  <div class='ocr_page' id='page_1' title='image "/cluster/home/n/w/nwhite01/storage/ocr_20150623/83/hvd.32044015469448/606.png"; bbox 0 0 4086 6350; ppageno 0'>
   <div class='ocr_carea' id='block_1_1' title="bbox 511 482 3682 504">
    <p class='ocr_par' dir='ltr' id='par_1_1' title="bbox 511 482 3682 504">
     <span class='ocr_line' id='line_1_1' title="bbox 511 482 3682 504; baseline -0.001 -3"><span class='ocrx_word' id='word_1_1' title='bbox 511 482 3682 504; x_wconf 58' lang='lat' dir='ltr'><em>W</em></span> 
     </span>
    </p>
   </div>
   <div class='ocr_carea' id='block_1_2' title="bbox 1152 768 2968 828">
    <p class='ocr_par' dir='ltr' id='par_1_2' title="bbox 1152 768 2968 828">
     <span class='ocr_line' id='line_1_2' title="bbox 1152 768 2968 828; baseline -0.001 -3"><span class='ocrx_word' id='word_1_2' title='bbox 1152 768 1595 825; x_wconf 79' lang='lat' dir='ltr'><strong>EXHOBTATIO</strong></span> <span class='ocrx_word' id='word_1_3' title='bbox 1634 768 2097 827; x_wconf 73' lang='lat' dir='ltr'><strong>HUMILITATIS.</strong></span> <span class='ocrx_word' id='word_1_4' title='bbox 2139 770 2231 826; x_wconf 78' lang='lat' dir='ltr'><strong>EX</strong></span> <span class='ocrx_word' id='word_1_5' title='bbox 2270 770 2590 828; x_wconf 83' lang='lat' dir='ltr'><strong>EDITIONE</strong></span> <span class='ocrx_word' id='word_1_6' title='bbox 2630 769 2968 827; x_wconf 82' lang='lat' dir='ltr'><strong>FLOREZII.</strong></span> 
     </span>
    </p>
   </div>
   <div class='ocr_carea' id='block_1_3' title="bbox 481 905 3691 979">
    <p class='ocr_par' dir='ltr' id='par_1_3' title="bbox 481 905 3691 979">
     <span class='ocr_line' id='line_1_3' title="bbox 481 905 3691 979; baseline 0.001 -17"><span class='ocrx_word' id='word_1_7' title='bbox 481 913 535 967; x_wconf 72' lang='lat' dir='ltr'><strong>l.</strong></span> <span class='ocrx_word' id='word_1_8' title='bbox 575 909 831 977; x_wconf 77' lang='lat' dir='ltr'><strong>Quisquis</strong></span> <span class='ocrx_word' id='word_1_9' title='bbox 871 917 1005 964; x_wconf 88' lang='lat' dir='ltr'><strong>nutu</strong></span> <span class='ocrx_word' id='word_1_10' title='bbox 1048 908 1142 961; x_wconf 90' lang='lat' dir='ltr'><strong>Dei</strong></span> <span class='ocrx_word' id='word_1_11' title='bbox 1185 907 1476 979; x_wconf 75' lang='lat' dir='ltr'><strong>cujuslibet</strong></span> <span class='ocrx_word' id='word_1_12' title='bbox 1524 907 1685 959; x_wconf 86' lang='lat' dir='ltr'><strong>ollicii</strong></span> <span class='ocrx_word' id='word_1_13' title='bbox 1736 905 1993 975; x_wconf 85' lang='lat' dir='ltr'><strong>dignitate</strong></span> <span class='ocrx_word' id='word_1_14' title='bbox 2022 912 2071 968; x_wconf 83' lang='grc' dir='ltr'>Α</span> <span class='ocrx_word' id='word_1_15' title='bbox 2099 924 2226 979; x_wconf 83' lang='lat' dir='ltr'><strong>ergo</strong></span> <span class='ocrx_word' id='word_1_16' title='bbox 2256 911 2473 976; x_wconf 76' lang='lat' dir='ltr'><strong>excole,</strong></span> <span class='ocrx_word' id='word_1_17' title='bbox 2508 910 2643 965; x_wconf 89' lang='lat' dir='ltr'><strong>hanc</strong></span> <span class='ocrx_word' id='word_1_18' title='bbox 2674 910 2983 979; x_wconf 77' lang='lat' dir='ltr'><strong>magistram</strong></span> <span class='ocrx_word' id='word_1_19' title='bbox 3015 907 3232 973; x_wconf 90' lang='lat' dir='ltr'><strong>habeto,</strong></span> <span class='ocrx_word' id='word_1_20' title='bbox 3276 907 3418 963; x_wconf 88' lang='lat' dir='ltr'><strong>hanc</strong></span> <span class='ocrx_word' id='word_1_21' title='bbox 3464 906 3559 962; x_wconf 90' lang='lat' dir='ltr'><strong>tibi</strong></span> <span class='ocrx_word' id='word_1_22' title='bbox 3605 909 3691 965; x_wconf 10' lang='lat' dir='ltr'><strong>invi</strong></span> 
     </span>
    </p>
   </div>
   <div class='ocr_carea' id='block_1_4' title="bbox 402 978 1994 1051">
    <p class='ocr_par' dir='ltr' id='par_1_4' title="bbox 402 978 1994 1051">
     <span class='ocr_line' id='line_1_4' title="bbox 402 978 1994 1051; baseline -0.003 -14"><span class='ocrx_word' id='word_1_23' title='bbox 402 984 690 1051; x_wconf 72' lang='lat' dir='ltr'><strong>prmliices,</strong></span> <span class='ocrx_word' id='word_1_24' title='bbox 723 982 809 1034; x_wconf 91' lang='lat' dir='ltr'><strong>hic</strong></span> <span class='ocrx_word' id='word_1_25' title='bbox 838 979 1072 1046; x_wconf 87' lang='lat' dir='ltr'><strong>providae</strong></span> <span class='ocrx_word' id='word_1_26' title='bbox 1098 978 1502 1051; x_wconf 78' lang='lat' dir='ltr'><strong>gubernationis</strong></span> <span class='ocrx_word' id='word_1_27' title='bbox 1530 979 1757 1051; x_wconf 81' lang='lat' dir='ltr'><strong>utilitate</strong></span> <span class='ocrx_word' id='word_1_28' title='bbox 1785 981 1994 1032; x_wconf 65' lang='lat' dir='ltr'><strong>Cﬂill&#39;l‘lS</strong></span> 
     </span>
    </p>
   </div>
   <div class='ocr_carea' id='block_1_5' title="bbox 410 1049 1993 1124">
    <p class='ocr_par' dir='ltr' id='par_1_5' title="bbox 410 1049 1993 1124">
     <span class='ocr_line' id='line_1_5' title="bbox 410 1049 1993 1124; baseline -0.003 -16"><span class='ocrx_word' id='word_1_29' title='bbox 410 1049 669 1124; x_wconf 66' lang='lat' dir='ltr'><strong>praecedis</strong></span> <span class='ocrx_word' id='word_1_30' title='bbox 713 1051 1049 1124; x_wconf 68' lang='lat' dir='ltr'><strong>humillimis,</strong></span> <span class='ocrx_word' id='word_1_31' title='bbox 1094 1050 1230 1124; x_wconf 79' lang='lat' dir='ltr'><strong>hanc</strong></span> <span class='ocrx_word' id='word_1_32' title='bbox 1274 1049 1788 1124; x_wconf 73' lang='lat' dir='ltr'><strong>exliortatiunculam</strong></span> <span class='ocrx_word' id='word_1_33' title='bbox 1819 1064 1993 1103; x_wconf 82' lang='lat' dir='ltr'><strong>meam</strong></span> 
     </span>
    </p>
   </div>
   <div class='ocr_carea' id='block_1_6' title="bbox 408 1120 1996 1203">
    <p class='ocr_par' dir='ltr' id='par_1_6' title="bbox 408 1120 1996 1203">
     <span class='ocr_line' id='line_1_6' title="bbox 408 1120 1996 1203; baseline -0.003 -24"><span class='ocrx_word' id='word_1_34' title='bbox 408 1120 693 1191; x_wconf 81' lang='lat' dir='ltr'><strong>diligenter</strong></span> <span class='ocrx_word' id='word_1_35' title='bbox 745 1121 878 1203; x_wconf 73' lang='lat' dir='ltr'><strong>[.4l.,</strong></span> <span class='ocrx_word' id='word_1_36' title='bbox 910 1120 1217 1193; x_wconf 76' lang='lat' dir='ltr'><strong>dignanter]</strong></span> <span class='ocrx_word' id='word_1_37' title='bbox 1245 1162 1277 1203; x_wconf 78' lang='lat'><strong>,_</strong></span> <span class='ocrx_word' id='word_1_38' title='bbox 1315 1136 1530 1189; x_wconf 70' lang='lat' dir='ltr'><strong>quaeso,</strong></span> <span class='ocrx_word' id='word_1_39' title='bbox 1583 1121 1841 1186; x_wconf 77' lang='lat' dir='ltr'><strong>recipias,</strong></span> <span class='ocrx_word' id='word_1_40' title='bbox 1897 1135 1996 1202; x_wconf 81' lang='lat' dir='ltr'><strong>nec</strong></span> 
     </span>
    </p>
   </div>
   <div class='ocr_carea' id='block_1_7' title="bbox 410 1191 1992 1264">
    <p class='ocr_par' dir='ltr' id='par_1_7' title="bbox 410 1191 1992 1264">
     <span class='ocr_line' id='line_1_7' title="bbox 410 1191 1992 1264; baseline -0.003 -16"><span class='ocrx_word' id='word_1_41' title='bbox 410 1208 699 1264; x_wconf 72' lang='lat' dir='ltr'><strong>ponipOsas</strong></span> <span class='ocrx_word' id='word_1_42' title='bbox 746 1191 805 1264; x_wconf 7' lang='lat' dir='ltr'><strong>in;</strong></span> <span class='ocrx_word' id='word_1_43' title='bbox 854 1208 919 1247; x_wconf 69' lang='lat' dir='ltr'><strong>ea</strong></span> <span class='ocrx_word' id='word_1_44' title='bbox 965 1191 1814 1264; x_wconf 29' lang='lat' dir='ltr'><strong>spumas’rhetoruinquaeras,</strong></span> <span class='ocrx_word' id='word_1_45' title='bbox 1869 1191 1992 1258; x_wconf 84' lang='lat' dir='ltr'><strong>quia</strong></span> 
     </span>
    </p>
   </div>
   <div class='ocr_carea' id='block_1_8' title="bbox 412 1262 1994 1322">
    <p class='ocr_par' dir='ltr' id='par_1_8' title="bbox 412 1262 1994 1322">
     <span class='ocr_line' id='line_1_8' title="bbox 412 1262 1994 1322; baseline -0.004 -1"><span class='ocrx_word' id='word_1_46' title='bbox 412 1262 729 1321; x_wconf 73' lang='lat' dir='ltr'><strong>humilitatis</strong></span> <span class='ocrx_word' id='word_1_47' title='bbox 758 1262 930 1318; x_wconf 87' lang='lat' dir='ltr'><strong>virtus</strong></span> <span class='ocrx_word' id='word_1_48' title='bbox 962 1279 1066 1317; x_wconf 90' lang='lat' dir='ltr'><strong>non</strong></span> <span class='ocrx_word' id='word_1_49' title='bbox 1098 1264 1385 1318; x_wconf 78' lang='lat' dir='ltr'><strong>verborum</strong></span> <span class='ocrx_word' id='word_1_50' title='bbox 1419 1262 1681 1322; x_wconf 84' lang='lat' dir='ltr'><strong>elatione,</strong></span> <span class='ocrx_word' id='word_1_51' title='bbox 1712 1262 1804 1315; x_wconf 89' lang='lat' dir='ltr'><strong>sed</strong></span> <span class='ocrx_word' id='word_1_52' title='bbox 1840 1278 1994 1315; x_wconf 58' lang='lat' dir='ltr'><strong>men-</strong></span> 
     </span>
    </p>
   </div>
   <div class='ocr_carea' id='block_1_9' title="bbox 410 1332 1992 1402">
    <p class='ocr_par' dir='ltr' id='par_1_9' title="bbox 410 1332 1992 1402">
     <span class='ocr_line' id='line_1_9' title="bbox 410 1332 1992 1402; baseline -0.003 -10"><span class='ocrx_word' id='word_1_53' title='bbox 410 1340 478 1392; x_wconf 76' lang='lat' dir='ltr'><strong>tis</strong></span> <span class='ocrx_word' id='word_1_54' title='bbox 531 1336 761 1402; x_wconf 87' lang='lat' dir='ltr'><strong>puritate</strong></span> <span class='ocrx_word' id='word_1_55' title='bbox 814 1336 1120 1397; x_wconf 60' lang='lat' dir='ltr'><strong>requiritur.</strong></span> <span class='ocrx_word' id='word_1_56' title='bbox 1181 1336 1250 1388; x_wconf 86' lang='lat' dir='ltr'><strong>Et</strong></span> <span class='ocrx_word' id='word_1_57' title='bbox 1290 1337 1334 1388; x_wconf 89' lang='lat' dir='ltr'><strong>si</strong></span> <span class='ocrx_word' id='word_1_58' title='bbox 1381 1334 1521 1388; x_wconf 82' lang='lat' dir='ltr'><strong>forte</strong></span> <span class='ocrx_word' id='word_1_59' title='bbox 1562 1333 1747 1387; x_wconf 64' lang='lat' dir='ltr'><strong>durius</strong></span> <span class='ocrx_word' id='word_1_60' title='bbox 1778 1332 1992 1402; x_wconf 7' lang='lat' dir='ltr'><strong>aliquod</strong></span> 
     </span>
    </p>
   </div>
   <div class='ocr_carea' id='block_1_10' title="bbox 410 1405 1989 1474">
    <p class='ocr_par' dir='ltr' id='par_1_10' title="bbox 410 1405 1989 1474">
     <span class='ocr_line' id='line_1_10' title="bbox 410 1405 1989 1474; baseline -0.001 -13"><span class='ocrx_word' id='word_1_61' title='bbox 410 1409 608 1461; x_wconf 79' lang='lat' dir='ltr'><strong>videor</strong></span> <span class='ocrx_word' id='word_1_62' title='bbox 661 1406 838 1474; x_wconf 81' lang='lat' dir='ltr'><strong>loqui,</strong></span> <span class='ocrx_word' id='word_1_63' title='bbox 891 1407 1132 1459; x_wconf 90' lang='lat' dir='ltr'><strong>veritatis</strong></span> <span class='ocrx_word' id='word_1_64' title='bbox 1185 1406 1300 1459; x_wconf 73' lang='lat' dir='ltr'><strong>Iure</strong></span> <span class='ocrx_word' id='word_1_65' title='bbox 1351 1405 1541 1474; x_wconf 89' lang='lat' dir='ltr'><strong>culpa,</strong></span> <span class='ocrx_word' id='word_1_66' title='bbox 1589 1419 1696 1457; x_wconf 90' lang='lat' dir='ltr'><strong>non</strong></span> <span class='ocrx_word' id='word_1_67' title='bbox 1738 1418 1852 1457; x_wconf 89' lang='lat' dir='ltr'><strong>mea</strong></span> <span class='ocrx_word' id='word_1_68' title='bbox 1885 1412 1989 1460; x_wconf 86' lang='lat' dir='ltr'><strong>est.</strong></span> 
     </span>
    </p>
   </div>
   <div class='ocr_carea' id='block_1_11' title="bbox 405 1476 1991 1545">
    <p class='ocr_par' dir='ltr' id='par_1_11' title="bbox 405 1476 1991 1545">
     <span class='ocr_line' id='line_1_11' title="bbox 405 1476 1991 1545; baseline -0.003 -11"><span class='ocrx_word' id='word_1_69' title='bbox 405 1480 546 1534; x_wconf 68' lang='lat' dir='ltr'><strong>{Nam</strong></span> <span class='ocrx_word' id='word_1_70' title='bbox 583 1478 702 1532; x_wconf 84' lang='lat' dir='ltr'><strong>ideo</strong></span> <span class='ocrx_word' id='word_1_71' title='bbox 731 1477 974 1542; x_wconf 72' lang='lat' dir='ltr'><strong>quietiam</strong></span> <span class='ocrx_word' id='word_1_72' title='bbox 1008 1478 1139 1530; x_wconf 84' lang='lat' dir='ltr'><strong>dura</strong></span> <span class='ocrx_word' id='word_1_73' title='bbox 1173 1486 1330 1541; x_wconf 89' lang='lat' dir='ltr'><strong>sunt,</strong></span> <span class='ocrx_word' id='word_1_74' title='bbox 1363 1476 1608 1545; x_wconf 70' lang='lat' dir='ltr'><strong>quietiam</strong></span> <span class='ocrx_word' id='word_1_75' title='bbox 1650 1476 1775 1528; x_wconf 89' lang='lat' dir='ltr'><strong>moll</strong></span> <span class='ocrx_word' id='word_1_76' title='bbox 1803 1491 1864 1539; x_wconf 91' lang='lat' dir='ltr'><strong>a,</strong></span> <span class='ocrx_word' id='word_1_77' title='bbox 1898 1476 1991 1529; x_wconf 89' lang='lat' dir='ltr'><strong>sed</strong></span> 
     </span>
    </p>
   </div>
   <div class='ocr_carea' id='block_1_12' title="bbox 403 1545 1992 1616">
    <p class='ocr_par' dir='ltr' id='par_1_12' title="bbox 403 1545 1992 1616">
     <span class='ocr_line' id='line_1_12' title="bbox 403 1545 1992 1616; baseline -0.003 -12"><span class='ocrx_word' id='word_1_78' title='bbox 403 1563 463 1604; x_wconf 81' lang='lat' dir='ltr'><strong>et</strong></span> <span class='ocrx_word' id='word_1_79' title='bbox 494 1548 738 1616; x_wconf 81' lang='lat' dir='ltr'><strong>quamvis</strong></span> <span class='ocrx_word' id='word_1_80' title='bbox 768 1552 1083 1603; x_wconf 89' lang='lat' dir='ltr'><strong>alterutrum</strong></span> <span class='ocrx_word' id='word_1_81' title='bbox 1114 1547 1220 1602; x_wconf 84' lang='lat' dir='ltr'><strong>sibi</strong></span> <span class='ocrx_word' id='word_1_82' title='bbox 1251 1563 1437 1601; x_wconf 79' lang='lat' dir='ltr'><strong>omnes</strong></span> <span class='ocrx_word' id='word_1_83' title='bbox 1478 1545 1722 1616; x_wconf 85' lang='lat' dir='ltr'><strong>homines</strong></span> <span class='ocrx_word' id='word_1_84' title='bbox 1761 1545 1992 1599; x_wconf 84' lang='lat' dir='ltr'><strong>debeant</strong></span> 
     </span>
    </p>
   </div>
   <div class='ocr_carea' id='block_1_13' title="bbox 413 1615 1994 1685">
    <p class='ocr_par' dir='ltr' id='par_1_13' title="bbox 413 1615 1994 1685">
     <span class='ocr_line' id='line_1_13' title="bbox 413 1615 1994 1685; baseline -0.003 -12"><span class='ocrx_word' id='word_1_85' title='bbox 413 1615 721 1683; x_wconf 76' lang='lat' dir='ltr'><strong>veritatem,</strong></span> <span class='ocrx_word' id='word_1_86' title='bbox 756 1619 928 1673; x_wconf 86' lang='lat' dir='ltr'><strong>libere</strong></span> <span class='ocrx_word' id='word_1_87' title='bbox 977 1628 1152 1672; x_wconf 80' lang='lat' dir='ltr'><strong>tamen</strong></span> <span class='ocrx_word' id='word_1_88' title='bbox 1207 1618 1411 1685; x_wconf 89' lang='lat' dir='ltr'><strong>loquar,</strong></span> <span class='ocrx_word' id='word_1_89' title='bbox 1447 1615 1646 1672; x_wconf 86' lang='lat' dir='ltr'><strong>nemini</strong></span> <span class='ocrx_word' id='word_1_90' title='bbox 1700 1617 1876 1670; x_wconf 85' lang='lat' dir='ltr'><strong>verius</strong></span> <span class='ocrx_word' id='word_1_91' title='bbox 1905 1615 1994 1669; x_wconf 89' lang='lat' dir='ltr'><strong>de-</strong></span> 
     </span>
    </p>
   </div>
   <div class='ocr_carea' id='block_1_14' title="bbox 413 1687 1989 1758">
    <p class='ocr_par' dir='ltr' id='par_1_14' title="bbox 413 1687 1989 1758">
     <span class='ocr_line' id='line_1_14' title="bbox 413 1687 1989 1758; baseline -0.004 -13"><span class='ocrx_word' id='word_1_92' title='bbox 413 1692 540 1745; x_wconf 83' lang='lat' dir='ltr'><strong>bere</strong></span> <span class='ocrx_word' id='word_1_93' title='bbox 579 1690 779 1758; x_wconf 76' lang='lat' dir='ltr'><strong>aliquiil</strong></span> <span class='ocrx_word' id='word_1_94' title='bbox 812 1690 915 1743; x_wconf 86' lang='lat' dir='ltr'><strong>dici</strong></span> <span class='ocrx_word' id='word_1_95' title='bbox 947 1706 1105 1756; x_wconf 84' lang='lat' dir='ltr'><strong>quam</strong></span> <span class='ocrx_word' id='word_1_96' title='bbox 1147 1689 1195 1743; x_wconf 87' lang='lat' dir='ltr'><strong>ei</strong></span> <span class='ocrx_word' id='word_1_97' title='bbox 1236 1688 1325 1755; x_wconf 86' lang='lat' dir='ltr'><strong>qui</strong></span> <span class='ocrx_word' id='word_1_98' title='bbox 1367 1691 1614 1753; x_wconf 66' lang='lat' dir='ltr'><strong>praesidet</strong></span> <span class='ocrx_word' id='word_1_99' title='bbox 1652 1688 1851 1741; x_wconf 89' lang='lat' dir='ltr'><strong>multis.</strong></span> <span class='ocrx_word' id='word_1_100' title='bbox 1896 1687 1989 1740; x_wconf 80' lang='lat' dir='ltr'><strong>Cui</strong></span> 
     </span>
    </p>
   </div>
   <div class='ocr_carea' id='block_1_15' title="bbox 406 1761 1988 1829">
    <p class='ocr_par' dir='ltr' id='par_1_15' title="bbox 406 1761 1988 1829">
     <span class='ocr_line' id='line_1_15' title="bbox 406 1761 1988 1829; baseline -0.003 -13"><span class='ocrx_word' id='word_1_101' title='bbox 406 1764 510 1817; x_wconf 84' lang='lat' dir='ltr'><strong>etsi</strong></span> <span class='ocrx_word' id='word_1_102' title='bbox 543 1776 792 1829; x_wconf 69' lang='lat' dir='ltr'><strong>asperum</strong></span> <span class='ocrx_word' id='word_1_103' title='bbox 823 1761 1021 1826; x_wconf 87' lang='lat' dir='ltr'><strong>aliquid</strong></span> <span class='ocrx_word' id='word_1_104' title='bbox 1053 1776 1119 1814; x_wconf 80' lang='lat' dir='ltr'><strong>ex</strong></span> <span class='ocrx_word' id='word_1_105' title='bbox 1150 1762 1375 1814; x_wconf 83' lang='lat' dir='ltr'><strong>veritate</strong></span> <span class='ocrx_word' id='word_1_106' title='bbox 1409 1761 1717 1827; x_wconf 74' lang='lat' dir='ltr'><strong>aliquando,</strong></span> <span class='ocrx_word' id='word_1_107' title='bbox 1754 1770 1805 1811; x_wconf 90' lang='lat' dir='ltr'><strong>ut</strong></span> <span class='ocrx_word' id='word_1_108' title='bbox 1839 1772 1988 1811; x_wconf 86' lang='lat' dir='ltr'><strong>asso-</strong></span> 
     </span>
    </p>
   </div>
   <div class='ocr_carea' id='block_1_16' title="bbox 413 1829 1990 1899">
    <p class='ocr_par' dir='ltr' id='par_1_16' title="bbox 413 1829 1990 1899">
     <span class='ocr_line' id='line_1_16' title="bbox 413 1829 1990 1899; baseline -0.003 -13"><span class='ocrx_word' id='word_1_109' title='bbox 413 1833 518 1897; x_wconf 85' lang='lat' dir='ltr'><strong>let,</strong></span> <span class='ocrx_word' id='word_1_110' title='bbox 558 1834 838 1894; x_wconf 78' lang='lat' dir='ltr'><strong>olleratur,</strong></span> <span class='ocrx_word' id='word_1_111' title='bbox 884 1832 1027 1884; x_wconf 88' lang='lat' dir='ltr'><strong>velut</strong></span> <span class='ocrx_word' id='word_1_112' title='bbox 1067 1831 1367 1884; x_wconf 87' lang='lat' dir='ltr'><strong>antidotum</strong></span> <span class='ocrx_word' id='word_1_113' title='bbox 1408 1830 1706 1899; x_wconf 86' lang='lat' dir='ltr'><strong>quoddam,</strong></span> <span class='ocrx_word' id='word_1_114' title='bbox 1749 1829 1990 1898; x_wconf 83' lang='lat' dir='ltr'><strong>quamvis</strong></span> 
     </span>
    </p>
   </div>
   <div class='ocr_carea' id='block_1_17' title="bbox 414 1900 1986 1970">
    <p class='ocr_par' dir='ltr' id='par_1_17' title="bbox 414 1900 1986 1970">
     <span class='ocr_line' id='line_1_17' title="bbox 414 1900 1986 1970; baseline -0.002 -16"><span class='ocrx_word' id='word_1_115' title='bbox 414 1904 553 1959; x_wconf 75' lang='lat' dir='ltr'><strong>forte</strong></span> <span class='ocrx_word' id='word_1_116' title='bbox 581 1904 680 1965; x_wconf 89' lang='lat' dir='ltr'><strong>sit,</strong></span> <span class='ocrx_word' id='word_1_117' title='bbox 715 1912 890 1955; x_wconf 88' lang='lat' dir='ltr'><strong>tamen</strong></span> <span class='ocrx_word' id='word_1_118' title='bbox 918 1902 1035 1970; x_wconf 81' lang='lat' dir='ltr'><strong>quia</strong></span> <span class='ocrx_word' id='word_1_119' title='bbox 1069 1900 1398 1955; x_wconf 74' lang='lat' dir='ltr'><strong>salutiferam</strong></span> <span class='ocrx_word' id='word_1_120' title='bbox 1429 1911 1544 1965; x_wconf 89' lang='lat' dir='ltr'><strong>est,</strong></span> <span class='ocrx_word' id='word_1_121' title='bbox 1575 1912 1733 1954; x_wconf 89' lang='lat' dir='ltr'><strong>etiam</strong></span> <span class='ocrx_word' id='word_1_122' title='bbox 1764 1901 1806 1951; x_wconf 89' lang='lat' dir='ltr'><strong>si</strong></span> <span class='ocrx_word' id='word_1_123' title='bbox 1838 1914 1986 1970; x_wconf 85' lang='lat' dir='ltr'><strong>ania-</strong></span> 
     </span>
    </p>
   </div>
   <div class='ocr_carea' id='block_1_18' title="bbox 406 1968 1984 2044">
    <p class='ocr_par' dir='ltr' id='par_1_18' title="bbox 406 1968 1984 2044">
     <span class='ocr_line' id='line_1_18' title="bbox 406 1968 1984 2044; baseline -0.006 -14"><span class='ocrx_word' id='word_1_124' title='bbox 406 1976 577 2040; x_wconf 62' lang='lat' dir='ltr'><strong>licet,</strong></span> <span class='ocrx_word' id='word_1_125' title='bbox 612 1974 894 2029; x_wconf 83' lang='lat' dir='ltr'><strong>bibendum</strong></span> <span class='ocrx_word' id='word_1_126' title='bbox 926 1968 1013 2027; x_wconf 79' lang='lat' dir='ltr'><strong>est</strong></span> <span class='ocrx_word' id='word_1_127' title='bbox 1044 1972 1204 2044; x_wconf 85' lang='lat' dir='ltr'><strong>(Vide</strong></span> <span class='ocrx_word' id='word_1_128' title='bbox 1237 1972 1548 2034; x_wconf 76' lang='lat' dir='ltr'><strong>lsidort&#39;aria,</strong></span> <span class='ocrx_word' id='word_1_129' title='bbox 1578 1988 1623 2024; x_wconf 88' lang='lat' dir='ltr'><strong>c.</strong></span> <span class='ocrx_word' id='word_1_130' title='bbox 1656 1972 1841 2044; x_wconf 68' lang='lat' dir='ltr'><strong>84,_u.</strong></span> <span class='ocrx_word' id='word_1_131' title='bbox 1874 1968 1984 2036; x_wconf 68' lang='lat' dir='ltr'><strong>iii).</strong></span> 
     </span>
    </p>
   </div>
   <div class='ocr_carea' id='block_1_19' title="bbox 484 2040 1989 2113">
    <p class='ocr_par' dir='ltr' id='par_1_19' title="bbox 484 2040 1989 2113">
     <span class='ocr_line' id='line_1_19' title="bbox 484 2040 1989 2113; baseline -0.003 -16"><span class='ocrx_word' id='word_1_132' title='bbox 484 2046 539 2097; x_wconf 70' lang='lat'><strong>2.</strong></span> <span class='ocrx_word' id='word_1_133' title='bbox 585 2045 695 2098; x_wconf 84' lang='lat' dir='ltr'><strong>Hoc</strong></span> <span class='ocrx_word' id='word_1_134' title='bbox 723 2060 850 2113; x_wconf 86' lang='lat' dir='ltr'><strong>eigo</strong></span> <span class='ocrx_word' id='word_1_135' title='bbox 879 2040 1062 2097; x_wconf 82' lang='lat' dir='ltr'><strong>hortor</strong></span> <span class='ocrx_word' id='word_1_136' title='bbox 1091 2047 1141 2097; x_wconf 90' lang='lat' dir='ltr'><strong>in</strong></span> <span class='ocrx_word' id='word_1_137' title='bbox 1176 2046 1393 2112; x_wconf 67' lang='lat' dir='ltr'><strong>primis,</strong></span> <span class='ocrx_word' id='word_1_138' title='bbox 1430 2053 1487 2096; x_wconf 89' lang='lat' dir='ltr'><strong>ut</strong></span> <span class='ocrx_word' id='word_1_139' title='bbox 1515 2057 1727 2110; x_wconf 81' lang='lat' dir='ltr'><strong>semper</strong></span> <span class='ocrx_word' id='word_1_140' title='bbox 1756 2040 1989 2094; x_wconf 82' lang='lat' dir='ltr'><strong>deleCia-</strong></span> 
     </span>
    </p>
   </div>
   <div class='ocr_carea' id='block_1_20' title="bbox 407 2113 1983 2181">
    <p class='ocr_par' dir='ltr' id='par_1_20' title="bbox 407 2113 1983 2181">
     <span class='ocr_line' id='line_1_20' title="bbox 407 2113 1983 2181; baseline -0.003 -12"><span class='ocrx_word' id='word_1_141' title='bbox 407 2116 541 2170; x_wconf 79' lang='lat' dir='ltr'><strong>&#39;bilia</strong></span> <span class='ocrx_word' id='word_1_142' title='bbox 595 2115 682 2168; x_wconf 87' lang='lat' dir='ltr'><strong>illa</strong></span> <span class='ocrx_word' id='word_1_143' title='bbox 739 2115 896 2167; x_wconf 88' lang='lat' dir='ltr'><strong>nimis</strong></span> <span class='ocrx_word' id='word_1_144' title='bbox 944 2114 1216 2167; x_wconf 87' lang='lat' dir='ltr'><strong>hominum</strong></span> <span class='ocrx_word' id='word_1_145' title='bbox 1268 2113 1629 2167; x_wconf 87' lang='lat' dir='ltr'><strong>blandimenta</strong></span> <span class='ocrx_word' id='word_1_146' title='bbox 1677 2114 1983 2181; x_wconf 78' lang='lat' dir='ltr'><strong>pcttiineas.</strong></span> 
     </span>
    </p>
   </div>
   <div class='ocr_carea' id='block_1_21' title="bbox 410 2180 1985 2251">
    <p class='ocr_par' dir='ltr' id='par_1_21' title="bbox 410 2180 1985 2251">
     <span class='ocr_line' id='line_1_21' title="bbox 410 2180 1985 2251; baseline -0.003 -11"><span class='ocrx_word' id='word_1_147' title='bbox 410 2188 533 2240; x_wconf 69' lang='lat' dir='ltr'><strong>Non</strong></span> <span class='ocrx_word' id='word_1_148' title='bbox 573 2186 714 2238; x_wconf 90' lang='lat' dir='ltr'><strong>enim</strong></span> <span class='ocrx_word' id='word_1_149' title='bbox 758 2186 808 2238; x_wconf 93' lang='lat' dir='ltr'><strong>in</strong></span> <span class='ocrx_word' id='word_1_150' title='bbox 850 2185 949 2238; x_wconf 87' lang='lat' dir='ltr'><strong>hac</strong></span> <span class='ocrx_word' id='word_1_151' title='bbox 989 2200 1046 2239; x_wconf 89' lang='lat' dir='ltr'><strong>re</strong></span> <span class='ocrx_word' id='word_1_152' title='bbox 1086 2194 1231 2238; x_wconf 89' lang='lat' dir='ltr'><strong>tanta</strong></span> <span class='ocrx_word' id='word_1_153' title='bbox 1273 2184 1562 2251; x_wconf 60' lang='lat' dir='ltr'><strong>vigilantiae</strong></span> <span class='ocrx_word' id='word_1_154' title='bbox 1594 2180 1854 2237; x_wconf 86' lang='lat' dir='ltr'><strong>industria</strong></span> <span class='ocrx_word' id='word_1_155' title='bbox 1885 2180 1985 2235; x_wconf 83' lang='lat' dir='ltr'><strong>ad-</strong></span> 
     </span>
    </p>
   </div>
   <div class='ocr_carea' id='block_1_22' title="bbox 417 2254 1986 2323">
    <p class='ocr_par' dir='ltr' id='par_1_22' title="bbox 417 2254 1986 2323">
     <span class='ocr_line' id='line_1_22' title="bbox 417 2254 1986 2323; baseline -0.003 -13"><span class='ocrx_word' id='word_1_156' title='bbox 417 2256 647 2311; x_wconf 87' lang='lat' dir='ltr'><strong>hibenda</strong></span> <span class='ocrx_word' id='word_1_157' title='bbox 679 2266 788 2320; x_wconf 88' lang='lat' dir='ltr'><strong>est,</strong></span> <span class='ocrx_word' id='word_1_158' title='bbox 822 2266 1075 2323; x_wconf 83' lang='lat' dir='ltr'><strong>quantum</strong></span> <span class='ocrx_word' id='word_1_159' title='bbox 1110 2257 1163 2309; x_wconf 92' lang='lat' dir='ltr'><strong>in</strong></span> <span class='ocrx_word' id='word_1_160' title='bbox 1195 2256 1298 2309; x_wconf 87' lang='lat' dir='ltr'><strong>illis</strong></span> <span class='ocrx_word' id='word_1_161' title='bbox 1326 2255 1664 2309; x_wconf 89' lang='lat' dir='ltr'><strong>sermonibus</strong></span> <span class='ocrx_word' id='word_1_162' title='bbox 1719 2254 1986 2322; x_wconf 86' lang='lat' dir='ltr'><strong>repellen-</strong></span> 
     </span>
    </p>
   </div>
   <div class='ocr_carea' id='block_1_23' title="bbox 419 2326 1989 2397">
    <p class='ocr_par' dir='ltr' id='par_1_23' title="bbox 419 2326 1989 2397">
     <span class='ocr_line' id='line_1_23' title="bbox 419 2326 1989 2397; baseline -0.003 -16"><span class='ocrx_word' id='word_1_163' title='bbox 419 2328 532 2391; x_wconf 90' lang='lat' dir='ltr'><strong>tlis,</strong></span> <span class='ocrx_word' id='word_1_164' title='bbox 565 2327 655 2395; x_wconf 86' lang='lat' dir='ltr'><strong>qui</strong></span> <span class='ocrx_word' id='word_1_165' title='bbox 686 2329 727 2378; x_wconf 88' lang='lat' dir='ltr'><strong>si</strong></span> <span class='ocrx_word' id='word_1_166' title='bbox 761 2328 924 2397; x_wconf 73' lang='lat'><strong>288</strong></span> <span class='ocrx_word' id='word_1_167' title='bbox 955 2328 1271 2396; x_wconf 75' lang='lat' dir='ltr'><strong>rigiditatem</strong></span> <span class='ocrx_word' id='word_1_168' title='bbox 1304 2327 1467 2379; x_wconf 88' lang='lat' dir='ltr'><strong>animi</strong></span> <span class='ocrx_word' id='word_1_169' title='bbox 1501 2328 1724 2392; x_wconf 86' lang='lat' dir='ltr'><strong>quadam</strong></span> <span class='ocrx_word' id='word_1_170' title='bbox 1774 2326 1989 2379; x_wconf 87' lang='lat' dir='ltr'><strong>simula-</strong></span> 
     </span>
    </p>
   </div>
   <div class='ocr_carea' id='block_1_24' title="bbox 418 2396 1995 2466">
    <p class='ocr_par' dir='ltr' id='par_1_24' title="bbox 418 2396 1995 2466">
     <span class='ocr_line' id='line_1_24' title="bbox 418 2396 1995 2466; baseline -0.001 -14"><span class='ocrx_word' id='word_1_171' title='bbox 418 2396 622 2452; x_wconf 84' lang='lat' dir='ltr'><strong>tionum</strong></span> <span class='ocrx_word' id='word_1_172' title='bbox 671 2396 1024 2452; x_wconf 60' lang='lat' dir='ltr'><strong>deleciaiioiie</strong></span> <span class='ocrx_word' id='word_1_173' title='bbox 1074 2400 1437 2460; x_wconf 83' lang='lat' dir='ltr'><strong>sulinervaiit,</strong></span> <span class='ocrx_word' id='word_1_174' title='bbox 1489 2399 1579 2466; x_wconf 87' lang='lat' dir='ltr'><strong>qui</strong></span> <span class='ocrx_word' id='word_1_175' title='bbox 1628 2398 1995 2465; x_wconf 60' lang='lat' dir='ltr'><strong>promerendae</strong></span> 
     </span>
    </p>
   </div>
   <div class='ocr_carea' id='block_1_25' title="bbox 417 2468 1992 2538">
    <p class='ocr_par' dir='ltr' id='par_1_25' title="bbox 417 2468 1992 2538">
     <span class='ocr_line' id='line_1_25' title="bbox 417 2468 1992 2538; baseline -0.001 -17"><span class='ocrx_word' id='word_1_176' title='bbox 417 2472 605 2538; x_wconf 73' lang='lat' dir='ltr'><strong>gratia:</strong></span> <span class='ocrx_word' id='word_1_177' title='bbox 631 2469 804 2521; x_wconf 87' lang='lat' dir='ltr'><strong>aditus</strong></span> <span class='ocrx_word' id='word_1_178' title='bbox 830 2509 843 2532; x_wconf 94' lang='lat'><strong>,</strong></span> <span class='ocrx_word' id='word_1_179' title='bbox 877 2486 980 2521; x_wconf 90' lang='lat' dir='ltr'><strong>non</strong></span> <span class='ocrx_word' id='word_1_180' title='bbox 1016 2470 1251 2522; x_wconf 89' lang='lat' dir='ltr'><strong>laborum</strong></span> <span class='ocrx_word' id='word_1_181' title='bbox 1286 2468 1476 2523; x_wconf 89' lang='lat' dir='ltr'><strong>merito</strong></span> <span class='ocrx_word' id='word_1_182' title='bbox 1499 2509 1515 2535; x_wconf 88' lang='lat'><strong>,</strong></span> <span class='ocrx_word' id='word_1_183' title='bbox 1548 2471 1640 2522; x_wconf 89' lang='lat' dir='ltr'><strong>sed</strong></span> <span class='ocrx_word' id='word_1_184' title='bbox 1672 2470 1992 2522; x_wconf 84' lang='lat' dir='ltr'><strong>assentatio-</strong></span> 
     </span>
    </p>
   </div>
   <div class='ocr_carea' id='block_1_26' title="bbox 419 2539 1992 2609">
    <p class='ocr_par' dir='ltr' id='par_1_26' title="bbox 419 2539 1992 2609">
     <span class='ocr_line' id='line_1_26' title="bbox 419 2539 1992 2609; baseline -0.002 -16"><span class='ocrx_word' id='word_1_185' title='bbox 419 2556 546 2594; x_wconf 89' lang='lat' dir='ltr'><strong>num</strong></span> <span class='ocrx_word' id='word_1_186' title='bbox 598 2540 821 2592; x_wconf 84' lang='lat' dir='ltr'><strong>rimatur</strong></span> <span class='ocrx_word' id='word_1_187' title='bbox 860 2540 1129 2594; x_wconf 79' lang='lat' dir='ltr'><strong>acumine.</strong></span> <span class='ocrx_word' id='word_1_188' title='bbox 1180 2539 1345 2595; x_wconf 85' lang='lat' dir='ltr'><strong>Utilia</strong></span> <span class='ocrx_word' id='word_1_189' title='bbox 1392 2556 1519 2609; x_wconf 81' lang='lat' dir='ltr'><strong>ergo</strong></span> <span class='ocrx_word' id='word_1_190' title='bbox 1571 2541 1782 2607; x_wconf 90' lang='lat' dir='ltr'><strong>potius,</strong></span> <span class='ocrx_word' id='word_1_191' title='bbox 1832 2553 1992 2607; x_wconf 88' lang='lat' dir='ltr'><strong>quam</strong></span> 
     </span>
    </p>
   </div>
   <div class='ocr_carea' id='block_1_27' title="bbox 418 2610 1995 2680">
    <p class='ocr_par' dir='ltr' id='par_1_27' title="bbox 418 2610 1995 2680">
     <span class='ocr_line' id='line_1_27' title="bbox 418 2610 1995 2680; baseline -0.002 -15"><span class='ocrx_word' id='word_1_192' title='bbox 418 2612 764 2679; x_wconf 84' lang='lat' dir='ltr'><strong>obsequentia</strong></span> <span class='ocrx_word' id='word_1_193' title='bbox 796 2611 958 2664; x_wconf 87' lang='lat' dir='ltr'><strong>verba</strong></span> <span class='ocrx_word' id='word_1_194' title='bbox 990 2612 1215 2676; x_wconf 77' lang='lat' dir='ltr'><strong>recipies</strong></span> <span class='ocrx_word' id='word_1_195' title='bbox 1235 2653 1249 2671; x_wconf 87' lang='lat'><strong><em>.</em></strong></span> <span class='ocrx_word' id='word_1_196' title='bbox 1286 2622 1433 2665; x_wconf 87' lang='lat' dir='ltr'><strong>recta</strong></span> <span class='ocrx_word' id='word_1_197' title='bbox 1464 2614 1631 2680; x_wconf 84' lang='lat' dir='ltr'><strong>magis</strong></span> <span class='ocrx_word' id='word_1_198' title='bbox 1669 2627 1824 2678; x_wconf 88' lang='lat' dir='ltr'><strong>quam</strong></span> <span class='ocrx_word' id='word_1_199' title='bbox 1867 2610 1995 2662; x_wconf 76' lang='lat' dir='ltr'><strong>alla-</strong></span> 
     </span>
    </p>
   </div>
   <div class='ocr_carea' id='block_1_28' title="bbox 418 2681 1994 2751">
    <p class='ocr_par' dir='ltr' id='par_1_28' title="bbox 418 2681 1994 2751">
     <span class='ocr_line' id='line_1_28' title="bbox 418 2681 1994 2751; baseline -0.003 -14"><span class='ocrx_word' id='word_1_200' title='bbox 418 2681 545 2737; x_wconf 84' lang='lat' dir='ltr'><strong>bilia</strong></span> <span class='ocrx_word' id='word_1_201' title='bbox 571 2690 626 2735; x_wconf 92' lang='lat' dir='ltr'><strong>et</strong></span> <span class='ocrx_word' id='word_1_202' title='bbox 651 2681 884 2748; x_wconf 81' lang='lat' dir='ltr'><strong>jucunda</strong></span> <span class='ocrx_word' id='word_1_203' title='bbox 915 2683 1171 2743; x_wconf 68' lang='lat' dir='ltr'><strong>«aptabis.</strong></span> <span class='ocrx_word' id='word_1_204' title='bbox 1214 2682 1464 2736; x_wconf 84' lang='lat' dir='ltr'><strong>Adolaiiti</strong></span> <span class='ocrx_word' id='word_1_205' title='bbox 1497 2683 1758 2751; x_wconf 77' lang='lat' dir='ltr'><strong>siquidem</strong></span> <span class='ocrx_word' id='word_1_206' title='bbox 1797 2681 1994 2750; x_wconf 80' lang='lat' dir='ltr'><strong>adgno-</strong></span> 
     </span>
    </p>
   </div>
   <div class='ocr_carea' id='block_1_29' title="bbox 417 2751 1995 2822">
    <p class='ocr_par' dir='ltr' id='par_1_29' title="bbox 417 2751 1995 2822">
     <span class='ocr_line' id='line_1_29' title="bbox 417 2751 1995 2822; baseline -0.001 -16"><span class='ocrx_word' id='word_1_207' title='bbox 417 2756 546 2807; x_wconf 78' lang='lat' dir='ltr'><strong>dere</strong></span> <span class='ocrx_word' id='word_1_208' title='bbox 575 2752 778 2822; x_wconf 83' lang='lat' dir='ltr'><strong>regium</strong></span> <span class='ocrx_word' id='word_1_209' title='bbox 814 2753 997 2807; x_wconf 89' lang='lat' dir='ltr'><strong>vi.ium</strong></span> <span class='ocrx_word' id='word_1_210' title='bbox 1030 2764 1132 2817; x_wconf 89' lang='lat' dir='ltr'><strong>est,</strong></span> <span class='ocrx_word' id='word_1_211' title='bbox 1157 2754 1360 2807; x_wconf 87' lang='lat' dir='ltr'><strong>adulari</strong></span> <span class='ocrx_word' id='word_1_212' title='bbox 1390 2769 1515 2806; x_wconf 83' lang='lat' dir='ltr'><strong>vero</strong></span> <span class='ocrx_word' id='word_1_213' title='bbox 1545 2754 1738 2807; x_wconf 89' lang='lat' dir='ltr'><strong>servile</strong></span> <span class='ocrx_word' id='word_1_214' title='bbox 1766 2751 1995 2820; x_wconf 36' lang='lat' dir='ltr'><strong>eatheil</strong></span> 
     </span>
    </p>
   </div>
   <div class='ocr_carea' id='block_1_30' title="bbox 336 2823 1993 2893">
    <p class='ocr_par' dir='ltr' id='par_1_30' title="bbox 336 2823 1993 2893">
     <span class='ocr_line' id='line_1_30' title="bbox 336 2823 1993 2893; baseline -0.002 -15"><span class='ocrx_word' id='word_1_215' title='bbox 336 2884 339 2885; x_wconf 22' lang='grc' dir='ltr'><em>ν</em></span> <span class='ocrx_word' id='word_1_216' title='bbox 416 2840 662 2893; x_wconf 82' lang='lat' dir='ltr'><strong>quainiis</strong></span> <span class='ocrx_word' id='word_1_217' title='bbox 691 2823 931 2877; x_wconf 88' lang='lat' dir='ltr'><strong>adulanti</strong></span> <span class='ocrx_word' id='word_1_218' title='bbox 962 2824 1261 2891; x_wconf 77' lang='lat' dir='ltr'><strong>adgaudere</strong></span> <span class='ocrx_word' id='word_1_219' title='bbox 1302 2824 1502 2892; x_wconf 89' lang='lat' dir='ltr'><strong>regium</strong></span> <span class='ocrx_word' id='word_1_220' title='bbox 1543 2830 1614 2877; x_wconf 86' lang='lat' dir='ltr'><strong>sit</strong></span> <span class='ocrx_word' id='word_1_221' title='bbox 1640 2866 1653 2885; x_wconf 84' lang='lat'><strong>,</strong></span> <span class='ocrx_word' id='word_1_222' title='bbox 1699 2834 1872 2876; x_wconf 89' lang='lat' dir='ltr'><strong>tamen</strong></span> <span class='ocrx_word' id='word_1_223' title='bbox 1914 2823 1993 2875; x_wconf 85' lang='lat' dir='ltr'><strong>vi-</strong></span> 
     </span>
    </p>
   </div>
   <div class='ocr_carea' id='block_1_31' title="bbox 414 2893 1995 2966">
    <p class='ocr_par' dir='ltr' id='par_1_31' title="bbox 414 2893 1995 2966">
     <span class='ocr_line' id='line_1_31' title="bbox 414 2893 1995 2966; baseline -0.001 -18"><span class='ocrx_word' id='word_1_224' title='bbox 414 2902 549 2948; x_wconf 75' lang='lat' dir='ltr'><strong>tium</strong></span> <span class='ocrx_word' id='word_1_225' title='bbox 584 2893 744 2965; x_wconf 84' lang='lat' dir='ltr'><strong>[Al.,</strong></span> <span class='ocrx_word' id='word_1_226' title='bbox 779 2894 1028 2949; x_wconf 85' lang='lat' dir='ltr'><strong>vitiorum</strong></span> <span class='ocrx_word' id='word_1_227' title='bbox 1058 2897 1073 2966; x_wconf 83' lang='lat' dir='ltr'><strong>j</strong></span> <span class='ocrx_word' id='word_1_228' title='bbox 1109 2910 1204 2949; x_wconf 89' lang='lat' dir='ltr'><strong>usu</strong></span> <span class='ocrx_word' id='word_1_229' title='bbox 1236 2898 1579 2949; x_wconf 85' lang='lat' dir='ltr'><strong>vernaculum</strong></span> <span class='ocrx_word' id='word_1_230' title='bbox 1622 2895 1723 2949; x_wconf 89' lang='lat' dir='ltr'><strong>hoc</strong></span> <span class='ocrx_word' id='word_1_231' title='bbox 1760 2903 1815 2946; x_wconf 87' lang='lat' dir='ltr'><strong>et</strong></span> <span class='ocrx_word' id='word_1_232' title='bbox 1843 2894 1995 2964; x_wconf 88' lang='lat' dir='ltr'><strong>quasi</strong></span> 
     </span>
    </p>
   </div>
   <div class='ocr_carea' id='block_1_32' title="bbox 416 2966 1996 3036">
    <p class='ocr_par' dir='ltr' id='par_1_32' title="bbox 416 2966 1996 3036">
     <span class='ocr_line' id='line_1_32' title="bbox 416 2966 1996 3036; baseline -0.003 -15"><span class='ocrx_word' id='word_1_233' title='bbox 416 2972 693 3036; x_wconf 82' lang='lat' dir='ltr'><strong>proprium</strong></span> <span class='ocrx_word' id='word_1_234' title='bbox 729 2982 921 3019; x_wconf 90' lang='lat' dir='ltr'><strong>muniis</strong></span> <span class='ocrx_word' id='word_1_235' title='bbox 952 2976 1072 3033; x_wconf 87' lang='lat' dir='ltr'><strong>est,</strong></span> <span class='ocrx_word' id='word_1_236' title='bbox 1107 2969 1320 3034; x_wconf 77' lang='lat' dir='ltr'><strong>egregie</strong></span> <span class='ocrx_word' id='word_1_237' title='bbox 1351 2968 1508 3019; x_wconf 87' lang='lat' dir='ltr'><strong>verba</strong></span> <span class='ocrx_word' id='word_1_238' title='bbox 1552 2976 1828 3032; x_wconf 81' lang='lat' dir='ltr'><strong>puteiilum</strong></span> <span class='ocrx_word' id='word_1_239' title='bbox 1868 2966 1996 3018; x_wconf 87' lang='lat' dir='ltr'><strong>sub-</strong></span> 
     </span>
    </p>
   </div>
   <div class='ocr_carea' id='block_1_33' title="bbox 416 3036 1999 3105">
    <p class='ocr_par' dir='ltr' id='par_1_33' title="bbox 416 3036 1999 3105">
     <span class='ocr_line' id='line_1_33' title="bbox 416 3036 1999 3105; baseline -0.002 -14"><span class='ocrx_word' id='word_1_240' title='bbox 416 3040 611 3105; x_wconf 89' lang='lat' dir='ltr'><strong>sequi,</strong></span> <span class='ocrx_word' id='word_1_241' title='bbox 654 3048 707 3090; x_wconf 84' lang='lat' dir='ltr'><strong>et</strong></span> <span class='ocrx_word' id='word_1_242' title='bbox 745 3054 809 3091; x_wconf 82' lang='lat' dir='ltr'><strong>ex</strong></span> <span class='ocrx_word' id='word_1_243' title='bbox 852 3037 1060 3090; x_wconf 79' lang='lat' dir='ltr'><strong>illatum</strong></span> <span class='ocrx_word' id='word_1_244' title='bbox 1103 3039 1465 3091; x_wconf 88' lang='lat' dir='ltr'><strong>voluntatibus</strong></span> <span class='ocrx_word' id='word_1_245' title='bbox 1505 3036 1736 3091; x_wconf 81' lang='lat' dir='ltr'><strong>formare</strong></span> <span class='ocrx_word' id='word_1_246' title='bbox 1790 3051 1999 3089; x_wconf 81' lang='lat' dir='ltr'><strong>sermo-</strong></span> 
     </span>
    </p>
   </div>
   <div class='ocr_carea' id='block_1_34' title="bbox 418 3107 1997 3176">
    <p class='ocr_par' dir='ltr' id='par_1_34' title="bbox 418 3107 1997 3176">
     <span class='ocr_line' id='line_1_34' title="bbox 418 3107 1997 3176; baseline 0 -16"><span class='ocrx_word' id='word_1_247' title='bbox 418 3115 563 3163; x_wconf 89' lang='lat' dir='ltr'><strong>tietti.</strong></span> <span class='ocrx_word' id='word_1_248' title='bbox 607 3108 734 3161; x_wconf 85' lang='lat' dir='ltr'><strong>Nam</strong></span> <span class='ocrx_word' id='word_1_249' title='bbox 775 3112 814 3160; x_wconf 88' lang='lat' dir='ltr'><strong>si</strong></span> <span class='ocrx_word' id='word_1_250' title='bbox 857 3108 983 3176; x_wconf 86' lang='lat' dir='ltr'><strong>quid</strong></span> <span class='ocrx_word' id='word_1_251' title='bbox 1025 3109 1158 3162; x_wconf 88' lang='lat' dir='ltr'><strong>lorte</strong></span> <span class='ocrx_word' id='word_1_252' title='bbox 1201 3108 1575 3173; x_wconf 85' lang='lat' dir='ltr'><strong>laudaverint,</strong></span> <span class='ocrx_word' id='word_1_253' title='bbox 1617 3117 1671 3162; x_wconf 87' lang='lat' dir='ltr'><strong>et</strong></span> <span class='ocrx_word' id='word_1_254' title='bbox 1711 3108 1758 3160; x_wconf 93' lang='lat' dir='ltr'><strong>id</strong></span> <span class='ocrx_word' id='word_1_255' title='bbox 1794 3121 1898 3161; x_wconf 90' lang='lat' dir='ltr'><strong>non</strong></span> <span class='ocrx_word' id='word_1_256' title='bbox 1933 3107 1997 3160; x_wconf 90' lang='lat' dir='ltr'><strong>li-</strong></span> 
     </span>
    </p>
   </div>
   <div class='ocr_carea' id='block_1_35' title="bbox 415 3178 1995 3249">
    <p class='ocr_par' dir='ltr' id='par_1_35' title="bbox 415 3178 1995 3249">
     <span class='ocr_line' id='line_1_35' title="bbox 415 3178 1995 3249; baseline -0.001 -17"><span class='ocrx_word' id='word_1_257' title='bbox 415 3179 605 3234; x_wconf 85' lang='lat' dir='ltr'><strong>benter</strong></span> <span class='ocrx_word' id='word_1_258' title='bbox 650 3179 821 3232; x_wconf 88' lang='lat' dir='ltr'><strong>audiri</strong></span> <span class='ocrx_word' id='word_1_259' title='bbox 869 3180 1278 3249; x_wconf 75' lang='lat' dir='ltr'><strong>prospexerint,</strong></span> <span class='ocrx_word' id='word_1_260' title='bbox 1324 3178 1579 3233; x_wconf 89' lang='lat' dir='ltr'><strong>continuo</strong></span> <span class='ocrx_word' id='word_1_261' title='bbox 1617 3187 1903 3249; x_wconf 75' lang='lat' dir='ltr'><strong>accusant,</strong></span> <span class='ocrx_word' id='word_1_262' title='bbox 1951 3180 1995 3232; x_wconf 91' lang='lat' dir='ltr'><strong>si</strong></span> 
     </span>
    </p>
   </div>
   <div class='ocr_carea' id='block_1_36' title="bbox 415 3247 1998 3321">
    <p class='ocr_par' dir='ltr' id='par_1_36' title="bbox 415 3247 1998 3321">
     <span class='ocr_line' id='line_1_36' title="bbox 415 3247 1998 3321; baseline -0.001 -19"><span class='ocrx_word' id='word_1_263' title='bbox 415 3253 540 3320; x_wconf 84' lang='lat' dir='ltr'><strong>quid</strong></span> <span class='ocrx_word' id='word_1_264' title='bbox 575 3252 729 3315; x_wconf 88' lang='lat' dir='ltr'><strong>paulo</strong></span> <span class='ocrx_word' id='word_1_265' title='bbox 759 3247 883 3303; x_wconf 79' lang='lat' dir='ltr'><strong>ante</strong></span> <span class='ocrx_word' id='word_1_266' title='bbox 916 3252 1263 3305; x_wconf 86' lang='lat' dir='ltr'><strong>laudaverunt</strong></span> <span class='ocrx_word' id='word_1_267' title='bbox 1292 3249 1307 3321; x_wconf 81' lang='lat'><strong>[</strong></span> <span class='ocrx_word' id='word_1_268' title='bbox 1332 3252 1414 3303; x_wconf 79' lang='lat' dir='ltr'><strong>Al.</strong></span> <span class='ocrx_word' id='word_1_269' title='bbox 1442 3292 1455 3312; x_wconf 92' lang='lat'><strong>,</strong></span> <span class='ocrx_word' id='word_1_270' title='bbox 1494 3252 1839 3304; x_wconf 82' lang='lat' dir='ltr'><strong>laudaveram</strong></span> <span class='ocrx_word' id='word_1_271' title='bbox 1865 3247 1907 3320; x_wconf 93' lang='lat'><strong>].</strong></span> <span class='ocrx_word' id='word_1_272' title='bbox 1939 3249 1998 3304; x_wconf 90' lang='lat' dir='ltr'><strong>Si</strong></span> 
     </span>
    </p>
   </div>
   <div class='ocr_carea' id='block_1_37' title="bbox 413 3320 1997 3389">
    <p class='ocr_par' dir='ltr' id='par_1_37' title="bbox 413 3320 1997 3389">
     <span class='ocr_line' id='line_1_37' title="bbox 413 3320 1997 3389; baseline 0.001 -17"><span class='ocrx_word' id='word_1_273' title='bbox 413 3322 545 3389; x_wconf 81' lang='lat' dir='ltr'><strong>quid</strong></span> <span class='ocrx_word' id='word_1_274' title='bbox 578 3336 704 3373; x_wconf 86' lang='lat' dir='ltr'><strong>vero</strong></span> <span class='ocrx_word' id='word_1_275' title='bbox 741 3322 1193 3388; x_wconf 75' lang='lat' dir='ltr'><strong>vitiiperiiverint,</strong></span> <span class='ocrx_word' id='word_1_276' title='bbox 1228 3321 1277 3373; x_wconf 89' lang='lat' dir='ltr'><strong>id</strong></span> <span class='ocrx_word' id='word_1_277' title='bbox 1312 3323 1531 3384; x_wconf 86' lang='lat' dir='ltr'><strong>iterum,</strong></span> <span class='ocrx_word' id='word_1_278' title='bbox 1564 3327 1606 3374; x_wconf 86' lang='lat' dir='ltr'><strong>si</strong></span> <span class='ocrx_word' id='word_1_279' title='bbox 1654 3320 1723 3374; x_wconf 87' lang='lat' dir='ltr'><strong>ita</strong></span> <span class='ocrx_word' id='word_1_280' title='bbox 1775 3332 1997 3386; x_wconf 89' lang='lat' dir='ltr'><strong>patrono</strong></span> 
     </span>
    </p>
   </div>
   <div class='ocr_carea' id='block_1_38' title="bbox 414 3390 1996 3459">
    <p class='ocr_par' dir='ltr' id='par_1_38' title="bbox 414 3390 1996 3459">
     <span class='ocr_line' id='line_1_38' title="bbox 414 3390 1996 3459; baseline -0.001 -15"><span class='ocrx_word' id='word_1_281' title='bbox 414 3392 588 3444; x_wconf 77' lang='lat' dir='ltr'><strong>visum</strong></span> <span class='ocrx_word' id='word_1_282' title='bbox 622 3390 809 3451; x_wconf 75' lang='lat' dir='ltr'><strong>fui-rit,</strong></span> <span class='ocrx_word' id='word_1_283' title='bbox 843 3392 1075 3444; x_wconf 85' lang='lat' dir='ltr'><strong>laudant.</strong></span> <span class='ocrx_word' id='word_1_284' title='bbox 1110 3394 1279 3459; x_wconf 85' lang='lat' dir='ltr'><strong>Atque</strong></span> <span class='ocrx_word' id='word_1_285' title='bbox 1310 3391 1380 3445; x_wconf 88' lang='lat' dir='ltr'><strong>ita</strong></span> <span class='ocrx_word' id='word_1_286' title='bbox 1412 3395 1550 3444; x_wconf 86' lang='lat' dir='ltr'><strong>inter</strong></span> <span class='ocrx_word' id='word_1_287' title='bbox 1581 3393 1676 3445; x_wconf 90' lang='lat' dir='ltr'><strong>hos</strong></span> <span class='ocrx_word' id='word_1_288' title='bbox 1706 3394 1836 3443; x_wconf 86' lang='lat' dir='ltr'><strong>tales</strong></span> <span class='ocrx_word' id='word_1_289' title='bbox 1863 3392 1996 3443; x_wconf 85' lang='lat' dir='ltr'><strong>adii-</strong></span> 
     </span>
    </p>
   </div>
   <div class='ocr_carea' id='block_1_39' title="bbox 416 3461 1996 3525">
    <p class='ocr_par' dir='ltr' id='par_1_39' title="bbox 416 3461 1996 3525">
     <span class='ocr_line' id='line_1_39' title="bbox 416 3461 1996 3525; baseline -0.003 -8"><span class='ocrx_word' id='word_1_290' title='bbox 416 3461 510 3517; x_wconf 80' lang='lat' dir='ltr'><strong>Iati</strong></span> <span class='ocrx_word' id='word_1_291' title='bbox 541 3477 750 3514; x_wconf 89' lang='lat' dir='ltr'><strong>animus</strong></span> <span class='ocrx_word' id='word_1_292' title='bbox 783 3462 968 3524; x_wconf 81' lang='lat' dir='ltr'><strong>l&#39;ertur,</strong></span> <span class='ocrx_word' id='word_1_293' title='bbox 1001 3470 1249 3525; x_wconf 88' lang='lat' dir='ltr'><strong>tanquam</strong></span> <span class='ocrx_word' id='word_1_294' title='bbox 1282 3463 1430 3515; x_wconf 81' lang='lat' dir='ltr'><strong>navis</strong></span> <span class='ocrx_word' id='word_1_295' title='bbox 1470 3462 1607 3515; x_wconf 89' lang='lat' dir='ltr'><strong>inter</strong></span> <span class='ocrx_word' id='word_1_296' title='bbox 1635 3476 1809 3514; x_wconf 86' lang='lat' dir='ltr'><strong>varios</strong></span> <span class='ocrx_word' id='word_1_297' title='bbox 1839 3476 1996 3515; x_wconf 73' lang='lat' dir='ltr'><strong>aura-</strong></span> 
     </span>
    </p>
   </div>
   <div class='ocr_carea' id='block_1_40' title="bbox 416 3533 1995 3601">
    <p class='ocr_par' dir='ltr' id='par_1_40' title="bbox 416 3533 1995 3601">
     <span class='ocr_line' id='line_1_40' title="bbox 416 3533 1995 3601; baseline 0.001 -16"><span class='ocrx_word' id='word_1_298' title='bbox 416 3534 539 3586; x_wconf 85' lang='lat' dir='ltr'><strong>r‘um</strong></span> <span class='ocrx_word' id='word_1_299' title='bbox 574 3535 729 3586; x_wconf 89' lang='lat' dir='ltr'><strong>llatus</strong></span> <span class='ocrx_word' id='word_1_300' title='bbox 749 3573 766 3601; x_wconf 90' lang='lat'><strong>,</strong></span> <span class='ocrx_word' id='word_1_301' title='bbox 797 3533 914 3600; x_wconf 82' lang='lat' dir='ltr'><strong>quia</strong></span> <span class='ocrx_word' id='word_1_302' title='bbox 945 3547 1049 3586; x_wconf 92' lang='lat' dir='ltr'><strong>noii</strong></span> <span class='ocrx_word' id='word_1_303' title='bbox 1081 3533 1238 3585; x_wconf 88' lang='lat' dir='ltr'><strong>habet</strong></span> <span class='ocrx_word' id='word_1_304' title='bbox 1265 3548 1371 3601; x_wconf 91' lang='lat' dir='ltr'><strong>quo</strong></span> <span class='ocrx_word' id='word_1_305' title='bbox 1396 3546 1550 3587; x_wconf 85' lang='lat' dir='ltr'><strong>exeat</strong></span> <span class='ocrx_word' id='word_1_306' title='bbox 1570 3576 1583 3594; x_wconf 85' lang='lat'><strong>,</strong></span> <span class='ocrx_word' id='word_1_307' title='bbox 1614 3543 1665 3585; x_wconf 84' lang='lat' dir='ltr'><strong>et</strong></span> <span class='ocrx_word' id='word_1_308' title='bbox 1694 3536 1995 3586; x_wconf 85' lang='lat' dir='ltr'><strong>llnctuatur.</strong></span> 
     </span>
    </p>
   </div>
   <div class='ocr_carea' id='block_1_41' title="bbox 417 3603 1998 3672">
    <p class='ocr_par' dir='ltr' id='par_1_41' title="bbox 417 3603 1998 3672">
     <span class='ocr_line' id='line_1_41' title="bbox 417 3603 1998 3672; baseline -0.001 -16"><span class='ocrx_word' id='word_1_309' title='bbox 417 3603 563 3656; x_wconf 79' lang='lat' dir='ltr'><strong>Inter</strong></span> <span class='ocrx_word' id='word_1_310' title='bbox 595 3608 691 3657; x_wconf 90' lang='lat' dir='ltr'><strong>hos</strong></span> <span class='ocrx_word' id='word_1_311' title='bbox 720 3620 868 3672; x_wconf 87' lang='lat' dir='ltr'><strong>ergo,</strong></span> <span class='ocrx_word' id='word_1_312' title='bbox 902 3618 1126 3672; x_wconf 85' lang='lat' dir='ltr'><strong>quorum</strong></span> <span class='ocrx_word' id='word_1_313' title='bbox 1161 3605 1461 3657; x_wconf 85' lang='lat' dir='ltr'><strong>uberrimus</strong></span> <span class='ocrx_word' id='word_1_314' title='bbox 1491 3614 1725 3671; x_wconf 67' lang='lat' dir='ltr'><strong>quaestus</strong></span> <span class='ocrx_word' id='word_1_315' title='bbox 1759 3604 1845 3656; x_wconf 90' lang='lat' dir='ltr'><strong>hic</strong></span> <span class='ocrx_word' id='word_1_316' title='bbox 1889 3619 1998 3655; x_wconf 89' lang='lat' dir='ltr'><strong>ina-</strong></span> 
     </span>
    </p>
   </div>
   <div class='ocr_carea' id='block_1_42' title="bbox 2102 979 3688 1047">
    <p class='ocr_par' dir='ltr' id='par_1_42' title="bbox 2102 979 3688 1047">
     <span class='ocr_line' id='line_1_42' title="bbox 2102 979 3688 1047; baseline 0.003 -14"><span class='ocrx_word' id='word_1_317' title='bbox 2102 989 2183 1034; x_wconf 86' lang='lat' dir='ltr'><strong>ter</strong></span> <span class='ocrx_word' id='word_1_318' title='bbox 2230 982 2595 1035; x_wconf 82' lang='lat' dir='ltr'><strong>laudationum</strong></span> <span class='ocrx_word' id='word_1_319' title='bbox 2640 982 2923 1035; x_wconf 86' lang='lat' dir='ltr'><strong>illecebras</strong></span> <span class='ocrx_word' id='word_1_320' title='bbox 2970 981 3229 1033; x_wconf 88' lang='lat' dir='ltr'><strong>arbitram</strong></span> <span class='ocrx_word' id='word_1_321' title='bbox 3279 992 3443 1047; x_wconf 85' lang='lat' dir='ltr'><strong>pone.</strong></span> <span class='ocrx_word' id='word_1_322' title='bbox 3474 979 3688 1046; x_wconf 81' lang='lat' dir='ltr'><strong>Quanta</strong></span> 
     </span>
    </p>
   </div>
   <div class='ocr_carea' id='block_1_43' title="bbox 2100 1050 3684 1121">
    <p class='ocr_par' dir='ltr' id='par_1_43' title="bbox 2100 1050 3684 1121">
     <span class='ocr_line' id='line_1_43' title="bbox 2100 1050 3684 1121; baseline 0.004 -21"><span class='ocrx_word' id='word_1_323' title='bbox 2100 1053 2271 1118; x_wconf 90' lang='lat' dir='ltr'><strong>portio</strong></span> <span class='ocrx_word' id='word_1_324' title='bbox 2320 1069 2385 1107; x_wconf 78' lang='lat' dir='ltr'><strong>ex</strong></span> <span class='ocrx_word' id='word_1_325' title='bbox 2430 1054 2513 1105; x_wconf 80' lang='lat' dir='ltr'><strong>his</strong></span> <span class='ocrx_word' id='word_1_326' title='bbox 2561 1068 2680 1121; x_wconf 67' lang='lat' dir='ltr'><strong>qua:</strong></span> <span class='ocrx_word' id='word_1_327' title='bbox 2728 1053 2977 1104; x_wconf 86' lang='lat' dir='ltr'><strong>homines</strong></span> <span class='ocrx_word' id='word_1_328' title='bbox 3020 1050 3358 1103; x_wconf 83' lang='lat' dir='ltr'><strong>adlaudando</strong></span> <span class='ocrx_word' id='word_1_329' title='bbox 3413 1052 3684 1118; x_wconf 86' lang='lat' dir='ltr'><strong>tribuunt,</strong></span> 
     </span>
    </p>
   </div>
   <div class='ocr_carea' id='block_1_44' title="bbox 2094 1122 3691 1191">
    <p class='ocr_par' dir='ltr' id='par_1_44' title="bbox 2094 1122 3691 1191">
     <span class='ocr_line' id='line_1_44' title="bbox 2094 1122 3691 1191; baseline 0.002 -18"><span class='ocrx_word' id='word_1_330' title='bbox 2094 1122 2181 1174; x_wconf 86' lang='lat' dir='ltr'><strong>vel</strong></span> <span class='ocrx_word' id='word_1_331' title='bbox 2213 1132 2412 1190; x_wconf 89' lang='lat' dir='ltr'><strong>quanto</strong></span> <span class='ocrx_word' id='word_1_332' title='bbox 2445 1137 2682 1187; x_wconf 86' lang='lat' dir='ltr'><strong>tempore</strong></span> <span class='ocrx_word' id='word_1_333' title='bbox 2714 1133 2801 1176; x_wconf 91' lang='lat' dir='ltr'><strong>tua</strong></span> <span class='ocrx_word' id='word_1_334' title='bbox 2836 1128 2941 1188; x_wconf 90' lang='lat' dir='ltr'><strong>sit,</strong></span> <span class='ocrx_word' id='word_1_335' title='bbox 2978 1122 3093 1175; x_wconf 65' lang='lat' dir='ltr'><strong>huic</strong></span> <span class='ocrx_word' id='word_1_336' title='bbox 3121 1137 3226 1176; x_wconf 91' lang='lat' dir='ltr'><strong>non</strong></span> <span class='ocrx_word' id='word_1_337' title='bbox 3260 1123 3540 1190; x_wconf 87' lang='lat' dir='ltr'><strong>permittas</strong></span> <span class='ocrx_word' id='word_1_338' title='bbox 3570 1123 3691 1191; x_wconf 83' lang='lat' dir='ltr'><strong>pla-</strong></span> 
     </span>
    </p>
   </div>
   <div class='ocr_carea' id='block_1_45' title="bbox 2096 1194 3061 1260">
    <p class='ocr_par' dir='ltr' id='par_1_45' title="bbox 2096 1194 3061 1260">
     <span class='ocr_line' id='line_1_45' title="bbox 2096 1194 3061 1260; baseline -0.001 -14"><span class='ocrx_word' id='word_1_339' title='bbox 2096 1194 2230 1247; x_wconf 88' lang='lat' dir='ltr'><strong>cidis</strong></span> <span class='ocrx_word' id='word_1_340' title='bbox 2259 1196 2478 1249; x_wconf 85' lang='lat' dir='ltr'><strong>auribus</strong></span> <span class='ocrx_word' id='word_1_341' title='bbox 2509 1196 2695 1248; x_wconf 81' lang='lat' dir='ltr'><strong>audire</strong></span> <span class='ocrx_word' id='word_1_342' title='bbox 2719 1237 2734 1257; x_wconf 94' lang='lat'><strong>,</strong></span> <span class='ocrx_word' id='word_1_343' title='bbox 2767 1195 2886 1260; x_wconf 83' lang='lat' dir='ltr'><strong>quia</strong></span> <span class='ocrx_word' id='word_1_344' title='bbox 2922 1194 3061 1246; x_wconf 78' lang='lat' dir='ltr'><strong>licia.</strong></span> 
     </span>
    </p>
   </div>
   <div class='ocr_carea' id='block_1_46' title="bbox 2166 1262 3688 1327">
    <p class='ocr_par' dir='ltr' id='par_1_46' title="bbox 2166 1262 3688 1327">
     <span class='ocr_line' id='line_1_46' title="bbox 2166 1262 3688 1327; baseline 0.003 -13"><span class='ocrx_word' id='word_1_345' title='bbox 2166 1262 2217 1317; x_wconf 81' lang='grc'><strong>5.</strong></span> <span class='ocrx_word' id='word_1_346' title='bbox 2261 1263 2539 1319; x_wconf 66' lang='lat' dir='ltr'><strong>Po~tremo</strong></span> <span class='ocrx_word' id='word_1_347' title='bbox 2574 1266 2686 1319; x_wconf 62' lang='lat' dir='ltr'><strong>haec</strong></span> <span class='ocrx_word' id='word_1_348' title='bbox 2715 1274 2897 1317; x_wconf 84' lang='lat' dir='ltr'><strong>sancta</strong></span> <span class='ocrx_word' id='word_1_349' title='bbox 2934 1263 3236 1327; x_wconf 89' lang='lat' dir='ltr'><strong>humilitas,</strong></span> <span class='ocrx_word' id='word_1_350' title='bbox 3264 1262 3541 1318; x_wconf 89' lang='lat' dir='ltr'><strong>subductis</strong></span> <span class='ocrx_word' id='word_1_351' title='bbox 3572 1279 3603 1317; x_wconf 87' lang='lat' dir='ltr'><strong>a</strong></span> <span class='ocrx_word' id='word_1_352' title='bbox 3634 1271 3688 1319; x_wconf 85' lang='lat' dir='ltr'><strong>te</strong></span> 
     </span>
    </p>
   </div>
   <div class='ocr_carea' id='block_1_47' title="bbox 2097 1334 3687 1398">
    <p class='ocr_par' dir='ltr' id='par_1_47' title="bbox 2097 1334 3687 1398">
     <span class='ocr_line' id='line_1_47' title="bbox 2097 1334 3687 1398; baseline 0.001 -11"><span class='ocrx_word' id='word_1_353' title='bbox 2097 1337 2334 1388; x_wconf 89' lang='lat' dir='ltr'><strong>omnium</strong></span> <span class='ocrx_word' id='word_1_354' title='bbox 2387 1337 2787 1390; x_wconf 89' lang='lat' dir='ltr'><strong>simulationum</strong></span> <span class='ocrx_word' id='word_1_355' title='bbox 2836 1335 3138 1398; x_wconf 87' lang='lat' dir='ltr'><strong>illecebris,</strong></span> <span class='ocrx_word' id='word_1_356' title='bbox 3187 1346 3310 1389; x_wconf 91' lang='lat' dir='ltr'><strong>tunc</strong></span> <span class='ocrx_word' id='word_1_357' title='bbox 3350 1334 3448 1388; x_wconf 83' lang='lat' dir='ltr'><strong>tibi</strong></span> <span class='ocrx_word' id='word_1_358' title='bbox 3492 1336 3687 1388; x_wconf 67' lang='lat' dir='ltr'><strong>coelum</strong></span> 
     </span>
    </p>
   </div>
   <div class='ocr_carea' id='block_1_48' title="bbox 2096 1406 3684 1471">
    <p class='ocr_par' dir='ltr' id='par_1_48' title="bbox 2096 1406 3684 1471">
     <span class='ocr_line' id='line_1_48' title="bbox 2096 1406 3684 1471; baseline 0.001 -16"><span class='ocrx_word' id='word_1_359' title='bbox 2096 1408 2330 1471; x_wconf 85' lang='lat' dir='ltr'><strong>aperiet,</strong></span> <span class='ocrx_word' id='word_1_360' title='bbox 2382 1422 2502 1461; x_wconf 89' lang='lat' dir='ltr'><strong>cum</strong></span> <span class='ocrx_word' id='word_1_361' title='bbox 2556 1408 2646 1460; x_wconf 85' lang='lat' dir='ltr'><strong>lilii</strong></span> <span class='ocrx_word' id='word_1_362' title='bbox 2697 1408 2748 1460; x_wconf 91' lang='lat' dir='ltr'><strong>iii</strong></span> <span class='ocrx_word' id='word_1_363' title='bbox 2796 1422 2925 1459; x_wconf 89' lang='lat' dir='ltr'><strong>aure</strong></span> <span class='ocrx_word' id='word_1_364' title='bbox 2970 1406 3211 1459; x_wconf 83' lang='lat' dir='ltr'><strong>dixerit:</strong></span> <span class='ocrx_word' id='word_1_365' title='bbox 3249 1407 3387 1469; x_wconf 97' lang='lat' dir='ltr'><strong>Quia</strong></span> <span class='ocrx_word' id='word_1_366' title='bbox 3431 1415 3569 1458; x_wconf 86' lang='lat' dir='ltr'><strong>terra</strong></span> <span class='ocrx_word' id='word_1_367' title='bbox 3610 1422 3684 1459; x_wconf 88' lang='lat' dir='ltr'><strong>es.</strong></span> 
     </span>
    </p>
   </div>
   <div class='ocr_carea' id='block_1_49' title="bbox 2094 1475 3690 1531">
    <p class='ocr_par' dir='ltr' id='par_1_49' title="bbox 2094 1475 3690 1531">
     <span class='ocr_line' id='line_1_49' title="bbox 2094 1475 3690 1531; baseline 0.001 -1"><span class='ocrx_word' id='word_1_368' title='bbox 2094 1476 2244 1531; x_wconf 88' lang='lat' dir='ltr'><strong>Tunc</strong></span> <span class='ocrx_word' id='word_1_369' title='bbox 2275 1489 2326 1531; x_wconf 90' lang='lat' dir='ltr'><strong>te</strong></span> <span class='ocrx_word' id='word_1_370' title='bbox 2356 1478 2407 1530; x_wconf 89' lang='lat' dir='ltr'><strong>in</strong></span> <span class='ocrx_word' id='word_1_371' title='bbox 2444 1479 2530 1531; x_wconf 84' lang='lat' dir='ltr'><strong>illa</strong></span> <span class='ocrx_word' id='word_1_372' title='bbox 2563 1493 2684 1531; x_wconf 87' lang='lat' dir='ltr'><strong>vera</strong></span> <span class='ocrx_word' id='word_1_373' title='bbox 2726 1479 2983 1531; x_wconf 66' lang='lat' dir='ltr'><strong>societate</strong></span> <span class='ocrx_word' id='word_1_374' title='bbox 3017 1478 3342 1530; x_wconf 71' lang='lat' dir='ltr'><strong>hzrreilitaiis</strong></span> <span class='ocrx_word' id='word_1_375' title='bbox 3385 1476 3477 1531; x_wconf 90' lang='lat' dir='ltr'><strong>Dei</strong></span> <span class='ocrx_word' id='word_1_376' title='bbox 3517 1475 3690 1531; x_wconf 81' lang='lat' dir='ltr'><strong>intro-</strong></span> 
     </span>
    </p>
   </div>
   <div class='ocr_carea' id='block_1_50' title="bbox 2094 1547 3690 1613">
    <p class='ocr_par' dir='ltr' id='par_1_50' title="bbox 2094 1547 3690 1613">
     <span class='ocr_line' id='line_1_50' title="bbox 2094 1547 3690 1613; baseline 0.001 -14"><span class='ocrx_word' id='word_1_377' title='bbox 2094 1547 2290 1613; x_wconf 87' lang='lat' dir='ltr'><strong>ducet,</strong></span> <span class='ocrx_word' id='word_1_378' title='bbox 2325 1564 2444 1601; x_wconf 83' lang='lat' dir='ltr'><strong>cum</strong></span> <span class='ocrx_word' id='word_1_379' title='bbox 2480 1556 2531 1602; x_wconf 85' lang='lat' dir='ltr'><strong>te</strong></span> <span class='ocrx_word' id='word_1_380' title='bbox 2566 1550 2618 1601; x_wconf 92' lang='lat' dir='ltr'><strong>in</strong></span> <span class='ocrx_word' id='word_1_381' title='bbox 2652 1550 2900 1601; x_wconf 79' lang='lat' dir='ltr'><strong>omnibus</strong></span> <span class='ocrx_word' id='word_1_382' title='bbox 2939 1547 3279 1601; x_wconf 88' lang='lat' dir='ltr'><strong>admonuerit</strong></span> <span class='ocrx_word' id='word_1_383' title='bbox 3314 1565 3324 1599; x_wconf 92' lang='lat'><strong>:</strong></span> <span class='ocrx_word' id='word_1_384' title='bbox 3362 1547 3498 1611; x_wconf 87' lang='lat' dir='ltr'><strong>Quia</strong></span> <span class='ocrx_word' id='word_1_385' title='bbox 3536 1548 3690 1601; x_wconf 82' lang='lat' dir='ltr'><strong>homo</strong></span> 
     </span>
    </p>
   </div>
   <div class='ocr_carea' id='block_1_51' title="bbox 2094 1618 3691 1684">
    <p class='ocr_par' dir='ltr' id='par_1_51' title="bbox 2094 1618 3691 1684">
     <span class='ocr_line' id='line_1_51' title="bbox 2094 1618 3691 1684; baseline 0.002 -14"><span class='ocrx_word' id='word_1_386' title='bbox 2094 1634 2175 1680; x_wconf 85' lang='lat' dir='ltr'><strong>es,</strong></span> <span class='ocrx_word' id='word_1_387' title='bbox 2215 1631 2261 1671; x_wconf 85' lang='lat' dir='ltr'><strong>et</strong></span> <span class='ocrx_word' id='word_1_388' title='bbox 2296 1631 2549 1684; x_wconf 83' lang='lat' dir='ltr'><strong>peccator.</strong></span> <span class='ocrx_word' id='word_1_389' title='bbox 2602 1619 2665 1672; x_wconf 85' lang='lat' dir='ltr'><strong>Et</strong></span> <span class='ocrx_word' id='word_1_390' title='bbox 2703 1634 2818 1672; x_wconf 89' lang='lat' dir='ltr'><strong>ciiui</strong></span> <span class='ocrx_word' id='word_1_391' title='bbox 2875 1620 3153 1672; x_wconf 89' lang='lat' dir='ltr'><strong>universas</strong></span> <span class='ocrx_word' id='word_1_392' title='bbox 3202 1618 3439 1672; x_wconf 87' lang='lat' dir='ltr'><strong>rationes</strong></span> <span class='ocrx_word' id='word_1_393' title='bbox 3486 1633 3551 1671; x_wconf 76' lang='lat' dir='ltr'><strong>ex</strong></span> <span class='ocrx_word' id='word_1_394' title='bbox 3605 1618 3691 1673; x_wconf 89' lang='lat' dir='ltr'><strong>his</strong></span> 
     </span>
    </p>
   </div>
   <div class='ocr_carea' id='block_1_52' title="bbox 2093 1689 3693 1759">
    <p class='ocr_par' dir='ltr' id='par_1_52' title="bbox 2093 1689 3693 1759">
     <span class='ocr_line' id='line_1_52' title="bbox 2093 1689 3693 1759; baseline 0.001 -18"><span class='ocrx_word' id='word_1_395' title='bbox 2093 1705 2210 1758; x_wconf 70' lang='lat' dir='ltr'><strong>qua:</strong></span> <span class='ocrx_word' id='word_1_396' title='bbox 2236 1692 2301 1744; x_wconf 88' lang='lat' dir='ltr'><strong>ad</strong></span> <span class='ocrx_word' id='word_1_397' title='bbox 2333 1701 2381 1743; x_wconf 90' lang='lat' dir='ltr'><strong>te</strong></span> <span class='ocrx_word' id='word_1_398' title='bbox 2412 1693 2685 1759; x_wconf 84' lang='lat' dir='ltr'><strong>pertinent</strong></span> <span class='ocrx_word' id='word_1_399' title='bbox 2707 1689 2757 1741; x_wconf 90' lang='lat' dir='ltr'><strong>in</strong></span> <span class='ocrx_word' id='word_1_400' title='bbox 2789 1689 2945 1755; x_wconf 88' lang='lat' dir='ltr'><strong>hujus</strong></span> <span class='ocrx_word' id='word_1_401' title='bbox 2970 1690 3283 1743; x_wconf 73' lang='lat' dir='ltr'><strong>humilitatis</strong></span> <span class='ocrx_word' id='word_1_402' title='bbox 3310 1690 3693 1757; x_wconf 87' lang='lat' dir='ltr'><strong>supputatione</strong></span> 
     </span>
    </p>
   </div>
   <div class='ocr_carea' id='block_1_53' title="bbox 2095 1760 3693 1829">
    <p class='ocr_par' dir='ltr' id='par_1_53' title="bbox 2095 1760 3693 1829">
     <span class='ocr_line' id='line_1_53' title="bbox 2095 1760 3693 1829; baseline 0.002 -17"><span class='ocrx_word' id='word_1_403' title='bbox 2095 1764 2471 1829; x_wconf 77' lang='lat' dir='ltr'><strong>prospexeris,</strong></span> <span class='ocrx_word' id='word_1_404' title='bbox 2517 1762 2705 1814; x_wconf 88' lang='lat' dir='ltr'><strong>miram</strong></span> <span class='ocrx_word' id='word_1_405' title='bbox 2748 1775 2859 1812; x_wconf 90' lang='lat' dir='ltr'><strong>rem</strong></span> <span class='ocrx_word' id='word_1_406' title='bbox 2901 1760 3113 1822; x_wconf 73' lang='lat' dir='ltr'><strong>dicunt,</strong></span> <span class='ocrx_word' id='word_1_407' title='bbox 3157 1761 3399 1813; x_wconf 64' lang='lat' dir='ltr'><strong>invenies</strong></span> <span class='ocrx_word' id='word_1_408' title='bbox 3442 1760 3693 1815; x_wconf 90' lang='lat' dir='ltr'><strong>homines</strong></span> 
     </span>
    </p>
   </div>
   <div class='ocr_carea' id='block_1_54' title="bbox 2093 1832 3691 1900">
    <p class='ocr_par' dir='ltr' id='par_1_54' title="bbox 2093 1832 3691 1900">
     <span class='ocr_line' id='line_1_54' title="bbox 2093 1832 3691 1900; baseline -0.001 -17"><span class='ocrx_word' id='word_1_409' title='bbox 2093 1832 2161 1883; x_wconf 89' lang='lat' dir='ltr'><strong>ad</strong></span> <span class='ocrx_word' id='word_1_410' title='bbox 2195 1832 2412 1885; x_wconf 75' lang='lat' dir='ltr'><strong>honoris</strong></span> <span class='ocrx_word' id='word_1_411' title='bbox 2447 1834 2519 1885; x_wconf 86' lang='lat' dir='ltr'><strong>liti</strong></span> <span class='ocrx_word' id='word_1_412' title='bbox 2550 1834 2817 1885; x_wconf 79' lang='lat' dir='ltr'><strong>cumulum</strong></span> <span class='ocrx_word' id='word_1_413' title='bbox 2849 1832 3013 1900; x_wconf 72' lang='lat'><strong>289</strong></span> <span class='ocrx_word' id='word_1_414' title='bbox 3046 1834 3445 1898; x_wconf 83' lang='lat' dir='ltr'><strong>augmeiilatido</strong></span> <span class='ocrx_word' id='word_1_415' title='bbox 3477 1832 3691 1884; x_wconf 84' lang='lat' dir='ltr'><strong>minue-</strong></span> 
     </span>
    </p>
   </div>
   <div class='ocr_carea' id='block_1_55' title="bbox 2092 1901 3693 1967">
    <p class='ocr_par' dir='ltr' id='par_1_55' title="bbox 2092 1901 3693 1967">
     <span class='ocr_line' id='line_1_55' title="bbox 2092 1901 3693 1967; baseline 0 -13"><span class='ocrx_word' id='word_1_416' title='bbox 2092 1917 2173 1965; x_wconf 88' lang='lat' dir='ltr'><strong>re,</strong></span> <span class='ocrx_word' id='word_1_417' title='bbox 2218 1906 2350 1956; x_wconf 88' lang='lat' dir='ltr'><strong>hanc</strong></span> <span class='ocrx_word' id='word_1_418' title='bbox 2391 1918 2518 1957; x_wconf 85' lang='lat' dir='ltr'><strong>vero</strong></span> <span class='ocrx_word' id='word_1_419' title='bbox 2538 1905 2709 1956; x_wconf 89' lang='lat' dir='ltr'><strong>solam</strong></span> <span class='ocrx_word' id='word_1_420' title='bbox 2735 1901 3022 1954; x_wconf 85' lang='lat' dir='ltr'><strong>minuendo</strong></span> <span class='ocrx_word' id='word_1_421' title='bbox 3052 1902 3163 1966; x_wconf 87' lang='lat' dir='ltr'><strong>plus</strong></span> <span class='ocrx_word' id='word_1_422' title='bbox 3186 1902 3403 1955; x_wconf 84' lang='lat' dir='ltr'><strong>addere.</strong></span> <span class='ocrx_word' id='word_1_423' title='bbox 3432 1901 3693 1967; x_wconf 67' lang='lat' dir='ltr'><strong>Quantum</strong></span> 
     </span>
    </p>
   </div>
   <div class='ocr_carea' id='block_1_56' title="bbox 2091 1971 3694 2044">
    <p class='ocr_par' dir='ltr' id='par_1_56' title="bbox 2091 1971 3694 2044">
     <span class='ocr_line' id='line_1_56' title="bbox 2091 1971 3694 2044; baseline 0.001 -20"><span class='ocrx_word' id='word_1_424' title='bbox 2091 1987 2210 2044; x_wconf 77' lang='lat' dir='ltr'><strong>ergo</strong></span> <span class='ocrx_word' id='word_1_425' title='bbox 2238 1990 2450 2044; x_wconf 83' lang='lat' dir='ltr'><strong>magnus</strong></span> <span class='ocrx_word' id='word_1_426' title='bbox 2477 1991 2527 2026; x_wconf 88' lang='lat' dir='ltr'><strong>es</strong></span> <span class='ocrx_word' id='word_1_427' title='bbox 2552 1975 2568 2038; x_wconf 92' lang='lat'><strong>(</strong></span> <span class='ocrx_word' id='word_1_428' title='bbox 2590 1972 2744 2027; x_wconf 87' lang='lat' dir='ltr'><strong>sicuti</strong></span> <span class='ocrx_word' id='word_1_429' title='bbox 2762 1976 2836 2044; x_wconf 84' lang='lat' dir='ltr'><strong>ait</strong></span> <span class='ocrx_word' id='word_1_430' title='bbox 2861 1971 3111 2027; x_wconf 87' lang='lat' dir='ltr'><strong>Salomon</strong></span> <span class='ocrx_word' id='word_1_431' title='bbox 3139 1973 3370 2039; x_wconf 84' lang='lat' dir='ltr'><strong>)taiitum</strong></span> <span class='ocrx_word' id='word_1_432' title='bbox 3391 1982 3438 2025; x_wconf 86' lang='lat' dir='ltr'><strong>te</strong></span> <span class='ocrx_word' id='word_1_433' title='bbox 3456 1972 3694 2026; x_wconf 75' lang='lat' dir='ltr'><strong>humilia.</strong></span> 
     </span>
    </p>
   </div>
   <div class='ocr_carea' id='block_1_57' title="bbox 2090 2042 3697 2112">
    <p class='ocr_par' dir='ltr' id='par_1_57' title="bbox 2090 2042 3697 2112">
     <span class='ocr_line' id='line_1_57' title="bbox 2090 2042 3697 2112; baseline 0.001 -17"><span class='ocrx_word' id='word_1_434' title='bbox 2090 2042 2221 2109; x_wconf 84' lang='lat' dir='ltr'><strong>Quia</strong></span> <span class='ocrx_word' id='word_1_435' title='bbox 2252 2056 2305 2099; x_wconf 92' lang='lat' dir='ltr'><strong>et</strong></span> <span class='ocrx_word' id='word_1_436' title='bbox 2325 2042 2444 2098; x_wconf 85' lang='lat' dir='ltr'><strong>cum</strong></span> <span class='ocrx_word' id='word_1_437' title='bbox 2470 2045 2664 2097; x_wconf 77' lang='lat' dir='ltr'><strong>inultos</strong></span> <span class='ocrx_word' id='word_1_438' title='bbox 2685 2043 3098 2112; x_wconf 68' lang='lat' dir='ltr'><strong>gubernaveris,</strong></span> <span class='ocrx_word' id='word_1_439' title='bbox 3126 2060 3228 2095; x_wconf 91' lang='lat' dir='ltr'><strong>non</strong></span> <span class='ocrx_word' id='word_1_440' title='bbox 3262 2054 3344 2097; x_wconf 36' lang='lat' dir='ltr'><strong>est</strong></span> <span class='ocrx_word' id='word_1_441' title='bbox 3374 2055 3548 2097; x_wconf 88' lang='lat' dir='ltr'><strong>tamen</strong></span> <span class='ocrx_word' id='word_1_442' title='bbox 3577 2060 3697 2110; x_wconf 86' lang='lat' dir='ltr'><strong>per-</strong></span> 
     </span>
    </p>
   </div>
   <div class='ocr_carea' id='block_1_58' title="bbox 2092 2113 3693 2182">
    <p class='ocr_par' dir='ltr' id='par_1_58' title="bbox 2092 2113 3693 2182">
     <span class='ocr_line' id='line_1_58' title="bbox 2092 2113 3693 2182; baseline 0 -16"><span class='ocrx_word' id='word_1_443' title='bbox 2092 2114 2279 2181; x_wconf 77' lang='lat' dir='ltr'><strong>fectio,</strong></span> <span class='ocrx_word' id='word_1_444' title='bbox 2313 2116 2357 2169; x_wconf 91' lang='lat' dir='ltr'><strong>si</strong></span> <span class='ocrx_word' id='word_1_445' title='bbox 2392 2118 2524 2179; x_wconf 91' lang='lat' dir='ltr'><strong>hoc,</strong></span> <span class='ocrx_word' id='word_1_446' title='bbox 2558 2114 2697 2181; x_wconf 89' lang='lat' dir='ltr'><strong>quod</strong></span> <span class='ocrx_word' id='word_1_447' title='bbox 2724 2113 2895 2182; x_wconf 80' lang='lat' dir='ltr'><strong>majus</strong></span> <span class='ocrx_word' id='word_1_448' title='bbox 2940 2121 3053 2175; x_wconf 82' lang='lat' dir='ltr'><strong>est,</strong></span> <span class='ocrx_word' id='word_1_449' title='bbox 3108 2124 3161 2166; x_wconf 93' lang='lat' dir='ltr'><strong>tu</strong></span> <span class='ocrx_word' id='word_1_450' title='bbox 3209 2114 3356 2168; x_wconf 84' lang='lat' dir='ltr'><strong>Solus</strong></span> <span class='ocrx_word' id='word_1_451' title='bbox 3405 2116 3693 2179; x_wconf 74' lang='lat' dir='ltr'><strong>restiteris,</strong></span> 
     </span>
    </p>
   </div>
   <div class='ocr_carea' id='block_1_59' title="bbox 2099 2184 3699 2257">
    <p class='ocr_par' dir='ltr' id='par_1_59' title="bbox 2099 2184 3699 2257">
     <span class='ocr_line' id='line_1_59' title="bbox 2099 2184 3699 2257; baseline -0.001 -17"><span class='ocrx_word' id='word_1_452' title='bbox 2099 2200 2255 2253; x_wconf 85' lang='lat' dir='ltr'><strong>quem</strong></span> <span class='ocrx_word' id='word_1_453' title='bbox 2289 2188 2588 2257; x_wconf 83' lang='lat' dir='ltr'><strong>gubernare</strong></span> <span class='ocrx_word' id='word_1_454' title='bbox 2641 2202 2745 2238; x_wconf 90' lang='lat' dir='ltr'><strong>nou</strong></span> <span class='ocrx_word' id='word_1_455' title='bbox 2795 2185 2989 2257; x_wconf 63' lang='lat' dir='ltr'><strong>possis,</strong></span> <span class='ocrx_word' id='word_1_456' title='bbox 3032 2184 3184 2257; x_wconf 82' lang='lat' dir='ltr'><strong>Tunc</strong></span> <span class='ocrx_word' id='word_1_457' title='bbox 3222 2186 3361 2257; x_wconf 73' lang='lat' dir='ltr'><strong>enim</strong></span> <span class='ocrx_word' id='word_1_458' title='bbox 3410 2199 3535 2239; x_wconf 87' lang='lat' dir='ltr'><strong>vere</strong></span> <span class='ocrx_word' id='word_1_459' title='bbox 3579 2186 3699 2257; x_wconf 87' lang='lat' dir='ltr'><strong>aliis</strong></span> 
     </span>
    </p>
   </div>
   <div class='ocr_carea' id='block_1_60' title="bbox 2096 2254 3701 2325">
    <p class='ocr_par' dir='ltr' id='par_1_60' title="bbox 2096 2254 3701 2325">
     <span class='ocr_line' id='line_1_60' title="bbox 2096 2254 3701 2325; baseline 0.001 -17"><span class='ocrx_word' id='word_1_460' title='bbox 2096 2254 2345 2325; x_wconf 76' lang='lat' dir='ltr'><strong>prieibis,</strong></span> <span class='ocrx_word' id='word_1_461' title='bbox 2390 2273 2509 2312; x_wconf 91' lang='lat' dir='ltr'><strong>cum</strong></span> <span class='ocrx_word' id='word_1_462' title='bbox 2556 2257 2701 2324; x_wconf 91' lang='lat' dir='ltr'><strong>prius</strong></span> <span class='ocrx_word' id='word_1_463' title='bbox 2748 2254 3022 2323; x_wconf 74' lang='lat' dir='ltr'><strong>praeit-eris</strong></span> <span class='ocrx_word' id='word_1_464' title='bbox 3063 2255 3183 2307; x_wconf 85' lang='lat' dir='ltr'><strong>tibi-</strong></span> <span class='ocrx_word' id='word_1_465' title='bbox 3225 2255 3332 2309; x_wconf 86' lang='lat' dir='ltr'><strong>Nec</strong></span> <span class='ocrx_word' id='word_1_466' title='bbox 3371 2257 3513 2308; x_wconf 89' lang='lat' dir='ltr'><strong>enim</strong></span> <span class='ocrx_word' id='word_1_467' title='bbox 3548 2256 3701 2310; x_wconf 91' lang='lat' dir='ltr'><strong>malis</strong></span> 
     </span>
    </p>
   </div>
   <div class='ocr_carea' id='block_1_61' title="bbox 2098 2325 3699 2398">
    <p class='ocr_par' dir='ltr' id='par_1_61' title="bbox 2098 2325 3699 2398">
     <span class='ocr_line' id='line_1_61' title="bbox 2098 2325 3699 2398; baseline -0.001 -18"><span class='ocrx_word' id='word_1_468' title='bbox 2098 2343 2238 2382; x_wconf 89' lang='lat' dir='ltr'><strong>nunc</strong></span> <span class='ocrx_word' id='word_1_469' title='bbox 2268 2345 2393 2398; x_wconf 89' lang='lat' dir='ltr'><strong>ego,</strong></span> <span class='ocrx_word' id='word_1_470' title='bbox 2426 2329 2525 2383; x_wconf 88' lang='lat' dir='ltr'><strong>sed</strong></span> <span class='ocrx_word' id='word_1_471' title='bbox 2557 2343 2715 2398; x_wconf 80' lang='lat' dir='ltr'><strong>quam</strong></span> <span class='ocrx_word' id='word_1_472' title='bbox 2747 2328 2978 2379; x_wconf 75' lang='lat' dir='ltr'><strong>maxime</strong></span> <span class='ocrx_word' id='word_1_473' title='bbox 3010 2326 3161 2380; x_wconf 92' lang='lat' dir='ltr'><strong>bonis</strong></span> <span class='ocrx_word' id='word_1_474' title='bbox 3191 2325 3305 2398; x_wconf 75' lang='lat' dir='ltr'><strong>hiet:</strong></span> <span class='ocrx_word' id='word_1_475' title='bbox 3330 2326 3538 2393; x_wconf 79' lang='lat' dir='ltr'><strong>loquor.</strong></span> <span class='ocrx_word' id='word_1_476' title='bbox 3564 2326 3699 2398; x_wconf 83' lang='lat' dir='ltr'><strong>Nam</strong></span> 
     </span>
    </p>
   </div>
   <div class='ocr_carea' id='block_1_62' title="bbox 2095 2397 3700 2468">
    <p class='ocr_par' dir='ltr' id='par_1_62' title="bbox 2095 2397 3700 2468">
     <span class='ocr_line' id='line_1_62' title="bbox 2095 2397 3700 2468; baseline -0.002 -15"><span class='ocrx_word' id='word_1_477' title='bbox 2095 2401 2139 2453; x_wconf 89' lang='lat' dir='ltr'><strong>si</strong></span> <span class='ocrx_word' id='word_1_478' title='bbox 2160 2401 2226 2453; x_wconf 89' lang='lat' dir='ltr'><strong>ad</strong></span> <span class='ocrx_word' id='word_1_479' title='bbox 2262 2397 2623 2468; x_wconf 80' lang='lat' dir='ltr'><strong>magisterium</strong></span> <span class='ocrx_word' id='word_1_480' title='bbox 2645 2397 2735 2451; x_wconf 89' lang='lat' dir='ltr'><strong>Dei</strong></span> <span class='ocrx_word' id='word_1_481' title='bbox 2762 2398 3013 2466; x_wconf 80' lang='lat' dir='ltr'><strong>respicias</strong></span> <span class='ocrx_word' id='word_1_482' title='bbox 3035 2438 3048 2460; x_wconf 93' lang='lat'><strong>,</strong></span> <span class='ocrx_word' id='word_1_483' title='bbox 3084 2412 3187 2448; x_wconf 92' lang='lat' dir='ltr'><strong>non</strong></span> <span class='ocrx_word' id='word_1_484' title='bbox 3213 2397 3384 2468; x_wconf 88' lang='lat' dir='ltr'><strong>solum</strong></span> <span class='ocrx_word' id='word_1_485' title='bbox 3411 2397 3700 2463; x_wconf 84' lang='lat' dir='ltr'><strong>peccaturi,</strong></span> 
     </span>
    </p>
   </div>
   <div class='ocr_carea' id='block_1_63' title="bbox 2095 2467 3703 2539">
    <p class='ocr_par' dir='ltr' id='par_1_63' title="bbox 2095 2467 3703 2539">
     <span class='ocr_line' id='line_1_63' title="bbox 2095 2467 3703 2539; baseline 0.001 -18"><span class='ocrx_word' id='word_1_486' title='bbox 2095 2472 2188 2524; x_wconf 83' lang='lat' dir='ltr'><strong>sed</strong></span> <span class='ocrx_word' id='word_1_487' title='bbox 2212 2467 2412 2525; x_wconf 85' lang='lat' dir='ltr'><strong>sanctis</strong></span> <span class='ocrx_word' id='word_1_488' title='bbox 2438 2474 2556 2524; x_wconf 89' lang='lat' dir='ltr'><strong>data</strong></span> <span class='ocrx_word' id='word_1_489' title='bbox 2583 2481 2847 2539; x_wconf 68' lang='lat' dir='ltr'><strong>pratcepia</strong></span> <span class='ocrx_word' id='word_1_490' title='bbox 2874 2479 3014 2522; x_wconf 88' lang='lat' dir='ltr'><strong>sunt.</strong></span> <span class='ocrx_word' id='word_1_491' title='bbox 3050 2468 3249 2521; x_wconf 90' lang='lat' dir='ltr'><strong>Dicitur</strong></span> <span class='ocrx_word' id='word_1_492' title='bbox 3274 2480 3330 2522; x_wconf 74' lang='lat' dir='ltr'><strong>et</strong></span> <span class='ocrx_word' id='word_1_493' title='bbox 3357 2467 3458 2521; x_wconf 85' lang='lat' dir='ltr'><strong>illis</strong></span> <span class='ocrx_word' id='word_1_494' title='bbox 3481 2478 3703 2522; x_wconf 78' lang='lat' dir='ltr'><strong>verbum</strong></span> 
     </span>
    </p>
   </div>
   <div class='ocr_carea' id='block_1_64' title="bbox 2097 2539 3705 2608">
    <p class='ocr_par' dir='ltr' id='par_1_64' title="bbox 2097 2539 3705 2608">
     <span class='ocr_line' id='line_1_64' title="bbox 2097 2539 3705 2608; baseline 0 -15"><span class='ocrx_word' id='word_1_495' title='bbox 2097 2540 2349 2596; x_wconf 83' lang='lat' dir='ltr'><strong>Veritatis</strong></span> <span class='ocrx_word' id='word_1_496' title='bbox 2369 2583 2383 2602; x_wconf 84' lang='lat'><strong>,</strong></span> <span class='ocrx_word' id='word_1_497' title='bbox 2414 2558 2517 2595; x_wconf 88' lang='lat' dir='ltr'><strong>non</strong></span> <span class='ocrx_word' id='word_1_498' title='bbox 2551 2551 2725 2595; x_wconf 87' lang='lat' dir='ltr'><strong>tamen</strong></span> <span class='ocrx_word' id='word_1_499' title='bbox 2757 2550 2816 2593; x_wconf 87' lang='lat' dir='ltr'><strong>ut</strong></span> <span class='ocrx_word' id='word_1_500' title='bbox 2846 2540 2975 2593; x_wconf 82' lang='lat' dir='ltr'><strong>liant</strong></span> <span class='ocrx_word' id='word_1_501' title='bbox 3001 2541 3141 2599; x_wconf 90' lang='lat' dir='ltr'><strong>boni,</strong></span> <span class='ocrx_word' id='word_1_502' title='bbox 3174 2539 3314 2608; x_wconf 87' lang='lat' dir='ltr'><strong>quod</strong></span> <span class='ocrx_word' id='word_1_503' title='bbox 3347 2551 3490 2603; x_wconf 85' lang='lat' dir='ltr'><strong>sunt,</strong></span> <span class='ocrx_word' id='word_1_504' title='bbox 3516 2541 3608 2591; x_wconf 85' lang='lat' dir='ltr'><strong>sed</strong></span> <span class='ocrx_word' id='word_1_505' title='bbox 3635 2553 3705 2593; x_wconf 84' lang='lat' dir='ltr'><strong>ne</strong></span> 
     </span>
    </p>
   </div>
   <div class='ocr_carea' id='block_1_65' title="bbox 2098 2610 3704 2682">
    <p class='ocr_par' dir='ltr' id='par_1_65' title="bbox 2098 2610 3704 2682">
     <span class='ocr_line' id='line_1_65' title="bbox 2098 2610 3704 2682; baseline -0.002 -17"><span class='ocrx_word' id='word_1_506' title='bbox 2098 2611 2230 2666; x_wconf 80' lang='lat' dir='ltr'><strong>[iant</strong></span> <span class='ocrx_word' id='word_1_507' title='bbox 2259 2614 2408 2679; x_wconf 88' lang='lat' dir='ltr'><strong>mali,</strong></span> <span class='ocrx_word' id='word_1_508' title='bbox 2441 2614 2582 2682; x_wconf 87' lang='lat' dir='ltr'><strong>quod</strong></span> <span class='ocrx_word' id='word_1_509' title='bbox 2618 2627 2720 2664; x_wconf 88' lang='lat' dir='ltr'><strong>non</strong></span> <span class='ocrx_word' id='word_1_510' title='bbox 2762 2620 2906 2665; x_wconf 90' lang='lat' dir='ltr'><strong>sunt.</strong></span> <span class='ocrx_word' id='word_1_511' title='bbox 2935 2680 2941 2682; x_wconf 20' lang='grc' dir='ltr'><strong>Α</strong></span> <span class='ocrx_word' id='word_1_512' title='bbox 2966 2610 3138 2682; x_wconf 69' lang='lat' dir='ltr'><strong>Credo</strong></span> <span class='ocrx_word' id='word_1_513' title='bbox 3172 2623 3348 2663; x_wconf 80' lang='lat' dir='ltr'><strong>autem</strong></span> <span class='ocrx_word' id='word_1_514' title='bbox 3389 2610 3508 2677; x_wconf 88' lang='lat' dir='ltr'><strong>quia</strong></span> <span class='ocrx_word' id='word_1_515' title='bbox 3553 2611 3704 2662; x_wconf 85' lang='lat' dir='ltr'><strong>bonis</strong></span> 
     </span>
    </p>
   </div>
   <div class='ocr_carea' id='block_1_66' title="bbox 2098 2680 3701 2752">
    <p class='ocr_par' dir='ltr' id='par_1_66' title="bbox 2098 2680 3701 2752">
     <span class='ocr_line' id='line_1_66' title="bbox 2098 2680 3701 2752; baseline -0.001 -17"><span class='ocrx_word' id='word_1_516' title='bbox 2098 2686 2217 2750; x_wconf 88' lang='lat' dir='ltr'><strong>plus</strong></span> <span class='ocrx_word' id='word_1_517' title='bbox 2248 2685 2349 2737; x_wconf 89' lang='lat' dir='ltr'><strong>hoc</strong></span> <span class='ocrx_word' id='word_1_518' title='bbox 2376 2680 2515 2752; x_wconf 83' lang='lat' dir='ltr'><strong>qiioil</strong></span> <span class='ocrx_word' id='word_1_519' title='bbox 2548 2698 2759 2752; x_wconf 89' lang='lat' dir='ltr'><strong>purum,</strong></span> <span class='ocrx_word' id='word_1_520' title='bbox 2804 2680 2945 2750; x_wconf 90' lang='lat' dir='ltr'><strong>quod</strong></span> <span class='ocrx_word' id='word_1_521' title='bbox 3002 2680 3267 2734; x_wconf 72' lang='lat' dir='ltr'><strong>sincerum</strong></span> <span class='ocrx_word' id='word_1_522' title='bbox 3315 2688 3427 2743; x_wconf 87' lang='lat' dir='ltr'><strong>est,</strong></span> <span class='ocrx_word' id='word_1_523' title='bbox 3474 2683 3701 2749; x_wconf 78' lang='lat' dir='ltr'><strong>placeat.</strong></span> 
     </span>
    </p>
   </div>
   <div class='ocr_carea' id='block_1_67' title="bbox 2095 2752 3706 2809">
    <p class='ocr_par' dir='ltr' id='par_1_67' title="bbox 2095 2752 3706 2809">
     <span class='ocr_line' id='line_1_67' title="bbox 2095 2752 3706 2809; baseline -0.001 -1"><span class='ocrx_word' id='word_1_524' title='bbox 2095 2754 2226 2808; x_wconf 85' lang='lat' dir='ltr'><strong>Nam</strong></span> <span class='ocrx_word' id='word_1_525' title='bbox 2256 2757 2392 2809; x_wconf 88' lang='lat' dir='ltr'><strong>Deus</strong></span> <span class='ocrx_word' id='word_1_526' title='bbox 2414 2768 2597 2809; x_wconf 69' lang='lat' dir='ltr'><strong>noster</strong></span> <span class='ocrx_word' id='word_1_527' title='bbox 2624 2770 2728 2806; x_wconf 91' lang='lat' dir='ltr'><strong>non</strong></span> <span class='ocrx_word' id='word_1_528' title='bbox 2754 2764 2955 2806; x_wconf 90' lang='lat' dir='ltr'><strong>tantum</strong></span> <span class='ocrx_word' id='word_1_529' title='bbox 2997 2753 3238 2805; x_wconf 85' lang='lat' dir='ltr'><strong>dulcibus</strong></span> <span class='ocrx_word' id='word_1_530' title='bbox 3273 2752 3603 2805; x_wconf 83' lang='lat' dir='ltr'><strong>adorantium</strong></span> <span class='ocrx_word' id='word_1_531' title='bbox 3646 2766 3706 2806; x_wconf 89' lang='lat' dir='ltr'><strong>se</strong></span> 
     </span>
    </p>
   </div>
   <div class='ocr_carea' id='block_1_68' title="bbox 2098 2822 3699 2896">
    <p class='ocr_par' dir='ltr' id='par_1_68' title="bbox 2098 2822 3699 2896">
     <span class='ocr_line' id='line_1_68' title="bbox 2098 2822 3699 2896; baseline -0.002 -16"><span class='ocrx_word' id='word_1_532' title='bbox 2098 2828 2348 2894; x_wconf 88' lang='lat' dir='ltr'><strong>precibus</strong></span> <span class='ocrx_word' id='word_1_533' title='bbox 2370 2836 2624 2896; x_wconf 88' lang='lat' dir='ltr'><strong>quantum</strong></span> <span class='ocrx_word' id='word_1_534' title='bbox 2661 2823 2969 2896; x_wconf 58' lang='lat' dir='ltr'><strong>innocentia</strong></span> <span class='ocrx_word' id='word_1_535' title='bbox 2988 2822 3414 2896; x_wconf 67' lang='lat' dir='ltr'><strong>etsimplicitate</strong></span> <span class='ocrx_word' id='word_1_536' title='bbox 3440 2825 3699 2896; x_wconf 75' lang='lat' dir='ltr'><strong>placatur,</strong></span> 
     </span>
    </p>
   </div>
   <div class='ocr_carea' id='block_1_69' title="bbox 2099 2892 3707 2966">
    <p class='ocr_par' dir='ltr' id='par_1_69' title="bbox 2099 2892 3707 2966">
     <span class='ocr_line' id='line_1_69' title="bbox 2099 2892 3707 2966; baseline -0.001 -17"><span class='ocrx_word' id='word_1_537' title='bbox 2099 2892 2218 2966; x_wconf 78' lang='lat' dir='ltr'><strong>plus</strong></span> <span class='ocrx_word' id='word_1_538' title='bbox 2244 2899 2350 2951; x_wconf 89' lang='lat' dir='ltr'><strong>illis</strong></span> <span class='ocrx_word' id='word_1_539' title='bbox 2379 2892 2562 2952; x_wconf 79' lang='lat' dir='ltr'><strong>aurem</strong></span> <span class='ocrx_word' id='word_1_540' title='bbox 2594 2897 2853 2951; x_wconf 84' lang='lat' dir='ltr'><strong>inclinans</strong></span> <span class='ocrx_word' id='word_1_541' title='bbox 2885 2894 2973 2963; x_wconf 92' lang='lat' dir='ltr'><strong>qui</strong></span> <span class='ocrx_word' id='word_1_542' title='bbox 3023 2894 3289 2948; x_wconf 88' lang='lat' dir='ltr'><strong>sinceram</strong></span> <span class='ocrx_word' id='word_1_543' title='bbox 3336 2909 3626 2966; x_wconf 82' lang='lat' dir='ltr'><strong>puramque</strong></span> <span class='ocrx_word' id='word_1_544' title='bbox 3654 2892 3707 2948; x_wconf 84' lang='lat' dir='ltr'><strong>ei</strong></span> 
     </span>
    </p>
   </div>
   <div class='ocr_carea' id='block_1_70' title="bbox 2098 2964 3709 3034">
    <p class='ocr_par' dir='ltr' id='par_1_70' title="bbox 2098 2964 3709 3034">
     <span class='ocr_line' id='line_1_70' title="bbox 2098 2964 3709 3034; baseline -0.002 -13"><span class='ocrx_word' id='word_1_545' title='bbox 2098 2964 2329 3022; x_wconf 82' lang='lat' dir='ltr'><strong>tuentem</strong></span> <span class='ocrx_word' id='word_1_546' title='bbox 2361 2967 2611 3033; x_wconf 72' lang='lat' dir='ltr'><strong>olierunl,</strong></span> <span class='ocrx_word' id='word_1_547' title='bbox 2636 2983 2793 3031; x_wconf 87' lang='lat' dir='ltr'><strong>quain</strong></span> <span class='ocrx_word' id='word_1_548' title='bbox 2823 2970 2909 3034; x_wconf 88' lang='lat' dir='ltr'><strong>qui</strong></span> <span class='ocrx_word' id='word_1_549' title='bbox 2942 2968 3121 3018; x_wconf 83' lang='lat' dir='ltr'><strong>suavia</strong></span> <span class='ocrx_word' id='word_1_550' title='bbox 3168 2968 3467 3017; x_wconf 89' lang='lat' dir='ltr'><strong>orationum</strong></span> <span class='ocrx_word' id='word_1_551' title='bbox 3504 2964 3709 3017; x_wconf 86' lang='lat' dir='ltr'><strong>intule-</strong></span> 
     </span>
    </p>
   </div>
   <div class='ocr_carea' id='block_1_71' title="bbox 2096 3036 3710 3094">
    <p class='ocr_par' dir='ltr' id='par_1_71' title="bbox 2096 3036 3710 3094">
     <span class='ocr_line' id='line_1_71' title="bbox 2096 3036 3710 3094; baseline -0.002 -2"><span class='ocrx_word' id='word_1_552' title='bbox 2096 3040 2203 3092; x_wconf 90' lang='lat' dir='ltr'><strong>rint</strong></span> <span class='ocrx_word' id='word_1_553' title='bbox 2246 3040 2627 3094; x_wconf 88' lang='lat' dir='ltr'><strong>blandimenta.</strong></span> <span class='ocrx_word' id='word_1_554' title='bbox 2654 3040 2767 3093; x_wconf 84' lang='lat' dir='ltr'><strong>Non</strong></span> <span class='ocrx_word' id='word_1_555' title='bbox 2799 3038 2942 3091; x_wconf 90' lang='lat' dir='ltr'><strong>enim</strong></span> <span class='ocrx_word' id='word_1_556' title='bbox 2974 3038 3039 3089; x_wconf 89' lang='lat' dir='ltr'><strong>ad</strong></span> <span class='ocrx_word' id='word_1_557' title='bbox 3092 3037 3251 3089; x_wconf 90' lang='lat' dir='ltr'><strong>alium</strong></span> <span class='ocrx_word' id='word_1_558' title='bbox 3284 3036 3415 3088; x_wconf 90' lang='lat' dir='ltr'><strong>mihi</strong></span> <span class='ocrx_word' id='word_1_559' title='bbox 3459 3048 3525 3087; x_wconf 88' lang='lat' dir='ltr'><strong>ue</strong></span> <span class='ocrx_word' id='word_1_560' title='bbox 3572 3047 3710 3088; x_wconf 87' lang='lat' dir='ltr'><strong>vana</strong></span> 
     </span>
    </p>
   </div>
   <div class='ocr_carea' id='block_1_72' title="bbox 2095 3105 3710 3179">
    <p class='ocr_par' dir='ltr' id='par_1_72' title="bbox 2095 3105 3710 3179">
     <span class='ocr_line' id='line_1_72' title="bbox 2095 3105 3710 3179; baseline -0.002 -17"><span class='ocrx_word' id='word_1_561' title='bbox 2095 3110 2261 3179; x_wconf 78' lang='lat' dir='ltr'><strong>gloria</strong></span> <span class='ocrx_word' id='word_1_562' title='bbox 2292 3124 2381 3165; x_wconf 88' lang='lat' dir='ltr'><strong>aut</strong></span> <span class='ocrx_word' id='word_1_563' title='bbox 2410 3112 2653 3173; x_wconf 83' lang='lat' dir='ltr'><strong>superbia</strong></span> <span class='ocrx_word' id='word_1_564' title='bbox 2679 3116 2847 3163; x_wconf 86' lang='lat' dir='ltr'><strong>visum</strong></span> <span class='ocrx_word' id='word_1_565' title='bbox 2880 3119 2961 3161; x_wconf 92' lang='lat' dir='ltr'><strong>est</strong></span> <span class='ocrx_word' id='word_1_566' title='bbox 2990 3108 3165 3179; x_wconf 85' lang='lat' dir='ltr'><strong>loqui,</strong></span> <span class='ocrx_word' id='word_1_567' title='bbox 3184 3105 3297 3179; x_wconf 70' lang='lat' dir='ltr'><strong>nisi</strong></span> <span class='ocrx_word' id='word_1_568' title='bbox 3316 3109 3381 3160; x_wconf 89' lang='lat' dir='ltr'><strong>ad</strong></span> <span class='ocrx_word' id='word_1_569' title='bbox 3411 3116 3462 3161; x_wconf 91' lang='lat' dir='ltr'><strong>te</strong></span> <span class='ocrx_word' id='word_1_570' title='bbox 3487 3106 3710 3174; x_wconf 89' lang='lat' dir='ltr'><strong>quicun-</strong></span> 
     </span>
    </p>
   </div>
   <div class='ocr_carea' id='block_1_73' title="bbox 2097 3177 3710 3250">
    <p class='ocr_par' dir='ltr' id='par_1_73' title="bbox 2097 3177 3710 3250">
     <span class='ocr_line' id='line_1_73' title="bbox 2097 3177 3710 3250; baseline 0 -17"><span class='ocrx_word' id='word_1_571' title='bbox 2097 3177 2200 3249; x_wconf 81' lang='lat' dir='ltr'><strong>que</strong></span> <span class='ocrx_word' id='word_1_572' title='bbox 2231 3181 2373 3249; x_wconf 90' lang='lat' dir='ltr'><strong>prior</strong></span> <span class='ocrx_word' id='word_1_573' title='bbox 2396 3197 2456 3235; x_wconf 91' lang='lat' dir='ltr'><strong>es</strong></span> <span class='ocrx_word' id='word_1_574' title='bbox 2486 3181 2629 3247; x_wconf 87' lang='lat' dir='ltr'><strong>aliis;</strong></span> <span class='ocrx_word' id='word_1_575' title='bbox 2655 3184 2742 3250; x_wconf 91' lang='lat' dir='ltr'><strong>qui</strong></span> <span class='ocrx_word' id='word_1_576' title='bbox 2772 3180 2870 3233; x_wconf 85' lang='lat' dir='ltr'><strong>etsi</strong></span> <span class='ocrx_word' id='word_1_577' title='bbox 2896 3195 2999 3232; x_wconf 91' lang='lat' dir='ltr'><strong>non</strong></span> <span class='ocrx_word' id='word_1_578' title='bbox 3034 3177 3291 3247; x_wconf 87' lang='lat' dir='ltr'><strong>recipias,</strong></span> <span class='ocrx_word' id='word_1_579' title='bbox 3328 3188 3501 3232; x_wconf 87' lang='lat' dir='ltr'><strong>tamen</strong></span> <span class='ocrx_word' id='word_1_580' title='bbox 3522 3192 3710 3233; x_wconf 89' lang='lat' dir='ltr'><strong>omnes</strong></span> 
     </span>
    </p>
   </div>
   <div class='ocr_carea' id='block_1_74' title="bbox 2099 3249 3706 3322">
    <p class='ocr_par' dir='ltr' id='par_1_74' title="bbox 2099 3249 3706 3322">
     <span class='ocr_line' id='line_1_74' title="bbox 2099 3249 3706 3322; baseline -0.001 -18"><span class='ocrx_word' id='word_1_581' title='bbox 2099 3249 2718 3322; x_wconf 72' lang='lat' dir='ltr'><strong>hircingerunt,omnes</strong></span> <span class='ocrx_word' id='word_1_582' title='bbox 2757 3251 3124 3317; x_wconf 87' lang='lat' dir='ltr'><strong>blandiuntur,</strong></span> <span class='ocrx_word' id='word_1_583' title='bbox 3148 3263 3359 3322; x_wconf 79' lang='lat' dir='ltr'><strong>omnes</strong></span> <span class='ocrx_word' id='word_1_584' title='bbox 3411 3249 3706 3315; x_wconf 82' lang='lat' dir='ltr'><strong>extollunt,</strong></span> 
     </span>
    </p>
   </div>
   <div class='ocr_carea' id='block_1_75' title="bbox 2098 3319 3709 3385">
    <p class='ocr_par' dir='ltr' id='par_1_75' title="bbox 2098 3319 3709 3385">
     <span class='ocr_line' id='line_1_75' title="bbox 2098 3319 3709 3385; baseline 0 -10"><span class='ocrx_word' id='word_1_585' title='bbox 2098 3338 2258 3377; x_wconf 86' lang='lat' dir='ltr'><strong>nemo</strong></span> <span class='ocrx_word' id='word_1_586' title='bbox 2287 3319 2351 3379; x_wconf 78' lang='lat' dir='ltr'><strong>ex</strong></span> <span class='ocrx_word' id='word_1_587' title='bbox 2384 3324 2487 3377; x_wconf 86' lang='lat' dir='ltr'><strong>illis</strong></span> <span class='ocrx_word' id='word_1_588' title='bbox 2516 3325 2566 3377; x_wconf 92' lang='lat' dir='ltr'><strong>id</strong></span> <span class='ocrx_word' id='word_1_589' title='bbox 2597 3323 2830 3377; x_wconf 71' lang='lat' dir='ltr'><strong>ederetis</strong></span> <span class='ocrx_word' id='word_1_590' title='bbox 2859 3323 2999 3385; x_wconf 85' lang='lat' dir='ltr'><strong>quod</strong></span> <span class='ocrx_word' id='word_1_591' title='bbox 3031 3323 3100 3373; x_wconf 90' lang='lat' dir='ltr'><strong>ita</strong></span> <span class='ocrx_word' id='word_1_592' title='bbox 3128 3319 3285 3374; x_wconf 87' lang='lat' dir='ltr'><strong>dulce</strong></span> <span class='ocrx_word' id='word_1_593' title='bbox 3316 3321 3416 3385; x_wconf 87' lang='lat' dir='ltr'><strong>sit,</strong></span> <span class='ocrx_word' id='word_1_594' title='bbox 3451 3331 3508 3373; x_wconf 91' lang='lat' dir='ltr'><strong>ut</strong></span> <span class='ocrx_word' id='word_1_595' title='bbox 3530 3328 3709 3375; x_wconf 87' lang='lat' dir='ltr'><strong>tamen</strong></span> 
     </span>
    </p>
   </div>
   <div class='ocr_carea' id='block_1_76' title="bbox 2098 3390 3705 3464">
    <p class='ocr_par' dir='ltr' id='par_1_76' title="bbox 2098 3390 3705 3464">
     <span class='ocr_line' id='line_1_76' title="bbox 2098 3390 3705 3464; baseline 0.001 -19"><span class='ocrx_word' id='word_1_596' title='bbox 2098 3409 2127 3445; x_wconf 90' lang='lat' dir='ltr'><strong>a</strong></span> <span class='ocrx_word' id='word_1_597' title='bbox 2158 3397 2392 3461; x_wconf 89' lang='lat' dir='ltr'><strong>periculo</strong></span> <span class='ocrx_word' id='word_1_598' title='bbox 2414 3396 2568 3464; x_wconf 86' lang='lat' dir='ltr'><strong>longe</strong></span> <span class='ocrx_word' id='word_1_599' title='bbox 2598 3396 2685 3447; x_wconf 90' lang='lat' dir='ltr'><strong>sit.</strong></span> <span class='ocrx_word' id='word_1_600' title='bbox 2718 3392 2827 3447; x_wconf 84' lang='lat' dir='ltr'><strong>Nec</strong></span> <span class='ocrx_word' id='word_1_601' title='bbox 2854 3395 2997 3447; x_wconf 91' lang='lat' dir='ltr'><strong>enim</strong></span> <span class='ocrx_word' id='word_1_602' title='bbox 3031 3390 3197 3464; x_wconf 85' lang='lat' dir='ltr'><strong>miror</strong></span> <span class='ocrx_word' id='word_1_603' title='bbox 3222 3391 3473 3445; x_wconf 88' lang='lat' dir='ltr'><strong>omnibus</strong></span> <span class='ocrx_word' id='word_1_604' title='bbox 3497 3391 3705 3464; x_wconf 83' lang='lat' dir='ltr'><strong>essein</strong></span> 
     </span>
    </p>
   </div>
   <div class='ocr_carea' id='block_1_77' title="bbox 2099 3461 3711 3535">
    <p class='ocr_par' dir='ltr' id='par_1_77' title="bbox 2099 3461 3711 3535">
     <span class='ocr_line' id='line_1_77' title="bbox 2099 3461 3711 3535; baseline 0.001 -19"><span class='ocrx_word' id='word_1_605' title='bbox 2099 3476 2345 3532; x_wconf 85' lang='lat' dir='ltr'><strong>promptu</strong></span> <span class='ocrx_word' id='word_1_606' title='bbox 2384 3461 2745 3535; x_wconf 52' lang='lat' dir='ltr'><strong>quia&#39;laudare</strong></span> <span class='ocrx_word' id='word_1_607' title='bbox 2782 3476 3081 3533; x_wconf 89' lang='lat' dir='ltr'><strong>potentem.</strong></span> <span class='ocrx_word' id='word_1_608' title='bbox 3125 3462 3264 3516; x_wconf 87' lang='lat' dir='ltr'><strong>sicut</strong></span> <span class='ocrx_word' id='word_1_609' title='bbox 3302 3476 3400 3517; x_wconf 90' lang='lat' dir='ltr'><strong>nec</strong></span> <span class='ocrx_word' id='word_1_610' title='bbox 3439 3464 3609 3529; x_wconf 86' lang='lat' dir='ltr'><strong>labor,</strong></span> <span class='ocrx_word' id='word_1_611' title='bbox 3637 3461 3711 3518; x_wconf 86' lang='lat' dir='ltr'><strong>ita</strong></span> 
     </span>
    </p>
   </div>
   <div class='ocr_carea' id='block_1_78' title="bbox 2098 3536 2516 3589">
    <p class='ocr_par' dir='ltr' id='par_1_78' title="bbox 2098 3536 2516 3589">
     <span class='ocr_line' id='line_1_78' title="bbox 2098 3536 2516 3589; baseline -0.005 0"><span class='ocrx_word' id='word_1_612' title='bbox 2098 3550 2197 3589; x_wconf 90' lang='lat' dir='ltr'><strong>nec</strong></span> <span class='ocrx_word' id='word_1_613' title='bbox 2231 3536 2388 3588; x_wconf 82' lang='lat' dir='ltr'><strong>timor</strong></span> <span class='ocrx_word' id='word_1_614' title='bbox 2416 3547 2516 3589; x_wconf 88' lang='lat' dir='ltr'><strong>est.</strong></span> 
     </span>
    </p>
   </div>
   <div class='ocr_carea' id='block_1_79' title="bbox 2186 3603 3706 3674">
    <p class='ocr_par' dir='ltr' id='par_1_79' title="bbox 2186 3603 3706 3674">
     <span class='ocr_line' id='line_1_79' title="bbox 2186 3603 3706 3674; baseline 0.001 -18"><span class='ocrx_word' id='word_1_615' title='bbox 2186 3605 2240 3658; x_wconf 72' lang='grc'><strong>4.</strong></span> <span class='ocrx_word' id='word_1_616' title='bbox 2274 3606 2390 3659; x_wconf 88' lang='lat' dir='ltr'><strong>Tibi</strong></span> <span class='ocrx_word' id='word_1_617' title='bbox 2425 3607 2584 3674; x_wconf 82' lang='lat' dir='ltr'><strong>igitur</strong></span> <span class='ocrx_word' id='word_1_618' title='bbox 2612 3619 2699 3659; x_wconf 89' lang='lat' dir='ltr'><strong>me</strong></span> <span class='ocrx_word' id='word_1_619' title='bbox 2728 3604 2971 3672; x_wconf 87' lang='lat' dir='ltr'><strong>oportuit</strong></span> <span class='ocrx_word' id='word_1_620' title='bbox 3000 3603 3112 3655; x_wconf 62' lang='lat' dir='ltr'><strong>haec</strong></span> <span class='ocrx_word' id='word_1_621' title='bbox 3130 3603 3460 3674; x_wconf 84' lang='lat' dir='ltr'><strong>humilitatis</strong></span> <span class='ocrx_word' id='word_1_622' title='bbox 3505 3604 3706 3658; x_wconf 90' lang='lat' dir='ltr'><strong>instru-</strong></span> 
     </span>
    </p>
   </div>
   <div class='ocr_carea' id='block_1_80' title="bbox 420 3651 3712 3744">
    <p class='ocr_par' dir='ltr' id='par_1_80' title="bbox 420 3651 3712 3744">
     <span class='ocr_line' id='line_1_80' title="bbox 420 3651 3712 3744; baseline -0 -16"><span class='ocrx_word' id='word_1_623' title='bbox 420 3676 567 3729; x_wconf 75' lang='lat' dir='ltr'><strong>xiine</strong></span> <span class='ocrx_word' id='word_1_624' title='bbox 618 3683 702 3728; x_wconf 87' lang='lat' dir='ltr'><strong>est</strong></span> <span class='ocrx_word' id='word_1_625' title='bbox 750 3651 1030 3728; x_wconf 47' lang='lat' dir='ltr'><strong>dctisideriis</strong></span> <span class='ocrx_word' id='word_1_626' title='bbox 1087 3672 1268 3727; x_wconf 79' lang='lat' dir='ltr'><strong>vivere</strong></span> <span class='ocrx_word' id='word_1_627' title='bbox 1307 3651 1531 3737; x_wconf 44' lang='lat' dir='ltr'><strong>alienis‘,</strong></span> <span class='ocrx_word' id='word_1_628' title='bbox 1579 3676 1814 3726; x_wconf 91' lang='lat' dir='ltr'><strong>animum</strong></span> <span class='ocrx_word' id='word_1_629' title='bbox 1862 3684 2008 3726; x_wconf 88' lang='lat' dir='ltr'><strong>tuoin</strong></span> <span class='ocrx_word' id='word_1_630' title='bbox 2039 3651 2084 3713; x_wconf 69' lang='grc' dir='ltr'>Ο</span> <span class='ocrx_word' id='word_1_631' title='bbox 2119 3686 2299 3729; x_wconf 89' lang='lat' dir='ltr'><strong>menta</strong></span> <span class='ocrx_word' id='word_1_632' title='bbox 2334 3651 2639 3744; x_wconf 44' lang='lat' dir='ltr'><strong>porrigere,</strong></span> <span class='ocrx_word' id='word_1_633' title='bbox 2669 3651 3172 3741; x_wconf 57' lang='lat' dir='ltr'><strong>lihirgiiberiiaculi,</strong></span> <span class='ocrx_word' id='word_1_634' title='bbox 3217 3673 3459 3744; x_wconf 80' lang='lat' dir='ltr'><strong>quiinvis</strong></span> <span class='ocrx_word' id='word_1_635' title='bbox 3501 3684 3554 3727; x_wconf 92' lang='lat' dir='ltr'><strong>et</strong></span> <span class='ocrx_word' id='word_1_636' title='bbox 3591 3674 3712 3743; x_wconf 85' lang='lat' dir='ltr'><strong>ipse</strong></span> 
     </span>
    </p>
   </div>
   <div class='ocr_carea' id='block_1_81' title="bbox 416 3745 2011 3811">
    <p class='ocr_par' dir='ltr' id='par_1_81' title="bbox 416 3745 2011 3811">
     <span class='ocr_line' id='line_1_81' title="bbox 416 3745 2011 3811; baseline -0.001 -12"><span class='ocrx_word' id='word_1_637' title='bbox 416 3761 632 3799; x_wconf 82' lang='lat' dir='ltr'><strong>summa</strong></span> <span class='ocrx_word' id='word_1_638' title='bbox 687 3745 1033 3799; x_wconf 88' lang='lat' dir='ltr'><strong>discretionis</strong></span> <span class='ocrx_word' id='word_1_639' title='bbox 1089 3760 1336 3797; x_wconf 86' lang='lat' dir='ltr'><strong>mensura</strong></span> <span class='ocrx_word' id='word_1_640' title='bbox 1388 3748 1728 3811; x_wconf 59' lang='lat' dir='ltr'><strong>Constringe,</strong></span> <span class='ocrx_word' id='word_1_641' title='bbox 1782 3755 1839 3796; x_wconf 91' lang='lat' dir='ltr'><strong>ut</strong></span> <span class='ocrx_word' id='word_1_642' title='bbox 1891 3760 2011 3798; x_wconf 88' lang='lat' dir='ltr'><strong>cum</strong></span> 
     </span>
    </p>
   </div>
   <div class='ocr_carea' id='block_1_82' title="bbox 420 3815 2013 3885">
    <p class='ocr_par' dir='ltr' id='par_1_82' title="bbox 420 3815 2013 3885">
     <span class='ocr_line' id='line_1_82' title="bbox 420 3815 2013 3885; baseline 0 -16"><span class='ocrx_word' id='word_1_643' title='bbox 420 3818 610 3871; x_wconf 87' lang='lat' dir='ltr'><strong>multis</strong></span> <span class='ocrx_word' id='word_1_644' title='bbox 662 3819 945 3870; x_wconf 83' lang='lat' dir='ltr'><strong>adulantes</strong></span> <span class='ocrx_word' id='word_1_645' title='bbox 987 3816 1111 3869; x_wconf 91' lang='lat' dir='ltr'><strong>hinc</strong></span> <span class='ocrx_word' id='word_1_646' title='bbox 1150 3826 1309 3885; x_wconf 90' lang='lat' dir='ltr'><strong>atque</strong></span> <span class='ocrx_word' id='word_1_647' title='bbox 1354 3816 1476 3870; x_wconf 91' lang='lat' dir='ltr'><strong>inde</strong></span> <span class='ocrx_word' id='word_1_648' title='bbox 1531 3817 1661 3869; x_wconf 82' lang='lat' dir='ltr'><strong>nihil</strong></span> <span class='ocrx_word' id='word_1_649' title='bbox 1711 3815 1856 3867; x_wconf 89' lang='lat' dir='ltr'><strong>aliud</strong></span> <span class='ocrx_word' id='word_1_650' title='bbox 1910 3815 2013 3869; x_wconf 90' lang='lat' dir='ltr'><strong>uisi</strong></span> 
     </span>
    </p>
   </div>
   <div class='ocr_carea' id='block_1_83' title="bbox 424 3887 2012 3955">
    <p class='ocr_par' dir='ltr' id='par_1_83' title="bbox 424 3887 2012 3955">
     <span class='ocr_line' id='line_1_83' title="bbox 424 3887 2012 3955; baseline -0.001 -15"><span class='ocrx_word' id='word_1_651' title='bbox 424 3897 629 3940; x_wconf 88' lang='lat' dir='ltr'><strong>tantum</strong></span> <span class='ocrx_word' id='word_1_652' title='bbox 660 3889 800 3955; x_wconf 88' lang='lat' dir='ltr'><strong>quod</strong></span> <span class='ocrx_word' id='word_1_653' title='bbox 842 3887 1075 3940; x_wconf 78' lang='lat' dir='ltr'><strong>deleCiet</strong></span> <span class='ocrx_word' id='word_1_654' title='bbox 1116 3889 1404 3947; x_wconf 83' lang='lat' dir='ltr'><strong>insinuant,</strong></span> <span class='ocrx_word' id='word_1_655' title='bbox 1448 3888 1737 3940; x_wconf 82' lang='lat' dir='ltr'><strong>oll&#39;erentes</strong></span> <span class='ocrx_word' id='word_1_656' title='bbox 1768 3888 2012 3954; x_wconf 74' lang='lat' dir='ltr'><strong>quaedam</strong></span> 
     </span>
    </p>
   </div>
   <div class='ocr_carea' id='block_1_84' title="bbox 424 3957 2014 4026">
    <p class='ocr_par' dir='ltr' id='par_1_84' title="bbox 424 3957 2014 4026">
     <span class='ocr_line' id='line_1_84' title="bbox 424 3957 2014 4026; baseline 0.001 -16"><span class='ocrx_word' id='word_1_657' title='bbox 424 3958 610 4026; x_wconf 77' lang='lat' dir='ltr'><strong>gloria:</strong></span> <span class='ocrx_word' id='word_1_658' title='bbox 651 3959 844 4023; x_wconf 75' lang='lat' dir='ltr'><strong>verba,</strong></span> <span class='ocrx_word' id='word_1_659' title='bbox 888 3958 939 4011; x_wconf 90' lang='lat' dir='ltr'><strong>in</strong></span> <span class='ocrx_word' id='word_1_660' title='bbox 980 3958 1174 4024; x_wconf 65' lang='lat' dir='ltr'><strong>quibus</strong></span> <span class='ocrx_word' id='word_1_661' title='bbox 1227 3961 1327 4011; x_wconf 84' lang='lat' dir='ltr'><strong>hoc</strong></span> <span class='ocrx_word' id='word_1_662' title='bbox 1379 3957 1476 4011; x_wconf 88' lang='lat' dir='ltr'><strong>tibi</strong></span> <span class='ocrx_word' id='word_1_663' title='bbox 1524 3959 1719 4011; x_wconf 86' lang='lat' dir='ltr'><strong>dicitur</strong></span> <span class='ocrx_word' id='word_1_664' title='bbox 1766 3959 1906 4025; x_wconf 87' lang='lat' dir='ltr'><strong>quod</strong></span> <span class='ocrx_word' id='word_1_665' title='bbox 1960 3966 2014 4011; x_wconf 81' lang='lat' dir='ltr'><strong>et</strong></span> 
     </span>
    </p>
   </div>
   <div class='ocr_carea' id='block_1_85' title="bbox 428 4027 2009 4098">
    <p class='ocr_par' dir='ltr' id='par_1_85' title="bbox 428 4027 2009 4098">
     <span class='ocr_line' id='line_1_85' title="bbox 428 4027 2009 4098; baseline -0.001 -16"><span class='ocrx_word' id='word_1_666' title='bbox 428 4027 569 4092; x_wconf 83' lang='lat' dir='ltr'><strong>Deo,</strong></span> <span class='ocrx_word' id='word_1_667' title='bbox 622 4042 883 4097; x_wconf 78' lang='lat' dir='ltr'><strong>agnoscas</strong></span> <span class='ocrx_word' id='word_1_668' title='bbox 934 4028 1065 4083; x_wconf 90' lang='lat' dir='ltr'><strong>nihil</strong></span> <span class='ocrx_word' id='word_1_669' title='bbox 1112 4028 1259 4082; x_wconf 85' lang='lat' dir='ltr'><strong>aliud</strong></span> <span class='ocrx_word' id='word_1_670' title='bbox 1298 4043 1363 4083; x_wconf 83' lang='lat' dir='ltr'><strong>ex</strong></span> <span class='ocrx_word' id='word_1_671' title='bbox 1405 4029 1486 4083; x_wconf 90' lang='lat' dir='ltr'><strong>his</strong></span> <span class='ocrx_word' id='word_1_672' title='bbox 1536 4031 1809 4098; x_wconf 88' lang='lat' dir='ltr'><strong>pr0prium</strong></span> <span class='ocrx_word' id='word_1_673' title='bbox 1864 4039 2009 4081; x_wconf 91' lang='lat' dir='ltr'><strong>tuum</strong></span> 
     </span>
    </p>
   </div>
   <div class='ocr_carea' id='block_1_86' title="bbox 425 4098 2012 4168">
    <p class='ocr_par' dir='ltr' id='par_1_86' title="bbox 425 4098 2012 4168">
     <span class='ocr_line' id='line_1_86' title="bbox 425 4098 2012 4168; baseline -0.001 -14"><span class='ocrx_word' id='word_1_674' title='bbox 425 4107 574 4163; x_wconf 82' lang='lat' dir='ltr'><strong>esse,</strong></span> <span class='ocrx_word' id='word_1_675' title='bbox 608 4099 708 4152; x_wconf 81' lang='lat' dir='ltr'><strong>nisi</strong></span> <span class='ocrx_word' id='word_1_676' title='bbox 742 4100 842 4155; x_wconf 90' lang='lat' dir='ltr'><strong>hoc</strong></span> <span class='ocrx_word' id='word_1_677' title='bbox 873 4110 1075 4154; x_wconf 88' lang='lat' dir='ltr'><strong>tantum</strong></span> <span class='ocrx_word' id='word_1_678' title='bbox 1116 4102 1255 4168; x_wconf 89' lang='lat' dir='ltr'><strong>quod</strong></span> <span class='ocrx_word' id='word_1_679' title='bbox 1298 4111 1515 4166; x_wconf 89' lang='lat' dir='ltr'><strong>tecum,</strong></span> <span class='ocrx_word' id='word_1_680' title='bbox 1554 4109 1608 4153; x_wconf 88' lang='lat' dir='ltr'><strong>et</strong></span> <span class='ocrx_word' id='word_1_681' title='bbox 1646 4114 1765 4153; x_wconf 90' lang='lat' dir='ltr'><strong>cum</strong></span> <span class='ocrx_word' id='word_1_682' title='bbox 1804 4098 1871 4153; x_wconf 87' lang='lat' dir='ltr'><strong>de</strong></span> <span class='ocrx_word' id='word_1_683' title='bbox 1910 4099 2012 4153; x_wconf 89' lang='lat' dir='ltr'><strong>hac</strong></span> 
     </span>
    </p>
   </div>
   <div class='ocr_carea' id='block_1_87' title="bbox 425 4172 2011 4237">
    <p class='ocr_par' dir='ltr' id='par_1_87' title="bbox 425 4172 2011 4237">
     <span class='ocr_line' id='line_1_87' title="bbox 425 4172 2011 4237; baseline 0 -14"><span class='ocrx_word' id='word_1_684' title='bbox 425 4172 530 4224; x_wconf 82' lang='lat' dir='ltr'><strong>vita</strong></span> <span class='ocrx_word' id='word_1_685' title='bbox 558 4173 888 4234; x_wconf 83' lang='lat' dir='ltr'><strong>excesseris,</strong></span> <span class='ocrx_word' id='word_1_686' title='bbox 921 4186 1326 4237; x_wconf 85' lang='lat' dir='ltr'><strong>permansurum</strong></span> <span class='ocrx_word' id='word_1_687' title='bbox 1356 4180 1457 4225; x_wconf 85' lang='lat' dir='ltr'><strong>est.</strong></span> <span class='ocrx_word' id='word_1_688' title='bbox 1500 4172 1556 4225; x_wconf 91' lang='lat' dir='ltr'><strong>ln</strong></span> <span class='ocrx_word' id='word_1_689' title='bbox 1595 4172 1844 4224; x_wconf 91' lang='lat' dir='ltr'><strong>omnibus</strong></span> <span class='ocrx_word' id='word_1_690' title='bbox 1882 4185 2011 4235; x_wconf 75' lang='lat' dir='ltr'><strong>ergo</strong></span> 
     </span>
    </p>
   </div>
   <div class='ocr_carea' id='block_1_88' title="bbox 427 4240 2012 4309">
    <p class='ocr_par' dir='ltr' id='par_1_88' title="bbox 427 4240 2012 4309">
     <span class='ocr_line' id='line_1_88' title="bbox 427 4240 2012 4309; baseline -0.001 -14"><span class='ocrx_word' id='word_1_691' title='bbox 427 4240 481 4295; x_wconf 85' lang='lat' dir='ltr'><strong>in</strong></span> <span class='ocrx_word' id='word_1_692' title='bbox 512 4240 701 4309; x_wconf 75' lang='lat' dir='ltr'><strong>quibus</strong></span> <span class='ocrx_word' id='word_1_693' title='bbox 733 4242 1091 4295; x_wconf 85' lang='lat' dir='ltr'><strong>adulationum</strong></span> <span class='ocrx_word' id='word_1_694' title='bbox 1127 4244 1376 4297; x_wconf 76' lang='lat' dir='ltr'><strong>nimetas</strong></span> <span class='ocrx_word' id='word_1_695' title='bbox 1415 4243 1576 4297; x_wconf 87' lang='lat' dir='ltr'><strong>etiam</strong></span> <span class='ocrx_word' id='word_1_696' title='bbox 1618 4243 1872 4297; x_wconf 87' lang='lat' dir='ltr'><strong>teritiinos</strong></span> <span class='ocrx_word' id='word_1_697' title='bbox 1915 4243 2012 4293; x_wconf 87' lang='lat' dir='ltr'><strong>ho-</strong></span> 
     </span>
    </p>
   </div>
   <div class='ocr_carea' id='block_1_89' title="bbox 427 4309 2009 4385">
    <p class='ocr_par' dir='ltr' id='par_1_89' title="bbox 427 4309 2009 4385">
     <span class='ocr_line' id='line_1_89' title="bbox 427 4309 2009 4385; baseline 0.001 -21"><span class='ocrx_word' id='word_1_698' title='bbox 427 4313 587 4385; x_wconf 68' lang='lat' dir='ltr'><strong>minis</strong></span> <span class='ocrx_word' id='word_1_699' title='bbox 616 4309 852 4385; x_wconf 69' lang='lat' dir='ltr'><strong>jForte,</strong></span> <span class='ocrx_word' id='word_1_700' title='bbox 887 4310 1131 4383; x_wconf 91' lang='lat' dir='ltr'><strong>homini]</strong></span> <span class='ocrx_word' id='word_1_701' title='bbox 1164 4326 1536 4381; x_wconf 87' lang='lat' dir='ltr'><strong>competentes</strong></span> <span class='ocrx_word' id='word_1_702' title='bbox 1575 4315 1836 4376; x_wconf 78' lang='lat' dir='ltr'><strong>excessit,</strong></span> <span class='ocrx_word' id='word_1_703' title='bbox 1878 4311 2009 4385; x_wconf 90' lang='lat' dir='ltr'><strong>illud</strong></span> 
     </span>
    </p>
   </div>
   <div class='ocr_carea' id='block_1_90' title="bbox 427 4382 2009 4448">
    <p class='ocr_par' dir='ltr' id='par_1_90' title="bbox 427 4382 2009 4448">
     <span class='ocr_line' id='line_1_90' title="bbox 427 4382 2009 4448; baseline 0.001 -13"><span class='ocrx_word' id='word_1_704' title='bbox 427 4382 741 4436; x_wconf 82' lang='lat' dir='ltr'><strong>Davidicuin</strong></span> <span class='ocrx_word' id='word_1_705' title='bbox 796 4382 1161 4436; x_wconf 67' lang='lat' dir='ltr'><strong>recordareris</strong></span> <span class='ocrx_word' id='word_1_706' title='bbox 1213 4385 1631 4447; x_wconf 85' lang='lat' dir='ltr'><strong>documentum,</strong></span> <span class='ocrx_word' id='word_1_707' title='bbox 1675 4387 1724 4436; x_wconf 92' lang='lat' dir='ltr'><strong>in</strong></span> <span class='ocrx_word' id='word_1_708' title='bbox 1768 4399 1872 4448; x_wconf 90' lang='lat' dir='ltr'><strong>quo</strong></span> <span class='ocrx_word' id='word_1_709' title='bbox 1919 4384 2009 4436; x_wconf 91' lang='lat' dir='ltr'><strong>ille</strong></span> 
     </span>
    </p>
   </div>
   <div class='ocr_carea' id='block_1_91' title="bbox 428 4452 2010 4521">
    <p class='ocr_par' dir='ltr' id='par_1_91' title="bbox 428 4452 2010 4521">
     <span class='ocr_line' id='line_1_91' title="bbox 428 4452 2010 4521; baseline 0 -16"><span class='ocrx_word' id='word_1_710' title='bbox 428 4467 632 4507; x_wconf 82' lang='lat' dir='ltr'><strong>venena</strong></span> <span class='ocrx_word' id='word_1_711' title='bbox 687 4453 1053 4506; x_wconf 90' lang='lat' dir='ltr'><strong>adulationum</strong></span> <span class='ocrx_word' id='word_1_712' title='bbox 1111 4454 1401 4521; x_wconf 88' lang='lat' dir='ltr'><strong>devitans,</strong></span> <span class='ocrx_word' id='word_1_713' title='bbox 1457 4464 1574 4506; x_wconf 86' lang='lat' dir='ltr'><strong>ait:</strong></span> <span class='ocrx_word' id='word_1_714' title='bbox 1631 4452 1880 4520; x_wconf 80' lang='lat' dir='ltr'><strong>Corripiet</strong></span> <span class='ocrx_word' id='word_1_715' title='bbox 1931 4467 2010 4505; x_wconf 88' lang='lat' dir='ltr'><strong>me</strong></span> 
     </span>
    </p>
   </div>
   <div class='ocr_carea' id='block_1_92' title="bbox 426 4522 2009 4592">
    <p class='ocr_par' dir='ltr' id='par_1_92' title="bbox 426 4522 2009 4592">
     <span class='ocr_line' id='line_1_92' title="bbox 426 4522 2009 4592; baseline 0 -16"><span class='ocrx_word' id='word_1_716' title='bbox 426 4526 596 4592; x_wconf 77' lang='lat' dir='ltr'><strong>iustus</strong></span> <span class='ocrx_word' id='word_1_717' title='bbox 644 4523 696 4575; x_wconf 86' lang='lat' dir='ltr'><strong>in</strong></span> <span class='ocrx_word' id='word_1_718' title='bbox 745 4522 1130 4590; x_wconf 70' lang='lat' dir='ltr'><strong>misericordia,</strong></span> <span class='ocrx_word' id='word_1_719' title='bbox 1172 4534 1217 4577; x_wconf 86' lang='lat' dir='ltr'><strong>et</strong></span> <span class='ocrx_word' id='word_1_720' title='bbox 1257 4535 1435 4591; x_wconf 84' lang='lat' dir='ltr'><strong>arguet</strong></span> <span class='ocrx_word' id='word_1_721' title='bbox 1477 4540 1587 4591; x_wconf 92' lang='lat' dir='ltr'><strong>me,</strong></span> <span class='ocrx_word' id='word_1_722' title='bbox 1632 4527 1800 4576; x_wconf 84' lang='lat' dir='ltr'><strong>oleum</strong></span> <span class='ocrx_word' id='word_1_723' title='bbox 1838 4532 2009 4576; x_wconf 80' lang='lat' dir='ltr'><strong>autent</strong></span> 
     </span>
    </p>
   </div>
   <div class='ocr_carea' id='block_1_93' title="bbox 430 4594 2007 4664">
    <p class='ocr_par' dir='ltr' id='par_1_93' title="bbox 430 4594 2007 4664">
     <span class='ocr_line' id='line_1_93' title="bbox 430 4594 2007 4664; baseline 0.001 -19"><span class='ocrx_word' id='word_1_724' title='bbox 430 4596 710 4663; x_wconf 74' lang='lat' dir='ltr'><strong>peccatoris</strong></span> <span class='ocrx_word' id='word_1_725' title='bbox 750 4609 851 4645; x_wconf 84' lang='lat' dir='ltr'><strong>non</strong></span> <span class='ocrx_word' id='word_1_726' title='bbox 888 4594 1173 4663; x_wconf 84' lang='lat' dir='ltr'><strong>inipioguat</strong></span> <span class='ocrx_word' id='word_1_727' title='bbox 1213 4608 1365 4664; x_wconf 87' lang='lat' dir='ltr'><strong>caput</strong></span> <span class='ocrx_word' id='word_1_728' title='bbox 1404 4610 1589 4649; x_wconf 87' lang='lat' dir='ltr'><strong>meum.</strong></span> <span class='ocrx_word' id='word_1_729' title='bbox 1629 4597 1816 4648; x_wconf 82' lang='lat' dir='ltr'><strong>Uleuiu</strong></span> <span class='ocrx_word' id='word_1_730' title='bbox 1858 4609 2007 4647; x_wconf 56' lang='lat' dir='ltr'><strong>nam.</strong></span> 
     </span>
    </p>
   </div>
   <div class='ocr_carea' id='block_1_94' title="bbox 426 4665 2007 4734">
    <p class='ocr_par' dir='ltr' id='par_1_94' title="bbox 426 4665 2007 4734">
     <span class='ocr_line' id='line_1_94' title="bbox 426 4665 2007 4734; baseline 0.001 -17"><span class='ocrx_word' id='word_1_731' title='bbox 426 4680 533 4734; x_wconf 88' lang='lat' dir='ltr'><strong>que</strong></span> <span class='ocrx_word' id='word_1_732' title='bbox 584 4666 873 4731; x_wconf 81' lang='lat' dir='ltr'><strong>peccatoris</strong></span> <span class='ocrx_word' id='word_1_733' title='bbox 921 4665 1155 4719; x_wconf 90' lang='lat' dir='ltr'><strong>adulatio</strong></span> <span class='ocrx_word' id='word_1_734' title='bbox 1201 4677 1323 4728; x_wconf 85' lang='lat' dir='ltr'><strong>est,</strong></span> <span class='ocrx_word' id='word_1_735' title='bbox 1375 4682 1492 4734; x_wconf 63' lang='lat' dir='ltr'><strong>quae</strong></span> <span class='ocrx_word' id='word_1_736' title='bbox 1543 4667 1644 4719; x_wconf 88' lang='lat' dir='ltr'><strong>levi</strong></span> <span class='ocrx_word' id='word_1_737' title='bbox 1684 4668 1913 4733; x_wconf 88' lang='lat' dir='ltr'><strong>quadam</strong></span> <span class='ocrx_word' id='word_1_738' title='bbox 1954 4676 2007 4719; x_wconf 85' lang='lat' dir='ltr'><strong>et</strong></span> 
     </span>
    </p>
   </div>
   <div class='ocr_carea' id='block_1_95' title="bbox 430 4736 2008 4805">
    <p class='ocr_par' dir='ltr' id='par_1_95' title="bbox 430 4736 2008 4805">
     <span class='ocr_line' id='line_1_95' title="bbox 430 4736 2008 4805; baseline -0.001 -15"><span class='ocrx_word' id='word_1_739' title='bbox 430 4736 583 4790; x_wconf 83' lang='lat' dir='ltr'><strong>siiavi</strong></span> <span class='ocrx_word' id='word_1_740' title='bbox 622 4736 872 4789; x_wconf 72' lang='lat' dir='ltr'><strong>uiictioiie</strong></span> <span class='ocrx_word' id='word_1_741' title='bbox 910 4744 1070 4805; x_wconf 86' lang='lat' dir='ltr'><strong>caput</strong></span> <span class='ocrx_word' id='word_1_742' title='bbox 1111 4738 1379 4791; x_wconf 88' lang='lat' dir='ltr'><strong>interioris</strong></span> <span class='ocrx_word' id='word_1_743' title='bbox 1420 4738 1650 4790; x_wconf 88' lang='lat' dir='ltr'><strong>hominis</strong></span> <span class='ocrx_word' id='word_1_744' title='bbox 1675 4777 1689 4801; x_wconf 91' lang='lat'><strong>,</strong></span> <span class='ocrx_word' id='word_1_745' title='bbox 1730 4736 1872 4804; x_wconf 89' lang='lat' dir='ltr'><strong>quod</strong></span> <span class='ocrx_word' id='word_1_746' title='bbox 1927 4746 2008 4790; x_wconf 88' lang='lat' dir='ltr'><strong>cst</strong></span> 
     </span>
    </p>
   </div>
   <div class='ocr_carea' id='block_1_96' title="bbox 429 4808 2007 4877">
    <p class='ocr_par' dir='ltr' id='par_1_96' title="bbox 429 4808 2007 4877">
     <span class='ocr_line' id='line_1_96' title="bbox 429 4808 2007 4877; baseline 0.001 -16"><span class='ocrx_word' id='word_1_747' title='bbox 429 4819 546 4871; x_wconf 70' lang='grc' dir='ltr'><strong>(εον,</strong></span> <span class='ocrx_word' id='word_1_748' title='bbox 586 4814 736 4875; x_wconf 81' lang='lat' dir='ltr'><strong>quaSI</strong></span> <span class='ocrx_word' id='word_1_749' title='bbox 780 4811 1026 4876; x_wconf 84' lang='lat' dir='ltr'><strong>tingendo</strong></span> <span class='ocrx_word' id='word_1_750' title='bbox 1063 4808 1330 4861; x_wconf 75' lang='lat' dir='ltr'><strong>dinitidut.</strong></span> <span class='ocrx_word' id='word_1_751' title='bbox 1374 4808 1560 4863; x_wconf 82' lang='lat' dir='ltr'><strong>Melius</strong></span> <span class='ocrx_word' id='word_1_752' title='bbox 1599 4824 1726 4877; x_wconf 88' lang='lat' dir='ltr'><strong>ergo</strong></span> <span class='ocrx_word' id='word_1_753' title='bbox 1755 4809 1854 4861; x_wconf 89' lang='lat' dir='ltr'><strong>sibi</strong></span> <span class='ocrx_word' id='word_1_754' title='bbox 1886 4823 2007 4862; x_wconf 83' lang='lat' dir='ltr'><strong>esse</strong></span> 
     </span>
    </p>
   </div>
   <div class='ocr_carea' id='block_1_97' title="bbox 431 4877 2005 4949">
    <p class='ocr_par' dir='ltr' id='par_1_97' title="bbox 431 4877 2005 4949">
     <span class='ocr_line' id='line_1_97' title="bbox 431 4877 2005 4949; baseline 0.002 -20"><span class='ocrx_word' id='word_1_755' title='bbox 431 4877 566 4931; x_wconf 80' lang='lat' dir='ltr'><strong>dixit</strong></span> <span class='ocrx_word' id='word_1_756' title='bbox 606 4877 867 4946; x_wconf 88' lang='lat' dir='ltr'><strong>propheta</strong></span> <span class='ocrx_word' id='word_1_757' title='bbox 908 4880 1071 4932; x_wconf 86' lang='lat' dir='ltr'><strong>David</strong></span> <span class='ocrx_word' id='word_1_758' title='bbox 1096 4921 1111 4941; x_wconf 90' lang='lat'><strong>,</strong></span> <span class='ocrx_word' id='word_1_759' title='bbox 1152 4881 1220 4934; x_wconf 87' lang='lat' dir='ltr'><strong>ab</strong></span> <span class='ocrx_word' id='word_1_760' title='bbox 1261 4880 1475 4933; x_wconf 86' lang='lat' dir='ltr'><strong>homine</strong></span> <span class='ocrx_word' id='word_1_761' title='bbox 1509 4880 1654 4949; x_wconf 84' lang='lat' dir='ltr'><strong>justo</strong></span> <span class='ocrx_word' id='word_1_762' title='bbox 1693 4881 1877 4947; x_wconf 80' lang='lat' dir='ltr'><strong>argui,</strong></span> <span class='ocrx_word' id='word_1_763' title='bbox 1921 4880 2005 4933; x_wconf 82' lang='lat' dir='ltr'><strong>vel</strong></span> 
     </span>
    </p>
   </div>
   <div class='ocr_carea' id='block_1_98' title="bbox 434 4952 2008 5018">
    <p class='ocr_par' dir='ltr' id='par_1_98' title="bbox 434 4952 2008 5018">
     <span class='ocr_line' id='line_1_98' title="bbox 434 4952 2008 5018; baseline 0.003 -18"><span class='ocrx_word' id='word_1_764' title='bbox 434 4954 677 5013; x_wconf 87' lang='lat' dir='ltr'><strong>moiieii,</strong></span> <span class='ocrx_word' id='word_1_765' title='bbox 728 4964 882 5010; x_wconf 79' lang='lat' dir='ltr'><strong>quam</strong></span> <span class='ocrx_word' id='word_1_766' title='bbox 933 4964 961 5001; x_wconf 91' lang='lat' dir='ltr'><strong>a</strong></span> <span class='ocrx_word' id='word_1_767' title='bbox 1013 4952 1200 5018; x_wconf 89' lang='lat' dir='ltr'><strong>quovis</strong></span> <span class='ocrx_word' id='word_1_768' title='bbox 1244 4952 1519 5004; x_wconf 86' lang='lat' dir='ltr'><strong>adiilatore</strong></span> <span class='ocrx_word' id='word_1_769' title='bbox 1570 4952 1793 5004; x_wconf 85' lang='lat' dir='ltr'><strong>laudari.</strong></span> <span class='ocrx_word' id='word_1_770' title='bbox 1845 4954 2008 5005; x_wconf 80' lang='lat' dir='ltr'><strong>llecte</strong></span> 
     </span>
    </p>
   </div>
   <div class='ocr_carea' id='block_1_99' title="bbox 2122 3743 3708 3813">
    <p class='ocr_par' dir='ltr' id='par_1_99' title="bbox 2122 3743 3708 3813">
     <span class='ocr_line' id='line_1_99' title="bbox 2122 3743 3708 3813; baseline 0.002 -14"><span class='ocrx_word' id='word_1_771' title='bbox 2122 3743 2348 3812; x_wconf 81' lang='lat' dir='ltr'><strong>habeas,</strong></span> <span class='ocrx_word' id='word_1_772' title='bbox 2387 3747 2548 3799; x_wconf 84' lang='lat' dir='ltr'><strong>etiam</strong></span> <span class='ocrx_word' id='word_1_773' title='bbox 2594 3747 2695 3798; x_wconf 91' lang='lat' dir='ltr'><strong>hoc</strong></span> <span class='ocrx_word' id='word_1_774' title='bbox 2727 3746 3056 3813; x_wconf 86' lang='lat' dir='ltr'><strong>superlluum</strong></span> <span class='ocrx_word' id='word_1_775' title='bbox 3093 3743 3289 3797; x_wconf 87' lang='lat' dir='ltr'><strong>addere</strong></span> <span class='ocrx_word' id='word_1_776' title='bbox 3333 3743 3708 3802; x_wconf 86' lang='lat' dir='ltr'><strong>moderamen.</strong></span> 
     </span>
    </p>
   </div>
   <div class='ocr_carea' id='block_1_100' title="bbox 2117 3814 3710 3886">
    <p class='ocr_par' dir='ltr' id='par_1_100' title="bbox 2117 3814 3710 3886">
     <span class='ocr_line' id='line_1_100' title="bbox 2117 3814 3710 3886; baseline 0 -17"><span class='ocrx_word' id='word_1_777' title='bbox 2117 3818 2251 3886; x_wconf 86' lang='lat' dir='ltr'><strong>Quia</strong></span> <span class='ocrx_word' id='word_1_778' title='bbox 2278 3819 2344 3869; x_wconf 87' lang='lat' dir='ltr'><strong>ibi</strong></span> <span class='ocrx_word' id='word_1_779' title='bbox 2368 3832 2581 3885; x_wconf 89' lang='lat' dir='ltr'><strong>semper</strong></span> <span class='ocrx_word' id='word_1_780' title='bbox 2609 3817 2855 3870; x_wconf 84' lang='lat' dir='ltr'><strong>elationis</strong></span> <span class='ocrx_word' id='word_1_781' title='bbox 2878 3815 3067 3867; x_wconf 82' lang='lat' dir='ltr'><strong>fortior</strong></span> <span class='ocrx_word' id='word_1_782' title='bbox 3098 3823 3285 3867; x_wconf 90' lang='lat' dir='ltr'><strong>ventus</strong></span> <span class='ocrx_word' id='word_1_783' title='bbox 3301 3823 3403 3879; x_wconf 89' lang='lat' dir='ltr'><strong>est,</strong></span> <span class='ocrx_word' id='word_1_784' title='bbox 3429 3814 3516 3869; x_wconf 86' lang='lat' dir='ltr'><strong>tibi</strong></span> <span class='ocrx_word' id='word_1_785' title='bbox 3536 3817 3710 3869; x_wconf 84' lang='lat' dir='ltr'><strong>hono-</strong></span> 
     </span>
    </p>
   </div>
   <div class='ocr_carea' id='block_1_101' title="bbox 2118 3884 3715 3955">
    <p class='ocr_par' dir='ltr' id='par_1_101' title="bbox 2118 3884 3715 3955">
     <span class='ocr_line' id='line_1_101' title="bbox 2118 3884 3715 3955; baseline -0.003 -12"><span class='ocrx_word' id='word_1_786' title='bbox 2118 3884 2191 3943; x_wconf 87' lang='lat' dir='ltr'><strong>ris</strong></span> <span class='ocrx_word' id='word_1_787' title='bbox 2217 3888 2405 3941; x_wconf 87' lang='lat' dir='ltr'><strong>l&#39;ortior</strong></span> <span class='ocrx_word' id='word_1_788' title='bbox 2426 3884 2671 3940; x_wconf 88' lang='lat' dir='ltr'><strong>altitudo.</strong></span> <span class='ocrx_word' id='word_1_789' title='bbox 2697 3886 2865 3955; x_wconf 78' lang='lat' dir='ltr'><strong>Cupio</strong></span> <span class='ocrx_word' id='word_1_790' title='bbox 2906 3900 3035 3954; x_wconf 88' lang='lat' dir='ltr'><strong>ergo</strong></span> <span class='ocrx_word' id='word_1_791' title='bbox 3082 3895 3133 3938; x_wconf 90' lang='lat' dir='ltr'><strong>te</strong></span> <span class='ocrx_word' id='word_1_792' title='bbox 3181 3894 3305 3938; x_wconf 87' lang='lat' dir='ltr'><strong>ante</strong></span> <span class='ocrx_word' id='word_1_793' title='bbox 3347 3887 3533 3939; x_wconf 88' lang='lat' dir='ltr'><strong>oculos</strong></span> <span class='ocrx_word' id='word_1_794' title='bbox 3570 3884 3715 3954; x_wconf 61' lang='lat' dir='ltr'><strong>Dei,&quot;</strong></span> 
     </span>
    </p>
   </div>
   <div class='ocr_carea' id='block_1_102' title="bbox 2115 3956 3703 4029">
    <p class='ocr_par' dir='ltr' id='par_1_102' title="bbox 2115 3956 3703 4029">
     <span class='ocr_line' id='line_1_102' title="bbox 2115 3956 3703 4029; baseline 0.002 -20"><span class='ocrx_word' id='word_1_795' title='bbox 2115 3962 2309 4029; x_wconf 88' lang='lat' dir='ltr'><strong>quibus</strong></span> <span class='ocrx_word' id='word_1_796' title='bbox 2329 3960 2467 4011; x_wconf 88' lang='lat' dir='ltr'><strong>nuda</strong></span> <span class='ocrx_word' id='word_1_797' title='bbox 2493 3960 2819 4027; x_wconf 82' lang='lat' dir='ltr'><strong>estabyssiis</strong></span> <span class='ocrx_word' id='word_1_798' title='bbox 2840 3958 3088 4029; x_wconf 81' lang='lat' dir='ltr'><strong>humanae</strong></span> <span class='ocrx_word' id='word_1_799' title='bbox 3108 3956 3449 4029; x_wconf 70' lang='lat' dir='ltr'><strong>consi-iemiae</strong></span> <span class='ocrx_word' id='word_1_800' title='bbox 3471 4000 3485 4022; x_wconf 93' lang='lat'><strong>,</strong></span> <span class='ocrx_word' id='word_1_801' title='bbox 3512 3957 3703 4012; x_wconf 88' lang='lat' dir='ltr'><strong>humili</strong></span> 
     </span>
    </p>
   </div>
   <div class='ocr_carea' id='block_1_103' title="bbox 2115 4028 3713 4098">
    <p class='ocr_par' dir='ltr' id='par_1_103' title="bbox 2115 4028 3713 4098">
     <span class='ocr_line' id='line_1_103' title="bbox 2115 4028 3713 4098; baseline -0.002 -14"><span class='ocrx_word' id='word_1_802' title='bbox 2115 4030 2279 4084; x_wconf 89' lang='lat' dir='ltr'><strong>corde</strong></span> <span class='ocrx_word' id='word_1_803' title='bbox 2323 4043 2537 4098; x_wconf 88' lang='lat' dir='ltr'><strong>semper</strong></span> <span class='ocrx_word' id='word_1_804' title='bbox 2583 4031 2860 4092; x_wconf 85' lang='lat' dir='ltr'><strong>incedere,</strong></span> <span class='ocrx_word' id='word_1_805' title='bbox 2902 4028 3023 4098; x_wconf 88' lang='lat' dir='ltr'><strong>quia</strong></span> <span class='ocrx_word' id='word_1_806' title='bbox 3072 4028 3327 4095; x_wconf 83' lang='lat' dir='ltr'><strong>scriptum</strong></span> <span class='ocrx_word' id='word_1_807' title='bbox 3383 4038 3504 4081; x_wconf 88' lang='lat' dir='ltr'><strong>est:</strong></span> <span class='ocrx_word' id='word_1_808' title='bbox 3539 4030 3713 4095; x_wconf 79' lang='lat' dir='ltr'><strong>Super</strong></span> 
     </span>
    </p>
   </div>
   <div class='ocr_carea' id='block_1_104' title="bbox 2113 4099 3713 4170">
    <p class='ocr_par' dir='ltr' id='par_1_104' title="bbox 2113 4099 3713 4170">
     <span class='ocr_line' id='line_1_104' title="bbox 2113 4099 3713 4170; baseline -0.001 -17"><span class='ocrx_word' id='word_1_809' title='bbox 2113 4117 2264 4170; x_wconf 88' lang='lat' dir='ltr'><strong>quem</strong></span> <span class='ocrx_word' id='word_1_810' title='bbox 2296 4102 2489 4168; x_wconf 87' lang='lat' dir='ltr'><strong>(inquit</strong></span> <span class='ocrx_word' id='word_1_811' title='bbox 2517 4099 2795 4164; x_wconf 87' lang='lat' dir='ltr'><strong>Dominus)</strong></span> <span class='ocrx_word' id='word_1_812' title='bbox 2826 4100 3101 4167; x_wconf 82' lang='lat' dir='ltr'><strong>requiescet</strong></span> <span class='ocrx_word' id='word_1_813' title='bbox 3129 4099 3375 4170; x_wconf 68' lang='lat' dir='ltr'><strong>Spiritus</strong></span> <span class='ocrx_word' id='word_1_814' title='bbox 3399 4115 3565 4168; x_wconf 85' lang='lat' dir='ltr'><strong>meus,</strong></span> <span class='ocrx_word' id='word_1_815' title='bbox 3609 4100 3713 4152; x_wconf 86' lang='lat' dir='ltr'><strong>nisi</strong></span> 
     </span>
    </p>
   </div>
   <div class='ocr_carea' id='block_1_105' title="bbox 2112 4168 3715 4243">
    <p class='ocr_par' dir='ltr' id='par_1_105' title="bbox 2112 4168 3715 4243">
     <span class='ocr_line' id='line_1_105' title="bbox 2112 4168 3715 4243; baseline -0.002 -16"><span class='ocrx_word' id='word_1_816' title='bbox 2112 4168 2265 4243; x_wconf 77' lang='lat' dir='ltr'><strong>super</strong></span> <span class='ocrx_word' id='word_1_817' title='bbox 2286 4171 2564 4243; x_wconf 85' lang='lat' dir='ltr'><strong>humilem,</strong></span> <span class='ocrx_word' id='word_1_818' title='bbox 2598 4186 2642 4223; x_wconf 89' lang='lat' dir='ltr'><strong>et</strong></span> <span class='ocrx_word' id='word_1_819' title='bbox 2674 4184 2966 4223; x_wconf 82' lang='lat' dir='ltr'><strong>trementem</strong></span> <span class='ocrx_word' id='word_1_820' title='bbox 2987 4171 3135 4222; x_wconf 88' lang='lat' dir='ltr'><strong>verba</strong></span> <span class='ocrx_word' id='word_1_821' title='bbox 3167 4170 3313 4243; x_wconf 81' lang='lat' dir='ltr'><strong>mea?</strong></span> <span class='ocrx_word' id='word_1_822' title='bbox 3339 4168 3508 4237; x_wconf 86' lang='lat' dir='ltr'><strong>Cupio</strong></span> <span class='ocrx_word' id='word_1_823' title='bbox 3533 4185 3583 4226; x_wconf 90' lang='lat' dir='ltr'><strong>te</strong></span> <span class='ocrx_word' id='word_1_824' title='bbox 3601 4186 3715 4225; x_wconf 86' lang='lat' dir='ltr'><strong>utn-</strong></span> 
     </span>
    </p>
   </div>
   <div class='ocr_carea' id='block_1_106' title="bbox 2114 4242 3709 4311">
    <p class='ocr_par' dir='ltr' id='par_1_106' title="bbox 2114 4242 3709 4311">
     <span class='ocr_line' id='line_1_106' title="bbox 2114 4242 3709 4311; baseline -0.001 -14"><span class='ocrx_word' id='word_1_825' title='bbox 2114 4245 2200 4297; x_wconf 84' lang='lat' dir='ltr'><strong>nia</strong></span> <span class='ocrx_word' id='word_1_826' title='bbox 2226 4253 2475 4296; x_wconf 72' lang='lat' dir='ltr'><strong>mandata</strong></span> <span class='ocrx_word' id='word_1_827' title='bbox 2498 4242 2698 4295; x_wconf 74' lang='lat' dir='ltr'><strong>Curisti</strong></span> <span class='ocrx_word' id='word_1_828' title='bbox 2728 4257 2964 4305; x_wconf 81' lang='lat' dir='ltr'><strong>servate,</strong></span> <span class='ocrx_word' id='word_1_829' title='bbox 2996 4252 3048 4293; x_wconf 88' lang='lat' dir='ltr'><strong>et</strong></span> <span class='ocrx_word' id='word_1_830' title='bbox 3077 4257 3197 4293; x_wconf 88' lang='lat' dir='ltr'><strong>cum</strong></span> <span class='ocrx_word' id='word_1_831' title='bbox 3228 4242 3317 4295; x_wconf 90' lang='lat' dir='ltr'><strong>illa</strong></span> <span class='ocrx_word' id='word_1_832' title='bbox 3335 4245 3585 4311; x_wconf 76' lang='lat' dir='ltr'><strong>cperibus</strong></span> <span class='ocrx_word' id='word_1_833' title='bbox 3611 4245 3709 4295; x_wconf 89' lang='lat' dir='ltr'><strong>bo-</strong></span> 
     </span>
    </p>
   </div>
   <div class='ocr_carea' id='block_1_107' title="bbox 2113 4314 3709 4381">
    <p class='ocr_par' dir='ltr' id='par_1_107' title="bbox 2113 4314 3709 4381">
     <span class='ocr_line' id='line_1_107' title="bbox 2113 4314 3709 4381; baseline 0.001 -15"><span class='ocrx_word' id='word_1_834' title='bbox 2113 4318 2197 4366; x_wconf 88' lang='lat' dir='ltr'><strong>nis</strong></span> <span class='ocrx_word' id='word_1_835' title='bbox 2228 4316 2554 4381; x_wconf 87' lang='lat' dir='ltr'><strong>adiinpleas,</strong></span> <span class='ocrx_word' id='word_1_836' title='bbox 2599 4314 2723 4365; x_wconf 91' lang='lat' dir='ltr'><strong>illud</strong></span> <span class='ocrx_word' id='word_1_837' title='bbox 2761 4315 2902 4381; x_wconf 84' lang='lat' dir='ltr'><strong>quod</strong></span> <span class='ocrx_word' id='word_1_838' title='bbox 2934 4314 3064 4376; x_wconf 89' lang='lat' dir='ltr'><strong>ipsis</strong></span> <span class='ocrx_word' id='word_1_839' title='bbox 3093 4314 3352 4379; x_wconf 81' lang='lat' dir='ltr'><strong>ap0stolis</strong></span> <span class='ocrx_word' id='word_1_840' title='bbox 3394 4314 3593 4367; x_wconf 89' lang='lat' dir='ltr'><strong>dictum</strong></span> <span class='ocrx_word' id='word_1_841' title='bbox 3625 4324 3709 4368; x_wconf 80' lang='lat' dir='ltr'><strong>est</strong></span> 
     </span>
    </p>
   </div>
   <div class='ocr_carea' id='block_1_108' title="bbox 2113 4381 3709 4453">
    <p class='ocr_par' dir='ltr' id='par_1_108' title="bbox 2113 4381 3709 4453">
     <span class='ocr_line' id='line_1_108' title="bbox 2113 4381 3709 4453; baseline 0 -16"><span class='ocrx_word' id='word_1_842' title='bbox 2113 4387 2409 4437; x_wconf 87' lang='lat' dir='ltr'><strong>recordari.</strong></span> <span class='ocrx_word' id='word_1_843' title='bbox 2438 4383 2687 4437; x_wconf 75' lang='lat' dir='ltr'><strong>Aitenin</strong></span> <span class='ocrx_word' id='word_1_844' title='bbox 2722 4383 2828 4435; x_wconf 85' lang='lat' dir='ltr'><strong>iliis</strong></span> <span class='ocrx_word' id='word_1_845' title='bbox 2863 4400 2875 4434; x_wconf 93' lang='lat'><strong>:</strong></span> <span class='ocrx_word' id='word_1_846' title='bbox 2911 4381 2978 4435; x_wconf 80' lang='lat' dir='ltr'><strong>Et</strong></span> <span class='ocrx_word' id='word_1_847' title='bbox 3010 4398 3128 4434; x_wconf 86' lang='lat' dir='ltr'><strong>cum</strong></span> <span class='ocrx_word' id='word_1_848' title='bbox 3150 4386 3256 4437; x_wconf 77' lang='lat' dir='ltr'><strong>quc</strong></span> <span class='ocrx_word' id='word_1_849' title='bbox 3293 4387 3464 4437; x_wconf 84' lang='lat' dir='ltr'><strong>omnia</strong></span> <span class='ocrx_word' id='word_1_850' title='bbox 3488 4385 3709 4453; x_wconf 73' lang='lat' dir='ltr'><strong>feceritis</strong></span> 
     </span>
    </p>
   </div>
   <div class='ocr_carea' id='block_1_109' title="bbox 2110 4454 3712 4523">
    <p class='ocr_par' dir='ltr' id='par_1_109' title="bbox 2110 4454 3712 4523">
     <span class='ocr_line' id='line_1_109' title="bbox 2110 4454 3712 4523; baseline 0.002 -18"><span class='ocrx_word' id='word_1_851' title='bbox 2110 4470 2226 4522; x_wconf 77' lang='lat' dir='ltr'><strong>qua:</strong></span> <span class='ocrx_word' id='word_1_852' title='bbox 2252 4456 2442 4506; x_wconf 87' lang='lat' dir='ltr'><strong>mando</strong></span> <span class='ocrx_word' id='word_1_853' title='bbox 2464 4456 2623 4521; x_wconf 83' lang='lat' dir='ltr'><strong>vobis,</strong></span> <span class='ocrx_word' id='word_1_854' title='bbox 2654 4454 2807 4507; x_wconf 82' lang='lat' dir='ltr'><strong>dieite</strong></span> <span class='ocrx_word' id='word_1_855' title='bbox 2826 4454 2948 4523; x_wconf 85' lang='lat' dir='ltr'><strong>quia</strong></span> <span class='ocrx_word' id='word_1_856' title='bbox 2972 4455 3099 4507; x_wconf 83' lang='lat' dir='ltr'><strong>servi</strong></span> <span class='ocrx_word' id='word_1_857' title='bbox 3130 4456 3333 4507; x_wconf 76' lang='lat' dir='ltr'><strong>Inutiles</strong></span> <span class='ocrx_word' id='word_1_858' title='bbox 3356 4459 3568 4523; x_wconf 69' lang='grc' dir='ltr'><strong>[ιιᾰιηιως³</strong></span> <span class='ocrx_word' id='word_1_859' title='bbox 3598 4470 3712 4523; x_wconf 73' lang='lat' dir='ltr'><strong>qui:</strong></span> 
     </span>
    </p>
   </div>
   <div class='ocr_carea' id='block_1_110' title="bbox 2112 4526 3708 4593">
    <p class='ocr_par' dir='ltr' id='par_1_110' title="bbox 2112 4526 3708 4593">
     <span class='ocr_line' id='line_1_110' title="bbox 2112 4526 3708 4593; baseline 0.001 -15"><span class='ocrx_word' id='word_1_860' title='bbox 2112 4526 2372 4578; x_wconf 79' lang='lat' dir='ltr'><strong>debuimus</strong></span> <span class='ocrx_word' id='word_1_861' title='bbox 2413 4526 2578 4587; x_wconf 70' lang='lat' dir='ltr'><strong>facere</strong></span> <span class='ocrx_word' id='word_1_862' title='bbox 2607 4526 2851 4591; x_wconf 76' lang='lat' dir='ltr'><strong>fecimus;</strong></span> <span class='ocrx_word' id='word_1_863' title='bbox 2879 4527 2928 4578; x_wconf 92' lang='lat' dir='ltr'><strong>id</strong></span> <span class='ocrx_word' id='word_1_864' title='bbox 2950 4534 3051 4585; x_wconf 85' lang='lat' dir='ltr'><strong>est,</strong></span> <span class='ocrx_word' id='word_1_865' title='bbox 3078 4540 3182 4578; x_wconf 87' lang='lat' dir='ltr'><strong>non</strong></span> <span class='ocrx_word' id='word_1_866' title='bbox 3205 4541 3266 4578; x_wconf 78' lang='lat' dir='ltr'><strong>ex</strong></span> <span class='ocrx_word' id='word_1_867' title='bbox 3291 4527 3431 4578; x_wconf 86' lang='lat' dir='ltr'><strong>dono</strong></span> <span class='ocrx_word' id='word_1_868' title='bbox 3460 4539 3708 4593; x_wconf 76' lang='lat' dir='ltr'><strong>tatiqiiuiit</strong></span> 
     </span>
    </p>
   </div>
   <div class='ocr_carea' id='block_1_111' title="bbox 2112 4596 3710 4665">
    <p class='ocr_par' dir='ltr' id='par_1_111' title="bbox 2112 4596 3710 4665">
     <span class='ocr_line' id='line_1_111' title="bbox 2112 4596 3710 4665; baseline -0.001 -14"><span class='ocrx_word' id='word_1_869' title='bbox 2112 4598 2288 4661; x_wconf 66' lang='lat' dir='ltr'><strong>liberi,</strong></span> <span class='ocrx_word' id='word_1_870' title='bbox 2313 4598 2404 4649; x_wconf 87' lang='lat' dir='ltr'><strong>sed</strong></span> <span class='ocrx_word' id='word_1_871' title='bbox 2426 4612 2487 4649; x_wconf 76' lang='lat' dir='ltr'><strong>ex</strong></span> <span class='ocrx_word' id='word_1_872' title='bbox 2514 4596 2691 4649; x_wconf 83' lang='lat' dir='ltr'><strong>debito</strong></span> <span class='ocrx_word' id='word_1_873' title='bbox 2716 4605 2963 4665; x_wconf 80' lang='lat' dir='ltr'><strong>tanquam</strong></span> <span class='ocrx_word' id='word_1_874' title='bbox 2987 4599 3147 4650; x_wconf 76' lang='lat' dir='ltr'><strong>servi.</strong></span> <span class='ocrx_word' id='word_1_875' title='bbox 3168 4598 3347 4648; x_wconf 54' lang='lat' dir='ltr'><strong>bullus</strong></span> <span class='ocrx_word' id='word_1_876' title='bbox 3368 4599 3509 4649; x_wconf 89' lang='lat' dir='ltr'><strong>enim</strong></span> <span class='ocrx_word' id='word_1_877' title='bbox 3529 4612 3710 4663; x_wconf 88' lang='lat' dir='ltr'><strong>quatit-</strong></span> 
     </span>
    </p>
   </div>
   <div class='ocr_carea' id='block_1_112' title="bbox 2110 4665 3704 4734">
    <p class='ocr_par' dir='ltr' id='par_1_112' title="bbox 2110 4665 3704 4734">
     <span class='ocr_line' id='line_1_112' title="bbox 2110 4665 3704 4734; baseline -0.001 -13"><span class='ocrx_word' id='word_1_878' title='bbox 2110 4668 2191 4721; x_wconf 85' lang='lat' dir='ltr'><strong>vis</strong></span> <span class='ocrx_word' id='word_1_879' title='bbox 2224 4665 2487 4733; x_wconf 78' lang='lat' dir='ltr'><strong>perfectUs</strong></span> <span class='ocrx_word' id='word_1_880' title='bbox 2511 4668 2561 4719; x_wconf 91' lang='lat' dir='ltr'><strong>iii</strong></span> <span class='ocrx_word' id='word_1_881' title='bbox 2585 4670 2832 4721; x_wconf 87' lang='lat' dir='ltr'><strong>omnibus</strong></span> <span class='ocrx_word' id='word_1_882' title='bbox 2854 4682 2953 4731; x_wconf 69' lang='grc' dir='ltr'><strong>νιν,</strong></span> <span class='ocrx_word' id='word_1_883' title='bbox 2971 4671 3039 4718; x_wconf 84' lang='lat' dir='ltr'><strong>ita</strong></span> <span class='ocrx_word' id='word_1_884' title='bbox 3057 4666 3338 4733; x_wconf 86' lang='lat' dir='ltr'><strong>aliquando</strong></span> <span class='ocrx_word' id='word_1_885' title='bbox 3364 4670 3473 4717; x_wconf 70' lang='lat' dir='ltr'><strong>hiet:</strong></span> <span class='ocrx_word' id='word_1_886' title='bbox 3497 4681 3704 4734; x_wconf 66' lang='lat' dir='ltr'><strong>praeoc-</strong></span> 
     </span>
    </p>
   </div>
   <div class='ocr_carea' id='block_1_113' title="bbox 2110 4736 3708 4807">
    <p class='ocr_par' dir='ltr' id='par_1_113' title="bbox 2110 4736 3708 4807">
     <span class='ocr_line' id='line_1_113' title="bbox 2110 4736 3708 4807; baseline 0.001 -17"><span class='ocrx_word' id='word_1_887' title='bbox 2110 4740 2357 4807; x_wconf 55' lang='lat' dir='ltr'><strong>cupavit,</strong></span> <span class='ocrx_word' id='word_1_888' title='bbox 2400 4753 2518 4807; x_wconf 75' lang='lat' dir='ltr'><strong>qua:</strong></span> <span class='ocrx_word' id='word_1_889' title='bbox 2558 4738 2666 4791; x_wconf 91' lang='lat' dir='ltr'><strong>Deo</strong></span> <span class='ocrx_word' id='word_1_890' title='bbox 2710 4749 2833 4791; x_wconf 90' lang='lat' dir='ltr'><strong>sunt</strong></span> <span class='ocrx_word' id='word_1_891' title='bbox 2884 4738 3113 4804; x_wconf 90' lang='lat' dir='ltr'><strong>placita,</strong></span> <span class='ocrx_word' id='word_1_892' title='bbox 3143 4745 3198 4787; x_wconf 93' lang='lat' dir='ltr'><strong>ut</strong></span> <span class='ocrx_word' id='word_1_893' title='bbox 3230 4736 3373 4801; x_wconf 81' lang='lat' dir='ltr'><strong>prius</strong></span> <span class='ocrx_word' id='word_1_894' title='bbox 3400 4737 3597 4804; x_wconf 88' lang='lat' dir='ltr'><strong>aliquid</strong></span> <span class='ocrx_word' id='word_1_895' title='bbox 3633 4737 3708 4793; x_wconf 90' lang='lat' dir='ltr'><strong>illi</strong></span> 
     </span>
    </p>
   </div>
   <div class='ocr_carea' id='block_1_114' title="bbox 2111 4807 3706 4873">
    <p class='ocr_par' dir='ltr' id='par_1_114' title="bbox 2111 4807 3706 4873">
     <span class='ocr_line' id='line_1_114' title="bbox 2111 4807 3706 4873; baseline 0.001 -11"><span class='ocrx_word' id='word_1_896' title='bbox 2111 4810 2379 4873; x_wconf 82' lang='lat' dir='ltr'><strong>feneraiis,</strong></span> <span class='ocrx_word' id='word_1_897' title='bbox 2422 4825 2527 4862; x_wconf 90' lang='lat' dir='ltr'><strong>non</strong></span> <span class='ocrx_word' id='word_1_898' title='bbox 2558 4810 2706 4863; x_wconf 86' lang='lat' dir='ltr'><strong>debit</strong></span> <span class='ocrx_word' id='word_1_899' title='bbox 2742 4825 2769 4862; x_wconf 85' lang='grc' dir='ltr'><strong>ι·</strong></span> <span class='ocrx_word' id='word_1_900' title='bbox 2805 4808 2965 4860; x_wconf 82' lang='lat' dir='ltr'><strong>fuerit</strong></span> <span class='ocrx_word' id='word_1_901' title='bbox 2987 4846 3000 4869; x_wconf 93' lang='lat'><strong>,</strong></span> <span class='ocrx_word' id='word_1_902' title='bbox 3024 4807 3115 4856; x_wconf 86' lang='lat' dir='ltr'><strong>sed</strong></span> <span class='ocrx_word' id='word_1_903' title='bbox 3146 4817 3382 4857; x_wconf 85' lang='lat' dir='ltr'><strong>exactor.</strong></span> <span class='ocrx_word' id='word_1_904' title='bbox 3408 4815 3536 4870; x_wconf 67' lang='lat' dir='ltr'><strong>Quis</strong></span> <span class='ocrx_word' id='word_1_905' title='bbox 3560 4809 3706 4863; x_wconf 86' lang='lat' dir='ltr'><strong>enini</strong></span> 
     </span>
    </p>
   </div>
   <div class='ocr_carea' id='block_1_115' title="bbox 2109 4876 3706 4949">
    <p class='ocr_par' dir='ltr' id='par_1_115' title="bbox 2109 4876 3706 4949">
     <span class='ocr_line' id='line_1_115' title="bbox 2109 4876 3706 4949; baseline -0.001 -15"><span class='ocrx_word' id='word_1_906' title='bbox 2109 4884 2305 4949; x_wconf 88' lang='lat' dir='ltr'><strong>aliquid</strong></span> <span class='ocrx_word' id='word_1_907' title='bbox 2341 4882 2519 4944; x_wconf 83' lang='lat' dir='ltr'><strong>habet,</strong></span> <span class='ocrx_word' id='word_1_908' title='bbox 2550 4884 2689 4948; x_wconf 88' lang='lat' dir='ltr'><strong>quod</strong></span> <span class='ocrx_word' id='word_1_909' title='bbox 2717 4884 2784 4931; x_wconf 88' lang='lat' dir='ltr'><strong>ab</strong></span> <span class='ocrx_word' id='word_1_910' title='bbox 2828 4878 2915 4929; x_wconf 92' lang='lat' dir='ltr'><strong>illo</strong></span> <span class='ocrx_word' id='word_1_911' title='bbox 2952 4876 3267 4949; x_wconf 82' lang='lat' dir='ltr'><strong>iioiidatiitn</strong></span> <span class='ocrx_word' id='word_1_912' title='bbox 3297 4881 3412 4931; x_wconf 88' lang='lat' dir='ltr'><strong>est?</strong></span> <span class='ocrx_word' id='word_1_913' title='bbox 3440 4882 3540 4931; x_wconf 76' lang='lat' dir='ltr'><strong>Aut</strong></span> <span class='ocrx_word' id='word_1_914' title='bbox 3564 4898 3706 4947; x_wconf 83' lang='lat' dir='ltr'><strong>quis,</strong></span> 
     </span>
    </p>
   </div>
   <div class='ocr_carea' id='block_1_116' title="bbox 2111 4947 3711 5018">
    <p class='ocr_par' dir='ltr' id='par_1_116' title="bbox 2111 4947 3711 5018">
     <span class='ocr_line' id='line_1_116' title="bbox 2111 4947 3711 5018; baseline -0.001 -11"><span class='ocrx_word' id='word_1_915' title='bbox 2111 4947 2242 5007; x_wconf 82' lang='lat' dir='ltr'><strong>sicut</strong></span> <span class='ocrx_word' id='word_1_916' title='bbox 2274 4953 2560 5018; x_wconf 83' lang='lat' dir='ltr'><strong>Apostolus</strong></span> <span class='ocrx_word' id='word_1_917' title='bbox 2588 4953 2681 5013; x_wconf 90' lang='lat' dir='ltr'><strong>ait,</strong></span> <span class='ocrx_word' id='word_1_918' title='bbox 2713 4950 2851 5017; x_wconf 87' lang='lat' dir='ltr'><strong>prior</strong></span> <span class='ocrx_word' id='word_1_919' title='bbox 2880 4947 3018 4998; x_wconf 84' lang='lat' dir='ltr'><strong>dedit</strong></span> <span class='ocrx_word' id='word_1_920' title='bbox 3048 4948 3165 5018; x_wconf 85' lang='lat' dir='ltr'><strong>illi,</strong></span> <span class='ocrx_word' id='word_1_921' title='bbox 3206 4956 3250 5000; x_wconf 88' lang='lat' dir='ltr'><strong>et</strong></span> <span class='ocrx_word' id='word_1_922' title='bbox 3294 4954 3597 5002; x_wconf 74' lang='lat' dir='ltr'><strong>reti-iuuetur</strong></span> <span class='ocrx_word' id='word_1_923' title='bbox 3625 4953 3711 5005; x_wconf 83' lang='lat' dir='ltr'><strong>ei?</strong></span> 
     </span>
    </p>
   </div>
   <div class='ocr_carea' id='block_1_117' title="bbox 432 5017 3711 5092">
    <p class='ocr_par' dir='ltr' id='par_1_117' title="bbox 432 5017 3711 5092">
     <span class='ocr_line' id='line_1_117' title="bbox 432 5017 3711 5092; baseline 0.002 -22"><span class='ocrx_word' id='word_1_924' title='bbox 432 5027 610 5092; x_wconf 80' lang='lat' dir='ltr'><strong>autem</strong></span> <span class='ocrx_word' id='word_1_925' title='bbox 660 5018 987 5092; x_wconf 79' lang='lat' dir='ltr'><strong>adulatorum</strong></span> <span class='ocrx_word' id='word_1_926' title='bbox 1020 5017 1311 5087; x_wconf 82' lang='lat' dir='ltr'><strong>peccatoris</strong></span> <span class='ocrx_word' id='word_1_927' title='bbox 1341 5022 1555 5075; x_wconf 88' lang='lat' dir='ltr'><strong>nomine</strong></span> <span class='ocrx_word' id='word_1_928' title='bbox 1585 5022 1886 5086; x_wconf 84' lang='lat' dir='ltr'><strong>denotavit,</strong></span> <span class='ocrx_word' id='word_1_929' title='bbox 1915 5036 2005 5076; x_wconf 86' lang='lat' dir='ltr'><strong>cii-</strong></span> <span class='ocrx_word' id='word_1_930' title='bbox 2035 5021 2089 5081; x_wconf 89' lang='lat' dir='ltr'><strong>D</strong></span> <span class='ocrx_word' id='word_1_931' title='bbox 2117 5024 2369 5090; x_wconf 76' lang='lat' dir='ltr'><strong>Quoniam</strong></span> <span class='ocrx_word' id='word_1_932' title='bbox 2400 5022 2569 5074; x_wconf 84' lang='lat' dir='ltr'><strong>omnia</strong></span> <span class='ocrx_word' id='word_1_933' title='bbox 2592 5035 2653 5072; x_wconf 77' lang='lat' dir='ltr'><strong>ea:</strong></span> <span class='ocrx_word' id='word_1_934' title='bbox 2676 5020 2820 5085; x_wconf 75' lang='lat' dir='ltr'><strong>ipso,</strong></span> <span class='ocrx_word' id='word_1_935' title='bbox 2842 5028 2890 5071; x_wconf 89' lang='lat' dir='ltr'><strong>et</strong></span> <span class='ocrx_word' id='word_1_936' title='bbox 2923 5034 3011 5086; x_wconf 81' lang='lat' dir='ltr'><strong>per</strong></span> <span class='ocrx_word' id='word_1_937' title='bbox 3038 5017 3237 5088; x_wconf 82' lang='lat' dir='ltr'><strong>ipsum,</strong></span> <span class='ocrx_word' id='word_1_938' title='bbox 3260 5029 3307 5071; x_wconf 84' lang='lat' dir='ltr'><strong>et</strong></span> <span class='ocrx_word' id='word_1_939' title='bbox 3337 5036 3389 5073; x_wconf 85' lang='lat' dir='ltr'><strong>in</strong></span> <span class='ocrx_word' id='word_1_940' title='bbox 3428 5023 3571 5092; x_wconf 85' lang='lat' dir='ltr'><strong>ipso,</strong></span> <span class='ocrx_word' id='word_1_941' title='bbox 3600 5024 3711 5090; x_wconf 77' lang='lat' dir='ltr'><strong>ipse</strong></span> 
     </span>
    </p>
   </div>
   <div class='ocr_carea' id='block_1_118' title="bbox 429 5088 2005 5160">
    <p class='ocr_par' dir='ltr' id='par_1_118' title="bbox 429 5088 2005 5160">
     <span class='ocr_line' id='line_1_118' title="bbox 429 5088 2005 5160; baseline 0.003 -19"><span class='ocrx_word' id='word_1_942' title='bbox 429 5088 518 5160; x_wconf 83' lang='lat' dir='ltr'><strong>jus</strong></span> <span class='ocrx_word' id='word_1_943' title='bbox 551 5090 601 5141; x_wconf 92' lang='lat' dir='ltr'><strong>ld</strong></span> <span class='ocrx_word' id='word_1_944' title='bbox 635 5090 1087 5160; x_wconf 51' lang='lat' dir='ltr'><strong>maximumgaote</strong></span> <span class='ocrx_word' id='word_1_945' title='bbox 1121 5093 1306 5145; x_wconf 90' lang='lat' dir='ltr'><strong>oculos</strong></span> <span class='ocrx_word' id='word_1_946' title='bbox 1348 5092 1437 5145; x_wconf 92' lang='lat' dir='ltr'><strong>Dei</strong></span> <span class='ocrx_word' id='word_1_947' title='bbox 1476 5102 1530 5144; x_wconf 87' lang='lat' dir='ltr'><strong>et</strong></span> <span class='ocrx_word' id='word_1_948' title='bbox 1568 5092 1881 5146; x_wconf 83' lang='lat' dir='ltr'><strong>detestabile</strong></span> <span class='ocrx_word' id='word_1_949' title='bbox 1914 5101 2005 5146; x_wconf 81' lang='lat' dir='ltr'><strong>est</strong></span> 
     </span>
    </p>
   </div>
   <div class='ocr_carea' id='block_1_119' title="bbox 436 5159 2001 5227">
    <p class='ocr_par' dir='ltr' id='par_1_119' title="bbox 436 5159 2001 5227">
     <span class='ocr_line' id='line_1_119' title="bbox 436 5159 2001 5227; baseline 0.002 -16"><span class='ocrx_word' id='word_1_950' title='bbox 436 5168 756 5226; x_wconf 86' lang='lat' dir='ltr'><strong>peccatum,</strong></span> <span class='ocrx_word' id='word_1_951' title='bbox 796 5159 941 5212; x_wconf 87' lang='lat' dir='ltr'><strong>aliud</strong></span> <span class='ocrx_word' id='word_1_952' title='bbox 980 5161 1141 5213; x_wconf 89' lang='lat' dir='ltr'><strong>corde</strong></span> <span class='ocrx_word' id='word_1_953' title='bbox 1183 5173 1364 5213; x_wconf 90' lang='lat' dir='ltr'><strong>tenere</strong></span> <span class='ocrx_word' id='word_1_954' title='bbox 1386 5202 1400 5224; x_wconf 93' lang='lat'><strong>,</strong></span> <span class='ocrx_word' id='word_1_955' title='bbox 1433 5164 1575 5214; x_wconf 88' lang='lat' dir='ltr'><strong>aliud</strong></span> <span class='ocrx_word' id='word_1_956' title='bbox 1604 5176 1698 5215; x_wconf 91' lang='lat' dir='ltr'><strong>ore</strong></span> <span class='ocrx_word' id='word_1_957' title='bbox 1741 5164 2001 5227; x_wconf 71' lang='lat' dir='ltr'><strong>proferre.</strong></span> 
     </span>
    </p>
   </div>
   <div class='ocr_carea' id='block_1_120' title="bbox 439 5230 2007 5300">
    <p class='ocr_par' dir='ltr' id='par_1_120' title="bbox 439 5230 2007 5300">
     <span class='ocr_line' id='line_1_120' title="bbox 439 5230 2007 5300; baseline 0.001 -17"><span class='ocrx_word' id='word_1_958' title='bbox 439 5230 512 5283; x_wconf 92' lang='lat' dir='ltr'><strong>De</strong></span> <span class='ocrx_word' id='word_1_959' title='bbox 544 5232 736 5283; x_wconf 88' lang='lat' dir='ltr'><strong>talibus</strong></span> <span class='ocrx_word' id='word_1_960' title='bbox 765 5230 905 5283; x_wconf 89' lang='lat' dir='ltr'><strong>ettiin</strong></span> <span class='ocrx_word' id='word_1_961' title='bbox 934 5240 987 5283; x_wconf 89' lang='lat' dir='ltr'><strong>et</strong></span> <span class='ocrx_word' id='word_1_962' title='bbox 1014 5231 1065 5284; x_wconf 90' lang='lat' dir='ltr'><strong>iii</strong></span> <span class='ocrx_word' id='word_1_963' title='bbox 1097 5231 1202 5284; x_wconf 90' lang='lat' dir='ltr'><strong>alio</strong></span> <span class='ocrx_word' id='word_1_964' title='bbox 1234 5234 1437 5300; x_wconf 75' lang='lat' dir='ltr'><strong>psalmo</strong></span> <span class='ocrx_word' id='word_1_965' title='bbox 1466 5234 1594 5286; x_wconf 88' lang='lat' dir='ltr'><strong>dicit</strong></span> <span class='ocrx_word' id='word_1_966' title='bbox 1619 5249 1635 5287; x_wconf 84' lang='lat'><strong>:</strong></span> <span class='ocrx_word' id='word_1_967' title='bbox 1670 5232 1858 5284; x_wconf 77' lang='lat' dir='ltr'><strong>Molliti</strong></span> <span class='ocrx_word' id='word_1_968' title='bbox 1888 5239 2007 5285; x_wconf 86' lang='lat' dir='ltr'><strong>sunt</strong></span> 
     </span>
    </p>
   </div>
   <div class='ocr_carea' id='block_1_121' title="bbox 437 5301 2008 5372">
    <p class='ocr_par' dir='ltr' id='par_1_121' title="bbox 437 5301 2008 5372">
     <span class='ocr_line' id='line_1_121' title="bbox 437 5301 2008 5372; baseline 0.004 -20"><span class='ocrx_word' id='word_1_969' title='bbox 437 5316 687 5372; x_wconf 72' lang='lat' dir='ltr'><strong>sermones</strong></span> <span class='ocrx_word' id='word_1_970' title='bbox 727 5301 838 5371; x_wconf 88' lang='lat' dir='ltr'><strong>ejus</strong></span> <span class='ocrx_word' id='word_1_971' title='bbox 877 5316 1029 5369; x_wconf 83' lang='lat' dir='ltr'><strong>super</strong></span> <span class='ocrx_word' id='word_1_972' title='bbox 1066 5305 1233 5355; x_wconf 82' lang='lat' dir='ltr'><strong>oleum</strong></span> <span class='ocrx_word' id='word_1_973' title='bbox 1258 5341 1274 5364; x_wconf 89' lang='lat'><strong>,</strong></span> <span class='ocrx_word' id='word_1_974' title='bbox 1313 5312 1361 5355; x_wconf 88' lang='lat' dir='ltr'><strong>et</strong></span> <span class='ocrx_word' id='word_1_975' title='bbox 1400 5303 1499 5369; x_wconf 86' lang='lat' dir='ltr'><strong>ipsi</strong></span> <span class='ocrx_word' id='word_1_976' title='bbox 1537 5312 1651 5355; x_wconf 86' lang='lat' dir='ltr'><strong>sunt</strong></span> <span class='ocrx_word' id='word_1_977' title='bbox 1681 5304 1882 5372; x_wconf 76' lang='lat' dir='ltr'><strong>jacula.</strong></span> <span class='ocrx_word' id='word_1_978' title='bbox 1936 5305 2008 5357; x_wconf 88' lang='lat' dir='ltr'><strong>De</strong></span> 
     </span>
    </p>
   </div>
   <div class='ocr_carea' id='block_1_122' title="bbox 433 5371 2004 5442">
    <p class='ocr_par' dir='ltr' id='par_1_122' title="bbox 433 5371 2004 5442">
     <span class='ocr_line' id='line_1_122' title="bbox 433 5371 2004 5442; baseline 0.003 -19"><span class='ocrx_word' id='word_1_979' title='bbox 433 5371 577 5440; x_wconf 83' lang='lat' dir='ltr'><strong>justo</strong></span> <span class='ocrx_word' id='word_1_980' title='bbox 607 5382 782 5422; x_wconf 88' lang='lat' dir='ltr'><strong>autem</strong></span> <span class='ocrx_word' id='word_1_981' title='bbox 815 5374 944 5425; x_wconf 83' lang='lat' dir='ltr'><strong>dicit</strong></span> <span class='ocrx_word' id='word_1_982' title='bbox 974 5388 986 5422; x_wconf 90' lang='lat'>:</span> <span class='ocrx_word' id='word_1_983' title='bbox 1023 5372 1270 5442; x_wconf 83' lang='lat' dir='ltr'><strong>Loquitur</strong></span> <span class='ocrx_word' id='word_1_984' title='bbox 1308 5374 1565 5426; x_wconf 76' lang='lat' dir='ltr'><strong>ueritatem</strong></span> <span class='ocrx_word' id='word_1_985' title='bbox 1603 5375 1654 5425; x_wconf 87' lang='lat' dir='ltr'><strong>in</strong></span> <span class='ocrx_word' id='word_1_986' title='bbox 1684 5371 1843 5427; x_wconf 72' lang='lat' dir='ltr'><strong>corde</strong></span> <span class='ocrx_word' id='word_1_987' title='bbox 1879 5390 2004 5440; x_wconf 78' lang='lat' dir='ltr'><strong>suo,</strong></span> 
     </span>
    </p>
   </div>
   <div class='ocr_carea' id='block_1_123' title="bbox 438 5442 2007 5513">
    <p class='ocr_par' dir='ltr' id='par_1_123' title="bbox 438 5442 2007 5513">
     <span class='ocr_line' id='line_1_123' title="bbox 438 5442 2007 5513; baseline 0.005 -22"><span class='ocrx_word' id='word_1_988' title='bbox 438 5453 481 5513; x_wconf 80' lang='lat' dir='ltr'><strong>et</strong></span> <span class='ocrx_word' id='word_1_989' title='bbox 512 5457 611 5495; x_wconf 85' lang='lat' dir='ltr'><strong>non</strong></span> <span class='ocrx_word' id='word_1_990' title='bbox 638 5442 739 5511; x_wconf 81' lang='lat' dir='ltr'><strong>egit</strong></span> <span class='ocrx_word' id='word_1_991' title='bbox 771 5443 946 5494; x_wconf 80' lang='lat' dir='ltr'><strong>dolum</strong></span> <span class='ocrx_word' id='word_1_992' title='bbox 976 5443 1026 5494; x_wconf 89' lang='lat' dir='ltr'><strong>in</strong></span> <span class='ocrx_word' id='word_1_993' title='bbox 1057 5445 1235 5513; x_wconf 84' lang='lat' dir='ltr'><strong>lingua</strong></span> <span class='ocrx_word' id='word_1_994' title='bbox 1264 5460 1380 5497; x_wconf 83' lang='lat' dir='ltr'><strong>sua.</strong></span> <span class='ocrx_word' id='word_1_995' title='bbox 1420 5443 1485 5498; x_wconf 78' lang='lat' dir='ltr'><strong>Ut</strong></span> <span class='ocrx_word' id='word_1_996' title='bbox 1513 5454 1692 5498; x_wconf 88' lang='lat' dir='ltr'><strong>autem</strong></span> <span class='ocrx_word' id='word_1_997' title='bbox 1725 5446 1776 5497; x_wconf 93' lang='lat' dir='ltr'><strong>in</strong></span> <span class='ocrx_word' id='word_1_998' title='bbox 1810 5446 1892 5499; x_wconf 91' lang='lat' dir='ltr'><strong>his</strong></span> <span class='ocrx_word' id='word_1_999' title='bbox 1923 5463 2007 5499; x_wconf 86' lang='lat' dir='ltr'><strong>re-</strong></span> 
     </span>
    </p>
   </div>
   <div class='ocr_carea' id='block_1_124' title="bbox 436 5512 2010 5584">
    <p class='ocr_par' dir='ltr' id='par_1_124' title="bbox 436 5512 2010 5584">
     <span class='ocr_line' id='line_1_124' title="bbox 436 5512 2010 5584; baseline 0.003 -19"><span class='ocrx_word' id='word_1_1000' title='bbox 436 5512 540 5584; x_wconf 5' lang='lat' dir='ltr'><strong>bus,</strong></span> <span class='ocrx_word' id='word_1_1001' title='bbox 570 5514 772 5579; x_wconf 63' lang='lat' dir='ltr'><strong>quaevis</strong></span> <span class='ocrx_word' id='word_1_1002' title='bbox 807 5518 1077 5584; x_wconf 67' lang='lat' dir='ltr'><strong>iltlmillUﬂ]</strong></span> <span class='ocrx_word' id='word_1_1003' title='bbox 1110 5512 1375 5570; x_wconf 76' lang='lat' dir='ltr'><strong>subtilitas</strong></span> <span class='ocrx_word' id='word_1_1004' title='bbox 1396 5556 1411 5580; x_wconf 90' lang='lat'><strong>,</strong></span> <span class='ocrx_word' id='word_1_1005' title='bbox 1445 5518 1588 5569; x_wconf 88' lang='lat' dir='ltr'><strong>nullo</strong></span> <span class='ocrx_word' id='word_1_1006' title='bbox 1620 5532 1849 5584; x_wconf 87' lang='lat' dir='ltr'><strong>unquam</strong></span> <span class='ocrx_word' id='word_1_1007' title='bbox 1896 5525 2010 5570; x_wconf 83' lang='lat' dir='ltr'><strong>lau-</strong></span> 
     </span>
    </p>
   </div>
   <div class='ocr_carea' id='block_1_125' title="bbox 437 5582 2010 5651">
    <p class='ocr_par' dir='ltr' id='par_1_125' title="bbox 437 5582 2010 5651">
     <span class='ocr_line' id='line_1_125' title="bbox 437 5582 2010 5651; baseline 0.003 -15"><span class='ocrx_word' id='word_1_1008' title='bbox 437 5582 671 5636; x_wconf 80' lang='lat' dir='ltr'><strong>dationis</strong></span> <span class='ocrx_word' id='word_1_1009' title='bbox 710 5583 1085 5651; x_wconf 87' lang='lat' dir='ltr'><strong>titulaniento,</strong></span> <span class='ocrx_word' id='word_1_1010' title='bbox 1125 5589 1495 5641; x_wconf 88' lang='lat' dir='ltr'><strong>credulitatem</strong></span> <span class='ocrx_word' id='word_1_1011' title='bbox 1538 5582 1734 5641; x_wconf 82' lang='lat' dir='ltr'><strong>mentis</strong></span> <span class='ocrx_word' id='word_1_1012' title='bbox 1776 5598 1878 5641; x_wconf 74' lang='lat' dir='ltr'><strong>tute</strong></span> <span class='ocrx_word' id='word_1_1013' title='bbox 1930 5596 2010 5642; x_wconf 89' lang='lat' dir='ltr'><strong>at—</strong></span> 
     </span>
    </p>
   </div>
   <div class='ocr_carea' id='block_1_126' title="bbox 436 5656 2011 5726">
    <p class='ocr_par' dir='ltr' id='par_1_126' title="bbox 436 5656 2011 5726">
     <span class='ocr_line' id='line_1_126' title="bbox 436 5656 2011 5726; baseline 0.005 -19"><span class='ocrx_word' id='word_1_1014' title='bbox 436 5656 614 5726; x_wconf 82' lang='lat' dir='ltr'><strong>trahat</strong></span> <span class='ocrx_word' id='word_1_1015' title='bbox 654 5656 707 5708; x_wconf 91' lang='lat' dir='ltr'><strong>in</strong></span> <span class='ocrx_word' id='word_1_1016' title='bbox 745 5669 1045 5719; x_wconf 75' lang='lat' dir='ltr'><strong>consensu,</strong></span> <span class='ocrx_word' id='word_1_1017' title='bbox 1089 5657 1157 5710; x_wconf 89' lang='lat' dir='ltr'><strong>ad</strong></span> <span class='ocrx_word' id='word_1_1018' title='bbox 1196 5658 1361 5726; x_wconf 75' lang='lat' dir='ltr'><strong>ipsius</strong></span> <span class='ocrx_word' id='word_1_1019' title='bbox 1413 5658 1621 5711; x_wconf 88' lang='lat' dir='ltr'><strong>Domini</strong></span> <span class='ocrx_word' id='word_1_1020' title='bbox 1673 5658 1844 5711; x_wconf 88' lang='lat' dir='ltr'><strong>nostri</strong></span> <span class='ocrx_word' id='word_1_1021' title='bbox 1883 5657 2011 5715; x_wconf 86' lang='lat' dir='ltr'><strong>Jesu</strong></span> 
     </span>
    </p>
   </div>
   <div class='ocr_carea' id='block_1_127' title="bbox 438 5724 2016 5796">
    <p class='ocr_par' dir='ltr' id='par_1_127' title="bbox 438 5724 2016 5796">
     <span class='ocr_line' id='line_1_127' title="bbox 438 5724 2016 5796; baseline 0.006 -19"><span class='ocrx_word' id='word_1_1022' title='bbox 438 5724 635 5796; x_wconf 53' lang='lat' dir='ltr'><strong>Christi</strong></span> <span class='ocrx_word' id='word_1_1023' title='bbox 664 5727 971 5796; x_wconf 75' lang='lat' dir='ltr'><strong>evangelica</strong></span> <span class='ocrx_word' id='word_1_1024' title='bbox 1006 5728 1093 5779; x_wconf 91' lang='lat' dir='ltr'><strong>illa</strong></span> <span class='ocrx_word' id='word_1_1025' title='bbox 1126 5724 1270 5796; x_wconf 35' lang='lat' dir='ltr'><strong>ges—la</strong></span> <span class='ocrx_word' id='word_1_1026' title='bbox 1303 5740 1647 5795; x_wconf 89' lang='lat' dir='ltr'><strong>convertere,</strong></span> <span class='ocrx_word' id='word_1_1027' title='bbox 1681 5741 1737 5784; x_wconf 91' lang='lat' dir='ltr'><strong>et</strong></span> <span class='ocrx_word' id='word_1_1028' title='bbox 1777 5731 2016 5786; x_wconf 86' lang='lat' dir='ltr'><strong>invenies</strong></span> 
     </span>
    </p>
   </div>
   <div class='ocr_carea' id='block_1_128' title="bbox 440 5794 2018 5870">
    <p class='ocr_par' dir='ltr' id='par_1_128' title="bbox 440 5794 2018 5870">
     <span class='ocr_line' id='line_1_128' title="bbox 440 5794 2018 5870; baseline 0.006 -23"><span class='ocrx_word' id='word_1_1029' title='bbox 440 5794 587 5870; x_wconf 79' lang='lat' dir='ltr'><strong>illum</strong></span> <span class='ocrx_word' id='word_1_1030' title='bbox 618 5794 1002 5870; x_wconf 77' lang='lat' dir='ltr'><strong>dominantium</strong></span> <span class='ocrx_word' id='word_1_1031' title='bbox 1036 5794 1313 5853; x_wconf 86' lang='lat' dir='ltr'><strong>Dominum</strong></span> <span class='ocrx_word' id='word_1_1032' title='bbox 1345 5817 1590 5870; x_wconf 82' lang='lat' dir='ltr'><strong>magnum</strong></span> <span class='ocrx_word' id='word_1_1033' title='bbox 1626 5802 1776 5855; x_wconf 88' lang='lat' dir='ltr'><strong>nobis</strong></span> <span class='ocrx_word' id='word_1_1034' title='bbox 1806 5803 2018 5857; x_wconf 78' lang='lat' dir='ltr'><strong>dedisse</strong></span> 
     </span>
    </p>
   </div>
   <div class='ocr_carea' id='block_1_129' title="bbox 440 5865 2017 5945">
    <p class='ocr_par' dir='ltr' id='par_1_129' title="bbox 440 5865 2017 5945">
     <span class='ocr_line' id='line_1_129' title="bbox 440 5865 2017 5945; baseline 0.004 -22"><span class='ocrx_word' id='word_1_1035' title='bbox 440 5865 579 5923; x_wconf 85' lang='lat' dir='ltr'><strong>inter</strong></span> <span class='ocrx_word' id='word_1_1036' title='bbox 617 5876 879 5925; x_wconf 84' lang='lat' dir='ltr'><strong>huiuanas</strong></span> <span class='ocrx_word' id='word_1_1037' title='bbox 918 5869 1105 5928; x_wconf 84' lang='lat' dir='ltr'><strong>laudes</strong></span> <span class='ocrx_word' id='word_1_1038' title='bbox 1146 5865 1458 5930; x_wconf 72' lang='lat' dir='ltr'><strong>humilitatis</strong></span> <span class='ocrx_word' id='word_1_1039' title='bbox 1497 5874 1824 5945; x_wconf 80' lang='lat' dir='ltr'><strong>exemplum.</strong></span> <span class='ocrx_word' id='word_1_1040' title='bbox 1868 5876 2017 5930; x_wconf 86' lang='lat' dir='ltr'><strong>llanc</strong></span> 
     </span>
    </p>
   </div>
   <div class='ocr_carea' id='block_1_130' title="bbox 2106 5091 2791 5165">
    <p class='ocr_par' dir='ltr' id='par_1_130' title="bbox 2106 5091 2791 5165">
     <span class='ocr_line' id='line_1_130' title="bbox 2106 5091 2791 5165; baseline -0.009 -18"><span class='ocrx_word' id='word_1_1041' title='bbox 2106 5098 2271 5165; x_wconf 74' lang='lat' dir='ltr'><strong>gloria</strong></span> <span class='ocrx_word' id='word_1_1042' title='bbox 2291 5096 2344 5145; x_wconf 86' lang='lat' dir='ltr'><strong>in</strong></span> <span class='ocrx_word' id='word_1_1043' title='bbox 2371 5108 2580 5165; x_wconf 66' lang='lat' dir='ltr'><strong>scaeua.</strong></span> <span class='ocrx_word' id='word_1_1044' title='bbox 2612 5091 2791 5141; x_wconf 78' lang='lat' dir='ltr'><strong>Anien.</strong></span> 
     </span>
    </p>
   </div>
   <div class='ocr_carea' id='block_1_131' title="bbox 2182 5158 3709 5219">
    <p class='ocr_par' dir='ltr' id='par_1_131' title="bbox 2182 5158 3709 5219">
     <span class='ocr_line' id='line_1_131' title="bbox 2182 5158 3709 5219; baseline 0.003 -4"><span class='ocrx_word' id='word_1_1045' title='bbox 2182 5164 2234 5215; x_wconf 77' lang='grc'><strong>5.</strong></span> <span class='ocrx_word' id='word_1_1046' title='bbox 2262 5165 2399 5217; x_wconf 84' lang='lat' dir='ltr'><strong>Ecce</strong></span> <span class='ocrx_word' id='word_1_1047' title='bbox 2423 5164 2536 5214; x_wconf 68' lang='lat' dir='ltr'><strong>haec</strong></span> <span class='ocrx_word' id='word_1_1048' title='bbox 2564 5174 2645 5213; x_wconf 70' lang='grc' dir='ltr'><strong>εει</strong></span> <span class='ocrx_word' id='word_1_1049' title='bbox 2668 5174 2788 5213; x_wconf 87' lang='lat' dir='ltr'><strong>vera</strong></span> <span class='ocrx_word' id='word_1_1050' title='bbox 2814 5158 2898 5214; x_wconf 86' lang='lat' dir='ltr'><strong>illa</strong></span> <span class='ocrx_word' id='word_1_1051' title='bbox 2924 5172 2977 5213; x_wconf 92' lang='lat' dir='ltr'><strong>et</strong></span> <span class='ocrx_word' id='word_1_1052' title='bbox 3003 5159 3304 5215; x_wconf 88' lang='lat' dir='ltr'><strong>Christiana</strong></span> <span class='ocrx_word' id='word_1_1053' title='bbox 3334 5162 3625 5219; x_wconf 89' lang='lat' dir='ltr'><strong>humilitas.</strong></span> <span class='ocrx_word' id='word_1_1054' title='bbox 3653 5166 3709 5219; x_wconf 87' lang='lat' dir='ltr'><strong>lit</strong></span> 
     </span>
    </p>
   </div>
   <div class='ocr_carea' id='block_1_132' title="bbox 2113 5232 3707 5302">
    <p class='ocr_par' dir='ltr' id='par_1_132' title="bbox 2113 5232 3707 5302">
     <span class='ocr_line' id='line_1_132' title="bbox 2113 5232 3707 5302; baseline 0.001 -14"><span class='ocrx_word' id='word_1_1055' title='bbox 2113 5235 2211 5288; x_wconf 90' lang='lat' dir='ltr'><strong>hac</strong></span> <span class='ocrx_word' id='word_1_1056' title='bbox 2240 5250 2334 5288; x_wconf 89' lang='lat' dir='ltr'><strong>eos</strong></span> <span class='ocrx_word' id='word_1_1057' title='bbox 2366 5235 2556 5300; x_wconf 83' lang='lat' dir='ltr'><strong>quibus</strong></span> <span class='ocrx_word' id='word_1_1058' title='bbox 2600 5232 2853 5299; x_wconf 68' lang='lat' dir='ltr'><strong>praesides</strong></span> <span class='ocrx_word' id='word_1_1059' title='bbox 2894 5236 3095 5299; x_wconf 89' lang='lat' dir='ltr'><strong>optime</strong></span> <span class='ocrx_word' id='word_1_1060' title='bbox 3121 5233 3467 5302; x_wconf 85' lang='lat' dir='ltr'><strong>gubernabis.</strong></span> <span class='ocrx_word' id='word_1_1061' title='bbox 3517 5236 3570 5289; x_wconf 90' lang='lat' dir='ltr'><strong>In</strong></span> <span class='ocrx_word' id='word_1_1062' title='bbox 3609 5240 3707 5290; x_wconf 86' lang='lat' dir='ltr'><strong>hac</strong></span> 
     </span>
    </p>
   </div>
   <div class='ocr_carea' id='block_1_133' title="bbox 2111 5302 3708 5372">
    <p class='ocr_par' dir='ltr' id='par_1_133' title="bbox 2111 5302 3708 5372">
     <span class='ocr_line' id='line_1_133' title="bbox 2111 5302 3708 5372; baseline 0.001 -13"><span class='ocrx_word' id='word_1_1063' title='bbox 2111 5306 2386 5359; x_wconf 87' lang='lat' dir='ltr'><strong>victoriam</strong></span> <span class='ocrx_word' id='word_1_1064' title='bbox 2416 5317 2484 5356; x_wconf 80' lang='lat' dir='ltr'><strong>ex</strong></span> <span class='ocrx_word' id='word_1_1065' title='bbox 2507 5305 2650 5356; x_wconf 90' lang='lat' dir='ltr'><strong>omni</strong></span> <span class='ocrx_word' id='word_1_1066' title='bbox 2684 5302 2807 5354; x_wconf 89' lang='lat' dir='ltr'><strong>vitio</strong></span> <span class='ocrx_word' id='word_1_1067' title='bbox 2830 5306 3028 5371; x_wconf 81' lang='lat' dir='ltr'><strong>poteris</strong></span> <span class='ocrx_word' id='word_1_1068' title='bbox 3056 5306 3348 5371; x_wconf 87' lang='lat' dir='ltr'><strong>promereri</strong></span> <span class='ocrx_word' id='word_1_1069' title='bbox 3368 5344 3384 5371; x_wconf 93' lang='lat'><strong>,</strong></span> <span class='ocrx_word' id='word_1_1070' title='bbox 3431 5306 3541 5361; x_wconf 83' lang='lat' dir='ltr'><strong>Deo</strong></span> <span class='ocrx_word' id='word_1_1071' title='bbox 3574 5309 3672 5361; x_wconf 91' lang='lat' dir='ltr'><strong>hoc</strong></span> <span class='ocrx_word' id='word_1_1072' title='bbox 3692 5347 3708 5372; x_wconf 95' lang='lat'><strong>,</strong></span> 
     </span>
    </p>
   </div>
   <div class='ocr_carea' id='block_1_134' title="bbox 2113 5374 3702 5447">
    <p class='ocr_par' dir='ltr' id='par_1_134' title="bbox 2113 5374 3702 5447">
     <span class='ocr_line' id='line_1_134' title="bbox 2113 5374 3702 5447; baseline 0.002 -19"><span class='ocrx_word' id='word_1_1073' title='bbox 2113 5375 2256 5445; x_wconf 91' lang='lat' dir='ltr'><strong>quod</strong></span> <span class='ocrx_word' id='word_1_1074' title='bbox 2288 5374 2496 5439; x_wconf 86' lang='lat' dir='ltr'><strong>viceiis,</strong></span> <span class='ocrx_word' id='word_1_1075' title='bbox 2533 5375 2847 5447; x_wconf 78' lang='lat' dir='ltr'><strong>tribuendo,</strong></span> <span class='ocrx_word' id='word_1_1076' title='bbox 2879 5391 2980 5425; x_wconf 87' lang='lat' dir='ltr'><strong>non</strong></span> <span class='ocrx_word' id='word_1_1077' title='bbox 3008 5374 3124 5428; x_wconf 86' lang='lat' dir='ltr'><strong>tibi.</strong></span> <span class='ocrx_word' id='word_1_1078' title='bbox 3156 5377 3285 5428; x_wconf 70' lang='lat' dir='ltr'><strong>Nam</strong></span> <span class='ocrx_word' id='word_1_1079' title='bbox 3320 5380 3461 5445; x_wconf 88' lang='lat' dir='ltr'><strong>quod</strong></span> <span class='ocrx_word' id='word_1_1080' title='bbox 3490 5379 3702 5447; x_wconf 83' lang='lat' dir='ltr'><strong>aliquo-</strong></span> 
     </span>
    </p>
   </div>
   <div class='ocr_carea' id='block_1_135' title="bbox 2119 5444 3707 5516">
    <p class='ocr_par' dir='ltr' id='par_1_135' title="bbox 2119 5444 3707 5516">
     <span class='ocr_line' id='line_1_135' title="bbox 2119 5444 3707 5516; baseline 0.001 -16"><span class='ocrx_word' id='word_1_1081' title='bbox 2119 5444 2216 5500; x_wconf 85' lang='lat' dir='ltr'><strong>lies</strong></span> <span class='ocrx_word' id='word_1_1082' title='bbox 2249 5447 2499 5513; x_wconf 85' lang='lat' dir='ltr'><strong>patientia</strong></span> <span class='ocrx_word' id='word_1_1083' title='bbox 2530 5444 2815 5516; x_wconf 79' lang='lat' dir='ltr'><strong>victavitla</strong></span> <span class='ocrx_word' id='word_1_1084' title='bbox 2846 5455 3037 5498; x_wconf 89' lang='lat' dir='ltr'><strong>iterum</strong></span> <span class='ocrx_word' id='word_1_1085' title='bbox 3065 5447 3205 5499; x_wconf 87' lang='lat' dir='ltr'><strong>vires</strong></span> <span class='ocrx_word' id='word_1_1086' title='bbox 3238 5444 3534 5516; x_wconf 85' lang='lat' dir='ltr'><strong>accipiunt,</strong></span> <span class='ocrx_word' id='word_1_1087' title='bbox 3572 5444 3707 5502; x_wconf 80' lang='lat' dir='ltr'><strong>nihil</strong></span> 
     </span>
    </p>
   </div>
   <div class='ocr_carea' id='block_1_136' title="bbox 2118 5514 3705 5587">
    <p class='ocr_par' dir='ltr' id='par_1_136' title="bbox 2118 5514 3705 5587">
     <span class='ocr_line' id='line_1_136' title="bbox 2118 5514 3705 5587; baseline 0.001 -16"><span class='ocrx_word' id='word_1_1088' title='bbox 2118 5518 2257 5571; x_wconf 90' lang='lat' dir='ltr'><strong>aliud</strong></span> <span class='ocrx_word' id='word_1_1089' title='bbox 2280 5515 2530 5581; x_wconf 86' lang='lat' dir='ltr'><strong>esl,mihi</strong></span> <span class='ocrx_word' id='word_1_1090' title='bbox 2550 5514 2709 5569; x_wconf 86' lang='lat' dir='ltr'><strong>crede</strong></span> <span class='ocrx_word' id='word_1_1091' title='bbox 2730 5555 2743 5577; x_wconf 95' lang='lat'><strong>,</strong></span> <span class='ocrx_word' id='word_1_1092' title='bbox 2768 5518 2864 5569; x_wconf 88' lang='lat' dir='ltr'><strong>nisi</strong></span> <span class='ocrx_word' id='word_1_1093' title='bbox 2889 5518 3009 5582; x_wconf 87' lang='lat' dir='ltr'><strong>quia</strong></span> <span class='ocrx_word' id='word_1_1094' title='bbox 3036 5534 3138 5569; x_wconf 88' lang='lat' dir='ltr'><strong>non</strong></span> <span class='ocrx_word' id='word_1_1095' title='bbox 3160 5514 3384 5571; x_wconf 80' lang='lat' dir='ltr'><strong>dicimus</strong></span> <span class='ocrx_word' id='word_1_1096' title='bbox 3406 5524 3543 5584; x_wconf 87' lang='lat' dir='ltr'><strong>Deo,</strong></span> <span class='ocrx_word' id='word_1_1097' title='bbox 3564 5524 3705 5587; x_wconf 88' lang='lat' dir='ltr'><strong>quod</strong></span> 
     </span>
    </p>
   </div>
   <div class='ocr_carea' id='block_1_137' title="bbox 2115 5587 3709 5657">
    <p class='ocr_par' dir='ltr' id='par_1_137' title="bbox 2115 5587 3709 5657">
     <span class='ocr_line' id='line_1_137' title="bbox 2115 5587 3709 5657; baseline 0.001 -14"><span class='ocrx_word' id='word_1_1098' title='bbox 2115 5589 2460 5657; x_wconf 71' lang='lat' dir='ltr'><strong>belligerator</strong></span> <span class='ocrx_word' id='word_1_1099' title='bbox 2488 5587 2578 5642; x_wconf 87' lang='lat' dir='ltr'><strong>ille</strong></span> <span class='ocrx_word' id='word_1_1100' title='bbox 2616 5588 2817 5652; x_wconf 85' lang='lat' dir='ltr'><strong>David,</strong></span> <span class='ocrx_word' id='word_1_1101' title='bbox 2844 5588 2978 5640; x_wconf 74' lang='lat' dir='ltr'><strong>bella</strong></span> <span class='ocrx_word' id='word_1_1102' title='bbox 3028 5587 3237 5642; x_wconf 88' lang='lat' dir='ltr'><strong>Domitii</strong></span> <span class='ocrx_word' id='word_1_1103' title='bbox 3276 5590 3517 5645; x_wconf 89' lang='lat' dir='ltr'><strong>bellans:</strong></span> <span class='ocrx_word' id='word_1_1104' title='bbox 3566 5594 3633 5644; x_wconf 80' lang='lat' dir='ltr'><strong>In</strong></span> <span class='ocrx_word' id='word_1_1105' title='bbox 3659 5600 3709 5645; x_wconf 83' lang='lat' dir='ltr'><strong>te</strong></span> 
     </span>
    </p>
   </div>
   <div class='ocr_carea' id='block_1_138' title="bbox 2117 5659 3708 5732">
    <p class='ocr_par' dir='ltr' id='par_1_138' title="bbox 2117 5659 3708 5732">
     <span class='ocr_line' id='line_1_138' title="bbox 2117 5659 3708 5732; baseline 0.003 -20"><span class='ocrx_word' id='word_1_1106' title='bbox 2117 5660 2333 5732; x_wconf 79' lang='lat' dir='ltr'><strong>(inquit)</strong></span> <span class='ocrx_word' id='word_1_1107' title='bbox 2353 5659 2585 5711; x_wconf 86' lang='lat' dir='ltr'><strong>inimicos</strong></span> <span class='ocrx_word' id='word_1_1108' title='bbox 2607 5669 2805 5711; x_wconf 78' lang='lat' dir='ltr'><strong>nostros</strong></span> <span class='ocrx_word' id='word_1_1109' title='bbox 2836 5660 3215 5723; x_wconf 61' lang='lat' dir='ltr'><strong>ventilavimusi,</strong></span> <span class='ocrx_word' id='word_1_1110' title='bbox 3238 5675 3284 5714; x_wconf 85' lang='lat' dir='ltr'><strong>et</strong></span> <span class='ocrx_word' id='word_1_1111' title='bbox 3311 5664 3364 5714; x_wconf 84' lang='lat' dir='ltr'><strong>in</strong></span> <span class='ocrx_word' id='word_1_1112' title='bbox 3388 5663 3587 5715; x_wconf 84' lang='lat' dir='ltr'><strong>nomine</strong></span> <span class='ocrx_word' id='word_1_1113' title='bbox 3618 5674 3708 5717; x_wconf 77' lang='lat' dir='ltr'><strong>tuo</strong></span> 
     </span>
    </p>
   </div>
   <div class='ocr_carea' id='block_1_139' title="bbox 2116 5731 3712 5801">
    <p class='ocr_par' dir='ltr' id='par_1_139' title="bbox 2116 5731 3712 5801">
     <span class='ocr_line' id='line_1_139' title="bbox 2116 5731 3712 5801; baseline 0 -14"><span class='ocrx_word' id='word_1_1114' title='bbox 2116 5732 2402 5801; x_wconf 85' lang='lat' dir='ltr'><strong>spernimus</strong></span> <span class='ocrx_word' id='word_1_1115' title='bbox 2438 5734 2755 5801; x_wconf 70' lang='lat' dir='ltr'><strong>insui-gemes</strong></span> <span class='ocrx_word' id='word_1_1116' title='bbox 2794 5731 2845 5781; x_wconf 89' lang='lat' dir='ltr'><strong>in</strong></span> <span class='ocrx_word' id='word_1_1117' title='bbox 2874 5747 2986 5782; x_wconf 84' lang='lat' dir='ltr'><strong>nos.</strong></span> <span class='ocrx_word' id='word_1_1118' title='bbox 3050 5735 3114 5783; x_wconf 62' lang='lat' dir='ltr'><strong>lat</strong></span> <span class='ocrx_word' id='word_1_1119' title='bbox 3148 5732 3341 5787; x_wconf 87' lang='lat' dir='ltr'><strong>iterum</strong></span> <span class='ocrx_word' id='word_1_1120' title='bbox 3371 5749 3385 5785; x_wconf 88' lang='lat'><strong>:</strong></span> <span class='ocrx_word' id='word_1_1121' title='bbox 3445 5735 3577 5799; x_wconf 79' lang='lat' dir='ltr'><strong>Quia</strong></span> <span class='ocrx_word' id='word_1_1122' title='bbox 3608 5750 3712 5787; x_wconf 81' lang='lat' dir='ltr'><strong>non</strong></span> 
     </span>
    </p>
   </div>
   <div class='ocr_carea' id='block_1_140' title="bbox 2122 5802 3707 5875">
    <p class='ocr_par' dir='ltr' id='par_1_140' title="bbox 2122 5802 3707 5875">
     <span class='ocr_line' id='line_1_140' title="bbox 2122 5802 3707 5875; baseline 0.001 -18"><span class='ocrx_word' id='word_1_1123' title='bbox 2122 5806 2303 5857; x_wconf 83' lang='lat' dir='ltr'><strong>virtute</strong></span> <span class='ocrx_word' id='word_1_1124' title='bbox 2325 5818 2420 5855; x_wconf 86' lang='lat' dir='ltr'><strong>sua</strong></span> <span class='ocrx_word' id='word_1_1125' title='bbox 2447 5812 2561 5869; x_wconf 82' lang='lat' dir='ltr'><strong>pote</strong></span> <span class='ocrx_word' id='word_1_1126' title='bbox 2582 5819 2622 5854; x_wconf 88' lang='lat' dir='ltr'><strong>.s</strong></span> <span class='ocrx_word' id='word_1_1127' title='bbox 2645 5810 2716 5854; x_wconf 86' lang='lat' dir='ltr'><strong>est</strong></span> <span class='ocrx_word' id='word_1_1128' title='bbox 2749 5802 2850 5860; x_wconf 85' lang='lat' dir='ltr'><strong>vir,</strong></span> <span class='ocrx_word' id='word_1_1129' title='bbox 2906 5802 3152 5855; x_wconf 80' lang='lat' dir='ltr'><strong>Dominus</strong></span> <span class='ocrx_word' id='word_1_1130' title='bbox 3177 5805 3434 5871; x_wconf 78' lang='lat' dir='ltr'><strong>in/irmum</strong></span> <span class='ocrx_word' id='word_1_1131' title='bbox 3458 5808 3577 5875; x_wconf 75' lang='lat' dir='ltr'><strong>[acii</strong></span> <span class='ocrx_word' id='word_1_1132' title='bbox 3607 5808 3707 5859; x_wconf 83' lang='lat' dir='ltr'><strong>uil-</strong></span> 
     </span>
    </p>
   </div>
   <div class='ocr_carea' id='block_1_141' title="bbox 2122 5875 3709 5953">
    <p class='ocr_par' dir='ltr' id='par_1_141' title="bbox 2122 5875 3709 5953">
     <span class='ocr_line' id='line_1_141' title="bbox 2122 5875 3709 5953; baseline 0.001 -24"><span class='ocrx_word' id='word_1_1133' title='bbox 2122 5891 2406 5930; x_wconf 80' lang='lat' dir='ltr'><strong>versarium</strong></span> <span class='ocrx_word' id='word_1_1134' title='bbox 2436 5879 2568 5943; x_wconf 72' lang='lat' dir='ltr'><strong>ejus.</strong></span> <span class='ocrx_word' id='word_1_1135' title='bbox 2601 5875 2708 5931; x_wconf 74' lang='lat' dir='ltr'><strong>Sed</strong></span> <span class='ocrx_word' id='word_1_1136' title='bbox 2737 5876 2871 5929; x_wconf 73' lang='lat' dir='ltr'><strong>torte</strong></span> <span class='ocrx_word' id='word_1_1137' title='bbox 2902 5882 3252 5945; x_wconf 52' lang='lat' dir='ltr'><strong>respondetur</strong></span> <span class='ocrx_word' id='word_1_1138' title='bbox 3279 5879 3409 5931; x_wconf 85' lang='lat' dir='ltr'><strong>mihi</strong></span> <span class='ocrx_word' id='word_1_1139' title='bbox 3441 5892 3456 5934; x_wconf 86' lang='lat'><strong>:</strong></span> <span class='ocrx_word' id='word_1_1140' title='bbox 3486 5877 3623 5953; x_wconf 73' lang='lat' dir='ltr'><strong>Ergo</strong></span> <span class='ocrx_word' id='word_1_1141' title='bbox 3656 5884 3709 5935; x_wconf 71' lang='lat' dir='ltr'><strong>et</strong></span> 
     </span>
    </p>
   </div>
  </div>
