2043 3175
212 116 281 145 12οὕ

211 172 409 202 consummabis
430 174 546 199 metsem
565 170 621 207 agri
641 170 684 209 tui
709 172 870 209 permetere,
894 172 921 209 et
939 174 1000 204 quae
1015 167 1042 199 Α

211 212 309 239 cadent
328 216 359 240 ex
376 215 465 236 messe
480 212 523 236 tua
540 205 593 234 non
607 206 728 240 colliges,
743 212 829 240 neque
850 205 876 231 in
893 205 999 240 vineam

211 251 285 273 tuam
299 253 332 272 ex
347 244 459 272 racemis
471 250 553 285 grana
567 239 716 285 decidentis
732 240 856 285 colliges,
872 239 1004 285 sednpau-

210 282 320 317 paribus
339 285 366 307 et
384 276 531 317 peregrinis
544 278 681 317 relinques
696 285 737 317 ei:
759 276 836 317 Quia
847 283 897 317 ego
913 276 1004 302 Domi-

212 312 263 346 nus
278 316 350 344 Deus
371 312 468 343 tester.
493 314 526 341 In
540 313 693 341 Proverbiis.
718 312 770 346 Qui
793 312 900 338 obturat
925 317 1003 338 aures

211 360 286 385 suas,
305 357 333 379 ut
352 359 405 379 non
419 352 510 378 audiat
524 350 656 377 inﬁrmum
668 370 675 380 ,
689 353 716 376 et
731 349 788 382 ipse
801 347 936 385 invocabit
947 346 1003 385 Do-

213 381 326 421 minum,
343 392 368 414 et
382 395 433 414 non
452 386 502 414 erit
516 386 559 419 qui
574 385 700 412 exaudiat
715 381 787 421 eum.
813 381 921 421 Inl‘Job.
946 382 1003 409 Non

213 418 324 451 avertat
337 423 458 458 voluptas
481 418 576 458 animat
597 426 649 448 tuae
673 420 797 455 precibus
818 418 999 450 inﬁrmorum,

212 468 272 487 cum
288 459 314 486 in
329 457 488 494 neceSSilate
500 457 608 486 fuerim.

305 514 383 543 ‘Cn.
403 514 456 542 VII.
468 529 504 535 ——
514 513 576 542 Non
587 512 771 540 ambulandum
783 512 810 538 in
825 512 895 538 dom.

248 563 274 589 i.
291 562 322 588 In
339 558 505 588 Ecclesiaste.
526 559 569 587 Vat
581 559 682 594 duplici
702 558 795 590 corde,
810 562 838 584 et
858 556 1006 594 labiisrsce-

214 598 296 630 iestis,
320 602 347 624 et
369 598 502 631 pcccatori
523 592 681 630 ingredienti
698 594 765 631 duas
779 594 843 620 vias.
859 592 925 619 Item
940 592 1005 620 illic.

214 634 268 661 Cur
282 629 434 666 ingrediens
447 632 515 659 duas
528 631 586 658 vias
601 638 652 657 non
669 629 778 657 habebit
791 636 963 666 successum,
980 632 1008 666 et

213 663 397 704 pravicordius
420 668 481 704 (sic)
507 667 534 704 in
555 666 609 704 illis
632 665 871 704 scandalizabitur.
899 663 963 704 Qui
979 664 1006 704 in_

214 700 269 732 alto
286 705 365 731 mittit
388 700 512 738 lapidem,
528 703 555 729 in
579 702 639 736 ipso
655 702 744 738 cadit;
768 705 795 738 et
820 701 894 738 plaga
921 700 1008 738 dolosi

212 740 306 767 dividit
318 735 484 772 vulnera;et
504 738 549 773 qui
570 735 765 775 fodit_foveam,
783 736 810 763 in
832 736 904 775 illam
917 735 1007 775 cadit;

212 781 240 805 et
252 776 296 810 qui
316 770 554 811 statuitiaqueum
572 772 694 811 proximo
710 780 770 804 suo,
787 771 870 811 periei
891 771 919 811 in
947 770 1005 803 illo,

215 807 322 841 facienti
349 807 541 846 nequissimum
571 808 766 846 superhipsum
788 807 954 846 devolvitur,
980 812 1007 835 et

456 113 601 144 APPENB.
624 112 671 141 XI.
691 127 727 133 —
741 109 951 140 TESTIMONIA
971 107 1100 137 DIVthE
1116 106 1334 140 SCRIPTURE,
1352 106 1396 134 ET
1417 105 1568 134 PATRUM.

1774 106 1845 137 1206

1248 165 1314 193 CAP.
1331 165 1407 193 X.—
1419 165 1458 193 De
1472 166 1646 202 eleemosym's.

1092 216 1117 242 1.
1132 213 1167 241 In
1176 211 1332 241 Proverbiis.
1349 212 1387 241 Ne
1400 213 1472 247 dicas
1486 215 1594 248 pauperi
1607 223 1614 241 :
1629 214 1712 248 Vade,
1725 220 1752 242 et
1768 222 1839 250 veni,

1056 258 1115 278 cras
1131 250 1210 283 dabo,
1226 257 1286 277 cum
1303 250 1389 284 possis
1411 250 1500 277 statim
1516 250 1687 282 benefacere,
1706 258 1758 278 non
1772 252 1844 279 enim

1056 286 1109 314 scis
1124 286 1186 320 quid
1201 286 1338 320 contingat
1351 285 1473 320 sequenti
1489 285 1543 312 die.
1569 285 1635 313 Item
1647 286 1711 314 illic.
1728 286 1776 320 Qui
1794 288 1845 314 mi-

1056 327 1161 350 seretur
1189 324 1298 356 pauperi
1326 321 1420 348 beatus
1445 325 1504 354 est;
1531 321 1702 357 eleemosyna
1729 327 1757 350 et
1780 322 1846 351 ﬁdes

1057 357 1169 385 mundat
1192 362 1318 391 peccata;
1334 356 1379 392 qui
1404 361 1493 384 autem
1522 356 1676 390 miseretur,
1694 358 1847 385 misericor-

1057 393 1127 426 diam
1149 393 1332 427 consequitur.
1366 391 1416 426 Qui
1447 393 1560 420 honorat
1589 393 1671 421 Deum
1705 394 1848 421 miseretur

1057 429 1176 463 pauperi.
1194 425 1228 455 In
1241 425 1392 463 Evangelia.
1418 428 1600 461 ()mnipotenti
1617 429 1748 462 retribue,
1766 435 1791 456 et
1813 430 1847 457 ab

1057 472 1090 492 eo
1103 465 1147 499 qui
1162 464 1274 492 multum
1288 465 1346 492 vult
1369 464 1491 498 accipere
1507 464 1559 492 noli
1581 468 1606 492 te
1620 470 1753 492 avertere.
1779 463 1845 492 Item

1058 500 1102 528 ibi.
1125 500 1162 531 Te
1177 505 1265 531 autem
1289 499 1402 527 faciente
1428 500 1638 535 eleentosynam,
1656 501 1757 528 nesciat
1780 500 1847 527 sini-

1059 540 1114 562 stra
1130 539 1173 562 tua
1188 535 1250 570 quid
1273 535 1352 563 faciat
1367 536 1477 563 dextera
1505 540 1559 566 tua,
1577 539 1604 563 ut
1617 537 1652 564 sit
1677 537 1848 571 eieemosyna

1060 575 1104 597 tua
1124 571 1149 597 in
1166 571 1336 604 abscondito;
1360 576 1388 599 et
1403 570 1481 598 Pater
1503 576 1575 605 tuus,
1600 572 1645 607 qui
1660 572 1733 599 videt
1753 571 1780 599 in
1799 570 1849 600 ab-

1058 606 1192 640 scondito,
1215 606 1309 634 reddet
1330 606 1388 634 tibi.
1406 606 1473 633 Item
1489 607 1556 636 illic.
1580 607 1769 635 Verumtamen
1786 607 1847 635 date

1060 642 1257 676 eleetnosynam
1271 664 1278 674 ,
1295 646 1323 671 et
1344 649 1409 671 ecce
1439 642 1528 673 Omnia
1552 643 1650 670 munda
1677 647 1740 670 sunt
1763 644 1848 671 vobis.

1060 675 1126 714 Item
1140 675 1186 704 ibi.
1198 678 1340 705 intendens
1351 683 1439 705 autem
1454 677 1543 713 Jesus,
1560 678 1656 706 videns
1669 686 1716 706 eos
1729 679 1772 714 qui
1788 679 1852 706 mit-

1062 713 1153 744 tebant
1177 720 1286 746 munera
1312 720 1360 749 sua
1385 714 1412 744 in
1434 714 1626 749 gazophylacio
1642 714 1758 748 divites,
1784 714 1850 741 vidit

1061 754 1148 775 autem
1173 752 1201 780 et
1223 748 1365 783 quamdam
1391 750 1497 780 viduam
1526 748 1670 784 pauperem
1698 751 1849 778 mittentem

1061 785 1189 818 :cramina
1215 785 1279 821 duo,
1301 784 1368 811 dixit
1385 785 1479 821 :rVere
1499 785 1561 813 dico
1584 786 1660 813 vobis
1685 786 1749 821 quia
1772 786 1851 813 vidua

1064 822 1120 847 limc
1134 827 1236 854 pauper
1253 820 1311 854 plus
1324 820 1450 850 omnibus
1473 821 1555 853 misit,
1570 828 1665 849 omnes
1685 820 1758 850 enirn
1774 821 1800 848 hi
1815 829 1849 849 ex

214 855 265 890 non
280 842 408 890 agnoscet
428 846 508 890 unde
520 842 679 890 r‘il‘iii.
1022 857 1044 886 Β
1059 842 1417 883 nii'sE'nIﬁ'i'in"
1424 842 1758 890 {iiii-553133;
1816 842 1852 884 23

212 888 240 910 ct
256 877 344 911 callidi
365 885 512 917 provocant
534 881 601 907 iram
617 879 674 918 Dei.
697 878 731 906 In
746 877 870 918 Ieremia.
894 877 1003 904 Ferrum

213 914 371 951 vulnerans
381 918 468 952 lingua
484 914 714 952 eorumtdolosa
726 914 808 945 verba
829 914 882 952 oris
897 920 1003 952 eorum,

215 949 338 987 proximo
350 961 397 981 suo
409 949 521 987 loquens
532 951 653 986 paciﬁca,
666 955 693 977 et
708 950 733 987 in
742 951 890 987 semetipso
904 949 1006 987 habens

213 984 396 1022 inimicitiam;
412 984 610 1022 in'hujus'ergo
627 994 681 1022 non
697 985 822 1022 visitabo,
835 984 899 1022 dicit
913 984 1004 1022 Domi:

211 1033 278 1057 ntts;
292 1030 338 1052 aut
361 1020 502 1058 in‘populo
522 1023 566 1049 tali
578 1020 645 1058 ’non_
658 1020 804 1058 vindicabit
823 1020 911 1058 anima
928 1020 1005 1058 mea?

210 1060 246 1088 In
256 1055 411 1094 Euangeliof
421 1055 521 1094 Cavete
536 1065 550 1083 a
565 1055 818 1094 pseudoiiropbetis,
835 1055 1006 1094 qui-veniunt

212 1097 244 1123 ad
261 1103 308 1123 vos
321 1091 349 1123 in
363 1095 458 1122 vestitu
480 1093 581 1125 ovium,
597 1092 669 1119 intus
693 1096 782 1119 autem
808 1096 870 1119 sunt
887 1091 941 1125 lupi
962 1098 1006 1118 ra-

211 1139 306 1166 paces;
320 1139 354 1159 ει
376 1129 505 1166 fructibus
523 1136 616 1166 eorum
634 1127 807 1166 cognoscetis,
819 1134 875 1153 eos.
890 1125 925 1166 η
938 1125 1006 1166 I’ro-

210 1162 312 1194 itrrbiis'.
335 1167 363 1193 Si
380 1165 507 1193 ceciderit
522 1164 648 1191 inimicus
663 1162 733 1196 tuus,
755 1162 809 1196 noli
823 1163 961 1196 gratulari,
980 1168 1006 1189 et

212 1203 238 1231 in
254 1201 473 1237 suppiantatione
497 1201 554 1234 ejtts
569 1199 623 1226 noli
643 1199 749 1237 extolli,
774 1206 808 1225 ne
829 1197 898 1237 ferte
917 1197 1007 1225 videat

214 1234 354 1268 Dominus,
378 1242 404 1264 et
427 1245 479 1270 non
502 1237 605 1269 placeat
626 1235 662 1266 ei,
678 1239 706 1261 ut
722 1238 826 1270 avertat
840 1234 907 1270 iram
928 1240 1004 1260 suam

212 1274 245 1300 ab
260 1282 302 1301 eo.
326 1272 426 1299 Paulus
443 1271 589 1307 Apostolus.
611 1270 638 1298 Si
652 1271 776 1300 esurierit
791 1269 918 1307 inimicus
934 1273 1005 1307 tuus,

212 1310 271 1337 ciba
283 1309 372 1340 illum;
385 1304 482 1341 sisitit,
495 1307 528 1340 da
544 1306 581 1334 illi
595 1311 685 1341 potum
696 1327 703 1339 ,
717 1307 768 1334 hoc
782 1305 853 1339 enim
869 1304 1004 1341 faciendo.

212 1344 342 1373 carbones
359 1344 426 1379 ignis
454 1339 572 1379 acervas_
584 1339 665 1379 super
679 1346 759 1379 caput
781 1341 857 1379 ejus;
872 1339 944 1379 Deus
960 1348 1007 1368 au-

213 1384 265 1408 tem
279 1375 410 1408 retribuet
425 1379 482 1406 tibi.
504 1378 537 1406 In
550 1375 701 1413 Evangelia.
723 1375 862 1413 Accesssit
871 1376 904 1402 ad
915 1375 1006 1413 Jesttm

212 1415 317 1447 Petrus,
330 1420 356 1442 et
375 1416 411 1441 ait
428 1415 462 1441 illi
482 1424 485 1439 :
507 1411 628 1446 Domine,
645 1413 667 1442 si
683 1413 837 1447 peccaverit
855 1411 882 1438 in
897 1418 941 1438 me
954 1411 1007 1439 fra-

212 1455 252 1478 ter
266 1458 352 1485 nieuS,
375 1451 477 1485 quoties
500 1450 633 1482 remittam
648 1448 704 1476 illi?
719 1447 841 1482 Septies?
857 1447 1008 1485 Respondit

213 1483 362 1514 Dominus:
381 1483 437 1512 Non
452 1486 512 1512 dico
537 1485 584 1512 tibi
606 1491 691 1519 usque
714 1485 829 1518 septies,
847 1483 900 1519 sed
920 1489 1005 1517 usque

212 1523 362 1557 sepluagies
374 1522 483 1556 septies.
497 1521 530 1547 In
544 1518 772 1557 E;codo.'0bedite
789 1518 944 1555 parentibus
960 1525 1007 1554 per

213 1558 318 1590 omnia;
334 1558 385 1585 hoc
397 1557 470 1585 enim
486 1556 574 1594 placet
586 1556 651 1583 Deo.

386 1612 451 1639 Cn.
470 1611 534 1639 Vill.
545 1626 579 1632 ——
591 1610 629 1638 De
640 1611 695 1646 filio
709 1612 830 1647 superbo.

250 1658 273 1685 i.
294 1658 325 1684 In
337 1657 495 1684 Proverbiis.
519 1657 587 1684 Filio
611 1657 705 1684 doloso
721 1657 788 1684 nihil
810 1656 863 1684 erit
876 1657 950 1692 boni,
965 1658 1009 1693 qui

214 1702 267 1721 nun
293 1692 453 1720 honorilicat
475 1696 577 1727 patrem
602 1700 692 1725 suum,
719 1697 746 1719 et
766 1693 875 1727 repellit
897 1692 1009 1720 matrem

213 1737 300 1761 suam,
326 1728 395 1755 filius
419 1727 611 1764 confundetur,
630 1733 657 1764 et
669 1728 846 1764 opprobrium
861 1727 925 1754 erit.
944 1728 1010 1755 Item

214 1764 278 1792 illic.
296 1764 378 1791 Filius
394 1764 439 1798 qui
459 1763 558 1799 amittit
571 1762 740 1799 disciplinam
757 1763 840 1799 patris
864 1763 1009 1790 meditabi-

215 1805 257 1827 tur
280 1799 385 1834 cioquia
400 1799 520 1826 malitize.
544 1798 611 1825 Item
625 1799 690 1825 illic.
710 1798 880 1826 Maiediccnti
900 1799 968 1833 patri
984 1803 1011 1825 et

215 1835 294 1866 matri
308 1833 492 1870 exstinguetur
507 1835 615 1870 lumen;
633 1833 741 1870 pupillae
761 1839 849 1870 autem
872 1835 1010 1861 oculorum

214 1871 272 1906 ejus
288 1869 416 1900 videbunt
440 1870 575 1897 tenebras.
591 1869 658 1896 Item
672 1869 736 1906 illic.
750 1869 812 1906 Qui
828 1869 948 1897 irascens
964 1877 1011 1904 pa-

215 1905 281 1934 trem
300 1914 376 1934 suum
393 1910 438 1934 aut
453 1910 572 1932 matrem-
581 1912 655 1932 suam
678 1905 815 1940 existimat
828 1912 859 1940 se
876 1912 929 1932 non
945 1912 1009 1940 pec-

215 1949 287 1974 care,
305 1942 347 1969 itic
361 1941 458 1968 similis
473 1945 514 1968 est
529 1940 588 1968 viro
604 1940 697 1975 impio.
726 1939 792 1967 Item
812 1939 877 1967 illic.
895 1939 1010 1968 Benedi-

215 1978 268 2005 ctio
283 1978 364 2012 patris
379 1977 466 2004 ﬁrmat
480 1976 575 2003 domos
592 1976 724 2009 ﬁliorum,
741 1975 897 2011 maledictio
919 1981 1010 2012 autem

216 2014 310 2041 matris
325 2011 444 2041 eradicat
459 2012 644 2039 fundamenta.

427 2070 492 2099 CAP.
508 2069 597 2098 lX.—-
609 2068 647 2096 De
661 2069 791 2097 thesauro.

251 2130 331 2168 293
355 2128 429 2168 1.11:
450 2129 607 2168 Proverbiis.
631 2128 726 2168 Melius
740 2132 794 2168 _est
819 2127 925 2168 modica
948 2135 1010 2168 pars

216 2163 388 2198 curii—timore
404 2164 506 2191 Domini
524 2171 603 2198 quam
629 2163 748 2191 thesauri
774 2164 864 2198 magni
887 2165 946 2192 sine
972 2165 1010 2190 ti-

217 2198 309 2233 more,
339 2198 434 2236 melius
458 2203 499 2226 est
525 2199 634 2236 modica
652 2199 794 2236 acquisitio
816 2207 876 2236 cum
904 2199 1007 2236 justitia

216 2244 297 2272 quam
312 2233 505 2272 multifructus
519 2242 580 2262 cum
599 2234 754 2272 iniquitate.
767 2233 834 2261 Item
853 2233 1007 2262 ibi.'.\ieiius

217 2269 258 2301 est.
273 2278 371 2298 nomen
383 2271 482 2298 bonum
493 2277 575 2309 quam
589 2269 687 2309 divitia:
702 2270 802 2309 multm,
817 2277 898 2309 super
912 2278 1005 2309 aurum

217 2311 245 2336 et
269 2310 408 2341 argentum
432 2306 516 2341 gratia
540 2304 608 2333 bona
631 2304 740 2341 estrlu
759 2304 920 2332 Ecclesiaste.
937 2305 1006 2333 Nihil

217 2347 258 2372 est
273 2340 389 2377 iniquius
402 2340 480 2376 quam
496 2347 586 2377 amare
602 2340 747 2375 pecunias;
764 2341 825 2377 talis
838 2341 909 2368 enim
925 2341 1005 2377 etiam

218 2375 334 2407 animam
358 2375 433 2405 suam
447 2375 593 2413 venundat,
605 2377 774 2413 quoniamrin
786 2375 839 2402 vita
854 2384 902 2408 sua
919 2375 1006 2411 proje-

218 2414 254 2442 cit
267 2414 359 2441 intima
384 2420 441 2440 sua.
455 2411 520 2439 Viro
530 2410 632 2448 cupido
658 2410 743 2448 tenaci
758 2419 823 2448 rnon
843 2416 884 2441 est
906 2410 1004 2440 bonum

219 2449 377 2482 substantia,
393 2453 420 2476 et
436 2447 536 2475 homini
557 2448 653 2480 libido;
678 2452 706 2474 ut
721 2447 782 2482 quid
799 2447 913 2474 aurum?
930 2448 1005 2475 Sit-ut

219 2486 279 2513 exit'
297 2485 331 2512 de
345 2488 421 2511 utero
447 2484 539 2510 matris
564 2490 630 2517 suae,
657 2483 744 2510 nudus
760 2483 910 2517 revertitur,
937 2484 1005 2511 sicut

219 2521 305 2553 venit,
327 2524 355 2547 et
370 2519 436 2546 nihil
461 2517 573 2548 accipiet
596 2525 629 2545 ex
654 2519 744 2554 labore
764 2525 823 2549 suo,
841 2522 868 2545 ut
884 2519 963 2545 vadat
977 2520 1003 2554 in

184 2552 186 2555 ’
219 2563 298 2583 manu
314 2563 371 2583 sua.
389 2555 458 2586 Diti,
475 2553 570 2580 melior
582 2557 622 2580 est
635 2560 714 2586 super
731 2552 801 2581 hunc
822 2554 943 2580 abortum
961 2552 1004 2581 re-

219 2592 293 2626 quies
310 2590 371 2618 huic
384 2590 468 2626 magis
476 2595 565 2626 quam
579 2588 639 2615 illis.
661 2588 694 2626 In
705 2588 848 2624 Sep/mnia.
866 2588 1003 2623 Disperie-

220 2623 282 2655 runt
317 2633 410 2653 omnes
431 2623 658 2659 vqui‘exaltantur
681 2625 706 2650 in
735 2623 846 2658 argento
871 2628 897 2650 et
920 2631 1000 2659 auro;

220 2663 354 2691 effundam
370 2661 525 2697 sanguinem
549 2666 642 2697 eorum
657 2658 725 2686 sicut
748 2659 850 2691 limum.
867 2664 894 2686 et
909 2667 1002 2688 carnes

220 2706 314 2726 eorum
330 2697 401 2724 sicut
414 2703 532 2724 stercora
548 2696 645 2728 boum;
666 2700 692 2722 et
704 2699 842 2730 argentum
857 2699 883 2722 et
908 2703 1001 2723 aurum

221 2742 274 2761 non
290 2733 389 2769 poterit
400 2733 518 2769 liberare
534 2737 580 2758 eos
594 2730 624 2769 in_
635 2730 679 2769 die
695 2730 742 2757 irae
754 2731 871 2769 Domini.
897 2730 930 2769 In
946 2730 1001 2767 Ha-

222 2765 311 2797 bacuc‘.
326 2769 348 2796 0
360 2768 405 2802 qui
419 2767 533 2801 acquirit
554 2766 692 2802 avaritiam
708 2765 805 2793 malam
820 2767 908 2793 domui
930 2775 1001 2800 sum;

221 2804 341 2840 cogitasti
354 2801 536 2840 cbnfusiouem
545 2802 635 2840 domui
645 2803 830 2840 tute,peccavil
846 2801 931 2840 anima
947 2807 1001 2830 tua.

223 2836 429 2869 InVEt-clesiaste.
447 2838 494 2865 Via
508 2838 672 2873 peccantium
688 2838 765 2872 plena
781 2837 813 2864 ab
828 2836 951 2871 offensis;
977 2840 1002 2866 in

225 2879 278 2905 ﬁne
301 2877 404 2904 illorum
432 2874 519 2907 inferi,
545 2877 573 2902 et
591 2873 719 2906 tenebrae,
735 2876 761 2899 et
775 2880 869 2908 pinnas.

1078 891 1130 927 ιιοᾴ
1147 891 1221 917 deest
1238 891 1291 927 illi,
1307 899 1414 919 omnem
1431 893 1530 926 victum
1547 900 1625 927 quem
1651 893 1751 926 habuit,
1767 893 1850 920 misit.

1058 899 1130 953 quon
1147 899 1221 917 ueest
1238 899 1290 923 ιιιι,
1307 899 1414 919 omnem
1431 899 1530 926 victum
1547 900 1625 927 quem
1651 899 1751 926 habuit,
1767 899 1850 920 mtsnt.

1077 935 1092 953 η
1109 926 1265 961 Proverbiis.
1283 925 1358 954 Sicut
1376 927 1504 963 probatur
1526 933 1665 963 argentum
1691 930 1716 956 in
1733 930 1850 962 camino,

1057 968 1084 990 et
1099 970 1202 993 nurum,
1219 962 1254 989 ita
1268 963 1353 990 electa
1369 963 1450 990 corda
1465 962 1536 997 apud
1552 963 1705 992 Dominum.
1722 963 1789 992 Item
1803 964 1848 991 ibi.

1058 997 1111 1025 Vas
1126 997 1197 1035 ﬁguli
1212 997 1312 1035 probat
1333 997 1442 1031 fornax,
1459 1003 1487 1035 et
1501 998 1623 1026 homines
1635 1001 1723 1034 justos
1741 1000 1853 1028 tentatio

1058 1038 1085 1061 et
1099 1033 1297 1061 tribuiationes.

1147 1079 1212 1107 CAP.
1229 1079 1275 1107 Xl.
1286 1093 1323 1101 —-
1340 1079 1379 1107 De
1389 1081 1550 1116 correptione
1559 1085 1582 1109 et
1593 1082 1624 1109 tle
1635 1082 1764 1117 superbia.

1095 1128 1120 1153 t.
1137 1125 1171 1153 In
1186 1125 1341 1153 Proverbiis.
1364 1127 1454 1162 Argue
1467 1128 1628 1160 sapientem.
1646 1133 1673 1156 et
1689 1128 1788 1156 amabit
1810 1133 1851 1161 te;

1060 1163 1231 1197 insipientem
1246 1166 1273 1189 et
1287 1162 1397 1196 sdjiciet
1422 1164 1512 1190 odisse
1529 1168 1564 1191 te.
1584 1163 1659 1190 Item.
1688 1164 1725 1190 Da
1740 1165 1852 1199 sapienti

1058 1199 1237 1230 occasionem,
1254 1202 1282 1225 et
1295 1198 1442 1232 sapientior
1455 1199 1521 1232 erit;
1546 1206 1637 1226 notutn
1663 1201 1703 1226 lac
1726 1198 1811 1234 justo,
1827 1205 1853 1227 et

1060 1233 1165 1268 adjiciet
1190 1238 1225 1260 te.
1252 1233 1301 1266 Qui
1321 1234 1407 1268 diligit
1431 1234 1598 1268 disciplinam
1624 1235 1709 1269 diligit
1727 1233 1851 1267 setisum,

1059 1277 1120 1296 nam
1136 1269 1181 1304 qui
1206 1269 1263 1296 odit
1283 1274 1438 1304 arguentem
1463 1276 1493 1297 se
1515 1271 1611 1298 stultus
1626 1275 1675 1298 est.
1696 1270 1769 1297 Item.
1794 1271 1853 1298 Non

1059 1305 1145 1340 diligit
1158 1305 1374 1340 indisciplinatus
1385 1310 1541 1341 arguentem
1556 1314 1596 1338 se,
1613 1313 1674 1336 cum
1689 1306 1853 1339 sapientibus

1059 1346 1149 1368 autem
1172 1348 1225 1368 nou
1250 1340 1426 1376 colloquitur.
1438 1340 1515 1368 Item.
1529 1343 1579 1375 Qui
1600 1342 1709 1377 excepit
1732 1342 1854 1376 discipli-

1059 1384 1120 1403 nam
1141 1377 1168 1403 in
1184 1376 1273 1412 bonis,
1284 1377 1346 1410 erit,
1374 1384 1434 1405 nam
1450 1378 1494 1412 qui
1511 1377 1627 1405 custodit
1659 1376 1854 1412 increpationes

1059 1413 1167 1447 sapiens
1181 1412 1236 1440 ﬁet.
1257 1411 1323 1439 Item
1338 1412 1402 1439 illic.
1419 1411 1549 1440 Pestifero
1572 1414 1710 1448 castigato,
1726 1413 1854 1448 insipiens

1059 1449 1174 1475 astutior
1199 1448 1261 1481 ﬁet;
1289 1448 1312 1475 si
1334 1452 1423 1475 autem
1450 1455 1547 1484 arguas
1572 1449 1658 1476 virum
1683 1449 1854 1483 prudentem,

1060 1484 1194 1511 intellexit
1208 1491 1332 1516 sensum;
1349 1484 1371 1511 si
1387 1484 1564 1518 ﬁagellaveris
1580 1485 1689 1512 stultum
1715 1485 1741 1512 in
1767 1485 1855 1512 medio

1062 1520 1188 1552 concilio,
1209 1519 1399 1547 contumeliam
1425 1520 1558 1553 faciendo,
1575 1528 1627 1547 non
1654 1521 1743 1548 aufers
1765 1521 1854 1547 stulti—

1063 1556 1126 1582 tiam
1142 1555 1211 1590 ejus.
1229 1554 1263 1582 ln
1278 1555 1441 1583 Ecclesiaste.
1455 1556 1504 1588 Qui
1525 1556 1582 1583 odit
1595 1556 1792 1591 correptionem
1809 1563 1855 1583 ve-

1061 1592 1168 1626 stigium
1182 1596 1223 1618 est
1237 1591 1397 1625 peccatoris;
1414 1596 1438 1621 el
1454 1592 1499 1626 qui
1514 1592 1609 1620 timent
1621 1592 1774 1625 Dominum,
1787 1599 1853 1619 con-

1062 1631 1170 1658 verterit
1183 1626 1216 1657 ad
1232 1634 1279 1654 cor
1293 1634 1382 1654 suum.
1397 1626 1430 1654 In
1445 1627 1597 1656 Proverbiis.
1615 1628 1691 1655 Sicut
1700 1628 1776 1654 canis
1791 1635 1856 1655 con-

1062 1663 1175 1689 vertitur
1193 1662 1226 1689 ad
1241 1663 1370 1689 vomitum
1395 1670 1485 1696 suum,
1501 1668 1527 1690 et
1542 1663 1651 1690 odibiiis
1672 1662 1800 1696 efﬁcitur,
1817 1664 1857 1690 sic

1062 1699 1159 1726 stultus
1182 1699 1208 1725 in
1232 1698 1334 1727 malitia
1355 1705 1404 1725 sua
1428 1706 1576 1726 conversus
1602 1700 1628 1726 in
1650 1699 1766 1732 peccatis
1788 1699 1854 1726 suis.

1063 1734 1145 1769 294
1157 1733 1191 1760 In
1203 1732 1368 1762 Ecclesiaste.
1387 1733 1492 1763 Initium
1507 1735 1641 1767 superbire
1655 1734 1778 1766 homines
1793 1741 1857 1769 apo-

1062 1776 1134 1797 Stare
1153 1770 1221 1804 adeo
1236 1770 1294 1804 (sic)
1310 1769 1435 1803 quoniam
1461 1770 1565 1797 initium
1579 1770 1683 1804 peccati
1704 1770 1791 1798 omnis
1810 1777 1857 1797 su-

1062 1805 1164 1839 perbia.
1186 1803 1252 1831 Item
1265 1805 1328 1831 illic.
1343 1805 1371 1831 in
1383 1804 1489 1832 duobus
1504 1806 1593 1832 timuit
1606 1812 1653 1832 cor
1667 1812 1766 1837 meum,
1783 1809 1811 1832 et
1826 1806 1853 1832 in

1064 1840 1143 1868 tertio
1168 1839 1305 1867 iracundia
1325 1839 1391 1867 mihi
1407 1840 1527 1873 advenit;
1543 1840 1583 1867 vir
1598 1841 1710 1868 bellator
1726 1840 1854 1868 deﬁciens

1064 1883 1118 1910 pra:
1130 1876 1234 1913 inopia,
1246 1880 1272 1913 et
1283 1875 1324 1913 vir
1337 1879 1459 1913 sensatus
1471 1880 1649 1913 contemptus,
1664 1880 1692 1903 et
1704 1877 1749 1913 qui
1764 1879 1854 1913 transf

1062 1912 1181 1946 greditur
1205 1910 1338 1945 justitiam
1361 1912 1386 1938 in
1404 1917 1529 1944 peccato,
1552 1911 1622 1938 Deus
1647 1910 1721 1945 parat
1741 1919 1803 1938 eum
1818 1911 1853 1939 ad

1062 1947 1238 1981 romphatam.
1254 1946 1289 1974 In
1300 1947 1421 1977 Psalmis.
1437 1946 1495 1974 Non
1512 1947 1641 1974 habitabit
1655 1947 1681 1973 in
1704 1947 1793 1974 medio
1804 1947 1853 1974 do-

1062 1990 1121 2010 mas
1143 1989 1210 2009 mea
1226 1984 1269 2017 qui
1285 1982 1347 2009 facit
1362 1983 1525 2017 superbiam.
1540 1982 1574 2009 In
1588 1982 1721 2016 Apostalo.
1737 1982 1852 2010 Humili-

1062 2018 1112 2054 bus
1136 2018 1205 2047 Deus
1219 2019 1265 2047 dat
1280 2019 1402 2054 gratiam,
1427 2018 1552 2053 superbis
1575 2023 1664 2046 autetn
1692 2018 1803 2050 resistit.
1819 2017 1855 2045 In

1062 2052 1216 2081 Proverbiis.
1233 2052 1413 2087 Qui‘custodit
1433 2052 1467 2082 osi
1482 2061 1569 2088 suum,
1586 2059 1610 2080 et
1634 2054 1762 2089 linguam,
1788 2061 1853 2081 con-

1062 2095 1152 2118 servat
1165 2090 1199 2126 de
1214 2090 1344 2126 angustiis
1364 2092 1479 2116 animam
1498 2096 1589 2125 suam,
1601 2097 1670 2126 _nam
1687 2090 1730 2124 qui
1748 2094 1850 2126 proter—

1062 2134 1111 2153 vus
1126 2130 1166 2152 est
1180 2124 1261 2152 labiis
1269 2125 1378 2152 terrebit
1392 2126 1578 2159 semetipsum.
1595 2124 1660 2152 IIem
1675 2126 1739 2153 illic.
1754 2125 1853 2155 Demos

1062 2160 1237 2195 superborum
1264 2161 1384 2189 destruet
1411 2161 1555 2194 Dominus;
1596 2161 1751 2194 immundus
1781 2162 1851 2195 apud

1062 2196 1204 2224 Dominum
1228 2197 1314 2222 omnis
1336 2196 1380 2230 qui
1404 2196 1503 2228 exaltat
1527 2204 1573 2223 cor
1595 2203 1682 2224 suum.
1707 2196 1774 2224 Item
1786 2196 1851 2223 illic.

1024 2228 1047 2257 D
1061 2232 1145 2260 Filius
1168 2232 1300 2266 superbus
1322 2228 1406 2258 malos
1431 2233 1523 2259 oculos
1540 2232 1631 2264 habet,
1646 2232 1781 2267 palpebris
1796 2233 1852 2258 suis

1059 2267 1195 2295 extollitur
1220 2268 1387 2298 temerarius,
1403 2273 1429 2295 et
1452 2268 1583 2302 superbus
1599 2268 1749 2302 pestilentia
1772 2274 1851 2295 voca-

1060 2307 1112 2330 tur.
1126 2302 1192 2330 Item
1204 2302 1265 2330 illic.
1280 2302 1337 2330 Noli
1348 2301 1566 2338 superbire'aute
1581 2308 1755 2337 conspectum
1768 2303 1849 2336 regis,

1058 2346 1144 2374 neque
1161 2338 1187 2365 in
1202 2339 1267 2366 locis
1283 2340 1430 2373 potentium
1455 2340 1614 2366 subsistens.
1632 2338 1726 2370 Melius
1748 2343 1790 2364 est
1802 2338 1848 2365 tibi

1058 2374 1141 2412 dieias
1157 2374 1380 2412 (s_ic)_antequam
1391 2375 1531 2412 humiliare
1553 2375 1740 2412 in»conspet:tu
1754 2377 1848 2412 poten-

1058 2410 1100 2437 tis.
1116 2410 1148 2436 Ιιι
1165 2408 1326 2437 Ecclesiaste.
1342 2410 1453 2436 0dibilis
1467 2416 1558 2442 coram
1573 2408 1639 2441 Deo,
1655 2414 1680 2435 et
1696 2408 1848 2435 hominibus

1056 2443 1191 2480 superbia.
1210 2445 1276 2472 Item
1296 2445 1339 2471 ibi.
1358 2445 1391 2473 Et
1403 2444 1466 2479 quid
1485 2445 1619 2478 superbis,
1637 2448 1706 2472 terra
1721 2449 1748 2472 et
1762 2444 1849 2471 cinis?

1056 2480 1123 2509 Item
1138 2482 1201 2508 illic.
1222 2480 1272 2514 Qui
1295 2480 1409 2515 tetigerit
1431 2480 1517 2513 picem
1540 2480 1725 2515 inquinabitur
1747 2480 1845 2515 abiea,

1055 2518 1100 2552 qui
1124 2515 1440 2552 comtitutticat_superbo
1467 2515 1743 2552 induitﬂsuperbiam.
1780 2514 1846 2541 Item

1054 2550 1118 2579 illic.
1139 2552 1188 2585 Qui
1212 2550 1321 2586 superbi
1346 2554 1409 2577 sunt
1429 2551 1594 2585 contumelia
1617 2554 1802 2586 conterentur,
1817 2557 1843 2578 et

1055 2587 1275 2619 humiliabuntur,
1293 2592 1318 2612 et
1334 2586 1429 2613 cadent
1444 2586 1542 2616 excelsi
1566 2586 1663 2620 gladio.
1689 2585 1756 2613 Item
1777 2586 1841 2613 illic.

1054 2623 1174 2650 Cessavit
1188 2620 1324 2657 superbia,
1341 2626 1367 2657 et
1382 2621 1481 2649 divitiae
1491 2622 1680 2656 superborum,
1697 2622 1757 2656 quia
1773 2621 1843 2656 quod

1054 2658 1136 2686 altum
1152 2662 1193 2685 est
1207 2657 1234 2684 in
1247 2657 1410 2695 hominibus,
1428 2657 1593 2686 abominatio
1608 2662 1649 2684 est
1664 2658 1733 2692 apud
1748 2658 1843 2684 Deum.

1053 2717 1118 2745 CAP.
1142 2714 1200 2742 ΧΠ.
1228 2731 1260 2735 ——
1275 2714 1314 2742 De
1333 2715 1542 2749 mansuetudine,
1567 2716 1599 2742 de
1616 2715 1737 2751 patientia
1768 2720 1793 2744 et
1818 2716 1850 2744 de

1396 2752 1546 2778 humilitate.
1772 2752 1773 2755 “

1091 2800 1116 2827 Ι.
1131 2799 1164 2827 1η
1175 2799 1336 2827 Proverbiis-
1347 2799 1500 2826 Mansuetus
1512 2799 1551 2825 vir
1566 2798 1654 2826 cordis
1671 2799 1789 2826 medicus
1801 2805 1841 2826 est

1056 2837 1114 2872 (sic)
1131 2836 1157 2863 iu
1173 2843 1203 2863 ea
1216 2835 1321 2863 ossibus
1336 2842 1382 2862 cor
1398 2835 1560 2872 intelligens.
1583 2834 1648 2862 Item
1660 2834 1842 2872 illicaﬂelinr

1055 2869 1094 2900 cst
1105 2869 1265 2899 'mansuetus
1277 2878 1336 2898 cum
1353 2869 1501 2898 humilitate
1514 2879 1594 2906 quam
1609 2871 1653 2905 qui
1668 2870 1764 2898 dividit
1776 2879 1844 2907 pra2~
