4086 6350
422 302 558 367 1207

1209 299 1302 355 AD
1339 296 1398 353 S.
1442 289 1693 351 lSlDORl
1735 282 2174 347 HISPALENSIS
2211 282 2441 340 OPERA
2483 277 2924 340 APPENDICES.

3550 271 3698 335 1208

419 424 544 477 datu
591 438 711 480 eum
757 414 1175 476 contumeliosis.
1225 411 1292 466 In
1317 410 1641 466 Ecclesiaste.
1691 406 1818 460 Esto
1849 418 2000 458 man-
2029 406 2072 459 Α
2105 410 2272 464 Iosus.
2297 407 2429 480 Ῑιρηι
2449 408 2576 461 illic.
2608 405 2703 458 Vir
2729 402 3002 480 mutabilis
3029 402 3265 480 linguam
3289 398 3548 480 inciditin
3575 417 3698 456 ma-

423 507 610 550 suetus
638 495 702 547 ad
731 491 1051 546 audiendum
1096 485 1351 547 verbum,
1387 493 1442 535 ut
1487 480 1765 550 intelligas.
1799 488 1849 531 ct
1876 489 1997 550 cum

427 547 686 635 sapientia
718 565 935 628 lnquere
967 573 1278 626 responsum
1310 569 1516 635 verum.
1548 549 1832 635 Ite_m_illie,
1877 547 1994 635 Fili,

429 618 924 690 iu'tnansuetu'dine
955 618 1116 698 opera
1152 639 1234 680 tua
1270 623 1488 698 perﬁce,
1517 636 1568 698 et
1588 625 1656 674 ab
1687 618 1998 698 hominedi-

430 689 628 777 ligoris.
664 704 814 758 Item.
850 704 904 757 In
933 689 1094 777 corde
1117 699 1212 777 viri
1241 689 1366 751 boni
1394 696 1692 774 inVenietnr
1717 689 1998 777 patientia;

430 759 551 829 inim
585 780 634 830 in
657 778 819 829 corde
860 773 1222 839 insipientium
1269 783 1374 822 non
1409 766 1739 839 agnoscitur.
1778 759 1844 839 In
1874 760 2003 839 Pro-

427 848 629 901 verbiis.
665 847 849 902 Melior
871 831 1178 913 vir'patiens
1208 854 1365 913 quam
1396 831 1572 913 tortis.
1601 851 1721 889 nam
1754 831 1844 913 qui
1877 832 2006 913 retia

428 928 524 972 net
555 921 685 971 iram
718 901 905 970 nielior
931 901 1015 969 est
1045 928 1201 980 quant
1228 901 1334 974 'qui
1365 907 1631 963 civuatem
1661 905 1822 980 capit.
1874 901 2006 956 Item

429 988 559 1044 illic.
585 989 683 1056 Qui
706 989 874 1056 parcit
901 978 1120 1041 verbum
1152 983 1388 1056 prolerre
1414 980 1604 1056 durum
1632 978 1862 1056 puniens
1889 983 2002 1056 est;

430 1045 640 1125 patieris
666 1045 840 1113 autem
868 1061 947 1112 vir
974 1045 1220 1124 cupios'us
1249 1054 1302 1106 in
1331 1051 1620 1125 sapientia;
1653 1045 2008 1125 pusillanimis

428 1117 610 1184 autem
639 1131 986 1184 vehementer
1017 1117 1296 1194 insipiens.
1331 1117 1484 1176 Item.
1509 1123 1694 1194 Omnis
1716 1133 1876 1194 opera
1914 1117 2009 1194 hu-

431 1201 576 1255 milis
607 1200 884 1255 manifesta
914 1200 1050 1265 apud
1085 1191 1269 1256 Deum,
1301 1211 1419 1249 nam
1455 1193 1600 1265 impii
1633 1192 1684 1244 in
1711 1191 1803 1265 die
1834 1191 2013 1265 malo-

417 1287 551 1325 orum
595 1273 858 1336 peribimt.
893 1261 1021 1324 Item
1053 1270 1179 1322 illic.
1215 1267 1546 1335 Responsum
1577 1263 1776 1336 humile
1822 1261 2015 1336 avertit

431 1331 604 1395 iram.‘
626 1342 689 1396 Et
720 1347 901 1394 iterum
946 1344 997 1394 in
1032 1339 1198 1394 Isaia.
1234 1331 1501 1402 Ad‘queln
1536 1333 1841 1402 respiciam,
1885 1331 2011 1384 dicit

432 1411 715 1480 Dominus,
763 1416 860 1467 nisi
897 1429 1058 1476 super
1115 1410 1393 1467 humilem.
1427 1419 1481 1460 et
1512 1407 1769 1480 quietum,
1802 1413 1850 1456 et
1893 1411 2014 1480 tre-

431 1494 668 1539 merrtem
705 1473 877 1538 verba
933 1473 1090 1538 mea?
1139 1481 1204 1535 In
1234 1473 1538 1540 Evnnqelio.
1586 1477 1771 1529 Omnis
1819 1473 1908 1541 qui
1958 1487 2017 1528 se

429 1557 633 1608 exaltat
666 1556 1053 1620 bumiliabitur,
1090 1564 1143 1608 et
1173 1555 1261 1621 qui
1295 1569 1353 1606 se
1387 1547 1627 1603 humiliat
1676 1547 2015 1600 exaltabitur.

430 1623 500 1677 In
533 1624 765 1691 Epistola
794 1625 994 1680 Jacobi.
1057 1625 1342 1678 llumiliate
1377 1635 1470 1674 vos
1518 1629 1643 1674 ante
1671 1626 2015 1686 conspectum

435 1694 668 1767 Domini,
699 1708 754 1752 et
782 1698 1040 1752 exaltabit
1067 1711 1183 1750 vos.

836 1791 963 1844 Car.
1009 1787 1234 1844 Xlll.—
1262 1786 1333 1840 De
1360 1785 1630 1852 sapientia.

510 1861 561 1912 1.
595 1857 659 1912 1η
690 1858 999 1914 Proverbiis.
1054 1860 1309 1915 Gloriam.
1341 1860 1610 1924 sapientes
1649 1853 2016 1921 possidebunt,

434 1938 493 1984 et
530 1930 841 2000 insipientes
868 1932 1110 1984 dividunt
1157 1929 1554 1984 contumeliam.
1590 1924 1723 2000 Item
1746 1925 1882 2000 illic.
1917 1927 2020 1978 Or-

435 1996 750 2055 uameutum
801 2003 1229 2055 adolescentibus
1278 1999 1572 2067 sapientia,
1623 1996 1786 2067 gloria
1840 2002 2020 2067 autem

433 2072 711 2126 seniorum
738 2071 876 2126 cani.
910 2072 1042 2126 Item
1073 2074 1199 2124 illic.
1231 2066 1687 2138 Cor’sapienlium
1723 2066 2025 2136 possidebit

438 2157 682 2196 sensum.
714 2141 847 2196 Item
875 2144 963 2197 ibi.
998 2142 1183 2197 Melior
1211 2142 1430 2211 sapiens
1465 2156 1622 2210 quam
1656 2139 1829 2211 fortis,
1866 2148 1919 2192 et
1940 2139 2024 2211 δ’ἱι·

440 2213 778 2282 prudentiam
828 2215 1028 2268 habens
1072 2229 1230 2282 quam
1275 2208 1409 2282 ager
1455 2208 1696 2281 Iuagnns.
1754 2208 1886 2264 Item
1932 2210 2019 2282 ibi.

443 2281 592 2338 Felix
619 2287 838 2353 sapiens
865 2287 955 2352 qui
987 2287 1036 2338 in
1067 2281 1330 2353 sapientia
1360 2299 1455 2338 sua
1490 2283 1766 2338 veritatem
1797 2290 1852 2334 et
1873 2281 2028 2346 justi-

442 2354 571 2408 tiam
601 2355 976 2421 meditabitur;
1005 2358 1054 2409 in
1072 2371 1231 2410 sensu
1252 2372 1349 2409 suo
1373 2355 1619 2424 Cogitavit
1642 2353 2026 2416 circuminspe—

439 2425 678 2503 clloncm
712 2427 825 2503 Dei.
856 2426 989 2481 Item
1017 2428 1141 2482 illic.
1185 2427 1602 2503 liomo‘sapiens
1632 2424 1825 2478 tacebit
1859 2436 2028 2487 usque

437 2498 496 2550 in
528 2507 766 2566 tempus;
815 2499 1048 2553 laseivus
1076 2507 1254 2553 autem
1285 2508 1339 2550 et
1368 2498 1680 2564 imprudens
1709 2512 1811 2548 non
1845 2508 2027 2549 serva-

441 2567 578 2622 bunt
610 2580 837 2637 tempus.
874 2568 1003 2622 Itmt
1033 2571 1159 2623 illic.
1191 2570 1415 2638 Sapiens
1464 2568 1518 2621 iu
1549 2569 1726 2621 verbis
1768 2581 1826 2620 se
1854 2566 2026 2638 ipsum

437 2638 708 2694 affabilem
757 2639 903 2694 facit.
958 2639 1086 2695 Item
1133 2637 1275 2695 illic.
1319 2640 1487 2694 Homo
1518 2641 1636 2706 pius
1686 2641 1735 2691 in
1767 2637 2026 2704 sapientia

443 2721 650 2777 manet,
681 2715 815 2765 sicut
838 2712 949 2778 sol;
1000 2727 1120 2765 nam
1151 2711 1312 2782 295
1349 2712 1542 2782 stultus
1570 2712 1708 2764 sicut
1758 2710 1877 2782 luna
1930 2708 2031 2782 im-

443 2783 757 2836 mutabitur.
812 2783 940 2837 Item
970 2783 1096 2836 illic.
1150 2779 1254 2836 Cor
1272 2779 1621 2847 'sapientinm
1673 2783 1724 2833 in
1755 2780 1916 2832 domo
1948 2779 2028 2832 lu-

444 2859 585 2922 ctus,
616 2864 668 2906 et
696 2869 791 2909 cor
819 2853 1182 2922 insipientium
1215 2853 1267 2907 in
1293 2853 1452 2906 domo
1478 2851 1721 2906 luxuriae.
1747 2851 1874 2904 Item
1899 2850 2024 2904 illic.

445 2921 544 2977 'Vir
567 2924 768 2990 peritus
800 2928 1004 2980 inultos
1020 2923 1272 2985 erudivit,
1292 2933 1347 2978 et
1369 2923 1559 2976 anima:
1589 2939 1699 2975 sua:
1731 2923 1908 2976 suavis
1923 2933 2024 2976 est.

443 2990 511 3047 In
534 2992 656 3048 Job.
713 2997 973 3063 Quoniam
1029 2995 1288 3064 sapientia
1341 3003 1423 3047 est
1476 2994 1667 3048 timere
1723 2995 2026 3061 Dominum,

444 3065 719 3122 abstinere
749 3077 928 3122 autem
955 3081 1016 3122 se
1045 3082 1074 3120 a
1105 3068 1245 3121 tnala
1275 3066 1523 3120 scientia.

643 3160 773 3215 CAP.
808 3160 949 3218 XIV.
973 3159 1125 3213 -οε
1150 3160 1535 3214 conversatione
1559 3163 1829 3229 jurenum.
1915 3205 1918 3209 .

523 3231 573 3285 t.
617 3229 682 3284 In
715 3230 1039 3286 Ecclesiaste.
1071 3231 1190 3294 Fili,
1224 3247 1254 3285 a
1281 3228 1566 3301 juventute
1586 3241 1670 3282 tua
1697 3228 1886 3296 excipe
1908 3228 2035 3301 doc-

449 3300 670 3366 trinam,
694 3311 751 3356 et
773 3317 939 3370 usque
969 3302 1033 3354 ad
1061 3317 1229 3356 annos
1258 3297 1496 3356 invenies
1521 3302 1855 3366 sapientiam.
1905 3297 2035 3352 Item

448 3371 577 3442 illic.
615 3373 739 3435 Fili,
775 3373 1127 3442 iujuventute
1151 3381 1237 3426 tua
1269 3381 1416 3427 tenta
1454 3373 1685 3425 animum
1717 3380 1881 3442 tuam,
1912 3378 1967 3424 et
1992 3371 2036 3424 si

451 3441 610 3496 fuerit
653 3441 903 3512 nequam,
953 3459 1058 3498 non
1114 3445 1208 3499 des
1253 3445 1303 3499 ei
1362 3448 1708 3512 potestatem.
1741 3441 1854 3496 Non
1895 3443 2037 3495 enim

451 3515 599 3566 omni
629 3530 822 3568 anima:
849 3531 1008 3569 omne
1029 3530 1196 3584 genus
1246 3515 1441 3585 placet.
1469 3512 1599 3567 Item
1639 3513 1766 3567 illic.
1803 3513 2041 3585 Adoles-

452 3597 609 3650 cens,
659 3586 880 3654 loquere
912 3587 964 3640 in
1000 3599 1086 3642 tua
1115 3584 1276 3640 causa
1304 3629 1319 3652 ,
1349 3595 1408 3640 ut
1455 3586 1814 3655 interrogatus
1844 3584 2042 3655 habeat

447 3665 612 3734 caput
643 3653 760 3727 (sic)
821 3673 1138 3734 responsum
1181 3665 1348 3734 tuum.
1386 3657 1440 3709 In
1475 3653 1809 3710 multis'esto
1840 3653 2040 3709 inscius

448 3729 632 3793 simul,
659 3737 715 3781 et
746 3744 1018 3794 quaerens,
1041 3731 1094 3785 in
1127 3729 1305 3784 medio
1329 3740 1700 3798 magnatorum
1729 3743 1796 3780 ne
1823 3741 2041 3796 priuso-

450 3810 568 3851 mas
597 3799 844 3866 verbum,
876 3810 932 3856 et
961 3801 1048 3856 ubi
1071 3809 1196 3855 sunt
1219 3815 1397 3862 senes,
1427 3797 1500 3853 ne
1523 3800 1747 3852 inultum
1779 3797 2038 3866 loquaris;

452 3879 578 3926 \nte
595 3872 909 3936 grandinem
935 3875 1186 3937 praecedit
1205 3870 1528 3938 coruscatio,
1560 3879 1616 3925 et
1634 3877 1760 3924 ante
1773 3866 2042 3922 hominem

453 3942 817 3996 verecundum
844 3944 1102 4013 praecedit
1121 3945 1315 4012 gratia.

389 4076 391 4078 .
447 4031 585 4088 Car.
609 4032 953 4089 XV.—Non
973 4035 1282 4104 jurandum,
1308 4042 1472 4088 etnon
1503 4032 1778 4087 dicendum
1828 4031 2040 4100 falsum,

971 4114 1019 4158 et
1042 4122 1144 4159 non
1177 4106 1539 4159 mentiendum.

529 4176 584 4228 t.
623 4173 655 4207 ⁸
685 4173 753 4228 1η
781 4173 1024 4230 Levitico.
1054 4174 1320 4231 Jurationi
1356 4192 1460 4230 non
1507 4189 1724 4229 suescas
1753 4187 1816 4228 os
1865 4182 2042 4238 tuum;

451 4245 605 4301 multi
629 4247 770 4300 enim
801 4262 955 4301 casus
989 4249 1040 4302 in
1073 4249 1183 4314 illa,
1217 4256 1271 4303 et
1292 4247 1597 4301 nominibus
1624 4263 1726 4299 non
1751 4245 2047 4299 admisera-

454 4316 554 4377 ris.
590 4319 840 4386 quoniam
868 4321 974 4373 eris
999 4321 1247 4373 imtnunis
1270 4321 1337 4372 ab
1361 4319 1472 4385 eis;
1506 4319 1661 4373 Sicuti
1684 4324 1826 4373 enim
1857 4330 2047 4371 servus

455 4387 678 4443 asaidue
703 4406 732 4442 a
763 4390 930 4443 livore
953 4392 1232 4454 minuitur,
1257 4394 1336 4444 sic
1363 4392 1538 4444 omnis
1564 4390 1750 4457 jurans
1780 4395 1837 4441 et
1874 4390 2047 4442 uomi-

458 4474 597 4514 nans
625 4461 677 4513 in
710 4470 823 4514 toto
851 4468 1070 4528 peccato
1099 4477 1206 4514 nou
1240 4462 1570 4529 purgabitur.
1607 4458 1758 4514 Item.
1793 4460 1882 4512 V'ir
1911 4462 2046 4513 mul-

2058 3141 2108 3203 C

2104 483 2192 540 iis.
2219 482 2369 535 testis
2397 479 2560 534 falsus
2593 493 2698 530 non
2730 479 2831 530 erit
2862 475 3177 545 impunitus,
3229 475 3341 537 qui,
3378 487 3497 525 cum
3531 487 3698 545 accu-

2102 564 2183 609 sat
2209 553 2427 620 injuste.
2460 568 2563 605 non
2617 550 2818 603 evadit.
2867 544 2996 601 Item
3045 547 3175 620 illic.
3229 544 3701 620 Testis_tneiiit:_iv

2106 614 2323 694 peribit,
2358 624 2436 675 vir
2466 632 2640 676 autem
2670 621 2930 694 obeilicns
2946 625 3100 675 caute
3124 616 3378 694 ioquitur.
3410 614 3538 670 Item
3553 615 3696 694 illic.

2103 689 2286 754 Clava.
2309 705 2362 750 et
2389 694 2618 764 gladius,
2646 702 2700 746 et
2739 693 2952 760 sagitta.
2986 689 3312 764 perniciosa
3345 695 3486 748 sunt.
3522 689 3598 764 sic
3646 697 3704 743 et

2105 773 2188 822 vir
2207 759 2426 836 stultus,
2448 764 2535 836 qui
2561 765 2810 818 adversus
2825 759 3056 817 amicum
3070 776 3221 836 suum
3247 759 3435 836 falsum
3460 759 3708 836 testimo-

2109 841 2253 895 nium
2278 831 2422 894 dicit;
2462 835 2590 891 Item
2613 835 2743 896 illic.
2775 836 2974 904 Lingua
3005 847 3108 886 me:
3134 833 3234 886 das
3261 831 3373 904 odit
3394 831 3700 904 verituem,

2108 927 2170 965 os
2202 921 2378 966 autem
2411 909 2747 963 incontinens
2794 901 2916 961 facit
2940 904 3255 959 seditiones.
3303 902 3365 955 In
3408 901 3704 966 Sapientia.

2109 985 2183 1038 0s
2213 989 2389 1036 autem
2421 981 2564 1048 quod
2590 981 2843 1033 mentitur
2872 977 3065 1032 occidit
3113 976 3366 1048 animam.
3422 973 3538 1048 Non
3569 971 3711 1026 velle

2111 1054 2329 1110 mentiri
2354 1046 2511 1106 omne
2538 1052 2898 1116 mendacium,
2931 1047 3216 1104 assiduitas
3246 1046 3388 1102 enim
3421 1046 3563 1098 illius
3595 1059 3710 1116 non

2112 1137 2196 1181 est
2226 1125 2383 1179 bona.
2421 1122 2549 1177 Item
2571 1123 2699 1176 illic.
2751 1122 2937 1177 Melior
2967 1127 3052 1176 est
3079 1135 3278 1189 pauper
3322 1116 3601 1189 ambulans
3655 1115 3714 1168 iu

2111 1198 2355 1259 veritate,
2402 1212 2560 1265 quam
2615 1194 2769 1250 dives
2813 1193 3062 1248 mendax.
3111 1188 3197 1265 _In’
3227 1188 3713 1265 1Ieremia._0m_ne

2116 1257 2454 1324 mendacium
2485 1283 2588 1320 non
2619 1279 2699 1321 est
2726 1266 2791 1319 de
2822 1267 3068 1321 veritate.
3103 1261 3169 1316 In
3220 1260 3450 1315 Psalmo.
3502 1257 3716 1315 Perdes

2116 1356 2212 1398 eos
2240 1342 2329 1411 qui
2369 1341 2656 1408 loquuntur
2685 1338 3049 1393 mendacium.

2411 1435 2541 1489 CAP.
2574 1433 2711 1489 XVI.
2736 1465 2802 1474 —
2827 1432 2944 1486 Non
2968 1431 3354 1501 fornicandnm.

2195 1509 2246 1561 1.
2295 1505 2358 1561 1η
2387 1506 2699 1560 Proverbiis.
2749 1505 2933 1559 Mulier
2960 1497 3138 1558 autem
3183 1502 3414 1554 virorum
3444 1497 3718 1569 pretiosas

2121 1578 2330 1635 animas
2383 1581 2541 1647 capit.
2579 1577 2829 1648 Alligabit
2857 1577 2976 1638 quis
3001 1576 3052 1648 in
3085 1574 3259 1627 sinum
3289 1573 3487 1648 ignem,
3543 1569 3715 1624 vesti-

2124 1658 2301 1706 menta
2334 1641 2509 1705 auteiu
2559 1665 2665 1704 non
2689 1641 3027 1702 'cinnburet’
3059 1648 3161 1698 Aut
3207 1641 3497 1697 ambulabit
3551 1655 3718 1697 super

2125 1725 2388 1778 carbones
2420 1723 2575 1792 ignis,
2608 1720 2770 1790 pedes
2793 1733 3043 1792 verouon
3073 1713 3386 1770 comburet?
3417 1711 3544 1792 Item
3575 1712 3711 1792 illic.

2131 1794 2354 1848 Adulter
2383 1783 2571 1846 auvtem'
2610 1783 2826 1859 propter
2881 1789 3115 1860 inopiam
3167 1801 3381 1842 sensum
3442 1783 3721 1860 interitum

2127 1865 2248 1935 (sic)
2284 1865 2476 1918 animm
2505 1855 2620 1918 suat
2672 1855 2901 1930 acquirit
2948 1855 3168 1935 dolores
3216 1870 3268 1935 et
3300 1855 3718 1935 turpitudines;

2127 1927 2291 2001 super
2321 1936 2666 2004 opprobrium
2723 1927 2901 1988 autem
2934 1933 3053 1999 ejus
3092 1945 3195 2004 non
3227 1929 3508 1984 delebitur.
3568 1927 3726 1980 Abo-

2129 2002 2462 2063 minatio‘est
2494 2007 2723 2060 Domino
2761 2005 3011 2069 cngitalit)
3046 2002 3245 2069 iniqua.
3286 2008 3593 2054 sanctorum
3624 2013 3727 2051 au-

2127 2091 2232 2134 tem
2260 2094 2541 2135 st-rmones
2574 2075 2748 2146 pudici
2802 2084 2944 2130 sunt.
2996 2073 3129 2127 Item
3169 2072 3295 2126 illic.
3341 2071 3454 2146 Viri
3487 2069 3726 2124 amantis

2126 2142 2746 2222 sapientiatnlsetabitur
2785 2159 2978 2222 pater:
3000 2161 3086 2222 qui
3113 2142 3485 2222 autempascit
3531 2156 3715 2222 mere.-

2129 2210 2304 2286 trices,
2336 2221 2525 2280 perdet
2571 2210 2806 2273 diviti-is.
2841 2215 2909 2273 In
2934 2210 3259 2270 Ecclesiaste.
3298 2214 3411 2286 Non
3433 2213 3531 2267 des
3559 2210 3729 2266 torni-

2127 2294 2239 2348 cari
2261 2285 2492 2346 animam
2519 2303 2667 2362 tuam
2695 2291 2932 2362 296m
2955 2289 3066 2353 illo,
3098 2303 3162 2341 ne
3184 2285 3378 2362 perdas
3402 2295 3476 2346 te.
3516 2294 3571 2340 et
3601 2287 3718 2338 lue-

2129 2364 2412 2420 reditatem
2442 2372 2608 2420 tuam.
2642 2359 2793 2415 Ιιῖηἷ.
2831 2361 3023 2414 Vinum
3053 2365 3110 2413 et
3139 2359 3394 2412 mulieres
3415 2364 3728 2427 apostatare

2130 2438 2330 2489 iaciunt
2382 2436 2675 2502 sapientes,
2727 2444 2782 2488 et
2835 2441 3061 2500 arguent
3114 2438 3392 2502 sensatos;
3446 2439 3497 2480 et
3528 2427 3615 2494 qui
3664 2441 3728 2478 se

2125 2507 2301 2576 jungit
2336 2500 2659 2565 forn’icariis.
2692 2506 2796 2576 erit
2823 2517 3052 2576 nequam
3083 2500 3356 2576 putredo,
3403 2508 3457 2552 et
3486 2511 3726 2576 _ver_mes

2131 2567 2528 2633 htereditabuni
2560 2579 2730 2631 illum.
2761 2574 2826 2630 In
2861 2572 3169 2643 Evangelia.
3198 2570 3389 2626 Omnis
3411 2572 3498 2640 qui
3527 2567 3728 2643 viderit

2130 2650 2410 2704 mulierem
2442 2649 2505 2702 ad
2538 2642 3028 2706 concupiscendqu
3059 2660 3201 2707 eam,
3263 2645 3370 2712 jam
3426 2642 3727 2696 triaecliatus

2131 2731 2214 2776 est
2238 2722 2288 2773 in
2310 2718 2471 2774 corde
2502 2736 2624 2776 suo.
2663 2719 2792 2772 Item
2825 2720 2916 2774 ibi.
2938 2716 3130 2773 Omnis
3156 2715 3245 2784 qui
3295 2712 3557 2768 dimiserit
3578 2725 3727 2784 tuo-3

2132 2808 2244 2847 rem
2277 2808 2453 2857 suam,
2486 2801 2540 2846 et
2563 2794 2718 2845 aliam
2761 2790 2931 2854 ducit,
2977 2781 3308 2857 mmchatur;
3345 2799 3398 2839 et
3421 2786 3508 2852 qui
3538 2781 3732 2857 dimis-

2131 2879 2245 2920 sam
2277 2881 2307 2918 a
2338 2854 2454 2916 viro
2482 2865 2693 2916 duxerit
2718 2862 3034 2916 moechatur.
3093 2856 3159 2911 In
3194 2857 3393 2912 Exodo.
3443 2857 3511 2911 Et
3558 2854 3725 2907 facies

2133 2935 2241 2990 illis
2268 2935 2490 2989 braccas
2516 2934 2705 2991 lineas.
2741 2943 2799 2987 ut
2823 2942 3006 2995 tegant
3055 2929 3428 2987 verecundiam
3484 2923 3729 2996 corporis

2134 3021 2167 3060 a
2197 3006 2414 3073 lumbis,
2446 3021 2614 3074 usque
2637 3006 2700 3057 ad
2730 3003 3001 3075 geniculo.

2353 3097 2483 3152 CAP.
2515 3096 2765 3152 XV||.-—
2786 3095 2913 3150 Item
2940 3097 3001 3148 de
3022 3091 3331 3147 continentia
3354 3090 3475 3145 oris.

2212 3170 2264 3223 1.
2298 3167 2362 3222 1η
2397 3168 2705 3222 Proverbiis.
2737 3169 2928 3222 Odium
2943 3167 3168 3220 suscitat
3197 3162 3493 3225 contentio,
3531 3173 3722 3214 omnes

2140 3249 2317 3294 autem
2349 3256 2453 3293 non
2484 3239 2871 3294 contendentes
2899 3239 3120 3307 protegit
3148 3235 3401 3290 amicitia.
3433 3230 3638 3307 Paulus
3663 3232 3729 3283 ad

2144 3310 2486 3367 Timotheum.
2521 3310 2778 3365 Profanas
2801 3303 2975 3364 autém
3001 3324 3190 3362 vocum
3227 3307 3492 3360 novitates
3518 3303 3726 3367 devita,

2145 3384 2368 3437 multmn
2409 3382 2552 3437 enim
2602 3381 2883 3450 proﬁciunt
2934 3379 3399 3450 adiimpietatem,
3447 3385 3729 3450 anser-mo

2142 3470 2326 3509 eorum
2357 3464 2412 3507 ut
2441 3443 2634 3509 cancer
2685 3453 2868 3520 serpit.
2902 3451 2965 3504 In
2999 3449 3213 3504 Psalmo
3257 3462 3472 3520 cxgxw.
3633 3445 3732 3520 li_n-

2144 3541 2344 3595 guosus
2369 3541 2478 3580 non
2506 3516 2948 3594 dirigettirsuper
2970 3531 3188 3578 terram.
3224 3520 3291 3574 In
3323 3517 3632 3571 Proverbiis.
3657 3516 3732 3569 Ex

2143 3596 2478 3664 multiloquio
2525 3612 2627 3648 non
2655 3595 2882 3661 eti'ngies
2914 3605 3215 3658 peccatum;
3255 3602 3494 3664 parcens
3555 3595 3730 3664 autem

2148 3668 2302 3721 labiis
2320 3657 2536 3734 sapiens
2562 3667 2686 3722 erit.
2714 3657 2848 3718 Item
2873 3657 3005 3721 illic.
3030 3665 3129 3728 Qui
3159 3657 3341 3716 multis
3368 3663 3536 3734 ut_itur
3556 3657 3734 3713 verbis

2147 3737 2292 3792 laedit
2321 3730 2550 3791 animam
2581 3753 2750 3792 suam.
2789 3735 2924 3790 Item
2950 3736 3076 3789 illic.
3114 3734 3334 3788 Multum
3364 3730 3570 3799 (Forte,
3605 3745 3732 3782 tuu-

2148 3808 2280 3879 tuin)
2315 3820 2365 3863 te
2389 3809 2607 3873 faciens,
2637 3807 2835 3862 videris
2879 3808 3094 3875 sapiens
3123 3819 3263 3879 esse.
3317 3802 3450 3879 Item
3475 3802 3603 3879 illic.

2114 3893 2122 3899 '
2147 3871 2424 3946 respondit
2446 3871 2667 3932 verbum
2694 3879 2840 3946 prius
2869 3871 3026 3948 quam
3072 3877 3275 3940 audiat,
3304 3873 3527 3948 stultitia
3559 3871 3732 3948 estilli

2149 3960 2205 4005 et
2230 3941 2597 4019 opprobrium.
2642 3941 2774 4003 Item
2801 3941 2928 4003 illi}.
2964 3949 3102 4003 Mors
3151 3955 3205 4000 et
3233 3953 3341 4019 vita
3382 3945 3448 4019 Ain
3494 3941 3736 4019 manibus

2149 4015 2346 4088 lingum
2374 4033 2476 4081 est,
2508 4021 2596 4088 qui
2627 4032 2803 4074 autem
2832 4021 3113 4075 continens
3138 4026 3221 4072 est
3236 4016 3360 4071 edet
3375 4015 3575 4069 fructus
3601 4015 3732 4080 eius.

2152 4089 2288 4145 Item
2309 4093 2435 4146 illic.
2469 4092 2567 4158 Qui
2599 4092 2834 4147 custodit
2858 4106 2920 4145 os
2935 4107 3112 4156 suum,
3144 4098 3200 4143 et
3231 4089 3493 4158 linguam2
3513 4099 3736 4158 conser-

2152 4173 2239 4214 vat
2264 4164 2329 4216 de
2358 4155 2620 4232 angustiis
2649 4165 2882 4216 animam
2915 4177 3087 4217 suam.
3119 4159 3251 4214 Item
3278 4160 3409 4232 illic.
3463 4156 3518 4232 _Si
3543 4155 3738 4232 videris

2150 4235 2320 4288 virum
2351 4229 2588 4288 velocem
2612 4237 2663 4287 in
2687 4236 2884 4300 verbis,
2910 4235 3046 4290 scito
3068 4234 3192 4304 quia
3216 4229 3551 4304 sgpembabet
3579 4231 3740 4304 magis

2151 4304 2408 4372 insipiens
2429 4321 2588 4373 quam
2613 4305 2719 4359 ille.
2777 4298 2910 4358 Item
2957 4298 3103 4360 illic:
3138 4302 3252 4356 Noli
3286 4302 3480 4373 tacitus
3524 4313 3643 4353 esse
3677 4298 3741 4373 in

2152 4369 2332 4446 lingua
2375 4369 2482 4434 tua.
2510 4388 2562 4431 et
2592 4377 2817 4444 inutilis,
2847 4388 2903 4432 et
2949 4377 3207 4446 remissus
3233 4374 3286 4426 in
3317 4371 3568 4438 operibus
3618 4369 3737 4422 tuis.

2155 4447 2286 4501 Item
2318 4448 2446 4502 illic.
2474 4446 2575 4514 Qui
2602 4463 2824 4502 susurro
2855 4457 2935 4502 est
2963 4445 3311 4507 iiHnmoibus,
3337 4453 3394 4497 et
3429 4456 3533 4494 non
3561 4455 3743 4495 neces-

456 4539 568 4584 tum
591 4531 780 4600 jurans
812 4514 1120 4598 ithplebitur
1149 4514 1452 4600 iniquitate,
1493 4539 1551 4585 et
1591 4545 1696 4583 non
1753 4531 1983 4584 discedit
2013 4545 2041 4582 a
2073 4523 2125 4582 D
2153 4521 2317 4600 §ari0.
2350 4520 2590 4600 (ξὼθιυτο,
2613 4516 2900 4600 Itemjilic:
2931 4515 3148 4600 Τδοῐιξεε
3170 4523 3487 4600 θιεεηεέιυε
3518 4514 3739 4577 honore,

459 4601 620 4658 domo
643 4603 784 4656 illius
819 4604 990 4670 plaga,
1024 4615 1079 4659 et
1103 4604 1146 4658 si
1179 4617 1314 4656 vane
1340 4601 1626 4670 iuraverit,
1658 4616 1762 4654 non
1790 4601 2045 4669 justilica-

459 4671 623 4727 bitur.
684 4671 750 4728 In
783 4673 1081 4744 Evangelia.
1112 4675 1352 4729 Audistis
1381 4673 1503 4740 quia
1534 4673 1759 4744 dictutu
1782 4681 1866 4726 est
1909 4672 2048 4725 auti-

461 4744 599 4812 quis,
615 4761 722 4798 non
748 4742 1072 4814 periurabis,
1095 4746 1289 4799 reddes
1309 4755 1488 4799 autem
1512 4742 2046 4813 Dominojuramenta

459 4814 582 4868 tua?
606 4819 716 4884 Ego
743 4827 919 4868 autem
949 4821 1068 4872 dico
1090 4817 1242 4872 vobis
1270 4832 1374 4869 non
1405 4816 1581 4884 iurare
1605 4821 1845 4879 omnino,
1878 4828 2049 4884 neque

460 4899 558 4954 per
582 4888 798 4948 cretum,
828 4886 946 4954 quia
977 4890 1203 4942 thronus
1235 4890 1324 4942 Dei
1355 4894 1460 4951 est,
1486 4901 1658 4954 neque
1687 4902 1780 4954 per
1829 4897 2047 4949 terrain,

459 4957 580 5022 quia
608 4957 899 5012 Sciihellum
933 4961 1124 5027 pedum
1151 4961 1268 5027 ejus
1293 4970 1398 5023 est,
1450 4972 1624 5027 neque
1647 4973 1738 5024 per
1777 4957 2051 5025 Jerosoly-

461 5029 776 5108 mamtquia
807 5027 994 5108 civitas
1025 5038 1109 5108 est
1143 5030 1318 5099 magni
1347 5031 1528 5100 Regis.
1562 5030 1870 5108 Neqneper
1891 5029 2053 5108 caput

463 5098 920 5171 tuumjuraveris,
951 5104 1073 5171 quia
1108 5116 1211 5155 non
1237 5098 1395 5169 potes
1416 5098 1578 5154 unum
1603 5098 2051 5171 capillumalbum

463 5169 657 5238 tacete,
686 5183 776 5224 aut
800 5169 1027 5238 nigrum.
1051 5173 1134 5227 Sit
1154 5181 1332 5226 autem
1358 5187 1536 5226 sermo
1558 5181 1735 5226 vester
1761 5187 1774 5223 :
1800 5170 1914 5233 Est,
1945 5178 2050 5235 est;

462 5238 599 5308 Non,
632 5257 761 5294 non.
792 5242 944 5308 Quod
972 5255 1148 5298 autem
1179 5243 1538 5296 abundantius
1570 5252 1676 5306 est,
1711 5256 1740 5294 a
1772 5243 1913 5295 malo
1944 5248 2048 5294 est.

462 5307 534 5392 In
559 5307 871 5392 Proverbiis.
901 5316 1139 5392 Arcessit
1169 5313 1298 5392 falsa
1338 5319 1490 5392 testis
1535 5313 1787 5392 iniustus,
1845 5325 1898 5368 et
1946 5315 2053 5366 im-

463 5383 641 5464 tnittet
665 5383 952 5464 judicia‘iu
983 5385 1198 5464 fratres.
1230 5383 1367 5440 Item
1394 5387 1523 5464 iiiis.
1549 5383 1725 5464 Testis
1755 5395 1934 5464 autem
1964 5399 2055 5464 ve-

463 5454 570 5536 lox_
586 5454 822 5536 linguam
871 5456 1380 5536 habebituiniquam.
1412 5455 1548 5536 Item
1588 5457 1718 5511 illic.
1753 5456 1959 5536 Ειξρίυῐ
1987 5455 2056 5536 de

466 5526 622 5580 malis
650 5526 886 5581 animam
917 5530 1070 5584 tetitis
1096 5527 1304 5597 tidelis;
1337 5531 1575 5584 incendit
1604 5538 1785 5583 autem
1813 5527 1944 5582 falsa
1968 5527 2038 5582 do

540 5663 573 5699 ³⁸
599 5663 716 5719 Non
756 5663 809 5718 in
837 5663 1101 5732 Levitico,
1149 5665 1244 5724 sed
1275 5667 1329 5722 in
1360 5665 1754 5722 Ecclesiastico.
1787 5663 2056 5720 Caeterum

470 5731 526 5809 in
576 5733 677 5809 bac
719 5737 1018 5809 appendice
1066 5731 1172 5795 non
1211 5739 1378 5796 semel
1425 5738 1680 5808 vapulant
1714 5737 1955 5809 syntaxis
2003 5741 2060 5791 et

473 5807 723 5883 ἕαρὶβεια.
754 5807 913 5864 EDI'I'.

2154 4588 2528 4644 honorabitur.
2564 4588 2696 4643 Item
2724 4589 2852 4644 illic.
2884 4590 2936 4642 In
2976 4589 3158 4644 medio
3210 4595 3544 4641 sensatorum
3587 4597 3740 4637 serva

2153 4661 2376 4714 verbum
2403 4663 2678 4728 temporis.
2713 4659 2768 4713 In
2795 4659 2975 4714 medio
3010 4671 3189 4713 autem
3232 4655 3568 4711 traCtantiutn
3605 4653 3737 4706 assi-

2154 4730 2292 4785 duus
2337 4741 2468 4785 esto.
2522 4728 2652 4784 Item
2669 4731 2798 4784 illic.
2855 4730 3258 4798 lndisciplinose
3297 4742 3404 4781 non
3435 4740 3652 4780 sueseas
3683 4737 3741 4778 os

2154 4809 2326 4868 tuum,
2350 4811 2433 4856 est
2457 4800 2599 4855 enim
2629 4800 2735 4856 illic
2759 4803 2979 4856 verbum
3003 4801 3224 4871 peccati.

2377 4893 2508 4964 Cir.
2545 4891 2729 4946 XVtII.
2766 4922 2836 4934 —
2865 4891 3188 4964 Fugiendam
3217 4890 3523 4964 ebrietatem.

2227 4965 2280 5018 1.
2321 4963 2386 5018 1η
2411 4962 2722 5018 Proverbiis.
2755 4958 3007 5018 Proterva
3038 4979 3124 5021 res
3161 4973 3243 5017 est
3274 4962 3476 5027 viuum,
3503 4969 3558 5014 et
3605 4958 3742 5029 inju-

2154 5035 2297 5090 rlosa
2325 5035 2580 5098 ebrietas;
2614 5036 2790 5088 omnis
2821 5045 2996 5089 autem
3027 5035 3223 5090 stultus
3247 5033 3329 5087 his
3349 5031 3737 5085 conuniscetur.

2157 5105 2291 5160 Item
2312 5107 2444 5161 illic.
2475 5106 2591 5160 Noli
2621 5121 2740 5161 esse
2774 5107 3094 5170 vinolentus,
3124 5121 3296 5171 neque
3323 5103 3582 5158 extendas
3610 5111 3660 5154 te
3679 5101 3742 5161 ad

2157 5179 2544 5232 emendandam
2573 5192 2819 5238 carnem;
2851 5177 3027 5231 omnis
3056 5177 3196 5232 enim
3226 5174 3475 5230 ebriosus
3499 5182 3552 5227 et
3583 5173 3741 5227 torni-

2156 5248 2336 5303 carius
2389 5247 2732 5310 mendicabit,
2765 5255 2821 5301 ct
2860 5248 3124 5302 veSIietur
3155 5247 3459 5301 conscissos
3519 5257 3739 5312 pannos,

2155 5329 2212 5374 et
2263 5319 2438 5373 omnis
2469 5318 2888 5374 sovnniculosus.
2922 5318 3056 5373 Item
3101 5318 3230 5372 illic.
3264 5319 3319 5371 Si
3349 5317 3491 5369 enim
3542 5314 3744 5368 inﬁcias

2155 5399 2211 5448 et
2237 5391 2432 5444 calices
2461 5389 2713 5443 dederitis
2756 5392 2940 5445 oculos
2996 5397 3202 5444 vestros
3256 5389 3395 5458 (sic),
3457 5384 3745 5458 novissimo

2157 5461 2500 5517 ambulabitis
2533 5459 2784 5514 uudiores
2816 5463 2939 5530 pilo.
2977 5459 3113 5515 Item
3146 5456 3272 5513 illic;
3327 5456 3598 5530 Potentes,
3648 5456 3743 5530 qui

2157 5533 2398 5588 iracundi
2423 5539 2569 5598 sunt,
2605 5532 2784 5584 vinum
2809 5528 2912 5586 non
2966 5531 3167 5598 bibant,
3199 5546 3266 5585 ne
3314 5543 3436 5584 cum
3491 5528 3743 5593 biberint,

2158 5605 2543 5660 obliviscantur
2573 5602 2912 5669 sapientiam,
2935 5613 2990 5658 et
3017 5614 3160 5658 recte
3191 5616 3297 5656 non
3352 5601 3560 5667 possint
3597 5599 3740 5669 judi-

2159 5691 2284 5733 care
2326 5668 2871 5745 inﬁrmibustltorte,
2931 5673 3175 5745 intimis).
3207 5673 3361 5745 _Item
3384 5672 3514 5745 illic.
3552 5668 3742 5745 _$_pinte

2162 5757 2455 5803 nascuntur
2490 5744 2549 5798 in
2578 5741 2821 5800 manibus
2849 5745 3068 5801 ebriosi.
3102 5741 3169 5799 In
3198 5741 3522 5796 Ecclesiaste.
3552 5741 3742 5796 Vinum

2163 5827 2219 5875 et
2255 5817 2509 5875 mulieres
2537 5822 2846 5885 apostatare
2866 5818 3063 5882 iaciunt
3082 5815 3374 5887 sapientes,
3403 5823 3459 5870 et
3506 5819 3730 5886 arguunt
