4086 6350
360 336 379 389 l
394 336 495 393 '209

358 459 615 518 seusatos,
663 461 717 507 et
745 450 833 520 qui
880 464 939 507 se
988 448 1159 521 jungit
1191 445 1513 521 _foriiicar_iis
1543 445 1672 521 erit_
1702 456 1927 521 nequam
1956 442 2006 500 Α
2034 437 2248 521 grandis
2273 446 2326 521 et
2356 437 2575 521 pusilla;

358 514 610 589 p-itr’edo,
659 534 714 578 et
764 514 1607 578 'vermes'lia7reditabuntillom.
1643 514 1776 569 Item
1827 517 1933 589 illic

353 596 545 652 Mulier
566 596 788 659 ebriata,
822 604 875 649 et
900 608 1143 655 erronea,
1176 607 1362 651 magna
1390 592 1561 646 ira.et
1585 588 1927 654 contumelia,

353 682 403 721 et
437 667 705 734 turpitudo
731 667 869 721 illius
895 681 999 718 non
1024 664 1238 731 tegitur.
1258 660 1386 734 Item
1414 660 1541 715 illic.
1579 660 1796 734 llomini
1820 662 1933 734 dis-

353 731 606 801 cipl‘iiiato
638 739 1109 805 vinumexiguutn,
1141 745 1196 788 et
1222 735 1272 789 in
1304 732 1622 805 dormiendo
1652 748 1756 805 non
1787 731 1933 805 labo-

355 812 489 864 rabit
512 811 579 862 ab
604 809 712 876 illo,
743 820 793 863 et
816 823 919 863 non
932 802 1142 862 'sentiet
1158 808 1398 860 dolorem
1414 803 1630 874 vigilim.
1653 803 1785 857 Item
1802 802 1929 856 illic.

356 882 647 944 Diligentes
679 883 855 935 vinum
889 881 1054 933 nolite
1084 892 1396 948 provocare,
1428 878 1626 932 multos
1671 876 1809 930 enim
1839 889 1935 929 ex-

356 953 661 1005 terminavit
690 954 892 1007 vinum.
922 950 1224 1019 Sicutigiiis
1255 948 1445 1015 probat
1481 948 1679 1002 Ierrum
1714 950 1931 1013 durum,

352 1024 430 1077 sic
462 1026 640 1077 vinum
667 1024 830 1079 corda
847 1022 1198 1092 superborum
1229 1030 1437 1091 arguet;
1455 1035 1606 1092 tequa
1628 1021 1736 1077 vita
1762 1019 1932 1074 boinio

357 1095 511 1147 nibus
557 1097 755 1160 vinum,
791 1090 1233 1149 non'ebrietate.
1282 1090 1471 1147 Vinum
1499 1090 1552 1146 in
1599 1093 1933 1164 iucunditate

354 1178 591 1220 Crealum
638 1178 741 1229 est,
776 1182 877 1219 non
908 1166 957 1219 in
1014 1166 1292 1230 ebrietate;
1336 1163 1403 1218 ab
1450 1163 1609 1218 initio
1648 1163 1934 1222 exsultatio

353 1237 545 1291 anitum
576 1248 628 1292 et
648 1237 826 1292 cordis
844 1238 1021 1291 vinum
1048 1237 1256 1293 modice
1288 1244 1550 1301 potatuin.
1578 1238 1767 1292 \liiium
1800 1234 1933 1290 inul-

358 1317 465 1361 tuui
495 1317 727 1371 potatunt
762 1310 1138 1373 irritatioiiem,
1166 1321 1220 1362 et
1249 1310 1403 1371 iram,
1429 1319 1481 1361 et
1509 1310 1690 1365 ruinas
1739 1308 1933 1361 inultas

353 1374 819 1435 facitebtiosititis
865 1382 1075 1436 animos
1101 1390 1199 1434 tas.
1233 1381 1389 1450 297
1424 1376 1489 1433 In
1537 1379 1929 1435 Ecclesiasticis.

354 1452 625 1519 Upliiiium
657 1464 731 1505 eSI
764 1452 841 1505 ire
872 1452 923 1505 in
964 1454 1179 1507 domum
1212 1450 1385 1505 luctus
1420 1466 1577 1517 quam
1634 1452 1683 1505 iii
1716 1453 1930 1505 domum

352 1524 654 1592 potationis.
690 1521 887 1577 Paulus
914 1524 982 1576 ad
1014 1523 1278 1590 Ephesios.
1316 1523 1487 1576 N‘olite
1518 1522 1764 1578 inebriari
1790 1523 1930 1587 tino,

352 1593 406 1664 i_n
438 1610 543 1664 quo
572 1604 655 1648 est
680 1597 906 1660 luxuria,
977 1596 1070 1649 sed
1118 1594 1413 1661 impleiuini
1464 1592 1668 1662 Spiritu
1721 1605 1928 1650 sancto.

351 1662 482 1720 Item
516 1667 585 1718 ad
612 1664 921 1720 Corinthios.
955 1666 1069 1721 Non
1100 1665 1327 1732 ebriosi,
1384 1681 1488 1718 non
1538 1667 1777 1720 maledici
1850 1679 1934 1718 re-

347 1753 509 1805 gnttm
538 1738 627 1805 Dei
683 1739 1047 1804 possidebunt.
1076 1735 1142 1790 In
1172 1736 1482 1791 Proverbiis.
1530 1736 1703 1792 Nolite
1754 1740 1931 1793 inten-

347 1803 477 1864 dere
529 1803 750 1863 fallaciae
810 1810 1045 1870 mulieris
1087 1809 1406 1873 meretricis,
1458 1824 1575 1874 quae
1599 1810 1664 1863 ad
1722 1821 1932 1871 tempus

347 1878 641 1945 impingunt
665 1892 778 1934 tuas
808 1881 1007 1945 fauces;
1039 1880 1327 1936 norissinie
1347 1890 1523 1933 tamen
1547 1883 1779 1937 amarius
1810 1883 1932 1939 lelle

345 1948 610 2017 invenies,
637 1964 686 2005 et
713 1955 919 2006 acutior
950 1953 1050 2006 erit
1081 1952 1247 2021 magis
1272 1968 1431 2017 quam
1465 1949 1672 2014 gladius
1698 1969 1761 2007 ex
1789 1966 1928 2008 utra-

343 2036 449 2087 que
478 2029 628 2089 parte
658 2032 865 2077 acutus.
900 2024 1030 2077 Item
1064 2023 1188 2076 illic.
1212 2023 1330 2077 Noli
1356 2022 1553 2075 nimius
1578 2039 1698 2078 esse
1718 2026 1929 2093 alienze,

344 2107 522 2165 neque
553 2094 891 2163 conjungaris
913 2096 1253 2158 amplexibus
1300 2096 1416 2159 ejus
1464 2094 1630 2165 (quae)
1692 2113 1795 2151 non
1851 2110 1932 2153 est

348 2164 459 2217 tua.
498 2164 621 2217 Item
644 2166 772 2219 illic.
824 2165 947 2229 Fili,
980 2182 1084 2220 non
1118 2176 1167 2220 te
1196 2166 1373 2221 vincat‘
1401 2164 1583 2220 formae
1638 2166 1930 2237 desiderio,

346 2251 524 2310 neque
548 2238 770 2310 a-piaris
803 2237 923 2306 (sic)
953 2240 1117 2290 oculis
1142 2238 1266 2310 tuis,
1302 2253 1471 2307 neque
1493 2239 1720 2306 rapiaris
1752 2241 1932 2310 palpe-

346 2306 460 2382 bris
491 2309 614 2382 tuis;
654 2310 887 2382 pretium
904 2309 1198 2363 meretricis
1249 2319 1500 2379 quantum
1526 2321 1609 2365 est
1656 2306 1809 2366 unius
1834 2306 1928 2382 pa-

345 2376 613 2433 nistlteiii
646 2379 770 2431 illic.
818 2378 967 2433 Sicut
998 2381 1134 2433 tinea
1184 2376 1581 2444 vestimentum,
1638 2393 1691 2433 et
1736 2376 1933 2440 vermis

348 2449 574 2517 lignum,
603 2450 670 2503 ita
697 2453 866 2504 viruin
901 2451 1088 2518 perdet
1115 2453 1306 2505 mulier
1354 2452 1602 2521 maligna.
1646 2452 1776 2507 Item
1800 2457 1927 2510 illic.

347 2521 423 2574 Ne
476 2523 729 2589 respicias
755 2523 1033 2577 mulierem
1068 2523 1432 2589 niultivolam;
1466 2540 1533 2577 ne
1560 2524 1694 2580 l‘orle
1731 2526 1931 2582 incidas

347 2593 399 2646 in
428 2593 643 2659 laqueos
674 2592 810 2661 ejus.
847 2596 980 2647 tluui
1008 2595 1279 2649 saltatrice
1311 2608 1376 2648 tie
1400 2596 1646 2649 assiduus
1677 2597 1771 2662 sis,
1832 2614 1931 2654 nec

345 2661 531 2733 audias
554 2665 719 2725 iliam,
754 2681 819 2719 ne
845 2664 979 2718 forte
1006 2679 1190 2733 pereas
1215 2666 1267 2719 iii
1290 2666 1587 2720 ellicatioiie
1614 2667 1775 2724 illius.
1799 2668 1932 2723 Item

347 2730 476 2788 illic.
496 2735 607 2789 Non
625 2738 720 2789 iles
745 2736 950 2789 mulieri
978 2730 1240 2805 potestate
1262 2739 1453 2790 animm
1477 2747 1602 2799 tute,
1630 2756 1695 2792 ne
1722 2741 1932 2806 gradia-

348 2815 434 2859 tur
464 2807 513 2860 in
546 2808 741 2862 virtute
786 2817 905 2872 tua,
939 2819 993 2862 et
1024 2808 1392 2863 coiil'uiidaris.
1428 2808 1539 2861 Non
1565 2809 1660 2865 des
1696 2811 1927 2868 furtiiea-

344 2876 441 2930 riis
470 2879 699 2932 allllllatll
737 2890 879 2933 tuam
913 2880 962 2933 in
998 2882 1162 2945 nullo,
1198 2895 1264 2934 ne
1294 2880 1482 2947 perdas
1511 2891 1580 2941 te.
1605 2894 1659 2937 et
1703 2882 1933 2940 haeredi-

347 2957 509 3027 tatem
553 2959 718 3027 tuam.
775 2950 849 3027 Ne
879 2951 1083 3019 vageris
1111 2953 1162 3005 in
1188 2952 1337 3027 _vitiis
1368 2953 1614 3016 civitatis,
1646 2970 1743 3010 nec
1776 2972 1930 3027 vage-

344 3023 422 3073 ris
450 3021 501 3073 in
537 3022 723 3078 plateis
750 3022 885 3091 ejus,
947 3033 1129 3077 averte
1181 3023 1371 3078 faciem
1430 3038 1571 3077 tuam
1622 3043 1647 3077 a
1704 3021 1930 3082 miil'iére

342 3095 661 3157 composita,
694 3103 747 3147 et
793 3108 895 3145 non
924 3096 1182 3161 respicias
1210 3098 1440 3162 speciem
1469 3098 1718 3151 alienam.
1743 3100 1931 3153 Omnis

342 3164 539 3250 (mulier
564 3170 883 3250 quaestuaria
905 3168 1057 3250 quasi
1108 3179 1317 3250 stercus
1337 3167 1391 3247 in
1432 3170 1515 3250 via
1562 3171 1927 3250 conculcatur.
1962 3189 2008 3250 ρ

342 3233 800 3307 ξυρρίρηὶυιίθιιευ
824 3233 1065 3292 mulieris
1095 3241 1243 3291 multi
1277 3242 1451 3293 mirati
1475 3242 1746 3307 reprobati
1780 3250 1926 3295 sunt.

342 3304 679 3373 Colloquiutu
712 3311 853 3361 enim
882 3308 999 3376 ejus
1021 3312 1171 3377 qutisi
1204 3310 1341 3377 ignis
1369 3304 1612 3365 esarilet.
1646 3313 1775 3365 Cum
1808 3313 1939 3365 alie-

346 3392 412 3429 na
448 3377 668 3431 muliere
696 3395 799 3431 tion
828 3382 1111 3433 accumbas
1140 3395 1301 3445 supra
1330 3383 1589 3445 cubitum,
1617 3390 1671 3436 et
1718 3398 1822 3435 non
1864 3384 1940 3436 al-

345 3450 570 3503 terceris
588 3464 708 3503 cum
738 3450 824 3502 illa
850 3450 900 3501 in
921 3450 1067 3512 vino,
1105 3466 1170 3504 ne
1193 3448 1328 3504 torte
1363 3452 1598 3504 declinet
1645 3466 1740 3506 cor
1787 3462 1938 3508 tuum

345 3519 411 3576 ad
437 3519 599 3588 illam,
627 3530 679 3575 et
701 3524 957 3591 sanguine
985 3521 1180 3575 labaris
1213 3522 1265 3575 itt
1292 3521 1609 3589 perditione.

450 3614 579 3670 ΟΑΡ.
616 3613 759 3669 XlX.
791 3644 861 3655 —
890 3614 1143 3669 Parvulos
1164 3616 1514 3670 emendandos
1540 3616 1830 3671 inscientes.

420 3731 472 3783 1.
513 3726 580 3784 1η
615 3728 923 3783 Proverbiis.
974 3731 1073 3795 Qui
1131 3731 1303 3799 parcit
1363 3732 1551 3787 baculo
1606 3732 1721 3785 odit
1774 3732 1939 3788 ﬁlium

350 3817 541 3865 suum;
572 3804 659 3867 qui
691 3802 866 3871 diligit
896 3801 1182 3870 diligenter
1228 3801 1423 3856 erudit.
1462 3800 1593 3856 Item
1642 3804 1771 3857 illic.
1824 3804 1940 3859 Non

347 3874 478 3927 latet
521 3884 785 3943 turpatum
830 3874 880 3925 in
916 3876 1022 3926 lilio
1064 3888 1170 3928 non
1208 3875 1439 3928 erudito.
1499 3873 1630 3927 Item
1659 3874 1787 3927 illic.
1822 3875 1941 3930 Noli

349 3959 565 3998 cessare
607 3944 886 4012 parvulum
940 3946 1253 4011 emendare,
1281 3947 1557 4013 quoniam,
1584 3947 1627 4000 si
1663 3961 1942 4015 percusse-

349 4016 425 4070 ris
456 4030 575 4067 euiii
609 4016 752 4083 virga
782 4057 795 4077 ,
831 4030 935 4069 non
962 4016 1251 4082 morietur;
1298 4025 1353 4069 tu
1403 4016 1618 4086 quidem
1676 4019 1942 4081 percuties

347 4101 467 4157 eum
497 4089 662 4153 virga,
698 4086 930 4139 animam
961 4097 1140 4141 autem
1170 4086 1289 4157 ejus
1344 4087 1598 4141 liherah's
1654 4103 1681 4139 a
1741 4096 1938 4143 morte.

350 4156 482 4229 Item
534 4159 661 4229 illic.
720 4158 881 4212 Erttdi
937 4159 1103 4212 lilium
1154 4169 1396 4225 tunm,et
1435 4158 1855 4224 exhilarab'tte,
1889 4171 1941 4214 et

348 4228 498 4282 dabit
531 4228 778 4284 decorem
807 4232 997 4283 anima:
1028 4240 1153 4284 tute.
1213 4229 1344 4283 Ilent
1394 4231 1524 4283 illic.
1580 4230 1820 4291 Juvenis,
1851 4232 1940 4297 qui

348 4315 469 4354 cum
496 4309 683 4353 sancto
711 4309 815 4363 est,
861 4300 1066 4353 directa
1099 4309 1181 4353 est
1231 4302 1313 4353 via
1374 4302 1513 4368 ejus,
1567 4302 1714 4353 auris
1762 4302 1939 4367 audit;

348 4373 535 4425 oculus
569 4371 729 4431 videt,
754 4380 808 4423 et
828 4384 986 4437 opera
1014 4370 1226 4424 Domini
1251 4381 1494 4440 utraque.
1523 4370 1589 4424 In
1613 4370 1938 4426 Ecclesiaste.

352 4442 469 4496 Filii
505 4442 597 4495 tibi
626 4440 788 4495 sunt?
826 4440 980 4495 erudi
1008 4441 1123 4493 illos
1174 4456 1200 4491 a
1255 4442 1479 4508 pueritia
1511 4444 1759 4503 illorum;
1822 4442 1943 4495 lilia:

350 4514 444 4567 tibi
478 4512 641 4566 sunt?
667 4512 880 4565 custodi
934 4511 1413 4579 ουτριιθςὶιιθτιιιιι,
1444 4522 1498 4565 et
1545 4526 1651 4565 non
1710 4512 1936 4567 hilarem

349 4584 538 4656 (aciem
568 4593 714 4636 tuam
738 4582 1077 4656 ostciidas‘ad
1108 4580 1412 4656 illas._Item
1448 4583 1575 4656 illic.
1627 4583 1741 4656 Qui
1762 4584 1938 4651 diligit

351 4652 518 4708 Ιίιὶυιιι
543 4670 697 4708 suum
728 4653 968 4707 assiduat
999 4652 1071 4706 illi
1101 4653 1331 4721 ﬂagella,
1366 4663 1423 4707 ut
1467 4655 1679 4708 lsetetur
1734 4654 1785 4709 in
1851 4670 1940 4707 no-

352 4726 571 4780 vissimo
601 4740 720 4789 suo,
754 4732 811 4779 et
852 4739 954 4778 non
990 4724 1166 4791 palpet
1205 4728 1339 4779 ostia
1383 4726 1784 4793 proximorum;
1845 4727 1937 4793 qui

350 4797 507 4851 dot-et
535 4797 699 4851 tilium
746 4811 901 4849 suum
960 4796 1259 4849 laudabitur
1306 4796 1359 4849 in
1416 4796 1529 4858 illti,
1559 4806 1614 4852 et
1652 4800 1704 4851 in
1757 4796 1939 4851 medio

351 4869 643 4939 amicorum
676 4866 1029 4939 lioiiorabitur
1062 4869 1113 4919 iii
1144 4868 1265 4923 illo.
1297 4867 1429 4922 Item
1454 4868 1584 4923 illic.
1631 4868 1732 4935 Qui
1783 4868 1939 4923 docet

354 4937 697 4992 llliumsuum
724 4938 776 4990 in
806 4939 942 5003 zelo,
976 4937 1139 4991 mittit
1195 4940 1501 5004 inimicum;
1558 4954 1798 4993 mortuus
1856 4949 1939 4994 est

354 5019 525 5078 pater,
560 5009 708 5081 quasi
744 5024 846 5062 non
877 5018 1157 5072 mortuus;
1208 5010 1437 5081 similem
1477 5013 1621 5064 enim
1671 5011 1940 5081 relinquet

355 5077 572 5146 piistse.
604 5077 739 5133 Item
789 5080 918 5133 illic.
975 5080 1156 5147 Equus
1207 5079 1497 5135 indomitus
1528 5082 1674 5133 vadit
1725 5077 1937 5145 dumis;

358 5152 499 5205 tilius
524 5152 781 5205 remissus
810 5150 955 5203 vadit
988 5164 1248 5221 princeps.
1281 5150 1454 5203 Curva
1500 5153 1766 5205 cervicem
1822 5151 1941 5221 ejus

356 5222 409 5275 iii
441 5222 742 5289 iuventute,
771 5232 823 5275 et
856 5221 1018 5274 tunde
1050 5220 1214 5274 latera
1244 5221 1360 5286 ejus
1388 5222 1512 5275 dum
1543 5223 1718 5275 iulans
1743 5220 1943 5287 est,'ne

358 5292 498 5346 forte
528 5304 762 5357 crescat,
793 5302 846 5345 et
876 5308 981 5345 non
1014 5290 1195 5354 duret,
1231 5302 1286 5344 et
1324 5308 1427 5345 non
1476 5292 1728 5345 obaudiat
1781 5300 1854 5355 te,
1889 5303 1944 5346 et

356 5363 597 5416 sitdolor
622 5363 815 5416 animae
849 5375 970 5416 tuse.
1006 5361 1073 5415 In
1094 5359 1419 5415 Ecclesiaste.
1447 5361 1578 5418 Cum
1624 5372 1810 5417 sancto
1858 5378 1937 5417 as-

360 5434 543 5487 siduus
574 5442 709 5495 esto,
737 5449 1111 5502 quemcunque
1159 5435 1478 5503 cognoveris
1525 5443 1942 5488 conservantetn

362 5506 607 5558 timorem
643 5504 759 5569 Dei,
790 5505 1083 5559 secundum
1116 5504 1368 5560 virtutem
1413 5515 1557 5558 tuam
1587 5520 1717 5559 cave
1768 5506 1864 5557 tibi
1914 5520 1945 5559 a

364 5576 602 5638 proximo
635 5585 749 5640 tuo,
778 5585 978 5630 etcum
1002 5575 1331 5643 sapientibus
1378 5586 1430 5629 et
1470 5578 1700 5631 sensatis
1753 5586 1942 5630 tracta.

538 5666 664 5722 CAP.
718 5667 837 5722 XX.
867 5697 937 5709 —
964 5668 995 5721 J
1004 5678 1145 5722 ustas
1172 5685 1433 5724 mensuras
1454 5678 1498 5723 et
1520 5670 1767 5741 pondera.

440 5760 485 5811 Ι.
521 5756 587 5812 1η
617 5758 1034 5814 Deuteronomio.
1061 5759 1174 5815 Non
1205 5763 1307 5816 erit
1335 5762 1387 5816 in
1420 5762 1583 5817 domo
1608 5772 1693 5818 tua
1741 5763 1948 5831 pondus

363 5831 566 5917 grande
595 5844 646 5892 et
675 5832 969 5913 pusillum;
1000 5847 1105 5901 non
1126 5834 1230 5891 erit
1260 5833 1314 5890 iti
1340 5833 1501 5893 domo
1553 5844 1639 5891 tua
1696 5850 1949 5894 mensura

851 333 1151 391 APPEND.
1184 332 1277 389 XI.
1318 361 1388 374 -—
1426 324 1838 387 TESTIMONIA
1880 320 2135 377 DIVINA".
2181 317 2615 388 SCRIPTURIE,
2657 317 2747 374 ET
2786 314 3091 373 PATRUM.

3487 311 3621 373 1210

2629 436 2836 503 pondus
2877 449 3031 501 vero,
3059 434 3222 506 298
3266 440 3322 488 et
3372 445 3625 489 mensura

2031 510 2231 578 jttsluttt
2264 510 2330 562 sit
2356 508 2471 572 tibi,
2498 519 2552 562 ut
2578 510 2862 562 multorum
2886 508 3096 561 dierum
3119 508 3194 559 sis
3219 520 3378 573 super
3402 513 3623 578 terrain,

2035 576 2195 649 quam
2229 580 2485 636 Dominus
2518 581 2654 634 Deus
2688 591 2808 634 tuus
2836 580 2983 633 dabit
3011 578 3105 632 tibi
3136 578 3190 632 in
3236 586 3457 649 sortem,
3499 576 3625 649 quia

2034 646 2421 706 alioiiiinandus
2452 662 2532 707 est
2560 652 2787 706 Domino
2812 652 2988 703 omnis
3010 652 3097 718 qui
3130 650 3278 702 laciit
3304 646 3520 716 injusta.
3555 646 3626 702 In

2036 721 2349 778 Proverbiis.
2370 724 2577 779 Statera
2610 725 2785 794 iniqua
2808 721 3137 777 abomiiiatio
3166 728 3248 775 est
3289 734 3470 794 coram
3502 718 3627 794 _Do-

2034 797 2214 858 mino;
2246 795 2452 861 pondus
2474 806 2652 851 autem
2678 787 2887 863 aequum
2911 801 3188 858 acceptum
3236 801 3320 846 est
3376 791 3447 845 ei.
3491 787 3625 842 Item

2032 866 2162 919 illic.
2196 866 2536 921 Abominatio
2559 878 2638 921 est
2666 862 2892 923 Domino
2908 863 3104 933 duplex
3128 862 3333 933 pondus
3356 868 3626 917 etstatera

2033 937 2218 993 dolosa
2248 955 2352 993 non
2380 939 2576 994 bonum
2606 948 2731 994 ante
2757 952 2901 992 eum.

2485 1030 2615 1087 CAP.
2653 1032 2791 1088 XXI.
2827 1062 2891 1075 ——
2926 1033 3000 1086 De
3037 1040 3172 1087 voto.

2107 1120 2299 1192 l‘ltem
2326 1125 2450 1179 illic.
2482 1125 2671 1181 Statim
2699 1137 2754 1182 ut
2782 1129 2990 1183 voveris
3024 1139 3205 1183 votum
3242 1127 3486 1192 Domino,
3512 1143 3620 1183 non

2036 1189 2276 1269 tardatus
2300 1197 2525 1254 reddere
2557 1199 2719 1263 illud;
2751 1211 2804 1254 tu
2836 1201 3014 1269 itaque
3058 1201 3199 1268 quod
3230 1189 3623 1264 voveris,vred-

2034 1263 2129 1342 de;
2164 1265 2351 1342 melius
2378 1278 2459 1342 est
2517 1286 2620 1323 non
2672 1286 2868 1327 vovere
2918 1263 3087 1342 quam
3122 1271 3349 1333 vovisse,
3404 1280 3456 1325 et
3514 1287 3623 1326 non

2034 1337 2264 1390 solvere.
2298 1335 2363 1390 Iit
2387 1337 2715 1397 Ecclesiaste.
2745 1335 2949 1399 Stultus
2975 1344 3026 1397 iii
3052 1343 3161 1397 risu
3187 1342 3391 1397 exaltat
3433 1355 3621 1397 vocem

2035 1423 2241 1482 suam;
2275 1410 2353 1482 \jir
2380 1421 2556 1464 autem
2605 1416 2819 1482 sapiens
2876 1415 2961 1469 vix
3010 1413 3169 1469 tacite
3221 1413 3434 1467 ridebit.
3488 1410 3622 1468 Item

2034 1479 2160 1555 illic.
2196 1480 2388 1555 Melius
2416 1493 2496 1535 est
2518 1479 2813 1553 indignatio
2836 1501 2994 1554 quam
3026 1487 3189 1555 risus,
3224 1486 3346 1555 quia
3390 1485 3441 1538 in
3470 1485 3621 1539 vultu

2034 1550 2423 1621 oblectabitur;
2457 1568 2549 1607 cor
2574 1550 2893 1621 sapientium
2925 1558 2973 1609 iii
3018 1550 3185 1611 domo'
3224 1550 3420 1613 luctus.
3448 1564 3498 1609 et
3527 1570 3623 1609 cor

2035 1620 2404 1687 insipientium
2457 1625 2508 1678 iti
2558 1620 2719 1680 domo
2767 1626 3014 1681 luxuriae.
3078 1628 3143 1681 In
3198 1627 3618 1683 Deuteionoiuio.

2035 1690 2150 1766 Non
2184 1706 2341 1747 erunt
2375 1711 2462 1749 res
2494 1698 2673 1753 viriles
2700 1714 2861 1766 super
2883 1700 3185 1762 mulierem,
3230 1713 3331 1753 nec
3374 1697 3623 1752 induelur

2037 1764 2121 1835 vir
2148 1774 2350 1818 vestem
2382 1768 2719 1833 muliebrem,
2755 1764 2874 1835 quia
2906 1771 3233 1824 aliominatio
3273 1779 3354 1823 est
3394 1768 3622 1823 Domino

1967 1821 2010 1880 Β
2039 1834 2126 1904 qui
2157 1835 2341 1890 fecerit
2372 1839 2506 1893 haec.
2532 1837 2665 1892 Item
2703 1821 2840 1895 illic.
2866 1821 2980 1894 Non
3015 1821 3623 1908 'iiiiiiiéiiiiii‘sitientes

2040 1920 2135 1972 pro
2166 1908 2312 1972 liliis,
2342 1920 2393 1961 et
2422 1910 2513 1964 lilii
2548 1926 2651 1964 non
2685 1913 2985 1966 morientur
3016 1927 3111 1980 pro
3142 1912 3479 1978 parentibus;
3526 1913 3623 1966 sed

2035 1982 2399 2050 ll_ttlt5tuisque
2449 1983 2497 2033 in
2567 1996 2664 2035 suo
2717 1993 2932 2050 peccato
2982 1982 3262 2037 morietur.
3315 1981 3516 2034 Paulus
3555 1982 3623 2037 ad

2036 2045 2325 2121 ΕρΙιςνεὶοδι.⁷
2345 2051 2411 2105 Et
2440 2066 2554 2117 vos,
2581 2045 2829 2118 parentes
2850 2097 2864 2120 ,
2890 2054 3055 2108 nolite
3087 2068 3379 2121 provocare
3420 2054 3484 2106 ad
3518 2053 3627 2106 ira-

2035 2120 2281 2174 ciiiidiam
2310 2124 2446 2176 lilios
2471 2133 2694 2191 vestros,
2725 2126 2818 2178 sed
2851 2128 3052 2179 nutrite
3080 2120 3200 2179 illos
3240 2126 3291 2177 in
3340 2123 3626 2187 disciplina

2034 2200 2089 2244 et
2110 2194 2459 2267 correptione
2491 2194 2718 2250 Domini.
2770 2194 2830 2248 In
2876 2195 3004 2267 Osee
3042 2196 3309 2267 prapheta.
3353 2193 3627 2267 Semiiiate

2035 2262 2486 2331 vobisjusdtiam,
2515 2273 2567 2320 et
2601 2267 2930 2322 viiideniiate
2972 2262 3201 2320 fructum
3232 2270 3386 2331 vitm;
3434 2266 3625 2332 exqui-

2036 2334 2157 2407 rite
2192 2349 2286 2387 vos
2337 2336 2516 2393 lumen
2560 2336 2808 2407 justitim,
2852 2338 3117 2393 sustinete
3173 2338 3421 2401 Domino,
3453 2336 3628 2391 donec

2035 2404 2221 2475 veniat
2278 2409 2475 2474 vobis,
2538 2404 2741 2464 fructus
2792 2410 3014 2475 iustitiae
3085 2409 3203 2475 ejus
3278 2407 3624 2461 viiideuiiate.

2037 2473 2104 2527 In
2132 2478 2432 2546 proverbiis.
2463 2480 2592 2547 Quis
2615 2473 2871 2545 gloriatur
2895 2473 3149 2534 mundum
3179 2494 3237 2532 se
3268 2478 3464 2532 habere
3506 2492 3624 2541 cor,

2035 2559 2124 2621 aut
2141 2551 2261 2621 quis
2290 2552 2503 2604 audebit
2531 2550 2711 2606 dicere
2735 2567 2923 2621 purum
2943 2567 3000 2606 se
3015 2567 3134 2606 esse
3154 2566 3183 2603 a
3202 2550 3467 2617 peccatis?
3493 2548 3627 2621 Item

2035 2618 2167 2691 illic.
2196 2618 2318 2685 Fili,
2346 2622 2396 2674 in
2426 2630 2638 2676 mortuo
2666 2618 2754 2675 tuo
2802 2623 3003 2691 produc
3055 2624 3337 2691 lacrynias,
3362 2629 3416 2673 et
3471 2620 3626 2688 quasi

2034 2688 2168 2743 dura
2215 2706 2401 2757 passus
2438 2693 2663 2761 incipies
2695 2688 2932 2763 plorare,
2959 2702 3015 2748 et
3039 2688 3330 2747 secundum
3360 2691 3621 2760 judicium

2036 2771 2482 2833 contegeizorpus
2527 2764 2666 2833 ejus,
2718 2775 2771 2819 et
2823 2780 2927 2819 non
2979 2766 3246 2833 despicias
3294 2764 3626 2833 sepulturam

2038 2831 2218 2898 illius;
2254 2845 2470 2901 pr0pter
2515 2831 2810 2890 delaturam
2867 2852 3048 2889 amare
3083 2831 3194 2887 illes
3236 2835 3437 2887 luctum
3485 2832 3627 2887 illius

2038 2906 2195 2957 unius
2226 2906 2358 2970 diei,
2382 2915 2436 2960 et
2456 2906 2741 2961 consolare
2782 2918 2998 2976 propter
3031 2907 3322 2960 tristitiam.

2034 2995 2165 3053 CAP.
2198 3000 2361 3055 XXII.
2387 3030 2455 3042 -—
2486 3001 2606 3056 Non
2629 3004 3062 3074 fraudandum,et
3080 3001 3187 3074 (de)
3207 3018 3311 3056 non
3332 3000 3625 3071 gloriando.

2071 3091 2086 3099 “
2111 3094 2160 3147 l.
2190 3093 2254 3147 In
2281 3093 2485 3153 Exodo.
2521 3096 2635 3151 Non
2674 3097 2880 3154 facietis
2912 3097 3131 3161 furtum,
3153 3105 3208 3150 et
3247 3111 3351 3150 non
3404 3092 3631 3148 mentie-

2042 3164 2193 3218 mini.
2230 3164 2298 3218 In
2335 3166 2646 3221 Proverbiis.
2672 3169 2770 3235 Qui
2804 3170 2999 3236 petitur
3026 3185 3147 3222 cum
3180 3167 3297 3222 fore
3343 3166 3458 3219 odit
3508 3164 3627 3217 ani-

2045 3252 2186 3290 mam
2219 3251 2392 3293 suam.
2435 3237 2634 3293 Paulus
2678 3241 2746 3293 ad
2795 3239 3107 3295 Corinthios.
3159 3238 3271 3293 Non
3329 3238 3494 3301 fures,
3522 3250 3631 3289 non

2042 3308 2214 3372 avari,
2235 3324 2337 3363 non
2361 3310 2582 3373 ebriosi,
2608 3325 2711 3364 non
2743 3312 3013 3377 maledici,
3031 3325 3135 3365 non
3159 3323 3381 3377 rapaces
3407 3322 3630 3376 regnum

2044 3377 2139 3431 Dei
2188 3382 2551 3447 possidebunt.
2606 3380 2673 3435 In
2709 3381 3019 3437 Proverbiis.
3069 3382 3199 3436 Esto
3250 3379 3533 3434 conlidens
3576 3381 3629 3431 in

2046 3458 2158 3501 toto
2186 3452 2351 3504 corde
2399 3462 2489 3504 tuo
2539 3451 2590 3504 iii
2629 3454 2873 3519 Domino,
2906 3454 2956 3507 in
3014 3463 3099 3507 tua
3143 3461 3321 3506 autem
3368 3449 3632 3517 sapientia

2044 3520 2152 3573 noli
2177 3519 2540 3574 extollthem
2570 3523 2699 3578 illic.
2750 3526 2867 3577 Noli
2920 3538 3042 3577 esse
3086 3524 3298 3589 sapiens
3350 3520 3488 3586 apud
3542 3529 3628 3583 te;

2044 3590 2174 3644 time
2206 3591 2521 3655 Dominum,
2550 3602 2605 3645 et
2631 3594 2839 3648 declina
2885 3610 2913 3646 a
2952 3594 3115 3654 malo,
3151 3603 3275 3645 tunc
3301 3592 3501 3644 sanitas
3530 3591 3635 3641 erit

2043 3663 2257 3729 corpori
2288 3672 2400 3726 tuo,
2431 3671 2484 3714 et
2508 3661 2779 3731 diligentia
2807 3664 3020 3718 ossibus
3047 3663 3171 3716 tuis.
3202 3661 3339 3715 Item
3364 3660 3454 3713 ibi.
3512 3658 3631 3712 Vidi

2044 3733 2216 3784 virum
2264 3734 2617 3787 atstinianteui
2666 3748 2724 3788 se
2779 3735 2880 3787 sibi
2928 3735 3223 3802 sapientem
3279 3746 3430 3802 esse;
3478 3744 3631 3802 spent

2043 3810 2222 3873 autem
2271 3802 2458 3855 habuit
2502 3806 2673 3873 magis
2700 3805 2957 3873 insipiens
2994 3798 3154 3872 quam
3186 3804 3294 3857 ille.
3341 3799 3407 3853 In
3464 3798 3631 3852 Isaia.

2046 3871 2139 3925 Va:
2172 3872 2254 3927 his
2286 3875 2375 3941 qui
2400 3871 2670 3941 sapientes
2698 3871 2823 3929 sunt
2844 3876 2982 3943 apud
3014 3871 3104 3938 Se;
3148 3886 3200 3927 et
3250 3875 3300 3926 in
3341 3878 3634 3943 conspectu

2044 3956 2145 3997 suo
2177 3940 2482 4011 prudentes.
2526 3944 2728 4000 Paulus
2753 3948 2822 3999 ad
2854 3940 3135 4001 Romanos.
3200 3945 3449 3999 [licentes
3492 3940 3635 4000 enim

2045 4027 2105 4068 se
2129 4029 2248 4069 esse
2271 4015 2565 4081 sapientes,
2593 4018 2739 4071 stulti
2765 4018 2915 4071 fiunt.
2949 4017 3029 4071 Ad
3060 4015 3371 4070 Corinthios.
3421 4011 3517 4069 Ubi
3549 4026 3637 4064 sa-

2048 4088 2239 4157 piens,
2300 4086 2390 4140 ubi
2443 4088 2649 4151 scriba,
2688 4088 2776 4143 ubi
2828 4089 3162 4157 Conquisitor
3208 4086 3367 4155 hujus
3415 4082 3635 4157 saeculi?

2044 4155 2236 4211 Nonne
2262 4158 2479 4211 stultam
2514 4158 2641 4212 fecit
2673 4159 2814 4212 Deus
2844 4154 3164 4224 sapientiam
3211 4154 3367 4223 hujus
3407 4154 3634 4209 mundi?

2047 4226 2180 4280 Item
2209 4228 2339 4281 illic.
2382 4229 2551 4283 Nemo
2594 4243 2655 4283 se
2693 4230 2862 4285 fallat.
2894 4228 2950 4285 Si
3003 4232 3121 4298 quis
3162 4229 3372 4282 videtur
3420 4226 3638 4295 sapiens

2042 4313 2165 4352 esse
2190 4298 2378 4369 in_lioc
2409 4299 2632 4364 mundo,
2676 4303 2871 4354 Stultus
2895 4302 3006 4363 liat,
3038 4311 3094 4354 ut
3124 4304 3193 4354 sit
3228 4299 3463 4369 sapiens.
3501 4298 3635 4351 Nam

2045 4366 2306 4437 sapientia
2336 4369 2494 4441 hujus
2517 4370 2701 4441 mundi
2728 4371 2957 4425 stultitia
2982 4382 3065 4427 est
3094 4371 3233 4441 apud
3266 4366 3454 4425 Deum.
3488 4369 3639 4441 Scri-

2046 4447 2194 4507 ptum
2226 4449 2309 4492 est
2338 4439 2480 4513 enim
2524 4457 2537 4493 :
2580 4439 3047 4513 Compreliendam
3072 4438 3345 4513 sapientes
3370 4442 3421 4494 in
3444 4438 3638 4513 astutia

1970 4542 2019 4604 υ
2046 4518 2385 4604 ἳῗξξξεξιέηξι
2419 4510 2715 4604 item:
2754 4511 2911 4604 139V.“
2958 4510 3639 4604 Ροπλὲιῖιξε,,ειξξίιθξὲἳεέεξ

2046 4580 2390 4651 sapientium.
2413 4578 2536 4651 quia
2569 4597 2720 4637 vana?
2753 4594 2901 4640 sunt.
2946 4584 3014 4639 In
3069 4578 3393 4641 Ecclesiaste.
3427 4578 3639 4651 Melius

2050 4660 2136 4704 est
2170 4652 2261 4705 tibi
2313 4649 2442 4716 dici,
2472 4656 2705 4709 ascende
2753 4656 2817 4707 ad
2873 4670 2980 4722 me,
3030 4671 3191 4723 quam
3253 4649 3537 4723 liuuiiliare
3584 4650 3637 4702 in

2048 4732 2341 4791 conspectu
2373 4724 2626 4791 potentis.
2656 4723 2725 4778 In
2751 4720 2974 4779 Exodo.
3009 4720 3124 4779 Non
3179 4723 3322 4777 enim
3378 4720 3641 4791 adversus

2048 4807 2148 4847 nos
2190 4789 2549 4848 niurmiiratio
2574 4805 2774 4862 vestra,
2804 4797 2899 4849 sed
2926 4795 3185 4848 adversus
3212 4792 3403 4851 Deum.
3438 4789 3637 4862 Paulus

2044 4866 2113 4915 ad
2161 4862 2661 4921 Thessalonicenses.
2688 4866 2787 4932 Qui
2825 4868 3029 4935 spernit
3068 4864 3360 4935 hominem,
3386 4877 3491 4917 non
3544 4861 3642 4915 ho-

2044 4934 2241 4989 minem
2264 4938 2484 5004 spernit,
2517 4937 2609 4989 sed
2640 4936 2827 4989 Deum.
2860 4934 2945 4988 Ad
2982 4936 3262 4989 Ilomaitos.
3296 4934 3455 4990 Sicut
3484 4936 3631 5004 enim

2048 5020 2141 5074 per
2174 5003 2586 5061 inobedieiitiaui
2618 5007 2783 5059 unius
2831 5006 3063 5061 hominis
3113 5015 3423 5075 peccatores
3476 5003 3640 5075 299

2045 5077 2326 5148 constituti
2349 5086 2475 5148 sunt
2505 5076 2794 5148 inulti,_it_a
2819 5086 2873 5132 et
2919 5093 3016 5148 per
3070 5077 3225 5131 unius
3276 5075 3640 5132 obedientiam

2041 5144 2173 5215 juSti
2200 5147 2593 5201 constituuntur
2614 5146 2789 5200 multi.

2046 5240 2176 5296 CAP.
2203 5242 2389 5297 XXIII.
2416 5269 2485 5281 —-
2532 5243 2732 5366 Altior:
2784 5260 2890 5327 non
2936 5245 3198 5308 scrutari,
3250 5256 3408 5310 neque
3458 5239 3641 5294 audire

2724 5328 2979 5366 (Breucos.

2724 5328 2979 5371 ωνειιεοε.

2121 5406 2173 5459 t.
2202 5404 2269 5460 In
2301 5404 2615 5463 Proverbiis.
2667 5408 2766 5473 Qui
2823 5409 2941 5464 ﬁdit
2987 5408 3039 5463 in
3088 5406 3245 5471 falso.
3307 5405 3393 5460 hic
3450 5413 3641 5459 ventos

2052 5479 2250 5548 pascit;
2285 5478 2398 5545 ipse
2439 5488 2617 5533 autem
2648 5481 2892 5550 sequitur
2915 5493 3043 5534 aves
3074 5480 3343 5550 volantes;
3401 5475 3637 5550 dereliuf

2050 5558 2177 5617 qiiet
2205 5550 2349 5603 enim
2378 5550 2513 5603 viam
2546 5548 2873 5615 vineas'suze,
2902 5560 2956 5605 et
2995 5548 3197 5605 orbitas
3242 5550 3469 5603 cultura:
3522 5548 3639 5616 agri

2050 5622 2131 5673 sui
2163 5620 2394 5685 errabit;
2426 5620 2755 5688 perambulat
2779 5631 2956 5676 autem
2999 5636 3093 5690 per
3122 5620 3291 5688 arida,
3316 5632 3368 5674 et
3397 5619 3639 5683 deserta,

2051 5703 2105 5746 et
2122 5700 2314 5745 terram
2327 5694 2668 5746 constitutam
2688 5696 2737 5746 in
2756 5692 3124 5758 siccitatibus;
3148 5698 3434 5760 congregat
3456 5698 3635 5760 autem

2051 5763 2241 5817 manus
2279 5777 2389 5815 sua:
2440 5762 2802 5818 sterilitatem.
2849 5761 2982 5819 Item
3004 5764 3133 5817 illic.
3174 5759 3377 5817 Secede
3405 5772 3538 5826 ergo
3574 5759 3641 5813 ab

2051 5848 2193 5911 aqua
2226 5832 2537 5919 aliena,eta
2560 5833 2707 5896 fonte
2720 5835 2899 5895 alieno
2912 5834 3344 5923 .noli.bibere,ut
3363 5840 3531 5895 multo
3561 5830 3635 5904 yi-

2004 5921 2039 5955 θ’
