4086 6350
383 315 424 372 δ’

773 314 1062 373 ΑΡΡΕΝῙ).
1105 308 1196 365 XI.
1238 341 1306 352 —-
1343 305 1758 365 TESTIMONIA
1799 297 2056 358 DIVINE
2095 295 2533 365 SCRIPTURE,
2575 295 2665 353 ET
2707 294 3017 353 PATRUM.

3415 290 3549 348 Η.ιᾷ

281 437 459 507 vulpes
488 437 540 491 in
571 435 804 490 deserto.
844 431 910 487 ιη
948 427 1244 507 Evangelia:
1299 426 1402 507 alii
1456 426 1851 507 choragum.
1884 406 3552 507 Atcscttestseic_'“s519‘cassides"facit"?

278 519 330 563 et
354 493 446 564 vos
468 509 518 561 in
550 508 761 562 labores
787 518 975 561 eorum
1003 493 1284 556 introistis.
1315 496 1450 553 Item
1466 493 1851 576 igiti’ﬂiﬂ"?

277 594 380 650 que
425 579 684 634 dimiserit
734 591 952 650 uxorem
993 587 1168 650 suam,
1205 566 1855 650 _exeepta_fornicationis

277 635 459 716 tiausa,
510 658 566 704 et
610 651 772 720 aliam
821 646 1054 720 duxerit,
1099 635 1396 720 adult_erai._
1432 639 1568 694 Item
1611 635 1743 720 iliic.

279 712 578 790 peccaverit
599 719 766 775 frater
789 729 907 772 tuus
938 719 1001 790 in
1019 726 1090 790 te,
1115 715 1328 790 corripe
1344 712 1519 790 illum,
1537 720 1589 762 et
1617 712 1662 790 si
1686 712 1858 776 pinni-

280 780 498 849 ientiam
523 791 714 863 egerit,
738 791 945 863 dimitte
971 787 1080 863 illi;
1114 795 1170 863 et
1203 786 1247 838 si
1267 780 1482 851 septies
1509 784 1560 835 in
1585 780 1859 863 _die._pec:

281 865 481 920 caverit
509 849 678 935 invte,
701 849 761 915 et
788 861 986 935 septies
1023 849 1203 935 indie
1229 849 1524 935 conversus
1583 849 1857 935 iueritnad

282 945 355 999 te,
397 935 584 989 dicens
615 951 627 987 :
657 921 888 988 Paenitet
913 941 1020 993 me,
1049 928 1258 999 dimitte
1280 926 1374 980 illi.
1404 925 1539 999 Item
1585 923 1712 976 illic.
1758 921 1860 987 Qui

281 997 512 1060 seminat
540 1006 738 1059 bonmn
768 1017 950 1058 semen
988 1009 1071 1056 est
1097 998 1262 1054 Filius
1313 997 1565 1074 hominis,
1594 1008 1722 1062 ager
1767 1009 1859 1074 an:

281 1087 388 1132 tem
424 1079 508 1131 hic
536 1075 794 1140 mundus;
819 1075 1034 1147 bonum
1085 1085 1228 1147 vero
1268 1084 1478 1147 seruem
1510 1068 1560 1147 hi
1601 1075 1728 1147 sunt
1769 1064 1861 1147 lilii

281 1149 454 1218 regni.
488 1147 616 1202 Nam
661 1138 870 1218 zizania
908 1144 999 1198 lilii
1044 1153 1169 1197 sunt
1216 1140 1414 1218 iniqui;
1464 1138 1733 1202 inimicus,
1773 1138 1862 1203 qui

281 1214 564 1274 somniavit
591 1217 942 1283 ea,diabo|us
969 1226 1085 1280 est;
1143 1214 1334 1267 messis
1383 1221 1558 1289 autem
1612 1223 1866 1289 consumf

281 1289 449 1344 matio
479 1281 764 1346 saeculi-est
785 1305 799 1354 ;
824 1300 1092 1342 messores
1117 1294 1294 1338 autem
1319 1281 1492 1353 angeli
1521 1287 1666 1334 sunt.
1719 1281 1868 1354 Sicut

281 1370 336 1416 et
363 1376 490 1430 ergo
511 1351 832 1430 colliguntur
862 1359 1100 1420 zizanite,
1122 1363 1188 1430 et
1205 1355 1326 1430 igni
1349 1351 1759 1430 comburuntur,
1789 1351 1868 1430 sic

282 1433 386 1486 erit
410 1423 461 1486 in
488 1423 947 1488 consummatione
974 1424 1260 1484 saeculiJn
1289 1426 1586 1481 Salomone.
1618 1423 1723 1477 Sex
1747 1429 1870 1476 sunt

281 1517 402 1571 qua:
433 1504 544 1557 odit
597 1503 877 1567 Dominus,
930 1511 984 1556 et
1032 1498 1320 1571 septimum
1377 1497 1516 1564 quod
1572 1493 1870 1571 detestatur

282 1564 458 1628 anima
484 1575 599 1644 ejus
624 1593 635 1626 :
663 1564 883 1644 oculum,
907 1564 1215 1644 sublimem,
1257 1569 1486 1644 linguam
1531 1564 1865 1644 mendacem,

283 1659 478 1699 manus
506 1635 842 1700 éﬂ'undentes
872 1642 1148 1698 innoxium
1177 1635 1514 1709 sanguinem,
1539 1652 1633 1709 cor
1659 1635 1866 1689 machi-

282 1730 420 1770 nans
442 1716 795 1787 cogitationes
825 1715 1107 1787 pessimae,
1133 1707 1301 1780 pedes
1329 1710 1538 1787 veloces
1567 1707 1632 1763 ad
1651 1721 1872 1762 curren-

283 1787 408 1841 dum
465 1781 545 1840 in'-
569 1787 790 1853 malum,
828 1781 1206 1855 'prot‘erentem
1266 1781 1624 1855 mendacium,

283 1857 619 1922 fallacem,et
647 1849 890 1928 eumqui
913 1855 1304 1911 seminat'inter
1327 1854 1518 1905 fratres
1545 1849 1864 1904 discordias.

541 1949 671 2006 Car.
709 1947 903 2016 XXIX.
931 1977 1000 1990 ——
1032 1946 1342 2004 Testimonia
1382 1943 1620 1998 Patrum.

360 2043 410 2096 i.
454 2044 696 2116 Quatuor
725 2050 849 2116 sunt
879 2040 1308 2116 perturbationes
1329 2037 1618 2116 hominum
1662 2034 1876 2116 anima},

284 2113 340 2168 id
367 2107 784 2181 esu—cupiditas,
811 2107 1015 2176 laetitia,
1051 2121 1246 2176 metus,
1277 2109 1510 2164 tristitia.
1547 2107 1720 2177 Ipsum
1762 2107 1878 2160 ani-

285 2200 433 2246 mum
481 2198 603 2242 esse
643 2185 980 2248 memoriam,
1031 2189 1088 2236 et
1125 2182 1230 2236 vim
1275 2196 1394 2250 quae
1435 2183 1694 2242 memoria
1725 2191 1876 2232 voca-

283 2265 396 2311 tur.
428 2253 562 2312 Item
589 2255 716 2310 illic.
743 2254 876 2310 Octo
905 2261 1031 2316 sunt
1061 2253 1373 2320 principalia
1420 2251 1572 2318 vitia,
1620 2265 1737 2322 quae
1778 2250 1882 2322 bug

287 2342 507 2392 manum
540 2325 793 2382 infestant
833 2325 1288 2396 genusai’rimum
1315 2326 1710 2396 gastrimargia,
1741 2321 1882 2393 quod

287 2408 372 2458 est
417 2398 622 2461 ventris
669 2392 962 2466 ingluvies;
1015 2395 1178 2466 302
1226 2395 1521 2454 secundum
1568 2392 1880 2459 fornicatio;

287 2469 505 2530 tertium
531 2467 876 2537 philargyria,
909 2465 962 2518 id
985 2465 1085 2531 est,
1110 2466 1360 2530 avaritia,
1389 2467 1505 2520 sive
1535 2480 1688 2520 amor
1721 2479 1883 2537 pecu-

289 2541 422 2605 niae;
452 2534 839 2606 quartuiuira;
872 2538 1116 2608 quintum
1151 2539 1404 2602 tristitia;
1447 2545 1658 2592 sextum
1689 2534 1881 2601 acidia,

288 2612 343 2670 id
373 2619 477 2677 est,
509 2612 780 2674 anxietas,
824 2624 916 2664 seu
965 2608 1184 2664 taedium
1230 2608 1444 2672 cordis;
1474 2609 1760 2676 septimum
1791 2621 1883 2662 ce-

290 2682 545 2745 nodoxia.
576 2682 626 2736 id
659 2691 764 2744 eet,
782 2679 1065 2750 iactantia,
1092 2679 1204 2740 sive
1243 2693 1374 2742 vana
1405 2680 1609 2750 gloria;
1637 2689 1884 2736 octavum

291 2754 535 2823 superbia
563 2750 654 2823 (In
691 2749 820 2812 libro
851 2749 1221 2818 Collationam,
1253 2752 1460 2816 scilicet,
1494 2749 1770 2821 Cassiani).

295 2844 429 2900 CAP.
470 2843 638 2900 XXX.
679 2875 748 2886 —
786 2844 1101 2970 Testimlq‘nit:
1145 2846 1210 2898 de
1254 2845 1530 2902 Sententiis
1576 2843 1782 2918 Evagrii
1818 2846 1886 2898 ad

1018 2931 1080 2970 ra
1101 2932 1199 2970 res.

1018 2931 1184 2970 ratres
1191 2959 1199 2969 .

365 3011 416 3064 1.
467 3007 926 3074 Quemadmodum
957 3009 1097 3063 enim
1129 3009 1341 3078 ﬂamma
1381 3009 1646 3078 comburit
1674 3009 1884 3074 silvam,

291 3081 370 3136 sic
415 3082 646 3135 visiones
694 3081 862 3149 malas
921 3081 1213 3149 exstinguit
1272 3085 1496 3137 esuries.
1567 3079 1699 3135 Item
1754 3082 1884 3136 illic.

292 3149 703 3225 Somniculosus
735 3147 1030 3225 monachus
1060 3147 1264 3225 inicidii
1277 3151 1331 3225 in
1379 3153 1554 3225 malis,
1587 3155 1674 3225 qui
1706 3163 1884 3208 autem
1913 3163 1958 3225 ο

289 3223 476 3293 vigilat
504 3221 640 3276 sicut
681 3237 864 3293 passer
890 3223 1015 3276 erit.
1049 3221 1182 3275 Item
1226 3223 1354 3277 illic.
1387 3222 1538 3278 Sicut
1568 3223 1702 3293 ignis
1733 3227 1886 3281 tahe-
1925 3221 1948 3256 ί

290 3292 418 3348 facit
447 3307 648 3363 ceram,
689 3292 761 3346 ita
800 3294 975 3362 vigilia
1025 3295 1162 3348 bona
1203 3294 1559 3363 cogitationes
1595 3292 1883 3361 pessimus.

292 3363 438 3418 Illic.
470 3362 569 3429 Qui
603 3372 746 3430 amat
791 3375 1069 3432 argentum
1119 3379 1222 3416 non
1269 3362 1470 3419 videbit
1500 3366 1804 3430 scientiam,
1834 3377 1888 3432 et

291 3439 380 3505 qui
423 3442 711 3504 congregat
743 3432 873 3505 illm]
912 3433 1310 3505 obscurabitur.
1343 3432 1482 3488 Illic.
1518 3437 1669 3490 Sicut
1697 3451 1884 3490 aurum

295 3504 346 3574 et
377 3514 656 3574 argentum
689 3504 881 3571 prohat
928 3504 1086 3573 ignis,
1121 3504 1199 3558 sic
1237 3520 1329 3566 cor
1359 3505 1606 3564 monachi
1639 3507 1883 3562 tentatio.

293 3573 427 3650 Item
447 3573 581 3628 illic.
604 3574 798 3650 Melior
830 3585 1118 3650 paupertas
1156 3589 1277 3650 cum
1313 3577 1721 3650 scieiitia_qti:iin
1751 3577 1888 3648 divi-

294 3647 384 3710 tia:
427 3661 558 3718 cum.
602 3643 953 3718 ignorantia.’
992 3645 1135 3700 Illic.
1187 3643 1648 3718 Quemadmodum
1708 3645 1889 3704 ev’olat

295 3732 492 3774 corvus
521 3717 587 3771 de
614 3717 711 3770 suo
743 3717 892 3784 nido,
925 3717 994 3770 ita
1028 3717 1300 3780 immunda
1331 3717 1511 3772 anima
1544 3718 1611 3771 de
1638 3733 1738 3772 suo
1768 3734 1890 3773 cor-

294 3803 447 3860 pore.
481 3785 803 3860 ]tlic._Sicut
831 3787 1042 3860 Africus
1073 3798 1269 3842 ventus
1298 3788 1351 3842 in
1384 3787 1592 3856 pelago,
1627 3788 1698 3844 ita
1743 3790 1889 3844 furor

295 3856 328 3921 ἒ
359 3860 521 3920 corde
555 3857 673 3912 viri.
720 3856 856 3911 Item
892 3859 1018 3913 illic.
1064 3860 1251 3913 Melior
1280 3868 1362 3914 est
1400 3860 1674 3914 saecularis
1716 3861 1766 3914 in
1809 3861 1888 3914 in-

295 3931 549 3990 ﬁrmitate
577 3929 819 3986 serviens
852 3929 1001 3983 fratri
1049 3945 1210 3998 super
1258 3933 1582 3984 monachum
1636 3945 1740 3995 non
1790 3933 1888 3986 mi-

295 4009 566 4074 serentem
597 4002 1002 4074 proximosuo.
1040 4001 1202 4074 Piger
1247 4001 1543 4074 monachus
1591 4012 1890 4058 murmurat

296 4072 569 4144 multa,ict
604 4071 995 4144 somniculosus
1036 4071 1515 4144 incusatgdolorcin
1548 4074 1742 4144 capitis
1779 4078 1884 4129 sui.

297 4143 590 4198 Monachus
635 4141 1207 4214 bilinguisiconturbat
1247 4140 1468 4214 fratres,
1496 4140 1666 4210 ﬁdelis
1706 4157 1886 4200 autem

295 4216 536 4283 requiem
581 4213 816 4270 adducit.
864 4213 1181 4270 Melior'est
1229 4213 1503 4270 Saecularis
1551 4229 1884 4285 mansuetus,

296 4300 458 4354 quam
508 4286 796 4340 iracundus
847 4286 1171 4350 monachus,
1222 4295 1317 4340 aut
1360 4287 1655 4342 animosus.
1706 4289 1888 4344 Mona-

297 4357 479 4428 chum,
504 4364 842 4428 mansuetum
866 4355 1063 4428 diligit
1095 4355 1258 4420 Deus,
1290 4356 1666 4428 Aturbulentum
1707 4368 1887 4413 autem

295 4425 509 4496 repellit
536 4441 565 4480 a
612 4440 690 4480 se.
721 4425 1045 4480 Charitatem
1094 4426 1350 4493 praecedit
1390 4428 1680 4492 humilitas,
1713 4430 1888 4483 scien-

297 4495 431 4587 tiam
461 4506 638 4578 autem
671 4495 906 4587 dileciio.
941 4495 1280 4577 Sicut.enim‘
1313 4496 1516 4587 lucifer.
1552 4500 1607 4551 in
1647 4500 1809 4566 caelo,
1836 4509 1890 4556 et
1916 4528 1968 4587 ι)

297 4569 438 4638 sicut
468 4567 555 4620 nix
587 4566 640 4620 in
674 4567 941 4638 paradiso,
975 4569 1052 4632 sic
1088 4566 1149 4638 in
1195 4567 1370 4638 anima
1404 4568 1518 4630 miti
1552 4584 1704 4624 mens
1736 4585 1885 4638 pura.
1921 4566 1936 4604 '~

296 4637 640 4710 lnvestiganti
661 4635 915 4710 convivia
940 4637 1317 4710 exstinguitur
1346 4638 1547 4710 iumen,
1576 4635 1755 4695 anima
1794 4656 1889 4697 au-

297 4715 407 4765 tem
439 4708 555 4778 eius
585 4707 787 4780 videbit
815 4708 1084 4772 tenebras.
1115 4707 1302 4774 Statue
1344 4709 1397 4765 in
1430 4711 1670 4780 pondere
1699 4728 1887 4779 panem

297 4789 474 4852 tuum,
502 4787 558 4852 ei.
593 4779 714 4852 bibe
761 4778 827 4852 ing
863 4793 1118 4846 mensura
1136 4794 1361 4852 Aequam,
1383 4778 1553 4848 tuam,
1586 4794 1640 4848 et
1669 4778 1888 4852 spiritus

297 4849 673 4906 fornicationis
725 4850 890 4922 lugiet
937 4865 967 4904 a
1010 4862 1078 4904 te.
1132 4849 1206 4911 Da
1249 4851 1554 4916 senioribus
1600 4849 1802 4916 vinum,
1837 4863 1891 4909 et

299 4922 525 4976 inﬁrmis
554 4922 689 4988 inter
717 4921 894 4989 eseas,
929 4930 1148 4991 propter
1175 4921 1316 4991 quod
1355 4925 1727 4980 contriverunt
1773 4941 1890 4981 car-

299 5008 397 5048 nes
451 4992 503 5055 in
549 4991 832 5062 iuventute
881 5008 995 5051 sua.
1044 4991 1162 5048 Vidi
1201 4994 1521 5048 iracundum
1572 5011 1780 5062 senem,
1835 5005 1890 5056 et

299 5065 564 5136 elevatum
598 5064 650 5116 in
685 5071 923 5136 tempore
942 5077 1074 5136 suo,
1102 5078 1250 5136 spem
1281 5074 1456 5126 autem
1493 5066 1676 5120 habuit
1720 5071 1890 5136 magis

299 5133 507 5205 iuvenis
535 5149 692 5204 quam
722 5133 830 5188 ille.
859 5132 958 5199 Qui
984 5133 1155 5203 diligit
1181 5147 1356 5205 apem,
1381 5136 1665 5190 nianducat
1707 5132 1886 5192 favum

300 5204 438 5276 eius,
467 5213 519 5259 et
548 5210 877 5282 congregans
906 5219 1046 5268 eam,
1077 5204 1372 5276 replebitur
1404 5205 1581 5262 melle.

300 5300 428 5354 CAP.
463 5297 654 5352 XXXI.
680 5326 751 5337 —
774 5296 1085 5354 Testimonia
1111 5296 1174 5350 de
1194 5295 1323 5348 libro
1347 5297 1510 5350 sancti
1531 5295 1761 5362 Martini,
1785 5315 1890 5353 non

370 5371 510 5494 uilius
549 5368 794 5434 Turonici
823 5368 1071 5438 spissam,
1123 5366 1211 5423 sed
1251 5367 1346 5424 itte
1389 5379 1534 5434 pater
1566 5370 1663 5437 fuit
1705 5386 1886 5424 mona-

372 5455 400 5493 c
437 5455 604 5494 erant.

373 5533 426 5587 i.
467 5531 720 5599 Quamvis
754 5531 1048 5586 invalidum
1089 5544 1213 5585 mox
1244 5529 1567 5596 laudaveris,
1599 5530 1716 5600 plus
1747 5533 1891 5588 vale-

299 5601 401 5662 bit.
453 5604 508 5657 Si
556 5619 743 5672 parum
773 5603 1026 5672 ponderis
1074 5609 1375 5671 portantem
1415 5603 1564 5672 quasi
1598 5603 1892 5658 admiratus

303 5675 489 5740 tueris,
523 5675 842 5729 succumbit.
877 5676 932 5730 Si
982 5675 1135 5744 pigro
1174 5674 1373 5728 dixeris
1418 5673 1543 5742 quia
1593 5675 1743 5728 velox
1785 5684 1889 5741 est,

303 5749 556 5801 continuo
603 5746 856 5801 evolabit.
892 5747 1143 5814 Quamvis
1188 5744 1510 5813 generaliter
1556 5745 1736 5799 multis
1779 5747 1893 5801 haec

304 5819 568 5888 superbia:
597 5816 740 5874 labes
771 5817 961 5890 infesta
991 5819 1077 5882 su,
1112 5830 1216 5869 non
1249 5815 1368 5885 plus
1395 5823 1572 5871 tamen
1616 5818 1736 5871 aliis
1780 5832 1893 5873 me-

1960 489 2193 543 ctionem
2244 481 2537 550 virtutum,
2591 481 2684 548 aut
2721 483 3009 543 carnaliter
3056 481 3122 536 ad
3170 481 3427 550 vitiorum,
3456 492 3553 550 co-

1959 559 2122 625 piam.
2160 557 2235 612 lbi
2266 571 2481 626 semper
2509 549 2990 626 elationisifortior
3020 562 3206 608 ventus
3247 561 3352 615 est,
3380 549 3468 604 ubi
3497 555 3555 606 et

1959 624 2178 685 honoris
2225 624 2412 684 [crtior
2458 626 2702 683 altitudo.
2753 624 2932 680 Facile
2971 627 3260 687 credimus,
3303 631 3359 677 et
3403 629 3557 676 ante-

1959 716 2117 772 quam
2146 700 2446 768 iudicemur
2473 698 2792 772 irascimur;
2819 696 2968 772 multi
2990 691 3555 772 eniuisuspiciouibus

1959 765 2326 845 impelluntur,
2347 787 2416 845 ex
2447 771 2594 845 vultu
2622 770 2839 837 risuque
2865 768 3041 845 aiieno
3063 765 3246 834 pejora
3263 765 3552 845 inierpre:

1961 835 2055 900 tati
2099 844 2148 897 in
2197 843 2442 898 noctibus
2498 835 2818 899 irascuntur.
2877 837 3135 894 Curiosus
3188 835 3275 906 qui
3337 835 3557 906 inquirit

1961 914 2102 982 quod
2134 914 2200 970 de
2229 930 2289 970 se
2309 915 2512 970 dictum
2534 915 2622 978 sit,
2654 922 2708 966 et
2731 911 2994 978 malignos
3015 905 3318 982 sermones,
3341 905 3556 982 etiamsi

1962 976 2172 1040 secreto
2221 994 2346 1040 sunt
2392 986 2553 1047 dicti,
2604 976 2784 1045 eruit,
2838 976 2950 1049 ipse
2999 995 3056 1034 se
3109 976 3556 1049 inquietat;dum

1964 1058 2104 1109 enim
2139 1058 2577 1125 interpretantur,
2611 1055 2675 1108 ad
2708 1052 2810 1107 hoc
2841 1048 3204 1125 perducuntur
3235 1058 3292 1103 ut
3338 1048 3557 1104 videan-

1966 1135 2067 1180 tur.
2100 1123 2293 1183 Multas
2334 1125 2554 1196 injurias
2605 1126 2816 1188 transit,
2858 1131 2912 1196 et
2960 1123 3376 1196 plerasquenon
3406 1133 3562 1174 acce-

1964 1198 2062 1281 pit,
2096 1199 2217 1267 quia
2255 1207 2345 1252 aut
2371 1192 2490 1281 eas
2502 1197 2696 1281 nescit,
2716 1205 2819 1281 aut
2847 1195 2891 1281 si
2931 1195 3133 1281 scierit,
3169 1192 3561 1281 indiiudunifa‘s

1962 1262 2251 1339 iocumque
2278 1269 2560 1325 convertit.
2608 1267 2664 1323 Si
2714 1267 2889 1321 bonus
2918 1263 3018 1339 vir,
3046 1274 3157 1339 e_st,_
3178 1262 3268 1339 qui
3309 1262 3560 1339 iniuriam

1967 1333 2115 1408 iecit,
2148 1333 2255 1394 noli
2289 1339 2545 1405 reddere;
2596 1340 2641 1394 si
2690 1340 2878 1402 malus,
2915 1338 3023 1408 noli
3069 1335 3289 1408 imitari,
3325 1333 3562 1408 pruden-

1969 1405 2110 1466 tiori'
2143 1411 2300 1476 cede,
2345 1410 2507 1466 stulto
2542 1411 2788 1482 remitte.
2845 1407 3013 1482 Regis
3061 1406 3295 1482 quisque
3337 1405 3567 1482 intrase

1969 1485 2205 1538 animum
2237 1482 2416 1545 habet.
2451 1490 2509 1536 ut
2537 1481 2806 1538 licentiam
2856 1476 2959 1534 sibi
3003 1480 3055 1534 in
3083 1476 3234 1534 alios
3266 1476 3382 1530 dari
3414 1476 3569 1540 velit,

1971 1555 2024 1608 in
2057 1569 2116 1608 se
2162 1555 2317 1607 ttulit.
2349 1551 2466 1607 Non
2506 1559 2741 1620 oportet,
2776 1561 3087 1620 peccantem
3142 1555 3359 1617 peccata
3404 1548 3571 1602 corri-

1969 1639 2140 1694 gere:
2171 1624 2314 1694 quod
2363 1626 2406 1677 si
2457 1631 2666 1682 tantum
2710 1623 2981 1694 irascatur
3020 1623 3254 1694 sapiens,
3308 1628 3570 1694 quantum

1971 1689 2239 1751 scelerum
2285 1695 2571 1764 indignitas
2599 1694 2926 1764 exigrit,inon
2975 1693 3316 1748 irascendum
3356 1699 3443 1764 est
3469 1689 3572 1764 illi,

1675 1787 1864 1850 testem
1900 1789 1949 1850 Β
1975 1768 2069 1822 sed
2094 1761 2659 1850 itisanieitu‘ti'mﬁiliii
2677 1763 2962 1850 gloriosius
2981 1779 3142 1850 quem
3175 1766 3312 1850 iram
3336 1761 3573 1850 amicitia

1977 1850 2331 1894 commutare.
2365 1837 2525 1909 303
2555 1837 2808 1894 Irascitur
2845 1839 3074 1907 aliquis?
3109 1849 3162 1894 ιιι
3193 1846 3376 1909 contra
3412 1840 3577 1892 bene-

1979 1910 2112 1964 ﬁcus
2145 1908 2394 1980 provoca;
2429 1908 2576 1965 cadit
2622 1909 2806 1965 statim
2849 1909 3116 1966 simultas.
3171 1908 3430 1966 Remedia
3461 1922 3577 1962 me-

1979 1982 2220 2037 dicorum
2253 1998 2358 2037 non
2390 1983 2442 2035 in
2491 1982 2799 2036 accessibus
2830 1981 3226 2042 intirmitatum,
3257 1981 3350 2034 sed
3398 1982 3452 2036 in
3494 1993 3580 2036 rc-

1981 2055 2328 2108 missionibus
2360 2062 2602 2121 prosunt.
2653 2052 2857 2107 Crebro
2888 2049 3152 2122 siquidem
3203 2050 3396 2110 [aciem
3430 2064 3581 2106 men-

1981 2124 2118 2181 dacii
2183 2127 2382 2180 veritas
2445 2124 2661 2179 retinet.
2731 2123 2934 2178 Crebro
3006 2122 3343 2180 mendacium
3401 2123 3584 2190 specie

1982 2197 2224 2251 veritatis
2269 2194 2554 2250 occulitur.
2614 2194 2746 2249 Nam
2802 2195 2941 2248 sicut
3002 2194 3288 2263 aliquoties
3345 2195 3584 2263 frontem

1983 2267 2209 2330 amicus,
2237 2275 2294 2322 et
2324 2266 2571 2320 blandam
2617 2266 2862 2320 adulator
2892 2261 3147 2329 ostendit,
3191 2265 3268 2321 sic
3298 2261 3584 2323 verisimili

1983 2339 2276 2393 coloratur.
2327 2337 2502 2392 Lauda
2554 2350 2733 2404 parce,
2766 2337 3008 2405 vitupera
3056 2337 3308 2405 parcius;
3339 2351 3465 2390 nam
3515 2334 3586 2390 si-

1986 2410 2184 2464 militer
2213 2406 2654 2478 reprehensibilis
2680 2417 2763 2462 est
2793 2408 2955 2462 nimia
3005 2407 3263 2472 laudatio,
3292 2420 3454 2475 quam
3485 2407 3586 2478 im_--

1986 2475 2570 2549 moderata—culpatio.
2626 2479 2867 2534 Prudens
2921 2493 3192 2548 nunquam
3245 2481 3356 2532 otio
3414 2475 3586 2546 pascit

1988 2552 2248 2616 animum,
2278 2551 2565 2618 aliquando
2593 2549 2779 2616 habet,
2811 2564 3082 2619 nunquam
3114 2559 3293 2603 tamen
3323 2549 3582 2604 solutum.

1988 2622 2314 2678 Humilitatis
2345 2622 2514 2682 virtus
2543 2637 2649 2677 non
2677 2623 2964 2676 verborum
3007 2620 3265 2683 elatione,
3299 2620 3394 2676 sed
3437 2632 3588 2674 inen-

1989 2696 2060 2748 tis
2091 2695 2322 2762 puritate
2348 2692 2658 2762 requiritur.
2694 2692 2740 2746 A
2767 2690 2944 2748 verbis
2974 2706 3191 2762 quoque
3223 2691 3468 2759 turpibus
3493 2691 3588 2745 ab-

1989 2767 2152 2831 stine,
2183 2768 2307 2834 quia
2337 2765 2551 2819 licentia
2579 2778 2768 2819 eorum
2819 2765 3208 2832 impudentiam
3241 2764 3430 2834 nutrit.
3463 2762 3590 2834 serg

1989 2850 2179 2892 mones
2203 2832 2430 2890 Subtiles
2460 2834 2776 2906 magislsic)
2807 2846 2967 2904 quam
3012 2835 3201 2906 facito.
3248 2833 3450 2890 Omnes
3493 2832 3588 2887 tibi

1992 2921 2151 2976 pares
2181 2907 2365 2964 facies.
2395 2907 2450 2962 Si
2495 2905 2777 2962 interiores
2806 2905 3167 2976 superbiendo
3208 2920 3315 2960 non
3347 2912 3589 2960 contem-

1993 2993 2108 3045 nas,
2153 2979 2461 3047 superiores
2511 2986 2656 3033 recte
2701 2979 2930 3032 vivendo
2975 2992 3083 3034 non
3116 2978 3324 3033 timeas.
3369 2976 3590 3033 Cunctis

1992 3058 2110 3104 esto
2157 3050 2441 3121 benignus,
2484 3049 2682 3104 nemini
2730 3049 2992 3113 blandus;
3039 3051 3222 3118 paucis
3271 3048 3588 3121 familiaris;

1994 3121 2246 3175 omnibus
2287 3117 2468 3176 iamen
2517 3133 2721 3188 aequus.
2777 3121 3051 3189 Sapientia
3107 3117 3302 3189 cupido
3344 3129 3398 3173 et
3425 3117 3587 3173 docili

1991 3207 2111 3261 qua:
2137 3193 2277 3246 nosti
2307 3192 2423 3247 sine
2468 3192 2770 3258 arrogantia
2804 3191 3093 3258 postulanti
3125 3192 3435 3262 impertias,
3469 3204 3590 3260 quae

1989 3264 2185 3326 nescis,
2217 3262 2332 3317 sine
2373 3263 2728 3318 occultatione
2769 3263 3085 3330 ignorantiae
3121 3263 3212 3316 tibi
3247 3262 3458 3330 postula
3491 3265 3591 3314 im-

1991 3337 2199 3402 pertiri.
2243 3337 2428 3389 Justus
2454 3344 2668 3388 secreta
2697 3349 2805 3387 non
2837 3333 3034 3401 prodit,
3079 3335 3300 3388 tacenda
3335 3335 3475 3387 enim
3514 3343 3592 3386 ta-

1989 3415 2097 3469 cet,
2131 3405 2396 3474 loquenda
2431 3406 2696 3475 loquitur;
2744 3415 2905 3474 atque
2936 3405 3006 3458 ita
3036 3404 3141 3458 alta
3171 3405 3245 3458 illi
3299 3419 3398 3474 pax
3427 3413 3509 3457 est
3537 3413 3592 3458 et

1989 3490 2177 3530 secura
2221 3476 2599 3545 tranquillitas,
2641 3476 2768 3530 dum
2818 3477 2923 3529 alia
2976 3477 3130 3530 malis
3177 3480 3471 3530 vincuntur
3522 3488 3589 3529 an

1991 3546 2087 3600 illo
2110 3548 2268 3601 mala.
2301 3547 2710 3616 Magnanimitas
2737 3555 2823 3601 est
2846 3561 2944 3602 nec
2965 3547 3262 3602 timendum
3293 3548 3585 3610 hominem,

1992 3632 2094 3670 nec
2124 3619 2402 3686 audacem.

2177 3732 2302 3786 CAP.
2336 3732 2551 3792 XXXII.
2587 3761 2655 3772 —-
2691 3731 2763 3784 De
2784 3732 2912 3786 libro
2941 3732 3106 3794 sancti
3134 3731 3408 3790 Ambrosii.

2065 3828 2117 3880 1.
2166 3826 2221 3880 in
2252 3828 2363 3882 vite
2411 3827 2616 3894 religio,
2655 3827 2705 3880 in
2736 3826 2856 3881 oleo
2898 3842 3024 3894 pax,
3058 3827 3108 3880 in
3140 3840 3261 3880 rosa
3302 3825 3474 3894 pudor
3506 3840 3591 3880 sa-

1991 3911 2100 3952 cra:
2128 3898 2445 3967 virginitatis
2477 3897 2758 3952 inolesirat.
2794 3898 2984 3953 Frater
3030 3912 3183 3952 mens
3222 3897 3501 3961 candidus,
3535 3909 3588 3952 et

1991 3969 2190 4024 rubens
2215 3986 2231 4036 ;
2255 3969 2516 4023 candidus
2562 3970 2783 4033 merito,
2811 3971 2935 4038 quia
2978 3970 3143 4038 patris
3182 3967 3469 4038 splendor;
3505 3985 3593 4021 ru-

1991 4039 2144 4103 bens,
2175 4039 2298 4110 quia
2345 4049 2526 4110 partus
2554 4049 2638 4094 est
2671 4042 2912 4110 virginis,
2947 4044 3096 4094 color
3143 4043 3194 4092 in
3225 4055 3292 4093 eo
3323 4039 3490 4108 fulget
3537 4049 3593 4095 et

1991 4112 2176 4165 rutilat
2219 4113 2498 4181 utriusque
2544 4121 2768 4166 naturae.
2804 4111 3033 4166 Castitas
3064 4114 3221 4166 etiam
3263 4115 3482 4178 angelos
3513 4111 3591 4166 fa-

1991 4182 2096 4252 cit;
2135 4184 2225 4252 qui
2273 4198 2391 4237 eam
2440 4184 2713 4246 servavit,
2759 4187 2981 4250 angelus
3025 4190 3138 4243 est;
3186 4184 3276 4250 qui
3335 4183 3587 4250 perdidit,

1991 4251 2260 4309 diabolus.
2293 4254 2450 4321 Virgo
2501 4263 2605 4318 est,
2637 4254 2726 4321 qui
2773 4253 2884 4308 Deo
2933 4254 3112 4317 nubit;
3148 4254 3436 4319 meretrix,
3470 4270 3588 4322 qua:

1990 4323 2122 4378 deos
2166 4325 2309 4378 facit.
2358 4325 2494 4378 Hinc
2533 4324 2762 4378 inversis
2793 4325 3028 4394 vestigiis
3056 4324 3148 4377 lilii
3192 4323 3303 4380 Noe
3344 4326 3589 4392 pudenda

1995 4400 2265 4466 texerunt.
2293 4396 2422 4461 Quae
2456 4409 2650 4463 procax
2695 4395 2851 4459 vidit,
2886 4397 3162 4449 modestus
3193 4398 3423 4461 erubuit,
3471 4399 3591 4466 pius

1995 4463 2128 4519 texit
2157 4468 2482 4529 oﬂensuros,
2513 4466 2558 4519 si
2605 4476 2657 4520 et
2692 4467 2788 4533 ipsi
2819 4465 3097 4527 vidissent.
3130 4468 3336 4532 Quanta
3369 4463 3483 4521 viui
3510 4480 3594 4523 est

1995 4535 2096 4600 vis,
2125 4545 2179 4589 ut
2203 4551 2363 4605 quem
2396 4537 2594 4590 diluvia
2623 4553 2730 4590 non
2754 4538 3118 4601 nudaverant,
3143 4540 3263 4592 vina
3295 4539 3586 4591 nudarent!

1994 4606 2162 4660 Debet
2187 4610 2330 4663 enim
2375 4608 2418 4661 is
2463 4612 2549 4676 qui
2597 4609 2756 4661 docet
2787 4625 2948 4678 super
2973 4623 3096 4663 eum
3123 4611 3213 4677 qui
3245 4608 3470 4664 docetur
3494 4624 3590 4662 ex-

1990 4678 2207 4732 cellere.
2239 4678 2596 4734 Tolerabilius
2624 4687 2706 4732 est
2733 4692 2964 4734 mentem
2994 4679 3253 4748 virginem
3282 4693 3441 4746 quam
3473 4695 3590 4733 car-

1991 4763 2114 4802 nem
2147 4749 2362 4804 habere.
2401 4750 2593 4804 Umbra
2621 4749 2822 4804 Judreis
2851 4749 3179 4814 carnalibus,
3210 4747 3385 4817 imago
3411 4750 3587 4816 nobis,

1989 4818 2189 4874 veritas
2230 4821 2793 4876 resurrecturis."l‘ria
2831 4821 2974 4874 enim
3023 4820 3135 4872 haec
3183 4819 3480 4874 secundum
3512 4822 3592 4876 le-

1989 4903 2108 4958 gem
2159 4905 2283 4945 esse
2328 4893 2698 4962 cognovimus,
2743 4895 3011 4955 umbram,
3055 4889 3364 4962 imaginem,
3396 4894 3592 4946 verita-

1991 4969 2138 5028 tem;
2185 4961 2426 5018 umbram
2477 4964 2530 5017 in
2582 4964 2720 5034 lege,
2769 4962 3051 5034 imaginem
3103 4962 3156 5014 in
3193 4961 3506 5034 Evangelia,
3538 4966 3590 5019 in

1987 5034 2192 5102 judicio
2215 5036 2534 5097 veritatem;
2568 5041 2623 5086 et
2668 5033 2806 5102 ideo
2837 5046 2934 5101 per
2961 5032 3178 5102 Moysen
3226 5033 3315 5087 lex
3349 5032 3443 5102 per
3475 5051 3593 5090 um-

1991 5099 2163 5169 bram,
2178 5106 2328 5175 quasi
2350 5120 2442 5173 per
2465 5102 2758 5175 hominem,
2780 5099 2944 5172 ﬁgura
2966 5099 3064 5170 per
3080 5104 3274 5172 legem,
3293 5099 3586 5172 perJesum

1991 5174 2205 5231 veritas.
2239 5177 2372 5240 Quid
2395 5180 2480 5228 est
2506 5174 2978 5247 gazophylacium?
3007 5175 3306 5247 consolatio
3334 5177 3589 5247 tidelium,

1992 5257 2236 5325 sumptus
2267 5260 2583 5325 pauperum,
2601 5245 2812 5325 requies
2835 5259 3145 5314 egenorum.
3165 5246 3386 5325 Peccata
3409 5245 3587 5306 autem

1992 5319 2375 5391 autdunantur,
2397 5316 2769 5380 autdele‘ntur,
2787 5324 2879 5391 aut
2900 5326 3180 5385 teguntur;
3207 5317 3470 5373 donantur
3495 5336 3591 5391 per

1991 5389 2239 5458 gratiam,
2275 5387 2520 5458 delentur
2553 5390 3021 5458 persanguinem,
3055 5395 3304 5456 teguntur
3343 5404 3437 5458 per
3465 5387 3593 5445 cha-

1993 5456 2227 5514 ritaiem.
2255 5457 2406 5522 Quod
2440 5457 2603 5531 David
2633 5457 2765 5531 dicit
2791 5475 2805 5511 :
2837 5456 3022 5512 Libera
3045 5473 3125 5531 me
3145 5456 3590 5531 desang‘uinibus,

1995 5532 2045 5584 id
2068 5538 2170 5594 est,
2196 5543 2225 5582 a
2251 5529 2486 5598 peccatis
2509 5529 2820 5585 mortalibus
2848 5543 2907 5582 se
2936 5530 3170 5598 postulat
3203 5529 3442 5587 liberari.
3472 5537 3589 5591 Non

1996 5611 2048 5656 te
2073 5598 2324 5668 subjuges
2355 5599 2712 5668 potestatibus
2737 5602 2936 5670 carnis,
2983 5614 3142 5670 quem
3183 5600 3327 5657 Deus
3357 5605 3586 5662 liberum

1995 5672 2182 5747 voluit.
2212 5672 2368 5747 t‘tulla
2401 5672 2491 5724 tibi
2521 5671 2802 5725 excusatio
2823 5672 2893 5747 de
2919 5671 3124 5747 ambitu
3151 5674 3457 5742 nuptiarum
3480 5688 3586 5747 est,

1993 5744 2282 5811 Voluptatis
2330 5751 2476 5807 sunt,
2526 5758 2632 5798 non
2679 5745 3044 5798 necessitatis.
3088 5745 3146 5799 Si
3187 5747 3467 5815 benignus
3515 5744 3591 5806 sis

1994 5829 2118 5884 erga
2171 5815 2504 5884 indigentes,
2560 5821 2785 5883 magnus
2824 5819 2942 5871 eris
2994 5819 3132 5884 apud
3181 5814 3374 5871 Deum.
3427 5821 3590 5886 Quod
