4086 6350
514 322 655 379 HIS

1304 324 1397 381 AD
1435 324 1495 382 S.
1536 322 1785 381 ISlDORl
1825 319 2270 379 HISPALENSIS
2306 320 2538 378 OPERA
2576 322 3021 385 APPENDICES.

3658 330 3817 389 1216

514 448 685 503 Deum
738 456 937 515 patrem
982 461 1170 511 vocati,
1222 446 1324 500 hoc
1367 446 1421 500 in
1469 445 1676 500 actibus
1716 443 1821 497 tuis
1848 443 2092 497 ostende.
2125 444 2175 503 Α
2202 441 2377 495 amico
2402 443 2591 497 vitiosa
2634 445 2882 513 voluptas
2922 460 3104 501 amara
3135 455 3235 502 est.
3263 444 3471 501 Tandiu
3502 447 3646 501 enim
3680 450 3815 515 quis

519 520 661 573 Bona
692 534 842 571 meus
882 518 1077 571 chorus
1107 526 1189 571 est
1242 516 1356 579 Dei,
1406 519 1539 571 mala
1588 531 1738 570 mens
1766 515 1965 569 chortis
2013 522 2099 567 est

513 590 840 644 daittinttum.
870 588 1076 655 Quanta
1108 589 1233 641 vitia
1266 590 1422 641 habet
1461 587 1659 651 anima,
1708 596 1783 638 tot
1834 594 1888 637 et
1924 585 2098 639 domi-

516 676 629 715 nos.
670 660 1089 713 Fundamentum
1138 657 1349 728 pietatis
1379 667 1465 711 est
1503 657 1862 728 ctititinentia,
1883 656 2097 709 culmen

513 742 689 785 autem
739 730 951 797 pietatis
1000 740 1082 784 est
1129 726 1383 783 amicitia.
1434 728 1570 781 Nulli
1620 726 1866 781 suadenti
1913 736 1962 781 te
2008 741 2098 779 ac-

510 803 756 869 quiescas
797 802 973 855 facere
999 801 1137 869 quod
1173 816 1275 852 non
1307 809 1389 851 est
1436 800 1654 853 bonum.
1688 798 1991 869 Pessimum
2015 804 2101 869 est

514 867 885 941 peccatoribus
916 874 965 926 in
999 867 1160 926 unum
1189 870 1498 935 convenire,
1527 886 1647 941 cum
1680 876 1922 941 peccant.
1951 867 2099 920 Multi

510 938 615 997 cibi
649 945 941 1009 impediunt
987 943 1324 1006 cliaritatem,
1363 951 1415 995 et
1446 940 1829 993 incontinentia
1855 938 2097 992 t-iborttm

511 1012 841 1068 immundum
895 1014 1058 1085 305
1109 1013 1375 1085 hominem
1425 1012 1644 1067 faciunt.
1690 1010 1804 1085 Non
1846 1010 1975 1076 cibi,
2010 1010 2099 1076 qui

512 1099 610 1152 per
638 1102 696 1138 os
728 1082 1048 1148 inferuntur,
1075 1084 1316 1151 pollnunt
1350 1083 1637 1146 hominem,
1668 1082 1759 1135 sed
1793 1097 1854 1135 ea
1884 1097 2004 1148 qua:
2032 1096 2099 1134 ex

512 1156 667 1209 malis
711 1157 946 1210 moribus
995 1156 1355 1224 proferuntur.
1401 1156 1472 1207 lia
1517 1154 1709 1222 excipe
1753 1170 1779 1203 a
1818 1152 2100 1224 Deo,qu:e

512 1230 756 1291 accipere
799 1228 867 1281 ab
914 1222 1128 1281 homine
1168 1242 1271 1279 non
1308 1236 1477 1291 potes.
1527 1225 1713 1277 Mi-lius
1740 1233 1824 1277 est
1870 1222 2099 1284 lapidem

511 1296 705 1350 frustra
732 1299 940 1362 jactare
966 1313 1124 1366 quam
1156 1296 1395 1351 verbum.
1434 1297 1617 1349 Brevis
1658 1295 1761 1366 erit
1808 1296 1859 1347 in
1891 1307 2101 1346 sermo-

510 1368 676 1444 nibus
713 1372 928 1437 sapiens
961 1365 1009 1423 iii
1036 1368 1264 1444 judicio,
1298 1367 1577 1436 imperitia:
1607 1374 1687 1418 est
1732 1365 1882 1444 longa
1902 1379 2102 1444 lli-“1'3-

510 1442 603 1491 tio.
638 1435 789 1493 Cum
819 1456 988 1504 prices
1034 1435 1673 1503 hotninibus,7meniento
1702 1438 1825 1503 quia
1878 1435 1970 1488 tibi
2020 1444 2103 1488 est

512 1509 674 1574 Deus,
709 1520 763 1563 et
786 1511 1033 1577 judicans
1066 1511 1330 1570 homines.
1359 1512 1493 1561 scito
1523 1509 1644 1573 quia
1678 1517 1729 1559 et
1762 1509 1874 1570 ipse
1900 1505 2102 1572 judica—

512 1580 658 1633 berls
681 1600 707 1633 a
743 1583 869 1637 Deo.
903 1582 1032 1635 Cole
1076 1582 1369 1646 sapientem
1410 1580 1609 1643 viruiii,
1638 1578 1788 1645 quasi
1817 1578 2101 1645 imaginem

513 1650 606 1705 Dei
642 1653 890 1707 viventis.
923 1652 1135 1705 Nullum
1190 1660 1469 1718 prapterea
1513 1652 1764 1712 honores,
1810 1648 1898 1712 qui
1943 1649 2103 1700 habet

510 1723 708 1776 niultas
748 1724 1029 1792 pecunias;
1064 1721 1286 1775 diflicile
1315 1730 1395 1773 est
1445 1719 1665 1773 divitem
1707 1718 1923 1792 salvari.
1958 1718 2102 1771 Nun-

510 1801 666 1871 quam
713 1789 818 1847 eris
865 1795 1099 1871 sapiens,
1211 1800 1261 1845 te
1310 1792 1581 1871 putaveris
1619 1789 1937 1871 sapientem.
1972 1795 2101 1841 Ura-
2136 1808 2181 1867 Β

510 1862 711 1917 tionem
746 1879 849 1918 non
878 1864 1096 1917 exaudit
1140 1863 1281 1916 Deus
1311 1861 1545 1915 hominis
1586 1864 1675 1927 qui
1718 1876 1943 1929 egenum
1995 1874 2101 1913 non

510 1936 749 1988 exaudit.
788 1936 888 2002 Qui
930 1935 1157 2002 sapienti
1188 1950 1293 1986 non
1338 1934 1691 2000 obtemperat,
1724 1946 1823 1987 nec
1865 1932 1973 1985 Deo
2002 1934 2101 2002 oti-

511 2001 854 2073 teniperaliit.
888 2001 1039 2071 Quod
1069 2022 1172 2058 non
1209 2004 1454 2073 posuisti,
1487 2019 1591 2056 non
1624 2003 1803 2066 tollas,
1834 2004 1928 2073 sed
1952 2001 2104 2055 sulti-

509 2071 654 2129 ciant
679 2077 771 2129 tibi
799 2092 917 2143 quae
951 2087 1039 2130 tua
1069 2071 1219 2133 sunt.
1246 2075 1635 2127 Tettiulentiatii
1666 2074 1817 2142 quasi
1848 2071 2103 2127 infamem

509 2144 657 2214 fuge,
705 2148 825 2215 quia
869 2147 956 2215 qui
1002 2148 1172 2200 ventri
1215 2145 1406 2199 bellua:
1455 2147 1648 2198 similis
1694 2153 1796 2205 est,
1852 2144 2100 2197 vincitur.

512 2214 781 2282 Quantum
830 2214 1041 2271 laboras
1076 2233 1170 2284 pro
1210 2230 1459 2283 corpore,
1493 2216 1537 2269 si
1567 2224 1769 2269 tantum
1804 2231 1896 2282 pro
1926 2218 2103 2269 anima

511 2286 741 2351 laboras,
789 2292 1002 2355 sapiens
1050 2289 1179 2342 eris.
1228 2286 1614 2353 Ριιίιοεοριιυηι
1658 2286 1950 2351 hominem,
1992 2295 2106 2339 tan-

510 2374 669 2427 quam
707 2359 798 2414 Dei
830 2362 1156 2424 ministrum,
1199 2359 1400 2412 honora
1434 2367 1553 2422 post
1582 2359 1768 2411 Deum.
1800 2357 2105 2412 Ministrare

508 2430 631 2483 aliis
656 2431 844 2484 melius
877 2447 1034 2501 quam
1069 2429 1363 2484 ministrari
1398 2428 1465 2482 ab
1502 2431 1644 2501 aliis.
1683 2428 1871 2482 Melius
1899 2438 1982 2483 est
2014 2444 2107 2501 per

509 2501 707 2555 laniem
738 2499 904 2567 mori,
926 2518 1083 2571 quam
1132 2518 1227 2571 per
1269 2499 1713 2554 incontinentiam
1756 2502 1957 2554 ventris
1992 2500 2107 2552 ani-

511 2586 654 2624 mam
685 2574 977 2628 maculare.
1007 2573 1239 2627 Verbum
1272 2573 1339 2624 de
1366 2571 1474 2624 Deo
1495 2587 1583 2639 qui
1613 2572 1848 2638 loquitur
1878 2572 1960 2625 his
1982 2572 2103 2639 qui-

511 2640 609 2695 bus
638 2660 742 2697 non
792 2644 934 2706 licet,
971 2646 1211 2711 proditor
1266 2642 1358 2696 Dei
1417 2641 1680 2707 putandus
1719 2650 1820 2695 est.
1860 2641 1975 2695 Non
2026 2650 2107 2694 est

514 2726 698 2767 verum
730 2716 869 2783 quod
898 2715 1061 2768 Detnn
1098 2715 1261 2777 Colat,
1292 2714 1380 2781 qui
1414 2712 1686 2767 hominem
1720 2713 1883 2766 laedit.
1919 2712 2107 2765 Melius

510 2792 595 2836 est
627 2786 759 2839 nihil
790 2786 988 2840 habere
1016 2801 1172 2853 quam
1208 2786 1373 2838 multa
1423 2784 1708 2838 habentem
1762 2783 1960 2837 nemini
2004 2786 2104 2835 itii-

515 2858 734 2925 pertire.
764 2858 820 2910 Si
850 2872 956 2910 non
996 2852 1094 2910 das
1117 2856 1419 2925 egentibus,
1452 2869 1571 2908 cum
1606 2852 1801 2923 possis,
1834 2871 1939 2909 non
1966 2853 2106 2908 acci-

511 2924 631 2993 pies
658 2940 687 2979 a
722 2928 851 2996 Deo,
877 2943 998 2982 cum
1031 2933 1285 2997 postulas.

585 3038 713 3095 CAP.
749 3040 986 3097 XXXIII.
1017 3075 1090 3086 —
1120 3041 1430 3097 Testiiiiont’a
1482 3042 1543 3094 de
1593 3040 1720 3094 libro
1766 3038 2034 3110 Prosperi.

588 3133 639 3186 l.
673 3133 728 3190 Si
759 3151 845 3191 me
874 3152 991 3191 mea
1025 3138 1294 3191 rusticitas
1324 3135 1556 3190 faciebat
1584 3134 1895 3197 invalidum,
1930 3142 2105 3190 vestra

514 3203 631 3257 fieri
682 3206 886 3260 credidi
919 3208 1042 3273 fide,
1086 3207 1175 3273 qui
1202 3206 1492 3272 juliebaiis,
1542 3208 1816 3260 idoneum.
1845 3176 2104 3260 Necessa-
2138 3174 2183 3238 Ο

515 3274 713 3329 riarum
746 3279 991 3330 tractatio
1020 3279 1374 3344 ψιίεδιίυιιιιηι
1407 3279 1505 3332 etsi
1558 3292 1661 3330 non
1710 3277 1938 3331 instruet
1964 3280 2110 3332 inve.

515 3346 716 3416 nientis
745 3348 887 3412 quod
924 3350 1119 3416 qumrit
1165 3349 1425 3411 animum,
1458 3360 1673 3401 exercet
1702 3354 1927 3401 salutem
1960 3364 2107 3414 qna:-

515 3415 687 3469 rentis
714 3415 1009 3485 ingenium.
1054 3417 1310 3484 Scientta,
1341 3420 1479 3473 sicut
1505 3420 1621 3473 sine
1651 3418 1791 3473 dono
1819 3418 1934 3482 Dei,
1968 3418 2109 3487 quod

515 3496 598 3539 est
643 3488 899 3556 charitas,
952 3489 1121 3553 inﬂat,
1168 3490 1264 3552 ita,
1296 3492 1340 3544 si
1378 3492 1423 3544 ei
1468 3490 1701 3543 cliaritas
1730 3490 2106 3555 admisceatur,

440 3590 443 3591 ν
515 3556 765 3612 aedificat.
808 3559 897 3615 Sic
940 3562 1008 3615 ab
1056 3561 1252 3630 iniquis
1279 3562 1409 3631 justi
1450 3562 1679 3629 separati
1711 3571 1837 3614 sunt
1870 3561 1921 3613 iii
1952 3573 2109 3615 teter-

518 3641 671 3701 nutti,
719 3637 779 3683 ut
809 3646 907 3687 nec
938 3633 1048 3701 jatn
1098 3630 1421 3687 retttuuerati
1454 3636 1732 3701 praemium
1770 3630 1978 3693 ﬁniant,
2013 3645 2111 3687 nec

516 3697 756 3755 damnati
788 3697 1131 3771 supplicium.
1167 3706 1315 3758 Sicut
1343 3697 1486 3757 enim
1517 3705 1810 3771 corporalis
1857 3708 2109 3757 saturitas

515 3784 707 3845 omnes
738 3787 951 3830 saturos
981 3777 1260 3845 aequaliter
1291 3775 1474 3839 habet,
1527 3775 1770 3843 quamvis
1810 3771 2007 3839 singuli
2035 3775 2111 3828 ci-

516 3839 636 3914 bos,
681 3858 787 3897 non
830 3839 1130 3914 aequaliter,
1175 3845 1270 3900 sed
1322 3860 1419 3914 pro
1459 3839 1813 3913 possibilitate
1855 3859 2109 3913 percepe-

517 3912 653 3976 rint;
691 3915 762 3967 ita
792 3912 979 3970 clunes
1018 3912 1208 3979 sancti,
1238 3926 1293 3972 et
1322 3912 1365 3969 si
1400 3912 1598 3970 fuerint
1632 3918 1809 3985 aliqua
1848 3912 2109 3982 graduum

515 3997 737 4037 suorum
770 3986 1087 4041 diversitate
1116 3985 1373 4051 distineti,
1405 4001 1592 4041 omnes
1639 4002 1740 4040 una
1781 3985 2112 4041 beatitudine

520 4054 752 4127 perfecti
770 4068 947 4123 erunt,
988 4059 1107 4127 quia
1158 4067 1213 4111 et
1261 4073 1362 4110 una
1417 4056 1739 4126 perfectione
1780 4059 1917 4111 beati
1950 4057 2112 4110 l‘uturi

518 4134 664 4178 sunt.
710 4125 820 4181 Nec
861 4144 889 4179 a
936 4125 1091 4183 nobis
1144 4130 1195 4183 iii
1239 4128 1381 4181 diem
1406 4125 1589 4196 judicii
1629 4130 1790 4181 vetba
1822 4128 2110 4196 quierenda

520 4205 667 4259 sunt,
707 4196 801 4250 sed
854 4214 1037 4263 opera.
1087 4201 1184 4265 Qui
1234 4214 1337 4252 non
1368 4198 1677 4264 crediderit,
1724 4213 1829 4251 non
1864 4196 2113 4252 habendo

523 4266 707 4339 Iidem,
740 4282 838 4339 nec
880 4269 1143 4339 justitiam
1191 4270 1371 4324 cordis
1404 4270 1602 4323 habere
1642 4268 1855 4339 poterit,
1884 4284 1982 4322 nec
2027 4283 2113 4321 sa-

523 4336 711 4410 lutem.
744 4336 1079 4408 Tam'graviei
1118 4355 1297 4395 sermo
1325 4342 1482 4395 debet
1502 4356 1624 4395 esse
1642 4336 1933 4410 ’pontilicis,
1961 4349 2015 4392 ut
2045 4341 2113 4395 ab

520 4406 873 4481 intelligentia
904 4406 983 4464 sui
1014 4413 1215 4480 nullus,
1242 4413 1484 4479 quamvis
1510 4406 1810 4481 imperitus,
1839 4410 2106 4464 excludat.

519 4477 663 4533 Sana
692 4477 842 4551 thetis
875 4477 1335 4550 incorporabiliter
1358 4477 1599 4551 amplius
1629 4480 1949 4537 obedientite
2002 4484 2110 4534 Irti-

2203 524 2419 585 percata
2469 529 2588 575 sua,
2619 530 2740 582 qua
2784 531 2963 580 nosse,
3002 530 3056 571 et
3099 518 3299 572 deﬂere
3337 517 3519 582 debet,
3564 520 3810 585 ignorat,

2202 584 2435 652 quandiu
2475 585 2721 640 curiosus
2759 587 2929 642 aliena
2972 590 3313 651 considerat,
3346 588 3485 655 quod
3532 584 3819 648 si'iiiores

2203 668 2341 728 suos
2363 654 2430 728 ad
2476 669 2541 728 se
2583 655 2755 728 ipsum
2800 672 3096 714 conversus
3146 654 3388 728 aspiciat,
3420 674 3525 712 non
3571 665 3818 727 requirit

2203 726 2344 799 quod
2374 724 2426 778 in
2457 726 2910 799 aliisspecialiter
2941 724 3321 797 reprehendat,
3345 724 3468 799 quia
3502 730 3554 784 in
3590 724 3661 784 se
3683 735 3817 797 ipso

2205 795 2365 869 habet
2408 798 2549 869 quod
2583 796 2790 867 lugeat;
2821 795 3043 869 proinde
3082 800 3309 855 fratrum
3351 795 3657 854 nosti-Orum
3694 795 3810 856 non

2202 864 2366 921 facile
2389 864 2950 931 debemus'accus'are.
2982 872 3073 925 sed
3098 887 3333 938 gernere.
3365 872 3476 925 Illis
3496 874 3639 925 enim
3664 889 3815 939 quo-

2205 953 2322 1011 rum
2354 948 2567 1011 peccata
2593 940 2820 993 humana
2853 943 3043 995 notitia
3075 944 3260 1004 latent.
3289 956 3386 996 nec
3414 942 3483 995 ab
3510 940 3640 1011 ipsis
3668 960 3817 995 con-

2206 1010 2365 1072 fessa,
2393 1024 2491 1063 nec
2520 1010 2588 1062 ab
2614 1011 2735 1064 aliis
2760 1012 3046 1077 publicata,
3073 1014 3114 1067 si
3138 1030 3199 1069 ea
3231 1013 3472 1068 conliteri
3498 1010 3576 1067 vel
3603 1028 3812 1067 emeti-

2204 1078 2336 1151 dare
2368 1081 2665 1144 noluerint,
2704 1083 2867 1137 Deum
2888 1123 2903 1147 ,
2944 1100 3101 1151 quem
3140 1085 3335 1139 habent
3366 1093 3589 1147 testem,
3621 1086 3808 1151 ipsum

2206 1148 2443 1222 habituri
2486 1162 2609 1203 sunt
2658 1160 2713 1205 et
2762 1148 3012 1209 ultorem.
3057 1155 3494 1210 Contumeliosus
3542 1148 3662 1219 est,
3710 1157 3809 1222 qui

2206 1221 2535 1297 mendaciter
2550 1223 2773 1297 arguit;
2818 1236 2871 1277 et
2898 1226 3225 1280 mendaciter
3255 1226 3449 1297 arguit,
3481 1226 3568 1293 qui
3600 1221 3809 1297 contu—

2207 1291 2419 1364 meliam
2465 1292 2608 1345 facit.
2656 1296 2887 1349 Securus
2930 1301 3125 1364 quippe
3173 1291 3396 1359 malitia,
3428 1291 3514 1359 qui
3555 1296 3811 1352 crelestia

2207 1362 2513 1435 notihaliet,
2551 1374 2758 1435 terrena
2790 1376 3009 1421 strenue
3026 1362 3390 1421 VlllIlIlanlIDllS
3418 1377 3653 1435 praestat.
3690 1366 3811 1421 Illa:

2208 1432 2363 1487 nobis
2393 1442 2516 1505 sunt
2547 1434 2847 1489 ambiendo
2893 1438 3115 1495 divitiar.
3149 1454 3266 1505 qua:
3308 1432 3640 1492 nos'nrnare
3673 1453 3812 1505 pos-

2206 1514 2330 1578 sunt
2376 1504 2593 1569 pariter,
2628 1515 2683 1558 et
2729 1508 2971 1573 munire;
3004 1504 3217 1575 propter
3246 1509 3347 1563 hoc
3392 1509 3549 1576 igitur
3583 1504 3683 1563 eis
3711 1509 3811 1578 qui

2207 1574 2438 1647 militant
2482 1578 2593 1647 Deo
2636 1578 2899 1645 fugiendae
2944 1574 3103 1644 sunt;
3133 1594 3264 1647 quas
3306 1574 3523 1632 divitias
3571 1594 3638 1632 ex
3688 1574 3811 1633 toto

2206 1644 2371 1717 corde
2402 1646 2492 1714 qui
2538 1644 2737 1703 habere
2771 1652 2975 1715 volunt,
3007 1652 3124 1704 sine
3152 1644 3349 1703 labore
3378 1665 3483 1702 non
3528 1662 3809 1717 qna-runt,

2206 1713 2324 1789 sine
2348 1717 2663 1770 ditlicultate
2686 1736 2790 1773 non
2816 1713 3116 1786 inveniunt,
3134 1722 3248 1775 sine
3271 1736 3397 1774 cura
3424 1736 3529 1773 non
3547 1713 3807 1789 'servant,

2208 1786 2325 1838 sine
2372 1789 2528 1840 anxia
2583 1789 2938 1845 delectatione
2986 1808 3088 1844 non
3131 1793 3425 1860 p03sident,
3455 1791 3571 1845 sine
3613 1786 3809 1848 dolore

2209 1859 2597 1932 tintipcrdunt.
2629 1860 2730 1923 Qui
2761 1863 2933 1915 otiosa
2958 1859 3139 1932 quiete
3166 1864 3477 1930 perfruitur,
3512 1862 3611 1915 nisi
3643 1865 3807 1930 spiri-

2209 1928 2423 2001 tualitcr
2456 1927 2667 2001 viterit,
2701 1947 2850 1985 more
2883 1927 3143 1999 pecudum
3166 1927 3326 1987 'vivit.
3360 1933 3531 1987 Nemo
3562 1927 3808 2001 possidet

2207 1997 2398 2072 Deum,
2435 2000 2535 2053 nisi
2563 2000 2658 2072 qui
2710 1997 3013 2070 possidetur
3052 2018 3082 2055 a
3116 2004 3255 2069 Deo;
3286 2005 3355 2057 sit
3395 2007 3508 2072 ipse
3555 1997 3808 2071 primitus

2210 2069 2303 2143 Dei
2340 2071 2631 2143 possessio,
2657 2082 2714 2125 ut
2742 2074 3010 2127 elliciatur
3038 2074 3088 2128 ei
3116 2076 3255 2128 Deus
3280 2069 3569 2143 possessio,
3594 2084 3649 2127 et
3677 2092 3809 2143 por-

2208 2142 2305 2215 tio.
2331 2141 2582 2215 Omnium
2630 2145 2901 2208 conditor,
2936 2146 3019 2198 cui
3062 2146 3193 2199 nihil
3234 2141 3407 2215 potest
3451 2161 3638 2199 eorum
3679 2141 3806 2214 qua:

2208 2210 2334 2264 fecit
2375 2212 2609 2285 aequari,
2644 2230 2747 2267 non
2797 2215 3045 2283 dignatur
3090 2210 3344 2270 cum'his
3392 2230 3511 2285 qua:
3560 2210 3806 2272 condidit

2208 2283 2490 2349 possideri.
2512 2285 2613 2347 Qtii
2632 2286 2744 2337 vult
2769 2285 2932 2339 Deum
2961 2286 3257 2353 possidere,
3280 2283 3551 2341 renuntiet
3574 2290 3801 2354 mundo,

2208 2363 2264 2404 ut
2292 2353 2375 2428 sit
2400 2354 2473 2407 illi
2508 2355 2648 2408 heus
2696 2356 2849 2409 beata
2895 2361 3181 2425 possessio.
3219 2356 3313 2412 Dei
3348 2372 3479 2423 Opus
3519 2360 3662 2425 agit,
3708 2353 3803 2428 qui

2207 2438 2294 2477 res
2342 2424 2457 2497 Deo
2506 2438 2849 2480 consecratas
2895 2444 2998 2481 non
3049 2428 3276 2497 alicujus
3321 2424 3646 2495 cupiditatis,
3701 2424 3803 2484 sed

2209 2496 2535 2549 lidelissiiiia:
2581 2497 3003 2565 dispensationis
3062 2502 3355 2555 intentione
3413 2515 3517 2551 non
3572 2500 3797 2554 deserit.

2207 2568 2543 2639 Quapropter
2588 2571 2979 2635 possessiones,
3008 2586 3140 2639 quas
3181 2571 3383 2624 ablatas
3412 2583 3442 2621 a
3474 2571 3671 2638 potiulo
3707 2585 3803 2625 su.

2208 2636 2439 2711 seipiuut
2470 2642 2799 2711 sacerdotes,
2833 2656 2937 2694 non
2984 2636 3109 2695 sunt
3148 2641 3259 2711 jam
3312 2654 3399 2695 res
3443 2636 3623 2694 mundi
3672 2656 3800 2696 cre-

2208 2706 2415 2771 dendai,
2437 2710 2528 2760 sed
2552 2708 2662 2761 Dei.
2694 2710 2809 2763 Non
2834 2713 2956 2764 ideo
2976 2706 3363 2765 erubescebant
3387 2712 3555 2765 Adam
3580 2721 3635 2765 et
3662 2713 3798 2777 Eva,

2207 2778 2328 2845 quia
2371 2790 2517 2834 veste
2556 2790 2711 2833 erant
2749 2784 3084 2837 extrinsecus
3126 2783 3348 2851 protecti
3387 2780 3603 2847 divina;
3647 2784 3800 2837 ιιειιί-

2209 2862 2311 2915 que
2338 2861 2459 2903 ante
2482 2861 2754 2918 peccatum
2787 2853 2913 2906 nudi
2944 2865 3129 2917 erant,
3160 2864 3213 2906 et
3242 2868 3349 2907 nun
3378 2854 3794 2920 eruliesciebint,

2209 2922 2329 2987 quia
2373 2922 2502 2974 iiitiit
2542 2934 2726 2975 contra
2768 2926 3095 2977 voluntatem
3143 2923 3273 2991 Dei,
3309 2924 3453 2976 unde
3496 2922 3797 2978 confunde-

2208 3002 2416 3056 rentur,
2467 2992 2816 3047 admiserant.
2854 2992 2969 3047 Non
3018 2994 3179 3062 igitur
3226 3010 3256 3048 a
3308 3002 3551 3047 cicatore
3598 3010 3696 3048 suo
3745 2998 3798 3049 iu

2210 3074 2509 3115 creaturam
2558 3064 2849 3141 divinitatis
2898 3064 3183 3141 sitiet-tione
3238 3066 3506 3133 collapsus
3545 3073 3801 3141 moveret

2212 3143 2395 3205 aperta
2423 3135 2880 3202 eunetipisccntia,
2914 3136 3017 3189 nisi
3046 3151 3140 3190 eos
3172 3145 3298 3190 ante
3343 3136 3671 3205 COI‘I'UpiSSCI
3702 3150 3797 3191 0c.

2213 3204 2351 3256 culta
2380 3205 2648 3275 Superbia.
2684 3206 3124 3275 Concupisceiitia
3153 3208 3330 3261 carnis
3369 3206 3437 3259 ab
3468 3204 3544 3260 eis
3580 3208 3800 3274 impleta

2210 3284 2313 3337 est,
2340 3277 2479 3342 quod
2502 3274 2572 3329 de
2598 3276 2738 3345 ligno
2770 3274 2930 3330 vetito
2960 3288 3336 3345 giistavcrunt;
3363 3277 3797 3343 coiicuiiisCeiitia

2211 3347 2520 3417 oculorum,
2571 3346 2714 3415 quod
2752 3349 2853 3402 sibi
2896 3364 3107 3417 aperire
3147 3350 3333 3403 oculos
3378 3359 3697 3416 cupierunt;
3742 3359 3798 3404 et

2213 3416 2432 3489 ambitio
2475 3420 2657 3471 saeculi
2683 3460 2696 3481 ,
2728 3421 2869 3486 quod
2915 3416 2973 3474 se
3018 3421 3132 3473 lieri
3181 3433 3338 3487 posse
3374 3421 3515 3489 quod
3549 3419 3689 3473 Deus
3715 3429 3798 3474 est

2212 3486 2577 3542 crediderunt.
2614 3490 2825 3543 Dulcior
2853 3491 2992 3544 enim
3044 3491 3104 3545 [It
3147 3486 3313 3553 salus,
3347 3486 3470 3544 cum
3514 3492 3667 3543 dolor
3699 3505 3795 3544 ex-

2211 3561 2415 3610 cruciat
2462 3567 2516 3631 et
2567 3561 2813 3613 sanitatis
2862 3566 3074 3616 amissae
3128 3562 3470 3615 dulcedinem
3525 3560 3795 3631 languoris

2212 3629 2512 3682 amaritudo
2549 3630 2909 3685 commendat.
2941 3632 3109 3686 Adam
3152 3647 3249 3685 tios
3291 3629 3793 3687 obnoxiavitﬁnialis

2211 3702 2461 3753 omnibus
2495 3714 2588 3772 per
2618 3704 2885 3768 propriam
2916 3705 3150 3768 culpam,
3181 3704 3378 3772 quibus
3422 3716 3520 3756 nos
3554 3703 3795 3757 liberavit

2212 3771 2478 3824 adventus
2523 3770 2721 3826 Christi
2770 3789 2861 3840 per
2902 3784 3143 3842 gratiam.
3183 3770 3395 3828 Deliciae
3440 3775 3715 3841 qumlibet,
3748 3772 3793 3827 si

2214 3841 2417 3909 absque
2444 3842 2713 3895 desiderio
2745 3841 3125 3913 percipiantur,
3156 3844 3419 3908 olliciuiit,
3442 3854 3497 3899 et
3526 3846 3657 3898 viles
3687 3844 3793 3898 cibi

2215 3913 2898 3985 pletumqueabstiuentia:
2942 3916 3238 3983 profectui,
3280 3918 3325 3967 si
3356 3925 3669 3985 appetenter
3705 3930 3795 3970 ac-

2213 3981 2498 4051 cipiantur,
2532 3983 2851 4052 impediunt.
2876 3981 3146 4040 Inliriuum
3177 3981 3510 4040 stomachum
3542 3985 3793 4040 moderao

2213 4060 2300 4127 tus
2342 4069 2471 4108 usus
2502 4056 2611 4127 vini
2643 4056 2932 4125 confortat,
2964 4059 3193 4111 ebrietas
3223 4058 3457 4110 animum
3489 4071 3791 4127 coersqud

2215 4123 2477 4176 debilitat.
2510 4124 2653 4178 Nihil
2686 4142 2870 4180 contra
2912 4123 3289 4181 abstinentiam
3335 4129 3563 4192 faciunt,
3590 4123 3677 4195 qui
3707 4123 3790 4182 'vi-

2215 4209 2340 4267 tium
2375 4211 2478 4247 non
2522 4210 2616 4262 pro
2644 4195 2928 4265 ebrietate,
2948 4200 3043 4253 sed
3075 4209 3277 4252 tantum
3306 4214 3401 4267 pro
3432 4201 3679 4267 corporis
3712 4214 3794 4261 sa-

2216 4264 2679 4337 Iutepercipiuut,
2714 4283 2815 4322 nec
2848 4264 2946 4324 huc
2972 4272 3049 4323 eis
3077 4272 3232 4323 olfei-t
3260 4264 3647 4337 voluptaspsed
3678 4285 3792 4336 per-

2217 4336 2690 4409 niittitinlirtnitas.
2709 4336 2764 4394 Si
2788 4340 2929 4393 enim
2952 4340 3217 4409 quoslibet
3232 4339 3792 4408 advenietitesjejutiio

2218 4407 2525 4479 intermiSso
2557 4411 2762 4476 reticio,
2795 4426 2898 4463 non
2929 4407 3101 4463 solum
3127 4409 3338 4479 jejuno,
3369 4413 3462 4464 sed
3492 4407 3791 4475 exetiipluiit

2216 4478 2489 4531 cliaritatis
2534 4481 2729 4533 etticio.
2764 4479 3027 4535 Caeterum
3070 4478 3376 4550 si’propter
3419 4481 3789 4536 abstinentiam

520 4563 663 4631 ctum
693 4550 849 4605 debet
889 4542 1163 4634 appetete,
1193 4568 1351 4622 quam
1374 4542 1551 4634 .vit'are
1580 4554 1790 4634 injustze
1838 4553 2107 4634 obtrecta-
2141 4542 2195 4602 D
2219 4551 2526 4634 spirituales
2553 4550 2765 4632 fratres,
2798 4552 3121 4634 quos_306
3152 4542 3295 4616 i'iovi,
3322 4566 3443 4605 mea
3476 4552 3788 4634 [Cll-tISSlO-lle

521 4621 685 4693 tionis
713 4621 1053 4691 opprobiitm.
1100 4629 1233 4677 Cum
1276 4626 1468 4678 Veritas
1514 4621 1866 4693 undecunque
1909 4626 2110 4676 clama-

520 4692 682 4764 verit,
710 4708 815 4764 non
857 4697 929 4747 sit
975 4695 1189 4764 ingenio
1221 4698 1451 4749 humatio
1477 4692 1804 4763 deputanda,
1836 4694 1928 4747 sed
1974 4693 2103 4749 Deo.

521 4759 852 4817 Ohedientiae
891 4780 955 4818 ac
1005 4759 1272 4835 patientia:
1325 4769 1517 4820 virtute
1551 4759 1795 4828 'fundati,
1847 4764 2109 4835 majorum
2150 4777 2157 4805 τ

521 4848 742 4888 suorum
791 4850 895 4889 llOll
946 4833 1242 4891 diScutiunt
1281 4839 1589 4901 constituta,
1640 4838 1733 4891 sed
1779 4833 1998 4889 faciunt.
2029 4837 2111 4890 Ad

524 4904 1014 4977 faciempublicam
1049 4910 1311 4977 patienter
1340 4907 1447 4977 jam
1477 4911 1701 4977 fugiunt,
1737 4918 1790 4960 et
1832 4906 1883 4959 iit
1929 4906 2111 4961 animo

523 4976 813 5031 iracundiae
859 4980 1004 5033 virus
1048 4976 1403 5044 abscondunt,
1450 4980 1517 5031 ad
1544 4976 1865 5031 nocendum
1917 4978 2106 5045 parati,

523 5063 644 5119 cum
689 5050 916 5101 nocendi
958 5057 1168 5119 tempus
1216 5048 1536 5103 invenerint.
1588 5048 1678 5102 Sic
1727 5049 1888 5102 debet
1935 5048 2111 5103 omnis

528 5118 710 5181 homo,
758 5121 917 5174 modo
954 5118 1223 5184 docendo,
1253 5121 1411 5173 modo
1438 5120 1792 5182 exhortando,
1824 5119 1982 5170 modo
2022 5135 2112 5172 su-

525 5190 813 5253 stinendo,
867 5191 1027 5244 modo
1092 5191 1459 5259 increpando,
1516 5193 1689 5243 curari
1759 5199 1807 5243 ut
1859 5190 1959 5243 sub
2012 5204 2114 5258 ope

525 5260 725 5313 Christi
767 5260 942 5315 nullus
980 5265 1048 5317 de
1096 5265 1269 5315 salute
1318 5261 1369 5315 iti
1423 5263 1521 5315 hac
1548 5261 1651 5314 vita
1698 5261 1889 5315 debeat
1929 5262 2115 5329 despe-

526 5345 668 5383 rare.
713 5334 904 5402 Argue,
952 5333 1180 5396 obsecra,
1227 5333 1436 5400 increpa
1478 5335 1531 5385 in
1575 5333 1710 5385 omni
1751 5333 2016 5400 patientia,
2069 5341 2115 5385 et

525 5402 798 5475 docti-ina,
849 5404 1001 5471 quasi
1047 5405 1273 5467 diceret,
1322 5418 1488 5475 argue
1544 5406 1865 5473 coaequales,
1890 5405 2113 5457 obsecra

526 5472 808 5544 seniores,
856 5475 1069 5543 increpa
1113 5472 1644 5544 junioresCLeniter
1680 5472 1981 5543 castigatus
2024 5488 2116 5528 ex-

530 5541 678 5613 hibet
731 5541 1082 5600 reveretitiani
1115 5541 1426 5613 'castiganti
1460 5585 1476 5609 ,
1532 5541 1873 5613 aSperitatetn
1934 5554 2115 5598 autem

529 5612 691 5683 305
727 5616 927 5686 nimia:
977 5612 1353 5686 increpationis
1395 5617 1660 5679 ollensus,
1716 5631 1813 5669 nec
1870 5619 2115 5682 increpa-

534 5692 607 5735 tiu
665 5684 841 5764 (sic),
891 5701 987 5740 nec
1042 5684 1291 5764 salutem.
1351 5688 1546 5743 Blanda
1616 5688 1808 5764 pietate
1869 5686 2114 5756 portandi

535 5766 691 5819 δυηιν
725 5760 1113 5828 qu'l°tnCiepari
1164 5775 1259 5828 pro
1298 5776 1393 5816 sua
1434 5760 1798 5826 increpatione
1845 5774 1949 5811 tton
1994 5770 2120 5824 pos-

538 5828 663 5879 sint.
711 5826 856 5881 Sicut
902 5828 1065 5884 virtus
1114 5826 1337 5887 onemsa
1399 5840 1484 5889 est
1533 5830 1758 5896 vitioso,
1787 5832 1861 5884 ita
1908 5830 2119 5891 virtutis

2212 4622 2481 4673 delectare
2503 4623 2780 4686 contristo,
2807 4623 3125 4676 abstinentia
3152 4638 3265 4676 mea
3295 4639 3401 4675 non
3431 4632 3514 4675 est
3540 4624 3786 4686 dicenda,

2212 4695 2307 4744 sed
2338 4692 2543 4743 vitium.
2571 4691 2721 4745 Sicut
2752 4694 2918 4746 virtus
2940 4698 3175 4746 animum
3204 4693 3307 4747 sibi
3333 4692 3592 4747 veraciter
3621 4694 3785 4746 iulia:-

2212 4771 2441 4833 retitetn,
2475 4763 2518 4833 si
2551 4762 2711 4816 fuerit
2755 4779 2900 4829 vera,
2940 4763 3221 4833 justiticat,
3271 4765 3339 4816 ita
3369 4765 3613 4816 simulata
3662 4777 3787 4815 con-

2212 4832 2447 4884 dettiiiat.
2479 4832 2594 4886 Non
2625 4843 2804 4901 potest
2849 4832 3001 4888 tiieiis
3030 4849 3248 4901 regnum
3284 4834 3482 4887 habere
3512 4836 3784 4899 virtutum,

2214 4904 2313 4973 nisi
2342 4903 2525 4971 juguni
2559 4919 2706 4973 prius
2736 4907 3033 4959 excusserit
3060 4904 3327 4958 vitiorum.
3353 4904 3551 4957 Tantos
3583 4903 3787 4959 invidus

2215 4972 2369 5027 habet
2403 4972 2746 5042 justa’poetia
2797 4985 3051 5043 tortores,
3084 4980 3310 5043 q'uantos
3358 4975 3653 5029 invidiosus
3696 4978 3787 5026 lia-

2213 5043 2387 5098 btterit
2419 5048 2743 5099 laudatores.
2778 5047 3049 5114 Siquidem
3094 5044 3415 5099 invidiosum
3458 5046 3587 5099 facit
3616 5047 3787 5099 excel-

2216 5116 2395 5178 lentia,
2430 5118 2531 5169 erit
2558 5118 2749 5170 invidia
2786 5132 2941 5185 pretia
2987 5122 3225 5184 peccati;
3272 5132 3373 5171 nec
3398 5132 3447 5171 et
3476 5119 3545 5170 ab
3578 5119 3786 5169 liuiiiiiie

2217 5195 2389 5253 potest
2432 5188 2673 5241 adhiberi
2717 5191 3043 5252 remedium,
3078 5190 3228 5256 cujus
3260 5198 3342 5242 est
3366 5189 3558 5241 vulnus
3599 5188 3787 5241 ecetil-

2218 5266 2347 5327 tum.
2379 5256 2489 5311 Hoc
2514 5260 2657 5311 enim
2690 5259 2975 5327 loquuntur
3015 5259 3212 5327 quique
3237 5258 3379 5327 quod
3423 5259 3672 5327 diligunt,
3697 5258 3787 5313 de-

2216 5325 2533 5381 lectabiliter
2559 5325 2775 5382 audiunt
2804 5329 2945 5397 quod
2969 5325 3200 5383 assiduis
3228 5325 3641 5400 cogitationibus
3674 5332 3781 5381 vol-

2217 5408 2362 5451 Vuttl.
2396 5399 2661 5467 Cogitatio
2690 5401 2885 5468 quippe
2914 5414 2993 5455 est
3023 5416 3140 5468 quze
3170 5414 3403 5455 mentem
3452 5402 3591 5452 sicut
3622 5400 3784 5467 turpis

2216 5470 2473 5537 inquinat,
2503 5472 2594 5535 ita,
2613 5471 2659 5525 si
2688 5472 2845 5524 luerit
2866 5471 3111 5534 honesta,
3135 5472 3391 5540 purilicat.
3417 5470 3533 5525 Non
3559 5469 3782 5525 siirdidae

2216 5550 2561 5609 cogitationes
2586 5551 2815 5596 mentem
2840 5544 3109 5597 sordidam
3133 5541 3383 5609 reddunt,
3402 5550 3496 5597 sed
3520 5557 3585 5596 ex
3612 5553 3783 5596 metite

2217 5613 2429 5665 sordida
2463 5613 2694 5666 sordida:
2723 5615 3073 5682 cogitationes
3100 5615 3358 5668 existunt.
3390 5612 3625 5667 Auribus
3648 5614 3781 5667 enim

2217 5686 2377 5736 castis
2403 5684 2622 5737 obsceni
2653 5700 2929 5739 sei-moues
2957 5700 3078 5738 cum
3107 5700 3239 5737 sono
3269 5685 3546 5747 deliciuiit,
3582 5698 3680 5737 nec
3703 5698 3781 5737 se-

2218 5766 2421 5808 cretum
2468 5756 2643 5824 pudici
2673 5760 2847 5810 cordis
2878 5758 3194 5824 irrumpunt.
3227 5753 3331 5809 Per
3370 5770 3433 5809 os
3476 5757 3654 5808 carnis
3684 5768 3782 5808 non

2220 5826 2467 5899 irrumpit
2504 5830 2785 5883 delectatio
2812 5838 2997 5899 gustus
3024 5828 3091 5883 ad
3130 5837 3397 5894 utentem;
3431 5841 3529 5882 nec
3560 5838 3778 5894 erumpe
