4086 6350
369 350 505 409 1921

1512 343 1809 402 APPEND.
1852 340 1968 400 XII.
2008 367 2081 387 --
2112 342 2501 401 SERMONES.

3500 348 3635 407 1222

359 476 595 543 seipsum
626 470 974 543 considerare
998 475 1249 543 vetuerit,
1279 472 1336 519 et
1363 477 1439 543 sic
1468 463 1689 533 pauperi
1720 462 1937 525 tribuat,
1970 466 2023 525 Α
2048 476 2265 543 nomina
2297 458 2493 543 Patris,
2549 460 2795 543 scilicet,
2818 468 2867 515 et
2923 458 3157 543 Filii,‘_e_t
3186 446 3416 543 Spiritus
3462 468 3634 522 sancti

357 536 630 612 quomodo
674 545 718 598 si
764 543 877 611 ipse
930 541 981 595 in
1029 540 1125 612 tali
1174 536 1703 612 necessitateesset,
1733 546 1937 612 __secm_n

300 610 317 675 ἲ
357 605 472 671 fieri
499 615 748 684 cupiebat
774 605 799 679 ;’
820 625 873 667 et
903 612 990 682 qui
1021 609 1205 684 iecerit
1250 609 1358 684 sic,
1382 619 1434 661 et
1461 607 1698 684 _l\'ovi_et
1722 605 1940 684 Veteris

300 710 305 733 ί
357 678 689 743 Τθδιιιιιῖθιιιί
726 678 985 755 praecepta
1010 682 1322 753 complevit,
1346 679 1735 755 implettsjllud
1769 678 1941 755 Evan-

357 760 554 826 geliqu
587 758 702 826 (sic)
726 749 745 811 Ξ
780 749 966 810 Omnia
994 749 1304 826 quaecunque
1326 753 1477 826 vultis
1500 758 1552 826 ut
1582 750 1773 826 faciant
1802 749 1941 801 vobis

356 823 607 893 homines,
626 839 672 883 et
686 823 779 882 eos
810 829 960 897 facile
986 823 1090 881 illis
1118 825 1370 878 similiter.
1393 823 1601 897 Etenim
1628 823 1709 876 lex
1734 832 1786 875 et
1813 834 1942 889 pro-

356 901 517 971 pheta
566 901 643 955 sic
698 893 950 967 impletur
994 899 1060 951 ad
1091 898 1339 971 gloriam,
1388 893 1454 971 ad
1498 908 1845 971 quatn_verte
1889 899 1941 943 et

356 965 609 1042 perlecue
643 965 919 1042 charitatis
973 973 1141 1037 legem
1191 969 1306 1042 pin_s
1336 967 1488 1019 vobis
1540 965 1794 1042 Dominus
1844 975 1939 1015 sua

356 1036 693 1112 protei-tione
726 1041 1000 1109 perducat.
1028 1036 1223 1114 Amen.
1259 1037 1555 1114 Praestante
1582 1036 1812 1114 Domino
1840 1048 1941 1114 n0-

357 1108 472 1169 stro
513 1114 639 1168 Jesu
668 1108 902 1176 Christo,
933 1113 1015 1165 cui
1045 1118 1130 1166 est
1168 1112 1361 1173 honor,
1394 1116 1447 1163 et
1491 1108 1779 1176 imperium
1824 1108 1943 1159 sine

354 1185 460 1241 ﬁne
496 1186 548 1240 in
576 1185 770 1239 saecula
806 1184 1147 1237 saeculorum.
1181 1183 1373 1235 Arnen.

715 1299 899 1356 SERHO
920 1297 983 1351 ll.
1016 1326 1088 1339 —-
1120 1296 1312 1350 Contra
1339 1296 1579 1348 Arianos.

430 1399 481 1450 i.
530 1396 680 1461 Veni,
720 1393 937 1448 domine
964 1392 1090 1447 Jesu
1114 1390 1327 1466 Christe
1372 1389 1939 1466 Redemptormnoster,

354 1470 445 1538 qui
479 1456 738 1537 teqttaletn
778 1474 1091 1538 potestatem
1122 1472 1255 1538 eum
1288 1460 1454 1538 Patre
1478 1461 1663 1538 habes.
1704 1456 1855 1538 Veni,
1889 1466 1943 1509 et

353 1528 573 1595 contere
617 1528 1064 1608 caput'draconis
1084 1535 1258 1608 tttagni
1283 1549 1297 1595 ;
1327 1538 1379 1583 et
1406 1531 1490 1583 dic
1522 1528 1825 1608 nobis‘quld
1851 1542 1938 1608 es,

352 1610 623 1681 quomodo
668 1599 824 1681 Arius
868 1608 969 1681 iste
999 1604 1141 1681 aliud
1177 1599 1345 1657 'docet
1375 1617 1532 1681 quam
1565 1616 1647 1653 es.
1683 1599 1796 1681 Dic,
1822 1599 1937 1681 dic,

352 1670 655 1743 audiamus,
718 1678 858 1731 unde
912 1678 1196 1731 haereticos
1250 1678 1695 1743 c0uvtnc:unns.__
1716 1670 1935 1735 Audite,

352 1752 550 1807 fratres
597 1739 919 1813 charissimi,
963 1746 1087 1817 quid
1141 1745 1397 1817 Dominus
1437 1743 1600 1817 dicat.
1654 1739 1761 1817 Epp
1803 1755 1938 1804 sum,

350 1824 543 1892 inquit,
575 1822 675 1885 uia,
704 1809 918 1893 veritas,
956 1809 1003 1893 et
1050 1818 1174 1893 vita.
1205 1814 1387 1893 _N.emo
1422 1815 1555 1871 venit
1581 1813 1670 1893 “ad
1702 1809 1937 1893 Patrem,

356 1887 458 1948 nisi
495 1910 585 1963 per
616 1910 712 1946 me.
756 1887 1063 1947 Secundum
1113 1887 1447 1963 divinitatem
1480 1887 1701 1963 veritas.
1723 1890 1779 1936 et
1810 1887 1938 1963 vita,

351 1954 647 2019 secundum
693 1964 1079 2017 humanitatem
1129 1958 1237 2011 via.
1285 1957 1365 2009 Tu
1417 1966 1592 2009 autem
1622 1996 1637 2019 ,
1690 1954 1941 2008 haeretica

355 2037 575 2097 Ariane,
606 2035 697 2102 qui
729 2034 991 2088 minorem
1022 2032 1101 2084 vis
1129 2042 1249 2082 esse
1278 2025 1558 2102 divinitate
1572 2026 1752 2102 _vitam
1778 2037 1942 2102 etivee

352 2095 592 2169 ritatem,
624 2095 876 2171 sequitur
916 2110 973 2156 ut
1003 2117 1109 2156 non
1143 2096 1420 2168 pervenias
1452 2097 1519 2171 ad
1569 2095 1805 2171 Patrem.
1835 2096 1940 2171 Sed

355 2178 553 2241 adhuc,
581 2165 799 2230 domine
844 2174 990 2239 Jesu,
1021 2165 1239 2227 contere
1280 2177 1439 2241 caput
1465 2168 1737 2229 draconis,
1774 2165 1942 2241 et_dic

350 2248 477 2317 quid
508 2237 626 2301 cum
661 2248 815 2301 Patre
843 2247 940 2300 sis.
964 2237 1040 2298 Te
1066 2241 1347 2317 audiamus
1374 2239 1664 2317 dicentem,
1698 2252 1799 2317 non
1830 2237 1941 2291 bte-

354 2310 579 2374 reticum
619 2318 1118 2383 blaSphemantem;
1153 2313 1260 2383 dic,
1306 2310 1430 2383 quid
1474 2311 1713 2383 sls_cum
1761 2310 1937 2383 Patre.

353 2386 492 2461 Ego,
515 2397 562 2442 et
592 2377 749 2461 Pater
777 2405 935 2441 unum
962 2377 1158 2461 sumus.
1181 2382 1289 2461 _Die
1315 2377 1519 2461 adhuc:
1550 2379 1655 2451 Ego
1677 2381 1731 2433 in
1757 2377 1937 2461 Putre,

351 2450 589 2515 etVPater
620 2458 671 2513 in
708 2476 787 2512 me
816 2468 910 2513 est.
947 2457 1133 2512 Adhuc
1162 2454 1268 2509 dic.
1307 2454 1407 2520 Qui
1437 2452 1569 2506 videt
1597 2466 1697 2518 me,
1732 2450 1861 2504 videt
1891 2459 1938 2503 et

352 2530 707 2660 Paéte’iii'edis
754 2600 885 2669 jam,
944 2598 1215 2661 lt:rrelice,
1270 2594 1939 2669 tantaeAauctoritatib‘an

351 2674 520 2744 ipsius
551 2663 915 2744 testimonium
945 2670 1011 2724 de
1044 2686 1101 2723 se
1126 2670 1242 2744 ipso
1259 2682 1365 2720 non
1400 2665 1660 2744 admittis,
1688 2664 1781 2717 sed
1804 2663 1941 2744 alios

354 2735 520 2799 testes
552 2741 814 2813 inquiris?
841 2744 979 2796 Ecce
1011 2735 1419 2813 introducantur
1450 2737 1738 2790 adversum
1770 2746 1819 2788 te
1849 2735 1939 2813 qui

355 2824 407 2879 te
438 2807 780 2870 convincam.
811 2814 927 2877 Dic,
975 2811 1128 2866 testis
1162 2809 1254 2864 Dei
1283 2807 1467 2871 Paule,
1512 2816 1713 2862 sancta:
1756 2808 1941 2859 matris

352 2880 610 2943 Ecclesia:
642 2903 921 2956 organum,
957 2885 1045 2950 qui
1077 2897 1243 2956 usque
1274 2879 1341 2956 ad
1373 2882 1690 2956 sanguinem
1718 2878 1942 2945 proisto

350 2960 659 3014 testimonio
689 2951 986 3021 accessisti,
1018 2963 1072 3009 et
1103 2968 1169 3007 ne
1192 2951 1365 3023 rlalsaa
1393 2951 1649 3023 doctrina;
1696 2961 1943 3023 succum:

352 3027 534 3093 heres,
569 3030 797 3083 animam
834 3019 1096 3093 posuisti;
1150 3022 1257 3077 dic.
1310 3019 1642 3093 Audiatdqui
1693 3019 1941 3093 convinci

351 3091 626 3155 formidat.
666 3091 913 3170 Singulis
954 3097 1252 3170 quibusque
1302 3091 1616 3170 dicis:Hoc
1660 3091 1942 3170 sentiteﬁin

350 3172 511 3237 vobis,
536 3164 672 3241 quod
704 3180 749 3223 et
770 3161 829 3223 in
878 3161 1080 3241 Christo
1103 3161 1229 3220 Iesu
1253 3182 1269 3230 ;
1296 3166 1381 3234 qui
1425 3178 1539 3218 cum
1570 3162 1622 3215 in
1648 3161 1941 3241 [ιιι-ηιαθεὶ
1966 3174 1987 3241 Α

350 3232 508 3310 esset,
535 3232 637 3295 non
664 3243 897 3310 rapinam
925 3239 1203 3310 arbitratus
1236 3232 1434 3290 estesse
1452 3251 1505 3310 se
1533 3234 1781 3301 (aqualem
1807 3232 1937 3310 pec.

353 3303 543 3380 Audis,
579 3303 848 3377 ltwreiit'e,
880 3310 1135 3378 :equalem
1179 3308 1309 3380 Deo,
1363 3303 1943 3380 audislortnatnDei?

353 3394 409 3442 et
440 3392 493 3438 tu
527 3374 785 3438 minorem
834 3374 991 3437 Patre
1019 3380 1185 3433 lilium
1218 3376 1398 3431 dicere
1428 3376 1631 3430 audes?
1666 3374 1852 3428 Veniat
1890 3385 1944 3429 et

353 3456 491 3510 alius
522 3456 694 3518 testis,
729 3464 782 3506 ut
818 3453 869 3506 in
918 3452 1130 3504 duobus
1162 3449 1241 3502 vel
1290 3446 1460 3502 tribus
1490 3446 1713 3499 testibus
1744 3446 1943 3500 contir-

355 3537 532 3580 metur
570 3525 795 3594 aequitas
841 3522 1105 3577 veritatis.
1158 3519 1253 3574 Dic
1291 3526 1347 3574 et
1398 3528 1473 3583 tu,
1526 3525 1709 3594 sancte
1760 3520 1939 3594 l’etre,

355 3595 482 3665 quid
517 3596 611 3650 tibi
638 3588 1143 3665 revelaverit,_non
1174 3604 1350 3665 c_aro,_
1374 3600 1428 3665 et
1449 3588 1703 3665 sanguis,
1724 3588 1818 3665 sed
1852 3602 1942 3665 pa:

360 3658 442 3721 t'er
471 3668 706 3723 caelestis
734 3686 745 3719 :
774 3663 850 3719 Tu
896 3680 948 3717 es
990 3660 1161 3715 Filius
1188 3661 1280 3714 Dei
1305 3661 1419 3713 vivi.
1447 3659 1513 3712 Et
1540 3661 1591 3712 iu
1622 3658 1845 3726 epistola
1874 3659 1940 3712 ad

355 3749 542 3805 gentes
562 3736 824 3805 secunda.
876 3733 1071 3789 Notam
1102 3733 1319 3805 facimus
1372 3732 1508 3805 uobis
1554 3730 1750 3783 domini
1778 3731 1941 3805 nostri

356 3800 481 3863 jesu
511 3800 699 3863 Christi
730 3810 983 3869 virtutem,
1026 3817 1073 3858 et
1103 3800 1505 3873 ’pra'scientiam,
1538 3811 1587 3873 et
1626 3800 1941 3873 magnitudi-

355 3897 490 3933 ncm.
520 3880 707 3946 Audis,
742 3871 1423 3949 praestigiator,ivirtute_m,
1467 3872 1623 3926 audis
1654 3871 1940 3949 praescien-

356 3942 705 4023 tiatnkandis’
742 3942 804 4005 et
836 3942 1287 4023 magnitudinem;
1344 3945 1397 3997 in
1426 3956 1733 4023 “quoergo,
1770 3942 1939 4023 ngere-

356 4013 786 4085 tice,'Christum
818 4013 951 4074 dicis
980 4033 1101 4073 esse
1139 4015 1448 4070 minorem?
1477 4016 1580 4069 Sed
1612 4013 1939 4085 ingrediatur

355 4101 407 4146 et
438 4084 621 4146 tertius
674 4093 843 4157 testis,
878 4100 934 4145 ut
975 4098 1084 4144 tres
1134 4098 1297 4142 utrum
1340 4100 1524 4157 verum
1569 4084 1935 4140 testimonium

355 4162 533 4216 dicant
587 4165 673 4216 uni
710 4160 975 4225 Trinitati,
1027 4168 1082 4215 et
1130 4159 1283 4213 trina:
1318 4156 1602 4211 divinitati.
1636 4157 1733 4210 Dic
1776 4166 1830 4210 et
1861 4167 1932 4225 tu,

355 4246 539 4301 sancte
567 4232 817 4297 Joannes,
850 4233 940 4301 qui
976 4246 1138 4299 super
1166 4238 1353 4299 pectus
1381 4228 1671 4301 Salvator-is
1702 4227 1937 4301 discum-

360 4300 547 4366 bebas,
578 4314 633 4358 et
673 4298 891 4356 videbas
934 4298 1096 4369 super
1118 4298 1359 4354 coelestia
1403 4298 1668 4352 mirabilia
1710 4300 1933 4354 verbum

356 4373 471 4428 Dei.
508 4372 622 4439 Dic,
652 4374 889 4441 inquam,
913 4368 1038 4441 quid
1067 4371 1304 4425 veritatis
1334 4369 1530 4441 de__Dei
1565 4368 1700 4422 Filio
1742 4370 1930 4423 sentis.

356 4444 423 4498 In
448 4437 697 4513 principio
728 4437 889 4514 312
913 4437 1021 4514 erat
1049 4440 1294 4514 Verbum,
1322 4447 1368 4514 et
1407 4437 1627 4514 Verbum
1656 4446 1764 4514 erat
1797 4442 1936 4514 apud

356 4509 543 4579 Deum,
577 4509 625 4568 et
652 4509 940 4568 Dens—{rat
983 4512 1221 4567 Verbum.
1253 4513 1315 4564 Et
1342 4511 1389 4563 in
1434 4510 1655 4577 epistola
1686 4526 1698 4560 :
1726 4509 1930 4565 Scimus

2046 534 2286 597 seiuncta
2326 533 2649 596 viderentur,
2694 533 2797 586 nisi
2829 543 2881 585 ιιι
2924 534 3093 588 sancti
3130 533 3375 589 homines
3401 535 3634 592 instrue-

2047 615 2253 658 rentur.
2294 604 2557 658 Caeterum
2586 606 2710 671 quid
2755 605 2924 673 Moysi
2952 605 3020 658 ab
3048 605 3163 671 ipsa
3187 604 3462 661 Trinitatis
3506 608 3633 663 sub-

2047 676 2241 729 stantia
2272 674 2470 729 dictum
2501 677 2626 729 est?
2659 674 2769 743 Ego
2810 692 2940 740 sum,
2971 677 3060 746 qui
3099 692 3253 741 sum;
3282 689 3327 730 et
3354 678 3425 731 sic
3451 679 3587 733 dices
3617 695 3634 735 :

2052 746 2153 813 Qui
2195 757 2269 800 est
2294 747 2431 800 misit
2460 762 2558 802 me.
2593 748 2733 814 Ergo
2755 763 2817 803 et
2847 760 2996 802 utero
3024 748 3076 801 in
3110 748 3395 816 splendore
3421 762 3634 804 sancto-

2048 834 2164 872 rum
2198 828 2483 886 generatus
2511 828 2593 872 est
2619 818 2805 873 Filius.
2832 820 2935 874 Sed
2967 835 3031 873 ne
3066 819 3202 872 hanc
3229 819 3629 887 generationem

2049 890 2341 944 carnaliter
2383 890 2465 945 vel
2516 892 2881 957 temporaliter
2921 890 3196 957 acceperis
3239 890 3454 953 factam,
3505 893 3631 945 audi

2050 962 2315 1084 (aluomodo
2343 976 2462 1014 eum
2500 961 2766 1031 genuerit.
2797 961 3063 1015 Eructavit
3103 978 3189 1016 cor
3216 978 3403 1027 meum,
3438 964 3627 1033 inquit.

2104 1028 2279 1083 erbum
2302 1033 2507 1084 bonum.
2533 1032 2767 1084 Joannes
2789 1035 2933 1084 testis
2958 1036 3085 1084 dicit
3113 1050 3125 1084 :
3154 1028 3217 1084 In
3246 1034 3498 1084 vrtncinio
3522 1044 3627 1084 erat

2104 1028 2279 1104 erbum
2302 1028 2767 1104 bonumﬂoannes
2789 1035 2933 1089 testis
2958 1036 3085 1087 dicit
3113 1050 3125 1086 :
3154 1028 3217 1086 In
3246 1034 3498 1104 principio
3511 1028 3631 1087 'erat

2065 1100 2297 1155 Verbum.
2325 1104 2463 1158 Dens
2498 1103 2653 1158 Pater
2681 1105 2807 1159 dicit
2836 1123 2849 1157 :
2884 1104 3141 1158 Eructavit
3185 1100 3274 1158 cor
3317 1100 3504 1170 meum,
3547 1106 3628 1159 in-

2052 1172 2185 1241 quit,
2214 1171 2436 1227 Verbum
2461 1176 2669 1229 bonum.
2699 1176 2964 1241 PrOpheta
2988 1175 3233 1229 llabacuc
3261 1176 3387 1230 dicit
3408 1194 3419 1230 :
3440 1176 3630 1229 Ambu-

2051 1245 2187 1297 labat
2227 1242 2463 1316 Verbum.
2513 1247 2677 1300 Audis
2720 1247 2970 1313 Verbum,
3023 1256 3077 1301 et
3126 1249 3227 1300 hoc
3275 1248 3327 1299 in
3373 1247 3633 1316 principio

2050 1329 2170 1369 esse
2216 1316 2354 1380 apud
2405 1315 2595 1381 Deum,
2628 1327 2679 1372 et
2723 1317 2887 1371 Deum
2929 1331 3048 1372 esse
3082 1318 3332 1371 Verbum.
3368 1315 3631 1373 Testimo-

2052 1384 2199 1439 nium
2248 1386 2522 1440 Trinitatis
2564 1404 2657 1455 per
2698 1400 2863 1442 totum
2917 1389 3172 1443 tnundum
3203 1399 3389 1442 contra
3441 1399 3491 1444 te
3524 1390 3635 1443 cla-

2052 1468 2183 1509 mat.
2219 1456 2283 1509 Et
2314 1467 2387 1517 tu,
2423 1459 2655 1523 pessime
2692 1460 2927 1526 Ariane,
2958 1472 3145 1514 contra
3178 1466 3343 1515 totum
3378 1460 3633 1514 mundum

2051 1527 2213 1581 veluti
2240 1527 2454 1581 rabidus
2484 1527 2632 1583 canis
2662 1528 2937 1585 delatras?

2122 1596 2174 1673 4Σ
2220 1598 2477 1673 Sed_audi
2508 1599 2679 1653 adhuc
2710 1602 2847 1673 unde
2869 1603 3074 1670 plenius
3101 1603 3456 1671 convincaris,
3484 1603 3625 1673 quod

2052 1668 2289 1736 perlecta
2317 1669 2550 1743 Tri_nitas
2579 1687 2712 1725 unus
2738 1672 2809 1726 sit
2832 1668 2987 1727 verus
3013 1675 3172 1728 Deus.
3200 1674 3372 1729 Patris
3398 1668 3629 1743 namque

2052 1755 2151 1814 vos
2184 1752 2265 1794 est
2296 1742 2359 1792 ad
2390 1739 2582 1795 Filium
2615 1758 2707 1809 per
2734 1744 3049 1811 prophetam
3083 1762 3093 1797 :
3129 1743 3194 1797 In
3226 1744 3514 1814 splendore,
3545 1739 3633 1799 iu—

1975 1834 2019 1893 B
2050 1812 2186 1893 quit,
2217 1822 2509 1865 sanctorum
2554 1829 2617 1866 ex
2666 1823 2813 1893 utero
2844 1814 2998 1893 genui
3040 1825 3123 1893 te.
3145 1812 3395 1893 Ejusdem
3429 1832 3639 1893 quoque

1966 3199 2016 3264 C

356 4565 618 4658 sunt":
646 4565 815 4639 sua.
834 4565 943 4658 inet
971 4565 1121 4649 testi,
1152 4593 1199 4635 et
1239 4582 1391 4658 dedit
1426 4565 1570 4657 ubbis
1600 4581 1927 4658 intellectum,
1960 4565 2014 4625 D

357 4649 411 4713 ut
456 4658 677 4711 sciamus
704 4657 839 4726 quod
887 4663 1203 4726 vcrum_est,
1257 4662 1303 4706 et
1348 4652 1507 4726 simus
1544 4652 1596 4705 in
1642 4668 1758 4706 vero
1788 4649 1932 4708 Filio

292 4740 302 4747 '
358 4732 501 4800 eius;
533 4728 614 4783 hic
642 4724 723 4783 est
742 4732 878 4782 enim
896 4742 1044 4781 verus
1065 4724 1227 4791 Deus,
1250 4733 1296 4779 et
1322 4725 1421 4778 vita
1449 4733 1659 4800 (eterna.

428 4800 480 4855 5.
528 4800 604 4855 Tn
655 4808 857 4864 autem,
910 4800 1172 4854 virulente
1225 4810 1468 4864 serpens,
1532 4796 1795 4850 minorem
1848 4796 1933 4851 di-

356 4872 526 4927 cendo
556 4870 769 4938 Filium,
804 4872 890 4941 qui
940 4880 1020 4925 est
1063 4869 1415 4941 verus_l)eus,
1447 4880 1551 4921 non
1597 4867 1819 4923 habebis
1854 4870 1933 4922 vi-

357 4954 462 4997 tam
508 4954 783 4998 aeternam.
821 4939 951 4996 Sed
1008 4944 1073 4995 ad
1115 4939 1490 4995 confutandam
1539 4941 1932 4993 contumaciam

358 5024 499 5068 tuam
540 5014 653 5083 ipse
697 5004 854 5067 Pater
886 5011 1425 5083 testimonimnAFilio
1480 5010 1659 5083 ιιίιιςιι,⁸
1683 5018 1748 5083 ιιι
1798 5012 1933 5065 nihil

357 5079 582 5154 amplius
603 5100 832 5155 quaeras,
866 5082 1105 5155 nihilque
1134 5080 1359 5155 amplius
1389 5080 1597 5155 credas.
1621 5079 1933 5155 ‘Dicltehint

356 5152 459 5225 per
510 5152 1080 5226 prophetatnngecum
1136 5152 1545 5226 principiutn__i_n
1596 5152 1676 5204 die
1732 5152 1934 5226 virtutis

356 5220 475 5281 iure.
510 5220 832 5295 Principium
864 5222 1038 5288 Pater,
1068 5220 1382 5295 principium
1426 5220 1591 5295 Filius
1620 5238 1633 5295 ξ
1674 5236 1802 5295 ergo
1833 5222 1935 5276 Pa-

359 5306 436 5354 ter
463 5310 515 5355 et
546 5292 715 5353 Filius
743 5292 1079 5368 principiutu‘
1106 5295 1221 5349 sine
1261 5294 1367 5368 ulto
1408 5292 1689 5368 principio.
1725 5292 1934 5368 Tecum,

357 5368 545 5435 inquit,
579 5362 889 5439 principium
918 5362 969 5422 in
997 5369 1077 5420 die
1108 5366 1307 5439 virtutis
1339 5374 1439 5417 tute
1480 5364 1539 5439 in
1579 5362 1935 5439 splendoribus

354 5434 667 5505 sanctorum,
700 5434 761 5495 ei
788 5448 931 5493 utero
953 5449 1068 5492 ante
1092 5437 1359 5506 tuctferum
1388 5434 1539 5507 genui
1561 5443 1627 5487 te.
1662 5436 1934 5505 Tanquam

355 5508 585 5566 diceret:
606 5511 674 5567 Ut
703 5513 870 5566 sancti
900 5511 1349 5573 illuminarentur,
1389 5507 1695 5575 processisti
1727 5523 1788 5560 ex
1827 5520 1932 5564 me.

357 5579 465 5636 Nec
485 5580 689 5638 scilicet
718 5582 836 5653 fuit,
869 5581 1220 5648 dilectissimi,
1252 5580 1353 5633 alia
1386 5594 1546 5632 causa
1583 5586 1669 5633 :ur
1708 5580 1788 5632 vel
1822 5594 1935 5649 Ipsa

358 5734 485 5789 grue
518 5717 782 5787 baptismo
804 5717 993 5787 aptari,
1030 5729 1085 5773 ut
1114 5718 1212 5787 ipsi
1243 5717 1545 5782 videbatur,
1582 5714 1634 5770 id
1677 5716 1939 5789 omitten-

359 5786 482 5843 dum
510 5786 691 5845 censui
719 5805 733 5856 ;
767 5786 887 5845 nam
910 5798 1095 5845 auctor
1114 5786 1232 5859 ejus
1257 5789 1519 5845 sermonis
1545 5801 1651 5842 non
1677 5801 1741 5859 ea
1764 5786 1938 5858 bapti-

359 5870 474 5917 smo
491 5869 658 5932 aptat,
683 5862 782 5920 sed
807 5876 876 5917 ex
900 5861 978 5919 eis
1001 5855 1202 5932 colligit
1222 5861 1544 5933 baptismum
1568 5855 1801 5916 conferri
1823 5855 1938 5927 par-

2047 1882 2463 1957 Pg'atrisvoxgest
2489 1899 2582 1953 per
2606 1882 2919 1952 prophetam
2938 1886 3013 1957 de
3038 1882 3232 1954 Spiritu
3263 1882 3486 1941 sancto:
3514 1882 3638 1957 Spi-

2044 1955 2194 2019 ritus,
2227 1954 2416 2021 inquit,
2466 1971 2496 2007 a
2539 1971 2617 2007 me
2666 1957 2878 2023 prodiit.
2932 1956 3052 2009 Filii
3092 1962 3271 2010 autem
3319 1972 3422 2011 vox
3469 1954 3636 2013 estin

2045 2025 2359 2095 Evangelia,
2393 2027 2687 2096 ostendens
2732 2027 2945 2082 Patrem
3002 2028 3055 2079 in
3095 2042 3153 2080 se
3199 2041 3341 2091 esse,
3375 2042 3539 2096 seque
3585 2030 3637 2083 tu

2047 2094 2311 2168 ipstt,’ubi
2355 2096 2447 2163 ait,
2485 2094 2646 2168 Pater
2698 2096 2751 2149 in
2781 2113 2861 2151 me
2918 2114 3123 2152 manens
3154 2098 3278 2168 facit
3326 2099 3432 2167 ipse
3455 2094 3637 2168 opera.

2047 2166 2302 2237 Ejusdem
2357 2170 2519 2221 etiam
2573 2166 2694 2221 Filii
2748 2184 2850 2222 vox
2909 2178 2991 2222 est
3046 2168 3112 2223 de
3154 2166 3364 2235 Spiritu
3423 2166 3633 2237 sancto,

2046 2239 2338 2292 ostendens
2360 2240 2484 2305 quia
2514 2238 2782 2311 quomodo
2814 2238 3056 2311 procedit
3086 2255 3151 2311 ex
3182 2240 3361 2305 Patre,
3399 2241 3469 2295 ita
3500 2257 3635 2311 quo-

2045 2325 2151 2382 que
2184 2326 2255 2382 ex
2285 2324 2344 2363 se
2375 2312 2510 2378 ipso,
2545 2310 2633 2363 ubi
2660 2310 2747 2382 _ait
2775 2310 2841 2363 ad
2869 2310 3160 2380 discipulos
3211 2324 3337 2363 suos
3366 2327 3378 2363 :
3407 2312 3637 2382 Accipite

2048 2379 2304 2448 Spiritum
2343 2392 2599 2434 sanctum.
2648 2380 2707 2435 Si
2738 2382 2821 2433 cui
2857 2379 3152 2435 remiseritis
3194 2389 3425 2449 peccata,
3458 2379 3636 2436 remit-

2047 2458 2216 2504 tentur
2244 2451 2343 2504 illi.
2380 2450 2530 2506 Unde
2569 2461 2623 2521 ct
2670 2452 2892 2521 apostoli
2942 2452 3087 2505 Pauli
3118 2471 3131 2504 :
3161 2452 3221 2506 Si
3251 2453 3363 2520 quis
3393 2454 3635 2519 spiritum

2047 2521 2237 2594 Christi
2274 2538 2373 2576 non
2406 2522 2573 2587 habet,
2606 2520 2833 2576 hic’non
2867 2534 2940 2577 est
2966 2525 3103 2594 ejus.
3130 2525 3187 2578 Si
3220 2534 3349 2591 ergo
3381 2522 3547 2578 Filius
3582 2526 3632 2579 in

2048 2592 2229 2666 Patre,
2260 2601 2312 2648 et
2342 2610 2406 2648 ex
2451 2594 2629 2666 Patre,
2664 2603 2717 2648 et
2764 2592 3001 2666 Spiritus
3034 2596 3437 2666 sanctusdsimul
3469 2598 3551 2650 eSt
3582 2605 3636 2650 et

2047 2663 2100 2717 in
2135 2662 2292 2727 Filio,
2327 2672 2379 2718 et
2430 2665 2480 2717 in
2514 2662 2691 2730 Patre,
2745 2662 2848 2719 non
2894 2676 2971 2719 est
3018 2667 3189 2719 divisa
3238 2664 3493 2731 Trinitas,
3543 2668 3630 2721 ubi

2048 2734 2284 2802 perfecta
2328 2736 2502 2789 unitas
2530 2742 2631 2789 est.
2686 2736 2933 2790 Discedat
2976 2748 3104 2806 ergo
3150 2738 3380 2791 Ariauus
3412 2739 3628 2805 pestiter

2048 2806 2438 2878 labyrintheus,
2479 2807 2620 2875 quod
2670 2807 2867 2872 draco;
2911 2806 3045 2877 jam,
3095 2809 3331 2876 inquam,
3374 2810 3626 2863 coitfusus

2047 2878 2311 2942 discedat,
2339 2887 2392 2932 et
2424 2890 2565 2944 reus,
2588 2878 2709 2948 quia
2740 2878 2973 2932 Trinitas
3008 2886 3142 2933 unus
3178 2887 3259 2932 est
3288 2878 3451 2933 Deus.

2119 2949 2173 3004 5.
2217 2949 2323 3005 Sed
2384 2950 2652 3019 quomodo
2710 2950 2799 3003 tibi
2856 2963 3108 3021 perversa
3168 2950 3412 3015 haeresis,
3472 2954 3630 3005 verba

2047 3034 2165 3074 mea
2197 3022 2500 3089 prolicnent,
2529 3035 2649 3074 cum
2670 3022 2742 3074 sis
2782 3024 2925 3088 aspis
2947 3021 3132 3086 surda,
3160 3023 3418 3075 obturans
3444 3036 3623 3087 aures,

2047 3100 2116 3145 ne
2142 3093 2332 3145 audias
2374 3095 2757 3145 incautautiunt
2810 3090 3257 3147 voces?Noveris
3289 3102 3341 3146 te
3378 3100 3556 3146 tamen
3599 3108 3627 3147 a

2048 3163 2195 3231 virga
2225 3166 2490 3231 serpentis
2538 3164 2821 3229 edendam,
2862 3162 2987 3217 dum
3019 3179 3147 3218 oves
3175 3178 3307 3230 quas
3341 3172 3489 3218 tenes
3540 3176 3628 3218 ca-

2050 3232 2222 3303 ptivas
2263 3232 2328 3287 ad
2376 3242 2528 3287 stium
2566 3234 2655 3288 ille
2706 3242 2885 3302 poster
2933 3235 3069 3289 ovile
3124 3235 3417 3301 reduxerit,
3454 3245 3509 3288 ut
3562 3235 3632 3290 sit

2049 3311 2184 3358 unus
2213 3320 2342 3373 grex
2366 3313 2419 3359 et
2449 3318 2583 3359 unus
2632 3314 2832 3373 pastor.
2867 3306 2969 3360 Iste
3016 3306 3177 3375 igitur
3208 3315 3388 3373 pastor
3419 3316 3624 3372 uoster,

2046 3375 2400 3439 dilectissimi,
2434 3377 2523 3444 qui
2551 3377 2602 3430 in
2637 3379 2781 3445 virga
2814 3377 3000 3444 pascit,
3032 3388 3088 3432 et
3120 3380 3273 3444 regit,
3308 3380 3422 3446 ipse
3451 3388 3633 3445 pastor

2043 3457 2147 3510 est,
2181 3448 2293 3516 ipse
2329 3455 2507 3502 rector
2531 3460 2714 3501 noster
2756 3457 2858 3512 est,
2891 3448 3007 3517 ipse
3039 3450 3343 3513 labricator,
3382 3448 3498 3516 ipse
3546 3464 3631 3501 ar-

2044 3517 2307 3573 chitectus
2360 3527 2562 3572 noster.
2615 3519 2856 3585 Magnum
2914 3531 2964 3572 te
2996 3528 3261 3585 pastorem
3310 3520 3487 3585 video,
3533 3520 3631 3573 do-

2045 3588 2188 3641 mine
2229 3589 2378 3655 Jesu,
2408 3605 2535 3643 oves
2567 3598 2895 3656 pascentem,
2930 3598 3197 3643 errantem
3249 3589 3627 3656 inquirentem,

2043 3658 2206 3730 313
2231 3660 2607 3729 inventumque
2651 3676 2770 3713 cum
2802 3658 2997 3729 gaudio
3039 3660 3105 3712 ad
3150 3670 3363 3730 gregem
3394 3663 3497 3713 tuis
3532 3660 3629 3713 hu-

2045 3736 2210 3784 meris
2240 3742 2628 3799 repurtantem.
2656 3730 2901 3800 Magnum
2933 3732 3130 3799 quippe
3178 3740 3229 3784 te
3260 3731 3412 3785 video
3452 3732 3628 3785 archi-

2046 3809 2267 3868 tectum,
2295 3804 2495 3870 virgam
2527 3802 2809 3865 ferentem,
2834 3804 2982 3855 etde
3024 3806 3124 3870 ista
3156 3802 3298 3870 virga
3331 3802 3493 3855 multa
3526 3802 3629 3855 mi-

2042 3874 2224 3926 racula
2254 3866 2559 3927 iacientem.
2595 3872 2816 3927 Multum
2844 3873 3045 3940 itaque,
3083 3866 3296 3937 fratres,
3327 3874 3626 3939 espnsitio-

2040 3957 2162 3997 nem
2194 3958 2494 4013 expavesco
2523 3945 2716 4013 virgae;
2750 3945 2846 3998 sed
2888 3944 3015 3998 dum
3045 3943 3345 3997 divinarum
3376 3946 3626 4011 Scriptu-

2040 4028 2222 4085 rarum
2251 4016 2535 4070 considero
2562 4012 2698 4083 loca,
2728 4017 2874 4084 virga
2902 4025 3085 4070 sancta
3119 4012 3306 4079 Maria,
3335 4015 3481 4085 virga
3508 4018 3624 4083 ipse

2038 4084 2300 4149 Christus,
2335 4090 2483 4156 virga
2514 4102 2666 4141 crux.
2701 4089 2763 4141 Et
2794 4087 2848 4140 in
2876 4087 2976 4140 ista
3004 4104 3036 4140 ο
3058 4103 3216 4155 quam
3253 4084 3441 4156 magna
3470 4089 3627 4141 mira-

2037 4170 2141 4225 que
2173 4159 2295 4212 iecit
2316 4160 2327 4212 !
2352 4158 2559 4223 Scalas,
2589 4173 2681 4227 per
2702 4173 2837 4227 quas
2870 4157 3143 4212 hominem
3176 4158 3383 4226 lapsum
3430 4159 3623 4213 levavit

2037 4228 2106 4281 ad
2166 4230 2421 4293 Patrem,
2476 4244 2571 4294 per
2626 4229 2722 4283 has
2768 4230 3001 4296 denique
3045 4230 3216 4282 scalas
3266 4232 3627 4284 ascenderunt

2034 4301 2208 4352 sancti
2244 4301 2504 4363 homines,
2539 4300 2877 4353 continentes
2915 4299 3187 4368 conjuncti
3217 4308 3375 4370 atque
3408 4302 3620 4366 ﬁdeles,

2036 4383 2143 4422 non
2171 4370 2383 4438 quidem
2412 4370 2662 4440 gradibus
2698 4372 2914 4438 pedum,
2960 4374 3053 4426 sed
3081 4372 3356 4441 gressibus
3389 4388 3620 4427 morum.

2108 4443 2159 4492 ιι.
2196 4441 2327 4494 Βοιιί
2356 4452 2483 4511 ergo
2515 4455 2692 4496 mores
2712 4442 2754 4495 si
2787 4443 3145 4511 requirantur,
3181 4441 3233 4497 in
3263 4444 3512 4497 omnibus
3544 4446 3598 4497 in

2035 4514 2340 4567 veniuntur.
2379 4514 2610 4582 Uterque
2639 4516 2780 4567 enim
2813 4528 2975 4569 sexus
3005 4527 3056 4567 et
3087 4516 3262 4568 omnis
3299 4525 3429 4568 tetas
3457 4516 3506 4566 in
3540 4514 3623 4569 his

2036 4593 2340 4640 sanctorum
2364 4584 2603 4639 moribus
2626 4586 2934 4641 unitatioui's
2962 4588 3122 4640 habet
3147 4586 3471 4651 exemplum.
3499 4584 3621 4638 lmi—

2037 4666 2217 4711 tentur
2247 4658 2423 4725 itaque
2449 4670 2608 4711 senes
2650 4672 2827 4712 mores
2855 4659 3035 4711 Tobiae
3061 4698 3075 4721 ,
3109 4657 3198 4725 qui
3232 4671 3353 4709 cum
3395 4670 3621 4722 corpore

2034 4741 2211 4782 ctecus
2240 4738 2404 4793 esset,
2440 4728 2577 4782 viam
2612 4730 2733 4783 vita:
2762 4730 2872 4782 lilio
2911 4726 3311 4781 demonstrabat
3339 4728 3389 4779 in
3420 4725 3617 4792 corde;

2036 4800 2128 4854 ille
2156 4812 2279 4853 eum
2326 4799 2377 4853 in
2424 4809 2565 4854 terra
2605 4815 2764 4854 manu
2804 4800 3070 4862 ducebat,
3112 4798 3215 4851 iste
3258 4797 3474 4851 monitis
3500 4812 3620 4852 eum

2035 4872 2235 4925 sanctis
2280 4872 2520 4941 erigebat
2566 4871 2633 4924 ad
2678 4872 2894 4925 omium.
2948 4870 3229 4941 Imitentur
3254 4870 3621 4925 adolescentes

2035 4942 2231 5010 Joseph
2263 4940 2526 5005 sanetum,
2562 4944 2838 5007 pulchrum
2870 4954 3116 5007 corpore,
3141 4940 3234 4994 sed
3260 4942 3619 5011 pulchriorem

2035 5025 2235 5082 mente,
2278 5029 2435 5083 quem
2466 5022 2685 5066 castitas
2730 5012 2807 5064 sic
2847 5012 3194 5080 possederat,
3240 5024 3296 5067 ut
3338 5013 3623 5081 impudica:

2033 5086 2269 5140 domina:
2290 5087 2447 5139 minis
2471 5084 2587 5151 ejus
2618 5100 2723 5136 non
2759 5096 2937 5147 posset
2978 5083 3164 5137 violari
3206 5098 3401 5153 corpus
3429 5128 3443 5147 ,
3476 5084 3631 5152 cuius

2038 5158 2149 5226 jam
2182 5158 2439 5210 Dominus
2467 5154 2777 5223 possederat
2806 5164 3059 5209 mentem.
3086 5154 3367 5210 Imitentur
3396 5155 3630 5223 virgines

2036 5225 2235 5282 Sancta!
2264 5229 2471 5280 beatam
2516 5225 2723 5279 Domini
2751 5226 2831 5279 sui
2860 5236 3083 5281 matrem
3127 5228 3366 5282 Mariam.
3403 5228 3627 5282 Imiten-

2039 5307 2124 5353 tur
2175 5298 2349 5351 viduze
2390 5297 2690 5365 religiosam
2735 5299 2942 5352 viduam
2995 5302 3229 5353 Annam.
3264 5299 3543 5353 Imitentur
3576 5309 3625 5353 et

2037 5370 2332 5438 eonjugatte
2354 5379 2555 5423 castam
2586 5372 2911 5437 Susaunam,
2954 5372 3076 5440 quia
3106 5371 3256 5441 virgi
3286 5370 3482 5425 Christi
3512 5386 3621 5424 ma-

2040 5451 2121 5497 ter
2155 5442 2314 5494 Maria
2339 5440 2480 5510 quod
2509 5442 2658 5497 novit
2687 5444 2947 5511 implevit;
2976 5445 3125 5497 Anna
3158 5440 3311 5495 vidua
3350 5448 3399 5495 tn
3422 5445 3624 5497 oratio-

2040 5514 2195 5567 nibus
2223 5521 2275 5567 et
2313 5512 2530 5581 jejuniis
2576 5529 2741 5584 usque
2785 5515 2834 5567 in
2877 5514 3034 5567 [hiem
3084 5526 3516 5581 perseverantem
3549 5523 3627 5569 te-

2039 5587 2185 5648 nuit;
2220 5588 2462 5639 Susanna
2492 5594 2638 5639 Casta
2660 5600 2757 5655 pro
2782 5586 3033 5655 pudicitia
3059 5585 3327 5655 coniugali
3362 5600 3527 5656 usque
3558 5585 3626 5640 ad

2037 5722 2175 5777 vnlis
2214 5737 2319 5777 non
2346 5722 2517 5777 solum
2549 5734 2767 5793 propter
2790 5725 3036 5793 gloriam,
3064 5725 3160 5783 sed
3185 5726 3345 5782 etiam
3379 5732 3437 5780 ut
3457 5725 3619 5782 vitam

2037 5795 2371 5864 spiritualotn
2414 5794 2466 5849 in
2505 5809 2566 5851 se
2595 5796 2843 5853 habeant.
