4086 6350
510 292 649 356 ΗΞΞ

1271 295 1363 354 AD
1404 295 1462 353 S.
1504 292 1748 352 ISIDORI
1791 284 2232 349 HISPALENSIS
2271 283 2505 344 OPERA
2543 280 2995 345 APPENDICES.

3649 286 3799 349 1224

510 418 807 487 periculum
840 411 1029 496 mortis
1064 414 1310 496 accessit.
1352 414 1499 496 Νηρο
1538 413 1731 496 igitur,
1781 421 2101 495 coniugata},
2131 411 2179 470 Δ
2208 404 2463 496 {illi-“Mum
2496 406 2624 488 Ιιοΐθ
2651 405 2775 496 νίζειῖ
2805 412 2905 459 ωε
2935 402 3167 473 8imiimi
3190 414 3298 457 ηοη
3328 400 3519 471 Iubes,
3554 418 3656 460 "CC
3688 423 3800 478 βυ·

512 484 773 547 inteudiie
802 490 974 554 qualis
1004 486 1161 553 hujus
1187 488 1333 540 vocis
1375 504 1401 538 a
1436 484 1709 552 Scriptura
1751 497 1934 541 sancta
1978 484 2099 537 imi-

512 566 644 617 tatio
672 568 1016 630 proponatur;
1052 573 1159 611 non
1190 559 1332 612 enim
1365 560 1615 623 prmdicat
1642 558 1781 628 quod
1818 557 1977 610 fuerit
2006 572 2102 609 au-

512 650 597 698 ro,
622 629 926 693 incudibus,
960 630 1043 683 vel
1069 640 1215 683 Veste
1240 630 1495 697 pretiosa,
1530 629 1829 683 ieritisecns
1863 638 2096 693 compta,

512 720 632 758 cum
658 704 813 755 fuerit
842 703 1194 766 intusutiqne
1224 702 1485 755 castitatis
1515 710 1699 753 ornata
1729 702 1952 767 pudore.
1980 702 2101 752 Utit-

511 775 666 829 nibus
694 789 823 827 vero
850 774 1092 825 t.hristus
1133 772 1293 825 vitam
1326 771 1566 839 donavit,
1596 772 1787 839 quibus
1821 772 1990 823 bonos
2021 772 2100 823 iti-

515 845 685 899 stituit
728 860 925 899 mores.
976 846 1039 898 Et
1069 854 1349 910 propterea
1400 845 1512 910 ipse
1556 858 1635 894 Var
1677 844 1743 897 de
1784 843 1977 895 l'emina
2019 850 2101 895 est

513 919 659 970 nasci
712 918 980 985 dignatus,
1036 916 1156 985 quia
1200 918 1265 966 ab
1296 915 1411 980 ipso
1452 923 1673 981 uterque
1717 922 1830 967 erat
1872 928 2030 965 sexus
2062 927 2097 985 Aa

513 1000 687 1041 morte
721 982 1236 1041 liberaiidus.Multa
1268 986 1521 1049 diximus,
1559 985 1765 1037 fratres.
1804 982 2100 1036 Intentissi-

512 1075 601 1113 me
628 1060 869 1121 audistis,
904 1060 1087 1126 epulas
1127 1057 1420 1110 dominicas
1451 1056 1797 1110 libentissime
1830 1054 2101 1108 cuiusdis-

516 1132 603 1184 tis.
628 1131 1053 1199 lit-penditeergo
1075 1128 1241 1181 vicem
1266 1128 1610 1181 ministratori
1629 1143 1826 1199 vestro,
1852 1128 1969 1199 utsi
1995 1142 2098 1179 non

514 1198 916 1270 verbo,’vestris
938 1202 1127 1256 saltem
1160 1199 1489 1253 orationibus
1518 1206 1715 1265 pascat.
1748 1198 2001 1251 Exulicit.

960 1314 1145 1369 SBRIIO
1186 1311 1272 1367 111.
1302 1342 1372 1352 --
1396 1310 1654 1365 Honiilia.

589 1430 635 1482 1.
673 1429 922 1495 Fratres,
954 1438 1204 1498 oportet,
1252 1442 1349 1482 nos
1386 1428 1516 1481 satis
1546 1428 1735 1481 timere
1774 1442 1885 1481 ires
1912 1441 2101 1484 causas

510 1515 608 1570 per
634 1516 764 1569 quas
798 1511 937 1555 toms
962 1501 1188 1554 mundus
1212 1500 1383 1568 periit,
1414 1500 1556 1567 gula,
1588 1498 1874 1566 cupiditas,
1912 1515 2103 1569 super-

516 1575 624 1627 bia.
655 1572 789 1639 Quia
824 1572 1064 1625 diabolus
1112 1587 1205 1637 per
1252 1570 1382 1623 istas
1435 1584 1541 1622 ires
1571 1584 1762 1622 Causas
1796 1574 1963 1623 Adam
1997 1574 2103 1638 pri-

514 1660 657 1697 iiitiiii
708 1644 975 1695 hominem
1008 1642 1392 1707 circumvenit,
1433 1640 1618 1694 dicens
1652 1658 1664 1692 :
1707 1639 1775 1695 13
1805 1658 2103 1712 quacunque

512 1717 595 1767 die
624 1713 901 1767 comederis
933 1714 994 1768 de
1026 1714 1119 1765 lioc
1142 1714 1302 1783 ligno.
1336 1714 1504 1783 statim
1531 1712 1821 1779 aperientur
1846 1713 1981 1765 oculi
2003 1718 2095 1768 tui.

510 1785 618 1839 Nos
642 1800 817 1838 :tttteltl
844 1800 1057 1852 semper
1090 1782 1370 1836 timeamus
1413 1782 1505 1835 has
1532 1794 1638 1838 tres
1663 1797 1876 1851 causas,
1905 1798 1991 1844 ne,
2026 1786 2098 1838 si-
2131 1783 2176 1842 Β

510 1866 603 1911 Clit
632 1857 830 1919 Adam,
887 1856 940 1907 in
990 1854 1197 1907 inferno
1237 1855 1571 1908 damnentur.
1627 1854 1861 1921 Fratres,
1905 1865 2091 1911 contra

507 1930 687 1992 gulam
739 1938 1013 1982 teneamus
1056 1924 1469 1992 abstinentiam,
1524 1936 1708 1977 contra
1749 1926 2092 1992 cupiditatem

510 1999 835 2063 largitatem,
870 2005 1051 2050 contra
1080 1997 1381 2062 superbiam
1425 1997 1796 2049 humilitatem.
1830 1998 1958 2049 Nam
1992 1997 2093 2053 hoc

511 2071 736 2131 scimus,
769 2068 910 2136 quod
935 2067 1219 2120 Christiani
1249 2067 1499 2127 dicimur,
1531 2069 1669 2134 quod
1700 2069 1946 2136 angelum
1989 2087 2087 2122 ru-

514 2140 727 2194 eludent
763 2141 1039 2202 habemus,
1060 2138 1181 2204 quia
1207 2137 1317 2205 ipse
1343 2136 1585 2191 Salvator
1608 2138 1774 2191 distt:
1799 2144 1953 2192 Anien
1979 2141 2092 2192 dico

510 2211 647 2263 vobis
676 2212 795 2278 quia
834 2211 1003 2279 angeli
1038 2224 1212 2262 eorum
1250 2224 1449 2277 semper
1480 2211 1648 2263 vident
1690 2210 1875 2278 {aciem
1912 2208 2093 2265 Patris

509 2283 626 2347 mei,
657 2282 818 2351 quiin
848 2283 983 2333 caelis
1008 2291 1103 2334 est.

583 2375 637 2428 2.
666 2375 797 2441 Quia
822 2375 1028 2441 pro’cer
1051 2389 1084 2428 ο
1117 2374 1267 2428 nobis
1292 2375 1615 2429 credendum
1647 2386 1729 2431 est
1755 2376 1874 2445 quia
1910 2378 2088 2432 omnia

506 2461 666 2513 opera
687 2454 862 2499 nostra
894 2454 997 2498 tam
1024 2447 1074 2499 in
1094 2446 1180 2499 die
1194 2462 1349 2514 quam
1370 2447 1422 2499 iii
1447 2458 1622 2512 nocte,
1641 2463 1784 2501 omni
1811 2451 1960 2504 liora.
1979 2450 2091 2505 sive

505 2518 666 2575 bona,
696 2519 807 2590 sive
837 2519 993 2579 mala,
1021 2530 1351 2586 quascunque
1382 2520 1622 2590 facimus.
1658 2521 1724 2574 ab
1753 2520 1872 2589 ipso
1899 2524 2089 2590 angelo

504 2588 875 2643 renuntiantur
901 2591 950 2640 iii
966 2598 1251 2656 conspectu
1283 2589 1394 2643 Dei.
1425 2589 1555 2643 Nam
1580 2606 1699 2644 cum
1728 2588 1949 2649 angelus
1976 2588 2090 2645 lior-

506 2668 649 2712 tatur
677 2659 829 2713 nobis
859 2660 1137 2713 consilium
1171 2660 1236 2730 ad
1264 2662 1395 2713 bona
1428 2676 1587 2730 opera
1618 2662 1875 2722 facienda,
1912 2663 2088 2730 ipsum

503 2731 750 2801 angelum
794 2745 1006 2802 semper
1048 2728 1213 2801 315,
1256 2728 1764 2787 liabere'crcdimus
1791 2750 1816 2785 a
1842 2728 2084 2802 dextris;

503 2816 624 2854 cum
656 2812 832 2855 autem
867 2801 1164 2873 cogitainus
1197 2806 1389 2855 malum
1417 2819 1596 2873 agere,
1633 2815 1722 2857 aut
1747 2805 1921 2873 aliqua
1956 2822 2081 2873 pec-

505 2886 623 2926 cata
653 2887 910 2945 conamur
934 2871 1270 2926 committere
1301 2883 1407 2927 tam
1447 2871 1695 2943 capitalia
1722 2871 1877 2945 quani
1915 2871 2089 2932 minu-

502 2952 576 3006 ta,
607 2953 731 2997 tunc
775 2942 1032 2997 habemus
1087 2945 1411 3016 hortatorem
1461 2942 1753 3016 maligiimii
1789 2946 2083 3015 diabolum,

502 3024 560 3067 ut
589 3029 709 3068 cum
753 3029 974 3086 peccare
1013 3014 1310 3081 cogitamus
1334 3056 1349 3080 ,
1400 3027 1451 3070 et
1483 3014 1763 3085 peccamus
1786 3063 1799 3086 ,
1842 3019 2085 3076 diabolus

505 3088 737 3154 gaudet,
772 3085 861 3139 ille
891 3098 1105 3139 sanctus
1143 3091 1365 3155 angelus
1398 3090 1659 3143 tristatur.
1690 3089 1824 3143 Cum
1856 3091 2083 3147 dicimus

501 3151 672 3211 otiosa
703 3159 895 3224 verba,
937 3166 990 3211 et
1021 3173 1180 3226 prava
1206 3151 1535 3221 ,:C0l|8liitltl|
1568 3170 1652 3214 est
1687 3160 1919 3224 diaboli;
1960 3178 2082 3217 cum
2109 3151 2157 3211 Ο

502 3239 678 3301 autem
715 3230 1152 3301 ingemisciinus,
1195 3239 1249 3282 et
1291 3229 1623 3297 suSpiramus
1647 3272 1663 3294 ,
1706 3242 1760 3285 et
1788 3236 2086 3301 cogitamus

503 3298 683 3367 aliqua
715 3299 852 3350 bona
874 3314 1037 3366 opera
1068 3296 1244 3353 facere
1272 3341 1287 3364 ,
1332 3296 1456 3353 tunc
1490 3302 1746 3355 habemus
1782 3296 2089 3359 consiliato-

502 3384 617 3423 rem
640 3370 790 3422 illum
819 3379 1058 3423 sanctum
1088 3372 1334 3438 angelum
1361 3371 1475 3424 Dei.

575 3459 630 3517 5.
665 3461 795 3535 Nam
836 3461 925 3515 illa
968 3462 1064 3515 tria
1108 3462 1244 3535 mala
1286 3478 1472 3533 opera,
1516 3480 1635 3533 qua:
1672 3468 1919 3535 superius
1948 3469 2087 3526 dixr-

502 3546 625 3604 mtis
647 3572 663 3595 ,
709 3533 949 3604 diabolus
975 3533 1403 3590 subministravit
1443 3551 1538 3604 per
1571 3533 1768 3591 malum
1799 3541 2085 3597 consilium

502 3604 559 3659 in
600 3602 790 3671 Adam,
845 3603 1078 3677 hoc‘est,
1127 3610 1265 3672 gula,
1305 3602 1599 3676 cupiditas,
1653 3611 1923 3677 superbia.
1969 3612 2085 3668 Ista:

502 3684 615 3754 tres
638 3690 817 3754 causa:
848 3674 1169 3754 iiiultamala
1195 3674 1478 3754 generant,
1510 3679 1561 3732 id
1585 3674 2081 3754 est,_sacrilegium,

504 3746 874 3819 homicidium,
906 3746 1260 3813 adulterium,
1291 3747 1490 3804 furtum
1515 3793 1529 3816 ,
1565 3751 1840 3805 avaritiam
1869 3793 1885 3819 ,
1919 3746 2087 3808 iuqu

501 3818 662 3895 riam,
694 3817 886 3895 falsum
921 3820 1304 3895 tesuniouium,
1338 3822 1492 3884 iram,
1520 3817 1877 3895 discordiam,
1903 3825 2087 3895 perju-

501 3890 662 3961 rium.
694 3890 793 3942 Ista
834 3890 1010 3961 omnia
1029 3906 1141 3961 _per
1166 3892 1280 3945 illas
1313 3902 1424 3947 tres
1455 3890 1929 3961 praevaricationes
1957 3890 2082 3952 stib-

502 3960 943 4014 ininistraverunt
984 3958 1177 4035 [Forte
1218 3958 1725 4035 subministrantur]
1755 3977 1880 4019 ante
1912 3967 2085 4022 homi—

503 4045 626 4084 nem
673 4046 765 4097 per
794 4041 963 4084 artem
988 4032 1332 4087 diabolicam.
1369 4035 1491 4089 Istis
1517 4032 1766 4100 periculis
1803 4038 1996 4092 anima:
2030 4042 2081 4095 in

503 4101 768 4178 internum
798 4102 1114 4170 religantur.
1138 4104 1279 4178 largo
1307 4119 1583 4178 sumamus
1610 4121 1708 4158 nos
1730 4121 1877 4159 arma
1905 4111 2081 4178 angeli

504 4170 620 4248 Dei,
651 4171 748 4248 hoc
770 4182 871 4248 est,
897 4186 1111 4226 crucem
1142 4170 1358 4228 Christi.
1388 4177 1656 4229 Ponainus
1682 4186 1867 4231 contra
1893 4170 2082 4248 super-

502 4239 642 4294 biam
676 4242 1048 4317 humilitatem,
1075 4254 1257 4300 contra
1288 4249 1467 4317 gulam
1499 4248 1911 4315 abstinentiam,
1946 4239 2080 4305 cou-

505 4321 581 4364 tra
616 4313 956 4392 cupiditatem
998 4313 1459 4387 eleemosyiiarum
1499 4313 2082 4392 largitioneni,_contra

503 4384 838 4452 sacrilegium
873 4400 1052 4438 veram
1084 4384 1471 4455 pmuitentiam,
1514 4384 1700 4444 contra
1735 4384 2081 4449 homicidium

504 4455 839 4526 dilectionem
883 4455 977 4509 Dei
1024 4468 1077 4510 et
1124 4463 1389 4526 pioxiini,
1437 4471 1624 4515 contra
1672 4462 2076 4520 fornicatiooem

2214 485 2457 531 testatem
2488 480 2643 531 unius
2672 477 2801 529 diei.

2272 548 2325 602 5.
2357 547 2599 611 Fratres,
2637 564 2740 601 non
2768 545 2998 615 decipiat
3026 561 3123 600 vos
3159 544 3259 601 ista
3300 561 3461 617 prava
3486 550 3755 605 securitas
3777 593 3793 618 ,

2202 620 2295 673 sed
2327 634 2537 687 semper
2561 621 2699 673 diem
2732 621 2922 672 mortis
2954 632 3078 672 ante
3116 622 3301 672 oculos
3342 621 3635 674 habeamus
3664 638 3795 677 cum

2203 690 2414 755 timore,
2448 702 2503 745 et
2531 706 2656 745 vera
2687 699 3017 757 paenitentia.
3049 689 3163 752 Dic,
3208 692 3296 743 ubi
3330 703 3451 744 sunt
3487 706 3662 761 reges,
3699 697 3794 747 ubi

2202 762 2396 814 divites
2418 799 2433 825 ,
2481 762 2566 815 tibi
2598 762 2800 815 divitia:
2844 777 3030 814 eorum
3052 801 3067 824 ,
3108 769 3164 813 et
3213 771 3527 815 ornamenta
3560 768 3799 818 eorum?

2203 832 2326 898 Ipsi,
2360 833 2503 885 velut
2534 834 2745 895 umbra,
2776 834 3128 895 transierunt,
3171 841 3229 885 ut
3258 833 3526 887 somnium
3552 850 3796 890 eVanue-

2203 914 2359 968 runt;
2391 920 2601 967 aurum,
2635 914 2689 957 et
2718 911 3020 973 argentum,
3051 914 3105 957 et
3135 905 3312 955 omnia
3346 918 3664 959 ornamenta
3696 923 3796 960 eo-

2200 990 2317 1027 rum
2359 980 2409 1027 in
2453 976 2555 1029 hoc
2596 974 2793 1027 mundo
2828 983 3199 1029 remanserunt
3227 1012 3244 1038 ,
3288 985 3341 1028 et
3380 974 3479 1041 ipsi
3524 977 3642 1030 sine
3685 980 3795 1033 line

2202 1056 2507 1098 crueiantur
2532 1047 2582 1099 in
2610 1046 2833 1107 inferno,
2862 1048 2947 1099 ubi
2974 1060 3185 1098 vermes
3207 1060 3390 1098 eorum
3421 1062 3526 1099 non
3553 1064 3797 1102 moriun-

2204 1127 2307 1180 tur,
2336 1127 2399 1182 et
2432 1117 2565 1186 ignis
2594 1132 2782 1172 eorum
2811 1134 2913 1171 non
2947 1116 3320 1182 exstinguitur.
3351 1117 3404 1168 In
3437 1132 3545 1185 quo
3579 1119 3796 1175 interno

2204 1202 2309 1240 non
2344 1196 2427 1242 est
2467 1190 2569 1241 ulla
2603 1204 2731 1254 vox,
2769 1188 2871 1241 nisi
2904 1186 3158 1256 gemitus;
3206 1188 3276 1241 ibi
3311 1204 3415 1241 non
3456 1201 3539 1242 est
3567 1191 3672 1244 ulla
3703 1208 3795 1245 rc-

2202 1258 2373 1325 quies,
2406 1260 2504 1312 nisi
2533 1261 2764 1322 flamma,
2802 1262 2885 1312 ubi
2920 1260 3067 1312 multi
3098 1271 3343 1327 quaerunt
3370 1260 3527 1313 linem
3562 1266 3751 1316 mortis
3776 1304 3795 1328 ,

2202 1339 2254 1382 et
2284 1329 2418 1383 mori
2461 1346 2565 1384 non
2602 1340 2842 1394 possunt.
2888 1332 3157 1399 Scriptum
3199 1342 3279 1384 est
3321 1330 3467 1385 enim
3504 1330 3796 1389 :Potenta

2204 1411 2433 1467 potenter
2459 1412 2708 1455 tormenta
2740 1406 3025 1471 patiuntur.

2273 1472 2325 1523 6.
2352 1474 2396 1525 υ
2428 1471 2640 1538 fratres,
2671 1472 2969 1540 intelligiie,
3002 1471 3131 1525 dicit
3156 1470 3437 1525 Psalmista
3468 1490 3480 1524 :
3512 1472 3636 1527 Non
3663 1490 3795 1528 mor-

2205 1541 2278 1593 tui
2294 1542 2576 1595 laudabunt
2595 1557 2661 1608 te,
2685 1544 2917 1607 Domine,
2938 1560 3099 1613 neque
3114 1558 3287 1596 omnes
3301 1544 3388 1613 qui
3407 1542 3719 1598 descendunt
3737 1550 3795 1601 in

2206 1613 2488 1681 infernum.
2511 1614 2746 1681 Fratres,
2765 1615 3033 1684 quomodo
3052 1627 3274 1683 possunt
3298 1616 3575 1669 nominare
3600 1617 3791 1685 Deum,

2204 1684 2291 1751 qui
2319 1701 2534 1755 semper
2556 1699 2679 1739 sunt
2710 1688 2761 1740 iii
2794 1694 3051 1750 tenebris,
3083 1695 3135 1738 et
3168 1685 3217 1737 in
3250 1687 3366 1739 loco
3396 1692 3709 1754 tenebroso,
3736 1684 3796 1745 et

2204 1769 2418 1823 semper
2446 1761 2680 1809 clamant
2707 1775 2719 1809 :
2765 1756 2854 1810 Va:
2886 1767 2992 1809 tam
3025 1758 3344 1810 tembrosuiu
3372 1758 3562 1822 locum,
3594 1771 3696 1811 tam
3721 1772 3796 1812 te-

2205 1827 2469 1879 nebrosam
2495 1828 2713 1897 foveam,
2744 1830 2906 1900 δῖε
2932 1841 3033 1880 tam
3063 1830 3333 1880 obscuram
3364 1844 3497 1881 cavet
3516 1846 3659 1895 mini,
3689 1845 3795 1885 tam

2196 1912 2431 1949 animum
2452 1899 2641 1967 locutu,
2668 1912 2772 1951 tum
2803 1899 3139 1953 miierrimant
3166 1901 3339 1964 vitam,
3364 1908 3466 1950 tam
3496 1901 3794 1955 dolurosam

2198 1971 2509 2043 mansionem
2533 1971 2556 2021 Ρ
2583 1973 2841 2034 Utniseri,
2874 1972 2939 2023 de
2973 1982 3077 2022 tam
3113 1985 3269 2037 parva
3298 1983 3403 2043 vita
3434 1982 3540 2023 tam
3576 1974 3791 2043 longam

2195 2049 2444 2106 mortem,
2468 2041 2535 2094 de
2564 2050 2666 2094 tim
2692 2057 2848 2109 parva
2873 2044 3237 2095 consolatione
3261 2049 3364 2092 tam
3396 2042 3606 2111 longam
3631 2041 3795 2108 capti-

2194 2123 2436 2177 Vitatem,
2468 2115 2535 2166 de
2559 2122 2662 2166 tam
2690 2128 2844 2180 parva
2895 2111 3074 2166 laetitia
3105 2123 3210 2164 tam
3248 2114 3456 2181 longam
3496 2115 3790 2179 tri-titiam,

2192 2181 2259 2235 de
2290 2194 2392 2235 tam
2434 2198 2596 2251 parvo
2628 2184 2775 2237 lucro
2798 2196 2899 2235 iam
2924 2199 3084 2251 grave
3107 2184 3395 2245 damnum,
3429 2184 3496 2236 de
3528 2198 3635 2237 iam
3672 2202 3793 2251 par-

2154 2294 2167 2303 .
2193 2266 2259 2325 vo
2300 2256 2503 2308 honore
2544 2265 2647 2307 tam
2680 2257 2865 2325 longos
2892 2256 3122 2314 dolores,
3168 2254 3234 2306 de
3270 2264 3373 2306 tam
3405 2268 3565 2321 parva
3588 2256 3796 2323 jucun-

2192 2323 2358 2378 ditale
2388 2335 2492 2378 tam
2524 2341 2733 2379 amaras
2769 2323 3058 2395 lacrymas,
3094 2336 3199 2378 tam
3234 2327 3492 2378 immensa
3520 2331 3789 2394 suspiria,

2194 2403 2297 2466 tam
2320 2400 2586 2450 luctuosos
2601 2399 2848 2465 gemitus,
2872 2410 2974 2449 tam
2995 2412 3238 2466 magnam
3268 2412 3395 2449 iram
3416 2406 3469 2450 et
3492 2399 3788 2456 tristitiam.

2191 2464 2267 2519 ibi
2294 2481 2397 2521 non
2425 2464 2640 2535 ad,uvat
2665 2480 2811 2534 pater
2837 2469 2901 2521 ad
2932 2464 3125 2533 lilium‘,
3162 2481 3260 2521 nec
3291 2470 3428 2519 lilius
3459 2468 3523 2521 ad
3549 2482 3787 2537 patrem;

2193 2536 2264 2590 ibi
2297 2554 2401 2593 non
2434 2542 2697 2593 invenitur
2723 2540 2927 2593 amicus
2948 2541 3033 2606 qui
3066 2541 3291 2591 redimat
3316 2537 3570 2604 amicum,
3611 2536 3788 2609 neque

2194 2609 2358 2663 frater
2378 2612 2467 2679 qui
2498 2621 2777 2665 succurrat
2804 2612 2971 2664 fratri.
2998 2612 3071 2662 lbi
3096 2620 3305 2662 amatur
3339 2613 3673 2679 paenitentia,
3692 2612 3788 2668 sed

2194 2682 2341 2734 tarde
2369 2683 2562 2749 agitur.
2615 2683 2740 2736 Vae!
2779 2683 2965 2735 duram
3016 2686 3381 2746 mansionem,
3430 2690 3534 2734 tam
3579 2688 3788 2740 crucia-

2191 2750 2349 2806 bilem
2385 2755 2673 2816 flammam,
2710 2766 2815 2806 tam
2850 2756 3109 2806 immensa
3137 2764 3420 2805 tormenta.

2263 2823 2316 2877 7.
2357 2823 2432 2876 lbi
2474 2826 2653 2878 tltisct‘i
2684 2841 2804 2878 cum
2838 2826 3065 2880 miseris.
3109 2825 3325 2891 superbi
3352 2839 3471 2877 cum
3502 2826 3777 2895 superbis,

2191 2895 2474 2948 homicida:
2499 2913 2620 2949 cum
2646 2896 2947 2957 homicidia,
2972 2897 3198 2949 adulteri
3224 2911 3342 2947 cum
3367 2897 3647 2961 adulteris,
3680 2899 3787 2951 ini-

2191 2969 2279 3039 qui
2307 2969 2450 3020 fures
2480 2983 2597 3020 eum
2624 2970 2771 3020 falsis
2794 2968 3203 3031 mercatoribus,
3239 2968 3353 3020 falsi
3383 2970 3631 3021 monachi
3656 2985 3779 3022 cum

2188 3033 2337 3091 falsis
2354 3040 2560 3106 puellis,
2581 3039 2699 3092 falsi
2719 3039 3025 3092 sacerdotes
3040 3054 3160 3091 cum
3183 3038 3329 3090 Ialsis
3346 3038 3635 3107 episeopis,
3659 3041 3780 3094 laici

2189 3110 2435 3162 similiter
2473 3125 2593 3163 cum
2642 3110 2887 3179 pessunis
2928 3113 3096 3161 laicis.
3130 3107 3205 3161 lbi
3242 3113 3483 3175 pessima:
3517 3110 3777 3167 mulieres

2192 3194 2314 3233 cum
2347 3179 2727 3234 itilelicissiuns
2758 3182 3137 3235 meretricibus
3171 3199 3182 3233 ε
3217 3194 3404 3235 omnes
3442 3182 3781 3236 inenarrabi-

2191 3251 2328 3305 libus
2348 3254 2731 3307 cruciabuntur
2780 3254 3050 3315 ﬂaminis,
3104 3264 3156 3305 et
3198 3268 3305 3303 non
3364 3254 3637 3305 habebunt
3687 3268 3779 3307 re-

2190 3328 2392 3389 quiem,
2418 3325 2517 3376 iiisi
2549 3326 2820 3377 Domimca
2842 3322 2931 3376 die
2958 3324 3390 3390 resurrectionis,
3425 3328 3564 3377 sicut
3586 3325 3773 3379 beatus

2191 3392 2518 3463 Augustinus
2561 3396 2735 3449 dicit:
2779 3394 3054 3448 Domimca
3100 3394 3187 3448 die
3234 3396 3640 3449 resurrectionis
3670 3410 3778 3461 qua

2190 3464 2318 3517 hora
2352 3470 2607 3519 Dominus
2640 3477 2821 3521 noster
2847 3476 3079 3519 surreitit
3110 3480 3140 3517 a
3175 3468 3399 3519 mortuis
3440 3482 3617 3530 mane,
3661 3466 3768 3521 illae

2187 3537 2393 3589 animai.
2424 3538 2688 3605 juslorum
2732 3540 2949 3591 veniunt
2989 3538 3203 3591 visitare
3243 3540 3487 3604 sepulcra
3528 3553 3623 3591 sua
3648 3578 3664 3603 ,
3706 3547 3763 3592 et

2188 3606 2368 3661 dicere
2404 3624 2418 3660 :
2464 3608 2608 3663 Bene
2638 3624 2700 3662 va
2725 3624 2818 3663 eas
2846 3649 2860 3671 ,
2903 3609 3044 3661 bone
3082 3610 3228 3661 socie
3258 3610 3378 3677 quia
3425 3609 3561 3663 bene
3606 3610 3771 3676 egisti

2188 3693 2395 3732 mecum
2427 3680 2479 3733 in
2516 3686 2614 3733 hoc
2646 3682 2863 3743 saeculo,
2895 3682 3093 3732 bonum
3122 3694 3238 3742 vas,
3280 3678 3454 3734 amice
3482 3681 3773 3734 dilectissi-

2188 3764 2297 3803 me.
2323 3747 2399 3802 Tu
2440 3753 2609 3821 magis
2636 3751 2956 3806 consensisti
2999 3765 3149 3803 arma
3179 3750 3440 3819 angelica,
3473 3766 3636 3821 quam
3667 3753 3769 3804 im-

2190 3818 2564 3889 pugnationem
2598 3824 2837 3885 diaboli,
2884 3823 3007 3892 quia
3058 3822 3319 3888 scriptum
3346 3832 3428 3875 est
3457 3818 3662 3874 {Volui
3690 3825 3775 3890 je-

2185 3895 2396 3958 junare,
2428 3894 2798 3963 pmiiiientiaui
2831 3910 3027 3963 agere,
3058 3896 3438 3962 eleenmsynas
3468 3893 3629 3957 dare,
3677 3911 3774 3946 nu-

2187 3965 2285 4016 dos
2313 3974 2536 4027 vestire,
2570 3965 2809 4018 intirmos
2846 3964 3068 4018 visitare
3091 4004 3105 4027 ,
3138 3967 3202 4015 ad
3243 3966 3522 4017 ecclesiam
3552 3964 3733 4017 venire
3753 4006 3769 4029 ,

2186 4045 2398 4087 Sanctus
2439 4034 2743 4102 Scripturas
2772 4036 2956 4089 audire
2978 4076 2994 4100 ,
3023 4045 3077 4088 et
3106 4037 3377 4089 custodire
3403 4074 3417 4099 ,
3462 4034 3554 4087 Dei
3584 4050 3772 4088 servos

2186 4116 2389 4171 amare,
2430 4119 2481 4158 tu
2505 4107 2998 4171 iiiibicoiisensisti,
3032 4118 3084 4160 et
3123 4108 3431 4169 honorasti,
3468 4120 3592 4172 quia
3624 4116 3676 4158 to
3712 4120 3773 4159 es

2185 4176 2386 4246 [actura
2416 4176 2529 4243 Dei,
2564 4187 2619 4231 et
2647 4193 2746 4245 ego
2779 4179 3055 4246 inspiratio
3085 4177 3206 4230 vita:
3231 4216 3245 4241 ,
3288 4186 3342 4231 et
3370 4192 3401 4231 a
3426 4178 3532 4229 Deo
3561 4186 3767 4231 creata.

2186 4244 2264 4299 Tu
2295 4248 2568 4314 requiesce
2618 4244 2885 4303 modicum
2930 4259 3140 4316 tempus
3169 4251 3234 4317 ,in
3268 4262 3396 4315 pace
3422 4264 3683 4310 securus,
3715 4255 3772 4302 et

2184 4331 2285 4385 ego
2317 4330 2553 4372 revertar
2584 4321 2650 4372 ad
2692 4332 2739 4374 te
2769 4320 2823 4374 iu
2866 4320 3145 4373 mansione
3188 4329 3389 4372 aeterna
3416 4360 3431 4383 ,
3483 4327 3541 4373 ut
3583 4317 3766 4373 videas

2184 4391 2397 4455 qualem
2431 4391 2763 4445 mansionem
2802 4401 2853 4443 et
2882 4403 3133 4459 quantam
3180 4391 3404 4457 gloriam
3454 4390 3606 4443 nobis
3637 4403 3772 4457 prie-

2188 4460 2394 4526 pararit
2429 4465 2566 4515 Deus
2600 4467 2648 4515 in
2674 4472 2957 4521 aeternum,
2999 4462 3122 4529 quia
3162 4460 3350 4514 felices
3375 4471 3500 4514 sunt
3532 4463 3619 4528 qui
3651 4475 3766 4513 ser-

502 4525 907 4593 coutinentiam,
937 4522 1139 4602 contra
1154 4528 1349 4602 furtum
1374 4522 1666 4585 bonitatem
1697 4542 1753 4585 et
1778 4534 2078 4602 benignita-
2107 4522 2160 4583 Ι)
2188 4522 2339 4583 vium
2368 4532 2416 4586 ei
2443 4573 2458 4598 ,
2492 4543 2545 4586 et
2576 4533 2827 4587 lucebunt
2870 4547 2991 4585 cum
3015 4522 3106 4584 'eo
3150 4531 3289 4584 sicut
3317 4534 3434 4596 sol,
3483 4522 3629 4602 sicut
3657 4531 3771 4599 ipse

505 4607 633 4658 tem,
677 4609 861 4653 contra
897 4598 1171 4671 aVaritiam
1214 4600 1511 4671 largitatem
1538 4643 1553 4667 ,
1586 4612 1770 4656 contra
1812 4598 2076 4662 luxuriam

505 4671 822 4735 castitatem,
862 4674 882 4695 "
930 4670 1264 4739 patientiam,
1297 4670 1480 4725 eontra
1522 4673 1844 4727 discordiam
1886 4680 2079 4733 bonam

504 4742 840 4815 concordiam
872 4751 929 4815 et
952 4742 1287 4815 gerissimam
1319 4758 1533 4813 pacem,
1565 4754 1751 4798 contra
1788 4748 2081 4815 periurium

507 4814 748 4867 timorem
783 4813 992 4867 Domini
1032 4826 1085 4867 et
1108 4816 1247 4869 viam
1270 4823 1503 4880 rectam,
1536 4813 1897 4871 ﬁrmissimam
1923 4822 2080 4875 tidem

506 4893 745 4938 tenentes
772 4897 952 4938 coram
984 4884 1125 4954 Deo,
1170 4894 1225 4942 et
1268 4887 1571 4942 hominibus
1607 4902 1728 4941 cum
1771 4886 1978 4957 justitia
2029 4904 2083 4947 et

507 4958 804 5010 sanctitate.

577 5026 628 5081 4.
660 5026 763 5081 Ista
793 5038 916 5082 sunt
939 5042 1084 5083 arma
1110 5032 1374 5101 angelica,
1407 5042 1459 5086 et
1488 5030 1650 5085 lorica
1678 5030 1852 5097 fortis,
1879 5040 1933 5085 et
1953 5046 2079 5086 scu-

504 5106 616 5153 tum
649 5101 1010 5154 firmissimum
1036 5142 1048 5165 ,
1074 5112 1126 5156 ri.
1151 5104 1300 5172 galea
1344 5104 1557 5157 salutis.
1590 5102 1691 5168 Qui
1714 5103 1815 5157 ista
1846 5118 1995 5156 arma
2028 5104 2079 5158 iti

503 5172 648 5224 omni
681 5172 798 5224 loco
824 5186 1005 5225 secum
1036 5174 1302 5241 habuerit,
1336 5177 1514 5229 nullus
1536 5174 1780 5235 diabolus
1808 5174 1854 5227 ei
1886 5190 2082 5230 not-ere

504 5244 738 5309 poterit;
786 5245 878 5296 sed
912 5245 995 5297 liie
1024 5256 1075 5297 et
1109 5247 1159 5298 iii
1198 5261 1456 5300 aeternum
1490 5250 1668 5300 salvus
1700 5247 1827 5301 erit.
1869 5245 1914 5299 0
1943 5246 2081 5302 dile-

503 5314 728 5367 ctissimi
755 5314 963 5378 fratres,
991 5326 1177 5369 contra
1210 5319 1493 5383 pessimum
1528 5318 1734 5372 hostem
1763 5326 1967 5370 tantum
1995 5334 2081 5372 ar-

504 5398 651 5457 mare
691 5401 785 5438 nos
833 5388 1090 5441 debemus
1114 5428 1128 5452 ,
1177 5398 1235 5440 ut
1274 5389 1421 5443 illum
1464 5404 1717 5457 superare
1758 5389 2031 5441 valeamus
2059 5430 2076 5456 ,

502 5456 625 5522 quia
652 5470 763 5522 ipse
790 5473 1113 5526 praeparatus
1137 5472 1239 5524 est,
1270 5472 1326 5513 ut
1352 5460 1509 5525 latro,
1532 5456 1599 5514 ad
1614 5464 1903 5514 iurandum
1937 5460 2079 5514 bona

502 5540 703 5594 Opera,
753 5531 888 5580 mala
936 5533 1182 5582 consiliat
1222 5540 1287 5589 et,
1317 5532 1704 5586 subministrat.
1741 5535 1876 5587 Stmt
1924 5532 2080 5586 multi

499 5600 587 5664 qui
631 5614 722 5667 per
763 5600 1035 5653 audaciam
1081 5603 1371 5655 adversarii
1424 5606 1558 5657 mula
1610 5606 1896 5656 securitate
1933 5603 2081 5657 (1υεί-

501 5681 734 5735 piuutur,
766 5682 818 5722 et
850 5672 1081 5739 cogitant
1124 5676 1254 5725 inter
1285 5688 1342 5726 se
1371 5675 1612 5728 dicentes
1648 5692 1659 5725 ι
1692 5673 1911 5729 Juvenis
1934 5690 2077 5743 sum,

500 5747 556 5789 et
582 5749 787 5810 tempus
818 5743 987 5794 habeo
1010 5745 1207 5797 mundo
1235 5745 1356 5807 l‘rui;
1384 5759 1503 5799 cum
1530 5750 1598 5799 ad
1626 5757 1958 5799 senectutem
1987 5760 2080 5800 ve—

501 5820 652 5873 nero,
682 5815 1048 5880 pteuitentiam
1079 5828 1254 5884 agam.
1295 5818 1340 5870 υ
1370 5819 1533 5871 miser
1558 5818 1648 5887 qui
1689 5822 1804 5878 hinc
1832 5828 2036 5887 cogitas
2059 5861 2077 5889 ,

2187 4602 2442 4657 Dominus
2466 4604 2540 4657 ait
2568 4622 2579 4657 :
2608 4605 2747 4657 Justi
2772 4602 3034 4675 fulgebunt
3064 4604 3193 4675 sicut
3214 4604 3303 4675 ευιλ
3321 4605 3371 4655 in
3402 4618 3566 4675 regno
3592 4600 3769 4655 Patris

2184 4675 2304 4746 mei,
2336 4685 2387 4727 et
2412 4684 2534 4727 tunc
2562 4673 2869 4746 gaudebunt
2897 4688 3093 4746 mecum
3134 4674 3242 4746 sine
3269 4673 3389 4739 line.
3419 4674 3555 4738 Quia
3583 4689 3767 4741 quam-

2185 4745 2265 4798 vis
2303 4746 2423 4799 dua:
2466 4744 2916 4814 concupscentia:
2965 4745 3191 4798 fuissent
3232 4744 3371 4798 inter
3400 4750 3681 4797 oculorum
3710 4756 3767 4797 et

2185 4818 2295 4869 oris
2320 4818 2609 4881 luxuriam,
2633 4817 2709 4871 eis
2735 4832 2841 4871 non
2868 4815 3205 4871 consensisti.
3234 4814 3409 4883 Prope
3438 4824 3521 4869 est
3546 4815 3629 4868 ubi
3655 4829 3768 4867 me-

2184 4900 2304 4940 cum
2336 4891 2639 4942 mercedem
2680 4900 2936 4942 aeternam
2969 4888 3228 4957 recipias,
3258 4894 3313 4940 et
3346 4885 3419 4941 ibi
3460 4890 3770 4954 requiesces

2188 4959 2243 5012 in
2274 4959 2472 5013 saecula
2496 4959 2833 5013 saeculorum.

2257 5033 2311 5084 8.
2340 5029 2599 5084 Similiter
2619 5043 2671 5085 et
2696 5034 2782 5084 illa
2824 5030 3095 5099 peccatrix
3128 5029 3304 5082 anima
3330 5042 3455 5083 cum
3500 5026 3766 5096 nequissi-

2186 5116 2275 5154 ino
2302 5103 2489 5168 angelo
2529 5105 2740 5156 Satanae
2788 5117 2909 5155 cum
2951 5101 3216 5153 calumnia
3246 5110 3300 5153 et
3328 5114 3452 5153 cum
3487 5102 3628 5152 vitiis
3654 5100 3766 5152 suis

2186 5172 2417 5242 loquitur
2447 5174 2628 5227 dicens
2660 5190 2672 5223 :
2708 5174 2859 5226 Heu!
2892 5174 3026 5224 heu!
3063 5173 3319 5225 miserum
3360 5187 3559 5240 corpus
3582 5210 3597 5235 ,
3641 5168 3767 5237 quid

2188 5252 2331 5297 tanta
2356 5247 2493 5298 mala
2516 5244 2673 5314 egisti
2694 5244 2944 5297 mecum?
2978 5248 3037 5295 lat
3060 5260 3159 5314 ego
3180 5258 3302 5297 cum
3326 5242 3621 5314 Sataiia‘fui
3648 5254 3770 5293 cuiu

2186 5316 2331 5371 vitiis
2362 5316 2473 5370 suis
2499 5357 2513 5381 ,
2545 5312 2669 5385 Quia
2702 5331 2806 5369 nou
2838 5312 3158 5369 consensis-ii
3193 5330 3341 5367 arma
3370 5312 3610 5381 angelica
3645 5327 3776 5363 con-

2188 5396 2267 5441 tra
2296 5391 2517 5442 insidias
2546 5388 2743 5442 diaboli
2796 5388 2928 5454 Quia
2966 5397 3017 5439 tu
3058 5385 3358 5453 conrupiin
3400 5386 3725 5454 manducare
3758 5419 3773 5445 ,

2188 5458 2389 5524 bibere,
2418 5460 2696 5523 luxuriari,
2728 5452 2999 5520 occidere,
3031 5452 3345 5521 adulterari,
3381 5454 3663 5517 fornicari,
3694 5452 3774 5504 lu-

2194 5532 2322 5592 I'ari,
2349 5532 2752 5598 concupiscere,
2800 5528 3256 5591 inentiri,-falsutii
3294 5525 3656 5598 testiinonium
3687 5525 3772 5575 di-

2188 5616 2343 5666 cere,
2396 5596 2557 5668 opera
2595 5596 2790 5653 diaboti
2838 5598 3017 5652 facere
3046 5640 3060 5666 ,
3093 5614 3144 5653 ei
3176 5614 3281 5651 non
3315 5599 3471 5667 egisti
3506 5596 3768 5668 paeniten-

2191 5673 2338 5732 tiam,
2370 5667 2462 5725 sed
2495 5689 2547 5725 in
2576 5672 2715 5725 mala
2740 5680 3051 5733 securitate,
3085 5686 3136 5724 ei
3162 5668 3479 5737 negligentia
3504 5667 3768 5731 delecrsti,

2189 5753 2244 5798 tu
2269 5744 2415 5812 jaces
2448 5744 2500 5796 in
2535 5746 2642 5797 imo
2668 5782 2683 5807 ,
2714 5759 2813 5811 ego
2857 5744 3069 5796 crucior
3115 5742 3192 5815 in‘
3219 5744 3446 5795 inferno.
3481 5744 3651 5807 Prope
3691 5743 3769 5815 est

2188 5815 2305 5872 dies
2326 5815 2514 5883 judicii
2538 5856 2556 5884 ,
2587 5820 2800 5885 quando
2850 5824 3090 5870 revertar
3130 5812 3199 5869 ad
3229 5822 3280 5869 te
3300 5853 3322 5883 ,
3352 5824 3409 5869 et
3448 5824 3697 5881 resurges
3717 5812 3771 5865 is
