4086 6350
552 331 682 392 I25!

1296 330 1387 387 ao
1423 329 1484 387 s.
1524 325 1773 385 ismom
1809 316 2252 385 HISPALENSIS
2289 302 2518 375 OPERA
2548 308 2996 372 APPENDICES.

3686 304 3843 370 ηδε

547 446 777 502 visibilis
816 444 1046 502 mundus
1069 458 1135 497 ex
1162 441 1387 499 materia
1427 455 1549 513 quae
1578 455 1609 495 a
1636 438 1753 496 Deo
1792 438 1930 495 facta
1959 435 2137 492 fuerat
2164 434 2220 499 Α
2241 444 2361 513 cum
2386 443 2570 513 carne,
2598 436 2658 513 ut
2681 426 2928 513 superius
2945 424 3567 513 diximus,“seminatur;
3598 424 3695 513 sed
3717 425 3845 513 tor.

550 519 724 575 tactus
750 527 831 572 est
856 528 909 571 et
936 523 1179 571 ornatus.

799 607 929 662 CAP.
962 605 1053 661 Xl.‘
1075 635 1147 645 —
1174 604 1330 662 Solus
1358 603 1500 659 Deus
1536 604 1889 674 incorporeus.

621 702 761 761 Nihil
786 702 1165 771 incorporeum
1195 708 1253 756 et
1274 698 1545 755 invisibile
1572 693 2137 771 naturacredendum,

548 778 651 833 nisi
681 775 853 830 solum
880 766 1075 840 Deum,
1104 771 1159 827 id
1188 779 1294 840 est,
1322 772 1560 836 Patrem,
1592 777 1649 824 et
1695 768 1913 832 Filium,
1938 777 2002 840 et
2017 766 2143 840 Spi-

548 851 710 905 ritum
740 855 1009 902 sanctum.
1043 836 1147 911 Qui
1179 836 1299 897 ideo
1320 851 1469 898 recte
1509 842 1855 910 incorporeus
1880 836 2143 911 creditur,

549 918 675 988 quia
706 918 903 988 ubique
926 908 1127 988 θεειέέι
1154 914 1333 988 omnia
1361 913 1549 981 implet
1595 908 1757 988 atque
1784 908 2140 988 constringit;

545 980 676 1048 ideo
700 998 753 1045 et
783 980 1064 1044 invisibilis
1112 984 1362 1041 omnibus
1409 980 1693 1050 creaturis,
1724 983 1847 1053 quia
1890 980 2143 1050 incorpo-

548 1073 679 1118 reus
702 1069 805 1116 est.

766 1147 893 1205 CAP.
926 1147 1046 1204 XII.
1067 1177 1139 1188 —
1169 1146 1351 1201 Omnis
1380 1153 1617 1199 creatura
1661 1159 1928 1213 corporea.

628 1244 791 1316 323
816 1243 1073 1316 Creatura
1094 1241 1273 1297 omnis
1302 1247 1675 1316 corporeaest
1700 1256 1715 1303 ;
1747 1234 1923 1305 angeli
1953 1241 2006 1289 et
2030 1247 2145 1316 oni-

553 1302 929 1387 nes'caa'leistes
955 1314 1185 1369 virtutes
1214 1302 1512 1382 corporeae,
1547 1310 1674 1365 licet
1701 1302 2143 1387 noricarnesub-

552 1386 773 1441 sistant.
798 1386 882 1440 Ex
896 1400 961 1440 eo
983 1393 1168 1440 autem
1200 1375 1637 1453 corporeas'esse
1688 1378 1959 1453 credimus
1989 1375 2145 1429 intel-

554 1457 816 1529 IeCtuales
838 1466 1136 1529 creaturas,
1168 1447 1313 1523 quod
1333 1454 1572 1510 localiter
1597 1447 2141 1529 circumscribuntur;

554 1527 697 1584 sicut
732 1537 786 1583 et
816 1529 993 1582 anima
1024 1517 1278 1591 humana,
1313 1540 1433 1594 quae
1450 1537 1614 1594 carne
1642 1519 1928 1583 clauditur,
1954 1530 2007 1573 et
2036 1517 2147 1571 da:-

557 1612 771 1667 mones,
801 1599 892 1669 qui
921 1613 1018 1668 per
1044 1592 1398 1653 substantiam
1420 1592 1676 1663 angelica:
1702 1600 1907 1646 natura:
1936 1596 2081 1643 sunt.

665 1691 796 1747 CAP.
819 1690 959 1746 XIII.
990 1688 1455 1745 ~Inteltectuales
1478 1695 1677 1740 natura:
1704 1683 2037 1738 immortales.

626 1785 962 1841 [mmortales
1036 1798 1158 1840 esse
1212 1781 1481 1837 credimus
1548 1778 1933 1834 intellectuales
1983 1782 2141 1830 natu-

551 1873 664 1924 ras,
694 1857 817 1927 quia
869 1869 1031 1931 carne
1075 1862 1302 1919 carent,
1353 1866 1452 1907 nec
1490 1850 1711 1931 habent
1762 1864 1869 1920 quo
1913 1847 2137 1931 .cadant,

551 1939 611 1985 ut
629 1923 1028 1985 resurrectione
1057 1930 1251 1994 egeant
1278 1932 1399 1993 post
1422 1923 1631 1978 ruinam
1659 1923 1983 1978 necessaria.

652 2020 781 2076 CAP.
804 2016 944 2073 XIV.
969 2046 1040 2057 —
1068 2015 1254 2069 Anima
1287 2014 1504 2069 hominis
1528 2012 1780 2084 quomodo
1821 2018 2043 2066 creatur.

626 2112 854 2167 Animas
880 2107 1155 2163 hominum
1177 2120 1284 2161 non
1315 2105 1531 2179 esseab
1564 2102 1716 2179 initio
1741 2103 2140 2179 interpretans

548 2180 949 2241 intellectuales
971 2188 1211 2244 naturas,
1242 2192 1341 2232 nec
1367 2176 1580 2230 insimul
1605 2182 1839 2239 creatas,
1864 2171 2003 2226 sicut
2022 2170 2142 2244 Ori-

548 2239 720 2326 genes
743 2254 926 2333 ﬁngit;
955 2264 1129 2333 neque
1154 2239 1610 2333 cumcos-poribus
1630 2260 1726 2333 per
1747 2244 1948 2333 coitum
1964 2239 2141 2333 semi-

547 2312 770 2390 nantur,
795 2312 934 2379 sicut
975 2312 1318 2382 Luciferiani,
1359 2312 1700 2390 C’yrillus_et
1727 2315 1887 2383 aliqui
1919 2312 2138 2367 Latino-

549 2411 675 2453 rum
704 2388 1119 2463 praesumptOres
1140 2388 1445 2463 afﬁrmant,
1473 2388 1625 2458 quasi
1684 2396 1892 2463 natura:
1948 2396 2140 2463 conse-

552 2454 827 2539 quendam
873 2454 1170 2519 servantes.
1200 2460 1308 2539 sed
1338 2454 1567 2514 dicimus
1594 2456 1921 2513 creationem
1949 2454 2141 2539 anima:

548 2531 727 2595 solum
754 2536 1069 2591 Creatorem
1123 2531 1361 2588 omnium
1388 2546 1570 2595 nosse,
1602 2538 1656 2583 et
1703 2542 1901 2597 corpus
1932 2533 2138 2580 tantum

546 2623 649 2678 per
676 2606 914 2679 coniugii
931 2603 1180 2675 copulam
1202 2602 1477 2679 seminari,
1507 2600 1599 2654 Dei
1622 2614 1754 2679 vero
1782 2597 1987 2679 judicio
2015 2610 2141 2679 goa-

547 2667 719 2750 gulari
746 2667 801 2732 in
832 2667 1019 2743 v'ulva,’
1033 2681 1090 2729 et
1116 2673 1421 2750 compingi,
1452 2683 1613 2750 atque
1666 2667 1912 2750 humari,
1938 2667 2142 2750 actor-

545 2738 697 2805 iiato
717 2750 830 2818 jam
859 2738 1087 2817 corpore
1128 2738 1361 2818 animam
1403 2738 1601 2806 creari,
1625 2751 1676 2797 et
1706 2738 1938 2805 infundi,
1974 2748 2030 2792 ut
2060 2738 2141 2792 vi-

547 2828 641 2876 vat
669 2814 735 2874 in'
774 2826 927 2873 utero
960 2814 1129 2870 homo
1158 2830 1224 2871 ex
1252 2814 1426 2869 anima
1480 2824 1735 2869 constans
1783 2820 1839 2866 et
1890 2823 2137 2878 corpore,

548 2899 607 2949 et
631 2890 939 2961 egrediatur
964 2886 1115 2942 vivus
1162 2900 1233 2941 ex
1280 2894 1433 2941 utero
1480 2884 1669 2954 plenus
1724 2886 1957 2938 humana
2008 2880 2139 2934 sub-

546 2964 762 3018 stantia.

585 3050 726 3110 Car.
752 3052 870 3107 XV.
900 3081 969 3093 —
993 3050 1141 3117 Quod
1161 3050 1279 3105 duo:
1297 3049 1484 3103 animae
1510 3064 1611 3102 non
1637 3055 1755 3101 sunt
1780 3046 1834 3100 in
1857 3044 2079 3100 homine.

620 3144 803 3212 Neque
828 3142 965 3197 duas
992 3140 1202 3212 animas
1249 3153 1367 3194 esse
1414 3138 1641 3212 dicimus
1683 3138 1735 3191 in
1764 3152 1871 3190 uno
1897 3133 2137 3212 homine,

545 3215 690 3270 sicut
717 3205 949 3269 Ilaeobus
976 3221 1032 3265 et
1054 3211 1145 3265 alii
1165 3212 1423 3282 Syrorum
1455 3209 1721 3282 scribunt,
1745 3222 1902 3282 unam
1934 3205 2139 3282 anima-

547 3286 678 3351 lem,
710 3299 813 3354 qua
845 3275 1358 3354 animeturcorpus,
1392 3289 1445 3335 et
1478 3279 1712 3354 immista
1744 3279 1837 3354 s_it_
1866 3275 2135 3354 sanguini,

546 3367 601 3411 et
630 3346 856 3409 alte-ram
882 3352 1071 3420 spiritu
1083 3346 1255 3417 alem,‘
1267 3367 1385 3421 quae
1412 3348 1680 3403 rationem
1711 3346 2138 3421 ministret;_sed

546 3426 780 3480 dicimus
826 3418 986 3477 unam
1009 3437 1128 3478 esse
1161 3418 1512 3489 eamdemque
1558 3421 1791 3474 animam
1815 3419 1869 3473 in
1896 3418 2135 3485 homine,

543 3510 666 3567 qua:
698 3506 977 3567 ctrcorpus
1005 3508 1100 3547 sua
1129 3495 1386 3567 societate
1413 3490 1767 3567 v_iviiicet_,__et
1791 3490 2138 3567 semetipsam

544 3559 642 3622 s'ua
675 3559 1170 3634 rationedisponat,
1204 3564 1407 3619 habens
1434 3563 1488 3634 in
1518 3574 1639 3617 sese
1663 3561 1967 3634 libertatem
1989 3559 2137 3634 arbi-_

545 3637 659 3763 trili,
692 3638 823 3693 utin
872 3629 1003 3693 suae
1040 3634 1356 3691 substantia:
1409 3632 1575 3702 eligat
1626 3631 1951 3701 cogitatione
1996 3629 2139 3703 quod

545 3723 612 3763 VII
638 3717 677 3763 ι.

544 3717 677 3765 vult.

724 3798 853 3854 Car.
882 3796 1022 3853 XVI.
1051 3826 1123 3838 —
1152 3797 1341 3851 Anima
1369 3796 1591 3851 hominis
1630 3793 1957 3849 immortalis.

614 3896 801 3953 Solum
826 3894 1097 3950 hominem
1123 3895 1393 3951 credimus
1413 3894 1614 3949 habere
1637 3893 1867 3948 animam
1891 3890 2139 3946 substan-

543 3971 731 4033 tivam,
762 3981 884 4037 quae
909 3974 1070 4021 exuta
1098 3966 1506 4037 corporevivit,
1521 3972 1577 4019 et
1607 3979 1799 4020 sensus
1821 3976 1948 4018 suos
1977 3973 2139 4037 atque

543 4038 761 4108 ingenia
780 4035 1049 4092 ‘vivaciter
1099 4046 1265 4092 tenet.
1298 4035 1413 4091 Non
1467 4050 1589 4090 cum
1627 4049 1857 4108 corpore
1880 4035 2136 4108 moritur,

543 4104 690 4165 sicut
716 4108 915 4163 Aratus
935 4107 1154 4169 asserit.
1184 4121 1359 4177 neque
1404 4116 1528 4177 post
1575 4106 1847 4161 modicum
1878 4104 2138 4177 interval-

545 4178 682 4247 lum,
709 4177 852 4234 sicut
881 4176 1066 4233 Zenon
1090 4176 1245 4244 dicit,
1272 4176 1397 4249 quia
1410 4176 1855 4234 ’substantialiter
1878 4176 2033 4231 vivit.

843 4267 976 4323 CAP.
1006 4266 1169 4323 XVII.
1198 4297 1271 4309 -—-
1298 4268 1496 4324 Anima:
1541 4270 1825 4324 brutorum.

618 4356 945 4413 Animaliutn
974 4373 1104 4414 vero
1127 4360 1321 4414 animae
1350 4376 1457 4415 non
1482 4372 1608 4417 sunt
1645 4361 2020 4426 substantivaa,
2042 4360 2137 4415 sed

544 4442 671 4485 cum
696 4443 859 4483 carne
889 4429 1007 4498 ipsa
1029 4430 1207 4485 carnis
1250 4429 1532 4487 vivacitate
1580 4441 1896 4497 nascuntur,
1928 4440 1985 4487 et
2012 4446 2135 4485 cum

542 4500 725 4555 carnis
754 4508 928 4555 morte
980 4498 1258 4569 ﬁniuntur,
1292 4511 1347 4555 et
1376 4503 1715 4570 moriuntur;
1772 4512 1829 4557 et
1880 4502 2003 4559 ideo
2030 4516 2133 4557 nec

542 4571 753 4643 ratione
775 4578 1050 4643 reguntur,
1080 4574 1218 4626 sicut
1264 4572 1419 4626 Plato
1463 4583 1519 4628 et
1558 4574 1863 4630 Alexander
1916 4582 2127 4643 putant,

544 4641 639 4699 sed
660 4642 725 4698 ad
753 4641 933 4697 omnia
960 4650 1167 4697 natura:
1189 4643 1531 4699 incitamenta
1554 4645 1846 4700 ducuntur.

834 4734 965 4790 (ΖΑΡ.
996 4732 1183 4789 XVIII.
1214 4763 1286 4776 --
1314 4734 1621 4806 Infunditur
1643 4738 1839 4792 anima.

618 4825 811 4881 Anima
843 4824 1076 4880 humana
1115 4839 1223 4881 non
1244 4841 1369 4883 cum
1398 4843 1560 4885 carne
1602 4829 1848 4897 moritur,
1879 4830 2001 4893 quis
2026 4845 2134 4887 non

614 4985 745 5038 CAP.
778 4997 887 5055 xu.
924 4981 1125 5055 Auctor
1150 4984 1308 5055 hujus
1333 4986 1513 5054 operis
1568 5002 1871 5054 corporeum
1924 4989 2135 5044 videtur

541 5070 740 5112 vocare
766 5053 1019 5125 quidquid
1046 5053 1284 5113 creatum
1315 5053 1417 5112 est.
1472 5056 1602 5113 Vide
1631 5053 1725 5113 lib.
1784 5075 1819 5113 Il
1863 5058 1930 5113 dc
1976 5058 2130 5116 Ottic.

539 5128 764 5191 ecclcs.,
794 5139 914 5194 cap.
942 5125 1034 5192 24,
1061 5138 1118 5185 et
1170 5129 1263 5183 lib.
1298 5128 1573 5182 Dill‘erent.
1608 5144 1812 5198 rerum,
1844 5145 1994 5184 num.
2029 5132 2134 5186 100

539 5209 596 5253 et
624 5213 740 5269 seq.

614 5268 746 5324 Car.
770 5284 877 5324 XIV.
914 5269 1025 5325 lloc
1050 5278 1208 5340 caput
1235 5284 1283 5340 7a
1321 5268 1549 5340 Joanne
1578 5270 1876 5340 Iiispalensi
1929 5273 2134 5328 exscri-

537 5350 688 5409 ptuni
719 5340 836 5403 fuit,
871 5349 931 5395 ut
959 5341 1067 5394 dixi
1118 5339 1172 5395 in
1229 5339 1562 5408 lsidorianis,
1590 5339 1708 5410 cap.
1743 5343 1829 5411 85,
1885 5360 2033 5399 num.
2067 5344 2133 5397 18

538 5419 596 5465 et
622 5426 773 5487 seqq.
797 5412 951 5487 {apud
978 5426 1100 5465 eum
1130 5412 1345 5481 legitur,
1375 5428 1465 5465 nec
1494 5414 1549 5467 in
1576 5416 1847 5470 semel.....
1880 5414 2129 5487 Cyrillus,

538 5491 587 5556 s_t
618 5482 1214 5556 multiLatinorum.....
1256 5492 1456 5556 natura:
1478 5490 1838 5556 consequentia
1865 5482 2127 5542 serviente;

546 5552 613 5629 ξι
638 5553 1096 5629 alia‘liujusinodi,
1128 5568 1247 5621 qua:
1281 5555 1364 5629 _ad
1395 5554 1591 5627 Bignzei
1645 5552 1814 5629 inagis
1869 5574 2029 5628 quam
2063 5560 2132 5615 ad

537 5621 784 5679 Vezzosii
809 5621 1109 5677 Editionem
1134 5624 1415 5680 accedunt.

608 5696 740 5747 CAP.
773 5710 902 5749 xvu.
932 5694 1311 5763 lncitamenta;
1341 5699 1437 5763 al.,
1471 5701 1817 5756 incitamento.

609 5764 741 5842 ριν.
773 5781 881 5818 xu.
909 5766 1164 5842 qorpore;
1187 5770 1281 5833 al.,
1314 5786 1488 5842 carne,
1521 5774 1686 5827 semel
1718 5784 1769 5828 ct
1802 5774 2017 5830 iterum.

611 5830 742 5887 ΩΑΡ.
779 5851 884 5890 χχι.
919 5830 1225 5896 Eniendarct
1248 5830 1277 5906 ;”
1320 5843 1415 5911 aL,
1475 5830 1699 5899 evitaret.
1734 5845 1895 5902 Putat
1921 5845 2127 5906 Vezzo-

2242 510 2386 557 mato
2415 502 2469 555 in
2496 509 2684 554 ventre
2716 495 2900 553 matris
2928 512 3174 565 corpore,
3208 495 3305 551 Dei
3353 495 3556 568 judicio
3586 508 3834 564 creatur,

2241 582 2297 629 et
2321 571 2633 637 infunditur,
2667 579 2725 623 ut
2752 570 2896 623 vivat
2937 568 3101 623 homo
3155 570 3298 623 intus
3344 570 3397 623 in
3426 578 3602 635 utero,
3652 578 3708 625 et
3752 570 3849 626 sic

2242 643 2495 714 procedat
2517 641 2792 696 nativitate
2815 638 2873 695 in
2905 640 3183 694 mundum.

2456 733 2583 789 CAP.
2616 729 2757 786 XIX.
2791 758 2857 773 -ο
2892 728 3028 786 Dum
3056 730 3355 786 substantia:
3374 731 3615 786 hominis.

2316 827 2532 882 Duabus
2563 823 2876 880 substantiis
2928 832 3138 878 tantum
3194 830 3409 879 constat
3438 825 3623 890 homo,
3655 825 3843 881 anima

2242 907 2298 955 et
2318 912 2564 965 corpore.
2597 897 2791 950 Anima
2820 909 2942 950 cum
2973 896 3182 951 ratione
3229 910 3349 960 sua,
3380 901 3436 951 et
3461 910 3691 960 corpore
3711 912 3841 951 cum

2243 969 2496 1026 sensibus
2524 968 2654 1023 suis.
2692 967 2840 1033 Quos
2872 977 3050 1021 tamen
3081 982 3274 1022 sensus
3301 967 3503 1035 absque
3530 968 3694 1039 324
3721 969 3847 1020 ani-

2244 1057 2345 1096 ma:
2372 1041 2629 1096 societate
2657 1054 2763 1092 non
2788 1044 2967 1092 movet
2994 1052 3213 1106 corpus.
3262 1039 3455 1094 Anima
3485 1052 3615 1094 vero
3640 1050 3697 1094 et
3724 1039 3847 1094 sine

2246 1127 2472 1182 corpore
2494 1110 2755 1166 rationale
2775 1124 2931 1165 suum
2958 1118 3123 1164 tenet.

2480 1224 2608 1281 CAP.
2641 1223 2764 1280 XX.
2794 1254 2865 1264 —
2896 1224 3081 1279 Anima
3119 1233 3165 1278 et
3193 1224 3406 1293 spiritus
3437 1223 3590 1278 idem.

2314 1318 2431 1374 Non
2464 1327 2548 1373 est
2570 1318 2761 1373 tertius
2781 1318 2834 1372 in
2868 1317 3171 1372 substantia
3197 1317 3429 1387 hominis
3459 1318 3704 1387 spiritus,
3736 1318 3844 1374 sic-

2247 1399 2306 1444 ut
2333 1389 2592 1457 Didymus
2623 1389 2920 1455 contendit,
2952 1388 3049 1444 scd
3088 1386 3308 1459 spiritus
3338 1389 3454 1457 ipsa
3494 1386 3589 1443 est
3618 1393 3796 1443 anima
3826 1409 3843 1454 ;

2246 1476 2345 1530 pro
2372 1460 2635 1531 spirituali
2666 1470 2877 1526 natura,
2908 1461 2989 1515 vel
3023 1474 3119 1529 pro
3167 1474 3234 1514 eo
3265 1461 3409 1528 quod
3440 1459 3610 1527 spiret
3635 1461 3687 1514 in
3722 1476 3846 1515 cor-

2247 1547 2400 1603 pore,
2430 1532 2653 1603 spiritus
2678 1531 3002 1601 appellatur.
3023 1531 3215 1603 Anima
3246 1546 3374 1603 vero
3402 1546 3469 1585 ex
3496 1546 3561 1584 eo
3590 1543 3843 1597 vocatur,

2246 1601 2389 1671 quod
2421 1601 2489 1657 ad
2522 1603 2834 1666 vivendum,
2858 1604 2944 1657 vel
2972 1603 3036 1656 ad
3070 1601 3457 1656 viviﬁcandum
3486 1603 3695 1657 animet
3720 1618 3845 1658 cor-

2247 1689 2367 1744 pus.
2398 1674 2639 1728 Tertiuni
2670 1688 2819 1740 vero,
2846 1675 2936 1744 qui
2966 1674 3035 1727 ab
3084 1674 3346 1744 Apostolo
3398 1688 3545 1744 cum,
3579 1675 3760 1727 anima
3787 1684 3845 1730 et

2246 1743 2474 1815 corpore
2502 1744 2794 1811 inducitur,
2824 1746 3071 1813 spiritum
3120 1743 3348 1814 gratiam
3379 1743 3552 1799 sancti
3606 1745 3844 1813 Spiritus

2172 1810 2222 1872 Β
2246 1810 2367 1873 esse
2396 1816 2754 1886 intelligamus
2778 1810 2793 1882 ,
2827 1810 2983 1885 quam
3012 1810 3147 1870 orat'
3180 1815 3490 1884 Apostolus,
3516 1826 3572 1869 ut
3632 1810 3842 1885 integra

2246 1897 2556 1959 perseveret
2577 1885 2635 1942 in
2678 1886 2832 1959 nobis
2866 1886 2914 1955 (Ι
2949 1885 3131 1941 Thess.
3162 1901 3217 1959 v,
3246 1886 3357 1955 25),
3386 1903 3452 1959 uc
3489 1894 3685 1959 nostro
3713 1888 3843 1941 vitio

2248 1956 2341 2014 aut
2364 1959 2635 2014 minuatur
2661 1966 2754 2012 aut
2778 1957 2990 2025 fugetur
3026 1973 3056 2011 a
3099 1957 3273 2023 nobis,
3322 1958 3445 2026 quia
3473 1956 3707 2027 Spiritus
3732 1974 3844 2013 san-

2247 2039 2355 2087 ctus
2379 2029 2583 2101 e/fugiet
2609 2029 2785 2099 ﬁctum
2814 2028 2971 2099 (Sap.
3000 2043 3041 2096 ι,
3069 2027 3146 2097 5).

2558 2142 2687 2197 Cn.
2728 2141 2870 2197 XXI.
2894 2170 2967 2182 —
2991 2140 3067 2195 De
3105 2142 3261 2196 libero
3296 2139 3527 2196 arbitrio.

2320 2234 2575 2290 Libertati
2600 2233 2807 2288 arbitrii
2838 2233 2919 2287 sui
2960 2234 3282 2289 commissus
3337 2243 3421 2289 est
3450 2234 3613 2289 homo
3660 2236 3841 2293 stau'm

2248 2305 2303 2361 in
2326 2304 2497 2376 prima
2517 2303 2860 2376 conditione,
2896 2314 2973 2371 ut,
3004 2305 3118 2359 sola
3148 2305 3423 2374 vigilantia
3447 2307 3647 2361 mentis
3686 2309 3841 2363 adni-

2248 2375 2425 2442 tente,
2458 2375 2618 2430 etiam
2646 2376 2699 2430 in
2745 2375 2994 2445 praecepti
3047 2378 3289 2430 custodia
3342 2388 3741 2445 perseveraret,
3787 2380 3840 2435 si

2245 2448 2409 2503 vellet
2431 2448 2482 2500 in
2496 2461 2563 2501 eo
2584 2446 2728 2516 quod
2750 2458 2961 2501 creatus
2983 2447 3154 2501 fuerat
3181 2461 3519 2512 permanere.
3547 2449 3838 2517 Postquam

2246 2533 2380 2573 vero
2401 2517 2719 2575 seductione
2747 2520 3011 2588 serpentis
3042 2532 3137 2587 per
3167 2519 3333 2573 Evam
3375 2520 3594 2585 cecidit,
3627 2531 3838 2576 naturae

2246 2589 2447 2644 bonum
2476 2590 2728 2657 perdidit,
2759 2591 2962 2659 pariter
2987 2600 3042 2645 et
3061 2590 3301 2658 vigorem
3345 2589 3586 2657 arbitrii;
3613 2607 3723 2646 non
3757 2601 3838 2646 ta-

2247 2674 2371 2715 men
2400 2661 2744 2726 electionem,
2774 2676 2841 2715 ne
2886 2676 2989 2716 non
3018 2669 3164 2715 esset
3191 2674 3348 2714 suum
3408 2662 3554 2730 quod
3605 2662 3837 2718 evitaret

2247 2741 2551 2801 peccatum,
2578 2746 2678 2786 nec
2702 2734 2894 2786 merito
2920 2732 3289 2800 indulgeretur
3313 2731 3453 2801 quod
3473 2747 3579 2787 non
3605 2734 3836 2788 arbitrio

2247 2802 2513 2857 diluisset.
2545 2802 2725 2857 Manet
2753 2802 2932 2871 itaque
2951 2803 3016 2856 ad
3042 2802 3384 2870 qurereudam
3425 2804 3656 2858 salutem
3690 2804 3836 2861 arbi-

2249 2873 2337 2927 trii
2365 2874 2607 2941 libertas,
2631 2873 2685 2927 id
2718 2881 2819 2937 est,
2876 2874 3155 2927 rationalis
3203 2873 3470 2940 voluntas,
3498 2873 3595 2929 sed
3645 2876 3833 2930 admo-

2248 2954 2411 2999 nente
2442 2945 2590 3013 prius
2621 2944 2752 3011 Deo,
2788 2952 2841 2997 et
2865 2943 3124 2997 invitante
3151 2944 3218 2998 ad
3241 2946 3486 3009 salutem,
3519 2955 3579 2999 ut
3618 2948 3703 3001 vel
3736 2947 3836 3001 eli-

2247 3024 2358 3086 gat,
2387 3017 2471 3086 vel
2525 3022 2804 3086 sequatur,
2834 3017 3094 3086 velﬂagat
3149 3015 3431 3070 occasione
3483 3016 3697 3084 salutis,
3731 3018 3830 3073 lioe

2248 3083 2355 3158 est,
2395 3083 2747 3158 inspiratione
2786 3084 2901 3158 Dei.
2931 3083 3023 3140 Ut’
3047 3093 3227 3141 autem
3269 3098 3629 3157 consequatur
3686 3090 3828 3158 quod

2247 3154 2417 3228 eligit,
2443 3157 2526 3212 vel
2555 3156 2698 3228 quod
2743 3156 3004 3228 sequitur,
3038 3157 3123 3228 vel
3170 3158 3311 3226 quod
3363 3154 3647 3213 occasione
3696 3154 3823 3228 agit,

2245 3226 2341 3282 Dei
2367 3241 2488 3283 esse
2517 3227 2682 3282 libere
2709 3226 3047 3283 conﬁtemur.
3085 3227 3299 3283 Initium
3347 3243 3476 3299 ergo
3514 3229 3704 3284 salutis
3729 3226 3826 3286 no-

2242 3309 2372 3354 suae
2397 3300 2509 3354 Deo
2537 3299 2826 3353 miserante
2858 3299 3145 3365 habemus;
3168 3308 3227 3354 ut
3255 3302 3653 3368 acquiescatnus
3675 3303 3823 3356 salu-

2245 3369 2418 3426 tifera:
2447 3369 2809 3439 inspiratioui,
2842 3381 3040 3426 nostra:
3068 3372 3348 3441 potestatis
3376 3382 3461 3425 est
3486 3388 3501 3439 ;
3535 3382 3591 3426 ut
3620 3372 3822 3441 adipis-

2242 3456 2429 3521 camur
2456 3441 2599 3511 quod
2624 3442 3013 3521 acquiescendo
3033 3513 3044 3521 _
3064 3442 3415 3521 admonitioni
3442 3445 3709 3521 cupimus,
3735 3444 3822 3521 di-

2241 3513 2348 3566 vini
2374 3521 2457 3569 est
2483 3513 2761 3584 muneris;
2793 3521 2860 3584 ut
2893 3527 2997 3567 non
3030 3513 3272 3567 labamur
3299 3514 3351 3567 in
3398 3515 3594 3584 adepto
3637 3516 3823 3572 salutis

2241 3596 2484 3654 munere,
2521 3582 2895 3639 sollicitudinis
2926 3593 3120 3639 nostrae
3150 3593 3254 3652 est,
3285 3595 3339 3639 et
3355 3582 3594 3640 caelestis
3623 3587 3823 3654 pariter

2240 3652 2522 3725 adjutorii;
2582 3664 2639 3709 ut
2696 3654 2960 3719 labantur,
3014 3656 3291 3725 potestatis
3358 3665 3560 3711 nostrae
3615 3652 3716 3722 est,
3769 3668 3822 3712 et

2240 3724 2488 3794 ignaviae.
2516 3726 2631 3780 Non
2680 3734 2855 3778 tamen
2900 3726 2978 3796 ad
3020 3724 3375 3780 ’obtinendam
3432 3728 3551 3781 sine
3589 3726 3703 3793 illo,
3735 3728 3818 3796 qui

2239 3808 2547 3868 quaerentes
2579 3797 2708 3868 facit
2728 3795 2998 3862 invenire,
3029 3798 3119 3865 qui
3153 3796 3485 3864 pulsantibus
3512 3798 3706 3865 aperit,
3734 3795 3821 3868 qui

2277 3866 2549 3922 etentibus
2569 3867 2755 3922 donat.
2784 3868 2936 3922 Sicut
2969 3882 3097 3937 ergo
3143 3867 3353 3923 initium
3381 3868 3569 3921 salutis
3600 3866 3818 3937 uostrie,

2288 3952 2353 3993 eo
2388 3938 2676 3994 miserante
2702 3947 2757 3993 et
2801 3938 3111 4007 inspirante,
3152 3938 3351 3994 habere
3404 3951 3504 3992 nos
3533 3938 3821 4006 credimus,

2238 4006 2312 4062 ita
2341 4010 2621 4064 arbitrium
2649 4018 2853 4064 natura;
2881 4006 3078 4064 nostrae
3132 4023 3332 4078 sequax
3375 4022 3497 4064 esse
3522 4009 3717 4065 divinat
3744 4012 3823 4063 in-

2239 4080 2547 4151 spirationis
2576 4080 2742 4136 libere
2760 4080 3095 4135 conﬁtemur.
3122 4079 3289 4151 Igitur
3312 4088 3494 4134 utnon
3524 4081 3766 4135 labamur
3793 4096 3821 4133 a

2240 4149 2382 4203 bono
2414 4151 2496 4205 vel
2536 4161 2762 4217 naturas,
2814 4151 2897 4207 vel
2948 4149 3167 4217 meriti,’
3204 4151 3577 4205 sollicitudinis
3620 4161 3822 4206 nostrae

2239 4230 2344 4283 est.
2373 4228 2428 4274 et
2457 4222 2698 4275 ctelestis
2746 4227 2944 4291 pariter
2977 4221 3263 4293 adjutorii;
3323 4232 3380 4277 ut
3430 4223 3698 4289 labamur,
3722 4237 3821 4293 po-

2240 4293 2445 4346 testatis
2473 4302 2671 4347 nostrae
2698 4303 2754 4348 et
2774 4294 3020 4365 ignaviae.

2702 4385 2832 4439 Car.
2859 4384 3021 4439 XXII.
3052 4412 3123 4424 —-
3145 4384 3349 4440 Gratia.

2310 4473 2646 4531 Firmissime
2673 4477 2998 4531 credendum
3029 4486 3113 4530 est
3142 4477 3195 4529 in
3223 4474 3669 4545 praevaricatione
3696 4477 3825 4531 Adm

2156 4549 2214 4611 1)
2241 4560 2434 4601 omnes
2463 4547 2710 4602 homines
2734 4547 3028 4600 naturalem
3062 4546 3475 4614 possibilitatem
3496 4549 3825 4602 etinuocen-

2243 4619 2368 4673 tiam
2397 4618 2728 4691 perdidisse;
2753 4626 2820 4691 et
2836 4619 3105 4691 neminem
3130 4618 3197 4671 de
3231 4617 3498 4691 profundo
3528 4617 3673 4691 illius
3718 4619 3827 4671 rui-

2238 4703 2323 4743 nte
2349 4703 2446 4757 per
2467 4689 2692 4744 liberum
2710 4688 2986 4743 arbitrium
3009 4702 3171 4756 posse
3191 4688 3537 4757 causurgere,
3572 4688 3674 4740 nisi
3700 4703 3825 4741 eum

2238 4762 2405 4830 gratia
2437 4759 2532 4816 Dei
2580 4760 2887 4814 miserantis
2933 4760 3207 4824 erexerit;
3242 4776 3261 4809 ‹
3291 4759 3515 4830 liberum
3569 4758 3712 4830 enim
3742 4774 3827 4812 ar-

2238 4828 2457 4886 iiitrium
2504 4831 2596 4886 ille
2622 4844 2937 4901 perpessus,
2969 4831 3094 4885 dum
3125 4830 3287 4901 325
3326 4828 3439 4884 suis
3469 4829 3824 4885 inconsultius

2237 4992 2375 5063 sius,
2408 4991 2999 5062 Semipelagianismum
3032 5005 3222 5061 sapere
3244 4990 3418 5046 videri
3439 4989 3583 5061 quod
3609 4989 3823 5061 dicitur,

2238 5074 2294 5118 ut
2311 5066 2685 5134 acquiescamus
2712 5064 2998 5133 salutiferae
3022 5062 3368 5134 inspirationi,
3398 5075 3587 5117 nostra?
3607 5070 3830 5132 potesta-

2240 5136 2301 5189 tis
2329 5147 2421 5189 est.
2452 5136 2645 5202 Verba,
2676 5135 2796 5190 Non
2826 5147 2991 5189 tamen
3021 5136 3089 5188 ad
3118 5134 3473 5199 obtinendum,
3504 5143 3635 5199 etc.,
3662 5142 3719 5187 et
3744 5148 3831 5188 se-

2238 5209 2455 5276 quentia
2485 5207 2695 5276 triginta
2729 5211 2905 5274 capita
2931 5208 3127 5261 desuut
3154 5207 3205 5258 in
3239 5205 3604 5258 Maurinorum
3635 5218 3825 5276 exem-

2238 5275 2351 5346 plo,
2376 5286 2430 5333 et
2452 5276 2802 5347 inplerisque
2830 5278 2949 5332 aliis
2988 5278 3140 5342 Mss,
3170 5285 3224 5330 et
3260 5276 3345 5347 gal.
3397 5275 3576 5347 aliquo
3607 5275 3828 5347 inserta

2238 5344 2451 5404 suntex
2493 5344 2762 5403 coelestini
2795 5348 3022 5417 epistola
3067 5349 3132 5400 ad
3187 5345 3468 5414 episcopos
3524 5344 3732 5408 Galliae,
3760 5357 3827 5398 ex

2239 5420 2471 5475 concilio
2539 5418 2961 5490 Carthaginiensi
3034 5427 3219 5472 contra
3273 5417 3608 5484 Pelagianos,
3658 5425 3714 5469 et
3760 5429 3824 5469 ex

2239 5492 2569 5548 Arausicano
2625 5490 2880 5544 secundo.
2930 5490 3054 5543 llaec
3108 5500 3282 5543 tamen
3315 5489 3675 5541 additamenta
3724 5498 3826 5540 ne-

2239 5564 2471 5619 cessaria
2505 5561 2709 5630 putavit
2729 5559 3065 5625 Thouiasius,
3099 5569 3159 5613 ut
3184 5558 3472 5630 vezzosius
3499 5557 3755 5630 advertit.

2308 5634 2438 5689 CAP.
2472 5628 2607 5686 XXII.
2640 5631 2774 5697 Ille;
2827 5632 2921 5693 aL,
2957 5632 3080 5683 olim
3108 5632 3217 5685 ille.
3247 5629 3371 5683 Haec
3414 5629 3578 5682 verba
3610 5628 3825 5682 liberum

2238 5707 2374 5760 enim
2398 5705 2683 5767 arbitrium,
2707 5715 2837 5769 etc.,
2859 5718 2976 5772 quae
3000 5703 3218 5772 virgulis
3247 5700 3672 5768 distinguuntur,
3701 5705 3825 5763 sun‘

2242 5777 2532 5847 Innocentii
2562 5775 2602 5843 l,
2636 5774 2803 5831 relata
2826 5778 2989 5831 etiam
3021 5789 3049 5828 a
3077 5773 3366 5829 Utelesdno
3391 5772 3430 5825 l.

2246 5966 2345 6011 ,μὴ
