4100 6344
318 359 457 418 1255

317 559 530 599 mersus
548 554 672 625 est;
703 555 755 626 et
783 545 915 601 nihil
948 545 1395 626 quemadmodum
1444 545 1643 626 ert'inde
1669 570 1893 626 surgere

316 625 500 685 posset
547 615 779 688 invenit;
808 615 1008 688 suaque
1064 622 1115 672 in
1164 629 1423 677 mternum
1456 623 1707 680 libertate
1733 615 1891 682 dece-

316 696 458 763 ptus,
493 687 648 763 hujus
698 691 865 743 ruina:
908 687 1148 763 latuisset
1180 705 1460 762 oppressu,
1488 696 1591 750 nisi
1619 711 1739 752 eum
1774 706 1893 763 post

314 758 513 814 Christi
542 772 639 828 pro
670 760 966 838 sua_gratia
1011 758 1312 838 relevasset
1359 764 1644 834 adventus,
1678 758 1892 838 qui'per

313 844 468 912 nevae
497 830 918 912 regenerationis
933 831 1359 912 puriﬁcationem
1380 851 1540 912 omne
1561 830 1891 906 praeteritum

314 900 503 955 vitium
526 901 610 957 sui
639 900 981 973 baptismatis
1005 903 1218 961 lavacro
1245 908 1508 977 purgavit.
1543 900 1565 961 ί

591 1014 720 1071 Car.
753 1014 1031 1072 XXIII.—
1051 1017 1220 1075 Nemo
1244 1021 1404 1078 bonus
1424 1040 1515 1092 per
1533 1040 1609 1081 se.

380 1109 655 1188 Neminem
686 1124 929 1188 ess_e_pe_r
957 1115 1299 1188 semetipsum
1334 1117 1554 1182 bonum,
1594 1118 1698 1174 nisi
1724 1119 1893 1188 parti-

305 1182 630 1251 cipationem
662 1183 745 1237 sui
768 1182 858 1238 ille
883 1182 1183 1254 donaverit,
1220 1188 1310 1257 qui
1334 1188 1481 1245 solus
1501 1200 1585 1246 est
1611 1182 1805 1245 bonus.

438 1293 565 1349 CAP.
594 1292 787 1349 XXIV.
809 1325 882 1336 —-
903 1296 1296 1353 Perseverantia
1325 1300 1378 1353 in
1404 1300 1547 1355 bonis
1576 1318 1606 1354 a
1627 1299 1756 1356 Deo.

376 1386 652 1443 Neminem
680 1390 839 1461 etiam
871 1389 1205 1457 baptismatis
1233 1394 1402 1461 gratia
1432 1404 1743 1449 renovatum
1775 1394 1893 1451 ido-
1972 1432 1977 1435 -

304 1473 464 1530 neum
495 1474 613 1513 esse
642 1459 709 1514 ad
737 1462 1066 1529 superandas
1099 1459 1297 1519 diabOli
1330 1464 1570 1530 insidias,
1602 1476 1655 1521 et
1682 1467 1749 1521 ad
1776 1467 1895 1520 vin-

304 1529 708 1605 cendasearnis
736 1532 1223 1605 eoncupiscentias,
1273 1535 1375 1589 nisi
1402 1551 1495 1604 per
1523 1537 1896 1605 quotidianum

302 1597 625 1683 adjutorium
657 1599 753 1656 Dei
782 1597 1237 1673 perseverantiam
1284 1597 1440 1660 bona:
1467 1597 1894 1663 conversationis

300 1680 586 1740 acceperit.

582 1766 713 1822 CAP.
747 1766 915 1823 XXV.
941 1799 1013 1810 —
1033 1768 1272 1824 Liberum
1298 1772 1588 1827 arbitrium.

1055 362 1337 420 APPEND.
1375 365 1515 422 XIII.
1555 398 1624 408 —
1664 368 1752 424 DE
1792 368 2344 439 ECCLESIASTICIS
2386 382 2842 441 DOCMATIBUS.

317 473 484 529 utitur
511 471 688 542 bonis,
711 479 910 550 cadens
931 490 985 530 in
1030 478 1481 550 praevaricationis
1511 482 1770 550 profunda
1800 483 1895 541 dc-
1919 487 1971 546 A

3440 394 3576 452 1254

2224 492 2353 551 CAP.
2388 495 2583 555 XXIX.
2598 529 2668 539 —
2689 498 3041 569 Intelligentta
3067 516 3132 555 ea:
3151 511 3336 575 gratia.

2066 582 2317 659 Quisquis
2344 585 2548 644 dixerit
2573 589 2799 658 gratiam
2829 587 2925 645 Dei
2965 604 3060 659 per
3088 592 3272 649 Iesum
3303 593 3576 657 Christum

1995 662 2212 735 propter
2238 656 2339 739 hoc
2366 656 2698 739 tantumZnos
2724 656 2981 739 adjuvare
3001 660 3071 716 ad
3090 678 3198 719 non
3223 656 3575 739 peccandum,

1994 724 2136 801 quia_
2161 739 2256 795 per
2293 727 2467 801 ipsum
2510 729 2665 784 nobis
2706 724 2997 799 reiciatur,
3023 740 3078 787 et
3115 724 3354 801 aperitur
3381 724 3578 795 intelliz

1992 796 2620 875 geutia_mandetorum,
2664 808 2722 856 ut
2764 796 3000 858 sciamus
3044 796 3171 873 quid
3218 815 3474 875 appetere
3518 817 3578 865 et

1993 866 2117 934 quid
2157 867 2326 944 vitare
2367 870 2681 944 debeamus,
2732 887 2840 944 non
2883 866 3077 929 autem"
3101 887 3199 944 per
3226 866 3376 932 illam
3421 878 3580 936 nobis

1994 939 2238 1016 praestari
2268 948 2327 995 ut
2362 942 2503 1011 quod
2553 940 2859 1016 faciendum
2910 939 3259 1016 cognovimus
3304 946 3469 1004 etiam
3497 946 3581 1005 fa-

1994 1020 2119 1063 cere
2144 1008 2424 1080 diligamus
2451 1021 2611 1082 atque
2638 1014 2939 1083 valeamus,
2961 1008 3249 1073 a'natbema
3274 1019 3362 1073 sit.

2300 1127 2429 1184 CAP.
2460 1128 2922 1188 XXX—Preces
2951 1135 3296 1192 sacerdotum.

2065 1216 2506 1298 obsecrationum
2548 1238 2765 1298 quoque
2792 1225 3210 1298 sacerdotalium
3242 1239 3582 1288 sacramenta

1997 1294 2368 1369 respiciamus,
2402 1306 2521 1369 qua:
2546 1294 2614 1369 ab
2634 1297 3106 1369 apostulisutradita
3128 1298 3183 1354 in
3214 1306 3328 1356 toto
3356 1301 3580 1369 mundo,

1996 1366 2155 1428 atque
2196 1361 2250 1413 in
2286 1361 2432 1415 omni
2476 1361 2736 1420 catholica
2788 1367 3028 1423 Ecclesia
3075 1369 3413 1426 uniformiter
3439 1361 3580 1428 celei

1996 1426 2245 1512 urantur,
2272 1438 2329 1484 ut
2368 1430 2539 1500 legem
2580 1436 2833 1512 credendi
2872 1438 2958 1493 lex
2983 1447 3184 1496 statuat
3221 1426 3577 1511 supplicandi.

1995 1497 2130 1574 Cum
2160 1500 2302 1574 enim
2335 1497 2638 1574 sanctarum
2669 1505 2899 1572 plebium
2931 1512 3186 1574 praesules
3226 1497 3475 1567 mandata
3506 1513 3581 1567 si-

1996 1569 2164 1647 bimet
2189 1571 2455 1647 legatione
2484 1569 2788 1641 fungantur,
2810 1569 2949 1647 apud
2975 1580 3209 1636 divinam
3231 1582 3574 1639 clementiam

1997 1638 2215 1716 humani
2247 1638 2460 1716 generis
2507 1638 2667 1713 agunt
2707 1638 2944 1716 causam,
2984 1660 3060 1715 et,
3105 1660 3215 1707 tota
3261 1666 3445 1707 secum
3476 1652 3579 1709 Ec-

1997 1710 2161 1792 elesig
2187 1710 2639 1792 congemisce‘nte,
2674 1710 2964 1792 postulant,
2990 1710 3057 1776 et-
3069 1732 3376 1792 precantur,
3404 1732 3464 1778 ut
3490 1722 3576 1778 in-

1998 1780 2247 1862 fidelibus
2268 1780 2499 1862 donetur
2514 1780 2737 1851 ﬁdes,‘ut
2754 1780 3131 1862 idololatraaab
3149 1780 3439 1862 impietatis
3459 1808 3574 1850 sua:

371 1856 522 1929 Quod
568 1872 727 1914 nemo
758 1860 858 1914 nisi
890 1875 985 1929 pe.-
1013 1859 1282 1917 Chrismm
1334 1863 1501 1920 εῖδει-ο
1542 1865 1678 1920 bene
1711 1872 1889 1920 υωιιη-
1919 1850 1969 1913 Β
1996 1852 2288 1929 liberen_tur
2315 1858 2608 1929 erroribus,
2650 1850 2710 1912 ut
2747 1857 2962 1923 Judaeis,
3013 1862 3191 1918 ablato
3218 1850 3397 1919 eordis
3423 1866 3572 1921 vela-

301 1926 543 2001 arbilrio,
586 1930 727 1984 idem
759 1926 1014 2000 magister
1060 1931 1117 1987 in
1157 1933 1387 2001 epistola
1413 1934 1481 1988 ad
1523 1934 1888 1991 Milevitanum

299 1999 587 2073 concilium
617 2001 738 2054 data
772 2003 1046 2069 praedicat,
1079 1999 1299 2059 dicens:
1333 2024 1353 2057 ι
1389 2006 1620 2061 Adverte
1652 2006 1886 2073 tandem,

298 2083 332 2146 ρ
364 2071 801 2146 pravissimarum
849 2074 1417 2146 mentiumudoctrina,
1461 2075 1606 2146 quod
1656 2071 1888 2145 primum

298 2138 672 2217 bomiuemita
695 2141 924 2217 libertas
954 2144 1072 2217 ipsa
1100 2145 1329 2212 decepit,
1365 2138 1423 2200 ut
1443 2138 1569 2202 dum
1610 2138 1891 2217 indulgen-

297 2210 404 2286 tius
448 2209 633 2286 frenis
657 2210 776 2286 ejus
805 2209 1050 2286 uti_t_ur’in
1086 2209 1585 2286 praevariCationem
1627 2209 1890 2286 prmsiim-

297 2280 484 2355 ptione
532 2280 813 2355 incideret.
870 2283 980 2339 Nec
1013 2280 1103 2339 ex'
1133 2284 1232 2342 hac
1280 2289 1451 2355 potuit
1505 2280 1643 2355 erui,
1691 2289 1793 2343 nisi
1837 2288 1888 2345 ei

296 2350 1088 2429 provident_ia_regenerationis
1135 2350 1331 2411 statum
1380 2350 1637 2429 pristina!
1666 2360 1885 2416 Iiberta-

301 2421 366 2476 tis
397 2422 594 2479 Christi
626 2421 836 2481 Domini
866 2428 1211 2483 reformasset
1237 2421 1519 2486 adventus.
1554 2448 1574 2482 ι

746 2535 874 2591 CAP.
906 2534 1097 2592 XXVI.
1126 2568 1197 2578 ——
1221 2538 1432 2596 Merita.

368 2626 519 2693 Quod
569 2629 763 2703 omnia
793 2628 990 2703 studia,
1042 2638 1115 2703 et,
1136 2632 1314 2687 omnia
1354 2647 1540 2703 opera,
1587 2648 1651 2689 ac
1695 2636 1886 2691 merita

297 2708 605 2775 sanctorum
630 2699 832 2775 ad_Dei_
853 2700 1073 2775 gloriam
1103 2699 1422 2775 laudemque
1452 2704 1734 2761 referenda
1755 2706 1884 2775 sint,

298 2770 425 2846 quia
458 2785 615 2846 nemo
644 2770 870 2846 aliunde
912 2773 960 2826 ei
992 2772 1224 2841 placeat,
1256 2770 1359 2830 nisi
1404 2790 1468 2830 ex
1507 2791 1573 2832 eo
1600 2776 1741 2846 quod
1770 2770 1886 2846 ipse

299 2841 611 2916 donaverit;
644 2842 695 2895 in
727 2855 1012 2916 quam_no_s
1046 2846 1369 2916 sententiam
1400 2846 1584 2916 dirigit
1606 2841 1885 2904 beatmre-

294 2911 630 2994 coreationis
672 2927 827 2994 papae
875 2912 1076 2994 lesimi
1120 2911 1714 2994 regularisauctoritas
1759 2933 1885 2975 cum

294 2982 539 3057 scribens
567 2982 632 3057 a_d
660 2982 828 3057 totius
856 2984 1020 3057 orbis,
1049 2982 1333 3057 episcopos
1362 2989 1437 3044 ait
1466 3006 1481 3043 :
1520 3006 1539 3041 ι
1567 2989 1676 3045 Nos
1702 3000 1883 3045 autem

293 3052 551 3127 instinctu
577 3054 675 3109 Dei
706 3054 911 3127 (omnia
938 3052 1100 3111 enim'
1128 3052 1268 3112 bona
1310 3058 1380 3114 ad
1409 3069 1682 3117 auctorem
1727 3075 1882 3116 suum

293 3123 576 3199 referenda
606 3123 750 3193 sunt,
790 3127 934 3181 unde
978 3128 1294 3199 nascuntur)
1321 3130 1388 3186 ad
1429 3129 1653 3187 fratrum
1697 3141 1751 3187 et
1792 3147 1884 3189 co-

293 3196 669 3265 episcoporum
700 3206 1005 3253 nostrorum
1034 3196 1421 3257 conscientiam
1449 3205 1700 3258 universa
1736 3211 1883 3258 retu-

290 3264 471 3321 limus.
504 3285 523 3317 ι
561 3267 713 3321 Hunc
756 3279 933 3323 autem
981 3283 1284 3326 sermonem
1328 3273 1716 3330 sincerissimae
1743 3274 1881 3330 veri-

294 3337 421 3390 tatis
448 3338 568 3411 luce
593 3337 891 3411 radiantem
920 3348 1067 3411 tanto
1107 3341 1220 3395 Afri
1262 3343 1499 3411 episcopi
1550 3344 1757 3399 honore
1788 3360 1881 3399 ve-

293 3406 467 3462 nerati
516 3415 661 3473 sunt,
710 3416 765 3462 ut
799 3409 869 3463 ita
902 3409 967 3463 ad
1008 3411 1256 3466 eumdem
1297 3406 1487 3467 ’virnm
1537 3415 1877 3470 scriberent:

301 3477 489 3556 t_lllud
518 3493 668 3545 vero,
691 3479 832 3556 quod
861 3479 914 3533 in
944 3480 1159 3556 litteris,
1178 3496 1325 3556 quas
1359 3483 1426 3537 ad
1457 3484 1734 3556 universas
1763 3500 1882 3556 pro-

291 3549 500 3625 vincias
551 3552 752 3625 curasti
798 3564 936 3625 esse;
966 3549 1276 3625 mittendas,
1338 3555 1584 3625 posuisti,
1641 3549 1876 3611 dicens:

296 3618 872 3693 Nastameninstinctu
900 3622 1024 3693 Dei,
1068 3632 1173 3693 etc.
1207 3623 1296 3678 Sic
1325 3618 1616 3693 accipimus
1654 3626 1879 3690 dictum,

292 3698 353 3743 ut
384 3691 504 3761 illos
544 3692 632 3759 qui
669 3701 853 3747 contra
881 3692 975 3749 Dei
1015 3692 1337 3761 adjutorium
1368 3691 1632 3750 extollunt
1663 3699 1881 3754 humani

294 3760 501 3834 arbitrii
543 3762 884 3831 libertatem,
933 3760 1177 3818 districto
1225 3765 1403 3834 gladio
1451 3767 1694 3822 veritatis
1735 3768 1883 3823 velut

293 3832 495 3903 cursim
528 3835 793 3889 transiens
836 3840 1164 3903 ampu‘tares.
1191 3832 1326 3902 Quid
1372 3836 1515 3891 enim
1553 3846 1661 3892 tam
1709 3839 1881 3894 libero

294 3899 467 3957 fecisti
509 3904 755 3970 arbitrio,
787 3899 948 3974 quam
986 3905 1130 3974 quod
1179 3899 1429 3962 universa
1456 3909 1509 3963 in
1556 3916 1755 3963 nostrae
1782 3909 1884 3963 hu-

294 3973 535 4028 militatis
574 3973 958 4031 conscientiam
1006 3973 1268 4031 retulisti?
1298 3986 1355 4032 et
1402 3988 1579 4033 tamen
1626 3980 1884 4035 instinctu

295 4041 391 4118 Dei
427 4043 623 4118 factum
654 4060 777 4102 esse
804 4047 1035 4118 fideliter
1063 4048 1443 4118 sapienterque
1484 4049 1686 4115 vidisti,
1730 4065 1884 4105 vera-

296 4114 431 4169 citer
459 4116 793 4191 iidenterque
835 4116 1040 4191 dixisti.
1072 4114 1198 4191 Ideo
1229 4114 1435 4191 utique,
1462 4122 1586 4191 quia
1616 4114 1885 4190 praepara-

298 4191 385 4262 tur
405 4186 652 4262 voluntas
677 4203 707 4240 a
736 4188 984 4262 Domino,
1010 4196 1065 4244 et
1090 4197 1147 4243 ut
1172 4189 1301 4262 boni
1328 4186 1547 4262 aliquid
1579 4186 1757 4261 agant,
1790 4206 1885 4261 pa-

294 4255 461 4333 ternis
508 4256 947 4333 inepirationibus
969 4274 1207 4333 suorum
1232 4261 1371 4333 _ipse
1421 4255 1589 4333 tangit
1614 4255 1884 4318 corda-fi-

296 4278 461 4310 terius
508 4278 947 4325 tusptruttomnus
990 4278 1207 4315 suorum
1256 4278 1271 4314 1
1315 4278 1371 4317 se
1421 4278 1589 4333 langll.
1618 4278 1780 4318 corda
1822 4278 1881 4316 lt-

292 4322 483 4400 Iioru_m
518 4325 788 4400 (Proverb.
819 4344 933 4391 Vlif,
953 4329 1054 4400 25.
1089 4346 1189 4383 sec.
1218 4278 1412 4400 LXX).
1436 4333 1711 4399 Quotquot
1738 4335 1881 4389 enim

292 4394 497 4461 Spiritu
524 4394 619 4451 Dei
644 4407 889 4472 aguntur,
915 4398 967 4451 hi
999 4400 1092 4452 filii
1123 4401 1216 4472 Dei
1246 4394 1574 4472 sunt(R'om.
1599 4394 1719 4469 vui,
1751 4404 1880 4469 M);

292 4474 353 4540 ut
401 4481 502 4540 nec
544 4478 789 4540 nostrum
836 4470 1028 4524 deesse
1074 4471 1371 4525 sentiamus
1408 4470 1721 4540 arbitrium,
1747 4483 1802 4527 et
1829 4475 1883 4527 in

291 4534 448 4613 bonis
479 4538 779 4613 quibusque
826 4540 1113 4613 voluntatis
1157 4540 1406 4613 humanm
1454 4544 1675 4613 singulis
1708 4534 1884 4599 ’πηοιί-

292 4605 396 4663 bus
420 4605 764 4683 magis‘illi’us
792 4611 973 4666 valere
1001 4626 1107 4665 non
1141 4611 1446 4668 dubitemus
1473 4605 1753 4669 auiilium.
1784 4632 1807 4666 ι

522 4722 651 4778 CAP.
681 4719 893 4778 XXVII.
916 4753 988 4764 -—
1009 4723 1270 4795 Quidquid
1294 4724 1412 4778 boni
1434 4740 1498 4779 ea:
1526 4722 1657 4781 Deo.

366 4815 439 4869 Ita
473 4815 615 4871 Deus
645 4832 709 4871 ex
741 4817 990 4873 cordibus
1030 4816 1308 4872 hominum
1337 4829 1495 4889 atque
1522 4818 1575 4873 in
1607 4819 1725 4889 ipso
1751 4820 1885 4877 libe-

295 4900 373 4960 re
398 4889 921 4960 Operaturarbitrio,
949 4896 1007 4943 ut
1046 4898 1232 4945 sancta
1260 4888 1533 4959 cogitatio,
1564 4888 1708 4960 pium
1754 4906 1885 4947 con-

296 4958 494 5039 silium,
526 4959 815 5039 omnisque
835 4970 1010 5039 mutus
1056 4962 1211 5039 bonae
1238 4958 1527 5039 voluntatis
1555 4958 1619 5017 ex
1651 4962 1760 5018 Deo
1786 4964 1879 5039 sit.

297 5029 416 5094 quia
449 5044 542 5095 per
568 5028 732 5085 illum
749 5031 947 5100 aliquid
973 5029 1099 5085 boni
1129 5044 1435 5100 possumus,
1475 5033 1592 5088 sine
1613 5050 1721 5104 quo
1750 5032 1882 5090 nihil

297 5113 597 5168 possumus.

667 5193 798 5249 CAP.
826 5192 1063 5250 XXVIII.
1089 5222 1162 5236 —
1180 5190 1375 5253 Gratia:
1400 5198 1496 5253 vis.

366 5308 530 5381 326
559 5308 871 5381 Qnicunque
920 5310 1115 5365 dixerit
1139 5311 1365 5380 gratiam
1408 5310 1523 5379 Dei,
1552 5325 1653 5380 qua
1694 5309 1882 5379 justiﬁ-

295 5392 482 5433 camur
514 5396 606 5449 per
653 5380 834 5435 Jesum
883 5381 1154 5436 Christum
1184 5380 1467 5435 Dominum
1516 5392 1780 5447 nostrum,
1812 5382 1880 5437 ad

296 5452 485 5523 sol‘amf
522 5452 895 5507 remissionem
951 5463 1289 5523 peccatorum
1359 5453 1540 5507 valere
1604 5468 1722 5521 qua:
1766 5454 1877 5523 jam

294 5522 580 5577 commissa
610 5531 755 5595 sunt,
788 5536 895 5576 non
924 5522 1084 5595 etiam
1114 5523 1182 5577 ad
1226 5522 1550 5595 adjutorium
1588 5522 1796 5595 gratius,
1822 5531 1882 5579 ut

294 5607 405 5646 nou
438 5594 861 5657 committantur,
891 5593 1172 5649 anathema
1203 5593 1292 5649 sit.

366 5730 497 5805 CAP.
530 5747 683 5789 xxvr.
720 5733 964 5805 Placeat;
987 5734 1082 5799 al.,
1115 5735 1314 5804 placet;
1344 5743 1398 5789 et
1438 5736 1748 5805 accepimus,
1782 5749 1879 5802 pro

294 5803 594 5875 accipimus.
630 5806 695 5860 Et
722 5804 857 5860 infra
886 5803 1121 5875 plurium
1147 5821 1369 5861 numero
1412 5803 1679 5873 retulistt't,
1714 5806 1876 5861 uidis-
1946 5842 1971 5865 ι

302 5872 383 5931 tis.
410 5873 631 5930 dixistis.

1905 4582 1960 4643 D

1994 1925 2159 1999 mine,
2192 1925 2286 1980 lux
2317 1927 2560 1999 veritatis
2604 1939 2876 1999 appareat,
2909 1940 2964 1984 ut
3009 1930 3247 1989 haeretici
3288 1934 3573 1991 catholicae

1992 1994 2115 2073 ﬁdei
2143 1998 2484 2073 perceptione
2510 1994 2847 2073 resipiscam,
2864 1994 2937 2056 'ut
2957 2000 3284 2059 schismatici
3323 2005 3573 2073 spiritum

1992 2066 2251 2143 rediviva:
2282 2068 2559 2143 charitatis
2607 2066 2991 2143 accipiant,iut
3033 2073 3199 2143 lapsis
3242 2066 3574 2143 pmtiitentlm

1992 2136 2231 2191 remedia
2279 2138 2644 2212 eonferantur,
2692 2136 2751 2196 ut
2794 2136 3024 2212 denique
3065 2136 3471 2201 catechumenis
3504 2145 3576 2201 ad

1992 2210 2416 2281 regenerationis
2444 2220 2778 2267 sacramenta
2809 2210 3107 2281 perductis,
3152 2214 3390 2271 ctelestis
3419 2216 3581 2275 mise-

1991 2277 2237 2355 ricordiae
2266 2281 2383 2355 aula
2414 2290 2711 2355 reseretur:
2737 2277 2863 2355 Haec
2889 2290 3067 2339 autem
3092 2277 3219 2340 'non
3268 2284 3578 2355 perfuncto-

1991 2349 2093 2415 rie,
2126 2365 2299 2419 neque
2324 2352 2570 2425 inaniter
2605 2368 2634 2407 a
2685 2353 2917 2409 Domino
2956 2356 3085 2424 peti,
3115 2349 3296 2411 rerum
3337 2357 3575 2425 ipsarum

1990 2422 2523 2495 monstratetl‘ectus,
2555 2422 2982 2495 quandoquidem
3027 2439 3095 2481 ex
3135 2426 3281 2481 omni
3328 2422 3576 2482 errorum

1988 2505 2188 2567 genere
2218 2493 2477 2562 plurimos
2503 2493 2645 2549 Deus
2675 2493 2924 2567 dignatur
2949 2495 3242 2567 attrahere,
3287 2511 3422 2565 quos
3444 2512 3577 2567 eru-

1991 2571 2074 2637 tos
2103 2563 2173 2637 de
2204 2574 2470 2633 potestate
2498 2563 2845 2622 tenebrarum
2878 2566 3165 2637 transferat
3186 2563 3241 2622 in
3265 2563 3488 2637 regnum
3511 2566 3577 2622 ﬁ-

1989 2632 2047 2687 lii
2076 2632 2354 2690 charitatis
2380 2651 2515 2704 sure,
2546 2648 2600 2692 et
2630 2653 2697 2693 ex
2724 2638 2867 2693 vasis
2896 2639 2988 2693 ira:
3025 2636 3186 2693 faciat
3210 2632 3579 2695 vasa'miseri-

1989 2706 2393 2778 cordite.Quod
2423 2707 2557 2763 adeo
2588 2718 2758 2764 totum
2807 2708 2972 2764 divini
3017 2710 3195 2778 operis
3243 2725 3364 2766 esse
3408 2709 3578 2765 senti-

1991 2785 2189 2851 tur,__ut
2214 2777 2329 2834 haec
2372 2779 2631 2851 eflicienti
2671 2781 2783 2835 Deo
2826 2777 3120 2851 gratiarum
3167 2794 3381 2851 semper
3409 2781 3577 2846 actio.

1988 2845 2270 2923 laudisque
2295 2849 2564 2923 confessio
2587 2866 2683 2923 pro
2708 2845 3103 2907 illuminatione
3129 2845 3317 2907 talium
3348 2852 3436 2909 vel
3456 2864 3579 2908 cor-

1989 2919 2230 2976 rectione
2256 2919 2545 2978 referatur.

2209 3032 2339 3089 CAP.
2368 3031 2567 3091 XXXI.
2589 3065 2659 3075 —
2679 3034 3009 3092 Exoreismus
3036 3044 3083 3091 et
3100 3038 3354 3109 sufﬂatio.

2059 3122 2194 3198 Illud
2222 3124 2408 3191 etiam,
2449 3127 2592 3197 quod
2637 3128 2779 3184 circa
2818 3128 3174 3198 baptizandos
3218 3130 3275 3186 in
3325 3128 3577 3188 universo

1991 3195 2192 3249 mundo
2215 3206 2397 3272 sancta
2429 3195 2668 3272 Ecclesia
2697 3195 3047 3272 uniformiter
3077 3201 3206 3272 agit,
3250 3218 3357 3258 non
3398 3204 3575 3259 otioso

1987 3267 2415 3343 contemplamur
2436 3269 2652 3343 intuitu.
2685 3269 2958 3343 Cumusive
2996 3267 3223 3340 parv'uli,
3267 3273 3382 3328 sive
3421 3273 3575 3343 juve-

1985 3352 2083 3411 nes
2127 3337 2195 3411 ad
2246 3340 2670 3411 regenerationis
2715 3341 2937 3397 veniunt
2981 3337 3576 3411 sacramentumfnon

1986 3409 2133 3481 prius
2161 3408 2361 3481 tentem
2392 3410 2514 3465 vitre
2543 3412 2741 3467 adeant
2777 3428 2935 3481 quam
2968 3414 3285 3469 exorcismis
3317 3423 3373 3469 et
3396 3408 3573 3470 exsuf-

1985 3476 2293 3534 ﬂationibus
2318 3481 2639 3537 clericorum
2669 3476 2890 3552 spiritus
2911 3483 2978 3537 ab
3009 3484 3089 3539 eis
3118 3483 3427 3539 immundus
3454 3484 3575 3540 abi-

1984 3558 2157 3623 gatur,
2190 3560 2258 3623 ut
2274 3559 2400 3605 tunc
2426 3568 2553 3623 vere
2580 3563 2836 3623 appareat
2862 3552 3073 3623 quandg
3100 3554 3349 3623 princeps
3388 3553 3574 3609 mundi

1986 3568 2157 3615 gatur,
2190 3568 2247 3603 ut
2274 3568 2400 3605 tunc
2426 3568 2553 3606 vere
2580 3568 2836 3621 appareat
2862 3568 3073 3623 quando
3136 3570 3349 3623 rtnceps
3388 3568 3574 3609 utunal

1986 3618 2146 3694 hujus
2192 3621 2627 3694 mittaturforas
2666 3622 2843 3694 (Joan.
2891 3636 2988 3686 xu,
3033 3568 3149 3694 δύ’,
3201 3638 3253 3678 et
3304 3624 3575 3692 quomodo

1984 3690 2409 3764 prius_alligetur
2436 3690 2614 3764 furtis,
2656 3690 2708 3746 et
2738 3693 2987 3764 deinceps
3018 3690 3144 3746 vasa
3166 3694 3283 3764 ejus
3316 3690 3575 3762 diripian-

1987 3767 2073 3831 tur
2102 3759 2294 3831 (Marc’.
2324 3777 2403 3825 ιιι,
2454 3761 2567 3831 27),
2601 3762 2654 3815 in
2692 3763 3086 3831 possessionem
3115 3759 3371 3818 translata
3403 3759 3576 3819 victo-

1986 3829 2080 3912 ris,
2102 3829 2196 3955 euri
2224 3833 2485 3899 captivam
2510 3829 2660 3887 ducit
2686 3829 3068 3902 captivitatem,
3099 3841 3156 3889 et
3184 3834 3277 3890 dat
3302 3834 3445 3888 dona
3476 3833 3574 3890 ho-

1986 3914 2116 3955 mini
2160 3915 2220 3955 us
2252 3902 2427 3955 (Prol.
2461 3918 2623 3955 uvn.
2659 3902 2773 3955 191.

1986 3901 2220 3957 minibus
2252 3902 2427 3964 (Ptol.
2461 3918 2624 3971 vau,
2659 3901 2773 3973 I9).

2120 4017 2249 4071 CAP.
2283 4016 2500 4075 XXXII.
2520 4045 2593 4057 —
2613 4015 2794 4071 Gratia
2820 4026 2867 4070 et
2896 4014 3113 4071 liberum
3141 4016 3434 4070 arbitrium.

2054 4108 2304 4190 omnium
2355 4109 2625 4190 bonorum
2672 4108 2977 4190 afiectuum,
3014 4116 3183 4190 atque
3233 4122 3480 4190 operum,
3519 4118 3580 4190 et

1986 4180 2222 4234 omnium
2251 4180 2573 4247 studiorum,
2601 4180 2949 4249 omniumque
2977 4181 3255 4244 virtutum,
3285 4178 3479 4249 quibus
3505 4180 3575 4236 ab

1986 4249 2140 4305 initio
2169 4250 2289 4305 fidei
2326 4249 2393 4305 ad
2442 4250 2611 4306 Deum
2643 4251 2897 4316 tenditur,
2930 4250 3096 4304 Deum
3138 4250 3458 4319 proﬁtemur
3482 4264 3579 4305 au-

1986 4330 2211 4375 ctorem.
2253 4321 2321 4375 Et
2366 4336 2471 4374 non
2502 4320 2808 4374 dubitamus
2853 4320 2921 4375 ab
2969 4320 3138 4389 ipsius
3177 4322 3348 4388 gratia
3391 4322 3575 4376 omnia

1989 4392 2221 4445 hominis
2267 4391 2803 4461 meritaupraeveniri,
2835 4404 2931 4458 per
2970 4406 3125 4458 quem
3178 4393 3236 4444 lit
3284 4400 3346 4445 ut
3373 4392 3574 4461 aliquid

1986 4461 2111 4515 boni
2142 4470 2195 4515 et
2224 4462 2361 4515 velle
2386 4460 2721 4529 incipiamus,
2753 4468 2809 4515 et
2834 4462 3030 4516 facere.
3064 4462 3181 4529 Quo
3213 4462 3397 4531 utique
3423 4460 3575 4517 auxi-

1987 4531 2059 4584 lio
2084 4540 2139 4586 et
2170 4546 2395 4585 munere
2422 4532 2538 4595 Dei,
2571 4546 2673 4585 non
2705 4531 2946 4587 aufertur
2993 4534 3216 4587 liberum
3266 4531 3572 4597 arbitrium,

1986 4601 2082 4656 sed
2109 4602 2385 4681 liberatur,
2418 4611 2474 4655 ut
2518 4602 2588 4681 _d_e
2639 4603 2923 4681 tenebroso
2968 4602 3229 4681 lucidum,
3283 4601 3351 4655 de
3380 4616 3576 4681 __pravo

1989 4672 2307 4743 rectumrde
2355 4673 2605 4743 languido
2632 4688 2841 4737 sanum,
2872 4673 2941 4727 de
2980 4673 3319 4741 imprudente
3348 4672 3419 4724 sit
3449 4686 3573 4739 pro-

1985 4743 2164 4821 vidum
2187 4742 2463 4821 (P_Iiilipp.’
2494 4758 2555 4821 t_t,
2576 4744 2697 4821 _I'5).
2727 4744 2897 4798 Tanta
2927 4744 3069 4821 enim
3099 4750 3184 4796 est
3215 4756 3356 4821 erga.
3372 4755 3573 4821 omnes

1985 4813 2228 4869 homines
2258 4814 2467 4870 bonitas
2500 4814 2590 4869 Dei
2634 4826 2691 4868 ut
2716 4824 2894 4868 nostra
2924 4813 3051 4867 velit
3078 4825 3199 4866 esse
3227 4813 3418 4865 merita
3447 4827 3570 4879 qum

1984 4894 2107 4939 sunt
2132 4886 2297 4956 ipsius
2340 4885 2500 4963 dona,
2529 4885 2687 4963 327
2711 4894 2766 4937 et
2794 4898 2892 4952 pro
2934 4882 3032 4963 bis
3064 4896 3185 4963 quae
3235 4882 3458 4962 largitus
3486 4893 3571 4963 eet

1984 4952 2430 5033 teternaprzemia
2458 4952 2883 5033 sit___d3naturus.
2920 4954 3041 5021 Agit
3070 4952 3365 5033 quippeJin
3414 4952 3575 5008 nobis

1983 5030 2208 5097 utquod
2244 5028 2355 5081 vult
2381 5036 2436 5081 et
2464 5026 2691 5080 velimus
2717 5032 2772 5077 et
2799 5037 3050 5097 agamus;
3084 5038 3183 5077 nec
3230 5026 3401 5097 otiosa
3446 5038 3571 5097 esse

1986 5100 2039 5153 in
2085 5093 2239 5155 nobis
2280 5100 2481 5166 patitur
2528 5110 2647 5163 qum
2691 5093 3011 5160 exercenda,
3066 5110 3173 5148 non
3226 5093 3568 5166 negligeuda,

1988 5169 2220 5235 donavit,
2269 5163 2412 5244 utet
2465 5180 2564 5244 n_o_s
2605 5172 3000 5244 cooperatores
3032 5166 3201 5244 simus
3232 5165 3416 5244 gratiae
3438 5163 3567 5244 ‘Dei.

1986 5238 2061 5296 Ac
2089 5241 2134 5294 si
2180 5234 2309 5309 quid
2339 5238 2392 5292 in
2422 5237 2575 5315 nobis
2618 5251 2682 5291 ex
2711 5243 2893 5315 nestra
2914 5234 3209 5291 viderimus
3240 5234 3567 5315 remissione

1984 5306 2350 5388 languescere,
2389 5307 2457 5362 ad
2486 5308 2637 5362 illum
2680 5306 2912 5362 sollicite
2949 5320 3312 5388 recurramue,
3343 5306 3437 5388 qui
3478 5319 3568 5388 sa-

1983 5376 2289 5437 nat‘omnes
2331 5381 2615 5450 languorcs
2644 5387 2876 5450 nostros,
2909 5378 3224 5450 etredimit
3249 5376 3317 5450 de
3342 5376 3566 5450 interitu

1982 5454 2145 5506 vitam
2174 5446 2446 5518 nostram;
2467 5461 2521 5504 et
2552 5450 2635 5504 cui
2666 5446 2905 5518 quotidie
2941 5447 3171 5504 dicimus
3198 5464 3213 5500 :
3241 5447 3325 5500 Ne
3348 5448 3569 5502 inducas

1981 5539 2074 5578 nos
2121 5523 2172 5575 in
2215 5523 2565 5589 tentationem,
2617 5520 2706 5576 sed
2755 5518 2917 5574 libera
2960 5534 3055 5575 nos
3096 5536 3132 5573 a
3182 5519 3322 5573 malo
3350 5518 3567 5590 (Matth.

1980 5610 2055 5664 γι,
2083 5592 2193 5661 15).

2050 5731 2180 5787 CAP.
2206 5745 2349 5785 nix.
2382 5728 2485 5784 Per
2512 5731 2713 5798 ipsum:
2730 5728 2829 5801 aL,
2857 5743 2946 5801 per
2972 5727 3157 5801 ipsam.

2050 5801 2181 5857 Car.
2224 5816 2398 5878 uult.
2440 5795 2668 5878 Sanetus
2712 5795 3059 5878 cmlestinus,
3089 5795 3425 5878 preﬁteamur
3462 5806 3545 5852 au

1981 5882 2192 5937 storem.
2225 5872 2291 5926 Et
2318 5890 2419 5933 non
2446 5873 2732 5930 dubitemus
2754 5872 2818 5925 ab
2834 5869 2997 5942 ipsius
3024 5869 3215 5941 gratia.
