4100 6344
506 308 645 368 1239

1287 303 1379 360 AD
1416 303 1477 361 S.
1520 296 1766 360 ISIDORI
1807 290 2252 354 IIISPALENSIS
2288 291 2515 349 OPERA
2559 287 3009 347 APPENDICES.

3633 291 3780 350 1240

505 426 820 491 Bonostani,
851 418 1177 485 Photiniani,
1201 419 1462 485 Montani,
1493 426 1550 475 et
1568 414 1879 491 Manichtei,
1911 412 2089 491 _va_ri_a-
2115 412 2171 472 Α
2193 409 2495 491 auxiliante
2541 408 2784 491 operari;
2810 408 3033 491 pullum
3080 419 3183 491 nisi
3229 413 3476 489 orantem
3518 407 3782 491 auxilium

505 513 612 569 que
644 485 930 569 impietatis
954 491 1217 563 germina,
1247 491 1568 569 vel_cmterge
1590 490 1825 569 istorum
1846 485 2121 569 originis,.

507 558 621 625 s'ive
664 558 867 623 ordinis
905 558 1083 638 pestes
1109 604 1125 629 ,
1158 578 1294 638 quas
1320 563 1428 638 duo
1457 560 1717 638 principia
1749 558 1863 638 sibi
1910 558 2091 638 ignota

506 638 855 695 introducunt
878 631 987 703 {ut
1036 631 1247 691 Cerdon
1284 642 1341 689 et
1370 633 1635 696 Marcion;
1680 631 1767 703 vel
1793 631 2088 703 contraria,

506 721 563 767 ut
592 700 951 775 Manichacus;
983 706 1066 763 vel
1094 706 1218 771 tria,
1248 713 1305 761 et
1326 706 1573 775 barbara,
1608 712 1665 757 ut
1695 700 2003 775 Setltianus,
2036 707 2093 754 et

507 781 875 845 Theodosius;
914 771 1001 835 vel
1028 777 1213 843 multa,
1240 785 1299 851 ut
1326 774 1672 851 Valentinus;
1700 772 1786 851 vel
1816 771 2088 851 Christum

503 851 777 907 hominem
808 842 977 907 fuisse
1007 842 1210 917 absque
1241 849 1369 913 Deo,
1422 855 1480 900 ut
1508 844 1818 910 Cerinthus,
1854 842 2086 917 Ilebion,

504 924 767 978 Artemon
792 964 808 987 ,
851 930 905 977 et
947 910 1227 993 Photinus.
1264 910 1531 993 Ex:istis,_
1555 918 1793 993 inquam,
1829 914 1873 969 si
1904 910 1993 993 qui
2019 912 2088 993 ad

503 1009 603 1049 nos
629 984 910 1059 venerint,
941 1008 1045 1047 non
1079 990 1459 1060 requirendum
1486 989 1551 1043 ab
1589 984 1666 1041 eis
1697 997 1871 1060 utrum
1899 984 2090 1060 _bap_ti-

500 1066 606 1120 nati
631 1066 756 1127 sint,
783 1080 850 1119 an
881 1054 1019 1127 non;
1051 1054 1280 1117 sed'hoc
1308 1061 1519 1115 tandem
1544 1060 1616 1113 :si
1646 1058 1869 1113 credant
1899 1054 2087 1110 Eccle-

503 1139 600 1191 siae
627 1136 806 1201 iidem,
836 1142 890 1189 et
914 1134 1251 1205 baptizentur
1277 1130 1645 1187 ecclesiastico
1672 1130 2010 1198 baptismate.

846 1227 974 1281 CAP.
1006 1224 1138 1280 LIII.
1168 1254 1239 1266 -—
1267 1222 1346 1277 De
1382 1221 1735 1276 Euclzaristia.

576 1318 821 1385 Quotidie
850 1318 1202 1374 Eucharistiaa
1222 1316 1654 1371 communionem
1685 1315 1958 1381 percipere
1986 1329 2087 1369 nec

504 1390 698 1457 laudo,
739 1405 841 1445 nec
867 1389 1228 1458 reprehendo.
1273 1387 1534 1441 Omnibus
1571 1395 1747 1458 tamen
1794 1384 2086 1458 Dolninicis

503 1456 695 1515 diebus
720 1456 1219 1517 communicandum
1252 1459 1477 1525 suadeo,
1509 1466 1565 1511 et
1592 1456 1798 1521 hortor,
1830 1456 1874 1509 si
1908 1464 2085 1511 tamen

503 1545 656 1587 mens
676 1532 795 1588 sine
818 1532 1011 1586 aﬂectu
1038 1530 1293 1600 peccandi
1314 1528 1404 1583 sit.
1432 1530 1566 1582 Nam
1598 1526 1881 1600 habentem
1909 1527 2087 1600 adhuc

501 1603 829 1659 voluntatem
857 1597 1135 1672 peccandi,
1159 1599 1367 1672 gravari
1392 1600 1562 1672 magis
1577 1598 1702 1672 dico
1737 1597 2086 1672 Eucharistiae

507 1668 883 1743 perceptione,
912 1689 1069 1742 quam
1101 1668 1394 1743 pu‘riﬁcari.
1438 1672 1504 1723 Et
1538 1669 1660 1743 ideo
1689 1669 1934 1743 quamvis
1964 1668 2085 1737 quis

503 1738 723 1812 peccato
750 1738 1079 1807 mordeatur,
1104 1738 1367 1811 peccandi
1410 1757 1514 1795 non
1564 1740 1756 1812 habeat
1786 1738 1852 1812 de
1886 1748 2084 1812 caetero

503 1809 856 1891 voluntatem,
891 1824 945 1871 et
973 1809 1778 1891 communicaturuS‘satisfaeiat
1807 1809 2077 1891 lacrymis,

502 1894 558 1941 et
583 1880 948 1951 orationibus,
977 1895 1032 1940 et
1060 1884 1336 1938 conlidens
1362 1881 1431 1936 de
1458 1880 1665 1935 Domini
1699 1880 2079 1950 miseratione,

541 1958 591 2011 ui
625 1966 839 2025 peccata
874 1956 971 2025 pia:
1001 1954 1324 2009 confessioni
1354 1954 1556 2025 donare
1585 1952 1889 2025 consuevit,
1922 1966 2081 2025 acce-

541 1973 591 2011 ιιι
625 1972 839 2025 peccata
874 1972 971 2025 pliB
1001 1972 1324 2009 COIIICSSIOIII
1354 1972 1556 2007 nouare
1585 1972 1889 2014 COIISUCVIL,
1922 1972 2081 2007 acce-

500 1972 597 2082 ἔοι
625 2028 692 2081 ad
722 2028 1110 2082 Eucharistiam
1157 2023 1454 2093 intrepidus
1485 2032 1538 2078 et
1564 2035 1804 2078 securus.
1850 2021 1956 2076 Sed
1980 2025 2084 2079 hoc

504 2098 573 2152 de
600 2098 695 2153 illo
721 2099 842 2153 dico
866 2113 1024 2166 quem
1065 2095 1311 2165 capitalia
1340 2101 1396 2150 et
1435 2095 1682 2166 mortalia
1710 2102 1927 2166 peceata
1976 2108 2082 2149 non

502 2179 753 2237 gravant;
780 2164 903 2223 nam
930 2182 1086 2236 quem
1109 2164 1350 2220 mortalia
1372 2165 1599 2220 crimina
1622 2174 1739 2234 post
1757 2164 2083 2237 baptismum

502 2235 789 2292 commissa
823 2235 1092 2308 premunt,
1127 2239 1311 2291 hortor
1342 2239 1491 2308 prius
1523 2237 1729 2304 publica
1762 2235 2082 2308 paenitentia

506 2307 855 2375 satisfacere,
904 2316 959 2363 et
985 2308 1057 2361 ita
1105 2308 1397 2362 sacerdOtis
1441 2307 1639 2375 judicio
1678 2307 2081 2361 reconciliatum

504 2380 868 2435 communioni
898 2378 1115 2441 sociari,
1146 2377 1193 2432 si
1215 2379 1327 2432 vult
1356 2392 1461 2431 non
1491 2379 1557 2433 ad
1581 2377 1839 2447 judicium
1870 2387 1927 2432 et
1954 2393 2085 2433 con-

501 2448 897 2507 demnationem
954 2451 1038 2505 sui
1080 2448 1473 2504 Eueharistiam
1528 2450 1826 2518 percipere.
1874 2449 1979 2504 Sed
2030 2457 2087 2506 et

500 2530 709 2576 secreta
745 2521 1114 2579 satisfactione
1148 2521 1285 2575 solvi
1314 2521 1559 2575 mortalia
1606 2520 1828 2574 crimina
1856 2535 1962 2574 non
1990 2536 2085 2576 ne-

500 2606 731 2714 gamus;
782 2592 881 2648 sed
929 2601 1137 2648 mutato
1166 2591 1317 2661 prius
1354 2592 1594 2646 saeculari
1627 2590 1843 2654 habitu,
1867 2600 1922 2646 et
1951 2606 2085 2647 con-

525 2676 648 2714 esso
669 2663 943 2714 religionis
965 2663 1144 2714 studio
1165 2678 1262 2714 uer
1283 2664 1409 2714 vitae
1432 2663 1843 2714 correctionem.
1871 2672 1925 2714 et
1951 2662 2080 2714 iuai-

525 2663 648 2717 'esso
668 2663 943 2735 religionis
965 2663 1144 2719 studio
1165 2678 1262 2735 per
1283 2664 1409 2717 vitae
1432 2663 1843 2735 correctionem,
1871 2672 1925 2717 et
1947 2662 2081 2733 jugi,

502 2734 615 2789 imo
644 2732 902 2804 perpetuo
931 2738 1100 2802 luctu,
1131 2734 1425 2789 miserante
1451 2734 1583 2799 Deo,
1615 2732 1999 2804 itaiduntaxa’t,
2029 2744 2089 2789 ut

500 2803 772 2885 contraria
802 2822 898 2885 pro
921 2807 1001 2885 iis
1014 2821 1135 2885 quae
1166 2804 1392 2885 pcpnitet
1419 2814 1579 2875 agat,
1608 2811 1664 2885 e_t
1692 2803 2087 2885 Eucharistiam

500 2874 663 2949 332
686 2877 937 2949 omnibus
968 2874 1261 2932 Dominicis
1286 2874 1477 2949 diebus
1498 2876 1733 2947 supplex
1760 2881 1817 2929 et
1856 2876 2089 2931 submis-

498 2960 593 3004 sus
624 2963 793 3017 usque
821 2948 889 3003 ad
921 2957 1150 3003 mortem
1181 2948 1460 3016 percipiat.

866 3039 996 3095 CAP.
1030 3038 1163 3095 LIV.
1190 3068 1261 3079 —
1290 3039 1367 3094 De
1411 3040 1725 3109 paenitentia.

2195 482 2521 549 promereri;
2573 480 2777 533 nullum
2810 480 2904 533 Dei
2933 480 3206 534 voluntate
3237 478 3415 546 perire
3435 522 3451 543 ,
3503 480 3599 534 sed
3655 496 3784 547 per-

2194 553 2381 621 missu,
2415 568 2511 622 pro
2528 550 2798 622 Aelectione
2819 551 3047 614 arbitrii,
3071 564 3137 622 ne
3162 549 3467 622 ingenuitas
3493 552 3782 619 patestatis

2193 620 2375 706 semel
2396 620 2702 679 hominibus
2731 622 2999 677 attributa:
3046 620 3112 675 ad
3142 621 3391 677 servilem
3423 630 3648 691 cogatur
3686 637 3784 679 ne-

2192 704 2331 751 CCSSI
2341 704 2499 750 tatem
2508 734 2524 750 .

2340 786 2467 842 CAP.
2500 787 2658 843 LVII.
2689 817 2761 829 —
2793 786 2942 853 Quod
2970 786 3161 839 malum
3189 801 3292 838 non
3336 785 3403 839 sit
3427 803 3460 839 a
3488 784 3623 841 Deo.

2264 880 2453 934 Malum
2496 881 2579 936 vel
2625 880 2826 935 malitia
2876 895 2982 933 non
3022 888 3106 933 est
3144 894 3174 933 a
3228 878 3340 933 Deo
3377 889 3593 940 creata,
3625 877 3720 935 sed
3748 892 3785 936 ι

2191 949 2410 1006 diabolo
2433 954 2666 1018 inventa,
2692 952 2781 1021 qui
2806 960 2860 1006 et
2888 951 3003 1019 ipse
3031 952 3205 1003 bonus
3225 964 3268 1021 ar
3290 950 3401 1003 Deo
3430 959 3646 1005 creatus
3674 956 3784 1007 est.

2192 1024 2297 1078 Sed
2324 1022 2446 1092 quia
2476 1024 2647 1077 libero
2674 1020 2920 1087 arbitrio,
2953 1030 3138 1089 utpote
3172 1020 3453 1075 rationalis
3491 1031 3736 1074 creatura
3763 1064 3780 1086 ,

2189 1108 2220 1147 a
2253 1093 2363 1149 Deo
2392 1095 2713 1149 commissus
2742 1103 2845 1155 est,
2881 1102 2935 1146 et
2962 1092 3226 1161 cogitandi
3257 1101 3539 1159 acceperat
3561 1092 3787 1147 faculta-

2191 1174 2329 1228 tem,
2360 1166 2642 1219 scientiam
2671 1164 2793 1218 honi
2826 1165 2980 1218 vertit
3002 1164 3066 1215 ad
3107 1164 3327 1229 malum,
3359 1173 3413 1217 et
3440 1162 3604 1216 multa
3638 1164 3787 1231 cogi-

2193 1235 2354 1290 tando
2387 1236 2556 1289 factus
2599 1248 2681 1290 est
2715 1236 2962 1289 inventor
2985 1234 3151 1298 mali;
3184 1242 3239 1288 et
3260 1235 3401 1302 quod
3433 1234 3489 1287 in
3518 1249 3577 1288 se
3603 1236 3787 1304 perdi.

2189 1307 2339 1360 derat
2371 1306 2559 1361 invidit
2589 1306 2643 1361 in
2692 1307 2842 1371 aliis;
2892 1320 2992 1360 nec
3038 1314 3324 1359 contentus
3371 1305 3520 1359 solus
3569 1306 3787 1373 perire,

2191 1379 2359 1431 suasit
2390 1378 2512 1431 aliis
2543 1387 2599 1431 ut
2628 1377 2715 1447 qui
2748 1387 2897 1432 esset
2944 1391 3056 1430 sua:
3084 1374 3299 1430 malitia:
3334 1376 3581 1430 inventor
3626 1374 3789 1429 fieret

2190 1457 2243 1501 et
2282 1448 2508 1502 aliorum
2554 1458 2764 1511 auctor,
2796 1457 2850 1502 et
2875 1463 2942 1501 ex
2973 1462 3039 1501 eo
3065 1449 3261 1501 malum
3291 1447 3377 1502 vel
3408 1448 3611 1501 malitia
3664 1460 3785 1514 per-

2191 1519 2359 1572 currit
2386 1520 2439 1573 in
2473 1529 2699 1574 caeteras
2723 1517 3012 1573 rationales
3039 1528 3335 1572 creaturas.

2259 1608 2387 1663 CAP.
2421 1608 2601 1663 LVIII.
2643 1638 2714 1649 ——
2737 1608 2887 1662 Nihil
2916 1624 3019 1662 non
3046 1608 3287 1662 mutabile
3308 1596 3491 1677 praeter
3522 1604 3711 1663 Deum.

2268 1700 2422 1756 Unde
2454 1702 2835 1770 cognoscimus
2866 1700 2998 1754 nihil
3028 1716 3150 1755 esse
3189 1710 3374 1754 natura
3431 1698 3784 1766 immutabile,

2116 1778 2163 1837 B
2192 1773 2293 1826 nisi
2344 1772 2515 1825 solum
2551 1772 2744 1835 Deum,
2780 1771 2990 1826 Patrem
3012 1812 3028 1837 ,
3079 1782 3131 1825 et
3162 1771 3352 1825 Filium
3381 1812 3396 1834 ,
3437 1782 3494 1825 et
3525 1770 3787 1838 Spiritum

2193 1853 2460 1908 sanetum,
2488 1844 2581 1912 qui
2615 1843 2810 1896 mutari
2834 1857 2941 1897 non
2974 1850 3148 1911 potest
3185 1857 3215 1893 a
3247 1843 3409 1905 bono,
3443 1842 3565 1911 quia
3601 1851 3789 1895 natura

2189 1915 2427 2041 possidet
2477 1914 2713 1974 bonum.
2761 1929 2861 1969 nec
2910 1921 3086 1983 potest
3120 1913 3264 1968 aliud
3311 1913 3437 1981 quid
3476 1926 3597 1967 esse
3626 1926 3787 1980 quam

2228 2000 2413 2041 onum.

2460 2080 2590 2135 CAP.
2619 2078 2755 2135 LIX.
2788 2108 2857 2120 -—
2910 2078 3179 2134 Stabilitas
3203 2078 3257 2133 in
3304 2078 3521 2149 angelis.

2263 2172 2453 2244 Angeli
2479 2188 2633 2239 vero,
2671 2172 2837 2243 quiin
2871 2171 2961 2227 illa
2986 2188 3088 2243 qua
3111 2174 3276 2244 creati
3306 2181 3433 2227 sunt
3459 2170 3789 2228 beatitudine

2191 2243 2577 2315 perseverant,
2632 2260 2738 2299 non
2772 2254 2962 2299 natura
3006 2243 3285 2313 possident
3311 2245 3531 2309 bonum,
3583 2252 3639 2296 ut
3676 2257 3782 2296 nun

2192 2324 2532 2397 mutarentur
2555 2330 2674 2370 cum
2700 2316 2936 2397 caeteris,
2965 2316 3059 2370 sed
3081 2315 3477 2397 arbitrii
3508 2320 3790 2397 servantes

2192 2387 2389 2441 bonam
2424 2387 2789 2450 voluntatem,
2840 2396 2894 2442 et
2924 2387 3122 2441 bonum
3153 2384 3481 2440 conditionis
3518 2392 3576 2439 et
3628 2384 3791 2439 ﬁdem

2192 2472 2293 2514 suo
2327 2457 2573 2512 Domino.
2601 2458 2826 2527 Propter
2852 2460 2993 2527 quod
3021 2468 3075 2511 et
3104 2458 3298 2512 merito
3328 2456 3395 2510 ab
3416 2456 3532 2525 ipso
3560 2454 3791 2527 Domino

2191 2529 2364 2584 sancti
2412 2528 2587 2597 angeli
2633 2526 2911 2593 vocantur,
2937 2528 3077 2596 quod
3111 2536 3399 2582 tenuerunt
3426 2526 3633 2580 arbitrii
3661 2540 3790 2580 san-

2192 2600 2457 2667 ctitatem,
2488 2614 2589 2655 nec
2617 2600 2885 2655 sociorum
2916 2598 3162 2669 exemplo
3183 2599 3535 2654 deviaverunt
3560 2612 3592 2651 a
3620 2597 3788 2651 bono.

2426 2691 2558 2747 Car.
2610 2690 2726 2747 LX.
2757 2722 2829 2735 —
2854 2692 3061 2747 Natura
3095 2690 3223 2745 nihil
3250 2700 3322 2745 est
3345 2692 3559 2746 malum.

2267 2784 2427 2839 Fides
2456 2797 2607 2850 vera,
2640 2800 2758 2855 quae
2798 2795 2881 2840 est
2920 2783 3209 2850 catholica,
3240 2783 3481 2855 omnium
3513 2793 3791 2838 creatura-

2192 2872 2335 2930 rum,
2383 2856 2497 2909 sive
2546 2854 2903 2930 spiritualium
2929 2896 2947 2922 ,
2978 2854 3536 2930 sivencorporalium,
3584 2858 3785 2909 bonam

2194 2924 2479 2982 confitetur
2500 2924 2887 2991 substantiam,
2917 2936 2971 2980 et
2997 2924 3127 2980 mali
3148 2924 3352 2979 nullam
3379 2939 3498 2980 esse
3520 2934 3789 2990 naturam,

2194 3000 2319 3068 quia
2341 2998 2483 3070 Deus
2504 3038 2520 3064 ,
2544 2999 2636 3070 qui
2668 2997 3065 3070 universitatis
3087 3006 3180 3070 est
3195 2996 3474 3060 conditor,
3505 2996 3656 3070 nihil
3686 3012 3793 3052 non

2199 3065 2402 3124 bonum
2433 3065 2583 3126 fecit:
2630 3069 2783 3127 Unde
2809 3078 2864 3123 et
2890 3067 3139 3122 diabolus
3166 3065 3339 3122 bonus
3362 3074 3535 3132 esset,
3564 3068 3611 3122 si
3644 3068 3699 3122 in
3728 3083 3794 3122 eo

575 3132 898 3210 Pmnitentia
922 3140 1162 3210 vera_est_
1185 3130 1495 3210 ptenitenda
1516 3145 1622 3210 non
1659 3131 1943 3210 admittere
1966 3170 1983 3197 ,
2032 3139 2090 3185 et

2203 3141 2346 3210 quod
2378 3139 2551 3198 iactus
2579 3151 2661 3196 est
2704 3145 3065 3209 permaneret.
3092 3137 3202 3193 Sed
3231 3138 3322 3208 qui
3344 3130 3579 3210 naturali
3603 3139 3794 3194 excel-

505 3203 741 3260 admissa
786 3204 1021 3273 deﬂere.
1050 3202 1358 3259 Satisfactio
1388 3203 1725 3273 ptenitentiae
1769 3210 1855 3273 est
1899 3215 2092 3273 causas

508 3284 847 3343 peccatorum
872 3272 1143 3342 excidere,
1174 3288 1274 3329 nec
1299 3271 1485 3330 earum
1504 3272 1943 3344 suggestionibus
1973 3271 2093 3327 adi-

507 3354 617 3400 tum
652 3346 949 3415 indulgere.

719 3435 849 3491 CAP.
882 3435 993 3492 LV.
1023 3468 1093 3479 —-
1125 3436 1205 3492 De
1247 3437 1433 3492 divinis
1456 3436 1899 3507 promissionibus.

582 3537 639 3592 In
661 3536 851 3591 divinis
879 3535 1329 3605 promissionibus
1350 3536 1485 3590 nihil
1514 3543 1787 3591 terrenum
1809 3535 1896 3590 vel
1920 3543 2095 3590 trans-

505 3607 723 3664 itorium
770 3616 1144 3676 exspectemus
1170 3649 1185 3674 ,
1226 3609 1365 3663 sicut
1394 3606 1663 3662 Meletiani
1692 3614 1945 3677 sperant;
1985 3621 2094 3661 non

508 3680 817 3745 nuptiarum
871 3679 1155 3748 copulam,
1203 3678 1342 3733 sicut
1384 3678 1696 3733 Cerintliius
1746 3686 1801 3734 et
1855 3678 2094 3732 Marcion

505 3750 772 3815 delirant;
806 3764 911 3803 non
941 3747 1083 3818 quod
1111 3748 1179 3803 ad
1209 3750 1387 3804 cibum
1409 3749 1495 3803 vel
1520 3747 1587 3802 ad
1620 3758 1802 3815 potum
1837 3750 2093 3817 pertinet,

503 3821 641 3878 sicut
696 3821 908 3891 Papiae,
957 3828 1177 3875 auctore
1230 3820 1463 3891 Irenaeo,
1517 3828 1571 3873 et
1616 3819 1981 3891 'I‘ertullianus
2036 3828 2095 3874 et

504 3888 817 3948 Lactantius
857 3892 1224 3960 acquiescunt.
1269 3890 1453 3960 Neque
1478 3904 1571 3958 per
1600 3888 1744 3944 mille
1770 3905 1939 3945 annos
1973 3899 2095 3959 post

505 3964 961 4020 resurrectionem
990 3978 1215 4033 regnum
1255 3959 1457 4033 Christi
1486 3961 1538 4014 in
1570 3969 1710 4014 terra
1742 3959 1976 4016 tutorum
1995 4001 2009 4025 ,
2037 3969 2095 4017 et

503 4045 722 4090 sanctos
777 4049 896 4088 cum
946 4032 1123 4089 illoin
1173 4032 1380 4088 deliciis
1431 4041 1749 4101 regnaturos
1774 4046 2093 4102 speremus,

504 4105 642 4161 sicut
665 4104 841 4173 Nepos
863 4103 1062 4172 docuit,
1099 4105 1324 4173 primam
1339 4102 1607 4173 justorum
1636 4103 2090 4158 resurrectionem

508 4185 565 4232 et
608 4174 895 4231 secundam
944 4176 1232 4245 impiorum
1264 4178 1356 4244 qui
1376 4174 1678 4239 confinxit;
1709 4184 1763 4228 et
1803 4174 1947 4228 inter
1994 4174 2093 4229 has

508 4247 642 4301 duas
693 4255 1023 4302 mortuorum
1070 4246 1491 4302 resurrectiones
1542 4252 1729 4315 gentes
1779 4245 2091 4314 ignorantes

506 4317 678 4372 Deum
708 4318 759 4370 in
791 4318 994 4388 angulis
1034 4326 1297 4372 terrarum
1328 4315 1382 4370 in
1412 4330 1574 4388 carne
1614 4318 1935 4388 servandas;
1970 4330 2091 4382 quae

506 4398 629 4457 post
650 4388 796 4442 mille
822 4386 987 4442 annos
1014 4390 1163 4458 regni
1212 4389 1265 4441 in
1294 4396 1433 4443 terra
1457 4387 1726 4457 justorum
1753 4429 1769 4454 ,
1801 4386 2092 4456 instigante

509 4459 767 4525 diabolo,
821 4458 1096 4513 movendae
1150 4469 1275 4513 sunt
1319 4460 1653 4529 adpugnam
1701 4468 1886 4513 contra
1915 4459 2090 4527 justos

2202 3209 2363 3267 lentia
2395 3214 2537 3267 male
2568 3228 2696 3267 usus
2727 3220 2831 3276 est,
2880 3219 2936 3266 et
2963 3211 3016 3264 in
3051 3210 3281 3265 veritate
3310 3222 3418 3264 non
3459 3209 3649 3275 stetit,
3682 3225 3794 3264 non

2196 3283 2252 3337 in
2295 3285 2618 3338 contrariam
2678 3280 3034 3338 substantiam
3067 3281 3312 3349 transiit,
3372 3279 3469 3335 sed
3503 3295 3537 3336 a
3580 3296 3793 3336 summo

2200 3353 2361 3421 bono,
2388 3354 2475 3410 cui
2500 3354 2684 3410 debuit
2714 3353 3016 3421 adhterere,
3049 3352 3317 3408 discessit.

2480 3446 2607 3502 Car.
2636 3444 2773 3503 LXI.
2797 3470 2867 3485 -
2889 3442 3137 3498 Felicitas
3176 3442 3501 3514 angelorum.

2275 3536 2508 3593 Virtutes
2532 3537 2808 3607 angelicae,
2837 3550 2956 3604 qua:
2980 3535 3032 3589 in
3052 3534 3242 3607 divino
3270 3549 3457 3607 amore
3494 3534 3616 3588 line
3666 3549 3790 3603 per-

2195 3608 2447 3663 stiterunt
2470 3649 2485 3674 ,
2512 3606 2673 3679 lapsis
2713 3606 3153 3679 superbientibus
3166 3606 3397 3679 angelis,
3426 3606 3546 3679 hoc
3562 3619 3786 3679 munere

2198 3676 2577 3759 retributionis
2593 3676 2945 3759 acceperunt,
2966 3687 3026 3731 ut
3067 3676 3210 3759 nulla
3235 3678 3348 3759 jam
3378 3676 3624 3759 rubigine
3643 3676 3784 3759 sub-

2196 3749 2444 3819 ripientis
2471 3752 2642 3818 eulpae
2672 3748 3041 3815 mordeantur;
3073 3756 3129 3802 ut
3154 3757 3207 3803 et
3237 3748 3292 3801 in
3329 3748 3788 3816 contemplatione

2196 3821 2488 3876 conditoris
2518 3822 2634 3876 sine
2662 3821 2926 3875 felicitatis
2960 3820 3065 3875 fine
3091 3828 3485 3888 permaneant,
3514 3828 3571 3875 et
3597 3820 3651 3873 in
3681 3822 3783 3874 hoc

2196 3894 2275 3947 sic
2299 3893 2529 3948 conditm
2566 3902 2768 3947 :eterna
2799 3891 3089 3945 stabilitate
3117 3890 3414 3945 subsistant

2372 3984 2502 4043 CAP.
2531 3983 2692 4039 LXII.
2710 4014 2782 4026 -—
2806 3982 2990 4038 Libera
3014 3983 3249 4037 voluntas
3274 3980 3597 4053 angelorum.

2264 4077 2424 4133 Tales
2441 4076 2745 4133 creatisunt
2775 4076 2969 4146 angeli,
2991 4084 3069 4141 ut,
3098 4074 3145 4129 si
3166 4073 3388 4146 vellent,
3414 4075 3468 4127 in
3500 4073 3794 4129 beatitudi-

2195 4149 2279 4204 nis
2320 4150 2439 4205 luce
2488 4145 2863 4217 persisterent.
2907 4147 2964 4202 Si
2990 4156 3167 4200 autem
3189 4145 3423 4217 vellent.
3467 4147 3627 4217 etiam
3670 4145 3786 4217 labi

2194 4214 2516 4289 potuissent.
2546 4218 2696 4274 Unde
2714 4228 2767 4274 et
2787 4219 2949 4273 Satan
2972 4232 3094 4272 eum
3116 4214 3466 4289 sequentibus
3491 4215 3789 4289 legionibus

2193 4286 2409 4345 cecidit.
2459 4290 2569 4346 Sed
2617 4300 2736 4359 post
2778 4290 2896 4358 ejus
2947 4289 3154 4357 lapsum
3204 4289 3277 4341 ita
3319 4286 3626 4341 confirmati
3667 4299 3793 4341 sunt

2192 4362 2475 4432 angeluqui
2502 4364 2868 4430 perstiterunt,
2894 4360 3163 4432 ut‘eadere
3182 4359 3404 4432 omnino
3420 4373 3523 4432 non
3546 4367 3789 4427 possent,

2194 4434 2320 4501 quia
2368 4430 2435 4487 ne
2477 4433 2696 4487 omnino
2732 4432 2843 4501 jam
2874 4430 3128 4485 caderent
3156 4430 3405 4484 virtutem
3435 4430 3793 4483 incommuta-

508 4503 830 4601 regnantes,
886 4538 958 4595 et,
992 4529 1220 4601 Domino
1257 4503 1880 4601 projust'is-pugnante.
1915 4503 2090 4583 imbre

2202 4503 2425 4558 bilitatis
2454 4512 2803 4572 acceperunt.

509 4600 668 4672 igneo
695 4600 1150 4669 compescendas;
1179 4610 1338 4669 atque
1372 4600 1445 4655 ita
1470 4610 1710 4655 mortuas
1732 4615 1854 4654 cum
1875 4600 2096 4672 ceteris

507 4670 563 4727 in
624 4673 895 4741 impietate
938 4681 1061 4725 ante
1105 4674 1328 4727 mortuis
1356 4672 1424 4727 ad
1476 4683 1675 4727 aeterna
1727 4670 1993 4740 supplicia
2039 4670 2095 4725 in

432 4752 435 4753 '
506 4741 899 4811 incorruptibili
922 4757 1083 4798 carne
1109 4743 1520 4799 resuscitandas.

507 4834 641 4890 CAP.
670 4833 803 4889 LVI.
836 4864 907 4875 —
936 4835 1087 4904 Quod
1116 4835 1292 4892 nullus
1320 4838 1563 4906 salvetur,
1586 4836 1689 4891 nisi
1715 4833 1825 4890 Deo
1866 4845 2092 4889 auctore.

582 4926 798 4983 Nullum
839 4928 1107 4985 credimus
1148 4931 1215 4987 ad
1262 4922 1489 4987 salutem
1542 4930 1643 4985 nisi
1681 4929 1793 4984 Deo
1838 4930 2099 4985 invitante

506 4997 727 5065 venire;
779 5000 983 5055 nullum
1029 5002 1313 5057 invitatum
1356 5003 1585 5057 salutem
1627 5015 1779 5057 suam
1832 5001 1934 5056 nisi
1986 5000 2100 5057 Deo

579 5160 711 5237 (2A9.
762 5178 878 5237 LIII.
913 5164 1327 5237 Quotidie,etc.
1349 5163 1546 5220 Confer
1567 5179 1686 5237 cap.
1728 5166 1797 5221 I8
1846 5167 1941 5222 lib.
1974 5182 1990 5221 t
2031 5168 2101 5225 de

509 5232 667 5291 Ofﬁc.
710 5236 869 5301 eccl.,
914 5250 1034 5290 cum
1084 5236 1243 5291 notis.
1280 5234 1536 5302 Maurini,
1568 5240 1613 5293 si
1632 5232 1807 5294 tamen
1854 5254 1997 5294 mens
2044 5240 2102 5295 in

508 5304 697 5373 affectu
726 5308 973 5378 peccandi
1003 5323 1103 5362 non
1129 5309 1217 5363 sit.

584 5378 713 5434 CAP.
748 5395 833 5454 ιγ.
872 5379 1016 5436 Sicut
1053 5378 1267 5454 fapia',
1294 5389 1396 5433 etc.
1449 5380 1709 5454 Maurini,
1754 5382 1887 5435 sicut
1931 5382 2104 5454 Papia

512 5460 741 5514 auctore,
778 5449 1032 5522 Irenwus,
1049 5448 1422 5522 Tertullianus,
1442 5461 1545 5505 etc.
1580 5452 1874 5522 Utrumque
1898 5448 2103 5509 textum

511 5522 755 5595 vitiatum
793 5536 913 5574 esse
957 5520 1162 5595 colligit
1190 5518 1476 5595 Vezzosius
1504 5536 1591 5595 ex
1626 5518 1985 5595 Hieronymo,
2033 5525 2104 5580 de

512 5589 625 5665 Vir.
658 5592 876 5665 illustr.,
918 5604 1037 5658 cap.
1082 5590 1179 5665 _de
1221 5590 1405 5665 Papia.
1460 5593 1705 5665 Bignaeus
1751 5589 1846 5650 sie'
1872 5597 2037 5651 refert
2086 5614 2100 5649 :

511 5660 659 5715 Sicut
704 5661 923 5730 Papias,
954 5671 1044 5715 aut
1070 5660 1362 5729 Cerintluis,
1392 5673 1441 5718 et
1469 5660 1855 5733 Tirtullianus,
1889 5679 1935 5722 et
1965 5668 2103 5721 Lac-

513 5735 707 5787 tantius
736 5736 1081 5803 acquiescant.
1132 5734 1445 5800 chzosius,
1472 5738 1523 5789 in
1555 5746 1701 5792 textu
1720 5780 1736 5801 ,
1784 5749 1894 5803 post
1922 5739 2103 5804 mille;

518 5804 607 5855 sed
640 5805 690 5857 in
725 5816 844 5859 nota
896 5807 1086 5861 melius
1135 5808 1263 5863 dicit
1292 5824 1383 5876 per
1427 5806 1569 5863 mille
1602 5824 1723 5864 eum
1771 5810 1907 5865 aliis.
1942 5811 2105 5870 Addit

2649 4594 2778 4651 Car.
2802 4592 2983 4649 LXIII.
3009 4591 3316 4663 —Nuptite.

2277 4686 2437 4741 Bonae
2485 4695 2611 4742 sunt
2638 4686 2836 4756 nuptiae
2859 4726 2876 4752 ,
2927 4685 3025 4741 sed
3050 4699 3212 4740 causa
3243 4684 3475 4740 filiorum
3498 4722 3514 4752 ,
3556 4690 3611 4738 et
3638 4693 3786 4737 com-

2206 4757 2487 4829 peseendae
2520 4758 2889 4814 fornicationis
2916 4758 3159 4812 obtentu.

2583 4850 2713 4910 CAP.
2744 4850 2932 4908 LXIV.
2962 4881 3033 4893 ——
3059 4849 3403 4906 Continentia.

2278 4944 2464 5000 Melior
2511 4952 2594 4999 est
2639 4944 2997 5011 continentia,
3044 4942 3141 4999 sed
3184 4957 3292 4998 non
3334 4941 3439 4997 sibi
3484 4941 3686 4996 sufficit
3721 4938 3787 4994 ad

2207 5016 2613 5085 beatitudinem,
2643 5016 2689 5071 si
2721 5029 2817 5086 pro
2844 5017 2960 5071 solo
2988 5027 3172 5070 amore
3202 5014 3477 5084 pudicitiae
3504 5014 3785 5077 retinetur,

2208 5170 2559 5241 antiquiorem
2590 5169 2800 5241 Nepote
2827 5181 2951 5225 esse
2977 5167 3300 5239 opinionem;
3330 5166 3477 5221 illam
3506 5164 3575 5222 de
3596 5162 3797 5235 duplici

2209 5243 2625 5299 resm‘rectione.
3766 5279 3772 5283 -

2280 5316 2410 5368 (In.
2458 5329 2583 5367 Lvtt.
2612 5313 2759 5368 Alii:
2809 5310 3009 5366 Malum
3036 5310 3116 5366 vel
3159 5310 3412 5364 malitiam
3462 5324 3566 5362 non
3607 5323 3719 5361 esse
3766 5324 3798 5363 a

2210 5384 2320 5440 Deo
2348 5394 2591 5452 creatam,
2618 5389 2705 5439 sed
2727 5400 2760 5437 a
2781 5383 2983 5438 diabolo
3010 5383 3284 5449 inventam,
3308 5382 3395 5452 qui
3416 5422 3434 5449 ,
3455 5389 3589 5445 etc.,
3612 5379 3799 5433 subino

2211 5457 2423 5511 tellecto
2452 5465 2668 5520 constat,
2704 5470 2855 5511 more
2885 5453 3228 5509 Isidoriano.~

2280 5527 2409 5581 CAP.
2443 5541 2553 5581 ιιι.
2590 5526 2851 5592 Maurini,
2879 5541 2971 5581 suo
3002 5524 3224 5579 Domino
3266 5532 3611 5579 servaverunt.
3649 5519 3801 5574 Unde

2211 5605 2257 5650 et
2279 5599 2476 5651 merito.
2509 5598 2661 5666 Quod
2684 5607 2889 5653 rectum
2914 5604 3065 5666 putat
3091 5596 3396 5652 Vezzosius.
3430 5593 3537 5650 Sed
3569 5593 3800 5649 fortasse

2210 5669 2522 5724 mutandum
2546 5676 2799 5723 servantes
2828 5668 2882 5722 in
2904 5677 3250 5723 servaverunt.

2282 5740 2405 5794 CAP.
2443 5755 2526 5793 ιχ.
2565 5740 2676 5794 Iloc
2704 5748 2936 5807 caputet
2963 5739 3069 5792 duo
3092 5753 3247 5810 seqq.
3279 5740 3475 5797 desunt
3502 5739 3556 5795 in
3587 5734 3766 5793 Editio

2210 5814 2365 5870 nibus
2389 5811 2673 5879 Bignaeana
2697 5821 2751 5867 et
2772 5811 3159 5869 Maurinorunt.
