4100 6344
372 313 500 373 1241

1142 310 1442 372 ΔΡΡΕΝΙ).
1482 310 1626 369 XIII.
1657 340 1728 354 —-
1757 308 1850 366 DE
1890 306 2443 391 ECCLESIASTICIS
2481 306 2938 366 DOGMA'I‘IBUS.

3492 298 3635 362 ΝΛΞ

370 426 459 482 sed
480 419 529 481 si
552 434 607 485 et
630 438 752 480 cum
771 424 965 481 affectu
980 437 1139 480 causa
1165 422 1392 479 vacandi
1420 423 1644 480 Domino
1672 423 1941 493 eligatur;
1972 421 2028 481 Α
2049 417 2178 475 CAP.
2212 418 2450 478 LXXIV.
2481 448 2552 459 -—
2589 418 2664 493 De
2706 417 3078 493 catechuments
3103 416 3376 493 aefunctis,
3410 428 3457 473 et
3483 433 3637 476 mar-

370 497 597 566 alioquin
627 497 912 552 divortium
937 497 1108 567 magis
1144 493 1376 567 coniugii
1398 494 1611 550 videtur
1638 508 1761 551 esse
1788 507 1947 563 quam

368 568 622 637 appetitio
645 569 930 623 castitatis.

784 660 911 714 CAP.
934 657 1096 715 LXV.
1120 689 1190 699 ——
1218 656 1523 732 Virginitas.

437 748 732 828 Virginitas
763 760 1011 828 _utroque
1059 750 1201 806 bono
1245 748 1553 822 praecelsior
1597 755 1713 810 est,
1743 747 1872 828 quia
1898 754 1953 800 et

366 819 613 875 naturam
642 823 821 887 vincit,
867 819 1185 892 efpugnam
1223 819 1547 889 :'naturam,
1587 819 1829 890 corporis
1860 819 1954 892 in-

366 893 612 959 tegritate
638 911 651 957 ;
702 888 975 961 pugnam;
998 888 1129 961 pace
1157 893 1513 959 castimoniae,
1534 888 1537 889 ⁷
1559 888 1808 961 (ιυπιπο
1836 888 1952 944 solo

365 975 551 1017 amore
584 964 851 1031 pudicitia:
878 965 932 1019 in
964 979 1096 1034 pace
1122 972 1225 1019 est.

670 1070 798 1129 CAP.
830 1075 1014 1130 LXVI.
1035 1105 1108 1118 -—
1132 1076 1372 1133 Ciborum
1400 1076 1642 1131 delectus.

439 1164 652 1239 Bonum
678 1174 763 1239 est
790 1168 968 1221 cibum
998 1184 1119 1224 cum
1149 1172 1439 1239 gratiarum
1468 1171 1681 1223 actione
1708 1178 1952 1228 sumere,

366 1242 424 1309 et
435 1236 693 1309 quidquid
720 1238 856 1292 Deus
873 1242 1128 1309 praecepit
1154 1236 1445 1296 edendum.
1467 1240 1752 1294 Abstinere
1776 1245 1955 1291 autem

367 1306 437 1360 ab
464 1306 751 1379 aliquibus,
804 1306 908 1363 non
939 1306 1091 1379 quasi
1120 1326 1150 1365 a
1193 1311 1382 1377 malis,
1424 1310 1519 1366 sed
1550 1310 1701 1379 quasi
1729 1323 1832 1362 non
1864 1322 1958 1360 ne-

366 1376 635 1445 cessariis,
664 1392 769 1433 non
792 1392 872 1432 est
897 1376 1117 1434 malum.
1145 1381 1407 1436 Moderari
1436 1376 1771 1436 vero'eorum
1799 1393 1954 1431 usum

369 1462 468 1515 pro
492 1450 813 1504 necessitate
830 1458 885 1505 et
900 1458 1004 1504 tem
1012 1466 1162 1519 pore,
1181 1453 1394 1522 proprie
1405 1450 1835 1507 Christianorum
1852 1454 1955 1503 est.

664 1560 790 1618 CAP.
833 1560 1043 1617 LXVII.
1074 1562 1389 1633 —.Nuptia:
1415 1574 1462 1619 et
1510 1563 1671 1619 cibus.

439 1650 605 1707 Malas
626 1652 807 1708 dicere
830 1653 1062 1723 nuptias,
1077 1653 1161 1709 vel
1184 1654 1519 1709 fornicationi
1543 1650 1955 1723 comparandas,

368 1730 461 1777 aut
488 1734 705 1792 stupro;
731 1726 880 1780 cibos
908 1722 1120 1795 quoque
1140 1726 1360 1780 credere
1384 1726 1578 1787 malos,
1601 1724 1688 1778 vel
1719 1722 1951 1795 malitias

2511 491 2704 561 tyribus
2741 507 2845 544 non
2874 489 3163 557 baptizatis.

2124 581 2409 653 Baptizatis
2440 592 2644 638 tantum
2677 582 2780 638 iter
2802 597 2924 638 esse
2960 583 3149 637 salutis
3178 581 3467 639 credimus.
3499 580 3635 640 Nul-

2053 655 2163 709 lum
2194 652 2692 718 catechumenum,.
2718 652 2960 723 quamvis
2989 655 3037 707 in
3064 653 3219 709 bonis
3260 653 3511 723 operibus
3537 653 3637 712 de-

2055 726 2331 793 functum,
2382 726 2545 779 vitam
2572 734 2829 781 aeternam
2864 724 3061 780 habere
3088 724 3377 792 credimus,
3409 735 3636 795 excepto

2057 802 2331 867 martyrio,
2363 797 2455 851 ubi
2485 805 2595 851 tota
2629 797 2878 866 baptismi
2906 805 3239 849 sacramenta
3271 796 3630 864 complentur.

2055 868 2409 937 Baptizandus
2438 868 2721 923 conﬁtetur
2746 868 2899 921 Iidem
2932 881 3081 920 suam
3110 882 3290 920 coram
3324 867 3629 935 sacerdote,

2057 949 2112 994 et
2163 939 2517 1009 interrogatus
2566 939 2881 1007 reSpondet;
2943 940 3043 1009 hoc
3088 947 3140 992 et
3193 947 3398 1007 martyr
3446 952 3627 1009 coram

2059 1008 2399 1079 persecutore
2453 1009 2577 1065 facit
2624 1011 2712 1079 qui
2752 1020 2806 1063 et
2834 1008 3119 1064 conﬁtetur
3158 1009 3319 1062 ﬁdem
3351 1022 3500 1062 suam
3526 1008 3629 1078 ,‘et

2061 1082 2417 1148 interrogatus
2470 1080 2777 1150 respondet.
2831 1081 2918 1134 Ille
2967 1089 3087 1148 post
3122 1079 3627 1150 confessioncmvel

2060 1154 2357 1221 aspergitur
2377 1168 2533 1220 aqua,
2560 1153 2643 1207 vel
2674 1152 2971 1221 intingitur;
3005 1161 3058 1206 et
3104 1151 3190 1205 hic
3213 1150 3291 1205 vel
3329 1149 3628 1218 aSpergitur

2060 1227 2317 1290 sanguine
2338 1263 2353 1284 ,
2399 1223 2483 1278 vel
2512 1223 2837 1293 contingitur
2865 1222 3008 1292 igne.
3059 1222 3150 1276 Ille
3194 1237 3382 1293 manus
3412 1221 3603 1293 imposi

2065 1294 2209 1348 tione
2238 1293 2498 1360 pontiﬁcis
2518 1291 2717 1362 accipit
2732 1291 2986 1363 Spiritum
3017 1302 3283 1359 sanctum;
3313 1292 3401 1346 hic
3424 1291 3633 1363 habita-3

2063 1366 2239 1419 culum
2265 1364 2489 1419 efﬁcitur
2519 1361 2746 1432 Spiritus
2776 1361 2978 1431 sancti,
3006 1364 3130 1418 dum
3160 1379 3269 1417 non
3295 1373 3379 1418 est
3403 1364 3516 1426 ipse
3540 1361 3635 1431 qui

2064 1435 2319 1504 loquitur,
2346 1434 2441 1488 sed
2463 1434 2690 1504 Spiritus
2722 1434 2892 1489 Patris
2918 1435 3005 1503 qui
3038 1434 3273 1503 loquitur
3306 1435 3357 1487 in
3387 1434 3499 1487 illo.
3522 1432 3639 1504 :Ille

2065 1503 2430 1562 communicat
2457 1503 2807 1561 Eucharistia:
2831 1504 2884 1558 in
2910 1505 3422 1560 commemoratione
3452 1503 3639 1558 mortis

2066 1576 2315 1641 Domini;
2346 1574 2432 1630 hic
2463 1574 2565 1644 ipsi
2589 1576 2803 1630 Christo
2823 1577 3191 1631 commoritur.
3234 1578 3326 1630 Ille
3352 1575 3638 1629 confitetur

2065 1662 2126 1702 se
2154 1647 2335 1701 mundi
2382 1646 2592 1701 actibus
2619 1647 3078 1711 renuntiaturum;
3112 1648 3197 1703 bic
3231 1648 3333 1718 ipsi
3368 1646 3642 1701 renuntiat

2066 1719 2210 1773 vitae.
2244 1719 2320 1773 Illi
2350 1728 2564 1788 peccata
2604 1718 2782 1772 omnia
2810 1718 3182 1785 dimittuntur;
3210 1717 3267 1774 in
3305 1720 3411 1773 isto
3430 1717 3641 1774 exstin-

364 1806 593 1848 causare
623 1792 1065 1864 percipientibus‘,
1119 1810 1225 1850 non
1267 1803 1352 1850 est
1374 1796 1825 1862 Christianorum,
1852 1792 1949 1849 sed
1980 1792 2030 1853 B
2054 1800 2307 1861 guuntur.

370 1866 583 1933 proprie
606 1864 1029 1921 Hierachitarum
1057 1876 1111 1921 et
1136 1866 1570 1922 Manichaeorum.

605 1956 735 2012 CAP.
764 1957 998 2014 LXVIII.
1026 1989 1096 1999 ——
1113 1958 1301 2013 Merita
1324 1970 1371 2013 et
1392 1959 1721 2017 abstinentia.

438 2049 677 2105 Sacratae
708 2050 817 2123 Deo
838 2050 1132 2122 virginitati
1160 2052 1374 2121 nuptias
1396 2067 1703 2123 comquare,
1735 2060 1827 2105 aut
1858 2066 1959 2123 pro

368 2133 553 2192 amore
600 2122 894 2190 castigandi
933 2124 1179 2192 corporis
1210 2122 1603 2179 abstinentibus
1644 2139 1676 2179 a
1714 2123 1839 2179 vino
1872 2122 1963 2177 vel

368 2191 621 2263 carnibus
654 2193 746 2263 nil
792 2191 1252 2263 credere’meriti
1295 2208 1638 2263 accrescere,
1697 2210 1807 2250 non
1857 2193 1962 2250 hoc

367 2258 688 2328 Christiani,
714 2263 811 2317 sed
836 2262 1105 2319 Joviniani
1142 2273 1243 2320 est.

369 2371 499 2430 CAP.
531 2372 719 2434 LXIX.
747 2405 820 2419 -
845 2377 1063 2433 Beatam
1107 2376 1377 2460 _Virginem
1420 2394 1618 2447 semper
1658 2378 1819 2451 fuisse
1860 2379 1963 2433 vir-

1100 2465 1256 2504 mem.

1100 2467 1256 2504 mem.

442 2536 654 2607 Integra
701 2538 809 2596 ﬁde
854 2467 1183 2597 credendgum
1221 2551 1305 2597 est
1351 2541 1559 2596 beatam
1601 2541 1822 2598 Mariam
1867 2541 1967 2598 Dei

369 2602 590 2689 Cliristi'
603 2620 854 2676 matrem,
880 2621 934 2666 et
962 2611 1582 2689 virginemconcepisse,
1628 2623 1681 2689 et
1703 2615 1969 2689 virginem

370 2683 641 2755 genuisse,
666 2689 861 2755 etpost
884 2692 1095 2755 partum
1110 2683 1371 2751 virginem
1396 2683 1780 2752 permansisse.
1795 2683 1971 2755 7336.

370 2746 481 2823 Nec
530 2746 1012 2823 est'bla'spbemia‘.
1056 2746 1285 2808 Helvidii
1336 2746 1969 2823 acquiescenduquu'i

369 2818 499 2945 (113::
529 2837 543 2873 :
577 2819 701 2876 Fuit
731 2818 889 2893 Virgo
918 2834 1043 2878 ante
1074 2832 1283 2893 partum
1308 2868 1323 2892 ,
1368 2818 1476 2881 non
1504 2826 1654 2895 virgo
1695 2818 1969 2896 postpar-

493 2931 510 2949 O
648 2959 781 3019 CAP.
809 2962 975 3019 LXX.
1002 2993 1073 3006 —
1100 2964 1180 3020 De
1201 2966 1459 3022 elementis
1482 2966 1684 3022 mundi.

439 3052 739 3121 Elementa,
787 3054 842 3110 id
872 3064 975 3122 est,
1004 3057 1202 3114 coelum
1232 3066 1287 3113 et
1318 3068 1516 3114 terram
1556 3073 1663 3114 non
1685 3059 1969 3115 credamus

365 3122 627 3197 abolenda
674 3140 770 3195 per
800 3126 1013 3197 ignem,
1064 3130 1161 3184 sed
1213 3130 1266 3185 in
1308 3131 1504 3185 melius
1537 3131 1960 3197 commutanda;

367 3193 588 3278 figuram
613 3193 1063 3278 quoquefmundi,
1089 3199 1144 3254 id
1184 3209 1288 3266 est,
1328 3200 1612 3271 imaginem
1632 3242 1653 3271 ,
1698 3217 1807 3257 non
1832 3193 1960 3258 sub;

366 3274 620 3321 stantiam
652 3274 1019 3322 transituram.

529 3356 659 3413 CAP.
691 3357 881 3415 LXXI.
909 3391 979 3405 -—-
1010 3362 1086 3418 De
1125 3366 1455 3433 facultatibus
1493 3372 1788 3439 erogandis.

440 3451 644 3506 Bonum
657 3460 755 3531 _e_st_
765 3452 1046 3531 facultates
1072 3471 1193 3531 cum
1206 3457 1611 3531 dispensatione
1626 3461 1959 3531 pauperibus

366 3536 628 3602 erogare._
657 3522 845 3602 Melius
875 3536 961 3580 est
1001 3541 1099 3595 pro
1150 3522 1451 3602 intentione
1480 3522 1750 3602 sequendi
1778 3534 1961 3588 Domi-

365 3607 495 3648 num
529 3593 743 3649 insimul
768 3595 976 3653 donare
989 3593 1016 3661 ,'
1040 3606 1095 3652 et
1116 3598 1425 3655 absolutum
1454 3593 1815 3659 sollicitudine
1836 3619 1960 3659 cum

366 3662 583 3720 Christo
609 3679 788 3735 egere.

565 3755 695 3811 CAP.
727 3755 935 3812 LXXII.
974 3789 1044 3800 —
1072 3758 1443 3833 Impedimenta
1467 3764 1756 3819 clericatus.

437 3848 682 3904 Maritum
710 3849 933 3923 duarum
956 3860 1077 3921 post
1099 3853 1422 3923 baptismum
1451 3866 1819 3912 matronarum
1844 3858 1958 3914 cle—

366 3919 542 3999 ricam
572 3935 679 3999 non
716 3919 1095 3999 ordinandum.
1134 3919 1319 3997 Neque
1348 3942 1470 3983 eum
1511 3928 1607 3999 qui
1636 3943 1796 3999 unam
1844 3929 1961 3999 qui-

367 3989 516 4072 dem,
547 3991 652 4072 sed.
691 3994 1044 4072 concubinam
1065 4036 1082 4061 ,
1114 3989 1802 4072 nonimatronambabuit.
1823 3989 1962 4072 ‘Nec

368 4060 515 4142 illum
552 4062 653 4142 qui
684 4062 919 4142 viduam,
960 4060 1418 4142 autrepudiatam
1446 4108 1463 4136 ,
1495 4069 1585 4142 vel
1616 4069 1961 4127 meretricem

370 4133 428 4185 in
457 4133 797 4213 matrimonio
821 4138 1069 4213 sumpsit.
1102 4133 1287 4213 Neque
1324 4133 1455 4213 eum
1483 4141 1573 4209 qui
1596 4141 1957 4213 semetipsum

368 4202 609 4287 quolibet
656 4206 896 4287 corporis
924 4202 1005 4261 sui
1052 4202 1295 4287 membro
1344 4202 1715 4283 indignatione
1744 4202 1956 4287 aliqua,

369 4273 464 4358 vel
502 4273 682 4358 justo,
727 4273 995 4358 injustove
1040 4277 1232 4336 timore
1255 4273 1573 4358 superaius,
1604 4273 1955 4358 truncavéritl

366 4341 553 4411 Neque
575 4344 724 4424 illum
756 4341 1057 4424 quiusuras
1086 4341 1360 4424 accepisse
1390 4341 1751 4418 convincitur,
1780 4363 1872 4408 aut
1901 4354 1957 4408 in

366 4426 531 4494 scena
581 4412 787 4494 lusisse
819 4416 1174 4494 dignoscitur.
1208 4412 1390 4494 Neque
1435 4437 1558 4494 eum
1608 4424 1695 4494 qui
1738 4412 1954 4492 publica

369 4487 959 4565 paenitentiaym‘ortalia
983 4487 1639 4565 criminaidelle_t.ANeque'
1668 4487 1814 4565 illum
1861 4495 1954 4564 qui

367 4554 655 4629 aliquando
684 4554 737 4608 in
766 4558 954 4610 l'uriam
986 4573 1174 4629 versus
1214 4562 1503 4629 insanivit,
1551 4554 1633 4616 vel
1666 4554 1957 4620 afﬂictione

365 4617 567 4705 diaboli
598 4632 818 4705 vexatus
838 4635 952 4705 est._
978 4628 1088 4705 Nec
1109 4645 1230 4684 eum
1258 4633 1356 4705 qui
1380 4617 1858 4705 per'arnbitionem
1887 4617 1957 4691 ad

366 4695 720 4751 imitationem
749 4697 987 4754 Simonis
1010 4700 1146 4769 Magi
1169 4695 1449 4771 pecuniam
1487 4702 1666 4760 oII‘ert.

542 4787 672 4843 CAP.
719 4788 952 4845 LXXIII.
999 4820 1071 4832 —
1096 4790 1175 4847 De
1202 4794 1431 4866 reliquiis
1461 4803 1775 4852 sanctorum.

440 4884 762 4959 Sanctorum
791 4899 1040 4954 corpora,
1066 4896 1155 4959 Aet
1174 4890 1442 4959 pra:cipue
1487 4891 1773 4946 beatorum
1806 4907 1956 4949 mar-

372 4962 546 5023 tyrum
575 4956 860 5024 reliquias,
899 4971 963 5011 ac
983 4960 1026 5012 si
1054 4955 1255 5015 Christi
1281 4955 1519 5016 membra
1538 5002 1554 5025 ,
1586 4962 1959 5020 sincerissime

376 5025 712 5103 honoranda,
731 5035 786 5081 et
806 5026 1076 5103 basilicas,
1098 5044 1284 5103 eorum
1310 5033 1613 5087 nominibus
1636 5035 1956 5103 appellatas,

368 5096 518 5171 velut
561 5096 675 5151 loca
725 5106 909 5171 sancta
957 5098 1139 5171 divino
1166 5102 1332 5171 cultui
1373 5096 1722 5171 mancipata,
1760 5096 1959 5160 affectu

408 5166 614 5220 iissimo
635 5178 690 5222 et
710 5169 997 5223 devotione
1022 5169 1335 5225 ﬁdelissima
1359 5166 1636 5228 adeundas
1663 5166 1957 5230 credimus.

410 5237 574 5307 iquis
601 5248 787 5293 contra
830 5239 965 5293 hanc
993 5243 1315 5296 sententiam
1354 5245 1601 5304 venerit.
1642 5259 1746 5300 non
1798 5246 1959 5302 Chri-

366 5306 592 5373 stianus,
628 5309 724 5365 sed
751 5309 1111 5366 Eunomianus
1137 5321 1191 5367 ct
1217 5312 1531 5383 Vigilantius
1551 5316 1812 5373 creditur.

436 5464 763 5545 CAR-LXVII.
790 5468 1018 5545 Alii,_t_2el
1057 5470 1180 5545 mali
1207 5486 1389 5526 causas
1436 5474 1959 5545 percipientibus;et

369 5532 758 5608 Encraticarum
788 5554 885 5608 pro
898 5532 905 5535 ⁷
917 5540 967 5592 Η
971 5542 1350 5598 ierachitarum.

438 5605 568 5685 CAP.
602 5624 767 5663 LXXII.
789 5605 1114 5685 'gfﬂictione;
1139 5617 1230 5680 al.,
1256 5616 1539 5685 (if/latione.

438 5676 765 5759 CAP.‘r:xx1v-.
789 5676 1134 5753 contingitur;
1159 5676 1256 5752 alL,
1280 5676 1519 5759 tingitur;
1564 5699 1618 5745 et
1640 5688 1955 5747 Iocularium

370 5760 465 5814 pro
496 5748 858 5805 habitaculum.

440 5816 568 5873 CAP.
588 5837 752 5877 cxuv.
779 5822 903 5891 Alii,
935 5842 1070 5894 aqua
1092 5829 1314 5898 mistum,
1341 5832 1479 5903 quod
1502 5842 1615 5905 post
1638 5851 1832 5892 caenam
1860 5836 1954 5893 da-

1882 6017 1911 6045 ὃ

2149 1880 2280 1936 CAP.
2330 1879 2537 1937 LXXV.
2570 1909 2643 1922 —-
2672 1880 2903 1947 Qualiter
2933 1878 3263 1935 Eucharistia
3291 1880 3552 1949 o/feratur.

2136 1976 2191 2031 In
2249 1973 2577 2031 Eucharistia
2616 1990 2724 2030 non
2777 1973 2937 2029 debet
2985 1988 3114 2043 pura
3152 1988 3288 2041 aqua
3314 1973 3532 2038 offerri,
3581 1980 3641 2027 ut

2063 2046 2278 2118 quidam
2330 2047 2632 2101 sobrietatis
2678 2045 2933 2099 falluntur
3001 2046 3268 2168 una‘gine;
3321 2047 3413 2100 sed
3458 2045 3644 2097 vinum

2064 2134 2184 2168 cum
2216 2133 2351 2168 anna
2383 2117 2623 2168 mistum.
2649 2117 2771 2168 auia
2803 2125 2857 2168 et
2888 2117 3069 2168 vinum
3124 2117 3199 2168 uit
3222 2115 3275 2168 in
3324 2115 3644 2168 redemotio-

2064 2115 2184 2173 cum
2216 2133 2351 2190 aqua
2383 2117 2623 2190 mistum,
2649 2117 2771 2187 quia
2803 2125 2857 2170 et
2883 2117 3070 2190 vinum
3098 2115 3199 2190 fuit
3222 2115 3649 2190 in__redemptio-

2066 2190 2151 2244 nis
2180 2184 2375 2244 nostrae
2408 2184 2684 2257 mysterio,
2714 2201 2832 2257 cum
2860 2186 2999 2257 dixit
3042 2203 3058 2241 :
3090 2185 3212 2257 Non
3253 2186 3419 2239 bibam
3460 2184 3649 2257 amotio

2066 2263 2129 2316 de
2155 2259 2249 2312 hoc
2269 2254 2517 2331 genimine
2545 2260 2658 2313 vitis
2685 2256 2901 2331 (Matth.
2934 2271 3085 2331 ξιξνι,
3114 2256 3208 2326 29)
3236 2274 3251 2321 ;
3275 2265 3496 2331 _et_agu_a
3525 2254 3654 2331 mis-_-

2067 2343 2205 2397 tum,
2236 2325 2342 2384 non
2368 2329 2511 2399 quod
2542 2340 2659 2395 post
2680 2325 2888 2399 coenam
2917 2327 3167 2392 dabatur,
3190 2325 3291 2381 Sed
3317 2327 3477 2396 335
3507 2325 3649 2399 quod

2067 2405 2136 2459 de
2160 2395 2328 2459 latere
2357 2395 2473 2487 eius
2531 2400 2714 2487 lancea
2765 2398 3007 2480 perfosso
3054 2412 3190 2479 aqua
3229 2395 3351 2487 cum
3390 2395 3652 2465 sanguine

2068 2489 2282 2545 egressa
2301 2518 2315 2540 ,
2360 2468 2542 2528 vinum
2574 2471 2640 2545 de
2670 2468 2796 2527 vera
2839 2469 2955 2539 ejus
2984 2468 3166 2525 carnis
3196 2469 3316 2523 vita:
3344 2482 3469 2522 cum
3510 2480 3650 2535 aqua

2070 2542 2383 2615 eipressum
2408 2542 2727 2600 ostenditur.

2342 2637 2472 2692 CAP.
2520 2633 2752 2695 LXXVI.
2775 2661 2846 2679 --
2872 2632 2949 2695 De
2980 2632 3205 2694 humana
3226 2648 3406 2697 carne.

2143 2708 2288 2763 Bona
2338 2719 2423 2764 est
2462 2723 2590 2765 caro
2639 2720 2841 2776 nostra,
2896 2720 2953 2767 et
3001 2712 3156 2767 valde
3217 2712 3373 2778 bona,
3415 2713 3652 2779 utpotea

2071 2780 2212 2833 bono
2239 2779 2357 2833 solo
2389 2782 2502 2835 Deo
2528 2782 2763 2849 condita,
2808 2790 2864 2837 et
2911 2797 3016 2838 non
3064 2792 3148 2838 est
3192 2784 3353 2847 mala,
3378 2792 3436 2836 ut
3462 2782 3650 2836 volunt

2073 2850 2381 2916 Setliianus,
2421 2861 2473 2907 et
2516 2852 2815 2920 Ophianus,
2871 2864 2926 2907 et
2972 2852 3341 2918 Patricianus;
3389 2868 3487 2908 nec
3526 2852 3652 2907 mali

2073 2934 2254 2987 causa,
2300 2932 2359 2977 ut
2409 2924 2590 2978 docuit
2637 2923 2952 2990 Florianus;
3003 2940 3105 2979 nec
3131 2940 3197 2978 ex
3243 2927 3384 2978 malo
3414 2933 3469 2979 et
3510 2924 3652 2978 bono

2073 3001 2373 3060 compacta,
2422 3006 2482 3049 ut
2520 2993 2843 3049 Maniclneus
2886 2996 3238 3063 blaSpItemat.
3284 2994 3394 3050 Sed
3422 3010 3543 3050 cum
3579 2993 3652 3049 sit

2075 3064 2350 3134 creatione
2396 3065 2560 3134 bona,
2607 3064 2829 3120 arbitrio
2874 3067 3067 3120 animae
3113 3066 3344 3120 efﬁcitur
3385 3066 3539 3120 nobis
3567 3071 3653 3121 vel

1988 3162 2037 3226 ο
2076 3133 2378 3226 bonapvel‘
2391 3137 2556 3226 mala,
2587 3151 2714 3226 mon
2764 3136 3152 3226 ξῐηιξιιιῑεξιὶοηθ⁸
3179 3137 3514 3226 substantias,
3554 3135 3649 3226 sed

2069 3206 2435 3278 exsecutionis
2455 3206 2734 3278 mercede.
2765 3206 2883 3278 Ipsa
2910 3209 3051 3263 enim
3076 3218 3159 3263 est
3186 3223 3305 3278 quae
3334 3208 3501 3263 stabit
3527 3217 3652 3262 ante

2072 3277 2309 3331 tribunal
2341 3277 2561 3347 Christi,
2594 3279 2645 3333 in
2673 3293 2783 3348 quo
2812 3278 3047 3349 perferat
3074 3277 3252 3335 anima
3282 3279 3496 3349 propria
3524 3293 3645 3335 cor-

2065 3348 2233 3416 poris,
2259 3359 2416 3418 prout
2443 3352 2631 3421 gessit,
2662 3351 2776 3405 sive
2802 3348 3025 3416 bonum,
3058 3349 3173 3406 sive
3195 3352 3419 3405 malum.

2428 3440 2559 3500 CAP.
2588 3440 2844 3499 LXXVII.
2860 3476 2934 3489 —
2954 3442 3295 3499 llesurrectio.

2139 3532 2192 3586 In
2219 3535 2611 3588 resurrectione
2637 3550 2704 3588 ΘΧ
2737 3534 2963 3589 ηιοηιιίς
2988 3550 3152 3588 εθχυε
3183 3531 3356 3588 forma
3384 3548 3493 3589 non
3525 3549 3645 3589 ΙΠΠ-

2066 3602 2295 3667 labitur;
2328 3603 2423 3658 sed
2458 3605 2536 3657 vir
2573 3614 2813 3658 mortuus
2864 3615 3109 3673 resurget
3159 3605 3209 3657 in
3264 3604 3435 3659 forma
3466 3606 3568 3659 viri
3600 3614 3656 3659 et

2066 3674 2259 3727 femina
2301 3674 2353 3727 in
2407 3673 2577 3728 forma
2616 3674 2851 3739 feminae,
2878 3690 3068 3728 carens
3119 3685 3293 3729 tamen
3337 3691 3562 3730 sexuum
3598 3675 3651 3730 in

2066 3742 2169 3797 hac
2192 3744 2300 3797 vita
2341 3744 2675 3809 conditione,
2710 3760 2815 3799 non
2847 3744 3025 3814 specie
3056 3744 3307 3809 naturali,
3351 3761 3418 3799 ne
3450 3762 3553 3799 non
3585 3746 3658 3801 sit

2067 3829 2193 3868 vera
2222 3816 2569 3875 resurrectio.
2592 3817 2639 3869 si
2673 3831 2780 3869 non
2811 3816 2861 3869 id
2894 3825 3140 3885 resurget
3171 3818 3311 3885 quod
3341 3816 3505 3869 cadit.

2064 3927 2193 3986 CAP.
2229 3926 2520 3998 LXXVIII.
2548 3958 2618 3968 —
2644 3926 2843 3982 Anima:
2880 3938 3170 3982 sanctorum
3211 3935 3331 3981 ante
3373 3928 3657 3996 passionem

2754 3999 2982 4053 Domini.

2135 4092 2275 4148 Ante
2308 4091 2611 4163 passionem
2636 4090 2865 4163 Domini
2893 4104 3081 4163 omnes
3109 4089 3309 4163 anima;
3337 4100 3644 4163 sanctorum

2063 4166 2117 4220 in
2147 4159 2356 4221 inferno
2398 4166 2499 4218 sub
2525 4162 2706 4219 debito
2745 4160 3202 4231 praevaricationis
3233 4159 3361 4214 Adae
3393 4161 3650 4216 teneban-

2064 4245 2169 4300 tur,
2199 4237 2371 4291 donec
2399 4234 2719 4290 auctoritate
2774 4233 2983 4303 Domini
3041 4246 3137 4301 per
3184 4231 3475 4285 indebitam
3526 4231 3648 4303 ejus

2063 4314 2293 4362 mortem
2322 4322 2352 4360 a
2374 4306 2553 4362 servili
2577 4303 2881 4360 conditione
2906 4302 3289 4357 liberarentur.

2062 4401 2189 4455 CAP.
2232 4396 2469 4454 LXXIX.
2495 4426 2562 4437 —
2588 4396 2786 4451 Anima:
2811 4402 3106 4450 sanctorum
3143 4403 3256 4465 post
3286 4395 3654 4454 ascensionem.

2139 4492 2265 4547 Post
2291 4492 2662 4547 ascensionem
2693 4489 2908 4545 Domini
2941 4489 3009 4544 ad
3053 4490 3221 4544 caelos
3250 4490 3486 4543 omnium
3525 4502 3651 4542 san-

1982 4531 2043 4591 D
2070 4573 2279 4619 ctorum
2329 4562 2523 4617 anima:
2567 4577 2691 4617 cum
2732 4561 2945 4616 Christo
2993 4571 3140 4625 sunt,
3190 4568 3245 4614 et
3292 4568 3551 4614 exeuntes
3579 4558 3647 4614 de

2070 4650 2297 4706 corpore
2323 4635 2389 4689 ad
2417 4632 2695 4706 Christum
2718 4632 2942 4706 vadunt,
2968 4640 3372 4706 exspectantes
3411 4644 3654 4685 resurre-

2068 4704 2301 4761 ctio'nem
2332 4706 2578 4775 corporis
2619 4704 2723 4770 sui,
2772 4712 2830 4757 ut
2872 4704 2936 4757 ad
2965 4704 3228 4771 integram
3255 4712 3309 4755 et
3338 4710 3646 4775 perpetuam

2070 4773 2453 4833 beatitudinem
2494 4792 2615 4832 cum
2648 4778 2767 4845 ipso
2793 4776 2993 4842 pariter
3019 4776 3392 4845 immutentur,
3420 4773 3563 4845 sicut
3592 4780 3647 4826 et

2068 4858 2406 4918 peccatorum
2437 4849 2630 4902 anima:
2659 4844 2711 4901 in
2736 4845 2944 4918 inferno
2972 4844 3073 4897 sub
3116 4845 3307 4918 timore
3340 4844 3649 4918 positaegex-

2065 4915 2313 4990 spectant
2355 4918 2805 4990 resurrectionem
2854 4916 2937 4967 sui
2980 4916 3241 4985 corporis,
3286 4923 3344 4968 ut
3372 4930 3492 4969 cum
3528 4915 3642 4968 ioso

2066 4988 2134 5046 ad
2166 5006 2376 5063 ptenam
2404 4988 2755 5045 detrudantur
2783 4993 3061 5041 aeternam.

2295 5081 2424 5137 CAP.
2463 5076 2677 5134 LXXX.
2700 5106 2771 5117 —
2794 5076 2870 5131 De
2902 5085 3224 5146 peccatorum
3254 5078 3420 5132 venia.

2140 5173 2457 5232 Pmnitentia
2480 5172 2679 5228 aboleri
2712 5180 2927 5243 peccata
2955 5171 3320 5228 indubitanter
3347 5173 3647 5240 credimus,

2066 5246 2226 5302 etiam
2263 5247 2309 5300 si
2345 5247 2397 5301 in
2431 5245 2616 5299 ultimo
2664 5244 2787 5298 vitae.
2834 5244 3023 5312 spiritu
3074 5243 3430 5299 admissurum
3464 5246 3635 5314 paeni-

2070 5326 2197 5383 teat,
2250 5326 2305 5373 et
2354 5316 2561 5386 publica
2612 5314 2995 5371 lamentatione
3045 5327 3264 5383 peccata
3310 5316 3630 5384 prodantur,

2066 5477 2234 5541 batur;
2259 5476 2349 5530 sed
2371 5482 2417 5529 et
2438 5476 2500 5529 de
2528 5474 2681 5529 latere
2701 5478 2832 5547 ejus,
2854 5475 2992 5544 quod
3021 5474 3197 5530 lancea
3224 5479 3510 5545 perfossum
3530 5488 3641 5543 est,

2065 5566 2197 5618 aqua
2224 5563 2425 5618 egressa
2454 5548 2625 5618 viuum
2653 5547 2716 5600 de
2742 5563 2953 5604 vera....
2984 5562 3277 5618 expressum
3298 5548 3537 5601 ostendit.

2136 5614 2270 5675 ΟΑΡΣ
2310 5633 2496 5673 LXXVI.
2552 5617 2867 5684 Florianus;
2916 5619 3011 5687 a!.,
3046 5614 3331 5684 Florinus;
3359 5628 3413 5673 et
3460 5620 3643 5689 inqua

2068 5706 2168 5762 pro
2197 5692 2256 5743 in
2277 5706 2397 5757 quo.

2136 5761 2263 5815 Car.
2308 5775 2502 5834 Lxxvn.
2538 5761 2665 5831 Alii,
2697 5776 2873 5816 carens
2914 5776 3061 5817 sexus
3100 5773 3275 5816 tamen
3318 5762 3477 5834 hujus
3526 5771 3646 5819 vute

2066 5843 2265 5889 tantum
2285 5832 2595 5888 conditione.
