4100 6344
422 278 559 339 1847

1210 275 1292 336 AD
1331 272 1679 331 S.'lSlDO[ll
1718 269 2162 330 HISPALENSIS
2199 264 2916 326 OPERA‘APPENDICES.
2992 302 3004 312 ο
3099 274 3106 307 τ

3552 252 3703 327 ἴω

419 393 885 465 contemplationis
907 404 1144 449 errorem
1175 394 1314 448 mitti
1343 395 1396 448 in
1423 390 1721 463 gehennam
1747 390 2007 445 inexstin-
2032 391 2089 452 Α
2110 394 2248 465 reat,
2278 393 2334 441 et
2356 385 2569 465 caeteris
2595 398 2655 441 se
2675 380 3020 454 sequentibus
3044 394 3349 454 exemptum
3379 382 3706 454 perditionis

421 467 698 539 guibilem.

492 562 580 615 '53.
626 558 738 614 Hoc
780 571 965 612 rursus
1010 556 1147 611 idem
1198 555 1456 611 Dominus
1499 555 1553 610 in
1582 570 1649 610 eo
1672 568 1828 624 quem
1856 566 1884 606 a
1930 553 2009 608 le-

419 631 581 701 gione
607 630 910 701 daemonum
941 629 1147 701 curavit
1168 629 1567 701 ostendit,rcum
1598 627 1746 701 illum
1775 640 1832 679 se
1860 624 2009 694 sequi

423 698 687 755 volentem
734 699 1025 769 prohibuit,
1057 700 1286 769 dicens:
1326 698 1470 752 Vade
1517 699 1569 750 in
1608 699 1819 769 domum
1849 704 2009 769 tuain,

419 781 469 827 et
497 787 655 825 narra
685 766 875 839 quanta
902 770 993 823 tibi
1024 772 1193 839 fecerit
1224 768 1365 822 Deus
1405 768 1617 838 (Matth.
1654 784 1728 831 Ix,
1777 766 1868 839 6);
1912 766 2016 820 hoc

422 843 647 913 mystice
679 838 1165 911 exprimens,'quia
1194 842 1281 907 qui
1315 841 1495 913 multis
1538 840 1680 913 vitiis
1711 838 1886 892 adhuc
1916 851 2014 891 no-

425 911 543 968 xius
568 922 672 980 est,
706 914 870 966 Deum
903 913 1053 981 sequi
1105 928 1196 981 per
1229 911 1729 980 contemplationem
1762 926 1868 963 non
1913 922 2011 977 po-

422 993 546 1040 test.

490 1076 581 1131 54.
616 1076 723 1131 Hoc
751 1077 911 1131 etiam
944 1076 1029 1129 lex
1075 1073 1658 1145 figuralitegpraacipit,
1686 1088 1806 1128 cum
1837 1071 1968 1127 dicit
1996 1085 2012 1123 :

423 1147 483 1203 Si
509 1149 618 1217 quis
642 1148 914 1216 aediﬁcavit
947 1149 1153 1200 domum
1192 1162 1372 1198 novam
1397 1154 1445 1198 et
1474 1162 1573 1198 non
1602 1146 1847 1198 dedicavit
1879 1159 2012 1217 eam,

420 1215 596 1282 vadat,
624 1229 669 1272 et
706 1215 986 1272 revertatur
1016 1218 1069 1268 in
1100 1220 1304 1269 domum
1331 1233 1497 1281 suam,
1524 1233 1583 1269 ne
1612 1221 1741 1284 forte
1768 1215 2017 1284 moriatur

422 1291 475 1343 in
504 1289 656 1353 bello,
691 1298 735 1343 et
768 1290 901 1343 alius
933 1288 1083 1341 homo
1114 1288 1307 1340 dedicet
1335 1304 1466 1341 eant.
1500 1288 1626 1353 Quis
1656 1296 1727 1340 est
1757 1287 1909 1338 homo
1930 1283 2015 1355 qui

422 1362 671 1431 plantavit
701 1361 918 1423 vineam,
946 1369 996 1413 et
1020 1360 1237 1431 necdum
1261 1360 1378 1429 fecit
1407 1375 1518 1411 cam
1540 1374 1649 1411 esse
1673 1372 2012 1431 communem,

422 1428 486 1485 ea:
518 1432 791 1501 quaivcsci
838 1431 1035 1501 possit?
1070 1428 1267 1495 Vadat,
1308 1441 1355 1483 et
1398 1438 1676 1482 revertatur
1720 1431 1773 1481 in
1810 1430 2019 1481 domum

421 1518 569 1556 suam
601 1500 779 1572 (Deut.
809 1518 899 1566 xx,
931 1500 1012 1570 5),
1042 1510 1096 1555 et
1119 1512 1333 1555 caetera.

494 1594 586 1651 55.
618 1594 675 1650 Id
703 1604 806 1661 est,
836 1594 930 1665 qui
956 1594 1132 1650 adhuc
1166 1610 1262 1664 per
1306 1593 1602 1662 simplicem
1648 1594 1809 1648 vitam
1850 1609 2021 1664 neque

426 1680 486 1723 se
514 1668 715 1735 optime
760 1682 950 1736 regere
993 1668 1162 1734 novit,
1197 1679 1369 1734 neque
1415 1665 1596 1718 domui
1626 1680 1736 1719 suae
1786 1680 2021 1734 praeesse

423 1738 546 1799 scit,
578 1738 645 1791 ad
670 1739 999 1806 spiritualem
1029 1737 1314 1802 malitiam,
1340 1737 1441 1790 hoc
1464 1745 1569 1800 est,
1590 1736 1656 1789 ad
1680 1736 2020 1791 sacerdotale

426 1808 786 1864 miniSIerium
812 1823 1144 1878 nequaquam
1168 1807 1478 1874 conspirare
1499 1806 1718 1861 debebit
1750 1825 1762 1860 :
1791 1822 1857 1861 ne
1878 1808 2017 1862 forte

426 1895 521 1950 per
560 1880 824 1950 ignaviam
865 1879 1082 1944 mentis,
1112 1887 1165 1932 et
1195 1878 1357 1931 vitam
1389 1878 1669 1946 reprobam
1699 1887 1752 1933 et
1780 1879 1893 1947 ipse
1924 1892 2019 1946 pe-

2115 459 2403 527 relinquat.

2146 570 2149 573 -
2185 526 2283 585 56.
2310 530 2383 582 De
2408 527 2606 589 talibus
2635 526 2709 582 ait
2735 526 3023 594 Apostolus
3057 542 3070 579 :
3104 526 3207 592 Qui
3227 528 3363 581 enim
3392 527 3568 582 domui
3593 541 3710 583 sua

2118 616 2331 670 praeisse
2388 600 2542 670 nescit
2566 641 2580 663 ,
2632 600 2887 668 quomodo
2932 595 3177 670 Ecclesiae
3230 597 3328 652 Dei
3382 600 3709 670 diligentiam

2119 672 2354 725 habebit?
2384 669 2507 723 Non
2548 670 2885 739 neopliytum,
2916 685 2993 739 _ne
3025 669 3080 721 in
3120 670 3413 739 superbiam
3449 669 3613 724 elatus
3651 672 3711 724 in

2118 743 2367 811 iudicium
2395 741 2589 794 incidat
2616 737 2803 793 diaboli
2832 737 2884 810 (I
2911 737 3048 811 Tim.
3075 737 3244 811 ιιινῦ,
3276 739 3355 810 6).

2188 812 2278 867 57.
2332 812 2617 867 Sciendum
2646 826 2773 866 vero
2802 809 2885 865 eat
2911 810 3052 879 quod
3080 810 3251 863 activa
3295 809 3435 865 actio
3460 810 3528 865 ad
3557 809 3708 864 obti-

2119 884 2348 939 nendam
2382 883 2542 936 vitam
2590 882 2636 937 si
2682 891 2848 945 recte,
2891 889 2948 935 ut
2994 881 3166 947 decet,
3194 890 3459 947 teneatur,
3501 881 3710 951 absque

2119 953 2554 1020 contemplativa,
2587 955 2637 1007 id
2667 962 2769 1020 est,
2799 953 3003 1021 absque
3053 966 3229 1005 rerum
3270 953 3711 1007 remuneratione

2121 1026 2234 1088 sibi
2254 1025 2474 1089 sufficit,
2506 1026 2664 1078 etiam
2713 1026 2758 1079 si
2799 1034 2987 1078 cuncta
3037 1037 3153 1091 quae
3198 1022 3356 1078 habet
3394 1024 3712 1078 renuntiare

2120 1112 2226 1151 non
2256 1096 2450 1150 valeat.
2480 1096 2897 1162 Conlemplativa
2925 1103 3126 1157 autem,
3159 1109 3435 1163 quousque
3465 1093 3709 1148 mortali-

2125 1177 2205 1223 ter
2233 1166 2484 1233 vivimus,
2515 1168 2631 1222 sine
2656 1167 2829 1220 activa
2858 1180 2919 1220 se
2946 1164 3213 1233 explicare
3240 1180 3345 1219 non
3373 1165 3533 1221 valet.

2192 1237 2281 1295 58.
2326 1238 2494 1293 Nemo
2522 1238 2717 1307 quippe
2746 1246 2852 1290 tam
2898 1238 3132 1305 perfecte
3167 1238 3220 1290 in
3254 1237 3352 1290 hac
3378 1239 3482 1290 vita
3509 1238 3563 1290 in
3609 1235 3713 1290 Dei

2121 1309 2574 1380 contemplatione
2623 1322 2915 1380 suspensus
2962 1308 3141 1380 vivere
3188 1315 3382 1373 potest,
3415 1317 3469 1361 ut
3518 1307 3713 1380 saltem

2126 1377 2353 1450 propter
2370 1383 2548 1435 carnis
2578 1378 2945 1434 inﬁrmitatem
2973 1388 3026 1433 et
3049 1377 3340 1450 fraternam
3368 1379 3716 1447 compassio—

2126 1448 2343 1507 nemad
2390 1461 2658 1507 terrenam
2685 1451 2954 1505 actionem
2986 1448 3317 1504 descendere
3346 1450 3420 1504 illi
3463 1464 3713 1505 necessa-

2124 1524 2261 1578 rium
2290 1539 2394 1577 non
2424 1524 2514 1578 sit.

2194 1594 2284 1650 39.
2317 1594 2674 1661 Quamobrem
2724 1594 2900 1648 activa
2932 1594 3035 1647 vita
3085 1592 3170 1646 hic
3215 1590 3371 1646 habet
3417 1590 3709 1645 inchoatio—

2126 1681 2271 1733 nem,
2299 1676 2354 1720 et
2398 1665 2589 1726 finem;
2616 1666 3027 1732 contemplativa
3058 1674 3233 1717 autem
3262 1664 3315 1716 in
3358 1663 3459 1716 hac
3486 1662 3591 1733 vita
3631 1663 3719 1733 in-

2125 1731 2276 1805 cipit,
2307 1735 2402 1791 sed
2432 1735 2486 1790 in
2511 1736 2685 1790 futura
2720 1731 3010 1803 percipitur
3037 1733 3235 1805 [Forte,
3285 1732 3598 1804 perﬁcitur].
3645 1731 3719 1805 Et

2126 1802 2249 1862 ideo
2280 1821 2389 1862 non
2435 1816 2559 1861 ante
2603 1816 2831 1861 mortem
2872 1802 3073 1869 carnis,
3114 1805 3210 1859 sed
3238 1802 3362 1873 pust
3390 1802 3617 1859 mortem
3646 1802 3716 1856 ad

2126 1879 2177 1933 id
2209 1879 2350 1948 quod
2377 1878 2633 1933 ardenter
2660 1878 2834 1946 diligit
2864 1878 3146 1947 pervenire
3172 1884 3372 1945 potest.

430 2018 3713 2044 ——_—————————-———————————-——————————-—————_

1588 2086 2202 2171 APPENDIX
2259 2085 2439 2170 XV

1773 2247 2017 2305 NORMA
2057 2246 2363 2304 VIVENDI.

501 2398 660 2471 341
683 2397 736 2452 ί·
757 2396 898 2471 Age.
926 2394 1022 2459 ﬁli.
1046 2401 1351 2471 tttoportet,
1370 2407 1469 2465 age
1489 2401 1547 2448 ut
1563 2392 1737 2462 decet,
1760 2408 1858 2471 age
1877 2402 1933 2449 ιη
1952 2393 2023 2448 di.

431 2465 601 2541 gnﬁui
618 2465 726 2541 Est.
757 2465 1000 2541 Propone
1029 2467 1121 2520 tibi
1152 2475 1210 2541 ut_
1230 2480 1338 2520 non
1366 2479 1583 2541 pecces,
1609 2474 1667 2518 ut
1689 2465 1875 2541 culpas
1903 2474 2023 2519 tuas

434 2536 537 2595 non
559 2540 799 2604 reiteres,
818 2549 935 2606 post
955 2538 1159 2604 lapsum
1180 2537 1357 2591 denuo
1393 2551 1459 2590 ne
1480 2536 1790 2605 delinquas;
1812 2536 1947 2591 bona
1968 2544 2024 2590 et

433 2612 572 2666 mala
588 2619 741 2678 prout
754 2608 1181 2664 eveniunttolera
1201 2621 1563 2676 ;qu:ecunque
1575 2608 2023 2678 eveniunt'mente

436 2676 604 2737 libera
635 2681 869 2743 sustine;
896 2679 1166 2748 patientiae
1187 2689 1241 2733 et
1274 2676 1666 2732 mansuetudini
1693 2688 1819 2733 ante
1840 2678 2021 2748 omnia

431 2767 651 2822 operam
679 2751 777 2807 des
801 2769 816 2817 ;
842 2747 1144 2822 irrisionem
1166 2748 1514 2822 chpiciendo
1543 2763 1773 2817 supera;
1798 2747 2021 2819 sagittas

432 2820 772 2880 cuntumelite
801 2821 1070 2890 patientiae
1097 2820 1290 2890 clypeo
1316 2820 1533 2890 frange;
1565 2834 1803 2888 praepara
1829 2828 2019 2874 contra

432 2908 647 2950 omnem
683 2889 959 2961 aspectum
988 2889 1232 2959 clypeum
1267 2889 1562 2957 patientiae;
1595 2900 1781 2945 contra
1823 2891 2021 2960 lingua:

434 2964 666 3035 gladium
694 2961 992 3035 tolerantia}
1034 2961 1473 3035 praebescutum,
1504 2961 1727 3035 tacendo
1754 2962 2018 3032 siquidem

430 3031 624 3092 melius
650 3036 831 3089 vinces
860 3031 1018 3099 (Vide
1040 3032 1356 3103 lsidoriana,
1386 3048 1502 3103 cap.
1534 3032 1649 3100 82).
1745 3064 1758 3074 -

482 3108 556 3162 .2.
590 3106 745 3161 Disce
789 3120 820 3159 a
850 3103 1065 3158 Christo
1095 3102 1616 3168 modestiam,disce
1656 3113 1712 3160 et
1739 3104 2022 3160 moderan-

430 3179 583 3241 tiam,
616 3175 1058 3242 tolerantiamque
1089 3172 1287 3227 Christi
1327 3173 1564 3241 attende,
1594 3183 1648 3229 et
1678 3190 1783 3229 non
1815 3176 2024 3229 dolebis

430 3247 677 3319 injurias.
705 3246 932 3319 Maxima
957 3255 1041 3299 est
1066 3245 1259 3319 virtus,
1289 3245 1335 3319 si
1364 3258 1470 3319 n_o_n
1499 3244 1650 3319 laedis
1673 3260 1701 3297 a
1724 3261 1832 3319 quo
1863 3247 2024 3319 laesus

429 3316 615 3385 fueris,
642 3318 728 3372 vel
758 3317 859 3371 etsi
889 3317 1047 3370 laesus
1071 3316 1358 3384 permittis.
1388 3316 1621 3369 Maxima
1647 3326 1730 3370 est
1752 3317 1944 3383 virtus,
1975 3316 2024 3371 si

431 3390 734 3458 cuicunque
776 3401 970 3441 nocere
1000 3386 1213 3456 potuisti
1244 3389 1456 3456 parcis;
1483 3386 1697 3456 quando
1721 3386 1862 3442 enim
1902 3401 2024 3440 cru-

431 3460 592 3515 ciaris
620 3467 921 3528 prepterea,
958 3467 1170 3528 peccata
1205 3465 1291 3510 tua
1324 3458 1656 3528 praecingunt
1681 3468 1761 3521 te;
1807 3460 2024 3523 quando

430 3527 674 3596 minaris,
699 3527 838 3583 mala
880 3538 967 3583 tua
996 3530 1097 3582 iter
1119 3527 1351 3593 faciunt;
1382 3527 1639 3596 quidquid
1668 3527 1764 3581 tibi
1811 3528 2023 3583 adversi

430 3603 625 3666 evenit,
653 3608 870 3670 propter
888 3608 1104 3669 peccata
1131 3608 1218 3652 tua
1247 3599 1339 3652 tibi
1361 3598 1559 3653 evenit.
1584 3599 2025 3670 consideratione

432 3671 594 3742 igitur
635 3672 857 3741 justitim
906 3671 1184 3742 dolorem__
1209 3679 1477 3742 tempera;
1530 3669 1727 3742 melius
1782 3669 2021 3725 dolorem

428 3738 686 3813 portabis,
715 3744 762 3798 si
784 3756 881 3811 pro
910 3741 1102 3813 quibus
1132 3739 1225 3793 tibi
1250 3741 1508 3794 eveniunt
1528 3738 1795 3795 intendas.

497 3812 552 3868 5.
583 3814 714 3870 Cum
744 3810 903 3883 igitur
932 3812 1029 3866 tibi
1071 3810 1503 3883 d_erogatur,gora
1526 3825 1704 3883 ;Acum
1751 3812 2025 3868 maledici-

428 3892 537 3953 tur,
564 3894 691 3940 tunc
716 3880 977 3945 benedic;
1009 3880 1373 3953 marledictioni
1396 3881 1824 3953 benedictionem
1854 3898 2027 3953 oppo-

427 3950 532 4021 ne,
548 3964 602 4011 et
631 3957 953 4009 irascentem
1001 3950 1256 4021 patientia
1295 3951 1523 4007 delinire
1567 3954 1758 4020 stude;
1810 3950 2022 4010 blandi-

427 4035 611 4081 mento
644 4023 972 4095 iracundiam
1015 4024 1401 4095 fervescentem
1428 4024 1682 4093 dispelle;
1729 4026 2023 4095 nequitiam

428 4097 671 4152 bonitate
699 4096 845 4149 verbi
872 4094 1063 4158 vince;
1094 4093 1349 4147 malitiam
1381 4093 1732 4164 benignitate,
1777 4093 2024 4152 inimicos

429 4182 619 4223 omnes
644 4164 909 4221 modestia
936 4166 1109 4235 placa,
1141 4164 1368 4218 aliorum
1392 4166 1529 4221 mala
1560 4176 1644 4220 tua
1669 4167 1907 4221 bonitate
1932 4181 2024 4221 su-

427 4252 577 4309 pera.
623 4236 931 4309 Tranquilla
977 4244 1159 4309 mente
1187 4234 1382 4309 illatas
1429 4239 1783 4309 contumelias
1834 4238 2019 4306 perde,

429 4306 579 4376 aperi
611 4306 893 4376 tranquillo
922 4306 1087 4362 corde
1110 4306 1365 4371 dolores;
1390 4308 1586 4362 vulnus
1614 4307 1667 4361 in
1700 4310 1807 4363 imo
1832 4309 2018 4376 corde,

428 4379 676 4449 quamvis
724 4392 886 4448 grave
922 4379 1016 4441 sit,
1047 4386 1309 4449 apertum
1336 4388 1609 4446 evaporat,
1638 4378 1793 4432 valde
1838 4389 2018 4434 autem

429 4446 663 4504 comedit
687 4446 924 4503 animum
964 4448 1249 4502 inclusum.
1283 4446 1495 4514 Quanto
1539 4449 1683 4504 enim
1730 4450 1899 4519 magis
1931 4460 2012 4505 te-

428 4519 532 4590 gis,
564 4529 710 4575 tanto
731 4520 902 4589 magis
929 4532 1124 4587 auges;
1155 4507 1327 4587 aperi'
1350 4519 1510 4587 igitur
1556 4529 1706 4589 grato
1733 4507 1934 4586 animo,
1962 4531 2019 4576 et
2048 4507 2103 4567 D

430 4607 537 4646 non
561 4602 613 4647 te
637 4592 932 4649 excruciet.

498 4663 555 4718 4.
586 4663 644 4719 Si
674 4661 970 4718 tristaveris
1004 4660 1059 4716 in
1105 4660 1283 4731 aliquo
1323 4661 1542 4717 fratrem
1596 4669 1767 4732 tuum,
1798 4664 2019 4720 satisfac

431 4734 501 4791 ei.
531 4736 588 4791 Si
616 4733 924 4803 peccaveris
948 4734 1003 4787 in
1032 4733 1203 4800 illum,
1232 4733 1598 4802 pcenitentiam
1626 4749 1725 4804 age
1763 4749 1885 4791 cum
1927 4750 2012 4791 eo.

432 4804 491 4861 Si
534 4805 832 4876 attenderis
866 4804 1121 4874 aliquem,
1174 4804 1398 4873 propitia
1442 4818 1564 4876 eum
1600 4820 1805 4876 prece,
1858 4820 2020 4876 parce

431 4876 723 4943 velociter,
770 4874 839 4931 ad
884 4875 1374 4932 reconciliationem
1422 4874 1705 4931 offensioni
1757 4874 1874 4932 tuae
1913 4879 2021 4932 cito

430 4948 641 5003 veniam
686 4946 931 5017 pustula;
979 4961 1083 5001 non
1126 4948 1405 5009 dormites,
1438 4946 1538 5017 nisi
1580 4949 1916 5002 convertaris
1951 4949 2020 5003 ad

432 5034 653 5090 pacem;
685 5016 789 5074 non
821 5020 1147 5090 requiescas,
1184 5019 1284 5073 nisi
1305 5016 1688 5090 reconciliatus
1728 5018 1892 5073 fueris
1920 5019 2021 5074 fra-

432 5088 500 5144 tri
552 5098 661 5146 tuo.
694 5088 914 5147 Revoca
951 5105 1075 5146 eum
1125 5088 1411 5145 celerrimo
1453 5088 1753 5143 dilectionis
1799 5090 2015 5146 aﬂ‘ectu.

431 5161 643 5218 Revoca
672 5178 796 5219 eum
846 5162 1143 5218 humilitate
1186 5161 1252 5215 ad
1294 5159 1551 5229 gratiam;
1596 5160 1909 5215 humilitatis
1940 5161 2017 5215 af-

432 5233 569 5287 fectu
601 5234 676 5288 illi
708 5242 760 5289 te
787 5244 1089 5305 prosterne,
1134 5230 1448 5305 ethsupplici
1479 5230 1639 5305 modo
1684 5233 1897 5287 veniam
1911 5233 2018 5305 Ade-

430 5317 681 5375 precare;
710 5302 908 5376 petenti
933 5318 1146 5375 quoque
1172 5302 1265 5376 tibi
1293 5302 1499 5376 veniam
1529 5302 1755 5376 libenter
1776 5303 2014 5374 indulge,

429 5374 487 5432 et
512 5374 751 5446 poscenti
778 5374 1157 5446 indulgentiam
1190 5374 1425 5444 placatus
1447 5374 1677 5430 dimitte.

502 5447 557 5503 5.
583 5449 955 5503 Reverentiam
987 5455 1226 5501 sanctam
1256 5446 1602 5514 amplectere,
1636 5455 1695 5500 et
1734 5447 2015 5502 confestim

430 5518 660 5589 benigna
688 5522 899 5590 suscipe
929 5519 1226 5584 charitate;
1254 5518 1491 5586 peccanti
1516 5515 1661 5587 juste
1690 5533 1796 5572 non
1842 5520 2022 5575 dimit-

434 5598 537 5653 tas,
569 5590 665 5645 sed
707 5594 917 5660 culpam
962 5590 1214 5655 sciturus,
1246 5590 1367 5655 quia
1414 5591 1469 5642 in
1510 5598 1561 5643 te
1608 5599 1691 5660 est
1734 5599 2018 5646 venturum

430 5660 725 5729 judicium;
768 5659 872 5716 nan
922 5661 1140 5716 habebis
1180 5660 1598 5729 indulgentiam,
1633 5659 1735 5715 nisi
1777 5661 2014 5717 dederis.

433 5728 548 5785 Etsi
581 5733 668 5786 ille
702 5749 807 5787 non
837 5738 1120 5802 supplicet,
1154 5728 1362 5801 sibique
1392 5728 1660 5785 humiliter
1681 5732 1880 5786 dimitti
1911 5750 2019 5788 non

434 5802 691 5876 postulet,
717 5809 762 5860 si
795 5814 1072 5875 peccatum
1110 5818 1267 5859 suum
1300 5802 1440 5858 mala
1485 5805 1871 5861 consuetudine
1908 5818 2016 5863 non

2127 2401 2418 2466 cognoscat
2443 2392 2791 2466 conscientia,
2826 2401 2881 2449 tu
2910 2401 3088 2451 tamen
3111 2410 3177 2453 ex
3199 2399 3362 2453 corde
3388 2398 3591 2462 relaxa,
3622 2412 3719 2455 ve-

2128 2467 2270 2520 niam
2324 2480 2536 2534 quoque
2584 2465 2794 2533 pr0pri:t
2843 2466 3117 2523 voluntate
3166 2469 3430 2535 concede;
3483 2468 3634 2524 aufer
3685 2485 3719 2526 a

2126 2536 2288 2591 corde
2314 2535 2601 2591 fraternam
2628 2535 2906 2601 otiensam,
2940 2538 3024 2592 vel
3048 2538 3421 2606 oﬂ‘ensionem,
3450 2549 3505 2596 et
3530 2540 3720 2595 alienae

2127 2606 2377 2677 nequitiae
2424 2608 2812 2681 non_servito;
2865 2607 3045 2662 odium
3090 2611 3233 2665 enim
3281 2626 3311 2665 a
3343 2611 3456 2666 Deo
3482 2620 3720 2681 separat,

2128 2676 2227 2733 nec
2252 2678 2513 2746 sanguine
2542 2676 2663 2732 fuso
2688 2677 2922 2733 deletur.

2196 2748 2249 2835 l6.
2286 2749 2473 2835 Pacem
2505 2763 2863 2835 amiigrlacem
2894 2750 3077 2823 dilige,
3107 2766 3290 2835 pacem
3322 2754 3721 2835 cumomnibus

2126 2818 2267 2891 habe
2300 2829 2354 2874 et
2396 2830 2538 2885 tene,
2571 2819 2734 2891 352
2763 2818 3071 2891 omnesque
3108 2818 3164 2877 in
3219 2824 3629 2880 mansuetudine
3666 2836 3724 2881 et

2123 2890 2384 2965 charitate
2404 2892 2793 2965 complectere;
2826 2890 3326 2965 praeparaiamplius
3355 2910 3535 2950 amare
3555 2911 3721 2965 quam

2125 2963 2320 3017 ameris
2349 2963 2493 3031 ipse;
2528 2977 2635 3017 non
2662 2964 2736 3016 sis
2767 2963 2819 3016 in
2850 2975 2985 3030 pace
3004 2963 3219 3031 infidus,
3254 2979 3357 3020 non
3386 2966 3462 3019 sis
3499 2963 3635 3021 levis
3667 2967 3725 3022 in

2126 3033 2381 3105 amicitia,
2408 3033 2583 3088 retine
2612 3047 2827 3105 semper
2858 3034 3125 3090 vinculum
3153 3038 3504 3105 constantiae;
3534 3036 3725 3093 odien-

2050 3129 2098 3194 ο
2128 3102 2735 3194 ‘°S.ad.1’3‘3‘39‘_§"1m5

2199 3173 2253 3227 7.
2306 3174 2560 3230 Discerne
2603 3186 2655 3231 te
2705 3185 2838 3249 tuo,
2885 3193 2992 3234 non
3038 3179 3213 3235 alieno
3251 3178 3486 3249 judicio;
3516 3194 3616 3236 nec
3649 3193 3721 3238 ex

2128 3244 2307 3299 alieno
2334 3260 2607 3311 sermone,
2637 3246 2733 3301 sed
2761 3262 2829 3303 ex
2862 3257 2949 3304 tua
3000 3260 3053 3305 te
3082 3244 3266 3305 mente
3291 3244 3506 3306 metire.
3549 3250 3722 3308 Nemo

2128 3316 2329 3403 melius
2345 3326 2402 3372 et
2424 3318 2628 3403 magis
2652 3317 2813 3403 scire"
2820 3328 2996 3403 potest
3034 3322 3162 3390 quid
3208 3321 3418 3403 tu_sc_is
3446 3330 3719 3403 quam_tn,

2128 3402 2250 3461 cum
2276 3388 2543 3461 conscius
2556 3389 2630 3461 tui
2657 3404 2737 3461 es.
2772 3389 2977 3456 Quibus
3008 3388 3137 3447 vero
3166 3391 3405 3461 prodest,
3437 3388 3483 3447 si
3526 3393 3723 3460 malus,

2126 3458 2373 3532 sibonus
2400 3458 2743 3532 praediceris;
2773 3469 2866 3515 aut
2889 3476 3010 3531 quae
3041 3458 3456 3516 laus—hominum
3485 3458 3720 3532 pertinet

2126 3528 2194 3581 ad
2225 3537 2309 3602 te,
2326 3530 2369 3583 si
2395 3528 2532 3584 alius
2559 3544 2620 3602 es
2652 3544 2813 3599 quam
2841 3528 3109 3587 laudaris?
3134 3528 3609 3602 Quapropter'vita
3648 3534 3724 3589 si-

2129 3599 2496 3664 mulationem,
2520 3601 2626 3654 vita
2652 3602 2982 3671 hypocrisin,
3003 3604 3103 3658 sub
3123 3599 3419 3658 obscuriori
3442 3613 3589 3659 veste
3613 3620 3723 3662 non

2128 3671 2319 3745 simula
2352 3671 2715 3745 sanctitatem.
2748 3672 2931 3739 Qualis
2958 3672 3143 3729 haberi
3168 3675 3269 3737 vis,
3302 3673 3426 3729 talis
3456 3683 3571 3729 esto
3596 3690 3719 3745 pro-

2128 3739 2370 3813 fessione
2389 3751 2474 3796 tua
2502 3755 2557 3796 et
2586 3743 2801 3808 habitu;
2831 3751 2886 3799 et
2908 3745 2960 3798 in
2991 3745 3202 3801 incessu
3229 3752 3319 3799 tuo
3343 3746 3417 3799 sit
3462 3739 3723 3813 simp'lici-

2128 3818 2231 3883 tas,
2262 3821 2317 3866 et
2344 3811 2410 3883 in
2453 3822 2603 3867 motu
2631 3814 2865 3882 paritas;
2898 3815 3032 3870 nihil
3062 3814 3364 3883 dedecoris,
3398 3816 3532 3870 nihil
3560 3811 3722 3871 [asci-

2126 3881 2247 3949 viae,
2280 3882 2412 3937 nihil
2445 3881 2773 3950 petulantiae,
2808 3884 2943 3939 nihil
2969 3886 3269 3941 insolentiae
3299 3881 3357 3941 in
3384 3887 3596 3941 incessu
3624 3898 3719 3942 tuo

2127 3964 2413 4027 appareat;
2463 3964 2645 4024 gestus
2687 3956 2832 4011 enim
2863 3958 3105 4026 corporis
3131 3958 3341 4027 signum
3371 3967 3456 4012 est
3490 3959 3719 4022 mentis;

2128 4037 2233 4077 non
2265 4025 2506 4096 praebeas
2534 4027 2602 4082 de
2649 4034 2703 4081 te
2750 4026 2867 4081 aliis
2896 4025 3284 4096 spectaculum,
3324 4043 3423 4084 nec
3466 4028 3585 4082 aliis
3612 4027 3721 4082 ob-

2128 4095 2391 4150 trectandi
2419 4096 2617 4152 locum.

2197 4164 2253 4222 8.
2294 4166 2408 4221 Non
2437 4177 2487 4222 te
2516 4168 2775 4239 adjungas
2805 4169 3013 4224 levibus
3041 4170 3310 4239 personis,
3343 4184 3438 4239 nec
3465 4177 3517 4224 te
3544 4167 3722 4224 admi-

2126 4249 2279 4292 sceas
2305 4240 2487 4303 vanis;
2520 4239 2630 4311 vita
2680 4238 2869 4304 malos,
2921 4238 3059 4295 cave
3103 4242 3335 4311 iniquos,
3388 4238 3511 4310 fuge
3558 4240 3720 4295 mali-

2125 4322 2292 4376 gnos,
2326 4323 2521 4381 sperne
2562 4309 2813 4379 ignaros,
2860 4312 2980 4381 fuga
3020 4326 3049 4366 a
3097 4320 3149 4366 te
3180 4309 3363 4367 turbas
3403 4309 3719 4376 hominum,

2126 4381 2355 4458 maxime
2400 4380 2543 4435 illius
2592 4382 2763 4458 aetatis
2792 4383 2890 4458 qui
2916 4380 2995 4458 ad
3034 4383 3157 4458 vitia
3184 4383 3342 4458 proni
3382 4392 3535 4458 sunt._
3555 4380 3719 4435 Bonis

2120 4452 2371 4519 jungere,
2400 4460 2457 4506 et
2498 4453 2697 4506 sanctis
2727 4452 3000 4507 individue
3026 4454 3253 4508 sociare.
3286 4453 3345 4509 Si
3376 4452 3589 4520 feceris,
3622 4465 3716 4506 so-

2128 4522 2244 4574 cius
2290 4524 2714 4577 conversationis
2764 4523 2907 4577 illius
2952 4537 3138 4578 eorum
3184 4524 3295 4579 eris
3340 4531 3398 4577 et
3423 4523 3716 4588 virtutum;

2068 4633 2071 4636 ‹
2129 4592 2420 4657 periculum
2452 4593 2594 4647 enim
2626 4600 2709 4647 est
2734 4592 2981 4662 pessimis
3027 4594 3242 4661 sociari,
3276 4593 3470 4649 melius
3509 4602 3592 4650 est
3618 4607 3719 4648 eo-

2126 4676 2245 4733 rum
2273 4664 2455 4733 odium
2482 4680 2642 4733 quam
2681 4666 3031 4719 consortium.

2196 4732 2249 4787 9.
2301 4732 2513 4806 Claude
2548 4748 2725 4801 aures,
2775 4750 2844 4790 ne
2870 4736 3056 4790 audias
3094 4736 3295 4806 aliquid
3343 4735 3714 4805 impudicum;

2127 4818 2297 4859 vanus
2326 4805 2469 4859 enim
2501 4820 2679 4860 sermo
2708 4806 2816 4860 cito
2847 4806 3038 4874 polluit
3064 4805 3323 4874 mentem,
3352 4817 3408 4863 et
3432 4805 3592 4861 facile
3618 4808 3715 4861 tce-

2125 4874 2271 4948 ditur
2315 4876 2575 4944 turpibus,
2609 4886 2664 4930 et
2691 4878 2844 4932 malis
2874 4878 3141 4940 omnibus.
3174 4879 3449 4948 agiturque
3488 4877 3719 4932 libenter

2126 4947 2267 5014 quod
2317 4949 2549 5001 auditur.
2596 4949 2764 5001 Nemo
2812 4949 2953 5003 enim
3005 4947 3242 5003 creditur
3279 4947 3458 5004 odisse
3488 4961 3717 5016 quorum

2127 5016 2387 5073 relatione
2419 5033 2523 5072 non
2556 5018 2794 5084 laeditur;
2832 5020 2961 5073 nihil
2992 5034 3061 5075 ex
3086 5036 3182 5075 ore
3213 5030 3305 5076 tuo
3329 5019 3582 5090 procedat
3608 5032 3719 5089 quo

2128 5097 2425 5157 turpescas,
2458 5090 2543 5145 vel
2570 5092 2708 5158 quod
2742 5099 2898 5159 turpe
2921 5091 3022 5153 sit;
3053 5092 3150 5146 sed
3180 5092 3297 5147 haec
3338 5098 3620 5160 erumpant
3648 5104 3716 5143 ex

2126 5174 2221 5214 ore
2251 5168 2361 5227 tuo,
2392 5162 2457 5216 et’
2495 5176 2560 5217 ex
2604 5161 2778 5227 labiis,
2812 5176 2931 5231 qua:
2978 5179 3137 5217 aures
3186 5178 3292 5217 non
3326 5163 3567 5231 polluant
3617 5174 3716 5213 au-

2126 5231 2413 5300 dientium;
2461 5247 2641 5288 sermo
2670 5232 2812 5288 enim
2861 5246 3029 5289 vanus
3052 5233 3400 5289 conscientiae
3447 5246 3596 5285 vana:
3633 5240 3718 5284 est

2128 5300 2312 5357 index.
2344 5305 2522 5359 Mores
2556 5304 2788 5357 hominis
2813 5304 2988 5372 lingua
3020 5306 3225 5372 pandit,
3249 5314 3304 5360 et
3328 5303 3503 5374 qualis
3534 5314 3717 5357 sermo

2127 5374 2466 5444 ostenditur,
2517 5375 2639 5429 talis
2690 5376 2900 5429 animus
2951 5373 3356 5441 comprobatur.
3403 5373 3487 5429 Ab
3539 5374 3719 5427 otioso

2124 5458 2372 5501 sermone
2414 5460 2698 5514 compesce
2749 5446 2978 5514 linguam
3004 5487 3021 5513 ,
3074 5462 3172 5501 nec
3218 5448 3394 5500 inania
3433 5444 3596 5499 verba
3626 5444 3721 5496 lo-

2124 5520 2342 5585 quaris;
2390 5533 2567 5573 sermo
2614 5518 2754 5571 enim
2784 5526 2987 5571 otiosus
3036 5532 3140 5572 non
3185 5519 3290 5573 erit
3333 5518 3453 5571 sine
3489 5515 3715 5585 judicio.

2125 5587 2500 5660 Unusquisque
2547 5590 2690 5643 enim
2735 5588 3039 5644 redditurus
3086 5597 3169 5643 est
3216 5589 3477 5643 rationem
3508 5598 3720 5660 sermo-

2124 5676 2251 5715 num
2292 5658 2549 5727 suornm,
2600 5672 2724 5715 ante
2775 5660 3190 5730 uniuscujusque
3233 5660 3469 5715 hominis
3521 5658 3714 5730 faciem

2122 5734 2339 5808 stabunt
2363 5734 2525 5808 verba
2555 5744 2673 5808 sua.
2705 5732 2809 5797 Qui
2834 5726 3162 5808 verba‘ma'la
3188 5748 3295 5788 non
3335 5730 3606 5808 reprimit,
3646 5726 3716 5808 ad

2128 5805 2285 5861 noxia
2328 5806 2437 5862 cito
2483 5803 2704 5869 transit;
2734 5809 2791 5858 et
2830 5803 2922 5873 qui
2963 5803 3182 5860 minima
3227 5818 3337 5861 non
3385 5802 3615 5872 respuit,
3655 5802 3713 5854 in
