4100 6344
480 374 623 437 1255

620 491 712 548 Sic
732 498 787 544 et
813 487 1091 545 Salomoni
1122 485 1252 541 nihil
1278 494 1569 554 imputatur
1600 485 1741 538 bono

619 560 771 632 Quod
807 570 962 616 antea
1010 560 1195 629 gessit,
1229 558 1324 615 sed
1355 551 1618 611 extremo
1652 553 1794 609 malo
1834 551 2060 695 ([lzimna-

1908 637 1991 675 ur.

1908 637 1991 675 ur.

484 726 585 783 145
622 723 783 796 35o
816 723 872 777 ln
903 737 1006 793 qua
1041 721 1323 775 voluntate
1354 730 1630 789 postremo
1658 712 2067 858 ouispila‘riizmvel

619 865 807 920 Fuerit
854 865 1123 929 inventus,
1167 863 1219 917 in
1253 863 1351 915 hac
1394 860 1713 930 iudicandus
1742 856 1876 922 erit,
1930 857 2069 913 sicut

622 938 699 991 De
729 936 828 989 hoc
860 937 976 1004 ipso
1008 934 1262 988 Dominus
1295 934 1503 1004 loeutus
1530 942 1613 984 est
1642 932 1827 1004 dicens
1859 950 1873 985 :

626 1008 682 1061 In
708 1022 813 1075 quo
843 1002 893 1060 te
925 1008 1185 1059 invenero
1206 1005 1258 1057 in
1292 1004 1390 1057 hoc
1415 1002 1755 1075 tejudicaho.

622 1080 688 1133 Et
716 1072 760 1132 si
791 1078 965 1132 credis
986 1076 1239 1144 amplius,
1271 1076 1368 1128 hos
1394 1076 1537 1140 ipsos
1568 1072 1739 1141 diligit
1764 1072 1923 1136 Deus,

480 1172 585 1229 150
622 1171 723 1237 Qui
755 1180 875 1239 post
902 1168 1189 1239 pravitates
1226 1183 1348 1222 esse
1378 1166 1632 1239 rectiores
1661 1166 1896 1239 student,

622 1243 701 1298 Ac
752 1238 832 1297 sic
878 1238 937 1295 se
984 1249 1106 1310 post
1154 1240 1279 1293 vitia
1323 1238 1612 1293 virtutibus
1650 1238 1857 1379 magnis
1907 1249 2067 1291 exer-

1840 1318 1993 1374 cent,

1840 1318 1993 1374 cent,

621 1383 792 1452 Quam
823 1384 915 1455 qui
967 1394 1105 1438 mata
1154 1382 1342 1453 gravia
1394 1395 1663 1455 nunquam
1723 1388 2065 1449 perpetrasse

1646 1451 1663 1522 [
1684 1459 1995 1516 noscuntur,

627 1526 691 1580 Et
712 1526 849 1579 bona
881 1525 1149 1595 prmciptte
1174 1532 1443 1595 torpentes
1474 1536 1634 1589 agere
1660 1525 1823 1595 piget.

628 1597 779 1653 Sicut
806 1594 1067 1667 quispiam
1099 1594 1349 1649 dominus
1380 1594 1524 1647 illum
1552 1594 1721 1663 magis
1750 1607 1963 1648 servum

486 1689 592 1748 155
628 1691 1003 1761 Amplectitur,
1051 1690 1140 1759 qui
1188 1697 1309 1759 post
1355 1687 1551 1742 damna
1592 1686 1820 1829 potilorap
1850 1686 2069 1811 uulpem

1726 1774 1783 1812 re
1824 1774 1881 1813 or
1977 1796 1995 1822 ,

1726 1774 1995 1822 reportat,

626 1833 797 1902 Quam
826 1832 919 1903 qui
947 1830 1081 1888 nihil
1111 1829 1370 1901 perdidit,
1413 1838 1470 1885 et
1506 1827 1638 1885 nihil
1680 1827 1951 1908 augmenti
1986 1829 2067 1885 fe-
2097 1845 2149 1908 Β

625 1973 717 2030 Sic
742 1974 1034 2043 imperator
1062 1971 1212 2026 illum
1235 1972 1406 2041 magis
1435 1970 1659 2043 militem
1688 1980 1853 2036 amat,
1872 1900 1998 1972 [ω’

627 2046 753 2113 Qui,
786 2041 909 2119 post
930 2042 1111 2113 fugam
1139 2056 1413 2112 remeans,
1443 2041 1660 2119 hostem
1703 2043 2073 2119 persequendo

1640 2112 1966 2186 [promeruit
1984 2154 1999 2181 ,

552 2260 579 2289 ⁸
609 2251 818 2323 Editio,
844 2253 1034 2309 damna
1068 2253 1307 2326 quwdam
1337 2256 1561 2325 potiora.

1304 365 1394 422 AD
1432 365 1493 424 S.
1533 362 1785 422 ISIDORI
1825 326 2269 418 llISPALENSlS
2300 358 2531 416 OPERA
2570 355 3011 416 APPENDICES.

2092 476 2149 537 Δ

3616 364 3766 427 1256

2313 477 2483 542 Quam
2514 473 2603 542 qni
2630 486 2900 543 nunquam
2922 470 3080 542 fugit,
3100 481 3155 529 et
3176 472 3253 527 nil
3282 488 3515 563 unquam
3534 475 3763 563 fortiter

2172 618 2275 677 160
2313 617 2403 675 Sic
2430 615 2658 686 agricola
2685 613 2831 669 illam
2856 623 3056 670 terram
3077 614 3197 687 plus
3222 624 3389 685 amat,
3417 545 3766 705 “afﬁgi-es

2312 760 2442 817 Post
2470 757 2655 829 spinas
2684 758 2839 814 aﬂert
2888 758 3117 831 ίιυιιειξο,Δ
3148 773 3307 827 quam
3351 735 3471 830 qua
3507 689 3693 831 spiriiilsl
3733 765 3761 806 δ

3100 829 3403 903 [nunquam
3434 829 3653 890 nutrivit
3674 876 3691 901 ,

2314 903 2383 958 Et
2406 901 2639 957 fertilem
2686 916 2919 958 messem
2969 901 3240 972 nunQuam
3294 902 3760 1032 aliquapdipulpro.

2312 1043 2429 1100 Non
2482 1046 2736 1116 desperes
2774 1045 3021 1113 veniam,
3068 1044 3167 1101 sed
3196 1043 3372 1115 potius
3418 973 3761 1115 spiagiiuglu-

3542 1129 3646 1172 tem

2314 1189 2370 1243 Si
2397 1191 2632 1243 facturus
2662 1190 2883 1256 Optima,
2913 1186 3144 1257 pessima
3175 1186 3433 1243 damnare
3474 1116 3755 1245 d[ecern’as.

2173 1259 2278 1315 165
2314 1260 2536 1327 Corrige
2556 1259 2835 1324 delictum,
2866 1268 3029 1329 muta
3060 1274 3237 1313 mores
3260 1298 3276 1325 ,
3333 1272 3535 1313 renova
3566 1260 3755 1329 vitam,

2313 1330 2382 1385 Et
2410 1331 2550 1385 nulla
2575 1342 2628 1386 te
2656 1329 2814 1400 plecti
2844 1328 3054 1385 dolebis
3081 1337 3265 1399 postea
3288 1344 3469 1400 paena.

2313 1401 2429 1475 lion
2456 1402 2628 1475 eritin
2661 1403 2910 1475 crimine,
2936 1416 3093 1475 quem
3127 1402 3351 1475 ptenitet
3377 1408 3503 1475 ante
3550 1400 3755 1469 fuism;

2314 1472 2425 1527 Nec
2452 1473 2661 1527 dicetur
2682 1474 2898 1541 impius,
2927 1473 3015 1540 qui
3046 1470 3208 1525 fuerit
3228 1471 3407 1526 denuo
3435 1472 3577 1541 pius.

2315 1544 2598 1612 Sequentia
2628 1558 2755 1599 vero
2782 1542 3019 1597 carmina
3048 1550 3352 1597 consuucta
3383 1543 3632 1598 lamentis

2174 1617 2279 1673 170
2318 1614 2649 1685 Suspirando
2688 1613 2873 1669 lectita
2943 1628 3329 1683 nonnunquam
3362 1613 3624 1683 plorando
3670 1614 3763 1671 de-

2314 1758 2447 1815 Nam
2478 1764 2656 1827 potest
2678 1754 2937 1810 Dominus
2965 1753 3260 1811 transferre
3297 1755 3352 1811 in
3388 1686 3755 1827 gauirfiiilmmlu-

2321 1901 2391 1956 Et
2417 1899 2642 1955 adversa
2684 1897 2865 1952 omnia
2898 1896 2951 1951 in
2985 1898 3395 1967 prosperitatem
3427 1825 3653 1953 mitigari:
3673 1866 3691 1894 ’

2319 1975 2488 2041 Quem
2518 1969 2737 2041 :eternis
2769 1967 3015 2041 laudibus
3041 1967 3421 2041 gloriﬁcantia
3446 1969 3586 2025 ctelo
3612 1970 3759 2041 cceli,

2326 2039 2394 2100 Et
2419 2042 2645 2099 summis
2693 2039 2991 2096 honoribus
3019 2040 3253 2096 cultores
3282 2040 3540 2167 eiferuntA
3556 2039 3762 2095 mundi.

3548 2126 3693 2167 men.

2252 2252 2283 2295 ιι
2312 2250 2494 2310 Editio
2511 2293 2529 2323 ,
2558 2266 2715 2323 quam
2738 2249 2911 2317 illam,
2930 2263 3046 2320 qua:
3066 2248 3293 2321 _tribulos
3319 2248 3397 2304 vel
3420 2250 3616 2321 spinas.

1621 2512 2231 2599 APPENDIX
2308 2509 2615 2595 XVII.

1614 2672 2003 2731 musarum
2039 2669 2517 2733 PCENITENTIAB
2556 2670 2660 2742 (ιι).

626 2813 786 2879 Audi,
820 2813 1055 2881 Christe,
1073 2814 1282 2869 tristem
1314 2813 1522 2882 ﬂetum,

624 2888 993 2954 Amarumque
1023 2886 1313 2951 canticum,

629 2956 780 3026 Quod
814 2959 1093 3026 perculsus
1119 2964 1177 3011 et
1201 2957 1465 3012 contritus

628 3025 929 3081 Modulatur
955 3027 1173 3096 Spiritus
1202 3044 1217 3094 ;

624 3096 799 3171 Qerne
826 3097 1186 3171 Iacrymarum
1211 3096 1410 3165 ﬂuxus,

628 3168 696 3223 Et
720 3168 961 3223 ausculta
984 3168 1232 3238 gemitus.

704 3238 786 3293 Ad
834 3247 889 3293 te
936 3240 1163 3294 multum
1218 3238 1531 3294 vulneratus
1597 3241 1669 3297 25

630 3308 830 3365 Vocem
862 3309 1021 3364 ﬂetus
1049 3309 1269 3363 elevans

521 3389 556 3445 5
631 3379 752 3448 Alta
778 3380 847 3434 de
869 3379 1136 3448 profundo
1164 3379 1343 3433 cordis

632 3447 837 3503 Emitto
866 3447 1093 3519 Suspiria
1124 3489 1141 3517 ,

626 3519 883 3575 Precibus
911 3520 956 3575 si
986 3519 1125 3575 forte
1163 3520 1300 3576 velis

634 3591 882 3646 Placatus
906 3591 1208 3660 ignoscere.

719 3662 907 3717 Alleva
932 3661 1255 3719 calamitatis

636 3730 964 3801 ltnportunte
993 3732 1250 3801 pondera,

634 3802 765 3874 Qua:
790 3817 882 3874 me
905 3803 1104 3857 diutius
1133 3803 1350 3874 premit,

636 3871 706 3927 Et
730 3873 881 3928 elidit
908 3873 1070 3941 impie
1096 3912 1114 3940 ,

630 3942 743 3998 Nec
766 3944 1014 4007 discedit,
1040 3952 1098 3999 ut
1120 3957 1390 4001 resumam
1602 3946 1674 4003 50

638 4013 774 4069 Vitae
806 4014 1217 4083 respiraculum.

491 4084 566 4146 10
712 4084 906 4139 Ahlato
935 4086 1275 4141 consolatore
1305 4126 1321 4151 ,

639 4154 858 4221 Quadro
886 4154 1099 4210 clausus
1125 4155 1302 4225 lapide
1326 4198 1341 4223 ,

632 4225 795 4349 g5],
826 4225 1217 4297 Gemolugens,
1234 4226 1533 4297 etsuspiro,

690 4298 911 4349 iserere.
940 4297 1247 4349 clamitans.

690 4298 911 4361 iserere,
940 4297 1247 4366 clamitans,

631 4365 795 4437 Pulso
821 4382 1014 4437 rogans
1045 4377 1157 4423 tota
1183 4369 1298 4436 die,

633 4436 738 4493 Sed
764 4447 819 4508 tu
850 4436 1063 4508 semper
1085 4439 1299 4495 dilatas.

709 4506 797 4581 Ad,
812 4506 1109 4581 juven'tutis
1132 4509 1403 4581 delictum,

637 4575 708 4651 Et
734 4578 801 4633 ad
816 4575 1159 4651 ignorantiae,

635 4647 753 4703 Non
780 4647 871 4705 me
890 4661 1093 4715 teneas,
1123 4665 1295 4707 exoro
1330 4668 1347 4706 :
1607 4654 1681 4711 '55

636 4718 742 4774 Sed
774 4721 1191 4777 misericorditer

496 4792 567 4849 15
642 4790 1071 4865 ξρᾱξιβηῃιεευιῃ
1104 4794 1205 4849 hoc
1234 4792 1459 4865 dispone

641 4858 759 4915 Jam
788 4862 1008 4932 indigno
1030 4878 1271 4933 parcere.

712 4934 795 5004 Ah
819 4936 1033 5003 antiqua
1061 4936 1259 5004 pietate

635 4999 717 5056 Ne
745 4999 1006 5071 declines,
1034 4999 1265 5062 obsecro
1292 5023 1311 5063 :

642 5071 775 5147 13am
800 5075 1020 5144 justitia:
1050 5078 1288 5147 rigorem

648 5144 823 5217 Sime
853 5148 1001 5217 sequi
1027 5144 1242 5216 julieas,

641 5214 782 5286 hlille
809 5214 1167 5273 snm'dehitor
1195 5214 1389 5286 pinnis,

635 5283 777 5358 Mille
800 5287 994 5358 dignus
1024 5283 1309 5343 mortibus.

712 5357 907 5426 Aspice
946 5358 1079 5428 jam,
1107 5360 1249 5414 Deus
1278 5360 1538 5431 clemens,
1605 5362 1677 5419 40

636 5427 934 5501 {Erumnas
952 5427 1090 5497 ’quas
1126 5431 1317 5501 tolero,

487 5494 564 5553 90
638 5498 876 5571 Remove
896 5494 1268 5571 contritiones,
1303 5494 1314 5501 ’
1357 5558 1361 5562 .

639 5570 710 5625 Et
738 5570 945 5641 ﬂagella
977 5573 1203 5640 prohibe
1232 5588 1248 5627 :

635 5641 716 5716 [Se
743 5658 851 5716 me,
888 5659 1095 5711 precor,
1128 5645 1430 5716 indignatus

634 5711 937 5783 Opprimas,
980 5724 1033 5770 et
1060 5711 1329 5778 conteras.

568 5857 594 5887 ι
637 5849 759 5903 Vide
780 5849 1091 5922 lsidoriana,
1121 5870 1173 5910 c.
1198 5855 1288 5927 81,
1318 5876 1374 5914 n.
1398 5858 1469 5917 25
1488 5868 1543 5916 et
1571 5875 1688 5933 seq.

1820 2817 2004 2871 Annos
2036 2827 2189 2869 meos
2215 2813 2266 2867 in
2296 2810 2504 2879 dolore,

1749 2887 1924 2942 Vitam
1959 2886 2012 2940 in
2040 2883 2322 2954 gemitibus

1749 2957 1881 3012 Vilis
1909 2952 2083 3012 factus
2110 2952 2481 3011 consummavi
2510 2967 2525 3005 :

1746 3029 1917 3085 Parce
1948 3028 2100 3093 mihi,
2132 3026 2414 3094 deprecor,

1742 3099 1859 3154 Jam
1892 3114 1996 3153 non
2022 3089 2235 3166 possum
2266 3089 2533 3151 sustinere
2717 3089 2788 3145 45

1747 3170 1825 3225 Da
1852 3168 2119 3234 dextram,
2145 3177 2200 3222 et
2227 3168 2395 3235 eripe.

1816 3241 2130 3309 Aggravasti
2158 3252 2374 3292 manum
2404 3235 2577 3307 plagae

1744 3312 1922 3380 Super
1952 3325 2040 3365 me
2065 3309 2319 3380 validius,

1745 3378 1977 3436 Carnem
2003 3381 2118 3435 dira
2140 3378 2497 3448 ﬂagellorumi

1745 3451 1964 3509 Ultione
1990 3460 2296 3514 centerens,

1744 3521 1929 3589 Crede,
1960 3522 2128 3587 l'erro,
2167 3520 2351 3587 sorde,
2386 3526 2563 3589 peste,

1743 3593 2108 3648 Tenebrarum
2136 3604 2372 3647 carcere.

1828 3666 2008 3735 Auges
2040 3674 2282 3735 tempora
2310 3673 2577 3731 pressum
2595 3699 2613 3727 ,

1744 3734 1947 3790 Luctus
1974 3734 2124 3789 addis
2153 3747 2321 3788 onera
2349 3776 2365 3798 ,
2638 3740 2656 3745 ”

1746 3805 2012 3860 Diﬂerens
2042 3804 2241 3859 afﬂicto
2266 3796 2423 3857 valde
2714 3796 2785 3854 50

1748 3875 1890 3930 Dare
1922 3876 2051 3931 mihi
2083 3876 2349 3946 requiem,

1750 3946 1947 4017 Contra
1977 3946 2121 4017 quod
2160 3942 2352 4017 grates
2383 3942 2647 4015 rependo,

1743 4016 1858 4073 Non
1890 4016 2157 4072 resultans
2180 4016 2485 4073 murmuro.

1821 4088 1966 4144 Abes
1994 4088 2092 4159 (ὁ),
2124 4089 2249 4142 dico
2268 4129 2283 4153 ,
2307 4087 2609 4156 veritatem,

1753 4159 1822 4215 Ut
1851 4161 2063 4215 occidas
2094 4159 2348 4227 impium;

1751 4230 1859 4286 Sed
1892 4246 2045 4300 rogo,
2078 4239 2199 4299 post
2226 4228 2561 4297 disciplinam

1748 4300 1825 4356 Da
1855 4301 2092 4369 placatus
2120 4302 2326 4354 veniam
2345 4340 2360 4364 ,

1748 4372 1886 4439 Quia
1917 4388 2023 4426 non
2053 4380 2281 4425 mortem
2315 4370 2504 4439 iniqui,

1749 4443 1858 4499 Sed
1885 4446 2049 4497 vitam
2075 4442 2371 4495 desideras.

1820 4517 2028 4568 Accuso
2050 4528 2159 4578 me,
2185 4527 2288 4565 non
2312 4524 2533 4581 excuso,
2712 4506 2783 4561 55

1750 4583 2003 4641 Laudans
2032 4592 2104 4649 te,
2132 4582 2273 4653 quod
2302 4583 2448 4636 mitis
2474 4594 2535 4636 es
2556 4620 2576 4647 ,

1753 4655 1911 4711 Juxta
1942 4654 2159 4708 modum
2186 4653 2504 4707 delictorum

1751 4726 1924 4781 Parva
1951 4725 2107 4781 datur
2143 4724 2297 4789 ultio,

1747 4796 1898 4861 Haec,
1927 4805 1983 4852 et
2005 4795 2290 4865 ampliora,
2320 4794 2496 4849 clamo
2521 4834 2539 4860 ,

1750 4867 1952 4937 Dignus
1977 4863 2391 4937 sum—excipere.

1822 4936 1903 4993 Ad
1926 4936 2220 4992 remedium
2244 4936 2506 4989 malorum

1751 5006 1963 5063 Eterni
1988 5007 2178 5078 judicii
2194 5048 2209 5072 ,

1750 5078 1928 5149 Satius
1952 5074 2094 5132 nunc
2122 5074 2245 5149 [est]
2275 5074 2488 5145 ﬂagello

1749 5148 2053 5217 Temporali
2081 5149 2307 5217 percuti,

1750 5216 1920 5285 Quam
1947 5216 2270 5288 perennibus
2302 5218 2479 5272 futuro
2712 5216 2783 5273 60

1754 5291 1880 5346 Dari
1903 5290 2248 5344 cruciatibus.

1821 5361 2050 5422 Adhibe,
2083 5360 2127 5413 si
2168 5360 2358 5427 placet,
2389 5356 2561 5411 adhuc

1748 5433 2162 5489 Tormentorum
2197 5430 2443 5484 stimulos
2473 5470 2487 5492 ,

1747 5506 1953 5573 Quibus
1980 5504 2217 5558 deﬂuant
2247 5513 2466 5555 veterna
2502 5540 2517 5564 ,

1744 5577 2067 5644 Putridaque
2095 5573 2315 5629 crimina
2351 5591 2361 5626 :

1749 5648 1905 5703 Salus
1935 5655 2161 5711 tantum,
2187 5647 2295 5699 vita
2334 5644 2551 5699 demum

1750 5718 2116 5789 Subsequatur
2152 5716 2478 5772 morbidum.

2935 2810 3168 2877 Adhibe,
3195 2811 3289 2867 sed
3318 2826 3425 2867 non
3454 2808 3620 2868 iratus
3648 2856 3663 2883 ,

2862 2879 2929 2935 Ut
2955 2883 3025 2935 sit
3052 2883 3327 2938 tolerabile
3347 2924 3363 2949 ,

2867 2950 3023 3025 Quod
3052 2969 3135 3025 me
3163 2963 3381 3023 propter
3407 2969 3523 3010 mea
3545 2955 3709 3025 iubes

2862 3023 3073 3092 Perpeti
3106 3024 3341 3080 facinora
3371 3041 3387 3089 ;

2860 3092 3134 3166 Quatenus
3162 3106 3410 3166 correpto
3439 3112 3654 3152 rursum

2860 3163 2946 3220 Sis
2972 3166 3114 3218 mitis
3146 3176 3263 3233 post
3293 3163 3538 3223 verbera.

2934 3238 3189 3309 Amarum
3222 3238 3325 3293 hoc
3345 3246 3450 3305 est,
3476 3244 3536 3294 et
3560 3237 3677 3295 leve
3700 3282 3719 3309 ,

2858 3304 2991 3377 Quia
3019 3309 3398 3375 pertransibile
3424 3304 3439 3377 ,

2858 3375 2964 3450 Sed
2994 3378 3252 3450 amarius,
3279 3388 3334 3450 et
3352 3375 3514 3450 grave
3536 3421 3551 3447 ,

2860 3446 3013 3514 Quod
3046 3446 3417 3515 irrevocabile,

2857 3520 2975 3589 Quo
3007 3532 3283 3588 poenarum
3316 3536 3422 3575 non
3452 3530 3538 3577 est
3565 3521 3719 3589 ﬂnis,

2854 3587 2964 3643 Nec
2992 3587 3163 3661 dolori
3194 3594 3431 3661 requies.

2932 3660 3141 3716 Ardens
3163 3660 3281 3717 illic
3300 3664 3405 3718 nrit
3434 3663 3649 3720 ﬂamma

2862 3729 3245 3804 Qamnatoruin
3272 3749 3498 3804 corpora
3524 3779 3540 3803 ,

2859 3799 3009 3873 Ultra
3040 3803 3273 3858 reditum
3305 3799 3412 3859 non
3442 3799 3649 3873 sperat,

2856 3872 3025 3947 Quem
3050 3872 3139 3929 illa
3166 3872 3489 3947 susceperit,

2853 3942 3017 4014 Cujus
3054 3960 3252 4014 pavore
3287 3942 3502 4002 tabesco

2864 4012 3130 4085 Liquesco
3162 4015 3470 4073 formidine.

2932 4086 3169 4157 Arbiter,
3205 4096 3260 4142 et
3286 4090 3435 4144 testis
3458 4101 3643 4156 aaqnus

2856 4154 2974 4225 Ipse
3000 4156 3124 4211 dum
3156 4154 3434 4214 adveneris

2858 4227 3060 4282 Justam
3090 4230 3318 4285 reddere
3343 4227 3645 4285 mercedem

2854 4297 3196 4369 Singulorum
3227 4302 3436 4358 meritis
3457 4343 3475 4369 ,

2858 4367 2976 4448 Quo
3006 4386 3091 4425 me
3117 4367 3629 4448 salvaredecernas,

2852 4440 2997 4508 Opus
3029 4457 3132 4496 non
3162 4441 3424 4503 invenies.

2930 4512 2977 4565 A
3008 4509 3122 4567 Deo
3159 4513 3458 4574 districtum
3486 4535 3721 4579 cernens

2852 4580 3089 4635 Examen
3125 4582 3311 4651 judicii
3336 4624 3353 4651 ,

3045 4653 3194 4709 Duco
3222 4656 3387 4711 vitam
3419 4662 3473 4718 in
3499 4678 3733 4722 mal-ore

2849 4722 3056 4799 iugiter
3081 4732 3139 4799 et
3156 4725 3356 4799 gemitu
3393 4775 3409 4799 ,

2852 4790 3062 4864 {ustum
3087 4790 3322 4864 judicem
3356 4790 3572 4860 visurus

2852 4862 2968 4918 Jam
3001 4862 3231 4933 pavesco
3261 4872 3502 4930 territus.

2925 4937 3158 5008 Amarus
3187 4945 3241 4992 et
3269 4942 3492 5008 pavidus
3523 4954 3650 5001 tunc

2853 5002 3043 5080 Yultus
3073 5016 3198 5062 tuus
3232 5002 3430 5080 impiis,

2857 5076 2960 5156 ger
2990 5092 3149 5156 quem
3178 5076 3356 5156 nullus
3390 5076 3685 5156 impunitus

2851 5145 2970 5200 Erit
3001 5145 3205 5204 habens
3232 5154 3461 5211 erimina

2857 5216 2968 5292 lilisi
2996 5221 3085 5292 qui
3115 5223 3363 5292 lacrymis
3396 5228 3484 5281 illa

2853 5286 3576 5356 Nunc—vivens'absterserit.

2930 5363 2969 5412 A
3002 5363 3385 5430 tranquillitate
3414 5378 3502 5423 tua

2857 5429 2936 5506 'l‘tt
2949 5429 3229 5506 nunquam
3258 5440 3575 5506 mutalicris,

2858 5500 2963 5577 Sed
2990 5502 3131 5577 initis
3158 5505 3369 5577 parebis
3393 5500 3575 5577 justis,

2854 5570 3129 5626 Terribilis
3158 5572 3353 5641 impiis,

2855 5642 2997 5723 Quos
3028 5643 3274 5723 habuerit
3301 5647 3370 5723 de
3396 5652 3553 5723 culp;

2861 5715 3001 5770 Iteos
3026 5716 3378 5779 conscientia.

2254 5856 2282 5897 ι’
2310 5858 2440 5913 Abcs
2472 5871 2569 5927 pro
2590 5856 2757 5912 habet.
