4100 6344
309 400 451 462 1257

309 657 381 715 65

232 1350 380 1431 ’70

309 2089 385 2148 75

311 3513 383 3571 85

309 4228 383 4284 90

313 4934 386 4993 95

518 517 599 573 Ab
627 512 823 586 iniquis
848 514 1025 586 justus
1050 527 1240 571 omnes

447 590 747 658 Segregans
769 589 1026 643 velociter
1041 630 1056 652 ,

457 662 628 716 Pones
657 662 837 716 haedos
865 660 927 712 ad
963 662 1232 714 sinistram
1254 701 1267 723 ,

414 770 417 773 -
455 732 513 788 Et
538 747 706 799 agnos
727 733 792 786 ad
817 733 1091 787 dexteram
1110 772 1126 794 ,

457 805 565 859 llos
600 814 815 859 tete-ruat
840 805 938 857 luci
965 804 1139 871 dabis,

451 877 577 931 Illos
608 886 783 931 autem
816 876 1070 929 tenebris.

524 949 606 1003 Ab
638 949 713 1001 ira
749 946 945 1001 furoris
976 947 1050 999 ttti

450 1016 581 1088 Quis
613 1036 718 1073 non
745 1016 1199 1074 conturbabitur?

449 1092 578 1156 Qua:
608 1107 637 1145 a
664 1092 805 1144 nulla
837 1102 1079 1145 creatura

450 1161 703 1216 Cohiberi
732 1163 946 1227 poterit.

449 1234 578 1287 Cum
614 1234 903 1301 peremeris
936 1233 1144 1303 iniquos

457 1307 580 1359 Oris
607 1306 680 1359 tui
713 1307 909 1371 gladio.

524 1377 825 1439 Amputans
848 1377 1030 1438 verbo.
1052 1391 1155 1431 non
1184 1377 1345 1444 ferro,

450 1447 700 1503 Cervices
728 1448 1063 1517 peccantium
1094 1490 1108 1511 ,

451 1519 528 1572 Τιι
559 1519 748 1585 perdes
782 1519 834 1572 in
866 1527 1180 1588 tempestate

453 1588 788 1645 Festinantes
818 1589 1010 1654 impios
1033 1630 1049 1655 ,

454 1661 587 1715 Vittr.
608 1662 946 1730 sempiternae
965 1660 1122 1731 justis

451 1732 759 1787 Collaturus
789 1738 1027 1802 prsentia.

526 1804 785 1872 Accipite,
817 1803 958 1858 dicet
990 1805 1117 1869 illis,

455 1875 697 1945 Regnum
728 1883 969 1943 paratum
1001 1885 1085 1929 est
1114 1876 1264 1932 vobis

455 1947 558 2001 Pro
596 1946 857 2002 fructibus
884 1947 1128 2014 justitite,

452 2019 516 2073 Et
548 2018 951 2081 misericordize,

459 2090 573 2156 His,
601 2101 655 2143 et
682 2089 813 2153 illis,
843 2105 962 2157 qua:
988 2088 1211 2156 fecistis,

453 2159 652 2216 Cuncta
686 2170 739 2213 tu
771 2162 1082 2215 testitieane.

526 2231 789 2287 ASIabunt
816 2242 939 2285 ante
964 2232 1192 2287 tribunal

458 2302 632 2357 Tuum
664 2318 851 2357 omnes
881 2302 1095 2370 animm,

458 2374 723 2444 Quidquid
762 2373 1025 2442 gesserint
1052 2375 1102 2429 in
1134 2390 1295 2433 carne
1320 2386 1346 2415 “

456 2444 750 2515 Narrantes
777 2446 841 2499 ad
872 2446 1076 2513 singula
1105 2489 1118 2509 ,

452 2517 587 2583 Quid
620 2526 724 2571 tam
759 2533 851 2584 pro
877 2517 1119 2571 nefandis
1150 2521 1311 2577 miser

453 2589 777 2643 Criminibus
804 2589 1156 2656 respondeam
1187 2593 1210 2645 ἲ

529 2661 769 2715 Assertio
800 2658 1011 2727 phalera
1021 2670 1069 2715 ta

450 2730 662 2787 Juslum
692 2728 896 2785 nullout
927 2730 1085 2787 faciet
1112 2750 1126 2797 ;

456 2810 622 2858 Actus
650 2806 775 2857 boni
807 2812 1011 2856 tantum
1044 2804 1203 2873 facta,

453 2873 568 2929 Non
600 2874 785 2937 verba,
821 2875 1064 2941 recipies,

458 2944 587 3016 Data
611 2945 835 3016 singulis
860 2946 1059 3000 talenta

453 3015 584 3072 Cum
616 3015 793 3072 usuris
824 3031 887 3073 ex
897 3026 1106 3086 petens.

527 3089 742 3143 Ahactis
772 3098 825 3142 et
847 3087 1093 3144 refutatis

457 3159 922 3224 Excusationibus,

458 3231 535 3285 En
570 3235 731 3286 homo
759 3240 963 3285 tantum
985 3232 1192 3287 dicetur
1220 3274 1237 3300 ,

455 3301 518 3355 Et
545 3317 707 3369 opera
739 3305 879 3356 illius
902 3343 917 3367 ,

450 3374 581 3437 Qute
613 3388 967 3440 praeceruens,
1002 3382 1059 3428 ut
1086 3384 1343 3443 meretur,

454 3444 745 3499 Confestim
786 3446 1026 3513 recipiet.

528 3518 735 3570 Arcana
764 3524 889 3569 tunc
910 3526 1239 3571 secretorum

452 3586 639 3641 Omnis
666 3587 1009 3641 conscientia:

460 3658 549 3715 Sic
572 3658 843 3723 lustrabis,
872 3660 1015 3715 velut
1042 3660 1219 3716 vultus

455 3729 703 3785 Cernitur
734 3732 791 3799 in
815 3731 1056 3799 speculo,

456 3799 570 3856 Heu
601 3802 729 3855 mihi
757 3800 771 3855 !
804 3804 889 3870 qui
923 3803 1119 3869 parebo
1143 3845 1158 3870 ,

454 3870 614 3941 Pejor
638 3873 782 3927 omni
813 3872 1046 3941 pessimo
1068 3874 1091 3928 ἲ

531 3945 611 3999 Ad
638 3960 918 4013 personam
944 3961 1047 4000 non
1074 3954 1355 4009 convertes
1421 3947 1526 4005 125

454 4014 661 4081 Visum,
696 4016 789 4071 sed
821 4016 886 4070 ad
916 4018 1137 4085 merita;
1248 4078 1251 4081 _

454 4085 564 4160 ἴδες
596 4088 858 4143 natalibus
888 4088 1175 4160 insignem,

455 4157 763 4214 Sublimem
779 4157 1061 4228 prudentia

454 4228 638 4301 [facies
671 4232 762 4284 tibi
793 4240 1097 4288 consortem
1124 4275 1140 4301 ,
1200 4266 1201 4269 η

457 4299 559 4355 Sed
600 4303 860 4357 insontem
892 4318 1074 4369 opere.
1127 4299 1133 4301 ⁷
1296 4324 1323 4343 ο

531 4372 919 4426 Abominabilis
950 4374 1055 4429 erit

457 4440 572 4495 Cor.
599 4460 647 4495 tn
679 4453 728 4496 te
760 4444 1030 4512 iniquitas,

456 4513 643 4568 Nullus
670 4513 812 4567 enim
846 4515 1243 4572 immundorum

457 4584 577 4638 'l'ibi
606 4585 921 4651 sociabitur,

459 4657 738 4723 Quomodo
769 4666 892 4712 tunc
918 4655 1091 4713 fetens
1114 4659 1294 4715 hircus

456 4726 663 4781 Mundis
689 4728 883 4798 jungar
911 4732 1100 4784 ovibus
1126 4732 1149 4785 ?

528 4800 666 4853 Aule
686 4809 743 4869 te
762 4798 895 4869 justi
923 4816 1022 4857 nec
1044 4802 1145 4857 erit

456 4865 653 4920 Secura
676 4865 879 4938 Jtisiitia
910 4913 927 4938 ,

457 4941 623 5011 Quam
654 4940 699 4991 si
726 4937 970 4991 dlSlliClt:
998 4946 1297 5011 perquiras,

458 5008 526 5063 Et
559 5014 668 5078 ipsa
702 5020 976 5077 peccatum
1002 5022 1105 5075 est,

458 5080 559 5146 Qui
582 5080 625 5133 si
644 5080 791 5148 justo
820 5078 846 5117 δ
880 5085 978 5133 nisi
1003 5097 1212 5151 parcas,

459 5150 551 5206 Va:
593 5151 990 5219 periclitabitur.

530 5225 773 5293 Arguens
800 5226 853 5276 in
882 5222 1108 5280 veritate

453 5292 720 5365 Decernes
742 5294 1022 5365 judicium,

460 5364 529 5421 Et
559 5372 608 5419 in
637 5368 885 5433 a’quitate
915 5377 1002 5421 tua

455 5434 640 5492 Justus
667 5436 755 5492 vix
786 5439 1100 5494 salvabitur.

461 5504 558 5581 ilbi
593 5520 714 5562 tunc
741 5525 842 5581 ego
872 5513 1070 5580 parebo

462 5578 718 5633 l’eccator
739 5578 799 5634 et
813 5578 1047 5649 impius?

387 5723 410 5786 ξ’
441 5715 635 5780 Editio,
678 5716 887 5786 gesserit
914 5718 966 5770 in
996 5733 1166 5773 carne.

384 5783 414 5825 δ
455 5787 637 5856 Forte,
667 5783 774 5840 Etsi
798 5792 993 5858 justus.

389 5866 412 5894 ο
442 5858 622 5925 Forte,
642 5861 938 5913 meruerint.

319 5964 329 5969 ν
384 5925 414 5964 ⁸
454 5926 636 5995 Forte,
672 5930 719 5985 si
748 5931 981 6001 persequi
1023 5946 1104 5986 me
1140 5938 1284 6004 juue
1321 5939 1376 5988 tu
1404 5932 1705 6009 decreveris,
1732 5935 1895 5994 Morti

750 6022 1022 6088 Ριτιιοι.
1065 6026 1418 6093 LXXXIII.

1121 398 1412 459 APPEND.
1450 399 1619 458 XVII.
1658 430 1727 442 —
1767 399 2153 459 LAMENTUM
2191 398 2686 459 ΝΕΝΙΤΕΝΤΙᾸΞ.

3421 398 3570 462 1258

2728 515 2932 591 Aspera
2959 526 3104 576 sum,
3122 527 3257 591 quae
3281 515 3487 591 peregi,

2656 585 2886 648 Acerba,
2918 595 2969 639 et
2991 584 3199 656 gravia;

2663 660 2894 729 Propter
2919 674 3038 719 utne
3062 657 3104 711 si
3134 659 3380 729 persequi

2659 731 2739 785 Μμ
2766 727 2905 798 inde
2927 728 3230 786 decreveris
3253 769 3272 798 ,

2658 803 2810 853 Morti
2844 802 2946 853 delt
2973 810 3054 854 tor
3078 801 3128 859 ά,
3156 812 3209 855 et
3244 817 3419 867 intente

2656 872 2815 935 Novi,
2851 873 2990 939 quod
3025 872 3279 936 reperies.

2742 944 2817 996 Ad
2853 945 3183 1006 iniquitatem
3208 961 3381 1002 meam

2658 1015 2714 1068 Si
2740 1026 3024 1070 convertas
3049 1018 3232 1069 oculos
3249 1058 3263 1081 ,

2665 1087 2845 1161 facto,
2872 1102 3023 1147 omna
3050 1103 3166 1157 quae
3184 1090 3506 1161 condignum
3533 1099 3560 1132 ι

2659 1158 2937 1212 Neminem
2965 1163 3223 1228 reperies.

2658 1230 2789 1305 Cum
2808 1246 2911 1299 quo
2927 1247 3010 1305 me
3023 1233 3366 1287 cremandum
3386 1242 3564 1305 putes,

2660 1301 3091 1356 Combureudum
3123 1320 3365 1360 censeas.

2737 1374 2821 1449 Ad
2838 1374 3155 1428 delictorum
3183 1391 3521 1449 mensuram,

2659 1440 3065 1517 Criminnmque
3094 1447 3300 1509 copiam
3326 1489 3346 1517 ,

2666 1516 2797 1583 Ips;e
2825 1532 2994 1582 pinna:
3020 1516 3369 1577 Tartarorum

2666 1586 2763 1641 Vix
2791 1590 2953 1643 credo
2983 1589 3272 1655 sufﬁcient,

2523 1656 2627 1713 145
2670 1659 2800 1710 1)ιιιιι
2828 1676 2924 1713 nec
2955 1660 3098 1722 talia,
3128 1678 3225 1714 nec
3255 1670 3403 1722 tanta

2666 1729 2799 1797 Quis
2830 1732 3041 1799 iniquus
3064 1733 3269 1787 fecerit.

2733 1803 2937 1878 Anxius
2963 1803 3039 1878 ob
3082 1804 3179 1858 hoc
3212 1809 3449 1878 suspiro,

2664 1872 2813 1938 Quod
2849 1876 3008 1941 impie
3038 1872 3322 1942 gessieritn,

2666 1944 2828 2015 35h
2844 1945 3204 1999 Pessitnornm
3226 1960 3565 2013 peccatorum

2665 2021 2888 2085 Saucius
2913 2032 3028 2071 smn
3058 2018 3299 2086 vulnere,

2666 2086 2887 2141 Dillicile
2921 2087 3080 2141 tantis
3113 2091 3269 2145 malis

2674 2158 2805 2211 Esse
2828 2160 3003 2213 salvus
3033 2160 3284 2216 arbitror.

2734 2229 2925 2306 Arctor
2948 2230 3184 2300 undique
3208 2239 3493 2306 pressaris,

2667 2300 3006 2371 Comprimor
3029 2305 3309 2371 angustiis,

2672 2370 2920 2449 fluctuat
2960 2370 3119 2449 ruens
3140 2376 3189 2427 in
3223 2390 3491 2449 incerare,

2667 2443 2772 2516 Cor
2804 2446 3021 2516 natatin
3047 2446 3313 2516 lacrymis,

2666 2513 2772 2568 Nec
2803 2516 2905 2568 nlla
2941 2515 3132 2571 timore
3158 2513 3330 2573 inulto

2668 2585 2897 2653 Requies
2922 2597 3005 2641 est
3037 2588 3221 2643 animi.

2738 2660 2887 2721 Arri,
2908 2658 3152 2736 polique,
3189 2664 3461 2736 marisque

2667 2728 2783 2804 Non
2818 2730 3070 2804 turhabor
3105 2729 3123 2767 τ
3158 2728 3385 2804 sinibus;

2668 2800 2805 2866 Quin
2830 2810 2885 2855 et
2910 2800 3025 2854 [nec
3056 2802 3192 2871 ignis
3216 2800 3412 2864 ardore

2671 2871 2923 2926 Resoluta
2951 2872 3208 2929 delluent.

2670 2942 2768 2998 Ubi
2800 2958 2883 2996 me
2907 2943 3071 2998 miser
3092 2945 3418 3007 abscondam
3442 2949 3469 3007 τ

2665 3013 2781 3081 Quo
2800 3028 2930 3087 ante
2962 3024 3012 3067 lt:
3041 3016 3236 3087 fugiam
3261 3022 3284 3075 ?

2748 3086 2830 3141 Ab
2862 3087 3222 3144 immensitate
3246 3102 3335 3147 tua

2673 3158 2853 3230 Mundi
2878 3173 3039 3230 gyros
3061 3161 3364 3217 clauditur?

2670 3229 2877 3310 Caelum
2913 3229 3215 3310 terramque
3240 3243 3294 3289 tu
3318 3245 3497 3308 reptes
3520 3247 3572 3310 ⁸,

2674 3302 2739 3356 Et
2763 3303 2879 3355 sine
2908 3311 2958 3357 te
2980 3302 3109 3356 nihil
3134 3317 3243 3371 est;

2672 3372 2773 3450 Qui
2803 3373 3071 3450 placatum
3106 3384 3157 3429 te
3183 3392 3288 3450 non
3313 3377 3500 3450 habet,

2673 3444 2867 3499 iratum
2892 3462 2994 3513 quo
3016 3446 3220 3516 fttg'et?

2747 3518 2932 3585 Agitur
2956 3532 3107 3592 meus
3130 3533 3272 3587 aagra
3302 3525 3525 3592 passim,

2674 3586 2891 3640 Diversa
2916 3586 3285 3656 cunsidera’ns,

2675 3658 2783 3711 Nec
2805 3658 2983 3710 elucet
3004 3659 3267 3716 evadendi

2678 3727 2894 3797 Uspiam
2921 3728 3171 3796 effugium
3197 3772 3212 3797 ,

2531 3796 2634 3854 160
2675 3796 2779 3876 Sed
2810 3800 2905 3876 abs
2934 3810 3006 3863 te,
3033 3796 3281 3870 Domine,
3307 3804 3449 3876 fuga,

2677 3870 2741 3925 Et
2771 3871 2835 3924 ad
2870 3879 2920 3925 te
2951 3875 3207 3930 reversio.

2748 3942 2910 3995 Arma
2939 3958 3157 3999 sumens
3183 3946 3495 4013 paenitentis

2677 4013 2927 4076 Saccum.
2954 4027 3007 4069 et
3037 4018 3289 4083 cilicium,

2678 4085 2839 4140 Pulso
2869 4086 3081 4155 pietatis
3103 4104 3262 4145 aures

2682 4156 2900 4212 Viscera
2926 4159 3258 4225 clementius,

2677 4227 2852 4282 Verba
2886 4228 3041 4283 ﬂetus
3068 4232 3123 4285 et
3154 4232 3361 4289 doloris

2680 4300 2934 4375 lugeretis
2965 4316 3087 4356 cum
3118 4302 3395 4375 lacrymis.

2747 4372 2888 4426 Audi
2920 4387 3127 4440 preces,
3157 4387 3211 4429 et
3235 4372 3474 4446 placare,

2680 4442 2829 4517 biens
2858 4458 2989 4517 quas
3012 4460 3153 4515 aagra
3187 4442 3439 4517 parturit,

2539 4515 2639 4571 165
2678 4514 3146 4585 (Ζοιιειόειειιιειιίιιε
3186 4514 3405 4574 dolores

2680 4586 2933 4655 ltltpt‘llde
2964 4594 3300 4658 malagmata,

2678 4658 2811 4725 Quia
2847 4668 2933 4712 tua
2956 4675 3075 4712 sum
3108 4662 3313 4714 factura

2676 4729 2897 4793 'l‘uaqne
2924 4734 3222 4799 plasmatio.

2753 4802 2984 4865 Adhibe,
3013 4817 3233 4869 precor,
3268 4801 3554 4871 medelam,

2683 4872 2936 4926 Pessinus
2969 4873 3304 4936 vulneribus,

2684 4942 3007 5015 lfrollnentta
3033 4949 3408 5015 praestringens

2688 5012 2945 5065 Vitiorum
2983 5018 3189 5079 u'cera,

2682 5084 2953 5157 Corrupta
2982 5086 3396 5157 rediutegrando

2685 5154 2926 5211 Sanitate
2953 5167 3179 5226 perpeti.

2758 5228 2923 5282 Aufer
2954 5244 3039 5283 me
3069 5234 3135 5283 de
3164 5231 3273 5283 luto
3297 5229 3445 5285 facis

2685 5297 3032 5354 Peccatornm
3066 5303 3337 5367 omnium;

2689 5370 2998 5426 Emendare
3025 5389 3129 5426 non
3160 5384 3473 5429 contemnas
3492 5410 3517 5442 ρ

2690 5445 2988 5511 Antequam
3019 5445 3281 5498 diScutias
3307 5461 3322 5511 ;

2697 5516 2761 5569 Et
2788 5516 2894 5569 non
2921 5532 3014 5569 ero
3037 5526 3158 5570 tunc
3187 5514 3515 5584 immundus,

2695 5586 2751 5643 Si
2784 5604 2869 5641 me
2892 5602 3031 5642 nunc
3061 5587 3309 5658 piaveris.

1409 516 1513 573 100
1624 515 1920 572 Annalibus
1949 517 2226 583 reseratis,

1547 587 1895 643 Nndalwntttr
1926 591 2135 655 publice

1721 661 1968 715 Omnium
1995 662 2266 717 hominum
2288 662 2444 728 facta,

1548 734 1825 800 ngilztlns
1849 734 2014 801 impii,

1552 804 1605 856 lu
1646 813 1843 857 statera
1874 812 1927 856 tu
1960 805 2178 861 ilhf-tbis

1547 873 1734 928 Omnia
1765 876 1815 926 itt
1842 874 2097 943 pondere.

1622 945 1875 1013 AppeIIStt
1908 946 2068 1007 bono.
2100 952 2179 1001 vel
2216 948 2356 1004 malo
2387 989 2401 1013 ,

1546 1017 1677 1072 Pars
1713 1018 1825 1070 hac
1864 1019 2164 1084 operarium

1550 1089 1872 1151 Vindicahit,
1897 1103 2053 1157 quam
2088 1093 2339 1145 momenti

1551 1158 1727 1215 Laure
1766 1160 2129 1224 declinaterit,

1412 1230 1515 1287 105
1555 1232 1692 1297 Qttid
1723 1248 1897 1301 agam,
1943 1233 1986 1284 8i
2024 1230 2232 1299 pondus
2263 1234 2386 1287 mali

1552 1303 1635 1357 Me
1659 1304 1787 1356 laws
1815 1303 2126 1369 jactaverit?

1621 1375 1663 1429 A
1691 1375 1895 1445 iustitia
1928 1374 2117 1429 diverti

1552 1446 1708 1501 Nullo
1734 1446 1892 1500 modo
1915 1448 2115 1514 poteris
2134 1491 2148 1512 ,

1550 1517 1657 1573 Nec
1686 1532 1967 1587 perennant
1996 1515 2323 1587 acceptabis,

1552 1590 1657 1643 Nec
1687 1590 1844 1643 ullius
1872 1605 2122 1654 munera;

1557 1661 1661 1715 Sed
1693 1661 1886 1715 reddes
1916 1662 2201 1731 unicuique

1556 1731 1713 1787 Juxta
1747 1748 1840 1785 sua
1875 1746 2057 1799 opera.

1625 1804 1903 1876 ASpicient
1930 1806 2054 1876 mali
2077 1804 2273 1876 justos,

1556 1874 1687 1927 Cum
1732 1874 2116 1929 beatitudinem

1414 1948 1517 2002 110
1556 1945 1755 2000 Gloriae
1788 1950 2181 2013 promeruerint
2208 1960 2255 2015 ε,

1558 2018 1623 2071 Et
1652 2018 1909 2070 dolebnnt
1936 2021 2151 2083 acriter,

1555 2090 1708 2154 Quod
1741 2104 1844 2141 non
1874 2089 2111 2143 vixerint
2134 2094 2211 2146 sic
2233 2091 2396 2161 juste,

1560 2162 1626 2215 Ut
1654 2161 1729 2215 sic
1757 2168 1937 2214 essent
1973 2162 2150 2216 liberi.

1638 2231 1697 2285 A.
1713 2231 1901 2287 dolore
1934 2235 1986 2285 in
2020 2232 2261 2289 dolorem

1558 2302 1879 2373 Neqoioretn
1904 2305 2163 2358 transient
2181 2349 2193 2371 ,

1555 2375 1687 2432 Cum
1720 2376 1897 2441 Abite,
1927 2377 2195 2431 maledicti
2220 2419 2233 2444 ,

1558 2447 1663 2501 Illis
1687 2447 1800 2515 ipse
1831 2446 2031 2500 dixerit

1420 2519 1525 2574 115
1564 2520 1617 2573 In
1650 2520 1821 2586 ignem
1852 2518 1942 2586 qtti
1972 2526 2057 2572 est
2088 2528 2304 2588 paratus

1558 2590 1721 2645 Vobis
1752 2600 1805 2643 et
1828 2589 2063 2652 diabolo,

1633 2663 1678 2716 A
1702 2661 1884 2729 requie
1910 2662 2185 2716 beatorum

1560 2732 1703 2798 Vita,
1739 2734 1818 2785 vel
1841 2736 2137 2795 consortio.

1554 2806 1625 2860 Se
1647 2805 1889 2859 sublatos
1917 2805 2209 2871 intuentes,

1553 2876 1881 2945 Jttttctosque
1907 2875 2143 2939 diabolo,

1562 2948 1631 3003 Ut
1658 2949 1875 3002 :eternis
1902 2961 2021 3001 cum
2049 2946 2241 3002 eodem

1558 3019 1758 3073 Deutur
1787 3018 2134 3074 cruciatibus.

1628 3090 1951 3151 Allevabunt
1980 3089 2239 3144 ululatum
2265 3129 2283 3158 ,

1559 3161 1628 3215 Et
1659 3164 1887 3232 rugitum
1920 3162 2233 3228 immanem,

1413 3233 1518 3289 120
1560 3234 1836 3288 Plancium
1865 3247 2115 3303 maguum
2140 3232 2395 3289 facientes

1555 3306 1833 3367 Amorum,
1864 3313 1919 3359 et
1950 3305 2202 3368 validum,

1558 3379 1727 3443 Quale
1758 3392 2029 3445 nunquam
2063 3377 2159 3430 fuit
2190 3379 2407 3442 factum,

1560 3448 1743 3516 Neque
1769 3446 1992 3512 dictttm,
2022 3450 2103 3501 vel
2137 3450 2329 3503 visum.

1633 3520 1712 3573 Ad
1728 3526 1939 3588 gentem
1956 3519 2273 3587 gens,virad
2287 3518 2458 3572 virum

1562 3590 1787 3645 Pectora
1815 3594 2136 3657 percutieut,

1559 3662 1753 3715 Tribus
1780 3661 1843 3713 ad
1877 3661 2097 3724 tribum,
2128 3669 2180 3714 ct
2208 3673 2432 3731 regnum

1563 3733 1761 3787 Contra
1794 3746 2017 3801 regnum
2050 3732 2274 3799 ferient,

1562 3804 1673 3869 Viri
1704 3803 1935 3871 denique
1960 3818 2231 3868 seorsum,

1565 3876 1631 3931 Et
1660 3889 1902 3929 seorsum
1938 3875 2172 3930 fetninae.

1673 3944 1861 4016 Angeli
1886 3956 2009 4000 tunc
2038 3946 2365 4016 copulabunt

1567 4018 1782 4075 Scelere
1804 4018 2138 4083 consimiles,

1562 4090 1706 4158 Quos
1738 4092 1936 4145 cursim
1973 4090 2373 4161 praecipitantes

1571 4161 1779 4217 Dabunt
1816 4162 2046 4217 ﬂaminis
2076 4162 2255 4223 inferi,

1577 4234 1639 4289 Ut
1666 4249 1762 4303 par
1790 4250 1943 4303 poena
1967 4250 2182 4302 semper
2206 4241 2323 4287 urat

1565 4306 1711 4372 Quos
1737 4322 1831 4373 par
1855 4307 2007 4376 culpa
2034 4306 2222 4360 sociat.

1643 4378 1923 4431 llabebunt
1946 4374 2071 4431 vita:
2104 4374 2334 4445 praecisi,

1565 4446 1878 4515 Sublatique
1907 4448 2101 4517 gaudio
2126 4489 2141 4511 ,

1570 4517 1687 4584 Quo
1733 4521 1985 4585 perennis
2013 4519 2115 4573 erit
2152 4518 2323 4571 luctus
2353 4557 2368 4582 ,

1568 4588 1835 4658 Dolorque
1867 4604 2218 4659 perseverans
2236 4629 2252 4655 ,

1424 4659 1529 4716 130
1568 4661 1631 4714 Et
1661 4662 1960 4716 consolaio
1990 4665 2156 4728 nulla,

1568 4732 1678 4788 Nec
1709 4748 1938 4802 unquam
1971 4734 2230 4790 reversio.

1642 4808 1685 4859 A
1715 4818 1763 4859 Ie
1786 4807 2065 4874 quisquam
2096 4819 2200 4860 non
2226 4807 2469 4863 revolvet

1571 4875 1845 4931 Prolatum
1874 4876 2157 4945 judicium,

1568 4947 1677 5020 Nec
1702 4949 1770 5003 ab
1803 4948 1892 5001 illo
1918 4963 2076 5020 quem
2101 4959 2153 5001 tu
2180 4951 2296 5020 ipse

1568 5019 1822 5074 indicans
1848 5019 2165 5086 perdideris,

1575 5086 1789 5141 Ultione
1818 5091 2142 5156 sempiterna

1574 5156 1775 5211 Pravos
1798 5174 1985 5213 omnes
2011 5164 2252 5227 puniens.

1653 5234 1693 5282 A
1726 5229 1836 5282 Deo
1869 5244 2078 5301 ρωπος
2096 5234 2225 5288 diva

1572 5298 1720 5353 Mitto
1750 5315 1965 5369 precum
1995 5298 2275 5359 commoda

1434 5368 1539 5427 155
1580 5368 1833 5443 Funde-ns
1864 5373 2147 5443 larrymas.
2179 5376 2305 5432 dum
2330 5376 2473 5442 vivo,

1573 5442 1807 5517 litigatis,
1839 5442 2261 5517 duttt’itttelligo,

1570 5512 1763 5585 Iﬁleime
1784 5515 1936 5585 juxta
1966 5519 2103 5570 mala
2130 5512 2244 5571 inca

1571 5583 2051 5642 Condetnnandum
2079 5604 2325 5645 censeas.

2524 942 2627 999 140

2528 2370 2629 2423 150

2534 3084 2638 3143 155

2545 5227 2647 5281 171)

2005 5724 2231 5778 debitum

2078 5804 2103 5867 ς
2132 5796 2308 5867 ιῗυιιθ,
2341 5810 2584 5864 pomaque
2605 5795 2932 5867 condignum.

2078 5864 2099 5903 ί
2134 5866 2173 5921 F
2177 5877 2314 5933 orte,
2344 5883 2445 5920 non
2473 5868 2695 5923 tutabor.

2077 5945 2103 5984 ε
2135 5938 2316 6008 Forte,
2349 5950 2402 5994 tu
2431 5941 2562 6011 regis

3133 6028 3213 6090 Ιιο
