4100 6344
397 431 530 489 1265
603 428 894 486 A‘PPEND.
937 428 1122 485 XVIII.
1147 458 1217 472 -—
1245 429 1499 486 ORATIO
1543 429 1676 485 PRO
1717 428 2200 485 CORIlEPTlONE
2240 429 2442 486 νιτΑε.
2479 431 2747 489 FLENDA
2789 434 3068 492 SEMPER
3098 435 3434 498 PECCATA.
3514 444 3645 506 126C

392 552 527 608 δειῑθ
554 560 763 620 peccata
791 550 1105 623 crudelibus
1138 550 1380 604 lamentis
1421 551 1814 611 abstergerem,
1847 549 1961 619 qui-
1993 552 2042 608 Α
2068 559 2141 601 est
2169 551 2244 623 vir
2271 553 2544 606 voluntatis
2570 563 2714 614 tute;
2761 552 2814 606 in
2841 568 2989 622 cuius
3025 569 3180 606 manu
3216 554 3484 623 perﬁcitur
3509 575 3648 614 enim

391 625 489 680 bus
517 640 602 678 me
630 623 756 676 olim
788 622 972 690 ignava
1005 623 1242 678 latinitate
1274 626 1521 690 nequiter
1553 623 1843 676 vulneravi.

463 694 552 751 14.
595 695 871 749 liniueusis
920 693 1121 748 idcirco
1183 693 1352 748 twdiis
1408 704 1652 758 satagens
1708 693 1964 747 evertitur

390 767 566 822 anima
596 782 710 819 mea
732 792 748 827 ,ν
773 781 891 829 quae
919 769 1079 819 ctiam
1111 768 1318 820 exaruit
1349 764 1632 819 formidine
1663 764 1736 816 tui
1769 763 1965 819 furoris

390 838 662 893 exterrita.
730 836 994 891 Conversa
1047 846 1132 890 est
1183 839 1234 890 in
1283 852 1498 891 socrum
1547 835 1800 889 absinthii
1855 835 1961 890 vita

392 925 534 974 mea,
567 909 690 963 l'elle
708 916 926 964 ctaceto
955 907 1256 962 redundant
1285 910 1484 961 viscera
1515 923 1654 971 mea,
1685 907 1961 960 doloribus

393 979 668 1050 profundis
719 988 1132 1045 corrumpuntur
1175 979 1496 1042 prmenrdia,
1547 975 1830 1036 susnirium
1870 994 1962 1050 su-

391 1047 561 1120 spirio
611 1052 889 1118 excipitur,
919 1062 971 1103 et
1024 1051 1250 1115 gemitus
1281 1051 1334 1104 in
1363 1052 1618 1119 gemitum
1653 1050 1822 1106 irruit.
1867 1047 1959 1102 Ti-

395 1137 544 1178 more
573 1121 865 1176 lnturarum
898 1136 1182 1190 pinnarum
1209 1163 1224 1184 ,
1266 1132 1320 1176 et
1349 1123 1595 1188 praesenti
1631 1121 1960 1190 ﬂagellorum

391 1209 626 1248 aerumna
657 1194 963 1248 incnivatus
986 1235 1000 1256 ,
1029 1205 1084 1247 et
1130 1193 1438 1247 humiliatus
1476 1209 1592 1248 sum
1627 1207 1792 1261 usque
1824 1194 1874 1245 iii
1902 1194 1964 1244 li-

395 1280 551 1330 nem;
604 1280 701 1318 nec
731 1281 942 1331 possum
975 1280 1137 1319 onere
1169 1264 1448 1334 multipl'ci
1490 1273 1845 1333 prwgravatus
1871 1278 1963 1317 ca-

393 1336 733 1407 puterigere.
773 1335 891 1390 Stat
933 1352 1078 1390 mors
1106 1377 1121 1401 ,
1169 1345 1310 1390 stant
1354 1346 1407 1390 et
1454 1338 1710 1389 immensa
1736 1335 1972 1407 crimina

391 1406 571 1461 coram
602 1408 770 1461 oculis
802 1407 965 1473 lllt‘is;
1012 1418 1066 1461 et
1106 1423 1191 1462 res
1237 1407 1377 1461 nulla
1408 1423 1510 1460 non
1543 1416 1644 1470 est,
1678 1406 1819 1459 unde
1850 1421 1964 1472 pos-

393 1479 604 1534 sitesse
631 1477 946 1546 redemptio.
983 1479 1066 1545 Ob
1091 1479 1190 1532 hoc
1231 1477 1569 1532 incﬂabilitcr
1589 1479 1958 1539 conturbatus.

396 1565 491 1603 nec
546 1552 802 1618 regimine
852 1560 994 1616 utor,
1046 1566 1143 1604 nec
1185 1551 1463 1604 Consilium
1519 1551 1756 1617 auguStia
1800 1549 1960 1619 362

393 1635 656 1690 pressura:
687 1636 852 1687 nSque
886 1625 934 1675 in
962 1621 1345 1686 desiieraiinnis
1378 1621 1616 1691 perducit
1653 1620 1959 1684 articulum,

394 1703 442 1746 et
469 1693 609 1746 velut
633 1692 684 1746 in
711 1707 919 1746 aranea!
944 1693 1032 1747 l‘iln
1056 1695 1355 1747 consistens
1381 1705 1550 1746 status
1571 1691 1759 1745 menti~
1790 1700 1959 1757 nutat,

393 1770 452 1816 ut
481 1767 735 1828 subruat,
779 1765 1042 1819 interdum
1089 1768 1282 1818 timens
1335 1773 1551 1832 propter
1593 1763 1960 1817 an~leritatein

389 1835 665 1896 Culparum
695 1875 707 1892 .
740 1851 805 1889 ne
847 1837 984 1890 nolis
1034 1837 1308 1905 ignoscere
1331 1875 1346 1900 ,
1395 1835 1660 1888 interdum
1685 1833 1960 1888 conlidens

2065 621 2205 691 quod
2250 633 2322 676 est
2354 625 2594 689 placitum
2641 641 2816 677 coram
2865 636 2933 678 te.
2987 625 3085 689 Qui
3128 621 3246 677 cum
3292 627 3359 678 sit
3407 627 3649 689 splendor

2067 693 2266 762 gloriae,
2295 705 2341 746 et
2373 696 2539 761 ﬁgura
2569 695 2866 749 iitbstantitc
2896 705 2997 748 tum
3020 735 3034 758 ,
3065 709 3272 765 portans
3297 698 3470 750 omnia
3505 702 3656 756 verba

2066 765 2262 816 virtutis
2300 782 2408 819 sua:
2432 809 2446 829 ,
2495 767 2674 821 sedens
2720 769 2787 819 ad
2817 767 3076 818 dexteram
3103 777 3262 830 tuam,
3298 771 3656 838 purgationem

2067 846 2388 910 peccatorum
2421 840 2614 904 faciens
2635 881 2649 901 ,
2676 849 2720 890 et
2744 849 2790 890 te
2813 839 3270 910 properantei-ibas
3300 840 3655 910 interpellans,

2063 907 2152 980 qui
2197 918 2292 961 est-
2322 910 2567 963 universa:
2595 910 2668 964 rei
2690 908 3003 980 principium
3036 919 3084 961 et
3122 909 3242 980 linis
3271 912 3411 974 (Act.
3432 907 3515 976 iv,
3550 907 3653 980 ηξ

2063 978 2227 1052 Apoc.
2261 995 2298 1041 t,
2332 980 2426 1046 18;
2458 997 2534 1044 Ill,
2569 981 2632 1046 7;
2669 979 2903 1049 Philipp.
2940 995 2995 1052 ll,
3027 979 3124 1045 10;
3163 979 3319 1034 Hebr.
3354 996 3390 1045 ι,
3422 980 3502 1052 5).

2139 1051 2228 1103 17.
2263 1052 2395 1116 Quia
2447 1063 2502 1106 et
2539 1062 2664 1106 ante
2709 1067 2832 1106 eum
2866 1050 3007 1104 nulla
3054 1053 3330 1106 exstiterit
3375 1050 3652 1121 creatura,

2065 1127 2118 1192 et
2147 1137 2240 1186 per
2269 1122 2439 1189 ipsum
2484 1123 2617 1178 laeta
2659 1125 2820 1192 coepit
2849 1138 2969 1176 esse
3012 1123 3258 1176 universa
3285 1132 3551 1190 creatura,
3599 1133 3657 1180 et

2062 1191 2179 1260 ipse
2206 1194 2305 1246 erit
2352 1191 2957 1250 consummatioomnis
3005 1204 3285 1257 creaturae,
3334 1210 3455 1248 cum
3488 1198 3652 1252 linem

2065 1265 2286 1327 mundo,
2301 1274 2351 1318 et
2363 1267 2616 1330 judicium
2636 1267 2865 1330 dederit;
2882 1267 3128 1334 quoniam
3150 1266 3261 1334 ipse
3280 1275 3362 1320 est
3377 1265 3473 1326 vir.
3489 1282 3651 1336 quem

2065 1337 2371 1402 praeparasti
2392 1337 2632 1401 judicare
2661 1339 2811 1392 vivos
2848 1346 2903 1391 et
2941 1347 3198 1402 mortuos,
3232 1352 3331 1390 nec
3355 1336 3560 1406 judicas
3593 1348 3651 1394 tu

2063 1420 2410 1478 quemquam,
2428 1409 2520 1462 sed
2537 1425 2697 1463 omne
2708 1408 2966 1478 judicium
2979 1407 3167 1460 dedisti
3188 1410 3235 1463 ei
3254 1426 3267 1470 ;
3285 1409 3373 1476 qui
3395 1410 3539 1462 solus
3563 1410 3656 1463 ha-

2065 1475 2158 1549 bet
2189 1486 2498 1542 potestatein
2534 1475 2776 1548 perdere,
2809 1489 2863 1535 et
2893 1480 3140 1541 liberare,
3171 1480 3293 1549 quia
3324 1480 3652 1547 complacuit

2063 1547 2157 1600 tibi
2200 1549 2250 1600 in
2305 1549 2426 1615 illo;
2479 1547 2721 1604 exaltasti
2767 1567 2889 1606 eum
2915 1565 3075 1616 super
3127 1547 3313 1604 omnes
3361 1550 3550 1614 caelos,
3598 1560 3658 1607 et

2060 1634 2224 1680 super
2252 1634 2463 1675 onmem
2496 1622 2868 1687 principatum,
2901 1631 2954 1676 et
3003 1629 3340 1688 p0testatein,
3392 1636 3448 1675 ei.
3478 1621 3657 1676 domi-

2064 1690 2357 1754 natiouem,
2389 1691 2524 1745 dans
2556 1693 2624 1746 illi
2647 1695 2868 1759 gloriam
2899 1699 2957 1746 et
2999 1694 3278 1757 honorem,
3319 1694 3656 1752 constituens

2064 1777 2183 1834 cum
2217 1779 2376 1828 super
2398 1763 2576 1817 omnia
2602 1779 2766 1832 opera
2822 1778 3073 1834 uiantium
3125 1774 3356 1827 tuarum,
3388 1773 3442 1818 et
3476 1764 3651 1834 Subji-

2064 1832 2213 1886 ciens
2239 1837 2486 1889 universi
2517 1836 2618 1889 sub
2661 1835 2882 1899 pedibus
2908 1833 3060 1902 ejus;
3110 1849 3203 1901 per
3239 1849 3394 1903 quem
3431 1832 3650 1892 lac-ta‘ot

395 1915 609 1985 propter
641 1907 907 1985 lenitatem
954 1906 1435 1960 misericordiarnm
1461 1947 1478 1972 ,
1510 1907 1633 1974 quia
1664 1915 1865 1958 statuas
1897 1905 1957 1958 li.
1993 1921 2041 1981 Β
2065 1905 2422 1985 conditasunt
2445 1908 2621 1958 omnia
2668 1906 2719 1985 in
2753 1907 3006 1985 cmlisaet
3033 1905 3081 1956 in
3118 1916 3290 1967 terra,
3325 1906 3576 1985 visiliilia,
3598 1915 3658 1962 et

391 1975 616 2040 bet-are;
648 1987 700 2031 et
727 1979 863 2032 inter
888 1992 1038 2047 Spem
1063 1989 1113 2032 et
1142 1991 1339 2031 metum
1373 1993 1476 2030 non
1507 1987 1591 2030 est
1617 1991 1774 2044 parva
1806 1991 1957 2028 com—

394 2049 556 2101 motio
583 2049 760 2102 cordis
791 2050 891 2102 mei
919 2090 934 2113 ,
985 2051 1104 2116 quia
1135 2050 1179 2102 si
1211 2048 1288 2101 vis
1320 2050 1561 2115 perdere,
1597 2047 1776 2099 incitat
1802 2047 1958 2113 justi-

394 2120 464 2172 tia
493 2159 508 2181 ,
559 2119 602 2172 si
643 2130 822 2173 autem
857 2121 933 2173 vis
983 2121 1208 2182 salvare,
1245 2122 1431 2174 invitat
1476 2119 1874 2182 misericordia;
1907 2129 1962 2173 et

394 2189 518 2243 licet
549 2189 750 2256 ﬂagella
781 2191 1062 2257 pra-scotia
1101 2205 1416 2245 conversum
1463 2205 1492 2243 a
1524 2190 1756 2254 peccatis
1785 2189 1963 2243 absol-

394 2273 547 2330 vant,
579 2277 726 2315 utens
754 2274 930 2316 tamen
974 2263 1094 2317 ideo
1125 2264 1313 2315 titubat
1340 2303 1355 2326 ,
1379 2267 1456 2316 ne
1484 2263 1650 2330 plagae
1685 2277 1817 2314 mea:
1857 2276 1961 2314 non

389 2329 656 2385 Suilii-iant
685 2334 748 2384 ad
778 2335 1118 2404 expurganda
1157 2335 1334 2387 omnia
1379 2329 1568 2386 delicta
1619 2347 1732 2404 inca
1753 2343 1790 2404 ;t
1808 2343 1862 2384 et
1892 2341 1964 2385 ta-

393 2418 514 2456 mi-n
564 2404 837 2470 sapientia:
902 2402 1004 2457 tua:
1052 2406 1316 2460 subtilitas
1363 2407 1432 2457 ita
1482 2402 1716 2458 exterius
1766 2402 1965 2470 irrogat

390 2488 597 2543 pugnas,
629 2474 760 2526 sicut
800 2476 1018 2527 interius
1054 2477 1304 2542 prospicit
1334 2480 1536 2543 culpas.

471 2543 554 2599 15.
595 2544 700 2600 Sed
723 2547 842 2610 quis
871 2546 938 2602 de
977 2545 1178 2614 judicio
1216 2556 1306 2600 tuo
1353 2547 1547 2613 poterit
1582 2560 1703 2600 esse
1729 2546 1960 2615 quietus,

387 2630 508 2668 cum
550 2621 687 2683 apud
735 2617 1121 2673 distriCIionem
1169 2621 1431 2672 examinis
1484 2619 1553 2670 tui
1615 2632 1712 2670 nec
1759 2618 1961 2685 jUSlilia

386 2685 516 2754 jiisti
545 2701 729 2741 secura
762 2689 863 2741 sit?
890 2691 932 2742 si
966 2691 1122 2741 etiam
1152 2691 1222 2744 de
1252 2690 1424 2743 otioso
1453 2703 1704 2742 sermone
1735 2688 1965 2743 redden-

387 2758 453 2829 da
469 2769 547 2811 est
569 2761 720 2822 ratio,
739 2759 1005 2822 quomodo
1028 2775 1250 2814 securus
1277 2777 1391 2826 ero,
1411 2758 1499 2829 qui
1525 2759 1831 2826 principalia
1851 2775 1962 2812 ma-

391 2825 438 2880 lli
458 2831 734 2882 commisi?
761 2831 874 2883 Non
889 2841 969 2885 est
986 2832 1205 2885 omnino
1237 2825 1496 2884 securitas
1527 2832 1579 2884 in
1596 2825 1772 2885 mente
1791 2847 1907 2884 mea
1931 2846 1962 2884 a

388 2900 742 2971 vultoojudicii
776 2903 869 2968 iui,
899 2918 1070 2970 neque
1095 2919 1190 2968 pax
1220 2903 1270 2956 in
1289 2901 1612 2957 Conscientia
1648 2915 1809 2956 incaa
1832 2900 1964 2955 lat-ie

391 2976 732 3044 percatniutn
781 2989 1043 3026 nieorum.
1104 2973 1229 3028 ltleo
1272 2990 1458 3044 niigna
1491 2984 1594 3039 est,
1623 2977 1763 3026 velut
1790 2988 1958 3036 mare,

389 3043 638 3094 contritio
657 3060 919 3113 nica,qina
938 3044 1166 3112 pessima
1196 3055 1280 3100 est
1299 3048 1446 3113 plaga
1463 3061 1600 3099 mea.
1633 3046 1824 3111 Quaero
1849 3060 1966 3110 por-

393 3121 501 3165 tum
531 3113 796 3168 evasionis
817 3157 830 3175 .
868 3125 923 3169 et
970 3133 1302 3185 nequaquam
1337 3119 1547 3182 reperio
1576 3116 1844 3184 quomodo
1878 3131 1963 3170 re-

386 3185 533 3256 gredi
554 3186 800 3253 (possim)
819 3192 884 3240 de
901 3187 1083 3256 pedita
1110 3189 1434 3256 tleceplionis
1449 3189 1690 3251 Satauai;
1712 3188 1966 3252 illaquea-

387 3254 470 3327 vil,
495 3260 653 3321 pedes
684 3273 830 3311 meos
858 3296 875 3320 ,
901 3254 959 3311 et
990 3260 1138 3310 nullo
1163 3254 1323 3312 modo
1358 3259 1644 3327 praei-aleo.
1689 3259 1963 3312 Vocil’eror

387 3314 630 3398 dolorum
659 3314 994 3381 multitudine
1025 3339 1327 3395 superatus,
1359 3314 1414 3383 et
1445 3345 1548 3384 non
1573 3332 1758 3398 estqui
1787 3339 1959 3383 eruat.

391 3393 599 3467 Laboro
633 3398 680 3448 in
714 3399 852 3451 luctu
880 3410 932 3452 et
965 3393 1162 3467 gemitu
1211 3393 1573 3466 coinpeditns,
1624 3393 1702 3453 ρι’
1723 3399 1968 3454 desertus

389 3466 444 3522 in
472 3467 715 3534 angustia
746 3466 1016 3533 eniccris,
1068 3485 1168 3522 nec
1217 3479 1300 3524 est
1340 3471 1430 3537 qui
1475 3473 1806 3525 conSoietnr.
1852 3471 1966 3525 Heu

388 3538 511 3611 me!
556 3539 658 3590 hi-n
689 3554 940 3594 miserum
973 3550 1025 3593 et
1054 3540 1352 3594 infelicem!
1400 3557 1555 3610 quem
1584 3557 1756 3610 plPllll.‘
1776 3542 1966 3611 justis-

390 3610 541 3662 sima:
593 3621 830 3676 teirent,
882 3629 1037 3680 quem
1091 3611 1315 3669 ultiones
1363 3613 1533 3674 digna:
1573 3610 1963 3679 cotuttnnuunt,

388 3696 544 3747 quem
567 3683 776 3753 ﬂagella
805 3693 858 3736 et
895 3684 1065 3753 jnrgia
1113 3696 1255 3737 recte
1286 3684 1586 3747 collidunt,
1617 3700 1774 3749 quem
1806 3699 1968 3738 variat

396 3752 728 3806 miseriarum
753 3755 1068 3807 alllit:iinnes
1089 3762 1386 3824 opportune
1409 3755 1818 3824 depopulanaur,
1843 3757 1966 3822 quia

393 3826 600 3888 peccavi
635 3825 896 3893 nequiter,
920 3828 1114 3893 deliqui
1142 3829 1449 3888 crudeliter,
1474 3826 1648 3879 erravi
1679 3829 1968 3879 vehemen-

392 3904 492 3956 ter,
517 3897 694 3948 corrui
730 3899 965 3951 loriiter!
1025 3897 1109 3948 Va:
1155 3897 1281 3950 milii
1309 3937 1324 3962 ,
1374 3901 1463 3966 qui
1516 3913 1600 3951 ine
1629 3907 1788 3951 tantis
1817 3899 1969 3951 malis

392 3967 575 4037 pollui,
609 3979 754 4019 lanio
787 3973 925 4021 malo
954 3967 1145 4022 l'tedavi
1175 4009 1190 4032 ,
1217 3969 1306 4035 qui
1338 3986 1441 4021 non
1473 3972 1622 4037 sapui
1647 3970 1871 4035 evitare,
1902 3983 1970 4023 ne

391 4033 630 4090 biierein
688 4040 754 4093 de
807 4054 1012 4094 veneno
1065 4033 1246 4093 calicis
1296 4041 1491 4094 diaboli
1516 4033 1551 4105 ,⁷
1579 4039 1722 4109 quod
1756 4033 1972 4094 necavit

388 4108 612 4161 animam
641 4110 653 4162 ε

464 4177 552 4233 16.
596 4181 657 4233 Et
685 4180 842 4235 modo
873 4196 975 4235 non
1004 4182 1296 4253 indigerent
1329 4183 1505 4238 denuo
1533 4182 1786 4236 viviﬁcari
1810 4223 1826 4248 ,
1877 4181 1969 4251 qui

388 4249 927 4318 circtitiispccdssiine
1001 4249 1419 4308 non'cnstodivi
1474 4270 1542 4307 ne
1606 4249 1970 4308 transfoderer

388 4318 588 4374 lanCcis
616 4323 756 4376 illius
781 4365 793 4385 ,
840 4335 893 4378 t-t
941 4341 1115 4378 essein
1147 4330 1306 4378 modo
1339 4327 1456 4379 sine
1485 4326 1705 4380 vulnere
1728 4366 1742 4388 ,
1775 4339 1822 4378 et
1861 4341 1968 4379 noti

388 4406 681 4460 quaererem
717 4393 1072 4466 medicinam,
1101 4397 1188 4463 qui
1213 4413 1318 4449 non
1349 4397 1586 4450 intellexi
1620 4409 1672 4450 ut
1706 4398 1966 4466 lugerent,

390 4470 576 4516 etnon
609 4465 847 4518 irretiicr
894 4468 1098 4534 laqueis
1145 4468 1284 4532 ejus,
1322 4477 1378 4520 ut
1407 4482 1580 4520 essent
1614 4465 1781 4520 modo,
1809 4466 1964 4533 liber,

387 4542 442 4586 et
469 4551 571 4586 non
605 4535 890 4589 clamarent
927 4552 1021 4604 pro
1053 4541 1400 4591 resolutione.
1444 4536 1629 4591 Infelix
1658 4555 1757 4601 ego
1781 4540 1962 4606 humo,

388 4609 508 4673 quis
538 4623 622 4659 ine
644 4609 714 4660 de
743 4609 901 4659 tantis
923 4608 1150 4662 nexibus
1181 4610 1465 4672 liberabit,
1494 4621 1546 4662 ct
1568 4611 1634 4663 de
1658 4609 1966 4662 discrimine

390 4678 576 4749 mortis
608 4680 780 4746 hujus,
813 4679 911 4731 nisi
943 4682 1108 4746 gratia
1141 4691 1250 4747 tua,
1281 4682 1437 4734 Pater
1460 4686 1797 4749 omnipatcns
1821 4721 1834 4742 ,
1871 4697 1964 4747 per

387 4745 570 4821 Jesinn
614 4749 886 4803 Cinistuui
922 4745 1204 4806 Dominum
1235 4745 1476 4807 nostrum
1501 4794 1516 4818 ,
1547 4745 1704 4821 quem
1740 4745 1963 4818 posuisti

395 4820 706 4893 tedcniptioi
731 4837 813 4875 ein
843 4822 894 4875 in
911 4823 1080 4876 salute
1105 4826 1315 4888 mundi;
1340 4837 1392 4878 et
1419 4830 1469 4878 in
1499 4820 1648 4892 cujus
1677 4825 1876 4893 jtistina
1911 4834 1966 4879 et

393 4892 809 4945 sni.ctilic.ttiune
837 4910 1010 4946 omnis
1032 4895 1240 4949 deletur
1272 4896 1537 4962 iniquitas,
1561 4910 1615 4951 et
1641 4892 1826 4949 mortis
1841 4912 1964 4950 eva-

393 4971 582 5014 Cuatur
612 4964 926 5026 iiiipeiiuin?
977 4966 1066 5034 qui
1112 4973 1278 5037 lactus
1307 4978 1389 5020 est
1427 4975 1507 5037 (ut
1535 4970 1789 5037 propheta
1813 4967 1965 5037 dicit)

395 5044 556 5108 petra
576 5037 829 5103 refugium
873 5037 1138 5090 Itirinacias
1167 5035 1336 5105 (Paul.
1368 5035 1477 5102 uti,
1511 5035 1647 5108 18)(
1667 5041 1716 5092 id
1745 5049 1848 5103 est,
1877 5035 1968 5093 su-

393 5106 598 5169 seeptio
629 5115 684 5157 ct
706 5108 928 5158 salvatio
955 5121 1062 5172 pec.
1082 5120 1185 5160 atoi
1203 5111 1268 5172 is,
1298 5111 1364 5160 de
1385 5126 1489 5172 quo
1518 5106 1832 5163 et'loanues
1856 5114 1962 5163 ait:

394 5173 452 5229 Si
484 5179 596 5244 quis
623 5187 918 5246 peccaverit,
952 5185 1050 5230 adv
1085 5191 1253 5230 catum
1299 5178 1542 5233 habemus
1589 5183 1728 5245 apud
1760 5179 1966 5234 Patrem

389 5246 565 5322 Jestttlt
598 5249 855 5322 th‘ltilulll
875 5251 1098 5319 justum,
1119 5261 1167 5301 et
1199 5254 1303 5318 ipse
1330 5261 1402 5304 est
1423 5253 1588 5318 propit
1611 5255 1714 5304 aiio
1744 5267 1834 5317 pro
1853 5267 1968 5322 pec:

389 5319 517 5369 catis
544 5321 762 5383 nostris,
810 5337 909 5391 non
952 5335 1044 5390 pro
1090 5324 1272 5372 nostris
1313 5331 1542 5388 tantum,
1575 5323 1661 5374 sed
1693 5319 1862 5374 etiam
1876 5339 1968 5391 pro

391 5397 544 5442 totius
598 5392 774 5444 mundi
817 5390 1043 5459 (LJoan.
1078 5407 1136 5453 ll,
1173 5391 1261 5460 l);
1314 5395 1364 5444 in
1408 5408 1514 5460 quo
1544 5393 1718 5446 oliuis
1746 5404 1830 5447 est
1858 5411 1884 5445 a
1917 5405 1968 5450 te

392 5464 676 5514 Constituta
707 5467 961 5526 salvatio,
994 5463 1206 5516 (licente
1249 5463 1408 5516 Petro
1453 5462 1649 5518 Judteis
1677 5481 1689 5516 :
1740 5463 1861 5516 Non
1894 5476 1969 5520 est

390 5530 441 5582 in
472 5532 576 5584 alio
603 5536 776 5602 aliqua
821 5541 990 5598 sultis;
1042 5550 1132 5587 nec
1178 5536 1322 5586 aliud
1366 5551 1549 5588 nomen
1593 5546 1666 5589 est
1717 5539 1808 5588 sub
1845 5540 1968 5591 mlo

393 5603 572 5675 datum
615 5605 920 5669 hominibus,
971 5607 1023 5658 in
1075 5623 1172 5674 quo
1214 5620 1440 5674 aporteiit
1482 5610 1646 5660 salvos
1681 5607 1814 5675 ﬁeri.
1868 5611 1970 5674 Qui

390 5671 538 5726 habet
570 5675 730 5728 clavis
763 5681 936 5730 mortis
959 5689 1005 5730 et
1031 5671 1213 5746 inferi,
1245 5671 1332 5748 qui
1361 5693 1451 5731 res.
1470 5688 1547 5732 rut
1572 5671 1744 5748 portus
1774 5671 1965 5748 abyssi,

390 5752 440 5797 et
469 5749 661 5798 claudit
713 5754 845 5800 ostia
894 5750 1236 5812 tenebrarum,
1279 5752 1466 5816 aperit,
1497 5759 1540 5802 et
1571 5767 1718 5804 neuio
1749 5755 1966 5816 claudit,

391 5819 604 5888 claudit,
633 5830 677 5870 et
708 5835 852 5871 nemo
877 5832 1074 5888 aperit;
1117 5837 1195 5873 cui
1225 5822 1412 5874 dedisti
1438 5837 1632 5874 omnem
1665 5832 1969 5888 potestatem

391 5885 444 5940 in
469 5905 530 5940 Co
543 5893 594 5964 lo
619 5901 746 5964 etin
765 5885 923 5943 ιιι-ναξ
940 5963 947 5964 7
965 5890 1029 5964 lin
1062 5897 1208 5960 cujus
1249 5895 1453 5946 nomine
1475 5911 1621 5947 autne
1649 5885 1780 5964 genu
1805 5896 1969 5964 [tecti-

392 5964 476 6014 tur
503 5963 813 6027 caelestium,
858 5963 1018 6032 363
1063 5964 1375 6018 terrestrium
1413 5975 1462 6019 et
1502 5963 1853 6038 infernarum;
1879 5966 1968 6036 qui

1993 3290 2042 3355 C

2067 1976 2373 2037 invisibilia,
2389 1994 2415 2028 a
2431 1993 2535 2045 quo
2550 1978 2908 2042 continentur,
2931 1977 2982 2027 in
2997 1987 3365 2044 quoeonstint
3381 1978 3651 2044 universa;

2067 2061 2162 2114 per
2180 2062 2337 2114 quem
2360 2048 2587 2102 fundasti
2613 2058 2830 2116 terrain,
2857 2048 3105 2102 stabilisti
3128 2049 3313 2112 caelos,
3339 2050 3657 2116 conclusisti

2064 2118 2337 2187 abyssum,
2373 2120 2580 2173 vallasti
2610 2135 2788 2184 mare;
2818 2121 2938 2187 quia
2967 2119 3246 2187 sapientia,
3269 2128 3322 2172 et
3343 2118 3655 2185 consilium,

2067 2188 2234 2243 virtus
2257 2230 2272 2253 ,
2309 2206 2498 2245 manus
2523 2232 2538 2254 ,
2593 2201 2648 2245 et
2675 2190 2901 2244 dextera
2935 2198 3020 2242 tua
3051 2193 3163 2254 ipse
3195 2199 3296 2254 est,
3329 2202 3658 2245 concreante

2065 2269 2120 2314 et
2162 2262 2606 2325 convivillcante,
2670 2274 2992 2329 c0operanie
3037 2269 3198 2324 atque
3244 2261 3661 2316 convivilicante

2065 2332 2265 2395 omnia,
2299 2343 2354 2387 et
2381 2349 2499 2402 quin
2529 2343 2652 2386 sunt
2682 2332 2735 2386 in
2763 2332 3010 2385 omnibus
3038 2371 3054 2396 ,
3085 2330 3295 2402 Spiritu
3321 2342 3530 2398 Sancto,
3563 2333 3656 2398 qui

2067 2417 2097 2454 a
2129 2413 2180 2456 te
2206 2412 2260 2456 et
2300 2404 2369 2457 ab
2398 2399 2587 2458 eodem
2628 2402 2737 2457 tilio
2769 2413 2860 2457 tuo
2887 2402 3130 2472 procedit
3157 2399 3535 2464 inellahiliter;
3569 2403 3656 2456 cui

2065 2481 2120 2526 et
2149 2486 2248 2540 ego
2275 2475 2345 2528 ab
2372 2475 2588 2530 ineunte
2619 2488 2776 2529 tritate
2808 2475 3034 2528 lideliicr
3062 2474 3266 2528 credidi
3290 2490 3301 2526 ε
3333 2475 3415 2526 cui
3439 2481 3494 2527 et
3525 2488 3654 2542 pec-

2065 2559 2217 2616 casse
2266 2547 2546 2610 confiteor,
2595 2554 2650 2600 et.
2692 2561 2723 2600 a
2770 2561 2876 2616 quo
2923 2543 3133 2600 veniam
3183 2543 3446 2614 profunda
3475 2545 3657 2599 cordis

2067 2613 2368 2671 humilitate
2391 2619 2644 2684 deposco.
2699 2665 2702 2668 .

2141 2686 2228 2741 18.
2273 2687 2447 2757 Unde,
2481 2689 2705 2742 Domine
2738 2690 2808 2741 ini
2837 2687 2962 2742 Jesu
2987 2727 3003 2753 ,
3043 2687 3163 2755 quia
3193 2687 3372 2742 multa:
3400 2695 3528 2740 sunt
3557 2686 3661 2740 ini-

2068 2762 2371 2814 serationes
2399 2766 2448 2814 iii
2481 2776 2639 2813 manu
2668 2770 2780 2826 tua,
2813 2771 2865 2813 et
2898 2775 3005 2812 non
3039 2759 3236 2826 pateris
3266 2759 3439 2827 perire
3469 2773 3662 2825 quem-

2066 2845 2248 2898 quam,
2275 2835 2369 2886 sed
2399 2847 2584 2886 omnes
2627 2833 2706 2884 vis
2755 2831 2930 2884 salvos
2962 2831 3078 2883 tieri
3102 2871 3118 2896 ,
3150 2839 3204 2884 et
3231 2831 3297 2884 ad
3326 2829 3660 2898 agnitionem

2069 2903 2310 2956 veritatis
2360 2905 2573 2968 venire;
2623 2902 2874 2969 quoniam
2921 2901 3254 2955 exsecranda
3289 2910 3516 2954 mortem
3549 2915 3662 2955 non

2069 2971 2270 3026 laetaris
2297 2973 2350 3027 in
2383 2975 2677 3042 perditione
2721 2974 2997 3035 vivorum;
3049 2987 3223 3041 neque
3260 2973 3340 3026 vis
3377 2971 3657 3026 interitum

2069 3042 2301 3096 hominis
2323 3085 2340 3110 ,
2387 3045 2479 3100 sed
2531 3047 2783 3110 salutem,
2809 3053 2863 3098 et
2888 3043 2958 3097 ob
2986 3043 3123 3097 hanc
3154 3058 3372 3097 causam
3404 3053 3455 3096 te
3479 3042 3661 3111 ipsum

2071 3113 2359 3170 lniunlians
2385 3156 2400 3179 ,
2449 3131 2570 3170 cum
2619 3130 2766 3170 esses
2802 3117 2938 3169 Deus
2963 3157 2978 3181 ,
3029 3125 3084 3168 ut
3113 3115 3276 3169 homo
3305 3113 3659 3179 inveniretur,

2071 3185 2158 3254 qui
2201 3199 2380 3255 utique
2431 3188 2702 3256 perierat,
2735 3187 2847 3240 lieri
2880 3187 3040 3238 homo
3071 3188 3318 3254 dignatus
3353 3200 3436 3241 es.
3493 3185 3574 3239 Ad
3609 3196 3662 3240 te

2075 3256 2203 3308 milii
2236 3262 2566 3312 redeundum
2593 3274 2712 3313 esse
2744 3258 2811 3312 de
2843 3258 3371 3324 prtevariCationibus
3399 3258 3531 3310 meis
3564 3272 3662 3324 op-

2075 3339 2299 3394 portune
2326 3335 2575 3396 decievi;
2619 3333 2830 3392 suscipe
2861 3344 2946 3382 me
2988 3333 3040 3381 in
3073 3328 3318 3382 manibus
3350 3327 3452 3380 tuis
3479 3341 3666 3382 rever-

2076 3409 2274 3454 tentem
2307 3416 2426 3454 cuni
2461 3403 2670 3456 ﬂetibus
2701 3415 2880 3454 coram
2908 3409 2986 3462 te;
3011 3401 3204 3468 excipe
3231 3400 3514 3469 dignanter
3548 3413 3666 3468 pre-

2071 3483 2164 3524 ces
2221 3474 2618 3526 confessionum
2677 3488 2938 3538 mearum,
2991 3481 3046 3524 et
3089 3473 3232 3524 salva
3277 3470 3662 3538 eonliteutem;

2074 3543 2186 3594 noli
2214 3554 2563 3597 contemnere
2592 3548 2956 3611 paenitentiam
2983 3579 3001 3606 ,
3030 3539 3286 3603 Domine,
3322 3544 3544 3606 paenitet
3572 3555 3664 3596 me

2072 3625 2302 3677 errasse,
2333 3621 2390 3666 ct
2417 3615 2573 3666 doleo
2610 3615 2940 3666 uuucstulte
2969 3611 3168 3664 dudum
3197 3622 3536 3678 perpetrasse
3567 3625 3664 3667 ne-

2072 3684 2358 3750 quissima;
2391 3685 2486 3738 sed
2517 3685 2624 3737 noli
2651 3699 2680 3735 a
2713 3698 2796 3736 me
2824 3693 3068 3735 avertere
3101 3684 3287 3734 lat-lein
3322 3692 3485 3744 tuam,
3507 3686 3658 3751 quia,

2072 3755 2116 3806 si
2152 3753 2229 3808 iis
2252 3795 2268 3814 ,
2319 3765 2468 3824 potes
2519 3770 2603 3809 me
2651 3755 2945 3817 inundate;
2981 3752 3072 3804 tibi
3101 3753 3244 3804 enim
3277 3752 3660 3820 mortilicandi,

2072 3833 2128 3877 et
2157 3823 2454 3878 Viviﬁcandi
2475 3865 2490 3889 ,
2524 3837 2580 3878 et
2605 3825 2864 3878 liheiandi
2887 3862 2902 3885 ,
2931 3823 3126 3890 ligandi
3155 3830 3210 3876 ct
3234 3823 3474 3877 solvendi
3506 3832 3660 3892 pote-

2073 3905 2184 3948 stas
2228 3907 2347 3960 est;
2379 3898 2608 3949 animam
2642 3911 2815 3951 meum
2862 3894 3196 3948 diveisoruin
3229 3897 3512 3948 etiannum
3548 3906 3664 3949 tra-

2073 3967 2184 4039 didi
2213 3970 2438 4022 nexibus
2474 3969 2782 4039 illigandani
2806 4005 2822 4030 ,
2873 3981 3034 4034 quam
3078 3977 3133 4039 et
3162 3971 3368 4020 scelere
3401 3965 3665 4033 pessimo,

2073 4038 2212 4092 sicut
2245 4039 2485 4106 iiiSpicis,
2518 4035 2828 4104 vulneravi;
2859 4040 3009 4091 solve
3029 4076 3045 4101 ,
3079 4035 3339 4103 Domine,
3369 4040 3526 4092 solve
3549 4039 3664 4107 jam

2075 4111 2282 4164 vincula
2334 4112 2458 4163 colli
2503 4114 2642 4175 inei,
2683 4109 2878 4179 quibus
2901 4108 2966 4160 ad
2999 4117 3051 4161 te
3077 4109 3167 4161 diu
3194 4109 3370 4162 clamo
3396 4110 3664 4178 multipli-

2072 4184 2207 4235 citer
2232 4184 2493 4248 obligatus
2514 4219 2534 4248 ,
2576 4193 2630 4236 et
2653 4181 2886 4234 cnudato
2917 4179 3120 4233 vulneri
3152 4181 3438 4234 miseratus
3466 4181 3664 4238 adhibe

2074 4253 2412 4308 lticdicmam.

2149 4326 2236 4378 to.
2279 4324 2464 4379 ltedde
2489 4323 2618 4377 mihi
2643 4321 2922 4390 pristinam
2947 4320 3232 4376 sanitatem
3259 4339 3274 4388 ;
3302 4331 3358 4376 et
3384 4321 3528 4377 vivat
3549 4338 3665 4378 am-

2075 4410 2158 4448 ma
2192 4410 2314 4450 mea
2347 4397 2588 4449 remedio
2619 4405 2710 4448 tm.
2744 4395 2926 4448 Dirum
2953 4394 3216 4463 siquidem
3238 4408 3434 4464 arguas
3465 4396 3662 4452 vulnus

2073 4481 2247 4519 meum
2273 4505 2291 4533 ,
2343 4483 2442 4520 nec
2485 4481 2585 4535 ego
2614 4466 2786 4518 dirum
2817 4482 2937 4520 esse
2965 4466 3231 4531 diliiteor,
3265 4475 3317 4519 te
3352 4479 3526 4519 tamen
3558 4466 3665 4523 hoc

2073 4539 2326 4591 medicari
2360 4538 2725 4591 indubitanter
2757 4554 2913 4605 posse
2942 4539 3188 4602 conndo;
3220 4539 3340 4606 quia
3371 4537 3504 4590 nihil
3537 4552 3664 4593 esse

2074 4609 2165 4662 tibi
2200 4607 2441 4672 diflicile,
2477 4611 2606 4662 nihil
2639 4607 2970 4678 impossibile
2992 4613 3192 4674 credo;
3221 4622 3286 4661 eo
3307 4612 3446 4674 quod
3479 4611 3662 4665 omnia

2074 4682 2345 4748 possdiilia
2373 4684 2512 4748 apud
2549 4681 2850 4747 Dominum,
2880 4695 2931 4735 te
2964 4679 3296 4746 perhibenie,
3352 4679 3660 4748 didicerim,

2069 4767 2190 4806 cuni
2223 4763 2454 4808 transne
2493 4759 2756 4806 cautelam
2793 4770 2884 4817 per
2913 4756 3150 4804 l'orainen
3191 4764 3317 4803 acus
3349 4749 3508 4804 facile
3535 4766 3663 4819 pro-

2073 4825 2305 4877 testaris.
2352 4824 2558 4893 Deliqni
2580 4867 2592 4888 ,
2625 4823 2848 4876 Domine
2869 4865 2883 4888 ,
2913 4823 3109 4888 deliqui
3144 4823 3364 4873 multum
3387 4861 3402 4886 ,
3434 4830 3487 4876 et
3519 4823 3662 4878 hanc

2071 4897 2140 4948 ob
2169 4911 2407 4960 causam,
2439 4907 2574 4948 Sicut
2605 4897 2717 4962 ipse
2746 4893 3036 4961 praecernis
3057 4930 3073 4956 ,
3111 4893 3482 4947 tribulationes
3521 4909 3660 4949 ineas

2071 4967 2304 5020 dilatata:
2355 4976 2514 5032 sunt,
2576 4975 2733 5020 nocte
2781 4976 2833 5016 ct
2881 4964 2972 5017 die
3021 4971 3330 5031 torquentes
3360 4963 3524 5034 364,
3559 4980 3658 5020 cor

2071 5053 2272 5091 incum.
2312 5039 2425 5092 Non
2456 5038 2596 5092 enim
2619 5036 2791 5104 culpa:
2821 5051 2974 5101 meai,
3000 5033 3084 5087 νει
3113 5033 3451 5103 chcatoruiii
3486 5033 3657 5104 parva

2071 5112 2373 5176 congeries,
2409 5108 2528 5162 ideo
2554 5117 2702 5159 mutii
2726 5108 2956 5174 gemitus
2983 5107 3117 5176 mei,
3135 5114 3188 5160 ct
3228 5121 3379 5160 mens
3409 5121 3524 5160 mea
3549 5122 3656 5163 ma-

2069 5175 2197 5249 gnai
2221 5178 2640 5247 perturbationis
2668 5179 2947 5232 eversione
2979 5175 3359 5240 iiiws°ti5siiua;
3391 5178 3487 5232 sed
3523 5195 3658 5232 con-

2071 5252 2394 5306 sideratione
2426 5264 2735 5317 magnarum
2765 5261 2818 5302 et
2843 5250 3317 5303 iununieraliilitiin
3350 5249 3654 5305 miseratio-

2073 5337 2200 5376 tium
2227 5332 2434 5376 tuarum
2462 5335 2491 5373 a
2527 5325 2644 5375 lane
2670 5321 2998 5375 discriminis
3025 5334 3245 5388 surgere
3277 5322 3531 5391 paulatim
3569 5337 3656 5376 re-

2072 5395 2250 5447 nitens
2295 5409 2381 5446 me
2411 5392 2604 5446 direxit
2652 5395 2718 5445 ad
2763 5407 2912 5460 spem
2957 5391 3300 5460 indulgentia:
3332 5393 3500 5462 pietas
3533 5403 3644 5457 tua,

2073 5481 2124 5518 ut
2157 5466 2209 5517 in
2236 5466 2343 5518 line
2374 5464 2504 5517 nihil
2532 5463 2801 5529 haesitans,
2836 5474 3011 5533 petam
3050 5466 3281 5531 veniam,
3309 5474 3497 5519 etnon
3527 5478 3658 5520 m0-

2071 5534 2197 5599 iiar,
2222 5541 2312 5590 sed
2346 5551 2540 5590 Vivam.

2146 5608 2235 5661 illi.
2279 5606 2400 5662 Ideo
2432 5620 2678 5661 reversus
2703 5606 2770 5662 ad
2801 5606 3190 5677 percutientem
3219 5621 3330 5674 me,
3361 5615 3417 5664 et
3453 5605 3658 5663 haben-

2074 5688 2178 5732 tem
2232 5688 2545 5748 potestaiein
2577 5694 2737 5746 super
2770 5685 2950 5749 plagas
3006 5693 3154 5734 meas
3179 5719 3196 5744 ,
3241 5687 3294 5734 te
3338 5679 3570 5745 scilicet,
3600 5686 3658 5734 et

2071 5749 2358 5806 Dominum
2411 5766 2622 5816 mrum,
2671 5766 2836 5805 curvo
2882 5754 2974 5806 tibi
3019 5765 3188 5823 genua
3215 5763 3442 5816 mea,et
3470 5751 3657 5805 sedula

2070 5833 2315 5893 orat.oi.e
2341 5836 2460 5876 cum
2491 5824 2835 5877 conlessione
2866 5824 3215 5893 paenitudinis
3247 5824 3298 5876 in
3335 5823 3656 5876 contritione

2065 5892 2256 5962 jejunii
2281 5899 2543 5961 deprecor
2573 5904 2645 5961 te,
2677 5897 2810 5949 dans
2839 5892 3062 5963 gloriam
3095 5908 3298 5948 nomini
3330 5908 3419 5948 tuo
3451 5898 3500 5947 in
3533 5895 3652 5946 lau-

2071 5971 2138 6020 de
2184 5974 2242 6022 et
2290 5965 2662 6024 benedictione
2710 5969 3163 6038 lrequentissiiua.
3224 5965 3337 6022 lloc
3367 5967 3505 6024 enini
3549 5965 3646 6025 do—
