4100 6344
465 347 602 406 1⁸269
677 348 967 408 APPEND.
1007 346 1197 406 XVI“.
1230 378 1298 388 ——
1326 345 1583 404 οιιΑτιο
1621 343 1758 404 PRO
1791 338 2275 401 CORREPTIONE
2317 341 2524 400 VITE.
2567 343 2836 401 FLENDA
2877 345 3147 402 SEMPER
3185 332 3522 404 PECCATA.
3598 346 3738 405 1270

361 530 368 535 ,
457 479 549 526 ωε
595 472 839 539 contagio
872 488 882 521 :
918 484 1152 539 pra‘eeps
1199 467 1264 522 ad
1308 467 1615 539 libidinem,
1647 464 1920 539 improbus
1965 461 2033 539 ad
2063 462 2114 522 A
2139 460 2307 515 factus
2331 463 2718 518 sterilis?-Num
2753 463 2960 539 dolebis
2986 472 3171 539 contra
3199 462 3364 539 mein
3391 469 3734 539 perpetuum,

464 534 832 610 petuhntiain,
866 534 1116 610 frequens
1137 539 1202 595 ad
1236 541 1516 597 luxuriam.
1549 537 1939 592 inverecundus
1967 534 2035 589 ad

462 615 888 678 fornicationem,
917 615 1120 667 crimen
1143 612 1382 682 quotidie
1409 610 1618 682 crimini
1648 622 2043 682 superponens,

461 702 573 740 non
601 687 809 741 cessavi
843 687 1089 752 pessimis
1112 680 1377 738 deteriora
1403 681 1739 751 contingere,
1768 680 2048 752 voluntate

457 757 635 825 diros,
669 751 851 810 mente
876 771 1088 826 pravus,
1121 754 1358 809 moribus
1385 753 1724 826 inhonestus,
1743 751 1909 806 corde
1933 751 2048 819 pol-

459 829 631 893 Iulus,
662 840 715 884 et
747 825 902 882 labiis
951 828 1317 896 blasphemus,
1350 825 1636 880 iracundus
1677 831 1733 878 et
1761 835 2046 878 contume-

460 899 648 956 liosus.
1683 903 1686 907 '

530 972 624 1026 '28.
673 973 897 1036 Propter
943 969 1085 1041 quod
1129 967 1544 1041 eoiil‘undor,_et
1586 965 1852 1041 erubesco
1901 980 2047 1041 _n_unc

457 1043 726 1097 extollere
747 1037 1262 1110 oculum—indignum
1286 1055 1372 1094 me
1394 1039 1577 1094 videre
1602 1037 1848 1110 caelestia
1869 1038 2046 1110 sidera

452 1112 720 1181 judicans.
751 1113 856 1168 Sed
901 1112 984 1167 fac
1016 1108 1235 1180 propter
1261 1111 1484 1179 gloriam
1518 1112 1748 1164 iioiiiinis
1779 1109 1875 1175 lui,
1905 1108 2048 1162 Deus

458 1198 632 1240 meus.
679 1185 825 1239 Pone
871 1184 1002 1238 mihi
1033 1183 1307 1239 conﬁtenti
1343 1184 1435 1235 tibi
1467 1184 1675 1236 veniam
1715 1181 1767 1234 iu
1799 1182 2046 1243 salutem,

457 1262 514 1308 et
543 1255 890 1325 indulgentiae
943 1255 1179 1310 concede
1228 1253 1521 1309 remedium
1540 1296 1553 1316 ,
1582 1262 1638 1305 ut
1671 1252 1940 1325 propitius
1967 1252 2048 1304 ef-

457 1325 650 1388 fectus,
673 1324 832 1396 atque
863 1327 1159 1395 placabilis,
1181 1325 1364 1382 doleas
1388 1327 1634 1396 universa
1661 1324 1894 1377 facinora
1926 1337 2049 1390 pec—

456 1408 705 1452 calorum
736 1395 998 1463 nieorum,
1041 1407 1096 1452 et
1125 1412 1230 1450 non
1273 1395 1516 1465 requiras
1543 1395 1849 1463 iniquitates
1878 1408 2045 1460 meas,

456 1483 591 1536 quas
617 1469 949 1538 juventntis,
982 1478 1036 1524 et
1083 1467 1401 1537 ignorantiae
1431 1481 1565 1521 mere
1603 1467 1769 1534 gessit
1810 1475 1947 1538 retas
1970 1465 2049 1518 Iu-

455 1537 627 1604 brica,
655 1540 822 1605 rudis,
858 1540 1083 1605 lasciva,
1115 1555 1272 1604 vana,
1316 1547 1374 1593 et
1418 1538 1699 1604 insipiens,
1733 1537 1797 1590 ad
1847 1537 2046 1590 malum

453 1623 646 1678 prona,
678 1613 744 1665 ad
794 1613 989 1665 bonum
1035 1612 1353 1680 pigerrima,
1387 1610 1545 1673 velpx
1588 1607 1653 1660 ad
1701 1616 1949 1680 mortem,
1979 1608 2046 1661 ad

453 1681 618 1735 vitam
649 1682 911 1749 difﬁcilis,
939 1684 1022 1736 cui
1053 1679 1217 1736 eiusa
1246 1691 1372 1735 sunt
1417 1694 1580 1749 opera
1611 1679 1766 1744 lucis,
1797 1689 1850 1732 et
1897 1689 2049 1732 tene-

449 1750 670 1807 brarum
699 1754 1050 1816 ainatissima,
1079 1768 1197 1822 quae
1224 1753 1418 1806 cadere
1466 1750 1665 1820 diligit,
1694 1765 1914 1822 surgere
1940 1767 2048 1822 inc-

2152 545 2371 603 propler
2403 543 2677 602 peccatum
2702 537 2848 605 parvi
2879 538 3157 602 temporis,
3175 535 3315 604 quod
3341 545 3427 588 tua
3454 534 3735 605 providen-

2152 607 2222 660 tia
2255 607 2573 675 disponente
2603 604 2896 664 exsecraris
2923 616 2978 662 et
3004 608 3300 662 abhorrens
3327 604 3588 674 pceniteo,
3612 621 3736 663 cum

2151 680 2250 732 sim
2275 693 2376 748 ego
2408 690 2656 735 creatura
2699 695 2765 736 ex
2798 689 2938 734 terra
2972 687 3026 733 et
3051 679 3233 734 cinere
3262 676 3648 746 corruptibilis,
3682 683 3740 733 et

2152 752 2412 809 mortalis.
2436 762 2488 804 tu
2513 760 2686 806 autem
2718 753 2854 804 Deus
2876 760 3085 805 creator
3112 749 3530 818 incorruptibilis
3559 757 3613 802 et
3634 749 3739 804 im-

2153 823 2428 876 mortalis?
2455 823 2703 893 Nunquid
2749 821 3044 877 obduratns
3088 822 3138 875 iii
3172 822 3455 893 clementia
3492 820 3736 893 attritum

2151 903 2206 947 et
2248 891 2729 948 liumiliatum'non
2775 895 3050 960 exatldies,
3101 902 3192 947 aut
3235 892 3500 961 iudicabis
3551 891 3740 959 punire

2151 966 2495 1020 confitentem
2528 965 2646 1030 tibi,
2679 976 2768 1020 aut
2795 964 3168 1019 obsecranlelu
3203 972 3256 1017 te
3277 963 3588 1033 disperdere
3611 977 3740 1016 cen-

2153 1037 2282 1089 ses?
2312 1037 2425 1090 Non
2455 1037 2526 1091 ita
2555 1037 2792 1102 credam,
2840 1050 2939 1090 nec
2978 1036 3116 1090 velle
3142 1044 3193 1089 te
3241 1033 3574 1102 SUSpicabor,
3615 1034 3737 1101 quia

2154 1104 2254 1181 hoc
2278 1108 2530 1181 impium,
2561 1109 2725 1181 368
2751 1115 2806 1163 et
2829 1115 3017 1181 contra
3043 1117 3286 1161 naturam
3326 1107 3523 1181 divinat:
3570 1103 3740 1181 pieta-

2153 1177 2244 1231 tis.
2274 1175 2397 1233 ldeo
2438 1175 2661 1249 suppiei
2677 1175 2751 1234 'et
2793 1179 3069 1234 conlidens
3095 1191 3262 1233 exoro
3309 1175 3736 1249 misericordiam

2153 1258 2319 1318 tuam,
2355 1261 2410 1304 nt
2437 1245 2724 1318 peti—tiones
2745 1265 2892 1305 meas
2917 1249 3141 1317 benigna
3167 1251 3440 1302 voluntate
3464 1245 3731 1318 perﬁcias.

2223 1317 2313 1374 51.
2349 1314 2570 1386 lnclina,
2611 1322 2856 1384 Domine,
2883 1314 3067 1375 aurem
3113 1330 3279 1387 tuam,
3313 1328 3368 1374 et
3413 1318 3559 1382 audi,
3592 1314 3740 1387 aperi

2152 1390 2336 1444 oculos
2361 1401 2515 1457 tuos,
2540 1402 2596 1448 et
2637 1394 2755 1448 vide
2781 1393 3165 1447 desolationem
3199 1405 3389 1444 meam.
3425 1387 3560 1442 Vide
3593 1386 3733 1440 alni-

2152 1462 2360 1517 ctiones
2411 1464 2627 1529 multas,
2679 1473 2734 1519 et
2772 1465 3037 1527 miserias,
3084 1477 3202 1532 qua:
3234 1460 3538 1532 me,_sicut
3585 1458 3739 1532 plau-

2153 1543 2320 1586 strum
2365 1535 2568 1602 paleas,
2599 1544 2912 1597 conterunt,
2941 1535 3081 1602 sicut
3103 1529 3315 1589 laneam
3347 1530 3536 1595 tineis,
3559 1529 3738 1602 _devo-

2153 1617 2293 1668 raiil,
2326 1598 2462 1659 sicut
2490 1598 2689 1678 lignum
2733 1605 2999 1676 putridum
3031 1601 3213 1678 [Forte
3251 1611 3391 1678 deest
3419 1598 3737 1678 igAnis]_con-

2153 1684 2405 1741 sumunt;
2439 1686 2492 1731 et
2537 1673 2771 1731 furorem
2803 1673 3112 1741 mitescens,
3145 1676 3410 1740 suspende
3449 1673 3736 1744 ﬂagellum.

2095 1759 2112 1774 ο
2152 1744 2265 1797 Jain
2299 1749 2560 1802 miserere
2608 1748 2734 1813 mei,
2767 1749 3001 1816 placare,
3033 1756 3088 1802 et
3117 1758 3408 1810 revertere,
3436 1759 3597 1816 parce
3626 1745 3739 1816 ani-

450 1825 634 1898 gligit;
676 1839 857 1878 amara
888 1836 972 1878 est
999 1826 1072 1877 illi
1098 1815 1354 1898 salus,_et
1383 1815 1844 1898 dulcis'perditio;
1873 1821 2044 1887 solve,
2079 1835 2125 1895 Β
2154 1831 2264 1898 iure
2285 1833 2439 1886 mere,
2468 1834 2626 1885 parce
2657 1815 2887 1898 peccatis
2933 1819 3085 1873 meis.
3134 1818 3247 1898 Non
3292 1832 3378 1872 me
3408 1815 3741 1898 obliviscaris

451 1893 700 1958 Domine,
753 1912 906 1950 reum
939 1893 1408 1964 iiiexplicahili'bus
1438 1893 1592 1946 nodis
1639 1892 1941 1964 astrictum,
1966 1903 2040 1955 et,

447 1967 694 2034 abruptis
725 1968 930 2036 laqueis
950 1963 1254 2026 criminum,
1285 1966 1436 2019 abire
1461 1964 1627 2018 facito
1658 1963 1958 2027 liberatum,
1991 1972 2047 2018 nt

447 2036 628 2090 salves
659 2053 745 2091 me
789 2040 840 2091 in
873 2039 1009 2092 bona
1042 2041 1316 2090 voluntate
1361 2045 1469 2100 tua,
1503 2044 1557 2088 et
1606 2047 1709 2086 neu
1746 2049 1958 2099 peream
1991 2038 2042 2090 in

449 2121 569 2160 mea
586 2109 808 2173 malitia,
831 2124 1005 2177 neque
1027 2107 1345 2162 descendam
1363 2107 1411 2159 in
1431 2104 1720 2166 infernum,
1746 2106 1886 2159 unde
1906 2106 2044 2160 ultra

451 2191 557 2229 non
578 2189 659 2232 est
682 2181 926 2233 ascensio
947 2197 960 2243 ;
986 2181 1110 2247 quia
1130 2180 1402 2247 ecpiosior
1419 2187 1506 2230 est
1534 2177 1903 2247 misericordia
1929 2188 2040 2244 tua,

446 2247 611 2319 367
636 2266 793 2316 qnam
814 2246 1151 2317 peccaturum
1178 2246 1422 2302 meorum
1454 2247 1803 2319 abundantia.
1837 2246 1900 2300 Et
1929 2262 2043 2300 atri-

451 2317 594 2392 prius
621 2331 678 2374 tu
707 2321 1147 2392 benignissimus,
1180 2336 1338 2389 quam
1368 2333 1467 2388 ego
1495 2317 1873 2392 nequissimus.
1931 2321 2042 2388 Ego

445 2391 667 2459 quidem
701 2389 986 2462 malignus,
1020 2403 1075 2446 et.
1101 2406 1362 2461 praeceps,
1390 2401 1441 2443 tu
1475 2400 1650 2443 autem
1676 2389 1842 2454 mitis,
1869 2400 1921 2444 et
1951 2407 2044 2458 pa-

449 2461 630 2529 tiens;
660 2479 762 2532 ego
789 2461 854 2517 ad
898 2464 1258 2518 corruentium
1294 2477 1513 2529 pronus,
1546 2471 1602 2516 et
1633 2461 1856 2526 fragilis,
1889 2472 1940 2514 tu
1975 2464 2039 2516 ad

443 2534 766 2605 erigendum
798 2549 1096 2604 proruptus,
1125 2547 1177 2589 et
1207 2535 1381 2587 fortis.
1407 2532 1466 2588 Si
1508 2541 1654 2605 retro
1681 2543 1826 2602 gesta
1869 2537 2041 2602 respi-

447 2604 583 2666 eius,
628 2605 919 2675 periturum
971 2608 1116 2661 illico
1163 2619 1418 2669 censeas;
1470 2605 1515 2656 si
1547 2604 1686 2657 velle
1719 2618 1957 2675 praesens
1986 2616 2040 2659 et

449 2674 643 2730 votum
665 2677 932 2740 intendas,
974 2679 1136 2732 credo
1184 2679 1326 2745 quod
1354 2676 1564 2729 salvare
1597 2692 1680 2726 me
1716 2674 1948 2743 iudices,
1975 2692 2040 2731 eo

449 2748 593 2814 quod
623 2749 888 2804 direxeris
917 2765 1010 2803 cor
1043 2765 1216 2802 meum
1249 2749 1302 2801 in
1349 2747 1632 2801 desideriis
1661 2748 1766 2799 tuis
1789 2788 1802 2809 ,
1843 2747 2039 2815 quibus

447 2828 682 2873 mentem
707 2835 880 2873 meam
908 2821 1187 2874 ardentius
1220 2819 1424 2872 servire
1449 2818 1742 2885 conspicis,
1775 2821 1897 2886 quia
1924 2822 2040 2874 sitit

447 2895 500 2942 te
529 2891 708 2944 anima
739 2906 882 2955 mea,
915 2893 1112 2958 pariter
1140 2900 1194 2945 et
1224 2905 1349 2944 caro
1379 2890 1700 2943 deleCtatur.
1986 2927 1998 2937 .

516 2959 608 3017 29.
646 2963 871 3016 Redime
900 2977 1006 3028 me,
1051 2961 1278 3016 Domine
1323 2961 1458 3014 Deus
1492 2975 1664 3026 meus,
1694 2960 1761 3014 ab
1787 2961 2037 3016 omnibus

447 3033 705 3102 angustiis
737 3035 888 3096 meis,
916 3044 971 3087 ct
997 3034 1204 3102 placeat
1225 3032 1320 3086 tibi
1354 3033 1421 3085 de
1450 3030 1670 3084 interitu
1701 3030 1910 3100 eripere
1929 3049 2031 3088 me.

446 3094 657 3157 Revoca
685 3118 772 3158 me
794 3094 1041 3174 de’janu'a
1071 3107 1278 3169 mortis,
1311 3112 1366 3158 et
1389 3107 1552 3155 reduc
1575 3118 1661 3155 me
1691 3103 1744 3155 in
1770 3094 1851 3155 via
1882 3116 2035 3158 teter-

447 3187 537 3235 ηδ.
583 3184 640 3228 ut
668 3191 877 3228 curram
922 3180 972 3228 iti
1001 3179 1246 3230 semitam
1293 3175 1661 3227 mandatorum
1705 3182 1949 3239 tuorum,
1982 3187 2034 3230 et

445 3245 713 3306 ambulem
742 3250 792 3298 in
815 3249 1037 3299 veritate
1066 3257 1174 3301 tua.
1197 3246 1311 3299 Non
1337 3260 1422 3298 me
1445 3245 1784 3299 tenebrarum
1809 3259 2038 3302 caverna

447 3316 829 3387 retineat,no_n
857 3317 1164 3368 barathrum
1184 3318 1384 3386 abyssi,
1409 3318 1489 3387 vel
1515 3325 1668 3368 antra
1691 3317 2036 3387 concludant;

442 3385 541 3437 sed
573 3385 861 3453 patelacito
891 3387 1043 3450 mihi,
1095 3389 1180 3440 lux
1215 3385 1367 3450 lucis,
1399 3385 1601 3438 aditum
1644 3394 1860 3439 internae
1891 3385 2035 3446 vitae.

446 3455 648 3509 Besera
681 3466 918 3524 portum,
953 3459 1075 3525 quia
1109 3467 1160 3506 ιιι
1203 3474 1261 3510 es
1295 3457 1456 3518 Deus,
1485 3457 1701 3509 contriti
1731 3459 1912 3510 Cortiis
1942 3475 2038 3514 ει-

439 3525 652 3594 sipiens
683 3529 965 3597 lacrytnas,
989 3537 1044 3581 et
1071 3528 1441 3596 pmliitentlum
1475 3539 1760 3594 acceptans
1791 3531 2039 3585 humilia-

439 3597 666 3652 tionem.
723 3599 832 3652 Nec
887 3602 1029 3652 enim
1087 3602 1362 3652 vocaberis
1430 3614 1478 3650 ιιι
1530 3615 1636 3655 non
1688 3603 2034 3665 pecc:lntlhtis

447 3668 594 3734 plus,
625 3669 719 3723 sed
743 3685 868 3722 cum
911 3685 1204 3723 conversus
1249 3669 1412 3722 fueris
1460 3668 1642 3734 impio,
1674 3681 1725 3722 et
1774 3677 2035 3734 peccaturi

446 3740 698 3794 misertus
728 3756 757 3792 a
787 3741 946 3800 malo.
981 3744 1204 3807 Semper
1244 3740 1420 3794 corrui
1474 3741 1526 3792 in
1572 3739 1830 3805 deterius,
1881 3752 1933 3793 t-‘t
1971 3748 2038 3800 de

449 3811 604 3863 malis
634 3813 685 3863 iu
721 3813 899 3880 pejora
931 3812 1126 3865 dt‘illle
1152 3829 1167 3877 ;
1195 3813 1288 3865 sed
1319 3812 1471 3865 valde
1493 3813 1699 3880 peritus
1729 3825 1787 3865 es
1820 3814 2032 3880 artifex,

441 3881 619 3936 sciens
643 3883 711 3936 de
739 3881 909 3936 iinttili
943 3885 1067 3936 utile
1091 3884 1186 3937 tibi
1220 3897 1496 3936 vascu.uin
1527 3884 1791 3951 ﬁgurare;
1827 3884 1926 3937 hoc
1955 3899 2037 3940 est

447 3952 593 4006 enim
624 3957 694 4005 ab
735 3954 886 4008 initio
916 3968 1050 4021 epos
1081 3963 1225 4008 tuum
1252 3955 1426 4022 justos
1468 3968 1534 4007 ex
1567 3953 1762 4021 iniquis
1792 3956 2033 4022 el'licerc,

447 4031 500 4077 et
532 4025 724 4094 dignos
752 4039 823 4080 ex
852 4026 1084 4092 indignis
1135 4025 1394 4089 formare;
1426 4027 1635 4093 erigere
1675 4040 1885 4079 rursum
1932 4030 2034 4082 eli-

443 4107 556 4167 sos,
602 4104 657 4148 et
709 4097 997 4150 labentium
1040 4101 1588 4167 antiquasureparare
1639 4095 1855 4164 ruinas;
1899 4115 2036 4167 quo-

447 4163 614 4231 niam,
645 4176 707 4238 ut
731 4171 846 4234 ipse
893 4163 1229 4234 protestaris,
1279 4163 1411 4221 Non,
1432 4177 1504 4221 est
1533 4183 1662 4238 opus
1699 4170 1838 4221 sanis
1871 4163 2035 4222 medi-

441 4250 533 4288 cus
559 4275 574 4298 ,
621 4237 874 4310 s‘edrmale
904 4239 1203 4294 habentibus
1225 4238 1444 4310 (Matth.
1475 4237 1699 4306 in”);
1730 4245 1842 4292 hinc
1869 4249 2031 4295 etiam

439 4319 602 4360 causa
634 4306 759 4361 fecit
788 4319 838 4361 te
867 4311 918 4362 iu
943 4311 1090 4365 hunc
1119 4306 1378 4364 mundum
1415 4311 1768 4372 descendere.
1818 4322 1874 4365 ut
1906 4329 2032 4379 pec-

457 4385 650 4457 :niores
680 4380 1107 4457 salvostaceres,
1139 4397 1369 4457 quorum
1395 4380 1740 4449 principalior
1763 4397 1864 4457 ego
1887 4398 2028 4446 sum;

448 4456 496 4502 ει
533 4451 580 4499 si
613 4455 757 4521 tunc
807 4451 1053 4504 inimicos
1098 4451 1436 4506 adversarios
1474 4467 1696 4505 aversos
1737 4460 1794 4505 et
1841 4453 2033 4521 impius

444 4533 561 4571 cum
593 4520 866 4575 doloribus
899 4531 1001 4574 tua:
1032 4525 1297 4591 paSsionls
1346 4522 1523 4575 salvos
1569 4523 1744 4576 facere
1789 4520 2027 4590 voluisti,

2153 1889 2203 1940 in
2235 1887 2415 1954 ﬁnem,
2445 1905 2552 1944 non
2594 1887 2724 1943 mihi
2760 1890 2814 1945 in
2856 1900 3169 1958 perpetuum
3222 1887 3494 1952 irascaris,
3521 1903 3624 1941 non
3655 1901 3741 1939 me

2148 1974 2532 2031 usquequaque
2557 1961 2798 2025 deseras,
2826 1977 2998 2027 neque
3031 1962 3325 2028 periturum
3353 1961 3614 2031 ullatenus
3645 1958 3741 2012 de-

2148 2029 2457 2099 relinquas,
2477 2034 2569 2086 sed
2599 2040 2820 2086 restitue
2846 2033 2975 2090 mibi
3007 2034 3231 2102 gratiam
3259 2041 3427 2098 tuam,
3457 2042 3508 2084 et
3531 2029 3739 2102 salvum

2149 2118 2234 2155 me
2274 2104 2354 2156 fac
2386 2104 2436 2156 in
2471 2105 2587 2158 loco
2620 2103 2864 2170 periculi,
2897 2120 3005 2173 quo
3030 2104 3174 2172 jacet
3195 2117 3322 2157 caro
3349 2117 3467 2155 mea
3500 2101 3738 2173 praestti-

2145 2185 2229 2225 cta
2265 2173 2428 2240 ferro,
2463 2190 2715 2244 pereussa
2750 2171 2941 2243 plagis,
2977 2176 3190 2243 fatigata
3224 2173 3416 2241 poenis,
3456 2175 3591 2230 lessa
3621 2171 3740 2225 lan-

2146 2247 2421 2312 guoribus,
2476 2247 2726 2300 humanis
2755 2247 2968 2299 deserta
2995 2250 3160 2309 curis,
3206 2254 3481 2314 segregata
3514 2255 3740 2296 consor-

2151 2317 2252 2377 tiis,
2288 2318 2504 2385 quadris
2552 2321 2816 2383 obserata
2841 2317 3140 2384 lapidibus,
3193 2316 3245 2368 in
3276 2313 3654 2379 isterquiliuio,
3687 2317 3742 2385 et

2145 2382 2402 2441 fetoribus
2428 2389 2575 2458 justo
2602 2382 2816 2456 judicio
2851 2382 3053 2454 dedita,
3098 2389 3150 2440 in
3182 2386 3417 2458 tenebris
3448 2395 3501 2438 et
3535 2382 3738 2437 umbris

2147 2461 2437 2512 mortiferis
2468 2461 2736 2514 diuturnis
2758 2459 3000 2526 exposita
3032 2457 3283 2512 miseriis.
3315 2461 3446 2522 Quae
3473 2458 3585 2524 ipse
3611 2470 3742 2508 cuii-

2144 2542 2226 2608 eia
2261 2533 2548 2609 proSpicis,
2575 2535 2663 2602 qui
2691 2531 2850 2588 sedes
2895 2545 3057 2599 super
3084 2531 3388 2594 cherubim,
3431 2537 3487 2582 et
3515 2527 3740 2597 abyssos

2144 2608 2385 2655 Intueris.

2213 2669 2302 2724 5-2.
2349 2673 2466 2749 .I_am
2504 2674 2721 2744 antiqua
2769 2674 2904 2729 facta
2931 2685 3016 2730 est
3044 2682 3099 2728 et
3129 2682 3340 2727 vetusta
3368 2668 3623 2749 contritio
3642 2708 3659 2737 ,
3688 2675 3740 2722 et

2145 2744 2418 2808 percussio
2450 2761 2588 2810 mea,
2623 2740 2718 2798 nec
2749 2756 2830 2800 est
2876 2751 2963 2816 qui
2995 2755 3322 2800 inemoretur
3373 2740 3584 2816 pictatis
3611 2750 3738 2816 tute,

2144 2829 2316 2882 neque
2347 2817 2435 2884 qni
2469 2828 2822 2885 compunctus
2848 2809 3014 2871 corde
3066 2817 3319 2886 recogitet
3361 2812 3586 2886 dicens:
3620 2809 3739 2864 lam

2143 2898 2361 2954 propter
2395 2884 2676 2941 Dominum
2711 2887 3008 2960 miserebor
3041 2884 3304 2954 mortalis,
3337 2884 3546 2960 mortali
3579 2892 3739 2960 aiter-

2142 2971 2267 3008 uutn
2303 2959 2447 3012 dedit
2473 2974 2772 3025 carceri-in,
2805 2959 3117 3026 ferrumque
3149 2971 3403 3026 perenne.
3435 2955 3738 3022 Ereptiouis

2143 3043 2244 3079 non
2280 3038 2362 3081 cst
2387 3029 2521 3083 mihi
2552 3032 2917 3084 misericordia
2951 3041 3246 3094 reservata,
3275 3027 3478 3097 judicio
3507 3040 3625 3079 sum
3656 3028 3740 3078 ir-

2141 3102 2429 3175 revocabili
2457 3105 2870 3166 condemnatus,
2900 3104 3020 3175 quia
3055 3117 3159 3155 non
3199 3103 3399 3175 dictum
3427 3116 3438 3150 :
3475 3097 3734 3175 iteVertao

2147 3185 2266 3241 mur
2296 3171 2574 3238 impertire
2607 3175 2812 3227 veniam
2842 3174 3100 3241 perituro.
3135 3172 3457 3236 lteteordare,
3495 3171 3737 3241 Domine,

2150 3240 2638 3298 iiiist-ricordiarum
2675 3239 2886 3298 tuarum
2939 3259 3099 3309 super
3130 3258 3236 3310 me,
3269 3252 3321 3295 et
3349 3254 3568 3310 gravem
3602 3239 3740 3293 hanc

2145 3322 2303 3380 atque
2335 3315 2632 3381 praeduram
2677 3326 2817 3368 muta
2871 3319 3217 3383 sententiam,
3250 3315 3374 3382 quia
3424 3321 3477 3365 tu
3511 3311 3736 3383 dixisti:

2145 3384 2258 3436 Non
2287 3386 2490 3454 alliigcs
2519 3388 2571 3440 in
2597 3397 2857 3440 aeternum
2889 3381 3392 3456 pl‘OXitnllntttiutll,
3423 3384 3544 3450 quia
3576 3381 3738 3456 inise-

2145 3456 2433 3525 rtoordiaiu
2467 3459 2609 3518 volo,
2641 3469 2694 3512 et
2723 3475 2827 3511 non
2856 3455 3204 3522 sacriﬁcium,
3238 3471 3395 3525 atque
3425 3461 3609 3506 eontra
3637 3455 3740 3504 iiii-

2147 3524 2418 3592 pietatem,
2451 3544 2553 3596 qua
2581 3530 2703 3582 licet
2729 3529 2874 3597 justo
2903 3531 3123 3594 morior,
3153 3539 3206 3579 tu
3239 3524 3439 3588 tamen,
3471 3529 3595 3588 quia
3621 3525 3738 3597 plus

2143 3609 2222 3657 es,
2271 3593 2566 3652 clementer
2599 3593 2887 3665 vitte'para
2931 3601 3271 3668 sull'ragiuiu;
3331 3599 3596 3664 impende,
3629 3593 3737 3668 Do-

2147 3682 2310 3727 mine,
2363 3669 2624 3736 propitius
2679 3672 2953 3736 divinum,
3015 3665 3435 3722 ubi'lmmaiinm
3495 3665 3737 3728 recessit,

2142 3740 2434 3805 auxilium;
2472 3741 2660 3794 unicus
2711 3749 2912 3794 tanturn
2959 3741 3051 3792 tibi
3104 3739 3324 3792 relictus
3353 3752 3502 3799 smn;
3550 3746 3602 3786 et
3640 3736 3738 3805 ad-

2137 3807 2263 3874 juvit
2297 3825 2380 3861 ine
2412 3813 2729 3864 solitarium.
2762 3809 2877 3864 Non
2925 3812 2998 3864 sis
3045 3811 3173 3864 mini
3215 3811 3420 3863 alienus
3461 3809 3510 3860 in
3544 3804 3738 3860 diebus

2141 3891 2420 3948 angustae,
2449 3896 2621 3949 neque
2641 3883 2984 3951 derelinquas
3007 3882 3060 3934 iti
3088 3893 3324 3948 tempore
3354 3877 3733 3951 tribulationis,

2144 3964 2429 4019 protegens
2458 3948 2730 4008 cuStodire
2758 3967 2845 4007 me
2867 3948 2974 4006 iiou
3017 3953 3259 4019 desinas,
3283 3961 3340 4005 et
3367 3948 3558 4003 fovens
3586 3949 3737 4003 alere

2143 4037 2210 4073 ne
2236 4037 2438 4076 CCSSCS.
3639 4077 3650 4083 ε

2210 4090 2298 4145 55.
2330 4096 2602 4150 Conlirma
2652 4097 2841 4151 oculos
2881 4105 2999 4151 tuos
3051 4109 3215 4162 super
3246 4109 3350 4160 me,
3383 4107 3451 4148 ne
3494 4105 3732 4162 peream,

2143 4174 2293 4219 tuere
2341 4179 2394 4219 et
2443 4168 2684 4220 salvrlica
2738 4185 2857 4233 me;
2890 4179 3008 4223 esto
3059 4168 3254 4220 animae
3301 4181 3434 4220 metu
3473 4162 3632 4218 simul
3682 4168 3738 4216 et

2138 4238 2352 4304 corpori
2388 4239 2704 4307 viviticator,
2733 4249 2788 4293 et
2814 4239 2942 4307 vita,
2975 4242 3321 4306 omniumque
3363 4237 3734 4292 inlirmitattim

2141 4322 2378 4360 mearum
2410 4318 2646 4374 sanatur,
2680 4319 2734 4363 et
2762 4312 2984 4375 Sanitns,
3017 4321 3073 4362 ut
3103 4308 3278 4362 vivam
3311 4322 3534 4363 munere
3565 4307 3734 4360 bene-

2143 4380 2247 4430 licii
2279 4383 2375 4448 tui,
2411 4389 2466 4434 et
2489 4381 2787 4436 collaudem
2821 4392 2871 4436 te
2901 4380 2954 4435 iu
2983 4381 3087 4435 vita
3119 4396 3232 4434 mea
3271 4395 3452 4435 coram
3479 4376 3735 4433 fratribus

2139 4449 2291 4521 meis,
2322 4453 2495 4504 donec
2537 4453 2776 4517 placatus
2822 4452 3175 4521 inspiratione
3225 4463 3352 4520 tua,
3399 4463 3452 4505 et
3494 4450 3736 4520 quiescat

2139 4519 2438 4590 indignatio
2469 4522 2777 4577 tribulantis
2803 4519 2923 4593 me,
2941 4527 3191 4594 quoniam
3225 4525 3316 4576 tibi
3349 4519 3584 4594 po.estas
3626 4529 3733 4586 est,

437 4571 645 4674 amica.
677 4571 2030 4674 ηδηςέφῑι-ιεῑξδέέίβοέίιίιειίιεξξιξ-τδεέέῐδῑξξ
2059 4571 2114 4634 υ
2139 4571 2309 4674 ιιιιίζρ
2330 4571 3408 4674 “cui;"porrigar:;:.:.;1:.*:'“.;i;..;;7;.r.r
3431 4571 3727 4673 titticctere;

440 4659 553 4712 ris?
588 4662 760 4733 Absit._
795 4665 1033 4718 Delectat
1057 4679 1180 4719 vere
1211 4659 1289 4726 te.
1315 4659 1703 4733 peccatoribus,
1729 4679 1772 4718 si
1807 4659 2029 4721 conver-

443 4739 642 4796 tantur,
677 4731 974 4805 indulgcre,
1007 4741 1096 4805 qui
1133 4751 1229 4804 pro
1259 4731 1633 4805 peccator-ibus
1663 4746 1890 4790 mortem
1919 4755 2031 4796 non

439 4805 703 4860 recusasti
727 4807 1019 4874 suscipere.
1045 4808 1174 4861 Nam
1193 4821 1528 4876 nequaquam
1561 4822 1658 4874 pio
1683 4807 1882 4877 iniquis
1902 4825 1995 4865 cro
2015 4843 2029 4852 ο

437 4877 924 4948 acutascendcres,
957 4880 1003 4934 si
1035 4881 1234 4948 iniqu-.3
1265 4893 1488 4947 parcere
1513 4893 1815 4934 recusare»

514 4944 600 4998 fit).
635 4949 692 5005 Si
715 4949 856 5004 enirn
889 4951 1080 5016 legioni
1113 4944 1420 5004 daemonum
1445 4953 1802 5018 impasnitetiti
1834 4961 1891 5006 et
1913 4950 2029 5009 sine

440 5013 692 5087 lacryinis
738 5013 1016 5085 porcorum
1055 5036 1270 5089 gregem
1311 5013 1605 5090 expetitum
1658 5039 1765 5076 non
1797 5027 2026 5092 negasri,

441 5103 639 5153 quanto
671 5092 837 5160 magis
868 5096 1063 5144 anima:
1094 5093 1242 5144 tidcli
1271 5103 1321 5145 te
1348 5095 1561 5146 tlettlms
1593 5093 1906 5160 imprecanti
1953 5099 2029 5148 ta-

442 5159 600 5232 cilius
625 5162 920 5216 cencedere
955 5176 1292 5230 pt-ccatorum
1323 5161 1530 5216 veniam
1559 5159 1856 5232 promptior
1883 5163 2029 5219 eris?

441 5227 605 5284 Fidus
626 5234 714 5306 __ob
743 5235 844 5286 hoc
877 5227 970 5286 tibi
1002 5235 1328 5306 poenitentiae
1376 5249 1510 5288 mea:
1552 5227 1740 5301 preces
1767 5243 1824 5289 et
1851 5236 2026 5306 lacryo

441 5316 557 5375 tuas
583 5303 769 5364 oil‘ero,
801 5307 1032 5360 saliiabis
1067 5319 1152 5359 ine
1196 5304 1336 5359 sicut
1363 5317 1416 5359 et
1446 5315 1672 5359 caeteros
1716 5320 1850 5375 quos
1890 5303 2029 5361 deii-

440 5374 621 5449 guisse
651 5376 890 5449 poenitet.
927 5380 1007 5449 Au
1055 5377 1358 5449 infecunda
1382 5377 1684 5449 remanebit
1711 5374 1778 5432 ett
1809 5393 1914 5439 tne,
1945 5381 2026 5433 vel

437 5447 491 5523 in
527 5459 610 5523 me
642 5447 817 5523 solum
851 5447 1022 5523 arida,
1053 5457 1108 5500 et
1137 5451 1284 5523 irrita
1336 5448 1427 5502 ﬁet
1458 5448 1673 5512 ﬁducia,
1713 5460 1766 5502 et
1800 5450 2025 5518 prornis-

439 5515 522 5567 sio
562 5515 775 5582 pietatis
797 5528 852 5570 et
884 5520 1225 5588 indulgentia:
1248 5529 1371 5582 tuae.
1398 5535 1494 5589 per
1517 5535 1677 5588 quam
1705 5515 1894 5575 omnes
1919 5523 2024 5575 sal-

441 5597 632 5661 vantur
653 5603 926 5642 conversio
960 5590 1306 5659 cognationes
1337 5593 1528 5644 teme?
1559 5591 1804 5661 Nunquid
1836 5592 1888 5646 in
1918 5607 2024 5646 uno

437 5660 734 5724 .pteiiilente
763 5664 854 5714 lict
883 5664 1212 5717 insulticiens
1243 5664 1407 5716 multa
1443 5660 1730 5716 clementia
1765 5675 1873 5729 tua,
1905 5679 2026 5734 qua:

437 5743 709 5805 nunquam
736 5733 912 5787 dando
955 5744 1130 5801 potest
1159 5735 1437 5798 minor-ari,
1473 5749 1573 5788 nec
1622 5733 1848 5804 alicujus
1899 5733 2030 5805 ege-

439 5803 592 5876 Statis
620 5803 811 5876 etIectu
860 5807 1206 5859 coarctatur?
1255 5806 1502 5876 Nunquid
1533 5807 1586 5858 ιιι
1642 5820 1728 5860 lue
1762 5803 2025 5862 solum‘te

443 5873 758 5939 continebis,
788 5891 851 5928 ne
879 5880 1136 5944 postulata
1163 5873 1405 5947 largiaris
1429 5878 1815 5934 irrisorieordiae
1846 5881 2022 5936 lructu

2135 4673 2190 4736 et
2221 4663 2330 4718 illic
2379 4682 2406 4716 a
2441 4668 2634 4721 futuris
2667 4663 2842 4736 poenis
2881 4663 3404 4727 aui'maiii‘tiocrarc,
3435 4664 3520 4718 cui
3572 4673 3734 4736 nemo

2135 4735 2374 4805 dicturus
2404 4744 2488 4791 est
2522 4755 2536 4792 :
2569 4731 2706 4805 Quid
2738 4739 2949 4792 fecisti?
2977 4754 3075 4791 nec
3120 4737 3399 4804 quisquam
3449 4731 3734 4788 resultabit

2130 4803 2338 4875 judicio
2369 4819 2478 4874 tuo,
2515 4803 2686 4876 neque
2715 4810 2972 4862 voluntati
3003 4803 3256 4872 resistet;
3280 4823 3454 4876 neque
3484 4819 3614 4859 νει-ο
3643 4817 3732 4857 au-

2142 4878 2286 4932 icbit
2313 4895 2539 4949 arguere
2570 4894 2694 4934 tunc
2723 4879 2990 4949 qui~piam
3026 4894 3206 4940 reum,
3251 4894 3406 4949 quem
3441 4888 3495 4932 tu
3527 4888 3668 4949 nunc
3697 4889 3730 4929 a

2136 4951 2306 5018 culpis
2359 4948 2469 5005 suis
2509 4952 2700 5004 feceris
2749 4948 3085 5014 absolutum;
3119 4952 3207 5002 sed
3260 4948 3360 5002 erit
3393 4953 3511 5003 sine
3552 4948 3730 5018 aliqua

2135 5017 2559 5076 contradictione
2618 5023 2834 5085 beatus,
2891 5031 3030 5073 Sicut
3070 5019 3325 5090 scriptum
3376 5028 3499 5076 est:
3556 5017 3725 5086 Beati,

2132 5106 2347 5158 quorum
2375 5108 2598 5146 remissa:
2628 5103 2746 5144 sunt
2786 5093 3101 5162 iniquitates,
3130 5102 3176 5144 et
3206 5108 3421 5161 quarunt
3447 5099 3577 5146 tecta
3609 5097 3730 5142 sunt

2135 5175 2362 5227 peccata.
2398 5163 2582 5216 Beatus
2615 5166 2709 5227 νῦν,
2733 5166 2815 5215 cui
2843 5181 2941 5215 non
2969 5167 3230 5231 imputavit
3261 5165 3509 5217 Dominus
3539 5175 3726 5232 pecco-

2132 5239 2239 5284 tum
2268 5232 2441 5302 (Psal.
2476 5251 2621 5300 xui,
2644 5236 2694 5297 1,
2718 5233 2810 5306 2);
2836 5245 2890 5289 et
2912 5230 3200 5306 ApopStoius
3224 5253 3237 5288 :
3260 5237 3319 5289 Si
3342 5233 3499 5298 Deus,
3529 5230 3722 5306 inquit,

2133 5321 2225 5370 pro
2258 5307 2417 5362 nobis,
2467 5306 2577 5372 quis
2626 5305 2802 5360 contra
2834 5306 2967 5358 nos?
3008 5305 3144 5359 Deus
3182 5309 3270 5378 qui
3302 5307 3584 5378 justi/icat,
3614 5305 3728 5378 qui:

2130 5391 2200 5448 est
2247 5377 2333 5441 qui
2362 5380 2660 5430 condemnet
2707 5379 2884 5448 (Rom.
2913 5392 3025 5443 vni,
3072 5375 3203 5446 a5)?
3246 5375 3419 5432 Proba
3475 5393 3580 5445 ine,
3615 5375 3722 5448 DO-

2131 5447 2296 5523 inine,
2331 5449 2491 5523 proba
2526 5465 2610 5502 me
2642 5450 2692 5502 in
2719 5447 2946 5523 camino
2997 5449 3412 5519 huuiitiatiuuis,
3463 5464 3569 5521 quo
3599 5447 3722 5502 diu-

2129 5518 2235 5570 tius
2266 5518 2539 5588 indignum
2571 5521 2866 5574 exaniinas.

2204 5591 2366 5661 369
2388 5591 2476 5644 54.
2524 5592 2671 5664 Rogo
2705 5602 2909 5646 tantum
2963 5608 3029 5646 ne
3061 5594 3319 5664 reprobes
3367 5591 3561 5647 noxias
3590 5602 3718 5664 pec-

2127 5675 2397 5715 caminum
2445 5661 2764 5717 comburere
2815 5666 3092 5734 rubigiues
3119 5661 3497 5735 {perniciosos
3543 5661 3716 5717 ustltla

2127 5735 2416 5787 criminum
2448 5740 2754 5804 aquatores,
2798 5744 2855 5789 ut
2900 5737 2965 5790 de
3015 5739 3306 5792 adulterina
3342 5736 3542 5806 plumbi
3570 5748 3718 5789 com-

2127 5809 2382 5858 mistione
2432 5821 2618 5860 aurum
2655 5810 2993 5874 purissimum
3037 5819 3090 5862 et
3136 5811 3358 5862 rutilaiis
3387 5809 3623 5874 educas;
3653 5813 3713 5862 et

2127 5875 2394 5942 accelera,
2439 5888 2493 5932 ut
2541 5878 2737 5948 eripias
2787 5894 2874 5935 me
2921 5883 3000 5934 sic
3053 5895 3082 5933 a
3132 5882 3341 5951 ﬂagello
3388 5879 3710 5949 temporali;
