4100 6344
466 309 595 376 ΙΞἩ

1240 312 1331 368 AD
1369 311 1427 369 S.
1467 306 1714 369 ISIDORI
1752 303 2196 364 HISPALENSIS
2232 307 2467 365 OPERA
2505 304 2951 367 APPENDICES.

3593 309 3739 366 127!

462 437 741 503 culparum
768 446 1009 491 mearum
1042 442 1290 503 excessus
1313 441 1520 503 resera,
1541 434 1601 503 ιιι
1623 424 1754 503 nihil
1781 424 1834 478 in
1856 422 2033 503 futuro
2062 426 2114 484 Α
2212 423 2299 479 57.
2338 425 2597 503 _$anctu_m
2623 437 2864 503 semper
2899 437 3049 503 _opus
3094 425 3303 503 _._t_i_spira
3345 434 3405 479 tit
3450 424 3679 503 cogitem
3706 468 3733 495 ,

463 494 605 580 αιιιὶά
640 505 984 580 pnnias,_sed
1015 502 1156 580 quod
1188 502 1477 580 beatitlees,
1505 494 1887 580 'dere‘inquzis.
1909 494 2035 580 _Hic

463 568 571 642 lite.
606 568 824 634 Domine
857 568 1121 638 Deiisfab
1157 572 1403 627 omnibus
1450 573 1645 624 munda
1690 568 2027 642 οῐίιιιίνηιιιιιςλ,

465 638 570 707 Ιιίό
606 651 673 703 ab
716 648 858 701 omni
908 647 1161 699 viiinriitn
1206 644 1508 698 colluvione
1552 643 1791 711 deterge.
1843 641 1927 692 hic
1969 638 2038 692 ab

464 720 610 779 Omni
651 730 989 789 peccatorum
1029 716 1240 768 vinculo
1271 716 1440 779 solve,
1477 720 1536 789 ut
1562 724 1654 767 aut
1680 728 1723 767 ει
1764 712 2034 789 viventem

462 784 751 858 laxaveris,
784 789 1089 855 piirilieatits
1116 791 1321 863 abeam,
1348 794 1440 840 aut
1484 784 1527 838 si
1559 799 1750 863 vo_care
1777 784 2035 863 decreve-

460 866 557 924 ris,
592 855 973 931 usquequaque
1012 859 1292 911 mundatus
1314 871 1577 911 assumar.
1600 855 1680 909 Tu
1725 870 1898 907 meam
1926 855 2039 906 ani-

461 951 602 991 mam
637 937 686 987 in
728 949 951 1002 corpore
985 932 1208 1001 positam
1241 943 1385 995 rege,
1430 938 1483 981 ιιι
1522 936 1814 1002 exeuntem
1846 939 1877 978 a
1919 940 2038 1002 cor.

462 1021 593 1075 pore
623 996 852 1073 suscipe,
880 996 1076 1070 tibique
1108 1001 1159 1055 in
1188 998 1749 1075 azternuinailliterere
1780 996 2036 1068 concede,

464 1071 522 1132 iit
554 1071 857 1131 nullatenus
888 1082 1071 1137 pereat
1108 1088 1195 1126 res
1229 1088 1322 1139 per
1355 1071 1548 1124 multas
1597 1071 1863 1138 lacrynias
1892 1083 2038 1122 com-

466 1149 712 1202 niendata
759 1146 851 1199 lilii
884 1144 1109 1198 Doa-ino
1138 1142 1247 1199 Deo
1290 1152 1342 1195 et
1386 1143 1616 1195 creatori
1649 1156 1767 1194 suo.
1798 1140 1948 1206 Quod
1989 1144 2033 1198 si

464 1220 637 1273 adhuc
684 1221 734 1271 in
785 1232 948 1271 carne
994 1214 1122 1269 mihi
1173 1213 1426 1282 prolixior
1458 1216 1563 1266 vita
1593 1220 1863 1276 servatur,
1899 1227 2037 1269 nova

462 1289 849 1360 praeconiorum
884 1290 1161 1341 honestate
1183 1297 1552 1360 componatur.
1582 1285 1728 1360 Eliue
1770 1282 2039 1360 metendi-

463 1351 572 1414 iate
618 1361 857 1414 omnium
903 1360 1178 1421 vitiorum,
1208 1367 1261 1410 et
1310 1356 1469 1411 indue
1503 1355 1813 1425 dignitatem
1858 1351 2039 1423 [Forte

460 1432 740 1503 dignitate]
771 1440 1083 1503 cunctarum
1111 1431 1393 1503 virtutum,
1415 1424 1690 1503 cliaritaiis
1717 1424 2037 1503 et_benigni-

464 1496 606 1568 taiis,
652 1496 965 1557 liuinilitaiis
1013 1512 1065 1555 et
1105 1499 1447 1555 continentiae
1490 1496 1734 1569 injicicits
1780 1497 2039 1569 intersere

461 1575 722 1643 germina.
758 1573 1075 1645 Ctipiditatis
1103 1580 1303 1645 autem,
1336 1582 1389 1645 et
1416 1568 1677 1630 avaritiie,
1711 1568 1960 1621 vanitatis
1986 1579 2040 1623 et

460 1648 799 1715 arrogantia‘,
836 1642 927 1699 irin
958 1656 1012 1698 et
1060 1642 1428 1707 iitipatieiitiae,
1473 1651 1901 1706 cazterarumque
1943 1656 2036 1715 ne-

460 1711 747 1784 qtiitiartim
787 1716 1027 1783 putridas
1072 1723 1286 1779 amputa
1348 1720 1663 1784 vetustates,
1712 1711 2037 1784 eircuincide

2142 497 2404 566 compelle
2447 510 2501 551 ut
2536 497 2748 559 faciam,
2781 494 2949 566 suade
2991 504 3048 548 ut
3075 496 3313 563 diligam,
3362 500 3625 551 cmdlrina
3668 494 3734 557 ut

2143 579 2371 631 teni-am,
2407 570 2611 622 custodi
2646 584 2711 621 ne
2745 565 2984 631 perdam.
3020 568 3187 622 Mater
3214 576 3269 622 et
3300 584 3478 633 regina
3520 580 3729 635 septem

2144 639 2517 709 principalium
2551 638 2797 693 vitiorum
2829 639 3078 705 superbia
3107 655 3213 693 non
3238 640 3591 701 ingrediatur.
3624 658 3731 699 nec

2145 716 2440 780 requiescit
2485 713 2536 766 in
2566 709 3067 780 domiiziliorcordis
3113 710 3236 772 mei,
3288 726 3460 780 neque
3506 713 3729 771 snboles

2142 779 2260 853 ejus
2304 784 2430 837 tiiilii
2472 783 2777 853 adhaereat,
2820 779 2873 853 id
2900 791 3048 853 est,
3076 782 3215 848 gulae
3262 779 3725 853 concupi~centia,

2143 850 2445 926 fornicatio,
2478 852 2724 926 avaritia,
2769 850 2988 916 invidia,
3026 851 3135 926 ira,
3166 853 3402 926 tristitia,
3439 869 3573 926 vana
3606 850 3733 926 glor-

2142 924 2243 979 ria.
2276 926 2346 978 Da
2377 938 2554 979 autem
2584 923 2713 977 milii
2743 938 2774 976 e
2803 922 3075 977 contrario
3106 922 3419 989 protuiidatn
3451 922 3731 979 humilita-

2146 1004 2273 1061 tem,
2303 1013 2403 1059 qua
2436 1004 2688 1049 curvetur
2724 993 2953 1048 altitudo
2994 995 3300 1061 superbire;
3348 996 3413 1050 da
3448 1010 3733 1052 mensura-
3816 1010 3827 1061 ;

2144 1075 2249 1120 tam
2279 1066 2675 1129 abstinentiam,
2709 1080 2811 1133 qua
2861 1065 3128 1133 supetllua
3172 1067 3376 1119 ventris
3424 1067 3729 1124 reirenetur

2142 1140 2397 1192 edacitas.
2433 1139 2505 1191 Da
2535 1140 2862 1201 castitatem,
2896 1137 3075 1191 cordis
3108 1138 3442 1199 munditiam,

2144 1212 2336 1263 munda
2396 1210 2605 1264 luxuria
2653 1210 2929 1275 sapiatur;
2989 1208 3055 1261 da
3107 1208 3246 1263 velle
3308 1208 3605 1278 largiﬂuum
3657 1209 3728 1266 ail

2144 1282 2474 1351 erogandum
2516 1282 2939 1350 eleeinosyuam,
2989 1294 3095 1348 quo
3152 1290 3306 1333 tenax
3363 1280 3587 1333 avaritia
3641 1296 3733 1337 re-

2142 1350 2383 1420 spuatur.
2420 1353 2489 1405 Da
2523 1352 2773 1420 perfecta:
2812 1350 3114 1406 dilectionis
3145 1365 3407 1415 amorem,
3438 1367 3547 1419 quo
3574 1352 3728 1409 uitis

2143 1424 2512 1493 exstingiiatiir
2537 1422 2775 1478 invidiae.
2802 1421 3045 1493 Concede
3070 1424 3370 1493 tolerantia:
3393 1423 3724 1491 patientiam,

2144 1509 2238 1563 per
2266 1491 2423 1559 quam
2456 1496 2529 1549 ira
2558 1503 2806 1561 superata
2837 1491 3087 1557 deﬁciat;
3122 1491 3293 1547 tribue
3321 1496 3510 1547 aeterni
3544 1494 3728 1564 gaudii

2145 1581 2319 1634 spem,
2372 1582 2479 1634 quo
2541 1567 2767 1619 tristitiae
2818 1566 3120 1617 amaritudo
3172 1565 3581 1629 detniilceatur;
3642 1566 3728 1622 fac

2144 1636 2338 1708 deinde
2367 1640 2445 1691 sic
2474 1638 2799 1691 intrinsecus
2845 1636 2895 1690 iii
2927 1646 3102 1708 mente
3134 1636 3200 1691 ile
3228 1638 3368 1690 bono
3406 1652 3571 1706 opere
3610 1642 3728 1708 glo-

2143 1707 2271 1761 riari
2314 1711 2368 1762 in
2397 1721 2470 1776 te,
2506 1716 2563 1763 ut
2584 1722 2735 1763 vanae
2762 1708 2946 1778 gloriae
2975 1706 3103 1762 loris
3145 1722 3213 1763 ex
3247 1721 3331 1761 me
3366 1706 3728 1779 procedatja-

458 1782 751 1863 stiiiet-ﬂita,
784 1782 1062 1863 inhonesta
1096 1786 1310 1863 deseca,
1342 1784 1481 1863 elata
1511 1782 1957 1863 deprime,iioxia
1986 1792 2041 1837 et
2071 1803 2118 1863 Β
2144 1782 2365 1863 (ιιθιιιιιΖ

459 1858 745 1916 infecunda
771 1859 969 1923 recide,
1004 1869 1059 1909 ut
1099 1859 1342 1924 malignae
1372 1854 1582 1908 arboris
1610 1853 1910 1924 amaritudo
1940 1853 2037 1907 bo-

459 1947 557 1985 nos
587 1948 777 1986 succos
801 1922 1310 1999 generet'demutiita
1339 1943 1353 1990 ;
1381 1926 1562 1999 dulces
1594 1922 1685 1977 tibi
1718 1930 1837 1992 post
1867 1928 2035 1999 mole-

457 2004 681 2056 Stiarum
712 1996 1055 2055 acerbitatem
1090 1999 1354 2067 parturias
1384 1996 1613 2067 fructus,
1642 2005 1698 2047 ut
1737 1996 1887 2067 quod
1919 2008 2037 2051 'non

460 2072 649 2127 habuit
700 2074 847 2143 prius
906 2064 1133 2136 natura,
1190 2069 1384 2121 oll‘erat-
1428 2064 1623 2120 aniodo
1667 2065 1917 2120 collatum
1973 2083 2041 2123 ex

500 2146 650 2200 ralia.

500 2159 571 2195 rat
634 2187 650 2200 .

460 2159 494 2211 α
532 2161 626 2269 351:
666 2212 927 2268 Peccandi
959 2227 987 2266 a
1036 2226 1121 2265 me
1159 2210 1276 2281 fuga
1305 2208 1665 2281 occasionem,
1700 2216 1750 2262 et
1781 2206 1835 2261 in
1880 2224 2040 2264 exer-

458 2286 640 2339 citium
669 2286 791 2338 boni
825 2285 997 2339 excita
1040 2280 1480 2335 sollicitudinem.
1514 2280 1748 2333 Rursum
1784 2282 2039 2346 peccandi

460 2357 587 2411 tolle
630 2355 982 2419 desiderium,
1025 2365 1079 2407 et
1128 2367 1317 2407 omnes
1364 2350 1591 2406 exclude
1620 2352 1867 2404 carnales
1913 2351 2041 2405 alie-

458 2438 593 2482 ctus.
626 2426 741 2481 Non
786 2426 856 2480 sit
882 2428 933 2479 in
960 2426 1135 2479 anima
1181 2440 1294 2478 mea
1333 2422 1763 2490 concupiscentia
1789 2422 1945 2475 fuedze
1972 2424 2039 2476 li-

456 2499 677 2563 bidinis,
708 2500 801 2551 sed
845 2515 995 2551 antur
1038 2494 1301 2548 inliabiiet
1351 2492 1723 2562 pulcherrimae
1756 2495 2036 2549 castitatis.

458 2568 637 2625 Mundi
672 2568 828 2639 liujits
858 2567 1078 2622 ambitio
1106 2567 1259 2634 longe
1280 2566 1348 2618 sit
1376 2582 1408 2639 a
1435 2580 1539 2639 me,
1567 2574 1624 2617 tit
1654 2565 2036 2639 itti_peditnento

457 2640 602 2696 illius
635 2656 665 2694 a
714 2633 862 2695 rccto
913 2633 1331 2707 pi'oposito’non
1380 2636 1667 2690 declinent.
1704 2633 1801 2688 Tui
1834 2647 2039 2690 tantum

458 2712 671 2766 timoris
692 2720 746 2765 et
776 2716 971 2765 amoris
999 2724 1127 2778 opto
1158 2710 1211 2761 in
1237 2723 1321 2760 me
1350 2708 1574 2773 gratiam
1602 2720 1816 2772 semper
1841 2708 2036 2772 inesse,

458 2798 684 2852 quorum
712 2783 764 2836 in
798 2784 969 2837 l'riictu
1000 2784 1066 2834 ab
1106 2780 1250 2831 omni
1284 2779 1536 2833 vitiorum
1589 2778 1919 2852 mortalitate
1944 2779 2039 2832 de-

457 2851 566 2907 nuo
598 2855 933 2907 reviviscunt.
965 2853 1095 2907 Nam
1121 2865 1214 2917 per
1245 2854 1489 2903 timorem
1513 2865 1542 2901 a
1577 2851 1718 2902 malo
1751 2851 2036 2915 receditttr,

456 2934 511 2979 et
536 2940 627 2992 per
649 2928 962 2979 cbaritatem
996 2926 1188 2977 bonum
1219 2938 1352 2989 opus
1380 2921 1666 2990 peragitur.
1701 2921 2040 2991 Rursumque

456 2996 599 3066 quod
630 3008 880 3065 Operatiir
904 2996 1158 3055 cliaritas,
1193 3008 1286 3066 per
1324 3008 1563 3066 amorem
1594 2992 1833 3066 cusmilit
1861 2993 2038 3066 timur,

457 3062 525 3121 lie
559 3062 737 3131 pereat
768 3084 860 3136 per
882 3069 1192 3123 elationem.
1229 3065 1354 3116 Item
1383 3063 1619 3136 Charitas
1651 3062 1884 3136 testinat,
1928 3064 2041 3136 illeo

458 3135 839 3207 conjungit,’i-t
874 3148 1030 3191 lllllOl‘
1058 3152 1162 3192 non
1193 3135 1416 3189 dimittit
1446 3135 1513 3188 ab
1540 3148 1605 3186 eo
1630 3135 1892 3202 separari.
1922 3135 2041 3207 Ipse

458 3206 743 3263 est’tim’or
794 3218 1016 3264 sanctus
1063 3221 1384 3277 permanetis
1430 3207 1481 3259 iti
1534 3218 1791 3277 saeculum
1835 3206 2037 3260 saeculi.

457 3277 640 3333 Nona:
687 3276 1073 3351 prosiieriiate;
1113 3288 1167 3331 et
1213 3278 1465 3351 amicitia:
1513 3276 1667 3345 ltiijus-
1710 3280 1890 3329 saaculi
1936 3294 2039 3330 non

459 3352 591 3403 niilii
616 3348 1079 3420 approi‘iinquent;
1111 3348 1463 3401 advi-rsiiaies
1486 3360 1664 3420 autem
1691 3357 1953 3420 tempera,
1983 3358 2040 3404 ut

460 3416 663 3489 possint
688 3416 1002 3487 'sustiiiei'e,
1047 3422 1299 3488 quoniam
1337 3416 1666 3487 prosperitas
1706 3419 1907 3486 dejicit,
1943 3420 2041 3474 ad-

460 3503 689 3546 versitas
716 3502 922 3557 erudit;
967 3503 1017 3545 et
1066 3506 1209 3558 swpe
1255 3492 1319 3543 ad
1354 3499 1679 3558 peccandum
1714 3493 2043 3556 prosperitas

456 3564 693 3617 animum
739 3564 908 3628 illii-it,
956 3563 1249 3617 adversitas
1279 3573 1456 3615 autem
1506 3570 1559 3615 et
1611 3576 1640 3613 a
1698 3575 1915 3629 peccato
1955 3577 2043 3616 su-

458 3637 688 3701 spendit,
733 3643 789 3688 et
840 3646 1155 3703 pra'sentem
1189 3633 1340 3686 odire
1389 3634 1550 3687 vitam
1600 3641 1759 3701 atque
1805 3631 2041 3688 futuram

458 3706 770 3760 desiderare
818 3721 1028 3771 semper
1089 3712 1366 3775 ιιτονιιοειι,
1424 3715 1476 3758 et
1522 3706 1731 3757 suadet.
1778 3704 1832 3756 lit
1884 3706 2042 3759 nults

459 3791 589 3845 ergo
621 3778 802 3832 tiitiiidi
841 3779 1069 3847 negotiis
1122 3794 1207 3830 ine
1240 3778 1461 3830 ulterius
1508 3787 1785 3844 permittas
1816 3775 2037 3844 involvi,

457 3849 554 3902 Sed
585 3848 676 3901 tibi
708 3850 808 3903 soli
855 3850 1098 3911 tnititcm,
1129 3847 1225 3901 tibi
1255 3863 1469 3916 semper
1493 3852 1756 3912 serviam;
1789 3854 1839 3899 te
1871 3848 2043 3902 inces-

458 3930 640 3972 santer
665 3922 907 3983 adorent,
941 3920 1033 3973 tibi
1064 3922 1148 3973 die.
1180 3929 1448 3987 noctuque
1496 3919 1735 3987 psallam.
1783 3918 2040 3973 Malorum

459 3991 836 4058 cogitationum
870 3996 1096 4054 semina,
1131 4005 1305 4044 roretn
1330 4002 1384 4044 et
1412 3990 1740 4043 iitceiitoretn
1776 3989 2038 4045 inutilium

460 4060 847 4114 desideriorum
894 4077 958 4114 ac
1004 4062 1157 4115 btlllil:
1204 4059 1487 4113 iiitetiiioni
1527 4060 1916 4114 cuntrariiirum
1952 4077 2038 4115 re-

462 4146 526 4195 pe
551 4132 597 4184 le
626 4147 653 4182 a
678 4148 786 4197 me,
816 4143 867 4185 et
887 4148 1074 4186 contra
1104 4132 1279 4195 omnia
1314 4142 1637 4185 tentanienta
1669 4131 1808 4183 illius
1838 4135 2038 4201 captio-

458 4215 655 4269 sasqui:
712 4206 1058 4270 ileieplioiies
1105 4203 1287 4255 auxilii
1338 4203 1410 4256 tiii
1440 4212 1495 4256 et
1540 4203 1866 4257 delensionis
1905 4218 2040 4271 pone

457 4272 790 4339 prwsidium,
827 4286 877 4326 ut
926 4275 991 4326 ad
1031 4273 1481 4341 perseverantiatii
1528 4274 1718 4325 bonam
1774 4274 2041 4328 illlithibl-

457 4342 564 4416 len_i
616 4360 702 4397 tne
751 4345 1033 4416 (diabolus)
1084 4360 1419 4412 pracernens
1465 4345 1721 4399 Confusus
1763 4346 2033 4401 abscedat.

533 4414 567 4468 3
592 4440 623 4468 ε.
667 4414 855 4469 Uninia
881 4430 1095 4483 peccata
1130 4432 1243 4468 mea
1269 4416 1396 4468 ﬂere
1429 4425 1651 4481 tantum,
1684 4433 1787 4472 non
1829 4420 2038 4472 deside-

459 4500 582 4540 rare
616 4496 912 4554 permittas.
945 4486 1049 4540 Fac
1100 4503 1183 4539 tne
1210 4488 1373 4557 37-0
1409 4489 1562 4542 odire
1589 4502 1705 4553 qua:
1746 4488 1881 4551 odis,
1924 4504 2039 4542 amo

2212 1849 2303 1906 58.
2350 1852 2495 1906 Dona
2521 1850 2683 1906 etiam
2716 1850 2847 1905 mihi
2881 1850 2933 1904 in
2962 1850 3209 1904 omnibus
3231 1850 3722 1920 tenerejustitiam,

2144 1926 2678 1993 magnanimitatem,
2732 1926 3177 1990 temperantiam;
3231 1933 3303 1993 et,
3337 1921 3420 1977 {ac
3466 1938 3553 1977 me
3601 1938 3727 1978 cuin

2142 1992 2485 2061 simplicitate
2530 2009 2649 2048 esse
2693 1997 3029 2063 prudentem,
3088 2003 3145 2046 ut
3192 2004 3245 2047 et
3295 1992 3506 2047 beatam
3561 1994 3724 2049 vitam

2142 2068 2272 2120 sinci
2294 2067 2425 2120 riter
2457 2080 2631 2134 agam,
2664 2074 2720 2119 et
2760 2067 2955 2119 malum
2987 2064 3276 2131 prudenter
3305 2065 3561 2133 refugiam
3592 2080 3607 2129 ;
3635 2073 3719 2120 at.

2142 2152 2246 2206 que
2274 2138 2659 2191 fraudulentam
2683 2146 2737 2191 et
2759 2135 3118 2205 deceptoriain
3142 2135 3388 2189 astutiam
3410 2135 3633 2198 diaboli,
3659 2152 3727 2195 ne

2144 2224 2229 2261 me
2252 2225 2345 2277 per
2365 2208 2599 2277 speciem
2632 2208 2754 2262 boni
2786 2207 2937 2261 l’allat
2970 2215 3028 2260 ut
3056 2217 3109 2260 et
3144 2206 3451 2261 discernere
3490 2210 3725 2263 rationa-

2145 2279 2323 2333 biliier
2350 2278 2577 2343 valeam,
2600 2290 2654 2333 et
2678 2278 2971 2348 pnevidere
2995 2293 3010 2343 ;
3042 2277 3122 2331 lac
3146 2292 3231 2332 me
3259 2288 3376 2346 post
3397 2280 3513 2333 litec
3541 2280 3724 2337 mitem

2144 2361 2197 2404 et
2236 2352 2573 2411 benevolum,
2611 2350 2887 2418 paciticiim
2927 2360 2983 2403 et
3024 2363 3384 2416 mansuetum,
3422 2351 3723 2407 modestum

2145 2430 2199 2474 ct
2228 2423 2610 2484 verecundum,
2637 2430 2973 2476 reverentein
3004 2431 3058 2475 et
3090 2419 3379 2489 trepidum,
3409 2436 3642 2489 aequum,
3671 2433 3725 2477 et

2144 2493 2260 2548 sine
2290 2494 2632 2547 simulatione
2664 2493 2979 2554 veridicum.
3018 2499 3074 2545 et
3112 2493 3230 2545 sine
3256 2493 3381 2545 dolo
3431 2493 3723 2547 rationabio

2147 2565 2276 2627 lem,
2306 2565 2566 2633 bonisque
2592 2564 2939 2624 concordent,
2974 2564 3025 2616 in
3072 2563 3286 2632 vigiliis,
3322 2572 3380 2617 et
3397 2562 3640 2634 jejniiiis,
3670 2572 3725 2619 et

2145 2644 2387 2691 oratione
2423 2644 2732 2690 constanter
2760 2643 3036 2691 strenuum
3062 2651 3077 2700 ς
3110 2639 3174 2688 da
3203 2637 3361 2688 etiam
3393 2637 3444 2688 in
3476 2650 3723 2689 mansue-

2148 2709 2331 2760 tudine
2352 2708 2684 2761 modi-ratum
2713 2706 2910 2760 habere
2950 2720 3280 2767 Sermonem,
3307 2714 3361 2759 et
3391 2708 3564 2758 amico
3600 2709 3724 2759 sub-

2147 2775 2271 2832 inde
2316 2780 2413 2833 lrni
2458 2778 2696 2843 silentio,
2723 2786 2782 2832 ut
2812 2781 2997 2846 loquar
3024 2778 3168 2845 quod
3205 2776 3483 2841 condecet,
3518 2787 3722 2831 taceam

2144 2852 2285 2919 quod
2329 2850 2470 2918 loqui
2510 2866 2615 2903 non
2660 2857 2915 2918 oportet;
2952 2849 3031 2903 \el
3072 2848 3326 2917 quidquid
3366 2862 3433 2901 ex
3467 2852 3723 2902 virtutum

2146 2923 2404 2975 tractibus
2428 2921 2674 2975 coiilerre
2710 2920 3036 2991 dignaberis,
3088 2923 3406 2975 mortiiicata
3430 2919 3718 2987 jactantia,

2146 3002 2371 3061 patrona
2400 3001 2579 3047 servet
2609 2993 2901 3047 humilitas.
3364 3060 3367 3061 ν
3453 3059 3461 3061 Α
3530 3060 3533 3061 ν
3640 3034 3653 3041 -

2218 3063 2306 3117 59.
2350 3063 2426 3118 Da
2456 3064 2574 3118 sine
2602 3065 2784 3132 aliquo
2806 3078 2990 3117 errore
3018 3078 3197 3132 prava:
3226 3059 3495 3131 religionis
3526 3060 3719 3115 imma-

2146 3136 2374 3189 cttlatatn
2406 3134 2499 3188 tibi
2546 3150 2761 3190 servare
2811 3135 2991 3201 Iidem,
3025 3146 3078 3188 et
3102 3135 3251 3205 juxta
3298 3136 3454 3188 Iidem
3506 3133 3723 3204 dignum

2147 3222 2268 3262 esse
2311 3206 2636 3274 operarium,
2675 3216 2731 3259 ut
2782 3207 2937 3261 [idem
2965 3218 3167 3260 rectam
3214 3221 3377 3271 Opere
3415 3219 3584 3275 pravo
3614 3210 3720 3262 non

2148 3279 2379 3347 polluant
2407 3288 2498 3342 ;et
2520 3292 2681 3346 quem
2711 3280 2845 3332 bene
2873 3283 3142 3332 credendo
3162 3282 3442 3342 coniiteor,
3474 3278 3616 3333 male
3645 3279 3723 3332 vi-

2146 3349 2319 3403 vi-ndo
2350 3366 2453 3403 non
2482 3349 2740 3420 denegem
2768 3366 2782 3414 ;
2816 3364 3080 3418 quemque
3119 3359 3338 3403 strenua
3367 3350 3472 3403 lide
3502 3364 3718 3419 sequor,

2146 3432 2265 3475 actu
2318 3421 2657 3490 negligentiae
2698 3437 2803 3474 non
2854 3420 3161 3487 oﬂ‘endain;
3199 3426 3281 3474 lac
3312 3435 3398 3474 nte
3435 3422 3487 3474 itt
3535 3432 3722 3476 sancto

2145 3506 2551 3547 conversaniem
2586 3493 2857 3561 proposito
2884 3491 3033 3561 sequi
3055 3491 3338 3560 justitiam,
3371 3491 3594 3561 diligere
3621 3490 3722 3546 iiii-

2145 3565 2517 3629 sericordiain,
2546 3564 2704 3635 371
2729 3579 2912 3619 amare
2954 3568 3255 3627 veritatem,
3288 3566 3522 3617 reiutare
3572 3578 3723 3618 men-

2145 3636 2377 3701 dacium,
2424 3635 2612 3690 falsum
2646 3635 2778 3689 ttiliil
2826 3635 3069 3689 meditari
3103 3642 3181 3689 vel
3225 3636 3391 3703 loqui,
3424 3645 3474 3689 te
3513 3635 3716 3691 indesi-

2148 3716 2335 3762 nenter
2367 3707 2582 3770 timere,
2626 3706 2936 3776 religionem
2954 3709 3224 3775 venerari,
3259 3721 3442 3775 pacein
3470 3721 3591 3760 cum
3615 3721 3720 3761 oin-

2145 3779 2300 3831 nibits
2330 3781 2448 3834 sine
2471 3779 2597 3833 dolo
2625 3787 2832 3841 tenere,
2864 3776 3136 3831 discordes
3157 3781 3223 3831 ad
3253 3778 3593 3831 concordiam
3638 3794 3723 3833 re-

2149 3864 2376 3913 vocare,
2434 3849 2749 3904 cliaritatent
2814 3850 3173 3903 insimulatam
3229 3849 3460 3913 ollerre,
3520 3851 3725 3905 nullum

2144 3922 2543 3987 scandalizare,
2601 3922 2727 3973 nulli
2781 3934 2866 3974 me
2924 3923 3209 3988 praeterre,
3257 3923 3348 3975 sed
3412 3917 3724 3976 inferiorem

2145 3996 2289 4046 omni
2325 3995 2505 4046 intimo
2527 3992 2790 4062 judicare,
2834 3990 3163 4065 principibus
3203 4001 3257 4046 et
3290 3995 3638 4065 potestatibus
3669 3993 3724 4047 in

2146 4064 2292 4119 nullo
2320 4065 2595 4127 resistere,
2639 4065 2689 4117 in
2739 4064 2989 4117 omnibus
3026 4070 3425 4130 obtemperare,
3469 4078 3723 4116 reveren-

2146 4136 2271 4187 tiam
2314 4146 2369 4186 et
2396 4138 2653 4189 honorem
2686 4135 2943 4188 exhibere
2990 4136 3312 4201 senioribus,
3362 4132 3721 4188 obedientiam

2145 4218 2199 4261 et
2230 4207 2544 4260 cltatitaiem
2576 4208 2867 4274 :eqiialibus
2901 4203 3120 4274 olferre,
3154 4216 3375 4277 gratiam
3409 4219 3724 4273 opportunae

2145 4277 2762 4346 dilectionisjunioribus
2791 4282 3100 4341 ostendere,
3133 4281 3367 4331 lraterna
3395 4292 3580 4341 onera,
3612 4277 3728 4332 sive

2143 4348 2378 4418 peiicula
2411 4348 2785 4417 abqttatiitnitet‘
2820 4350 3108 4414 sustinere,
3157 4348 3387 4402 amicum
3432 4350 3570 4401 velo.
3613 4349 3727 4401 ani-

2143 4435 2284 4473 inam
2332 4436 2502 4474 meam
2537 4420 2803 4487 venerari,
2832 4431 3108 4490 parentem
3161 4430 3214 4474 et
3253 4420 3547 4489 proximum
3589 4423 3727 4474 sicut

2144 4506 2405 4561 nieipsunt
2444 4493 2682 4562 diligere,
2726 4494 3041 4559 cunctisque
3088 4491 3246 4545 simul
3287 4492 3560 4558 prodesse,
3623 4506 3725 4545 non

461 4549 626 4623 plecti
653 4575 771 4631 quas
800 4560 993 4628 diligis.
1027 4549 1372 4626 Obtcnipe're't
1425 4572 1577 4612 tuens
1605 4549 1723 4613 inea
1773 4549 2037 4615 mandatis
2065 4549 2117 4610 D
2147 4549 2360 4628 obesse,
2402 4549 2804 4631 niillivnocere,
2859 4549 2990 4618 ttulit
3040 4549 3336 4629 adversari,
3386 4549 3587 4615 nullum
3644 4577 3730 4617 ca-

459 4631 579 4691 tuis,
607 4638 661 4682 et
690 4630 937 4684 voluntas
969 4645 1085 4682 mea
1115 4631 1372 4682 voluntati
1410 4641 1513 4682 tua:
1538 4631 1847 4695 concmdet,
1883 4644 1935 4684 ut
1960 4634 2043 4686 ni-

457 4696 533 4751 hil
569 4708 741 4768 turpe,
775 4704 905 4754 tithil
934 4700 1212 4771 it-jiistum,
1245 4699 1377 4753 tiiliil
1409 4706 1772 4765 itiltonestmn,
1805 4702 1933 4756 iiiliil
1964 4705 2044 4758 itt-

457 4772 655 4823 decms
687 4775 769 4826 vel
802 4774 1024 4840 impium
1047 4773 1098 4825 iii
1129 4775 1471 4826 CHIISCletlliiB
1500 4786 1630 4826 mea:
1651 4775 2043 4830 delectamento

457 4840 706 4895 obortum
760 4843 1054 4906 inhaereat;
1084 4843 1181 4895 Sed
1220 4857 1406 4897 amore
1458 4850 1549 4896 tuo
1588 4843 1819 4898 intentio
1850 4847 2045 4903 mentis

456 4910 722 4966 anhelans
746 4912 965 4977 justitia:
995 4926 1049 4968 et
1080 4914 1292 4984 pietatis
1320 4929 1536 4983 operam
1581 4926 1914 4984 assequattir.
1961 4918 2046 4972 Sit

457 4996 636 5035 autem
675 4999 810 5051 opus
843 4986 1121 5052 mundum,
1170 4997 1225 5038 et
1255 4988 1449 5053 oratio,
1493 4984 1630 5039 sicut
1676 4987 1941 5056 praecipis,
1989 4992 2043 5044 iii

459 5056 696 5117 occnlto,
727 5066 783 5107 ut
810 5071 915 5108 non
943 5059 1008 5108 ad
1037 5056 1249 5109 oculum
1286 5061 1513 5110 serviam
1553 5072 1704 5125 quasi
1735 5061 2044 5116 hominibus

452 5126 773 5192 placiturus,
799 5126 973 5196 legum
1007 5138 1216 5180 tiiarutu
1258 5128 1526 5181 admonita
1557 5138 1611 5183 et
1635 5139 1840 5196 patrum
1872 5132 2043 5187 hone-

455 5203 701 5271 stissuna
736 5209 881 5271 gesta
912 5200 1050 5253 scire
1091 5212 1175 5251 me
1222 5199 1492 5267 permitte,
1535 5212 1588 5254 et
1620 5204 1773 5255 Iactis
1818 5205 2043 5271 implere

453 5266 716 5321 concide.
753 5270 834 5322 Ab
861 5273 1005 5322 omni
1053 5272 1242 5337 laqueo
1272 5274 1471 5337 peccati
1504 5286 1591 5325 me
1628 5274 1862 5336 reiialte,
1894 5266 2041 5330 etab

460 5349 698 5412 omnium
722 5355 964 5392 errorum
998 5339 1119 5394 labe
1158 5344 1447 5409 suspende.
1479 5341 1782 5412 Disciplina:
1816 5356 1919 5398 tute
1959 5362 2042 5403 re-

454 5406 664 5481 pagulis
691 5424 905 5476 semper
934 5413 1190 5481 astringe,
1220 5406 1270 5466 ei
1298 5428 1365 5466 ne
1395 5406 1915 5481 ulterius-decidant,
1946 5419 2039 5473 [ir-

459 5479 698 5559 nitssime
732 5492 873 5534 tene.
906 5481 1081 5559 Tralte
1111 5479 1361 5559 meumst
1393 5497 1463 5548 te,
1493 5500 1546 5540 et
1589 5485 1693 5540 duc
1721 5479 2041 5559 quocunque

458 5549 655 5614 placet,
690 5560 752 5633 et.
777 5566 844 5606 ne
866 5555 1129 5633 Adimitlas
1161 5549 1447 5633 ullatenus
1479 5549 1844 5633 retrogradum
1894 5549 2037 5633 teiga

462 5634 672 5699 rursum
703 5624 894 5699 diverti
924 5621 1130 5693 [Forte,
1162 5624 1449 5699 divertere]
1476 5644 1490 5692 ;
1519 5621 1703 5683 siin'in
1737 5642 1826 5684 tuo
1849 5621 2039 5689 tiiiioie

461 5690 743 5770 sollicitos,
789 5694 841 5746 iii
881 5690 1066 5770 artiore
1114 5690 1402 5770 perfectus,
1430 5690 1491 5753 in
1534 5698 1637 5755 tide
1665 5714 1939 5770 conatans,
1982 5704 2037 5759 in

456 5771 557 5842 spe
580 5762 885 5842 nullatenus
934 5762 1147 5833 dubius,
1194 5768 1481 5825 ddecdone
1510 5775 1737 5839 proxmii
1777 5762 2034 5842 ferveant,

456 5834 560 5883 adii
586 5834 785 5893 ardore
818 5850 926 5891 non
971 5852 1115 5905 urar,
1166 5854 1263 5897 nec
1292 5834 1705 5900 ἱιινὶᾱὶειίιινυῑα
1743 5834 2029 5908 ιθὺεεεαωξ

2150 4634 2420 4702 lumniari,
2470 4634 2599 4689 tiulii
2648 4634 3024 4690 otl'endiculum
3075 4651 3297 4705 ponere,
3353 4635 3554 4688 nul-um
3578 4632 3727 4702 judi-

2147 4720 2290 4769 care,
2334 4708 2466 4759 nulli
2497 4708 2805 4771 detrahere,
2838 4708 3041 4760 nullum
3072 4708 3454 4768 condemnare,
3489 4708 3618 4758 nulli
3649 4708 3727 4758 in-

2140 4775 2401 4847 juriosuin
2436 4792 2576 4844 esse,
2610 4780 2804 4831 nullius
2836 4792 3057 4847 carpere
3088 4780 3270 4839 vitam,
3308 4778 3503 4831 nullius
3524 4776 3727 4847 explo-

2146 4845 2268 4902 rare
2296 4860 2492 4903 teetain
2522 4849 2790 4911 semitam,
2820 4848 2887 4903 de
2921 4845 3007 4902 me
3035 4857 3239 4903 tantum
3268 4863 3388 4903 esse
3417 4845 3723 4916 Sollicitum,

2146 4922 2345 4973 malum
2382 4935 2476 4988 pro
2508 4930 2646 4973 maio
2682 4933 3015 4989 nequaquam
3048 4921 3363 4989 rependere,
3413 4919 3725 4989 iniuriarum

2146 5005 2406 5053 meatum,
2439 5006 2539 5045 nec
2582 4988 2884 5047 memorem
2920 4988 3183 5047 ullatenus-
3216 5006 3353 5059 esse,
3404 5008 3504 5044 nec
3555 4988 3725 5044 vindi-

2147 5077 2287 5128 cem,
2314 5064 2407 5118 sed
2438 5080 2649 5117 omnem
2686 5065 2921 5117 bonitate
2949 5079 3205 5133 superare
3248 5062 3531 5125 malitiam,
3564 5064 3718 5133 male-

2145 5134 2343 5189 diceiiii
2374 5136 2801 5190 benedictionem
2841 5148 3053 5203 parare,
3085 5137 3307 5188 adversa
3349 5137 3477 5201 pati,
3513 5148 3618 5186 non
3647 5132 3720 5186 in-

2147 5205 2306 5269 ferre,
2335 5208 2606 5261 inimicum
2637 5219 2693 5261 ut
2721 5208 2951 5261 amicum
2981 5205 3224 5275 diligere,
3248 5204 3491 5260 convicia
3514 5216 3567 5257 et
3595 5218 3726 5275 con-

2148 5278 2397 5331 tunielias
2425 5281 2769 5333 irascentium
2808 5274 3099 5341 sustinere,
3135 5290 3240 5330 non
3280 5280 3601 5346 rependere,
3650 5274 3724 5330 inc

2140 5348 2298 5417 juriac
2319 5351 2424 5403 cito
2446 5350 2709 5415 oblivisci,
2743 5346 2950 5402 oll‘enso
2978 5363 3065 5403 me
3084 5348 3399 5403 festinanter
3424 5347 3723 5416 ignoscere,

2143 5423 2211 5473 ad
2238 5436 2449 5474 veniam
2472 5422 2868 5477 concedendam
2890 5434 3104 5489 semper
3124 5429 3362 5489 paratum
3389 5433 3531 5481 esse,
3554 5419 3726 5472 aliena

2144 5506 2251 5545 non
2292 5494 2699 5562 concupiscere,
2755 5507 2855 5547 nec
2901 5491 3187 5547 occasione
3215 5492 3450 5560 qualibet
3494 5492 3707 5546 iiulerre

2145 5579 2263 5617 inea
2296 5578 2423 5618 vero
2444 5580 2550 5619 non
2573 5563 2891 5620 habentibus
2914 5563 3331 5618 misericorditer
3353 5576 3599 5632 erogare,
3626 5564 3721 5617 ile-

2142 5634 2308 5687 biiuin
2342 5635 2572 5690 debitori
2601 5638 2893 5702 diunttere,
2926 5636 3223 5691 reformare
3246 5636 3387 5705 quod
3425 5634 3603 5702 inique
3644 5635 3720 5705 ili-

2140 5719 2348 5774 repiutn
2380 5719 2480 5770 est,
2506 5708 2698 5778 pignus
2744 5706 2973 5762 reddere
3016 5708 3300 5773 niutuanti,
3349 5715 3403 5778 et
3433 5706 3568 5759 nihil
3599 5704 3730 5759 alie-

2141 5791 2271 5830 num
2316 5778 2459 5844 apud
2490 5776 2861 5845 tne—retinere,
2893 5779 3219 5834 esurientem
3247 5776 3443 5833 deinde
3486 5778 3726 5839 reticere,

2136 5849 2417 5927 sitientem
2464 5861 2676 5922 potare,
2727 5850 2989 5920 hospitem
3022 5851 3295 5922 colligere,
3343 5856 3544 5906 nudum
3594 5860 3728 5916 ope-

3494 1154 3599 1207 qiia
3628 1142 3729 1193 im-
3811 1167 3825 1179 -
