4100 6344
310 336 450 395 1273

996 331 1295 415 ¹ΑΡΡΕΝΙ).
1338 330 1483 388 XIX.
1521 360 1593 374 -—
1628 331 1884 390 ORATIO

1992 332 2194 390 lNTRA
2238 333 2530 391 INSIDIAS
2570 334 2864 393 DIABOLI.

3432 340 3572 398 1274

306 458 435 518 rire,
468 452 687 509 visitare
714 448 1043 519 languidum,
1070 450 1344 520 requirere
1363 457 1718 511 carceratiim,
1749 464 1880 504 con.
1910 450 1960 510 A
1987 448 2053 502 Et
2081 463 2202 518 ego,
2241 448 2483 513 Domine,
2515 451 2740 517 cognovi
2771 458 2826 506 et
2852 450 3100 508 intellexi
3140 463 3333 509 sonum
3366 454 3569 512 clain0'

306 527 468 583 solari
531 526 774 587 tristem,
831 522 1027 576 afﬂicto
1086 531 1140 575 et
1193 521 1392 589 lugenti
1445 521 1717 587 compati,
1776 537 1879 580 non

307 597 525 655 habt-nti
555 595 792 664 praebere
820 595 1141 659 necessaria,
1171 594 1363 647 victum
1394 602 1448 646 et
1478 592 1725 645 vestitum
1750 591 1885 649 divi-

306 672 437 725 dere
463 684 582 723 cum
612 683 803 736 egeno,
834 668 1080 732 amplecti
1127 665 1450 731 indigenam,
1489 666 1669 717 fovere
1700 665 1885 720 dome-

305 744 517 804 sticum,
552 754 731 791 aiiiare
762 742 1118 805 peregrinum.
1155 737 1417 790 redimere
1458 738 1747 804 captivum,
1788 752 1883 791 su-

306 814 517 879 sripere
556 812 837 873 advenam,
863 809 995 862 tueri
1022 808 1299 877 pupillum,
1331 815 1385 861 et
1424 809 1744 875 orphanom,
1774 809 1886 863 suf-

306 883 503 939 fra;ari
536 882 727 941 viduae,
778 880 1066 934 subvenire
1109 893 1386 947 Oppresso,
1432 889 1683 944 praestare
1732 882 1884 933 auxi-

307 956 435 1010 lium
489 953 757 1016 desolato,
807 951 1115 1019 dirunipere
1158 951 1528 1016 colligationes
1570 950 1882 1019 impietatis,

307 968 435 1010 ltltm
489 968 757 1016 nesciam,
807 968 980 1004 oiruni
1023 968 1115 1006 ere
1158 968 1528 1016 coiiigationes
1570 968 1882 1019 impietatis,

306 1025 609 1080 confractus
649 1024 947 1091 relinquere
987 968 1206 1079 liberos.
1233 1029 1289 1075 et
1317 1036 1475 1074 omne
1511 1036 1647 1076 onus
1676 1020 1882 1074 dirum-

307 1113 457 1168 ps-re,
496 1096 638 1149 velut
665 1109 887 1161 quicque
913 1104 1297 1168 pra-replerunt
1321 1102 1530 1168 tuorum
1562 1092 1884 1168 documenta

309 1164 607 1233 declarant,
666 1168 916 1219 ardenter
974 1165 1288 1233 exquirere,
1344 1164 1629 1227 diligenter
1686 1164 1883 1230 legere,

309 1238 596 1308 prudenter
628 1246 877 1302 tracL'ire,
911 1234 1225 1291 festinanter
1265 1249 1544 1303 exercere,
1576 1234 1887 1290 desideran-

308 1318 391 1365 ter
420 1310 658 1378 implere.

380 1378 469 1434 4t).
498 1377 728 1445 ’Averte,
764 1379 1009 1447 Domine,
1056 1393 1084 1430 a
1131 1377 1362 1432 vanitate
1391 1377 1576 1432 oculos
1622 1391 1789 1441 meos,
1836 1387 1889 1433 et

310 1462 673 1521 transgressus
711 1466 858 1506 meos
888 1454 953 1504 ab
1000 1450 1272 1518 injustitia:
1312 1451 1540 1503 semitis.
1592 1448 1708 1521 Non
1754 1449 1889 1504 reci--

312 1520 655 1591 piant’aurrs
688 1538 819 1577 mea:
860 1523 1202 1591 opprobrium
1248 1521 1522 1591 adversus
1552 1520 1884 1586 proximum;
1935 1546 1943 1555 -

310 1589 483 1661 neque
514 1594 692 1647 relicta
727 1589 949 1648 visritate
995 1592 1233 1659 pruriant
1278 1590 1467 1645 audire
1501 1589 1708 1645 fabulas
1742 1591 1889 1644 vani—

311 1670 457 1728 tatis,
486 1673 577 1717 ant
606 1666 765 1718 verba
799 1665 1058 1719 mendacii
1087 1681 1101 1729 ;
1131 1678 1299 1733 neque
1328 1662 1504 1732 lingua
1538 1676 1653 1717 mea
1687 1664 1889 1730 pruriat

307 1735 613 1802 detrahere,
649 1748 733 1789 aut
786 1737 1105 1790 maledicere
1155 1734 1406 1800 principi,
1459 1743 1550 1787 aut
1594 1734 1883 1798 sacerdoti,

309 1814 401 1860 aut
442 1810 688 1873 cuiquam
720 1809 1107 1877 subsequenter
1151 1804 1449 1858 hominum.
1484 1804 1612 1877 Non,
1632 1804 1701 1857 sit
1741 1820 1891 1877 scur-

307 1878 442 1941 rilis,
472 1894 570 1931 nec
598 1876 911 1948 vaniloqua,
940 1894 1043 1933 non
1078 1876 1359 1948 maledica,
1395 1891 1498 1948 non
1532 1876 1737 1948 dolosa.
1772 1876 1887 1928 Non

308 1949 572 2016 decipiam
606 1953 927 2018 proximum,
961 1950 1151 2002 bonam
1183 1947 1371 2001 dicens
1404 1947 1545 2001 viam
1577 1947 1736 2010 illius,
1769 1961 1890 2003 cum

309 2020 540 2089 maligna
572 2022 796 2077 fortasse
828 2022 1077 2087 patuerit,
1130 2021 1246 2082 sed,
1293 2019 1479 2071 humili
1516 2032 1890 2084 conipassmne

309 2101 632 2154 commotus,
668 2093 853 2160 loquar
893 2092 1137 2158 privatim
1171 2089 1473 2152 veritatem,
1516 2099 1572 2143 ut
1618 2098 1891 2146 avertatur

308 2163 378 2214 ab
417 2166 623 2227 er‘rore,
665 2176 711 2216 et
742 2162 1003 2228 siquidem
1047 2161 1295 2225 audierit,
1349 2162 1583 2213 salvetur
1611 2160 1787 2212 anima
1830 2161 1892 2212 il-

309 2230 436 2297 lius,
470 2242 523 2286 et
552 2248 791 2287 meorum
820 2234 976 2303 (sicut
1017 2235 1274 2299 scriptum
1302 2240 1406 2290 est;
1438 2231 1734 2303 operiatur
1754 2230 1891 2283 mul-

308 2302 480 2357 titudo
514 2301 898 2369 peccaminum.
928 2303 1040 2358 Sim
1074 2304 1124 2357 in
1153 2302 1421 2357 audiendo
1444 2301 1691 2365 festinus,
1721 2301 1773 2355 in
1806 2316 1893 2356 re-

308 2374 623 2439 Spoiidendo
656 2376 979 2430 ttioderalus.
1031 2374 1145 2428 Non
1194 2373 1415 2427 scientia
1449 2372 1626 2439 inﬁer,
1658 2388 1761 2425 non
1804 2387 1891 2426 ar-

309 2446 564 2515 rogantize
599 2456 804 2501 tumore
856 2447 887 2498 d
914 2446 1149 2510 sletidar,
1196 2445 1285 2499 sed
1329 2458 1600 2508 sermoiie,
1633 2455 1686 2500 et
1729 2457 1893 2513 opere

312 2515 453 2570 bono
499 2516 821 2581 redundans,
872 2517 1084 2571 humi‘is
1132 2530 1347 2582 semper
1373 2515 1620 2579 cristam,
1673 2524 1729 2567 ut
1773 2531 1891 2568 sur-

310 2602 455 2657 gam,
492 2603 592 2641 non
625 2591 892 2652 decidam,
924 2587 1123 2660 erigar,
1159 2602 1263 2641 non
1296 2588 1546 2660 subiuar,
1578 2587 1889 2652 ascendam,

311 2674 418 2712 non
448 2661 791 2713 descendam.
835 2657 1138 2730 Nnt1372
1169 2673 1257 2712 me
1296 2657 1493 2730 laudes
1520 2669 1887 2724 corrumpant,

312 2743 416 2782 non
447 2730 862 2799 vituperationes
902 2728 1254 2784 conturbent:
1286 2744 1389 2783 non
1429 2728 1766 2783 adulationes
1794 2731 1890 2782 de-

310 2801 527 2869 cipiant,
580 2818 684 2855 non
733 2801 1007 2855 mendacia
1052 2800 1343 2863 deludant;
1399 2814 1504 2854 non
1566 2800 1892 2869 prosperitas

310 2870 509 2937 elevet,
558 2889 663 2926 non
702 2873 999 2927 adversitas
1027 2884 1251 2937 curvet;
1305 2887 1409 2925 non
1440 2872 1670 2926 secunda
1704 2872 1891 2939 opinio

313 2944 563 3009 extollat,
598 2959 701 2998 non
745 2945 962 2999 sinistra
993 2943 1244 3009 dejiciat;
1297 2956 1399 2995 non
1439 2939 1751 3012 jiicuoditas
1783 2959 1893 2997 inu~

317 3014 530 3068 tabilcni
565 3016 771 3082 reddat,
819 3031 923 3069 non
957 3015 1167 3069 tristitia
1198 3012 1508 3069 dissimilem
1549 3012 1743 3079 faciat;
1796 3014 1891 3067 sed

308 3083 365 3139 in
394 3086 642 3141 omnibus
664 3089 733 3140 sit
758 3087 861 3141 vita
885 3101 1004 3141 mea
1034 3086 1279 3155 aequalis,
1314 3092 1369 3138 et
1391 3085 1570 3138 vultus
1594 3099 1699 3139 uno
1730 3086 1891 3139 modo

308 3169 580 3212 constans.

384 3229 473 3283 ut.
537 3229 591 3282 In
645 3230 818 3284 salute
866 3228 1188 3294 collaudem,
1237 3228 1290 3281 in
1339 3227 1652 3282 inﬁrmitate
1697 3228 1894 3295 gratias

306 3314 485 3370 agam,
518 3298 569 3352 in
602 3303 942 3369 correptione
986 3316 1092 3353 non
1142 3301 1419 3363 resultem,
1457 3299 1507 3351 in
1542 3298 1755 3370 ﬂagello
1786 3315 1891 3353 non

307 3366 636 3424 niurmnrem
665 3388 680 3436 ;
711 3366 779 3423 de
810 3371 949 3424 bono
979 3386 1141 3437 opere
1174 3384 1277 3422 non
1309 3370 1556 3431 extollar,
1602 3366 1733 3420 nihil
1768 3370 1893 3424 boni

307 3440 434 3495 {acti
470 3440 598 3493 mihi
633 3440 917 3505 ascriham,
947 3457 1040 3507 pro
1071 3441 1217 3493 nulla
1249 3453 1307 3492 re
1353 3440 1402 3492 in
1435 3454 1519 3493 me
1543 3437 1763 3507 glorier,
1797 3455 1890 3494 ne-

308 3526 415 3582 que
437 3512 734 3576 conﬁdam;
763 3512 856 3566 sed
880 3510 1071 3581 gloria,
1097 3524 1241 3578 spes,
1268 3511 1458 3575 virtus,
1491 3510 1603 3582 laus
1633 3517 1689 3562 et
1716 3511 1893 3582 omnis

308 3580 595 3638 delectatio
624 3584 816 3637 animm
846 3598 977 3637 niese
1006 3596 1058 3636 tu
1087 3583 1199 3650 ipse
1235 3583 1309 3635 sis
1334 3597 1348 3646 ;
1384 3592 1433 3635 te
1462 3580 1623 3634 corde
1648 3580 1888 3648 credam,

308 3663 361 3707 te
392 3653 633 3707 laudibus
677 3654 955 3716 conﬁtear,
988 3663 1037 3708 le
1092 3668 1190 3705 vox
1243 3666 1359 3706 mea
1408 3662 1583 3717 sonet,
1634 3660 1684 3703 te
1713 3650 1892 3719 lingua

314 3739 430 3779 mea
481 3725 677 3794 jngiter
740 3726 1032 3795 pradicet;
1093 3724 1214 3787 tibi,
1273 3738 1377 3795 non
1437 3722 1564 3774 mihi
1616 3725 1891 3795 p'aceam,

314 3806 563 3863 tuamque
620 3794 939 3849 tion'meam
988 3796 1171 3850 laciain
1226 3794 1574 3856 voluntatem,
1624 3799 1678 3845 et
1718 3794 1894 3847 omnis

310 3881 463 3920 mens
496 3882 609 3920 mea
643 3877 694 3922 te
746 3866 1054 3931 meditetur,
1103 3876 1153 3921 te
1182 3865 1501 3929 delectetur,
1540 3874 1594 3919 et
1640 3875 1895 3932 sequatur

305 3936 559 4003 intentio,
593 3946 651 3991 nt
700 3939 1075 4005 meiiietipsum
1124 3936 1394 4004 abiiegans
1445 3951 1638 4003 sequar
1672 3944 1721 3987 te
1768 3950 1890 3991 cum

306 4022 466 4063 cruce
497 4025 635 4075 mea,
670 4009 893 4079 perdere
916 4024 1015 4079 pro
1049 4020 1098 4064 te
1130 4015 1405 4076 promptus
1435 4006 1663 4060 animam
1693 4021 1889 4079 meam,

306 4088 365 4133 ut
392 4096 486 4148 per
517 4090 567 4135 te
604 4076 873 4136 inveniam
917 4076 1087 4145 illam,
1122 4089 1382 4148 quatenus
1429 4093 1623 4133 novum
1669 4076 1763 4131 tibi
1798 4079 1892 4131 ho-

306 4151 507 4205 minem
550 4168 613 4205 ex
647 4152 826 4205 inutili
868 4162 1152 4217 vetustate,
1185 4152 1388 4205 cunctis
1438 4149 1687 4203 vitiorum
1722 4150 1891 4217 vepri-

304 4219 403 4273 bus
450 4226 825 4288 concrematis,
877 4225 1208 4290 paenitentia:
1235 4223 1478 4275 caminus
1531 4225 1796 4286 restituat,
1840 4230 1894 4276 et

304 4307 515 4363 tuorum
547 4295 806 4360 pravitate
828 4294 1509 4361 comptissimnmemrenia
1541 4294 1661 4346 vita:
1684 4290 1890 4363 Morte,

303 4362 433 4432 vita]
466 4363 738 4425 ieformet,
775 4374 832 4416 ut
880 4366 931 4415 iit
964 4369 1087 4429 hac,
1128 4366 1390 4416 abdicatis
1420 4362 1715 4426 erroribus,
1760 4365 1891 4417 nihil

301 4433 355 4488 iti
389 4449 473 4489 uie
495 4448 711 4488 suorum
743 4434 995 4504 antiquus
1026 4437 1194 4487 hostis
1222 4434 1275 4487 in
1309 4434 1487 4486 futuro
1517 4444 1887 4504 recognoscat,

299 4507 385 4560 vel
420 4515 671 4572 reperiat.
699 4504 849 4565 Nunc
875 4503 1076 4573 itaque,
1122 4504 1348 4558 Domine
1377 4504 1516 4558 Deus
1563 4503 1735 4570 ti;ett~,
1764 4520 1883 4558 cuin

1991 521 2064 574 ris
2107 523 2200 598 toi,
2234 530 2285 598 et
2317 522 2715 590 reprehendens
2747 538 2832 598 me
2881 538 3171 598 conversus
3211 540 3350 585 sunt.
3388 537 3440 581 et
3485 528 3571 598 egi

1989 591 2381 667 pmiiitentianr
2408 608 2587 646 coram
2633 603 2700 658 te,
2756 596 2896 649 sicut
2928 600 3040 651 haec
3088 597 3200 649 dies
3231 599 3440 667 probat,
3492 591 3575 654 id-

1987 663 2131 737 circo
2169 665 2218 716 iii
2253 665 2473 737 laudem
2507 672 2647 737 tuam
2696 675 2745 720 et
2788 663 3414 723 consolationemineant
3449 687 3572 737 pro-

1989 734 2195 815 phetica
2228 735 2318 815 tibi
2369 736 2528 789 verba
2561 736 2839 815 decantem
2867 739 3113 815 :Castiga
3159 754 3293 815 me,_
3321 734 3571 815 Domine,

1987 806 2113 877 quia
2136 804 2376 860 eruditus
2404 820 2546 870 sum,
2573 808 2720 874 quasi
2747 804 3405 877 jovenculus'indomitus.

2058 876 2148 932 4'2.
2191 877 2475 945 Postquam
2510 878 2648 932 enim
2691 876 2999 953 coiivertisti
3033 897 3138 945 me,
3164 883 3244 949 egi
3304 886 3571 953 poeniten-

1990 947 2149 1013 tiam;
2182 959 2236 1001 et
2265 960 2543 1017 postquam
2592 951 2878 1004 ostendisti
2924 954 3075 1017 mihi,
3122 947 3359 1019 percussi
3401 957 3573 1011 femur

1988 1033 2187 1094 meum,
2228 1020 2490 1094 confusus
2535 1036 2671 1085 smn,
2703 1030 2756 1075 et
2801 1022 3013 1089 erubui,
3044 1026 3297 1094 quoniam
3343 1027 3575 1082 susﬁnui

1988 1090 2331 1154 Opprobriuin
2375 1093 2751 1146 τιάιιιιξερρηιίεθ
2792 1109 2947 1157 meae,
2999 1090 3413 1150 tit-recordatus
3456 1114 3575 1153 sunt

1992 1158 2101 1213 Deo
2132 1175 2271 1225 meo,
2300 1174 2352 1237 et
2404 1163 2512 1237 dixi
2540 1178 2554 1217 :
2584 1163 2875 1232 Con/itebor
2925 1165 3166 1229 Domino,
3215 1170 3455 1237 quoniam
3487 1171 3577 1223 bo-

1988 1246 2103 1293 nus,
2157 1234 2395 1306 quoniam
2441 1235 2493 1286 in
2536 1237 2780 1287 swculum
2839 1237 3185 1291 misericordia
3227 1234 3348 1306 ’ejus
3401 1238 3575 1305 (Psal.

1990 1315 2149 1368 cxvn,
2190 1305 2279 1370 t);
2334 1305 2385 1356 in
2418 1314 2505 1356 tua
2554 1306 2697 1359 enim
2745 1307 3110 1363 misericordia
3155 1305 3348 1363 revixit
3396 1312 3575 1367 anima

1992 1387 2132 1437 mea,
2163 1377 2487 1450 et_surr_exit
2528 1392 2557 1429 a
2592 1378 2838 1450 mortuis,
2876 1380 3123 1446 quoniam
3156 1382 3450 1450 segregasti
3486 1398 3573 1437 me

1990 1458 2017 1495 a
2050 1444 2279 1517 peccatis
2327 1445 2705 1501 adolescentia:
2756 1465 2839 1502 me
2862 1444 2909 1515 ις
2961 1460 3017 1504 et
3072 1466 3101 1504 a
3130 1444 3409 1517 juveiitute
3456 1469 3575 1508 mea

1994 1515 2300 1592 corripuisti
2351 1526 2556 1592 me,_et
2583 1520 2911 1592 convenisti
2947 1537 3053 1586 me,
3104 1515 3157 1577 et
3190 1526 3271 1592 egi
3307 1524 3578 1591 paeniten—

1994 1587 2118 1641 [iam
2148 1602 2338 1664 coram
2361 1595 2431 1664 te.
2470 1588 2591 1641 Ideo
2625 1593 2774 1642 home
2802 1590 2915 1664 Spei
2954 1592 3122 1647 factus
3154 1587 3270 1647 sum
3308 1587 3413 1659 vir,
3444 1598 3576 1664 quia

1991 1658 2218 1710 servasti
2253 1658 2379 1711 mihi
2413 1669 2622 1727 tempus
2654 1662 3039 1728 conversionis,
3075 1679 3180 1733 quo
3219 1658 3577 1721 considerans

1994 1739 2208 1795 peccata
2243 1744 2356 1803 mea
2407 1744 2759 1803 compunctus
2800 1747 2940 1803 sum,
2990 1742 3045 1788 et
3083 1734 3167 1803 egi
3209 1738 3577 1800 paenitentiam

1925 1820 1969 1878 Β
1996 1813 2175 1851 coram
2203 1810 2273 1853 te.
2308 1798 2481 1878 Latins
2509 1802 2617 1878 jam
2651 1801 2845 1856 deinde
2871 1798 3143 1878 tibinuné
3167 1798 3232 1878 et
3250 1821 3462 1874 semper
3499 1810 3562 1862 in-

1998 1874 2474 1947 nunierasgratias
2520 1876 2768 1947 relerain,
2803 1883 2852 1928 te
2890 1876 3014 1929 totis
3045 1877 3339 1932 visceribus
3386 1881 3577 1947 implo-

1995 1942 2267 2019 rans._tibi
2299 1957 2383 1996 me
2431 1953 2536 1996 tota
2552 1943 2851 2019 devotione
2896 1948 3299 2019 commendans,
3330 1942 3488 2019 quia,"
3521 1958 3578 2006 ut

1995 2011 2283 2090 invenirer,
2315 2025 2370 2066 tu
2399 2016 2634 2090 quaesisti
2677 2031 2796 2081 uie;
2828 2025 2886 2070 ut
2914 2018 3173 2090 redirem,
3228 2011 3293 2073 tu
3313 2011 3577 2090 compuli-

1995 2084 2062 2136 Sli
2096 2098 2217 2149 me;
2251 2093 2307 2137 ut
2334 2088 2669 2148 verberarer,
2724 2096 2777 2140 tu
2812 2088 3093 2156 respexisti
3121 2104 3136 2154 ;
3162 2084 3227 2143 rut
3264 2084 3572 2160 conﬁterer,

2000 2162 2051 2230 tu
2083 2168 2143 2230 es
2164 2165 2454 2230 operatus;
2497 2166 2553 2210 ut
2586 2172 2669 2230 me
2715 2172 3106 2227 recognoscens
3155 2162 3483 2230 plangereni,
3516 2175 3574 2219 tu

1996 2224 2187 2279 dedisti
2221 2225 2369 2280 tiiilii.
2403 2226 2571 2291 Pone,
2602 2224 3331 2299 Domine;Iacrymas'meas
3359 2236 3408 2287 in
3445 2224 3578 2289 conv

1995 2306 2182 2365 Specto
2211 2309 2321 2372 tuo,
2346 2307 2409 2372 et
2442 2301 2713 2365 perveniat
2752 2301 2818 2353 ad
2863 2311 2914 2372 te
2958 2304 3010 2354 in
3036 2302 3231 2356 caelum
3269 2303 3576 2372 deprecatio

1996 2382 2118 2421 mea
2150 2368 2414 2436 publicani
2444 2380 2499 2423 et
2526 2372 2839 2439 peccatoris.
2880 2371 3075 2425 Placita
3111 2375 3200 2426 tibi
3234 2368 3578 2431 ﬁat-confes-

1998 2439 2077 2492 sio
2126 2440 2237 2493 oris
2286 2440 2412 2506 mei,
2444 2454 2495 2495 et
2542 2456 2639 2516 pro
2689 2458 2970 2496 munerum
2999 2445 3157 2515 373
3186 2445 3571 2516 oblationibus,

1996 2523 2130 2578 quas
2163 2526 2321 2565 manu
2351 2528 2455 2565 non
2500 2515 2691 2579 olfero,
2726 2516 2866 2568 hunc
2896 2517 3109 2568 contriti
3132 2517 3308 2569 cordis
3349 2518 3453 2571 mei
3484 2515 3579 2573 lle-

1998 2590 2106 2655 tuin
2142 2581 2233 2635 tibi
2278 2582 2330 2636 in
2359 2584 2679 2638 sacriﬁcium
2712 2585 3012 2652 sobmitto;
3044 2596 3098 2641 et
3146 2588 3283 2641 hanc
3313 2591 3578 2655 pteniten-

1998 2651 2084 2705 tia:
2131 2655 2397 2708 actionem
2439 2671 2535 2724 pro
2580 2656 2911 2725 acceptione,
2970 2651 3014 2712 si
3062 2656 3195 2711 milii
3223 2651 3384 2712 fuerit
3412 2661 3579 2716 dene-

1995 2734 2139 2792 gata,
2164 2724 2446 2795 suscipito,
2480 2728 2599 2794 quia
2622 2739 2677 2783 et
2697 2724 2836 2782 actio
2858 2744 2887 2781 a
2917 2738 2967 2784 te
3000 2728 3313 2799 iniungitur,
3348 2747 3452 2785 non
3483 2747 3577 2786 ac-

1995 2804 2176 2862 cept.o
2205 2799 2582 2851 demandattir.

2066 2864 2155 2941 45.
2202 2868 2365 2931 Esto,
2402 2868 2623 2922 Domine
2644 2911 2661 2935 ,
2693 2869 2924 2940 adjutor,
2957 2881 3011 2925 et
3041 2879 3314 2941 protector
3342 2888 3490 2927 meus
3522 2874 3577 2930 in

1995 2936 2260 3012 salutem,
2292 2949 2347 2992 et
2376 2940 2741 2995 misericordia
2762 2936 2859 2995 ἰιιει
2901 2936 3257 3012 subsequatur
3288 2960 3372 2997 me
3402 2947 3577 2998 omni-

1996 3008 2094 3060 bus
2131 3009 2319 3063 diebus
2348 3012 2471 3064 vitae
2511 3026 2679 3076 mea);
2721 3021 2880 3081 atque
2918 3015 2971 3068 in
3017 3008 3218 3068 umbris
3258 3016 3578 3071 hetabilihus

1996 3081 2289 3156 collocatus
2321 3084 2507 3136 umbra
2538 3084 2743 3156 alarum
2778 3095 2987 3139 tuarum
3033 3102 3117 3139 me
3162 3096 3447 3156 protegens
3492 3103 3579 3143 re-

2000 3164 2154 3226 crea._
2188 3154 2317 3226 Dum
2360 3168 2486 3207 vero
2516 3155 2667 3226 diem
2718 3155 3014 3210 vocationis
3060 3154 3371 3221 induxeris,
3413 3174 3576 3226 ecce,

2004 3220 2235 3297 Doiiiine
2261 3223 2434 3289 tiens,
2475 3224 2623 3290 dico,
2666 3227 2897 3280 iotroibo
2937 3227 3119 3290 miser,
3157 3220 3575 3297 tremebundus,

2000 3301 2056 3368 et
2087 3295 2305 3359 paridiis
2333 3297 2471 3368 viam
2502 3298 2850 3351 amarissimzn
2880 3302 3068 3353 tnortis
3098 3295 3576 3368 obscurissimam,

2001 3363 2266 3442 ignotam,
2298 3366 2824 3442 ei_irremediabilem
2847 3409 2863 3436 ,
2895 3373 3154 3437 profunda
3180 3363 3580 3442 demergentem

1999 3438 2246 3504 caligine.
2291 3438 2522 3503 Adesto,
2556 3455 2768 3507 precor,
2808 3451 2862 3494 et
2891 3443 3145 3507 subveni,
3176 3454 3335 3511 atque
3370 3438 3426 3495 in
3463 3458 3578 3496 ma-

2000 3520 2100 3559 nus
2143 3516 2260 3562 tuas
2301 3516 2733 3564 commendatum
2772 3512 2862 3565 tibi
2896 3527 2939 3575 si
2962 3512 3141 3566 iritum
3171 3514 3412 3581 susi'ipe,
3446 3514 3581 3568 hbe-

1999 3590 2124 3649 r_;ins
2154 3581 2385 3631 animam
2419 3596 2591 3634 meam
2632 3583 2701 3635 de
2739 3597 2834 3635 ore
2870 3583 3119 3636 dracoois
3166 3584 3477 3649 saevissimi,
3522 3592 3580 3639 et

1998 3645 2259 3719 degmanu
2287 3652 2603 3704 atrocissiini
2633 3652 2825 3704 interni
2845 3696 2858 3719 ,
2889 3667 3009 3705 cum
3041 3654 3310 3719 acceperis
3340 3645 3492 3719 eam,
3524 3664 3580 3710 et

1997 3717 2205 3773 auferas
2237 3734 2323 3774 me
2352 3720 2421 3775 de
2462 3721 2637 3776 medio
2676 3717 2880 3776 umbra:
2921 3726 3147 3787 mortis;
3177 3717 3298 3777 limo
3340 3717 3574 3779 deducas

1997 3803 2159 3858 super
2186 3793 2428 3845 semitam
2462 3793 2596 3846 lucis
2626 3808 2991 3857 nemorosam,
3027 3804 3080 3848 et
3106 3796 3457 3849 clarissimam
3492 3809 3577 3849 re-

1997 3864 2209 3934 gionem
2240 3865 2554 3917 viventium.
2588 3863 2798 3917 Colloca
2844 3881 2963 3934 tne,
3012 3864 3267 3929 Domine,
3313 3867 3365 3918 in
3408 3866 3578 3922 caulis

1999 3932 2279 4005 tutissimis
2318 3949 2539 4005 gregum
2584 3947 2833 4001 tuorum,
2873 3932 3296 3990 et'associatum
3349 3950 3574 3991 numera

1995 4017 2116 4057 cum
2156 4004 2345 4059 ovibus
2389 4004 2492 4059 tuis
2535 4007 2588 4060 in
2616 4021 2969 4076 stipernarum
3000 4008 3334 4060 mansionum
3376 4008 3575 4076 guber-

1996 4076 2238 4141 naculis,
2277 4091 2382 4145 quo
2424 4078 2594 4131 sancti
2641 4078 2713 4130 tui
2754 4080 3056 4144 Abraham,
3107 4078 3254 4132 Isaac
3293 4089 3345 4134 et
3375 4076 3575 4145 Jacob,

1994 4149 2303 4203 auimnitate
2357 4148 2595 4203 fruentes
2654 4149 2787 4203 lucis
2833 4158 2890 4203 et
2946 4148 3244 4219 relrigerii,
3287 4166 3409 4203 cum
3455 4152 3577 4204 uni-

1995 4232 2148 4272 versa
2201 4221 2534 4273 multitudine
2588 4230 2896 4274 sanctorum
2958 4229 3167 4275 tuorum
3226 4222 3565 4288 inhabitant,

1994 4292 2119 4357 quia
2150 4297 2207 4344 tu
2237 4304 2297 4343 es
2327 4301 2510 4360 pastor
2539 4291 2740 4358 bonus,
2782 4294 2868 4360 qui
2910 4291 3059 4345 ducis
3097 4300 3150 4346 et
3192 4293 3404 4347 reducis
3444 4308 3574 4363 per-

1994 4364 2142 4425 dita,
2186 4364 2350 4414 tueris
2391 4368 2447 4415 et
2483 4367 2659 4416 salvas
2699 4363 2944 4429 inventa,
2987 4363 3136 4418 foves
3171 4374 3226 4418 et
3264 4379 3423 4417 sanas
3460 4370 3581 4418 lan-

1993 4430 2239 4501 guentia,
2272 4443 2326 4486 et
2358 4441 2500 4505 tues
2520 4434 2834 4505 misericors
2865 4435 3148 4502 Dominus,
3179 4435 3268 4505 qui
3298 4445 3578 4505 sperantes

1996 4506 2048 4555 in
2082 4514 2133 4557 te
2162 4519 2265 4556 non
2298 4501 2612 4569 confundis,
2647 4507 2981 4575 requirentes
3011 4516 3062 4560 te
3091 4501 3575 4573 nun'di-relinquis,

300 4562 493 4645 magna
525 4562 879 4630 eXstiltatioiie
906 4562 1147 4643 gloritico
1189 4592 1382 4647 nomen
1419 4585 1565 4629 tuum
1610 4562 1880 4641 sanctum,
1912 4562 1967 4623 D
1996 4584 2328 4629 revertentes
2356 4576 2424 4629 ad
2469 4587 2519 4630 te
2563 4562 2669 4630 non
2710 4562 2979 4647 deSpicis,
3021 4580 3114 4632 sed
3158 4562 3476 4631 exsultando
3522 4562 3577 4647 et

296 4649 389 4729 qui
414 4647 702 4729 persistens
741 4647 963 4729 ertidistt
996 4645 1352 4729 ἱιιεψίθῃιίειω
1393 4663 1599 4729 ineant,
1633 4650 1883 4729 eteiuol-

300 4716 428 4772 liiin
454 4718 703 4772 duritiam
733 4735 825 4784 per
856 4719 1169 4785 ﬂagratores
1197 4726 1337 4783 tuos,
1374 4720 1543 4772 donec
1574 4721 1652 4773 vel
1683 4716 1882 4773 invitus

296 4794 539 4844 audirem
576 4805 736 4844 voces
759 4799 896 4855 tuas,
929 4805 1015 4844 me
1041 4790 1242 4843 diutius
1270 4788 1630 4853 clamitantes,
1675 4801 1729 4844 et
1756 4806 1885 4844 con-

300 4872 485 4932 versus
514 4877 769 4930 sequerer
798 4870 1190 4932 praeconauteiu
1235 4862 1363 4914 mihi
1389 4860 1542 4932 juxta
1584 4861 1881 4932 capitulum

297 4931 490 5001 pSaIini
545 4934 805 4986 dicentis:
835 4931 899 4985 In
947 4932 1094 5001 freno
1138 4943 1184 4986 et
1240 4930 1403 4986 canto
1434 4930 1671 4986 maxillas
1706 4948 1882 4986 eorum

295 5005 590 5073 constringe
617 5020 707 5072 qut
735 5020 835 5057 non
860 5008 1220 5073 uppraximunt
1252 5007 1318 5056 ad
1349 5013 1395 5057 te
1426 5004 1594 5058 ll’sal.
1627 5020 1773 5071 χχιι,
1803 5006 1883 5075 9).

1993 4647 2256 4719 laudando
2284 4647 2542 4715 suscipis,
2588 4645 2821 4717 amplius
2859 4651 3096 4719 gaudens
3136 4662 3316 4701 coram
3364 4645 3569 4716 angelis

1990 4717 2095 4788 tuis
2136 4732 2296 4785 super
2339 4734 2499 4772 unum
2549 4717 2936 4788 pertinentem,
2979 4729 3033 4773 et
3078 4732 3398 4773 conversum
3423 4732 3577 4771 crru-

1989 4787 2096 4842 lum
2119 4828 2134 4851 ,
2165 4802 2323 4858 quam
2355 4804 2515 4859 super
2547 4787 2737 4845 novem
2767 4806 2821 4846 et
2851 4791 3137 4857 nonaginta
3169 4804 3423 4843 numeros
3451 4788 3590 4841 bene

1990 4868 2206 4925 torum;
2254 4863 2341 4915 cui
2383 4874 2466 4917 est
2500 4876 2623 4915 cum
2661 4864 2819 4916 Patre
2863 4872 2917 4913 et
2962 4863 3164 4929 Spiritu
3222 4871 3413 4914 Sancto
3469 4874 3573 4913 una

1989 4931 2198 4999 deitas,
2248 4933 2452 5001 gloria,
2504 4934 2703 4996 virtus,
2758 4933 3077 5001 imperium,
3129 4942 3182 4987 et
3234 4942 3471 5001 potestas
3522 4932 3574 4985 in

1989 5006 2184 5058 saecula
2214 5007 2557 5059 saeculorum.
2591 5006 2782 5058 Amen.

303 5146 2188 5170 h———-————————-————————.——-————_

1434 5256 2048 5345 APPENDIX
2127 5263 2386 5347 XIX.

1286 5412 1542 5471 ORATIO
1578 5416 1852 5474 CONTRA
1891 5418 2183 5478 lNSlDlAS
2222 5419 2495 5478 DIABOLI
2536 5429 2585 5476 ⁸.

368 5560 419 5615 1.
460 5559 571 5621 Tu,
623 5557 877 5623 Domine,
930 5574 1086 5615 verus
1126 5558 1313 5612 doctor
1351 5566 1406 5612 et
1449 5558 1737 5628 prmstitor,
1778 5560 1871 5629 qui

228 5640 237 5643 ‘
295 5642 501 5689 creator
531 5646 589 5685 es
615 5642 669 5701 et
700 5633 1023 5698 redemptor,
1061 5630 1279 5701 largitor
1320 5639 1376 5684 et
1419 5639 1674 5696 munitur,
1707 5630 1867 5685 advo-

296 5712 446 5759 catus
475 5716 538 5757 ac
561 5700 724 5772 judcx
757 5702 1008 5757 terribilis
1039 5713 1090 5757 et
1120 5707 1379 5769 clemens,
1412 5703 1503 5772 qui
1534 5705 1689 5759 caecis
1720 5718 1870 5761 men-

360 5848 396 5885 ι
422 5838 558 5899 Vide
582 5839 895 5915 lsidoriana,
926 5854 975 5896 c.
1007 5839 1101 5909 8|,
1127 5854 1186 5896 n.
1217 5835 1305 5894 55.

1984 5562 2123 5616 tibus
2173 5563 2344 5620 donas
2384 5572 2696 5633 aspectum,
2749 5562 2839 5632 qui
2889 5558 3116 5615 inﬁrmis
3160 5558 3412 5633 possibile
3454 5572 3578 5615 esse

1983 5635 2112 5707 lacis
2144 5637 2289 5705 quod
2324 5630 2610 5707 praecipis;
2641 5634 2729 5704 qui
2763 5630 2840 5688 Sic
2872 5634 2988 5702 pius
3018 5646 3110 5707 es,
3146 5641 3201 5685 nt
3229 5630 3445 5707 assidue
3478 5644 3591 5684 ro-.

1978 5706 2094 5780 gari
2143 5702 2439 5777 velis;'sic
2488 5702 2811 5771 muniﬁcus,
2862 5715 2925 5761 ut
2971 5704 3241 5760 nemiuem
3289 5702 3578 5772 desperare
