4100 6344
322 257 455 320 IQSI

1032 256 1326 315 APPEND.
1372 252 1495 315 XX.
1538 287 1610 302 —
1646 254 1849 315 LIBER
1888 256 1981 314 DE
2020 254 2209 316 ORTU
2249 255 2339 314 ΕΤ
2376 256 2582 317 OBl'l'U
2621 256 2927 321 PATRUM.

3457 261 3600 323 1282

383 383 476 438 2'5.
531 381 789 437 ΜΙΟΠΕΛΒ
829 379 1082 449 preplieta
1108 421 1122 444 ,
1169 380 1300 446 Quis
1346 380 1475 435 iste?
1520 380 1602 435 vel
1650 378 1919 433 humilitas
1948 382 1997 442 Α
2024 376 2149 449 dicit
2208 376 2479 432 Dominus.
2531 377 2650 446 Ipse
2677 377 3035 449 prophetavit,
3065 378 3185 433 coeli
3214 386 3267 434 et
3297 386 3454 436 terra:
3483 392 3594 438 ste-

318 464 714 522 .iiterpretatur,
743 469 773 507 e
832 452 971 507 tribu
1005 453 1239 520 Ephrain
1286 462 1457 518 ortus,
1502 452 1555 506 in
1613 452 1905 507 Moras‘thiri

321 538 498 588 iratus,
532 525 799 579 lizeredem
829 536 1007 587 sonat,
1040 526 1104 576 ad
1133 538 1292 592 quem
1324 525 1521 577 factum
1555 534 1636 577 est
1687 524 1907 577 verbum

320 596 530 653 Domini
563 596 614 649 iii
662 595 852 649 diebus
897 596 1151 660 .Ioathan,
1202 594 1400 653 Achaz.
1438 594 1678 647 Ezecbire
1727 610 1909 664 regum

319 669 475 731 Iuda,
500 682 659 730 super
688 666 1009 730 Samariam,
1028 682 1079 721 et
1106 666 1426 720 Jerusalem.
1454 669 1654 719 Unities
1689 666 1912 733 populos

317 739 386 811 ad
419 739 744 792 audiendum
771 740 1052 793 Dominum
1100 746 1376 811 provocat,
1410 739 1615 792 ruinam
1664 737 1823 811 Iuda;
1858 749 1913 789 et

320 809 619 867 Jerusalem
644 811 862 877 plangit,
896 811 1102 877 jtrdiees
1135 808 1359 879 injustos
1410 820 1463 862 et
1511 818 1756 875 potentes
1813 808 1910 860 im-

319 883 461 952 pios,
509 890 563 934 et
622 883 1115 952 pseudoproplretas
1179 884 1439 947 increpat,
1488 882 1621 935 duos
1680 881 1914 952 latrones

319 939 531 1020 iempli,
580 939 635 1006 ei
673 939 973 1006 :leriis'aler'n
1023 939 1594 1013 annuntiatfnrontem
1640 950 1911 1005 excelsum

323 1039 488 1091 super
516 1038 705 1078 omnes
736 1032 946 1079 montes
967 1034 1021 1078 et
1048 1023 1211 1077 colles
1229 1033 1584 1091 praiparatum
1610 1024 1910 1075 annuntiat.

321 1095 518 1150 Omnes
559 1094 779 1163 populos
805 1109 857 1149 et
887 1104 1074 1165 gentes
1097 1096 1289 1148 multas
1317 1094 1380 1148 ad
1404 1095 1653 1148 eumdem
1678 1104 1913 1165 montem

323 1166 616 1221 ascendere
642 1164 905 1231 designat,
944 1168 1112 1235 legem
1159 1166 1252 1220 Dei
1283 1176 1337 1219 et
1387 1167 1537 1231 Sion,
1576 1173 1632 1218 et
1681 1164 1913 1218 Verbum

327 1237 565 1301 Domini,
596 1248 649 1292 et
698 1238 990 1292 Jerusalem
1039 1239 1191 1292 exire
1240 1236 1503 1307 designat,
1529 1236 1783 1306 judicium
1818 1251 1917 1291 re-

327 1320 473 1363 ctum
518 1309 658 1362 inter
686 1310 907 1379 populos
944 1319 997 1364 et
1044 1309 1269 1378 populos
1310 1307 1580 1375 designat,
1608 1308 1812 1373 gladios
1864 1308 1914 1379 in

323 1395 597 1443 vomeres,
633 1390 687 1434 et
712 1384 891 1435 basras
921 1380 971 1434 in
1007 1380 1209 1449 ligones
1235 1394 1344 1447 prae
1375 1379 1739 1448 magnitudine
1769 1378 1917 1449 pacis

329 1450 618 1506 fabricatos
639 1450 941 1506 conlirrnat.
981 1451 1179 1505 Ducem
1210 1466 1391 1505 narunt
1421 1466 1487 1504 ex
1515 1450 1727 1505 civitate
1752 1448 1916 1501 David

328 1526 618 1589 exiturum,
650 1533 704 1576 et
745 1523 797 1575 in
840 1522 1004 1587 brael
1054 1533 1397 1592 regnaturum
1458 1522 1918 1592 prophetat,ma-

325 1594 506 1648 xil'am
539 1593 731 1662 judieis
762 1593 922 1649 Israel
953 1590 1260 1661 percussam
1296 1592 1598 1661 p.:csigiiai.
1657 1590 1794 1657 Quid
1848 1591 1918 1662 sit

328 1661 762 1719 bonumlrourini
787 1665 1005 1729 indicat,
1032 1675 1086 1719 et
1124 1664 1247 1734 quid
1300 1665 1445 1718 Deus
1489 1666 1555 1716 ab
1608 1676 1674 1715 eo
1729 1661 1920 1734 qurcrit

327 1738 629 1789 annuntiat.
651 1735 842 1805 Utique
860 1735 1120 1803 judicium
1142 1732 1347 1789 rectum
1366 1734 1564 1797 lacere,
1582 1745 1781 1805 etcum
1808 1732 1917 1787 Deo

326 1820 424 1860 siro
481 1807 707 1861 sollicite
755 1804 1144 1876 ainbulare,ct
1202 1807 1621 1861 misericordiam
1676 1804 1917 1871 diligere,

329 1879 755 1946 persecutionem
789 1876 1022 1931 futuram
1055 1894 1159 1932 non
1186 1879 1413 1948 prgravit
1444 1879 1758 1945 przedicere,
1792 1890 1916 1942 pro-

329 1951 456 2018 pria:
483 1951 632 2003 uxtrri
664 1950 933 2004 neminem
984 1950 1229 2012 credere,
1260 1951 1401 2002 l'ilios
1458 1957 1656 2016 patres,
1683 1956 1737 1999 et
1794 1947 1925 2018 lilias

326 2017 530 2074 matres
554 2022 817 2088 persequi,
837 2037 1025 2073 nurum
1051 2021 1310 2074 adversus
1333 2033 1545 2072 socrum
1569 2017 1919 2083 contendere,

328 2100 385 2146 et
417 2091 660 2145 inimicos
716 2091 915 2144 homini
961 2094 1284 2145 domesticos
1335 2090 1471 2155 licri,
1508 2088 1923 2154 tiragniludrticnt

330 2172 389 2215 et
437 2164 925 2231 longanimitatenr,
955 2160 1376 2216 misericordiam
1423 2170 1476 2214 et
1525 2161 1772 2231 pietatem
1824 2159 1926 2211 Do-

330 2233 485 2303 riiini,
547 2242 604 2286 ut
657 2234 852 2301 potuit,
888 2236 1247 2303 prophetavit.
1282 2242 1493 2300 peccata
1547 2234 1922 2303 paetiirentiurn

333 2302 389 2358 in
418 2300 739 2372 profundunt
764 2300 1048 2360 oblivionis
1085 2306 1368 2357 Domitium
1398 2303 1666 2371 projicere
1689 2300 1925 2355 allirtiia-

333 2374 431 2431 vit.
469 2374 563 2430 llic
588 2374 765 2443 itaque
798 2376 1080 2444 prepheta,
1112 2378 1365 2445 quoniam
1399 2382 1708 2443 peccantem
1743 2374 1921 2445 Acha:

330 2448 527 2511 saepius
550 2448 826 2516 arguebat,
860 2448 961 2500 sub
985 2444 1164 2501 Joram
1200 2446 1307 2499 lilio
1335 2445 1454 2515 ejus
1504 2460 1570 2498 ex
1622 2444 1919 2512 praecipitio

338 2518 495 2571 valde
552 2530 797 2585 pur-recto
846 2518 1021 2586 jactus
1075 2518 1341 2572 occubuit.
1391 2517 1641 2586 Sepultus
1692 2523 1773 2568 est
1825 2530 1924 2567 ati-

338 2600 449 2714 ἓὲηι
482 2590 534 2643 in
566 2598 706 2643 terra
738 2604 833 2644 sua
856 2593 1003 2657 justa
1054 2590 1475 2658 l’olyandreurn,
1504 2588 1595 2655 qui
1634 2595 1717 2640 est
1758 2600 1923 2655 prope

387 2676 513 2714 arm.

387 2676 513 2714 arm.

412 2732 501 2785 2i.
539 2732 787 2787 llasacuc
814 2731 1072 2799 propheta
1103 2731 1405 2801 amplexans
1433 2730 1841 2801 interpretatur,
1857 2727 1925 2784 de

340 2804 478 2857 tribu
504 2803 718 2858 Sime0n
750 2815 920 2869 ortus,
946 2807 996 2857 in
1038 2799 1540 2873 agro'Betlrsaeliar
1589 2812 1765 2853 iratus.
1822 2799 1927 2873 Do-

340 2875 543 2943 tnintiru
568 2890 597 2927 a
624 2875 777 2943 longe
803 2871 1163 2928 ventrirurn‘et
1201 2882 1529 2928 naserttirum
1564 2871 1922 2943 prophetavit.

339 2942 673 3000 lncrednlurn
698 2942 997 3014 castigavit,
1023 2946 1226 3013 justum
1256 2945 1308 2999 in
1353 2945 1454 2997 lide
1500 2959 1593 2995 sna
1642 2942 1927 3014 \ivereafo

340 3015 604 3077 ﬁrmavit.
641 3013 888 3083 cupidos,
916 3031 1140 3082 avaros,
1175 3016 1487 3076 horrricrdas,
1513 3014 1776 3074 ebriosos,
1813 3013 1927 3067 ido-

341 3086 512 3142 lorum
535 3091 765 3143 cultores
802 3088 1111 3143 terribiliter
1138 3089 1397 3152 increpat.
1433 3088 1572 3141 ldern
1606 3090 1719 3153 ipse
1747 3085 1921 3138 llaba-

340 3173 442 3215 cue
474 3168 699 3214 luctator
729 3158 882 3213 fortis
911 3169 966 3213 et
991 3160 1191 3227 rigidus
1216 3168 1321 3214 stat
1350 3173 1507 3225 super
1536 3156 1917 3223 munitietiem,

342 3238 401 3284 ut
423 3230 694 3283 Christum
726 3234 775 3281 in
807 3246 966 3284 cruce
993 3246 1022 3282 a
1046 3234 1201 3299 longe
1224 3227 1629 3297 contempletur,
1656 3236 1710 3280 et
1734 3228 1878 3281 ditat
1905 3245 1919 3282 :

343 3300 755 3369 Operuitcmlos
783 3301 951 3368 gloria
992 3300 1130 3368 ejus,
1162 3311 1216 3354 et
1264 3302 1421 3353 laude
1470 3300 1587 3366 ejus
1635 3300 1791 3367 plena
1844 3310 1921 3354 est

346 3381 512 3427 terra.
546 3369 809 3439 Splendor
837 3369 954 3439 ejus
978 3384 1032 3423 ut
1062 3374 1152 3425 lux
1183 3371 1304 3435 erit,
1330 3384 1528 3424 cornua
1576 3369 1630 3421 in
1678 3371 1924 3423 manibus

342 3444 482 3512 ejus,
518 3442 591 3495 ibi
633 3442 946 3496 abscondita
975 3449 1059 3495 est
1113 3442 1367 3495 fortitudo
1412 3442 1547 3507 ejus.
1600 3440 1719 3512 Ilie_
1749 3452 1924 3494 autem

344 3510 609 3583 propheta
628 3522 752 3567 ante
780 3514 1053 3581 biennium
1082 3512 1407 3567 reversionis
1430 3513 1663 3564 lilrorum
1706 3510 1867 3565 Israel
1894 3526 1925 3565 a

346 3588 655 3654 captiriiate
686 3589 734 3637 in
767 3599 897 3654 agro
925 3585 1171 3654 Sabarith
1205 3594 1312 3636 vita
1337 3586 1602 3637 discessit.

418 3650 508 3710 ‘25.
553 3650 850 3712 Soeaonuis
901 3653 1289 3723 prOpheta,qui
1314 3658 1440 3707 inter
1460 3661 1697 3722 pretatur
1716 3650 1925 3707 abscon-

346 3729 468 3782 dens
498 3744 628 3789 eam,
665 3728 803 3780 Iilius
848 3727 1035 3793 Clrusi,
1078 3727 1172 3780 lilii
1222 3725 1494 3789 Godolite,
1529 3723 1620 3777 lilii
1670 3726 1925 3791 Atiiat'ite,

351 3802 440 3854 Iilll
476 3801 741 3863 Ezechiae,
770 3800 839 3852 de
882 3800 1022 3852 tribu
1066 3798 1307 3860 Sirneon,
1354 3800 1441 3866 qui
1490 3796 1833 3865 prephetavit
1874 3797 1927 3849 iii

348 3872 535 3925 diebus
555 3870 739 3933 Josite,
772 3869 867 3924 lilii
891 3872 1061 3924 Amori
1085 3870 1225 3940 regis
1247 3868 1403 3940 Juda.
1432 3868 1549 3940 Ipse
1577 3878 1657 3919 est
1686 3868 1928 3934 Specula-

351 3950 436 3996 tor
464 3953 518 3996 et
545 3941 787 4010 cognitor
815 3944 1129 3995 arcanorum
1154 3938 1428 4001 'Dornini.
1472 3938 1762 4010 Ipseauurt
1812 3940 1926 3991 cla-

349 4028 552 4068 inorem
598 4029 625 4065 a
658 4022 807 4081 porta
856 4012 1107 4082 piscium,
1140 4021 1195 4066 et
1227 4010 1482 4065 ululatum
1515 4025 1543 4062 a
1576 4009 1844 4082 Sr-cunda,
1874 4018 1930 4063 et

348 4080 725 4140 contritionem
750 4100 780 4137 a
802 4080 1046 4138 collibus.
1070 4080 1763 4152 lndimtquoqueurulatuiti
1789 4082 1929 4135 habi-

349 4158 759 4219 tatoribusSilre,
776 4161 896 4224 quia
929 4154 1184 4209 conticuit
1205 4155 1377 4207 omnis
1404 4153 1630 4222 populus
1652 4154 1925 4224 Lliariaan,

348 4227 707 4294 disperierunt
733 4221 966 4280 universi
1004 4242 1091 4295 qm
1118 4228 1343 4279 involuti
1371 4234 1521 4278 erant
1542 4235 1782 4292 argento.
1810 4221 1929 4289 Ipse

348 4298 529 4365 estqui
552 4298 689 4349 diem
713 4298 921 4349 [loriiitii
937 4296 1633 4350 mirabiltteretterribiliter
1650 4306 1924 4347 vetiturriui

351 4369 703 4440 pn-pbetavit,
730 4367 911 4440 diceii~
936 4366 1123 4419 :Juztu
1146 4369 1350 4440 est_dies
1378 4366 1584 4440 Domini
1621 4366 1778 4436 382
1821 4382 1928 4419 ma-

350 4436 499 4510 gnus,
522 4440 697 4507 juxta,
728 4449 774 4490 et
806 4439 949 4491 velox
992 4440 1162 4491 nimis.
1222 4438 1334 4491 ι’οω
1363 4440 1463 4492 ttiei
1496 4436 1701 4510 Domini
1727 4454 1921 4510 nmora,

350 4496 778 4564 't'ri'bulabitur'ibi
801 4512 966 4577 fortis,
1001 4510 1108 4561 dies
1136 4512 1246 4572 iraa,
1272 4510 1379 4562 dies
1406 4510 1531 4573 illa,
1566 4509 1673 4560 dies
1712 4496 1927 4560 tribula;
1963 4496 2008 4555 Ι)
2035 4496 2397 4575 pro-argento,
2434 4510 2619 4562 dicens
2660 4510 2726 4562 de
2756 4496 2999 4577 "persona
3030 4527 3125 4566 sua

350 4584 503 4635 tionis
551 4591 599 4635 et
648 4582 918 4644 an,us.iw,
962 4588 1067 4633 die;
1118 4582 1424 4635 calamitatis
1466 4592 1510 4633 et
1553 4580 1787 4642 Ilttserlw,
1822 4581 1929 4631 dies

351 4653 670 4707 tenebrarum
699 4662 743 4705 et
774 4653 1030 4722 caliginis,
1065 4654 1170 4706 dies
1201 4654 1419 4715 nebulis,
1452 4661 1497 4705 et
1547 4649 1779 4713 turbinis,
1820 4651 1930 4703 dies

353 4727 505 4787 tubw,
562 4736 607 4777 et
653 4722 908 4795 clangoris
954 4740 1107 4787 super
1153 4726 1372 4777 civitates
1418 4726 1736 4795 munitas,et
1776 4737 1931 4790 super

352 4797 565 4864 angulos
592 4794 826 4862 excusas,
854 4805 900 4848 et
923 4794 1171 4849 tribulabo
1215 4795 1466 4860 homines,
1490 4804 1533 4847 et
1578 4794 1928 4857 ambulabunt,

355 4878 410 4919 ut
441 4870 587 4929 caci,
617 4872 737 4938 quia
769 4865 989 4919 Domino
1012 4876 1361 4937 peccaverunt.
1394 4869 1537 4921 ldetii
1566 4881 1691 4919 vero
1719 4870 1930 4932 Sepho-

356 4953 472 4992 nias
502 4954 553 4990 in
584 4941 758 5007 agello
785 4940 985 4993 Sabare
1012 4940 1145 5006 (AL,
1174 4940 1461 5007 Sarabath)
1508 4938 1658 5002 obiit,
1690 4945 1744 4989 et
1775 4946 1931 4990 terra!

356 5010 604 5079 humatus
627 5011 789 5079 jacet.

426 5078 515 5134 ‘2'0'.
561 5076 782 5137 Acestis
806 5078 1184 5148 preplieta,qui
1209 5081 1585 5145 interpretatur
1604 5076 1929 5142 solemnitas;

363 5154 703 5220 pr0phetavit
731 5160 908 5204 autem
934 5167 985 5203 rti
1015 5166 1155 5203 anno
1182 5151 1416 5205 secundo
1447 5149 1591 5202 Darii
1624 5154 1764 5215 regis
1794 5150 1933 5202 redi-

361 5230 471 5275 tum
506 5224 687 5292 populi
717 5238 780 5277 ex
810 5223 1115 5286 captivitate
1140 5222 1457 5292 Babylonis,
1490 5230 1546 5273 et
1591 5229 1932 5273 reStauratro-

362 5308 482 5347 nem
518 5296 698 5362 templi
725 5294 825 5347 sub
847 5292 1140 5346 Zorohabel
1170 5297 1448 5347 sacerdote
1480 5306 1693 5359 magno.
1727 5292 1932 5344 Promi-

359 5364 426 5418 sit
457 5365 633 5434 itaque
672 5367 724 5419 iii
754 5364 916 5417 verbo
962 5364 1054 5417 Dei
1109 5370 1284 5417 omnia
1335 5368 1469 5416 bona
1514 5363 1676 5414 Deum
1731 5362 1933 5416 donare

360 5438 555 5505 pOpulo
584 5452 701 5491 suo.
730 5434 1066 5490 Coniurtavit
1107 5436 1705 5505 priircipern,populurii
1746 5444 1799 5486 et
1846 5448 1933 5487 sa-

361 5504 630 5564 cerdotem
660 5523 907 5578 magnum
930 5511 979 5559 iit
1011 5521 1203 5576 magno
1235 5508 1325 5560 Dei
1354 5504 1619 5572 anjutoriu
1646 5513 1927 5578 restanta.

360 5594 440 5647 re,
469 5592 522 5635 et
574 5574 839 5634 aediﬁcare
884 5574 1138 5647 templum
1194 5580 1307 5639 Dei,
1339 5578 1521 5629 dicens
1572 5593 1583 5626 :
1632 5574 1761 5627 "(BC
1808 5578 1931 5629 dicit

358 5646 612 5705 Dominus
636 5651 945 5704 exercituum
977 5646 1005 5701 ;⁷
1027 5648 1208 5702 Ponite
1239 5650 1394 5700 corda
1433 5657 1597 5699 vestra
1637 5662 1789 5714 super
1829 5662 1931 5701 vias

357 5734 564 5787 vestras,
593 5723 851 5776 ascendite
878 5722 931 5773 in
957 5733 1175 5773 montem
1203 5730 1407 5790 portare
1434 5721 1648 5786 lignum,
1690 5730 1744 5790 et,
1765 5719 1933 5786 redi/i-

355 5803 465 5847 cate
495 5795 723 5859 domum,
746 5803 794 5850 et
824 5791 1149 5861 acceptabilis
1175 5788 1300 5845 milii
1324 5790 1441 5859 erit,
1472 5801 1521 5843 et
1572 5788 1926 5860 gloriﬁcabor,

1949 3124 1996 3190 C

2023 448 2293 513 rilitatem,
2323 462 2373 505 et
2407 454 2656 503 arbor-tim
2710 456 2819 505 lieri
2867 467 2961 519 pro
3010 452 3240 520 peccatis
3293 454 3595 515 hominum.

2014 520 2135 585 Ipse
2183 522 2517 593 proplietavit
2567 524 2944 577 abundantiam
2999 526 3268 585 lrtinteriti,
3300 533 3354 578 et
3385 527 3513 593 vitii,
3546 536 3606 584 et

2015 593 2140 655 olei,
2172 603 2225 646 et
2272 592 2648 647 abundantiam
2708 596 2876 662 pacis,
2908 604 2960 648 et
3006 596 3248 649 sanitatis
3299 599 3600 664 populo,“

2017 664 2188 737 servis
2234 664 2346 725 Dei,
2385 674 2437 717 et
2479 666 2833 719 servientibus
2887 666 3007 719 sibi.
3065 668 3182 734 Ipse
3237 670 3597 737 praphetavit,

2020 736 2182 788 Deum
2239 746 2442 802 patrem
2494 746 2546 788 et
2597 738 2852 803 Spiritum
2901 738 3027 809 ejus
3048 750 3286 791 sanctum
3306 742 3371 809 Ain
3408 743 3604 809 populo

2016 821 2115 860 suo
2137 822 2513 879 semperesse.
2553 810 2618 861 lit
2645 824 2712 862 ne
2745 811 2927 865 timeat
2977 807 3162 863 dicens
3216 826 3230 862 :
3282 807 3603 879 Conforiare,

2016 878 2177 930 omnis
2206 878 2423 946 populus
2472 888 2638 942 terrm,
2688 881 2810 932 dicit
2865 880 3112 934 Dominus
3160 883 3501 948 exercituum,
3558 878 3605 939 et

2018 952 2189 1023 facile,
2226 951 2477 1023 quoniam
2516 968 2608 1021 ego
2661 954 2912 1005 vobiscum
2957 969 3095 1016 sum,
3152 954 3275 1005 dicit
3327 953 3598 1023 Dominus,

2016 1030 2063 1071 et
2094 1020 2318 1088 Spiritus
2356 1038 2496 1073 metu
2550 1024 2643 1074 erit
2687 1024 2737 1075 in
2781 1024 2946 1076 medio
2995 1028 3167 1089 vestri,
3200 1025 3357 1077 nolite
3411 1020 3602 1081 timere.

2017 1089 2133 1159 Ipse
2168 1094 2501 1159 prolilieravit
2534 1093 2698 1147 Dentri
2745 1096 3089 1163 semetipsum
3115 1112 3331 1157 movere
3376 1098 3599 1163 caelum,

2018 1172 2072 1216 et
2104 1174 2322 1223 terr-ani,
2351 1173 2404 1215 et
2454 1179 2621 1227 mare,
2650 1176 2701 1219 et
2753 1167 2981 1231 aridam,
3033 1176 3085 1219 et
3126 1178 3335 1233 gentes,
3369 1179 3423 1221 et
3469 1172 3602 1223 sidut

2021 1248 2333 1301 regnorum,
2361 1244 2415 1286 et
2452 1235 2793 1301 Unigenitrrrir
2848 1242 3013 1304 patris
3048 1248 3327 1291 venturum
3374 1242 3599 1293 dicens:

2018 1306 2203 1357 Adliuc
2232 1320 2390 1356 unum
2420 1307 2672 1360 modicum
2701 1318 2793 1373 est,
2824 1321 2871 1361 et
2901 1325 2992 1378 ego
3033 1310 3351 1364 commovebo
3399 1312 3604 1375 etelnm,

2020 1386 2301 1452 et.terram,
2335 1389 2379 1427 et
2410 1393 2570 1442 mare,
2592 1389 2636 1432 it
2656 1380 2879 1452 aridum,
2909 1392 2953 1431 et
2976 1383 3187 1452 movebo
3216 1397 3388 1434 omnes
3409 1397 3601 1452 gentes,

2020 1457 2065 1521 et
2089 1448 2217 1521 solia
2239 1463 2531 1515 regnorum,
2555 1460 2601 1501 et
2633 1452 2789 1503 veniet
2839 1450 3155 1505 desideratus
3198 1448 3605 1521 cunctisvgenti;

2023 1518 2135 1593 bus.
2167 1519 2263 1593 llic
2290 1533 2414 1593 vero
2444 1521 2685 1593 Agamus
2709 1538 2773 1574 ex
2818 1522 3084 1593 llahyluue
3132 1525 3417 1577 admodum
3440 1518 3605 1592 juve-

2021 1590 2107 1642 tiis
2156 1588 2449 1664 Jei'usalerri
2498 1588 2735 1664 advenit.
2796 1588 2974 1661 Ihiqrie
3029 1594 3320 1659 exhalavit,
3350 1605 3405 1648 et
3444 1588 3599 1664 juxta

2022 1660 2359 1734 sacerdotum
2382 1662 2622 1729 sepulcra
2649 1663 2810 1716 hrrmo
2841 1667 3087 1718 conditus
3111 1665 3275 1734 jacet.

2098 1728 2186 1784 27.
2220 1728 2522 1785 ΖΑοιιΑιηΑε
2552 1739 2805 1800 propheta
2829 1777 2841 1798 ,
2875 1736 2962 1803 qui
3006 1728 3389 1804 interpretatur
3415 1753 3607 1791 memor

2024 1799 2251 1876 Domini,
2289 1804 2427 1856 Illius
2480 1799 2769 1869 llrrarlrire,
2800 1799 2904 1859 uno
2949 1799 3247 1876 eodemque
3286 1824 3474 1872 anno,
3508 1809 3608 1863 sub

2028 1889 2131 1926 uno
2151 1875 2448 1942 eodemque
2478 1890 2598 1944 rege
2632 1876 2785 1929 Dario
2819 1879 3286 1945 preplretavernut.
3312 1879 3602 1933 Zacharias

2028 1959 2152 2018 vero
2185 1944 2234 1997 ir
2265 1959 2355 2018 sua
2409 1946 2681 2014 propin-tia
2728 1953 3002 2017 multiplex
3052 1960 3105 2001 et
3153 1951 3427 2018 mysticus.
3480 1952 3610 2004 Ver-

2024 2016 2203 2069 siones
2230 2016 2575 2090 eriinivarnrs
2624 2027 2677 2071 et
2724 2016 2980 2073 obscuras
3041 2016 3609 2090 videris,prophetav~t

2024 2090 2269 2161 tirystice,
2289 2088 2420 2161 quia
2447 2089 2497 2139 in
2532 2103 2596 2140 eo
2622 2090 2842 2157 angelus
2874 2091 3079 2145 Domitii
3114 2088 3447 2161 loquebatur.
3490 2093 3608 2159 Ipse

2024 2160 2164 2210 enim
2197 2158 2326 2231 vidit
2357 2173 2513 2212 nocte
2544 2162 2925 2214 ascendentem
2971 2178 3136 2225 super
3183 2158 3379 2231 equum
3431 2158 3609 2218 rufum

2024 2240 2250 2282 Stameni
2301 2229 2442 2283 inter
2489 2241 2713 2300 myrteta
2762 2249 2879 2299 quin
2932 2246 3086 2285 erant
3130 2233 3181 2285 in
3236 2229 3522 2298 profundo.
3554 2244 3611 2288 et

2028 2311 2147 2366 post
2174 2317 2292 2353 eum
2320 2301 2441 2367 equi
2474 2305 2573 2353 rtili
2611 2303 2740 2356 varii
2768 2314 2820 2356 et.
2840 2304 2967 2357 albi.
2997 2302 3113 2371 Ipse
3136 2306 3335 2358 audivit
3359 2309 3609 2373 angelum

2026 2373 2442 2444 interrogantem
2475 2374 2541 2424 de
2574 2384 2813 2444 tempore
2868 2377 3248 2429 misericordia:
3302 2392 3464 2444 super
3514 2379 3607 2431 .le-

2028 2448 2278 2495 rusalenr.
2308 2443 2423 2509 Ipse
2463 2442 2667 2515 audivit
2720 2447 3000 2499 hominum
3057 2446 3251 2515 angelo
3303 2442 3607 2515 loquentem

2026 2516 2187 2566 verba
2244 2518 2401 2577 licita,
2454 2514 2614 2567 verba
2669 2518 3031 2573 Constilattiria
3090 2523 3157 2571 de
3204 2514 3523 2581 Jerusalem,
3558 2528 3612 2574 cl

2025 2584 2175 2648 Sion,
2210 2586 2277 2637 de
2306 2584 2605 2657 civitatibus
2635 2585 2791 2640 Juda.
2824 2589 2939 2655 Ipse
2967 2587 3098 2641 vidit
3137 2598 3366 2657 quatuor
3405 2604 3607 2645 coirrua

2028 2656 2339 2728 ventilaritia
2370 2656 2584 2722 Judam,
2621 2666 2676 2710 et
2708 2660 2888 2725 Israel,
2921 2670 2975 2713 et
2994 2656 3325 2712 Jerusalem.
3378 2662 3495 2728 Ipse
3530 2668 3609 2714 vi-

2027 2726 2105 2780 dit
2138 2726 2332 2793 virum,
2364 2728 2657 2781 funiculum
2692 2730 2743 2783 in
2778 2745 2935 2783 manu
2966 2738 3269 2795 tenentem,
3306 2743 3355 2784 et
3387 2726 3611 2785 Jerusa-

2030 2800 2132 2852 lem
2167 2800 2216 2851 in
2262 2800 2647 2868 longitudinem
2695 2810 2749 2854 et
2807 2802 3137 2855 latitudinem
3190 2816 3606 2865 tiieiisuraritem,

2028 2878 2084 2923 et
2141 2870 2456 2924 dicentem:
2499 2871 2695 2938 Absque
2750 2889 2899 2925 muro
2948 2874 3256 2926 habitabitur
3300 2872 3489 2927 Jerusa
3509 2890 3609 2928 ent.

2030 2941 2284 2995 Dominus
2307 2944 2440 2995 enim
2461 2946 2555 2995 erit
2578 2959 2752 2996 murus
2790 2952 2902 3014 ejus
2942 2948 3139 3013 igneus.
3187 2944 3303 3013 Ipse
3357 2948 3486 2998 vidit
3536 2947 3613 2999 Ia-

2032 3014 2208 3079 pidem
2232 3018 2511 3081 scriptum,
2529 3028 2595 3067 vn
2620 3016 2803 3069 oculos
2828 3018 3133 3078 habentem,
3156 3026 3209 3070 et
3230 3018 3610 3071 candelabrum

2032 3098 2274 3147 aureum,
2306 3095 2510 3151 septem
2538 3088 2779 3139 lucernas
2806 3088 3182 3150 Srib‘llrtettlettt,
3216 3100 3268 3139 et
3300 3089 3608 3154 inlusorias,

2027 3155 2164 3209 lui-er
2180 3159 2261 3208 nis
2276 3157 2565 3223 pendentes
2580 3167 2737 3220 vii,et
2752 3158 2885 3211 duas
2897 3159 3215 3225 olivasjnxta
3230 3161 3611 3213 candelabrum

2025 3236 2251 3289 stantes,
2273 3244 2429 3299 nium
2448 3245 2475 3280 a
2500 3233 2795 3294 tleXll'I),el
2822 3246 2977 3282 uuam
2996 3247 3024 3282 a
3055 3232 3309 3285 sinisris.
3343 3232 3461 3299 Ipse
3485 3234 3615 3283 vidit

2030 3301 2278 3352 volumen
2300 3298 2461 3369 383
2478 3303 2659 3352 volans
2684 3302 3010 3369 longitudine
3035 3318 3100 3355 xx
3119 3302 3419 3354 cubitorum
3436 3312 3489 3354 et
3505 3302 3617 3354 lati-

2031 3372 2212 3423 tudine
2240 3387 2269 3422 χ
2301 3373 2619 3423 cubitorum.
2651 3370 2767 3439 Ipse
2794 3372 2915 3425 \‘ltlll
2948 3375 3204 3426 talentum
3230 3373 3449 3438 plrtrnhi,
3471 3372 3613 3441 quod

2029 3441 2426 3507 portabatur,et
2449 3446 2722 3495 mulierem
2748 3447 3021 3497 sedentem
3047 3446 3097 3497 in
3123 3444 3297 3497 rnedio
3318 3444 3613 3509 amphorae,

2028 3526 2146 3578 qua:
2170 3514 2411 3579 impietas
2440 3524 2542 3572 est,
2577 3514 2659 3565 cui
2689 3529 2860 3567 massa
2887 3516 3129 3582 plurnhea
3152 3514 3202 3567 iri
3232 3531 3292 3567 us
3318 3516 3475 3567 uiis~a
3506 3526 3611 3570 est.

2020 3582 2169 3645 .\ioit
2206 3594 2260 3635 et
2290 3584 2421 3634 duas
2450 3582 2703 3635 mulieres
2731 3585 2844 3636 alas
2873 3588 3149 3647 habentes,
3180 3586 3332 3652 quasi
3355 3590 3465 3637 alas
3491 3586 3611 3637 mil-

2029 3654 2102 3713 vi.
2136 3668 2252 3718 qua:
2284 3654 2539 3706 levabant
2565 3656 2872 3718 amphoram
2903 3656 3042 3708 inter
3072 3657 3266 3711 ctrelum
3290 3668 3339 3707 ei
3390 3666 3606 3709 terram.

2034 3721 2174 3775 Vidit
2222 3732 2276 3777 et
2315 3734 2542 3792 quatuor
2588 3724 2872 3794 quadrigas
2930 3727 3265 3793 egredientes
3320 3728 3387 3779 de
3437 3726 3614 3780 medio

2030 3795 2257 3845 dIIUl‘Illll
2292 3796 2551 3851 montium
2582 3810 2889 3849 aureorum.
2920 3798 2973 3851 lit
3002 3798 3255 3865 quadriga
3292 3797 3457 3864 prima
3488 3798 3610 3865 equi

2030 3870 2151 3927 ruri,
2185 3870 2235 3918 in
2288 3872 2543 3935 quadriga
2595 3869 2825 3919 secunda
2878 3868 2998 3936 equi
3054 3868 3210 3935 nigri,
3246 3867 3300 3921 iti
3358 3870 3612 3937 quadriga

2032 3936 2184 3989 tertia
2211 3953 2330 4005 equi
2356 3940 2480 3997 albi,
2510 3942 2561 3991 in
2593 3939 2848 4007 quadriga
2875 3951 3059 4007 quarta
3084 3942 3205 4008 equi
3258 3942 3386 3991 varii
3421 3936 3611 4005 Iertes,

2030 4016 2085 4061 et
2112 4007 2212 4061 alia
2239 4011 2400 4061 multa
2432 4010 2669 4073 obscura
2692 4021 2746 4061 et
2790 4012 3010 4081 tiiystica
3060 4007 3208 4064 vidit.
3267 4009 3613 4078 Proplretavit

2031 4093 2205 4133 aurem
2238 4084 2466 4134 reditum
2495 4082 2697 4147 populi,
2731 4090 2785 4135 et
2836 4094 3279 4139 restaurationem
3310 4082 3610 4136 Jerusalem

2032 4161 2081 4204 et
2116 4160 2331 4218 templi;
2369 4160 2703 4221 pruplretavrt
2737 4170 2913 4223 regem
2945 4171 3228 4222 panpererrt
3260 4166 3313 4208 et
3353 4155 3607 4209 humilem

2032 4236 2309 4296 venturum
2358 4230 2539 4275 dicens
2580 4240 2611 4278 :.
2651 4223 2870 4277 Exsulta
2912 4228 3059 4287 satis,
3099 4227 3211 4296 filia
3252 4226 3611 4293 Sion,jubila,

2032 4294 2141 4361 [ilia
2181 4293 2489 4357 Jerusalem,
2523 4311 2635 4347 ecce
2688 4312 2777 4348 rex
2829 4307 2946 4350 tuus
2994 4293 3151 4352 veniet
3196 4298 3287 4351 tibi
3334 4300 3538 4366 justus,
3566 4306 3614 4353 et

2030 4368 2171 4417 salta
2195 4384 2271 4427 or,
2299 4382 2490 4433 pauper
2518 4375 2795 4419 ascendens
2817 4384 2969 4435 super
2989 4370 3207 4436 pullum,
3226 4370 3389 4435 [ilium
3420 4372 3613 4433 astute;

2035 4441 2369 4504 pt'UpllclttVIl
2401 4440 2645 4490 eumdem
2696 4454 2874 4507 regem
2928 4445 3199 4505 traditum,
3229 4454 3281 4494 et
3340 4444 3610 4494 Vctirlrturrt

3179 4529 3191 4565 :
3250 4513 3288 4563 Α
3297 4513 3613 4577 ppenderunt

2035 4584 2314 4651 mercedem
2342 4596 2502 4632 meum
2530 4582 2739 4649 triginta
2764 4598 3047 4651 argenteos,
3077 4593 3129 4637 et
3151 4582 3368 4649 reliqua.
3405 4581 3615 4634 Passio-

2036 4666 2155 4703 iierri
2184 4650 2529 4719 ejusdemque
2563 4656 2680 4720 (sic)
2713 4650 2873 4722 regis,
2906 4657 2954 4707 id
2987 4667 3089 4715 est,
3121 4654 3413 4705 Salvatoris
3446 4652 3613 4708 nostri

2036 4736 2128 4789 per
2159 4724 2357 4787 omnia,
2385 4723 2520 4777 sicut
2551 4727 2746 4778 factum
2777 4738 2879 4789 est,
2902 4725 3217 4777 tirirabrliter
3249 4723 3608 4790 prophetavit.

2032 4800 2121 4846 Ait
2168 4810 2394 4861 namque
2427 4812 2438 4845 :
2477 4793 2769 4847 Prrcutiam
2819 4804 3112 4863 postorerii,
3163 4803 3209 4846 et
3260 4792 3615 4863 dispergentnr

2034 4878 2145 4918 oves
2176 4881 2361 4935 grtgts.
2387 4867 2691 4919 Etiterum:
2717 4866 2850 4929 Quid
2881 4875 2995 4917 sunt
3028 4867 3194 4936 plaga:
3225 4868 3333 4918 ista:
3368 4869 3421 4919 in
3449 4869 3613 4919 medio

2033 4954 2272 4988 munitum
2303 4946 2545 4989 tuarum!
2577 4936 2825 5007 l’lagutus
2852 4953 2963 4989 sum
3006 4941 3057 4989 iu
3102 4944 3252 4989 domo
3330 4953 3497 5002 orum,
3524 4939 3611 5006 qui

2038 5008 2309 5076 diligebant
2344 5024 2436 5060 me.
2476 5010 2535 5059 Idi
2586 5014 2773 5061 iterum
2829 5025 2843 5061 :
2904 5010 3167 5077 Aspictunt
3217 5009 3285 5060 ad
3338 5025 3434 5072 me,
3463 5025 3614 5078 quem

2034 5082 2317 5147 n/[irerunL
2358 5084 2427 5131 Ue
2460 5093 2633 5131 morie
2661 5081 2778 5145 ejus
2806 5083 2882 5132 sic
2913 5089 3223 5147 praedicarit
3274 5097 3285 5131 :
3344 5078 3407 5131 Er
3461 5083 3610 5148 plano

2034 5162 2150 5220 gent
2178 5166 2289 5201 eum
2320 5150 2527 5215 planctu
2557 5167 2702 5217 quasi
2731 5167 2881 5220 super
2921 5152 3257 5222 unigenitum,
3283 5160 3329 5203 et
3373 5153 3612 5205 dolebant

2033 5238 2181 5291 super
2196 5238 2328 5282 cum,
2346 5231 2397 5271 nt
2421 5222 2579 5272 doleri
2605 5223 2694 5273 solt
2711 5231 2728 5273 t
2747 5238 2897 5290 super
2922 5227 3256 5293 unigenitum.
3284 5223 3611 5289 Ilaptisiuuin

2034 5295 2272 5363 futurum
2295 5298 2561 5356 tirtBterIl,
2594 5296 2778 5346 dicens
2812 5309 2824 5345 :
2858 5293 2921 5345 In
2946 5297 3028 5346 uie
3049 5298 3139 5346 illa
3168 5305 3259 5347 erit
3290 5295 3406 5363 fons
3436 5305 3612 5363 patens

2035 5367 2215 5416 damus
2245 5360 2432 5428 David,
2465 5374 2510 5413 et
2555 5363 2894 5417 habitantibus
2936 5366 3221 5420 Jerusalem
3264 5360 3317 5419 iii
3356 5360 3614 5420 ablutione

2036 5447 2309 5487 veccatorts
2331 5445 2376 5486 et
2400 5444 2741 5489 menstruar‘w.

2106 5509 2147 5557 Α
2180 5516 2348 5578 tirurte
2379 5516 2552 5574 itaque
2582 5509 2820 5574 ejusdem
2858 5506 3130 5562 Zachariae
3176 5514 3449 5578 pr0pliette
3500 5518 3610 5578 lese

2038 5586 2142 5630 tem
2196 5576 2427 5639 lidelem,
2462 5594 2547 5644 qui
2597 5594 2697 5631 nec
2748 5582 2897 5643 iallit,
2929 5596 3025 5634 rrec
3070 5576 3290 5644 labitur,
3321 5584 3513 5646 habeo,
3554 5577 3611 5635 id

2035 5660 2134 5721 est,
2160 5646 2340 5721 Jesum
2373 5650 2699 5721 Saqulorettt
2747 5666 2779 5705 η
2804 5660 2988 5704 rstium
3022 5652 3075 5706 in
3103 5655 3393 5721 Evangeer
3423 5666 3584 5707 securi

2034 5720 2161 5773 dum
2184 5718 2526 5792 Mattlitrum,
2550 5720 2766 5775 Iudaeus
2794 5723 3099 5777 incredulos
3147 5718 3532 5792 increpatileiit,
3558 5728 3610 5778 e'

2034 5792 2113 5847 sic
2140 5791 2405 5848 dicentem
2438 5808 2453 5847 :
2493 5790 2672 5847 Veniat
2715 5809 2867 5865 super
2895 5810 2982 5849 tios
3003 5796 3167 5851 omnis
3208 5790 3417 5866 sanguis
3435 5799 3609 5866 justu'
