4100 6344
347 405 486 464 1295

1312 385 1603 461 Αιιρεᾶι).
1645 383 1791 462 Xitt.
1829 429 1897 444 -ν
1935 379 2140 458 LIBER
2182 379 2267 461 ut:
2307 399 2642 460 NUMERIS.

3488 404 3630 461 1234

345 529 486 586 Duos
508 515 674 598 396
701 521 905 599 etenim
930 512 1190 599 libros__dc
1219 523 1483 599 Spll’llllall
1515 523 1782 599 medicina
1811 523 1928 577 ani-
1956 531 2004 590 Α
2035 524 2196 599 duros
2239 525 2402 579 corde
2422 534 2498 599 et
2548 523 2863 599 incredulos
2896 537 3014 578 cum
3049 523 3236 579 lidueia
3282 525 3623 599 increpabat,

342 593 550 672 nnirnu'i
574 593 831 672 .Zciipsit1
857 593 1048 672 idest,
1087 595 1442 672 Evangeliutn
1464 596 1515 648 in
1550 594 1765 672 Achaia:
1795 603 1926 663 par;

345 663 480 726 tibiis
526 663 766 736 teitipore
795 663 966 732 Pauli,
1000 665 1140 734 quod
1191 666 1534 737 Evangelium
1582 665 1776 737 Paulus
1799 683 1928 733 apu—

340 744 506 795 stoliis
530 743 646 808 (ait)
674 752 793 792 esse
821 752 1000 792 suum:
1030 738 1103 791 ait
1127 737 1266 791 enim
1293 736 1567 792 secundum
1589 736 1927 805 Evangelium

340 827 525 865 meum.
576 810 750 864 Alium
784 823 911 863 vero
952 808 1177 871 librum,
1211 809 1297 876 qtti
1355 809 1518 864 Actus
1560 813 1925 876 apostolorum

338 885 570 948 dicitur,
631 895 786 950 quem
849 891 1034 934 sancto
1079 879 1377 949 Theophila
1429 882 1684 948 episcopo
1744 882 1928 935 Antio-

336 957 510 1009 cheno
536 951 877 1020 conscripsit.
911 967 1070 1006 Luiv
1110 967 1370 1006 annorum
1404 952 1538 1005 obiit
1583 953 1634 1005 in
1669 952 1926 1008 Bethania

337 1028 523 1093 plenus
569 1023 768 1092 Spiritu
797 1032 1016 1088 sancto;
1045 1025 1134 1092 qui
1182 1032 1364 1090 postea
1407 1022 1924 1094 Constantinopolim

331 1094 672 1151 ConStantini
707 1094 1048 1161 imperatoris
1075 1110 1216 1148 anno
1245 1094 1315 1149 ‘20
1342 1109 1461 1148 cum
1514 1094 1752 1164 rcl:quiis
1785 1096 1924 1150 beati

330 1168 560 1234 apostoli
608 1165 837 1220 Andreae
865 1167 1148 1220 translatus
1199 1176 1310 1231 est;
1357 1165 1508 1235 cujus
1552 1165 1818 1235 depositio
1860 1171 1928 1221 xv

332 1237 449 1292 lial.
489 1239 752 1292 Novemb.
782 1239 1102 1290 celebratur.

400 1310 489 1364 56.
546 1311 862 1372 BARNABAS,
911 1309 998 1377 qui
1055 1317 1109 1363 et
1158 1308 1354 1378 Josepli
1383 1349 1397 1374 ,
1457 1308 1675 1364 natione
1720 1307 1929 1377 Cypria:

325 1383 559 1435 civitatis
582 1396 608 1432 a
649 1380 788 1450 Cyro
839 1379 1121 1434 Persarum
1156 1397 1280 1448 rege
1308 1379 1572 1448 conditae,
1615 1396 1735 1434 cum
1763 1382 1928 1435 Paulo

325 1456 571 1521 ap-istolo
628 1450 678 1504 in
735 1453 980 1522 gentibus
1026 1453 1386 1521 apostolatum
1432 1462 1676 1519 a-ieptus.
1725 1451 1928 1506 Deinde

329 1536 552 1593 propter
590 1521 853 1578 Joannem
887 1521 1231 1594 discipulum,
1265 1525 1354 1594 qui
1383 1524 1544 1578 etiam
1571 1533 1928 1592 cognomento

325 1595 539 1648 Marcus
593 1594 934 1663 appellatur,
991 1593 1264 1664 sejunctus
1311 1609 1340 1647 a
1399 1594 1602 1657 Paulo,
1651 1594 1928 1663 apostolus

325 1668 676 1720 nihilominus
705 1667 1028 1736 evangelicae
1059 1664 1457 1734 praedicationis
1488 1664 1784 1734 injunctum
1827 1665 1930 1720 sibi

323 1753 462 1808 opus
485 1739 744 1792 exercuit.

395 1811 487 1863 57.
522 1808 562 1862 Τ
568 1822 854 1876 ιιιυτιιευε,
891 1807 1243 1877 Ephesiorum
1277 1808 1594 1878 episcopus,
1618 1806 1685 1862 de
1713 1806 1928 1863 civitate

321 1879 637 1970 ’ξἰηιριιεὶιιιιι.
655 1891 803 1950 patre
833 1878 1045 1970 graeco,
1074 1878 1126 1934 id
1157 1881 1527 1970 (ιδιηριιιιιξοθτ
1557 1890 1726 1931 matre
1749 1889 1925 1970 autem
1960 1910 2006 1970 Β

319 1952 532 2017 Διιιίίιξιι,
590 1955 638 2006 itl
679 1966 790 2019 est,
835 1952 1074 2015 Eunicc,
1120 1960 1176 2004 ut
1208 1952 1370 2006 refert
1403 1951 1600 2004 Paulus
1627 1952 1927 2017 apostolus,

319 2025 514 2078 dicens
541 2044 552 2076 ;
599 2022 732 2088 Quia
759 2023 999 2076 habitavit
1023 2023 1150 2089 [idea
1188 2024 1244 2075 in
1275 2024 1388 2076 avia
1420 2032 1507 2074 tua
1532 2019 1714 2085 Loide,
1745 2031 1792 2074 et
1821 2039 1930 2074 ma—

318 2103 397 2147 tre
445 2106 535 2146 tua
585 2095 803 2158 Ennice,
854 2105 1046 2146 certum
1090 2103 1162 2146 est
1208 2094 1532 2159 autemquod
1560 2103 1604 2144 et
1634 2093 1685 2144 in
1714 2102 1782 2145 te.
1835 2093 1932 2150 llic

316 2177 503 2218 autem
544 2164 836 2232 discipulus
880 2168 976 2218 l‘uit
1026 2165 1173 2218 Pauli
1222 2169 1472 2234 apostoli,
1518 2161 1742 2232 eju~quc
1791 2164 1932 2220 filius

316 2237 638 2303 Spiriiualis,
665 2251 822 2306 quem
857 2251 1080 2305 puerum
1114 2236 1328 2304 pr0prie
1353 2251 1536 2290 secum
1569 2235 1708 2288 idem
1735 2235 1930 2290 Paulus

313 2309 600 2375 apostolus
624 2308 948 2376 assumpsit;
982 2308 1071 2378 qui
1105 2307 1330 2376 pudicus
1355 2317 1408 2360 et
1434 2307 1586 2374 virgo
1617 2317 1927 2378 permansu,

313 2378 521 2449 quique
560 2380 698 2448 apud
732 2375 1013 2446 Epliesum'
1050 2375 1120 2433 ini
1145 2388 1326 2435 monte
1355 2379 1445 2445 qui
1485 2385 1706 2432 vocatur
1745 2375 1926 2449 Pion,

318 2465 447 2504 cuni
480 2465 673 2520 magno
695 2450 920 2518 quiescit
951 2451 1174 2504 honore.

385 2521 486 2576 58.
510 2519 672 2577 'l‘.‘rus
703 2523 846 2576 Pauli
884 2524 1109 2591 apostoli
1137 2521 1452 2590 discipulu=,
1495 2529 1551 2577 et
1583 2520 1634 2575 in
1665 2519 1930 2590 baptismo

310 2593 489 2661 Illius,
522 2595 738 2649 natione
767 2593 988 2648 Graccus
1012 2634 1027 2660 ,
1061 2602 1115 2648 et
1154 2607 1218 2648 ex
1261 2591 1510 2662 gentibus
1533 2595 1678 2646 solus
1709 2607 1737 2644 a
1766 2592 1930 2647 Paulo

305 2666 568 2736 apostolo
595 2673 716 2736 post
745 2665 1089 2732 Evangeliuni
1122 2666 1512 2730 circumcisus;
1544 2680 1702 2732 quem
1733 2663 1800 2717 ad
1831 2679 1929 2718 cx-

304 2735 606 2792 strneiidas
630 2735 801 2791 Cretic
832 2738 1093 2791 ecclesias
1119 2740 1367 2805 praztatus
1391 2737 1608 2805 reliquit
1629 2737 1925 2803 apostolus,

311 2809 515 2872 ibique
547 2809 596 2862 in
632 2823 762 2876 pace
792 2809 1100 2875 defunctus,
1131 2817 1291 2878 atque
1321 2807 1563 2877 sepultus
1590 2807 1836 2874 quiescit.

380 2879 488 2935 59.
522 2880 841 2935 STEPIIANUS
871 2892 1112 2945 sanetus,
1141 2880 1310 2949 gratia
1336 2880 1546 2948 plenus,
1593 2882 1784 2948 dignus
1813 2879 1931 2932 dia-

300 2966 528 3017 conus,
575 2963 629 3007 et
679 2963 795 3020 post
839 2950 1113 3006 Christum
1156 2961 1358 3022 martyr
1387 2952 1630 3020 primus,
1682 2949 1930 3002 Zacchzei

299 3039 526 3093 nepos,
577 3031 631 3078 et
659 3023 894 3078 Simonis
941 3022 1100 3076 titius.
1150 3021 1307 3077 Miles
1347 3037 1570 3093 magnus
1623 3022 1929 3093 Stephanus

302 3092 457 3167 erat,
487 3097 666 3151 clarus
697 3111 914 3167 genere,
944 3103 998 3149 et
1023 3094 1194 3167 forma
1229 3092 1490 3164 fulgebat;
1521 3092 1718 3167 clarior
1750 3104 1926 3167 tamen

307 3165 418 3221 title
462 3180 517 3222 et
559 3164 727 3236 signil
757 3167 956 3222 saeculo
990 3166 1250 3236 radiabat.
1288 3165 1631 3235 Evangelium
1682 3164 1922 3232 legebat,

311 3233 670 3307 Evangeliuin
727 3239 1092 3306 intelligebat,
1156 3233 1498 3306 Evangeliuin
1549 3237 1992 3307 praedicabat”,-

311 3306 985 3380 Evangelimnimplebat,
1017 3309 1225 3376 populis
1267 3308 1503 3377 perfecte
1532 3306 1800 3380 Christum
1827 3321 1924 3360 an-

311 3378 622 3441 nuntiabat,
657 3379 966 3450 Syti'agogas
995 3381 1254 3446 sapientia
1288 3380 1590 3446 superabat,
1638 3378 1784 3446 signa
1812 3393 1925 3431 ma-

311 3466 423 3522 gna
456 3451 508 3502 in
545 3461 736 3519 p0puto
762 3451 1008 3504 faciebat.
1039 3452 1239 3518 Spiritu
1262 3459 1448 3504 sancto
1477 3451 1736 3516 repletus,
1761 3463 1924 3522 canes

310 3520 581 3577 latrantes
609 3524 892 3576 adversum
923 3536 983 3575 se
1013 3522 1295 3586 vincebat,
1326 3522 1492 3574 caelos
1522 3530 1736 3588 apertos
1768 3520 1922 3574 vitle-

311 3594 432 3660 bat,
464 3605 519 3648 et
535 3597 716 3649 Jesum
740 3602 968 3654 stantem
986 3608 1016 3646 a
1037 3594 1243 3648 dextris
1263 3591 1473 3646 virtutis
1495 3591 1590 3645 Dei
1615 3591 1928 3659 aspiciebat.

309 3665 631 3736 Scripturas
662 3675 877 3720 sanctas
916 3665 968 3717 in
1002 3664 1301 3736 Jerusalem
1334 3664 1609 3736 sapienter
1639 3661 1930 3736 psallebat,

309 3747 371 3795 et
422 3733 492 3793 de
523 3736 619 3793 Dci
651 3739 766 3808 lege
813 3737 1007 3792 fratres
1059 3733 1276 3792 Judtcos
1323 3734 1613 3804 diligenter
1660 3733 1931 3798 docebat,

2033 597 2294 668 charitato
2322 597 2555 668 repletus
2604 613 2708 650 non
2740 596 3021 650 credentes
3069 600 3364 668 clementer
3405 596 3611 668 cast‘gai

2031 668 2141 722 hat.
2171 667 2371 722 Inimici
2405 667 2495 721 Dei
2528 669 2639 721 htcc
2686 668 2962 731 videntes,
2994 667 3241 722 dentibus
3275 672 3324 722 iii
3357 684 3476 722 cuin
3507 667 3602 725 stri

2031 738 2269 805 debnnt;
2304 739 2501 794 inimici
2555 739 2646 792 Dei
2691 741 2804 792 haec
2842 729 3139 805 audientes,
3194 742 3461 809 quomodo
3508 759 3627 797 cum
3689 729 3704 748 ⁴

2032 809 2334 882 interﬁcere
2357 811 2656 878 potuissent
2676 813 3023 879 quan‘ebant;
3049 811 3340 880 phrenetici
3372 811 3628 882 furi-rites,

2032 881 2212 936 furore
2241 883 2461 950 repleti,
2495 892 2552 935 ut
2581 896 2762 948 canes,
2813 891 2996 935 contra
3049 894 3288 937 sanctum
3326 885 3589 939 Intrabunt
3611 926 3626 951 ,

2031 951 2149 1008 falsi
2197 963 2359 1008 testes
2413 955 2734 1008 mentientes
2765 954 3097 1021 clamabant,
3154 954 3350 1008 Christi
3405 957 3629 1011 militum

2034 1026 2214 1078 miseri
2257 1035 2430 1080 morte
2465 1025 2790 1079 damnabunt
2818 1065 2834 1090 ,
2891 1026 3007 1079 dari
3062 1027 3306 1091 cervice,
3367 1033 3420 1079 et
3464 1028 3628 1082 corde

2031 1097 2307 1161 crudeles,
2339 1096 2541 1164 lapides
2590 1097 2948 1165 colligebant,
3002 1105 3056 1152 et
3111 1106 3353 1151 sanctum
3388 1097 3628 1156 Stepha-

2033 1181 2158 1219 num
2180 1168 2448 1222 trahentes
2471 1168 2614 1222 l‘oras
2655 1179 2802 1224 extra
2827 1170 3094 1223 civitatein
3117 1170 3438 1234 lapidabant;
3459 1169 3529 1222 illi
3553 1173 3628 1223 lu-

2034 1238 2307 1310 pidabant,
2330 1240 2415 1293 ille
2431 1240 2647 1305 orabat;
2673 1241 2740 1293 llll
2761 1253 3008 1292 saxorum
3024 1242 3306 1310 grandinis
3327 1255 3488 1308 super
3501 1257 3622 1295 eum

2028 1309 2335 1378 jactabant,
2387 1309 2478 1364 ille
2520 1325 2691 1376 genua
2725 1311 2910 1365 faetori
2944 1309 3043 1365 suo
3071 1312 3297 1366 feliciter
3342 1312 3625 1378 llcctebat;

2034 1381 2111 1433 illi
2163 1395 2283 1433 cum
2335 1381 2633 1436 maledictis
2685 1383 2927 1438 manibus
2979 1385 3309 1448 mactabant,
3363 1384 3451 1436 ille
3501 1399 3629 1439 vero

2033 1452 2309 1506 cbaritatis
2335 1452 2525 1505 ardore
2555 1454 2738 1520 plenus
2764 1455 3108 1519 cornscabat;
3144 1455 3216 1508 illi
3245 1455 3388 1508 stulti
3418 1457 3629 1510 Satanae

2035 1523 2252 1577 sodales
2287 1525 2337 1577 iii
2365 1531 2607 1576 sanctum
2636 1526 2948 1588 saaviebant,
2993 1527 3335 1580 ille'sanrtus
3365 1526 3628 1581 instanter

2032 1592 2294 1648 Sati‘aiori
2323 1607 2532 1648 summo
2573 1595 2859 1662 psallebat;
2892 1597 2965 1650 illi
3020 1597 3200 1651 furore
3231 1595 3420 1652 fuscati
3454 1597 3629 1652 denti-

2033 1666 2133 1739 bus
2180 1665 2660 1739 fretncbantgille
2707 1666 2853 1739 vultu
2886 1669 3122 1738 angelico
3176 1669 3334 1739 391
3380 1681 3431 1722 et
3483 1671 3626 1723 clara

2033 1734 2170 1809 lacie
2200 1736 2434 1809 fulgebat
2463 1753 2478 1800 ;
2512 1735 2588 1790 illi
2621 1736 2897 1791 carnititres
2957 1734 3217 1792 certatiin'
3234 1734 3435 1809 i'apules
3466 1740 3628 1795 duce-

2033 1805 2182 1872 bant,
2226 1805 2316 1880 illc
2351 1809 2610 1880 veraciter
2657 1811 2868 1862 veniam
2903 1805 3331 1877 persecutoribus
3373 1814 3628 1880 precaba-

2036 1886 2154 1940 tur;
2185 1879 2256 1931 illi
2286 1878 2575 1933 crudeliter
2600 1891 2760 1947 caput
2801 1889 2856 1935 et
2885 1895 3080 1950 corpus
3112 1893 3277 1936 sancti
3313 1878 3456 1936 saxis
3485 1883 3632 1936 l'raii—

2034 1951 2251 2018 gebant,
2283 1951 2371 2003 ille
2402 1950 2656 2004 Sanctum
2689 1953 2737 2003 iii
2771 1954 2908 2006 cmlo
2948 1952 3216 2018 aspiciens
3239 1993 3252 2017 ,
3284 1955 3459 2006 aiebat
3492 1971 3503 2005 :
3547 1951 3632 2006 Nc

2033 2021 2360 2093 statuasillis
2410 2020 2507 2074 hoc
2537 2031 2836 2089 peccatum,
2884 2023 3138 2089 Domine;
3195 2026 3273 2077 illi
3317 2025 3628 2093 sanguinem

2035 2099 2202 2146 sancti
2257 2091 2514 2161 Stephani
2564 2093 2616 2144 in
2666 2104 2861 2147 terram
2913 2095 3231 2163 fundebant,
3283 2096 3371 2150 ille
3418 2091 3632 2150 Sanctus

2033 2163 2336 2232 Stephanus
2357 2164 2524 2218 cmlos
2562 2173 2778 2232 apertos
2809 2174 2862 2219 et
2891 2166 3072 2220 Jesum
3108 2177 3338 2220 Stantem
3384 2168 3629 2231 videbat;

2035 2234 2110 2289 illi
2160 2236 2325 2289 latera
2374 2234 2544 2290 sancti
2575 2237 2830 2304 Stephani
2870 2238 3107 2292 silicibus
3154 2239 3508 2302 scindebant,
3544 2239 3633 2293 ille

2033 2315 2342 2361 constanter
2363 2307 2578 2360 Christo
2619 2309 2816 2374 gratias
2845 2309 3064 2375 agebat;
3103 2309 3176 2362 illi
3213 2309 3472 2376 iiireiido,
3521 2309 3632 2362 ira-

2034 2383 2256 2443 scendo,
2274 2378 2552 2432 clamando
2575 2380 2883 2445 currebant,
2905 2382 2990 2433 ille
3013 2381 3376 2450 prdidicando,
3400 2381 3628 2447 orando,

2035 2451 2312 2517 psallendo
2343 2451 2707 2504 ad'Cliristuin
2755 2453 3054 2516 clamabat;
3108 2452 3181 2505 illi
3231 2456 3467 2506 membra
3516 2470 3630 2504 nia-

2035 2522 2162 2575 ximi
2197 2521 2384 2576 militis
2416 2522 2682 2591 lapidibus
2713 2522 3042 2585 lacerabant,
3089 2523 3178 2577 ille
3211 2540 3434 2591 magnus
3475 2522 3632 2577 miles

2035 2595 2282 2663 spiritum
2317 2593 2531 2648 Christo
2554 2597 2982 2648 conitiieiidabat.
3019 2595 3246 2648 Sanctus
3294 2598 3472 2658 itaque
3505 2597 3630 2650 Stc-

2037 2667 2267 2733 phanus,
2300 2665 2488 2731 positis
2517 2665 2762 2733 genibus,
2807 2682 2990 2733 orans,
3025 2667 3077 2720 iii
3109 2666 3324 2719 Christo
3353 2667 3632 2720 obdormi-

2034 2738 2129 2790 vit.
2159 2738 2388 2791 Sanctus
2419 2740 2758 2807 Stephanus,
2803 2749 2858 2790 ut
2887 2738 3259 2807 przedixinius,
3294 2738 3421 2790 vidit
3463 2739 3630 2791 C(lflUS

2033 2820 2286 2876 apertos,
2318 2819 2372 2861 ct
2403 2812 2661 2862 intr0ivit.
2694 2806 2855 2876 Cujus
2890 2806 3077 2862 oratio
3127 2809 3345 2864 Saulutn
3378 2809 3632 2863 Ecc.csi;c

2033 2879 2398 2934 ClitiStianuin
2429 2881 2680 2944 reddidit,
2708 2890 2760 2932 et
2784 2882 3132 2948 prmciputtm,
3159 2891 3212 2934 et
3239 2881 3381 2949 piiitti
3412 2881 3631 2933 Paulum

2034 2951 2440 3022 praidicatorein
2495 2951 2821 3021 prostravit,
2873 2958 2994 3022 quia
3052 2955 3093 3006 si
3145 2962 3268 3006 tunc
3327 2951 3630 3020 Stephanus

2035 3038 2140 3076 non
2171 3032 2413 3092 orasset,
2446 3023 2686 3077 Ecclesia
2718 3035 2900 3091 postea
2931 3026 3148 3078 Paulum
3178 3040 3284 3077 non
3330 3023 3631 3076 habuisset.

2033 3093 2302 3149 PoSt'hzec
2325 3096 2502 3163 itaque
2542 3107 2666 3148 vere
2713 3094 3230 3150 timui‘atiacivitatc
3253 3107 3532 3160 venerunt,
3579 3106 3633 3148 ct

2031 3176 2278 3220 sanctum
2301 3166 2633 3234 Stephanum
2657 3180 2778 3219 cum
2809 3181 3000 3235 magno
3024 3169 3235 3237 planctu
3270 3168 3628 3237 planxerunt,

2032 3248 2088 3292 et
2113 3252 2234 3291 cum
2269 3253 2462 3307 magno
2498 3238 2701 3290 huiiore
2734 3251 2930 3308 corpus
2959 3241 3072 3305 ejus
3104 3241 3455 3305 sepeliet-uni.
3503 3236 3625 3303 Ubi,

2034 3317 2324 3380 prmstante
2371 3310 2631 3373 Domino,
2682 3323 2872 3378 magna
2902 3310 3158 3364 miracula
3187 3320 3240 3361 ιιι
3280 3312 3438 3363 modo
3469 3325 3632 3377 appa-

2035 3391 2178 3454 rent,
2208 3391 2262 3433 et
2288 3394 2410 3434 tunc
2439 3391 2818 3454 apparuerunt.
2849 3381 3014 3454 C_iijus
3037 3382 3349 3454 tiiartyriuni
3377 3396 3404 3434 a
3431 3381 3632 3434 mundo

2035 3451 2352 3519 honoratur,
2386 3462 2440 3505 et
2489 3467 2561 3504 vit
2607 3450 2830 3504 Kalend.
2877 3451 2997 3506 Jan.
3050 3450 3262 3520 semper
3303 3454 3627 3506 celebratur.

2035 3524 2199 3591 Cujus
2237 3539 2436 3587 corpus
2479 3535 2596 3590 post
2629 3533 2836 3589 tempus
2884 3539 2940 3577 iit
2993 3523 3127 3577 Non.
3162 3527 3386 3590 August.
3432 3523 3630 3576 ibidem

2036 3593 2314 3662 quaesitum
2357 3596 2668 3657 invenitur,
2711 3592 2799 3646 ubi
2832 3607 2863 3647 a
2888 3592 3074 3649 multis
3119 3595 3354 3648 tniliibus
3383 3593 3631 3648 Christus

2037 3667 2274 3720 creditur
2301 3674 2354 3720 et
2375 3663 2648 3719 adorator.

361 3875 552 3904 η...

1500 3966 2100 4056 APPENDIX
2173 3967 2438 4053 XXIo

1610 4139 1818 4197 LIBER
1856 4138 1948 4196 DE
1986 4138 2338 4210 NUMERIS,

1261 4255 1339 4312 De
1367 4271 1470 4329 quo
1497 4256 1554 4313 in
1581 4255 1918 4327 Isidoriam’s,
1951 4272 2068 4328 cap.
2099 4255 2189 4326 63,
2223 4273 2279 4313 η.
2319 4254 2388 4313 10
2416 4265 2464 4313 et
2492 4273 2630 4330 seqq.

380 4405 449 4463 ,1.
484 4400 712 4474 Domino
739 4407 924 4474 nostro
949 4399 1212 4474 altissimo
1237 4401 1544 4474 adiuvante,
1568 4411 1622 4458 et
1644 4403 1925 4459 Salvatore

309 4486 514 4534 nostra
555 4473 684 4529 Jesu
735 4472 949 4528 Christo
985 4472 1411 4529 clementissimo
1454 4474 1814 4540 concedente,
1856 4475 1923 4530 de

308 4559 552 4605 numero
599 4554 653 4616 et
697 4543 814 4614 ejus
865 4545 1090 4615 mystico
1138 4543 1394 4616 mysterio
1447 4560 1612 4615 pauca
1669 4547 1920 4611 breviter,

2027 4402 2392 4473 multipliciter
2412 4415 2532 4459 esse
2561 4400 2831 4467 videntur,
2864 4407 3042 4473 tamen
3072 4416 3180 4456 uno
3211 4401 3425 4459 nomine
3457 4422 3620 4463 unum

2029 4472 2396 4544 appellantur;
2431 4484 2485 4528 ut
2517 4473 2697 4537 humo,
2722 4473 2929 4538 anima,
2960 4472 3114 4538 lides,
3147 4473 3309 4545 393
3338 4475 3620 4545 baptisma,

2027 4547 2300 4613 Charitas,
2343 4559 2499 4616 spes,
2552 4560 2675 4614 pax,
2733 4546 2913 4614 panis.
2944 4545 3196 4616 Ecclesia
3249 4544 3540 4608 catholica,
3572 4560 3626 4603 et

309 4631 507 4675 tamen
541 4615 762 4688 utiliter,
812 4616 947 4688 volo
984 4615 1238 4672 scribere.
1284 4616 1419 4683 Quid
1467 4633 1505 4686 ι,
1535 4617 1659 4686 quid
1703 4633 1738 4671 ιι
1779 4626 1833 4672 et
1861 4632 1919 4672 nt
1951 4618 2004 4680 D
2028 4619 2132 4672 alia
2163 4618 2349 4685 multa,
2378 4615 2507 4688 quae
2554 4617 2713 4671 modo
2753 4630 2909 4670 causa
2939 4615 3216 4688 brevitatis
3245 4619 3622 4686 ριςυιριτιιιὶιιο.

307 4692 533 4752 dicunt,
565 4687 691 4753 quid
725 4703 797 4753 iv,
829 4687 954 4757 quid
981 4703 1013 4742 v
1043 4697 1100 4743 et
1123 4703 1173 4742 vi
1202 4698 1480 4757 asserunt,
1514 4689 1639 4758 quid
1669 4704 1762 4755 vn,
1794 4689 1922 4758 quid

308 4779 434 4829 vin,
467 4759 592 4829 quid
621 4774 672 4812 ιιι
700 4773 755 4812 et
775 4775 802 4812 x
835 4758 1091 4826 referunt,
1111 4769 1164 4816 et
1189 4775 1357 4829 usque
1384 4761 1450 4814 ad
1486 4775 1636 4827 xxiv,
1663 4761 1707 4814 si
1730 4775 1922 4830 possu-

309 4848 443 4890 mus
467 4830 784 4898 pervenire,
807 4830 986 4886 dicere
1019 4831 1288 4887 volumus
1311 4833 1435 4899 quid
1466 4833 1776 4888 Ostendunt.

390 4905 454 4957 ‘2.
497 4900 669 4955 Unum
701 4903 882 4972 itaque
911 4912 1117 4957 tantum
1144 4904 1254 4958 Deo
1283 4905 1538 4974 pertinet,
1570 4906 1694 4975 quia
1727 4907 1778 4959 in
1810 4919 1926 4959 om-

308 4977 508 5039 nibus,
550 4983 603 5027 ct
630 4984 754 5028 ante
781 4975 998 5040 omnia,
1050 4983 1104 5028 et
1139 4989 1302 5042 super
1326 4977 1526 5040 omnia,
1575 4976 1625 5029 in
1679 4977 1924 5045 omnipo-

309 5048 520 5110 tentia;
544 5055 597 5098 et
621 5047 1016 5114 magniﬁcentia
1033 5085 1048 5109 ,
1074 5055 1129 5100 et
1157 5047 1795 5115 inconipreliensibilitate
1823 5062 1922 5102 sua

310 5136 464 5174 unus
489 5125 592 5180 est,
615 5116 750 5170 sicut
777 5128 830 5171 et
857 5117 906 5168 in
928 5117 1121 5186 capite,
1147 5126 1201 5171 et
1223 5118 1274 5170 in
1308 5119 1567 5186 principio
1590 5131 1756 5173 sacrae
1779 5119 1924 5174 Scri-

311 5202 501 5258 ptura:
526 5204 626 5258 vox
645 5187 822 5242 divina
846 5187 1188 5253 Spiritualiter
1214 5189 1450 5243 al‘lirmat
1474 5227 1488 5251 ,
1515 5190 1695 5242 dicens
1721 5206 1736 5244 :
1765 5190 1922 5256 Audi,

309 5257 496 5317 latraet
520 5301 536 5325 ,
593 5257 845 5312 Dominus
899 5258 1036 5313 Deus
1073 5276 1206 5314 tum:
1236 5271 1328 5315 est.
1378 5261 1506 5326 Quis
1535 5261 1675 5314 enim
1701 5259 1753 5314 iii
1785 5260 1924 5316 cailo

307 5342 413 5388 aut
445 5332 502 5386 in
531 5342 702 5403 terra,
732 5339 826 5385 aut
867 5331 1052 5386 subtus
1083 5340 1281 5386 terram
1307 5332 1361 5386 in
1389 5331 1713 5403 aeternitate,
1745 5331 1796 5385 in
1828 5346 1925 5403 po-

311 5412 558 5467 testate,
604 5400 657 5456 in
712 5403 944 5459 trinitate
970 5444 982 5467 ,
1027 5407 1078 5457 in
1125 5406 1325 5458 unitate
1351 5446 1364 5469 ,
1420 5403 1472 5456 in
1505 5402 1782 5458 divinitate
1807 5400 1841 5468 ,⁷
1871 5404 1924 5459 in

312 5477 666 5532 humanitate
693 5473 802 5527 Deo
831 5477 928 5528 soli
961 5476 1155 5530 similis
1183 5490 1302 5530 esse
1335 5477 1548 5544 potest?
1595 5475 1717 5530 Ideo
1749 5476 1924 5544 itaque

310 5563 470 5604 tinus
497 5547 639 5600 idem
681 5548 829 5599 solus
860 5545 997 5617 Deus
1026 5547 1251 5614 dicitur,
1291 5549 1414 5617 quia
1461 5561 1559 5601 nec
1592 5557 1749 5603 antea
1775 5590 1789 5612 ,
1827 5562 1926 5604 nec

311 5628 542 5691 postea,
585 5633 682 5673 nec
729 5627 853 5672 tunc
899 5616 1206 5691 [itecl‘nunc
1245 5619 1294 5674 ei
1315 5616 1456 5674 alter
1483 5631 1601 5673 esse
1653 5618 1842 5674 similis
1873 5621 1926 5675 in

313 5687 496 5751 cwlo,
525 5701 615 5743 aut
639 5691 688 5742 ιιι
719 5699 858 5744 terra
900 5687 1197 5758 invenitur,
1246 5701 1334 5744 aut
1379 5691 1597 5760 legitur,
1663 5693 1782 5762 quia
1835 5693 1923 5762 qui

310 5764 370 5821 ei
430 5762 798 5829 superbiendo
847 5762 897 5814 in
938 5762 1076 5817 C(Blt)
1131 5762 1324 5816 similis
1381 5777 1498 5816 esse
1548 5764 1754 5830 voluit,
1799 5779 1922 5818 mox

313 5837 510 5891 laSsus
538 5842 592 5888 et
622 5835 986 5904 lapsus'periit
1009 5875 1024 5900 ,
1058 5844 1111 5888 et
1133 5835 1379 5898 daemon,
1411 5835 1652 5890 el'Satan
1675 5875 1688 5899 ,
1718 5843 1772 5890 et
1811 5835 1923 5890 dai-

312 5919 556 5963 monum
587 5909 640 5958 in
683 5905 894 5958 inl'eriio
923 5905 1169 5974 princeps
1208 5919 1328 5960 esse
1358 5912 1569 5961 meruit.
1616 5908 1773 5962 Multa
1826 5907 1924 5961 ita-

312 5991 434 6054 que
479 5975 533 6034 in
561 5975 656 6035 Dei
684 5974 980 6047 creaturis,
1036 5984 1091 6034 et
1132 5977 1186 6034 in
1215 5978 1386 6034 sacris
1428 5979 1755 6051 Scripturis,
1805 5993 1922 6050 qua:

2029 4689 2087 4746 In
2123 4690 2206 4744 his
2253 4687 2462 4757 tamen,
2494 4703 2615 4759 quae
2648 4687 2990 4757 praediximus
3015 4728 3029 4753 ,
3060 4687 3111 4741 id
3141 4697 3221 4759 est
3243 4729 3256 4752 ,
3294 4688 3538 4756 homine,
3569 4703 3623 4745 et

2030 4761 2230 4827 anima,
2253 4769 2306 4816 et
2335 4757 2542 4816 caeteris
2566 4775 2684 4830 qua:
2714 4767 3029 4830 sequuntur,
3061 4757 3157 4811 etsi
3183 4773 3288 4811 non
3321 4767 3401 4812 est
3429 4774 3622 4814 secun-

2028 4833 2154 4887 dum
2204 4833 2480 4899 ordinem,
2533 4828 2711 4886 tamen
2750 4831 2803 4885 in
2842 4829 2951 4883 suis
3001 4828 3171 4896 locis,
3229 4836 3286 4882 tit
3341 4832 3623 4887 donaverit.

2029 4904 2192 4970 Deus,
2223 4905 2581 4960 narrabimus.

2099 4978 2152 5032 5.
2182 4969 2340 5031 Unde
2365 4971 2838 5047 factussitlioiito.’
2875 4969 3046 5047 Unum
3081 4970 3259 5047 itaque
3286 4971 3555 5047 hominem
3587 4992 3618 5029 a

2030 5047 2140 5102 Deo
2171 5043 2446 5104 factuni'iti
2480 5043 2738 5115 principio
2778 5043 3102 5115 invenitiius.
3151 5043 3226 5098 De
3276 5043 3428 5114 cujus
3471 5057 3621 5100 costa

2028 5135 2187 5173 unam
2214 5113 2703 5174 lentlnam‘fauatn
2750 5113 3002 5185 legimus,
3058 5131 3216 5169 tinam
3267 5113 3497 5183 linguam
3544 5118 3622 5171 lo-
3694 5142 3700 5180 ς

2028 5193 2291 5258 quendam
2313 5233 2327 5256 ,
2363 5191 2412 5244 id
2441 5197 2542 5252 est,
2596 5186 2872 5242 Hebraeum
2905 5203 3070 5255 usiltie
3100 5189 3164 5240 ad
3209 5186 3622 5243 aidiﬁmtioncnt

2030 5263 2192 5316 turris
2215 5260 2500 5315 Nenibroth
2525 5258 2956 5329 fuissetestatur.
2989 5260 3118 5326 Qua:
3149 5261 3308 5313 turris
3350 5261 3400 5312 in
3432 5275 3623 5329 campo

2029 5330 2208 5387 Dirum
2241 5330 2625 5385 tedilleabatur.
2673 5327 2824 5384 Unus
2851 5332 3120 5384 Abraham
3153 5331 3314 5385 fuisse
3349 5327 3576 5384 testatur
3601 5373 3616 5395 ,
3657 5332 3661 5336 ’
3693 5339 3695 5366 έ

2028 5402 2116 5472 qui
2143 5411 2195 5458 et
2220 5414 2378 5472 caput
2399 5402 2521 5456 ﬁdei
2556 5401 2720 5455 fuisse
2743 5401 2957 5468 dicitur,
2994 5403 3114 5471 quia
3145 5403 3212 5458 ab
3261 5399 3424 5455 Adam
3451 5419 3621 5471 usque

2028 5475 2096 5530 ad
2165 5477 2500 5529 nativitatem
2551 5474 2747 5528 Christi
2801 5474 2964 5528 ullum
3027 5474 3297 5528 hominem
3348 5475 3620 5527 Abraham
3691 5521 3696 5527 .

2028 5555 2274 5601 vocatum
2317 5562 2422 5601 non
2470 5545 2766 5617 invenitur;
2817 5546 2881 5598 de
2931 5561 3037 5614 quo
3085 5545 3352 5600 Abraham
3387 5545 3617 5617 dicitur:
3691 5607 3694 5617 ι

2028 5617 2256 5673 Credidit
2301 5617 2559 5672 Abraham
2593 5615 2724 5682 Deo,
2774 5624 2819 5670 et
2863 5627 3148 5685 reputatuin
3183 5624 3253 5670 est
3295 5618 3338 5670 ei
3368 5615 3434 5668 ad
3457 5616 3621 5686 jitsti-
3691 5615 3700 5652 ἒ

2029 5691 2172 5746 ιὶαηι.
2205 5690 2391 5744 Nonne
2419 5689 2552 5744 Abel
2583 5688 2828 5755 credidit,
2875 5699 2928 5743 et
2970 5689 3214 5743 coronari
3247 5690 3448 5758 primus
3481 5704 3623 5742 mar-

2031 5765 2167 5833 tyrio
2198 5761 2426 5817 meruit?
2479 5761 2661 5833 Nonne
2693 5759 2891 5833 inliioch
2937 5761 3190 5833 credidit,
3243 5759 3534 5833 qiii‘adliuc
3566 5762 3619 5815 in

2002 5831 2252 5905 corpore
2281 5834 2448 5889 vivit?
2476 5832 2661 5888 NOune
2688 5831 2798 5886 Noe
2815 5831 3148 5905 justiﬁcatus
3175 5831 3424 5905 credidit,
3458 5848 3615 5905 quem

2031 5903 2288 5960 Dominus
2310 5920 2430 5961 cum
2459 5917 2582 5960 arca
2605 5913 2657 5958 et
2678 5904 2942 5974 omnibus
2965 5919 3085 5974 qua:
3116 5905 3167 5958 in
3213 5915 3278 5959 ea
3305 5904 3522 5974 luerunt
3553 5903 3617 5958 li-

2026 5977 2264 6037 beravit?
2311 5985 2367 6038 et
2414 5991 2513 6037 nec
2559 5975 2713 6048 Abel,
2759 5989 2860 6035 nec
2899 5972 3140 6048 Hciioch,
3189 5989 3286 6033 nec
3317 5973 3432 6033 Noe
3455 5981 3615 6045 caput
