4100 6344
325 373 485 432 ,129⁸1

1349 363 1639 422 APPEND.
1684 361 1826 420 XXI.
1869 391 1939 407 --
1979 358 2175 418 uasa
2214 361 2305 420 os
2342 335 2673 422 senatus;

3484 365 3618 422 4:138

343 489 420 547 de
464 484 684 558 Ioseph.
714 485 1173 558 mansuetudinem
1202 484 1271 558 de
1319 482 1521 558 Moyse,
1563 483 1925 558 constantiam
1955 484 2006 542 Δ
2032 488 2106 558 ta;
2155 481 2238 558 via
2274 491 2589 558 sanctorum
2639 483 2855 558 castitas
2882 490 3088 553 sancta,
3121 483 3222 558 _via
3277 496 3617 558 peccatortitit

342 561 414 619 de
444 555 632 626 Jostte,
665 557 1044 626 benignitatem
1099 556 1168 612 de
1212 555 1447 624 Samuel,
1505 555 1924 610 misericordiam

341 635 415 688 de
443 630 629 690 Dat'id.
653 631 1028 686 abstinentiam
1056 629 1124 683 de
1176 628 1381 690 Daniel,
1438 627 1832 697 eleemosyttattt
1861 628 1928 682 de

342 705 537 770 Tobia,
569 704 857 756 tlteoriram
880 717 943 756 ex
971 699 1105 768 lleli,
1138 699 1410 770 actitaletn
1429 713 1492 752 ex
1519 697 1702 765 Paulo,
1759 698 1928 767 pinni-

341 769 568 830 tentiam
623 773 978 845 lacrymosam
1030 787 1100 827 ex
1154 771 1315 826 Maria
1367 769 1692 845 hlagtlalette,
1744 784 1928 834 puram

340 840 834 910 eottl‘ssioaem'ex
893 844 1117 910 latrone,
1168 840 1479 914 martyrium
1522 841 1590 896 de
1631 840 1930 911 Stephano,

347 916 656 982 largitatem
681 917 748 968 de
774 914 1085 969 Laurentio.

412 987 471 1041 6.
519 987 593 1044 De
614 987 848 1047 superbia
869 1000 915 1039 et
941 986 1157 1041 invidia.
1191 984 1330 1040 Duas
1355 998 1479 1040 esse
1531 983 1741 1039 radices
1771 984 1932 1052 pesti-

343 1058 497 1115 feras
516 1072 568 1113 et
594 1057 900 1112 mortiferas
925 1057 1173 1112 omnibus
1201 1057 1520 1119 viventibus,
1543 1056 1763 1109 dubium
1823 1073 1928 1112 non

340 1139 449 1186 est.
489 1135 528 1183 Α
561 1129 754 1204 quibus
783 1128 1243 1204 ottittisittiquitas,
1273 1126 1510 1204 e_t&01
1541 1128 1714 1204 otniiis
1739 1127 1930 1195 impie-

342 1211 454 1265 tas,
486 1210 541 1256 et
569 1201 745 1254 muttis
771 1199 1068 1266 calamitas,
1101 1210 1153 1252 et
1175 1199 1350 1252 omnis
1373 1200 1693 1262 crudelitas,
1723 1209 1773 1253 et
1807 1215 1935 1252 ont-

341 1273 432 1327 nis
455 1281 768 1338 tempestas,
811 1284 860 1326 et
895 1272 1068 1339 omnis
1114 1271 1286 1339 dolor,
1341 1280 1396 1324 et
1437 1271 1612 1323 omnis
1659 1271 1831 1336 plaga,
1880 1281 1936 1325 et

341 1345 528 1397 omnis
553 1337 730 1408 pinna,
761 1349 818 1396 et
843 1337 1016 1396 omnis
1043 1337 1281 1407 morbus,
1325 1351 1381 1395 et
1407 1341 1582 1394 omnis
1612 1343 1931 1406 mortalitas,

342 1424 402 1469 et
435 1415 614 1468 omnis
645 1413 941 1476 tribulatio,
970 1423 1024 1466 et
1057 1427 1214 1468 omne
1237 1413 1456 1472 malum,
1503 1410 1856 1482 quodcunque
1881 1423 1934 1467 et

342 1486 398 1540 itt
427 1489 589 1548 ctelo,
609 1496 657 1539 et
684 1487 734 1538 iit
778 1493 938 1547 terra,
971 1493 1026 1539 et
1049 1486 1100 1538 in
1138 1483 1344 1538 inferno
1367 1483 1574 1538 invenir
1599 1498 1645 1545 s,
1677 1493 1730 1536 et
1748 1483 1934 1538 sentiri

343 1565 544 1626 potest.
579 1567 713 1611 orta:
742 1564 888 1622 sunt,
918 1571 1018 1608 una
1040 1555 1189 1609 radix
1215 1555 1734 1626 vocatursttperbia,
1761 1555 1933 1626 altera

341 1624 651 1698 appellatur
677 1627 890 1698 itiviiiia.
925 1627 1056 1698 Quis
1083 1627 1223 1681 enim
1255 1626 1323 1680 de
1349 1624 1683 1698 sapientibus
1705 1633 1760 1678 et
1779 1624 1933 1698 Scri-

343 1695 535 1768 pttiras
557 1697 975 1767 intelligentibtis
1001 1696 1206 1765 ignorat
1229 1695 1530 1767 superbiam
1561 1709 1685 1750 esse
1702 1696 1934 1751 radicem

326 1779 400 1829 iet
458 1769 968 1841 reginatti_omniitm
1001 1768 1934 1841 tttalorunt.-Scripluraattestante,

341 1851 399 1896 et
423 1837 673 1897 dicente:
699 1839 916 1893 Initium
941 1843 1110 1893 omnis
1133 1837 1323 1910 peccati
1349 1838 1583 1910 superant
1600 1838 1625 1891 Ζ)
1641 1838 1738 1891 Per
1766 1839 1933 1910 ipsam

342 1913 490 1968 enim
515 1912 762 1983 primitus
790 1911 1096 1980 angelorum
1113 1908 1358 1979 princeps
1381 1924 1474 1983 per
1503 1908 1686 1983 Deum,
1712 1909 1933 1983 quiLu-

345 1987 483 2040 eil‘er
507 1979 634 2038 tunc
654 1984 959 2048 vocabatur,
987 1993 1042 2037 et
1067 1983 1216 2046 quasi
1244 1982 1571 2034 si.-naculam
1594 1980 1684 2033 Dei
1718 1979 1824 2032 vivi
1857 1980 1935 2032 vi-

346 2056 599 2116 debatur,
628 2054 694 2106 de
726 2051 1221 2112 thronn‘Altissiitti.
1253 2062 1306 2106 et
1327 2052 1393 2104 de
1409 2052 1691 2105 altitudine
1713 2050 1857 2114 θωπί,
1881 2060 1936 2105 et

344 2125 416 2180 de
437 2129 731 2192 illamagaa
757 2138 810 2177 et
835 2135 1017 2176 sancta
1047 2122 1282 2193 civitate.
1313 2138 1428 2190 qua:
1449 2132 1666 2176 vocatur
1691 2123 1818 2174 visio
1841 2139 1934 2193 pa-

348 2197 448 2258 cis,
481 2195 532 2250 iit
563 2211 662 2265 qua
691 2208 817 2247 sunt
845 2208 1033 2248 novem
1056 2192 1272 2265 ordines
1302 2193 1642 2262 angelorum,
1672 2193 1785 2258 ipse
1812 2192 1932 2248 cum

345 2267 563 2322 decima
584 2263 905 2336 angelorum
939 2274 1087 2330 parte
1115 2266 1168 2318 in
1196 2263 1386 2319 inferni
1423 2273 1633 2336 tartara,
1669 2265 1936 2336 profectus

347 2347 452 2394 est.
487 2335 904 2392 Otattt’criidele
945 2345 1000 2390 et
1025 2345 1132 2390 tant
1174 2337 1369 2390 malum
1419 2335 1760 2388 incredibile!
1823 2336 1936 2404 ipse

343 2411 674 2464 durissimus
693 2409 856 2462 draco
883 2408 963 2460 sui
992 2407 1164 2477 decep
1188 2423 1272 2472 or,
1320 2416 1378 2462 et
1431 2406 1620 2459 mortis
1667 2406 1932 2473 inventor,

343 2479 404 2536 in
433 2479 552 2545 i,sa
581 2495 674 2534 sua
703 2481 911 2533 invenit
939 2485 1262 2547 proiectione
1277 2479 1462 2532 mortis
1476 2477 1715 2532 omnium
1741 2493 1936 2533 secun-

345 2552 476 2608 dant
495 2551 751 2616 radtCem,
780 2565 899 2616 time
925 2551 1224 2619 appellatur
1249 2549 1468 2604 invidia.
1500 2548 1590 2603 Sic
1611 2550 1753 2602 enim
1781 2564 1936 2604 sacra

348 2625 632 2692 Scriptura
663 2625 765 2676 ait:
801 2619 1008 2674 Invidia
1054 2619 1249 2692 diaboli
1279 2637 1417 2674 mors
1446 2620 1654 2692 intravit
1683 2620 1736 2673 in
1764 2620 1937 2674 orbein

344 2691 628 2752 terrarum.
663 2693 772 2748 Hoc
797 2707 924 2762 ergo
946 2693 1104 2746 modo
1130 2691 1484 2755 perinvidiam
1514 2691 1738 2759 primum
1769 2693 1935 2746 intra-

343 2772 422 2822 vit
441 2779 749 2836 peccatum,
771 2772 827 2818 et
859 2780 951 2832 per
982 2773 1258 2832 peccatum
1287 2778 1430 2836 mors
1457 2765 1716 2836 originem
1745 2770 1934 2836 traxit,

340 2838 395 2893 id
426 2833 545 2902 ést,
583 2843 925 2905 suggesttone
952 2839 1130 2905 iniqua
1170 2835 1527 2890 crudelissimi
1571 2833 1772 2905 inimici
1821 2844 1938 2888 orta

336 2910 473 2966 fuit.
508 2911 580 2963 hx
608 2903 787 2978 intqita
810 2903 1150 2977 suggestione
1174 2921 1334 2974 prava
1362 2906 1616 2974 cogitatio
1648 2903 1789 2978 intus
1811 2920 1935 2978 eru~

331 2983 436 3052 epit,
479 2994 641 3052 p_ava
665 2976 846 3052 autem
868 2976 1120 3047 Cogitatio
1149 2979 1556 3052 delet-tatioiietn
1585 2976 1812 3052 peperit,
1845 2977 1940 3032 de-

336 3047 566 3107 lecLatio
583 3049 1016 3115 consensionem,
1037 3051 1319 3104 consensio
1339 3048 1624 3116 actioaem,
1657 3047 1796 3100 actio
1816 3063 1942 3102 cott-

340 3122 710 3186 sue'tudittent,
727 3121 1060 3176 cimSttetudo
1082 3130 1481 3183 tteCessuatetn,
1499 3119 1793 3173 nectessitas
1827 3134 1940 3174 nta-

348 3196 740 3262 lattuttortettt,
776 3195 914 3246 mala
949 3207 1092 3245 mors
1144 3193 1520 3260 perditionem.
1573 3187 1937 3259 Sttggestione

349 3267 535 3334 itaque
561 3264 760 3317 diaboli
788 3276 882 3331 per
927 3275 1228 3329 serpentem
1261 3263 1369 3316 Eva
1399 3262 1623 3316 seducta
1651 3276 1751 3325 est,
1782 3279 1831 3315 et
1864 3263 1944 3318 sic

350 3333 562 3406 pilitius
611 3335 768 3406 itonto
799 3333 966 3385 Atlam
997 3348 1091 3399 per
1122 3338 1284 3387 lavant
1318 3334 1570 3406 seductus
1619 3344 1943 3401 praeceptum

348 3403 624 3460 Creatoris
638 3404 718 3458 Siti
742 3415 1220 3472 trattsgressusest,
1236 3411 1292 3458 et
1317 3405 1367 3456 itt
1389 3403 1499 3471 ipsa
1520 3409 1945 3472 trattsgreSsiOtte

352 3477 594 3534 laliOrettt
644 3480 702 3530 et
751 3483 976 3528 lilOl‘lelll
1011 3476 1230 3540 invenit,
1265 3482 1320 3528 et
1367 3472 1679 3526 setnintsuo
1730 3487 1845 3541 post
1888 3490 1947 3529 se

352 3547 470 3618 ipsa
503 3547 806 3618 dereliquit.
831 3550 906 3598 lie
933 3560 1043 3618 quo
1073 3546 1255 3600 labore
1285 3553 1344 3618 et
1369 3556 1538 3618 morte
1585 3557 1663 3618 se
1695 3545 1832 3600 Deus
1878 3546 1947 3601 ad

353 3614 525 3677 Adam
557 3614 722 3672 dixit:
753 3614 816 3670 In
842 3617 1032 3670 sudore
1052 3623 1222 3670 vultus
1271 3616 1345 3669 tui
1377 3615 1708 3668 manducabis
1766 3633 1948 3684 panem

352 3701 532 3754 tuum;
558 3701 613 3745 et
641 3693 831 3744 iterum
861 3689 937 3741 ait
965 3705 978 3742 :
1015 3685 1172 3741 Terra
1199 3704 1283 3752 es,
1312 3698 1356 3739 ct
1385 3690 1437 3740 in
1488 3698 1676 3740 terram
1705 3687 1820 3741 ibis.
1883 3688 1949 3742 Et

355 3763 637 3830 Scriptura
673 3763 773 3815 hoc
809 3760 1086 3813 altirmans
1130 3761 1206 3814 ait
1240 3775 1254 3812 :
1305 3757 1450 3814 Sicut
1480 3774 1644 3830 natura
1690 3761 1744 3811 in
1783 3759 1951 3830 Adam

352 3828 598 3897 data—est,
626 3832 699 3885 ita
719 3832 1064 3885 dominabitur
1085 3831 1136 3885 in
1165 3831 1398 3884 omnibus
1429 3828 1551 3894 ﬁliis
1579 3830 1709 3900 ejus.
1743 3829 1950 3885 Labore

355 3919 486 3974 ergo
507 3947 521 3971 ,
543 3912 599 3958 et
628 3911 822 3967 morte,
851 3911 902 3957 et
928 3903 1165 3966 miseria,
1199 3911 1254 3957 et
1283 3911 1650 3974 corruptione,
1683 3909 1740 3956 et
1782 3906 1952 3956 maie-

354 3972 597 4032 dictione
627 3975 894 4040 inventis,
925 3987 976 4028 et
1005 3976 1126 4029 aliis
1174 3972 1651 4041 innumerabilibus
1681 3974 1952 4041 progeiiiei

353 4063 470 4103 sua:
499 4047 791 4108 dereiictis,
819 4049 932 4112 ipse
961 4060 1082 4100 cum
1115 4046 1322 4100 semine
1348 4049 1400 4098 itt
1431 4040 1664 4098 tenebris
1688 4040 1952 4098 etcrueia-

360 4119 504 4174 tibus
533 4134 561 4170 a
590 4119 677 4174 die
705 4118 893 4172 mortis
914 4133 1024 4172 sua:
1045 4118 1096 4171 iti
1118 4125 1459 4186 pi-tmaaetate
1484 4115 1665 4168 mundi
1697 4130 1863 4182 usque
1884 4116 1949 4172 ad

358 4191 810 4246 resurrectionem
841 4188 1038 4243 Christi
1069 4189 1318 4243 tleiettttts
1349 4197 1450 4241 est.

431 4259 484 4318 ’1.
534 4262 608 4314 Du
627 4275 670 4314 is
699 4266 811 4314 vias
831 4263 956 4314 vite
986 4271 1039 4315 et
1061 4270 1247 4314 mortis
1277 4263 1326 4313 in
1358 4259 1461 4314 hoc
1487 4258 1687 4313 sareulo
1707 4272 1830 4314 esse
1857 4260 1954 4316 du-

361 4333 510 4389 bium
543 4347 648 4384 ttutt
679 4341 780 4396 est,
815 4346 916 4383 una
941 4346 1034 4398 per
1063 4346 1219 4399 quam
1255 4331 1479 4385 feliciter
1513 4342 1739 4398 pergunt
1759 4333 1952 4398 sancti,

358 4407 528 4460 altera
554 4417 648 4473 per
676 4417 833 4470 quam
867 4411 1180 4473 peccatores
1203 4415 1263 4473 se
1293 4403 1439 4473 ipsos
1461 4401 1710 4469 perdunt,
1741 4403 1810 4456 de
1835 4409 1955 4471 qui-

359 4477 460 4532 bus
494 4471 589 4526 viis
637 4471 689 4526 itt
741 4486 913 4540 pr.mo
964 4472 1170 4540 psalmo
1219 4471 1452 4541 Spiritus
1482 4483 1700 4525 sanctus
1747 4475 1824 4526 sic
1849 4483 1954 4530 ait:

360 4545 520 4600 Novit
547 4543 796 4597 Dominus
825 4545 952 4596 viam
974 4545 1243 4611 iustorum,
1265 4553 1311 4597 et
1331 4544 1425 4597 iter
1453 4543 1724 4612 impiorum
1755 4544 1954 4612 peribit.

1973 3235 2020 3298 C

2035 552 2240 626 luxuria
2274 554 2570 621 immunda;
2602 556 2687 611 via
2715 566 3022 612 sanctorum
3055 552 3322 612 Sobrietas
3349 555 3610 626 formosa,

2032 623 2115 678 via
2138 635 2476 696 peccatorum
2502 627 2732 682 ebrietas
2759 630 3057 696 crapulosa;
3078 631 3158 681 via
3181 638 3484 683 sanctorum
3518 623 3622 686 lar—

2033 697 2170 766 gitas
2194 697 2376 761 dandi,
2422 698 2504 751 via
2559 710 2894 765 peccatormn
2947 699 3164 754 avaritia
3208 700 3478 766 servandi;
3531 705 3618 756 via

2033 779 2339 824 sanctorum
2371 769 2702 824 taciturnitas
2754 770 2974 831 silendi.
3004 771 3088 824 via
3140 779 3474 838 peccatorum
3535 774 3621 828 lo-

2034 840 2274 907 quacitas
2308 842 2585 908 vapulandi
2618 843 2758 910 (sic);
2786 845 2868 896 via
2899 853 3204 898 Sanctorum
3233 857 3594 898 con'tntemora
3616 873 3628 886 ι

2038 910 2110 982 tio
2141 911 2286 977 boni,
2322 911 2401 964 via
2437 923 2772 982 peccatorttttt
2801 915 2999 969 oblivio
3031 915 3146 979 Dei;
3197 915 3280 966 via
3311 925 3620 969 sanctorum

2039 980 2196 1036 lectio
2219 980 2541 1048 sancta,‘via
2594 999 2929 1047 peccaorttm
2973 983 3321 1038 marmoratio
3363 1001 3620 1053 praesum-

2039 1055 2208 1120 ptiosa
2233 1055 2372 1124 (sic);
2401 1058 2480 1108 via
2509 1066 2811 1110 sanctorum
2837 1055 3038 1125 μείνω
3062 1067 3114 1110 et
3142 1055 3361 1122 veritas,
3384 1057 3468 1109 via
3503 1072 3626 1124 pec.

2038 1134 2277 1178 calorum
2309 1127 2643 1180 mendacium
2668 1138 2719 1179 et
2755 1129 3002 1194 pravit:t~;
3035 1127 3114 1182 via
3147 1138 3455 1181 sanctorum
3489 1143 3624 1186 con-

2038 1195 2218 1249 cordia
2255 1198 2419 1264 pacis,
2449 1197 2532 1252 via
2565 1212 2899 1266 peccatorutt't
2931 1199 3195 1253 discordia
3247 1198 3612 1259 dissensionis;

2041 1268 2128 1318 via
2161 1279 2466 1322 sanetorttm
2498 1270 2549 1322 iit
2584 1270 2833 1323 omnibus
2861 1270 3060 1338 gratias
3091 1285 3270 1334 agere,
3299 1273 3382 1323 via
3435 1286 3626 1334 pecca-

2040 1346 2214 1390 torum
2245 1352 2456 1405 semper
2483 1340 2783 1408 despiceie;
2820 1343 2908 1394 via
2940 1352 3243 1405 Saitctprum
3270 1341 3417 1395 zelus
3445 1345 3616 1395 bonas

2041 1409 2094 1462 in
2141 1422 2326 1486 amore
2356 1411 2468 1475 Dei,
2494 1413 2575 1464 via
2619 1422 2955 1486 peccatorum
2999 1415 3143 1486 zelus
3178 1413 3347 1465 malus
3395 1422 3446 1466 ct
3477 1427 3626 1466 amor

2041 1481 2246 1545 mundi;
2280 1481 2360 1533 via
2389 1491 2695 1536 sanctorum
2731 1481 3046 1538 monstratio
3075 1485 3237 1547 bona,
3269 1486 3351 1535 via
3375 1495 3626 1549 peccato-

2039 1564 2158 1603 rum
2189 1552 2424 1607 ostensio
2472 1553 2632 1618 mztla;
2679 1555 2757 1607 via
2801 1566 3105 1609 sanctormtt
3157 1554 3519 1610 tltesaurizare
3574 1556 3623 1610 in

2040 1623 2200 1687 coelo,
2231 1625 2314 1675 via
2347 1635 2686 1691 peccatorum
2731 1625 3013 1679 abscottsio
3043 1625 3096 1679 iit
3128 1627 3257 1692 into;
3288 1625 3371 1678 via
3417 1635 3630 1679 saneto-

2043 1707 2160 1764 rutn
2192 1693 2461 1747 humilitas
2483 1692 2703 1760 Christi,
2738 1697 2820 1749 via
2856 1711 3193 1764 peccatorum
3227 1697 3479 1763 superbia
3508 1697 3626 1750 dia-

2043 1761 2590 1828 boti;viasattctorum
2621 1781 2770 1820 amor
2798 1761 2919 1822 vita:
2949 1767 3160 1837 fatone,
3187 1772 3270 1821 via
3288 1761 3628 1831 peccatorum

2042 1848 2194 1907 amor
2218 1838 2339 1890 viae
2372 1838 2642 1904 periturae;
2679 1842 2728 1891 in
2757 1853 2863 1893 una
2894 1838 3092 1892 tollitur
3134 1838 3275 1906 quod
3327 1840 3413 1894 hic
3455 1840 3632 1907 diligi-

2044 1914 2146 1965 tur,
2177 1905 2228 1959 in
2255 1909 2422 1961 altera
2447 1909 2586 1976 quod
2619 1919 2828 1963 amatur
2850 1924 3060 1974 semper
3086 1905 3328 1964 habetur.

2109 1976 2162 2030 8.
2189 1977 2333 2032 Duos
2359 1977 2522 2033 etiam
2549 1978 2784 2035 infernos
2813 1981 2864 2034 iit
2896 1981 3182 2047 Scripturis
3207 1983 3428 2049 legimus
3452 2000 3467 2036 :
3494 1996 3631 2035 unus

2039 2046 2095 2102 in
2123 2055 2284 2115 terra,
2320 2049 2372 2103 in
2402 2065 2508 2116 quo
2562 2053 2853 2119 probantur
2904 2046 3099 2118 sanati,
3144 2046 3282 2106 alius
3308 2053 3407 2107 sub
3460 2063 3625 2118 terra,

2039 2119 2214 2186 inquo
2238 2121 2557 2175 damnantur
2580 2121 2853 2177 daemones
2877 2134 2931 2176 et
2953 2123 3128 2186 impii:
3161 2124 3258 2177 etsi
3284 2139 3392 2178 uno
3416 2124 3633 2177 nomine

2040 2192 2295 2245 nominati
2329 2201 2474 2254 sunt,
2505 2193 2728 2246 multum
2759 2194 2897 2248 inter
2935 2209 2993 2248 se
3022 2194 3248 2260 distant;
3274 2198 3325 2248 itt
3352 2211 3454 2248 uno
3483 2211 3637 2248 nam-
3670 2213 3678 2222 ε

2039 2275 2144 2332 que
2174 2261 2326 2316 labor
2353 2270 2408 2334 rt
2432 2263 2666 2332 requies,
2713 2266 2763 2318 in
2788 2265 2960 2319 altero
2991 2280 3206 2334 semper
3258 2267 3493 2327 misi-ria,
3548 2264 3634 2320 cui

2041 2347 2146 2385 ttott
2173 2339 2257 2405 est
2279 2331 2418 2405 linis.
2448 2331 2748 2390 ln'inl‘erno
2771 2346 3080 2392 sanctorum
3109 2331 3452 2405 coatpunctio
3485 2338 3631 2390 salu-

2041 2405 2190 2477 taris,
2222 2403 2274 2458 in
2328 2404 2540 2460 inferno
2570 2417 2908 2477 peccatorum
2940 2407 3210 2462 cruciatus
3239 2403 3513 2476 poenalis;
3567 2408 3623 2462 in

2041 2473 2255 2528 interno
2283 2473 2592 2531 sani-torum
2627 2477 2938 2548 paenitentia
2969 2493 3117 2542 veta,
3175 2479 3228 2532 in
3263 2473 3471 2532 inferno
3504 2493 3631 2545 pec-

2040 2556 2282 2600 catorum
2311 2549 2624 2616 paenitentia
2649 2565 2791 2616 sera;
2822 2552 2871 2604 in
2893 2548 3104 2604 inferno
3134 2559 3439 2604 sanctorum
3474 2550 3636 2604 abre-

2042 2618 2230 2671 ﬂliS>i0
2261 2633 2368 2686 pia,
2403 2621 2454 2672 in
2490 2618 2703 2676 inferno
2736 2635 3077 2688 peccatorum
3125 2621 3400 2676 damnatio
3442 2621 3586 2688 justa
3615 2637 3630 2685 ;

1997 2739 2000 2742 .
2045 2688 2345 2760 inrittferno
2375 2701 2681 2745 sanctorum
2715 2693 2960 2760 probatio
2992 2708 3112 2747 cum
3140 2696 3544 2759 consolatione,
3577 2692 3632 2745 in

2045 2759 2258 2814 inferno
2291 2774 2629 2828 peccatorum
2664 2759 2822 2830 pinna
2847 2769 2963 2818 sine
2991 2764 3389 2818 intermissione
3417 2781 3430 2828 ;
3463 2763 3518 2818 itt
3548 2765 3633 2818 itt-

2045 2830 2196 2885 ferno
2225 2841 2533 2888 sanctorum
2563 2833 2805 2902 afﬂictio,
2829 2845 2882 2890 et
2913 2835 3023 2890 refe
3042 2835 3157 2900 ~tio,
3189 2835 3240 2889 iit
3267 2834 3477 2889 inferno
3511 2850 3634 2900 pec.

2042 2910 2284 2956 calorum
2313 2918 2527 2976 semper
2552 2907 2845 2973 cruciatto;
2867 2907 2918 2961 itt
2943 2905 3152 2960 inferno
3175 2919 3481 2961 sanctorum
3507 2921 3632 2973 spes

2044 2979 2280 3039 muneris
2307 2977 2621 3043 accipiendi,
2654 2978 2706 3031 itt
2734 2978 2942 3032 interno
2965 2989 3304 3045 peccatorum
3331 2977 3636 3045 desperatio

2045 3059 2218 3114 paena:
2250 3045 2498 3101 ﬁnienda:
2526 3065 2539 3114 ;
2563 3066 2612 3101 ttt
2637 3048 2846 3104 inferno
2870 3059 3181 3104 sanctorum
3207 3051 3446 3103 suavitas
3466 3047 3630 3116 jugis,

2048 3119 2099 3170 in
2134 3118 2346 3172 inferno
2377 3131 2716 3188 peccatorum
2738 3122 2970 3190 gravitas
2989 3120 3285 3176 sustinendi
3307 3137 3319 3185 ;
3343 3121 3394 3174 itt
3421 3120 3635 3174 ittl'ertto

2050 3202 2362 3261 sanctorum
2395 3196 2556 3245 timor
2583 3191 2896 3248 olieitsiotiis
2921 3233 2936 3257 ,
2966 3192 3019 3246 in
3054 3191 3261 3248 inl'eino
3292 3203 3634 3261 peccatorum

2052 3259 2283 3314 vindicta
2315 3264 2862 3333 trattsgressiottis;in
2888 3264 3094 3317 inferno
3117 3259 3425 3318 sanctorutt‘t
3461 3263 3631 3328 labor,

2045 3339 2101 3385 et
2132 3345 2366 3400 requies,
2422 3332 2484 3386 in
2531 3336 2737 3388 interno
2796 3345 3134 3404 peccatovum
3192 3335 3386 3403 injuria
3419 3349 3636 3402 semper

2049 3403 2315 3468 poenalis;
2365 3405 2415 3459 iit
2455 3404 2666 3460 inferno
2706 3403 3012 3462 sanctorum
3063 3407 3298 3461 visitatio
3329 3407 3549 3468 llliil'ml,
3582 3407 3634 3458 iit

2049 3474 2259 3527 interno
2290 3487 2628 3541 peccatorum
2677 3479 2881 3543 oblivio
2930 3479 3254 3532 Visitationis
3284 3494 3300 3542 ;
3333 3478 3385 3530 iit
3422 3479 3636 3530 inl'ct'nt)

2049 3557 2359 3616 sanctorum
2412 3545 2567 3602 ﬂetus
2629 3560 3034 3614 [)(Bltllenllllll),
3061 3548 3114 3601 in
3145 3549 3356 3602 inferno
3388 3558 3634 3616 peccato-

2051 3629 2171 3667 rum
2205 3614 2458 3686 lacrymie
2487 3627 2542 3670 et
2571 3618 2773 3674 stridor
2794 3619 3070 3678 dentium:
3100 3618 3152 3670 in
3179 3614 3400 3672 inferno
3418 3627 3633 3671 sancto-

2052 3700 2171 3739 rum
2197 3701 2300 3739 nox
2323 3699 2376 3740 et
2401 3687 2539 3753 dies,
2570 3686 2622 3741 itt
2657 3690 2868 3743 ittl'erno
2897 3697 3236 3756 peccatorum
3267 3694 3506 3743 tenebrae
3535 3705 3631 3742 ex.

2053 3758 2316 3827 teriores;
2351 3756 2403 3811 itt
2445 3757 2655 3813 inferno
2694 3771 2998 3814 Sanctorum
3047 3759 3340 3827 probantur
3380 3761 3503 3812 boni
3532 3801 3546 3824 ,
3583 3760 3635 3812 in

2054 3823 2264 3881 inferno
2325 3843 2660 3895 peccatorum
2714 3833 3002 3896 puniuntur
3047 3823 3234 3898 pravi;
3307 3830 3359 3882 itt
3424 3823 3636 3886 ittl'erno

2055 3906 2362 3953 sanctorum
2387 3900 2525 3970 ignis
2549 3901 2758 3959 videtur
2785 3914 2836 3956 et
2866 3902 3153 3966 ministrat,
3191 3901 3241 3954 itt
3272 3901 3483 3954 inferno
3513 3915 3637 3968 pec-

2053 3977 2293 4028 calorum
2327 3971 2553 4027 habetur
2597 3985 2650 4028 et
2699 3975 2932 4039 cruciat;
2985 3973 3035 4026 itt
3089 3972 3298 4026 inferno
3325 3983 3634 4026 sanctorum

2055 4041 2365 4096 custodiunt
2391 4043 2599 4114 angeli,
2634 4047 2686 4098 in
2711 4041 2920 4098 inferno
2961 4051 3295 4113 peccatorum
3327 4045 3639 4098 cruciantur

2055 4114 2386 4179 adversarii;
2415 4115 2470 4170 in
2502 4117 2712 4171 inferno
2760 4124 3066 4170 sanctorum
3101 4115 3270 4182 gratia
3291 4155 3306 4180 ,
3337 4115 3640 4184 benignitas

2057 4193 2112 4237 et
2144 4186 2508 4242 misericordia
2529 4230 2544 4254 ,
2589 4187 2640 4242 in
2673 4189 2882 4242 interno
2916 4195 3255 4256 peccatorum
3287 4186 3590 4240 amaritudo
3620 4226 3638 4252 ,

2060 4257 2138 4310 ira
2165 4275 2217 4313 et
2247 4259 2574 4328 indignatio,
2603 4259 2655 4313 in
2689 4260 2898 4313 inferno
2957 4267 3265 4312 sanctorum
3313 4257 3639 4326 adjuvantur

2059 4338 2251 4400 Sancti,
2280 4330 2332 4382 in
2361 4330 2569 4384 inferno
2615 4341 2952 4400 peccatorum
2998 4330 3321 4383 damnantur
3363 4331 3642 4400 daemones

2061 4398 2330 4473 etimpii;
2375 4402 2452 4473 _itt_
2484 4397 2695 4455 inferno
2741 4411 3050 4456 sanctorum
3096 4400 3259 4473 503
3291 4403 3414 4455 boni
3437 4412 3492 4456 et
3514 4397 3642 4456 mali

2063 4470 2174 4542 (sic)
2202 4511 2215 4534 ,
2263 4472 2316 4526 itt
2372 4469 2582 4526 inferno
2617 4482 2954 4542 peccatorum
2989 4469 3374 4528 niltil'tt'aiietur
3400 4473 3554 4536 boni;
3588 4475 3640 4526 in

2066 4539 2275 4596 inferno
2306 4559 2590 4612 pravorum
2617 4539 2724 4599 non
2756 4556 2838 4600 est
2869 4545 2992 4601 ﬁnis
3018 4545 3301 4609 malorum,
3351 4543 3406 4596 itt
3429 4541 3639 4598 inferno

365 4618 456 4671 Via
469 4616 776 4688 sanctorum
797 4607 1208 4688 Dantttiusipse,
1230 4607 1365 4669 sicut
1390 4615 1504 4679 ipse
1523 4607 1686 4668 dixit:
1713 4607 1824 4683 Ego
1845 4631 1959 4670 sum
1989 4607 2043 4668 D
2065 4607 2373 4688 Sanctorum
2403 4629 2528 4685 spes
2552 4626 2632 4670 est
2662 4618 2813 4688 regni
2840 4620 3124 4688 caelorum,

358 4689 465 4754 via,
492 4697 540 4740 et
567 4687 770 4749 veritas,
795 4695 840 4739 et
861 4688 988 4750 vita;
1021 4687 1102 4739 via
1117 4697 1294 4740 autem
1345 4695 1681 4754 peccatorum
1726 4690 1960 4744 tenebra:

359 4769 574 4825 morus,
606 4768 662 4811 ut
691 4760 742 4812 itt
774 4757 1228 4826 Psaltnolegitttr:
1260 4755 1379 4811 Fiat
1402 4758 1483 4810 via
1513 4757 1740 4824 illorum,
1767 4756 1818 4810 id
1851 4770 1954 4828 est,

361 4832 970 4902 peccatoruttt,gtettebrw,
993 4837 1039 4882 et
1063 4829 1330 4883 lubricum.
1374 4829 1464 4883 Via
1489 4839 1792 4902 sanctorum
1827 4829 1958 4887 ﬁdes

359 4899 646 4966 catholica,
674 4899 756 4955 via
781 4909 1114 4967 peccatorum
1141 4902 1422 4956 inﬁdelitas
1444 4915 1624 4969 prava;
1653 4901 1736 4955 via
1755 4909 1960 4957 sancto-

361 4990 482 5029 rum
510 4987 634 5042 spes
666 4981 836 5042 recta,
867 4986 948 5023 vta
977 4983 1312 5038 peccatorum
1345 4973 1492 5026 arida
1521 4973 1844 5041 desperatio;
1873 4973 1958 5029 via

363 5040 676 5100 sanctorum
703 5040 941 5096 charitas
975 5045 1231 5110 pet-lecti,
1266 5042 1348 5096 via
1383 5040 1723 5114 peccatorum
1758 5047 1954 5114 iniqui-

365 5127 448 5169 tas
478 5117 686 5179 odiosa;
713 5114 800 5168 via
830 5121 1135 5166 sanctorum
1165 5113 1436 5182 diligentia
1469 5117 1686 5180 mentis,
1720 5115 1801 5167 via
1835 5113 1958 5180 pec-

366 5199 606 5242 catorum
632 5185 949 5254 negligentia
972 5184 1171 5250 cordis;
1197 5187 1282 5238 via
1313 5193 1619 5238 sanctorum
1652 5187 1810 5240 timor
1838 5184 1952 5251 Dei,

365 5258 815 5327 via'peccatorum
845 5264 1197 5324 transgressio
1228 5257 1458 5310 mandati
1485 5271 1500 5321 ;
1533 5256 1615 5308 via
1645 5265 1953 5310 sanctorum

371 5335 614 5384 voluntas
669 5329 830 5392 bona,
883 5328 962 5380 via
994 5335 1334 5394 peccaturum
1363 5327 1628 5394 cupiditas
1657 5328 1817 5392 mala;
1873 5328 1953 5382 via

368 5410 675 5454 sanctorum
701 5399 872 5452 oratio
902 5397 1138 5464 assidua,
1161 5399 1244 5452 via
1293 5409 1628 5465 peccatorum
1661 5398 1954 5455 verbositas

370 5473 529 5536 mala;
563 5469 643 5523 via
661 5483 964 5523 sanctorum
997 5467 1157 5541 [‘02
1209 5468 1476 5523 confessio
1521 5469 1840 5538 fragilitatis,
1873 5474 1954 5526 via

373 5552 709 5612 peccatorum
741 5543 1012 5595 excusatio
1035 5541 1346 5610 iniquitatis;
1377 5542 1458 5593 via
1491 5551 1796 5594 sanctorum
1826 5559 1954 5597 sttit-

377 5615 584 5680 plicttas
610 5625 763 5680 pura,
789 5612 869 5664 via
903 5619 1240 5679 peccatorum
1292 5613 1593 5666 obscuritas
1647 5613 1948 5680 tenebrosa;

381 5694 787 5738 viasanctorutii
813 5681 1062 5752 patientia
1118 5682 1345 5747 stabilis,
1393 5698 1475 5736 vta
1511 5694 1843 5750 peccatorum
1873 5685 1953 5740 itt-

377 5757 641 5809 stabilitas
674 5757 1017 5822 temporalis;
1053 5754 1134 5811 via
1164 5763 1472 5810 sanctorum
1506 5755 1774 5810 humilitas
1807 5771 1948 5825 vera,

377 5827 460 5879 via
495 5834 828 5894 peccatorum
853 5827 1014 5882 elatio
1042 5827 1335 5895 inquinata;
1383 5827 1466 5880 via
1493 5836 1798 5882 sanctorum
1830 5830 1951 5883 abs-

375 5896 595 5955 tinentia
619 5907 930 5972 temperata,
965 5897 1044 5954 via
1068 5907 1407 5969 peccatorum
1439 5897 1687 5957 nimietas
1721 5897 1950 5965 dissolu-

2135 4687 2187 4739 tl.
2221 4685 2296 4740 De
2345 4689 2601 4742 ebrietate.
2637 4685 2777 4744 Duas
2813 4705 2899 4744 res
2945 4687 3154 4758 reperi,
3188 4696 3241 4758 et
3286 4700 3378 4740 eas
3416 4688 3639 4758 multant

2063 4758 2186 4811 novi
2212 4758 2262 4810 itt
2298 4758 2527 4813 humana
2556 4762 2750 4817 misera
2778 4761 2882 4815 vita
2907 4757 3130 4814 multum
3167 4757 3267 4811 sibi
3297 4757 3594 4813 contrarias
3622 4777 3638 4812 :

2063 4843 2166 4883 una
2205 4839 2424 4884 vocatur
2450 4832 2703 4897 ebrietas,
2737 4832 2906 4886 altera
2937 4829 3232 4898 appellatur
3259 4828 3545 4890 sobrietas.
3573 4831 3644 4886 de

2061 4915 2284 4970 quarum
2310 4903 2686 4957 contrarietate
2712 4916 2874 4971 pauca
2906 4901 3139 4956 breviter
3159 4901 3331 4955 dicam
3362 4917 3374 4953 :
3407 4901 3643 4956 ebrietas

2061 4975 2192 5027 satis
2216 4974 2415 5028 inutilis
2436 4985 2539 5035 est,
2570 4973 2786 5042 indigna
2811 4987 2898 5027 res
2927 4971 2980 5026 in
3013 4972 3163 5033 viris,
3193 4973 3457 5040 impudica
3482 4971 3534 5026 in
3567 4975 3644 5027 te-

2062 5047 2241 5107 mmis,
2272 5044 2656 5099 contumeliosa
2689 5043 2741 5099 itt
2772 5042 2960 5109 servis,
3002 5043 3443 5113 reprehensibilis
3469 5045 3521 5097 in
3552 5059 3642 5098 sa-

2059 5114 2367 5169 cerdotibus
2392 5157 2405 5181 ,
2437 5115 2746 5185 dignitatem
2779 5115 2952 5184 perdit
3000 5114 3054 5168 in
3083 5115 3316 5183 regibus,
3361 5115 3641 5170 veritatem

2059 5186 2389 5240 obliviscitur
2419 5188 2470 5239 iti
2500 5186 2786 5254 judicibus,
2820 5186 3243 5240 misericnrdiam
3275 5187 3420 5241 delet
3465 5187 3516 5238 iit
3557 5189 3643 5240 dio

2060 5259 2276 5320 vitibus,
2306 5257 2474 5311 malos
2504 5271 2682 5313 mores
2715 5269 2898 5323 meiat,
2931 5259 3201 5312 hominem
3229 5267 3396 5312 totum
3424 5268 3647 5312 contur-

2059 5327 2169 5392 bat,
2199 5328 2504 5382 inimicitias
2527 5339 2810 5395 memorat,
2841 5329 3018 5384 cwdes
3056 5338 3110 5383 et
3160 5329 3344 5384 clades
3366 5331 3638 5391 concitat,

2059 5398 2334 5469 patt'tcidia
2380 5404 2516 5454 inter
2565 5411 2813 5467 parentes
2867 5408 3163 5470 praeparat,
3195 5400 3346 5454 rixas
3373 5403 3642 5464 suscitat,

2057 5485 2216 5524 sanos
2245 5478 2485 5525 amentes
2517 5471 2668 5537 facit,
2712 5472 2981 5542 sapientes
3010 5475 3201 5526 stultos
3244 5472 3402 5536 facit,
3431 5479 3644 5526 sobrios

2058 5542 2359 5596 ittsensatos
2385 5543 2579 5607 reddit,
2606 5543 2774 5599 abluit
2806 5545 3141 5606 memoriam,
3161 5543 3377 5599 desecat
3401 5559 3642 5606 sensum,

2057 5613 2278 5682 negligit
2301 5622 2560 5679 mentem,
2593 5613 2870 5670 confundit
2913 5615 3244 5670 intellectum
3274 5657 3290 5680 ,
3325 5615 3560 5668 concitat
3587 5619 3649 5666 Ii-

2057 5685 2320 5756 bidtnetn,
2354 5686 2589 5755 implicat
2619 5702 2946 5752 sermonem,
2981 5689 3277 5755 corrumpit
3301 5687 3642 5756 sanguinem.

2057 5755 2216 5810 violat
2253 5755 2446 5822 visum,
2478 5758 2708 5820 obdurat
2737 5774 2895 5813 aures
2915 5799 2928 5821 ,
2962 5757 3208 5826 strepit’at
3240 5755 3437 5821 risum,
3466 5758 3648 5812 turbat.

2055 5829 2286 5890 viscera,
2315 5829 2512 5882 clamat
2543 5832 2844 5894 inhoneste,
2875 5846 2982 5889 non
3017 5828 3248 5895 loquitur
3275 5839 3442 5892 recte,
3470 5831 3650 5882 ltuati-

2054 5898 2144 5956 dat
2175 5897 2298 5954 thl
2321 5901 2610 5974 Itttatcctzttj
2637 5901 2938 5971 cerebrum,
2968 5898 3166 5970 ﬂagitat
3196 5915 3466 5963 somnum,
3493 5900 3650 5956 delii-
