4100 6344
391 195 557 257 13οΐ

1114 191 1406 261 A'PPEND.
1421 214 1430 224 '
1448 191 1612 262 XXII.
1653 221 1722 234 —-
1759 188 1973 248 GLOSS

2083 187 2146 246 IN
2189 189 2465 264 SACBAM
2502 190 2960 262 SCRIPTURAM.

3543 201 3676 258 1509.

387 311 714 385 passionem
748 306 1510 385 proximiafﬂigituranimus.
1571 307 1784 363 Duobus
1814 307 1986 362 modis
2017 309 2061 377 Α
2092 321 2143 385 e_t
2177 310 2298 366 boni
2332 311 2400 366 de
2442 315 2594 369 malis
2625 313 2889 370 oriuntur.
2950 314 3072 370 Mali
3101 314 3169 371 de
3193 316 3369 385 bouis,
3402 319 3676 378 daatuones

384 383 611 438 locutio
659 379 1236 451 divina'dlstiuguitur,
1266 380 1317 435 id
1365 388 1477 443 est,
1509 387 1600 444 aut
1646 394 1739 447 per
1787 390 1986 434 semet-

386 453 584 522 ipsum
617 453 872 507 Dominus
912 454 1165 522 loquitur,
1197 460 1290 506 aut
1317 465 1414 521 per
1442 461 1742 506 creaturam
1781 451 1988 522 angeli-

379 538 528 580 cam
557 525 716 578 verba
751 524 1064 580 formantur.
1861 523 1864 528 ’

475 595 568 651 16.
605 595 718 649 Duo
751 597 802 648 in
831 596 930 648 hae
959 596 1063 648 vita
1096 603 1220 649 sunt
1248 609 1444 665 genere
1480 592 1745 664 iustorum
1772 608 1788 648 :
1823 608 1986 646 unum

384 667 659 723 videlicet
687 667 822 721 bene
846 668 1157 729 viventium,
1182 669 1274 722 sed
1307 665 1450 719 nulla
1473 667 1811 730 docentium;
1841 665 1986 720 aliud

384 751 536 793 vero
587 748 731 793 recte
776 738 1092 801 viventium,
1141 748 1194 792 et
1238 738 1424 791 eadem
1476 747 1618 790 recta
1657 734 1982 792 docentium.

385 807 627 864 Duobus
657 808 831 864 modis
865 811 1141 875 percussio
1168 809 1346 863 divina
1380 808 1709 876 intelligitur,
1730 809 1900 874 idest,
1933 807 1984 862 in

383 879 601 936 bonam
641 879 806 951 ‘06
858 891 1104 947 partem,
1165 895 1268 948 qua
1321 880 1649 952 percutimur
1689 891 1872 952 carne,
1931 887 1986 932 ut

381 950 756 1014 emendentur
799 952 972 1004 anima
1005 963 1054 1008 et
1090 961 1297 1014 mente;
1331 950 1536 1014 altera,
1589 966 1690 1020 qua
1739 950 1986 1004 vulnera-

385 1037 528 1078 mur
573 1024 902 1078 conscientia
955 1039 1018 1076 ex
1067 1023 1360 1087 cbaritate,
1393 1031 1449 1075 ut
1488 1021 1652 1076 Deum
1707 1021 1984 1076 ardentius

383 1094 711 1165 diligamus.
757 1095 968 1165 Duobus
1003 1095 1174 1147 modis
1207 1095 1342 1148 Deus
1377 1094 1596 1165 respicit
1627 1093 1981 1165 inbomiucs,

388 1165 455 1220 id
494 1163 597 1231 est,
627 1165 710 1220 vel
741 1164 807 1218 ad
839 1165 1066 1231 veniant,
1099 1167 1178 1221 vel
1207 1168 1270 1218 ad
1299 1163 1582 1218 vindictam
1609 1180 1622 1216 :
1647 1163 1712 1218 ad
1749 1165 1980 1230 veniam,

382 1236 545 1291 sicut
573 1239 810 1298 respexit
838 1237 1089 1303 Petrum;
1123 1239 1186 1290 ad
1219 1237 1530 1302 vindictam,
1559 1237 1696 1292 sicut
1725 1237 1776 1290 in
1812 1236 1984 1292 Sodo-

379 1322 542 1362 mam
572 1317 628 1362 et
658 1306 1036 1362 Gomorrliam.

469 1379 564 1434 17.
599 1378 713 1432 Duo
743 1379 979 1433 lati-oues
1029 1393 1150 1433 cum
1177 1377 1391 1433 Christo
1442 1377 1682 1434 cruciﬁxi
1733 1386 1895 1447 sunt,
1930 1380 1980 1435 id

379 1457 502 1516 est,
540 1449 746 1504 Dismas
793 1467 822 1504 a
853 1449 1080 1515 dextris,
1116 1451 1306 1505 Gestas
1355 1465 1384 1502 a
1415 1449 1670 1508 sinistris.
1718 1450 1832 1505 Alia
1881 1466 1980 1505 no-

380 1520 544 1575 mina
577 1520 844 1576 latronum
869 1521 1141 1577 Chaeham
1171 1529 1223 1575 et
1250 1519 1508 1576 Chamna.
1542 1521 1682 1575 Duas
1710 1521 1851 1576 filias
1882 1522 1981 1577 Lot

379 1591 607 1657 habuit,
634 1590 775 1647 ﬁlius
807 1592 986 1647 fratris
1017 1592 1270 1655 Abrahm,
1302 1606 1526 1659 quarum
1559 1607 1662 1646 una
1693 1593 1982 1648 vocabatur

2090 382 2157 458 de
2186 384 2420 458 angelis;
2472 387 2591 458 boni
2621 386 2688 458 de
2733 387 2907 453 malis,
2952 387 3121 440 sancti
3149 391 3215 440 de
3248 382 3512 458 geniibus.
3546 392 3674 450 Mali

2089 454 2157 510 de
2185 455 2357 516 bonis.
2387 457 2574 511 lsmael
2617 457 2684 511 de
2726 458 3018 519 Abraham,
3050 459 3203 511 Moab
3251 454 3306 514 et
3345 460 3575 516 Ammon
3603 465 3674 518 de

2092 525 2222 591 Lm;
2274 525 2394 580 boni
2430 528 2496 581 de
2527 529 2697 592 nzalis,
2727 530 2993 581 Abraham
3022 529 3088 581 tle
3115 531 3407 587 Chaldaeis.
3444 533 3560 586 Hall
3603 534 3672 589 de

2091 598 2260 669 bouis,
2295 599 2495 653 liathan
2543 611 2596 654 et
2623 598 2822 653 Abiron
2865 601 2932 652 ile
2964 597 3118 662 Levi,
3153 593 3329 669 Oplini
3360 612 3414 662 et
3443 604 3672 659 Phineus

2087 667 2157 724 de
2191 670 2326 724 Heli.
2377 671 2504 724 Doni
2536 672 2604 726 de
2632 672 2809 734 malis,
2845 669 2983 726 llutb
3012 686 3074 724 ac
3104 667 3258 727 Moab
3305 683 3360 732 et
3409 675 3555 729 Raab
3601 677 3670 729 de

2088 740 2359 794 Chanaan.
2405 743 2523 796 Mali
2576 741 2645 802 de
2683 743 2856 804 bonis,
2906 742 3046 810 quod
3090 753 3214 798 ante
3259 743 3416 799 debui
3465 746 3682 809 dicere,

2086 810 2219 884 gain
2256 813 2324 876 de
2359 814 2550 877 Adam,
2586 815 2759 884 κει-(ιε
2791 813 2902 884 Noe
2943 813 3153 884 tiliam,
3189 813 3370 872 Bonus
3409 815 3476 869 de
3506 819 3666 884 malo,

2086 879 2356 944 Juuatlian
2385 883 2452 940 de
2479 883 2622 940 caui.
2657 882 2818 938 Malus
2844 883 2911 939 de
2943 883 3105 950 bono,
3129 883 3360 944 Absalon
3387 885 3454 940 de
3478 879 3664 942 David.

2085 954 2218 1022 Quid
2245 955 2394 1023 plura
2425 953 2638 1008 dicam?
2671 955 2761 1011 Sic
2793 955 2934 1010 enim
2966 956 3067 1008 crit
3095 969 3260 1023 usque
3288 956 3338 1010 in
3369 955 3550 1020 tinem,
3609 969 3668 1012 et

2086 1023 2153 1077 de
2194 1025 2349 1078 bouis
2385 1027 2540 1088 mali,
2573 1040 2625 1079 et
2654 1024 2720 1079 de
2754 1027 2905 1080 malis
2937 1025 3095 1092 boni;
3128 1041 3248 1080 cum
3291 1037 3467 1082 autem
3503 1043 3665 1082 vene-

2085 1097 2175 1159 rit,
2200 1098 2288 1164 qui
2316 1098 2462 1150 solus
2491 1097 2762 1168 bouusest
2793 1097 2959 1151 bonos
2989 1112 3017 1150 a
3048 1096 3200 1160 malis
3229 1099 3550 1168 segregabil.

2157 1167 2241 1219 19.
2279 1167 2417 1223 Duos
2445 1169 2584 1221 viros
2614 1167 2786 1223 adhuc
2814 1168 2962 1221 vivos
2993 1168 3248 1231 legimus;
3286 1167 3379 1222 Sed
3413 1169 3498 1222 ubi
3529 1177 3654 1223 sunt
3736 1207 3745 1219 .

2084 1235 2190 1290 vivi
2229 1246 2282 1291 et
2326 1239 2646 1304 abscouditi,
2701 1240 2986 1293 nescimus.
3025 1238 3170 1294 Unus
3202 1240 3268 1294 ab
3298 1240 3460 1302 Adam
3494 1245 3663 1309 septi-

2085 1323 2221 1372 mus,
2268 1319 2321 1361 et
2369 1309 2552 1364 Enoch
2607 1311 2932 1375 nominatus,
2987 1311 3122 1364 alter
3172 1325 3300 1364 vero
3346 1311 3515 1379 Elius,
3570 1311 3661 1379 qui

2086 1393 2253 1452 usque
2281 1379 2351 1452 ad
2378 1381 2570 1452 coelum
2603 1382 2654 1434 iu
2683 1396 2842 1436 curru
2873 1382 3030 1452 igneo
3061 1388 3143 1434 est
3172 1389 3386 1450 raptus;
3430 1380 3497 1434 de
3528 1383 3665 1452 diio-

2086 1449 2184 1533 bus
2209 1449 2441 1505 breviter
2483 1451 2740 1520 diximus,
2787 1449 2962 1518 tamen
2992 1453 3145 1518 satis,
3178 1449 3302 1521 quia
3331 1453 3397 1506 ad
3426 1461 3533 1506 tres
3580 1450 3665 1506 fe-

2083 1531 2368 1577 stinamus.
2460 1544 2466 1549 λ
2575 1535 2580 1541 “
2700 1548 2712 1560 ο

2152 1591 2401 1658 20.1’res
2441 1608 2669 1659 persona:
2717 1593 2999 1657 Trinitatis,
3044 1595 3097 1648 in
3146 1608 3248 1648 una
3299 1602 3561 1663 potestate
3608 1601 3666 1647 et

369 1662 607 1746 Adaeb,
639 1678 758 1746 qua:
810 1664 1014 1746 peperit
1049 1663 1396 1746 patriLtllium
1453 1667 1672 1717 nomine
1703 1664 1877 1746 Moab,
1896 1665 1978 1746 _de
2012 1686 2056 1746 Β
2085 1664 2384 1746 majestate,
2419 1664 2595 1728 l’aler,
2617 1665 2812 1746 filius
2855 1672 2912 1720 et
2960 1665 3193 1746 Spiritus
3243 1662 3496 1746 senatus,
3545 1680 3664 1746 qua:

379 1747 507 1803 quo
536 1733 780 1790 Moabitae
805 1735 909 1789 orti
953 1744 1099 1790 sunt.
1129 1734 1312 1789 Altera
1361 1748 1510 1797 vero,
1541 1750 1660 1802 qua:
1689 1736 1978 1790 vocabatur

367 1803 610 1869 Moach,
637 1821 756 1872 qua:
781 1815 836 1860 et
865 1805 1111 1876 similiter
1142 1806 1278 1876 patri
1314 1818 1414 1860 suo
1443 1805 1650 1873 peperit
1681 1805 1844 1861 lilium
1876 1821 1976 1862 no-

377 1877 541 1931 mine
571 1879 820 1942 Ammon,
855 1875 924 1932 de
952 1892 1057 1944 quo
1087 1875 1411 1931 Amuioniize
1459 1877 1726 1930 exierunt.
1777 1876 1840 1931 Hi
1871 1879 1977 1931 duo

376 1947 492 2001 ﬁlii
528 1964 632 2002 non
661 1949 777 2002 siue
803 1949 960 2016 culpa
987 1949 1093 2008 nati
1116 1956 1260 2010 sunt,
1290 1948 1414 2016 quia
1443 1954 1594 2016 pater
1623 1949 1759 2016 filias
1785 1962 1976 2003 uxores

381 2017 604 2084 habuit,
650 2026 705 2073 et
735 2018 837 2074 hoc
869 2013 976 2072 non
1023 2013 1457 2082 voluntas,’sed'
1477 2017 1708 2072 ebrietas
1737 2013 1892 2085 fecit;
1925 2027 1978 2074 ει

379 2087 465 2142 ita
497 2090 652 2158 culpa
686 2089 824 2143 miro
852 2091 1011 2143 modo
1041 2101 1123 2144 est
1153 2088 1310 2155 facta,
1347 2099 1404 2142 ut
1435 2098 1584 2156 pater
1613 2088 1749 2146 filias
1781 2105 1976 2146 uxores

383 2158 641 2226 haberet,
675 2169 730 2214 et
773 2176 988 2214 sorores
1018 2170 1215 2214 matres
1247 2159 1504 2215 fratribus
1551 2158 1704 2214 facta)
1745 2169 1890 2226 sunt,
1922 2171 1978 2216 et

522 2231 780 2285 matribus
811 2232 1018 2313 fratres
1049 2233 1281 2313 fuerunt,
1313 2233 1435 2313 quia
1463 2231 1531 2286 de
1559 2231 1768 2313 sentiae
1811 2234 1976 2313 patris

366 2301 522 2356 ﬁliae
552 2313 690 2356 natas
716 2313 860 2369 sunt,
891 2313 946 2356 et
987 2305 1054 2357 de
1081 2305 1286 2357 semine
1336 2301 1526 2356 iterum
1557 2302 1724 2370 patris
1753 2301 1976 2358 in‘lilia-

379 2372 497 2426 bus
528 2374 618 2428 lilii
649 2383 773 2427 sunt
803 2373 1101 2443 procreati;
1147 2385 1200 2427 et
1239 2374 1359 2429 ideo
1388 2375 1504 2427 haec
1537 2374 1819 2444 progenies
1865 2390 1976 2428 ma-

377 2457 552 2514 gnam
579 2445 1006 2500 maledictiouem
1035 2445 1248 2506 meruit,
1282 2460 1402 2514 qua:
1429 2460 1595 2513 usque
1620 2448 1686 2500 ad
1713 2444 1974 2500 decimam

373 2517 795 2584 generationem
825 2515 878 2571 in
909 2517 1206 2571 Ecclesiam
1245 2517 1333 2572 Dei
1364 2532 1470 2570 non
1515 2517 1754 2570 intravit.
1803 2517 1865 2570 Et
1899 2525 1976 2570 ta-

376 2600 519 2640 men
547 2585 687 2641 Ruth
709 2587 988 2643 Moabitida
1023 2587 1158 2642 bona
1188 2589 1382 2641 femina
1421 2588 1537 2654 fuit,
1571 2603 1688 2656 quin
1719 2589 1769 2641 in
1799 2601 1976 2657 gene-

369 2657 652 2712 rationem
688 2659 889 2714 Christi
925 2670 1128 2727 partem
1164 2659 1362 2714 habere
1393 2661 1610 2713 meruit.
1665 2659 1779 2726 Ipsa
1828 2660 1972 2714 enim

369 2737 567 2783 mater
605 2730 690 2783 avi
734 2730 901 2785 David
953 2729 1078 2794 fuit;
1114 2731 1278 2785 David
1327 2745 1560 2798 namque
1611 2729 1750 2784 filius
1793 2728 1970 2794 lesse,

373 2798 544 2872 desse
595 2801 734 2872 illius
762 2800 958 2867 Ubeth,
1005 2802 1176 2857 Ubeth
1206 2803 1350 2856 lilius
1381 2802 1539 2867 Booz,
1573 2810 1628 2856 et
1659 2811 1830 2855 mater
1855 2801 1974 2872 ejus

373 2868 552 2945 Ruth.
581 2871 726 2945 {\vus
753 2875 895 2945 enim
924 2883 1072 2942 pater
1104 2875 1274 2945 patris
1294 2881 1394 2927 est.

460 2943 548 2997 l8.
581 2942 727 2998 Duos
759 2944 897 2998 illius
930 2945 1074 3000 Isaac
1109 2942 1327 3011 habuit,
1377 2958 1514 2998 unus
1547 2944 1660 2998 Deo
1690 2943 1972 3012 reprobus,

376 3021 440 3067 et
468 3015 604 3067 alter
633 3017 836 3069 electus
890 3016 1004 3069 fuit.
1040 3015 1129 3069 Sic
1159 3018 1300 3069 enim
1329 3016 1606 3083 Scriptura
1655 3016 1732 3070 ait
1760 3032 1773 3069 :
1807 3014 1972 3068 Jacob

377 3084 568 3150 dilexi,
599 3095 648 3138 et
674 3085 815 3153 Esau
841 3087 958 3139 odio
985 3085 1175 3150 habui;
1219 3097 1274 3142 et
1320 3087 1422 3140 hoc
1469 3102 1576 3140 non
1623 3087 1738 3142 sine
1787 3084 2016 3153 causa,‘

370 3158 510 3223 quia
543 3157 700 3209 ambo
730 3156 823 3210 lilii
855 3158 980 3212 boui
1010 3159 1197 3225 patris,
1225 3167 1280 3213 et
1321 3158 1481 3212 ambo
1504 3156 1700 3212 uterini
1731 3161 1785 3212 in
1817 3167 1971 3213 utero

381 3226 555 3297 bona;
576 3227 784 3290 matris,
813 3236 868 3280 et
898 3237 1074 3282 tamen
1122 3230 1324 3283 electus
1371 3229 1734 3297 supplantavit
1783 3243 1972 3297 repro-

379 3293 513 3368 bnm
543 3294 601 3348 iu
623 3305 778 3350 utero
823 3300 1029 3363 matris,
1077 3307 1132 3352 et
1181 3293 1532 3368 primogenita
1581 3301 1632 3354 ei
1691 3293 1884 3366 rapuit,
1916 3307 1972 3355 et

379 3365 821 3422 benedictionem
869 3372 1068 3435 patris;
1102 3365 1195 3422 sed
1239 3365 1487 3424 ideo'hoc
1516 3368 1683 3424 voluit
1710 3365 1849 3425 Deus
1874 3371 1968 3432 ita,

380 3437 508 3508 quia
538 3453 726 3492 omnes
765 3438 924 3493 electi
952 3438 1018 3493 de
1044 3439 1210 3494 .Iacob
1238 3450 1363 3494 sunt
1408 3442 1534 3508 orti,
1563 3449 1618 3493 ct
1669 3439 1735 3494 de
1763 3442 1970 3495 semine

382 3507 531 3580 ejus,
565 3519 634 3580 et,
652 3518 828 3563 tamen
872 3509 1162 3580 rcprobum
1191 3527 1294 3564 non
1322 3511 1609 3580 dereliquit
1655 3510 1816 3576 Deus,
1844 3512 1969 3580 quia

379 3577 487 3652 ,ιρι
522 3588 588 3652 et
615 3579 708 3634 Dei
757 3577 966 3652 servus,
1015 3591 1069 3634 et
1101 3596 1189 3636 rex
1221 3591 1370 3637 ortus
1399 3592 1482 3637 est
1507 3577 1570 3636 ex
1602 3596 1800 3652 genere
1827 3577 1965 3648 ejus.

382 3647 452 3703 Et
484 3649 604 3706 ideo
636 3654 738 3707 hoc
766 3647 1003 3708 breviter
1031 3655 1346 3719 memoravi,
1378 3653 1500 3724 quia
1531 3647 1662 3710 ma'li
1691 3653 1759 3709 de
1787 3647 1966 3720 bonis,

390 3817 1263 3842 Mu—

1264 3823 2514 3849 w—

2021 1734 2056 1752 "'
2085 1743 2463 1805 tres'persouaa
2493 1735 2631 1803 apud
2665 1736 2916 1789 llebrteos
2952 1734 3028 1791 sic
3058 1747 3315 1790 vocantur
3339 1736 3503 1800 Abba,
3535 1734 3664 1800 Ben,

2080 1803 2254 1860 Rubri.
2302 1807 2456 1876 Apud
2488 1821 2615 1860 vero
2645 1805 2864 1862 Graecos
2897 1805 3072 1871 Pater,
3099 1805 3223 1871 Bar,
3253 1810 3523 1876 quomodo
3563 1822 3663 1860 au-

2081 1885 2185 1948 tem
2219 1878 2405 1932 Graece
2423 1876 2583 1948 5.07
2610 1878 2840 1945 Spiritus
2867 1877 3082 1942 dicitur,
3115 1877 3287 1932 adhuc
3318 1893 3422 1932 non
3454 1877 3657 1932 inveni.

2079 1945 2158 2000 illi
2208 1959 2383 2002 tamen
2437 1945 2795 2018 d-fcuntageos
2843 1949 2983 2014 quod
3007 1949 3193 2002 Latine
3237 1959 3392 2004 sonat
3422 1958 3662 2003 sanctus.

2078 2019 2220 2074 Abba
2249 2028 2416 2086 pater,
2445 2017 2552 2073 Ben
2581 2017 2744 2085 illius,
2771 2019 2919 2073 Ruba
2943 2018 3170 2088 Spiritus
3209 2029 3445 2074 sanctus.
3501 2019 3658 2088 Pater

2081 2097 2257 2144 tamen
2300 2087 2542 2144 Graecum
2592 2098 2695 2153 est,
2743 2100 2798 2144 et
2839 2087 3027 2144 Latine
3067 2097 3223 2144 sonat
3269 2091 3499 2159 genitor.
3548 2087 3659 2142 Bur

2080 2159 2286 2224 Graece,
2322 2160 2460 2215 (ilius
2507 2160 2714 2215 Latine.
2745 2161 2978 2215 Trinitas
3003 2161 3181 2226 itaque
3211 2160 3408 2215 dicitur
3441 2170 3659 2229 propter

2080 2245 2428 2301 personarum
2458 2231 2847 2301 diversitatem,
2893 2230 3070 2288 unitas
3103 2247 3228 2285 vero
3259 2241 3478 2300 propter
3508 2233 3657 2286 iuse—

2079 2300 2371 2372 parabilem
2422 2303 2638 2357 deitatis
2691 2300 3067 2357 substantiam.
3122 2301 3280 2356 Pater
3328 2303 3540 2366 dicitur,
3602 2315 3666 2356 eo

2077 2374 2218 2444 quod
2264 2373 2456 2428 habeat
2499 2372 2720 2440 Filium,
2768 2383 2822 2428 et
2869 2376 3042 2427 omnis
3087 2373 3401 2442 pateruiias,
3443 2373 3662 2444 quasi"

2079 2442 2238 2510 έωιο,
2269 2456 2318 2499 ει
2350 2445 2400 2499 in
2435 2456 2574 2500 terra
2603 2455 2705 2505 est.
2739 2444 2790 2498 in
2817 2460 2882 2498 eo
2911 2453 2966 2498 et
2992 2459 3056 2499 ex
3087 2459 3154 2500 eo
3184 2446 3514 2498 nominatur.
3565 2442 3662 2497 Fi-

2079 2516 2179 2569 lius
2219 2517 2435 2583 dicitur,
2470 2532 2534 2571 eo
2573 2515 2714 2585 quod
2759 2517 2951 2570 haheat
2982 2515 3219 2576 Patrem.
3249 2515 3484 2579 Spiritus
3531 2527 3661 2585 vero

2077 2598 2410 2653 sanctus,'eo
2441 2584 2640 2657 quod'a
2669 2587 2822 2641 Patre
2849 2598 2902 2641 et
2931 2586 3064 2641 Filio
3109 2586 3371 2657 procedit.
3402 2585 3551 2657 Deus
3579 2584 3661 2638 di-

2077 2659 2217 2712 citur
2261 2654 2479 2728 propter
2525 2666 2876 2727 potestatem,
2908 2667 2962 2712 et
2991 2654 3368 2728 diluetionem;
3404 2654 3662 2728 Dominus

2077 2729 2272 2784 dicitur
2301 2727 2520 2799 propter
2563 2728 3021 2795 dominationem;
3067 2727 3410 2799 omnipotens
3439 2727 3660 2799 dicitur,

2077 2801 2198 2870 quia
2215 2797 2618 2871 omnia—potest,
2635 2801 2718 2854 cui
2737 2800 2866 2854 nihil
2891 2799 3219 2872 impossibile
3247 2806 3352 2854 est.
3374 2798 3438 2872 Et
3453 2797 3660 2872 s_i_Deus

2077 2869 2432 2941 Omnipotens
2467 2880 2571 2937 est,
2615 2872 2742 2940 quid
2790 2880 2872 2926 est
2913 2869 3051 2940 quod
3086 2885 3190 2924 nou
3225 2869 3436 2939 potest?
3469 2869 3522 2923 Id
3553 2878 3662 2932 est,

2077 2957 2185 2998 non
2229 2943 2587 3016 potestilalli,
2619 2957 2723 3016 non
2754 2952 2930 3012 potest
2968 2941 3133 3004 mori,
3169 2957 3272 2994 non
3314 2949 3488 3011 potest
3528 2951 3662 3016 pec-‘7

2079 3027 2227 3070 care.
2271 3015 2375 3070 Per
2416 3015 2628 3070 Patrem
2659 3013 2906 3080 vivimus,
2939 3027 3215 3068 movemur
3240 3019 3295 3064 et
3319 3027 3534 3076 sumus;
3568 3013 3664 3076 per

2079 3084 2271 3140 Filium
2307 3087 2592 3151 rationem,
2627 3097 2677 3139 et
2713 3085 3014 3150 scientiam,
3047 3092 3102 3139 et
3134 3083 3468 3138 intellectum
3498 3082 3664 3134 habe-

2077 3171 2230 3223 tuus;
2287 3171 2379 3226 per
2405 3158 2664 3226 Spiritum
2703 3169 2947 3210 sanctum
3001 3155 3363 3226 donisbunis
3407 3153 3661 3226 omnibus

2077 3225 2673 3283 illustramur.’Tribus
2720 3227 2894 3281 modis
2949 3227 3087 3282 Deus
3140 3225 3357 3288 dicitur,
3435 3225 3487 3278 id
3541 3233 3662 3287 est,

2077 3300 2455 3366 essentialiter,
2487 3309 2543 3352 ut
2575 3298 2772 3353 Paulus
2798 3299 2930 3353 dicit
2962 3314 2976 3350 :
3015 3297 3113 3364 Qui
3159 3305 3232 3350 est
3272 3297 3563 3366 benedictus
3605 3294 3664 3347 in

2076 3373 2286 3424 swcula.
2317 3365 2702 3439 Nunciipative,
2733 3379 2789 3423 ut
2825 3371 3078 3424 Dominus
3107 3367 3274 3439 lloysi
3303 3367 3432 3439 dicit
3469 3382 3482 3418 :
3529 3365 3668 3439 (Ion:

2075 3442 2220 3494 stitui
2254 3451 2300 3494 te
2345 3442 2398 3495 in
2438 3433 2603 3494 De'um
2631 3439 2937 3494 Pharaonis.
2990 3439 3166 3501 False,
3196 3433 3263 3490 'ut
3302 3437 3537 3492 dicitur:
3571 3433 3663 3487 .llit'

2075 3512 2165 3580 qui
2196 3527 2298 3566 non
2329 3507 2554 3580 fecerunt
2588 3512 2767 3564 (mlum
2790 3520 2836 3580 et
2859 3521 3045 3564 terram
3071 3517 3297 3579 pereant.
3329 3509 3462 3562 'l‘res
3491 3521 3587 3580 res
3607 3504 3664 3560 in

2081 3575 2342 3649 principio
2371 3581 2569 3637 creavit
2598 3581 2757 3643 Deus,
2790 3579 2841 3634 id
2872 3589 2973 3644 est,
3007 3575 3246 3649 angelos,
3278 3589 3332 3633 et
3357 3616 3370 3630 .
3399 3615 3414 3633 .
3442 3614 3456 3630 .
3491 3586 3546 3631 et
3576 3575 3664 3637 in-

2079 3653 2304 3708 formem
2337 3653 2635 3708 tuateriam.
2669 3649 2891 3723 (Desunt
2923 3650 3076 3720 otia.)

3153 3819 3661 3848 *σπι-...οε

1512 3930 2120 4023 ΑΡΡΕΝΒΙΧ
2193 3930 2501 4014 XXII.

1405 4074 1695 4134 GLOSSIE
1736 4074 1800 4132 lN
1839 4073 2122 4132 SACRAM
2163 4062 2632 4128 SCRlPTURAM.

1484 4194 1569 4252 Ea:
1595 4195 1781 4252 Codice
1808 4193 1964 4252 veleri
1994 4194 2018 4249 l
2049 4188 2262 4246 archivii
2293 4185 2553 4244 Vaticani.

1029 4306 1344 4366 GENESIS.

451 4423 581 4481 Car.
609 4437 650 4480 ι.
681 4422 910 4490 Spiritus
933 4422 1031 4495 I_)ei
1061 4425 1336 4495 ferebatur.
1371 4421 1710 4480 Providentia
1737 4422 1973 4494 qualiter

380 4505 576 4553 cuncta
622 4504 877 4552 creasset.
931 4492 1070 4548 Fiat
1105 4496 1211 4549 lux.
1265 4494 1378 4564 Ipsa
1429 4506 1512 4550 est
1541 4511 1659 4564 quie
1692 4492 1877 4564 postea
1918 4495 1968 4550 in

379 4583 508 4621 vasa
555 4568 700 4631 caeli,
753 4566 855 4621 hoc
902 4576 1023 4631 est,
1078 4567 1279 4632 sidera,
1313 4565 1732 4621 diffundebatur.
1799 4565 1965 4622 Dixit.

382 4640 486 4694 l’er
530 4638 751 4694 verbum
800 4653 956 4692 suum
1009 4637 1150 4692 fecit.
1202 4635 1377 4692 Mane.
1430 4637 1644 4692 Initium
1674 4646 1964 4693 creatum.

395 4711 628 4780 Vespere.
687 4709 835 4764 Finis
879 4707 1146 4779 ejusdem.
1195 4706 1505 4780 Imaginem,
1555 4708 1963 4780 similitudinem.

382 4779 568 4850 imago
598 4781 791 4836 eminet
839 4780 892 4835 iu
930 4782 1120 4850 spiritu
1153 4779 1414 4848 hominis;
1459 4779 1758 4837 similitudo
1787 4782 1842 4836 in
1871 4780 1970 4836 bo-

382 4853 468 4906 nis
497 4852 776 4921 Operibus.
812 4874 816 4883 λ

456 4956 512 4996 ιι.
562 4938 830 4997 Patrarat.
890 4938 1213 4996 Perfecerat.
1265 4940 1594 4998 Paradisum.
1641 4941 1755 4997 Duo
1799 4950 1962 4999 sunt:

383 5027 548 5067 unum
575 5021 867 5070 terrenum,
897 5011 985 5064 ubi
1015 5011 1181 5064 Adam
1223 5010 1339 5080 fuit,
1369 5017 1595 5067 alterum
1627 5015 1950 5069 caelestium.

380 5083 606 5156 Lignum
651 5083 786 5149 vitae,
829 5083 1024 5152 lignum
1051 5082 1291 5137 scientia.
1343 5081 1399 5137 in
1430 5083 1671 5138 custodia
1703 5087 1955 5155 praecepti

456 5220 708 5276 Cessats.
737 5251 806 5295 τ·-
835 5221 962 5277 Car.
1003 5237 1066 5295 t._
1081 5222 1158 5295 De
1188 5222 1270 5277 his
1298 5223 1488 5295 glossis
1526 5224 1747 5280 consule
1785 5222 1957 5295 lsido-

384 5293 556 5355 riana,
584 5307 705 5362 cap.
733 5293 824 5362 65,
855 5309 1002 5350 num.
1035 5289 1106 5346 58
1131 5301 1185 5348 ει
1213 5289 1362 5364 seqq.
1391 5295 1576 5364 Incipit
1597 5295 1779 5350 Codex
1814 5313 1828 5350 :
1861 5294 1960 5351 Dei

386 5364 671 5434 ferebatur;
706 5365 930 5419 fortasse
957 5365 1150 5420 deinde
1177 5365 1458 5436 legendum
1488 5367 1757 5432 providens
1785 5367 1958 5436 quali-

383 5436 791 5508 liter.Scr_iptum
820 5444 934 5490 erat
952 5451 1151 5508 greasse
1175 5451 1268 5505 pro
1291 5446 1524 5491 creasset.
1564 5437 1957 5508 lnterpunctum

381 5517 496 5562 erat
521 5505 721 5559 verbum
744 5522 910 5561 suum.
942 5503 1088 5561 Fecit
1115 5503 1279 5562 vitane.

454 5591 511 5632 ιι.
531 5577 585 5632 in
615 5577 833 5647 Vulgata
859 5589 939 5632 est
962 5579 1272 5648 plantaverat
1303 5595 1399 5648 pro
1426 5590 1679 5651 patraret.
1712 5579 1960 5637 Fortasse

382 5645 662 5724 legendum
688 5645 820 5703 unus
840 5645 1270 5724 terrenus...al:cr
1291 5645 1520 5724 celestis.
1537 5651 1738 5706 Glossa:
1763 5652 1958 5724 lignum

354 5717 539 5808 ⁵ιήιιιξ,
592 5727 722 5788 etc.,
756 5732 985 5790 possent
1032 5719 1187 5778 aliter
1233 5721 1498 5792 ordinari,
1545 5737 1643 5780 seu
1696 5717 1952 5795 tratisjici.
2003 5797 2010 5801 .

2005 4311 2052 4375 υ
2080 4306 2303 4375 scientia
2337 4309 2455 4356 erat
2481 4298 2630 4375 boni.
2659 4295 2836 4375 poni
2856 4308 2905 4355 et
2934 4299 3079 4375 mall.
3126 4301 3186 4375 in
3237 4303 3662 4375 transgressione

2077 4374 2299 4445 scientia
2331 4379 2449 4426 erat
2475 4371 2945 4445 mali._Birlellium.
2979 4371 3035 4427 lu
3061 4373 3254 4429 arbore
3282 4373 3574 4445 colligitur,
3605 4383 3662 4429 et

2079 4454 2163 4501 est
2211 4444 2556 4514 pigmentum.
2611 4442 2804 4508 Evilat.
2859 4446 2972 4501 lloc
3017 4453 3097 4501 est
3144 4442 3434 4516 proprium
3463 4442 3661 4500 nomen

2079 4524 2257 4572 terrae.
2889 4522 2894 4527 '

2150 4603 2223 4643 tu.
2262 4585 2602 4641 Perizomata.
2667 4586 2990 4644 Femoralia.
3051 4587 3373 4642 Versatilem.
3433 4585 3658 4640 Vibran-

2077 4665 2210 4716 tem.
2245 4657 2520 4714 Versatilis
2549 4658 2745 4716 dicitur
2771 4673 2866 4728 pro
2897 4673 2991 4725 eo,
3034 4658 3172 4727 quod
3205 4656 3525 4727 quandoque
3568 4674 3658 4712 vc-

2078 4732 2247 4787 nisset
2277 4737 2573 4801 tetupugut
2599 4733 2759 4785 etiam
2791 4729 3053 4801 removeri
3083 4729 3362 4801 potuisset.

2146 4801 2310 4874 408
2359 4799 2430 4856 tv.
2475 4799 3003 4874 Concidit.__blutavit
3047 4799 3304 4874 coloreur
3333 4799 3510 4874 vultus
3553 4801 3636 4874 sui

2077 4869 2192 4931 Sin:
2218 4869 2418 4930 Sinon
2449 4871 2544 4927 sic.
2571 4872 2848 4926 Maledicta
2879 4879 3013 4924 terra
3044 4871 3097 4924 in
3135 4869 3376 4940 operibus
3408 4871 3528 4925 tuis.
3565 4870 3660 4925 Ilio

2075 4961 2181 5002 non
2213 4955 2377 5013 npe'ra
2404 4941 2635 5010 colendi,
2664 4941 2757 4998 sed
2795 4945 3007 5009 peccata
3054 4942 3324 5013 exprimit.
3379 4941 3544 4995 Num.
3571 4941 3632 4995 Di

2071 5019 2170 5073 cis.
2200 5012 2367 5071 Eden.
2414 5014 2850 5084 sacratissimum
2880 5014 3051 5083 ipsum
3081 5012 3313 5084 paradisi
3346 5013 3520 5069 locum
3571 5014 3656 5067 iu-

2070 5095 2410 5160 terpretatur.
2439 5083 2626 5138 Porro.
2660 5082 2941 5140 Videlicet.

2067 5227 2292 5296 Vulgata
2338 5225 2498 5283 habet
2525 5225 2804 5292 bdellium;
2851 5222 2944 5280 sed
2977 5221 3136 5296 apud
3164 5219 3457 5296 scriptores
3486 5221 3653 5296 medii

2067 5291 2464 5368 aevi'reperitur
2490 5291 2789 5353 bidellium.
2832 5296 2984 5349 [’rius
3026 5291 3149 5368 fieri
3180 5291 3402 5346 deberet
3447 5295 3652 5368 mentio

2069 5363 2333 5435 ﬂevilollt,
2362 5378 2420 5423 ut
2449 5379 2530 5424 est
2562 5374 2611 5424 in
2638 5369 2882 5437 Vulgata,
2913 5380 3008 5420 seu
3033 5363 3221 5437 Evilat,
3253 5377 3410 5432 quam
3444 5363 3645 5437 bdellii.

2142 5455 2215 5494 iv.
2250 5433 2593 5510 .ln'Vulgata,
2641 5433 2945 5494 ntaledictus
2973 5433 3074 5510 eris
3107 5450 3260 5510 super
3299 5443 3515 5510 (erraui,
3543 5436 3645 5488 nisi

2067 5509 2182 5565 lucc
2213 5513 2372 5567 verba
2401 5505 2474 5567 εἰ
2498 5505 2615 5581 cap.
2644 5525 2700 5566 ιιι
2721 5511 2829 5576 huc
2859 5508 3112 5562 translata
3130 5505 3269 5581 sint,
3297 5506 3387 5559 ubi
3425 5507 3643 5581 Vulgata

2067 5582 2246 5651 habet,
2289 5597 2431 5638 vers.
2467 5583 2531 5636 17
2564 5577 2580 5635 Ξ
2630 5582 2904 5636 Maledicta
2944 5590 3080 5632 terra
3103 5577 3178 5651 in
3211 5592 3360 5651 opere
3396 5593 3510 5632 suo.
3557 5577 3645 5630 Ex

2064 5668 2203 5709 vers.
2235 5648 2270 5709 Ξ)
2300 5669 2419 5725 cap.
2458 5669 2510 5709 iV
2539 5654 2833 5710 desumitur
2862 5666 3008 5720 num,
3039 5648 3245 5706 scilicet
3287 5648 3428 5704 Num
3453 5655 3646 5714 custos,

2061 5733 2166 5780 εις.
