4100 6344
319 327 454 387 1531

1110 319 1401 377 APPEND.
1440 319 1631 378 XXIII.
1666 348 1740 363 --
1776 317 1865 377 DE
1896 315 2382 379 PROPBIETA'I‘E
2420 322 2817 383 SERMONUM.

3436 328 3455 383 I
3466 327 3573 384 322

317 447 566 506 interest,
594 438 737 508 quod
768 437 941 493 famur
963 452 1096 515 cum
1114 437 1312 506 aliquid
1348 438 1574 515 dicimus
1618 436 1888 515 facunde;
1917 440 1970 497 Α
2065 438 2229 515 429
2262 437 2355 515 i5.
2388 437 2531 492 Inter
2544 456 2699 515 orare
2727 450 2779 515 et
2803 438 3129 515 precarilioc
3155 439 3396 509 interest,
3423 452 3565 515 quod

316 516 581 582 loquimur
611 520 794 565 natura
822 526 836 573 ;
871 509 1295 565 sermocinamur
1323 508 1536 576 quando
1564 520 1750 562 contra
1790 508 1888 562 ali-

316 600 473 658 quem
504 597 750 658 sermone
776 582 1145 635 contendimus
1173 596 1188 644 ;
1218 594 1495 658 narramus
1527 582 1707 658 docte.

381 655 473 711 28.
516 655 658 709 Inter
685 663 883 716 tenere,
911 667 1109 706 sumere
1137 658 1194 706 et
1221 652 1451 721 accipere
1484 652 1583 704 hoc
1630 650 1885 719 interest,

316 726 453 798 quod
487 737 730 780 tenemus
761 739 878 791 qua:
906 726 1110 798 suntin
1152 733 1334 777 nostra
1378 730 1679 792 potestate;
1727 722 1891 776 sumi-

316 794 434 857 mus
462 800 631 867 posita
657 813 672 862 ;
708 798 999 861 accipimus
1028 794 1173 867 data.

383 863 477 923 29.
520 868 663 921 Inter
686 864 1248 937 aspicere,suspicere,
1280 863 1549 935 inspicere,
1583 865 1892 937 prospicere,

317 940 596 1010 despicere,
628 935 842 1002 intueri,
872 936 1071 1010 uidere,
1102 946 1331 1002 spectare
1362 947 1413 989 et
1437 938 1595 1010 uisere
1625 938 1726 1010 huc
1755 935 1896 988 inte-

317 1006 461 1075 rest,
491 1006 631 1081 quod
665 1020 761 1062 nos
790 1008 1076 1081 aspicimus
1105 1020 1268 1073 casu;
1301 1006 1624 1081 suspicimus
1653 1007 1708 1061 in
1738 1020 1899 1081 supe-

317 1076 525 1138 riorem
563 1088 798 1149 partem,
846 1079 925 1131 vel
965 1092 1322 1145 veneramur;
1373 1079 1722 1145 inspicimus,
1764 1076 1901 1149 judi-

317 1153 487 1206 caturi
519 1168 534 1219 ;
566 1148 949 1219 prospicimus
1005 1164 1122 1218 qua:
1164 1149 1320 1215 longe
1365 1157 1527 1215 sunt;
1572 1148 1901 1214 desiiicimus

318 1222 629 1277 inferiorem
662 1230 897 1286 partem,
932 1219 1015 1274 vel
1060 1220 1361 1287 languidam
1394 1236 1408 1283 ;
1463 1220 1732 1275 intuemur
1779 1232 1900 1272 cum

318 1309 481 1349 causa
511 1310 525 1359 ;
558 1292 804 1347 videmus
841 1301 1023 1344 natura
1053 1308 1081 1361 ;_
1100 1292 1321 1344 visimus
1347 1300 1591 1357 experta.

390 1364 482 1419 50.
514 1358 666 1418 Inter
708 1368 1018 1433 furoremet
1045 1358 1320 1433 insaniam
1345 1364 1446 1414 hoc
1476 1362 1730 1426 interest,
1761 1358 1904 1430 quod

319 1435 472 1492 furor
503 1429 980 1500 vitium'tempoi-is
1009 1441 1121 1498 est;
1152 1429 1359 1486 insania
1393 1443 1671 1498 perpetua.

392 1506 483 1559 5|.
523 1507 661 1559 Inter
684 1504 842 1557 alium
864 1514 915 1556 et
939 1507 1154 1557 alterum
1186 1504 1287 1559 hoc
1316 1504 1561 1571 interest,
1604 1502 1745 1572 quod
1772 1501 1908 1557 alius

296 1591 351 1643 _a
376 1577 580 1641 multis,
617 1576 751 1629 alter
777 1592 804 1627 ει
835 1575 1063 1629 duobus.

394 1649 486 1703 32.
532 1648 671 1701 Inter
701 1646 861 1700 scelus
890 1655 945 1698 et
978 1646 1180 1715 facinus
1206 1643 1311 1699 hoc
1339 1643 1591 1709 interest,
1623 1643 1765 1713 quod
1792 1657 1910 1715 sce-

320 1719 407 1775 lus
453 1720 655 1773 crimen
699 1728 801 1781 est,
836 1717 1036 1771 Iacinus
1067 1716 1228 1771 etiam
1272 1715 1327 1768 in
1372 1714 1529 1770 laude
1583 1723 1732 1772 recte
1779 1714 1912 1769 dici-

320 1800 447 1854 tur;
475 1790 765 1845 Sallustius
794 1787 923 1841 dicit
952 1790 1135 1841 bonum
1158 1787 1375 1855 facinus.

390 1859 483 1919 33.
529 1862 671 1915 Inter
696 1859 832 1913 dona
871 1868 925 1913 et
954 1875 1167 1912 munera
1199 1859 1297 1910 hoc
1328 1856 1569 1920 interest,
1600 1858 1738 1925 quod
1770 1855 1911 1909 dona

322 1932 434 1987 Deo
464 1932 689 1995 dantur,
722 1946 942 1983 munera
988 1928 1294 1982 hominibus
1325 1928 1652 1990 tribuuntur.
1699 1927 1767 1981 Et
1796 1942 1914 1981 mu-

325 2019 457 2058 nera
510 2003 705 2072 quibus
735 2002 1001 2065 homines,
1036 1999 1088 2053 id
1127 2010 1209 2052 est
1235 1998 1433 2052 milites
1455 1997 1634 2054 ofﬁcio
1678 1998 1914 2068 fungun-

329 2085 439 2138 tur,
474 2090 590 2144 qua:
622 2072 836 2140 quidem
881 2073 1061 2123 munia
1099 2080 1373 2144 iocantur.

401 2138 505 2200 54.
542 2138 682 2197 Inter
708 2153 891 2196 vestem
915 2151 970 2193 et
1001 2141 1354 2193 vestimentum
1378 2138 1479 2192 hoc
1504 2139 1749 2204 interest,
1773 2139 1915 2208 quod

331 2228 515 2270 vestes
548 2213 864 2268 feminarum
901 2210 1172 2274 dicuntur,
1206 2212 1519 2264 vestimenta
1542 2252 1556 2276 ,
1587 2211 1843 2264 virurum.

402 2284 495 2343 55.
532 2287 671 2339 Inter
698 2283 967 2337 humidum
997 2293 1049 2336 et
1077 2282 1285 2334 uvidum
1335 2281 1437 2335 hoc
1480 2281 1732 2346 interest,
1775 2279 1919 2350 quod

334 2357 616 2413 humidum
682 2356 902 2407 omnino
954 2352 1289 2421 permaduit,
1346 2352 1607 2416 uvidum,
1658 2357 1802 2422 quod
1852 2351 1917 2405 ad

332 2432 574 2483 medium
608 2442 779 2497 usque
810 2428 1071 2492 pervenit.

409 2498 499 2554 5b.
546 2492 706 2552 Inter'
734 2505 875 2550 vetus
910 2506 964 2549 ct
1000 2504 1248 2549 vetustum
1304 2494 1408 2550 hoc
1471 2493 1732 2561 interest,
1779 2492 1919 2563 quod

335 2582 495 2626 vetus
541 2584 684 2624 novo
735 2577 1099 2636 comparatur,
1158 2582 1189 2622 e
1235 2565 1508 2622 contrario
1536 2575 1803 2620 vetustum
1854 2565 1923 2619 ad

338 2642 716 2711 antiquitatem
750 2640 1003 2693 refertur.

408 2705 498 2766 57'.
543 2713 685 2766 Inter
717 2723 909 2765 terrere
935 2717 991 2763 et
1040 2710 1291 2764 deterrere
1334 2708 1441 2763 Iioc
1490 2708 1734 2771 interest,
1780 2705 1924 2777 quod

345 2785 625 2854 pii'terret
654 2784 841 2839 timere
885 2781 1046 2851 cogit,
1079 2782 1170 2851 qui
1202 2781 1440 2835 deterret
1471 2779 1717 2850 prohibet
1740 2793 1924 2848 perse-

332 2869 462 2910 vera
470 2870 547 2910 re.
642 2895 648 2901 -
668 2904 671 2906 .
1440 2900 1443 2903 .

404 2927 495 2982 58.
541 2924 682 2981 Inter
709 2924 896 2992 solum,
930 2915 1111 2986 unum,
1141 2921 1453 2988 solitarium,
1500 2929 1555 2975 et
1581 2921 1789 2974 unicum
1820 2924 1924 2975 hoc

335 2997 582 3063 interest,
631 2996 771 3065 quod
824 2998 990 3060 solus,
1031 2995 1120 3064 qui
1166 3010 1196 3047 a
1244 2993 1456 3048 caneris
1499 2994 1751 3065 relictus;
1793 3007 1924 3045 unus

332 3066 546 3124 initium
601 3064 890 3122 multorum
923 3069 1064 3135 agit;
1095 3066 1368 3119 solitarius
1392 3064 1510 3135 _qui
1558 3080 1771 3132 semper
1810 3065 1928 3117 sine

333 3118 549 3196 Egisti;
598 3118 785 3205 vivit;
813 3118 1295 3192 unicu’si'ltabetur
1343 3118 1489 3190 solus
1532 3118 1752 3205 pr0pt‘er
1807 3137 1923 3189 ino-

335 3211 484 3280 piam
511 3213 760 3264 aliorum.

414 3284 506 3337 39.
552 3283 692 3335 Inter
715 3280 1023 3351 aplueresin,
1051 3294 1310 3351 syncOpen
1337 3286 1393 3351 et
1418 3293 1680 3348 apocOpen
1723 3277 1825 3335 hoc
1847 3280 1929 3335 in-

339 3360 533 3412 terest.
567 3352 710 3421 quod
740 3346 851 3421 sola
876 3346 1174 3421 aplneresis
1202 3363 1273 3402 ex
1301 3346 1469 3416 prima
1495 3346 1647 3416 parte
1675 3353 1821 3406 vocis
1844 3351 1921 3417 ﬁt,

336 3421 551 3480 litteras
581 3418 637 3477 et
661 3420 895 3492 syllabas
918 3418 1214 3475 detrahens
1230 3460 1246 3486 ,
1278 3427 1353 3483 ut,

492 3534 547 3585 Si
568 3544 730 3596 genus
750 3532 1034 3592 humanum,
1060 3536 1112 3582 et
1134 3527 1356 3580 mortalia
1378 3543 1600 3580 rmms
1622 3542 1774 3593 arma,

336 3654 441 3709 pro
465 3638 832 3694 contemnitis.
864 3636 1115 3705 Syncope
1148 3638 1379 3709 mediam
1436 3636 1608 3704 perdit
1657 3647 1719 3709 ut
1754 3638 1930 3709 Appii.

338 3708 451 3764 rent
477 3711 582 3763 rari
612 3720 811 3771 nantes,
845 3725 939 3773 pro
967 3717 1225 3761 natantes.
1257 3708 1509 3775 Apocope
1535 3722 1603 3761 ex
1629 3708 1815 3763 ultima
1842 3708 1927 3773 Ill,

340 3789 405 3836 ut‘
431 3786 614 3835 domus
643 3783 766 3834 luxu
791 3780 1088 3844 instruitur,
1121 3781 1170 3833 id
1204 3788 1307 3843 est,
1340 3777 1565 3831 luxuria.

414 3852 507 3908 40.
552 3853 694 3906 Inter
722 3853 1063 3906 soloecismum
1112 3859 1167 3904 et
1204 3849 1575 3903 barbarismum
1616 3850 1717 3904 hoc
1758 3849 1929 3904 inter-

343 3934 450 3988 est,
488 3926 630 3994 quod
673 3925 1014 3979 solmcismus
1046 3924 1101 3975 in
1149 3936 1313 3976 sensu
1352 3923 1433 3987 Iit,
1478 3920 1845 3976 barbarismus
1874 3923 1931 3976 in

340 4010 496 4051 νοεθ.

414 4068 507 4121 41.
548 4066 694 4122 Inter
720 4067 957 4119 relictum
985 4072 1040 4120 et
1064 4064 1321 4118 desertum
1356 4062 1465 4135 hoc
1492 4063 1740 4135 interest,
1783 4064 1928 4135 quod

341 4138 696 4209 relinquimus
730 4137 1026 4209 voluntate,
1056 4133 1561 4209 (IBSCI'IIIIIIS‘IHVIII.

419 4204 519 4263 42..
553 4210 694 4263 Inter
726 4208 953 4262 misereri
1001 4217 1053 4261 et
1081 4207 1315 4259 miserari
1340 4204 1464 4258 'ltoc
1511 4206 1758 4272 interest,
1789 4207 1931 4276 quod

344 4282 670 4335 miseremur
697 4294 819 4332 cum
861 4278 1051 4333 eodem
1084 4291 1346 4346 tempore,
1377 4286 1431 4330 et
1457 4277 1523 4330 de
1553 4278 1780 4344 alicujus
1803 4292 1930 4331 casu

344 4349 497 4404 dolet
540 4350 713 4411 nobis,
747 4361 802 4402 et
844 4350 1188 4401 subventurus
1238 4349 1531 4411 laboranti;
1567 4348 1812 4401 miserari
1850 4358 1934 4403 est

343 4421 614 4476 consolari
640 4431 869 4486 tantum,
899 4430 954 4473 et
979 4421 1115 4473 intra
1141 4416 1391 4471 affectum
1421 4420 1621 4471 doloris
1646 4432 1788 4473 esse.

1956 3172 2006 3236 C

1992 526 2145 568 orare
2176 510 2365 564 dicitur
2395 513 2644 583 quoniam
2672 511 2785 564 oris
2826 514 2964 563 ratio
2992 510 3210 575 dicitur,
3243 522 3296 565 ct
3324 517 3413 583 qui
3440 510 3569 576 ὐηη

1995 585 2440 664 etimrprecatur,
2465 582 2554 659 qui
2588 592 2738 664 rogat
2762 583 3115 664 deprecatur;
3143 599 3244 635 non
3274 582 3454 652 utique
3480 596 3569 657 qui

1994 661 2245 782 precatur
2274 662 2415 718 orat,
2435 656 2559 722 quia
2591 654 2751 708 etiam
2778 652 3011 723 imperiti
3035 652 3100 707 ad
3137 668 3324 723 preces
3349 652 3573 718 descen-

2037 734 2148 780 unt.

2070 796 2160 871 4b.
2184 794 2617 871 Inter_nescire_et
2638 794 2876 865 ignorare
2899 794 3000 871 line
3035 796 3277 871 interest,
3312 801 3452 869 quod
3482 804 3574 871 qui

1998 869 2171 925 nescit
2193 864 2429 918 omnium
2450 866 2630 919 notitia
2652 864 2821 927 caret,
2838 866 2926 934 qui
2948 867 3157 936 ignorat
3177 864 3375 936 aliquid
3405 864 3576 927 nescit

2071 936 2159 993 45.
2205 937 2346 1013 Inter
2376 938 2597 1007 legatum
2626 945 2680 1013 et
2708 946 2964 1013 amtorem
3014 941 3115 1013 hoc
3157 940 3401 1007 interest,
3432 948 3576 1013 quod

2001 1012 2206 1080 legatus
2243 1006 2449 1062 electus
2487 1017 2570 1062 est
2602 1008 2666 1060 ad
2696 1006 2930 1060 officium
2963 1024 2991 1061 a
3023 1010 3259 1075 civitate,
3293 1023 3346 1065 et
3376 1006 3463 1066 est
3494 1032 3581 1070 sa-

2003 1093 2346 1143 crosanctus;
2378 1090 2578 1150 orator,
2609 1079 2674 1130 ad
2699 1080 2959 1132 orandum
2990 1082 3205 1150 missus,
3241 1090 3297 1135 ut
3324 1086 3433 1138 oris
3454 1099 3585 1139 ora-

2005 1154 2151 1207 tione
2180 1159 2409 1215 expmiat
2444 1149 2584 1218 quod
2621 1152 2769 1214 petit.

2076 1222 2167 1275 46.
2213 1220 2350 1274 Inter
2381 1222 2608 1295 tardum,
2641 1222 2862 1295 pigrum,
2894 1221 3109 1295 inertem
3144 1232 3197 1276 et
3237 1241 3437 1295 segnem
3482 1227 3583 1283 hoc

2008 1294 2264 1367 interest,
2284 1291 2423 1358 quod
2485 1291 2918 1367 tardnsutlicitur
2944 1293 3056 1367 __qui
3112 1291 3581 1367 traltit'tempus;

2007 1365 2175 1440 iners,
2223 1362 2339 1415 sine
2382 1371 2547 1440 arte_,__
2573 1361 2782 1440 nullius
2814 1363 2977 1416 officii
3026 1379 3233 1431 capax;
3268 1368 3415 1435 piger
3433 1361 3455 1436 ,’
3495 1361 3589 1440 per

2008 1434 2187 1491 omnia
2218 1448 2360 1500 :egro
2390 1433 2609 1497 similis;
2641 1438 2839 1499 segnis.
2873 1443 3085 1487 emotus
3111 1447 3192 1489 est
3217 1452 3245 1489 a
3272 1433 3478 1494 calore.

2083 1504 2172 1559 47.
2218 1503 2357 1575 Inter
2388 1513 2561 1575 natum
2588 1514 2641 1557 et
2667 1515 2879 1574 gnatum
2922 1509 3022 1558 hoc
3054 1507 3295 1571 interest,
3321 1512 3461 1575 quod
3497 1526 3593 1565 na-

2013 1587 2099 1632 tus
2135 1573 2528 1655 particulariter
2549 1591 2579 1628 a
2609 1573 2769 1629 verbo
2800 1575 2969 1641 nasci,
3002 1585 3190 1645 gnatus
3225 1573 3422 1635 dicitur
3449 1582 3593 1639 filius

2014 1664 2044 1702 a
2076 1656 2439 1717 generatione.

2085 1715 2174 1773 18.
2218 1717 2358 1770 Inter
2382 1715 2643 1793 infamem.
2656 1724 2709 1769 et
2736 1720 2990 1793 famosum
3046 1716 3146 1771 hoc
3175 1718 3418 1793 interest,
3448 1724 3591 1793 quod

1940 1808 1990 1867 Β
2018 1788 2255 1867 famosus
2279 1787 2465 1867 tamin
2493 1787 2633 1867 bona
2660 1788 2988 1855 cogitatione
3010 1803 3168 1858 quam
3193 1791 3244 1845 in
3268 1787 3428 1858 mala,
3454 1787 3596 1850 infa-

2017 1860 2117 1915 mis
2152 1869 2354 1912 tantum
2386 1858 2437 1911 in
2470 1858 2627 1910 mala.

2086 1927 2179 1984 49.
2220 1930 2363 2007 Inter
2381 1930 2701 2007 juventutem
2730 1938 2780 2007 et
2802 1930 3066 2007 juventam
3096 1933 3197 2007 hoc
3227 1933 3449 1990 interest
3472 1950 3487 1994 :
3507 1936 3598 2007 ju-

2018 2012 2212 2055 ventus
2260 2002 2453 2053 dicitur
2501 1999 2788 2072 multitudo
2806 1999 3107 2067 ’juvenum,
3148 2002 3390 2072 juventa,
3441 1999 3598 2063 unius

2020 2082 2175 2138 aetas,
2208 2073 2287 2125 vel
2318 2072 2477 2125 etiam
2500 2069 2599 2123 dea
2625 2070 2941 2136 juventutis.

2092 2139 2362 2216 50._ln_tcr
2385 2144 2535 2194 decus
2563 2150 2615 2216 et
2645 2141 2880 2216 decorem
2910 2143 3010 2195 hoc
3046 2143 3300 2216 interest,
3332 2148 3475 2216 quod
3503 2148 3603 2205 de-

2021 2227 2118 2268 cus
2145 2214 2210 2267 ad
2245 2212 2491 2266 virtutem
2521 2211 2771 2276 refertur,
2804 2211 2968 2264 deCIll'
2993 2213 3056 2265 ad
3085 2229 3301 2282 corpus.

2094 2284 2182 2338 51.
2227 2283 2370 2359 Inter
2398 2299 2555 2359 supra
2582 2290 2637 2336 et
2677 2296 2831 2350 super
2862 2282 3239 2359 hoc_int_crest_,
3274 2288 3414 2359 quod
3443 2304 3605 2359 super

2024 2366 2130 2481 pstb
2157 2358 2297 2424 quod
2362 2356 2581 2418 eminet,
2629 2367 2790 2422 supra
2846 2353 2986 2423 quod
3028 2356 3224 2424 aliquid
3272 2353 3603 2416 substratum

2045 2442 2091 2480 ta
2134 2437 2205 2480 et.

2045 2437 2205 2480 IaDt‘I.

2096 2495 2185 2552 52.
2227 2497 2372 2551 Inter
2400 2505 2608 2562 metum,
2644 2494 2879 2549 timorem
2916 2505 2971 2550 et
3013 2514 3249 2567 pavorem
3297 2499 3398 2554 hoc
3439 2502 3607 2556 inter-

2026 2578 2128 2636 est,
2160 2569 2299 2637 quod
2329 2578 2500 2623 metus
2526 2567 2702 2621 futura
2729 2570 3005 2636 prospicit,
3023 2569 3184 2623 timor
3211 2570 3384 2625 subita
3409 2573 3603 2629 mentis

2029 2643 2401 2696 c0nsternatiu
2444 2648 2551 2703 est,
2602 2652 2770 2704 pavor
2808 2648 2987 2693 autem
3032 2648 3228 2694 motus.
3277 2641 3403 2698 Inde
3438 2645 3605 2700 etiam

2027 2712 2217 2781 pavida
2245 2714 2481 2780 jumenta
2514 2711 2759 2763 dicimus.

2100 2782 2190 2839 55.
2216 2784 2356 2837 Inter
2384 2798 2577 2845 omnes,
2602 2789 2811 2833 cunctos
2851 2789 2906 2854 et
2934 2781 3193 2836 universos
3235 2782 3334 2838 hoc
3360 2791 3607 2854 Interest,

2032 2858 2174 2923 quod
2206 2869 2395 2907 ()IIIIIES
2427 2866 2653 2927 quorum
2702 2852 2903 2927 mentio
2938 2864 3045 2917 est,
3074 2854 3251 2927 cuncti
3279 2856 3369 2921 qui
3412 2852 3610 2927 ubique

2033 2936 2180 2992 sunt,
2212 2924 2446 2978 universi
2477 2923 2565 2993 qui
2600 2923 2649 2975 in
2681 2939 2787 2976 uno
2815 2923 2932 2976 loco
2957 2926 3119 2978 versi.

2104 2996 2194 3052 54.
2230 2997 2372 3052 Inter
2395 2999 2591 3049 undam
2611 3003 2665 3047 et
2685 3009 2872 3064 aquam
2906 2993 3007 3047 hoc
3031 2995 3278 3066 interest,
3298 2998 3441 3066 quod
3466 2998 3608 3056 unda

2032 3071 2247 3138 COpiosa
2278 3083 2414 3138 aqua
2448 3077 2548 3133 est,
2578 3079 2714 3125 aqua
2746 3074 2829 3121 est
2853 3065 3130 3120 naturalis.

2105 3137 2269 3211 [.30
2313 3137 2403 3212 55.
2441 3138 2771 3212 Intertacere
2802 3145 2858 3192 et
2879 3138 3029 3212 silere
3060 3138 3161 3191 hoc
3194 3138 3440 3212 interest,
3470 3142 3615 3212 quod

2035 3206 2351 3281 qui'd'esinit
2384 3209 2531 3275 loqui
2559 3209 2710 3281 silet,
2734 3218 2787 3261 et
2817 3206 2907 3281 qui
2932 3223 3039 3281 non
3070 3209 3233 3276 carpit
3271 3206 3431 3265 tacet.

2108 3280 2197 3337 56.
2240 3284 2379 3335 Inter
2428 3280 2700 3343 auxilium,
2751 3279 3050 3348 prasidium
3089 3291 3143 3334 et
3183 3281 3470 3335 subsidium
3510 3282 3615 3337 hoc

2034 3354 2282 3420 interest,
2308 3352 2448 3421 quod
2478 3351 2734 3404 auxilium
2761 3350 3125 3404 laborantibus
3151 3350 3398 3417 mittitur,
3431 3354 3617 3420 praesi~

2036 3426 2183 3478 dium
2219 3432 2573 3492 praeparatur,
2604 3421 2903 3475 subsidium
2948 3429 3227 3490 servatur,
3256 3432 3311 3477 ttt
3333 3439 3453 3478 cum
3487 3439 3618 3481 exe-

2035 3497 2175 3566 gerit
2199 3493 2496 3551 necessitas
2517 3493 2695 3566 detur.

2108 3567 2196 3619 57.
2240 3566 2382 3618 Inter
2427 3564 2624 3629 insequi
2651 3572 2706 3616 et
2749 3563 2987 3630 consequi
3019 3562 3121 3616 hoc
3156 3562 3423 3634 interest,
3473 3567 3619 3634 quod

2035 3639 2268 3690 amicum
2296 3634 2677 3703 consequimur
2704 3635 3121 3702 praecedentem,
3153 3633 3621 3703 insequimur’ini-

2038 3722 2255 3762 IIIIHIIII.

2109 3777 2199 3831 58.
2246 3779 2388 3831 Inter
2415 3776 2725 3849 principium
2753 3772 3174 3849 etinitiumchoc
3204 3771 3457 3849 interest,
3476 3777 3621 3847 quod

2039 3850 2356 3920 principium
2406 3843 2857 3915 totius'corporis
2899 3854 3003 3909 est,
3053 3843 3263 3901 initium
3311 3848 3462 3916 quasi
3492 3843 3623 3923 pri-.-

2110 3992 2202 4046 59.
2229 3992 2369 4047 Inter
2388 3991 2635 4045 simulare
2658 3996 2709 4043 et
2726 3986 3055 4042 dissimulare
3082 3986 3183 4041 hoc
3206 3987 3452 4057 interest,
3479 3991 3623 4056 quod

2040 4063 2354 4117 simulamus
2380 4063 2521 4133 quod
2548 4062 2815 4115 nescimus
2839 4067 2894 4114 et
2916 4072 3174 4128 negamus
3204 4060 3433 4127 nescire,
3462 4061 3627 4117 dissi-

2040 4137 2308 4190 mulamus
2336 4151 2451 4202 qua
2483 4134 2705 4188 selinus.

2111 4210 2198 4260 ou.
2242 4200 2385 4260 Inter
2425 4204 2649 4258 simulet
2691 4202 2918 4255 simitum
2949 4200 3051 4254 hoc
3079 4200 3322 4267 interest,
3369 4204 3509 4271 quod
3548 4206 3623 4259 si-

2041 4278 2171 4338 mul,
2202 4289 2259 4330 ut
2289 4293 2389 4329 una
2431 4291 2518 4328 res
2547 4277 2744 4343 pariter
2767 4276 3002 4336 clareat,
3036 4282 3092 4324 ut
3121 4289 3132 4323 :
3166 4271 3342 4344 Simul
3366 4274 3616 4344 legimus,

2040 4349 2191 4402 simul
2240 4350 2523 4401 scribimus.
2556 4344 2804 4399 Simitum
2853 4343 2987 4397 lucri
3030 4343 3224 4411 recipit
3275 4346 3624 4411 significatio-

2040 4432 2188 4483 nem,
2223 4419 2373 4485 quasi
2403 4416 2721 4470 simulitum.

418 4551 510 4608 33.
544 4551 661 4605 Vat.
687 4549 791 4607 624
819 4549 1011 4623 :Alnter
1044 4564 1179 4605 nom
1216 4559 1263 4602 et
1303 4563 1519 4602 uomens
1543 4550 1635 4603 hoc
1670 4551 1876 4605 interest
1914 4568 1933 4607 :
1959 4542 2015 4602 ι)
2045 4569 2179 4610 uons
2204 4555 2378 4622 utique
2405 4564 2476 4607 est
2498 4569 2601 4623 qua
2634 4553 2804 4606 anima
2826 4563 3096 4621 separatur
3117 4568 3147 4604 a
3175 4568 3403 4616 corpore,
3436 4568 3622 4607 INFER-

345 4623 500 4678 DONA
528 4624 767 4676 dicuntur
790 4621 912 4691 (sic)
943 4624 1265 4692 (unguntur;
1305 4634 1532 4692 attinens
1558 4633 1728 4674 autem
1757 4623 1938 4677 dicun-

348 4703 431 4761 tur
460 4696 697 4761 obsequia
739 4690 850 4762 quite
891 4690 1407 4762 pauperes_divitibus
1463 4692 1515 4742 in
1560 4692 1672 4744 loro
1715 4695 1937 4749 muneris

349 4769 573 4819 solvunt.
590 4760 759 4819 Aliter
770 4779 907 4818 pons
928 4764 1117 4817 dantur
1134 4760 1265 4826 Deo,
1290 4776 1503 4815 nonem
1528 4762 1817 4817 hominibus
1844 4767 1938 4818 tri-

349 4838 598 4891 buunlur.

423 4908 511 4962 45.
548 4907 673 4961 Post
704 4905 840 4959 hanc
868 4903 1226 4958 diti'erentiam
1268 4902 1321 4956 in
1350 4901 1472 4957 Vat.
1507 4902 1611 4955 624
1649 4905 1890 4975 sequitur
1919 4925 1932 4960 :

352 4976 499 5032 Inter
527 4992 739 5032 rursum
772 4987 819 5028 et
844 4990 1108 5039 LACUNAII,
1139 4976 1191 5025 id
1240 4985 1344 5041 est,
1373 4989 1691 5038 crsrsnssu,
1725 4981 1817 5030 hoc
1856 4978 1937 5030 in-

355 5057 525 5115 terest,
556 5048 693 5118 quod
714 5060 938 5118 rursus
964 5060 1061 5118 ρει·Δ
1094 5055 1269 5111 puteos
1328 5043 1531 5112 (Forte,
1567 5062 1719 5107 puras
1762 5050 1936 5116 putas)

355 5113 519 5189 aquas
534 5113 705 5181 habet,
731 5127 779 5169 et
802 5116 865 5167 de
892 5114 1002 5167 vivo
1033 5113 1171 5182 fonte
1190 5125 1483 5176 manantes;
1515 5113 1793 5189 clamans,
1824 5113 1938 5185 qud

353 5187 649 5259 refrigerat,
677 5203 838 5253 aquas
869 5200 986 5237 suas
1007 5194 1242 5236 externas
1278 5193 1323 5235 et
1350 5187 1660 5259 adventicius
1688 5190 1932 5252 possidet.

353 5255 598 5313 —'Aliud
629 5269 701 5312 est
754 5272 905 5320 LOQUI
939 5270 987 5309 IN
1037 5269 1287 5316 ransom,
1333 5255 1475 5305 aliud
1520 5270 1586 5307 Αυ
1616 5272 1933 5312 rumorem:

354 5333 408 5383 in
440 5346 657 5401 persona
684 5345 785 5401 non
804 5330 898 5397 ipsi
923 5327 1149 5396 loquitur
1192 5339 1442 5401 ριενιεοηιιτεΥ
1466 5326 1553 5375 sed
1591 5341 1682 5391 pro
1720 5345 1936 5394 persona

358 5398 585 5470 loquitur
611 5403 678 5453 ad
695 5400 860 5459 alios;
888 5402 954 5451 ad
979 5412 1246 5464 personam
1280 5398 1651 5470 vero_loq:ieus,
1674 5400 1741 5449 ad
1773 5401 1936 5468 ipsam

358 5463 530 5542 siqnifi
560 5483 679 5524 atur
707 5469 943 5542 conferre
957 5483 1257 5521 sermonem.
1282 5494 1351 5542 -_—-
1382 5463 1527 5518 Inter
1554 5463 1931 5537 runNtcsnun,

358 5539 425 5596 εἴ
452 5539 766 5597 suun'rsnsu
792 5544 884 5591 hoc
926 5540 1162 5602 interest,
1187 5539 1321 5607 quod
1352 5552 1667 5592 ruastcsnu
1706 5551 1776 5593 est
1823 5557 1938 5610 qua:

359 5627 475 5667 cum
501 5613 732 5682 pluribus
771 5611 1062 5682 copulatur,
1094 5623 1397 5682 annuens,
1425 5623 1541 5673 qutz
1591 5626 1747 5661 unum
1775 5613 1938 5666 cirum

361 5679 624 5751 deserens,
649 5683 798 5735 alteri
836 5680 1097 5751 jungitur.
1128 5679 1370 5751 -—lnter
1400 5694 1593 5732 Vincas
1620 5691 1666 5733 et
1691 5697 1934 5739 CREUERE

361 5755 456 5808 hoc
474 5750 700 5819 interest,
729 5752 863 5823 quod
888 5750 1113 5804 theuus
1137 5750 1342 5819 quidem
1364 5754 1651 5818 prtcsentia,
1675 5767 1936 5810 cnunmus

363 5837 480 5885 vero
506 5821 946 5894 futurae—Inter
964 5836 1178 5876 nomen
1219 5831 1265 5875 et
1294 5836 1554 5876 INFERNUM
1582 5825 1676 5877 hoc
1693 5824 1933 5881 interest:

646 5919 915 5984 Ps'rnon.
962 5913 1313 5981 LXXXIII.

2041 4643 2138 4680 ntus
2165 4626 2308 4679 locus
2336 4626 2389 4678 in
2415 4642 2516 4694 quo
2538 4627 2723 4678 anima:
2753 4624 3085 4677 recluduntur
3116 4623 3219 4675 sive
3246 4626 3297 4674 in
3327 4626 3617 4693 refrigeria,

2040 4698 2142 4751 sive
2189 4698 2241 4749 in
2271 4712 2532 4764 poenarum
2581 4705 2829 4749 tormenta
2858 4711 2950 4760 pro
2997 4694 3244 4764 qualitate
3301 4696 3615 4747 meritorum.

2040 4763 2378 4837 Comparatur
2407 4779 2576 4821 autent
2604 4782 2741 4819 mors
2771 4763 3312 4837 mulierifornicarim,
3339 4765 3458 4831 quin
3480 4768 3622 4837 sicut

2039 4833 2176 4891 mors
2207 4838 2273 4891 di:
2291 4840 2386 4890 idit
2413 4840 2637 4891 animam
2663 4853 2693 4887 a
2714 4848 2948 4900 corpore,
2977 4834 3050 4885 itu
3070 4833 3254 4885 mulier
3283 4836 3524 4887 meretrix
3543 4838 3627 4887 di-

2040 4911 2161 4962 vidit
2182 4911 2311 4961 inter
2332 4911 2537 4979 fratres.
2568 4936 2639 4947 —
2667 4904 2823 4979 Ιιιηει·⁸
2846 4918 3217 4957 enarramus!
3267 4912 3625 4979 et_.£cnors-

2040 4996 2238 5034 TIONEI
2287 4975 2383 5032 hoc
2431 4981 2657 5040 interest,
2687 4975 2823 5044 quod
2862 4988 3137 5030 εῦιυτυυο
3187 4976 3348 5027 animi
3405 4979 3625 5045 dicitur,

2040 5065 2357 5107 sonorum
2380 5058 2551 5102 autem
2572 5046 2821 5115 corporis.

2112 5144 2200 5197 52.
2236 5143 2367 5194 Cod.
2400 5139 2516 5193 Vat.
2544 5136 2665 5203 6‘24,
2702 5154 2857 5204 pavor
2887 5137 3047 5191 animi
3058 5147 3262 5207 motus,
3289 5140 3421 5193 unde
3448 5140 3624 5195 etiam.

2111 5215 2199 5267 ὃὸ.
2228 5212 2362 5265 Cod.
2398 5211 2514 5263 Vat.
2538 5208 2659 5269 624,
2694 5224 2909 5277 quorum
2937 5219 3124 5262 mentio
3147 5227 3251 5262 una
3277 5220 3372 5265 est.

2046 5355 2058 5367 .
2112 5284 2202 5337 56.
2242 5283 2355 5336 Vat.
2390 5280 2515 5345 624,
2548 5281 2814 5334 necessitas
2843 5281 3011 5347 detur,
3046 5279 3261 5348 dictum,
3285 5283 3405 5352 quia
3432 5282 3625 5339 substet

2039 5363 2093 5408 in
2122 5363 2341 5422 tempus.

2110 5445 2199 5500 58.
2232 5444 2359 5501 Hirc
2386 5444 2685 5499 differentia
2716 5456 2898 5498 rursus
2920 5443 3150 5500 occurrit
3177 5460 3327 5501 num.
3362 5444 3489 5512 “25f,
3536 5442 3628 5498 ubi

2040 5518 2207 5573 fusius
2240 5530 2539 5586 cspomtur.
3013 5536 3021 5543 ·

2109 5610 2197 5663 60.
2224 5608 2527 5678 Legendum
2575 5610 2772 5675 simitu,
2820 5624 2925 5665 non
2974 5610 3233 5677 simitum;
3285 5624 3408 5663 nam
3447 5606 3630 5659 simitu

2038 5697 2139 5735 vox
2192 5686 2429 5750 amtqua,
2488 5690 2542 5736 et
2583 5683 2695 5735 fere
2739 5681 2941 5734 comica
2999 5695 3143 5747 saepe
3193 5680 3429 5735 occurrit
3482 5678 3625 5744 apud

2038 5754 2281 5877 Plauténn
2313 5768 2561 5879 pt-Soiitna,
2591 5752 2766 5818 simul,
2796 5767 2899 5804 uno
2927 5760 3169 5819 tempore.
3208 5753 3341 5805 Vide
3368 5750 3623 5833 Nonium,

2039 5839 2157 5883 Cati.
2228 5864 2242 5883 .
2276 5841 2328 5879 II.
2468 5861 2481 5878 .

2107 5843 2157 5901 ιι.
2186 5841 2242 5893 2,
2276 5841 2328 5879 n.
2357 5841 2481 5879 oss.

3244 5916 3320 5977 [ιῖ
