4100 6344
522 294 658 355 1527

1300 289 1394 345 AD
1432 290 1492 346 S.
1530 287 1779 345 ISIDORI
1815 283 2262 346 HISPALENSIS
2295 284 2523 343 OPERA
2566 284 3018 344 APPENDICES.

3647 284 3792 342 1328

592 411 719 469 141.
763 410 907 466 Inter
935 408 1100 481 ligare
1117 413 1170 461 et
1191 405 1362 476 legare
1392 405 1494 461 hoc
1525 407 1774 470 interest,
1805 406 1946 476 quod
1972 405 2098 475 ligat
2126 411 2176 466 Α
2204 405 2344 481 quod
2378 407 2629 481 saturitas
2656 406 2722 460 de
2750 405 2869 463 cibo
2904 414 3105 460 tantum
3131 444 3147 473 ,
3190 412 3407 463 satietas
3457 403 3528 461 de
3566 405 3791 476 reliquis

520 482 908 558 quisvinculo,
938 480 1071 558 legat
1106 485 1457 558 testamento.
1566 549 1577 558 .
1721 550 1731 558 .
1843 549 1853 558 .
1884 548 1896 558 _
2018 547 2030 558 .

600 554 722 611 142.
766 554 905 606 Inter
933 548 1095 618 loqui.
1124 548 1349 616 obloqui,
1383 548 1577 617 alloqui
1595 557 1651 602 et
1683 549 1853 617 eloqui
1884 548 1983 600 hoc
2018 548 2102 599 in-

2202 475 2394 531 dicitur
2424 479 2602 532 rebus.

2278 550 2400 621 164.
2445 550 2585 603 Inter
2629 550 2867 603 viciniam
2910 560 2964 606 et
3011 549 3319 605 vicinitatem
3371 551 3472 607 lioc
3527 552 3790 621 interest,

523 635 717 692 ιετοει,
746 622 887 693 quod
920 620 1064 693 loqui
1104 620 1336 693 hominis
1366 620 1744 693 CSI,A0I|I07I]||I,
1777 620 2103 693 nlitrectato-
2204 620 2344 686 quod
2379 623 2569 673 vicinia
2601 622 2698 675 IOCI
2728 637 2847 675 i-sse
2890 624 3101 685 dicitur,
3136 622 3290 674 vicini
3321 638 3379 674 as
3412 620 3784 690 pi-rsonarmi,

522 699 623 759 ris.
658 691 977 763 qiii'olijicit,
1009 700 1115 763 aut,
1144 691 1395 757 opponit;
1444 691 1663 760 alloqui,
1696 692 1961 744 hortantis
2011 698 2105 742 aut

515 761 845 839 iudicantis;
874 761 1072 831 eloqui,
1106 762 1328 816 honoris
1357 768 1456 814 est.

596 837 720 893 145.
761 836 902 888 Inter
946 849 1239 904 percussum
1283 842 1339 886 et
1380 832 1669 898 perculsum
1720 831 1820 885 hnc
1852 832 2103 897 interest,

520 908 671 981 quod
699 903 1007 981 percussum
1029 919 1255 970 corpore
1276 903 1523 981 diciiniis,
1559 904 1862 981 perculsum
1896 906 2100 956 animo.

595 974 721 1034 144.
766 977 906 1031 Inter
948 975 1216 1043 fremorem
1261 985 1313 1029 et
1369 974 1628 1043 fremitum
1682 976 1779 1025 lini:
1839 977 2103 1042 interest,

520 1051 665 1122 quod
702 1049 904 1103 fremor
956 1062 1200 1100 murmur
1242 1046 1522 1099 hominum
1563 1058 1669 1110 est,
1717 1043 1960 1099 fremitus
2015 1046 2106 1099 be-

520 1122 772 1178 stiarnm.

598 1190 721 1249 145.
764 1189 907 1244 Inter
932 1190 1143 1258 flavum.
1177 1188 1403 1254 furvum,
1428 1196 1482 1242 et
1509 1188 1708 1257 fulvum
1740 1187 1841 1242 Iioc
1864 1188 2108 1251 interest,

516 1264 661 1333 quod
708 1263 900 1333 ﬂavum
950 1261 1168 1333 rubrum
1224 1258 1475 1333 dicimus,
1532 1269 1598 1333 ut
1634 1260 1767 1312 ﬂavi
1826 1258 2108 1333 caesaiies;

519 1328 760 1396 furvum,
812 1330 1053 1400 nigrum;
1088 1330 1290 1384 fulvum
1337 1331 1491 1399 nigro
1521 1331 1773 1395 rubeam,
1804 1342 1860 1383 ut
1901 1328 2109 1382 fulvum

520 1404 758 1461 leonem.

592 1496 719 1553 146.
758 1496 901 1551 Inter
928 1494 1187 1563 postulare
1216 1504 1270 1548 et
1292 1510 1498 1560 poscere
1546 1493 1647 1547 lioc
1680 1493 1926 1560 interest,
1970 1491 2111 1562 quod

518 1568 828 1642 postulatur
856 1568 1086 1630 incaute,
1124 1566 1362 1633 poscitur
1392 1566 1656 1633 improbe.

594 1660 719 1716 147.
763 1659 901 1713 Inter
947 1658 1141 1725 frixum
1187 1664 1243 1712 et
1264 1657 1473 1724 frictum
1532 1657 1633 1709 linc
1680 1657 1923 1720 interest,
1970 1656 2111 1727 quod

516 1732 718 1789 frixum
749 1746 779 1784 a
808 1729 1025 1798 frigore,
1060 1728 1276 1781 frictum
1308 1744 1334 1779 a
1364 1727 1614 1798 lrigendo
1645 1728 1869 1782 dictum.

593 1822 719 1877 148.
761 1820 903 1875 Inter
954 1820 1214 1873 diutinum
1267 1828 1321 1882 et
1359 1820 1661 1871 diuturnum
1719 1818 1819 1872 lioc
1866 1818 2109 1883 interest,

570 1893 676 1949 ιιοά
707 1890 975 1947 diutinum
1022 1900 1105 1945 est
1148 1889 1289 1959 quod
1330 1890 1419 1943 diu
1452 1889 1571 1955 fuit,
1616 1888 1927 1943 diuturnum
1969 1890 2112 1959 quod

562 1966 614 2020 iu
644 1964 874 2017 duravit.
1212 2017 1219 2024 .

595 2034 720 2090 149.
766 2035 907 2087 Inter
937 2032 1148 2087 delitam
1189 2042 1243 2086 et
1288 2032 1497 2085 inlitum
1538 2030 1639 2084 hoc
1683 2032 1929 2093 interest,
1964 2030 2107 2101 quod

516 2106 767 2167 delitnm,
795 2104 919 2173 quia
942 2104 1200 2167 subitum,
1234 2103 1443 2155 IIlIlltlttl
1470 2118 1595 2155 vero
1620 2102 1924 2155 litiiraiuin.

592 2175 930 2248 636150.
970 2175 1112 2230 Inter
1161 2176 1415 2248 damnum,
1460 2173 1807 2248 dispendium,
1857 2182 1906 2248 et
1950 2173 2111 2248 άςινί-

516 2244 752 2302 mentum
785 2246 886 2299 Iioc
919 2244 1162 2310 iiitereSI,
1195 2244 1337 2312 quod
1385 2244 1667 2306 damnum,
1700 2244 1845 2297 unde
1874 2244 2108 2297 diminu-

517 2327 635 2373 tum
652 2316 751 2383 sit;
776 2316 1234 2385 dispendium,nlii
1266 2316 1474 2383 pondus
1496 2315 1633 2368 absit
1658 2331 1671 2380 ;
1707 2314 2110 2379 detrimentum,

512 2388 664 2460 quod
696 2404 723 2440 a
753 2386 975 2460 terendo
1001 2387 1327 2460 nominatur.

594 2460 721 2515 151.
758 2459 901 2513 Inter
940 2459 1228 2512 dominium
1274 2465 1329 2511 et
1367 2457 1686 2509 dominatum
1726 2455 1830 2511 lioc
1858 2457 2105 2521 interest,

559 2531 665 2585 uod
696 2529 994 2584 dominium
1051 2529 1370 2599 intelligitur
1408 2529 1547 2596 quod
1592 2526 1785 2599 privati
1815 2528 1954 2597 juris
2003 2536 2107 2594 est,

556 2603 853 2656 ominatum
883 2610 1089 2666 autem,
1122 2598 1362 2668 imperii.

594 2670 719 2728 152.
766 2671 905 2725 Inter
927 2675 1077 2725 nixus
1105 2681 1159 2725 et
1180 2672 1323 2725 nisus
1347 2670 1450 2725 hoc
1479 2670 1730 2729 interest.
1761 2669 1903 2738 quod
1928 2670 2109 2735 nixus,

509 2739 575 2798 in
596 2758 806 2813 genua;
836 2741 984 2796 nisus
1013 2756 1040 2813 a
1073 2742 1314 2813 nitendo,
1336 2741 1383 2794 id
1412 2754 1515 2803 εει,
1537 2740 1820 2813 conando.

597 2811 721 2868 155.
765 2812 909 2868 Inter
944 2812 1154 2875 nubere.
1185 2811 1403 2867 enubere
1427 2822 1479 2865 et
1511 2812 1763 2865 denubere
1808 2812 1910 2865 hoc
1940 2812 2111 2866 inter-

515 2891 632 2953 est,
692 2884 835 2953 quod
867 2883 1019 2937 nubit
1045 2883 1179 2938 civis
1217 2884 1345 2946 rivi,
1378 2882 1567 2936 enubit
1614 2893 1904 2947 extraneo;
1938 2882 2111 2935 denu—

516 2952 599 3012 bit
628 2952 748 3021 mite
776 2956 826 3008 in
857 2969 1073 3008 manum
1108 2954 1206 3008 viii
1234 2957 1510 3008 convenit.

595 3026 723 3081 154.
768 3026 913 3080 Inter
943 3041 1080 3080 noxa
1108 3036 1163 3081 et
1192 3042 1285 3079 πολ
1300 3027 1350 3078 ia
1380 3024 1481 3079 lioc
1514 3023 1770 3089 interest,
1800 3023 1942 3093 quod
1972 3038 2111 3078 noxa

517 3106 677 3167 pinna
705 3106 808 3162 est,
842 3100 999 3150 noxia
1027 3099 1139 3166 ipsa
1172 3097 1349 3164 culpa.

596 3147 723 3223 155.
750 3144 892 3222 Iiiter
917 3144 1351 3221 neceslisitalemret
1372 3183 1517 3220 neces
1547 3168 1797 3219 itudinem
1815 3164 1915 3218 lioc
1945 3164 2111 3219 inter-
2140 3144 2188 3208 (ἶ

519 3246 626 3309 est,
664 3238 806 3309 quod
835 3240 1127 3293 necessitas
1149 3239 1256 3292 vim
1297 3237 1595 3309 signiﬁcat;
1620 3237 1965 3292 necessitudo
1984 3250 2114 3290 con-

516 3303 855 3377 iunctionem
886 3310 1163 3376 sanguinis
1189 3317 1280 3361 aut
1304 3303 1490 3361 animi.

592 3377 717 3432 156.
754 3378 899 3432 Inter
920 3378 1154 3433 clausum
1174 3387 1229 3432 et
1251 3381 1546 3432 obturatum
1570 3378 1673 3433 lioc
1696 3378 1940 3442 interest,
1969 3377 2113 3445 quod

519 3445 764 3506 clausum
811 3464 842 3502 a
880 3448 1133 3504 claustris
1170 3458 1224 3502 et
1260 3449 1503 3502 clavibus
1540 3448 1758 3511 dicitur.
1809 3448 2113 3501 obturatum

518 3528 703 3575 autem
736 3520 974 3589 priorum
1008 3520 1331 3575 foraminum
1363 3519 1452 3585 sit,
1482 3529 1738 3589 tanquam
1768 3533 1929 3573 aures
1958 3519 2118 3573 obtu-

518 3600 677 3657 ratae,
711 3607 818 3645 non
844 3594 1062 3646 clausas.

598 3656 723 3718 157.
765 3660 909 3717 Inter
936 3664 1161 3733 operire.
1193 3663 1465 3731 adoperire
1486 3705 1500 3728 ,
1528 3662 1791 3727 inaperire
1819 3660 1922 3715 hoc
1952 3662 2118 3715 inter-

522 3741 627 3799 est,
658 3734 801 3802 quod
828 3737 1104 3802 operimus
1131 3735 1413 3803 operculo,
1449 3734 1791 3801 adopt-rimus
1826 3735 1967 3787 lores
1989 3773 2004 3797 ,
2036 3733 2120 3787 in-

519 3806 820 3877 operimits,
854 3820 977 3859 cum
1002 3806 1198 3874 aliquid
1224 3805 1424 3874 jncenti
1458 3805 1895 3877 superpoiiimus.

598 3874 723 3931 158.
769 3876 910 3930 Inter
931 3873 1132 3944 pometa
1154 3885 1208 3929 et
1227 3873 1461 3944 pomeria
1494 3874 1700 3947 [Forte,
1728 3873 1981 3945 pomaria]
2015 3875 2121 3929 hoc

517 3947 789 4011 interest,
822 3948 964 4015 quod
1014 3960 1225 4015 poineta
1258 3949 1345 4001 ubi
1379 3962 1536 4016 poma
1567 3955 1883 4013 nascuntur,
1928 3960 2117 4015 poma-

520 4020 609 4075 s'ia
638 4017 688 4071 in
717 4032 825 4087 quo
862 4027 1161 4072 servantur.

602 4086 913 4142 159ζ1ιιιιιι⁵
959 4090 1133 4156 palma
1179 4097 1231 4142 et
1265 4089 1493 4159 palmum
1522 4088 1628 4143 hoc
1674 4088 1943 4154 interest,
1977 4086 2118 4151 quod

521 4160 708 4226 palma
741 4158 796 4211 in
832 4172 1098 4226 corpore,
1125 4160 1358 4227 palmum
1392 4162 1442 4213 in
1476 4175 1751 4215 mensura.
1798 4158 1894 4213 Est
1939 4167 2119 4213 autem

522 4228 661 4356 ἔιξεᾳι
696 4244 943 4283 mensura
990 4243 1023 4283 a
1068 4231 1240 4300 primo
1281 4231 1475 4301 pollice
1523 4245 1689 4298 usque
1730 4229 1797 4284 ad
1839 4229 2119 4285 minimum

567 4315 636 4356 uti
665 4316 774 4354 um.

567 4302 774 4354 initum.

586 4316 899 4444 ἧιὲὂιῗιίιιιθι·
923 4370 1142 4444 poplites
1165 4381 1221 4428 et
1241 4372 1551 4444 suffragines
1574 4373 1675 4428 lioc
1702 4374 1950 4436 interest,
1974 4369 2119 4441 quod

522 4443 763 4513 poplites
792 4442 1089 4507 hominum,
1118 4442 1436 4513 siill’rngines
1464 4446 1799 4497 animalium.

2144 1775 2194 1835 Β

2276 692 2396 744 165.
2441 694 2583 745 Inter
2629 696 2824 762 fluctuo
2864 704 2915 745 et
2962 694 3181 761 fluctuor
3209 694 3309 747 Iinc
3354 695 3620 757 interest,
3650 694 3790 757 quod

2207 762 2405 835 IIuctno
2430 763 2629 827 animo,
2657 768 2801 823 quast
2828 764 3021 817 ﬂuctus
3042 781 3162 832 ago,
3187 775 3240 817 et
3264 767 3365 818 liiic
3390 766 3619 835 illucque
3649 766 3788 831 lIno;

2208 832 2457 898 IIuciiiiir,
2484 837 2642 887 llucin
2677 835 2839 898 feror,
2865 836 3087 903 ideoque
3111 837 3271 888 tinctu
3292 844 3329 888 it
3358 832 3545 901 mare,
3563 839 3667 889 Iliic
3694 852 3792 888 ua-

2208 912 2294 957 tur
2321 904 2501 971 navis;
2527 907 2602 957 sic
2625 909 2761 960 inter
2787 908 2996 958 luxurio
3018 918 3067 959 et
3092 907 3335 959 luxurinr
3352 909 3789 961 discernendum.

2278 974 2439 1047 437
2475 976 2593 1031 166.
2625 977 2761 1031 Inter
2778 989 2954 1047 potero
2970 985 3023 1031 et
3040 988 3251 1047 potuero
3269 981 3367 1031 hoc
3392 980 3633 1041 interest,
3653 979 3794 1043 quod

2208 1061 2397 1115 puleio
2426 1060 2628 1101 certum
2662 1049 3015 1109 prniiiiiieniis
3039 1060 3143 1109 est,
3176 1059 3397 1114 potuero
3423 1050 3737 1104 dubitantis.

2282 1117 2406 1189 1ιρ7.
2442 1118 2586 1171 Inter
2612 1118 2903 1189 Hispanum
2929 1129 2980 1171 et
3010 1118 3395 1189 Hispaniensem
3424 1121 3523 1173 Iioc
3545 1122 3795 1185 inte-est,

2210 1188 2354 1260 quod
2394 1190 2553 1258 llispa
2582 1205 2660 1243 ius
2687 1194 2901 1244 iiaiiuiie
2927 1188 3143 1257 dicitur,
3178 1190 3543 1260 Hispaniensis
3564 1233 3580 1255 ,
3611 1193 3797 1248 Massi-

2210 1257 2413 1321 Iiensis,
2445 1257 2501 1313 et
2530 1262 2611 1314 liis
2639 1262 2851 1315 similia.

2286 1331 2408 1384 168.
2452 1332 2592 1386 Inter
2621 1333 2892 1385 escendere
2914 1374 2929 1397 ,
2958 1332 3233 1387 ascendere
3257 1372 3273 1395 ,
3311 1335 3654 1386 conscendere
3696 1334 3799 1389 hoc

2212 1401 2471 1464 interest,
2498 1405 2637 1470 quoii
2670 1404 3007 1458 ascendimus
3038 1420 3117 1458 ex-
3138 1406 3245 1457 elsa
3266 1444 3281 1464 ,
3315 1406 3398 1456 vel
3427 1408 3597 1457 locum
3632 1406 3802 1460 hono-

2214 1473 2322 1537 ris;
2355 1474 2691 1527 escciidnnus
2715 1517 2730 1537 ,
2761 1490 2882 1529 cnm
2926 1492 2975 1527 ιιι
3005 1474 3203 1542 aliquid
3245 1474 3796 1543 altius°scaudlmus;

2213 1546 2643 1608 condemnatus,
2674 1560 2793 1598 Cum
2823 1561 2959 1613 equo
2988 1547 3253 1600 vehimur.

2291 1614 2414 1668 169.
2455 1614 2600 1669 Inter
2650 1626 2861 1685 uterque
2905 1629 2958 1671 et
2999 1619 3198 1683 utrique
3246 1618 3346 1671 Iioc
3386 1617 3628 1683 interest,
3663 1617 3803 1686 and

2217 1694 2441 1752 uterque
2466 1687 2514 1739 in
2539 1688 2763 1756 singiilai
2782 1692 2922 1750 ilius,
2950 1691 3161 1756 utrique
3186 1691 3236 1740 in
3264 1689 3560 1756 pluralibus
3585 1691 3798 1743 dicitur.

2298 1757 2419 1810 170.
2464 1757 2589 1811 Intei
2620 1775 2831 1827 pignero
2848 1769 2901 1813 ct
2924 1761 3162 1828 pigneror
3181 1758 3280 1811 hoc
3305 1760 3544 1823 inteicsl,
3562 1765 3699 1827 quod
3725 1761 3803 1829 pi-

2220 1843 2415 1899 gnemr
2428 1830 2663 1881 aniiniiin
2682 1842 2825 1881 tunin
2847 1848 2860 1895 ;
2885 1846 3247 1899 iulgllel't),CtltII
3263 1830 3452 1898 pignus
3468 1841 3613 1883 tuum
3627 1832 3801 1899 capio.

2292 1898 2416 1953 171.
2463 1900 2604 1952 Inter
2635 1917 2799 1954 mereo
2825 1913 2876 1955 et
2906 1898 3107 1955 niereor
3137 1902 3236 1953 hoc
3265 1906 3507 1966 interest,
3530 1906 3670 1969 quod
3697 1898 3803 1957 ine-

2218 1984 2313 2041 ren
2349 1986 2441 2035 pro
2464 1969 2653 2025 iiieritn
2684 1974 2914 2034 servitii,
2947 1988 3155 2027 mereor
3188 1988 3283 2034 pro
3311 1988 3477 2041 Opere
3503 1974 3803 2040 mercedis;

2217 2040 2294 2095 sic
2328 2044 2558 2108 ruiiiinii,
2590 2042 2851 2107 rnniinor,
2888 2054 2941 2096 et
2974 2044 3055 2095 his
3083 2044 3300 2096 similia.

2290 2114 2413 2165 172.
2461 2114 2599 2166 Inter
2629 2115 2829 2166 laurum
2859 2124 2912 2166 et
2938 2116 3165 2167 lauream
3200 2114 3303 2167 hoc
3347 2114 3609 2182 interest,
3661 2116 3805 2186 quod

2216 2182 2402 2237 laurus
2432 2193 2516 2239 est
2544 2186 2655 2251 ipsa
2687 2187 2882 2249 arbor;
2922 2187 3121 2250 laurea,
3152 2200 3349 2238 corona
3385 2188 3469 2239 vel
3502 2188 3669 2255 virga.

2289 2256 2413 2309 175.
2458 2255 2603 2327 Inter
2625 2257 2898 2308 ctenileuui
2922 2269 2975 2310 et
2996 2258 3241 2309 eternium
3271 2259 3371 2309 lioc
3393 2257 3639 2321 interest,
3664 2258 3803 2327 quod

2214 2328 2470 2379 caerulum
2507 2326 2731 2379 dicimus
2756 2371 2768 2389 ,
2801 2328 2939 2380 sicut
2969 2342 3156 2380 aurum
3181 2345 3195 2392 ;
3223 2329 3515 2382 caeruleum
3540 2344 3605 2381 ex
3632 2326 3805 2382 Caeru-

2215 2396 2288 2460 Io,
2320 2402 2467 2464 quasi
2503 2409 2807 2468 argentum.
3558 2418 3570 2430 ο

2290 2468 2413 2522 174.
2434 2468 2575 2521 Inter
2598 2470 2758 2521 imum
2776 2479 2827 2520 et
2849 2468 3081 2535 infimum
3104 2468 3206 2523 hoc
3237 2470 3479 2533 interest,
3498 2470 3641 2539 quod
3673 2471 3806 2527 imus

2214 2536 2359 2600 Ioco,
2386 2540 2595 2593 inlitniis
2626 2542 2833 2594 ordine.

2291 2608 2414 2665 17.3.
2458 2610 2598 2683 Inter
2627 2627 2801 2663 cuiam
2830 2621 2883 2667 et
2912 2612 3235 2683 diligentiam
3262 2612 3362 2665 lioc
3389 2612 3635 2677 interest,
3663 2612 3806 2681 quod

2214 2692 2345 2733 cura
2375 2682 2669 2734 cruciatum
2703 2686 2861 2736 liabet
2881 2688 2969 2751 qui
2994 2682 3366 2748 cciiiiiioveat;
3393 2684 3693 2750 diligentia,
3716 2698 3806 2739 re-

2214 2764 2331 2803 runi
2361 2751 2771 2805 administratio.

2290 2822 2423 2896 176.
2456 2823 2599 2875 Inti-r
2628 2824 2756 2877 vii-es
2787 2834 2841 2877 et
2865 2826 3071 2878 virtutes
3102 2826 3203 2878 Iioc
3228 2825 3471 2891 interest,
3502 2824 3643 2896 quod
3666 2826 3806 2880 vires

2214 2897 2457 2959 corporis
2488 2904 2633 2955 sunt,
2663 2897 2891 2950 virtutes
2919 2897 3101 2950 animi.

2288 2964 2411 3017 177.
2458 2964 2596 3018 Inter
2626 2968 2887 3027 animum,
2915 2970 3178 3032 animum,
3202 2967 3443 3033 spiritum
3492 2976 3546 3021 et
3593 2975 3809 3019 mentem

2217 3034 2317 3085 Iinc
2352 3038 2566 3089 interest
2598 3076 2614 3101 ,
2648 3038 2788 3103 quod
2821 3040 2997 3089 anima
3031 3051 3111 3091 est
3140 3056 3241 3105 qua
3280 3040 3509 3092 vivimus
3535 3078 3551 3100 ,
3596 3042 3807 3092 animus

2220 3120 2327 3173 quo
2359 3121 2588 3173 regimur
2610 3149 2623 3171 ,
2657 3107 2876 3174 spiritus
2908 3126 3010 3177 quo
3039 3109 3305 3175 siiirainus
3337 3153 3350 3172 ,
3398 3124 3553 3162 meus
3583 3109 3809 3178 qualitas

2219 3179 2504 3250 quaeboiia
2528 3194 2612 3230 aut
2650 3179 2784 3230 mala
2820 3192 2992 3246 potest
3025 3186 3228 3233 relerre
3254 3181 3318 3233 ad
3350 3182 3754 3250 cogitationem.

2296 3246 2414 3300 17o.
2459 3246 2601 3301 Inter
2625 3266 2778 3319 grave
2805 3261 2857 3303 et
2886 3251 3228 3319 ponderosum
3258 3252 3360 3304 hoc
3389 3246 3637 3317 iiiieiest,
3669 3249 3809 3318 quod

2219 3332 2382 3387 grove
2429 3325 2723 3373 secundum
2775 3320 2995 3375 ferentis
3045 3326 3398 3389 qualitatem,
3446 3330 3809 3392 ponderOsum

2219 3398 2429 3443 natura.

2296 3459 2415 3513 179.
2464 3463 2604 3516 Inter
2633 3464 2849 3517 ultorem
2877 3474 2931 3517 ct
2958 3465 3206 3517 vindicem
3239 3467 3338 3519 hoc
3363 3466 3582 3519 interest
3614 3507 3628 3526 ,
3673 3463 3813 3533 quod

2220 3532 2530 3604 ulciscimur
2551 3549 2766 3599 accepta
2794 3535 3009 3603 injuria,
3027 3538 3358 3589 vindicamus
3380 3551 3445 3591 ne
3467 3532 3812 3604 accipiamus.

2295 3602 2604 3677 180.7Inier
2633 3605 2877 3675 fallacem
2907 3618 2957 3659 et
2988 3609 3233 3677 pellacem
3267 3608 3366 3660 hoc
3399 3602 3643 3672 intereit,
3672 3604 3813 3677 quod

2222 3671 2381 3746 fallas
2434 3671 2665 3729 ίιιίιάιειιζ
2709 3678 2934 3741 ιιὶνιιιιτς
2982 3671 3153 3746 pellas
3197 3679 3248 3732 in
3284 3679 3461 3733 verbis
3486 3718 3503 3745 ,
3534 3679 3603 3733 ab
3634 3671 3815 3745 appel-

2223 3743 2404 3810 Iundu,
2435 3746 2484 3799 id
2518 3758 2622 3809 est,
2662 3763 2755 3816 per
2784 3763 2839 3799 si!
2875 3743 3159 3816 loquendo.

2298 3816 2418 3869 181.
2464 3817 2609 3871 Inter
2640 3822 2905 3871 immolare
2935 3833 2989 3873 ct
3017 3832 3241 3874 mactare
3273 3822 3373 3875 Iioc
3401 3821 3648 3883 interest,
3673 3817 3814 3888 quod

2225 3885 2501 3939 immolare
2530 3890 2748 3961 dicitur,
2792 3904 2912 3943 cmn
2965 3894 3101 3944 innla
3155 3895 3205 3944 III
3250 3900 3409 3960 caput
3452 3893 3647 3961 injecta
3693 3885 3814 3954 est;

2223 3970 2539 4032 mai-talum,
2576 3961 2675 4013 liuc
2706 3959 2929 4025 factum,
2958 3964 3108 4027 quasi
3139 3959 3573 4032 tiiagis’auctuui.

2299 4028 2422 4082 182.
2468 4032 2613 4084 Inter
2642 4032 2863 4084 hostium
2894 4046 2945 4085 et
2977 4028 3368 4087 victimam—hoc
3397 4034 3636 4091 interest.
3672 4031 3817 4099 quod

2223 4097 2397 4171 hostia
2434 4101 2747 4169 perhibetur
2779 4115 2903 4156 tunc
2929 4144 2943 4166 .
2974 4118 3093 4156 cuni
3142 4107 3249 4156 dux
3303 4104 3355 4157 in
3388 4106 3564 4157 linsws
3596 4097 3817 4171 prii-lici-

2223 4169 2423 4235 scitur;
2456 4173 2668 4225 victima
2689 4215 2702 4236 ,
2733 4190 2853 4226 cuin
2886 4175 3048 4227 vincit
3073 4216 3088 4241 ,
3120 4177 3258 4228 sicut
3286 4176 3500 4229 Ovidius
3530 4169 3767 4227 in'lt‘ast.
3799 4191 3815 4227 :

2352 4284 2553 4334 Victima
2577 4299 2688 4345 qnze
2706 4287 2880 4334 cecidit
2902 4284 3079 4334 dextra
3107 4289 3303 4336 victrice
3323 4295 3545 4336 vocatur.
3590 4312 3593 4315 -

2413 4349 2646 4395 llostibus
2668 4361 2693 4395 a
2719 4350 2913 4395 domuis
2937 4350 3089 4396 bustis
3117 4362 3296 4398 nomen
3320 4354 3483 4399 habet.

2298 4440 2421 4495 185.
2464 4439 2607 4491 Inter
2635 4455 2809 4493 eruere
2856 4449 2909 4492 et
2959 4442 3163 4493 diruere
3215 4442 3314 4495 Iioc
3361 4442 3624 4506 interest,
3675 4443 3815 4510 quod

602 4510 725 4568 itit.
760 4513 901 4567 Inter
922 4530 1213 4585 praeparare
1232 4510 1561 4585 et'nppxirare
1585 4516 1616 4569 Il
1657 4531 1684 4569 c
1704 4516 1951 4577 interest,
1974 4512 2116 4583 quod
2154 4516 2204 4573 Ι)
2230 4510 2759 4585 eruunturAittleltru‘,
2794 4511 3075 4563 diruuntiir
3104 4512 3419 4565 eminentia.

524 4594 797 4654 praeparat
846 4600 933 4653 qni
984 4584 1312 4639 desiderium
1358 4584 1547 4654 repetit
1588 4586 1862 4651 parando,
1898 4592 2124 4653 apparat

522 4659 617 4726 qui
647 4667 830 4726 parato
856 4654 1061 4725 adjicit,
1095 4655 1145 4707 id
1173 4665 1274 4719 est,
1305 4671 1557 4710 accusare
1590 4671 1757 4723 parat.

604 4726 727 4781 162.
770 4727 909 4780 Inter
937 4726 1343 4791 stipulationem,
1373 4727 1840 4794 restipulationem,
1868 4726 2121 4789 astipula-

526 4797 719 4852 tionem
743 4808 796 4851 et
822 4800 1301 4867 constipulatiouem
1330 4800 1428 4851 lioc
1454 4799 1695 4867 interest,
1728 4797 2125 4867 quodstipnlaj

526 4870 605 4922 tiu
637 4882 842 4923 certum
876 4865 1035 4921 habet
1064 4868 1153 4921 int.
1178 4869 1417 4929 Ilectnm.
1450 4866 1807 4936 restipulatio,
1842 4866 1885 4919 si
1920 4865 2122 4935 aliquid

521 4944 595 4994 ait
625 4939 818 4993 factum
851 4940 997 5005 quod
1028 4939 1318 5004 convenit;
1349 4940 1660 5007 astipulattu
1685 4939 1927 5001 ejusdem
1956 4951 2121 5004 pecu-

528 5012 657 5075 nia-,
689 5018 745 5063 ut
778 5009 858 5063 vel
887 5016 1021 5063 alter
1053 5022 1299 5079 repetere
1334 5021 1533 5078 possu;
1565 5010 1962 5075 constipulatio,
1989 5022 2121 5062 con-

524 5092 672 5137 serta
710 5082 1071 5147 restipulatio,
1105 5083 1149 5135 si
1174 5097 1276 5150 qua
1306 5083 1432 5135 dolo
1459 5081 1598 5135 malo
1621 5080 1780 5135 facta.

604 5150 726 5207 163.
768 5151 909 5207 Inter
937 5154 1263 5206 saturitatem
1291 5161 1347 5206 et
1384 5154 1671 5207 satietatem
1710 5154 1813 5205 lioc
1857 5150 2120 5215 interest,

604 5286 727 5343 1.19.
753 5286 979 5341 Delitum
1017 5297 1099 5344 est
1136 5304 1165 5341 a
1210 5287 1405 5353 delirio,
1448 5287 1651 5343 inlitum
1700 5287 1766 5341 ab
1816 5286 1995 5351 inlino,
2026 5301 2123 5343 seu

527 5358 704 5485 :IIilno.
730 5356 835 5414 Sed
859 5361 1045 5427 ignoro
1078 5369 1351 5415 auctorem
1380 5359 1696 5416 dill'erentiie
1734 5374 1853 5429 qua:
1880 5358 1965 5414 liic
1996 5372 2123 5426 pro-

553 5446 611 5485 er
638 5446 719 5484 ur.
840 5452 841 5455 η

553 5440 719 5485 81⁵1111⁵.
840 5452 841 5455 ‘

606 5499 732 5555 152.
758 5499 952 5555 Confer
976 5517 1126 5557 num.
1158 5502 1250 5557 72.

606 5569 729 5626 153.
766 5570 948 5624 Enubo
973 5582 1025 5625 et
1055 5571 1256 5626 denubo
1290 5572 1357 5628 de
1378 5573 1438 5627 iis
1467 5572 1573 5628 dici
1619 5572 1794 5629 solent
1840 5587 1961 5641 quae
1986 5573 2122 5628 intra

529 5656 687 5701 luam
714 5643 1071 5698 conditionem
1104 5648 1328 5700 nubunt.

610 5710 732 5784 158.
775 5714 991 5769 Diversa
1021 5720 1147 5768 sunt
1187 5730 1305 5784 qua:
1354 5729 1502 5770 num.
1553 5714 1621 5769 65
1679 5721 2025 5781 exponuntur
2052 5713 2121 5768 de

532 5779 835 5849 differentia
860 5786 1045 5839 barum
1075 5779 1287 5851 vocum,
1312 5798 1345 5841 e
1392 5785 1617 5853 diversis
1651 5779 1905 5843 nimirum
1932 5792 2118 5841 aucto-

2300 4581 2464 4652 438
2496 4580 2617 4633 184.
2654 4582 2793 4633 Inter
2824 4585 3166 4651 nequidquam
3194 4592 3247 4635 et
3273 4599 3589 4649 nequaquam
3610 4582 3709 4635 hoc
3739 4585 3815 4637 in-

2230 4660 2413 4717 tere-i,
2434 4651 2584 4719 quod
2613 4651 2970 4720 nequidquam
3000 4663 3215 4719 trustra,
3240 4669 3575 4724 nequaquam
3604 4669 3708 4707 ηυιι
3739 4656 3817 4708 si-

2264 4723 2467 4777 ttiIICnt.

2264 4740 2293 4773 lt
2326 4738 2355 4774 II
2394 4738 2467 4777 .it.

2227 4738 2257 4865 ig
2471 4796 2608 4849 Inter
2638 4795 2731 4846 iter
2758 4803 2813 4846 et
2838 4795 2988 4847 itiner
3021 4796 3122 4849 lioc
3152 4794 3395 4862 interest,
3419 4797 3561 4865 quod
3589 4796 3687 4850 iter
3708 4810 3814 4865 quo

2229 4863 2386 4931 intus,
2419 4866 2575 4919 itiner
2600 4866 2712 4918 aviti
2741 4865 2952 4918 dicitur.

2304 4934 2423 4988 186.
2470 4936 2609 4990 Inter
2640 4936 2901 5005 proprium
2926 4944 2974 4989 et
3002 4938 3214 5006 propius
3260 4940 3359 4991 Iioc
3403 4938 3648 5002 interest,
3672 4936 3814 5008 quod

2228 5010 2501 5078 proprium
2531 5009 2749 5061 dominii
2781 5018 2883 5069 est,
2919 5012 3135 5078 propius
3166 5019 3343 5063 autem
3377 5011 3501 5063 loci.

2298 5076 2420 5130 187.
2474 5080 2617 5132 Inter
2664 5095 2832 5133 rereor
2873 5076 2931 5132 et
2967 5076 3201 5134 revereor
3252 5084 3351 5134 lioc
3380 5084 3637 5143 interest,
3671 5080 3812 5150 quod

2230 5162 2421 5202 vereor
2446 5151 2512 5202 ad
2544 5160 2745 5205 metum
2780 5151 3030 5219 refertur,
3067 5166 3314 5206 revereor
3346 5155 3410 5205 ad
3441 5150 3712 5206 ell'ectum.

2227 5285 2421 5411 “btu7sti.
2451 5358 2570 5415 Vat.
2603 5356 2707 5414 6³34
2736 5376 2748 5411 :
2776 5357 2924 5413 Inter
2968 5374 3171 5415 DLCISCI
3220 5371 3269 5413 et
3298 5370 3583 5412 VlelCAttB
3607 5357 3703 5410 hoc
3731 5357 3811 5411 in-

2225 5439 2423 5621 miliii.
2450 5500 2505 5555 In
2550 5502 2707 5556 editis
2755 5511 3015 5558 eratcum
3068 5503 3225 5558 moles
3267 5504 3317 5555 in
3364 5511 3548 5569 caput;
3589 5498 3810 5570 reposui

2225 5588 2306 5621 mo
2331 5590 2383 5621 ιι.
3064 5613 3081 5621 -

2224 5588 2417 5697 moigé.
2452 5642 2651 5697 Versus
2681 5644 2859 5700 Ovidii
2892 5648 2961 5700 ita
2993 5613 3232 5700 inieditis
3253 5644 3652 5700 exhibebatur:
3690 5641 3811 5695 Vic-

2224 5714 2347 5767 lima
2376 5717 2555 5767 dextra
2581 5714 2747 5769 habet.
2778 5717 2892 5770 Alia
2916 5718 3113 5774 librarii
3136 5718 3450 5773 omiserant.
3481 5716 3662 5773 LOcus
3686 5720 3810 5783 esti

2222 5784 2453 5849 Fas:or..
2483 5783 2605 5841 555.
