4100 6344
356 290 516 361 esse

1115 288 1408 347 APPEND.
1454 286 1647 345 χχιιι.
1688 316 1758 330 -
1798 286 1888 343 DE
1926 285 2408 346 PROPRIETATE
2446 288 2850 349 SERMONIJM.

3507 296 3648 355 1350

441 401 571 457 188.
614 400 756 456 Inter
786 401 969 455 liberos
990 407 1044 456 et
1070 399 1205 466 filios
1237 400 1340 473 hoc
1382 401 1637 466 interest,
1684 400 1823 469 quod
1855 399 1950 456 lilii
1977 408 2030 465 Α
2056 400 2249 473 vulnus
2286 403 2596 472 gravitatis;
2649 404 2816 473 plaga:
2867 403 3026 460 etiam
3076 404 3304 464 verbera
3360 419 3643 468 vocantur.

354 473 676 533 masculino
701 488 897 542 genere
926 483 1214 543 ponuntur,
1244 472 1393 527 liberi
1423 475 1474 526 itt
1507 480 1730 541 utroque
1774 487 1905 528 sexu
1934 491 1950 541 ;

357 554 423 599 et
457 544 599 613 quod
636 546 724 598 lilii
758 545 809 597 in
841 559 1063 598 numero
1093 543 1343 606 singulari
1375 545 1546 597 vocari
1573 552 1811 609 possunt.
1846 544 1952 599 Ne-

357 630 466 669 mo
494 618 634 669 enim
666 615 811 675 dicit,
838 617 923 683 qtti
952 615 1111 670 liabet
1138 614 1325 679 lilium,
1348 632 1509 668 unum
1531 615 1743 668 liberum
1768 615 1950 673 habeo.

356 685 531 749 ltetn,
563 688 699 753 quod
731 688 822 740 lilii
855 688 1155 755 promiscue
1184 688 1359 740 omnis
1390 687 1712 741 conditionis
1756 688 1952 741 intelli-

355 767 587 826 guntur,
626 770 730 812 tam
770 756 985 827 ingenui
1033 774 1189 827 quam
1234 760 1411 823 servi;
1445 758 1597 813 liberi
1630 775 1733 814 non
1764 759 1952 813 dicun-

353 836 458 883 tur
491 829 590 883 nisi
620 830 851 897 ingenui.

442 898 572 953 189.
617 901 759 953 Iutt-r
787 900 936 955 dulce
961 910 1015 956 et
1043 917 1195 955 suave
1221 899 1324 955 hoc
1356 901 1602 965 interest,
1631 901 1770 971 quod
1799 901 1954 957 dulce

353 970 512 1025 idem
542 980 714 1041 pateat
739 987 859 1026 esse
885 973 1025 1041 quod
1058 987 1239 1035 suave,
1275 988 1378 1025 non
1412 973 1591 1039 utique
1613 970 1781 1027 suave
1810 973 1952 1041 quod

352 1041 544 1096 dulce.
584 1043 749 1096 Dulce
778 1044 918 1097 enim
951 1046 1055 1097 mel
1086 1044 1312 1098 dicimus
1338 1083 1351 1108 ,
1401 1053 1454 1099 et
1499 1058 1661 1099 suave
1701 1056 1908 1098 acetum
1932 1087 1946 1111 ,

352 1116 508 1182 quod
534 1115 689 1168 dulce
718 1130 822 1167 non
851 1126 952 1168 est.

437 1183 565 1238 190.
612 1184 752 1237 Inter
796 1186 982 1240 bellum
1023 1197 1075 1240 et
1116 1186 1333 1240 avellum
1382 1187 1483 1240 ltoc
1521 1186 1780 1252 interest,
1811 1186 1952 1257 qttod

350 1253 571 1309 bellum
607 1257 743 1310 inter
767 1270 977 1311 exteras
1002 1269 1190 1329 gentes
1215 1302 1230 1322 ,
1264 1258 1495 1310 avellutn
1530 1258 1669 1312 inter
1694 1253 1843 1311 cives
1866 1258 1951 1313 di-

352 1336 539 1393 ctum,
572 1330 710 1393 Quod
744 1328 1038 1383 avellantur
1069 1329 1245 1396 populi
1279 1328 1329 1381 itt
1358 1331 1487 1381 duas
1514 1341 1708 1396 partes.

444 1397 566 1452 19!.
610 1398 752 1451 Inter
779 1400 1068 1466 exemplum
1098 1411 1150 1455 et
1172 1400 1558 1453 similitudinem
1585 1401 1683 1455 Itoc
1710 1403 1950 1467 interest,

350 1472 508 1540 quod
539 1470 841 1535 exemplum
879 1471 1096 1524 Inst-ria
1127 1483 1229 1536 est,
1256 1470 1552 1525 similitudo
1577 1473 1913 1540 approbatio.

437 1538 564 1594 192.
608 1542 746 1593 Inter
775 1542 1135 1595 divinationem
1158 1555 1205 1596 et
1238 1543 1555 1596 divinitatem
1588 1538 1684 1594 rue
1708 1542 1948 1608 interest,

348 1616 505 1681 quod
538 1611 790 1683 divinitas
816 1615 880 1667 ad
910 1614 1201 1683 potentiam
1250 1614 1480 1667 numinis
1521 1613 1775 1677 refertur,
1818 1614 1951 1668 divi-

350 1686 510 1736 natio
540 1682 571 1734 I'.
597 1693 836 1737 turnrum
868 1686 1119 1748 przrscios
1148 1684 1291 1738 Incit.

2125 472 2262 552 208_._
2285 473 2427 530 Inter
2451 476 2525 552 sic
2553 485 2625 552 et_
2644 478 2715 529 ita
2746 472 2848 552 ltoc
2872 478 3112 543 interest,
3143 479 3287 548 quod
3313 482 3392 538 sic
3429 481 3650 552 quidem

2055 545 2289 600 ostendit
2317 546 2584 613 exempla,
2614 546 2683 600 ita
2714 548 2778 600 ad
2815 553 3072 605 rationem
3103 545 3353 607 refertur.
3447 545 3463 552 ’
3548 568 3552 571 ·

2124 616 2253 671 209.
2305 615 2446 671 Inter
2475 618 2602 695 duos
2632 627 2685 673 et
2727 618 2903 673 ambos
2947 622 3050 676 ltoe
3094 620 3338 688 interest,
3370 627 3513 695 quod
3540 624 3651 684 duo

2057 698 2424 761 numerantur,
2455 689 2613 742 ambo
2641 703 3052 761 congregantur.

2289 760 2433 839 Inter
2461 771 2602 827 paret
2644 770 2699 815 et
2722 758 3066 839 apptiret‘boc
3093 764 3338 834 interest,
3374 767 3513 837 quod
3555 782 3652 839 ps-

2055 838 2158 895 ret,
2194 832 2419 898 imperio
2444 848 2459 897 ;
2489 841 2731 899 apparet,
2758 832 3081 891 videntibus.

2125 900 2250 980 211.
2286 903 2427 980 Inter
2481 904 2699 980 pullum
2731 915 2788 959 ot
2829 905 3173 980 nigrum‘hoc
3214 908 3459 980 interest,
3504 910 3650 980 quod

2053 972 2255 1054 pullum
2302 974 2427 1027 albo
2469 975 2794 1030 contrarium
2844 972 2957 1041 erit,
3008 978 3215 1049 nigrum
3265 972 3455 1036 colore
3504 972 3651 1037 icci-

2057 1057 2251 1112 pltlttls.

2124 1114 2252 1190 212.
2300 1115 2444 1190 Inter
2480 1126 2650 1190 putat,
2688 1118 2927 1186 aestimat,
2968 1120 3225 1190 opinatur,
3259 1121 3541 1175 arbitratur
3593 1130 3650 1178 et

2054 1187 2347 1260 suspicatur
2377 1185 2479 1241 hoc
2509 1188 2752 1253 interest,
2782 1185 2924 1257 quod
2959 1185 3105 1258 putat
3126 1185 3219 1260 qui
3240 1192 3468 1259 dubitat;
3499 1193 3646 1247 testi-

2056 1268 2164 1330 mat
2196 1259 2283 1330 qui
2305 1260 2686 1330 existimatore
2721 1276 2840 1328 quae
2884 1275 3002 1317 acta
3041 1259 3168 1317 sunt
3207 1263 3368 1329 dicit;
3397 1265 3650 1330 opinatur

2054 1328 2142 1394 qtti
2171 1328 2404 1393 apittioni
2443 1339 2534 1382 aut
2575 1345 2685 1383 strt-
2715 1341 2807 1385 aut
2851 1334 3075 1388 alterius
3116 1335 3321 1398 credit;
3355 1328 3649 1391 arbitratur

2054 1400 2143 1475 qui
2169 1400 2345 1475 dubia;
2374 1401 2456 1475 rei
2493 1403 2651 1455 liuetn
2685 1402 2946 1473 imponit;
2979 1406 3283 1475 suspicatur
3308 1408 3397 1474 qui
3432 1406 3650 1461 latentis

2054 1473 2128 1524 rei
2166 1470 2417 1538 prospicit
2447 1474 2689 1527 lortttam.

2123 1540 2250 1619 21
2284 1542 2423 1594 Inter
2450 1544 2712 1619 prohibere
2736 1555 2789 1619 et
2813 1545 3040 1619 inhibere
3067 1548 3171 1605 hoc
3212 1549 3456 1613 interest,
3502 1548 3648 1619 quod

2055 1613 2341 1687 protiibere
2370 1623 2451 1687 est
2478 1613 2599 1681 jure
2626 1630 2728 1668 non
2766 1617 3000 1684 habere;
3049 1619 3309 1686 inhibere,
3339 1623 3389 1673 vi
3416 1613 3646 1687 dicitur,

2054 1693 2104 1738 et
2128 1683 2278 1759 quod
2301 1683 2613 1759 iultinetnus
2632 1688 2751 1753 jure
2788 1691 3129 1757 prohibemus
3159 1683 3403 1759 imperio.

436 1752 562 1837 105.
592 1754 749 1837 Inter
774 1758 874 1810 vim
905 1758 1221 1837 tit-virtutem
1248 1757 1349 1809 ltoc
1373 1755 1633 1822 interest,
1670 1756 1811 1827 quod
1844 1756 1946 1811 rir-
1979 1778 2026 1837 Β
2055 1824 2067 1836 .
2124 1754 2251 1808 214.
2298 1752 2755 1837 lnter_ostentum,
2788 1752 3074 1837 prodigium
3122 1771 3178 1817 et
3214 1752 3499 1837 monstrum
3545 1761 3651 1817 hoc

348 1833 442 1879 tu-
484 1826 680 1881 hortari
712 1838 823 1890 est,
856 1842 885 1878 v
909 1843 933 1880 s
964 1827 1174 1895 injuria.

434 1897 581 1969 194.7
607 1899 748 1951 Inter
777 1913 956 1961 roqum
985 1911 1033 1953 et
1063 1915 1244 1969 pyram
1275 1899 1375 1951 hoc
1403 1901 1656 1966 interest,
1684 1898 1825 1967 quod
1855 1915 1945 1953 ro-

348 1982 457 2037 gus
486 1968 754 2040 defunctis
789 1980 1021 2036 paratur.
1057 1968 1177 2040 pyra
1211 1971 1511 2025 swriliciis.

432 2039 558 2093 195.
606 2040 744 2093 Inter
774 2057 952 2102 arma,
988 2039 1299 2094 armamenta
1330 2048 1385 2094 et
1425 2044 1525 2093 tela
1553 2039 1655 2093 hoc
1685 2042 1905 2096 interest
1930 2085 1944 2110 ,

348 2113 501 2179 quod
552 2126 697 2163 artua
746 2121 871 2165 sunt
907 2112 1100 2179 quibus
1140 2126 1365 2178 Corpora
1401 2120 1577 2166 nostra
1610 2112 1659 2164 iu
1694 2114 1837 2167 bello
1868 2123 1947 2168 te-

348 2192 591 2306 gulntur;
634 2192 989 2249 armamenta,
1049 2183 1291 2249 navium;
1335 2184 1435 2237 tela
1478 2183 1730 2251 missilia,
1763 2194 1819 2238 ut
1866 2184 1950 2255 ja-

348 2267 424 2306 cu
454 2270 504 2306 τι.

348 2267 504 2308 cura.

436 2323 561 2380 196.
594 2325 735 2381 Inter
782 2328 944 2381 virum
971 2334 1027 2381 et
1068 2329 1355 2380 masculum
1402 2326 1501 2380 hoc
1532 2325 1774 2389 interest,
1810 2327 1951 2390 quod

347 2394 445 2449 vir
472 2402 651 2462 specie
682 2398 1017 2467 intelligitur,
1068 2400 1334 2452 masculus
1364 2413 1583 2467 genere.
1616 2408 1669 2451 et
1699 2398 1839 2467 quod
1870 2401 1950 2452 vir

351 2468 534 2522 tribus
573 2470 744 2523 modis
776 2470 1108 2537 intelligitur,
1143 2478 1353 2535 natura,
1397 2470 1590 2522 virtute
1630 2476 1685 2522 et
1720 2472 1948 2539 nuptiis;

346 2540 633 2669 ingsculus
667 2546 829 2595 etiam
868 2541 936 2594 ab
970 2541 1186 2595 nomine
1212 2551 1544 2611 segregatur,
1572 2548 1631 2594 ut
1662 2539 1715 2594 itt
1744 2543 1953 2596 anima-

375 2627 387 2663 I
436 2625 518 2666 us.

375 2625 518 2666 11)υά-

432 2679 555 2738 197.
578 2684 727 2756 Inter
767 2685 1060 2754 profugum,
1093 2686 1338 2756 exsulem,
1378 2684 1660 2756 relegatum
1690 2690 1746 2738 et
1775 2693 1956 2739 trans-

347 2752 536 2824 fugam
577 2755 678 2810 hoc
711 2752 955 2819 interest,
984 2757 1126 2826 quod
1159 2754 1413 2826 profugus
1453 2752 1601 2823 quasi
1650 2756 1953 2812 Voluntaria

346 2827 655 2899 reliquerit;
681 2829 853 2893 exsul,
882 2832 971 2899 qui
1002 2827 1284 2881 damnatus
1314 2827 1636 2895 expellitur;
1665 2830 1951 2899 relegatus,

348 2844 655 2893 reliquerit;
681 2844 853 2893 exsut,
920 2844 971 2881 ut
1002 2844 1284 2881 uatrtnatns
1314 2844 1636 2895 expettttnr;
1665 2844 1685 2880 r

348 2897 422 2950 ad
442 2907 697 2969 tempus;
734 2844 1026 2969 transi’nga,
1057 2899 1145 2967 qui
1175 2899 1236 2952 nd
1268 2900 1447 2953 ItOStes
1480 2898 1685 2951 transit.

430 2966 555 3024 198.
599 2969 742 3023 Inter
780 2966 1026 3024 altnm'et
1062 2966 1316 3025 excelsum
1369 2973 1467 3023 ltoc
1517 2970 1761 3033 interest,
1811 2969 1954 3038 quod

350 3038 525 3093 altum
554 3050 657 3094 tant
683 3041 735 3094 itt
766 3044 1094 3111 superiorem
1126 3055 1327 3107 partem
1359 3041 1554 3095 elatum
1585 3041 1951 3111 intelligimus,

348 3125 515 3183 qualn
565 3114 629 3164 ad
680 3116 931 3167 interiora
977 3113 1320 3183 depositum;
1351 3113 1649 3175 excelsum,
1695 3113 1744 3166 in
1787 3128 1950 3183 supe-

349 3181 585 3237 rioribu~
618 3191 843 3236 tzttttttut.

435 3250 556 3306 199.
591 3254 728 3324 Intrr
757 3256 857 3306 vim
883 3262 938 3308 et
966 3255 1095 3308 vires
1141 3255 1242 3309 ltoc
1287 3254 1508 3308 interest
1550 3254 1689 3324 quod
1732 3255 1811 3308 vis
1852 3255 1951 3309 im-

352 3332 484 3393 petu
510 3332 565 3376 et
594 3321 784 3393 injuria
826 3325 987 3395 [.39
1018 3335 1248 3395 constat,
1275 3326 1413 3379 vires
1437 3328 1500 3377 ad
1535 3321 1731 3395 bonum
1756 3336 1811 3381 et
1837 3326 1949 3380 for-

352 3392 917 3459 titudinentcurports
946 3392 1285 3461 referuntur;
1317 3405 1386 3447 tta
1446 3397 1527 3449 vis
1568 3392 1696 3449 facit
1741 3398 1946 3452 violen-

351 3466 510 3530 tiam,
547 3472 682 3521 vires
713 3466 979 3519 vitiounu.

427 3536 557 3590 200.
601 3538 740 3591 Inter
780 3553 966 3591 urvum
1002 3546 1056 3592 et
1084 3538 1343 3593 crudelem
1382 3536 1485 3591 hoc
1525 3538 1768 3601 interest,
1810 3539 1950 3606 quod

352 3622 538 3678 Sa'vns
561 3610 703 3678 circa
736 3611 895 3662 verba
927 3621 1030 3675 est,
1054 3610 1286 3663 crudelis
1316 3619 1641 3662 monstratur
1667 3622 1946 3678 sanguine.

426 3677 553 3736 201,
590 3677 734 3733 Inter
762 3680 973 3745 bellum,
1002 3684 1180 3746 aciem,
1215 3683 1450 3750 puellum
1497 3688 1553 3734 et
1583 3677 1808 3749 pugnum
1851 3682 1952 3735 hoc

353 3750 603 3814 interest,
635 3754 772 3818 quod
825 3754 1015 3806 bellum
1064 3752 1260 3805 dicitur
1288 3762 1430 3805 totus
1471 3753 1773 3815 conlliclus,
1809 3753 1951 3806 acies

353 3822 655 3883 ordinatur,
701 3822 940 3891 pnliutn
990 3823 1363 3881 committitur,
1412 3838 1580 3891 pugna
1621 3824 1843 3891 geritur,
1896 3832 1951 3878 et

354 3893 503 3962 quod
533 3893 679 3947 acies
711 3904 815 3947 tatu
848 3895 968 3947 lerri
999 3910 1155 3962 quam
1186 3898 1460 3947 oculorum
1488 3906 1591 3949 est.

429 3967 479 4014 2.
501 3962 555 4017 2.
604 3964 741 4017 Inter
775 3982 980 4033 passum
1011 3974 1065 4019 et
1092 3976 1353 4036 apertum
1397 3969 1495 4018 ltoc
1534 3968 1778 4023 interest.
1809 3965 1951 4034 quod

354 4038 593 4108 patintur
626 4051 669 4088 ν.
694 4036 919 4103 Iuntate,
948 4052 1077 4107 θῆρε
1091 4052 1258 4089 rnunr
1288 4040 1625 4091 necessitate.

430 4106 554 4161 203,
591 4108 733 4162 Inter
778 4125 933 4179 genus
961 4106 1231 4177 eligentem
1268 4110 1367 4162 hoc
1399 4110 1639 4172 interest,
1676 4109 1816 4175 quod
1850 4124 1953 4177 ge-

356 4192 462 4233 nus
494 4191 597 4231 tam
628 4181 899 4233 ltunttuntn
933 4196 1088 4249 quam
1124 4180 1355 4233 I'erarutn
1388 4191 1503 4245 est;
1540 4195 1674 4249 gens
1713 4180 1777 4232 ad
1823 4194 1952 4235 con-

357 4252 725 4320 gregationem
761 4253 986 4317 plttriuut
1027 4253 1277 4319 pertim-t,
1304 4263 1357 4303 et
1387 4256 1454 4303 ab
1485 4269 1588 4303 uno
1623 4254 1799 4318 capite
1828 4253 1949 4305 des-

358 4321 538 4392 cendit
572 4340 589 4373 .'
619 4320 845 4373 dicimus
874 4336 1013 4373 enttn
1048 4339 1167 4392 gens
1200 4320 1484 4374 Gallorum.

431 4388 558 4445 204.
591 4393 726 4445 Inter
758 4402 966 4457 terram,
991 4388 1225 4445 tellurem
1258 4408 1303 4444 et
1342 4392 1555 4444 humum
1582 4390 1681 4444 huc
1703 4394 1948 4461 interest,

360 4465 503 4533 quod
534 4474 673 4516 terra
701 4478 821 4529 pars
849 4465 1029 4516 IlllIIl-II
1061 4465 1213 4518 tertia
1244 4472 1325 4515 test
1351 4479 1365 4529 ;
1394 4463 1572 4528 tellus,
1596 4463 1726 4523 dea;
1755 4463 1950 4517 ltutnus

362 4536 515 4602 locus
546 4535 836 4602 sepulturae
868 4534 1079 4599 dicitur,
1110 4540 1177 4587 ab
1207 4535 1495 4586 Ittttnatnlo.

362 4646 363 4649 η
432 4600 560 4658 205.
598 4600 739 4657 Inter
786 4606 971 4658 moenia
1010 4618 1063 4661 et
1103 4606 1326 4672 wdilit-ia
1368 4607 1467 4659 ltoc
1520 4606 1765 4672 interest,
1804 4606 1948 4675 quod

363 4677 559 4730 uitauit
588 4676 919 4743 publicorum
948 4688 1066 4730 sunt
1088 4678 1573 4743 Operum,a-dtlicia
1601 4678 1950 4745 privatorum.

434 4746 561 4801 206.
607 4749 746 4801 Inter
772 4763 923 4800 omne
950 4759 999 4802 et
1026 4759 1186 4802 totum
1216 4750 1315 4802 ltoc
1344 4758 1586 4807 interest.
1617 4748 1759 4815 qunti
1792 4762 1953 4802 omne

363 4819 749 4889 numerositate
779 4828 1009 4886 censtat,
1039 4829 1203 4874 tntum
1235 4821 1299 4872 nd
1327 4830 1502 4889 partes
1532 4820 1751 4874 dicitur.

434 4888 561 4944 207.
593 4891 732 4944 Inter
788 4891 953 4955 ulcus,
994 4890 1175 4945 vulnus
1219 4900 1274 4945 et
1315 4888 1523 4963 pagum
1566 4893 1665 4946 ltoc
1708 4894 1950 4957 interest,

364 4964 502 5030 quod
549 4964 696 5015 ulcus
755 4976 848 5029 per
896 4977 959 5034 st:
997 4967 1150 5027 exit,
1200 4963 1397 5016 vulnus
1438 4965 1617 5027 ferro;
1659 4967 1811 5034 plaga
1855 4980 1951 5030 po-

366 5043 470 5088 test
500 5047 621 5087 esse
662 5033 849 5101 planus
893 5032 1060 5098 ictus;
1093 5034 1170 5087 sic
1204 5036 1343 5102 quod
1394 5034 1541 5089 ulcus
1584 5032 1815 5089 Ieviraits
1845 5046 1949 5101 est,

441 5192 563 5249 188.
599 5192 715 5248 Vat.
743 5189 868 5255 624,
902 5190 1154 5262 singulari
1174 5190 1354 5254 referri
1376 5198 1606 5262 possunt.

440 5265 563 5318 190.
593 5263 703 5318 Hoc
742 5264 879 5332 quod
920 5260 1168 5315 tle'avcllo
1217 5262 1299 5315 hic
1342 5260 1540 5332 dicitur
1586 5261 1765 5314 nescio
1794 5276 1951 5329 quem

368 5344 639 5390 auctorem
660 5331 868 5388 habent.
886 5334 1136 5387 Libenter
1153 5333 1381 5397 legerent
1404 5331 1631 5384 duellum
1653 5333 1782 5384 inter
1800 5348 1948 5395 cives,

368 5422 474 5461 etc.
502 5408 686 5461 Fesms
712 5426 723 5459 :
761 5405 1001 5459 Duellum
1027 5447 1041 5469 ,
1083 5406 1266 5457 bellum
1311 5404 1558 5463 videlicet,
1590 5404 1728 5472 quod
1754 5404 1952 5457 duabus

369 5478 598 5545 partibus
637 5481 700 5531 de
729 5479 937 5530 victoria
966 5476 1382 5530 contendentibus
1407 5476 1699 5527 dimicutur.

443 5548 565 5603 195.
594 5552 645 5601 ltt
682 5551 770 5603 Ex:
793 5549 901 5602 usis
927 5558 1039 5601 ornt
1070 5547 1265 5600 ntissibi
1289 5564 1359 5609 ta,
1388 5563 1480 5611 pro
1510 5546 1745 5598 missilia.

442 5619 563 5672 212.
602 5621 717 5675 Vat.
746 5618 872 5674 62L
926 5617 1065 5672 Inter
1095 5633 1377 5673 ΑιιΒιτιιΑιιι
1430 5628 1476 5671 et
1515 5632 1797 5671 tantum:
1857 5618 1952 5671 hoc

370 5688 596 5755 utterest,
626 5701 759 5761 quod
814 5706 1087 5745 unum:
1135 5692 1275 5758 apud
1311 5691 1537 5741 animum
1595 5701 1822 5761 nostrum
1852 5700 1948 5757 est,

372 5760 651 5834 attenuant
675 5764 934 5834 judicium
962 5763 1120 5814 annui
1139 5765 1389 5832 proferre.
1412 5762 1573 5827 Alibi,
1609 5770 1665 5814 ut
1720 5760 1826 5826 bic,
1854 5763 1951 5816 sed

372 5830 546 5887 latent:
574 5836 646 5889 rei
666 5830 875 5905 suspicit
904 5830 1146 5903 fortnam.

1670 5910 1695 5929 ν

2052 1827 2295 1891 interest,
2318 1827 2457 1904 quod
2490 1840 2761 1904 OSIetttum
2788 1833 2905 1886 sine
2935 1827 3162 1901 corpore
3192 1833 3421 1904 solidum
3445 1848 3646 1888 novum

2050 1912 2111 1952 se
2149 1900 2406 1974 ostendit,
2438 1908 2490 1952 et
2528 1899 2719 1974 oculis.
2756 1910 2810 1954 et
2850 1899 3109 1969 auribus;
3145 1899 3441 1974 prodigium
3489 1917 3645 1972 vero,

2050 1971 2190 2037 qunti
2233 1969 2418 2041 solidis
2456 1970 2774 2037 corporibus
2805 1969 3157 2041 promit-itur,
3194 1985 3249 2029 ut
3292 1969 3343 2028 iit
3384 1975 3523 2030 coelo
3551 1969 3647 2031 c05-

2052 2048 2241 2104 tn'etes,
2276 2039 2439 2111 M0
2477 2050 2569 2094 aut
2602 2044 2777 2107 stella,
2806 2054 2859 2098 et
2888 2039 2944 2097 in
2974 2039 3137 2099 nocte
3160 2048 3267 2112 lux,
3301 2046 3530 2101 interdiu
3562 2056 3646 2101 le-

2053 2113 2267 2186 nebrte;
2310 2123 2604 2165 monstrum
2656 2128 2783 2167 vero
2826 2127 3010 2186 contra
3069 2126 3314 2171 naturam
3373 2118 3647 2186 cognitum

2052 2183 2342 2306 egreditur,
2377 2193 2433 2237 ut
2460 2195 2682 2252 serpens
2708 2196 2829 2240 cum
2873 2185 3116 2255 pedibus,
3154 2198 3245 2242 aut
3270 2202 3392 2242 cum
3417 2183 3649 2258 quatuor

2055 2269 2084 2306 a
2111 2269 2175 2306 ts.

2055 2269 2175 2308 alls.

2123 2323 2248 2380 215.
2283 2326 2422 2381 Inter
2452 2327 2760 2393 conticuere,
2801 2329 3051 2384 obticuere
3075 2338 3131 2385 et
3158 2331 3404 2384 reticuere
3436 2330 3538 2385 hoc
3565 2331 3649 2387 in-

2057 2406 2243 2463 terest,
2271 2399 2523 2471 quodqui
2545 2399 2804 2471 conticuit
2824 2403 3056 2471 undique
3078 2400 3349 2456 silentium
3369 2403 3644 2471 prastitit,

2057 2477 2115 2522 ut
2137 2468 2339 2539 antiqui
2363 2469 2537 2540 (Virg.
2570 2469 2657 2536 Ill,
2691 2470 2908 2526 A‘Ineid.
2931 2468 3061 2542 718)
3091 2490 3104 2525 :

2240 2573 2480 2625 Conticuit
2504 2574 2720 2637 tandem,
2747 2573 2972 2639 factoque
2992 2575 3071 2626 hic
3096 2575 3193 2627 line
3215 2575 3435 2639 quievit:

2057 2678 2299 2755 obticuit,
2343 2680 2431 2749 qui
2476 2682 2683 2755 nullam,
2706 2695 2856 2751 spem
2884 2682 3142 2752 reliquit;
3189 2683 3422 2749 reticuit,
3453 2683 3543 2755 qui
3571 2682 3647 2740 si-

2057 2750 2222 2805 lentio
2254 2766 2506 2819 responsa
2540 2753 2731 2808 linivit.

2127 2820 2255 2879 216.
2306 2823 2447 2877 Inter
2486 2828 2796 2891 sepulcrum,
2842 2825 3115 2891 tumulum,
3155 2833 3542 2880 monumentum
3590 2832 3651 2884 et

2059 2896 2266 2948 bustum
2297 2900 2396 2949 ltoc
2425 2895 2821 2966 interest,quod
2852 2899 3153 2964 sepulcrum
3186 2909 3269 2952 εει
3290 2899 3438 2952 locus
3460 2897 3515 2951 in
3536 2910 3649 2968 quo

2056 2979 2279 3035 corpora
2303 2967 2650 3032 sepeliuntur,
2674 2979 2728 3022 et
2748 2984 2777 3021 a
2800 2968 3109 3037 sepeliendo
3130 2968 3356 3033 dicitur;
3382 2967 3642 3037 tumulus,

2057 3039 2145 3106 qui
2177 3038 2386 3092 cineres
2415 3040 2574 3107 ισιςίις
2611 3052 3039 3107 monumentum,
3068 3056 3174 3108 quo
3206 3043 3512 3107 sepulcrum
3538 3036 3646 3093 cir-

2058 3110 2359 3173 cumdatur,
2401 3111 2599 3163 dictum
2646 3125 2676 3163 a
2727 3112 3145 3177 munitionibus;
3174 3111 3407 3177 bustum,
3451 3112 3505 3165 in
3533 3124 3643 3180 quo

2060 3194 2179 3233 ossa
2210 3193 2350 3237 sunt,
2385 3182 2535 3249 quasi
2569 3184 2701 3235 bene
2724 3190 2923 3235 ustum.
3640 3213 3650 3223 -

2126 3250 2249 3305 2l7.
2285 3251 2426 3306 Inter
2454 3263 2597 3307 astra
2623 3266 2674 3307 et
2710 3255 2883 3308 sidera
2912 3253 3013 3310 hoc
3039 3253 3282 3321 interest,
3325 3254 3466 3325 quod
3497 3260 3644 3325 astra

2054 3323 2174 3379 sine
2203 3325 2379 3378 sidere
2408 3340 2529 3379 esse
2562 3334 2800 3393 possunt,
2829 3334 2883 3380 et
2916 3332 3061 3381 astra
3092 3328 3197 3380 lixa
3217 3322 3539 3390 sunt’cmlo;
3569 3322 3645 3379 si-

2053 3395 2178 3447 dera
2214 3406 2511 3449 moventur.

2124 3462 2252 3520 218.
2302 3468 2441 3520 Inter
2469 3468 2700 3538 deripere
2746 3475 2801 3522 et
2836 3470 3057 3535 diripere
3087 3470 3186 3523 hoc
3215 3469 3462 3535 interest,
3500 3464 3646 3538 quod

2054 3534 2348 3604 deripimus
2396 3552 2516 3591 cum
2558 3534 2591 3591 e
2630 3539 2896 3605 superiori
2927 3534 3075 3607 parte
3106 3542 3158 3594 in
3198 3534 3460 3594 inferiora
3500 3534 3645 3606 rapi-

2054 3608 2533 3730 :tss;_diripituus,
2566 3622 2688 3662 cum
2716 3609 3000 3675 laniautus,
3027 3620 3082 3663 et
3114 3610 3169 3664 in
3191 3609 3435 3664 diversas
3463 3614 3644 3678 partes

2094 3693 2104 3727 ι
2150 3692 2373 3730 ιιοιιιιιιε.

2094 3692 2373 3731 ιαιιοιιιιιιε.

2123 3750 2250 3804 219.
2303 3758 2442 3804 tuter
2470 3765 2679 3804 causam
2705 3760 2761 3807 et
2792 3751 3041 3805 rationem
3081 3750 3184 3806 hoc
3213 3750 3459 3815 interest,
3501 3749 3647 3820 quod

2055 3833 2213 3874 causa
2259 3823 2452 3874 multas
2501 3824 2661 3892 liabet
2707 3822 2937 3890 species,
2984 3821 3120 3876 ratio
3167 3822 3542 3892 paucissimas,
3587 3827 3646 3877 et

2057 3892 2196 3960 quod
2231 3892 2437 3945 ratione
2465 3891 2695 3945 efﬁcitur
2724 3909 2881 3946 causa
2911 3891 3267 3948 desideratur.
3570 3904 3647 3926 δέ*

2124 3961 2251 4016 220.
2304 3968 2442 4016 Inter
2471 3963 2665 4016 Italum
2696 3978 2750 4020 ct
2788 3964 3029 4018 Italicum
3077 3964 3179 4019 hoc
3218 3964 3463 4029 interest,
3501 3960 3649 4033 quod

2055 4031 2239 4100 Italus,
2275 4033 2455 4100 ltonto,
2492 4034 2726 4101 Italicus,
2759 4050 2915 4090 arens
2943 4037 3166 4102 dicitur;
3191 4035 3265 4090 ita
3288 4033 3419 4090 illud
3440 4031 3648 4105 adpor-

2053 4120 2149 4159 son
2170 4124 2237 4157 un
2272 4116 2517 4165 relertnr.
2553 4108 2653 4159 ltoc
2679 4107 2742 4159 ad
2775 4122 2908 4163 rem.

2124 4176 2250 4230 2.21.
2305 4177 2444 4230 Inter
2483 4179 2705 4243 devium,
2737 4179 2947 4244 invium,
2978 4178 3147 4232 avium
3187 4187 3241 4233 et
3281 4178 3509 4248 pervium
3543 4176 3648 4231 hoc

2057 4247 2300 4312 intrresl,
2327 4250 2464 4317 quod
2496 4249 2693 4302 ittviuttt
2716 4261 2798 4303 est
2819 4264 2936 4303 Sltte
2960 4253 3045 4303 via
3073 4247 3339 4304 secretum
3362 4266 3377 4315 ;
3406 4250 3647 4314 devium,

2053 4320 2296 4372 desertus
2351 4326 2529 4385 locus;
2578 4326 2777 4387 avium,
2826 4329 2975 4375 extra
3013 4322 3185 4389 viam;
3234 4321 3497 4390 pervium,
3550 4331 3648 4390 per

2054 4400 2192 4458 quod
2225 4404 2576 4447 c0tttmeatttr.

2125 4459 2248 4514 222.
2282 4464 2419 4515 Inter
2448 4462 2707 4515 dexteram
2737 4474 2790 4518 et
2817 4461 3050 4517 dextram
3092 4463 3195 4518 hoc
3229 4466 3471 4526 interest,
3501 4458 3646 4529 quod

1977 4532 2031 4594 Ι)
2058 4532 2271 4600 quidm:
2302 4533 2416 4586 sine
2446 4550 2598 4586 causa
2637 4545 2953 4602 putaverunt
2996 4538 3227 4589 litteram
3272 4550 3300 4587 e
3340 4530 3636 4595 abundare,

2057 4613 2223 4656 secuti
2254 4606 2691 4677 consaetmltuetn
2723 4606 2997 4677 antiquam
3032 4613 3127 4658 :ut
3155 4603 3439 4677 reprendo,
3471 4608 3526 4655 et
3552 4614 3641 4656 re-

2057 4676 2363 4742 prehendo;
2408 4685 2466 4729 ut
2508 4691 2753 4739 vemens,
2786 4674 3165 4731 et'veltetnens
3210 4692 3224 4727 :
3283 4674 3356 4727 ita
3398 4674 3643 4727 dextram

2056 4760 2297 4816 tuauuut,
2332 4758 2383 4801 et
2413 4750 2688 4802 dexteram
2717 4762 3027 4816 prostieratn
3058 4754 3262 4815 partem
3294 4743 3421 4816 dici.

2127 4813 2253 4873 225.
2288 4818 2426 4872 Inter
2454 4823 2589 4888 leges
2615 4832 2667 4873 et
2688 4813 2814 4888 jura
2846 4813 2947 4872 hoc
2978 4813 3218 4881 interest,
3244 4815 3387 4886 quod
3410 4814 3533 4888 jura
3554 4828 3644 4869 re-

2056 4899 2206 4967 perta
2234 4902 2358 4942 sunt
2381 4890 2456 4967 ab
2474 4887 2695 4967 honesta
2717 4890 3125 4967 consuetudine,
3152 4888 3316 4967 leges,
3340 4902 3404 4967 ex
3435 4887 3499 4941 iis
3522 4899 3643 4967 qua

2056 4954 2196 5014 inter
2220 4963 2615 5028 nosprobauda
2659 4960 2910 5025 facimus;
2954 4968 3007 5013 et
3032 4958 3153 5029 jura
3186 4954 3261 5027 ab
3302 4954 3645 5027 uniuscujus-

2053 5046 2158 5100 que
2182 5031 2387 5101 jusntia
2409 5032 2680 5095 dicuntur,
2708 5033 2868 5101 leges,
2905 5041 3047 5101 quod
3078 5031 3343 5098 legantur.

2122 5190 2248 5247 ‘2l-i.
2283 5190 2401 5244 Vat.
2436 5187 2562 5254 624,
2602 5191 2715 5245 sine
2742 5207 2954 5258 corpore
2995 5188 3164 5245 solido
3194 5188 3338 5244 nobis
3381 5203 3436 5243 se
3474 5194 3645 5242 osten-

2054 5274 2196 5318 tat...
2238 5263 2445 5315 auribus
2487 5264 2746 5334 objicitur,
2779 5264 3138 5334 prodigium...
3169 5261 3474 5332 corporibus
3516 5275 3642 5328 pro-

2054 5337 2322 5388 ducitur...
2354 5344 2547 5387 cometu
2578 5333 2747 5397 stella,
2790 5347 2835 5386 et
2862 5335 2915 5387 iu
2936 5343 3099 5391 nocte.

2123 5405 2250 5458 eis.
2285 5406 2338 5459 lu
2372 5406 2537 5458 Euius
2568 5413 2682 5459 erat
2740 5403 2995 5468 Eticuere,
3019 5406 3156 5473 quod
3184 5402 3383 5458 mutavi
3426 5403 3485 5473 in
3542 5399 3630 5473 lie-

2055 5478 2274 5541 ticuerc;
2323 5492 2444 5529 naut
2480 5478 2765 5545 tespondet
2804 5476 2940 5529 iul'ra
2966 5470 3186 5529 reticuit.
3230 5476 3349 5531 Vat.
3380 5470 3642 5557 624ε1ιε-

2054 5560 2128 5601 ter
2156 5563 2456 5611 CHNTICUJ,
2484 5558 2533 5600 ει
2583 5561 2846 5609 οιατιευιτ.
2871 5557 2918 5599 et
2968 5562 3291 5602 ιιετιουιτ...
3321 5561 3543 5617 uncique
3569 5559 3642 5597 ει-

2054 5621 2210 5673 leutto
2235 5621 2367 5673 vocis
2398 5629 2695 5689 prtcsttttt...
2728 5620 2923 5671 nullam
2946 5635 3087 5686 spem
3105 5619 3367 5686 loquendi.

2122 5692 2253 5746 216.
2284 5691 2380 5745 Vat
2408 5690 2511 5744 024
2549 5708 2564 5745 :
2607 5691 2915 5758 Sepulcrum
2970 5694 3111 5744 locus
3158 5690 3212 5742 in
3261 5705 3363 5759 quo
3414 5694 3642 5743 uruntur

2052 5778 2308 5829 corpora;
2336 5781 2368 5818 a
2390 5763 2680 5833 sepeliendo
2705 5762 2994 5834 sepulcrum
3017 5761 3225 5818 dicitur.
