4148 6392
850 707 1320 776 BENEVOLO
1371 704 1744 770 LECTORI
1783 700 2081 768 ΙΟΑΝΝ.
2130 701 2432 765 ιιωογ.
2477 715 2488 763 .'

1256 708 1320 772 .0
1371 704 1744 770 LECTORI
1783 700 2081 768 ΙΟΑΝΝ.
2130 701 2432 765 ιιωογ.
2477 701 2894 767 SCHULZE.

292 1133 427 1205 Qua
457 1134 519 1189 in
563 1129 674 1187 hoc
701 1135 902 1199 quarto
949 1124 1194 1197 Operum
1240 1117 1577 1179 Theodoreti
1630 1132 1781 1178 tome
1829 1118 2258 1187 contineantur,
2309 1134 2543 1192 qumque
2591 1120 2650 1175 in
2695 1119 2792 1174 illo
2813 1121 2988 1192 prelis
3019 1119 3272 1186 parando
3305 1136 3337 1176 a
3371 1116 3540 1176 nobis

223 1250 472 1325 praestita
497 1246 647 1312 sint,
677 1243 873 1316 paucis
900 1207 1266 1314 evponemus.
1303 1240 1388 1296 Ea
1441 1239 1628 1296 omnia
1671 1252 1797 1309 qua
1838 1235 2173 1293 Sirmondus
2204 1246 2356 1292 torno
2383 1235 2650 1292 editionis
2691 1252 2806 1292 suae
2833 1245 3032 1307 quarto
3067 1237 3391 1308 complexus
3417 1245 3530 1302 est,

224 1368 634 1436 maximamque
652 1371 873 1435 partem
901 1376 1096 1417 eorum
1148 1375 1272 1430 qua:
1289 1358 1629 1429 Appendicis
1651 1356 1878 1412 nomine
1910 1355 2217 1429 subiunxit,
2248 1353 2363 1410 imo
2384 1353 2668 1424 Epistolas
2695 1352 3055 1417 Theodoreti,
3084 1368 3209 1423 qua:
3240 1366 3434 1408 omnes
3463 1364 3535 1406 ex

221 1490 376 1538 torno
403 1479 579 1534 tertio
610 1476 840 1546 relique
884 1481 1066 1539 erant,
1101 1471 1210 1527 hoc
1251 1473 1482 1528 unicum
1524 1471 1793 1527 editionis
1833 1478 2043 1525 nostra:
2086 1470 2349 1525 volumen
2380 1467 2827 1539 comprehendit.
2873 1465 2987 1522 Suo
3029 1465 3215 1536 itaque
3248 1465 3444 1520 ordine
3474 1481 3535 1521 se

220 1589 513 1659 excipiunt
541 1597 647 1642 tres
672 1584 892 1656 Dialogi
925 1584 1074 1640 lectu
1102 1582 1437 1653 dignissimi,
1470 1581 1566 1651 qui
1598 1596 1858 1636 commnn

1925 1579 2151 1635 nomine
2185 1578 2574 1635 inscribuntur
2609 1569 2952 1650 Ἕρανιστὴς,
2990 1578 3107 1649 ἦτοι
3141 1575 3533 1648 Πολὺμορφος;

221 1704 614 1761 Baeticarum
649 1702 963 1774 fabularum
1006 1699 1400 1774 compendium,
1439 1699 1589 1770 quod
1632 1699 1881 1770 quinque
1929 1697 2239 1754 absolvitur
2282 1697 2472 1764 libris;
2520 1697 2598 1751 De
2624 1696 2972 1752 Providentia
3009 1693 3273 1750 orationes
3315 1710 3347 1749 χ
3384 1711 3536 1765 pra--

219 1820 610 1886 stantissimas;
642 1816 951 1877 Grccarum
981 1815 1227 1888 denique
1268 1817 1605 1887 aﬂ'ectionum
1630 1814 1934 1871 Curationis
1970 1814 2104 1870 libri
2141 1829 2187 1869 s.
2221 1813 2629 1886 disputationes
2668 1829 2776 1880 xu,
2811 1815 3016 1885 quibus
3048 1829 3298 1885 perenne
3322 1812 3538 1868 nomini

213 1951 330 1995 suo
373 1936 550 1994 decus
593 1933 810 2010 paravit
855 1935 1108 2008 Scriptor
1154 1931 1600 1992 venustissimus.
1647 1933 1730 1990 Ex
1773 1934 2094 2005 Appendice
2147 1933 2503 2005 subjungitur
2552 1933 2784 1989 Libellus
2821 1935 2892 1988 ad
2925 1933 3262 2005 Sporacium,
3298 1935 3539 2002 scriptus

217 2060 412 2106 contra
446 2049 770 2106 Nestorium.
809 2049 1132 2122 Sequuntur
1162 2047 1426 2107 librorum
1461 2065 1607 2105 xxvn
1644 2049 1899 2104 adversus
1935 2052 2116 2103 sarias
2139 2049 2523 2119 propositiones
2553 2060 2894 2122 argumenta,
2920 2064 2989 2106 ex
3011 2049 3193 2106 Plaetii
3227 2047 3350 2103 cod.
3391 2062 3532 2100 XLVI.

217 2167 418 2228 Finem
455 2173 624 2244 hujus
657 2171 793 2228 tomi
825 2171 1036 2228 faciunt
1067 2171 1332 2244 Epistolis
1365 2151 1702 2227 Theodoreti.

287 2311 420 2366 Dion
444 2311 555 2366 erit
581 2308 732 2380 quod
783 2309 977 2366 multis
1007 2309 1456 2368 demonstremus
1506 2310 1705 2376 libros,
1731 2325 1973 2381 quorum
2001 2310 2240 2366 indicem
2268 2312 2380 2381 jam
2419 2311 2697 2376 dedimus,
2725 2295 3031 2383 plurimum
3059 2308 3541 2366 commendando:

209 2443 347 2486 esse
374 2428 448 2483 ob
468 2429 783 2499 argumenti
807 2429 1156 2501 dignitatem,
1182 2430 1514 2486 eruditionis
1539 2431 1757 2502 copiam
1786 2439 1845 2486 et
1900 2431 2026 2504 styli
2054 2431 2405 2502 elegantiam.
2438 2432 2664 2487 Duobus
2692 2432 2820 2496 illis,
2845 2446 2986 2501 quos
3010 2430 3191 2500 primo
3213 2429 3335 2483 loco
3356 2426 3539 2482 nomi-

215 2543 501 2610 navimus,
533 2558 723 2599 carere
751 2558 866 2598 non
891 2553 1075 2615 potest
1114 2544 1370 2616 quisquis
1397 2532 1466 2600 ad
1498 2544 1823 2601 solidiorem
1849 2544 2223 2617 cognitionem
2251 2553 2368 2600 tum
2401 2545 2708 2616 disciplinae
2759 2554 2876 2600 tum
2907 2544 3152 2598 historia:
3185 2557 3357 2597 sacra.-
3390 2538 3541 2610 aspi-

219 2669 332 2715 rat.
365 2659 619 2716 Tertium
646 2661 690 2715 si
721 2661 850 2730 quis
875 2661 1019 2731 legat
1047 2671 1105 2717 et
1131 2677 1244 2717 non
1265 2661 1601 2729 admiretur,
1631 2663 1698 2718 .in
1737 2672 1856 2720 arte
1885 2663 2030 2720 bene
2054 2672 2111 2719 et
2140 2672 2336 2718 ornate
2363 2662 2585 2718 dicendi
2607 2662 2776 2732 .plane
2815 2662 3016 2732 hospes
3043 2663 3114 2715 sit
3145 2674 3372 2716 necesse
3405 2665 3491 2714 cst
3522 2672 3538 2708 :

217 2782 436 2830 tantam
457 2789 582 2830 esse
606 2775 866 2831 novimus
899 2775 1224 2833 Orationum
1252 2779 1323 2834 de
1347 2779 1702 2836 Providentia
1725 2779 2356 2847 venustatem.Quartus
2377 2779 2617 2849 denique
2651 2779 2746 2848 qui
2774 2777 3106 2848 evangelica:
3137 2775 3387 2830 veritatis
3405 2787 3541 2828 cum

216 2883 517 2957 gentilium
563 2883 915 2955 phil050pbia
958 2895 1292 2957 comparata:
1326 2889 1703 2958 praestantiam
1738 2899 1946 2955 tuetur,
1978 2899 2095 2945 tum
2131 2891 2202 2946 ab
2236 2891 2349 2946 illis
2377 2890 2473 2960 qui
2515 2890 2810 2943 sanctioris
2855 2888 2982 2945 ﬁdei
3028 2900 3232 2943 nostrae
3280 2888 3542 2943 vindiciis

218 2997 435 3070 justum
466 3008 721 3055 statuunt
739 2998 1010 3070 pretium,
1041 3010 1157 3055 tum
1193 3001 1263 3055 ab
1292 3003 1694 3072 elegantiorum
1723 3003 2037 3057 litterarum
2063 3000 2250 3071 dignis
2275 3000 2708 3057 mstimatoribus
2738 3002 2938 3056 merito
2963 3017 3179 3056 summa
3210 3002 3375 3057 laude
3404 3017 3541 3058 con-

216 3113 528 3172 decoratur
553 3134 567 3169 :
591 3125 677 3173 est
705 3119 856 3173 enim
885 3119 1133 3190 apprime
1163 3120 1336 3187 utilis,
1366 3123 1481 3178 sive
1513 3123 1583 3178 ad
1618 3123 1981 3180 sanctissima:
2008 3124 2137 3180 ﬁdei
2166 3131 2370 3180 nostrae
2394 3123 2676 3195 dogmata,
2703 3123 2820 3178 sive
2845 3123 2915 3178 ad
2949 3124 3327 3195 antiquiorum
3361 3126 3542 3194 philo-

219 3231 536 3301 sophorum
567 3233 770 3303 placita
799 3237 1134 3306 respexeris.
1164 3237 1288 3294 Non
1310 3247 1397 3296 est
1413 3238 1605 3309 itaque
1633 3247 1782 3310 quod
1831 3239 2099 3295 miremur
2121 3239 2324 3309 saepius
2351 3239 2486 3294 olim
2516 3240 2621 3294 bos
2643 3251 2882 3309 quatuor
2910 3240 3084 3294 libros
3106 3239 3339 3294 seorsim
3366 3236 3542 3293 fuisse

221 3347 378 3418 typis
420 3349 748 3418 exscriptos.
799 3349 899 3404 His
938 3351 1354 3421 antiquioribus
1402 3351 1746 3407 editionibus
1782 3351 1852 3406 ad
1899 3352 2064 3406 ﬁdem
2111 3351 2368 3406 codicum
2411 3351 2713 3421 evulgatis,
2756 3360 3026 3422 quantum
3062 3351 3180 3407 ﬁeri
3207 3351 3426 3422 potuit,
3458 3349 3542 3406 usi

221 3476 448 3527 sumus,
484 3462 761 3534 imprimis
796 3462 895 3518 ubi
949 3464 1348 3536 manuscriptis
1393 3481 1496 3521 nos
1535 3465 1763 3521 destitui
1809 3465 2068 3520 vidimus.
2114 3465 2444 3520 Liberaliter
2471 3465 2747 3520 editiones
2776 3467 3019 3522 rariores
3061 3465 3353 3522 nobiscum
3391 3483 3545 3524 com-

221 3563 596 3637 municarnnt
629 3582 816 3647 amici,
845 3582 1051 3654 quibus
1078 3584 1301 3654 publice
1334 3593 1550 3660 gratum
1578 3598 1689 3638 non
1720 3582 1974 3653 proﬁteri
2010 3583 2257 3637 animum
2291 3583 2519 3638 omnino
2553 3583 2707 3638 nefas
2731 3591 2903 3639 esset.

297 3719 439 3785 Quae
466 3721 537 3776 ad
566 3731 680 3777 tres
711 3721 958 3793 dialogos
993 3722 1050 3776 in
1076 3722 1305 3778 scholiis
1346 3724 1554 3778 nostris
1592 3722 2034 3788 observavimus,
2072 3723 2311 3777 maxima
2338 3737 2405 3777 ex
2431 3731 2592 3792 parte
2623 3723 2914 3794 desumpta
2947 3731 3077 3778 sunt
3103 3701 3175 3779 ex
3203 3724 3546 3780 editionibns

218 3834 459 3901 Graecis,
487 3853 612 3906 quas
637 3838 825 3894 Romae
852 3855 983 3894 ann.
1015 3840 1173 3906 1547,
1202 3842 1349 3912 apud
1377 3841 1720 3912 Stephanum
1744 3841 2060 3897 Nicolinum
2094 3840 2420 3897 Sabiensem
2455 3843 2599 3907 in-L,
2625 3852 2682 3898 et
2707 3842 2908 3914 Lipsiae
2937 3859 3069 3897 ann.
3102 3844 3262 3906 1591,
3280 3843 3546 3913 impensis

217 3947 514 4006 Valentini
535 3953 788 4025 Vogelini
819 3953 958 4022 in-8,
987 3957 1338 4028 prodierunt.
1373 3959 1628 4015 Latinam
1652 3976 1876 4032 quoque
1905 3962 2177 4018 Victorini
2208 3961 2451 4035 Strigelii
2483 3963 2798 4019 versionem
2825 3965 3027 4019 saeculo
3050 3980 3136 4018 xvi
3164 3963 3367 4033 sapius
3385 3978 3550 4032 repe-

217 4068 420 4133 titam,
441 4070 497 4124 in
537 4071 836 4128 consilium
863 4075 1203 4142 vocavimus,
1231 4076 1277 4130 si
1309 4076 1576 4134 lectiones
1611 4077 2016 4136 Sirmondiante
2046 4096 2074 4135 a
2110 4089 2263 4136 textu
2295 4081 2604 4136 editionum
2635 4080 2949 4136 Graecarum
2977 4081 3208 4136 diversa:
3233 4090 3413 4144 erant,
3451 4082 3548 4135 aut

217 4187 514 4244 Eranistae
539 4199 596 4245 et
630 4189 938 4248 Orthodoxi
973 4195 1200 4250 nomina
1241 4175 1556 4266 permutata
1589 4213 1712 4253 esse
1754 4196 2104 4254 videbantur.
2138 4198 2253 4254 Nec
2288 4197 2658 4253 omittendum
2690 4213 2813 4251 esse
2853 4197 3112 4250 duximus
3159 4196 3279 4251 loca
3320 4196 3544 4248 Patrum

216 4301 279 4353 in
327 4298 447 4354 line
491 4303 933 4375 uniuscujusque
965 4306 1166 4378 dialogi
1209 4324 1408 4379 magno
1437 4325 1674 4364 numero
1701 4309 1864 4364 allata
1884 4310 2208 4380 diligentius
2234 4318 2516 4374 excutere,
2545 4325 2668 4379 qua:
2697 4325 2727 4363 α
2754 4310 2961 4364 nostris
3005 4310 3337 4365 lectionibus
3369 4311 3545 4365 aliena

216 4422 430 4466 essent
476 4415 537 4468 in
569 4415 796 4474 scholiis
820 4435 1070 4488 monere,
1098 4431 1156 4477 et
1180 4422 1599 4483 Sirmondianas
1625 4427 1896 4484 lectiones
1924 4426 2129 4498 passim
2157 4427 2478 4491 emendare,
2508 4437 2569 4480 ut
2592 4442 2712 4497 pag.
2749 4427 2817 4481 49
2839 4435 2896 4481 et
2925 4426 3078 4481 alibi.
3112 4427 3241 4483 llaec
3261 4443 3387 4483 cum
3415 4442 3546 4498 age-

213 4549 454 4600 remus,
488 4535 638 4591 haud
673 4551 798 4590 raro
823 4536 880 4591 in
919 4537 1039 4592 loca
1063 4537 1287 4594 Patrum
1325 4542 1643 4607 incidimus,
1677 4559 1799 4613 quas
1837 4545 2226 4600 emendatione
2252 4543 2436 4600 adhuc
2464 4555 2604 4610 opus
2637 4541 2863 4604 habent,
2899 4550 2954 4594 et
2982 4557 3048 4596 cx
3087 4543 3286 4598 Nostro
3313 4545 3548 4600 feliciter

214 4650 463 4707 restitui
498 4659 752 4720 possunt,
781 4652 882 4707 etsi
905 4653 1309 4723 probatissimis
1337 4656 1666 4726 plerumque
1718 4657 1803 4711 usi
1839 4657 2012 4712 simus
2034 4657 2398 4721 editionibus,
2425 4672 2562 4726 quas
2591 4657 2645 4709 in
2676 4655 2902 4710 scholiis
2943 4671 3377 4717 commemorare
3399 4663 3545 4718 haud

210 4766 610 4838 negleximus.
635 4764 769 4832 Quae
801 4781 868 4820 ex
887 4766 1179 4823 Ambrosio
1207 4767 1262 4822 in
1299 4769 1386 4824 his
1413 4769 1646 4841 dialogis
1667 4786 1697 4824 a
1725 4770 2078 4827 Theodoreto
2099 4772 2265 4827 allata
2289 4780 2438 4834 sunt,
2463 4771 2611 4824 haud
2645 4786 2767 4824 raro
2807 4771 2971 4825 aliter
3006 4773 3060 4826 in
3093 4772 3283 4830 Graeco
3315 4792 3545 4848 sonant,

206 4887 273 4935 et
304 4876 612 4933 mitiorem
641 4891 865 4932 sensum
903 4877 1163 4942 fundunt,
1201 4894 1367 4948 quam
1399 4879 1454 4933 in
1486 4888 1634 4935 textu
1667 4879 1882 4934 Latino.
1910 4880 2053 4935 Hinc
2082 4880 2328 4950 suspicio
2349 4881 2549 4945 oritur,
2581 4879 2842 4934 Nostrum
2872 4880 2928 4934 in
2961 4881 3151 4937 codice
3185 4899 3287 4940 suo
3313 4887 3552 4943 Ambro-

209 4990 391 5046 siano
423 5005 544 5043 non
580 4987 804 5043 easdem
829 4987 1090 5044 habuisse
1119 4988 1404 5052 lectiones,
1433 5006 1572 5062 quas
1596 5006 1745 5045 nunc
1775 4991 1832 5045 in
1862 4992 2086 5048 excusis
2113 4991 2389 5047 Ambrosii
2416 4991 2574 5048 libris
2605 4991 2895 5046 habemus.
2933 4993 3040 5048 Ista
3069 5011 3204 5051 vero
3235 5001 3551 5069 conjectura

211 5112 466 5157 tantum
497 5097 646 5170 apud
671 5114 774 5155 nos
805 5115 918 5155 non
945 5099 1138 5165 valuit,
1167 5111 1228 5156 ut
1267 5101 1444 5173 abripi
1485 5119 1587 5158 nos
1623 5112 1959 5172 pateremur,
1988 5104 2075 5159 his
2103 5105 2158 5159 in
2192 5104 2331 5160 locis
2362 5113 2569 5159 textum
2601 5105 2857 5159 Latinum
2889 5105 3193 5174 Ambrosii,
3227 5125 3391 5180 quem
3429 5114 3548 5172 edi-

211 5219 364 5275 tioni
421 5214 928 5272 Benedictinorum
961 5215 1308 5271 exactissime
1349 5217 1684 5286 respondere
1735 5219 2011 5290 vidimus,
2055 5237 2123 5275 ex
2169 5219 2364 5276 Graeco
2411 5219 2718 5292 reﬁngere,
2775 5238 2845 5277 nc
2889 5223 3036 5279 idem
3082 5229 3556 5291 committeremus

209 5331 475 5394 vitium,
505 5328 566 5385 in
589 5328 739 5398 quod
780 5329 860 5385 illi
900 5329 1218 5387 inciderunt
1260 5331 1354 5402 qui
1390 5341 1598 5388 textum
1641 5349 1709 5389 ex
1755 5335 2213 5406 interpretatione
2256 5336 2444 5406 aliqua
2487 5338 2782 5393 restituere
2817 5340 3115 5395 temerario
3141 5357 3280 5398 ausu
3313 5344 3555 5417 aggressi

205 5455 377 5504 sunt-

281 5592 380 5647 Ad
416 5588 614 5646 libros
645 5585 1039 5643 Hzereticarum
1071 5586 1382 5644 fabularum
1411 5589 1734 5647 varietatem
1761 5588 2020 5649 lectionis
2043 5590 2423 5663 congessimus
2446 5604 2513 5646 ex
2543 5590 2790 5647 editione
2815 5605 2966 5648 mere
2990 5590 3198 5657 Graeca,
3225 5606 3348 5661 qua
3370 5590 3559 5648 Roma:

206 5723 349 5765 ann.
388 5700 578 5764 1547,
610 5698 754 5762 in-l,
787 5697 1011 5767 prodiit.
1039 5696 1234 5768 Operae
1257 5716 1475 5772 quoque
1503 5705 1744 5772 pretium
1769 5718 1891 5759 esse
1917 5703 2178 5759 duximus
2229 5701 2567 5773 Scriptorem
2597 5713 2848 5758 nostrum
2881 5719 3006 5759 cum
3059 5702 3320 5761 Eusebio.
3348 5702 3559 5757 [renato

584 5795 858 5857 ΡΑτιιοι..
903 5795 1020 5854 Gn.
1063 5793 1371 5855 LXXXUI.

3155 5796 3182 5860 ι
