4148 6392
568 358 570 361 ’
645 383 709 454 ιι
1604 371 1869 435 JOANN.
1899 367 2172 432 LUDOV.
2215 364 2571 430 SCHULZII
2614 363 3032 427 murum.
3167 425 3170 428 ,
3851 355 3919 423 ta

641 524 702 574 et
726 511 1032 587 Epiphanio
1047 510 1458 579 comparare,et
1473 516 1596 573 quae
1620 516 1650 555 a
1674 496 2226 563 Petavio,-Massueto,
2250 493 2476 557 Grabio,
2498 490 2771 547 Cotelerio
2793 491 3028 562 aliisque
3047 490 3163 562 jam
3189 488 3402 545 utiliter
3427 490 3719 547 observata
3738 496 3916 550 erant.

643 629 704 687 in
733 641 865 684 usus
896 632 1113 690 nostros
1138 627 1482 678 convertere.
1514 612 1820 670 Prolixiora
1855 611 1982 666 inde
2009 616 2172 668 enata
2202 614 2334 662 sunt
2357 605 2590 671 scholia,
2620 613 2678 661 et
2699 620 2814 662 non
2843 603 3221 660 dubitavimus
3247 601 3453 670 passim
3477 615 3510 658 a
3533 599 3770 660 lectione
3781 596 3918 655 «edi-

643 737 809 795 tionis
840 732 1239 792 Sirmondianze
1265 710 1579 790 deﬂectere,
1608 731 1671 777 ut
1700 736 1826 792 pag.
1859 719 1983 786 554,
2017 697 2256 786 ᾧριἰὺί.

713 877 948 933 Textum
971 873 1220 929 Graecum
1243 863 1824 938 praestantissimarum
1847 859 1916 915 de
1947 852 2303 915 Providentia
2331 855 2645 910 orationum
2669 851 3131 926 comparavimus-
3141 864 3268 907 cum
3293 848 3539 907 editione
3558 846 3924 906 mcre‘Graca

641 990 867 1048 Parisiis
883 1003 1023 1047 .ann.
1052 984 1210 1051 1569,
1243 980 1389 1049 in—8,
1422 979 1567 1053 typis
1591 979 1887 1049 exscripta,
1917 982 1976 1032 et
2003 975 2062 1030 in
2103 973 2417 1030 subsidium
2451 971 2770 1030 vocavimus
2805 970 3322 1042 interpretationem
3350 970 3603 1026 Latinam
3643 967 3922 1040 Rodolphi

639 1104 944 1172 Gualtheri,
975 1119 1098 1176 quas
1129 1102 1264 1160 ibid.
1293 1116 1422 1157 ann.
1457 1099 1616 1165 1571,
1662 1095 1806 1161 iii-8,
1837 1093 2063 1167 prodiit.
2101 1090 2403 1165 Utriusque
2435 1091 2696 1149 editionis
2729 1093 2946 1163 copiam
2974 1091 3138 1148 nobis
3165 1092 3298 1149 fecit
3340 1093 3476 1149 Rev.
3512 1091 3785 1158 Schmidt,
3818 1107 3923 1149 sa-

641 1240 861 1281 crorum
888 1225 1036 1296 apud
1057 1222 1422 1280 Dobrizenses
1464 1218 1715 1290 antistes,
1746 1215 1837 1273 cui
1862 1215 2084 1299 publice
2097 1211 2357 1299 augendae
2393 1220 2520 1270 sunt
2564 1213 2772 1286 gratiae.
2797 1190 3078 1292 Sirmondi
3119 1222 3330 1270 textum
3369 1213 3576 1284 passim
3613 1210 3924 1284 integritati

642 1355 754 1398 sine
808 1342 1102 1398 restituere
1166 1338 1324 1394 licuit
1343 1378 1357 1402 ,
1421 1333 1731 1407 supplendo
1788 1347 1911 1404 quae
1966 1331 2200 1401 omiia,
2261 1331 2592 1403 corrigendo
2652 1349 2776 1402 quae
2837 1333 3024 1388 minus
3082 1339 3232 1388 recte
3297 1345 3558 1402 expressa
3619 1341 3809 1400 erant,
3857 1336 3924 1387 ut

640 1473 764 1530 pag.
797 1457 922 1513 527.

711 1591 851 1647 Cum
883 1591 951 1646 ad
984 1589 1277 1646 duodecim
1310 1588 1481 1643 libros
1507 1587 1584 1641 De
1608 1583 1876 1641 curandis
1919 1583 2238 1641 Graecorum
2281 1584 2673 1644 aﬂectionibus
2696 1588 3016 1643 veniremus
3036 1585 3138 1660 (a),
3164 1585 3314 1643 haud
3332 1585 3670 1659 negligenda:
3691 1585 3921 1642 fuerunt

639 1706 814 1763 Fulvii
858 1706 1044 1762 Ursini
1082 1703 1494 1760 emendationes
1535 1719 1604 1758 ex
1633 1702 1876 1773 antiquis
1920 1702 2270 1774 potissimum
2301 1705 2753 1769 libris-collectae,
2780 1721 2919 1775 quas
2958 1706 3261 1762 Garnerius
3286 1702 3539 1763 exhibuit
3573 1707 3630 1760 in
3657 1704 3928 1761 Auctario

639 1837 761 1888 suo,
791 1834 914 1891 pag.
946 1817 1206 1899 395-456.
1238 1816 1336 1872 His
1363 1815 1552 1872 Ursini
1575 1815 1942 1874 Collectaneis
1965 1818 2047 1874 sic
2073 1819 2158 1873 usi
2193 1833 2406 1887 sumus,
2445 1827 2520 1904 ut.
2541 1835 2664 1891 qua:
2699 1826 2893 1876 notatu
2927 1819 3178 1892 digniora
3205 1829 3336 1877 sunt
3361 1821 3421 1878 in
3443 1818 3670 1876 scholiis
3692 1820 3923 1876 nostris.

640 1937 819 1992 littera
848 1936 894 1990 U
918 1933 1219 2006 praemissa,
1267 1935 1460 2004 paucis
1489 1933 2006 2004 complecteremur.
2039 1935 2139 1990 llis
2163 1942 2519 1992 accesserunt
2549 1937 2718 1992 variae
2757 1935 3027 1992 lectiones
3051 1952 3082 1992 e
3115 1936 3336 1993 duobus
3371 1935 3660 1992 codicibus
3690 1937 3929 1992 Floren-

638 2048 772 2104 tinis
795 2047 1114 2116 desumpta.
1139 2044 1418 2116 Sylburgii
1441 2043 1704 2110 editione,
1719 2042 2242 2117 qute'Heidelbergae
2257 2062 2386 2102 ann.
2402 2047 2558 2113 1592,
2585 2046 2797 2112 in-fol.,
2814 2046 3042 2118 prodiit,
3070 2045 3182 2102 frui
3209 2046 3434 2103 demum
3458 2040 3635 2113 licuit,
3662 2062 3788 2102 cum
3811 2054 3932 2102 tres

639 2166 851 2238 priores
885 2162 1015 2218 libri
1055 2162 1160 2230 iam
1203 2162 1346 2234 typis
1370 2160 1632 2231 exseripti
1659 2168 1867 2237 essent.
1895 2161 2373 2220 Constitueramus
2402 2165 2631 2237 quidem
2684 2181 2750 2221 ea
2778 2180 2902 2234 quae
2943 2165 3014 2220 ad
3054 2166 3159 2222 hos
3201 2167 3376 2223 libros
3403 2167 3616 2238 reliqua
3640 2175 3789 2234 sunt,
3816 2167 3932 2225 hoc

638 2273 761 2330 loco
786 2249 1078 2343 supplere;
1105 2271 1203 2327 sed
1228 2271 1301 2327 ob
1327 2269 1595 2342 temporis
1619 2279 1676 2327 et
1699 2271 1807 2328 loci
1834 2275 2148 2342 angustiam
2184 2276 2476 2332 consilium
2519 2275 2656 2332 illud
2696 2277 3052 2333 mutavimus.
3085 2277 3280 2349 Aptior
3307 2277 3395 2335 his
3415 2278 3660 2350 aliisque
3690 2277 3931 2352 Supple-

637 2391 842 2449 mentis
862 2389 1020 2444 locus
1040 2386 1148 2444 erit
1176 2387 1234 2442 in
1263 2395 1414 2444 tomo
1440 2388 1656 2458 quinto.

706 2522 840 2592 Quae
860 2524 934 2578 de
965 2523 1279 2594 Appendice
1302 2522 1541 2580 dicenda
1565 2532 1774 2590 essent,
1800 2525 1916 2596 jam
1941 2525 2281 2592 monuimus,
2307 2504 2430 2598 pag.
2462 2527 2620 2582 1041.
2644 2526 2725 2583 De
2755 2529 2948 2584 ordine
2977 2539 3185 2596 autem,
3219 2545 3331 2600 quo
3366 2529 3628 2600 Epistolas
3667 2528 3931 2585 Theodo-

637 2631 758 2688 reti
779 2632 836 2687 in
871 2632 979 2687 hoc
1004 2629 1601 2710 volumine‘dispositae
1626 2639 1789 2698 sunt,
1840 2632 1988 2688 dicet
2019 2635 2084 2690 ν.
2116 2635 2179 2692 γ.
2211 2635 2296 2691 Jo.
2339 2635 2481 2708 Aug.
2524 2635 2794 2700 Noesselt,
2838 2637 2928 2691 cui
2972 2636 3240 2706 plurimas
3280 2637 3549 2692 debemus
3581 2636 3786 2710 gratias
3824 2652 3933 2708 pro

637 2743 842 2799 eximio
865 2741 1050 2798 studio
1078 2741 1226 2810 quod
1250 2741 1308 2796 in
1337 2739 1658 2795 adornando
1691 2750 1842 2797 torno
1865 2744 2033 2798 tertio
2059 2744 2264 2814 posuit,
2293 2746 2452 2818 cujus
2477 2753 2693 2816 partem
2722 2746 2983 2816 Epistolas
3009 2748 3118 2803 illae
3142 2748 3574 2805 constituebant.
3610 2749 3767 2817 Quod
3800 2751 3930 2806 reli-

635 2874 809 2931 quum
850 2864 938 2914 est
984 2856 1160 2910 Deum
1182 2853 1248 2908 T.
1277 2851 1342 2909 0-.
1372 2852 1443 2908 Μ.
1469 2867 1783 2922 precamur,
1813 2865 1876 2910 ut
1900 2855 2002 2910 hos
2029 2856 2249 2913 labores
2281 2867 2336 2916 in
2378 2860 2466 2915 sui
2513 2859 2756 2916 nominis
2787 2861 3019 2934 gloriam
3049 2861 3248 2920 cedere
3267 2863 3482 2936 jubeat.
3512 2867 3651 2924 Dab.
3677 2868 3826 2925 Halat
3867 2868 3931 2924 in

639 2976 793 3034 acad.
819 2972 971 3033 Frid.
995 2972 1064 3052 d.’
1087 2986 1155 3026 xx
1182 2968 1328 3035 Maii,
1363 2968 1431 3025 A.
1459 2969 1527 3024 Π.
1553 2967 1612 3025 S.
1637 2967 2038 3033 MDCCLXXII.

1767 3096 2240 3153 COROLLARIUM
2265 3094 2321 3144 Ι.
2351 3094 2419 3145 Α.
2454 3087 2836 3142 NOESSELTI.

718 3236 780 3292 In
807 3235 1147 3289 recensendo
1173 3233 1328 3283 textu
1357 3222 1731 3294 Epistolarum
1756 3218 2113 3284 Theodoreti,
2139 3232 2264 3288 qua:
2300 3226 2432 3274 sunt
2453 3217 2510 3298 in
2532 3217 2683 3272 hunc
2706 3223 2919 3270 tomum
2957 3229 2990 3269 e
3018 3211 3183 3268 tertio
3207 3209 3597 3287 Sirmondiano
3633 3208 3939 3276 translatae,

647 3354 889 3425 primum
920 3345 1275 3402 adhibuimus
1307 3339 1574 3396 lectiones
1597 3351 1710 3401 eas,
1734 3348 1871 3405 quas
1894 3333 2011 3410 ipse
2034 3328 2365 3386 Sirmondus
2395 3346 2433 3386 e~
2448 3329 2639 3386 codice
2662 3327 3024 3399 Neapolitano
3052 3333 3376 3396 acceperat;
3402 3337 3566 3396 porro
3589 3337 3712 3377 cum
3737 3336 3944 3391 quam-

649 3461 904 3533 plurimas
945 3455 1190 3528 epistola:
1231 3454 1348 3509 sive
1372 3448 1708 3505 Theodoreti
1750 3447 1866 3501 sive
1893 3446 2149 3510 aliorum,
2175 3446 2343 3503 etiam
2369 3443 2522 3507 alibi,
2548 3443 2662 3497 sive
2687 3442 2874 3497 Graece
2904 3441 3019 3496 sive
3040 3438 3238 3494 Latine
3273 3452 3468 3502 versa,
3496 3443 3558 3490 ut
3584 3435 3641 3489 in
3668 3433 3947 3490 concilio-

652 3598 779 3638 rum
803 3577 1149 3650 corporibus,
1185 3574 1241 3628 in
1281 3569 1554 3642 Operibus
1579 3566 1736 3622 Marii
1768 3563 2111 3630 Mercatoris,
2155 3564 2210 3616 in
2252 3562 2474 3616 Baronii
2502 3561 2827 3627 Annalibus,
2854 3568 3090 3624 exstent,
3129 3563 3325 3614 harum
3367 3571 3587 3628 quoque
3628 3554 3948 3611 editionum

653 3700 1032 3758 diversitatem
1069 3694 1361 3765 diligenter
1400 3687 1766 3753 contulimus;
1813 3684 2060 3755 denique
2083 3681 2356 3738 beneﬁcio
2397 3681 2631 3736 illustris
2666 3680 2807 3746 viri,
2840 3679 2943 3735 Ad.
2989 3679 3184 3734 Franc.
3219 3678 3480 3738 Kollarii.
3518 3677 3860 3733 obtinuimus
3911 3696 3951 3736 ο

654 3809 989 3866 bibliotheca
1072 3805 1322 3861 Caasarea
1409 3797 1823 3854 Vindobonensi
1925 3768 2240 3866 exemplum
2329 3803 2585 3849 accurate
2672 3793 3014 3864 descriptum
3120 3785 3370 3863 epistolae
3457 3791 3791 3847 Theodoreti
3871 3792 3954 3847 ad

657 3927 921 3982 Joannem
957 3920 1315 3978 Germanieiw
1347 3917 1669 3988 episcopum
1699 3915 1810 3988 (cui
1833 3914 2016 3968 locum
2050 3913 2150 3967 147
2178 3912 2450 3984 dedimus)
2480 3913 2818 3983 alteriusque
2850 3913 2916 3967 ad
2941 3911 3324 3981 Euphratesiae
3348 3910 3648 3965 monachos
3673 3908 3752 3981 (η.
3790 3909 3954 3978 151),

659 4060 824 4115 quam
858 4043 925 4098 ad
961 4039 1235 4097 edendum
1276 4038 1478 4092 frustra
1513 4032 1811 4090 Garnerius
1845 4031 2184 4102 expetierat;
2226 4031 2321 4086 ubi
2359 4031 2588 4102 contigit
2624 4039 2684 4086 ut
2726 4030 2892 4084 homo
2926 4029 3172 4094 Grmcus,
3216 4029 3307 4083 cui
3341 4028 3702 4084 describenda
3742 4028 3959 4086 tradita

659 4172 805 4222 esset
833 4160 1096 4232 epistola,
1127 4158 1183 4212 in
1217 4152 1595 4227 percurrendo
1630 4153 1820 4207 codice
1854 4153 2020 4208 etiam
2055 4151 2182 4208 aliis
2217 4168 2284 4206 ex
2319 4151 2570 4222 epistolis
2607 4151 2981 4220 discrepantes
3016 4150 3314 4216 lectiones,
3355 4165 3667 4221 quanquam
3704 4166 3918 4220 paucas
3941 4194 3960 4210 .

659 4281 997 4344 excerperet,
1045 4285 1181 4340 quas
1213 4264 1404 4323 omnes
1438 4265 1895 4321 Vindobonenses
1928 4264 2204 4334 appellare
2238 4266 2500 4318 solemus.
2540 4265 2616 4318 De
2665 4262 2925 4318 Auctario
2961 4262 3234 4327 Garnerii,
3272 4264 3429 4332 cujus
3473 4262 3723 4316 ordinem
3760 4269 3953 4322 secuti

661 4401 852 4444 Sumus
879 4387 934 4440 in
971 4383 1217 4456 epistolis
1246 4381 1648 4436 Sirmondianze
1671 4378 1902 4433 editioni
1928 4377 2178 4449 adjectis,
2209 4387 2416 4432 textum
2453 4378 2638 4432 multis
2673 4378 3018 4446 inquinatum
3047 4377 3218 4442 vitiis,
3246 4377 3670 4448 versionemque
3695 4379 3968 4437 Latinam

663 4502 1082 4574 castigavimus;
1120 4496 1214 4552 ubi
1243 4497 1428 4553 Graeca
1462 4496 1764 4566 perierant,
1789 4493 2143 4549 exhibuimus
2170 4503 2414 4548 veterem
2451 4492 2701 4548 Latinam
2740 4493 3267 4562 interpretationem.
3304 4493 3492 4558 Neque
3526 4499 3708 4545 tamen
3741 4492 3971 4562 placuit

665 4616 786 4672 illas
819 4614 1024 4670 addere
1048 4613 1310 4682 epistolas
1336 4609 1690 4676 Theodoreti,
1717 4627 1838 4681 quae
1873 4612 1930 4665 in
1963 4611 2328 4667 celeberrimo
2355 4612 2628 4682 Synodico
2656 4611 2845 4664 lrenaei
2879 4619 3106 4664 servam
3132 4610 3389 4674 fuerunt;
3429 4626 3555 4663 nam
3599 4609 3734 4664 illud
3767 4609 3970 4680 ipsum

667 4732 781 4787 vidi
816 4731 1114 4801 repetitum
1168 4746 1285 4786 esse
1321 4745 1352 4784 a
1385 4729 1657 4784 Garnerio
1703 4730 1758 4782 in
1795 4727 2184 4783 dissertatione
2235 4729 2427 4799 quinta
2476 4728 2722 4784 Auctarii
2765 4726 2833 4782 de
2883 4726 3214 4781 Theodoreti
3261 4737 3317 4781 et
3350 4727 3714 4782 Orientalium
3748 4731 3926 4783 causa
3951 4771 3970 4794 ,

670 4847 845 4916 cujus,
884 4860 950 4899 ex
991 4844 1234 4899 editione
1279 4843 1556 4896 Mansiana
1609 4842 2010 4911 locupletandze
2062 4842 2483 4911 repetenquue
2539 4851 2686 4897 tomo
2725 4842 2919 4911 quinto
2974 4858 3203 4911 operum
3239 4842 3595 4905 Theodoreti,
3632 4857 3787 4911 spem
3821 4842 3976 4899 fecit
4027 4885 4030 4887 Α

673 4958 963 5014 bchulzius
995 4959 1059 5014 V.
1096 4959 1184 5024 V.,
1224 4958 1278 5012 in
1314 4974 1423 5027 quo
1472 4959 1751 5012 volumine
1806 4967 2126 5027 repetentur
2166 4961 2330 5015 etiam
2369 4961 2773 5027 commentarii,
2812 4959 3015 5029 quibus
3051 4958 3353 5015 Garnerius
3388 4973 3581 5012 omnes
3615 4956 3730 5012 fere
3767 4957 3978 5015 Theo-

670 5076 846 5132 doreti
881 5077 1139 5146 epistolas
1172 5093 1201 5132 a
1235 5093 1293 5132 se
1329 5076 1732 5145 Sirmondoque
1768 5076 1945 5130 editas
1985 5077 2300 5133 illustravit.

739 5317 811 5380 (α)
847 5316 1048 5378 Egregii
1076 5316 1220 5377 huius
1251 5313 1418 5374 operis
1450 5314 1798 5363 recensionezn
1843 5313 2347 5377 a«lhibuimus,quam
2387 5318 2708 5367 ductissimus
2734 5316 2923 5378 Anglus
2947 5317 3160 5367 Thomas
3199 5317 3420 5368 Gaisrord
3461 5314 3644 5367 Oxonii
3667 5328 3798 5364 anno
3839 5315 3988 5368 [839

673 5396 921 5450 edendam
944 5395 1150 5449 curavit.
1180 5397 1314 5448 Enlr.
1343 5396 1499 5447 Pun.
