4112 6374
321 425 379 492 Β
442 456 451 461 ·
1130 428 1501 494 VETERUM
1540 423 2255 498 RECENTIORUMQUE
2293 424 2675 487 TESTIMON
2689 425 2788 485 IA.
3526 428 3597 491 14
3634 508 3635 511 η

317 564 3576 608 Ww

1307 771 2583 929 THEODORETI

1691 1064 2194 1139 ALIORUMQUE

956 1247 1105 1337 DE
1179 1247 1382 1337 HIS
1453 1246 2062 1340 OPERIBUS
2134 1245 2932 1339 TESTIMONIA.

292 1584 533 1645 Gordiani
566 1586 791 1643 Heneti
833 1584 1187 1658 Dialogorum
1245 1580 1741 1662 Hareticarttmqw
1792 1577 2121 1662 fabularum“
2150 1576 2452 1662 interpretis
2474 1621 2488 1645 ,
2525 1580 2596 1635 ad
2632 1560 2948 1637 Harcellum
3001 1579 3284 1641 Cercinam
3320 1584 3378 1642 S.
3415 1586 3597 1645 Cruci:

1434 1644 1802 1715 cardinalcm,
1832 1650 1890 1704 in
1933 1648 2154 1705 concilio
2200 1644 2481 1721 legatuin.’
2676 1684 2681 1689 ο

354 1792 504 1849 inter
530 1800 771 1850 ceteros
803 1790 1023 1848 Graecos
1058 1790 1392 1861 scriptores,
1434 1788 1531 1858 qui
1571 1786 1836 1857 praeclara
1889 1786 2095 1856 ingenii
2145 1787 2232 1840 sui
2280 1787 2619 1844 monimenta
2658 1788 2717 1844 in
2750 1793 2902 1847 omni
2933 1789 3352 1866 disciplinarum
3396 1813 3598 1869 genere

288 1879 486 1938 litteris
525 1884 890 1948 mandavere,
924 1881 1310 1940 Theodoretus
1340 1878 1602 1951 Cyrensis
1639 1877 1956 1948 episcopus,
1988 1878 2034 1932 si
2070 1893 2180 1934 non
2234 1878 2497 1948 primum,
2531 1890 2683 1934 certe
2716 1881 2861 1937 inter
2900 1886 3110 1953 primos
3142 1889 3324 1943 locum
3360 1890 3594 1944 obtinet.

283 1973 419 2030 Cum
464 1984 660 2032 autem
694 1976 935 2047 plurima
976 1974 1287 2045 scripserit,
1335 1986 1575 2045 quorum
1605 1971 1876 2028 nonnulla
1925 1971 1982 2026 in
2030 1972 2274 2042 linguam
2318 1970 2572 2028 Latinam
2611 1973 2724 2046 jam
2767 1976 2982 2046 pridem
3022 1979 3273 2035 traducta
3311 1992 3459 2046 sunt,
3495 1999 3597 2055 ego

284 2069 501 2139 quidem
528 2070 857 2135 Eranisten,
903 2078 999 2126 seu
1051 2069 1507 2142 Polymorphum,
1534 2082 1646 2138 quo
1679 2066 1949 2121 adversus
1982 2066 2067 2120 sui
2104 2067 2370 2137 temporis
2412 2067 2704 2123 haereticos
2746 2069 3043 2141 depugnat,
3077 2072 3214 2127 nulli
3250 2090 3373 2129 esse
3403 2091 3597 2130 eorum

285 2162 737 2233 postponendum
768 2164 1048 2219 existimo.
1086 2161 1256 2218 Liber
1278 2176 1522 2233 quoque,
1551 2175 1718 2231 quem
1752 2160 1829 2215 De
1862 2159 2151 2229 improbis'
2176 2160 2566 2215 haereticorum
2598 2158 2801 2215 fabulis
2827 2170 2885 2217 et
2911 2165 3302 2219 ecclesiasticis
3329 2166 3597 2222 doctrinis

287 2253 587 2325 inscripsit,
636 2262 723 2310 est
751 2255 1047 2327 ejusmodi,
1086 2262 1148 2310 ut
1180 2254 1265 2309 vel
1301 2260 1429 2325 post
1471 2248 1763 2317 Irenaeum,
1811 2250 2185 2322 Epiphaniam
2237 2260 2295 2306 et
2324 2252 2718 2325 Augustinum,
2757 2253 2853 2323 qui
2892 2255 3155 2325 praeclare
3190 2255 3257 2310 de
3292 2256 3599 2316 hazrcsibus

283 2344 653 2414 scripserunt,
679 2346 753 2401 sit
779 2347 931 2403 lectu
957 2347 1205 2403 omnium
1236 2344 1616 2416 dignissimus.
1649 2341 1881 2400 Decreta
1914 2360 2047 2400 vero
2080 2342 2455 2399 ecclesiastica
2486 2356 2676 2415 aperte
2701 2346 2969 2413 ostendit,
3002 2363 3193 2403 eorum
3221 2366 3344 2419 quae
3375 2352 3540 2406 hodie
3565 2368 3613 2411 a.

278 2432 581 2495 Catholieis
614 2447 674 2495 et
702 2436 1029 2495 orthodoxis
1058 2436 1446 2502 observantur,
1473 2435 1644 2491 fuisse
1684 2441 2008 2505 perpetuam
2044 2442 2099 2488 et
2136 2449 2166 2488 a
2198 2433 2423 2490 Christo
2449 2440 2505 2487 et
2528 2435 2794 2505 apostolis
2822 2452 2923 2507 per
2946 2453 3144 2493 manus
3170 2450 3450 2510 acceptam
3480 2454 3593 2496 trao

281 2528 569 2586 ditionem.
606 2530 727 2587 Hoc
764 2547 901 2603 ergo
943 2529 1385 2602 pulcherrimum
1429 2543 1569 2599 opus
1598 2524 1953 2591 Theodoreti,
1987 2526 2135 2595 quod
2176 2528 2337 2581 bona:
2380 2527 2664 2581 memoriae
2692 2528 2988 2583 cardinalis
3023 2528 3375 2599 Ardingellus
3403 2534 3593 2600 paucis

279 2618 479 2675 abhinc
506 2621 800 2675 mensibus
827 2622 888 2676 in
918 2622 1101 2677 lucem
1129 2620 1321 2676 Graece
1354 2617 1633 2674 edendum
1670 2623 1988 2681 curaverat,
2019 2631 2146 2671 cum
2191 2623 2288 2670 tuo
2333 2614 2558 2671 hortatu
2603 2618 2662 2672 in
2708 2618 2949 2688 linguam
2976 2620 3227 2675 Latinam
3260 2624 3550 2678 vertisscm
3570 2664 3588 2691 ,

276 2721 331 2765 et
362 2712 420 2767 in
452 2715 642 2770 lucem
680 2714 846 2770 edere
886 2714 1228 2779 statuissem,
1254 2723 1311 2769 et
1342 2713 1489 2784 apud
1521 2728 1608 2767 me
1634 2726 1964 2783 quaererem,
2002 2713 2290 2782 cujusnam
2316 2712 2666 2782 potissimum
2695 2713 2958 2784 auspiciis
2992 2716 3048 2771 in
3076 2717 3364 2773 doctorum
3393 2736 3592 2775 manus

276 2807 472 2874 exiret,
509 2818 573 2864 tu
599 2825 750 2864 unus
779 2810 917 2865 mihi
944 2810 1261 2874 occurristi,
1294 2810 1389 2879 qui
1418 2823 1543 2863 cum
1582 2808 1921 2879 suscipiendi
1962 2804 2131 2878 hujus
2161 2807 2410 2862 muneris
2446 2822 2671 2863 causam
2699 2807 2943 2873 dederis,
2977 2810 3033 2865 id
3067 2827 3287 2883 quoque
3311 2814 3423 2884 jam
3460 2829 3591 2884 per-

276 2895 480 2954 lectum
511 2901 770 2956 omnium
802 2902 1012 2973 optime
1042 2902 1223 2972 possis
1245 2908 1303 2957 et
1326 2900 1465 2957 velis
1494 2899 1816 2956 defendere.
1844 2897 2001 2965 Quod
2034 2897 2261 2968 quidem
2287 2911 2355 2953 ee
2383 2908 2436 2952 te
2474 2898 2760 2955 lubentius
2788 2900 3064 2956 facturum
3092 2902 3228 2957 mihi
3261 2904 3590 2972 persuadeo,

277 2995 443 3063 quod,
468 3009 602 3051 cum
652 2996 920 3066 praeclara
960 2995 1255 3052 doctorum
1303 2996 1594 3051 hominum
1635 2994 1977 3049 monimenta
2016 2993 2129 3047 late
2162 2991 2490 3063 propagari,
2524 3000 2583 3047 et
2623 3007 2653 3046 a
2685 3008 2910 3047 carcere
2946 3004 3011 3049 ac
3046 2993 3287 3049 tenebris
3321 2997 3593 3052 vindicari

272 3103 607 3160 magnopere
648 3088 863 3160 cupias,
896 3097 953 3144 et
986 3097 1048 3144 ut
1082 3088 1177 3144 ﬂat
1206 3088 1389 3159 quoad
1416 3066 1538 3157 éjus
1563 3102 1592 3141 a
1639 3094 1691 3141 te
1728 3082 1848 3140 ﬁeri
1878 3093 2060 3155 potest
2092 3084 2389 3149 aliahores,
2416 3084 2831 3140 Theodoretum
2865 3095 3035 3149 certe,
3064 3096 3291 3157 propter
3320 3088 3591 3160 insignem

270 3186 390 3255 eius
430 3185 752 3241 doctrinam
789 3192 847 3239 et
887 3185 1291 3256 eloquentiam.
1339 3198 1561 3255 semper
1606 3182 1959 3254 singulariter
1999 3180 2295 3247 dilexeris,
2338 3180 2653 3240 honestatis
2696 3190 2752 3237 et
2784 3182 3023 3263 summis
3052 3182 3312 3239 laudibus
3341 3184 3587 3242 ornaris.

272 3272 422 3329 Vale.
458 3273 785 3330 MDXLVII.

304 3396 307 3397 ν
405 3407 631 3489 Νἰωιαὶ
655 3406 932 3474 Hajorani
964 3408 1058 3478 qui
1084 3423 1354 3462 sermones
1384 3408 1446 3462 de
1467 3406 1809 3462 Providentia
1834 3406 2012 3463 Gmce
2038 3408 2242 3480 primus
2271 3372 2453 3474 edidit,
2484 3409 2555 3463 ad
2578 3409 2697 3465 Nic.
2726 3403 3064 3481 Rodulphum
3094 3411 3447 3467 cardinalem.

332 3544 473 3600 Cum
501 3544 793 3600 Vaticana
824 3543 1179 3601 bibliotheca:
1213 3561 1401 3600 curam
1432 3544 1716 3601 Pontiﬁcis
1749 3546 1970 3600 Maximi
2000 3548 2157 3617 jussu
2192 3549 2547 3618 recepissem,
2582 3549 2720 3603 nihil
2765 3550 2902 3604 mihi
2944 3550 3130 3621 potius
3171 3552 3297 3615 fuit,
3335 3568 3500 3623 quam
3530 3562 3592 3608 ut

264 3632 437 3691 libros
462 3635 831 3706 superiorum
858 3648 1170 3705 temporum
1195 3637 1354 3707 culpa
1377 3636 1745 3707 negligentius
1771 3636 1993 3693 habitos
2018 3639 2085 3693 ad
2116 3648 2335 3694 certum
2371 3640 2627 3695 ordinem
2652 3657 2990 3698 revocarem.
3019 3644 3175 3711 Quod
3205 3661 3329 3699 cum
3359 3662 3591 3701 accura~

267 3726 376 3780 tius
408 3726 693 3789 facerem,
728 3724 1064 3780 Theodoreti
1089 3726 1293 3780 librum
1327 3725 1406 3779 De
1423 3725 1767 3781 Providentia
1800 3727 1899 3781 Dei
1930 3726 2071 3782 forte
2098 3729 2301 3799 reperi,
2334 3746 2497 3800 quem
2532 3748 2657 3787 cum
2693 3733 2935 3789 hominis
2969 3736 3036 3789 ad
3072 3752 3199 3790 eum
3232 3737 3378 3791 diem
3414 3754 3483 3793 ne
3520 3738 3591 3792 de

264 3821 491 3876 nomine
531 3819 766 3890 quidem
799 3821 936 3875 mihi
972 3822 1092 3876 noti
1117 3822 1485 3892 cognoscendi
1516 3836 1684 3877 causa
1726 3823 2082 3893 perlegisSem
2104 3865 2118 3889 ,
2146 3841 2213 3880 eo
2238 3825 2459 3881 dicendi
2501 3844 2703 3898 genere
2746 3830 3122 3901 orationisque
3177 3832 3448 3901 elegantia
3471 3873 3483 3895 ,
3521 3847 3589 3886 eo

264 3913 657 3984 dispositionis
684 3914 903 3979 ordine,
928 3930 993 3969 ea
1037 3926 1493 3985 argumentorum
1519 3915 1827 3972 subtilitate
1859 3926 1914 3971 et
1945 3920 2349 3973 sententiarum
2385 3923 2651 3992 gravitate
2680 3938 2743 3977 ac
2776 3923 2932 3992 copia
2968 3923 3237 3993 scriptum
3281 3924 3489 3990 inveni,
3526 3934 3590 3977 ut

261 4006 379 4076 ejus
421 4006 696 4070 lectione,
739 4005 829 4061 his
870 4007 1176 4076 przesertim
1226 4007 1586 4078 temporibus.
1615 4006 2055 4064 Christianarum
2100 4012 2415 4067 litterarum
2460 4023 2738 4069 amatores
2767 4015 3024 4071 fraudare
3055 4018 3209 4073 nefas
3238 4018 3582 4087 putaverim,

261 4097 363 4151 etsi
400 4098 640 4153 unicum
675 4104 889 4151 tantum
919 4104 1164 4151 exstaret
1207 4098 1510 4168 exemplar,
1559 4098 1726 4169 idque
1771 4117 1800 4154 a
1838 4103 1946 4156 situ
1978 4110 2036 4156 et
2066 4103 2395 4173 antiquitate
2430 4106 2567 4161 adeo
2600 4107 2934 4173 confectum,
2970 4116 3031 4163 ut
3060 4110 3311 4179 plurimis
3360 4111 3416 4164 in
3448 4112 3587 4167 locis

261 4191 363 4261 legi
391 4193 485 4245 vix
518 4198 734 4262 posset.
770 4188 1021 4258 Cumque
1051 4205 1138 4245 me
1161 4190 1530 4262 accingerem,
1568 4196 1629 4244 ut
1662 4192 2072 4262 quamprimum
2099 4209 2265 4263 quam
2294 4195 2686 4266 integerrimus
2716 4186 2763 4254 is
2786 4208 2981 4255 auctor
3004 4200 3059 4254 in
3099 4202 3278 4256 lucem
3310 4204 3581 4272 prodiret,

264 4284 316 4336 id
342 4285 517 4339 etiam
553 4285 769 4348 curavi,
808 4295 869 4339 ut
906 4287 1010 4341 sub
1044 4295 1141 4340 tuo
1169 4286 1394 4345 nomine
1428 4288 1708 4354 ederetur,
1745 4290 1841 4359 qui
1884 4298 1939 4343 et
1974 4290 2287 4345 litterarum
2321 4294 2570 4358 scientia,
2600 4304 2657 4349 et
2683 4296 2889 4365 pietate
2918 4297 3257 4368 reliquisque
3282 4299 3583 4357 virtutibus

259 4387 587 4447 praestares.
616 4377 737 4430 Huc
762 4379 977 4433 accedit
1002 4388 1224 4433 tuorum
1249 4396 1376 4450 erga
1406 4396 1493 4435 me
1524 4382 1851 4436 meritorum
1882 4384 2224 4454 magnitudo,
2260 4386 2354 4455 qui
2387 4403 2487 4456 per
2518 4388 2711 4459 viginti
2744 4390 2858 4445 fere
2886 4406 3063 4445 annos
3098 4391 3358 4447 omnibus
3388 4392 3583 4450 ofﬁciis

260 4486 347 4525 me
380 4474 617 4538 ornare,
650 4472 801 4527 omni
858 4474 1200 4529 humanitate
1232 4476 1523 4545 complecti
1557 4491 1669 4531 non
1700 4475 1982 4534 destitisti.
2016 4480 2205 4535 Romae
2232 4479 2491 4548 MDXLV,
2528 4500 2594 4538 xv
2619 4485 2844 4541 Kalend.
2876 4486 3027 4543 Julii.

672 4608 937 4681 Rodulphi
972 4608 1217 4666 Gualteri
1244 4627 1547 4666 sermonum
1581 4612 1646 4689 de
1672 4611 2015 4666 Providentia
2048 4614 2373 4684 interpretis,
2412 4618 2482 4671 ad
2516 4618 2831 4675 Joachinum
2866 4622 3183 4679 Vadianum.

329 4748 684 4805 Theodoreti
715 4750 993 4804 orationes
1022 4750 1097 4803 De
1124 4750 1477 4805 Providentia
1506 4750 1802 4807 Latinitate
1837 4762 1935 4821 per
1959 4768 2062 4808 nos
2090 4754 2340 4820 donatas,
2376 4762 2470 4809 tuo
2495 4757 2844 4827 potissimum
2874 4764 3083 4818 nomini
3114 4765 3370 4824 dedicare
3396 4766 3577 4829 visum

254 4848 373 4901 est,
424 4849 493 4893 ut
541 4838 614 4891 ad
657 4848 709 4893 te
741 4839 948 4893 rediret
974 4840 1121 4909 quod
1152 4841 1247 4895 abs
1280 4849 1333 4895 te
1358 4842 1669 4911 proiectum
1711 4853 1815 4898 est.
1845 4844 1926 4897 Tu
1971 4845 2122 4899 enim
2165 4862 2450 4917 nunquam
2484 4851 2721 4905 antehac
2750 4854 2912 4908 nobis
2944 4855 3112 4920 visas,
3158 4874 3284 4912 cum
3325 4876 3391 4914 ex
3421 4863 3576 4917 Italia

257 4925 448 4982 Romae
486 4945 674 4999 nuper
709 4930 1008 5000 impressas
1049 4932 1379 4999 accepisses,
1428 4936 1751 5004 praeceptori
1788 4947 1979 4991 nostro
2026 4940 2381 4994 transmisisti
2416 4960 2426 4993 :
2460 4944 2553 5011 qui
2584 4945 2804 4998 easdem
2854 4948 2987 5001 mihi
3032 4951 3254 5017 obtulit,
3292 4965 3487 5023 petens
3516 4966 3577 5011 ut

254 5032 353 5083 per
380 5035 475 5073 me
504 5020 707 5075 Latine
738 5022 888 5092 loqui
916 5022 1213 5085 discerent,
1242 5042 1366 5096 quas
1401 5028 1671 5114 hactenus
1695 5028 1900 5085 Graecis
1931 5040 2145 5087 tantum
2177 5034 2407 5091 auribus
2434 5037 2727 5093 intellectae
2759 5040 2998 5097 fuerant.
3036 5046 3212 5115 Atque
3241 5020 3450 5103 utinam
3483 5050 3575 5105 hic

255 5109 392 5162 mihi
428 5126 497 5165 ea
537 5111 808 5167 adfuisset
839 5116 1135 5171 verborum
1178 5118 1283 5182 vis,
1315 5133 1436 5188 qua:
1469 5109 1852 5175 fecundissimi
1894 5123 2185 5204 scriptoris
2228 5126 2600 5195 eloquentiam
2640 5131 2951 5199 exprimere
2986 5109 3285 5204 potuisset!
3318 5136 3427 5192 Has
3462 5147 3571 5193 tam

254 5202 345 5255 diu
383 5205 651 5270 amissas,
680 5221 919 5275 cumque
950 5206 1114 5263 tineis
1140 5218 1193 5263 et
1221 5210 1411 5265 blattis
1443 5210 1649 5265 bellum
1696 5199 1972 5284 gerentes,
2006 5216 2103 5270 Dei
2146 5218 2491 5287 providentia
2544 5232 2651 5276 tam
2694 5224 2783 5292 pie
2817 5226 2885 5279 ab
2918 5199 3011 5282 illo
3041 5237 3250 5284 asserta
3297 5232 3570 5297 inventas,

256 5292 578 5349 doctissimi
604 5296 709 5348 viri
737 5296 949 5349 Nicolai
980 5298 1241 5367 Majorani
1260 5340 1272 5363 ,
1304 5294 1576 5356 Vaticana:
1599 5302 1684 5356 vel
1712 5303 2015 5359 Pontiﬁciae
2045 5304 2395 5364 bibliothecae
2424 5313 2701 5380 praefecti,
2737 5315 3008 5371 beneﬁcio
3052 5318 3312 5375 reddidit.
3350 5292 3563 5395 Tiguri,

252 5402 343 5442 vin
372 5388 513 5442 ldus
552 5388 859 5452 Februarii,
892 5406 1038 5444 anno
1065 5391 1349 5446 MDXLVI.

255 5534 337 5591 1'31:
367 5535 474 5590 Fr.
514 5538 735 5592 Zeuobii
764 5538 1001 5593 Acciaoli
1040 5540 1623 5632 prologo‘adrlseouem
1662 5544 1710 5599 Χ
1740 5544 2042 5632 ρβιιςξρερηι
2089 5549 2404 5632 mammam,
2446 5554 2500 5606 in
2535 5553 2697 5610 libros
2729 5553 3060 5627 Theodoreti,
3098 5578 3324 5632 quorum
3354 5546 3564 5632 titulus,

1117 5613 1339 5665 Curatio
1375 5613 1684 5668 Gra'carum
1716 5613 2077 5685 affectionum,
2106 5619 2163 5672 in
2192 5613 2445 5675 Latinum
2478 5640 2775 5681 conversos.

325 5742 458 5799 Post
490 5744 627 5845 alia:
650 5744 873 5800 -——Cum
900 5748 1101 5818 itaque
1116 5750 1186 5805 ob
1214 5751 1457 5822 ingentia
1485 5763 1577 5808 tua
1610 5755 1666 5808 in
1693 5771 1779 5811 me
1805 5756 2099 5825 beneﬁcia,
2136 5760 2450 5818 redundare
2472 5765 2528 5818 in
2560 5774 2612 5820 te
2643 5767 2844 5822 debeat
2868 5771 3137 5840 quidquid
3163 5790 3191 5827 a
3217 5790 3305 5829 me
3328 5790 3427 5845 per
3451 5778 3557 5833 hoc

259 5835 355 5891 abs
384 5849 437 5891 te
480 5836 619 5890 mihi
659 5853 986 5895 concessum
1022 5840 1198 5895 otium
1232 5842 1561 5911 excutiatur,
1589 5845 1931 5906 dedicandos
1958 5850 2054 5906 tibi
2078 5853 2267 5921 putavi
2292 5868 2641 5933 quoshnuper
2669 5835 3000 5924 Theodoreti
3022 5835 3282 5932 Cyrensis
3311 5835 3565 5936 episccpt
