4148 6392
683 359 756 425 27
1695 368 2188 434 muononmr
2225 372 2567 436 EPISCOPI
2603 374 2972 436 CYRENSIQ
3158 338 3161 342 ’
3886 379 3961 444 es

745 515 1068 526 -_——_.-..

677 513 765 538 ε-
794 515 3962 549 ﬁgam

1037 680 1388 818 ΤΟΥ
1461 677 2350 818 ΜΑΚΑΡΙΟΥ
2437 681 3613 816 ΘΕΟΔΩΡΗΤΟΥ

1961 935 2368 994 ΕΠΙΣΚΟΠΟΥ
2405 937 2644 992 ΚΥΡΟΥ

813 1101 1815 1219 ΕΡΑΝΙΣΤΗΣ
1941 1106 2382 1224 ΗΤΟΙ
2515 1100 3809 1226 ΠΟΛΥΜΟΡΦΟΣ.

1334 1487 1910 1641 BEATI
2025 1489 3288 1646 THEODORETI

2056 1776 2372 1835 EPlSCOPl
2408 1776 2573 1840 CYRI

1122 1950 1926 2068 ERANlSTES
2017 1950 2285 2067 SEU
2372 1952 3491 2072 POLYMORPHUS.

1232 2309 1277 2378 1
1310 2306 1701 2367 PBEFATIO.

731 2417 872 2475 Sunt
917 2418 1194 2486 nonnulli,
1235 2421 1331 2492 qui
1379 2437 1505 2479 cum
1553 2439 1624 2480 ex
1670 2439 1893 2496 genere,
1928 2425 2020 2480 vel
2061 2423 2248 2480 erudi-

659 2517 834 2577 tione,
857 2511 946 2567 vel
991 2511 1158 2566 rebus
1196 2513 1463 2582 praeclare
1497 2515 1669 2586 gestis
1696 2514 1857 2571 laude
1889 2514 2109 2587 dignam
2138 2514 2250 2569 ela-

659 2601 882 2657 ritatem
929 2617 1042 2658 non
1099 2602 1375 2670 habeant,
1427 2604 1696 2676 improbis
1752 2605 1956 2662 studiis
2003 2607 2249 2677 insignes

655 2692 893 2748 evadere
917 2694 1283 2751 contendunt.
1311 2695 1462 2751 Talis
1489 2708 1613 2753 erat
1638 2698 1948 2753 Alexander
1975 2699 2067 2753 ille
2093 2698 2248 2755 faber

654 2785 888 2841 crarius
917 2785 955 2852 ',
988 2785 1038 2856 2
1071 2787 1166 2857 qui
1202 2788 1622 2858 suspiciendum
1655 2789 1713 2844 in
1747 2804 1807 2845 se
1834 2790 1974 2844 nihil
2013 2790 2246 2857 habens,

655 2891 769 2934 non
814 2877 1036 2948 generis
1079 2878 1452 2946 nobilitatem,
1489 2896 1600 2936 non
1641 2880 1864 2936 dicendi
1908 2881 2248 2948 facultatem,

657 2985 771 3026 non
813 2970 1039 3042 regendi
1072 2971 1286 3042 pepuli,
1329 2983 1424 3028 aut
1471 2973 1713 3029 ducendi
1754 2976 2033 3040 exercitus
2071 2975 2252 3031 scien-

657 3060 815 3124 tiam,
847 3076 960 3116 non
991 3060 1318 3117 bellicorum
1350 3061 1657 3120 facinorum
1690 3065 2248 3133 c0mmendationem,

657 3152 755 3208 aed
780 3153 1109 3209 illiberalem
1137 3163 1350 3210 tantum
1372 3173 1642 3214 exercens
1677 3166 1880 3226 artem,
1906 3175 1974 3215 ex
2007 3161 2121 3216 sola
2150 3159 2251 3216 ad-

657 3260 853 3301 versus
881 3245 1292 3302 divinissimum
1317 3246 1546 3304 Paulum
1576 3249 1793 3307 insania
1830 3261 1995 3308 notus
2018 3252 2248 3308 exstitit.

661 3335 844 3393 Semei
873 3352 1096 3408 quoque
1123 3339 1164 3403 ',
1193 3338 1360 3394 homo
1381 3340 1542 3411 plane
1565 3341 1858 3406 obscurus,
1889 3353 1945 3398 et
1973 3343 2250 3414 ignobilis,

661 3434 892 3498 propter
925 3442 1082 3482 suam
1121 3428 1390 3485 adversus
1427 3430 1678 3486 divinum
1713 3433 1974 3488 Davidcm
2012 3434 2258 3490 insolen-

663 3520 795 3576 tiam
831 3521 1166 3577 celebratur.
1195 3522 1309 3578 lmo
1335 3531 1392 3579 et
1414 3524 1838 3581 Manichaeorum
1872 3526 2149 3588 haereseos
2169 3527 2256 3582 in-

659 3622 952 3670 ventorem
982 3615 1170 3671 ferunt
1199 3615 1374 3671 fuisse
1398 3619 1758 3690 mancipium,
1795 3627 1853 3675 et
1877 3619 2067 3692 gloriae
2093 3620 2256 3691 cupi-

663 3707 835 3764 ditate
875 3709 1164 3765 incensum
1191 3711 1588 3765 exsecrandam
1633 3713 1781 3767 illam
1804 3714 2254 3783 superstitionem

663 3800 870 3855 litteris
898 3802 1274 3873 consignasse.
1306 3801 1422 3857 Hoc
1452 3802 1632 3874 ipsum
1666 3805 1920 3859 nonnulli
1947 3821 2098 3861 nunc
2119 3822 2256 3877 quo-

662 3907 772 3964 que
828 3887 1040 3950 faciu’nt
1090 3913 1102 3948 :
1147 3893 1244 3965 qui
1301 3895 1666 3964 expetendam
1721 3897 1944 3952 virtutis
2004 3897 2255 3969 gloriam,

665 3996 893 4058 propter
945 3986 1162 4042 labores
1201 3992 1215 4008 ‘
1251 3987 1348 4058 qui
1400 3988 1548 4042 illam
1593 3988 1914 4058 prmcedunt
1960 3989 2253 4060 fugientes,

663 4077 1042 4147 turpissimam
1074 4063 1142 4132 [et
1182 4077 1553 4133 miserrimam
1589 4078 1691 4133 sibi
1727 4078 1927 4134 famam
1969 4095 2254 4150 peperere.

667 4165 802 4224 Eum
843 4169 991 4224 enim
1031 4184 1304 4224 novorum
1339 4170 1655 4242 dogmatum
1685 4172 1904 4241 patroni
1934 4187 2055 4227 esse
2085 4187 2256 4244 cupe-

661 4269 808 4327 rent,
834 4277 901 4317 ex
935 4261 1125 4317 multis
1154 4262 1323 4318 sectis
1360 4263 1703 4333 impietatem
1739 4264 2178 4331 emendicarunt,
2203 4275 2259 4321 et

663 4351 808 4408 hanc
858 4353 1226 4424 perniciosam
1271 4353 1507 4409 heresin
1565 4353 1894 4410 conflarunt.
1941 4355 2054 4425 Ego
2095 4357 2261 4426 igitur

667 4443 859 4513 paucis
907 4458 1034 4498 cum
1089 4443 1170 4496 eis
1218 4441 1494 4498 disserere
1543 4443 1808 4509 conabor,
1847 4451 1962 4497 tum
2016 4450 2078 4497 ut
2125 4444 2259 4514 ipsis

664 4535 876 4607 aliquid
920 4534 1155 4591 remedii
1185 4535 1434 4600 afferam,
1470 4542 1585 4588 tum
1623 4543 1685 4589 ut
1718 4549 1816 4590 eos
1843 4535 1938 4606 qui
1977 4534 2096 4590 sani
2132 4547 2261 4592 sunt

665 4627 1049 4700 pmmuniam.
1103 4626 1307 4696 Scripti
1355 4634 1540 4681 autem
1585 4642 1789 4683 nomen
1845 4638 1931 4685 est
1982 4627 2260 4686 Eraniues

666 4732 765 4774 seu
792 4716 1181 4789 Polymorphus
1215 4715 1342 4787 (hoc
1365 4725 1451 4772 est
1477 4719 1835 4772 emendicator
1864 4719 1940 4790 (l)
1965 4722 2260 4791 seu‘forma

667 4806 990 4880 multiplex).
1025 4809 1070 4863 A
1109 4807 1300 4862 multis
1339 4807 1490 4862 enim
1526 4809 1710 4879 impiis
1753 4809 2073 4867 hominibus
2109 4813 2261 4867 dete-

667 4902 861 4957 standa
906 4916 1002 4955 sua
1051 4901 1307 4972 dogmata
1347 4902 1783 4969 emcndicantes,
1815 4904 2032 4960 varium
2069 4905 2175 4962 hoc
2205 4914 2261 4962 et

2280 2328 2328 2379 Δ

2959 2310 3343 2365 ΠΡΟΛΟΓΟΣ.

2423 2425 2545 2478 Είσί
2568 2442 2731 2494 τινες,
2747 2425 2800 2478 οἶ
2825 2425 2924 2496 τὴν
2940 2426 3003 2477 ὲκ
3027 2423 3241 2492 γένους,
3264 2424 3297 2494 ἢ
3323 2421 3682 2489 παιδεύσεως,
3704 2421 3737 2493 ἢ
3756 2437 3958 2494 κατορ-

2351 2515 2620 2586 θωμάτων
2655 2515 2972 2582 ἀξιέπαινον
3000 2503 3101 2567 οὐκ
3127 2513 3342 2584 ἔχοντες
3362 2513 3744 2585 περιφάνειαν,
3764 2514 3828 2566 ὲκ
3851 2529 3957 2567 πο-

2351 2608 2534 2680 νηρῶν
2549 2607 2999 2678 ἐπιτηδευμάτων
3015 2606 3274 2677 ἐπίσημοι
3291 2603 3544 2675 γενέσθαι
3562 2601 3956 2673 φιλονεικοῦσι.

2351 2700 2607 2764 Τοιοῦτος
2628 2696 2699 2771 ἦν
2727 2700 2933 2761 ἐκεῖνος
2950 2697 3299 2766 Ἀλέξανδρος
3320 2697 3354 2747 ὁ·
3370 2695 3624 2773 χαλκεὺς,
3643 2696 3792 2749 οὐδὲν
3809 2695 3957 2766 έχων
4015 2773 4020 2776 ί

2353 2791 2738 2864 περίὸλεπτον,
2760 2790 2821 2843 οὐ
2845 2788 3216 2860 ,λαμπρότητα
3247 2788 3458 2857 γένους,
3478 2788 3538 2841 ού
3559 2788 3841 2858 δεινότητα
3863 2787 3955 2841 λό-

2352 2883 2547 2952 γων,ού
2571 2881 2632 2950 δη
2644 2879 3025 2950 μαγωγίαν,ού
3050 2879 3405 2950 στρατηγίαν,
3424 2879 3486 2932 οὑ
3501 2878 3600 2943 τὰς
3618 2880 3674 2931 έν
3695 2878 3956 2948 πολέμοις

2353 2953 2743 3044 ἀνδραγαθίας,
2761 2972 2921 3042 μόνον
2941 2971 2997 3026 δὲ
3017 2971 3284 3042 βάναυσον
3305 2970 3505 3042 τέχνην
3528 2968 3947 3042 μεταχειρίζων,

2353 3071 2419 3125 ἐκ
2469 3068 2640 3140 μόνης
2675 3067 2773 3138 τῆς
2805 3067 2948 3120 κατὰ
2999 3064 3094 3135 τοῦ
3151 3064 3432 3117 θειοτάτου
3491 3063 3709 3118 Παύλου
3750 3063 3958 3134 μανίας

2354 3161 2572 3231 ἐγένετο
2600 3160 2898 3232 γνώριμος.
2965 3157 3076 3212 Καὶ
3136 3157 3333 3228 Σεμεεὶ
3390 3157 3449 3210 δὲ
3511 3157 3696 3221 πάλιν,
3733 3157 3958 3229 ἀφανὴς

2355 3254 2645 3327 ἄνθρωπος
2673 3254 2928 3323 πάμπαν,
2963 3252 3058 3307 καὶ
3087 3250 3526 3322 ἀνδραποδώδης,
3579 3252 3643 3304 ὲκ
3673 3251 3770 3322 τῆς
3806 3248 3953 3303 κατά

2338 3338 2449 3397 -τόῦ
2479 3343 2768 3398 θεσπεσίου
2800 3341 2965 3395 sum
2991 3339 3336 3412 θρασύτητος
3375 3340 3808 3410 ὀνομαστότατος
3855 3338 3958 3407 γέ-

2355 3452 2499 3505 γονε.
2527 3435 2665 3489 Φασὶ
2689 3433 2744 3486 δὲ
2779 3434 2871 3486 καὶ
2895 3433 2987 3487 τὸν
3011 3432 3110 3502 τῆς
3131 3432 3481 3503 Μανιχαῖκῆς
3504 3431 3768 3504 αἱρέσεως
3794 3429 3964 3500 εὑρέ·

2355 3545 2477 3600 την,
2544 3525 2838 3598 μαστιγίαν
2883 3524 3101 3595 οίκέτην
3154 3523 3430 3594 γενέσθαι,
3481 3523 3577 3577 καὶ
3637 3519 3960 3591 φιλοτιμίας

2357 3620 2522 3694 ἔρωτι
2544 3620 2644 3688 τὴν
2667 3617 2920 3692 μυσαρὰν
2944 3619 3158 3689 ὲκείνην
3183 3614 3606 3688 συγγράψασθαι
3629 3612 3955 3687 θρησκείαν.

2358 3711 2530 3767 Τοῦτο
2562 3712 2655 3766 καὶ
2690 3712 2785 3767 νῦν
2832 3710 3003 3783 δρῶσί
3061 3727 3228 3774 τινες,
3283 3709 3377 3763 καὶ⁸
3408 3708 3470 3761 τὸ
3500 3707 3821 3778 ἀξιέραστον
3849 3705 3961 3778 τῆς

2357 3806 2559 3878 ἀρετῆς
2590 3804 2770 3868 κλέος,
2802 3803 2889 3857 διὰ
2911 3803 3037 3866 τοὺς
3066 3802 3274 3873 ταύτης
3308 3801 3649 3872 ἡγουμένους
3710 3797 3958 3868 ἀποδρά-

2359 3916 2552 3962 σαντες
2597 3897 2816 3962 πόνους,
2863 3895 2961 3967 τὴν
2989 3894 3428 3964 δυσκλεεστάτην
3488 3893 3584 3946 καὶ
3631 3889 3962 3962 τρισαθλίαν

2360 3994 2543 4062 σφίσιν
2578 3991 2761 4054 αὐτοῖς
2788 3988 3116 4060 ἐπορίσαντο
3156 3985 3536 4059 περιφάνειαν.
3578 3980 3798 4038 Καινῶν
3840 3981 3964 4054 γὰρ

2358 4083 2644 4156 δογμάτων
2669 4083 2972 4153 προστάται
2993 4079 3248 4149 γενέσθαι
3276 4076 3633 4149 ποθήσαντες,
3656 4079 3719 4129 ἐκ
3742 4073 3964 4130 πολλῶν

2358 4177 2624 4248 αἱρέσεων
2650 4175 2979 4246 ηρανίσαντο
3017 4174 3116 4244 τὴν
3147 4171 3428 4234 ἀσέϐειαν,
3459 4170 3554 4223 καὶ
3579 4169 3680 4239 τὴν
3707 4167 3967 4238 ὀλέθριον

2357 4267 2566 4339 ταύτην
2594 4265 2901 4336 συνέθηκαν
2947 4264 3179 4335 αἵρεσιν.
3226 4260 3369 4331 Ἐγὼ
3423 4260 3479 4314 δὲ
3526 4260 3710 4321 αὐτοῖς
3743 4256 3965 4329 βραχέα

2359 4359 2706 4430 διαλεχθῆναι
2739 4354 3101 4428 πειράσομαι,
3134 4353 3353 4423 καὶτῆς
3382 4349 3564 4405 αὐτῶν
3591 4349 3752 4420 χάριν
3794 4347 3966 4419 θερα-

2364 4451 2542 4516 πείας,
2602 4448 2695 4501 καὶ
2727 4448 2826 4516 τῆς
2857 4446 2966 4498 τῶν
2997 4444 3356 4514 ὑγιαινόντων
3386 4441 3551 4494 ἕνεκα
3585 4439 3961 4512 προμηθείας.

2366 4545 2574 4614 Ὅνομα
2609 4540 2664 4595 δὲ
2700 4539 3096 4610 συγγράμματι
3127 4536 3227 4607 (2),
3273 4535 3653 4603 Ἐρανιστὴς,
3691 4530 3724 4600 ἦ
3761 4530 3968 4584 [10.16-

2356 4651 2608 4701 μορφος.
2635 4632 2731 4686 Ἐκ
2765 4629 2975 4683 πολλῶν
3006 4628 3117 4699 γὰρ
3146 4625 3379 4681 ἀνοσίων
3404 4622 3715 4694 ἀνθρώπων
3769 4623 3968 4692 ἐρανι-

2365 4727 2591 4796 σάμενοι
2621 4724 2688 4777 τὰ
2721 4721 2962 4791 δύστηνα
2991 4719 3262 4790 δόγματα,
3287 4716 3348 4769 τὸ
3379 4712 3626 4769 ποικίλον
3655 4711 3814 4765 τοῦτο
3860 4710 3970 4765 καὶ

2364 4817 2714 4888 πολύμορφον
2761 4814 3098 4886 προφέρουσι
3125 4809 3406 4882 φρόνημα.
3439 4806 3512 4859 Τὸ
3547 4805 3646 4875 μὲν
3673 4802 3783 4873 γὰρ
3819 4801 3966 4857 Θεὸν

2367 4911 2526 4982 μόνον
2577 4907 2868 4978 ὀνομάζειν
2919 4905 3009 4958 τὸν
3061 4902 3341 4971 Δεσπότην
3397 4896 3656 4969 Χριστὸν,
3711 4893 3971 4964 Σίμωνός

668 4990 1007 5048 multiforme
1073 5000 1445 5048 commentum
1512 4994 1821 5064 proferunt.
1890 4993 2048 5062 Quod
2111 4995 2254 5052 enim

2364 5003 2504 5066 ἐστι,
2561 5001 2656 5055 καὶ
2707 4998 3012 5072 Κέρδωνος,
3071 4994 3168 5049 καὶ
3222 4990 3571 5063 Μαρκίωνος,
3613 4987 3706 5041 καὶ
3756 4983 3968 5054 ἄλλων,

667 5083 843 5142 Deum
872 5087 1051 5140 solum
1084 5083 1368 5140 Christum
1406 5087 1700 5141 Dominum
1741 5087 2050 5154 nominent,
2077 5087 2132 5144 id
2173 5089 2259 5145 Si-

668 5176 850 5232 monis
877 5175 1244 5242 etCerdonis,
1273 5177 1326 5249 3
1357 5185 1413 5233 et
1445 5177 1758 5241 Marcionis,
1793 5187 1848 5235 et
1881 5180 2114 5236 aliorum
2150 5191 2257 5248 est,

669 5269 766 5340 qui
808 5269 1159 5326 exsecranda:
1203 5270 1336 5325 huic
1381 5269 1668 5325 sententiae
1700 5281 1826 5327 sunt
1855 5272 2065 5331 amnes.
2103 5273 2258 5341 Quod

743 5425 760 5457 ¹
786 5425 832 5480 II
867 5425 1011 5479 Tim.
1045 5441 1116 5490 iv,
1151 5425 1237 5480 H.
1315 5430 1335 5459 ¹
1369 5425 1414 5480 ll
1451 5426 1584 5498 Reg.
1623 5444 1730 5492 xvr,
1781 5429 1813 5483 5
1851 5443 2005 5500 seqq.

741 5581 819 5653 (τι)
851 5582 1248 5636 Emendicator.
1297 5583 1376 5637 lta
1401 5582 1672 5639 Hervetus
1705 5599 1896 5639 vocem
1938 5583 2259 5653 Ἐρανιστής

667 5651 819 5708 recte
848 5653 1245 5715 interpretatus
1278 5662 1383 5708 est.
1436 5653 1708 5715 Ambigua
1742 5663 1827 5708 cst
1872 5669 1976 5707 vox
2004 5651 2255 5715 'Sodalis,

671 5737 794 5791 qua)
823 5721 943 5776 aliis
965 5721 1190 5792 placuit.
1231 5723 1353 5780 Vid.
1386 5725 1568 5782 Photii
1608 5721 1885 5790 Biblioth,
1911 5739 1962 5792 p.
2005 5723 2094 5790 54,
2124 5722 2256 5778 edit.

677 5793 1004 5865 Rothomag.

2365 5096 2480 5150 ὅσοι
2520 5092 2615 5147 τοῦ
2660 5089 2908 5163 μυσαροῦ
2948 5087 3139 5140 τούτου
3195 5083 3484 5156 μετέχουσι
3538 5078 3968 5149 γειτονήματος.

2367 5191 2440 5242 Τὸ
2472 5188 2528 5241 δὲ
2563 5187 2662 5258 τὴν
2719 5188 2782 5240 ὲκ
2832 5182 3110 5252 Παρθένου
3167 5181 3265 5250 μὲν
3330 5177 3582 5245 γέννησιν
3647 5170 3970 5242 ὁμολογεῖν,

2368 5275 2668 5348 παροδικὴν
2703 5275 2759 5328 δὲ
2785 5271 2991 5342 ταύτην
3021 5267 3278 5338 γενέσθαι
3319 5265 3520 5333 λέγειν,
3559 5261 3656 5316 xci.
3684 5259 3855 5333 μηδὲν
3898 5261 3976 5318 ht

2440 5579 2514 5651 (2)
2566 5595 2765 5650 συγγρ.
2806 5577 2866 5651 In
2915 5577 3158 5651 editione
3200 5593 3351 5633 mere
3380 5577 3588 5651 Grmca,
3621 5594 3745 5651 quae
3775 5577 3980 5651 Romae

2369 5648 2503 5706 ann.
2549 5648 2872 5721 1547ζί114,
2898 5648 3123 5716 prodiit,
3166 5664 3269 5703 nec
3301 5649 3494 5721 nonin
3519 5648 3813 5721 Lipsiensi,
3841 5664 3982 5721 qua:

2371 5739 2419 5777 a.
2448 5720 2603 5788 1591,
2635 5721 2687 5774 in
2723 5721 2775 5788 8,
2801 5734 3002 5775 excusa
3031 5728 3134 5788 εει,
3169 5719 3522 5790 praemittitur
3551 5719 3646 5790 τῷ.
