4148 6392
173 419 258 482 29
1349 416 1766 479 ERANISTES

1866 445 1908 453 -
1931 419 2348 486 ΡΒΔΕΡΑΤῘΟ.
3389 422 3467 488 39

167 529 266 591 τῆς
298 528 584 601 Παρθένου
611 528 704 584 τδν
732 528 866 582 Θεὸν
889 529 1062 598 Λόγον
1098 528 1306 595 λαϐεῖν,
1340 531 1406 584 ἐκ
1432 531 1533 601 τῆς
1557 530 1760 585 Βαλεν-

1868 547 2000 588 vero
2033 548 2101 588 ex
2135 534 2361 605 Virgine
2409 532 2754 591 nativitatem
2800 531 3171 588 conﬂ'teantur
3208 540 3463 604 quidem,

162 626 333 687 τινου,
370 624 468 675 καὶ
495 621 851 690 Βαρδησάνου
879 621 979 689 (5).
1014 620 1107 674 καὶ
1141 621 1248 674 τῶν
1271 621 1483 685 τούτοις
1533 623 1760 692 ἀγχιθύ·

169 731 278 784 ρων
302 713 689 786 τερατολογίας
719 712 1013 783 ἐσύλησαν.
1071 713 1146 766 Τδ
1179 713 1236 767 δέ
1289 731 1354 782 γε
1410 715 1538 785 μίαν
1597 715 1762 784 φύσιν

165 803 463 857 ἀποκαλεῖν
489 805 590 873 τὴν
619 803 866 872 θεότητα’
891 803 988 855 τοῦ
1043 805 1320 858 Δεσπότου
1374 806 1610 875 Χριστοῦ
1669 807 1762 860 καὶ

162 893 261 963 τὴν
294 895 713 967 ἀνθρωπότητα.
771 896 834 948 ὲκ
877 896 984 948 τῶν
1031 896 1412 968 ’Λπολιναρίου
1464 897 1761 968 φληνάφων

165 986 466 1054 ὑφείλοντο.
518 987 691 1040 Πάλιν
735 987 778 1038 δ’
817 983 906 1051 αὖ,
936 986 1000 1039 τὸ
1031 991 1098 1058 τῇ
1138 987 1355 1059 θεότητι
1394 990 1489 1044 τοῦ
1519 991 1760 1062 Χριστοῦ

165 1080 505 1147 προσάπτειν
553 1079 616 1132 τὸ
671 1078 862 1143 πάθος,
895 1080 962 1132 ὲκ
985 1079 1085 1150 τῆς
1130 1081 1343 1150 Ἀρείου
1371 1085 1464 1137 καὶ
1490 1085 1760 1156 Εὑνομίου

168 1168 518 1240 βλασφημίας
561 1171 889 1240 κεχλόφασιν
915 1189 928 1202 °
963 1174 1038 1238 ὡς
1065 1175 1302 1228 ἐοικέναι
1334 1175 1490 1248 τήνδε
1518 1176 1622 1248 τὴν
1662 1180 1759 1249 ἀρ-

168 1261 265 1330 χὴν
287 1259 364 1330 (4)
385 1261 635 1331 ἀτεχνῶς
657 1264 771 1325 τοῖς
796 1263 903 1317 ὑπὸ
927 1265 1036 1318 τῶν
1059 1266 1374 1338 προσαιτῶν
1394 1267 1458 1319 ὲκ
1488 1267 1762 1338 διαφόρων

169 1353 372 1421 ῥακίων
389 1371 634 1407 συναπτο
641 1355 824 1425 μένοις
837 1356 1162 1428 ὲσθήμασιν.
1180 1352 1256 1412 OB
1269 1357 1333 1428 δὴ
1351 1359 1534 1430 χάριν,
1553 1361 1765 1427 Ἐρανι-

169 1443 385 1513 στὴηῆ
403 1445 827 1515 Πολύμορφον,
845 1447 964 1501 τόδε
989 1448 1386 1520 προσαγορεύω
1399 1449 1459 1503 τὸ
1481 1449 1764 1522 σύγγραμ-

173 1552 261 1602 μα.
296 1536 641 1604 Διαλογικῶς
669 1539 747 1609 (5)
779 1541 963 1611 μέντοι
991 1544 1019 1596 ό
1052 1543 1209 1611 λόγος
1234 1544 1590 1616 προόήσεται,
1621 1546 1761 1615 ἐρω-

171 1629 351 1696 τήσεις
366 1629 510 1698 ἔχων
521 1630 620 1683 καὶ
639 1631 1089 1704 ἀποκρίσεις,καὶ
1105 1636 1420 1706 προτάσεις,
1440 1637 1535 1692 καὶ
1555 1637 1759 1704 λύσεις,

175 1717 263 1772 καὶ
297 1720 629 1786 ἀντιθέσεις,
671 1726 766 1778 καὶ
791 1725 860 1779 τά
885 1726 1024 1780 ἀλλα
1048 1727 1153 1781 ὅσα
1187 1727 1283 1780 τοῦ
1308 1728 1624 1798 διαλογικοῦ
1654 1729 1761 1783 ίδια

175 1815 541 1932 χαρῖκτῆρος.
571 1816 656 1870 Τά
684 1818 740 1872 δέ
775 1836 839 1887 γε
872 1820 981 1874 τῶν
1012 1821 1345 1893 ἐρωτώντων
1393 1824 1488 1877 καὶ
1531 1826 1766 1897 ἀποκρι-
1795 1873 1840 1932 Β

175 1908 408 1976 νομένων
436 1910 706 1980 ὀνόματα,
734 1912 795 1966 οὐ
821 1913 899 1983 τῷ
931 1913 1147 1984 σώματι
1175 1913 1272 1967 τοῦ
1299 1915 1459 1984 λόγου
1493 1917 1768 1982 συντάξω,

175 1997 421 2070 καθάπερ
447 2001 499 2053 oi
538 2001 706 2056 πάλαι
739 2003 849 2057 τῶν
890 2002 1162 2077 Ἐλλήνων
1197 2007 1373 2077 σοφοὶ,
1425 2008 1541 2062 ἀλλ’
1565 2008 1766 2074 ἔξωθεν

175 2090 521 2164 παραγράψω
573 2094 696 2157 ταῖς
743 2094 854 2148 τῶν
904 2096 1105 2166 στίχων
1137 2099 1356 2169 ἀρχαῖς.
1399 2100 1628 2154 Ἐκεῖνοι
1666 2101 1765 2172 μὲν

174 2181 274 2254 γὰρ
303 2186 422 2246 τοῖς
447 2182 539 2237 διὰ
571 2184 923 2256 παντοδαπῆς
953 2188 1221 2258 ἠγμένοις
1246 2190 1521 2254 παιδείας,
1563 2191 1658 2246 καὶ
1683 2187 1767 2257 οἷς

175 2272 280 2343 βίος
305 2277 333 2329 ὸ
363 2275 545 2345 λόγος,
577 2276 922 2349 προσέφερον
956 2277 1029 2333 τὰ
1073 2281 1509 2351 συγγράμματαο
1553 2280 1666 2349 ἐγὼ
1706 2283 1766 2337 δὲ

173 2367 258 2421 καὶ
283 2369 401 2432 τοῖς
431 2368 612 2437 λόγων
645 2369 917 2440 ἀμυήτοις
945 2369 1280 2425 εὐσύνοπτον
1326 2369 1468 2427 εἶναι
1503 2372 1766 2446 βούλομαι

173 2459 264 2531 τήν
289 2461 626 2530 ἀνάγνωσιν,
657 2462 761 2516 καὶ
778 2462 878 2534 τῆς
900 2463 1170 2534 ὠφελείας
1197 2462 1295 2536 τὴν
1319 2461 1766 2536 εὓρεσιν.”Εσται

173 2550 226 2605 Gl
254 2552 435 2617 τοῦτο,
468 2553 648 2626 δήλων
677 2555 984 2625 γινομένων
1013 2556 1124 2609 τῶν
1160 2555 1564 2627 διαλεγομένων
1594 2574 1766 2630 προσ-

174 2643 330 2699 dimov
359 2647 424 2699 hc
452 2646 567 2699 τῶν
599 2648 1162 2718 παραγεγραμμένων
1208 2647 1411 2713 ἔξωθεν
1457 2648 1764 2719 ὀνομάτων.

173 2736 276 2790 Καὶ
317 2737 397 2807 τῷ
446 2737 550 2808 μὲν
585 2737 725 2810 ὑπὲρ
781 2738 891 2793 τῶν
942 2739 1319 2794 ἀποστολικῶν
1375 2740 1766 2813 ἀγωνιζομένῳ

173 2829 476 2899 δογμάτων,
514 2830 862 2898 Ὸρθόδοξος
889 2831 1084 2903 δνομα·
1113 2833 1144 2887 ὁ
1190 2831 1248 2885 δὲ
1275 2831 1487 2905 ἔτερος,
1535 2834 1768 2901 Ἐρανι-

176 2922 321 2989 mit,-
363 2920 716 2992 ὀνομάζεται.
751 2923 967 2993 Ὠσπερ
1021 2923 1132 2994 γὰρ
1190 2921 1284 2976 τὸν
1343 2923 1500 2995 παρὰ
1552 2924 1766 2978 πολλῶν

175 3013 308 3084 ἐλέῳ
321 3013 668 3084 τρεφόμενον
695 3012 1000 3085 προσαίτην
1024 2996 1315 3080 ὀνομάζειν
1343 3012 1639 3082 εἰώθαμεν,
1670 3014 1767 3068 καὶ

173 3103 551 3174 χρηματιστὴν
603 3103 698 3157 τὸν
749 3103 1033 3173 συλλέγειν
1085 3104 1453 3173 έπιστάμενον
1478 3104 1761 3176 χρήματα·

1865 622 1964 678 sed
1993 639 2113 679 eam
2149 626 2498 696 trajectitiam
2530 625 2700 680 fuisse
2738 625 2946 690 dicant,
2975 641 3079 679 nec
3113 625 3286 679 Deum
3328 625 3462 681 Ver-

1863 711 1997 767 bum
2031 712 2334 784 quidquam
2367 731 2437 770 ex
2466 715 2687 785 Virgine
2716 715 3041 784 sumpsisse,
3085 730 3152 769 ex
3182 713 3458 769 Valentini

1863 814 1922 861 et
1942 805 2294 872 Bardesanis,
2316 817 2373 863 et
2399 807 2486 862 his
2507 807 2913 862 adhzerentium
2941 804 3273 876 prodigiosis
3297 806 3462 862 dictis

1865 897 2193 953 hauserunt.
2229 897 2386 965 Quod
2416 909 2598 955 autem
2625 898 2832 954 Christi
2862 897 3081 954 Domini
3109 898 3460 953 divinitatem

1863 998 1919 1045 et
1953 990 2358 1045 humanitatem
2404 1006 2572 1046 unam
2604 1000 2859 1046 naturam
2903 987 3124 1053 vocent,
3154 1006 3222 1045 ex
3253 989 3462 1060 Apolli-

1864 1083 2008 1137 narii
2037 1083 2202 1153 nugis
2229 1081 2393 1138 furati
2428 1090 2578 1138 sunt.
2613 1082 2771 1149 Quod
2809 1082 3051 1153 denique
3083 1081 3290 1137 Christi
3321 1081 3464 1136 divi-

1864 1173 2028 1228 nitati
2055 1173 2371 1243 passionem
2403 1173 2673 1240 tribuant,
2696 1190 2765 1229 ex
2791 1174 2909 1229 Arii
2934 1184 2992 1230 et
3039 1171 3297 1229 EunOmii
3339 1173 3462 1228 blu-

1866 1264 2120 1333 sphemia‘
2155 1266 2550 1335 compilarant,
2607 1275 2669 1321 ut
2686 1268 2814 1338 jure
2850 1266 3105 1321 videatur
3139 1265 3246 1320 hoc
3266 1281 3462 1320 eorum

1865 1355 2154 1411 inventum
2198 1357 2582 1413 mendicorum
2621 1358 2894 1424 vestibus,
2938 1374 3077 1429 quas
3120 1374 3185 1413 ex
3229 1357 3466 1412 diversis

1863 1447 2066 1518 pannis
2096 1456 2395 1514 consuunt,
2424 1463 2541 1504 non
2575 1449 2866 1504 dissimile.
2891 1448 3010 1517 Qua
3037 1449 3106 1505 de
3133 1464 3299 1505 causa
3323 1448 3468 1505 Era-

1866 1539 2059 1603 m'sten,
2091 1546 2151 1592 ut
2177 1539 2315 1604 dixi,
2338 1555 2437 1594 seu
2470 1539 2914 1612 Polymorphum,
2942 1541 3094 1596 hunc
3130 1541 3336 1595 librum
3369 1555 3469 1611 ap-

1863 1630 2031 1701 pello.
2057 1631 2210 1686 More
2257 1639 2445 1687 autem
2489 1632 2694 1704 dialogi
2727 1633 2996 1704 procedet
3021 1633 3224 1699 oratio,
3248 1641 3309 1688 ut
3343 1649 3466 1702 qua:

1865 1723 2330 1794 interrogationes
2382 1733 2441 1780 et
2485 1726 2911 1796 responsiones,
2957 1725 3373 1796 propositiones
3410 1732 3469 1779 ct

1866 1814 2196 1881 solutiones,
2258 1814 2716 1887 objectionesque
2767 1825 2825 1871 et
2871 1825 3071 1872 cetera
3122 1814 3467 1885 dialogorum

1867 1906 2060 1963 formae
2077 1907 2301 1978 propria
2316 1909 2622 1964 contineat.
2642 1907 3110 1978 lnterrogantium
3126 1920 3264 1961 vero
3295 1911 3353 1959 et
3379 1919 3468 1959 re—

1867 1997 2259 2069 spondentium
2291 2000 2520 2054 nomina
2547 1998 2770 2069 corpori
2802 1998 3149 2070 dialogorum
3177 2012 3288 2052 non
3320 1996 3471 2052 inse-

1866 2105 2009 2156 ram,
2033 2090 2179 2146 sicut
2197 2098 2416 2146 veteres
2432 2091 2750 2146 Graecorum
2770 2093 3052 2161 sapientes
3065 2091 3320 2145 fecerunt
3340 2106 3353 2142 :
3369 2088 3468 2144 sed

1865 2199 2134 2240 versuum
2176 2182 2353 2238 initiis
2396 2183 2695 2238 ascribam.
2744 2181 2829 2237 Illi
2867 2183 3016 2237 enim
3061 2183 3215 2236 omni
3261 2196 3470 2252 genere

1867 2278 2135 2335 doctrinae
2183 2276 2443 2343 excultis,
2482 2283 2540 2331 et
2586 2290 2829 2348 quorum
2875 2275 2989 2331 vita
3043 2274 3101 2330 in
3157 2275 3470 2329 litterarum

1867 2371 2071 2427 studiis
2101 2369 2556 2436 consumebatur,
2589 2384 2690 2426 sua
2734 2368 2943 2440 scripta
2981 2367 3310 2424 offerebant.
3355 2367 3473 2438 Ego

1867 2479 2002 2520 vero
2025 2464 2194 2520 etiam
2221 2463 2292 2519 iis
2310 2463 2408 2534 qui
2432 2462 2708 2519 bonarum
2731 2462 2938 2518 artium
2960 2461 3243 2534 mysteriis
3269 2458 3474 2514 initiati

1867 2574 1979 2614 non
2033 2565 2186 2623 sunt,
2220 2556 2442 2613 facilem
2484 2563 2543 2613 et
2590 2555 2906 2628 expeditam
2950 2570 3073 2610 esse
3114 2553 3244 2608 volo
3279 2552 3476 2608 lectio-
3555 2547 3558 2552 ’

1867 2665 2018 2715 nem,
2053 2655 2113 2704 et
2148 2648 2411 2705 utilitatis
2458 2648 2858 2704 inventionem.
2892 2646 3117 2702 Planior
3156 2655 3344 2701 autem
3383 2659 3476 2702 res

1866 2741 1996 2808 erit,
2030 2741 2078 2797 si
2117 2755 2373 2812 persona:
2399 2740 2794 2797 disserentium
2831 2755 2900 2795 ex
2942 2739 3200 2809 ascriptis
3231 2739 3289 2792 in
3329 2753 3478 2792 mar-

1868 2835 1996 2906 gine
2034 2833 2359 2890 nominibus
2385 2833 2694 2891 manifestae
2717 2832 2868 2888 ﬁant.
2906 2833 3086 2902 Atque
3115 2831 3193 2886 illi
3221 2830 3473 2900 quidem,

1869 2913 1962 2997 qui
1983 2941 2086 2998 pro
2104 2925 2430 2996 apostolicis
2449 2925 2804 2997 dogmatibus
2817 2925 3087 2988 decertat,
3115 2921 3408 2978 Orthodoxi
3419 2920 3477 2994 ἀ,

1867 3031 2074 3072 nomen
2083 3024 2170 3070 est
2186 3015 2353 3070 :alter
2364 3015 2640 3070 Enniam
2653 3015 2982 3087 appellatur.
2994 3013 3476 3081 Quemadmodum

1869 3107 2020 3162 enim
2041 3121 2172 3162 eum
2201 3106 2220 3127 ¹
2256 3105 2352 3177 qui
2386 3120 2417 3159 a
2447 3105 2639 3160 multis
2672 3120 2772 3175 per
2801 3102 3246 3158 misericordiam
3284 3103 3473 3168 alitur,
3516 3159 3522 3165 ,

173 3197 306 3251 οὕτω
332 3197 398 3268 δὴ
436 3196 536 3250 καὶ
588 3196 778 3251 τούτου
832 3196 988 3267 τήνδε
1044 3197 1148 3268 τὴν
1204 3197 1524 3266 ἐπωνυμίαν
1557 3199 1624 3250 ὲκ
1656 3197 1763 3250 τῶν

1873 3197 2152 3268 appellare
2185 3196 2502 3252 mendicum
2539 3197 2804 3270 solemus,
2830 3204 2888 3250 et
2915 3195 3314 3267 negotiatorem
3345 3211 3476 3250 eum

171 3287 621 3362 έπετηδευμὰων
650 3289 999 3360 τεθείκαμεν.
1037 3286 1200 3355 Ἀξιῶ
1227 3290 1285 3344 δὲ
1335 3290 1465 3352 τοὺς
1515 3288 1764 3353 ἐντευξο-

175 3377 383 3445 μένους,
453 3379 643 3450 ⁸τ’·..ἀσης
695 3375 1021 3451 προλήψεως
1082 3378 1208 3451 δίχα
1274 3378 1608 3451 ποιήσασθαι
1663 3379 1764 3449 τῆς

172 3469 426 3541 ἀληθείας
486 3471 590 3544 τὴν
644 3471 899 3542 βάσανον.
956 3473 1069 3525 Καὶ
1118 3471 1227 3542 γὰρ
1273 3471 1436 3542 ἡμεῖς
1467 3470 1767 3540 σαφηνείας

173 3565 571 3636 φροντίζοντες,
603 3567 682 3629 είς
713 3567 865 3638 τρεῖς
894 3565 1179 3635 διαλόγους
1221 3563 1504 3634 διελοῢμεν
1533 3565 1592 3618 τὸ
1631 3563 1766 3633 σύγκ-

172 3673 416 3730 γραμμα.
451 3657 568 3712 Καὶ
595 3660 625 3712 ὁ
659 3657 760 3729 μὲν
791 3659 1011 3730 πρῶτος
1041 3657 1171 3730 περὶ
1196 3656 1290 3711 τοῦ
1323 3656 1596 3729 ἄτρεπτον
1619 3652 1764 3712 εἶναι

171 3750 259 3804 τοῦ
290 3750 622 3822 μονογενοῦς
649 3752 784 3805 Υίοῦ
812 3751 912 3822 τὴν
939 3751 1172 3822 θεότητα
1201 3750 1416 3818 δέξεται
1437 3750 1529 3804 τὸν
1549 3750 1762 3820 ἀγῶναο

171 3842 271 3896 ὁδὶ
305 3844 570 3916 δεύτερος
605 3842 936 3916 ἀσύγχυτον,
967 3844 1065 3898 σὺν
1086 3842 1208 3915 Θεῷ
1231 3843 1420 3914 φάναι,
1466 3842 1634 3908 δείξει
1666 3861 1762 3914 γε·

171 3937 478 4007 γενημένην
501 3936 604 4007 τήν
632 3936 830 3990 ἕνωσιν
879 3937 978 4008 τῆς
1031 3936 1128 3990 τοῦ
1186 3936 1462 3991 Δεσπὸτου
1524 3936 1762 4008 Χριστοῦ

174 4022 421 4097 θεότητος
451 4044 514 4081 τε
545 4027 642 4082 καὶ
669 4027 1112 4098 ἀνθρωπότητος.
1147 4029 1216 4082 '0
1239 4028 1295 4081 δέ
1329 4045 1392 4098 γε
1420 4029 1606 4099 τρίτος
1635 4029 1765 4101 περὶ

173 4117 264 4188 τῆς
297 4119 575 4184 ἀπαθείας
608 4121 708 4193 τῆς
760 4121 856 4174 τοῦ
912 4122 1168 4193 Σωτῆρος
1224 4121 1383 4193 ήμῶν
1444 4122 1764 4191 ἀγωνιεῖται

177 4206 438 4282 θεότητος.
491 4212 652 4267 Μετά
718 4213 903 4283 μέντοι
958 4213 1087 4278 τοὺς
1139 4215 1291 4284 τρεῖς
1347 4215 1590 4284 ἀγῶνας,
1653 4210 1765 4270 οἷον

174 4302 639 4376 ὲπαγωνίσματα,
697 4305 814 4359 ἀλλ’
881 4306 1019 4360 ἀττα
1075 4307 1482 4379 προσθήσομεν,
1548 4309 1765 4381 ἑκάστῳ

176 4394 448 4466 κεφαλαίῳ
476 4394 845 4466 συλλογισμὸν
869 4397 1371 4468 προσαρμόξοντες,
1402 4401 1496 4453 καὶ
1523 4399 1768 4455 δεικνύν-

1870 3287 1965 3356 qui
1999 3285 2105 3341 scit
2134 3286 2400 3356 pecunias
2441 3285 2704 3357 colligere
2736 3305 2748 3340 :
2789 3287 2864 3340 ita
2895 3286 3062 3341 etiam
3095 3286 3228 3341 huic
3253 3301 3320 3342 ex
3354 3286 3477 3357 ejus

1869 3379 2070 3435 studiis
2089 3387 2147 3435 et
2170 3379 2428 3435 instituto
2454 3394 2658 3435 nomen
2686 3379 3074 3448 imposuimus.
3105 3379 3258 3450 Rogo
3287 3387 3476 3433 autem

1869 3471 2128 3536 lectores,
2165 3477 2228 3525 ut
2277 3471 2396 3526 sine
2439 3479 2828 3541 praeoccupate
2875 3471 3141 3540 opinione
3180 3470 3474 3526 veritatem

1867 3562 2207 3618 examinem.
2245 3560 2360 3617 Nos
2408 3562 2558 3619 enim
2604 3562 3019 3632 perspicuitatis
3065 3578 3230 3618 causa
3269 3562 3475 3618 librum

1868 3657 1926 3712 in
1954 3664 2071 3712 tres
2103 3655 2353 3727 dialogos
2385 3654 2724 3710 dividemus.
2760 3655 2829 3710 Et
2858 3654 3075 3726 primus
3101 3655 3328 3727 quidem
3367 3657 3475 3711 im-

1866 3745 2194 3804 mutabilem
2225 3759 2347 3800 esse
2388 3744 2661 3814 unigeniti
2695 3744 2821 3800 Filii
2855 3744 3206 3800 divinitatem
3243 3755 3476 3801 conten-

1867 3837 1991 3906 det;
2044 3835 2327 3894 secundus
2372 3843 2560 3891 autem
2613 3836 2986 3903 inconfusam,
3023 3838 3138 3892 Deo
3192 3837 3335 3893 bene
3381 3841 3475 3911 ju-

1867 3937 2056 3995 vante,
2095 3929 2304 3986 Christi
2361 3928 2583 3984 Domini
2637 3929 2950 3985 divinitatis
3005 3937 3063 3985 et
3113 3929 3479 3987 humanitatis

1870 4023 2136 4079 unionem
2173 4023 2342 4078 fuisse
2385 4021 2688 4078 ostendet:
2721 4023 2921 4078 tertius
2961 4022 3204 4093 denique
3253 4024 3477 4094 impati-

1868 4118 2037 4174 bilem
2078 4116 2251 4173 fuisse
2294 4115 2599 4172 Salvatoris
2635 4117 2811 4171 nostri
2853 4100 3204 4172 divinitatem
3241 4119 3477 4173 demon—

1868 4210 2091 4267 strabit.
2140 4210 2238 4266 His
2270 4209 2456 4264 tribus
2484 4209 2885 4265 certaminibus
2908 4211 3161 4280 quaedam
3190 4212 3296 4266 alia
3326 4212 3478 4266 velut

1867 4303 2236 4361 certaminum
2306 4301 2686 4358 additamenta
2755 4301 3123 4373 adjiciemus,
3171 4305 3478 4374 unicuique

1869 4395 2038 4467 capiti
2096 4396 2327 4451 brevem
2380 4409 2654 4450 summam
2716 4393 3120 4466 adjungentes,
3176 4407 3234 4452 et
3288 4405 3479 4468 aperte

175 4497 255 4544 τες
275 4483 544 4556 ἄντικρυς
569 4487 700 4557 παρ’
725 4487 860 4558 ἡμῖν
883 4487 1289 4559 φυλαττόμενον
1313 4490 1424 4546 τῶν
1449 4489 1766 4546 ἀποστόλων

1870 4489 2230 4546 ostendentes
2269 4489 2326 4545 id
2361 4504 2392 4546 a
2432 4489 2597 4546 nobis
2638 4487 2870 4555 servari,
2905 4489 3056 4561 quod
3104 4489 3174 4546 ab
3213 4488 3487 4562 apostolis

176 4572 229 4624 τδ
253 4577 542 4650 κήρυγμα-

240 4728 294 4798 (3
344 4734 450 4789 Ed.
499 4734 661 4790 Rom.
696 4742 751 4790 et
793 4734 947 4806 Lips.
987 4736 1346 4808 Βαρδισάνου.

240 4736 312 4870 μί
341 4804 545 4870 ἀρχήν.
595 4803 866 4870 Suspecta
904 4807 1130 4870 quidem
1181 4815 1267 4864 est
1305 4810 1346 4863 h:

238 4799 319 4888 (ρ).
338 4804 553 4888 ἀρχήν..
595 4799 879 4888 Suspecta
904 4799 1130 4888 quidem
1181 4815 1267 4864 est
1291 4810 1422 4888 haec
1461 4809 1648 4875 lectio,
1674 4823 1773 4865 ex-

177 4879 273 4926 stat
306 4875 495 4932 tamen
539 4875 595 4930 in
629 4875 869 4948 Utraque
898 4875 1036 4933 edit.
1069 4875 1258 4935 Greca
1285 4877 1398 4958 jam
1434 4893 1776 4939 commemo-

1792 4555 1847 4615 Β
1872 4582 2236 4654 praedicatum
2271 4588 2376 4637 est.

1874 4747 2026 4882 ml?)
2044 4807 2196 4865 Δεαλ.
2253 4807 2370 4864 Ed-
2399 4805 2554 4878 prior
2581 4805 2827 4863 ιιθδθδθί
2859 4805 3191 4877 δωλθῃκόθ
