  <div class='ocr_page' id='page_1' title='image "/cluster/home/n/w/nwhite01/storage/ocr_20150623/83/pst.000005712823/023.png"; bbox 0 0 4148 6392; ppageno 0'>
   <div class='ocr_carea' id='block_1_1' title="bbox 743 346 3992 454">
    <p class='ocr_par' dir='ltr' id='par_1_1' title="bbox 743 346 3992 454">
     <span class='ocr_line' id='line_1_1' title="bbox 743 346 3992 454; baseline -0.012 -13"><span class='ocrx_word' id='word_1_1' title='bbox 743 346 808 402; x_wconf 72' lang='grc'><strong>⁵¹</strong></span> <span class='ocrx_word' id='word_1_2' title='bbox 1560 423 1566 425; x_wconf 80' lang='lat'><strong>.</strong></span> <span class='ocrx_word' id='word_1_3' title='bbox 1682 425 1693 432; x_wconf 37' lang='grc' dir='ltr'><strong>η</strong></span> <span class='ocrx_word' id='word_1_4' title='bbox 1710 429 1718 436; x_wconf 89' lang='lat'><em>_</em></span> <span class='ocrx_word' id='word_1_5' title='bbox 1735 349 2236 435; x_wconf 63' lang='lat' dir='ltr'><strong>meum:</strong></span> <span class='ocrx_word' id='word_1_6' title='bbox 2269 353 2612 454; x_wconf 57' lang='lat' dir='ltr'><strong>spissum</strong></span> <span class='ocrx_word' id='word_1_7' title='bbox 2656 354 3025 417; x_wconf 76' lang='lat' dir='ltr'><strong>emENSI-s</strong></span> <span class='ocrx_word' id='word_1_8' title='bbox 3930 357 3992 420; x_wconf 57' lang='grc' dir='ltr'><strong>δέ</strong></span> 
     </span>
    </p>
   </div>
   <div class='ocr_carea' id='block_1_2' title="bbox 1705 654 3041 797">
    <p class='ocr_par' dir='ltr' id='par_1_2' title="bbox 1705 654 3041 797">
     <span class='ocr_line' id='line_1_2' title="bbox 1705 654 3041 797; baseline -0.004 -3"><span class='ocrx_word' id='word_1_9' title='bbox 1705 654 1731 678; x_wconf 85' lang='grc'><em>’</em></span> <span class='ocrx_word' id='word_1_10' title='bbox 1861 657 2965 797; x_wconf 84' lang='grc' dir='ltr'>ΑΤΡΕΠΤὈΣ.</span> <span class='ocrx_word' id='word_1_11' title='bbox 3039 751 3041 754; x_wconf 53' lang='grc' dir='ltr'>ι</span> 
     </span>
    </p>
   </div>
   <div class='ocr_carea' id='block_1_3' title="bbox 2029 891 2761 991">
    <p class='ocr_par' dir='ltr' id='par_1_3' title="bbox 2029 891 2761 991">
     <span class='ocr_line' id='line_1_3' title="bbox 2029 891 2761 991; baseline -0.001 -1"><span class='ocrx_word' id='word_1_12' title='bbox 2029 898 2583 991; x_wconf 74' lang='grc' dir='ltr'><strong>ΔΙΑΛΟῙὈΣ</strong></span> <span class='ocrx_word' id='word_1_13' title='bbox 2638 891 2761 989; x_wconf 80' lang='grc' dir='ltr'><strong>Αὀ</strong></span> 
     </span>
    </p>
   </div>
   <div class='ocr_carea' id='block_1_4' title="bbox 1734 1077 3035 1142">
    <p class='ocr_par' dir='ltr' id='par_1_4' title="bbox 1734 1077 3035 1142">
     <span class='ocr_line' id='line_1_4' title="bbox 1734 1077 3035 1142; baseline 0.005 -7"><span class='ocrx_word' id='word_1_14' title='bbox 1734 1077 2239 1138; x_wconf 67' lang='grc' dir='ltr'>οηοΔοεοῑ</span> <span class='ocrx_word' id='word_1_15' title='bbox 2295 1081 2454 1139; x_wconf 74' lang='grc' dir='ltr'><strong>ΚΔῙ</strong></span> <span class='ocrx_word' id='word_1_16' title='bbox 2509 1081 3035 1142; x_wconf 73' lang='grc' dir='ltr'><strong>ΒΡΔΝΙΣῚἮΣ..</strong></span> 
     </span>
    </p>
   </div>
   <div class='ocr_carea' id='block_1_5' title="bbox 1911 1376 2905 1506">
    <p class='ocr_par' dir='ltr' id='par_1_5' title="bbox 1911 1376 2905 1506">
     <span class='ocr_line' id='line_1_5' title="bbox 1911 1376 2905 1506; baseline -0.007 0"><span class='ocrx_word' id='word_1_17' title='bbox 1911 1376 2905 1506; x_wconf 67' lang='lat' dir='ltr'><strong>IMMUTABILIS.</strong></span> 
     </span>
    </p>
   </div>
   <div class='ocr_carea' id='block_1_6' title="bbox 2013 1620 2755 1717">
    <p class='ocr_par' dir='ltr' id='par_1_6' title="bbox 2013 1620 2755 1717">
     <span class='ocr_line' id='line_1_6' title="bbox 2013 1620 2755 1717; baseline 0 -5"><span class='ocrx_word' id='word_1_18' title='bbox 2013 1620 2614 1717; x_wconf 80' lang='lat' dir='ltr'><strong>Dl-ALOGUS</strong></span> <span class='ocrx_word' id='word_1_19' title='bbox 2672 1626 2755 1713; x_wconf 84' lang='grc' dir='ltr'><strong>Ι.</strong></span> 
     </span>
    </p>
   </div>
   <div class='ocr_carea' id='block_1_7' title="bbox 1677 1814 2306 1880">
    <p class='ocr_par' dir='ltr' id='par_1_7' title="bbox 1677 1814 2306 1880">
     <span class='ocr_line' id='line_1_7' title="bbox 1677 1814 2306 1880; baseline -0.003 -2"><span class='ocrx_word' id='word_1_20' title='bbox 1677 1814 2306 1880; x_wconf 70' lang='lat' dir='ltr'><strong>O‘RTBODOXUS</strong></span> 
     </span>
    </p>
   </div>
   <div class='ocr_carea' id='block_1_8' title="bbox 2375 1813 3098 1877">
    <p class='ocr_par' dir='ltr' id='par_1_8' title="bbox 2375 1813 3098 1877">
     <span class='ocr_line' id='line_1_8' title="bbox 2375 1813 3098 1877; baseline -0.001 0"><span class='ocrx_word' id='word_1_21' title='bbox 2375 1815 2482 1877; x_wconf 82' lang='lat' dir='ltr'><strong>ET</strong></span> <span class='ocrx_word' id='word_1_22' title='bbox 2553 1813 3098 1876; x_wconf 81' lang='lat' dir='ltr'><strong>ERANISTES.</strong></span> 
     </span>
    </p>
   </div>
   <div class='ocr_carea' id='block_1_9' title="bbox 818 2129 2326 2215">
    <p class='ocr_par' dir='ltr' id='par_1_9' title="bbox 818 2136 2324 2213">
     <span class='ocr_line' id='line_1_9' title="bbox 818 2136 2324 2213; baseline 0.003 -18"><span class='ocrx_word' id='word_1_23' title='bbox 818 2137 870 2211; x_wconf 68' lang='grc'>⁸</span> <span class='ocrx_word' id='word_1_24' title='bbox 893 2136 1379 2197; x_wconf 71' lang='grc' dir='ltr'>οιιτιιουοιυε.</span> <span class='ocrx_word' id='word_1_25' title='bbox 1420 2139 1618 2198; x_wconf 74' lang='lat' dir='ltr'><strong>latius</strong></span> <span class='ocrx_word' id='word_1_26' title='bbox 1645 2141 1868 2213; x_wconf 81' lang='lat' dir='ltr'><strong>quidem</strong></span> <span class='ocrx_word' id='word_1_27' title='bbox 1895 2151 2040 2200; x_wconf 81' lang='lat' dir='ltr'><strong>esset</strong></span> <span class='ocrx_word' id='word_1_28' title='bbox 2066 2158 2171 2200; x_wconf 83' lang='lat' dir='ltr'><strong>nos</strong></span> <span class='ocrx_word' id='word_1_29' title='bbox 2190 2159 2324 2200; x_wconf 90' lang='lat' dir='ltr'><strong>con-</strong></span> 
     </span>
    </p>
   </div>
   <div class='ocr_carea' id='block_1_10' title="bbox 2430 2129 4006 2215">
    <p class='ocr_par' dir='ltr' id='par_1_10' title="bbox 2498 2129 4006 2215">
     <span class='ocr_line' id='line_1_10' title="bbox 2498 2129 4006 2215; baseline 0 -15"><span class='ocrx_word' id='word_1_30' title='bbox 2498 2142 2912 2200; x_wconf 71' lang='grc' dir='ltr'>οΡΘοΔοεοΣ.</span> <span class='ocrx_word' id='word_1_31' title='bbox 2959 2142 3218 2213; x_wconf 69' lang='grc' dir='ltr'>Ἄμεινον</span> <span class='ocrx_word' id='word_1_32' title='bbox 3253 2139 3354 2215; x_wconf 69' lang='grc' dir='ltr'>μὶν</span> <span class='ocrx_word' id='word_1_33' title='bbox 3379 2135 3448 2213; x_wconf 80' lang='grc' dir='ltr'>ἦν</span> <span class='ocrx_word' id='word_1_34' title='bbox 3488 2142 3796 2212; x_wconf 73' lang='grc' dir='ltr'><strong>συμφωνεῖν</strong></span> <span class='ocrx_word' id='word_1_35' title='bbox 3846 2129 4006 2213; x_wconf 48' lang='lat' dir='ltr'><strong>mat.</strong></span> 
     </span>
    </p>
   </div>
   <div class='ocr_carea' id='block_1_11' title="bbox 743 2227 2326 2305">
    <p class='ocr_par' dir='ltr' id='par_1_11' title="bbox 743 2227 2326 2305">
     <span class='ocr_line' id='line_1_11' title="bbox 743 2227 2326 2305; baseline 0.004 -21"><span class='ocrx_word' id='word_1_36' title='bbox 743 2230 972 2293; x_wconf 75' lang='lat' dir='ltr'><strong>sentire,</strong></span> <span class='ocrx_word' id='word_1_37' title='bbox 1001 2237 1063 2284; x_wconf 89' lang='lat' dir='ltr'><strong>et</strong></span> <span class='ocrx_word' id='word_1_38' title='bbox 1083 2227 1395 2285; x_wconf 74' lang='lat' dir='ltr'><strong>doctrinam</strong></span> <span class='ocrx_word' id='word_1_39' title='bbox 1419 2231 1776 2301; x_wconf 73' lang='lat' dir='ltr'><strong>apostolicam</strong></span> <span class='ocrx_word' id='word_1_40' title='bbox 1804 2233 2070 2305; x_wconf 65' lang='lat' dir='ltr'><strong>Magram</strong></span> <span class='ocrx_word' id='word_1_41' title='bbox 2102 2249 2326 2291; x_wconf 74' lang='lat' dir='ltr'><strong>conser-</strong></span> 
     </span>
    </p>
   </div>
   <div class='ocr_carea' id='block_1_12' title="bbox 744 2318 2326 2392">
    <p class='ocr_par' dir='ltr' id='par_1_12' title="bbox 744 2318 2326 2392">
     <span class='ocr_line' id='line_1_12' title="bbox 744 2318 2326 2392; baseline 0.004 -17"><span class='ocrx_word' id='word_1_42' title='bbox 744 2334 896 2376; x_wconf 82' lang='lat' dir='ltr'><strong>vare.</strong></span> <span class='ocrx_word' id='word_1_43' title='bbox 945 2318 1054 2375; x_wconf 86' lang='lat' dir='ltr'><strong>Sed</strong></span> <span class='ocrx_word' id='word_1_44' title='bbox 1099 2320 1252 2390; x_wconf 81' lang='lat' dir='ltr'><strong>quia,</strong></span> <span class='ocrx_word' id='word_1_45' title='bbox 1291 2322 1480 2377; x_wconf 78' lang='lat' dir='ltr'><strong>nescio</strong></span> <span class='ocrx_word' id='word_1_46' title='bbox 1519 2337 1686 2392; x_wconf 84' lang='lat' dir='ltr'><strong>quam</strong></span> <span class='ocrx_word' id='word_1_47' title='bbox 1733 2324 1806 2379; x_wconf 91' lang='lat' dir='ltr'><strong>ob</strong></span> <span class='ocrx_word' id='word_1_48' title='bbox 1852 2339 2097 2390; x_wconf 63' lang='lat' dir='ltr'><strong>causam</strong></span> <span class='ocrx_word' id='word_1_49' title='bbox 2145 2325 2326 2381; x_wconf 80' lang='lat' dir='ltr'><strong>soluta</strong></span> 
     </span>
    </p>
   </div>
   <div class='ocr_carea' id='block_1_13' title="bbox 745 2409 2324 2485">
    <p class='ocr_par' dir='ltr' id='par_1_13' title="bbox 745 2409 2324 2485">
     <span class='ocr_line' id='line_1_13' title="bbox 745 2409 2324 2485; baseline 0.003 -19"><span class='ocrx_word' id='word_1_50' title='bbox 745 2409 1060 2475; x_wconf 83' lang='lat' dir='ltr'><strong>concordia,</strong></span> <span class='ocrx_word' id='word_1_51' title='bbox 1104 2411 1264 2466; x_wconf 88' lang='lat' dir='ltr'><strong>nobis</strong></span> <span class='ocrx_word' id='word_1_52' title='bbox 1314 2425 1456 2466; x_wconf 86' lang='lat' dir='ltr'><strong>nova</strong></span> <span class='ocrx_word' id='word_1_53' title='bbox 1504 2409 1758 2484; x_wconf 87' lang='lat' dir='ltr'><strong>dogmata</strong></span> <span class='ocrx_word' id='word_1_54' title='bbox 1801 2428 1953 2468; x_wconf 86' lang='lat' dir='ltr'><strong>nunc</strong></span> <span class='ocrx_word' id='word_1_55' title='bbox 1994 2415 2324 2485; x_wconf 71' lang='lat' dir='ltr'><strong>proponitis,</strong></span> 
     </span>
    </p>
   </div>
   <div class='ocr_carea' id='block_1_14' title="bbox 744 2498 2325 2588">
    <p class='ocr_par' dir='ltr' id='par_1_14' title="bbox 744 2498 2325 2588">
     <span class='ocr_line' id='line_1_14' title="bbox 744 2498 2325 2588; baseline 0.005 -35"><span class='ocrx_word' id='word_1_56' title='bbox 744 2499 953 2571; x_wconf 88' lang='lat' dir='ltr'><strong>absque</strong></span> <span class='ocrx_word' id='word_1_57' title='bbox 987 2501 1120 2566; x_wconf 88' lang='lat' dir='ltr'><strong>ulla,</strong></span> <span class='ocrx_word' id='word_1_58' title='bbox 1145 2500 1192 2554; x_wconf 92' lang='lat' dir='ltr'><strong>si</strong></span> <span class='ocrx_word' id='word_1_59' title='bbox 1229 2501 1810 2588; x_wconf 53' lang='lat' dir='ltr'><strong>placet,3ontentione</strong></span> <span class='ocrx_word' id='word_1_60' title='bbox 1831 2498 2137 2560; x_wconf 70' lang='lat' dir='ltr'><strong>veritatem</strong></span> <span class='ocrx_word' id='word_1_61' title='bbox 2170 2519 2325 2561; x_wconf 74' lang='lat' dir='ltr'><strong>com-</strong></span> 
     </span>
    </p>
   </div>
   <div class='ocr_carea' id='block_1_15' title="bbox 744 2591 1459 2660">
    <p class='ocr_par' dir='ltr' id='par_1_15' title="bbox 744 2591 1459 2660">
     <span class='ocr_line' id='line_1_15' title="bbox 744 2591 1459 2660; baseline 0 -16"><span class='ocrx_word' id='word_1_62' title='bbox 744 2591 900 2646; x_wconf 81' lang='lat' dir='ltr'><strong>muni</strong></span> <span class='ocrx_word' id='word_1_63' title='bbox 934 2604 1102 2660; x_wconf 83' lang='lat' dir='ltr'><strong>opera</strong></span> <span class='ocrx_word' id='word_1_64' title='bbox 1133 2605 1459 2660; x_wconf 58' lang='lat' dir='ltr'><strong>queramus.</strong></span> 
     </span>
    </p>
   </div>
   <div class='ocr_carea' id='block_1_16' title="bbox 816 2681 2326 2755">
    <p class='ocr_par' dir='ltr' id='par_1_16' title="bbox 816 2681 2326 2755">
     <span class='ocr_line' id='line_1_16' title="bbox 816 2681 2326 2755; baseline 0.006 -19"><span class='ocrx_word' id='word_1_65' title='bbox 816 2681 1024 2736; x_wconf 78' lang='lat' dir='ltr'><strong>ERAN.</strong></span> <span class='ocrx_word' id='word_1_66' title='bbox 1062 2681 1173 2736; x_wconf 86' lang='lat' dir='ltr'><strong>Nos</strong></span> <span class='ocrx_word' id='word_1_67' title='bbox 1203 2681 1560 2751; x_wconf 82' lang='lat' dir='ltr'><strong>inquisitione</strong></span> <span class='ocrx_word' id='word_1_68' title='bbox 1593 2697 1705 2738; x_wconf 84' lang='lat' dir='ltr'><strong>non</strong></span> <span class='ocrx_word' id='word_1_69' title='bbox 1733 2699 1957 2755; x_wconf 80' lang='lat' dir='ltr'><strong>egemus</strong></span> <span class='ocrx_word' id='word_1_70' title='bbox 1989 2702 2003 2738; x_wconf 89' lang='lat'><strong>:</strong></span> <span class='ocrx_word' id='word_1_71' title='bbox 2036 2685 2326 2744; x_wconf 87' lang='lat' dir='ltr'><strong>veritatem</strong></span> 
     </span>
    </p>
   </div>
   <div class='ocr_carea' id='block_1_17' title="bbox 744 2771 1845 2841">
    <p class='ocr_par' dir='ltr' id='par_1_17' title="bbox 744 2771 1845 2841">
     <span class='ocr_line' id='line_1_17' title="bbox 744 2771 1845 2841; baseline 0.002 -15"><span class='ocrx_word' id='word_1_72' title='bbox 744 2771 892 2826; x_wconf 86' lang='lat' dir='ltr'><strong>enim</strong></span> <span class='ocrx_word' id='word_1_73' title='bbox 915 2771 1196 2841; x_wconf 81' lang='lat' dir='ltr'><strong>explorate</strong></span> <span class='ocrx_word' id='word_1_74' title='bbox 1225 2779 1541 2841; x_wconf 81' lang='lat' dir='ltr'><strong>perceptam</strong></span> <span class='ocrx_word' id='word_1_75' title='bbox 1572 2780 1845 2829; x_wconf 82' lang='lat' dir='ltr'><strong>tenemus.</strong></span> 
     </span>
    </p>
   </div>
   <div class='ocr_carea' id='block_1_18' title="bbox 816 2859 2314 2934">
    <p class='ocr_par' dir='ltr' id='par_1_18' title="bbox 816 2859 2314 2934">
     <span class='ocr_line' id='line_1_18' title="bbox 816 2859 2314 2934; baseline 0.004 -18"><span class='ocrx_word' id='word_1_76' title='bbox 816 2859 1025 2917; x_wconf 82' lang='lat' dir='ltr'><strong>ORTH.</strong></span> <span class='ocrx_word' id='word_1_77' title='bbox 1069 2862 1186 2916; x_wconf 85' lang='lat' dir='ltr'><strong>Hoc</strong></span> <span class='ocrx_word' id='word_1_78' title='bbox 1217 2861 1464 2916; x_wconf 61' lang='lat' dir='ltr'><strong>haeretici</strong></span> <span class='ocrx_word' id='word_1_79' title='bbox 1494 2876 1689 2920; x_wconf 77' lang='lat' dir='ltr'><strong>omnes</strong></span> <span class='ocrx_word' id='word_1_80' title='bbox 1724 2863 1828 2918; x_wconf 88' lang='lat' dir='ltr'><strong>sibi</strong></span> <span class='ocrx_word' id='word_1_81' title='bbox 1868 2880 2193 2934; x_wconf 85' lang='lat' dir='ltr'><strong>persuasum</strong></span> <span class='ocrx_word' id='word_1_82' title='bbox 2232 2867 2314 2922; x_wconf 85' lang='lat' dir='ltr'><strong>ha-</strong></span> 
     </span>
    </p>
   </div>
   <div class='ocr_carea' id='block_1_19' title="bbox 745 2950 2308 3028">
    <p class='ocr_par' dir='ltr' id='par_1_19' title="bbox 745 2950 2308 3028">
     <span class='ocr_line' id='line_1_19' title="bbox 745 2950 2308 3028; baseline 0.004 -22"><span class='ocrx_word' id='word_1_83' title='bbox 745 2950 880 3006; x_wconf 84' lang='lat' dir='ltr'><strong>bent</strong></span> <span class='ocrx_word' id='word_1_84' title='bbox 910 2969 924 3006; x_wconf 89' lang='lat'><strong>:</strong></span> <span class='ocrx_word' id='word_1_85' title='bbox 957 2950 1259 3022; x_wconf 87' lang='lat' dir='ltr'><strong>quinetiam</strong></span> <span class='ocrx_word' id='word_1_86' title='bbox 1302 2951 1475 3008; x_wconf 67' lang='lat' dir='ltr'><strong>Judaei</strong></span> <span class='ocrx_word' id='word_1_87' title='bbox 1507 2960 1563 3007; x_wconf 88' lang='lat' dir='ltr'><strong>et</strong></span> <span class='ocrx_word' id='word_1_88' title='bbox 1590 2951 1766 3008; x_wconf 69' lang='lat' dir='ltr'><strong>Graeci</strong></span> <span class='ocrx_word' id='word_1_89' title='bbox 1810 2969 2070 3010; x_wconf 89' lang='lat' dir='ltr'><strong>verorum</strong></span> <span class='ocrx_word' id='word_1_90' title='bbox 2099 2955 2308 3028; x_wconf 86' lang='lat' dir='ltr'><strong>dogma-</strong></span> 
     </span>
    </p>
   </div>
   <div class='ocr_carea' id='block_1_20' title="bbox 745 3042 2327 3114">
    <p class='ocr_par' dir='ltr' id='par_1_20' title="bbox 745 3042 2327 3114">
     <span class='ocr_line' id='line_1_20' title="bbox 745 3042 2327 3114; baseline 0.003 -19"><span class='ocrx_word' id='word_1_91' title='bbox 745 3049 864 3095; x_wconf 90' lang='lat' dir='ltr'><strong>tum</strong></span> <span class='ocrx_word' id='word_1_92' title='bbox 918 3048 1358 3112; x_wconf 79' lang='lat' dir='ltr'><strong>propugnatores</strong></span> <span class='ocrx_word' id='word_1_93' title='bbox 1398 3055 1458 3095; x_wconf 86' lang='lat' dir='ltr'><strong>se</strong></span> <span class='ocrx_word' id='word_1_94' title='bbox 1503 3049 1699 3112; x_wconf 84' lang='lat' dir='ltr'><strong>putant</strong></span> <span class='ocrx_word' id='word_1_95' title='bbox 1740 3061 1753 3095; x_wconf 93' lang='lat'><strong>:</strong></span> <span class='ocrx_word' id='word_1_96' title='bbox 1789 3057 1892 3097; x_wconf 89' lang='lat' dir='ltr'><strong>nec</strong></span> <span class='ocrx_word' id='word_1_97' title='bbox 1944 3043 1983 3097; x_wconf 90' lang='lat' dir='ltr'><strong>ii</strong></span> <span class='ocrx_word' id='word_1_98' title='bbox 2030 3042 2195 3099; x_wconf 88' lang='lat' dir='ltr'><strong>modo</strong></span> <span class='ocrx_word' id='word_1_99' title='bbox 2232 3043 2327 3114; x_wconf 89' lang='lat' dir='ltr'><strong>qui</strong></span> 
     </span>
    </p>
   </div>
   <div class='ocr_carea' id='block_1_21' title="bbox 746 3133 2331 3206">
    <p class='ocr_par' dir='ltr' id='par_1_21' title="bbox 746 3133 2331 3206">
     <span class='ocr_line' id='line_1_21' title="bbox 746 3133 2331 3206; baseline 0 -16"><span class='ocrx_word' id='word_1_100' title='bbox 746 3133 989 3191; x_wconf 82' lang='lat' dir='ltr'><strong>Platonis</strong></span> <span class='ocrx_word' id='word_1_101' title='bbox 1013 3136 1029 3155; x_wconf 86' lang='lat'><strong>‘</strong></span> <span class='ocrx_word' id='word_1_102' title='bbox 1059 3140 1116 3188; x_wconf 90' lang='lat' dir='ltr'><strong>et</strong></span> <span class='ocrx_word' id='word_1_103' title='bbox 1144 3133 1466 3204; x_wconf 64' lang='lat' dir='ltr'><strong>Pythagorae</strong></span> <span class='ocrx_word' id='word_1_104' title='bbox 1495 3133 1695 3204; x_wconf 89' lang='lat' dir='ltr'><strong>placita</strong></span> <span class='ocrx_word' id='word_1_105' title='bbox 1719 3144 2046 3203; x_wconf 88' lang='lat' dir='ltr'><strong>sequuntur,</strong></span> <span class='ocrx_word' id='word_1_106' title='bbox 2077 3134 2173 3190; x_wconf 90' lang='lat' dir='ltr'><strong>sed</strong></span> <span class='ocrx_word' id='word_1_107' title='bbox 2199 3134 2331 3206; x_wconf 88' lang='lat' dir='ltr'><strong>Epi-</strong></span> 
     </span>
    </p>
   </div>
   <div class='ocr_carea' id='block_1_22' title="bbox 743 3224 2330 3295">
    <p class='ocr_par' dir='ltr' id='par_1_22' title="bbox 743 3224 2330 3295">
     <span class='ocr_line' id='line_1_22' title="bbox 743 3224 2330 3295; baseline 0.001 -16"><span class='ocrx_word' id='word_1_108' title='bbox 743 3225 864 3280; x_wconf 89' lang='lat' dir='ltr'><strong>curi</strong></span> <span class='ocrx_word' id='word_1_109' title='bbox 891 3239 1111 3295; x_wconf 88' lang='lat' dir='ltr'><strong>quoque</strong></span> <span class='ocrx_word' id='word_1_110' title='bbox 1140 3224 1419 3294; x_wconf 84' lang='lat' dir='ltr'><strong>discipuli,</strong></span> <span class='ocrx_word' id='word_1_111' title='bbox 1449 3234 1504 3280; x_wconf 84' lang='lat' dir='ltr'><strong>et</strong></span> <span class='ocrx_word' id='word_1_112' title='bbox 1535 3225 1630 3295; x_wconf 91' lang='lat' dir='ltr'><strong>qui</strong></span> <span class='ocrx_word' id='word_1_113' title='bbox 1659 3225 1808 3280; x_wconf 89' lang='lat' dir='ltr'><strong>athei</strong></span> <span class='ocrx_word' id='word_1_114' title='bbox 1837 3234 1964 3280; x_wconf 89' lang='lat' dir='ltr'><strong>sunt</strong></span> <span class='ocrx_word' id='word_1_115' title='bbox 1992 3241 2236 3295; x_wconf 87' lang='lat' dir='ltr'><strong>prorsus,</strong></span> <span class='ocrx_word' id='word_1_116' title='bbox 2274 3234 2330 3282; x_wconf 86' lang='lat' dir='ltr'><strong>et</strong></span> 
     </span>
    </p>
   </div>
   <div class='ocr_carea' id='block_1_23' title="bbox 745 3314 2328 3389">
    <p class='ocr_par' dir='ltr' id='par_1_23' title="bbox 745 3314 2328 3389">
     <span class='ocr_line' id='line_1_23' title="bbox 745 3314 2328 3389; baseline 0.003 -19"><span class='ocrx_word' id='word_1_117' title='bbox 745 3314 890 3371; x_wconf 85' lang='lat' dir='ltr'><strong>nihil</strong></span> <span class='ocrx_word' id='word_1_118' title='bbox 919 3315 1228 3386; x_wconf 82' lang='lat' dir='ltr'><strong>opinantes.</strong></span> <span class='ocrx_word' id='word_1_119' title='bbox 1259 3315 1380 3370; x_wconf 85' lang='lat' dir='ltr'><strong>Non</strong></span> <span class='ocrx_word' id='word_1_120' title='bbox 1417 3316 1678 3371; x_wconf 90' lang='lat' dir='ltr'><strong>convenit</strong></span> <span class='ocrx_word' id='word_1_121' title='bbox 1716 3326 1900 3370; x_wconf 91' lang='lat' dir='ltr'><strong>autem</strong></span> <span class='ocrx_word' id='word_1_122' title='bbox 1935 3327 2328 3389; x_wconf 60' lang='lat' dir='ltr'><strong>praeoccupatas</strong></span> 
     </span>
    </p>
   </div>
   <div class='ocr_carea' id='block_1_24' title="bbox 743 3405 2327 3479">
    <p class='ocr_par' dir='ltr' id='par_1_24' title="bbox 743 3405 2327 3479">
     <span class='ocr_line' id='line_1_24' title="bbox 743 3405 2327 3479; baseline 0.001 -18"><span class='ocrx_word' id='word_1_123' title='bbox 743 3405 996 3478; x_wconf 89' lang='lat' dir='ltr'><strong>opinioni</strong></span> <span class='ocrx_word' id='word_1_124' title='bbox 1038 3406 1271 3472; x_wconf 80' lang='lat' dir='ltr'><strong>servire,</strong></span> <span class='ocrx_word' id='word_1_125' title='bbox 1316 3406 1412 3462; x_wconf 89' lang='lat' dir='ltr'><strong>sed</strong></span> <span class='ocrx_word' id='word_1_126' title='bbox 1456 3407 1512 3460; x_wconf 90' lang='lat' dir='ltr'><strong>in</strong></span> <span class='ocrx_word' id='word_1_127' title='bbox 1563 3421 1752 3461; x_wconf 80' lang='lat' dir='ltr'><strong>veram</strong></span> <span class='ocrx_word' id='word_1_128' title='bbox 1795 3406 2103 3461; x_wconf 86' lang='lat' dir='ltr'><strong>doctrinam</strong></span> <span class='ocrx_word' id='word_1_129' title='bbox 2142 3407 2327 3479; x_wconf 88' lang='lat' dir='ltr'><strong>inqui-</strong></span> 
     </span>
    </p>
   </div>
   <div class='ocr_carea' id='block_1_25' title="bbox 746 3511 891 3552">
    <p class='ocr_par' dir='ltr' id='par_1_25' title="bbox 746 3511 891 3552">
     <span class='ocr_line' id='line_1_25' title="bbox 746 3511 891 3552; baseline 0 0"><span class='ocrx_word' id='word_1_130' title='bbox 746 3511 891 3552; x_wconf 83' lang='lat' dir='ltr'><strong>rere.</strong></span> 
     </span>
    </p>
   </div>
   <div class='ocr_carea' id='block_1_26' title="bbox 819 3586 2328 3659">
    <p class='ocr_par' dir='ltr' id='par_1_26' title="bbox 819 3586 2328 3659">
     <span class='ocr_line' id='line_1_26' title="bbox 819 3586 2328 3659; baseline 0.004 -18"><span class='ocrx_word' id='word_1_131' title='bbox 819 3587 1029 3643; x_wconf 77' lang='lat' dir='ltr'><strong>ERAN.</strong></span> <span class='ocrx_word' id='word_1_132' title='bbox 1069 3586 1446 3643; x_wconf 80' lang='lat' dir='ltr'><strong>Admonitioni</strong></span> <span class='ocrx_word' id='word_1_133' title='bbox 1497 3595 1605 3643; x_wconf 69' lang='lat' dir='ltr'><strong>tuae</strong></span> <span class='ocrx_word' id='word_1_134' title='bbox 1653 3603 1840 3659; x_wconf 87' lang='lat' dir='ltr'><strong>pareo,</strong></span> <span class='ocrx_word' id='word_1_135' title='bbox 1886 3598 1940 3646; x_wconf 87' lang='lat' dir='ltr'><strong>et</strong></span> <span class='ocrx_word' id='word_1_136' title='bbox 1995 3589 2051 3646; x_wconf 90' lang='lat' dir='ltr'><strong>in</strong></span> <span class='ocrx_word' id='word_1_137' title='bbox 2103 3590 2328 3647; x_wconf 85' lang='lat' dir='ltr'><strong>monitis</strong></span> 
     </span>
    </p>
   </div>
   <div class='ocr_carea' id='block_1_27' title="bbox 747 3678 1061 3749">
    <p class='ocr_par' dir='ltr' id='par_1_27' title="bbox 747 3678 1061 3749">
     <span class='ocr_line' id='line_1_27' title="bbox 747 3678 1061 3749; baseline 0.003 -16"><span class='ocrx_word' id='word_1_138' title='bbox 747 3678 1061 3749; x_wconf 81' lang='lat' dir='ltr'><strong>acquiesco.</strong></span> 
     </span>
    </p>
   </div>
   <div class='ocr_carea' id='block_1_28' title="bbox 817 3768 2328 3853">
    <p class='ocr_par' dir='ltr' id='par_1_28' title="bbox 817 3768 2328 3853">
     <span class='ocr_line' id='line_1_28' title="bbox 817 3768 2328 3853; baseline 0.004 -29"><span class='ocrx_word' id='word_1_139' title='bbox 817 3768 1030 3825; x_wconf 81' lang='lat' dir='ltr'><strong>ORTH.</strong></span> <span class='ocrx_word' id='word_1_140' title='bbox 1071 3770 1341 3836; x_wconf 83' lang='lat' dir='ltr'><strong>Quoniam</strong></span> <span class='ocrx_word' id='word_1_141' title='bbox 1385 3771 1554 3842; x_wconf 89' lang='lat' dir='ltr'><strong>igitur</strong></span> <span class='ocrx_word' id='word_1_142' title='bbox 1597 3771 1837 3842; x_wconf 88' lang='lat' dir='ltr'><strong>priorem</strong></span> <span class='ocrx_word' id='word_1_143' title='bbox 1886 3773 2328 3853; x_wconf 70' lang='lat' dir='ltr'><strong>adhortationem</strong></span> 
     </span>
    </p>
   </div>
   <div class='ocr_carea' id='block_1_29' title="bbox 747 3860 2326 3933">
    <p class='ocr_par' dir='ltr' id='par_1_29' title="bbox 747 3860 2326 3933">
     <span class='ocr_line' id='line_1_29' title="bbox 747 3860 2326 3933; baseline 0.003 -17"><span class='ocrx_word' id='word_1_144' title='bbox 747 3860 907 3916; x_wconf 83' lang='lat' dir='ltr'><strong>facile</strong></span> <span class='ocrx_word' id='word_1_145' title='bbox 949 3861 1243 3927; x_wconf 89' lang='lat' dir='ltr'><strong>admisisti,</strong></span> <span class='ocrx_word' id='word_1_146' title='bbox 1289 3877 1422 3933; x_wconf 89' lang='lat' dir='ltr'><strong>rogo</strong></span> <span class='ocrx_word' id='word_1_147' title='bbox 1468 3863 1657 3929; x_wconf 87' lang='lat' dir='ltr'><strong>etiam,</strong></span> <span class='ocrx_word' id='word_1_148' title='bbox 1698 3871 1760 3917; x_wconf 91' lang='lat' dir='ltr'><strong>ut</strong></span> <span class='ocrx_word' id='word_1_149' title='bbox 1803 3863 2059 3921; x_wconf 88' lang='lat' dir='ltr'><strong>humanis</strong></span> <span class='ocrx_word' id='word_1_150' title='bbox 2097 3866 2326 3920; x_wconf 90' lang='lat' dir='ltr'><strong>rationi-</strong></span> 
     </span>
    </p>
   </div>
   <div class='ocr_carea' id='block_1_30' title="bbox 675 3951 2327 4029">
    <p class='ocr_par' dir='ltr' id='par_1_30' title="bbox 675 3951 2327 4029">
     <span class='ocr_line' id='line_1_30' title="bbox 675 3951 2327 4029; baseline 0.005 -22"><span class='ocrx_word' id='word_1_151' title='bbox 675 3962 677 3965; x_wconf 87' lang='lat'>&#39;</span> <span class='ocrx_word' id='word_1_152' title='bbox 748 3951 856 4009; x_wconf 87' lang='lat' dir='ltr'><strong>bus</strong></span> <span class='ocrx_word' id='word_1_153' title='bbox 903 3954 1154 4010; x_wconf 81' lang='lat' dir='ltr'><strong>veritatis</strong></span> <span class='ocrx_word' id='word_1_154' title='bbox 1195 3955 1254 4025; x_wconf 72' lang='grc' dir='ltr'>θ</span> <span class='ocrx_word' id='word_1_155' title='bbox 1297 3954 1712 4025; x_wconf 87' lang='lat' dir='ltr'><strong>inquisitionem</strong></span> <span class='ocrx_word' id='word_1_156' title='bbox 1757 3973 1870 4012; x_wconf 91' lang='lat' dir='ltr'><strong>non</strong></span> <span class='ocrx_word' id='word_1_157' title='bbox 1913 3958 2194 4029; x_wconf 83' lang='lat' dir='ltr'><strong>subjicias,</strong></span> <span class='ocrx_word' id='word_1_158' title='bbox 2232 3961 2327 4015; x_wconf 86' lang='lat' dir='ltr'><strong>sed</strong></span> 
     </span>
    </p>
   </div>
   <div class='ocr_carea' id='block_1_31' title="bbox 657 4033 2330 4121">
    <p class='ocr_par' dir='ltr' id='par_1_31' title="bbox 657 4033 2330 4121">
     <span class='ocr_line' id='line_1_31' title="bbox 657 4033 2330 4121; baseline 0.003 -20"><span class='ocrx_word' id='word_1_159' title='bbox 657 4033 660 4036; x_wconf 54' lang='grc'><strong>’</strong></span> <span class='ocrx_word' id='word_1_160' title='bbox 748 4046 1122 4117; x_wconf 76' lang='lat' dir='ltr'><strong>apostolorum</strong></span> <span class='ocrx_word' id='word_1_161' title='bbox 1149 4055 1206 4102; x_wconf 89' lang='lat' dir='ltr'><strong>et</strong></span> <span class='ocrx_word' id='word_1_162' title='bbox 1232 4047 1648 4118; x_wconf 86' lang='lat' dir='ltr'><strong>prophetarum,</strong></span> <span class='ocrx_word' id='word_1_163' title='bbox 1674 4055 1730 4103; x_wconf 92' lang='lat' dir='ltr'><strong>et</strong></span> <span class='ocrx_word' id='word_1_164' title='bbox 1756 4056 2074 4105; x_wconf 85' lang='lat' dir='ltr'><strong>sanctorum</strong></span> <span class='ocrx_word' id='word_1_165' title='bbox 2100 4051 2195 4121; x_wconf 88' lang='lat' dir='ltr'><strong>qui</strong></span> <span class='ocrx_word' id='word_1_166' title='bbox 2227 4051 2330 4106; x_wconf 89' lang='lat' dir='ltr'><strong>hos</strong></span> 
     </span>
    </p>
   </div>
   <div class='ocr_carea' id='block_1_32' title="bbox 748 4123 2326 4210">
    <p class='ocr_par' dir='ltr' id='par_1_32' title="bbox 748 4123 2326 4210">
     <span class='ocr_line' id='line_1_32' title="bbox 748 4123 2326 4210; baseline 0.004 -18"><span class='ocrx_word' id='word_1_167' title='bbox 748 4137 923 4193; x_wconf 84' lang='lat' dir='ltr'><strong>secuti</strong></span> <span class='ocrx_word' id='word_1_168' title='bbox 949 4146 1098 4204; x_wconf 88' lang='lat' dir='ltr'><strong>sunt,</strong></span> <span class='ocrx_word' id='word_1_169' title='bbox 1135 4138 1364 4210; x_wconf 90' lang='lat' dir='ltr'><strong>vestigia</strong></span> <span class='ocrx_word' id='word_1_170' title='bbox 1401 4123 1636 4210; x_wconf 65' lang='lat' dir='ltr'><strong>quens.</strong></span> <span class='ocrx_word' id='word_1_171' title='bbox 1671 4139 1787 4196; x_wconf 84' lang='lat' dir='ltr'><strong>Hoc</strong></span> <span class='ocrx_word' id='word_1_172' title='bbox 1810 4141 1959 4196; x_wconf 91' lang='lat' dir='ltr'><strong>enim</strong></span> <span class='ocrx_word' id='word_1_173' title='bbox 1986 4141 2170 4198; x_wconf 89' lang='lat' dir='ltr'><strong>facere</strong></span> <span class='ocrx_word' id='word_1_174' title='bbox 2207 4144 2326 4198; x_wconf 91' lang='lat' dir='ltr'><strong>via-</strong></span> 
     </span>
    </p>
   </div>
   <div class='ocr_carea' id='block_1_33' title="bbox 746 4230 2326 4303">
    <p class='ocr_par' dir='ltr' id='par_1_33' title="bbox 746 4230 2326 4303">
     <span class='ocr_line' id='line_1_33' title="bbox 746 4230 2326 4303; baseline 0.004 -18"><span class='ocrx_word' id='word_1_175' title='bbox 746 4238 899 4286; x_wconf 84' lang='lat' dir='ltr'><strong>tores</strong></span> <span class='ocrx_word' id='word_1_176' title='bbox 936 4230 1135 4296; x_wconf 84' lang='lat' dir='ltr'><strong>solent,</strong></span> <span class='ocrx_word' id='word_1_177' title='bbox 1168 4239 1231 4287; x_wconf 89' lang='lat' dir='ltr'><strong>ut</strong></span> <span class='ocrx_word' id='word_1_178' title='bbox 1257 4245 1384 4286; x_wconf 89' lang='lat' dir='ltr'><strong>cum</strong></span> <span class='ocrx_word' id='word_1_179' title='bbox 1409 4246 1441 4286; x_wconf 89' lang='lat' dir='ltr'><strong>a</strong></span> <span class='ocrx_word' id='word_1_180' title='bbox 1471 4233 1560 4286; x_wconf 89' lang='lat' dir='ltr'><strong>via</strong></span> <span class='ocrx_word' id='word_1_181' title='bbox 1596 4232 1747 4303; x_wconf 89' lang='lat' dir='ltr'><strong>regia</strong></span> <span class='ocrx_word' id='word_1_182' title='bbox 1780 4232 2125 4300; x_wconf 81' lang='lat' dir='ltr'><strong>deﬂexerint,</strong></span> <span class='ocrx_word' id='word_1_183' title='bbox 2157 4236 2326 4291; x_wconf 87' lang='lat' dir='ltr'><strong>semi-</strong></span> 
     </span>
    </p>
   </div>
   <div class='ocr_carea' id='block_1_34' title="bbox 747 4321 2330 4393">
    <p class='ocr_par' dir='ltr' id='par_1_34' title="bbox 747 4321 2330 4393">
     <span class='ocr_line' id='line_1_34' title="bbox 747 4321 2330 4393; baseline 0.004 -16"><span class='ocrx_word' id='word_1_184' title='bbox 747 4327 834 4377; x_wconf 84' lang='lat' dir='ltr'><strong>tas</strong></span> <span class='ocrx_word' id='word_1_185' title='bbox 873 4321 1246 4387; x_wconf 86' lang='lat' dir='ltr'><strong>considerent,</strong></span> <span class='ocrx_word' id='word_1_186' title='bbox 1275 4321 1325 4377; x_wconf 84' lang='lat' dir='ltr'><strong>si</strong></span> <span class='ocrx_word' id='word_1_187' title='bbox 1357 4321 1723 4393; x_wconf 87' lang='lat' dir='ltr'><strong>quorumdam</strong></span> <span class='ocrx_word' id='word_1_188' title='bbox 1755 4324 2079 4382; x_wconf 85' lang='lat' dir='ltr'><strong>abeuntium</strong></span> <span class='ocrx_word' id='word_1_189' title='bbox 2109 4335 2206 4383; x_wconf 90' lang='lat' dir='ltr'><strong>aut</strong></span> <span class='ocrx_word' id='word_1_190' title='bbox 2235 4343 2330 4384; x_wconf 87' lang='lat' dir='ltr'><strong>ve-</strong></span> 
     </span>
    </p>
   </div>
   <div class='ocr_carea' id='block_1_35' title="bbox 746 4409 2330 4488">
    <p class='ocr_par' dir='ltr' id='par_1_35' title="bbox 746 4409 2330 4488">
     <span class='ocr_line' id='line_1_35' title="bbox 746 4409 2330 4488; baseline 0.004 -22"><span class='ocrx_word' id='word_1_191' title='bbox 746 4409 1020 4468; x_wconf 86' lang='lat' dir='ltr'><strong>nientium</strong></span> <span class='ocrx_word' id='word_1_192' title='bbox 1056 4413 1286 4484; x_wconf 88' lang='lat' dir='ltr'><strong>vestigia</strong></span> <span class='ocrx_word' id='word_1_193' title='bbox 1328 4413 1531 4478; x_wconf 89' lang='lat' dir='ltr'><strong>adsint,</strong></span> <span class='ocrx_word' id='word_1_194' title='bbox 1561 4415 1650 4469; x_wconf 89' lang='lat' dir='ltr'><strong>vel</strong></span> <span class='ocrx_word' id='word_1_195' title='bbox 1687 4414 1997 4482; x_wconf 89' lang='lat' dir='ltr'><strong>hominum,</strong></span> <span class='ocrx_word' id='word_1_196' title='bbox 2031 4417 2118 4472; x_wconf 85' lang='lat' dir='ltr'><strong>vel</strong></span> <span class='ocrx_word' id='word_1_197' title='bbox 2153 4433 2330 4488; x_wconf 89' lang='lat' dir='ltr'><strong>equo-</strong></span> 
     </span>
    </p>
   </div>
   <div class='ocr_carea' id='block_1_36' title="bbox 749 4503 2329 4579">
    <p class='ocr_par' dir='ltr' id='par_1_36' title="bbox 749 4503 2329 4579">
     <span class='ocr_line' id='line_1_36' title="bbox 749 4503 2329 4579; baseline 0.004 -22"><span class='ocrx_word' id='word_1_198' title='bbox 749 4517 906 4568; x_wconf 87' lang='lat' dir='ltr'><strong>rum,</strong></span> <span class='ocrx_word' id='word_1_199' title='bbox 953 4503 1041 4558; x_wconf 91' lang='lat' dir='ltr'><strong>vel</strong></span> <span class='ocrx_word' id='word_1_200' title='bbox 1093 4504 1406 4569; x_wconf 87' lang='lat' dir='ltr'><strong>asinorum,</strong></span> <span class='ocrx_word' id='word_1_201' title='bbox 1453 4503 1540 4559; x_wconf 89' lang='lat' dir='ltr'><strong>vel</strong></span> <span class='ocrx_word' id='word_1_202' title='bbox 1585 4503 1859 4560; x_wconf 89' lang='lat' dir='ltr'><strong>mulorum</strong></span> <span class='ocrx_word' id='word_1_203' title='bbox 1889 4525 1903 4560; x_wconf 86' lang='lat'><strong>:</strong></span> <span class='ocrx_word' id='word_1_204' title='bbox 1930 4515 1988 4562; x_wconf 89' lang='lat' dir='ltr'><strong>et</strong></span> <span class='ocrx_word' id='word_1_205' title='bbox 2035 4516 2329 4579; x_wconf 85' lang='lat' dir='ltr'><strong>postquam</strong></span> 
     </span>
    </p>
   </div>
   <div class='ocr_carea' id='block_1_37' title="bbox 747 4592 2331 4666">
    <p class='ocr_par' dir='ltr' id='par_1_37' title="bbox 747 4592 2331 4666">
     <span class='ocr_line' id='line_1_37' title="bbox 747 4592 2331 4666; baseline 0.003 -19"><span class='ocrx_word' id='word_1_206' title='bbox 747 4592 1095 4659; x_wconf 88' lang='lat' dir='ltr'><strong>invenerint,</strong></span> <span class='ocrx_word' id='word_1_207' title='bbox 1152 4609 1351 4649; x_wconf 86' lang='lat' dir='ltr'><strong>canum</strong></span> <span class='ocrx_word' id='word_1_208' title='bbox 1395 4601 1551 4649; x_wconf 78' lang='lat' dir='ltr'><strong>mere</strong></span> <span class='ocrx_word' id='word_1_209' title='bbox 1603 4594 1697 4649; x_wconf 89' lang='lat' dir='ltr'><strong>illa</strong></span> <span class='ocrx_word' id='word_1_210' title='bbox 1745 4604 2174 4666; x_wconf 87' lang='lat' dir='ltr'><strong>persequuntur,</strong></span> <span class='ocrx_word' id='word_1_211' title='bbox 2225 4612 2331 4654; x_wconf 88' lang='lat' dir='ltr'><strong>nec</strong></span> 
     </span>
    </p>
   </div>
   <div class='ocr_carea' id='block_1_38' title="bbox 751 4683 2218 4757">
    <p class='ocr_par' dir='ltr' id='par_1_38' title="bbox 751 4683 2218 4757">
     <span class='ocr_line' id='line_1_38' title="bbox 751 4683 2218 4757; baseline 0.004 -19"><span class='ocrx_word' id='word_1_212' title='bbox 751 4691 880 4739; x_wconf 82' lang='lat' dir='ltr'><strong>ante</strong></span> <span class='ocrx_word' id='word_1_213' title='bbox 908 4683 1203 4750; x_wconf 88' lang='lat' dir='ltr'><strong>desistunt,</strong></span> <span class='ocrx_word' id='word_1_214' title='bbox 1230 4700 1395 4757; x_wconf 88' lang='lat' dir='ltr'><strong>quam</strong></span> <span class='ocrx_word' id='word_1_215' title='bbox 1425 4685 1480 4741; x_wconf 90' lang='lat' dir='ltr'><strong>in</strong></span> <span class='ocrx_word' id='word_1_216' title='bbox 1512 4696 1720 4743; x_wconf 88' lang='lat' dir='ltr'><strong>rectam</strong></span> <span class='ocrx_word' id='word_1_217' title='bbox 1751 4687 1897 4742; x_wconf 81' lang='lat' dir='ltr'><strong>viam</strong></span> <span class='ocrx_word' id='word_1_218' title='bbox 1930 4687 2218 4744; x_wconf 84' lang='lat' dir='ltr'><strong>redierint.</strong></span> 
     </span>
    </p>
   </div>
   <div class='ocr_carea' id='block_1_39' title="bbox 2428 2230 4011 2305">
    <p class='ocr_par' dir='ltr' id='par_1_39' title="bbox 2428 2230 4011 2305">
     <span class='ocr_line' id='line_1_39' title="bbox 2428 2230 4011 2305; baseline -0.002 -17"><span class='ocrx_word' id='word_1_219' title='bbox 2428 2232 2524 2288; x_wconf 77' lang='grc' dir='ltr'><strong>καὶ</strong></span> <span class='ocrx_word' id='word_1_220' title='bbox 2554 2233 2653 2305; x_wconf 80' lang='grc' dir='ltr'>τὴν</span> <span class='ocrx_word' id='word_1_221' title='bbox 2681 2231 3050 2304; x_wconf 74' lang='grc' dir='ltr'>ἀποστολικὴν</span> <span class='ocrx_word' id='word_1_222' title='bbox 3078 2231 3429 2286; x_wconf 76' lang='grc' dir='ltr'><strong>διδασκαλίαν</strong></span> <span class='ocrx_word' id='word_1_223' title='bbox 3467 2231 3756 2301; x_wconf 75' lang='grc' dir='ltr'><strong>φυλάττειν</strong></span> <span class='ocrx_word' id='word_1_224' title='bbox 3802 2230 4011 2302; x_wconf 77' lang='grc' dir='ltr'>ἀκήρα-</span> 
     </span>
    </p>
   </div>
   <div class='ocr_carea' id='block_1_40' title="bbox 2426 2317 4011 2396">
    <p class='ocr_par' dir='ltr' id='par_1_40' title="bbox 2426 2317 4011 2396">
     <span class='ocr_line' id='line_1_40' title="bbox 2426 2317 4011 2396; baseline -0.004 -17"><span class='ocrx_word' id='word_1_225' title='bbox 2426 2341 2540 2379; x_wconf 89' lang='grc' dir='ltr'>τον.</span> <span class='ocrx_word' id='word_1_226' title='bbox 2575 2323 2798 2396; x_wconf 80' lang='grc' dir='ltr'>Ἐπειδὴ</span> <span class='ocrx_word' id='word_1_227' title='bbox 2828 2323 2885 2377; x_wconf 73' lang='grc' dir='ltr'>δὶ</span> <span class='ocrx_word' id='word_1_228' title='bbox 2907 2324 3008 2378; x_wconf 77' lang='grc' dir='ltr'><strong>οὐκ</strong></span> <span class='ocrx_word' id='word_1_229' title='bbox 3032 2317 3130 2376; x_wconf 76' lang='grc' dir='ltr'>οἶδ’</span> <span class='ocrx_word' id='word_1_230' title='bbox 3149 2321 3266 2376; x_wconf 77' lang='grc' dir='ltr'>ἀνθ’</span> <span class='ocrx_word' id='word_1_231' title='bbox 3289 2323 3414 2376; x_wconf 83' lang='grc' dir='ltr'>δτου</span> <span class='ocrx_word' id='word_1_232' title='bbox 3445 2323 3544 2392; x_wconf 79' lang='grc' dir='ltr'>τὴν</span> <span class='ocrx_word' id='word_1_233' title='bbox 3595 2321 3850 2392; x_wconf 79' lang='grc' dir='ltr'>ὁμόνοιαν</span> <span class='ocrx_word' id='word_1_234' title='bbox 3900 2320 4011 2373; x_wconf 75' lang='grc' dir='ltr'>δια-</span> 
     </span>
    </p>
   </div>
   <div class='ocr_carea' id='block_1_41' title="bbox 2428 2408 4010 2486">
    <p class='ocr_par' dir='ltr' id='par_1_41' title="bbox 2428 2408 4010 2486">
     <span class='ocr_line' id='line_1_41' title="bbox 2428 2408 4010 2486; baseline -0.005 -17"><span class='ocrx_word' id='word_1_235' title='bbox 2428 2412 2711 2480; x_wconf 73' lang='grc' dir='ltr'><strong>λύσαντες,</strong></span> <span class='ocrx_word' id='word_1_236' title='bbox 2737 2415 2899 2470; x_wconf 80' lang='grc' dir='ltr'>καινά</span> <span class='ocrx_word' id='word_1_237' title='bbox 2925 2412 3020 2468; x_wconf 79' lang='grc' dir='ltr'><strong>νῦν</strong></span> <span class='ocrx_word' id='word_1_238' title='bbox 3043 2416 3179 2485; x_wconf 75' lang='grc' dir='ltr'>ἡμῖν</span> <span class='ocrx_word' id='word_1_239' title='bbox 3209 2412 3582 2486; x_wconf 77' lang='grc' dir='ltr'>προδάλλεσθε</span> <span class='ocrx_word' id='word_1_240' title='bbox 3603 2411 3871 2483; x_wconf 84' lang='grc' dir='ltr'><strong>δόγματα,</strong></span> <span class='ocrx_word' id='word_1_241' title='bbox 3893 2408 4010 2478; x_wconf 82' lang='grc' dir='ltr'>δίχα</span> 
     </span>
    </p>
   </div>
   <div class='ocr_carea' id='block_1_42' title="bbox 2427 2500 4009 2580">
    <p class='ocr_par' dir='ltr' id='par_1_42' title="bbox 2427 2500 4009 2580">
     <span class='ocr_line' id='line_1_42' title="bbox 2427 2500 4009 2580; baseline -0.004 -20"><span class='ocrx_word' id='word_1_242' title='bbox 2427 2507 2575 2570; x_wconf 78' lang='grc' dir='ltr'>τινὸς</span> <span class='ocrx_word' id='word_1_243' title='bbox 2632 2506 2832 2580; x_wconf 78' lang='grc' dir='ltr'>ιριδος,</span> <span class='ocrx_word' id='word_1_244' title='bbox 2888 2506 2936 2560; x_wconf 82' lang='grc' dir='ltr'><strong>εί</strong></span> <span class='ocrx_word' id='word_1_245' title='bbox 2967 2505 3136 2571; x_wconf 78' lang='grc' dir='ltr'>δοκεῖ,</span> <span class='ocrx_word' id='word_1_246' title='bbox 3195 2506 3350 2575; x_wconf 73' lang='grc' dir='ltr'>κοινῇ</span> <span class='ocrx_word' id='word_1_247' title='bbox 3388 2504 3718 2575; x_wconf 79' lang='grc' dir='ltr'><strong>ζητήσωμεν</strong></span> <span class='ocrx_word' id='word_1_248' title='bbox 3748 2501 3853 2571; x_wconf 77' lang='grc' dir='ltr'><strong>τὴν</strong></span> <span class='ocrx_word' id='word_1_249' title='bbox 3879 2500 4009 2569; x_wconf 82' lang='grc' dir='ltr'>ἀλή-</span> 
     </span>
    </p>
   </div>
   <div class='ocr_carea' id='block_1_43' title="bbox 2429 2598 2603 2653">
    <p class='ocr_par' dir='ltr' id='par_1_43' title="bbox 2429 2598 2603 2653">
     <span class='ocr_line' id='line_1_43' title="bbox 2429 2598 2603 2653; baseline 0 0"><span class='ocrx_word' id='word_1_250' title='bbox 2429 2598 2603 2653; x_wconf 89' lang='grc' dir='ltr'>θειαν.</span> 
     </span>
    </p>
   </div>
   <div class='ocr_carea' id='block_1_44' title="bbox 2461 2671 4014 2760">
    <p class='ocr_par' dir='ltr' id='par_1_44' title="bbox 2461 2671 4014 2760">
     <span class='ocr_line' id='line_1_44' title="bbox 2461 2671 4014 2760; baseline -0.005 -14"><span class='ocrx_word' id='word_1_251' title='bbox 2461 2671 2706 2746; x_wconf 38' lang='grc' dir='ltr'><strong>δΕΡΑΝ.</strong></span> <span class='ocrx_word' id='word_1_252' title='bbox 2759 2688 2953 2760; x_wconf 75' lang='grc' dir='ltr'>Ἡμεῖς</span> <span class='ocrx_word' id='word_1_253' title='bbox 3012 2688 3292 2760; x_wconf 82' lang='grc' dir='ltr'>ζητήσεως</span> <span class='ocrx_word' id='word_1_254' title='bbox 3362 2687 3423 2741; x_wconf 75' lang='grc' dir='ltr'>οὐ</span> <span class='ocrx_word' id='word_1_255' title='bbox 3487 2686 3742 2759; x_wconf 84' lang='grc' dir='ltr'>δεόμεθα·</span> <span class='ocrx_word' id='word_1_256' title='bbox 3769 2684 4014 2758; x_wconf 68' lang='grc' dir='ltr'>ἀκριϐῶς</span> 
     </span>
    </p>
   </div>
   <div class='ocr_carea' id='block_1_45' title="bbox 2430 2778 3258 2851">
    <p class='ocr_par' dir='ltr' id='par_1_45' title="bbox 2430 2778 3258 2851">
     <span class='ocr_line' id='line_1_45' title="bbox 2430 2778 3258 2851; baseline -0.001 -17"><span class='ocrx_word' id='word_1_257' title='bbox 2430 2779 2541 2851; x_wconf 80' lang='grc' dir='ltr'><strong>γὰρ</strong></span> <span class='ocrx_word' id='word_1_258' title='bbox 2577 2781 2681 2850; x_wconf 81' lang='grc' dir='ltr'>τῆς</span> <span class='ocrx_word' id='word_1_259' title='bbox 2709 2778 2971 2850; x_wconf 72' lang='grc' dir='ltr'><strong>ἀληθείας</strong></span> <span class='ocrx_word' id='word_1_260' title='bbox 2998 2778 3258 2849; x_wconf 60' lang='grc' dir='ltr'>ἐχόμεθα.</span> 
     </span>
    </p>
   </div>
   <div class='ocr_carea' id='block_1_46' title="bbox 2502 2869 4012 2944">
    <p class='ocr_par' dir='ltr' id='par_1_46' title="bbox 2502 2869 4012 2944">
     <span class='ocr_line' id='line_1_46' title="bbox 2502 2869 4012 2944; baseline -0.002 -19"><span class='ocrx_word' id='word_1_261' title='bbox 2502 2871 2655 2926; x_wconf 87' lang='grc' dir='ltr'><strong>ΟΡΘ.</strong></span> <span class='ocrx_word' id='word_1_262' title='bbox 2690 2869 2863 2929; x_wconf 77' lang='grc' dir='ltr'>Τοῦτο</span> <span class='ocrx_word' id='word_1_263' title='bbox 2884 2870 3107 2937; x_wconf 74' lang='grc' dir='ltr'>καὶτῶν</span> <span class='ocrx_word' id='word_1_264' title='bbox 3129 2870 3420 2944; x_wconf 84' lang='grc' dir='ltr'>αίρετικῶν</span> <span class='ocrx_word' id='word_1_265' title='bbox 3442 2869 3740 2942; x_wconf 76' lang='grc' dir='ltr'><strong>ὑπείληφεν</strong></span> <span class='ocrx_word' id='word_1_266' title='bbox 3759 2869 4012 2931; x_wconf 69' lang='grc' dir='ltr'>ἕκαστος·</span> 
     </span>
    </p>
   </div>
   <div class='ocr_carea' id='block_1_47' title="bbox 2430 2955 4016 3030">
    <p class='ocr_par' dir='ltr' id='par_1_47' title="bbox 2430 2955 4016 3030">
     <span class='ocr_line' id='line_1_47' title="bbox 2430 2955 4016 3030; baseline -0.003 -16"><span class='ocrx_word' id='word_1_267' title='bbox 2430 2961 2526 3014; x_wconf 75' lang='grc' dir='ltr'><strong>καὶ</strong></span> <span class='ocrx_word' id='word_1_268' title='bbox 2559 2960 2746 3030; x_wconf 81' lang='grc' dir='ltr'>μέντοι</span> <span class='ocrx_word' id='word_1_269' title='bbox 2799 2959 2895 3013; x_wconf 76' lang='grc' dir='ltr'><strong>καὶ</strong></span> <span class='ocrx_word' id='word_1_270' title='bbox 2951 2958 3212 3022; x_wconf 80' lang='grc' dir='ltr'>Ἰουδαῖοι,</span> <span class='ocrx_word' id='word_1_271' title='bbox 3279 2958 3376 3012; x_wconf 71' lang='grc' dir='ltr'><strong>καὶ</strong></span> <span class='ocrx_word' id='word_1_272' title='bbox 3415 2957 3697 3029; x_wconf 84' lang='grc' dir='ltr'>Ἕλληνες,</span> <span class='ocrx_word' id='word_1_273' title='bbox 3750 2955 3865 3010; x_wconf 84' lang='grc' dir='ltr'><strong>τῶν</strong></span> <span class='ocrx_word' id='word_1_274' title='bbox 3920 2955 4016 3022; x_wconf 76' lang='grc' dir='ltr'>τῆς</span> 
     </span>
    </p>
   </div>
   <div class='ocr_carea' id='block_1_48' title="bbox 2431 3046 4013 3123">
    <p class='ocr_par' dir='ltr' id='par_1_48' title="bbox 2431 3046 4013 3123">
     <span class='ocr_line' id='line_1_48' title="bbox 2431 3046 4013 3123; baseline -0.005 -17"><span class='ocrx_word' id='word_1_275' title='bbox 2431 3051 2691 3123; x_wconf 78' lang='grc' dir='ltr'><strong>ἀληθείας</strong></span> <span class='ocrx_word' id='word_1_276' title='bbox 2713 3050 3002 3122; x_wconf 84' lang='grc' dir='ltr'><strong>δογμάτων</strong></span> <span class='ocrx_word' id='word_1_277' title='bbox 3035 3048 3428 3121; x_wconf 75' lang='grc' dir='ltr'>προστατεύειν</span> <span class='ocrx_word' id='word_1_278' title='bbox 3453 3049 3787 3120; x_wconf 73' lang='grc' dir='ltr'>νομίζουσιν·</span> <span class='ocrx_word' id='word_1_279' title='bbox 3820 3049 3918 3101; x_wconf 74' lang='grc' dir='ltr'><strong>καὶ</strong></span> <span class='ocrx_word' id='word_1_280' title='bbox 3952 3046 4013 3099; x_wconf 85' lang='grc' dir='ltr'>οὐ</span> 
     </span>
    </p>
   </div>
   <div class='ocr_carea' id='block_1_49' title="bbox 2435 3138 4015 3216">
    <p class='ocr_par' dir='ltr' id='par_1_49' title="bbox 2435 3138 4015 3216">
     <span class='ocr_line' id='line_1_49' title="bbox 2435 3138 4015 3216; baseline -0.008 -16"><span class='ocrx_word' id='word_1_281' title='bbox 2435 3145 2586 3216; x_wconf 86' lang='grc' dir='ltr'>μόνοι</span> <span class='ocrx_word' id='word_1_282' title='bbox 2617 3161 2682 3212; x_wconf 89' lang='grc' dir='ltr'><strong>γε</strong></span> <span class='ocrx_word' id='word_1_283' title='bbox 2712 3145 2761 3197; x_wconf 88' lang='lat' dir='ltr'><strong>0i</strong></span> <span class='ocrx_word' id='word_1_284' title='bbox 2785 3142 2858 3197; x_wconf 78' lang='grc' dir='ltr'><strong>τὰ</strong></span> <span class='ocrx_word' id='word_1_285' title='bbox 2879 3142 3166 3204; x_wconf 85' lang='grc' dir='ltr'>Πλάτωνος</span> <span class='ocrx_word' id='word_1_286' title='bbox 3190 3142 3285 3195; x_wconf 70' lang='grc' dir='ltr'><strong>καὶ</strong></span> <span class='ocrx_word' id='word_1_287' title='bbox 3326 3140 3648 3212; x_wconf 82' lang='grc' dir='ltr'>Πυθαγόρου</span> <span class='ocrx_word' id='word_1_288' title='bbox 3680 3138 4015 3211; x_wconf 82' lang='grc' dir='ltr'>θρησκεύον-</span> 
     </span>
    </p>
   </div>
   <div class='ocr_carea' id='block_1_50' title="bbox 2429 3228 4017 3304">
    <p class='ocr_par' dir='ltr' id='par_1_50' title="bbox 2429 3228 4017 3304">
     <span class='ocr_line' id='line_1_50' title="bbox 2429 3228 4017 3304; baseline -0.006 -17"><span class='ocrx_word' id='word_1_289' title='bbox 2429 3250 2541 3298; x_wconf 87' lang='grc' dir='ltr'>τες,</span> <span class='ocrx_word' id='word_1_290' title='bbox 2565 3233 2702 3288; x_wconf 83' lang='grc' dir='ltr'><strong>ἀλλά</strong></span> <span class='ocrx_word' id='word_1_291' title='bbox 2728 3232 2821 3284; x_wconf 72' lang='grc' dir='ltr'><strong>καὶ</strong></span> <span class='ocrx_word' id='word_1_292' title='bbox 2845 3231 2896 3282; x_wconf 88' lang='grc' dir='ltr'><strong>οί</strong></span> <span class='ocrx_word' id='word_1_293' title='bbox 2923 3229 3020 3300; x_wconf 84' lang='grc' dir='ltr'>τῆς</span> <span class='ocrx_word' id='word_1_294' title='bbox 3067 3229 3390 3301; x_wconf 79' lang='grc' dir='ltr'>Ἐπικούρου</span> <span class='ocrx_word' id='word_1_295' title='bbox 3431 3228 3764 3304; x_wconf 71' lang='grc' dir='ltr'>συμμορίας,</span> <span class='ocrx_word' id='word_1_296' title='bbox 3817 3229 3914 3282; x_wconf 74' lang='grc' dir='ltr'><strong>καὶ</strong></span> <span class='ocrx_word' id='word_1_297' title='bbox 3968 3228 4017 3279; x_wconf 75' lang='grc' dir='ltr'>οἱ</span> 
     </span>
    </p>
   </div>
   <div class='ocr_carea' id='block_1_51' title="bbox 2431 3319 4016 3394">
    <p class='ocr_par' dir='ltr' id='par_1_51' title="bbox 2431 3319 4016 3394">
     <span class='ocr_line' id='line_1_51' title="bbox 2431 3319 4016 3394; baseline -0.004 -16"><span class='ocrx_word' id='word_1_298' title='bbox 2431 3325 2668 3394; x_wconf 81' lang='grc' dir='ltr'>πάμπαν</span> <span class='ocrx_word' id='word_1_299' title='bbox 2691 3322 2840 3378; x_wconf 74' lang='grc' dir='ltr'>ἄθεοι</span> <span class='ocrx_word' id='word_1_300' title='bbox 2871 3321 2965 3374; x_wconf 76' lang='grc' dir='ltr'><strong>καὶ</strong></span> <span class='ocrx_word' id='word_1_301' title='bbox 2991 3319 3295 3385; x_wconf 80' lang='grc' dir='ltr'>ἀδόξαστοι.</span> <span class='ocrx_word' id='word_1_302' title='bbox 3355 3321 3629 3393; x_wconf 79' lang='grc' dir='ltr'>Προσήκει</span> <span class='ocrx_word' id='word_1_303' title='bbox 3658 3320 3715 3373; x_wconf 75' lang='grc' dir='ltr'>δὲ</span> <span class='ocrx_word' id='word_1_304' title='bbox 3748 3320 3825 3390; x_wconf 78' lang='grc' dir='ltr'>μὴ</span> <span class='ocrx_word' id='word_1_305' title='bbox 3880 3335 4016 3388; x_wconf 85' lang='grc' dir='ltr'>προ·</span> 
     </span>
    </p>
   </div>
   <div class='ocr_carea' id='block_1_52' title="bbox 2431 3411 4017 3488">
    <p class='ocr_par' dir='ltr' id='par_1_52' title="bbox 2431 3411 4017 3488">
     <span class='ocr_line' id='line_1_52' title="bbox 2431 3411 4017 3488; baseline -0.003 -18"><span class='ocrx_word' id='word_1_306' title='bbox 2431 3416 2594 3488; x_wconf 77' lang='grc' dir='ltr'>λήψει</span> <span class='ocrx_word' id='word_1_307' title='bbox 2642 3413 2935 3478; x_wconf 83' lang='grc' dir='ltr'>δουλεύειν,</span> <span class='ocrx_word' id='word_1_308' title='bbox 2990 3412 3126 3467; x_wconf 82' lang='grc' dir='ltr'>ἀλλὰ</span> <span class='ocrx_word' id='word_1_309' title='bbox 3164 3412 3266 3484; x_wconf 77' lang='grc' dir='ltr'>τὴν</span> <span class='ocrx_word' id='word_1_310' title='bbox 3321 3413 3497 3486; x_wconf 81' lang='grc' dir='ltr'>ἀληθῆ</span> <span class='ocrx_word' id='word_1_311' title='bbox 3554 3412 3757 3483; x_wconf 83' lang='grc' dir='ltr'>γνῶσιν</span> <span class='ocrx_word' id='word_1_312' title='bbox 3817 3411 4017 3484; x_wconf 71' lang='grc' dir='ltr'>ὲπιζηο</span> 
     </span>
    </p>
   </div>
   <div class='ocr_carea' id='block_1_53' title="bbox 2355 3491 2560 3563">
    <p class='ocr_par' dir='ltr' id='par_1_53' title="bbox 2355 3491 2560 3563">
     <span class='ocr_line' id='line_1_53' title="bbox 2355 3491 2560 3563; baseline 0.01 -2"><span class='ocrx_word' id='word_1_313' title='bbox 2355 3491 2398 3547; x_wconf 76' lang='grc' dir='ltr'><strong>Β</strong></span> <span class='ocrx_word' id='word_1_314' title='bbox 2426 3509 2560 3563; x_wconf 80' lang='grc' dir='ltr'>τεῒν.</span> 
     </span>
    </p>
   </div>
   <div class='ocr_carea' id='block_1_54' title="bbox 2503 3591 4019 3666">
    <p class='ocr_par' dir='ltr' id='par_1_54' title="bbox 2503 3591 4019 3666">
     <span class='ocr_line' id='line_1_54' title="bbox 2503 3591 4019 3666; baseline -0.005 -13"><span class='ocrx_word' id='word_1_315' title='bbox 2503 3597 2709 3653; x_wconf 77' lang='lat' dir='ltr'><strong>EPAN.</strong></span> <span class='ocrx_word' id='word_1_316' title='bbox 2753 3598 3020 3666; x_wconf 87' lang='grc' dir='ltr'>Πείθομαι</span> <span class='ocrx_word' id='word_1_317' title='bbox 3056 3596 3122 3666; x_wconf 82' lang='grc' dir='ltr'><strong>τῇ</strong></span> <span class='ocrx_word' id='word_1_318' title='bbox 3148 3593 3490 3665; x_wconf 84' lang='grc' dir='ltr'>παραινέσει,</span> <span class='ocrx_word' id='word_1_319' title='bbox 3520 3593 3615 3646; x_wconf 75' lang='grc' dir='ltr'><strong>καὶ</strong></span> <span class='ocrx_word' id='word_1_320' title='bbox 3645 3591 3875 3664; x_wconf 71' lang='grc' dir='ltr'>δέχομαι</span> <span class='ocrx_word' id='word_1_321' title='bbox 3920 3591 4019 3662; x_wconf 76' lang='grc' dir='ltr'>τὴν</span> 
     </span>
    </p>
   </div>
   <div class='ocr_carea' id='block_1_55' title="bbox 2429 3691 2738 3762">
    <p class='ocr_par' dir='ltr' id='par_1_55' title="bbox 2429 3691 2738 3762">
     <span class='ocr_line' id='line_1_55' title="bbox 2429 3691 2738 3762; baseline -0.01 -17"><span class='ocrx_word' id='word_1_322' title='bbox 2429 3691 2738 3762; x_wconf 74' lang='grc' dir='ltr'>εἰσήγησιν.</span> 
     </span>
    </p>
   </div>
   <div class='ocr_carea' id='block_1_56' title="bbox 2505 3772 4019 3850">
    <p class='ocr_par' dir='ltr' id='par_1_56' title="bbox 2505 3772 4019 3850">
     <span class='ocr_line' id='line_1_56' title="bbox 2505 3772 4019 3850; baseline -0.005 -13"><span class='ocrx_word' id='word_1_323' title='bbox 2505 3782 2656 3836; x_wconf 87' lang='grc' dir='ltr'><strong>ΟΡΘ.</strong></span> <span class='ocrx_word' id='word_1_324' title='bbox 2725 3779 2943 3850; x_wconf 78' lang='grc' dir='ltr'>Ἐπειδὴ</span> <span class='ocrx_word' id='word_1_325' title='bbox 3007 3777 3188 3831; x_wconf 88' lang='grc' dir='ltr'>τοίνυν</span> <span class='ocrx_word' id='word_1_326' title='bbox 3254 3776 3354 3848; x_wconf 76' lang='grc' dir='ltr'>τὴν</span> <span class='ocrx_word' id='word_1_327' title='bbox 3413 3775 3688 3848; x_wconf 81' lang='grc' dir='ltr'>προτέραν</span> <span class='ocrx_word' id='word_1_328' title='bbox 3748 3772 4019 3836; x_wconf 72' lang='grc' dir='ltr'>εὐπειθῶς</span> 
     </span>
    </p>
   </div>
   <div class='ocr_carea' id='block_1_57' title="bbox 2431 3863 4022 3941">
    <p class='ocr_par' dir='ltr' id='par_1_57' title="bbox 2431 3863 4022 3941">
     <span class='ocr_line' id='line_1_57' title="bbox 2431 3863 4022 3941; baseline -0.006 -14"><span class='ocrx_word' id='word_1_329' title='bbox 2431 3871 2595 3937; x_wconf 64' lang='grc' dir='ltr'>ἐδέξω</span> <span class='ocrx_word' id='word_1_330' title='bbox 2649 3869 3022 3941; x_wconf 77' lang='grc' dir='ltr'>παράκλησιν,</span> <span class='ocrx_word' id='word_1_331' title='bbox 3070 3867 3209 3936; x_wconf 81' lang='grc' dir='ltr'><strong>ἀξιῶ</strong></span> <span class='ocrx_word' id='word_1_332' title='bbox 3265 3883 3326 3920; x_wconf 87' lang='grc' dir='ltr'><strong>σε</strong></span> <span class='ocrx_word' id='word_1_333' title='bbox 3377 3867 3562 3934; x_wconf 85' lang='grc' dir='ltr'>πάλιν,</span> <span class='ocrx_word' id='word_1_334' title='bbox 3609 3867 3687 3937; x_wconf 78' lang='grc' dir='ltr'>μὴ</span> <span class='ocrx_word' id='word_1_335' title='bbox 3736 3863 4022 3937; x_wconf 69' lang='grc' dir='ltr'>λογισμοῖς</span> 
     </span>
    </p>
   </div>
   <div class='ocr_carea' id='block_1_58' title="bbox 2431 3953 4021 4035">
    <p class='ocr_par' dir='ltr' id='par_1_58' title="bbox 2431 3953 4021 4035">
     <span class='ocr_line' id='line_1_58' title="bbox 2431 3953 4021 4035; baseline -0.008 -17"><span class='ocrx_word' id='word_1_336' title='bbox 2431 3961 2796 4035; x_wconf 84' lang='grc' dir='ltr'>ἀνθρωπίνοις</span> <span class='ocrx_word' id='word_1_337' title='bbox 2853 3957 3146 4028; x_wconf 66' lang='grc' dir='ltr'>ἐπιτρέψαι</span> <span class='ocrx_word' id='word_1_338' title='bbox 3197 3963 3295 4027; x_wconf 78' lang='grc' dir='ltr'>τῆς</span> <span class='ocrx_word' id='word_1_339' title='bbox 3345 3955 3604 4026; x_wconf 80' lang='grc' dir='ltr'>ἀληθείας</span> <span class='ocrx_word' id='word_1_340' title='bbox 3637 3953 3733 4026; x_wconf 74' lang='grc' dir='ltr'><strong>τὴν</strong></span> <span class='ocrx_word' id='word_1_341' title='bbox 3765 3954 4021 4026; x_wconf 66' lang='grc' dir='ltr'>ἔρευναν,</span> 
     </span>
    </p>
   </div>
   <div class='ocr_carea' id='block_1_59' title="bbox 2432 4045 4023 4118">
    <p class='ocr_par' dir='ltr' id='par_1_59' title="bbox 2432 4045 4023 4118">
     <span class='ocr_line' id='line_1_59' title="bbox 2432 4045 4023 4118; baseline -0.006 -10"><span class='ocrx_word' id='word_1_342' title='bbox 2432 4055 2567 4108; x_wconf 84' lang='grc' dir='ltr'>ἀλλὰ</span> <span class='ocrx_word' id='word_1_343' title='bbox 2602 4053 2712 4106; x_wconf 86' lang='grc' dir='ltr'><strong>τῶν</strong></span> <span class='ocrx_word' id='word_1_344' title='bbox 2741 4050 3080 4115; x_wconf 86' lang='grc' dir='ltr'>ἀποστόλων,</span> <span class='ocrx_word' id='word_1_345' title='bbox 3142 4049 3232 4104; x_wconf 73' lang='grc' dir='ltr'><strong>καὶ</strong></span> <span class='ocrx_word' id='word_1_346' title='bbox 3275 4046 3595 4118; x_wconf 79' lang='grc' dir='ltr'>προφητῶν,</span> <span class='ocrx_word' id='word_1_347' title='bbox 3631 4047 3726 4100; x_wconf 74' lang='grc' dir='ltr'><strong>καὶ</strong></span> <span class='ocrx_word' id='word_1_348' title='bbox 3750 4045 3862 4099; x_wconf 82' lang='grc' dir='ltr'><strong>τῶν</strong></span> <span class='ocrx_word' id='word_1_349' title='bbox 3900 4046 4023 4116; x_wconf 78' lang='grc' dir='ltr'>μετ’</span> 
     </span>
    </p>
   </div>
   <div class='ocr_carea' id='block_1_60' title="bbox 2432 4139 4023 4213">
    <p class='ocr_par' dir='ltr' id='par_1_60' title="bbox 2432 4139 4023 4213">
     <span class='ocr_line' id='line_1_60' title="bbox 2432 4139 4023 4213; baseline -0.007 -12"><span class='ocrx_word' id='word_1_350' title='bbox 2432 4146 2678 4209; x_wconf 68' lang='grc' dir='ltr'>ἐκείνους</span> <span class='ocrx_word' id='word_1_351' title='bbox 2729 4144 2902 4213; x_wconf 79' lang='grc' dir='ltr'>ἁγίων</span> <span class='ocrx_word' id='word_1_352' title='bbox 2952 4141 3278 4213; x_wconf 65' lang='grc' dir='ltr'>ἐπιζητῆσαι</span> <span class='ocrx_word' id='word_1_353' title='bbox 3302 4139 3371 4193; x_wconf 91' lang='grc' dir='ltr'><strong>τά</strong></span> <span class='ocrx_word' id='word_1_354' title='bbox 3400 4140 3543 4210; x_wconf 85' lang='grc' dir='ltr'>ῐχνη.</span> <span class='ocrx_word' id='word_1_355' title='bbox 3579 4139 3752 4194; x_wconf 83' lang='grc' dir='ltr'>Τοῦτο</span> <span class='ocrx_word' id='word_1_356' title='bbox 3780 4139 3895 4210; x_wconf 77' lang='grc' dir='ltr'><strong>γάρ</strong></span> <span class='ocrx_word' id='word_1_357' title='bbox 3924 4141 4023 4194; x_wconf 69' lang='grc' dir='ltr'><strong>καὶ</strong></span> 
     </span>
    </p>
   </div>
   <div class='ocr_carea' id='block_1_61' title="bbox 2429 4227 4026 4306">
    <p class='ocr_par' dir='ltr' id='par_1_61' title="bbox 2429 4227 4026 4306">
     <span class='ocr_line' id='line_1_61' title="bbox 2429 4227 4026 4306; baseline -0.006 -15"><span class='ocrx_word' id='word_1_358' title='bbox 2429 4239 2543 4302; x_wconf 80' lang='grc' dir='ltr'>τοῖς</span> <span class='ocrx_word' id='word_1_359' title='bbox 2569 4234 2872 4306; x_wconf 77' lang='grc' dir='ltr'>ὁδοιπόροις</span> <span class='ocrx_word' id='word_1_360' title='bbox 2927 4230 3082 4302; x_wconf 80' lang='grc' dir='ltr'>φίλον</span> <span class='ocrx_word' id='word_1_361' title='bbox 3125 4233 3321 4296; x_wconf 77' lang='grc' dir='ltr'>ποιεῖν,</span> <span class='ocrx_word' id='word_1_362' title='bbox 3371 4230 3500 4284; x_wconf 80' lang='grc' dir='ltr'>ὅταν</span> <span class='ocrx_word' id='word_1_363' title='bbox 3550 4229 3871 4300; x_wconf 80' lang='grc' dir='ltr'>ὲκτραπῶσι</span> <span class='ocrx_word' id='word_1_364' title='bbox 3922 4227 4026 4299; x_wconf 74' lang='grc' dir='ltr'>τῆς</span> 
     </span>
    </p>
   </div>
   <div class='ocr_carea' id='block_1_62' title="bbox 2429 4318 4025 4397">
    <p class='ocr_par' dir='ltr' id='par_1_62' title="bbox 2429 4318 4025 4397">
     <span class='ocr_line' id='line_1_62' title="bbox 2429 4318 4025 4397; baseline -0.008 -15"><span class='ocrx_word' id='word_1_365' title='bbox 2429 4326 2729 4397; x_wconf 80' lang='grc' dir='ltr'>λεωφόρου,</span> <span class='ocrx_word' id='word_1_366' title='bbox 2792 4324 2886 4377; x_wconf 72' lang='grc' dir='ltr'><strong>καὶ</strong></span> <span class='ocrx_word' id='word_1_367' title='bbox 2914 4320 3015 4385; x_wconf 82' lang='grc' dir='ltr'><strong>τὰς</strong></span> <span class='ocrx_word' id='word_1_368' title='bbox 3052 4320 3332 4392; x_wconf 82' lang='grc' dir='ltr'>ἀτραποὺς</span> <span class='ocrx_word' id='word_1_369' title='bbox 3381 4318 3714 4386; x_wconf 58' lang='grc' dir='ltr'>διασκοπῶν,</span> <span class='ocrx_word' id='word_1_370' title='bbox 3760 4319 3814 4372; x_wconf 79' lang='grc' dir='ltr'>ετ</span> <span class='ocrx_word' id='word_1_371' title='bbox 3857 4335 4025 4375; x_wconf 75' lang='grc' dir='ltr'>τινων</span> 
     </span>
    </p>
   </div>
   <div class='ocr_carea' id='block_1_63' title="bbox 2431 4399 4026 4490">
    <p class='ocr_par' dir='ltr' id='par_1_63' title="bbox 2431 4399 4026 4490">
     <span class='ocr_line' id='line_1_63' title="bbox 2431 4399 4026 4490; baseline -0.011 -18"><span class='ocrx_word' id='word_1_372' title='bbox 2431 4418 2700 4473; x_wconf 83' lang='grc' dir='ltr'>ἀπιόντων</span> <span class='ocrx_word' id='word_1_373' title='bbox 2729 4414 2764 4485; x_wconf 79' lang='grc' dir='ltr'>ἢ</span> <span class='ocrx_word' id='word_1_374' title='bbox 2788 4412 3100 4484; x_wconf 71' lang='grc' dir='ltr'>ιρχομένων</span> <span class='ocrx_word' id='word_1_375' title='bbox 3153 4409 3336 4481; x_wconf 71' lang='grc' dir='ltr'>ἐχουσι</span> <span class='ocrx_word' id='word_1_376' title='bbox 3378 4409 3586 4472; x_wconf 85' lang='grc' dir='ltr'>τύπους</span> <span class='ocrx_word' id='word_1_377' title='bbox 3869 4408 3908 4481; x_wconf 62' lang='grc' dir='ltr'>ἢ</span> 
     </span>
    </p>
   </div>
   <div class='ocr_carea' id='block_1_64' title="bbox 2431 4493 4029 4580">
    <p class='ocr_par' dir='ltr' id='par_1_64' title="bbox 2431 4493 4029 4580">
     <span class='ocr_line' id='line_1_64' title="bbox 2431 4493 4029 4580; baseline -0.008 -15"><span class='ocrx_word' id='word_1_378' title='bbox 2431 4507 2688 4580; x_wconf 84' lang='grc' dir='ltr'>θρώπων,</span> <span class='ocrx_word' id='word_1_379' title='bbox 2729 4504 2993 4576; x_wconf 76' lang='grc' dir='ltr'>ἢίππων,</span> <span class='ocrx_word' id='word_1_380' title='bbox 3056 4501 3090 4572; x_wconf 81' lang='grc' dir='ltr'>ἢ</span> <span class='ocrx_word' id='word_1_381' title='bbox 3151 4500 3311 4564; x_wconf 82' lang='grc' dir='ltr'>δνων,</span> <span class='ocrx_word' id='word_1_382' title='bbox 3367 4499 3401 4571; x_wconf 76' lang='grc' dir='ltr'>ἢ</span> <span class='ocrx_word' id='word_1_383' title='bbox 3462 4494 3720 4578; x_wconf 68' lang='grc' dir='ltr'><strong>ἡμιόνωνο</strong></span> <span class='ocrx_word' id='word_1_384' title='bbox 3751 4501 3848 4557; x_wconf 72' lang='grc' dir='ltr'><strong>καὶ</strong></span> <span class='ocrx_word' id='word_1_385' title='bbox 3893 4493 4029 4560; x_wconf 63' lang='grc' dir='ltr'><strong>εὰν</strong></span> 
     </span>
    </p>
   </div>
   <div class='ocr_carea' id='block_1_65' title="bbox 2431 4589 4028 4676">
    <p class='ocr_par' dir='ltr' id='par_1_65' title="bbox 2431 4589 4028 4676">
     <span class='ocr_line' id='line_1_65' title="bbox 2431 4589 4028 4676; baseline -0.007 -23"><span class='ocrx_word' id='word_1_386' title='bbox 2431 4599 2658 4671; x_wconf 76' lang='grc' dir='ltr'>εὕρωσι,</span> <span class='ocrx_word' id='word_1_387' title='bbox 2689 4595 2832 4652; x_wconf 79' lang='grc' dir='ltr'>κατά</span> <span class='ocrx_word' id='word_1_388' title='bbox 2860 4594 2987 4659; x_wconf 82' lang='grc' dir='ltr'>τοὺς</span> <span class='ocrx_word' id='word_1_389' title='bbox 3016 4592 3186 4657; x_wconf 83' lang='grc' dir='ltr'>κύνας</span> <span class='ocrx_word' id='word_1_390' title='bbox 3225 4589 3589 4663; x_wconf 83' lang='grc' dir='ltr'>ίχνηλατοῢσι,</span> <span class='ocrx_word' id='word_1_391' title='bbox 3630 4591 3728 4654; x_wconf 62' lang='grc' dir='ltr'><strong>καὶ</strong></span> <span class='ocrx_word' id='word_1_392' title='bbox 3772 4590 3835 4645; x_wconf 82' lang='grc' dir='ltr'>οὐ</span> <span class='ocrx_word' id='word_1_393' title='bbox 3887 4593 4028 4676; x_wconf 62' lang='grc' dir='ltr'>πρὸ·</span> 
     </span>
    </p>
   </div>
   <div class='ocr_carea' id='block_1_66' title="bbox 2430 4677 4020 4765">
    <p class='ocr_par' dir='ltr' id='par_1_66' title="bbox 2430 4677 4020 4765">
     <span class='ocr_line' id='line_1_66' title="bbox 2430 4677 4020 4765; baseline -0.004 -19"><span class='ocrx_word' id='word_1_394' title='bbox 2430 4708 2588 4765; x_wconf 86' lang='grc' dir='ltr'>τερον</span> <span class='ocrx_word' id='word_1_395' title='bbox 2646 4689 2893 4760; x_wconf 72' lang='grc' dir='ltr'>ἀφιᾶσιν,</span> <span class='ocrx_word' id='word_1_396' title='bbox 2945 4686 3051 4751; x_wconf 71' lang='grc' dir='ltr'><strong>ἓως</strong></span> <span class='ocrx_word' id='word_1_397' title='bbox 3114 4686 3179 4740; x_wconf 76' lang='grc' dir='ltr'><strong>ἀν</strong></span> <span class='ocrx_word' id='word_1_398' title='bbox 3243 4685 3345 4756; x_wconf 79' lang='grc' dir='ltr'>τὴν</span> <span class='ocrx_word' id='word_1_399' title='bbox 3388 4682 3608 4738; x_wconf 76' lang='grc' dir='ltr'>εὐθεῖαν</span> <span class='ocrx_word' id='word_1_400' title='bbox 3656 4679 3777 4743; x_wconf 70' lang='grc' dir='ltr'>δδᾶν</span> <span class='ocrx_word' id='word_1_401' title='bbox 3809 4677 4020 4740; x_wconf 67' lang='grc' dir='ltr'>ἀπσλά-</span> 
     </span>
    </p>
   </div>
   <div class='ocr_carea' id='block_1_67' title="bbox 2431 4781 2622 4839">
    <p class='ocr_par' dir='ltr' id='par_1_67' title="bbox 2431 4781 2622 4839">
     <span class='ocr_line' id='line_1_67' title="bbox 2431 4781 2622 4839; baseline 0.016 -3"><span class='ocrx_word' id='word_1_402' title='bbox 2431 4781 2622 4839; x_wconf 81' lang='grc' dir='ltr'>δωσιν.</span> 
     </span>
    </p>
   </div>
   <div class='ocr_carea' id='block_1_68' title="bbox 819 4860 2326 4939">
    <p class='ocr_par' dir='ltr' id='par_1_68' title="bbox 819 4863 2324 4939">
     <span class='ocr_line' id='line_1_68' title="bbox 819 4863 2324 4939; baseline 0.003 -19"><span class='ocrx_word' id='word_1_403' title='bbox 819 4863 1027 4920; x_wconf 78' lang='lat' dir='ltr'><strong>ERAN.</strong></span> <span class='ocrx_word' id='word_1_404' title='bbox 1069 4863 1162 4921; x_wconf 89' lang='lat' dir='ltr'><strong>Sic</strong></span> <span class='ocrx_word' id='word_1_405' title='bbox 1184 4864 1469 4922; x_wconf 76' lang='lat' dir='ltr'><strong>facimus.</strong></span> <span class='ocrx_word' id='word_1_406' title='bbox 1493 4865 1576 4922; x_wconf 86' lang='lat' dir='ltr'><strong>Tu</strong></span> <span class='ocrx_word' id='word_1_407' title='bbox 1605 4864 1793 4939; x_wconf 82' lang='lat' dir='ltr'><strong>itaque</strong></span> <span class='ocrx_word' id='word_1_408' title='bbox 1816 4867 1972 4938; x_wconf 60' lang='lat' dir='ltr'><strong>prmi,</strong></span> <span class='ocrx_word' id='word_1_409' title='bbox 1997 4876 2061 4923; x_wconf 91' lang='lat' dir='ltr'><strong>ut</strong></span> <span class='ocrx_word' id='word_1_410' title='bbox 2084 4866 2180 4939; x_wconf 89' lang='lat' dir='ltr'><strong>qui</strong></span> <span class='ocrx_word' id='word_1_411' title='bbox 2204 4882 2324 4925; x_wconf 87' lang='lat' dir='ltr'><strong>ser-</strong></span> 
     </span>
    </p>
   </div>
   <div class='ocr_carea' id='block_1_69' title="bbox 2430 4860 4026 4939">
    <p class='ocr_par' dir='ltr' id='par_1_69' title="bbox 2497 4865 4026 4939">
     <span class='ocr_line' id='line_1_69' title="bbox 2497 4865 4026 4939; baseline -0.004 -11"><span class='ocrx_word' id='word_1_412' title='bbox 2497 4873 2704 4928; x_wconf 81' lang='grc' dir='ltr'><strong>ΕΡΔΝ.</strong></span> <span class='ocrx_word' id='word_1_413' title='bbox 2746 4871 2906 4925; x_wconf 77' lang='grc' dir='ltr'>Οὕτω</span> <span class='ocrx_word' id='word_1_414' title='bbox 2932 4866 3198 4939; x_wconf 83' lang='grc' dir='ltr'>ποιῶμεν.</span> <span class='ocrx_word' id='word_1_415' title='bbox 3241 4865 3408 4936; x_wconf 74' lang='grc' dir='ltr'><strong>’11γοῦ</strong></span> <span class='ocrx_word' id='word_1_416' title='bbox 3457 4865 3638 4920; x_wconf 86' lang='grc' dir='ltr'>τοίνυν</span> <span class='ocrx_word' id='word_1_417' title='bbox 3683 4865 3872 4935; x_wconf 74' lang='grc' dir='ltr'>αὐτὸς,</span> <span class='ocrx_word' id='word_1_418' title='bbox 3922 4867 4026 4922; x_wconf 74' lang='grc' dir='ltr'>ἅτε</span> 
     </span>
    </p>
   </div>
   <div class='ocr_carea' id='block_1_70' title="bbox 748 4956 1293 5015">
    <p class='ocr_par' dir='ltr' id='par_1_70' title="bbox 748 4956 1293 5015">
     <span class='ocr_line' id='line_1_70' title="bbox 748 4956 1293 5015; baseline -0.006 0"><span class='ocrx_word' id='word_1_419' title='bbox 748 4971 968 5015; x_wconf 87' lang='lat' dir='ltr'><strong>monem</strong></span> <span class='ocrx_word' id='word_1_420' title='bbox 1002 4956 1293 5014; x_wconf 88' lang='lat' dir='ltr'><strong>inchoasti.</strong></span> 
     </span>
    </p>
   </div>
   <div class='ocr_carea' id='block_1_71' title="bbox 817 5045 2324 5120">
    <p class='ocr_par' dir='ltr' id='par_1_71' title="bbox 817 5045 2324 5120">
     <span class='ocr_line' id='line_1_71' title="bbox 817 5045 2324 5120; baseline -0.001 -16"><span class='ocrx_word' id='word_1_421' title='bbox 817 5045 1030 5104; x_wconf 79' lang='lat' dir='ltr'><strong>ORTH.</strong></span> <span class='ocrx_word' id='word_1_422' title='bbox 1070 5047 1148 5102; x_wconf 85' lang='lat' dir='ltr'><strong>De</strong></span> <span class='ocrx_word' id='word_1_423' title='bbox 1194 5046 1396 5103; x_wconf 89' lang='lat' dir='ltr'><strong>divinis</strong></span> <span class='ocrx_word' id='word_1_424' title='bbox 1438 5062 1570 5120; x_wconf 90' lang='lat' dir='ltr'><strong>ergo</strong></span> <span class='ocrx_word' id='word_1_425' title='bbox 1611 5047 1952 5114; x_wconf 88' lang='lat' dir='ltr'><strong>nominibus,</strong></span> <span class='ocrx_word' id='word_1_426' title='bbox 1998 5047 2324 5114; x_wconf 86' lang='lat' dir='ltr'><strong>substantia,</strong></span> 
     </span>
    </p>
   </div>
   <div class='ocr_carea' id='block_1_72' title="bbox 749 5133 2327 5212">
    <p class='ocr_par' dir='ltr' id='par_1_72' title="bbox 749 5133 2327 5212">
     <span class='ocr_line' id='line_1_72' title="bbox 749 5133 2327 5212; baseline 0.003 -20"><span class='ocrx_word' id='word_1_427' title='bbox 749 5133 996 5209; x_wconf 87' lang='lat' dir='ltr'><strong>inquam,</strong></span> <span class='ocrx_word' id='word_1_428' title='bbox 1028 5146 1087 5194; x_wconf 92' lang='lat' dir='ltr'><strong>et</strong></span> <span class='ocrx_word' id='word_1_429' title='bbox 1109 5138 1516 5210; x_wconf 83' lang='lat' dir='ltr'><strong>hypostasibus,</strong></span> <span class='ocrx_word' id='word_1_430' title='bbox 1542 5140 1906 5211; x_wconf 87' lang='lat' dir='ltr'><strong>personisque</strong></span> <span class='ocrx_word' id='word_1_431' title='bbox 1937 5147 1994 5196; x_wconf 90' lang='lat' dir='ltr'><strong>et</strong></span> <span class='ocrx_word' id='word_1_432' title='bbox 2015 5141 2327 5212; x_wconf 86' lang='lat' dir='ltr'><strong>proprieta-</strong></span> 
     </span>
    </p>
   </div>
   <div class='ocr_carea' id='block_1_73' title="bbox 749 5225 2328 5300">
    <p class='ocr_par' dir='ltr' id='par_1_73' title="bbox 749 5225 2328 5300">
     <span class='ocr_line' id='line_1_73' title="bbox 749 5225 2328 5300; baseline 0.003 -19"><span class='ocrx_word' id='word_1_433' title='bbox 749 5225 1135 5297; x_wconf 88' lang='lat' dir='ltr'><strong>tibus,-priore</strong></span> <span class='ocrx_word' id='word_1_434' title='bbox 1163 5227 1286 5283; x_wconf 92' lang='lat' dir='ltr'><strong>loco</strong></span> <span class='ocrx_word' id='word_1_435' title='bbox 1317 5227 1673 5292; x_wconf 88' lang='lat' dir='ltr'><strong>disseramus,</strong></span> <span class='ocrx_word' id='word_1_436' title='bbox 1706 5237 1762 5284; x_wconf 90' lang='lat' dir='ltr'><strong>et</strong></span> <span class='ocrx_word' id='word_1_437' title='bbox 1788 5229 2066 5300; x_wconf 89' lang='lat' dir='ltr'><strong>quomodo</strong></span> <span class='ocrx_word' id='word_1_438' title='bbox 2092 5228 2238 5284; x_wconf 82' lang='lat' dir='ltr'><strong>inter</strong></span> <span class='ocrx_word' id='word_1_439' title='bbox 2268 5244 2328 5286; x_wconf 87' lang='lat' dir='ltr'><strong>se</strong></span> 
     </span>
    </p>
   </div>
   <div class='ocr_carea' id='block_1_74' title="bbox 748 5319 2324 5392">
    <p class='ocr_par' dir='ltr' id='par_1_74' title="bbox 748 5319 2324 5392">
     <span class='ocr_line' id='line_1_74' title="bbox 748 5319 2324 5392; baseline 0.001 -17"><span class='ocrx_word' id='word_1_440' title='bbox 748 5319 1010 5376; x_wconf 74' lang='lat' dir='ltr'><strong>did&#39;erant</strong></span> <span class='ocrx_word' id='word_1_441' title='bbox 1056 5336 1454 5392; x_wconf 89' lang='lat' dir='ltr'><strong>cognoscamus</strong></span> <span class='ocrx_word' id='word_1_442' title='bbox 1485 5329 1543 5378; x_wconf 92' lang='lat' dir='ltr'><strong>et</strong></span> <span class='ocrx_word' id='word_1_443' title='bbox 1574 5321 1902 5379; x_wconf 80' lang='lat' dir='ltr'><strong>deﬁniamus</strong></span> <span class='ocrx_word' id='word_1_444' title='bbox 1935 5340 1950 5378; x_wconf 88' lang='lat'><strong>:</strong></span> <span class='ocrx_word' id='word_1_445' title='bbox 1983 5331 2100 5378; x_wconf 89' lang='lat' dir='ltr'><strong>tum</strong></span> <span class='ocrx_word' id='word_1_446' title='bbox 2128 5330 2324 5378; x_wconf 59' lang='lat' dir='ltr'><strong>caetera</strong></span> 
     </span>
    </p>
   </div>
   <div class='ocr_carea' id='block_1_75' title="bbox 748 5409 1436 5482">
    <p class='ocr_par' dir='ltr' id='par_1_75' title="bbox 748 5409 1436 5482">
     <span class='ocr_line' id='line_1_75' title="bbox 748 5409 1436 5482; baseline 0.001 -17"><span class='ocrx_word' id='word_1_447' title='bbox 748 5409 1011 5482; x_wconf 66' lang='lat' dir='ltr'><strong>deinceps</strong></span> <span class='ocrx_word' id='word_1_448' title='bbox 1036 5412 1436 5482; x_wconf 85' lang='lat' dir='ltr'><strong>aggrediamur.</strong></span> 
     </span>
    </p>
   </div>
   <div class='ocr_carea' id='block_1_76' title="bbox 821 5502 2330 5564">
    <p class='ocr_par' dir='ltr' id='par_1_76' title="bbox 821 5502 2330 5564">
     <span class='ocr_line' id='line_1_76' title="bbox 821 5502 2330 5564; baseline 0.003 -6"><span class='ocrx_word' id='word_1_449' title='bbox 821 5502 1029 5559; x_wconf 82' lang='lat' dir='ltr'><strong>ERAN.</strong></span> <span class='ocrx_word' id='word_1_450' title='bbox 1062 5503 1502 5559; x_wconf 88' lang='lat' dir='ltr'><strong>Pulcherrimum</strong></span> <span class='ocrx_word' id='word_1_451' title='bbox 1523 5514 1581 5561; x_wconf 88' lang='lat' dir='ltr'><strong>et</strong></span> <span class='ocrx_word' id='word_1_452' title='bbox 1607 5506 2186 5564; x_wconf 83' lang='lat' dir='ltr'><strong>convenientissimum</strong></span> <span class='ocrx_word' id='word_1_453' title='bbox 2213 5523 2330 5564; x_wconf 88' lang='lat' dir='ltr'><strong>ser-</strong></span> 
     </span>
    </p>
   </div>
   <div class='ocr_carea' id='block_1_77' title="bbox 752 5592 2332 5670">
    <p class='ocr_par' dir='ltr' id='par_1_77' title="bbox 752 5592 2332 5670">
     <span class='ocr_line' id='line_1_77' title="bbox 752 5592 2332 5670; baseline 0.004 -23"><span class='ocrx_word' id='word_1_454' title='bbox 752 5592 902 5647; x_wconf 86' lang='lat' dir='ltr'><strong>moni</strong></span> <span class='ocrx_word' id='word_1_455' title='bbox 934 5601 1125 5649; x_wconf 89' lang='lat' dir='ltr'><strong>nostro</strong></span> <span class='ocrx_word' id='word_1_456' title='bbox 1153 5595 1440 5651; x_wconf 82' lang='lat' dir='ltr'><strong>exordium</strong></span> <span class='ocrx_word' id='word_1_457' title='bbox 1474 5597 1696 5654; x_wconf 86' lang='lat' dir='ltr'><strong>dedisti.</strong></span> <span class='ocrx_word' id='word_1_458' title='bbox 1733 5598 1828 5654; x_wconf 82' lang='lat' dir='ltr'><strong>llis</strong></span> <span class='ocrx_word' id='word_1_459' title='bbox 1861 5599 2007 5654; x_wconf 91' lang='lat' dir='ltr'><strong>enim</strong></span> <span class='ocrx_word' id='word_1_460' title='bbox 2041 5598 2332 5670; x_wconf 87' lang='lat' dir='ltr'><strong>perspicue</strong></span> 
     </span>
    </p>
   </div>
   <div class='ocr_carea' id='block_1_78' title="bbox 753 5683 2173 5762">
    <p class='ocr_par' dir='ltr' id='par_1_78' title="bbox 753 5683 2173 5762">
     <span class='ocr_line' id='line_1_78' title="bbox 753 5683 2173 5762; baseline 0.004 -22"><span class='ocrx_word' id='word_1_461' title='bbox 753 5683 1059 5754; x_wconf 84' lang='lat' dir='ltr'><strong>explicatis,</strong></span> <span class='ocrx_word' id='word_1_462' title='bbox 1091 5685 1305 5744; x_wconf 81' lang='lat' dir='ltr'><strong>facilius</strong></span> <span class='ocrx_word' id='word_1_463' title='bbox 1336 5691 1599 5760; x_wconf 90' lang='lat' dir='ltr'><strong>procedet</strong></span> <span class='ocrx_word' id='word_1_464' title='bbox 1635 5699 1822 5746; x_wconf 86' lang='lat' dir='ltr'><strong>nostra</strong></span> <span class='ocrx_word' id='word_1_465' title='bbox 1854 5691 2173 5762; x_wconf 85' lang='lat' dir='ltr'><strong>disputatio.</strong></span> 
     </span>
    </p>
   </div>
   <div class='ocr_carea' id='block_1_79' title="bbox 831 5774 2333 5857">
    <p class='ocr_par' dir='ltr' id='par_1_79' title="bbox 831 5774 2333 5857">
     <span class='ocr_line' id='line_1_79' title="bbox 831 5774 2333 5857; baseline 0.003 -21"><span class='ocrx_word' id='word_1_466' title='bbox 831 5774 1041 5836; x_wconf 81' lang='lat' dir='ltr'><strong>ORTH.</strong></span> <span class='ocrx_word' id='word_1_467' title='bbox 1093 5777 1361 5848; x_wconf 83' lang='lat' dir='ltr'><strong>Quoniam</strong></span> <span class='ocrx_word' id='word_1_468' title='bbox 1413 5781 1578 5857; x_wconf 80' lang='lat' dir='ltr'><strong>igitur</strong></span> <span class='ocrx_word' id='word_1_469' title='bbox 1631 5783 1747 5841; x_wconf 72' lang='lat' dir='ltr'><strong>haec</strong></span> <span class='ocrx_word' id='word_1_470' title='bbox 1792 5783 1868 5841; x_wconf 84' lang='lat' dir='ltr'><strong>ita</strong></span> <span class='ocrx_word' id='word_1_471' title='bbox 1916 5783 2034 5842; x_wconf 82' lang='lat' dir='ltr'><strong>ﬁeri</strong></span> <span class='ocrx_word' id='word_1_472' title='bbox 2078 5791 2333 5856; x_wconf 84' lang='lat' dir='ltr'><strong>oportere</strong></span> 
     </span>
    </p>
   </div>
   <div class='ocr_carea' id='block_1_80' title="bbox 2425 4959 3019 5036">
    <p class='ocr_par' dir='ltr' id='par_1_80' title="bbox 2425 4959 3019 5036">
     <span class='ocr_line' id='line_1_80' title="bbox 2425 4959 3019 5036; baseline -0.013 -17"><span class='ocrx_word' id='word_1_473' title='bbox 2425 4963 2491 5036; x_wconf 79' lang='grc' dir='ltr'>δὴ</span> <span class='ocrx_word' id='word_1_474' title='bbox 2521 4962 2693 5035; x_wconf 70' lang='grc' dir='ltr'>ἄρξας</span> <span class='ocrx_word' id='word_1_475' title='bbox 2713 4961 2807 5016; x_wconf 84' lang='grc' dir='ltr'>τοῦ</span> <span class='ocrx_word' id='word_1_476' title='bbox 2835 4959 3019 5029; x_wconf 79' lang='grc' dir='ltr'>λόγου.</span> 
     </span>
    </p>
   </div>
   <div class='ocr_carea' id='block_1_81' title="bbox 2502 5046 4028 5120">
    <p class='ocr_par' dir='ltr' id='par_1_81' title="bbox 2502 5046 4028 5120">
     <span class='ocr_line' id='line_1_81' title="bbox 2502 5046 4028 5120; baseline -0.002 -12"><span class='ocrx_word' id='word_1_477' title='bbox 2502 5053 2654 5108; x_wconf 80' lang='grc' dir='ltr'><strong>οΡθ.</strong></span> <span class='ocrx_word' id='word_1_478' title='bbox 2695 5051 2905 5107; x_wconf 79' lang='grc' dir='ltr'>Οὐκοῦν</span> <span class='ocrx_word' id='word_1_479' title='bbox 2928 5049 3058 5120; x_wconf 73' lang='grc' dir='ltr'>περὶ</span> <span class='ocrx_word' id='word_1_480' title='bbox 3101 5047 3209 5102; x_wconf 83' lang='grc' dir='ltr'><strong>τῶν</strong></span> <span class='ocrx_word' id='word_1_481' title='bbox 3258 5046 3421 5102; x_wconf 83' lang='grc' dir='ltr'>θείων</span> <span class='ocrx_word' id='word_1_482' title='bbox 3471 5046 3774 5118; x_wconf 83' lang='grc' dir='ltr'>ὀνομάτων,</span> <span class='ocrx_word' id='word_1_483' title='bbox 3826 5050 4028 5116; x_wconf 79' lang='grc' dir='ltr'>οὐσίας</span> 
     </span>
    </p>
   </div>
   <div class='ocr_carea' id='block_1_82' title="bbox 2432 5138 4025 5216">
    <p class='ocr_par' dir='ltr' id='par_1_82' title="bbox 2432 5138 4025 5216">
     <span class='ocr_line' id='line_1_82' title="bbox 2432 5138 4025 5216; baseline -0.003 -18"><span class='ocrx_word' id='word_1_484' title='bbox 2432 5162 2506 5216; x_wconf 85' lang='grc' dir='ltr'><strong>φη</strong></span> <span class='ocrx_word' id='word_1_485' title='bbox 2514 5143 2596 5216; x_wconf 76' lang='grc' dir='ltr'>μὶ,</span> <span class='ocrx_word' id='word_1_486' title='bbox 2620 5143 2711 5198; x_wconf 73' lang='grc' dir='ltr'><strong>καὶ</strong></span> <span class='ocrx_word' id='word_1_487' title='bbox 2731 5141 3105 5203; x_wconf 81' lang='grc' dir='ltr'>ὑποστάσεων,</span> <span class='ocrx_word' id='word_1_488' title='bbox 3131 5139 3226 5193; x_wconf 82' lang='grc' dir='ltr'><strong>καὶ</strong></span> <span class='ocrx_word' id='word_1_489' title='bbox 3246 5138 3577 5210; x_wconf 84' lang='grc' dir='ltr'>προσώπων,</span> <span class='ocrx_word' id='word_1_490' title='bbox 3598 5139 3690 5192; x_wconf 78' lang='grc' dir='ltr'><strong>καὶ</strong></span> <span class='ocrx_word' id='word_1_491' title='bbox 3711 5140 4025 5212; x_wconf 84' lang='grc' dir='ltr'>ίδιοτήτων,</span> 
     </span>
    </p>
   </div>
   <div class='ocr_carea' id='block_1_83' title="bbox 2429 5229 4030 5308">
    <p class='ocr_par' dir='ltr' id='par_1_83' title="bbox 2429 5229 4030 5308">
     <span class='ocr_line' id='line_1_83' title="bbox 2429 5229 4030 5308; baseline -0.003 -17"><span class='ocrx_word' id='word_1_492' title='bbox 2429 5234 2940 5308; x_wconf 82' lang='grc' dir='ltr'>διευκρινησὼμεθα</span> <span class='ocrx_word' id='word_1_493' title='bbox 2991 5231 3280 5303; x_wconf 87' lang='grc' dir='ltr'>πρότερον,</span> <span class='ocrx_word' id='word_1_494' title='bbox 3309 5230 3404 5284; x_wconf 73' lang='grc' dir='ltr'><strong>καὶ</strong></span> <span class='ocrx_word' id='word_1_495' title='bbox 3432 5229 3654 5300; x_wconf 84' lang='grc' dir='ltr'>γνῶμεν</span> <span class='ocrx_word' id='word_1_496' title='bbox 3687 5232 3780 5284; x_wconf 67' lang='grc' dir='ltr'><strong>καὶ</strong></span> <span class='ocrx_word' id='word_1_497' title='bbox 3813 5233 4030 5303; x_wconf 77' lang='grc' dir='ltr'>ὁρισώ-</span> 
     </span>
    </p>
   </div>
   <div class='ocr_carea' id='block_1_84' title="bbox 2436 5318 4029 5400">
    <p class='ocr_par' dir='ltr' id='par_1_84' title="bbox 2436 5318 4029 5400">
     <span class='ocr_line' id='line_1_84' title="bbox 2436 5318 4029 5400; baseline -0.003 -17"><span class='ocrx_word' id='word_1_498' title='bbox 2436 5329 2579 5400; x_wconf 87' lang='grc' dir='ltr'>μεθα</span> <span class='ocrx_word' id='word_1_499' title='bbox 2638 5327 2758 5382; x_wconf 87' lang='grc' dir='ltr'>τίνα</span> <span class='ocrx_word' id='word_1_500' title='bbox 2815 5326 2926 5397; x_wconf 70' lang='grc' dir='ltr'><strong>ἔχε.</strong></span> <span class='ocrx_word' id='word_1_501' title='bbox 2984 5323 3119 5396; x_wconf 78' lang='grc' dir='ltr'>πρὸς</span> <span class='ocrx_word' id='word_1_502' title='bbox 3162 5322 3364 5393; x_wconf 72' lang='grc' dir='ltr'>ἄλληλα</span> <span class='ocrx_word' id='word_1_503' title='bbox 3421 5321 3710 5393; x_wconf 70' lang='grc' dir='ltr'>διαφοράνο</span> <span class='ocrx_word' id='word_1_504' title='bbox 3743 5318 3846 5376; x_wconf 80' lang='grc' dir='ltr'>εἷθ’</span> <span class='ocrx_word' id='word_1_505' title='bbox 3875 5325 4029 5380; x_wconf 76' lang='grc' dir='ltr'>οὕτω</span> 
     </span>
    </p>
   </div>
   <div class='ocr_carea' id='block_1_85' title="bbox 2432 5413 3222 5490">
    <p class='ocr_par' dir='ltr' id='par_1_85' title="bbox 2432 5413 3222 5490">
     <span class='ocr_line' id='line_1_85' title="bbox 2432 5413 3222 5490; baseline -0.008 -16"><span class='ocrx_word' id='word_1_506' title='bbox 2432 5420 2617 5474; x_wconf 81' lang='grc' dir='ltr'>λοιπὸν</span> <span class='ocrx_word' id='word_1_507' title='bbox 2640 5417 2908 5490; x_wconf 77' lang='grc' dir='ltr'>ἁψώμεθα</span> <span class='ocrx_word' id='word_1_508' title='bbox 2936 5413 3044 5470; x_wconf 84' lang='grc' dir='ltr'><strong>τῶν</strong></span> <span class='ocrx_word' id='word_1_509' title='bbox 3072 5413 3222 5484; x_wconf 78' lang='grc' dir='ltr'><strong>ἑξῆς.</strong></span> 
     </span>
    </p>
   </div>
   <div class='ocr_carea' id='block_1_86' title="bbox 2498 5505 4030 5580">
    <p class='ocr_par' dir='ltr' id='par_1_86' title="bbox 2498 5505 4030 5580">
     <span class='ocr_line' id='line_1_86' title="bbox 2498 5505 4030 5580; baseline -0.004 -14"><span class='ocrx_word' id='word_1_510' title='bbox 2498 5509 2706 5566; x_wconf 77' lang='lat' dir='ltr'><strong>EPAN.</strong></span> <span class='ocrx_word' id='word_1_511' title='bbox 2747 5508 3049 5563; x_wconf 81' lang='grc' dir='ltr'>Κάλλιστον</span> <span class='ocrx_word' id='word_1_512' title='bbox 3099 5506 3195 5560; x_wconf 72' lang='grc' dir='ltr'><strong>καὶ</strong></span> <span class='ocrx_word' id='word_1_513' title='bbox 3243 5505 3674 5574; x_wconf 78' lang='grc' dir='ltr'>ἀναγκαιότατον</span> <span class='ocrx_word' id='word_1_514' title='bbox 3703 5506 3918 5573; x_wconf 75' lang='grc' dir='ltr'>Ξδωκας</span> <span class='ocrx_word' id='word_1_515' title='bbox 3947 5512 4030 5580; x_wconf 81' lang='grc' dir='ltr'>τῷ</span> 
     </span>
    </p>
   </div>
   <div class='ocr_carea' id='block_1_87' title="bbox 2429 5596 4027 5675">
    <p class='ocr_par' dir='ltr' id='par_1_87' title="bbox 2429 5596 4027 5675">
     <span class='ocr_line' id='line_1_87' title="bbox 2429 5596 4027 5675; baseline 0.001 -19"><span class='ocrx_word' id='word_1_516' title='bbox 2429 5603 2572 5675; x_wconf 85' lang='grc' dir='ltr'>λόγῳ</span> <span class='ocrx_word' id='word_1_517' title='bbox 2595 5603 2656 5658; x_wconf 78' lang='grc' dir='ltr'>τὸ</span> <span class='ocrx_word' id='word_1_518' title='bbox 2680 5601 2984 5672; x_wconf 88' lang='grc' dir='ltr'>προοίμιον.</span> <span class='ocrx_word' id='word_1_519' title='bbox 3007 5597 3227 5652; x_wconf 83' lang='grc' dir='ltr'>Τούτων</span> <span class='ocrx_word' id='word_1_520' title='bbox 3253 5596 3362 5669; x_wconf 82' lang='grc' dir='ltr'>γὰρ</span> <span class='ocrx_word' id='word_1_521' title='bbox 3386 5597 3655 5671; x_wconf 83' lang='grc' dir='ltr'>εύκρινῶν</span> <span class='ocrx_word' id='word_1_522' title='bbox 3682 5600 4027 5670; x_wconf 77' lang='grc' dir='ltr'>γενομένων.</span> 
     </span>
    </p>
   </div>
   <div class='ocr_carea' id='block_1_88' title="bbox 2431 5687 3270 5767">
    <p class='ocr_par' dir='ltr' id='par_1_88' title="bbox 2431 5687 3270 5767">
     <span class='ocr_line' id='line_1_88' title="bbox 2431 5687 3270 5767; baseline -0.011 -19"><span class='ocrx_word' id='word_1_523' title='bbox 2431 5696 2561 5767; x_wconf 75' lang='grc' dir='ltr'>ῥᾷον</span> <span class='ocrx_word' id='word_1_524' title='bbox 2591 5692 2929 5765; x_wconf 73' lang='grc' dir='ltr'>προϐήσεται</span> <span class='ocrx_word' id='word_1_525' title='bbox 2959 5689 2991 5760; x_wconf 81' lang='grc' dir='ltr'>ἡ</span> <span class='ocrx_word' id='word_1_526' title='bbox 3018 5687 3270 5754; x_wconf 80' lang='grc' dir='ltr'>διάλεξις.</span> 
     </span>
    </p>
   </div>
   <div class='ocr_carea' id='block_1_89' title="bbox 2505 5774 4027 5852">
    <p class='ocr_par' dir='ltr' id='par_1_89' title="bbox 2505 5774 4027 5852">
     <span class='ocr_line' id='line_1_89' title="bbox 2505 5774 4027 5852; baseline 0.001 -16"><span class='ocrx_word' id='word_1_527' title='bbox 2505 5778 2655 5838; x_wconf 83' lang='grc' dir='ltr'><strong>ΟΡΘ.</strong></span> <span class='ocrx_word' id='word_1_528' title='bbox 2709 5776 2925 5849; x_wconf 78' lang='grc' dir='ltr'>Ἐπειδὴ</span> <span class='ocrx_word' id='word_1_529' title='bbox 2974 5775 3154 5833; x_wconf 86' lang='grc' dir='ltr'>τοίνυν</span> <span class='ocrx_word' id='word_1_530' title='bbox 3207 5775 3315 5848; x_wconf 77' lang='grc' dir='ltr'><strong>ἀρα</strong></span> <span class='ocrx_word' id='word_1_531' title='bbox 3372 5774 3465 5830; x_wconf 72' lang='grc' dir='ltr'><strong>καὶ</strong></span> <span class='ocrx_word' id='word_1_532' title='bbox 3524 5777 4027 5852; x_wconf 64' lang='grc' dir='ltr'>συνεςνηφισάρεθι</span> 
     </span>
    </p>
   </div>
  </div>
