4148 6392
742 334 817 401 85
1717 322 2214 390 THEODORETI
2252 322 2595 385 EPISCOPI
2632 320 3001 416 CYRENSIS
3930 318 4001 384 τε

746 450 875 507 dem
907 443 1328 503 innumerabilia
1358 450 1507 508 sunt,
1542 442 1639 498 sed
1676 440 1983 513 producere
2012 452 2328 497 sermonem

2432 438 2586 507 κοινῇ
2650 435 2869 490 πάντων
2920 432 3227 505 ἀνθρώπων
3281 431 3629 506 κατηγορῶν.
3676 434 3791 490 Καὶ
3845 434 4003 508 μυρία

747 540 887 598 nihil
913 548 998 595 est
1028 554 1187 609 opus.

820 628 1028 687 ERAN.
1074 626 1398 685 Communis
1441 631 1499 680 et
1539 623 1748 695 proprii
1796 622 2097 679 discrimen
2140 627 2330 692 aperte

749 731 1031 778 ostensum
1079 728 1164 775 est
1195 737 1210 774 :
1244 718 1340 774 sed
1382 716 1455 774 ad
1499 716 1867 774 substantiam
1907 725 1968 772 et
2008 713 2330 788 bypostssin

748 813 1065 870 redeamus.

818 903 1030 961 ORTH.
1084 903 1241 960 Sicut
1282 917 1412 974 ergo
1449 916 1657 957 nomen
1699 899 1870 955 Homo
1909 910 2202 954 commune
2246 904 2332 951 est

748 996 850 1051 toti
893 995 1021 1050 buic
1066 1002 1278 1049 naturae
1325 1011 1339 1046 :
1385 991 1462 1048 ita
1494 991 1709 1047 divinae
1755 988 2079 1046 substantia:
2126 1001 2330 1044 nomen

749 1095 996 1142 sanctam
1030 1085 1359 1141 Trinitatem
1393 1082 1703 1155 signiﬁcare
1743 1080 2076 1151 accepimus,
2107 1080 2125 1101 ‘
2153 1078 2330 1152 hypo-

750 1178 926 1234 stasin
974 1192 1108 1232 vero
1155 1189 1446 1246 personam
1491 1174 1734 1243 aliquam
1784 1172 2098 1243 designare,
2131 1186 2333 1243 nempe

749 1268 837 1323 vel
873 1268 1073 1327 Patris,
1099 1265 1185 1320 vel
1214 1263 1363 1335 Filii,
1387 1262 1474 1318 vel
1505 1262 1742 1333 Spiritus
1768 1263 1962 1318 sancti.
1993 1260 2129 1315 Nam
2163 1259 2334 1333 hypo.

748 1359 942 1421 stasin,
968 1367 1024 1411 et
1065 1369 1376 1425 personam,
1413 1363 1471 1408 et
1496 1353 1893 1423 proprietatem
1932 1351 2078 1407 idem
2119 1348 2333 1422 signia-

747 1461 875 1501 care
927 1446 1203 1512 dicimus,
1255 1450 1572 1499 sanctorum
1621 1443 1848 1499 Patrum
1890 1440 2197 1498 doctrinam
2246 1454 2334 1496 se-

747 1550 1002 1607 quentes.

821 1628 1027 1684 ERAN.
1065 1629 1192 1685 Haec
1220 1629 1293 1684 ita
1323 1642 1381 1684 se
1405 1626 1609 1682 habere
1639 1624 1984 1680 conﬁtemur.

819 1720 1029 1777 08TH.
1065 1720 1416 1789 Quaecunque
1439 1734 1570 1790 ergo
1597 1718 1666 1773 de
1697 1725 1894 1773 natura
1923 1715 2108 1772 divina
2137 1715 2331 1772 dicun-

750 1825 859 1877 tur,
889 1813 1201 1868 communia
1222 1819 1350 1868 sunt
1368 1811 1549 1866 Patris
1568 1818 1625 1865 et
1644 1810 1767 1865 Filii
1786 1819 1843 1865 et
1866 1808 2104 1881 Spiritus
2129 1806 2327 1871 sancti,

750 1911 812 1957 ut
850 1903 1019 1961 Deus,
1048 1902 1334 1966 Dominus,
1381 1898 1655 1965 conditor,
1699 1899 2069 1970 omnipotens,
2111 1905 2168 1954 et
2210 1912 2333 1970 quae

750 1994 836 2048 bis
869 1993 1088 2047 similia.

815 2192 871 2261 9
887 2191 1092 2245 ERAN.
1114 2190 1239 2244 Haec
1255 2187 1395 2244 citra
1415 2188 1851 2243 controversiam
1875 2187 2165 2245 Trinitatis
2197 2198 2329 2245 sunt

745 2280 1079 2337 communia.
1995 2266 2003 2283 ”

814 2372 1025 2428 ORTH.
1078 2371 1209 2437 Quae
1262 2378 1448 2424 autem
1528 2370 1853 2441 bypostases
1903 2385 2001 2426 seu
2065 2385 2332 2442 personas

745 2462 1055 2530 designant,
1082 2476 1145 2516 ea
1167 2469 1368 2515 sancta:
1399 2458 1656 2515 Trinitati
1688 2462 2003 2515 communia
2042 2476 2153 2515 non
2179 2469 2329 2524 sunt,

744 2554 841 2611 sed
875 2555 1021 2607 illius
1058 2561 1189 2607 sunt
1224 2567 1495 2622 persona,
1555 2553 1716 2621 cujus
1760 2560 1892 2606 sunt
1928 2551 2154 2622 propria
2203 2568 2217 2604 :
2268 2560 2333 2606 ut

744 2662 948 2701 nomen
995 2646 1179 2709 Pater,
1229 2653 1285 2699 et
1334 2644 1640 2714 ingenitus,
1672 2644 1894 2714 prepria
1922 2651 2053 2713 sunt
2088 2643 2281 2717 Patris
2315 2662 2328 2696 :

744 2752 947 2792 nomen
975 2750 1196 2807 quoque
1220 2713 1419 2797 Filius,
1439 2742 1494 2787 et
1521 2733 1871 2804 Unigcnitus,
1906 2740 1962 2787 et
1995 2714 2143 2788 Deus
2159 2713 2335 2787 «Ver-

744 2828 900 2891 bum,
932 2843 1041 2880 non
1092 2826 1312 2879 Patrem
1348 2822 1687 2893 signiﬁcant,
1726 2837 1831 2877 nec
1881 2820 2149 2893 Spiritum
2200 2836 2330 2876 san-

746 2928 920 2981 ctum,
958 2918 1052 2973 sed
1113 2918 1334 2972 Filium.
1393 2916 1631 2985 Spiritus
1680 2931 1813 2970 vero
1861 2924 2106 2982 sanctus,
2133 2922 2192 2971 et
2230 2915 2333 2971 Pa-

744 3010 1004 3071 racletus,
1030 3008 1267 3079 Spiritus
1294 3022 1588 3078 personam
1620 3006 1933 3078 designant.

816 3184 1023 3241 ERAN.
1052 3182 1135 3237 An
1165 3197 1277 3236 non
1302 3181 1470 3252 igitur
1489 3179 1754 3249 Spiritum
1780 3185 1942 3235 vocat
1964 3192 2121 3235 sacra
2170 3179 2328 3235 Scri-

744 3283 908 3345 ptura
934 3272 1099 3327 etiam
1123 3271 1342 3325 Patrem
1374 3278 1429 3324 et
1464 3269 1697 3323 Filium?

812 3364 1024 3421 ORTH.
1056 3362 1324 3432 Spiritum
1355 3361 1573 3415 vocavit
1598 3368 1654 3415 et
1680 3359 1899 3415 Patrem
1926 3368 1981 3415 et
2006 3359 2205 3417 Filium
2227 3402 2241 3428 ,
2270 3369 2333 3417 ut

745 3454 1021 3525 signiﬁcet
1054 3453 1298 3507 divinam
1350 3458 1601 3504 naturam
1655 3464 1776 3505 esse
1826 3450 2229 3521 incorpoream,
2276 3460 2333 3507 et

745 3544 1129 3601 circumscribi
1153 3558 1263 3597 non
1294 3556 1454 3611 posse
1488 3559 1500 3594 :
1538 3541 1808 3611 Spiritum
1847 3548 2033 3597 autem
2068 3549 2327 3598 sanctum

745 3638 917 3694 solam
939 3634 1177 3705 Spiritus
1207 3646 1497 3702 personam
1540 3631 1796 3700 appellat.

816 3720 1025 3775 EllAN.
1056 3719 1170 3773 Hoc
1198 3733 1419 3788 quoque
1450 3725 1605 3771 extra
1644 3720 2083 3775 controversiam
2109 3730 2191 3777 est
2216 3734 2331 3793 po-

746 3813 935 3869 situm.

814 3900 1024 3957 ORTH.
1050 3900 1318 3965 Quoniam
1344 3914 1477 3970 ergo
1507 3900 1691 3971 aliqua
1724 3898 1966 3957 diximus
1988 3918 2109 3959 esse
2131 3914 2333 3961 sanctae

728 3992 1033 4061 .Trinitatis
1061 3991 1396 4054 communia,
1425 3991 1607 4061 aliqua
1658 4007 1791 4047 vero
1840 3995 2109 4064 cujusque
2154 3996 2332 4067 hypo-

744 4092 956 4138 staseos
1010 4081 1253 4151 propria,
1302 4096 1505 4136 nomen
1550 4081 1892 4138 immutabile
1936 4084 2330 4141 substantiaene

747 4191 1039 4230 commune
1067 4174 1303 4229 dicimus
1325 4190 1468 4241 esse,
1506 4190 1577 4230 an
1625 4175 1859 4248 alicujus
1896 4193 2147 4247 personae
2198 4194 2330 4249 pro-

747 4265 968 4335 prium?

818 4355 1025 4409 ERAN.
1054 4355 1357 4411 Commune
1380 4362 1464 4408 est
1490 4355 1783 4410 Trinitatis
1814 4357 2179 4413 immutabile.
2216 4360 2332 4415 Nec

747 4448 896 4502 enim
928 4447 1045 4501 fieri
1075 4454 1278 4517 potest,
1308 4446 1708 4501 utsubstantizc
1757 4447 1909 4502 aliud
1939 4448 2011 4503 sit
2039 4450 2328 4518 mutabile,

750 4537 897 4593 aliud
928 4538 1293 4592 immutabile.

817 4649 1026 4705 ΟιιΤΗ.
1090 4651 1353 4703 Praeclare
1406 4650 1615 4704 dixisti.
1688 4650 1845 4705 Sicut
1889 4654 2039 4707 enim
2102 4657 2334 4711 mortale

751 4754 1040 4793 commune
1062 4747 1145 4791 est
1180 4738 1487 4802 hominum,
1516 4739 1586 4792 ita
1620 4746 1821 4794 sancta:
1844 4740 2134 4797 Trinitatis
2181 4757 2333 4796 com-

752 4844 915 4883 mune
951 4839 1033 4883 est
1069 4830 1427 4893 immutabile,
1464 4838 1520 4882 et
1555 4830 1899 4885 alterationis
1947 4847 2165 4902 expers.
2222 4835 2333 4887 lm-

754 4919 1033 4974 mutabilis
1072 4920 1237 4987 igitur
1280 4919 1449 4971 etiam
1510 4918 1825 4987 unigenitus
1877 4919 2068 4984 Filius,
2110 4922 2335 4977 sicutct

752 5011 911 5065 Pater
946 5010 1040 5077 qui
1070 5010 1245 5078 ipsum
1272 5011 1480 5079 genuit,
1517 5016 1570 5062 et
1604 5008 1838 5077 Spiritus
1866 5022 2112 5067 sanctus.

824 5101 1029 5156 ERAN.
1059 5100 1454 5154 lmmutabilis.

828 5216 930 5282 ιο
957 5212 1166 5267 ORTH.
1210 5212 1498 5277 Quomodo
1539 5217 1707 5286 igitur
1763 5218 2141 5287 evangelicum
2198 5218 2339 5271 illud

752 5306 959 5359 dictum
1003 5324 1019 5353 ι
1060 5304 1299 5357 Verbum
1326 5320 1455 5358 caro
1490 5306 1693 5363 factum
1731 5319 1814 5363 est
1841 5310 1859 5340 ⁸
1892 5329 1909 5360 ι
1968 5310 2336 5379 proferentes,

754 5391 1112 5445 mutationem
1151 5389 1477 5445 immutabili
1509 5403 1722 5449 natura:
1752 5396 2029 5451 tribuitis?

827 5546 849 5578 ‘
888 5544 1042 5599 Joan.
1080 5562 1117 5611 l,
1150 5546 1235 5599 14.

830 5704 904 5772 (9)
939 5720 1022 5773 τρ.
1053 5703 1131 5757 Ex
1170 5702 1257 5757 ed.
1294 5704 1449 5759 Rom.
1480 5713 1533 5758 et
1567 5704 1710 5771 Lips.
1742 5703 2025 5761 insertum.

2431 524 2659 580 τοιαῦτα
2684 524 2832 579 εστιν
2864 523 3068 595 εὑρεῖν,
3096 522 3216 576 ἀλλ’
3238 523 3300 577 οὑ
3326 524 3434 595 χρὴ
3460 523 3747 596 μηκύνειν.

2503 615 2711 682 ΕΡᾼΝ.
2751 614 3030 668 Δέδεικται
3083 613 3273 683 σαφῶς
3322 616 3357 686 η
3408 613 3645 688 διαφορὰ
3685 614 3780 669 τοῦ
3830 614 4003 670 κοινοῦ

2429 708 2571 780 πρὸς
2608 708 2671 763 τὸ
2706 708 2866 763 ίδιον·
2896 706 3017 762 ἁλλ’
3045 708 3129 772 είς
3153 705 3247 760 τὺν
3276 708 3408 778 περὶ
3437 707 3537 779 τῆς
3559 707 3750 771 οὑσίας
3786 708 3880 762 καὶ
3912 708 4005 775 τῆς

2433 799 2788 869 ὑποστάσεως
2810 797 3199 869 ἁπανίλθωμεν
3234 798 3414 868 λόγον.

2504 890 2657 946 οΡθ.
2689 891 2902 961 Ὥσπερ
2942 889 3125 945 τοίνυν
3167 890 3228 944 τὸ
3272 890 3589 961 ἅνθρωπος
3629 892 3804 964 δνομα
3840 889 4007 945 κοινόν

2432 976 2551 1037 tm
2583 978 2789 1053 ταύτης
2827 981 2930 1053 τῆς
2970 979 3184 1051 φῦσεως
3218 982 3417 1054 ὑνομα,
3447 983 3595 1038 οὕτω
3623 982 3724 1055 τὴν
3748 983 3900 1038 θείαν
3926 984 4009 1037 0'3—

2434 1074 2555 1129 σίαν
2587 1074 2689 1146 τὴν
2721 1074 2885 1143 ἁγίαν
2908 1072 3117 1146 Τριάδα
3145 1075 3436 1145 σημαίνειν
3465 1075 3767 1148 είλήφαμεν
3788 1091 3804 1106 ο
3834 1075 3931 1144 τὴν
3956 1074 4009 1129 δέ

2432 1184 2498 1238 γε
2527 1167 2844 1233 ὑπόστασιν,
2870 1169 3166 1241 προσώπου
3187 1168 3335 1231 τινὸς
3364 1163 3504 1222 εἶναι
3526 1167 3852 1240 δηλωτικὴν,
3884 1160 4009 1232 οἷον,
4049 1218 4060 1233 ,

2433 1259 2467 1331 ἢ
2494 1260 2590 1313 τοῦ
2624 1260 2858 1332 Πατρὸς,
2893 1258 2927 1331 ἢ
2959 1259 3055 1313 τοῦ
3089 1258 3240 1322 Υἰοῦ,
3273 1258 3305 1329 ἢ
3337 1257 3433 1313 τοῦ
3473 1258 3632 1327 ἁγίου
3672 1256 4008 1329 Πνεύματος.

2437 1352 2549 1423 Τὴν
2577 1352 2687 1422 γὰρ
2716 1352 3035 1416 ὑπόστασιν,
3072 1352 3165 1405 καὶ
3187 1351 3249 1404 τὸ
3278 1351 3591 1421 πρόσωπον,
3628 1350 3721 1403 καὶ
3754 1351 3859 1420 τὴν
3884 1348 4011 1401 toto.

2432 1459 2593 1514 τητα,
2613 1443 2813 1497 ταὺτδν
2844 1444 3133 1514 σημαίνειν
3157 1443 3336 1513 φαμὶν
3356 1444 3470 1505 τοῖς
3508 1442 3616 1495 τῶν
3643 1442 3818 1509 ἁγίων
3845 1439 4014 1494 Πατί-

2432 1552 2548 1608 ρων
2573 1535 2723 1605 ὅροις
2749 1534 3195 1599 ἀκολουθοῦντες.

2497 1626 2713 1680 ἘΡΑΝ.
2748 1625 3231 1698 Συνομολογοῦμεν
3269 1625 3413 1679 οῦτω
3438 1622 3592 1678 ταῦτ’
3626 1624 3792 1696 ἔχειν.

2510 1718 2664 1773 ΟΡΘ.
2684 1718 2826 1773 Ὅσα
2848 1719 3032 1773 τοίνυν
3061 1718 3191 1789 ’περί⁵
3220 1717 3320 1789 τῆς
3353 1715 3504 1780 θείας
3535 1716 3756 1785 λέγεται
3781 1715 4014 1787 φύσεως,

2433 1811 2590 1867 κοινὰ
2629 1798 2821 1865 ταῦτὰ
2847 1810 2965 1864 ἔστι
3002 1807 3099 1863 τοῦ
3141 1809 3355 1881 Πατρὸς
3394 1809 3609 1863 καὶτοῦ
3636 1808 3766 1862 Υίοῦ
3806 1806 4018 1863 καὶτοῦ

2434 1903 2591 1973 ἁγίου
2633 1902 2972 1972 Πνεῦματος,
3009 1893 3145 1963 οἷον,
3182 1898 3245 1952 τὸ
3279 1898 3437 1963 Θεὸς.
3478 1897 3539 1951 τὸ
3570 1897 3801 1970 Κύριος,
3837 1899 3897 1952 τὺ
3932 1898 4019 1968 δη·

2436 1994 2721 2067 μιουργδς,
2761 1992 2822 2045 τὺ
2870 1991 3291 2062 παντοκράτωρ,
3339 1992 3430 2043 καὶ
3480 1991 3582 2045 ὅσα
3632 1989 3850 2055 τούτοις
3906 1988 4019 2045 tot!

2434 2085 2813 2158 παραπλήσια.
3312 2129 3321 2137 .

2505 2177 2710 2234 EPAN.
2746 2176 3272 2249 ’Δναμφισσητήτως
3292 2174 3449 2230 κοινὰ
3476 2175 3576 2246 τῆς
3597 2174 3830 2248 Τριάδος
3852 2176 4012 2230 ἐστίν.

2504 2353 2659 2408 ΟΡΘ.
2692 2352 2835 2406 Ὀσα
2862 2349 2909 2403 δ’
2934 2344 3003 2403 αὖ
3033 2347 3141 2401 τῶν
3180 2346 3533 2402 ὑποστάσεων
3579 2348 3819 2420 ὑπάρχει
3852 2350 4022 2421 δηλω-

2431 2444 2583 2511 τικὰ,
2616 2443 2805 2498 οὐκέτι
2848 2440 3024 2494 ταῦτα
3068 2439 3167 2511 τῆς
3211 2439 3373 2508 ἁγίας
3418 2437 3652 2511 Τριάδος
3698 2441 3880 2507 κοινὰ,
3905 2442 4019 2497 ἁλλ’

2434 2536 2651 2607 ἐκείνης
2680 2534 2795 2588 ἐστὶ
2820 2533 2919 2605 τῆς
2945 2531 3322 2595 ὑποστάσεως,
3362 2527 3429 2602 ἧς
3454 2532 3602 2586 εστιν
3628 2533 3783 2587 [διον.
3814 2530 3942 2588 Οἷον
3964 2542 4023 2588 τὸ

2434 2628 2624 2700 Πατήρ
2661 2627 2855 2697 ὄνομα,
2891 2624 2985 2677 καὶ
3026 2623 3088 2675 τὸ
3122 2621 3469 2690 ’Δγένννὶτος⁸
3501 2622 3596 2675 τοῦ
3626 2625 3844 2695 Πατρός
3878 2629 4022 2679 ἐστιν

2436 2719 2564 2784 ἴδια,
2597 2718 2693 2772 καὶ
2713 2713 2780 2771 αὖ
2806 2716 2991 2782 πάλιν,
3017 2714 3077 2768 τδ
3104 2713 3231 2777 Υἱός
3252 2714 3443 2783 ῦνομα,
3468 2712 3561 2767 καὶ
3592 2714 3653 2768 τὸ
3681 2716 4021 2789 Μονογενής.

2435 2807 2616 2863 καὶτὸ
2648 2807 2784 2871 Θεὸς
2813 2806 3011 2876 Λόγος,
3050 2804 3111 2858 οὑ
3161 2802 3251 2857 τὸν
3302 2804 3522 2875 Πατέρα
3572 2805 3742 2877 δηλοῖ,
3803 2808 3927 2862 οὐδὲ
3968 2808 4025 2862 τὸ

2434 2904 2659 2975 Πνεῦμα
2686 2903 2747 2956 τὸ
2776 2902 2954 2973 ἅγιον,
2987 2899 3125 2955 άλλὰ
3153 2899 3243 2953 τὸν
3279 2900 3428 2953 Υίόν.
3462 2900 3575 2953 Καὶ
3604 2900 3666 2955 τὸ
3703 2901 3933 2973 Πνεῦμα
3970 2902 4024 2957 ἃ

2436 2997 2496 3048 τὸ
2546 2994 2724 3065 ἅγιον,
2771 3000 2867 3049 καὶ
2904 2995 2934 3047 ὁ
2974 2992 3354 3063 Παράκλητος,
3402 2994 3505 3065 τῆς
3549 2992 3644 3047 τοῦ
3698 2994 4023 3067 Πνεύματος

2360 3114 2404 3174 c
2437 3086 2791 3150 ὑποστάσεως
2832 3085 3070 3157 ὑπάρχει
3104 3083 3399 3155 δηλωτικὰ.

2507 3179 2711 3234 EPAN.
2746 3178 2820 3232 Οὑ
2854 3176 3012 3232 καλεῖ
3033 3176 3212 3230 τοίνυν
3237 3176 3270 3245 ἡ
3299 3174 3420 3229 θεία
3443 3175 3635 3249 Γραφὴ
3670 3177 3905 3249 Πνεῦμα
3932 3179 4023 3233 καὶ

2431 3271 2525 3325 τὸν
2547 3270 2769 3342 Πατέρα
2808 3270 2902 3323 καὶ
2930 3268 3020 3321 τὸν
3045 3268 3207 3333 Υίόν;

2504 3362 2659 3417 ΟΡΘ.
2697 3361 2923 3432 Πνεῦμα
2969 3360 3208 3431 κέκληκε
3266 3361 3361 3416 καὶ
3405 3362 3497 3414 τὸν
3541 3362 3761 3433 Πατέρα
3808 3364 3903 3417 καὶ
3936 3364 4024 3416 τὸν

2433 3452 2583 3517 Υίὸν,
2615 3452 2676 3505 τὸ
2704 3450 3001 3522 ἀσώματον
3046 3452 3142 3505 καὶ
3175 3452 3561 3524 ἁπερίγραςρον
3598 3453 3699 3523 τῆς
3744 3455 3900 3520 θείας
3930 3457 4024 3524 φύ-

2435 3561 2573 3608 σεως
2593 3532 2679 3597 διά
2707 3542 2896 3596 τούτου
2924 3544 3265 3613 σημαίνουσα
3283 3561 3295 3575 ·
3323 3544 3550 3614 Πνεῦμα
3578 3545 3635 3599 δὲ
3666 3544 3825 3614 ἅγιον
3858 3526 4026 3617 μόνην

2431 3633 2525 3688 τοῦ
2552 3633 2868 3704 Πνεύματος
2896 3633 2995 3705 τὴν
3030 3634 3324 3689 ὑπόστασιν
3349 3634 3623 3706 ὀνομάζει.

2502 3725 2707 3778 ΕΡΑΝ.
2746 3724 3175 3795 ’Δναμφίλεκτόν
3214 3727 3331 3778 ἐστι
3360 3726 3453 3781 καὶ
3482 3725 3660 3780 τοῦτο.

2506 3900 2658 3952 ΟΡΘ.
2699 3901 2921 3973 Ἐπειδὴ
2970 3903 3152 3956 τοίνυν
3195 3903 3321 3957 τινὰ
3355 3904 3455 3973 μὲν
3483 3904 3692 3975 ἔφαμεν
3728 3906 3829 3975 τῆς
3868 3904 4025 3973 ἁγίας

2433 3988 2663 4059 Τριάδος
2715 3993 2891 4056 κοινὰ,
2924 3995 3045 4047 τινὰ
3088 3994 3143 4047 δὲ
3181 3994 3421 4067 ἑκάστης
3471 3996 3831 4061 ὑποστάσεως
3888 3998 4022 4063 ἴδια,

2432 4080 2495 4133 τὸ
2532 4081 2805 4153 ἄτρεπτον
2849 4084 3019 4156 ὄνομα
3059 4086 3237 4140 κοινὸν
3274 4082 3416 4141 εἶναι
3456 4088 3555 4156 τῆς
3588 4088 3780 4152 οὐσίας
3818 4091 4024 4162 φαμὲν,

2433 4175 2467 4243 ἡ
2491 4191 2637 4238 τινος
2666 4176 3023 4240 ὑποστάσεως
3051 4176 3218 4243 ἴδιον;

2504 4348 2708 4403 ΕΡΔΝ.
2767 4352 2960 4405 Κοινὸν
3003 4355 3120 4405 εστι
3170 4353 3271 4421 τῆς
3322 4354 3548 4425 Τριάδος
3601 4353 3665 4407 τὸ
3727 4357 4024 4433 ἄτρεπτον.

2364 4480 2407 4534 D
2438 4442 2571 4495 Οὐδὲ
2601 4443 2710 4514 γὰρ
2737 4439 2850 4496 οἶόν
2880 4461 2957 4509 τε,
2989 4444 3049 4497 τὸ
3094 4446 3191 4515 μὲν
3230 4441 3368 4497 εἶναι
3407 4447 3504 4517 τῆς
3541 4449 3731 4513 οὐσίας
3765 4455 4025 4522 τρεπτδν,

2437 4534 2498 4586 τὸ
2530 4534 2586 4587 δὲ
2614 4534 2906 4604 ἄτρεπτον.

2511 4649 2659 4702 ΟΡΘ.
2703 4650 2935 4721 Ἀριστα
2969 4652 3220 4724 εἴρηκας.
3262 4642 3477 4725 ’Ὠσπερ
3523 4655 3631 4726 γὰρ
3671 4656 3778 4709 τῶν
3812 4658 4026 4730 ἀνθρώ·

2440 4759 2557 4795 πων
2589 4742 2764 4794 κοινόν
2796 4746 2913 4795 ἐστι
2953 4744 3014 4796 τὸ
3058 4744 3271 4814 θνητὸν,
3298 4746 3441 4801 οὕτω
3470 4748 3566 4816 τῆς
3610 4748 3771 4817 ἁγίας
3796 4752 4027 4822 Τριάδος

2441 4831 2618 4882 κοινὸν
2651 4830 2710 4883 τὸ
2753 4832 3021 4902 ᾶτρεπτὸν
3067 4851 3125 4885 τε
3169 4835 3263 4886 καὶ
3304 4835 3683 4889 ἀναλὶοίωτον.
3716 4840 4026 4909 ’Ἄτρεπτος

2438 4917 2728 4987 τοιγαροῦν
2759 4919 2853 4970 καὶ
2888 4921 2916 4971 ὁ
2954 4922 3251 4991 μονογενὴς
3286 4922 3431 4985 Υἱὸς,
3472 4924 3613 4975 καοᾶ
3648 4928 3741 4977 καὶ
3773 4929 3801 4979 ὁ
3830 4931 4027 5001 γεννή·

2444 5027 2540 5071 σοις
2572 5010 2733 5063 αὑτὸν
2762 5012 2968 5081 Πατὴρ,
2999 5015 3095 5065 καὶ
3127 5016 3187 5066 τὸ
3223 5014 3378 5082 ἅγιον
3412 5016 3655 5085 Πνεῦμα.

2512 5100 2712 5153 ΕΡΛΝ.
2760 5104 3086 5173 ’Λτρεπτος.

2510 5212 2811 5277 οΡΘ.Πῶς
2852 5215 3035 5268 τοίνυν
3093 5218 3153 5268 τὸ
3213 5219 3573 5288 εὐαγγελικὺν
3627 5225 3804 5276 ἐκεῖνο
3865 5224 4030 5298 ῥητὸν

2440 5306 2797 5375 παράγοντες,
2822 5308 2901 5369 τὸ,
2927 5324 2944 5355 ι
2968 5309 3025 5359 'U
3044 5307 3211 5375 Λόγος
3228 5310 3367 5379 σὰρξ
3397 5314 3633 5380 ἐγένετο,
3663 5335 3680 5366 ι
3715 5317 3929 5390 τροπὴν
3950 5318 4027 5387 (9)

2440 5399 2502 5466 τῇ
2544 5396 2797 5466 ἀτρέπτῳ
2833 5397 3174 5467 προσάπτετε
3201 5400 3397 5468 φύσεις
