4148 6392
722 305 790 372 δθ
1704 301 2202 365 ’ΤΗΕΟυΟΗΕΤῘ
2238 301 2310 364 Ε]

2412 302 2583 365 COPI
2621 303 2989 367 CYRENSIS
3916 298 3981 368 ιο

714 413 954 487 amplius
976 412 1235 485 lapidem,
1262 410 1361 468 sed
1377 411 1586 468 calcem
1608 410 1972 483 appellamus.
2005 411 2300 465 innumera

2412 410 2589 466 οὐκέτι
2613 411 2785 476 λίθον.
2808 411 2927 467 ἀλλ’
2961 409 3227 469 ἄσϐεστον
3250 409 3287 485 ἢ
3313 411 3528 468 τίτανον
3560 407 3838 481 καλοῦμεν
3856 424 3872 440 ο
3894 409 3983 463 καί

715 521 936 577 quoque
958 505 1081 576 ejus
1114 502 1333 575 generis
1367 504 1614 567 reperire
1656 502 1809 565 licet,
1865 515 1991 570 quae
2023 516 2133 557 una
2172 514 2299 556 cum

716 595 1022 653 mutatione
1043 609 1244 650 nomen
1271 601 1636 649 commutant.

790 688 999 743 ERAN.
1035 687 1096 743 In
1117 685 1374 742 confesso
1407 693 1514 741 est.

786 777 999 836 03TH.
1030 778 1086 835 Si
1111 793 1243 849 ergo
1269 779 1445 833 Deum
1470 776 1713 833 Verbum
1738 776 1801 833 in
1834 791 2062 833 amem
2118 783 2302 832 muta-

717 879 836 927 tum
859 870 1076 936 dicitis,
1120 870 1224 947 ιε
1256 884 1358 925 cur
1389 869 1563 924 Deum
1605 878 1663 925 et
1693 884 1805 925 non
1830 884 2052 925 carnem
2114 868 2305 939 potius

716 962 897 1034 ipsum
927 960 1251 1034 appellatis?
1281 960 1551 1034 Congruit
1587 962 1735 1017 enim
1764 974 1977 1017 natura:
2012 959 2303 1016 mutationi

714 1054 959 1109 nominis
1000 1054 1253 1109 mutatio.
1307 1053 1445 1109 Nam
1482 1054 1556 1121 si,
1607 1053 1700 1109 ubi
1748 1069 1814 1109 ea
1847 1069 1973 1124 quae
2020 1061 2305 1108 mutantur

714 1146 960 1216 aliquam
986 1146 1228 1202 retinent
1252 1159 1380 1200 cum
1412 1144 1482 1199 iis
1508 1159 1631 1214 qua:
1666 1142 1824 1214 prius
1845 1151 2005 1199 erant
2022 1142 2306 1214 cognatio-

714 1253 843 1293 nem
898 1238 1091 1309 (habet
1120 1237 1273 1292 enim
1314 1243 1539 1290 acetum
1569 1250 1696 1291 cum
1727 1235 1859 1289 vino
1890 1234 2130 1306 aliquam
2177 1249 2306 1305 pro-

716 1332 1104 1403 pinquitatem,
1136 1338 1200 1384 et
1225 1331 1417 1384 vinum
1449 1342 1578 1382 cum
1606 1325 1796 1382 fructu
1848 1327 1998 1394 vitis,
2026 1335 2083 1383 et
2102 1328 2305 1383 vitrum

715 1436 843 1477 cum
878 1420 1093 1491 arena),
1131 1430 1255 1491 post
1285 1419 1647 1475 mutationem
1677 1419 1789 1475 alia
1813 1420 2037 1474 nomina
2066 1419 2307 1475 sortiun-

718 1519 811 1565 tur
836 1529 855 1565 .:
884 1511 979 1565 ubi
1006 1511 1221 1565 inﬁnita
1267 1518 1355 1567 est
1390 1508 1726 1575 diﬂ‘erentia,
1786 1516 1843 1565 et
1885 1518 2059 1574 tanta,
2100 1519 2305 1581 quanta

715 1604 910 1658 culicis
943 1601 1015 1657 ad
1043 1602 1361 1657 universam
1388 1606 1722 1664 creaturam,
1755 1598 2036 1654 visibilem
2074 1609 2131 1655 et
2160 1600 2306 1678 invi-

717 1693 936 1748 sibilem
968 1697 1201 1757 (tantum
1257 1690 1405 1746 enim
1440 1696 1529 1743 est
1562 1703 1626 1744 ac
1684 1689 1847 1760 longe
1881 1690 2060 1761 majus
2106 1682 2306 1746 discri‘-

719 1798 844 1836 men
877 1756 1023 1835 inter
1055 1790 1311 1835 naturam
1342 1777 1527 1833 carnis
1556 1784 1614 1831 et
1639 1756 1994 1850 divinitatis),
2024 1778 2304 1850 quomodo

718 1872 840 1927 neri
876 1879 1060 1942 potest
1083 1880 1148 1927 ut
1185 1878 1312 1941 post
1341 1868 1703 1948 mutationem
1735 1870 1891 1941 prior
1924 1879 2144 1927 maneat
2203 1884 2305 1942 ap-

717 1965 943 2035 pellatio
954 1964 980 2018 ἳ

792 2056 999 2112 ERAN.
1054 2055 1209 2127 Saepe
1263 2057 1377 2112 dixi
1424 2060 1574 2129 quod
1617 2074 1728 2114 non
1796 2072 1898 2128 per
1943 2055 2304 2111 mutationem

721 2145 1011 2217 (Verbum)
1040 2146 1243 2202 factum
1272 2148 1351 2203 sit
1384 2164 1555 2204 caro:
1585 2148 1683 2205 sed
1728 2162 1958 2203 manens
2001 2145 2151 2217 quod
2185 2154 2306 2201 erat

720 2238 931 2292 factum
971 2239 1041 2293 sit
1061 2239 1210 2309 quod
1235 2254 1344 2294 non
1382 2248 1523 2296 erat.

788 2328 1001 2385 ORTH.
1031 2330 1137 2386 Sed
1166 2330 1302 2385 illud
1336 2332 1540 2402 factum
1569 2342 1669 2399 est,
1692 2332 1798 2388 nisi
1825 2332 2161 2396 declaretur,
2188 2348 2309 2386 mu-

722 2421 988 2476 tationem
1040 2422 1225 2477 Innuit
1258 2432 1315 2478 et
1347 2423 1753 2479 alterationem.
1796 2424 1912 2478 Nisi
1949 2422 2097 2478 enim
2141 2438 2308 2477 carne

720 2508 1002 2583 assumpta
1052 2529 1181 2569 caro
1209 2513 1417 2568 factum
1463 2523 1571 2581 est,
1620 2515 1982 2569 mutationem
2018 2513 2308 2569 subeundo

719 2605 925 2661 factum
953 2613 1037 2660 est
1068 2620 1216 2660 caro.

794 2694 1007 2748 ERAN.
1059 2694 1341 2749 Auumere
1395 2693 1543 2749 istud
1586 2694 1873 2749 inventum
1920 2703 2169 2749 vestrum
2201 2702 2307 2750 est.

722 2788 1075 2858 Evangelista
1134 2787 1284 2842 enim
1327 2786 1465 2841 dicit
1511 2803 1529 2840 :
1564 2804 1582 2837 ι
1623 2784 1867 2841 Verbum
1918 2799 2049 2841 caro
2104 2784 2311 2840 factum

720 2887 807 2933 est
856 2880 918 2931 “.
944 2897 962 2929 ι

784 2967 995 3024 ORTH.
1023 2967 1242 3023 Videris
1259 2975 1355 3021 aut
1385 2966 1629 3022 divinam
1647 2965 1998 3037 Scripturam
2025 2965 2308 3036 ignorare,

2409 502 2579 573 μυρία
2610 501 2670 558 δὶ
2699 502 2933 558 τοιαῦτα
2962 501 3115 557 εστιν
3159 502 3363 575 εὑρεῖν,
3393 501 3431 557 ά
3461 501 3559 557 σὺν
3590 505 3659 574 τῇ
3688 502 3869 572 τροπῇ
3896 516 3985 570 μισ

2404 592 2668 648 ταϐάλλει
2699 593 2800 665 τὴν
2826 594 3043 667 κλῆσιν,

2475 684 2681 740 ΕΡΔΝ.
2705 684 3181 758 Συνωμολόγηται.

2477 772 2632 829 ΟΡΘ.
2664 773 2730 829 El
2774 774 2957 831 τοίνυν
2985 773 3087 847 τὴν
3122 776 3206 840 είς
3241 775 3423 847 σάρκα
3464 774 3675 847 τροπὴν
3729 774 3823 829 τὸν
3858 772 3986 827 Oz‘ov

2405 863 2581 933 Λόγον
2614 862 3101 939 ὖπομεμενηκίναι
3142 864 3303 937 φατὶ,
3328 866 3383 919 τί
3424 865 3627 936 δήποτε
3659 864 3795 919 Θεδν
3833 864 3989 919 αὐτὸν

2403 957 2544 1014 me
2586 959 2664 1030 μὴ
2694 958 2875 1031 σάρκα
2909 958 3395 1030 προσαγορεύετες
3434 957 3729 1032 Ἀρμόττει
3776 956 3889 1029 γάρ
3924 957 3987 1027 τῇ

2404 1048 2688 1104 ἀλλοιώσει
2717 1049 2819 1121 τῆς
2854 1048 3071 1119 φύσεως
3103 1049 3138 1119 ἠ
3160 1048 3264 1119 τῆς
3289 1049 3671 1122 προσηγορίας
3695 1046 3988 1119 ἐναλλαγή.

2406 1141 2472 1196 Ei
2502 1140 2613 1213 γάρ
2636 1140 2765 1195 ἔνθα
2785 1139 2857 1195 τά
2884 1140 3334 1213 μεταϐαλλόμενα
3354 1140 3469 1213 εχει
3488 1140 3612 1197 τινά
3635 1139 3775 1212 πρὸς
3798 1138 3837 1194 ἃ
3861 1140 3991 1211 πρό-

2402 1249 2563 1304 τερον
2592 1227 2665 1304 ἦν
2704 1224 3028 1302 συγγένειαν
3084 1231 3334 1303 (πελάζει
3366 1231 3480 1303 γάρ
3519 1249 3637 1297 πως
3661 1232 3759 1285 καὶ
3781 1229 3845 1284 τὸ
3877 1229 3992 1296 bis;

2404 1324 2482 1395 τῷ
2522 1322 2672 1395 οϊνῳ,
2696 1324 2792 1377 καὶ
2814 1324 2847 1378 θ
2871 1316 3015 1387 οἶνος
3039 1322 3120 1394 τῷ
3149 1323 3251 1393 τῆς
3272 1321 3524 1395 ἀμπέλου
3541 1320 3771 1396 καρπῷ,
3800 1320 3902 1378 καὶ
3928 1321 3992 1395 τῇ

2403 1413 2621 1485 ψάμμῳ
2658 1415 2693 1486 ἡ
2740 1414 2948 1485 ὕαλος),
2974 1414 3174 1486 ἑτέρας
3214 1412 3388 1468 ταῦτα
3420 1417 3561 1487 μετά
3590 1415 3690 1487 τὴν
3711 1415 3996 1470 ἀλλοίωσιν

2407 1504 2810 1576 μεταλαγχάνει
2855 1506 3235 1579 προσηγορίας
3257 1522 3274 1539 ·
3310 1509 3447 1564 ὅπου
3470 1507 3532 1562 τὸ
3552 1506 3812 1577 διάφορον
3842 1506 3999 1562 άπει-

2408 1612 2521 1668 ρον,
2554 1596 2653 1650 καὶ
2702 1596 2964 1651 τοσοῦτον
2996 1596 3125 1651 ὅσον
3184 1597 3409 1670 ἔμπεδος
3466 1597 3608 1669 προς
3660 1595 3761 1667 τὴν
3816 1594 3996 1650 κτίσιν

2407 1687 2627 1743 ἃπασαν
2670 1686 2772 1759 τὴν
2814 1687 3018 1761 ὁρατὴν
3101 1689 3199 1745 καί
3233 1690 3470 1763 άόρατον
3528 1687 3804 1760 (τοσοῦτον
3862 1685 3995 1757 γάρ,

2338 1761 2380 1817 Β
2412 1779 2616 1849 μᾶλλον
2650 1778 2725 1832 δὲ-
2753 1780 2849 1834 καὶ
2894 1779 3080 1851 πολλῷ
3114 1761 3397 1844 nam.»
3423 1779 3597 1853 μέσον
3620 1779 3838 1850 φύσεως
3870 1794 4000 1849 σαρ-

2408 1868 2503 1933 κὸς
2547 1869 2645 1923 καὶ
2686 1869 2964 1943 θεότητος)
2982 1890 3007 1915 ι
3065 1870 3187 1936 πῶς
3226 1865 3342 1926 οἷόν
3378 1888 3442 1925 τε
3477 1871 3622 1943 μετά
3655 1870 3758 1941 τὴν
3788 1870 3998 1941 τροπὴν

2405 1957 2507 2029 τὴν
2542 1958 2819 2033 προτέραν
2858 1962 3041 2030 μεῖναι
3068 1958 3478 2033 προσηγορίαν;

2479 2046 2683 2101 ΕΡΑΝ.
2711 2045 3001 2113 Ἥολλάκις
3028 2047 3188 2120 ἔφην,
3228 2049 3314 2102 δτι
3344 2050 3409 2104 οὐ
3438 2049 3583 2105 κατά
3625 2048 3839 2122 τροπὴν
3874 2045 3995 2117 ιγιι

2409 2154 2532 2192 νετο
2560 2138 2722 2210 σάρξ,
2760 2138 2898 2195 ἀλλά
2935 2141 3116 2214 μένων
3141 2142 3171 2197 δ
3198 2137 3290 2214 ἦν,
3312 2142 3539 2214 γέγονεν
3556 2144 3587 2199 δ
3606 2143 3711 2198 οὐκ
3730 2137 3822 2214 ἦν.

2478 2315 2634 2370 οΡΘ.
2673 2317 2837 2373 Ἀλλά
2874 2316 3034 2372 τοῦτο
3078 2316 3143 2372 τὸ
3181 2317 3456 2390 γέγονεν,
3490 2320 3541 2374 εί
3569 2317 3649 2392 μὴ
3693 2319 3868 2391 σαφὶς
3908 2320 4001 2391 γι.

2412 2424 2578 2474 νοιτο,
2623 2408 2837 2478 τροπὴν
2885 2409 3186 2465 αἰνίττεται
3223 2409 3318 2465 καὶ
3352 2409 3663 2465 ἀλλοίωσιν.
3686 2410 3751 2465 Et
3780 2412 3857 2484 μὴ
3890 2413 4000 2484 γάρ

2413 2497 2594 2568 σάρκα
2618 2497 2801 2552 λαϐὼν
2822 2501 3039 2569 ἐγένετο
3066 2499 3224 2572 σάρξ,
3253 2502 3489 2573 τραπεὶς
3516 2500 3739 2570 ιγίνετο
3765 2501 3928 2575 σάρξ.

2483 2672 2692 2728 EPAN.
2721 2672 2893 2726 Τοῦτο
2913 2672 2976 2726 τὸ
3004 2674 3260 2728 Ἔλαϐεν
3286 2672 3554 2745 ὑμέτερόν
3574 2675 3727 2729 ἔστιν
3747 2675 3998 2750 εὕρημα.

2426 2763 2485 2818 '0
2512 2765 2620 2837 γὰρ
2666 2763 3088 2833 εὐαγγελιστὴς,
3123 2783 3143 2817 ι
3179 2764 3241 2820 '0
3288 2765 3465 2834 Λόγος
3509 2765 3647 2838 σάρξ
3700 2767 3947 2836 ἐγένετο,
3974 2788 3996 2824 ο

2412 2855 2582 2924 λέγει.

2486 2948 2640 3003 ΟΡΘ.
2677 2947 2956 3019 Ἔοικαςῆ
2990 2948 3089 3019 τὴν
3114 2948 3269 3002 θείαν
3290 2949 3518 3023 Γραφὴν
3542 2948 3779 3021 άγνοεῖν,
3811 2951 3847 3023 ἢ
3882 2954 4005 3008 ἑπι-

722 3068 819 3115 aut
852 3061 1032 3118 sciens
1063 3060 1310 3130 improbe
1344 3074 1522 3132 agere.
1553 3059 1665 3129 Ego
1687 3074 1819 3113 vero
1851 3068 1905 3114 te
1940 3058 2027 3112 vel
2062 3058 2309 3129 ignarum

2418 3038 2685 3110 στάμενος
2730 3041 3079 3141 κακουργξϊν.
3130 3039 3275 3109 Ἐγὼ
3302 3040 3363 3095 δέ
3400 3041 3547 3113 σε,ἥ
3591 3042 3900 3113 ἀγνοοῦντα
3926 3044 4006 3099 διο

722 3151 954 3215 dorebo,
991 3151 1078 3206 vel
1110 3151 1419 3221 improbum
1458 3150 1802 3206 convincam.
1840 3150 2133 3220 Responde
2156 3164 2311 3221 ergo,

724 3239 899 3294 divini
934 3238 1090 3294 Pauli
1116 3238 1423 3295 doctrinam
1446 3238 1707 3295 faterisne
1733 3238 2114 3309 spiritualem?

788 3418 998 3472 ERAN.
1036 3417 1297 3473 Omnino.

798 3508 1010 3564 ORTH.
1062 3510 1335 3564 Eumdcm
1399 3509 1669 3579 Spiritum
1733 3526 1834 3581 per
1862 3509 2227 3581 evangelistas
2261 3523 2317 3568 et

727 3603 1005 3671 apostolos
1028 3610 1315 3671 operatum
1348 3617 1471 3657 esse
1508 3602 1649 3657 dicis
1663 3603 1702 3671 ἴθι

798 3693 1005 3747 ΕΒᾹΝ.
1042 3694 1133 3747 Sic
1154 3694 1431 3749 existimo.
1464 3695 1541 3749 Ita
1562 3696 1711 3748 enim
1737 3710 1823 3748 me
1855 3695 2045 3749 docuit
2076 3697 2321 3768 Scriptu-

728 3797 789 3835 ra
821 3782 1119 3849 apostolica
1150 3798 1164 3834 :
1204 3801 1223 3832 ι
1254 3782 1561 3836 Divisiones
1585 3782 1755 3846 enim,
1816 3783 2018 3851 inquit,
2046 3785 2315 3839 donorum

740 3871 931 3940 gratia:
960 3870 1060 3939 13
1088 3878 1238 3933 sunt,
1279 3869 1424 3923 idem
1448 3878 1634 3924 autem
1664 3871 1903 3940 Spiritus
1938 3873 2001 3925 ¹’.
2034 3892 2052 3924 ι
2093 3874 2161 3928 Ει
2189 3890 2317 3928 rur-

729 3978 826 4017 sus
860 3965 910 4014 :'
948 3982 966 4011 ι
997 3961 1122 4015 Haec
1173 3970 1357 4015 autem
1404 3962 1591 4015 omnia
1641 3970 1904 4031 operatur
1945 3979 2088 4018 unus
2153 3974 2318 4035 atque

731 4051 877 4105 idem
916 4050 1174 4122 Spiritus,
1210 4050 1465 4106 dividens
1512 4050 1772 4120 privatim
1830 4052 2136 4124 unicuique
2172 4056 2319 4111 sicut

733 4144 849 4196 vult
879 4144 942 4194 ¹³.
986 4162 1003 4192 ι
1037 4142 1105 4195 Ει
1142 4157 1333 4197 rursus
1368 4160 1380 4195 :
1415 4160 1434 4194 ι
1497 4141 1779 4196 Habentes
1829 4150 2012 4198 autem
2060 4145 2316 4202 eumdem

732 4233 997 4303 Spiritum
1025 4232 1153 4287 fidei
1187 4233 1247 4285 ".
1283 4251 1301 4284 ι

800 4323 1008 4379 Oll'l‘ll.
1037 4323 1356 4393 Opportune
1390 4323 1686 4395 apostolica
1738 4308 1917 4379 eitasti
1986 4316 2311 4384 testimonia.

2417 3128 2582 3195 δάξω,
2617 3129 2651 3199 ἢ
2700 3122 3114 3201 κακουργοῦντα
3160 3130 3386 3201 ἐλέγξω.
3434 3132 3754 3204 Ἀπόκριναι
3798 3134 4005 3198 τοίνυν,

2416 3222 2512 3275 τοῦ
2539 3221 2685 3275 θείου
2717 3222 2933 3277 Παύλου
2958 3224 3335 3295 πνευματικὴν
3358 3223 3458 3301 τὴν
3478 3224 3831 3280 διδασκαλίαν
3869 3230 4006 3299 ὁμο⁴

2417 3314 2597 3382 λογεῖς
2621 3331 2635 3381 ;

2491 3407 2700 3464 ΕΡΔΝ.
2732 3408 2972 3477 Πάνυγε.

2490 3499 2643 3578 ore.
2679 3498 2791 3552 Kal.
2817 3499 2878 3552 τδ
2908 3498 3043 3552 αὐτὸ
3078 3498 3325 3571 Πνεῦμα,
3347 3500 3438 3554 διά
3486 3518 3544 3555 τε
3578 3502 3688 3556 τῶν
3716 3502 4011 3571 εὐαγγελι-

2422 3591 2586 3656 στῶν,
2613 3591 2703 3644 διά
2730 3607 2789 3643 τε
2818 3590 2930 3644 τῶν
2952 3590 3273 3645 ἀποστόλων
3303 3592 3597 3664 ἐνεργῆσαι
3625 3592 3804 3663 λέγεις
3828 3612 3843 3658 ;

2490 3679 2692 3735 EPAN.
2731 3680 2890 3734 Οὕτω
2918 3682 3091 3752 φημίν
3116 3682 3260 3737 οὕτω
3297 3683 3409 3753 γάρ
3443 3682 3597 3755 παρά
3638 3686 3739 3756 τῆς
3769 3687 4013 3742 ἀποστοο

2419 3771 2579 3841 λικῆς
2611 3770 2898 3842 ἐδιδάχθην
2944 3772 2985 3823 Γ
2990 3772 3202 3843 ραφῆς·
3274 3793 3293 3825 ι
3322 3774 3626 3844 Διαιρέσεις
3674 3776 3803 3847 γάρ,
3845 3780 4010 3849 φησὶ,

2418 3861 2777 3933 χαρισμάτων
2826 3863 2957 3927 εἰσὶ,
2990 3862 3050 3915 τὸ
3075 3863 3133 3916 δὲ
3173 3864 3307 3917 αὐτὸ
3341 3865 3593 3935 Πνεῦμα.
3617 3885 3635 3919 ι
3674 3867 3786 3921 Kal.
3819 3870 4009 3925 πάλιν·

2424 3972 2443 4005 ι
2467 3953 2652 4007 Ταῦτα
2682 3954 2739 4007 δὲ
2770 3952 2949 4007 πάντα
2984 3956 3200 4026 ἐνεργεῖ
3219 3956 3279 4009 τὸ
3307 3956 3365 4008 ἒν
3389 3957 3485 4010 καὶ
3512 3958 3571 4011 τὸ
3594 3959 3727 4012 αὐτὸ
3755 3960 4013 4031 Πνεῦμα,

2419 4043 2662 4113 διαιροῦν
2697 4044 2803 4115 ἰδίᾳ
2852 4045 3071 4117 ἑκάστῳ
3105 4046 3288 4111 καθὼς
3322 4047 3596 4118 βούλεται.
3630 4071 3648 4102 ι
3686 4052 3796 4105 Kal
3825 4050 4012 4119 αὖθις

2424 4153 2443 4185 ι
2480 4135 2738 4204 Ἔχοντες
2768 4135 2825 4187 δὲ
2847 4136 2907 4188 τὸ
2941 4136 3076 4189 αὐτὸ
3093 4135 3324 4207 Πνεῦμα
3344 4139 3443 4209 τῆς
3473 4122 3737 4205 πίστεως.
3764 4162 3784 4194 ε

2490 4309 2641 4363 ΟΡΘ.
2703 4310 2800 4373 El;
2861 4311 3055 4382 καιρὸν
3099 4311 3199 4375 τάς
3247 4311 3616 4377 ἁποστολικάς
3683 4298 4017 4389 παρήγαγες

733 4417 790 4471 Si
816 4432 947 4488 ergo
970 4418 1217 4488 ejusdem
1265 4416 1504 4485 Spiritus
1535 4431 1655 4470 esse
1693 4415 1930 4470 dicimus
1962 4417 2310 4487 evangelista-

2426 4401 2756 4472 μαρτυρίας.
2803 4403 2867 4455 Ei
2916 4402 3096 4455 τοίνυν
3141 4403 3236 4457 τοῦ
3272 4403 3442 4459 αὑτοῦ
3498 4405 3816 4478 Πνεῦματος
3868 4405 4019 4465 εἷναί

735 4523 855 4562 rum
886 4516 943 4563 et
973 4509 1349 4578 apostolorum
1418 4506 1749 4571 doctrinam,
1810 4506 1942 4561 audi
1992 4506 2313 4577 Apostolum

736 4597 1020 4667 Evangelii
1046 4598 1214 4652 verba
1242 4596 1718 4667 interpretantem.
1775 4596 1911 4651 Nam
1947 4594 2013 4649 ad
2057 4594 2317 4651 Hebraeos

738 4689 984 4745 scribens
1007 4690 1086 4743 sic
1116 4689 1191 4745 ait
1222 4706 1235 4742 :
1281 4708 1299 4739 ι
1338 4679 1455 4744 Ndn
1486 4689 1637 4743 enim
1668 4689 1892 4759 angelos
1921 4688 2173 4753 assumit,
2219 4688 2316 4742 sed

738 4794 925 4835 semen
957 4780 1189 4835 Abrahae
1211 4780 1439 4834 assumit
1459 4781 1522 4833 ¹³.
1554 4799 1572 4832 ι
1610 4780 1708 4833 Dic
1728 4779 1918 4848 igitur,
1945 4778 2080 4848 quid
2108 4779 2317 4833 intelli-

740 4872 823 4941 gis
873 4886 970 4940 per
1003 4887 1181 4925 semen
1225 4870 1504 4926 Abrahw.’
1551 4870 1635 4924 An
1679 4861 1791 4922 non
1842 4868 1898 4923 id
1941 4868 2088 4938 quod
2123 4868 2321 4923 habuit

741 4964 1011 5017 Abraham
1044 4962 1345 5017 secundum
1370 4970 1645 5030 naturam,
1673 4960 1870 5015 habuit
1910 4960 2081 5014 etiam
2128 4975 2317 5016 semen

741 5055 972 5108 Abrahzn
1001 5054 1025 5105 ?

815 5230 1018 5285 ERAN.
1052 5231 1171 5286 Non
1199 5231 1401 5285 omnia.
1426 5230 1681 5285 Christus
1710 5231 1857 5285 enim
1887 5238 2174 5301 peccatum
2206 5244 2318 5281 non

744 5317 892 5374 fecit.

808 5407 1016 5463 ORTH.
1051 5409 1340 5466 Peccatum
1372 5428 1479 5467 non
1511 5420 1594 5467 est
1627 5421 1859 5473 naturre,
1887 5410 1981 5465 sed
2016 5411 2168 5465 mala:
2226 5424 2321 5461 v0-

741 5498 986 5555 luntatis.
1034 5499 1162 5555 ldeo
1206 5509 1316 5555 non
1352 5501 1634 5557 indeﬁnite
1667 5501 1780 5556 dixi
1845 5520 1854 5553 :
1916 5500 2064 5569 quod
2119 5500 2318 5553 habuit

1298 5680 1337 5710 "
1368 5678 1511 5733 [Cor
1575 5693 1663 5733 xu.
1708 5678 1750 5729 ί.
1834 5677 1874 5706 ’³
1908 5675 2037 5727 Ibid
2079 5677 2163 5727 ll.

812 5676 850 5707 “
882 5677 1034 5733 Joan.
1070 5694 1103 5741 ι,
1138 5677 1196 5731 Η
1298 5680 1337 5710 "
1368 5678 1511 5733 [Cor
1575 5693 1663 5739 xu,
1708 5678 1750 5729 ί.

2245 5677 2280 5705 ¹’“
2317 5675 2357 5729 ll
2392 5674 2515 5727 Cor.
2549 5693 2617 5739 tv,
2656 5676 2733 5728 13.

2421 4509 2602 4562 φαμεν
2631 4493 2699 4547 τά
2728 4509 2787 4546 τε
2822 4484 2931 4546 τῶν
2964 4493 3407 4563 εὐαγγελιστῶν,
3427 4495 3499 4550 τά
3534 4512 3595 4549 τε
3641 4498 3747 4551 τῶν
3774 4500 4019 4555 ἀποστό-

2422 4584 2529 4637 λων
2557 4584 2928 4655 παιδεύματα,
2957 4584 3190 4640 ἄκουσον
3234 4587 3329 4642 τοῦ
3369 4587 3695 4642 ’Ᾱποστόλου
3740 4589 3803 4643 τὸ
3841 4591 4019 4662 εὐαγο

2420 4676 2637 4744 γελικὸν
2656 4677 2819 4748 ῥητὸν
2847 4676 3264 4749 ὲρμηνεύοντος.
3310 4676 3588 4750 Ἑϐραίοις
3616 4679 3727 4751 γάρ
3749 4682 4016 4737 ἐπιστέλ-

2421 4766 2530 4818 λων
2555 4762 2729 4829 οὕτως
2769 4766 2874 4837 ἔφη
2891 4784 2905 4799 ο
2937 4787 2955 4819 ι
2978 4769 3053 4821 Οὐ
3080 4768 3188 4840 γὰρ
3214 4770 3385 4839 δήπου
3410 4769 3660 4837 ἀγγέλων
3688 4770 4014 4842 ἐπιλαμϐά-

2423 4874 2592 4920 νεται,
2646 4856 2785 4911 ἀλλὰ
2818 4858 3132 4929 σπέρματος
3189 4860 3443 4932 Ἀϐραάμ
3498 4861 4013 4931 ἐπιλαμϐάνεται.»

2434 4951 2750 5021 ’Λπόκριναι
2772 4951 2973 5017 τοίνυν,
2991 4952 3043 5005 τί
3062 4955 3201 5017 νοεῖς
3229 4953 3291 5007 τὸ
3325 4953 3566 5023 σπέρμα
3594 4954 3702 5008 τοῦ
3734 4957 4021 5029 Ἀϐραὰμς

2424 5041 2621 5095 οὐκοῦν
2649 5043 2786 5111 ὅπερ
2822 5037 2937 5111 εἶχε
2976 5044 3119 5098 κατὰ
3158 5044 3319 5115 φύσιν
3366 5045 3641 5117 Ἀϐραὰμ,
3669 5040 3784 5118 εἶχε
3826 5050 3926 5104 καὶ
3958 5052 4023 5106 τὶ

2425 5134 2647 5203 σπέρμα
2680 5136 2772 5187 τοῦ
2811 5134 3089 5207 Ἀϐραάμς
3612 5148 3615 5151 ‘

2495 5222 2697 5276 ΕΡΑΝ.
2751 5224 2826 5276 Οὐ
2858 5224 3057 5279 πάντα.
3108 5226 3412 5299 Ἀμαρτὲαν
3450 5229 3560 5301 γάρ
3589 5231 3618 5283 ὀ
3643 5228 3881 5301 Χριστὸς
3916 5233 4026 5288 οὐκ

2425 5329 2698 5381 εποιησεν.

2500 5405 2653 5459 ΟΡΘ.
2698 5405 2758 5458 ’Π
2796 5406 3042 5475 ἁμαρτία
3063 5409 3163 5461 οὐκ
3194 5408 3315 5462 ἔστι
3347 5410 3449 5482 τῆς
3479 5411 3717 5481 φῦσεως,
3748 5414 3889 5470 ἀλλὰ
3921 5419 4027 5491 τῆς

2432 5497 2607 5565 κακῆς
2648 5498 3039 5567 προαιρέσεως.
3069 5500 3271 5552 Τούτου
3300 5500 3365 5571 δὴ
3394 5503 3577 5573 χάριν,
3609 5504 3711 5557 οὐκ
3744 5505 4027 5578 ἀορίστως

2820 5679 2860 5710 ³³
2887 5675 3048 5729 llelu‘.
3086 5694 3140 5741 ιι,
3176 5679 3259 5733 ίίῖ.
