4148 6392
641 396 777 460 ’13

1691 373 2175 455 THEODORETI
2216 370 2556 433 EPISCOPI
2591 369 2959 432 CYRENSIS
3880 353 3941 416 Η

710 497 1007 557 ostendens
1047 493 1445 549 humanitatem
1472 486 1676 546 Christi
1708 499 1773 542 ex
1802 481 2012 539 semine
2054 477 2284 534 Abrahae

2417 477 2759 548 ναργέστατα
2797 475 3008 538 δεικνὺς
3035 473 3132 543 τὴν
3163 470 3556 540 ἁνθρωπότητα
3587 462 3679 517 τοῦ
3727 463 3943 534 Χριστου

711 589 1067 660 εετωὶηαεεο,
1095 594 1148 637 et
1176 581 1402 652 Abrahae
1429 581 1623 635 factam
1649 573 2069 646 promissionem
2098 567 2288 637 imple-

713 696 856 738 νιεεε
866 723 875 734 .

785 857 992 914 ERAN.
1025 855 1180 909 Dicta
1211 858 1340 905 sunt
1365 849 1482 902 haec
1511 845 1580 900 ab
1609 841 1888 914 Apostolo.

786 945 994 1004 ORTH.
1026 945 1286 999 Poterant
1307 939 1424 994 haec
1449 934 1673 1006 quidem
1701 931 1832 986 satis
1857 943 1975 984 esse
2001 924 2067 980 ad
2097 921 2292 978 tollen-

717 1039 843 1097 dam
869 1050 1086 1092 omnem
1117 1029 1548 1091 controversiam
1578 1041 1700 1096 quae
1729 1024 1832 1078 hac
1857 1021 1924 1075 de
1951 1033 2010 1072 re
2034 1014 2289 1086 agitatur.

717 1129 830 1203 Ego
859 1139 1039 1185 tamen
1064 1125 1224 1181 aliam
1258 1135 1476 1194 quoque
1509 1115 1916 1188 praedictionem
1951 1109 2050 1163 tibi
2091 1107 2146 1159 in
2176 1118 2291 1158 me-

719 1220 949 1274 moriam
980 1214 1271 1271 revocabo.
1306 1207 1472 1266 Jacob
1503 1202 1813 1276 patriarcha
1852 1193 2295 1252 benedictionem

721 1312 865 1367 hanc
893 1308 998 1366 sibi
1029 1317 1084 1361 et
1116 1304 1258 1375 patri
1285 1309 1340 1356 et
1383 1312 1484 1353 avo
1515 1296 1697 1351 datam
1729 1291 1829 1346 soli
1858 1287 2011 1344 Judae
2033 1307 2036 1309 λ
2055 1285 2166 1339 filio
2197 1282 2295 1353 de—

723 1402 823 1464 dit,
856 1399 1044 1454 dicens
1069 1413 1080 1448 :
1118 1373 1135 1446 ἆ
1168 1393 1288 1449 Νοη
1316 1388 1534 1446 deﬁciet
1564 1384 1820 1455 princeps
1839 1379 1905 1433 de
1927 1377 2089 1440 Juila,
2115 1385 2169 1429 et
2188 1373 2295 1427 dux

723 1493 791 1548 de
819 1489 1119 1547 femoribus
1146 1487 1285 1556 ejus,
1314 1481 1491 1537 donec
1517 1477 1704 1532 veniat
1740 1473 1828 1528 cui
1866 1470 2164 1540 repositum
2193 1473 2295 1528 est,

723 1592 779 1640 et
807 1585 921 1654 ipse
955 1580 1056 1637 erit
1089 1574 1423 1646 exspectatio
1455 1568 1699 1641 gentium
1727 1567 1791 1618 η.
1828 1583 1846 1613 ›
1876 1564 1957 1616 An
1989 1556 2297 1629 praedictio-

2388 571 2453 623 ἐκ
2482 569 2792 642 σπέρματος
2835 567 3214 637 βλαστήσασαν
3256 559 3527 631 Ἀϐραὰμ,
3569 559 3662 609 καὶ
3684 553 3780 624 τὴν
3825 555 3945 620 πρὸς

2389 664 2481 715 τὸν
2556 659 2809 729 ’Δδραὰμ
2857 654 3232 726 γεγενημένην
3293 649 3631 718 ἐπαγγελίαν
3673 643 3950 716 πληρώσει·

2396 773 2512 808 σαν.

2466 845 2670 900 EPAN.
2701 842 2931 915 Εἴρηται
2966 838 3139 892 ταῦτα
3169 837 3246 908 τῷ
3288 832 3614 902 Ἀποστόλῳ.

2466 936 2614 992 υΡΘ.
2666 934 2849 990 Ἱκανὰ
2882 932 2980 1004 μὲν
3009 930 3104 985 xui.
3132 927 3305 982 ταῦτα
3331 928 3510 979 πᾶσαν
3536 923 3633 992 τὴν
3679 920 3807 990 περὶ
3838 916 3954 972 τού·

2395 1046 2490 1084 του
2523 1027 2845 1099 κινουμένην
2885 1022 3297 1094 ἀμφισϐήτησιν
3347 1015 3526 1069 λῦσαι.
3568 1010 3710 1079 Ἐγὼ
3737 1010 3795 1064 δέ
3823 1009 3957 1079 ὅμως

2397 1121 2491 1176 καὶ
2533 1119 2725 1191 ἐτέρας
2779 1133 2836 1169 σε
2898 1115 3255 1184 προρᾐήσεως
3309 1106 3630 1177 ἀναμνήσω.
3704 1099 3956 1155 Ἰακὼδὲ

2400 1213 2742 1284 πατριάρχης
2769 1207 2922 1276 τήνδε
2946 1207 3045 1274 τὴν
3091 1199 3340 1268 εὐλογίαν
3370 1195 3518 1265 αὐτῷ
3548 1194 3643 1247 καῖ⁵
3677 1189 3754 1261 τῷ
3781 1207 3837 1244 τε
3866 1205 3957 1242 πα-

2399 1306 2490 1377 τρὶ
2515 1281 2608 1356 καὶ
2637 1301 2714 1370 τῷ
2743 1302 2955 1367 πάππῳ
2987 1295 3254 1354 δοθεῖσαν,
3300 1289 3470 1360 Ἰούδᾳ
3492 1284 3569 1355 τῷ
3601 1283 3752 1338 παιδὶ
3774 1281 3961 1334 δέδωκε

2404 1366 2570 1466 μ’ἀνῳ.
2618 1366 2761 1460 Ἔὲρη
2796 1390 2852 1443 δὲ
2893 1366 3086 1448 οὕτως·
3137 1403 3155 1436 ε
3225 1383 3338 1435 Οὐκ
3389 1376 3631 1444 ικλείψει
3679 1374 3861 1456 ἄρχων
3910 1366 3966 1430 εξ

2414 1486 2602 1549 Ἰούδα,
2634 1482 2728 1537 καὶ
2759 1479 3059 1550 ἡγούμενος
3101 1477 3165 1528 ὲκ
3192 1472 3300 1527 τῶν
3333 1468 3523 1540 μηρῶν
3557 1463 3743 1526 αὐτοῦ,
3775 1461 3877 1523 ἕως
3907 1458 3966 1510 ἂν

2402 1575 2531 1645 ἔλθῃ
2645 1547 2957 1630 ἀπόκειται,
3000 1568 3097 1620 καὶ
3120 1564 3280 1624 αὐτὸς
3327 1556 3626 1632 προσδοκία
3655 1551 3877 1607 ἐθνῶν.»
3903 1547 3970 1600 'ﬂ

725 1641 850 1730 ueni
878 1673 1039 1728 istam
1074 1641 1460 1723 non-admittis
1490 1670 1744 1728 tanquam
1773 1653 1838 1707 de
1864 1649 2085 1706 Christo
2111 1645 2297 1701 Salva-

2417 1669 2460 1721 ›ὐ
2494 1641 2622 1736 δέχῃ
2657 1663 2812 1734 τήνδε
2843 1661 2944 1731 τὴν
2985 1658 3311 1730 πρόρρησιν,
3339 1653 3412 1714 ὡς
3444 1649 3571 1719 περὶ
3598 1645 3691 1699 τοῦ
3724 1641 3971 1711 Σωτῆρος

731 1777 846 1820 tore
871 1756 1326 1834 praenuntiatam?

2405 1759 2700 1830 εἰρημένην
2727 1753 2964 1824 Χριστοῦ
2993 1770 3008 1818 ;

799 1827 1004 1910 ΕΙίΑΝ.
1042 1843 1216 1906 Judaei
1253 1846 1388 1899 tales
1427 1837 1745 1912 prophetias
1792 1845 2080 1906 perperam
2129 1829 2302 1883 inter-

2741 1846 2982 1899 Ἰουδαῖοι
3041 1842 3139 1904 τὰς
3185 1837 3438 1898 τοιαύτας
3501 1828 3975 1903 παρερμηνεύουσι

725 1950 1043 2016 pretantur;
1075 1953 1175 2009 ego
1209 1951 1340 1990 vero
1367 1931 1712 1988 Christianus
1771 1940 1913 1988 sum,
1945 1920 2146 1977 divinis
2179 1931 2300 1971 cre-

724 2037 866 2093 dens
897 2031 1215 2102 Scripturis,
1248 2036 1303 2082 et
1337 2019 1634 2096 (probatas)
1675 2019 1740 2073 de
1788 2017 2068 2071 Salvatore
2113 2017 2303 2064 nostro

729 2123 1046 2197 prophetias
1074 2120 1190 2173 sine
1227 2117 1333 2168 ulla
1363 2110 1703 2167 dubitatione
1731 2105 1955 2174 recipio.

793 2188 1002 2270 OIRTH.
1018 2207 1432 2276 Quoniam-ergo
1450 2200 1638 2256 fateris
1663 2206 1712 2252 te
1738 2194 1962 2250 credere
1979 2188 2302 2261 prophetiis,

734 2314 791 2360 et
843 2318 966 2373 quae
1020 2298 1281 2370 prtedicta
1335 2295 1438 2363 16
1489 2300 1618 2345 sunt
1669 2288 1736 2342 de
1787 2285 2066 2340 Salvatore
2116 2287 2308 2334 nostro

731 2371 880 2452 edita
911 2406 1032 2448 esse
1077 2388 1251 2450 dicis,
1299 2385 1430 2437 hinc
1477 2381 1770 2435 verborum
1812 2371 2055 2444 Apostoli
2082 2384 2308 2439 scopum

733 2487 1045 2544 considera.
1077 2476 1411 2536 Patriarchis
1443 2473 1589 2528 enim
1626 2469 1795 2523 factas
1829 2461 2218 2534 promissiones
2243 2458 2308 2512 ad

733 2579 939 2634 exitum
989 2573 1281 2644 perductas
1326 2567 1490 2620 fuisse
1552 2559 1878 2617 ostendens,
1933 2551 2308 2607 admirabilem

737 2670 882 2724 illam
911 2642 1097 2718 vocem
1124 2659 1308 2714 emisit
1340 2675 1351 2707 :
1389 2675 1406 2705 ‹
1438 2653 1555 2708 Νοη
1583 2649 1729 2704 enim
1761 2645 1980 2715 angelos
2015 2642 2203 2711 utique
2228 2655 2311 2693 as-

732 2752 1061 2812 sumit”°“.
1095 2770 1110 2800 ι
1148 2747 1312 2814 Quasi
1334 2745 1570 2799 diceret:
1593 2738 1730 2791 Vera
1752 2743 1834 2790 est
1864 2732 2176 2801 promissio,
2209 2729 2310 2783 im-

738 2843 920 2918 posuit
959 2840 1222 2896 Dominus
1268 2828 1728 2906 promissionibus
1770 2824 1954 2883 finem,
1983 2829 2205 2889 apertus
2231 2825 2314 2871 est

737 2909 994 3008 'gentibus
1036 2923 1438 2984 benedictionis
1481 2919 1634 2980 fons,
1678 2916 1821 2969 Deus
1852 2927 2036 2966 semen
2081 2909 2314 2964 Abrahae

736 3003 1053 3089 assumpsit,
1078 3031 1174 3086 per
1203 3014 1309 3067 hoc
1335 3009 1653 3080 promissam
1687 3003 1914 3056 salutem
1950 3006 2187 3069 praestat,
2218 3012 2314 3054 per

739 3113 846 3169 hoc
868 3109 1110 3182 gentium
1134 3097 1595 3171 exspectationem
1627 3091 1932 3147 confirmat.

797 3395 1021 3454 ‘ERAN.
1053 3389 1317 3452 Praeclare
1347 3403 1473 3443 cum
1502 3381 1829 3455 apostolicis
1845 3377 2164 3451 prophetica
2191 3390 2322 3430 con-

744 3505 883 3546 ποια
912 3493 1062 3543 sunt.

813 3576 1025 3635 ORTH.
1061 3574 1209 3630 Idem
1242 3584 1435 3625 rursus
1456 3566 1677 3622 divinus
1720 3563 2033 3634 Apostolus,
2070 3560 2137 3614 de
2170 3558 2324 3614 Judae

746 3665 1128 3724 benedictione
1154 3675 1256 3714 nos
1279 3658 1583 3712 admonens
1626 3663 1683 3708 et
1703 3651 1831 3706 huic
1851 3664 2070 3721 quoque
2095 3662 2320 3717 respon-

723 3759 894 3814 disse
931 3762 1189 3811 eventum
1222 3748 1535 3810 ostendens,
1569 3745 1836 3799 exclamat
1878 3759 1889 3793 :
1924 3760 1940 3791 ‹
1976 3738 2322 3793 Manifestum

677 3904 683 3908 .
747 3859 835 3907 est
862 3846 1030 3911 enim,
1062 3860 1127 3899 ex
1169 3839 1308 3896 Juda
1349 3847 1528 3893 ortum
1571 3850 1692 3889 esse
1733 3833 2026 3887 Dominum
2055 3832 2120 3882 ".
2163 3849 2180 3880 ι
2211 3830 2325 3884 Hoc

752 3943 930 4012 ipsum
948 3943 1005 3992 et
1024 3933 1290 4005 propheta
1312 3928 1582 3992 Michaaas,
1609 3931 1666 3980 et
1689 3923 1973 3978 Matthaeus
1993 3921 2324 3990 evangelista

747 4011 1018 4088 fecerunt.
1044 4023 1137 4079 lile
1161 4021 1306 4075 enim
1331 4015 1649 4074 vaticinium
1674 4013 1866 4074 edidit.
1892 4013 1982 4066 hic
2003 4025 2133 4065 vero
2155 4011 2326 4063 histo-

750 4121 846 4175 riae
871 4114 1252 4190 propheticum
1276 4109 1648 4166 testimonium
1677 4091 1944 4176 adiunxit.
1973 4103 2040 4157 Et
2061 4101 2206 4170 quod
2233 4101 2328 4154 ad-

750 4206 1043 4263 miratione
1089 4192 1312 4273 dignum
1361 4207 1478 4262 est,
1515 4195 1832 4251 manifestos
1869 4193 2115 4248 veritatis
2143 4191 2328 4245 hostes

752 4296 954 4353 Herodi
981 4300 1168 4365 aperte
1194 4290 1396 4346 dixisse
1427 4289 1522 4352 ait,
1553 4287 1670 4341 fore
1701 4295 1762 4338 ut
1788 4283 2040 4338 Christus
2079 4283 2132 4336 in
2161 4281 2325 4335 Beth-

749 4387 891 4445 leem
926 4391 1266 4442 nasceretur.
1307 4401 1324 4433 ι
1362 4380 1641 4449 Scriptum
1675 4378 1821 4432 enim
1850 4384 1954 4440 est,
1985 4376 2159 4444 inquit
2206 4393 2219 4425 :
2262 4375 2329 4428 Et

2407 1925 2743 2012 προφητείας
2770 1949 2788 1967 ·’
2840 1936 2950 2004 ἐγὼ
2990 1935 3044 1986 δέ
3085 1929 3410 2003 Χριστιανός
3474 1928 3610 1995 ειμι,
3663 1926 3776 1984 τοῖς
3818 1919 3977 1980 θείοις

2408 2007 2678 2086 πίστεύων
2723 2029 2921 2095 λόγοις,
2966 2029 3058 2078 καὶ
3105 2024 3202 2086 τὰς
3248 2022 3376 2091 περὶ
3412 2018 3508 2072 τοῦ
3546 2016 3799 2085 Σωτῆρος
3829 2007 3978 2080 ἡμῶν

2409 2120 2747 2194 προφητείας
2773 2115 3162 2177 ἀνενδοιάστως
3193 2113 3445 2181 δέχομαι.

2481 2213 2632 2266 ΟΡΘ.
2678 2209 2894 2278 Ἐπειδὴ
2916 2208 3097 2260 τοίνυν
3142 2201 3422 2256 πιστεύειν
3463 2201 3584 2262 ταῖς
3626 2191 3982 2265 προφητείαις

2410 2303 2711 2374 ὁμολογεῖς,
2763 2301 2857 2353 καὶ
2891 2297 2957 2350 τὰ
3004 2293 3386 2366 προρρηθέντα
3437 2291 3564 2360 περὶ
3610 2285 3702 2340 τοῦ
3737 2281 3985 2349 Σωτῆρος

2413 2370 2568 2464 ἡμῶν
2591 2370 2951 2443 τεθεσπίσθαι
2979 2387 3179 2454 λέγεις,
3223 2383 3414 2452 νόησον
3455 2379 3566 2450 (li)
3595 2374 3848 2431 ἐντεῦθεν
3882 2370 3984 2424 τῶν

2415 2461 2784 2534 ἀποστολικῶν
2821 2477 3002 2546 ῥητῶν
3031 2476 3121 2528 τὸν
3155 2475 3376 2528 σκοπόν.
3413 2472 3522 2533 Τὰς
3561 2469 3670 2538 γὰρ
3699 2465 3836 2534 πρὸς
3867 2461 3988 2520 τοὺς

2414 2570 2759 2640 πατριάρχας
2792 2566 3166 2635 γεγενημένας
3196 2561 3529 2630 ἐπαγγελίας
3572 2551 3989 2627 πεπερασμένας

2415 2662 2756 2723 ἐπιδεικνὺς,
2799 2659 2897 2728 τὴν
2938 2655 3247 2725 θαυμασίαν
3299 2651 3516 2718 ἐκείνην
3550 2647 3729 2715 ἀφῆκε
3780 2642 3993 2714 φωνήν

2421 2742 2464 2805 ι’
2492 2753 2564 2806 Οὐ
2603 2751 2713 2822 γὰρ
2745 2751 2915 2818 δήπου
2967 2746 3213 2815 ἀγγέλων
3245 2741 3705 2811 ἐπιλαμϐάνεται·
3748 2755 3767 2788 r
3811 2749 3993 2805 μονον-

2413 2843 2536 2914 ουχὶ
2574 2841 2783 2909 λέγων,
2843 2835 3106 2905 Ἀψευδὴς
3148 2837 3180 2903 ἡ
3235 2832 3558 2899 ὑπόσχεσις,
3597 2826 3836 2893 ἐπέθηκε
3879 2822 3994 2881 ταῖς

2417 2931 2774 3000 ἀπαγγελίαις
2803 2932 2830 2982 6
2872 2928 3150 2995 Δεσπότης
3181 2925 3387 2994 πέρας,
3429 2918 3654 2988 ἀνεῴγει
3693 2918 3807 2978 τοῖς
3850 2914 3997 2966 ἔθνε-

2422 3039 2505 3077 σιν
2543 3025 2576 3092 ἡ
2609 3026 2708 3091 τῆς
2760 3019 3009 3086 εὐλογίας
3054 3017 3227 3086 πηγὴ,
3278 3013 3370 3066 τοῦ
3412 3007 3769 3081 ’Λϐραμιαίου
3829 3002 3997 3072 σπέρ-

2347 3149 2388 3205 C
2429 3131 2595 3185 ματος
2643 3115 2671 3167 6
2716 3113 2851 3174 Θεὸς
2887 3109 3232 3178 ἐπείληπται,
3271 3105 3359 3157 διὰ
3408 3103 3598 3154 τούτου
3643 3099 3742 3167 τὴν
3794 3095 4000 3151 ἄνωθεν

2424 3202 2844 3276 ἐπηγγελμένην
2871 3198 3319 3271 πραγματεύεται
3354 3193 3649 3262 σωτηρίαν,
3687 3189 3777 3242 διὰ
3813 3186 3998 3240 τούτου

2423 3298 2520 3368 τὴν
2554 3296 2661 3349 τῶν
2698 3294 2867 3346 ἐθνῶν
2897 3291 3119 3361 ἐμπεδοί
3154 3287 3502 3359 προσδοκίαν.

2493 3387 2698 3441 EPAN.
2735 3387 2968 3455 Ἃριστα
3000 3383 3108 3444 τοῖς
3153 3377 3530 3438 ἁποατολικοῖς
3579 3374 3646 3426 τὰ
3690 3369 4003 3443 προφητικὰ

2428 3477 2798 3548 συνηρμόσθη.

2685 3564 2842 3618 Οὕτω
2893 3563 3054 3616 πάλιν
3095 3561 3123 3614 6
3172 3559 3314 3620 θεῖος
3378 3554 3700 3616 Ἀπόστολος
3754 3553 3859 3622 τῆς
3913 3547 4007 3602 τοῦ

2439 3658 2609 3711 Ἰούδα
2648 3656 2794 3726 ἡμᾶς
2817 3652 3250 3724 ἀναμιμνήσκων
3281 3646 3620 3717 εὐεργεσίας,
3656 3643 3749 3696 καὶ
3792 3639 4009 3700 δεικνὺς

2427 3752 2519 3804 καὶ
2572 3747 2775 3817 ταύτην
2827 3742 3127 3814 δεξαμένην
3177 3743 3238 3792 τὸ
3281 3739 3475 3808 πέρας,
3539 3735 3654 3806 βοᾷο
3688 3753 3703 3785 ι
3739 3731 4010 3802 Πρόδηλον

2426 3843 2554 3911 γὰρ,
2590 3839 2670 3893 δτι
2713 3838 2774 3902 ἐξ
2827 3834 2998 3890 Ἰούδα
3037 3831 3400 3886 ἀνατέταλκεν
3431 3831 3459 3882 6
3503 3827 3726 3897 Κύριος.
3775 3845 3793 3874 ι
3836 3821 4013 3875 Tauro

2427 3932 2481 3983 δὲ
2515 3927 2672 3982 τοῑτο
2701 3927 2796 3980 καὶ
2836 3929 2865 3978 6
2894 3925 3178 3995 προφήτης
3209 3920 3469 3992 Μιχαίας,
3511 3919 3605 3970 καὶ
3642 3919 3670 3969 6
3726 3912 4012 3982 εὐαγγελι-

2433 4019 2558 4090 στὴς
2621 4016 2899 4078 Ματθαῖος
2955 4013 3280 4082 πεποίηκεν.
3318 4012 3377 4064 '0
3429 4011 3529 4079 μέν
3574 4007 3680 4076 γὰρ
3735 4004 3859 4058 εἶπε
3916 4003 4016 4070 τὴν

2430 4111 2758 4182 πρόρρησιν,
2784 4110 2810 4160 6
2843 4108 2900 4160 δὲ
2933 4109 2998 4176 τῇ
3031 4105 3242 4174 ἱστορία
3277 4103 3376 4172 τὴν
3400 4101 3704 4171 μαρτυρίαν
3733 4092 4014 4158 συνέταξε.

2429 4202 2540 4255 Καὶ
2573 4199 2634 4253 τὸ
2665 4198 2990 4269 παράδοξον,
3024 4199 3104 4248 δτι
3144 4198 3267 4259 τοὺς
3293 4192 3724 4266 προδηλοτάτους
3752 4189 3851 4260 τῆς
3886 4187 4008 4253 ἁλη-

2431 4291 2579 4353 θείας
2605 4288 2831 4359 ἐχθροὺς
2866 4289 2971 4356 ἔφη
3005 4286 3083 4356 τῷ
3133 4285 3348 4357 Ἡρώδῃ
3382 4283 3567 4350 σαφῶς
3611 4283 3806 4343 εἰπεῖν,
3837 4281 3928 4340 ὡς
3964 4279 4020 4328 ἐν

2431 4385 2497 4452 τῇ
2532 4381 2780 4450 Βηθλεέμ
2814 4383 2842 4432 ὁ
2879 4378 3118 4448 Χριστὸς
3160 4377 3439 4444 γεννᾶται,
3483 4392 3500 4424 ι
3538 4373 3854 4442 Γέγραπται
3886 4368 4019 4437 γὰρ,

751 4492 832 4544 tu,
868 4478 1147 4534 Bethleem
1177 4482 1324 4528 terra
1355 4471 1527 4534 Judm,
1558 4482 1900 4537 nequaquam
1924 4467 2147 4519 minima
2179 4481 2238 4519 es
2273 4466 2313 4518 ir

2436 4473 2587 4543 φησὶ,
2633 4471 2743 4526 Καὶ
2777 4473 2866 4532 σὺ,
2907 4469 3176 4540 Βηθλεὲμ,
3212 4468 3284 4536 γῆ
3347 4465 3546 4528 Ἰούδα,
3591 4461 3848 4531 οὐδαμῶς
3899 4459 4024 4513 ἐλα-

750 4570 1098 4642 principibus
1125 4565 1297 4622 Iudae.
1343 4563 1421 4617 Ex
1466 4570 1519 4616 te
1561 4561 1707 4615 enim
1756 4559 1888 4613 mihi
1926 4559 2166 4628 prodibit
2197 4557 2326 4620 dux,

753 4663 845 4736 qui
874 4669 1022 4733 reget
1049 4657 1311 4730 populum
1341 4669 1524 4709 meum
1560 4652 1721 4706 Israel
1746 4653 1809 4706 '°.
1851 4669 1868 4701 ι
1898 4651 2008 4703 Nos
2047 4658 2231 4703 autem
2273 4648 2329 4702 id

753 4770 971 4826 quoque
1022 4751 1379 4821 adjungamus
1424 4743 1570 4815 quod
1615 4740 1788 4797 Judaei
1835 4742 2069 4809 maligne
2126 4740 2329 4794 omise-

753 4854 902 4910 runt,
927 4844 1057 4898 dum
1081 4839 1456 4910 imperfectum
1477 4834 1759 4905 proferunt
1779 4831 2168 4886 testimonium.
2194 4830 2329 4885 Cum

754 4939 898 4994 enim
947 4936 1169 4989 dixisset
1207 4932 1473 5002 propheta
1525 4947 1534 4980 :
1572 4947 1588 4978 ι
1639 4928 1718 4981 Ex
1751 4935 1803 4979 te
1834 4926 2149 4996 egredietur
2194 4925 2329 4979 mihi

755 5029 884 5092 dux,
937 5047 953 5078 ι
984 5025 1182 5096 adjecit
1208 5042 1221 5076 :
1257 5043 1273 5072 ‹
1307 5022 1374 5076 Et
1402 5032 1652 5089 egressus
1683 5016 1803 5086 ejus
1830 5015 1898 5068 ab
1927 5014 2106 5079 initio,
2151 5030 2180 5068 a
2212 5015 2326 5068 die-

755 5122 861 5177 hus
890 5115 1234 5172 aeternitatis.
1268 5132 1284 5163 ι

832 5209 932 5278 17
961 5203 1169 5260 ERAN.
1205 5201 1421 5271 Optime
1465 5197 1639 5251 fecisti
1677 5203 1851 5250 totum
1885 5196 2166 5264 propheta:
2204 5210 2333 5264 pro-

758 5301 941 5354 ferens
968 5295 1375 5356 testimonium;
1409 5287 1648 5344 ostendit
1678 5288 1824 5340 enim
1859 5287 2031 5341 Deum
2073 5302 2214 5353 esse,
2240 5287 2332 5357 qui

757 5392 814 5446 in
841 5388 1115 5444 Bethleem
1145 5391 1307 5437 natus
1330 5390 1432 5436 est.

825 5478 963 5534 ORT
972 5477 1034 5530 Η.
1058 5474 1178 5529 Non
1209 5474 1377 5528 Deum
1407 5469 1591 5535 modo,
1616 5483 1804 5523 verum
1837 5467 2008 5522 etiam
2031 5465 2330 5522 hominem.

2438 4565 2597 4633 χίστη
2621 4559 2670 4615 εἷ
2700 4565 2756 4615 ἐν
2800 4565 2912 4625 τοῖς
2953 4561 3217 4632 ἡγεμόσιν
3282 4558 3472 4612 Ἰούδα⁸
3524 4557 3588 4609 ὲκ
3636 4554 3731 4608 σοῦ
3775 4554 3888 4623 γάρ
3935 4568 4025 4621 μοι

2437 4653 2776 4717 ἐξελεύσεται
2819 4653 3140 4723 ἡγούμενος,
3174 4653 3322 4713 ὅστις
3356 4649 3611 4718 ποιμανεῖ
3639 4647 3729 4699 τὸν
3755 4644 3886 4697 λαόν
3922 4660 4022 4713 μου

2436 4746 2528 4797 τὸν
2567 4746 2803 4815 Ἰσραήλ.
2843 4763 2859 4794 ι
2907 4743 3309 4812 Ἐπαγάγωμεν
3344 4742 3398 4793 δέ
3440 4742 3534 4793 καὶ
3567 4741 3725 4809 ἡμεῖς
3757 4737 3852 4790 καὶ
3887 4738 4028 4804 ὅπερ

2453 4835 2689 4888 Ἰουδαῖοι
2733 4835 3016 4905 κακοήθως
3057 4819 3376 4905 παρέλιπον,
3411 4829 3574 4901 ἀτελῆ
3621 4830 4028 4900 προσενεγκόν-

2441 4944 2530 4987 τες
2560 4927 2655 4992 τὴν
2692 4925 3014 4996 μαρτυρίαν.
3053 4924 3303 4996 Είρηκὼς
3328 4923 3438 4993 γὰρ
3477 4925 3505 4974 ὸ
3538 4921 3846 4991 προφήτης,
3877 4939 3895 4969 ι
3936 4919 4032 4970 Ἐκ

2444 5015 2535 5068 σοῦ
2568 5017 2905 5079 ἐξελεύσεταί
2963 5033 3050 5087 μοι
3095 5017 3421 5086 ἡγούμενος,
3457 5034 3474 5064 ο
3519 5013 3768 5082 ἐπήγαγε
3793 5027 3805 5038 ·
3865 5031 3884 5061 ι
3920 5012 4033 5062 Καὶ

2441 5110 2495 5160 αἱ
2531 5108 2697 5172 ἔξοδοι
2743 5108 2905 5162 αὐτοῦ
2940 5109 3033 5160 ἀπ’
3064 5108 3239 5179 ἀρχῆς
3287 5109 3378 5175 ἀφ’
3400 5105 3626 5176 ἡμερῶν
3665 5103 3915 5166 αἰῶνος-,ι

2513 5201 2717 5255 EPAN.
2755 5202 2990 5271 Ἀριστα
3040 5202 3371 5269 πεποίηκας.
3415 5201 3592 5252 πᾶσαν
3628 5193 3895 5258 τεθεικὼς
3941 5191 4036 5246 τοῦ

2441 5294 2720 5362 προφήτου
2755 5291 2852 5361 τὴν
2896 5292 3222 5362 μαρτυρίαν.
3263 5290 3514 5342 Δείκνυσι
3564 5287 3671 5358 γὰρ
3699 5286 3790 5339 τὸν
3833 5288 3893 5339 ἐν
3930 5286 4009 5352 Br,

2442 5381 2606 5452 θλεὲμ
2636 5382 2895 5452 τεχθέντα
2922 5383 3074 5437 Θεὸν.

2513 5473 2664 5526 ΟΡΘ.
2719 5475 2791 5525 Οὐ
2842 5473 2972 5527 Θεὸν
3025 5475 3204 5544 μόνον,
3249 5472 3385 5526 ἀλλὰ
3431 5470 3524 5525 καὶ
3557 5470 3868 5541 ἄνθρωπον.
3910 5467 4044 5520 ’Λνι-

829 5635 872 5668 ’³
921 5633 1055 5686 Gen.
1088 5647 1228 5693 xm,
1262 5628 1344 5682 10.
1422 5629 1537 5661 "'3‘
1566 5626 1731 5682 Hebr.
1763 5643 1819 5691 lt,
1857 5627 1938 5680 16.
2018 5629 2063 5658 ’⁸
2107 5626 2313 5681 Hebr.‘

2431 5627 2515 5682 Η.
2594 5631 2637 5662 ’θ’
2669 5632 2856 5688 Matth.
2896 5651 2953 5697 ll,
2985 5635 3036 5698 5,
3071 5633 3136 5700 6;
3166 5632 3289 5685 coll.
3318 5631 3481 5686 Mich.
3532 5645 3586 5693 v,
3615 5628 3670 5683 2.

835 5769 946 5841 (ll)
986 5769 1082 5824 Ed.
1128 5771 1284 5825 Rom.
1335 5778 1388 5825 et
1429 5769 1577 5839 Lips.
1620 5770 1827 5840 νόησαι.
