4112 6374
671 412 739 478 ιτ
1634 379 2131 451 'THEODORETI
2171 375 2266 436 ΕΡ

2373 371 2511 432 ΣΟΡΙ
2551 369 2918 433 CYRENSIS
3852 356 3921 419 6‘3

673 521 933 574 humanas
961 509 1421 608 atliluxeris..;Ego
1450 503 1596 562 enim
1643 501 1699 555 in
1729 499 1842 554 sola
1870 494 2054 550 divina
2075 487 2242 543 'Scri-
2273 491 2318 546 Α

669 616 830 681 ptnra
863 607 1172 677 acquiesco.

886 661 1101 750 BDAN.
1136 689 1348 745 Nullam
1383 683 1650 738 rationem
1699 673 1974 767 admittes,
2007 679 2128 767 quae
2158 661 2245 767 di:

670 753 1128 856 vmmchripturze
1153 776 1465 836 testimonio
1488 789 1599 829 non
1619 766 1997 825 conﬁrmetur.
2030 758 2086 813 Si
2111 753 2247 809 mihi

670 898 736 936 ex
767 849 1272 944 divina-Scriptura
1300 863 1662 924 dubitationis
1686 857 2017 916 solutionem
2048 849 2249 905 attule-

669 973 766 1038 ris,
795 970 1077 1027 admittam
1102 973 1159 1020 et
1187 963 1410 1018 minime
1435 955 1828 1014 contradicam.

738 1047 947 1123 Oil'l‘ﬂ.
975 1062 1095 1118 Scis
1112 1057 1259 1131 quod
1289 1054 1453 1127 paulo
1485 1059 1614 1106 ante
1643 1049 1852 1104 dictum
1874 1038 2248 1112 evangelicum

667 1175 767 1230 per
793 1154 1038 1227 Apostoli
1071 1150 1444 1209 testimonium
1473 1140 1951 1202 declaraverimus,
1979 1133 2250 1199 nobisque

667 1228 922 1320 exposuit
949 1247 1168 1302 divinus
1197 1241 1495 1314 Apostolus
1527 1233 1804 1308 quomodo
1826 1228 2070 1320 Verbum
2121 1237 2251 1320 caro

665 1315 870 1396 factum
900 1339 992 1403 sit,
1025 1337 1228 1393 diserte
1254 1334 1442 1390 dicens
1469 1348 1482 1383 :
1517 1348 1536 1380 ‹
1563 1327 1684 1383 Non
1706 1325 1856 1381 enim
1887 1319 2111 1390 angelos
2137 1315 2248 1369 uti-

668 1448 774 1502 que
798 1430 1049 1495 assumit,
1077 1426 1173 1484 sed
1207 1439 1395 1482 semen
1426 1419 1660 1478 Abrahae
1684 1415 1914 1472 assumit
1943 1413 2007 1465 ".
2047 1430 2064 1461 ι
2099 1408 2250 1502 idem

669 1500 836 1593 igitur
861 1531 917 1576 et
944 1535 1093 1575 nunc
1120 1515 1338 1573 docebit
1366 1529 1470 1568 nos
1500 1510 1764 1581 magister
1805 1502 2082 1576 quomodo
2106 1500 2254 1554 Deus

670 1617 908 1671 Verbum
942 1616 996 1668 in
1042 1621 1186 1668 terra
1224 1609 1377 1665 visus
1418 1606 1490 1662 sit
1520 1612 1577 1660 et
1607 1615 1734 1657 eum
1767 1595 2086 1652 hominibus
2118 1606 2251 1648 eon-

670 1719 940 1765 versatus.

742 1802 950 1858 ERAN.
982 1801 1096 1871 Ego
1139 1807 1197 1856 et
1228 1791 1544 1868 apostolicis
1588 1796 1646 1844 et
1690 1780 2030 1858 propheticis
2060 1791 2249 1831 assen-

673 1895 781 1949 tior
824 1885 1190 1948 sermonibus.
1223 1885 1415 1941 Profer
1462 1882 1630 1953 igitur
1665 1890 1826 1948 quam
1872 1871 2148 1943 pollicitus
2194 1881 2255 1919 es

672 1985 973 2058 prophetiae
1015 1977 1546 2049 interpretationem.

745 2054 951 2134 ΟΒΤΗ.
988 2072 1072 2127 Ad
1101 2070 1452 2126 Timotheum
1487 2063 1735 2121 scribens
1770 2059 1991 2115 divinus
2023 2054 2258 2124 Aposto-

673 2173 761 2225 lus
790 2170 908 2223 haec
932 2165 1097 2222 etiam
1126 2161 1327 2233 adjecit
1351 2177 1364 2212 :
1402 2178 1420 2209 ι
1455 2155 1740 2211 Manifeste
1763 2162 2019 2220 magnum
2042 2153 2126 2200 est
2145 2143 2262 2213 pie-

676 2263 803 2316 tatis
842 2255 1198 2329 mysterium;
1239 2253 1386 2306 Deus
1429 2234 1808 2300 manifestatus
1841 2248 1927 2294 est
1967 2238 2024 2290 in
2062 2249 2258 2298 carne,

669 2350 1005 2422 iustificatus
1026 2347 1082 2400 in
1111 2342 1330 2413 spiritu,
1355 2339 1506 2393 visus
1532 2334 1760 2404 angelis,
1780 2329 2112 2401 praedicatus
2132 2340 2265 2395 gen-

679 2417 848 2506 tibus,
878 2438 1123 2495 creditus
1145 2441 1230 2489 est
1255 2433 1312 2485 in
1341 2428 1569 2491 mundo,
1602 2432 1915 2492 assumptus
1942 2429 2027 2474 est
2058 2419 2113 2472 in
2147 2417 2265 2487 glo-

681 2534 870 2589 τίν’.»
894 2528 1240 2585 Manifestum
1261 2532 1345 2578 est
1373 2535 1523 2590 ergo,
1556 2515 1702 2587 quod
1730 2512 2024 2568 invisibilis
2046 2508 2266 2579 quidem

683 2625 755 2680 sit
777 2623 962 2677 divina
990 2627 1206 2679 natura,
1237 2611 1471 2668 visibilis
1501 2616 1686 2663 autem
1720 2619 1869 2667 caro,
1898 2612 1953 2656 et
1988 2600 2133 2670 quod
2170 2615 2269 2667 per

684 2717 828 2771 hanc
848 2711 1120 2766 visibilem
1152 2703 1444 2760 invisibilis
1472 2701 1563 2754 illa
1589 2702 1882 2765 conspecta
1911 2693 2002 2756 sit,
2029 2706 2127 2760 per
2147 2705 2267 2743 cam

686 2805 858 2863 edens
904 2796 1168 2854 miracula
1199 2802 1254 2849 et
1296 2779 1451 2846 suam
1482 2787 1730 2842 revelans
1771 2781 2091 2852 potentiam.
2134 2779 2270 2831 Nam

687 2894 972 2951 oculorum
1006 2901 1227 2943 sensum
1253 2898 1418 2939 manu
1454 2876 1762 2939 fabricavit,
1789 2883 1846 2928 et
1873 2887 2075 2927 caacum
2111 2887 2140 2923 a
2176 2885 2271 2922 na-

686 2984 900 3040 tivitate
940 2978 1171 3040 sanavit,
1202 2983 1257 3031 et
1291 2972 1460 3029 surdo
1501 2969 1751 3024 auditum
1790 2963 2052 3026 restituit,
2081 2970 2136 3016 et
2164 2961 2271 3014 lin-

686 3089 850 3144 guam
881 3072 989 3141 20
1019 3069 1256 3123 Vinctam
1301 3063 1482 3125 solvit,
1526 3060 1823 3130 digitorum
1856 3063 2018 3110 utens
2063 3054 2272 3107 instru-

691 3171 897 3227 mento,
928 3169 984 3215 et
1028 3167 1283 3227 tanquam
1324 3153 1561 3207 salutare
1594 3147 1868 3218 quoddam
1905 3144 2261 3214 pliarmacum

691 3254 959 3311 adhibens
988 3257 1228 3319 sputum.
1261 3246 1336 3304 Ita
1366 3258 1558 3298 rursus
1596 3242 1651 3295 in
1689 3238 1826 3293 mari
1862 3236 2149 3292 ambulans
2182 3233 2268 3289 di-

689 3343 938 3399 vinitatis
959 3337 1408 3409 omnipotentiam
1433 3332 1708 3405 patefecit.
1736 3330 1872 3400 Apte
1895 3343 2026 3398 ergo
2051 3325 2272 3380 divinus

693 3436 832 3488 dixit
855 3430 1184 3502 Apostolus:
1220 3447 1237 3478 ι
1265 3427 1409 3481 Deus
1431 3423 1810 3478 manifestatus
1839 3428 1922 3474 est
1951 3419 2004 3472 in
2031 3432 2215 3471 carne.
2247 3435 2264 3466 ›

697 3524 979 3596 Siquidem
1012 3536 1108 3590 per
1140 3520 1281 3574 hanc
1305 3515 1558 3586 apparuit
1588 3521 1806 3576 natura,
1835 3525 1955 3580 quae
1981 3508 2132 3563 cerni
2165 3523 2273 3560 non

677 3625 914 3688 apsterat
941 3632 953 3666 :
981 3629 1079 3682 per
1101 3612 1241 3665 hanc
1267 3609 1412 3663 illam
1436 3621 1655 3678 quoque
1680 3604 1936 3659 viderunt
1957 3601 2274 3671 angelorum

674 3723 896 3764 .turmae
924 3725 937 3760 :
973 3725 990 3756 ι
1034 3705 1193 3760 Visus
1224 3711 1309 3756 est
1336 3700 1506 3763 enim,
1537 3699 1734 3770 inquit,
1764 3695 1988 3766 angelis.
2025 3713 2042 3744 ι
2075 3692 2274 3746 Nobis—

701 3815 827 3855 cum
860 3799 1023 3869 igitur
1056 3797 1221 3866 hujus
1260 3792 1387 3847 doni
1420 3792 1692 3861 particeps
1717 3789 1857 3844 facta
1884 3796 1968 3842 est
1995 3786 2159 3841 etiam
2198 3785 2279 3837 in-

704 3905 966 3962 corporea
998 3896 1125 3943 natu
1136 3903 1211 3943 ra.

775 4035 980 4089 ERAN.
1039 4032 1225 4103 Angeli
1279 4046 1410 4101 ergo
1456 4040 1582 4084 ante
1635 4018 2281 4083 Salvatoris'adventum

707 4130 879 4184 Deum
911 4142 1020 4179 non
1051 4123 1348 4178 videbant?

776 4216 984 4272 ORTH.
1037 4214 1328 4285 Apostolus
1379 4214 1544 4276 dixit,
1595 4212 1742 4283 quod
1800 4210 2179 4267 manifestatus
2227 4209 2284 4265 in

685 4324 871 4363 .came
897 4307 1100 4377 angelis
1130 4307 1280 4360 visus
1306 4306 1396 4359 sit.

776 4400 985 4456 ER‘AN.
1029 4398 1192 4468 Atqui
1236 4398 1500 4452 Dominus
1525 4397 1662 4451 dixit
1703 4415 1714 4449 :
1752 4416 1770 4448 ι
1805 4395 2019 4459 Videte,
2050 4391 2286 4448 ne‘con-

2349 482 2720 553 ἀνθρωπίνους
2742 477 3139 550 προσενέγκῃς.
3181 473 3324 545 Ἐγὼ
3368 470 3643 544 γὰρμόνῃ
3672 467 3921 538 πείθομαι

2351 578 2415 645 τῇ
2446 575 2566 644 θεία
2602 573 2816 643 Γραφῇ.

2421 664 2622 718 EPAN.
2653 662 2877 732 Μηδένα
2899 660 3026 731 δέξῃ
3042 660 3201 730 λόγον
3222 657 3356 729 (il),
3379 656 3583 728 ἥκιστα
3609 648 3929 722 βεϐαιούμε-

2350 755 2726 828 νονΤραφικῇ
2770 753 3072 824 μαρτυρίᾳ.
3135 751 3261 805 Ἐάν
3318 766 3407 821 μοι
3451 745 3553 816 τῆς
3601 740 3931 813 άμφιδολίας

2348 849 2448 920 τὴν
2479 848 2631 901 λύσιν
2673 848 2738 900 ἐκ
2767 847 2868 917 τῆς
2901 846 3049 908 θείας
3094 844 3472 916 προσενέγκῃς
3500 838 3749 910 Γραφῖκς
3789 832 3934 899 δέεαι

2353 955 2452 1010 μαι
2483 940 2575 993 καὶ
2600 939 2698 992 οὐκ
2737 937 3191 1008 ἀντιφθέγξομαι.

2423 1034 2575 1086 0P8.
2629 1027 2780 1085 Οἷσιν
2808 1031 2889 1084 ὅτι
2924 1031 3019 1083 καὶ
3056 1031 3162 1102 πρὸ
3218 1029 3450 1100 βραχέος
3502 1029 3598 1100 τὴν
3651 1024 3938 1096 εὐαγγελι-

2352 1121 2454 1193 κὴν
2491 1123 2648 1195 ῥῆσιν
2684 1119 2772 1174 διὰ
2812 1119 2910 1191 τῆς
2939 1119 3304 1189 ἀποστολικῆς
3333 1118 3639 1189 μαρτυρίας
3670 1114 3818 1185 σαφῆ
3845 1131 3943 1167 πε-

2352 1215 2685 1285 ποιήκαμεν,
2732 1213 2828 1268 καὶ
2865 1212 3174 1284 δεδήλωκεν
3227 1212 3358 1282 ἡμῖν
3389 1211 3501 1280 (l5)
3528 1210 3555 1262 6
3597 1209 3738 1272 θεῖος
3779 1206 3942 1261 Ἀπό-

2356 1307 2560 1370 στολος,
2587 1308 2706 1369 πῶς
2742 1308 2770 1358 6
2798 1305 2969 1374 Λόγος
2993 1304 3132 1377 σὰρξ
3159 1303 3399 1371 ἐγένετο,
3424 1300 3722 1373 διαρρήδην
3749 1297 3944 1359 εἰπὼν,

2361 1419 2379 1450 ι
2407 1399 2494 1452 Οὐ
2523 1396 2630 1468 γὰρ
2653 1397 2828 1468 δήπου
2853 1393 3104 1463 ἀγγέλων
3130 1392 3591 1463 ἐπιλαμσάνεται,
3611 1390 3748 1443 ἀλλὰ
3778 1388 3949 1458 σπέρ-

2358 1505 2526 1559 ματος
2573 1485 2826 1557 Ἀϐραὰμ
2845 1484 3335 1555 ἐπιλαμβάνεται.»
3370 1483 3613 1545 ’0.αὑτδς
3649 1481 3831 1535 τοίνυν
3853 1481 3950 1532 καὶ

2354 1578 2449 1631 νῦν
2473 1578 2582 1648 (16)
2605 1579 2750 1648 ἡμᾶς
2776 1577 2976 1643 διδάξει
3009 1576 3330 1639 διδάσκαλος
3369 1575 3488 1638 πῶς
3545 1577 3574 1628 6
3608 1574 3739 1636 Θεὸς
3773 1573 3952 1640 Λόγος

2356 1670 2448 1722 ἐπὶ
2462 1670 2564 1739 τῆς
2582 1669 2684 1740 γῆς
2707 1668 2888 1739 ὤφθη,
2911 1670 3006 1722 καὶ
3035 1673 3147 1731 τοῖς
3172 1667 3483 1738 ἀνθρώποις
3507 1663 3950 1735 συνανεστράφη.

2431 1762 2635 1815 EPAN.
2675 1758 2821 1829 Ἐγὼ
2849 1761 2943 1814 καὶ
2971 1764 3084 1824 τοῖς
3109 1759 3491 1821 άποστολικοῖς
3529 1758 3622 1812 καὶ
3666 1760 3779 1819 τοῖς
3809 1771 3953 1826 προ-

2361 1855 2610 1921 φητικοῖς
2661 1853 2918 1924 πείθομαι
2960 1852 3160 1920 λόγοις.
3203 1852 3386 1918 Δεῖξον
3414 1851 3638 1913 τοίνυν,
3680 1847 3819 1902 κατὰ
3851 1848 3957 1916 τὴν

2359 1944 2674 2012 ὑπόσχεσιν,
2704 1944 2802 2014 τῆς
2837 1944 3180 2016 προφητείας
3207 1941 3305 2014 τὴν
3336 1942 3657 2013 ἑρμηνείαν.

2431 2035 2582 2088 υΡΘ.
2640 2036 2894 2106 Τιμοθέῳ
2939 2035 3166 2103 γράφων
3206 2035 3234 2086 6
3282 2032 3422 2096 θεῖος
3485 2031 3805 2095 Ἀπόστολος
3861 2031 3962 2084 καὶ

2359 2125 2529 2179 ταῦτα
2562 2126 2806 2180 τέθεικεν
2830 2141 2842 2153 ·
2882 2131 2908 2178 «λ
2955 2125 3434 2196 ὀμολογουμένως
3461 2125 3602 2193 μέγα
3631 2124 3748 2176 ἐστὶ
3771 2124 3829 2176 τδ
3857 2125 3960 2193 τῆς

2361 2217 2644 2282 εὐσεϐείας
2698 2220 3018 2289 μυστήριονο
3079 2217 3214 2281 Θεὸς
3266 2215 3594 2288 ἐφανερώθη
3647 2219 3704 2270 ἐν
3761 2217 3962 2287 σαρκὶ,

2359 2308 2656 2379 ἐδικαιώθη
2693 2310 2750 2361 ἐν
2786 2308 3063 2378 πνεύματι
3089 2350 3103 2372 ,
3154 2307 3314 2380 ὤφθη
3365 2310 3636 2379 ἀγγέλοις,
3671 2309 3965 2381 ἐκηρύχθη

2366 2401 2423 2452 ἐν
2455 2399 2684 2462 ἔθνεσιν,
2721 2399 3016 2470 ἐπιστεύθη
3044 2401 3101 2452 ἐν
3123 2400 3337 2471 κόσμῳ,
3369 2400 3643 2472 ἀνελήφθη
3671 2403 3730 2454 ἐν
3750 2403 3908 2473 δόξῃ.
3943 2422 3963 2453 ι

2367 2492 2537 2561 Δῆλον
2578 2491 2781 2556 τοίνυν,
2810 2491 2885 2552 ὡς
2909 2492 3144 2563 ἀόρατος
3186 2489 3286 2562 μὲν
3329 2494 3365 2568 ἡ⁴
3404 2492 3525 2546 θεία
3557 2493 3740 2561 φύσις,
3784 2495 3970 2562 ὁρατὴ

2367 2583 2423 2635 δὲ
2453 2583 2486 2651 ἡ
2522 2581 2680 2651 σὰρξ,
2710 2581 2805 2635 καὶ
2839 2580 2927 2633 διὰ
2962 2581 3061 2649 τῆς
3093 2581 3296 2650 ὁρατῆς
3338 2583 3371 2651 ή
3410 2583 3641 2651 ἀόρατος
3674 2583 3861 2653 ὤφθη,
3891 2583 3970 2635 δι’

2371 2674 2538 2744 αὐτῆς
2608 2674 2955 2744 ἐνεργήσασα
3010 2673 3078 2725 τὰ
3128 2670 3418 2742 θαύματα,
3471 2674 3564 2727 καί
3607 2674 3706 2745 τὴν
3752 2675 3975 2728 οἰκείαν

2371 2763 2774 2833 ἀποκαλύψασα
2802 2763 3057 2832 δύναμιν.
3096 2765 3175 2833 Τῇ
3220 2763 3319 2832 μὲν
3360 2763 3468 2834 γὰρ
3507 2766 3653 2835 χειρὶ
3679 2765 3777 2836 τὴν
3803 2768 3971 2818 ὀπτι-

2373 2854 2475 2924 κὴν
2524 2853 2958 2924 ἐδημιούργησεν
3023 2853 3276 2922 αἰσθησιν
3335 2856 3429 2907 καὶ
3483 2856 3576 2908 τὸν
3615 2857 3680 2909 ἐκ
3727 2859 3967 2927 γενετῆς

2373 2945 2574 3014 τυφλὸν
2604 2943 2962 3016 ἐθεράπευσε.
3011 2946 3121 2997 Καὶ
3167 2939 3232 2997 αὖ
3273 2944 3457 3009 πάλιν,
3496 2945 3598 3016 τὴν
3631 2947 3973 3018 ἁκουστικὴν

2374 3036 2658 3105 ἐνέργειαν
2702 3035 2950 3089 ἀπέδωκε
2982 3035 3060 3106 τῷ
3092 3037 3284 3106 κωφῷ,
3310 3037 3402 3091 καὶ
3436 3037 3534 3102 τὴν
3575 3039 3975 3112 πεπεδημένην

2376 3127 2532 3179 ἔλυσε
2583 3127 2853 3195 γλῶτταν,
2917 3128 3038 3181 ἀντὶ
3087 3127 3186 3197 μὲν
3217 3128 3449 3199 ὀργάνου
3501 3131 3614 3192 τοῖς
3673 3130 3968 3194 δακτύλοις

2376 3216 2744 3288 χρησάμενος.
2799 3213 2911 3269 οἷον
2966 3217 3025 3270 δέ
3085 3234 3135 3269 τι
3191 3217 3481 3288 φάρμακον
3528 3217 3850 3283 ἀλεξίκακον
3906 3223 3979 3274 τὸ

2375 3308 2602 3378 πτύσμα
2659 3306 3064 3379 προσενεγκὼν.
3120 3307 3276 3361 Οὕτω
3335 3308 3498 3362 πάλιν
3556 3310 3649 3362 ἐπὶ
3689 3308 3975 3382 θαλάττης

2377 3395 2616 3465 βαδίσας,
2667 3396 2729 3447 τὸ
2783 3395 2881 3464 τῆς
2927 3394 3182 3467 θεότητος
3239 3397 3483 3468 ὑπέφηνε
3532 3397 3971 3469 παντοδύναμον,

2388 3487 2689 3558 Ἀρμοδίως
2725 3487 2903 3540 τοίνυν
2949 3489 2980 3540 6
3036 3487 3180 3552 θεῖος
3217 3489 3535 3553 ’Δπόστολος
3578 3485 3732 3554 εἷπε,
3771 3510 3790 3540 ι
3828 3493 3980 3558 0:6;-

2378 3578 2695 3650 ἐφανερώθη
2736 3581 2794 3631 ἐν
2843 3578 3024 3650 σαρκί.
3077 3599 3093 3631 ι
3151 3581 3229 3633 Δι’
3265 3579 3480 3650 ἐκείνης
3526 3582 3636 3653 γὰρ
3668 3583 3700 3654 ἡ
3738 3581 3976 3647 “datm

2379 3673 2625 3742 ἐπεφάνη
2665 3673 2848 3740 φύσις,
2881 3669 2946 3723 δι’
2969 3672 3187 3743 ἐκείνης
3215 3673 3386 3742 αὐτὴν
3416 3668 3555 3726 εἶδον
3588 3673 3683 3726 καὶ
3724 3672 3831 3726 τῶν
3868 3677 3980 3744 ἀγ·
4031 3655 4044 3665 ’

2379 3766 2551 3835 γέλων
2594 3767 2643 3817 οἱ
2672 3765 2835 3834 δῆμοι
2865 3781 2876 3792 °
2911 3784 2929 3816 ι
2975 3763 3151 3836 Ὠφθη
3208 3764 3338 3836 γὰρ,
3369 3765 3552 3834 φησιν,
3615 3764 3894 3834 ἀγγέλοις.
3957 3787 3976 3818 ι

2381 3856 2514 3911 Μεθ’
2558 3857 2715 3928 ἡμῶν
2758 3851 2853 3910 οὖν
2903 3856 3012 3928 ἄρα
3060 3858 3160 3928 τῆς
3201 3857 3410 3929 δωρεᾶς
3454 3856 3658 3927 ταύτης
3715 3858 3808 3912 καὶ
3861 3862 3986 3914 τῶν

2382 3950 2689 4017 ἀσωμάτων
2725 3951 2756 4017 ἡ
2794 3947 2953 4016 φύσις
2981 3949 3305 4002 ἀπέλαυσεν.

2458 4041 2662 4105 ΕΡΑΝ.
2713 4040 2924 4093 Οὐκοῦν
2956 4041 3051 4094 καὶ
3088 4041 3196 4112 πρὸ
3239 4041 3342 4111 τῆς
3372 4041 3466 4096 τοῦ
3497 4044 3745 4119 Σωτῆρος
3769 4053 3990 4116 gmw.

2387 4135 2553 4196 νείας,
2580 4132 2678 4203 οὐχ
2703 4129 2890 4202 ἐώρων
2915 4133 2963 4184 οἱ
3001 4130 3224 4200 ἄγγελοι
3255 4130 3347 4184 τὸν
3377 4133 3544 4203 Θιὸνς

2459 4224 2613 4281 ΟΡΘ.
2651 4224 2711 4279 ’0
2773 4223 3098 4287 ’Δπόστολος
3156 4219 3334 4289 εἶπεν,
3392 4225 3476 4280 δτι
3532 4230 3868 4302 φανερωθεὶς
3928 4234 3995 4286 ἐν

2390 4336 2457 4371 σα
2465 4318 2557 4388 ρκὶ
2591 4315 2748 4387 ὤφθη
2781 4317 3057 4385 ἀγγέλοις.

2458 4408 2662 4463 EPAN.
2706 4408 2846 4460 Ἀλλ’
2877 4409 2907 4462 6
2954 4407 3158 4480 Κύριος
3185 4408 3326 4481 εφη·
3372 4427 3393 4462 c
3438 4412 3650 4483 Ὀριτε,
3697 4411 3772 4485 μὴ
3811 4428 4000 4474 κατι-

713 4492 967 4547 tetnnatis
1016 4504 1186 4542 unum
1217 4504 1281 4542 ex
1316 4487 1402 4542 his
1434 4488 1644 4557 pusillis
1671 4487 1914 4541 minimis
1947 4505 1958 4539 :
1991 4486 2116 4541 dico
2138 4485 2269 4539 enin

2395 4501 2700 4571 φρονήσητε
2733 4499 2852 4562 ἐνὸς
2894 4499 2993 4554 εῶν
3036 4503 3249 4569 μικρῶν
3289 4502 3492 4556 τούτων
3520 4507 3630 4556 τῶν
3658 4502 3996 4574 ὲΑαχίστων.

711 4585 889 4647 vobis,
925 4581 1072 4652 quod
1118 4581 1294 4651 angeli
1342 4596 1531 4634 eorum
1566 4594 1783 4648 semper
1827 4579 2048 4634 videant
2092 4577 2289 4633 faciem

713 4673 888 4731 Patris
913 4671 1199 4740 nostriqui
1233 4669 1286 4722 in
1319 4668 1472 4722 cmlis
1497 4677 1580 4722 est
1608 4668 1671 4720 ³⁸.
1707 4688 1723 4718 ι

779 4864 991 4921 ORTH.
1025 4856 1131 4917 sed
1171 4859 1440 4916 Dominus
1481 4873 1672 4914 rursus
1713 4859 1850 4914 dixit
1897 4879 1908 4912 :
1944 4880 1961 4910 ι
1995 4861 2114 4915 Non
2146 4862 2290 4930 quod

715 4958 930 5013 Patrem
959 4955 1082 5025 quis
1107 4954 1325 5016 viderit,
1359 4952 1464 5006 nisi
1496 4953 1542 5005 is
1568 4951 1662 5022 qui
1690 4961 1773 5006 est
1801 4968 1831 5005 a
1859 4952 1991 5016 Deo,
2028 4953 2118 5006 hic
2151 4953 2291 5007 vidit

715 5051 932 5105 Patrem
957 5049 1020 5101 ³⁵.
1058 5067 1076 5098 ι
1102 5046 1231 5102 ldeo
1263 5046 1425 5100 etiam
1455 5045 1798 5116 Evangelista
1821 5053 2006 5114 aperte
2032 5046 2230 5099 clamat
2272 5062 2286 5097 :

725 5163 742 5192 ι
780 5143 950 5196 Deum
983 5155 1146 5196 nemo
1175 5138 1312 5194 vidit
1350 5153 1612 5217 unquam,
1647 5156 1665 5187 ι
1692 5146 1747 5192 et
1772 5136 2057 5191 confirmat
2081 5138 2226 5206 quod
2259 5153 2288 5192 a

717 5232 947 5288 Domino
974 5229 1181 5285 dictum
1210 5236 1330 5282 est:
1360 5247 1377 5279 ι
1404 5226 1730 5296 Uuigenitus
1765 5227 1933 5293 enim,
1978 5227 2176 5297 inquit,
2201 5229 2289 5282 Fi-

2405 4588 2577 4657 Ἀμὴν
2620 4590 2727 4659 γὰρ
2759 4587 2906 4655 λέγω
2965 4589 3093 4654 ὑμῖν
3134 4589 3217 4642 ὅτι
3265 4591 3314 4644 ot
3361 4593 3583 4659 ἄγγελοι
3638 4592 3822 4646 αὐτῶν
3857 4597 4000 4651 καθ’

2393 4677 2605 4749 ἡμέραν
2655 4679 2825 4748 ὁρῶσι
2882 4678 2942 4732 τὸ
2996 4686 3290 4751 πρόσωπον
3315 4682 3408 4736 τοῦ
3446 4683 3669 4754 Πατρὸς
3687 4682 3844 4755 ἡμῶν
3867 4687 3999 4758 (17)

2393 4767 2486 4823 τοῦ
2518 4770 2575 4821 ἐν
2593 4770 2865 4841 οὐρανοῖς.
2889 4789 2908 4822 ›

2465 4866 2618 4918 ΟΡΘ.
2660 4866 2802 4920 Ἀλλ’
2840 4867 2869 4918 6
2903 4867 3108 4938 Κύριος
3153 4869 3316 4922 πάλιν
3349 4868 3525 4933 εἶπεν,
3570 4888 3589 4922 ι
3637 4871 3752 4944 Οὐχ
3780 4873 3864 4926 ὅτι
3897 4877 4005 4930 τὸν

2397 4953 2618 5025 Πατέρα
2665 4974 2750 5020 τις
2803 4955 3071 5027 ἑώρακεν,
3120 4960 3168 5011 εί
3201 4957 3276 5030 μὴ
3307 4960 3336 5011 6
3386 4959 3465 5012 ὢν
3503 4960 3655 5030 παρὰ
3686 4960 3782 5014 τοῦ
3821 4961 4006 5033 Θεοῦ,

2399 5040 2555 5108 οὗτος
2583 5045 2793 5117 ἑώρακε
2840 5048 2933 5101 τὸν
2979 5049 3220 5121 Πατέρα.
3259 5070 3277 5101 ›
3328 5051 3429 5105 Διά
3479 5069 3562 5105 τοι
3610 5053 3768 5107 τοῦτο
3815 5057 3919 5110 καὶ
3975 5063 4009 5113 ὁ

2399 5137 2805 5208 Εὐαγγελιστὴς
2829 5141 3089 5211 ἄντικρυς
3107 5141 3226 5213 βοᾷ,
3247 5160 3266 5194 ι
3289 5142 3422 5196 Θεὸν
3445 5144 3619 5208 οὐδεὶς
3637 5144 3850 5217 ἑώρακε
3869 5151 4008 5203 πώ-

2399 5247 2549 5294 ποτε,
2587 5250 2605 5280 )
2640 5232 2733 5286 καὶ
2767 5232 2977 5302 βεϐαιοῖ
3003 5234 3097 5289 τοῦ
3140 5237 3348 5308 Κυρίου
3372 5237 3463 5291 τὸν
3491 5237 3669 5308 λόγον’
3694 5259 3712 5292 ι
3734 5240 3794 5295 ’0
3825 5257 4008 5312 μονο-

783 5406 826 5439 ³¹
875 5405 1040 5462 Hebr.
1077 5423 1135 5473 ιι,
1169 5407 1253 5461 16.
1331 5406 1374 5437 ³³
1407 5405 1429 5459 1
1463 5404 1606 5459 Tim.
1646 5421 1721 5468 In,
1763 5406 1848 5462 l6.
1931 5408 1975 5438 “
2005 5406 2196 5462 Matth.
2244 5425 2269 5461 ς

2381 5451 2394 5474 ,
2435 5409 2520 5463 10.
2603 5411 2647 5443 ³⁸
2675 5412 2831 5469 Joan.
2865 5431 2938 5480 vi,
2966 5418 3055 5474 46.

790 5570 900 5652 (η)
935 5569 1173 5652 Utraque
1214 5566 1303 5622 ed.
1349 5568 1527 5652 habet
1563 5566 1691 5640 δόξῃ
1720 5567 1913 5652 λέγων.
1946 5569 2157 5625 Mallem
2187 5587 2288 5652 au-

718 5637 1040 5710 tctniegere
1079 5637 1537 5710 diiouzr'wyov,
1562 5637 1725 5707 quam
1771 5640 2062 5694 lectionem
2103 5643 2287 5710 prodit

717 5707 1071 5840 grauia.
1131 5725 1161 5766 a
1205 5707 1474 5780 ‘Strigelio
1523 5709 1649 5779 Lips
1681 5750 1694 5774 ,
1737 5724 1863 5766 ann.
1914 5710 2068 5776 1591,
2105 5707 2228 5766 Fin—
2256 5712 2288 5765 8

791 5799 803 5836 t
871 5819 883 5835 .

791 5799 883 5836 ιω.

2625 5576 2724 5652 Ed.
2761 5579 2918 5652 item.
2957 5590 3014 5634 et
3036 5580 3183 5651 Lips.
3230 5584 3381 5652 ὑμῖν,

2621 5647 2753 5734 νῦν..
2780 5650 2857 5734 [iis
2899 5645 3147 5734 utraque
3168 5645 3303 5734 edit.
3331 5654 3622 5734 insertum.

2472 5717 2582 5786 (l7)
2612 5720 2712 5788 ήμ.
2737 5719 2876 5773 lufm
2911 5720 3012 5791 leg.
3035 5717 3208 5792 ὑμῶν.
3244 5723 3486 5795 Utraque
3524 5725 3685 5780 lectio
3721 5726 4008 5790 insolens.
