4112 6374
651 366 722 430 63
1592 359 1599 364 ’
1634 355 2118 422 THEUDORETI
2157 355 2493 416 EPISCOPI
2534 353 2907 413 CYRENSIS
3823 342 3890 405 (‘5

652 477 918 533 Dominus
947 483 1128 529 autem
1152 474 1315 536 Deus,
1352 486 1466 525 non.
1503 471 1680 524 solum
1704 469 1924 524 Davidis
1949 482 2137 523 semen
2168 465 2223 517 in

2338 461 2385 514 ιδ
2423 461 2598 533 πέρας
2625 459 2862 526 ἐδέξατο,
2898 459 2958 511 '0
2986 457 3046 511 δὲ
3073 457 3349 526 Δεσπότης
3379 456 3540 520 Θεὸς,
3564 456 3623 506 οὐ
3666 455 3818 520 μόνον
3837 455 3893 507 τὺ

654 577 916 623 aeternum
947 573 1314 626 servaturum,
1339 563 1439 617 sed
1458 563 1576 631 ejus
1617 561 1784 614 etiam
1832 572 2058 628 regnum
2101 555 2218 609 sine

656 656 763 710 ﬁne
817 661 1266 724 conservaturum
1320 649 1591 719 promisit.
1654 666 1671 698 ι
1710 645 2010 700 Ediﬁcabo
2049 642 2218 704 enim,

2322 553 2542 625 σπέρμα
2566 552 2661 607 τοῦ
2691 551 2862 604 Δαὸὶδ
2889 551 2967 612 εἰς
2991 548 3084 602 τὸν
3119 548 3297 604 αἰῶνα
3328 549 3612 619 τηρήσειν,
3643 546 3778 600 ἀλλὰ
3803 541 3897 599 καὶ

2319 647 2428 712 τὴν.
2448 645 2722 715 βασιλείαν
2750 644 3084 700 ἀκατάλυτον
3104 643 3361 712 φυλάξειν
3390 643 3677 712 ὑπέσχετο.
3701 659 3720 692 ι
3741 642 3900 694 Οἰκο-

655 744 853 815 inquit,
909 745 963 798 in
1019 742 1424 813 generationem
1477 748 1533 793 et
1579 737 1988 809 generationem
2035 732 2222 786 sedem

2338 739 2538 808 ἰομήσω
2575 757 2596 806 ί,
2620 760 2704 809 ηρ,
2742 737 2845 807 ἔφη
2871 777 2886 799 ,
2918 740 2995 796 εἰς
3021 735 3217 805 γενεὰν
3247 735 3344 788 καὶ
3376 734 3574 802 γενεὰν
3596 733 3686 786 τὸν
3715 730 3902 802 θρόνον

656 843 804 889 tuam
831 836 894 887 ⁷⁸.
937 853 955 883 ι
997 832 1253 886 Videmus
1279 838 1462 884 autem
1505 836 1560 882 et
1597 842 1770 898 genus
1807 828 1926 896 ejus
1969 821 2236 894 periisse,,

655 937 713 981 et
743 941 970 998 regnum
998 924 1159 978 ﬁnem
1181 923 1412 991 cepisse.
1441 920 1619 990 Atque
1649 920 1764 973 haec
1788 924 2077 973 cernentes
2114 913 2228 968 sci-

657 1032 781 1070 mus
813 1026 992 1069 tamen
1023 1017 1401 1068 lﬂllVCl‘SOl‘lJlIl
1425 1012 1597 1065 Deum
1621 1023 1868 1064 veracem
1907 1022 2046 1062 esse.

728 1107 934 1160 ERAN.
965 1105 1194 1160 Constat
1218 1089 1388 1158 Deum
1417 1101 1641 1156 minime
1667 1099 1909 1154 mentiri.

728 1197 834 1266 33
889 1195 1097 1250 ORTH.
1153 1194 1211 1249 Si
1254 1209 1384 1264 ergo
1430 1194 1573 1246 Deus
1605 1206 1770 1244 verax
1823 1197 1928 1253 est,
1962 1196 2022 1241 ut
2052 1187 2229 1257 reipsa

658 1302 824 1341 verax
874 1295 976 1348 est,
1008 1283 1198 1338 Davidi
1226 1293 1406 1336 autem
1440 1280 1712 1350 promisit,
1745 1277 1863 1332 fore
1883 1287 1942 1331 ut
1976 1285 2032 1358 et
2059 1292 2232 1346 genus

662 1376 834 1444 ipsius
882 1382 936 1427 et
989 1387 1215 1443 regnum
1264 1371 1320 1425 in
1375 1379 1701 1441 perpetuum
1753 1377 2013 1431 servaret,
2053 1381 2230 1436 neque

662 1474 842 1520 tamen
891 1473 982 1518 aut
1032 1479 1205 1535 genus
1253 1473 1346 1517 aut
1389 1477 1613 1532 regnum
1639 1460 1887 1514 videmus
1913 1460 2232 1529 (utrumque

659 1559 807 1611 enim
832 1555 1110 1624 cessavit),
1135 1554 1409 1624 quomodo
1432 1551 1759 1606 adversariis
1783 1550 1957 1604 Deum
1982 1565 2232 1605 veracem

661 1663 782 1702 esse
811 1645 1305 1716 persuadebimus?

735 1737 939 1791 ERAN.
989 1737 1224 1790 Dubium
1274 1736 1487 1836 itaquqip
1504 1749 1614 1788 non
1642 1741 1747 1798 est,
1787 1733 1923 1802 quin
1961 1733 2077 1786 haec
2104 1747 2234 1802 pro-

665 1827 848 1897 phetia
871 1826 1147 1881 Christum
1167 1827 1444 1896 designet.

731 1917 940 1973 ORTH.
967 1917 1234 1984 Quoniam
1258 1918 1421 1988 igitur
1444 1919 1548 1972 hoc
1566 1917 1840 1982 concedis,
1859 1932 1977 1988 age,
1999 1916 2238 1970 mediam

661 2024 880 2079 quoque
925 2010 1114 2079 psalmi
1142 2019 1352 2079 partem
1380 2025 1488 2062 una
1516 2009 1925 2064 consideremus
1951 2025 1963 2060 :
1995 2007 2238 2078 prophe~

666 2101 755 2153 tiae
787 2101 933 2154 enim
963 2099 1288 2155 sententiam
1314 2099 1526 2154 facilius
1551 2115 1924 2170 assequemur.

733 2189 941 2245 ERAN.
971 2189 1108 2244 Praei
1143 2189 1473 2260 indagationi
1505 2208 1518 2243 :
1548 2205 1649 2260 ego
1677 2189 1825 2245 enim
1853 2189 2101 2262 vestigiis
2130 2191 2244 2246 tuis

666 2277 933 2335 insistam.
1875 2313 1916 2352 ρ

736 2369 942 2425 ORTH.
979 2369 1116 2437 Cum
1163 2371 1332 2424 multa
1359 2371 1426 2424 de
1458 2371 1564 2425 hoc
1594 2370 1704 2424 ﬁlio
1740 2367 2000 2440 (Davidis)
2031 2367 2240 2438 promi-'-

665 2459 826 2516 sisset
855 2461 1020 2523 Deus,
1048 2459 1194 2530 quod
1224 2469 1279 2514 et
1309 2468 1465 2514 terra:
1498 2469 1554 2515 et
1585 2462 1723 2516 mari
1743 2460 2123 2516 dominaturus
2147 2458 2236 2521 sit,

2325 844 2435 882 σου.
2473 847 2493 878 ι
2537 828 2780 899 Ὀρῶμεν
2825 828 2881 880 δὲ
2911 827 3080 880 αὐτοῦ
3120 827 3213 880 καὶ
3253 825 3313 879 τὺ
3336 824 3493 894 γένος
3523 821 3776 896 φροῦδον,
3810 823 3904 876 καὶ

2324 921 2422 989 τὴν
2461 919 2740 989 βασιλείαν
2785 919 3101 988 δεξαμένην
3137 919 3199 972 τὸ
3247 917 3444 987 πέρας.
3492 915 3603 968 Καὶ
3640 915 3814 969 ταῦτα
3850 914 3914 967 δι

2325 1010 2577 1081 ὁρῶντες,
2613 1011 2770 1080 ἴσμεν
2802 1008 2904 1062 τοῦ
2931 1008 3067 1061 Θεοῦ
3098 1007 3206 1061 τῶν
3237 1007 3376 1060 ὃλων
3394 1005 3456 1059 τὸ
3478 1003 3729 1074 ἀψευδές.

2397 1103 2599 1155 ΕΡΛΝ.
2631 1102 2800 1171 Δῆλον
2832 1102 2908 1164 ὡς
2943 1099 3190 1170 ἀψευδὴς
3227 1101 3255 1152 6
3294 1097 3451 1160 Θεός.

2401 1193 2551 1246 ΟΡΘ.
2580 1193 2644 1247 Εἰ
2672 1192 2852 1245 τοίνυν
2881 1189 3088 1261 ἀληθὴς
3113 1192 3139 1243 6
3172 1190 3327 1253 Θεὸς,
3359 1187 3548 1258 ῶσπερ
3567 1181 3661 1239 οῦν
3680 1183 3908 1256 ἀληθὴς.

2331 1285 2597 1353 ὑπέσχετο
2625 1283 2681 1336 δὲ
2711 1281 2789 1352 τῷ
2811 1279 2976 1336 Δαόὶδ
2999 1281 3097 1333 καὶ
3126 1281 3185 1333 τὸ
3207 1280 3364 1347 γένος
3389 1280 3469 1342 εἰς
3492 1278 3583 1340 τὸν
3613 1276 3785 1330 αἰῶνα
3807 1292 3912 1344 φυ-

2332 1374 2536 1439 λάξειν,
2571 1372 2663 1425 καὶ
2685 1373 2784 1440 τὴν
2833 1371 3114 1442 βασιλείαν
3155 1369 3432 1439 ἀδιάδοχον
3459 1369 3721 1439 τηρήσειν
3743 1408 3757 1430 ,
3786 1364 3916 1418 οὔτε

2331 1462 2388 1514 δὲ
2414 1463 2475 1514 τὸ
2510 1463 2654 1530 γένος
2681 1460 2918 1532 ὁρῶμεν,
2961 1459 3085 1513 οὔτε
3135 1461 3235 1530 τὴν
3272 1457 3552 1528 βασιλείαν
3580 1473 3594 1488 ο
3626 1455 3916 1526 ἀμφότερα

2333 1552 2442 1622 γάρ
2475 1553 2786 1605 ἐπαύσατοο
2813 1551 2931 1615 πῶς
2965 1552 3227 1620 πείσομεν
3256 1551 3382 1612 τοὺς
3412 1547 3792 1615 ἀντιλέγοντας
3840 1546 3925 1609 ὡς

2335 1641 2571 1711 ἀψευδὴς
2598 1644 2626 1695 6
2645 1641 2779 1705 Θεός
2803 1662 2816 1708 ;

2408 1733 2611 1784 EPAN.
2677 1735 2820 1803 Ἀρα
2864 1732 3032 1795 ὅντως
3076 1733 3108 1802 ἡ
3152 1732 3460 1802 προφητεία
3496 1730 3588 1783 τὸν
3638 1727 3922 1798 Δεσπότην

2337 1823 2596 1894 κηρύττει
2635 1824 2900 1896 Χριστόν.

2407 1915 2558 1968 ΟΡΘ.
2605 1915 2758 1969 Ἐπεὶ
2786 1914 2968 1967 τοίνυν
3000 1912 3491 1982 συνωμολόγησας,
3525 1912 3686 1982 δεῦρο
3723 1910 3786 1980 δὴ
3823 1910 3925 1964 καὶ

2338 2005 2412 2058 τὰ
2438 2006 2580 2075 μέσα
2604 2005 2698 2058 τοῦ
2725 2004 2943 2076 ψαλμοῦ
2965 2007 3118 2074 κοινῇ
3141 2004 3599 2074 διασκοπήσωμεν
3621 2017 3635 2030 °
3661 1999 3927 2072 εἰσόμεθα

2338 2097 2447 2166 γὰρ
2482 2096 2817 2168 σαφέστερον
2846 2099 2948 2166 τῆς
2987 2095 3325 2164 προφητείας
3353 2095 3445 2146 τὸν
3471 2093 3616 2148 νοῦν.

2410 2189 2614 2242 EPAN.
2651 2188 2816 2256 Ἦγοῦ
2846 2189 2944 2258 τῆς
2975 2187 3204 2259 ἐρεύνης
3223 2203 3237 2217 ο
3265 2185 3466 2257 ἕψομαι
3494 2185 3600 2257 γάρ
3627 2184 3924 2257 ἰχνηλατή-

2343 2295 2453 2332 σων
2474 2279 2649 2347 κάγώ.

2413 2372 2562 2425 οΡΘ.
2585 2371 2760 2424 Πολλά
2777 2387 2843 2424 πε
2853 2371 2906 2441 9i.
2925 2370 3081 2422 τοῦδε
3101 2369 3195 2423 τοῦ
3212 2370 3528 2440 σπέρματος
3553 2367 3928 2438 ὑποσχόμενος

2340 2464 2368 2515 6
2394 2461 2547 2526 Θεὸς,
2587 2463 2663 2524 ὼς
2692 2461 2788 2514 καὶ
2819 2460 2968 2513 κατά
2989 2459 3261 2512 θάλατταν
3288 2460 3383 2512 καὶ
3409 2459 3550 2512 κατὰ
3584 2457 3690 2526 γῆν
3711 2459 3928 2527 κρατή-

664 2559 724 2606 et
737 2550 1005 2603 excelsior
1021 2549 1240 2603 futurus
1259 2549 1478 2619 regibus
1497 2559 1675 2612 terrm,
1692 2560 1749 2604 et
1766 2549 2117 2621 pritnogeniti
2138 2548 2237 2602 Dei

2344 2567 2442 2614 σει,
2479 2553 2574 2603 καὶ
2600 2551 2707 2604 τῶν
2736 2551 2828 2604 ἐπὶ
2855 2551 2962 2619 γῆς
2985 2548 3379 2618 βασιλευόντων
3406 2548 3712 2618 ὑπέρτερος
3741 2547 3926 2610 ἔσται,

666 2653 868 2692 nomen
927 2637 1238 2700 habiturus,
1297 2638 1578 2707 Deumque
1629 2655 1753 2693 cum
1786 2639 1982 2692 ﬁducia
2025 2641 2240 2694 Patrem

2343 2643 2437 2696 καὶ
2495 2643 2838 2712 πρωτότοκος
2918 2641 3012 2694 τοῦ
3059 2639 3194 2693 Θεοῦ
3243 2640 3612 2712 κληθήσεται,
3681 2640 3775 2693 καὶ
3827 2641 3929 2693 τὸν

665 2738 986 2793 vocaturus,
1017 2729 1134 2784 haec
1161 2745 1381 2798 quoque
1411 2729 1610 2800 adjecit
1644 2747 1656 2782 :
1699 2748 1717 2781 ι
1750 2729 1808 2783 In
1830 2737 2099 2784 aeternum
2129 2745 2241 2785 ser-

2342 2732 2475 2786 Θεδν
2520 2734 2617 2786 σὺν
2669 2732 2952 2803 παρρησίᾳ
3015 2733 3232 2786 καλέσει
3294 2732 3551 2801 Πατέρα,
3605 2732 3700 2784 καί
3745 2731 3930 2786 ταῦτα

665 2820 816 2896 νοδο.
861 2820 939 2874 illi
999 2819 1437 2874 misericordiam
1489 2835 1686 2883 meam,
1715 2828 1772 2874 et
1801 2825 1816 2842 °
1848 2820 2026 2875 ftedus
2058 2837 2241 2876 meum

2345 2823 2768 2894 προστέθεικενο
2819 2842 2836 2875 ι
2898 2825 2991 2886 Εἰς
3037 2825 3128 2876 τὸν
3183 2823 3356 2876 αἰῶνα
3413 2823 3636 2894 φυλάξω
3665 2825 3813 2894 αὐτῷ
3863 2825 3930 2878 τὸ

669 2908 829 2965 ﬁdele
864 2911 970 2966 erit
1001 2910 1105 2980 ipsi
1133 2919 1222 2964 :et
1247 2925 1444 2979 ponam
1470 2910 1523 2963 in
1555 2911 1812 2964 saculum
1843 2912 2027 2966 saeculi
2054 2926 2241 2967 semen

2343 2912 2494 2975 ἔλεός
2536 2929 2638 2982 μου
2677 2914 2770 2965 καὶ
2816 2915 2850 2984 ἡ
2888 2914 3120 2985 διαθήκη
3154 2933 3256 2984 μου
3287 2915 3453 2986 πιστὴ
3481 2916 3666 2986 αὐτῷ’
3697 2918 3790 2970 καὶ
3825 2917 3931 2987 θή-

668 3002 809 3072 ejus,
834 3013 889 3056 et
913 3002 1169 3056 thronum
1197 3003 1317 3073 ejus
1338 3003 1481 3056 sicut
1499 3001 1618 3058 dies
1651 3002 1779 3058 coeli
1805 3003 1870 3058 ⁷⁵.
1901 3022 1919 3055 ι

2346 3020 2510 3074 σομαι
2547 3005 2626 3068 εἰς
2659 3003 2752 3058 τὸν
2785 3003 2962 3058 αἰῶνα
3003 3004 3098 3057 τοῦ
3133 3005 3328 3069 αἰῶνος
3364 3006 3427 3059 τὸ
3471 3007 3692 3078 σπέρμα
3721 3008 3930 3070 αὐτοῦ,

2271 3119 2314 3177 c
2347 3097 2439 3149 καὶ
2466 3095 2556 3148 τὸν
2591 3095 2780 3164 θρόνον
2807 3094 2994 3161 αὑτοῦ,
3022 3096 3097 3161 ὡς
3117 3095 3216 3162 τὰς
3237 3097 3450 3169 ἡμέρας
3484 3099 3576 3150 τοῦ
3606 3098 3859 3169 οὐρανοῦ,
3904 3119 3924 3151 ο

2415 3188 2618 3240 ΕΡΔΝ.
2662 3185 2835 3254 ’Υπὲρ
2864 3186 3025 3254 φύσιν
3055 3187 3400 3257 ἀνθρωπείαν
3435 3191 3468 3258 ἡ
3501 3187 3818 3258 ἐπαγγελία.
3848 3191 3930 3244 Τδ

2345 3275 2651 3348 ἀνώλεθρον
2688 3276 2799 3346 γὰρ
2851 3276 2945 3329 καὶ
2985 3277 3204 3331 αἰώνιον
3235 3278 3347 3348 ἔχει
3380 3279 3475 3332 καὶ
3517 3282 3550 3350 ἡ
3589 3280 3703 3347 ζωὴ
3739 3281 3836 3333 καὶ
3892 3285 3928 3352 ἡ

740 3183 927 3237 ERAN
937 3225 948 3237 .
969 3184 1205 3254 Superat
1221 3195 1472 3239 naturam
1491 3185 1784 3241 humanam
1801 3187 1918 3242 haec
1929 3177 2240 3258 promissio.

669 3273 1140 3329 lmmortalitatem
1179 3276 1326 3328 enim
1379 3285 1436 3330 et
1483 3277 1847 3331 aeternitatem
1895 3277 2080 3342 habet,
2128 3286 2244 3333 tum

667 3363 802 3428 vita,
836 3373 951 3419 tum
976 3365 1148 3435 gloria
1175 3382 1188 3418 :
1215 3365 1466 3420 homines
1503 3381 1635 3420 vero
1663 3368 1842 3438 exigui
1875 3377 2003 3423 sunt
2032 3377 2246 3440 tempo-

671 3455 770 3510 ris.
800 3456 935 3509 Nam
957 3465 1013 3510 et
1030 3466 1224 3529 natura
1244 3456 1429 3512 brevis
1456 3465 1542 3511 est
1566 3457 1715 3524 vitae,
1738 3469 1796 3514 et
1813 3476 2064 3530 regnum,
2081 3463 2246 3518 etiam

673 3545 732 3600 in
771 3546 906 3610 vita,
965 3546 1299 3617 multiplices
1347 3556 1404 3602 et
1452 3548 1635 3603 varias
1678 3548 1844 3604 habet
1892 3551 2242 3608 mutationes.

671 3636 853 3702 Quare
905 3637 1006 3693 soli
1046 3636 1270 3693 Christo
1306 3636 1574 3693 Salvatori
1600 3641 1857 3711 congruit
1901 3641 2068 3714 hujus
2115 3657 2249 3714 pro-

672 3727 826 3785 missi
852 3728 1192 3798 magnitudo.

743 3817 953 3873 08TH.
988 3819 1156 3888 Perge
1188 3818 1372 3887 itaque
1403 3820 1565 3874 etiam
1590 3821 1658 3875 ad
1692 3822 1925 3892 reliqua,
1949 3840 2072 3894 qua
2107 3809 2249 3882 hanc

677 3909 776 3962 tibi
812 3909 1128 3978 opinionem
1154 3907 1262 3980 3‘
1286 3909 1458 3978 magis
1481 3909 1904 3968 oonﬁrmabunt.
1933 3913 2077 3970 Dicit
2098 3915 2249 3970 enim

676 4013 872 4053 rursus
911 4000 1290 4053 universorum
1334 3999 1516 4054 Deus:
1555 4021 1572 4051 ι
1605 4000 1783 4057 Semel
1829 4003 2010 4074 juravi
2058 4017 2250 4062 sancto

675 4104 821 4153 meo,
854 4089 900 4144 si
947 4089 1136 4143 Davidi
1167 4091 1420 4145 mentiar.
1476 4091 1672 4146 Semen
1721 4095 1840 4163 ejus
1885 4096 1941 4150 in
1982 4105 2247 4155 aeternum

674 4181 940 4244 manebit,
967 4190 1024 4235 et
1047 4181 1278 4235 thronus
1301 4183 1419 4251 ejus
1447 4184 1588 4237 sicut
1606 4184 1685 4238 sol
1707 4185 1762 4238 in
1786 4196 2081 4257 conspectu
2102 4205 2247 4258 meo,

675 4276 734 4321 et
750 4268 894 4321 sicut
916 4269 1044 4322 luna
1068 4268 1310 4338 perfecta
1341 4271 1395 4322 in
1424 4279 1706 4326 aeternum.
1742 4291 1760 4323 ι
1792 4273 1859 4326 Et
1881 4284 1943 4328 ut
1961 4276 2250 4334 veritatem

2345 3368 2511 3438 τιμή·
2547 3370 2596 3420 οἰ
2624 3367 2681 3421 δὲ
2717 3367 2993 3439 ἄνθρωποι
3023 3369 3374 3441 πρόσκαιροί.
3417 3372 3492 3424 Ἦ
3518 3388 3576 3424 τε
3624 3373 3732 3442 γὰρ
3760 3371 3935 3442 φύσις

2346 3457 2648 3526 όλιγόὸιος,
2699 3459 2795 3512 καὶ
2842 3457 3112 3527 βασιλεία,
3144 3461 3246 3513 κάν
3278 3463 3344 3531 τῇ
3381 3462 3527 3532 ζωῇ,
3567 3462 3767 3526 πολλὰς
3807 3462 3935 3533 ἔχει

2348 3550 2441 3604 καὶ
2456 3551 2858 3622 ἀγχιστρόφους
2895 3551 3217 3621 μεταὸολάς.
3244 3552 3537 3623 Τοιγάρτοι
3576 3554 3725 3624 μόνῳ
3753 3572 3935 3627 προσ-

2347 3642 2469 3711 ήκει
2513 3641 2592 3713 τῷ
2653 3643 2867 3714 Σωτῆρι
2915 3643 3138 3714 Χριστῷ
3182 3645 3280 3714 τῆς
3326 3646 3657 3714 ἐπαγγελίας
3717 3648 3778 3700 τὸ
3831 3650 3937 3718 μὲ-

2348 3735 2526 3803 γεθος.

2419 3827 2572 3882 οΡΘ.
2613 3827 2718 3882 Ἴθι
2749 3827 2862 3900 (5i)
2891 3828 3180 3898 τοιγαροῦν
3214 3827 3309 3880 καὶ
3345 3827 3480 3899 πρὸς
3509 3829 3575 3881 τά
3607 3829 3788 3882 λοιπά.
3829 3830 3938 3884 Βε-

2351 3917 2612 3989 σαιοτέρα
2643 3917 2752 3989 γάρ
2791 3935 2874 3972 σοι
2910 3918 3130 3981 πάντως
3158 3920 3189 3988 ἡ
3213 3920 3342 3989 περὶ
3371 3917 3561 3988 τούτου
3601 3919 3729 3985 δόξα
3760 3924 3936 3990 γενή-

2353 4023 2526 4064 σεται.
2558 4011 2726 4077 Λέγει
2761 4010 2880 4080 ,γὰρ
2928 4009 3091 4063 πάλιν
3130 4011 3159 4063 6
3195 4011 3305 4062 τῶν
3331 4010 3469 4064 ἂλων
3487 4009 3620 4074 Θεός
3643 4028 3658 4041 ·
3689 4031 3707 4063 ι
3743 4011 3940 4078 "Attae

2350 4102 2542 4170 ὤμοσα
2577 4104 2635 4156 ἐν
2669 4102 2746 4173 τῷ
2778 4103 2920 4173 ἀγὲῳ
2960 4119 3089 4172 μου,
3121 4103 3172 4154 εἰ
3198 4100 3277 4172 τῷ
3313 4101 3478 4156 dum
3509 4102 3804 4174 ψεύσομαι.
3855 4104 3939 4158 T6

2353 4193 2576 4263 σπέρμα
2607 4191 2774 4247 αὐτοῦ
2811 4195 2893 4257 εἰς
2941 4193 3034 4248 τὸν
3088 4191 3263 4247 αἰῶνα
3314 4195 3495 4263 μενεῖ,
3540 4193 3635 4247 καὶ
3669 4197 3697 4248 6
3737 4193 3939 4264 θρόνος

2351 4287 2517 4339 αὐτοῦ
2566 4287 2640 4349 ὼς
2689 4288 2717 4338 6
2745 4287 2896 4357 ἥλιος
2937 4284 3182 4341 ἐναντίον
3217 4303 3357 4356 μου,
3397 4287 3490 4340 καῖ⁵
3531 4287 3606 4350 ὡς
3647 4289 3683 4359 η
3726 4288 3936 4362 σελήνη

677 4357 1062 4428 promissionis
1097 4359 1431 4426 ostenderet,
1486 4361 1764 4432 subjecit:
1820 4383 1838 4416 ι
1873 4365 1942 4421 Et
1996 4369 2150 4425 testis
2193 4372 2241 4427 in

2353 4377 2766 4452 κατηρτισμένη
2805 4379 2884 4441 εἰς
2921 4377 3011 4430 τὸν
3051 4377 3239 4434 αἰῶνα.
3291 4397 3310 4430 ι
3355 4379 3462 4432 Καὶ
3505 4379 3567 4432 τὸ
3595 4357 3793 4450 ἀληθὲς

677 4445 819 4502 coelo
851 4445 1030 4503 ﬁdelis
1069 4449 1137 4502 ".
1168 4468 1186 4501 ι

748 4633 956 4686 EBAN.
999 4633 1225 4702 Oportet
1275 4637 1342 4691 iis
1391 4653 1512 4706 quae
1559 4654 1589 4691 a
1626 4637 1772 4694 ﬁdeli
1820 4651 1953 4698 teste
1983 4647 2250 4714 promissa

679 4723 950 4777 suntsine
985 4723 1328 4780 dubitatione
1379 4727 1622 4784 credere.
1663 4731 1797 4785 Nam
1836 4733 1882 4787 si
1933 4734 2250 4794 hominibus

678 4814 772 4882 qui
798 4813 1026 4882 polliciti
1053 4824 1180 4869 sunt
1209 4831 1266 4872 sc
1288 4834 1418 4873 vera
1442 4819 1688 4877 dicturos
1723 4839 1865 4888 esse,
1891 4826 2104 4883 etiamsi
2137 4845 2250 4885 non

679 4906 880 4960 addant
928 4907 1114 4961 verbis
1169 4909 1284 4964 suis
1328 4911 1723 4980 juramentum,
1782 4914 1944 4971 ﬁdem
1989 4921 2250 4979 adhibere

679 4997 942 5059 solemus,
961 5000 1085 5065 quis
1115 5007 1198 5053 est
1223 5001 1360 5055 adeo
1377 5017 1569 5058 vecors
1596 5013 1651 5058 et
1669 5008 1956 5072 attonitus,
1981 5018 2041 5064 ut
2062 5026 2248 5067 rerum

680 5087 927 5139 omnium
959 5087 1242 5143 Conditori
1268 5092 1645 5160 juramentum
1692 5096 2062 5167 interponenti
2084 5100 2247 5158 ﬁdem

679 5192 790 5231 non
816 5177 1057 5232 habeat?
1089 5179 1190 5245 Qui
1214 5182 1360 5235 enim
1391 5185 1530 5239 alios
1548 5187 1734 5256 jurare
1755 5197 1924 5254 vetat,
1951 5201 2010 5247 ut
2031 5193 2249 5250 consilii

681 5266 767 5320 sui
829 5267 1265 5324 immobilitatem
1322 5273 1656 5340 ostenderet,
1708 5276 1850 5332 sicut
1899 5279 2064 5334 etiam
2114 5281 2250 5338 dicit

2284 4445 2333 4501 θ
2351 4445 2684 4534 ἐπαγγελίας
2708 4445 2921 4531 δεικνὺς
2955 4468 3204 4540 ἐπήγαγε
3224 4486 3237 4499 ·
3277 4487 3296 4520 ι
3325 4465 3434 4523 Καὶ
3461 4471 3489 4522 6
3527 4445 3736 4542 μάρτυς
3761 4473 3818 4524 ἐν
3839 4445 3943 4527 ούέ

2357 4558 2502 4628 ρανῷ
2535 4559 2744 4622 πιστός.
2781 4579 2798 4612 ι

2427 4651 2630 4702 EPAN.
2685 4650 2808 4720 Χρὴ
2864 4652 2978 4713 τοῖς
3039 4653 3195 4723 παρὰ
3237 4654 3340 4711 τοῦ
3389 4655 3580 4708 πιστοῦ
3648 4656 3943 4728 μάρτυρος

2351 4741 2781 4812 ὶπηγγελμένοις
2825 4743 3217 4808 ἀνενδοιάστως
3264 4747 3561 4801 πιστεύειν.
3596 4749 3658 4801 Εἰ
3697 4749 3806 4819 γὰρ
3835 4752 3943 4804 ἀν-

2353 4832 2596 4904 θρώποις
2625 4833 2908 4906 ἀληθεύειν
2931 4837 3386 4907 ὲπηγγελμένοις.
3412 4837 3513 4893 κᾶν
3533 4841 3607 4911 μὴ
3636 4840 3942 4910 βεϐαιῶσιν

2351 4923 2499 4993 ὅρκῳ
2539 4924 2667 4987 τοὺς
2705 4924 2899 4992 λόγους
2924 4967 2940 4990 ,
2987 4927 3267 4981 πιστεύειν
3300 4927 3596 5000 εἰώθαμεν,
3641 4930 3723 4995 τίς
3754 4931 3942 5001 οὕτως

2354 5012 2740 5084 ἑμδρόντητος,
2769 5015 2844 5079 ὡς
2889 5017 3188 5086 ἀπιστῆσαι
3225 5017 3303 5089 τῷ
3330 5020 3532 5091 Ποιητῇ
3561 5020 3653 5075 τοῦ
3691 5022 3899 5090 παντός
3918 5066 3939 5093 ,

2353 5101 2516 5172 ὅρκον
2567 5103 2863 5158 ἐπιτιθέντι
2908 5109 3022 5168 τοῖς
3069 5106 3287 5174 λόγοις;
3335 5109 3394 5162 ’0
3427 5109 3539 5181 γὰρ
3591 5112 3706 5174 τοῖς
3747 5111 3940 5180 ἀλλοις

2353 5195 2714 5266 ἀπαγορεύων
2767 5196 3033 5266 ὀμνύναι,
3093 5199 3155 5251 τὸ
3197 5199 3536 5270 ἀμετάθετον
3578 5203 3674 5270 τῆς
3731 5201 3940 5274 βουλῆς

2356 5287 2558 5354 αὑτοῦ,
2599 5288 2742 5343 καθά
2787 5305 2920 5359 φησι
2967 5291 3062 5342 καὶ
3105 5293 3132 5343 6
3187 5291 3531 5357 Ἀπόστολος,
3577 5293 3938 5362 ἐμεσίτευσεν

681 5358 998 5426 Apostolus,
1039 5361 1422 5429 jusjurandum
1453 5363 1812 5436 interposuit,
1839 5389 1855 5420 ι
1882 5370 1950 5426 Ut
1983 5388 2083 5441 per
2114 5374 2241 5430 dust

2357 5378 2539 5450 ὅρκῳ,
2582 5397 2602 5430 ι
2665 5380 2779 5433 Ἵνα
2821 5358 2909 5433 διὰ
2943 5381 3036 5434 δύο
3085 5384 3428 5453 πραγμάτων
3467 5358 3820 5454 ἀμεταθέτων
3875 5388 3941 5447 ὲν

685 5463 772 5501 res
796 5448 1120 5522 immobiles,
1144 5452 1345 5520 quibus
1369 5454 1704 5525 impossibile
1722 5470 1804 5516 est
1821 5464 2038 5517 mentiri
2058 5465 2248 5531 Deum,

758 5603 806 5633 "
835 5605 968 5660 Psal.
1023 5623 1281 5674 «χχχι-ιιι,
1307 5611 1356 5665 5.
1438 5613 1622 5667 "Ibid.
1648 5615 1832 5670 “29—50.

760 5758 868 5829 t3!)
911 5760 1010 5815 Ed.
1060 5763 1214 5819 Rom.
1263 5777 1311 5821 ct
1343 5765 1484 5838 Lips.
1527 5770 1650 5823 ἴσθι.

2358 5463 2437 5532 οἷς
2483 5468 2741 5525 ἀδύνατον
2784 5469 3087 5539 ψεύσασθαι
3114 5471 3278 5542 Θεὸνι,
3327 5473 3552 5544 ἰσχυράν
3584 5472 3943 5546 παράκλησιν

1923 5618 1968 5647 ⁷⁶
1999 5617 2132 5673 Ibid.
2170 5620 2362 5675 50-58.
