4112 6374
553 415 557 421 .
673 365 741 431 ϐἾ
1665 352 2152 423 THEODORETI
2189 359 2529 423 EPISCOPI
2566 360 2932 423 CYRENSIS
3852 365 3914 429 68

674 484 733 536 in
778 479 867 534 his
885 476 1136 549 quaedam
1171 476 1468 530 humanam
1500 480 1749 529 naturam
1785 446 2127 529 excedentia.
2166 471 2259 529 Sic

2364 472 2540 527 αὐτῶν
2570 472 2685 526 ἔνια
2714 474 2808 528 καὶ
2836 473 2934 544 τὴν
2959 473 3307 544 ἀνθρωπείαν
3332 476 3726 548 ὑπερϐαίνοντα
3750 479 3913 550 φύσιν.

674 580 860 631 autem
886 567 1019 623 dicit
1043 586 1055 620 :
1091 586 1108 619 ι
1140 566 1259 622 Non
1277 556 1579 622 secundum
1595 566 1913 635 opinionem
1936 562 2255 635 'judicabit,

678 674 857 729 neque
891 658 1196 714 secundum
1228 658 1429 712 famam
1458 664 1655 727 arguet
1682 674 1694 709 :
1727 654 1822 711 sed
1856 655 1913 711 in
1932 656 2147 727 justitia
2169 656 2259 727 jus

676 750 826 807 dicet
853 750 1072 814 humili,
1103 759 1159 805 et
1186 758 1378 820 arguet
1408 748 1463 804 in
1487 747 1817 805 rectitudine
1835 748 2053 803 nobiles
2075 756 2255 811 terrae,

677 852 734 899 et
767 842 1037 913 percutiet
1071 849 1269 923 terram
1299 856 1557 896 sermone
1585 840 1699 896 oris
1731 839 1839 923 sui,
1870 850 1925 894 et
1947 838 2145 910 spiritu
2174 838 2258 893 la-

676 925 895 982 biorum
951 917 1178 983 suorum
1229 917 1809 998 interlicietimpium
1867 928 1932 981 ⁸⁸.
1972 948 1992 979 ι
2052 926 2259 983 Harum

676 1018 1099 1089 praedictionum
1125 1029 1311 1090 partes
1338 1019 1586 1091 quaedam
1610 1020 1862 1074 humana:
1880 1026 2009 1073 sunt
2027 1027 2256 1080 naturae,

676 1114 926 1180 quaedam
959 1110 1160 1166 divina:
1190 1130 1202 1163 :
1234 1111 1447 1181 justitia
1485 1109 1653 1175 enim,
1680 1114 1741 1165 et
1773 1109 1976 1164 veritas
2003 1116 2059 1164 et
2090 1109 2259 1163 recti-

678 1201 836 1263 tudo.
865 1212 923 1258 et
950 1204 1172 1258 immota
1204 1203 1260 1259 in
1298 1202 1602 1279 judicando
1623 1200 1935 1255 constantia
1960 1200 2259 1255 humanam

675 1293 937 1348 virtutem
963 1294 1265 1348 declarant.

749 1384 957 1439 ERAN.
1005 1385 1085 1439 Ex
1134 1384 1222 1439 his
1252 1391 1441 1453 aperte
1484 1382 1803 1447 didicimus,
1851 1381 2000 1453 quod
2052 1380 2260 1437 Christi

677 1475 977 1531 Salvatoris
1001 1476 1177 1531 nostri
1208 1475 1506 1534 adventum
1527 1460 1795 1547 propheta
1820 1473 2154 1545 pradixerit.

750 1670 962 1729 ORTH.
1003 1671 1135 1739 Qua
1177 1671 1594 1740 subsequuntur
1611 1669 2087 1741 interpretationis
2112 1670 2260 1727 veri-

680 1760 849 1818 tatem
872 1762 1183 1819 evidentius
1208 1771 1261 1817 te
1295 1761 1595 1817 docebunt.
1623 1762 1791 1816 Addit
1816 1763 1963 1819 enim
1992 1780 2004 1816 :
2055 1782 2074 1815 ι
2107 1763 2261 1819 Tunc

679 1849 841 1904 simul
877 1860 1132 1919 pascetur
1186 1852 1352 1919 lupus
1401 1865 1526 1904 cum
1586 1866 1725 1921 agno
1745 1851 1812 1916 “,
1853 1870 1871 1902 ι
1904 1861 1959 1907 et
1996 1868 2120 1923 quae
2168 1868 2259 1909 se-

677 1934 961 2011 quuntur;
988 1942 1193 2011 quibus
1223 1940 1385 1997 docet
1410 1950 1525 1996 tum
1562 1957 1775 1997 morum
1808 1943 2255 2014 discrepantiam,

678 2037 796 2084 tum
842 2029 971 2085 ﬁdei
1006 2031 1382 2085 concordiam.
1406 2030 1486 2083 Ac
1524 2036 1720 2084 testem
1750 2030 2126 2101 praedictionis
2159 2033 2259 2089 ha-

677 2118 874 2174 bemus
899 2135 1087 2175 rerum
1117 2122 1537 2190 experientiam.
1562 2124 1695 2178 Nam
1723 2132 1780 2177 et
1804 2139 1901 2177 eos
1929 2125 2022 2193 qui
2052 2124 2261 2181 divitiis

676 2210 928 2276 amount,
966 2220 1025 2266 et
1054 2227 1152 2267 eos
1179 2214 1275 2283 qui
1309 2228 1433 2269 cum
1463 2224 1786 2285 paupertate
1811 2215 1917 2285 3'7
1944 2216 2266 2273 conﬂictan-

679 2310 789 2366 tur,
838 2317 1029 2358 servos
1081 2320 1145 2359 ac
1198 2304 1473 2372 dominos,
1525 2308 1878 2377 magistratus
1901 2315 1959 2363 et
1990 2308 2291 2377 subditos“

678 2392 883 2447 milites
934 2402 992 2448 et
1018 2390 1287 2464 privatos,
1336 2404 1392 2450 et
1414 2412 1508 2451 eos
1550 2396 1643 2466 qui
1668 2397 1821 2452 orbis
1848 2404 2118 2452 terrarum
2143 2414 2265 2455 sce-

676 2491 800 2555 ptra
848 2493 1055 2547 tenent,
1109 2500 1280 2540 unum
1308 2485 1513 2555 excipit
1540 2488 1844 2549 lavacrum,
1872 2503 1979 2542 una
2005 2490 2266 2547 omnibus

678 2574 913 2629 olfertur
955 2575 1226 2638 doctrina,
1261 2592 1371 2631 una
1409 2577 1669 2632 omnibus
1699 2578 1926 2649 mystica
1957 2594 2145 2635 mensa
2175 2580 2263 2635 in-

681 2664 935 2731 struitur,
967 2673 1026 2720 et
1064 2664 1297 2735 quilibet
1334 2667 1679 2722 credentium
1710 2669 1908 2740 aequali
1943 2678 2100 2740 parte
2132 2670 2266 2725 frui-

681 2760 793 2807 tur.

752 2844 962 2901 ERAN.
1012 2844 1121 2901 Sed
1173 2845 1289 2900 haec
1325 2845 1498 2900 Deum
1530 2861 1675 2913 esse,
1717 2846 1787 2903 de
1838 2864 1951 2919 quo
1992 2850 2265 2920 propheta

679 2935 950 3005 loquitur,
983 2933 1304 2989 ostendunt.

751 3023 964 3080 OBTH.
989 3024 1106 3079 Non
1141 3024 1319 3079 solum
1348 3024 1540 3090 Deum,
1595 3025 1692 3080 sed
1739 3025 1907 3082 etiam
1959 3026 2260 3083 hominem.

2358 565 2526 634 Λέγει
2550 564 2606 617 δὲ
2640 563 2847 628 οὕτως·
2886 581 2906 616 ι
2959 565 3033 618 Οὐ
3069 565 3210 619 κατὰ
3238 569 3339 637 τὴν
3371 569 3531 634 δόξαν
3572 575 3767 641 κρινεῖ.
3809 572 3917 627 οὐδὲ

2359 654 2502 710 κατὰ
2525 654 2620 726 τὴν
2651 655 2840 710 λαλιὰν
2869 654 3274 725 amen-sm
3305 662 3484 730 κρινεῖ
3530 662 3590 713 εν
3618 661 3921 735 δικαιοσύνῃ

2358 746 2603 818 ταπεινῷ
2651 749 2837 819 κρίσιν
2863 788 2878 815 ,
2914 748 3009 803 καὶ
3059 746 3269 817 ἐλέγξει
3314 752 3373 804 ὲν
3404 751 3658 821 εὐθύτητι
3708 753 3826 818 τοὺς
3847 756 3921 808 iv-

2358 839 2545 905 δόξους
2574 840 2672 911 τῆς
2706 840 2809 909 γῆς
2835 878 2851 903 ,
2889 841 2983 894 καὶ
3028 841 3258 907 πατάξει
3308 844 3408 913 τὴν
3440 845 3546 914 γῆν
3575 845 3653 915 τῷ
3673 846 3809 917 λόγῳ
3837 843 3921 899 τοῦ

2362 931 2631 1001 στόματος
2656 931 2845 990 αὑτοῦ,
2869 931 2963 984 καὶ
2985 931 3064 1002 τῷ
3092 932 3363 1004 πνεύματι
3405 933 3493 987 διά
3515 936 3742 1005 χειλέων
3756 926 3925 990 ’ἀνελεῖ

2361 1021 2453 1073 τὸν
2486 1019 2681 1089 ἀσεϐῆ.
2734 1040 2757 1072 ι
2797 1020 3018 1075 Τούτων
3049 1022 3106 1075 δὲ
3150 1023 3258 1076 τῶν
3300 1026 3694 1096 προρρήσεων,
3740 1026 3807 1080 τά
3837 1026 3926 1095 μὶν

2362 1110 2508 1163 ἔστιν
2537 1108 2871 1179 ἀνθρώπεια,
2912 1116 2982 1164 τά
3002 1111 3056 1165 δὲ
3088 1111 3294 1180 θεῖασή
3335 1112 3433 1182 μὲν
3466 1116 3577 1182 γαρ
3604 1113 3927 1185 δικαιοσύνη,

2363 1202 2457 1256 καὶ
2481 1203 2512 1261 ἠ
2548 1201 2803 1270 ἀλήθεια,
2842 1202 2938 1255 καὶ
2988 1201 3049 1255 sb
3089 1202 3247 1266 εὐθές
3283 1220 3343 1255 τε
3386 1203 3480 1256 καὶ
3516 1202 3735 1267 άκλινὲς
3765 1210 3821 1259 ἐν
3858 1203 3931 1274 τῷ

2363 1293 2570 1365 κρίνειν
2618 1292 2770 1361 δηλοί
2806 1293 2907 1362 τὴν
2941 1292 3086 1345 κατά
3112 1292 3173 1345 τὸ
3198 1292 3542 1364 ἀνθρώπινον
3574 1293 3799 1366 ἀρετὴν.

2436 1384 2638 1437 ΕΡΔΝ.
2677 1384 3023 1453 Σαφέστερον
3051 1382 3140 1436 διὰ
3165 1384 3374 1438 τούτων
3420 1386 3722 1455 ἐμάθομεν,
3748 1387 3823 1449 ὡς
3844 1386 3932 1440 τοῦ

2362 1474 2615 1542 Σωτῆρος
2642 1473 2802 1543 ἡμῶν
2838 1472 3076 1545 Χριστοῦ
3108 1473 3210 1543 τὴν
3250 1474 3561 1544 παρουσίαν
3601 1476 3630 1527 ό
3654 1475 3937 1547 προφήτης

2363 1566 2673 1620 ἐθέσπισεν.

2434 1659 2587 1713 ΟΡΘ.
2633 1657 3060 1729 Ἐναργέστερόν
3106 1675 3165 1713 σε
3194 1658 3400 1725 διδάξει
3450 1660 3522 1713 τὰ
3559 1660 3769 1714 τούτων
3814 1658 3938 1713 ἀκό-

2361 1750 2528 1803 λουθα
2555 1750 2658 1820 τὴν
2706 1752 2806 1821 τῆς
2853 1751 3155 1822 ἑρμηνείας
3209 1751 3490 1821 ἀλήθειαν.
3546 1753 3777 1821 Ἐπάγει
3810 1751 3937 1820 γάρ·

2297 1821 2334 1875 Β
2370 1863 2389 1896 ι
2425 1845 2558 1897 Τότε
2590 1821 3108 1916 συμϐοσκηθήσεται
3136 1846 3298 1910 λύκος
3325 1848 3463 1917 μετὰ
3490 1848 3676 1916 άρνοῦ,
3708 1866 3732 1901 ι
3765 1849 3857 1902 καὶ
3881 1847 3944 1901 τά

2363 1934 2492 2002 ἑξῆς
2513 1950 2526 1963 ’
2563 1933 2630 1987 δι’
2660 1925 2735 1987 ὧν
2772 1934 3011 1988 διδάσκει
3039 1935 3134 1988 καὶ
3162 1935 3269 1988 τῶν
3292 1936 3444 2006 ἠθῶν
3467 1937 3529 1989 τὸ
3551 1936 3831 2009 διάφορον,
3856 1936 3944 1990 καὶ

2362 2025 2425 2078 τὸ
2454 2025 2557 2095 τῆς
2588 2028 2827 2091 πίστεως
2852 2026 3165 2097 σύμφωνον.
3203 2028 3315 2090 Καὶ
3357 2030 3614 2100 μάρτυρα
3648 2031 3749 2100 τῆς
3785 2032 3945 2102 προρ-

2365 2117 2579 2190 ρήσεως
2603 2117 2798 2189 ἔχομεν
2818 2118 2927 2171 τῶν
2952 2119 3295 2191 πραγμάτων
3319 2121 3420 2191 τὴν
3450 2123 3669 2191 πεῖραν.
3704 2120 3815 2173 Καὶ
3841 2119 3945 2189 γάρ

2364 2210 2491 2271 τοὺς
2518 2208 2738 2279 πλούτῳ
2784 2207 3096 2279 κομῶντας,
3150 2211 3246 2263 καὶ
3275 2210 3402 2274 τοὺς
3446 2212 3609 2281 πενία
3638 2209 3942 2273 συζῶντας,

2365 2300 2584 2362 οἰκέτας
2608 2317 2668 2353 τε
2699 2301 2794 2353 καὶ
2822 2300 3119 2364 δεσπότας,
3146 2303 3240 2355 καὶ
3270 2302 3611 2371 ἀρχομένους
3641 2303 3734 2356 καὶ
3757 2304 3945 2372 άρχον-

2372 2405 2486 2452 τας,
2516 2390 2612 2442 «καὶ⁵
2655 2388 2996 2461 στρατιώτας
3022 2390 3117 2443 καὶ
3148 2390 3386 2452 ἰδιώτας,
3416 2390 3512 2442 καὶ
3546 2390 3670 2451 τοὺς
3708 2389 3781 2441 τὰ
3816 2388 3945 2456 σκῆ-

2370 2497 2518 2550 πτρα
2555 2483 2657 2549 τῆς
2696 2480 3024 2550 οἰκουμένης
3071 2479 3426 2549 κατέχοντας,
3483 2480 3599 2550 μία
3625 2480 3945 2551 ὑποδέχεται

2366 2567 2747 2638 κολυμϐήθρα,
2784 2567 2883 2637 μία
2910 2569 3043 2621 πᾶσι
3062 2567 3381 2621 διδασκαλία
3410 2552 3819 2640 προσφέρεται,
3852 2568 3946 2634 μία

2373 2661 2510 2711 πᾶσι
2577 2658 2818 2728 μυστικὴ
2889 2658 3206 2729 προτίθεται
3256 2657 3508 2729 τράπεζα
3549 2657 3798 2711 καὶτῶν
3855 2675 3947 2710 πι-

2372 2749 2674 2803 στευόντων
2699 2749 2930 2810 ἕκαστος
2961 2749 3084 2820 ίσης
3122 2748 3388 2802 ἀπολαύει
3423 2750 3663 2818 μερίδος.

2441 2836 2645 2896 ΕΡΑΝ.
2712 2835 2873 2889 Ἀλλά
2921 2835 3095 2889 ταῦτα
3150 2836 3284 2890 Θεὸν
3327 2837 3417 2890 τὸν
3470 2838 3949 2909 προφητευόμενον

2355 2924 2663 2981 δείκνυσιν.

2438 2962 2592 3070 υΡέ.
2621 2962 2705 3069 ὂὺ
2735 3015 2868 3069 Θεὸν
2895 3015 3076 3086 μόνον,
3114 2962 3250 3070 ἀλλὰ
3283 3018 3378 3071 καὶ
3404 2975 3712 3089 ἄνθρωπον.
3746 3016 3946 3071 Τούτου

645 3127 649 3133 ’
682 3113 813 3171 Ideo
830 3115 1013 3169 statim
1030 3114 1099 3169 ab
1134 3113 1293 3169 initio
1316 3115 1482 3186 hujus
1508 3117 1812 3187 praphetia:
1837 3118 2047 3190 virgam
2077 3136 2145 3176 ex
2176 3136 2262 3176 ra-

2366 3108 2431 3179 δὴ
2473 3107 2656 3179 χάριν,
2697 3108 2795 3162 καὶ
2825 3108 2989 3170 εὐθὺς
3020 3107 3182 3176 τῆσδε
3219 3110 3318 3187 τῆς
3351 3109 3689 3179 προφητείας
3712 3109 3948 3181 ἀρξάμε-

682 3204 807 3261 dice
837 3205 989 3260 Jesse
1024 3206 1449 3275 germinaturam
1478 3206 1617 3261 dixit
1655 3208 1721 3273 ⁸⁵,
1760 3218 1816 3265 et
1849 3211 2262 3281 praedictionem

683 3297 944 3353 claudens
967 3296 1254 3376 exordium
1283 3298 1521 3368 repetiit.
1554 3299 1645 3354 Sic
1680 3302 1825 3356 enim
1847 3304 1926 3357 ait
1954 3321 1968 3357 :
2012 3322 2030 3355 ι
2063 3304 2132 3359 Ει
2156 3303 2265 3358 erit

684 3389 840 3444 radix
863 3389 1037 3451 Jesse,
1072 3396 1129 3444 et
1156 3404 1454 3460 exsurgens
1482 3390 1550 3445 ad
1577 3390 1957 3462 imperandum
1982 3395 2261 3466 gentibus.

684 3478 744 3533 In
791 3493 859 3533 eo
903 3490 1093 3549 gentes
1140 3479 1462 3549 sperabunt,
1510 3487 1564 3535 et
1612 3481 1719 3535 erit
1756 3484 1977 3551 requies
2017 3484 2137 3554 ejus
2160 3484 2263 3538 ho-

683 3584 786 3623 nor
819 3569 887 3622 ".
930 3588 949 3620 ›
986 3568 1141 3625 Jesse
1186 3580 1372 3625 autem
1414 3570 1522 3625 fuit
1570 3581 1726 3642 pater
1778 3573 2040 3640 Davidis;
2070 3575 2264 3630 Davidi

684 3673 817 3712 vero
842 3658 983 3714 facta
1001 3669 1088 3714 est
1109 3676 1235 3713 cum
1257 3660 1619 3731 jurejurando
1643 3664 1954 3731 promissio.
1988 3665 2100 3720 Nec
2132 3681 2266 3721 vero

685 3749 892 3819 virgam
924 3750 1327 3820 germinantem
1351 3765 1418 3807 ex
1442 3753 1595 3809 Jesse
1623 3754 1953 3823 appellasset
1981 3754 2264 3811 Christum

681 3841 1000 3904 Dominum,
1043 3842 1089 3896 si
1130 3842 1301 3896 Deum
1355 3851 1565 3898 tantum
1621 3845 1951 3914 agnovisset.
2007 3846 2266 3901 Praedixit

682 3940 867 3987 autem
896 3932 1188 4002 prophetia
1216 3933 1382 3987 etiam
1406 3932 1559 3989 orbis
1586 3942 1859 3991 terrarum
1879 3920 2261 3995 mutationem.

692 4041 711 4075 ι
737 4023 1161 4092 lmpleta‘enim
1207 4034 1313 4089 est,
1360 4024 1561 4095 inquit,
1601 4027 1855 4083 universa
1890 4037 2038 4085 terra
2071 4034 2265 4103 cogni-

683 4114 835 4171 tione
859 4114 1095 4181 Domini,
1121 4123 1180 4170 et
1200 4116 1355 4186 quasi
1377 4131 1521 4187 aqua
1546 4118 1717 4173 multa
1738 4120 1918 4189 operit
1943 4121 2115 4178 maria
2136 4120 2205 4177 ⁸⁷.
2239 4143 2258 4175 ι

753 4291 960 4349 ERAN.
992 4291 1194 4347 Audivi
1224 4293 1547 4364 prophetica
1568 4295 1848 4351 vaticinia.
1879 4297 2088 4353 Vellem
2116 4315 2271 4356 nunc

689 4383 942 4440 distincte
999 4383 1166 4450 scire,
1223 4400 1293 4439 an
1344 4385 1568 4443 divinus
1619 4403 1841 4457 quoque
1890 4391 2265 4459 apostolorum

2367 3217 2478 3264 νος,
2513 3198 2711 3269 ῥάϐδον
2750 3198 3076 3268 βλαστήσειν
3118 3199 3183 3251 ἐκ
3225 3200 3324 3267 τῆς
3360 3197 3518 3269 ῥίζης
3558 3200 3786 3270 εἴρηκεν
3821 3200 3947 3253 Ἰεσ-

2344 3288 2495 3346 σαί·
2540 3292 2636 3344 καὶ
2676 3290 2777 3362 τὴν
2831 3291 3141 3361 πρόρρησιν
3191 3292 3568 3361 συμπεράνας,
3615 3289 3850 3344 ἀνέλαϐε
3890 3290 3951 3343 τὸ

2366 3377 2679 3456 προοίμιον.
2702 3383 2848 3452 Ἔφη
2867 3384 2977 3453 γάρ
2997 3399 3009 3412 ·
3040 3402 3058 3434 ι
3080 3383 3189 3435 Καὶ
3218 3382 3370 3435 ἔσται
3391 3384 3424 3450 ἡ
3448 3381 3574 3456 ῥίζα
3594 3382 3689 3435 τοῦ
3727 3384 3948 3446 Ἰεσσαὶ,

2366 3477 2461 3529 καὶ
2499 3477 2526 3528 ό
2572 3474 2932 3543 ἀνιστάμενος
2983 3475 3171 3548 ἄρχειν
3220 3473 3424 3527 ἐθνῶν·
3478 3476 3565 3528 ἐπ’
3617 3474 3769 3545 αύτῷ
3826 3473 3949 3544 ἔθνη

2368 3564 2641 3627 ἑλπιοῦσι,
2672 3566 2767 3617 καὶ
2800 3562 2955 3618 ἔσται
2984 3566 3016 3635 ή
3045 3563 3353 3627 ἀνάπαυσις
3377 3564 3539 3618 αὐτοῦ
3567 3566 3720 3635 τιμή.
3756 3584 3776 3616 ι
3823 3566 3953 3618 Ἰεσ-

2369 3658 2461 3711 σαὶ
2487 3657 2544 3709 δὲ
2575 3659 2603 3710 ό
2630 3654 2812 3725 πατὴρ
2835 3655 2929 3709 τοῦ
2952 3655 3140 3719 Δαϐὶδ,
3172 3655 3309 3727 πρὸς
3338 3656 3396 3708 δὲ
3423 3656 3514 3707 τὸν
3541 3656 3705 3709 Δαϐὶδ
3727 3657 3953 3724 γέγονεν

2368 3750 2401 3819 ἡ
2444 3749 2562 3819 μεθ’
2592 3749 2771 3819 ὅρκων
2817 3747 3133 3817 ὑπόσχεσις.
3170 3746 3285 3802 Οὐκ
3310 3746 3376 3800 ἂν
3398 3746 3453 3800 δὲ
3485 3747 3682 3819 ῥάϐδον
3717 3746 3954 3817 βλαστή-

2369 3858 2570 3895 σουσαν
2599 3840 2660 3903 ἐξ
2711 3839 2910 3892 Ἰεσσαὶ
2949 3840 3361 3910 προσηγόρευσε
3389 3838 3479 3891 τὸν
3510 3840 3789 3907 Δεσπότην
3822 3839 3954 3909 Χρι-

2370 3931 2517 3992 στὸν,
2542 3932 2592 3983 εἰ
2634 3929 2794 4000 μόνον
2812 3928 2936 3999 ᾔδει
2979 3928 3132 3984 Θεόν.
3169 3928 3475 4000 Προείρηκε
3498 3928 3556 3982 δὲ
3585 3931 3617 3999 ἡ
3645 3930 3955 4001 πρόρρησις

2369 4026 2464 4079 καὶ
2490 4027 2590 4096 τὴν
2631 4026 2729 4095 τῆς
2769 4026 3099 4095 οἰκουμένης
3126 4024 3478 4096 μεταϐολήν.
3533 4044 3552 4077 ι
3612 4024 3952 4095 Ἑνεπλήσθη

2369 4116 2497 4188 γὰρ,
2533 4116 2719 4187 φησὶν,
2763 4119 2795 4189 ἡ
2841 4101 3106 4187 σύμπασα
3133 4120 3204 4189 γῆ
3232 4117 3324 4171 τοῦ
3355 4117 3559 4186 γνῶναι
3591 4118 3682 4171 τὸν
3720 4117 3953 4188 Κύριον,

2370 4208 2445 4272 ὡς
2484 4208 2629 4279 ὕδωρ
2654 4209 2788 4263 πολὺ
2814 4208 3193 4279 κατακαλύψαι
3226 4209 3524 4273 θαλάσσας.
3559 4226 3580 4261 ι

2440 4299 2646 4353 EPAN.
2690 4298 2812 4353 Τῶν
2837 4301 2936 4371 μὶν
2964 4301 3319 4371 προφητικῶν
3348 4301 3634 4371 ἐπήκουσα
3649 4298 3957 4370 θεσπισμά-

2372 4408 2501 4444 των.
2536 4391 2870 4463 Ἐϐουλόμην
2901 4392 2960 4446 δὲ
2988 4392 3190 4461 γνῶναι
3226 4392 3437 4462 σαφῶς,
3474 4394 3522 4446 εἰ
3553 4393 3647 4445 καὶ
3677 4392 3788 4444 τῶν
3818 4394 3958 4446 ἁπο-

684 4474 889 4531 chorus
927 4474 1206 4530 Christum
1236 4476 1527 4531 Dominum
1556 4493 1623 4533 ex
1656 4480 1866 4535 semine
1895 4480 2116 4536 Davidis
2142 4497 2262 4553 ger-

2378 4482 2583 4536 στόλων
2608 4485 2637 4535 ό
2677 4482 2821 4543 θεῖος
2842 4484 3003 4554 χορὸς
3034 4485 3095 4537 ἑκ
3129 4486 3445 4556 σπέρματος
3470 4484 3637 4538 Δαϐὶδ
3664 4482 3957 4553 βεϐλαστη·

683 4567 922 4623 minasse
947 4567 1093 4622 dicat
1116 4566 1419 4623 secundum
1456 4582 1697 4623 carnem.

753 4659 772 4679 ‘
814 4657 1024 4713 ORTH.
1086 4659 1221 4713 Rem
1274 4658 1563 4728 postulasti
1620 4660 1847 4717 minime
1876 4662 2123 4728 arduam,
2165 4663 2262 4718 sed

683 4749 846 4803 valde
894 4750 1110 4804 facilem
1138 4758 1195 4805 et
1226 4751 1558 4820 expeditam.
1606 4750 1746 4806 Audi
1780 4769 1911 4824 ergo
1951 4754 2261 4825 principem

681 4841 1057 4913 apostolorum
1083 4842 1411 4897 clamantem
1443 4861 1456 4897 :
1497 4862 1514 4895 ι
1547 4844 1817 4916 Propheta
1845 4861 1969 4899 cum
1993 4856 2134 4902 esset
2154 4848 2263 4903 Da-

684 4931 798 4999 vid,
833 4942 893 4988 et
913 4933 1081 4989 sciret
1106 4935 1469 5005 jurejurando
1506 4936 1721 5006 jurassc
1758 4936 1835 4990 illi
1873 4936 2068 5001 Deum,
2111 4938 2263 4993 futu-

686 5039 812 5081 rum
831 5033 893 5080 ut
919 5024 989 5080 de
1020 5025 1201 5080 fructu
1230 5025 1401 5080 lumbi
1427 5027 1548 5096 ejus
1568 5026 1679 5097 38
1708 5027 2013 5082 secundum
2042 5043 2262 5083 carnem

682 5119 995 5174 exoriretur
1034 5119 1289 5176 Christus
1332 5120 1425 5189 qui
1454 5120 1676 5175 sederet
1699 5117 1867 5189 super
1898 5117 2086 5174 sedem
2118 5119 2258 5189 ejus,

684 5208 985 5281 providens
1032 5211 1251 5266 locutus
1281 5220 1365 5266 est
1395 5211 1463 5265 de
1499 5210 1905 5286 resurrectione
1938 5210 2080 5281 ejus,
2116 5209 2263 5280 quod

686 5316 867 5371 neque
896 5300 1158 5357 derelicta
1181 5311 1265 5357 est
1294 5302 1349 5356 in
1398 5301 1613 5357 inferno
1661 5302 1841 5357 anima
1890 5302 2033 5372 ejus,
2084 5317 2265 5373 neque

684 5406 815 5447 caro
843 5392 961 5462 ejus
982 5392 1121 5447 vidit
1150 5394 1555 5462 corruptionem
1572 5394 1668 5447 ⁸⁸.»
1689 5393 1769 5448 Ex
1792 5393 1878 5449 his
1904 5394 2065 5449 facile
2099 5395 2264 5449 intel-

683 5478 857 5550 ligere
889 5486 1065 5547 potes,
1098 5495 1164 5534 ex
1205 5480 1414 5535 semine
1463 5481 1684 5537 Davidis
1736 5482 1905 5537 etiam
1957 5484 2261 5538 secundum

2374 4574 2528 4627 κέναι
2571 4573 2709 4627 κατὰ
2740 4576 2919 4646 σάρκα
2957 4574 3059 4644 ἔφη
3093 4575 3184 4628 τὸν
3210 4576 3488 4644 Δεσπότην
3518 4574 3773 4645 Χριστόν.

2448 4666 2600 4718 ΟΡΘ.
2646 4665 2813 4719 Οὐδὲν
2858 4668 3191 4735 ἐπήγγειλας
3223 4666 3504 4738 δυσχερὲς,
3534 4665 3668 4718 ἀλλὰ
3705 4667 3801 4718 καὶ
3835 4665 3957 4719 λίαν

2374 4756 2601 4819 εὐπετές
2632 4773 2691 4809 τε
2734 4757 2829 4809 καὶ
2861 4757 3063 4828 ῥᾴδιον.
3104 4760 3371 4810 ’Ἄκουσον
3400 4756 3578 4809 τοίνυν
3604 4754 3696 4808 τού
3724 4754 3957 4826 ,πρώτου

2372 4845 2484 4898 τῶν
2507 4846 2822 4899 ἀποστόλων
2848 4846 3097 4916 βοῶντος,
3128 4848 3208 4899 ὅτι
3243 4864 3261 4897 ι
3290 4847 3583 4917 Προφήτης
3608 4844 3684 4897 ὣν
3710 4846 3741 4896 ὁ
3764 4845 3956 4909 Δαϐὶδ,

2374 4938 2468 4990 καὶ
2496 4938 2653 5000 εἰδὼς
2683 4938 2763 4990 ὅτι
2806 4939 2954 5009 ὅρκῳ
2981 4936 3368 5009 ὤμοσεναύτῷ
3396 4939 3424 4990 ό
3444 4936 3598 5001 Θεὸς,
3645 4937 3709 4989 ἑκ
3735 4934 3956 5007 καρποῦ

2370 5028 2470 5097 τῆς
2514 5028 2714 5097 ὀσφύος
2755 5027 2921 5080 αὐτοῦ
2972 5028 3301 5097 ἀναστήσειν
3334 5026 3395 5079 τὸ
3438 5025 3578 5079 κατὰ
3629 5025 3811 5095 σάρκα
3861 5026 3957 5079 τὸν

2372 5119 2605 5191 Χριστὸν
2654 5116 2875 5173 καθίσαι
2907 5120 3026 5190 (56)
3052 5121 3142 5173 ἐπὶ
3169 5119 3264 5173 τοῦ
3293 5119 3487 5191 θρόνου
3505 5117 3692 5183 αὑτοῦ,
3715 5117 3959 5190 προϊδὼν

2376 5209 2606 5280 ὲλάλησε
2642 5210 2899 5280 περὶτῆς
2948 5211 3298 5273 ἀναστάσεως
3344 5209 3535 5274 αὐτοῦ,
3572 5210 3655 5262 ὃτι
3701 5209 3829 5263 οὕτε
3872 5212 3960 5278 ἑγ-

2375 5299 2703 5369 κατελείφθη
2736 5303 2813 5364 εἰς
2832 5300 2960 5371 ᾅδου
2986 5302 3020 5368 ἡ
3041 5300 3187 5371 ψυχὴ
3207 5301 3396 5367 αὑτοῦ,
3420 5300 3533 5354 οὔθ’
3555 5303 3589 5371 ἠ
3620 5299 3757 5372 σάρξ
3784 5302 3957 5355 αὐτοῦ

2374 5385 2480 5442 εἶδε
2514 5390 2834 5461 διαφθοράν.
2874 5410 2891 5441 ι
2934 5390 3027 5442 Ἐκ
3049 5390 3253 5444 τούτων
3285 5391 3578 5458 διαγνῶναί
3608 5391 3956 5456 σοιδυνατὸν,

2371 5483 2452 5534 ὅτι
2475 5482 2567 5533 καὶ
2597 5486 2659 5535 ἐκ
2677 5483 2991 5553 σπέρματος
3013 5481 3177 5539 Δαϐὶδ
3200 5485 3347 5538 κατὰ
3374 5484 3552 5553 σάρκα
3580 5483 3960 5555 βεϐλάστηκεν

756 5634 805 5668 ⁸³
832 5636 935 5691 lsa.
961 5653 1016 5702 It,
1051 5637 1104 5702 5,
1143 5639 1195 5692 4.
1237 5639 1282 5671 ⁸⁵
1308 5638 1446 5694 Ibid.
1476 5640 1531 5696 6.
1607 5638 1654 5672 ⁸⁵
1687 5640 1786 5695 lsa.
1815 5657 1886 5705 xl,
1918 5642 1966 5693 1.
2043 5640 2092 5687 9'
2116 5640 2251 5695 ibid.

2364 5684 2366 5694 ι
2447 5640 2489 5670 ⁸⁷
2520 5641 2654 5695 Ibid.
2686 5642 2736 5695 9.
2815 5642 2859 5674 "'
2887 5640 3006 5695 Act.
3040 5658 3096 5707 ιι,
3119 5641 3308 5708 50-3l;
3389 5642 3577 5697 Matth.
3614 5660 3723 5711 va,
3757 5642 3847 5701 16.

760 5747 871 5817 (54)
909 5750 1031 5803 καθ.
1059 5751 1157 5805 Ed.
1185 5754 1337 5822 prior
1371 5754 1610 5810 habebat
1634 5755 1889 5823 καθῆσαι.
