4112 6374
673 349 744 419 7'1
1661 350 2146 413 TIIEODORETI
2183 349 2523 413 EPISCOPI
2563 353 2924 415 CYRENSIS
3856 364 3928 428 Ἠ

677 477 805 518 rum
834 460 1189 533 iureiurando
1220 459 1442 516 sancitze
1474 461 1888 531 promissiones,
1920 462 2130 516 inutilis
2157 478 2256 515 au-

2364 463 2466 515 τῶν
2493 464 2629 517 ὅλων
2669 465 2787 533 μεθ’
2825 465 3004 534 ὅρκων
3035 465 3400 535 γεγενημέναι
3437 461 3719 534 συνθῆκαι,
3744 462 3927 533 ἀνόνη·

679 564 789 609 tem
811 553 920 624 40
943 544 1095 607 Judze
1136 551 1450 605 benedictio
1479 593 1492 616 ,
1536 560 1592 606 et
1625 551 1758 605 falsa
1797 568 1918 621 quae
1957 552 2146 606 Davidi
2179 552 2255 606 fa-

678 653 763 696 cta
794 651 878 695 est
905 642 1215 712 promissio.
1257 640 1670 710 Supervacanca
1708 658 1838 695 vero
1859 641 2024 694 etiam
2060 640 2248 710 Virgo,

670 749 798 801 qua:
821 733 933 787 Deo
986 733 1266 786 incarnato
1305 731 1441 784 nihil
1489 739 1699 784 natura:
1755 740 1955 784 nostra:
1994 730 2247 783 contulit.

679 825 1074 893 Prophetarum
1109 839 1328 893 quoque
1361 823 1748 892 przedictiones
1799 823 1963 877 ﬁnem
2016 837 2125 876 non
2163 823 2256 876 ha-

674 915 828 971 bent.
878 916 1056 981 Quare
1101 915 1279 968 inanis
1312 930 1531 984 quoque
1570 924 1652 968 est
1700 914 2013 984 praedicatio
2045 925 2253 979 nostra,

678 1008 856 1061 inanis
887 1007 1020 1059 ﬁdes
1061 1013 1271 1068 nostra,
1304 1019 1442 1056 vana
1476 1019 1695 1073 quoque
1734 1018 1860 1072 spes
1889 1003 2254 1057 resurrectio-

669 1100 783 1154 nis.
831 1099 1091 1151 Mentitur
1138 1097 1306 1161 enim,
1344 1097 1657 1161 utvidetur,
1686 1096 1981 1165 Apostolus
2007 1096 2199 1150 dicens
2239 1113 2250 1148 :

683 1208 700 1240 ι
747 1190 862 1245 Una
903 1188 1246 1243 resuscitavit
1267 1198 1324 1242 et
1349 1187 1542 1241 sedere
1569 1201 1668 1239 nos
1696 1186 1827 1240 fecit
1855 1186 1910 1240 in
1937 1187 2257 1242 caelestibus

667 1295 800 1337 cum
857 1280 1080 1334 Christo
1127 1280 1258 1334 Jesu
1281 1280 1348 1330 ⁸³.
1392 1297 1411 1328 ι
1471 1276 1525 1330 Si
1575 1277 1722 1331 enim
1788 1288 1991 1332 nostra:
2045 1286 2256 1332 naturae

669 1371 928 1426 Christus
957 1370 1222 1424 Dominus
1249 1368 1385 1422 nihil
1419 1369 1652 1431 habuit,
1685 1368 1822 1423 falso
1868 1369 2125 1438 primitiae
2159 1384 2257 1422 no-

674 1469 801 1515 strae
829 1460 1134 1529 appellatus
1171 1465 1255 1512 est
1287 1476 1299 1510 :
1330 1458 1580 1527 corporis
1600 1473 1764 1526 porro
1794 1467 1989 1511 natura
2014 1474 2081 1512 ex
2109 1472 2257 1510 mor-

677 1551 786 1605 tuis
809 1551 1045 1605 excitata
1075 1565 1184 1603 non
1219 1559 1324 1612 est,
1354 1563 1532 1617 neque
1576 1549 1629 1602 in
1665 1549 1804 1603 coelo
1837 1550 2022 1602 sedem
2061 1564 2091 1601 a
2116 1547 2252 1601 dex-

677 1642 809 1696 teris
833 1649 1146 1696 consecuta.
1169 1637 1323 1706 Quod
1344 1638 1388 1693 si
1427 1653 1559 1692 vero
1587 1639 1724 1691 nihil
1763 1639 1958 1692 horum
1989 1639 2250 1703 obtinuit,

674 1732 952 1802 quomodo
982 1746 1081 1785 nos
1105 1732 1246 1784 Deus
1275 1745 1379 1782 una
1417 1728 1767 1782 resuscitavit
1795 1737 1850 1783 et
1885 1745 2009 1782 cum
2033 1729 2256 1783 Christo

2361 571 2453 617 τος
2502 556 2559 608 δὲ
2594 556 2686 608 τοῦ
2743 557 2911 610 Ἰούδα
2954 557 2986 624 ή
3021 557 3262 623 εὐλογία,
3303 554 3504 626 ψευδὴς
3532 555 3587 608 δὲ
3615 557 3648 625 ή
3688 555 3821 628 πρὸς
3845 555 3932 608 τὸν

2361 644 2524 696 Δαδὶδ
2554 647 2877 714 ἐπαγγελία,
2909 645 3141 716 περιττὴ
3171 646 3224 698 δὲ
3263 648 3356 698 καὶ
3389 648 3420 716 ή
3459 645 3757 716 Παρθένος,
3787 647 3954 711 οὐδὲν,

2360 734 2460 804 τῆς
2486 737 2760 806 ἡμετέρας
2785 736 2997 807 φύσεως
3021 737 3097 806 τῷ
3121 737 3460 807 σαρκωθέντι
3493 755 3721 808 προσενε
3739 738 3931 804 γκοῦσα

2362 826 2500 895 Θεῷ,
2534 828 2599 878 Αἱ
2623 827 2679 878 δὲ
2709 829 2816 879 τῶν
2849 827 3145 897 προφητῶν
3181 829 3513 897 προρρήσεις
3541 829 3599 880 τὸ
3639 829 3810 894 πέρας
3837 829 3934 878 οὐκ

2363 916 2562 986 ἔχουσι.
2594 918 2764 969 Κενὺν
2787 914 2881 971 οὖν
2905 918 3014 988 ἄρα
3032 917 3092 970 τδ
3109 921 3374 987 κήρυγμα
3401 918 3580 987 ἡμῶν.
3607 921 3736 988 κενὴ
3762 919 3816 970 δὲ
3844 922 3937 970 καί

2362 1008 2396 1076 ή
2433 996 2614 1069 πίστις
2661 1008 2843 1086 ήμῶν,
2895 1008 3099 1075 ματαία
3151 1008 3207 1060 δὲ
3241 1010 3333 1060 καὶ
3379 1008 3478 1077 τῆς
3533 1008 3936 1077 ἀναστάσεως-ἠ

2363 1096 2544 1158 ἐλπίς.
2587 1096 2858 1149 Ψεύδεται
2890 1098 3018 1165 γὰρ,
3053 1096 3128 1160 ὡς
3176 1098 3373 1155 ἔοικεν,
3426 1100 3454 1149 6
3500 1099 3818 1160 Ἀπόστολος
3851 1101 3939 1150 λέ-

2361 1203 2511 1256 γων’
2555 1206 2572 1238 ι
2617 1188 2916 1258 Συνήγειρε
2969 1191 3064 1241 καὶ
3123 1190 3482 1243 συνεκάθισεν
3526 1192 3674 1260 ἡμᾶς
3728 1193 3782 1243 ὲν
3827 1195 3940 1254 τοῖς

2362 1275 2809 1358 ὲπουρανίοιςέν
2846 1275 3064 1348 Χριστῷ
3110 1277 3305 1348 Ἰησοῦ.
3339 1297 3357 1328 ι
3394 1279 3456 1330 Et
3487 1280 3593 1348 γὰρ
3648 1281 3812 1350 μηδὲν
3841 1282 3943 1348 τῆς

2361 1365 2639 1436 ἡμετέρας
2661 1366 2875 1434 φύσεως
2901 1363 3046 1436 εἶχεν
3075 1370 3102 1420 6
3135 1369 3414 1438 Δεσπότης
3434 1370 3691 1440 Χριστὸς.
3727 1369 3944 1438 ψευδῶς

2364 1456 2465 1523 μὲν
2493 1456 2650 1524 ήμῶν
2678 1457 2902 1526 ἀπαρχὴ
2926 1459 3395 1527 προσηγόρευται”
3421 1459 3673 1528 σώματος
3700 1459 3754 1511 δὲ
3776 1460 3946 1528 φύσις

2361 1544 2426 1595 ὲκ
2463 1544 2677 1614 νεκρῶν
2709 1546 2809 1597 οὐκ
2843 1548 3162 1617 ἐγήγερται,
3192 1547 3317 1601 οὕτε
3363 1549 3470 1619 μὴν
3511 1550 3570 1602 ὲν
3593 1549 3807 1621 ούρανῴ
3839 1552 3945 1620 τῆς

2362 1633 2424 1683 ὲκ
2452 1631 2642 1697 δεξιῶν
2675 1633 2947 1704 καθέδρας
2977 1635 3296 1705 τετύχηκεν.
3334 1637 3394 1691 Εἰ
3433 1637 3489 1691 δὲ
3530 1638 3697 1708 μηδὲν
3735 1641 3948 1693 τούτων

2360 1721 2655 1792 τετύχηκε,
2686 1722 2801 1786 πῶς
2839 1726 2989 1794 ἡμᾶς
3021 1728 3050 1778 6
3087 1727 3219 1790 Θεὸς
3256 1730 3547 1801 συνήγειρε
3588 1747 3647 1782 τε
3691 1733 3785 1784 καὶ
3813 1749 3947 1785 συν·

677 1823 869 1889 sedere
894 1821 1040 1885 fecit,
1075 1821 1174 1889 qui
1219 1819 1356 1873 nihil
1401 1819 1468 1873 ad
1494 1835 1618 1873 eum
1651 1819 1953 1873 secundum
2001 1829 2251 1872 naturam

2364 1813 2580 1866 εκάθισε
2618 1814 2696 1884 τῷ
2735 1816 2978 1885 Χριστῷ,
3011 1819 3138 1880 τοὺς
3189 1820 3354 1889 μηδὲν
3399 1822 3545 1891 αὐτῷ
3591 1824 3734 1874 κατὰ
3779 1824 3948 1892 φύσιν

673 1912 1016 1966 attinemus?
1051 1911 1158 1966 Sed
1188 1911 1417 1979 impium
1452 1919 1536 1965 est
1566 1910 1682 1964 lia-c
1709 1911 1915 1965 dicere.
1954 1909 2086 1963 Nam
2117 1911 2258 1963 divi-

677 2019 783 2058 nus
819 2003 1136 2072 Apostolus,
1171 2003 1302 2056 licet
1343 2002 1586 2056 nondum
1633 2002 1771 2056 facta
1832 1994 1914 2055 sit'
1945 2000 2256 2055 communis

677 2096 1026 2158 resurrectio,
1051 2110 1155 2148 nec
1176 2109 1408 2163 regnum
1430 2095 1692 2147 coalorum
1719 2093 2072 2146 credentibus
2102 2092 2257 2146 exhi-

674 2183 872 2245 bitum.
907 2186 1112 2236 clamat
1161 2190 1347 2234 tamen
1396 2198 1410 2233 :
1451 2200 1468 2230 ι
1505 2181 1623 2236 Una
1662 2181 2015 2235 resuscitavit
2065 2189 2121 2236 et
2171 2195 2258 2235 se-

673 2273 804 2328 dere
853 2288 956 2328 nos
989 2273 1120 2326 fecit
1150 2271 1207 2325 in
1257 2273 1578 2327 coelestibus
1614 2288 1740 2326 cum
1786 2273 2003 2326 Christo
2049 2272 2198 2334 Jesu,
2231 2291 2248 2322 ι

674 2366 899 2428 docens,
934 2381 1058 2420 cum
1083 2365 1343 2434 primitiae
1365 2373 1570 2420 nostra;
1606 2365 2071 2422 resurrexerint'.
2097 2372 2154 2418 et
2187 2363 2256 2418 ad

674 2456 961 2511 dexteram
992 2455 1368 2519 consederint,
1405 2471 1506 2509 nos
1542 2470 1762 2524 quoque
1795 2455 2255 2508 resurrectionem

675 2548 904 2603 omnino
942 2553 1336 2600 consecuturos
1363 2559 1513 2608 esse;
1557 2551 1613 2597 et
1659 2543 2028 2613 primitiarum
2071 2544 2258 2613 gloria:

674 2637 972 2709 participes
1022 2651 1143 2689 esse
1192 2634 1408 2690 futuros
1453 2632 1548 2703 qui
1597 2644 1852 2688 naturam
1896 2634 2253 2704 participant,

674 2728 950 2798 [idemque
983 2733 1365 2795 susceperunt.

750 2868 957 2925 EBAN.
991 2867 1059 2921 Et
1084 2866 1259 2921 multa
1283 2873 1340 2919 et
1371 2878 1498 2918 vera
1518 2865 1784 2919 enarrain
1824 2883 1836 2918 :
1865 2865 1960 2920 sed
1990 2882 2092 2938 ego
2126 2865 2259 2920 dicti

671 2961 976 3031 evangelici
1009 2957 1337 3013 sententiam
1365 2956 1507 3009 scire
1532 2956 1717 3009 velim.

747 3090 956 3146 ORTH.
1012 3087 1475 3156 interpretatione
1525 3086 1816 3157 peregrina
1881 3087 1980 3142 tibi
2034 3103 2143 3142 non
2170 3098 2257 3144 est

676 3193 815 3245 Opus
863 3195 875 3228 :
922 3153 1268 3244 Evangelista
1330 3175 1478 3227 enim
1526 3153 1774 3244 seipsum
1833 3174 2251 3246 interpretatur.
2282 3153 2324 3210 ο

674 3265 810 3316 tium
887 3262 1037 3316 enim
1106 3261 1335 3316 dixisset
1388 3279 1402 3314 :
1464 3282 1482 3313 ι
1556 3263 1795 3318 Verbum
1855 3280 1986 3320 caro
2047 3267 2252 3324 factum

675 3359 781 3416 est,
819 3372 836 3404 ι
879 3352 1204 3422 subjunxit:
1243 3369 1263 3403 ι
1302 3351 1370 3406 Et
1425 3352 1696 3407 habitavit
1749 3353 1806 3408 in
1860 3356 2024 3411 nobis
2048 3358 2199 3424 "'";
2231 3377 2249 3410 ι

677 3442 783 3495 hoc
815 3451 920 3504 est,
957 3440 1060 3511 41
1095 3441 1203 3494 ﬁxo
1249 3440 1305 3493 in
1370 3442 1530 3496 nobis
1574 3442 1932 3499 tabernaculo
1980 3462 2256 3518 caraeque

675 3545 745 3582 ex
779 3529 940 3583 nobis
987 3538 1267 3597 assumpta
1320 3530 1477 3598 quasi
1528 3532 1736 3600 templo
1783 3534 2022 3602 quodam
2075 3545 2253 3602 utens,

678 3636 808 3674 caro
853 3619 1054 3673 factum
1098 3620 1322 3675 dicitur.
1373 3621 1442 3675 Et
1485 3622 1692 3677 docens
1721 3639 1852 3678 eum
1908 3624 2260 3682 immutabile

679 3712 945 3765 mansisse
988 3711 1194 3781 adjecit
1233 3729 1245 3765 :
1286 3731 1304 3763 ι
1339 3713 1407 3767 Et
1449 3714 1688 3769 vidimus
1713 3716 1940 3786 gloriam
1965 3718 2256 3788 ejus,_glo—

680 3804 816 3855 riam
840 3802 996 3870 quasi
1029 3802 1307 3870 Unigeniti
1336 3819 1366 3856 a
1407 3803 1591 3867 Patre,
1617 3781 1845 3874 plenum
1868 3781 2054 3877 gratiae
2081 3781 2256 3863 ei've-

680 3893 940 3947 ritatis".
981 3912 1000 3944 ›
1028 3893 1245 3946 Etenim
1299 3909 1464 3949 carne
1488 3895 1722 3950 amictus
1749 3906 2035 3967 paternam
2059 3899 2260 3952 nobili-

683 3991 847 4037 tatem
883 3999 993 4052 pne
1023 3999 1080 4037 se
1118 3983 1349 4047 ferebat,
1377 3985 1794 4056 divinitatisque
1821 3987 2007 4044 radios
2041 4004 2261 4059 sparge-

681 4075 814 4137 bat,
844 4084 903 4129 et
953 4075 1249 4129 Dominica:
1295 4079 1585 4145 potestatis
1635 4078 1902 4148 fulgorem
1950 4080 2260 4146 evibrabat,

679 4164 940 4218 latentem
959 4173 1212 4217 naturam
1236 4164 1518 4219 miraculis
1547 4166 1904 4235 patefaciens.
1933 4168 2029 4223 His
2057 4169 2260 4224 similia

680 4263 808 4309 sunt
836 4271 957 4325 qua:
988 4257 1054 4309 ad
1103 4256 1482 4325 Philippenses
1511 4257 1735 4327 scripsit
1777 4260 1998 4314 divinus
2033 4261 2263 4330 Aposto-

682 4345 805 4401 lus:
833 4365 851 4396 ι
878 4346 991 4400 Hoc
1027 4347 1228 4400 sentite
1256 4347 1310 4401 in
1330 4347 1488 4401 vobis
1509 4349 1656 4416 quod
1681 4358 1738 4402 et
1768 4351 1823 4403 in
1848 4350 2069 4405 Christo
2089 4351 2218 4406 Jesu
2245 4371 2257 4406 :

682 4438 778 4507 qui
815 4453 939 4493 cum
977 4437 1031 4489 in
1066 4437 1240 4493 forma
1276 4438 1370 4491 Dei
1397 4447 1563 4502 esset,
1609 4455 1719 4493 non
1752 4441 1997 4509 rapinam
2024 4442 2263 4496 arbitra-

2359 1901 2774 1971 προσήκονταςς
2817 1903 2979 1956 Ἀλλὰ
3027 1905 3286 1970 δυσσεϐὲς
3319 1910 3380 1962 τὸ
3413 1909 3585 1962 ταῦτα
3632 1911 3834 1978 λέγειν.
3887 1915 3951 1966 'U

2355 1988 2466 2058 γάρ
2524 1987 2669 2050 θεῖος
2736 1990 3081 2067 Ἀπόστολος,
3133 1995 3364 2064 μηδέπω
3422 1999 3556 2067 μηδὲ
3606 1997 3707 2068 τῆς
3757 2001 3950 2072 κοινῆς

2356 2081 2706 2145 ἀναστάσεως
2735 2085 3058 2155 γενομένης,
3094 2088 3233 2156 μήτε
3267 2088 3364 2157 τῆς
3387 2089 3494 2141 τῶν
3517 2091 3762 2162 οὐρανῶν
3789 2092 3952 2160 βασι-

2357 2173 2504 2236 λείας
2539 2177 2652 2239 τοῖς
2681 2180 3071 2229 πεπιστευκόσι
3100 2180 3563 2252 παρασχεθεὶσης.
3601 2185 3727 2254 βοᾷ·
3757 2204 3776 2234 ι
3807 2186 3960 2239 24v-

2357 2265 2547 2336 ήγειρε
2578 2267 2674 2319 καὶ
2709 2267 3065 2322 συνεκάθισεν
3088 2272 3234 2341 ἡμᾶς
3270 2276 3326 2326 ἐν
3354 2278 3466 2336 τοῖς
3503 2275 3850 2345 ἐπουρανίοις
3893 2280 3951 2330 ὲν

2359 2355 2584 2427 Χριστῷ
2623 2358 2825 2427 Ἰησοῦ,
2886 2378 2906 2412 ι
2955 2360 3226 2415 διδάσκων
3261 2364 3337 2426 ὠς
3387 2365 3489 2433 τῆς
3536 2368 3792 2436 ἁπαρχῆς
3846 2368 3951 2433 τῆς

2359 2450 2516 2521 ἡμῶν
2560 2452 2935 2516 ἀναστάσεως,
2988 2453 3084 2506 καὶ
3131 2455 3227 2523 τῆς
3279 2456 3343 2507 ἐκ
3391 2455 3579 2520 δεξιῶν
3643 2458 3952 2525 γενομένης

2358 2542 2646 2612 καθέδρας,
2698 2542 3008 2613 τευξόμεθα
3065 2547 3158 2598 καὶ
3208 2547 3368 2614 ἡμεῖς
3411 2548 3627 2609 πάντως
3668 2547 3765 2616 τῆς
3809 2548 3952 2599 ἀνα-

2360 2631 2628 2694 στάσεως,
2653 2631 2749 2684 καὶ
2776 2633 2842 2702 τῇ
2869 2633 3092 2703 ἁπαρχῇ
3118 2633 3436 2686 κοινωνοῦσι
3461 2638 3555 2706 τῆς
3571 2635 3724 2704 δόξης
3748 2637 3797 2686 οἱ
3825 2653 3952 2688 κοι-

2358 2720 2656 2784 νωνοῦντες
2671 2721 2773 2791 τῆς
2791 2722 3003 2790 φύσεως
3019 2723 3112 2774 καὶ
3141 2722 3529 2793 μετειληφότες
3555 2725 3654 2794 τῆς
3688 2726 3926 2789 πίστεως

2431 2833 2640 2887 EPAN.
2684 2835 2795 2887 Καὶ
2828 2834 3060 2898 πολλοὺς
3090 2837 3184 2888 καὶ
3210 2836 3429 2907 ἀληθεῖς
3457 2838 3834 2910 διεξελήλυθας
3856 2841 3955 2894 λό-

2357 2939 2491 2991 γους
2509 2938 2523 2954 °
2551 2921 2668 2975 ἀλλ’
2693 2923 3002 2995 ἐϐουλόμην
3023 2925 3228 2988 γνῶναι
3261 2927 3356 2980 τοῦ
3385 2929 3744 2997 εύαγγελικοῦ
3771 2932 3952 3002 ῥητοῦ

2359 3016 2458 3084 τὴν
2487 3015 2748 3070 διάνοιαν.

2433 3108 2588 3162 ΟΡΘ.
2622 3109 2700 3162 Οὐ
2749 3109 2832 3161 δεῖ
2866 3125 2948 3162 σοι
2983 3109 3146 3181 ξένης
3194 3111 3524 3183 ἑρμηνείας·
3577 3115 3738 3177 αὐτὸς
3772 3117 3888 3188 γάρ
3922 3121 3957 3173 6

2360 3210 2772 3280 Εὑαγγελιστής
2805 3211 2998 3263 ἑαυτὸν
3047 3212 3362 3283 ἑρμηνεύει.
3396 3214 3581 3270 Εἰπὼν
3622 3219 3731 3288 γὰρ
3757 3258 3772 3282 ,
3809 3238 3827 3269 ι
3889 3222 3956 3273 '0

2360 3311 2534 3388 ᾼόγος
2569 3309 2708 3383 σὰρξ
2742 3311 2982 3380 ἐγένετο,
3022 3330 3041 3362 ι
3077 3313 3328 3384 ἐπήγαγε
3353 3330 3366 3344 ο
3411 3333 3428 3366 ι
3487 3316 3596 3369 Καὶ
3630 3319 3960 3388 ἐσκήνωσεν

2361 3381 2422 3464 έν
2459 3412 2590 3482 ἡμῖν
2614 3381 2691 3464 ’γι
2723 3411 2873 3465 τοῦτ’
2914 3411 3082 3477 ἔστιν,
3121 3381 3183 3466 ἐν
3205 3413 3334 3482 ήμίν
3365 3413 3674 3483 σκηνώσας,
3711 3381 3805 3472 καὶ
3833 3415 3959 3475 οἶόν

2361 3530 2468 3566 τινι
2506 3513 2620 3584 ναῷ
2654 3516 3000 3586 χρησάμενος
3037 3518 3104 3586 τῇ
3133 3515 3192 3581 ἐξ
3236 3516 3396 3585 ήμῶν
3439 3516 3710 3594 ληφθεὶσῃ
3755 3523 3957 3592 σαρκὶ,

2369 3614 2593 3682 λέγεται
2638 3616 2974 3685 γεγενῆσθαι
3010 3616 3166 3689 σάρξ.
3215 3619 3324 3672 Καὶ
3364 3618 3631 3675 διδάσκων
3663 3621 3738 3684 ὡς
3779 3624 3959 3678 ἀναλ-

2363 3713 2583 3778 λοίωτος
2597 3714 2831 3785 ἔμεινεν,
2853 3717 3121 3786 ὲπήγαγε’
3148 3739 3165 3769 ι
3193 3719 3300 3772 Καὶ
3317 3719 3659 3791 ἐθεασάμεθα
3676 3724 3774 3794 τήν
3790 3724 3964 3790 δόξαν

2364 3815 2557 3880 αὑτοῦ,
2589 3815 2749 3879 δόξαν
2793 3817 2867 3879 ὡς
2901 3817 3246 3886 Μονογενοῦς
3281 3821 3430 3891 παρὰ
3465 3822 3700 3894 Πατρὸς.
3737 3825 3967 3897 πλήρης

2365 3906 2586 3976 χάριτος
2619 3905 2710 3957 καὶ
2741 3904 3022 3976 ἀληθείας.
3061 3925 3079 3957 ι
3129 3909 3240 3962 Καὶ
3272 3909 3451 3980 σάρκα
3483 3911 3592 3982 γάρ
3626 3914 3969 3988 περιϐεϐλη-

2370 3995 2550 4066 μένος,
2586 3995 2797 4049 ἐδείκνυ
2838 3997 2936 4067 τὴν
2969 3998 3230 4069 πατρῴαν
3262 4001 3572 4069 εὐγένειαν,
3595 4005 3685 4057 καὶ
3710 4008 3807 4076 τῆς
3827 4006 3969 4062 θεό-

2366 4103 2526 4155 τητος
2573 4087 2673 4149 τὰς
2721 4088 2949 4150 ἀκτῖνας
3004 4089 3308 4159 ἐξέπεμπε,
3339 4092 3436 4145 καὶ
3486 4093 3586 4162 τῆς
3611 4096 3968 4168 Δεσποτικῆς

2367 4176 2616 4241 ἐξουσίας
2669 4178 2822 4246 ἠφίει
2882 4178 2982 4248 τὴν
3025 4180 3262 4249 αἴγλην,
3313 4184 3431 4244 ταῖς
3483 4181 3969 4256 θαυματουργίαις

2367 4266 2771 4320 ἀποκαλύπτων
2797 4268 2895 4336 τὴν
2922 4268 3295 4325 λανθάνουσαν
3315 4272 3496 4340 φύσιν.
3519 4275 3739 4340 Τούτοις
3773 4279 3969 4332 ἔοικεν

2366 4355 2402 4408 ἃ.
2431 4355 2817 4425 Φιλιππησίοις
2841 4357 3083 4428 ἔγραψεν
3111 4360 3300 4424 όθεῐος
3344 4363 3659 4430 Ἀπόστολος
3681 4383 3694 4395 ·
3732 4387 3750 4418 ι
3778 4367 3972 4424 Τοῦτο

2371 4447 2675 4517 φρονείσθω
2701 4449 2759 4501 ὲν
2799 4449 2950 4520 ὑμῖν,
2985 4449 3015 4503 δ
3043 4451 3139 4504 καὶ
3173 4453 3232 4504 ὲν
3276 4453 3500 4525 Χριστῷ
3551 4457 3722 4525 Ἰησοῦ
3745 4474 3758 4486 ·
3789 4457 3850 4520 ὃς
3897 4464 3971 4515 ὲν

684 4538 774 4584 tus
805 4537 889 4584 est
917 4544 1039 4583 esse
1065 4544 1122 4582 se
1148 4530 1416 4597 aequalem
1460 4529 1594 4594 Deo,
1639 4531 1735 4585 sed
1775 4533 2132 4601 semetipsum
2164 4550 2258 4589 ex-

2374 4504 2559 4609 μορφῇ
2593 4537 2731 4591 Θεοῦ
2781 4504 3064 4610 ὑπάρξων,
3117 4543 3217 4611 οὐχ
3260 4504 3847 4618 άριπαγμεν-ήγήσατδ
3895 4504 3972 4606 ξ

682 4621 934 4684 inanivit,
964 4621 1192 4674 formam
1226 4621 1369 4674 servi
1396 4637 1700 4686 assumens,
1736 4623 1804 4676 ad
1842 4624 2261 4681 similitudinem

683 4711 967 4766 hominum
1004 4711 1202 4775 factus,
1238 4720 1294 4764 ct
1324 4712 1517 4765 habitu
1563 4713 1818 4768 inventus
1844 4724 1903 4769 ut
1935 4716 2117 4771 homo.
2151 4718 2264 4772 llu—

685 4803 920 4857 miliavit
951 4805 1309 4872 semetipsum
1342 4802 1521 4856 factus
1542 4803 1808 4859 obediens
1827 4822 2000 4876 usque
2031 4808 2098 4862 ad
2112 4825 2262 4864 mor-

685 4904 817 4958 tem,
850 4903 1082 4948 mortem
1116 4903 1300 4947 autem
1332 4896 1595 4949 crucis".
1632 4916 1649 4946 ›
1680 4896 1818 4950 Vide
1857 4898 2264 4966 praedicationis

685 4986 1120 5040 consonantiam.
1169 4985 1516 5055 Evangelista
1543 4984 1684 5040 dixit
1725 5002 1737 5038 :
1787 5005 1805 5037 ι
1840 4987 2084 5042 Verbum
2132 5005 2261 5045 caro

685 5077 892 5135 factum
943 5086 1046 5138 est,
1083 5085 1140 5129 et
1194 5075 1465 5129 habitavit
1512 5076 1567 5130 in
1619 5076 1813 5143 nobis;
1852 5096 1869 5129 ι
1925 5077 2259 5147 Apostolus:

695 5188 712 5219 ι
747 5167 904 5222 Servi
949 5166 1180 5221 formam
1220 5167 1515 5236 accipiens.
1540 5186 1558 5218 ι
1603 5167 1817 5221 Rursus
1849 5167 1984 5221 dixit
2012 5169 2261 5240 Evange-

685 5259 810 5314 lista
845 5276 858 5311 :
903 5277 920 5308 ι
956 5257 1207 5312 Vidimus
1233 5257 1461 5328 gloriam
1500 5259 1651 5327 ejus,
1683 5259 1912 5328 gloriam
1945 5260 2098 5328 quasi
2127 5262 2261 5316 Uni-

686 5349 857 5419 geniti
898 5365 928 5403 a
975 5349 1169 5412 Patre;
1214 5367 1231 5399 ι
1287 5347 1586 5417 Apostolus
1621 5367 1633 5402 :
1668 5367 1685 5400 ι
1723 5348 1826 5415 Qui
1862 5365 1986 5404 cum
2014 5350 2264 5407 informa

687 5438 786 5494 Dei
806 5445 973 5502 esset,
997 5453 1108 5492 non
1137 5439 1384 5507 rapinam
1406 5439 1706 5494 arbitratus
1730 5452 1814 5495 est
1840 5457 1962 5496 esse
1999 5458 2056 5496 se
2078 5459 2265 5513 mqua-

687 5530 795 5585 lem
824 5530 954 5584 Deo.
989 5549 1006 5580 ι
1046 5530 1134 5595 Ει,
1162 5539 1222 5584 υῑ
1246 5532 1438 5602 paucis
1459 5532 1662 5598 dicam,
1683 5531 1847 5587 ambo
1871 5532 2090 5600 docent,
2115 5552 2264 5602 eun‘,

756 5707 798 5740 “
825 5705 1006 5778 Ephcs
1057 5722 1112 5772 lt,
1136 5707 1187 5762 6.
1261 5710 1380 5741 ’3'"
1409 5709 1565 5765 Joau.
1617 5726 1650 5775 t,
1689 5710 1774 5765 Η.
1850 5711 1892 5740 ’⁷
1926 5711 2063 5765 ibid.

2369 4622 2509 4682 eiut
2552 4629 2640 4682 ἴσα
2668 4629 2816 4699 Θεῷ·
2849 4631 2966 4683 ἀλλ’
3001 4633 3194 4684 ἑαυτὸν
3224 4635 3486 4699 ὲκένωσε,
3521 4639 3733 4710 μορφὴν
3759 4640 3971 4698 δούλου

2370 4719 2574 4785 λαϐὼν,
2599 4723 2658 4775 ὲν
2684 4722 2994 4792 ὁμοιώματι
3019 4724 3113 4777 ἀνθ
3124 4725 3322 4795 ρώπων
3348 4729 3661 4798 γενόμενος.
3701 4732 3796 4786 καὶ
3818 4739 3976 4808 cxi]-

2375 4829 2507 4882 ματι
2546 4812 2790 4883 εὑρεθεὶς
2820 4815 2898 4878 ὡς
2943 4815 3248 4886 ἄνθρωπος.
3299 4819 3696 4882 Ἐταπείνωσιν
3735 4826 3969 4893 ἑαυτὸν,

2368 4903 2662 4973 γενόμενος
2685 4904 2928 4975 ὑπήκοος
2961 4907 3124 4978 μέχρι
3155 4908 3409 4974 θανάτου,
3443 4913 3674 4966 θανάτου
3704 4914 3761 4966 δὲ
3785 4932 3970 4971 σταυ-

2371 4993 2490 5064 ροῦ.
2536 5012 2555 5047 ι
2591 4994 2767 5048 Βλέπε
2797 4997 2898 5076 τὴν
2936 4998 3046 5050 τῶν
3091 5002 3467 5072 κηρυγμάτων
3510 5006 3857 5072 συγγένειαν.
3897 5009 3974 5063 '0

2371 5083 2782 5157 Εὐαγγελιστής
2816 5081 2996 5142 εἶπεν·
3043 5109 3062 5141 ι
3101 5090 3157 5144 ’0
3186 5093 3359 5162 Λόγος
3392 5094 3527 5166 σὰρξ
3581 5099 3814 5167 ἐγένετο,
3861 5105 3974 5156 καὶ

2372 5175 2684 5246 ἐσκήνωσεν
2705 5178 2762 5228 ἐν
2788 5180 2922 5248 ήμῖν
2941 5196 2954 5210 ·
2997 5199 3012 5231 ι
3054 5183 3082 5234 6
3123 5183 3445 5248 Ἀπόστολος
3464 5202 3478 5217 ο
3522 5206 3536 5238 ι
3569 5190 3799 5260 Μορφὴν
3826 5190 3974 5245 δού-

2372 5264 2468 5317 λου
2496 5264 2698 5322 λαθών.
2733 5285 2752 5319 ι
2799 5269 2858 5320 'U
2880 5268 3286 5343 Εὐαγγελιστὴς
3325 5273 3486 5328 πάλιν
3513 5276 3652 5348 ἔφη·
3698 5297 3717 5331 ι
3766 5279 3975 5334 Ἐθεα-

2377 5354 2598 5425 σάμεθα
2634 5358 2732 5424 τὴν
2769 5357 2927 5422 δόξαν
2948 5362 3139 5429 αὑτοῦ,
3161 5362 3319 5430 δόξαν
3340 5365 3416 5429 ὡς
3437 5368 3776 5435 Μονογενοῦς
3802 5376 3976 5445 παρὰ

2375 5446 2612 5516 Πατρός·
2643 5468 2661 5502 ι
2679 5452 2707 5502 6
2722 5450 3065 5516 Ἀπόστολος·
3094 5477 3111 5506 ι
3130 5457 3225 5520 Ὃς
3242 5459 3300 5511 ὲν
3318 5461 3501 5530 μορφῇ
3519 5459 3655 5512 Θιιοῦ
3669 5461 3975 5534 ὑπάρχων,

2375 5539 2474 5609 οὐχ
2517 5541 2813 5613 ἁρπαγμὸν
2867 5544 3112 5616 ἡγήσατο
3155 5547 3216 5602 τὸ
3251 5544 3391 5604 εἶναι
3425 5549 3515 5603 ίσα
3564 5550 3706 5624 Θεῷ.
3744 5571 3760 5605 ι
3818 5555 3978 5626 Καὶ,

2138 5712 2183 5744 ’³
2215 5714 2448 5784 Philipp.
2489 5732 2546 5773 ιι.
2581 5718 2702 5772 3-8.
