4148 6392
209 400 285 474 ⁸13
1292 399 1672 462 DIALOGUS
1714 398 1764 459 ῐ.

1915 397 2452 460 IMMUTABILIS.
3433 391 3505 460 τι

217 511 525 586 συλλήδδην
573 512 776 577 εἰπεῖν,
826 509 1132 582 ἀμφότεροι
1178 509 1524 563 διδάσκουσιν
1549 509 1634 562 ὅτι
1677 506 1804 569 Θεὸς

1914 521 2039 562 cum
2069 503 2218 564 Deus
2241 519 2388 564 esset
2417 507 2624 578 Deique
2646 505 2838 570 Filius,
2863 511 2919 560 et
2943 504 3122 561 Patris
3150 503 3323 577 gloria
3345 521 3535 584 omo,

213 603 317 666 ῶν,
340 604 435 656 καὶ
465 601 607 656 Θεοῦ
630 603 786 668 Υἱὸς,
810 603 908 656 καὶ
930 602 1029 674 τὴν
1057 601 1154 654 τοῦ
1181 601 1399 672 Πατρδς
1427 601 1813 670 περικείμενος

216 695 404 760 δόξαν,
448 697 547 749 καὶ
596 695 700 766 τὴν
735 694 906 766 αὐτὴν
953 694 1093 764 ἔχων
1131 691 1298 761 φύσιν
1335 692 1432 746 καὶ
1467 693 1700 763 δύναμιν
1737 689 1814 761 τῷ

220 784 533 856 γιννήτορι,
559 785 590 838 ό
627 785 688 838 ὲν
717 784 863 855 ἀρχῇ
889 782 987 846 ὢν,
1017 782 1113 836 καὶ
1144 781 1282 852 πρὸς
1317 779 1412 847 τὸν
1437 777 1569 833 Θεὸν
1591 777 1688 844 ὣν,
1717 778 1812 833 καὶ

219 874 353 938 Θεὸς
374 875 474 940 ὣν,
507 876 605 929 καὶ
630 861 934 944 τῆν’κτίσιν
950 872 1389 944 δημιουργήσας,
1419 870 1632 941 μορφὴν
1652 869 1812 924 ἔλαϐε

214 960 432 1018 δούλου.
466 967 580 1020 Καὶ
609 966 788 1020 εδόκει
827 965 927 1035 μὲν
951 963 1116 1018 τοῦτο
1138 962 1300 1032 μόνον
1335 955 1475 1016 εἶναι
1508 961 1535 1014 ὃ
1564 961 1809 1030 ἑωρᾶτοο

216 1046 289 1122 ἦν
328 1052 389 1106 δὲ
429 1053 584 1118 Θεὸς,
623 1052 975 1125 ἀνθρωπείαν
1028 1049 1418 1121 περικείμενος
1475 1049 1672 1117 φύσιν,
1719 1048 1814 1102 καὶ

217 1138 318 1210 τὴν
381 1139 493 1192 τῶν
542 1141 850 1213 ἀνθρώπων
922 1135 1451 1210 πραγματευόμενος
1513 1133 1808 1204 σωτηρίαν.

216 1230 394 1284 Τοῦτο
418 1231 573 1301 δηλοῖ
598 1233 679 1296 τὸ,
725 1248 745 1282 t
780 1231 839 1284 '0
868 1229 1042 1297 Λόγος
1092 1226 1234 1300 σὰρξ
1262 1225 1500 1296 ἐγένετο,
1536 1244 1557 1278 ι
1590 1227 1685 1279 καὶ
1727 1224 1809 1291 τὸ,

223 1338 243 1371 ε
297 1321 390 1374 Ἐν
421 1320 734 1392 ὁμοιώματι
758 1319 1065 1391 ἀνθρώπων
1096 1318 1414 1388 γενόμενος,
1446 1320 1541 1372 καὶ
1569 1319 1812 1388 σχήματι

216 1411 470 1483 εὑρεθεὶς
511 1411 588 1475 ὡς
620 1410 927 1482 ἄνθρωπος.
979 1427 998 1461 ι
1039 1409 1212 1463 Τοῦτο
1242 1407 1352 1479 γὰρ
1395 1408 1555 1478 μόνον
1585 1407 1812 1460 εσλεττον

216 1505 267 1558 οῑ
301 1503 573 1565 Ἰουδαῖοι,
605 1502 688 1556 διδ
711 1504 807 1557 καὶ
840 1502 977 1575 πρὸς
1013 1500 1178 1557 αὑτὸν
1207 1499 1424 1568 ἔλεγον·
1452 1499 1619 1570 «Περὶ
1644 1497 1811 1553 καλοῦ

215 1594 386 1665 ῐργου
424 1593 486 1646 οὐ
538 1591 839 1662 λιθάζομέν
879 1609 961 1658 σε,
993 1590 1130 1646 άλλά
1164 1591 1293 1661 περὶ
1321 1590 1695 1661 βλασφημίας,
1729 1589 1812 1642 ὅτι

215 1683 510 1756 ἄνθρωπος
557 1685 636 1737 ὢν
671 1686 850 1748 ποιεῖς
891 1682 1120 1738 σεαυτὸν
1160 1683 1314 1736 Θεόν.
1370 1700 1390 1733 ι
1447 1682 1557 1735 Καὶ
1607 1681 1770 1734 πάλιν
1797 1696 1810 1710 ’

221 1793 242 1826 ι
273 1767 442 1839 Οὗτος
469 1777 500 1829 ό
527 1773 818 1846 ἅνθρωπος
845 1775 944 1829 οὐκ
971 1773 1119 1827 ἐστιν
1135 1773 1247 1828 ἀπὸ
1279 1772 1440 1838 Θεοῦ,
1468 1772 1551 1825 ὅτι
1585 1770 1644 1824 τὸ
1673 1769 1810 1824 Σάδ-

215 1863 378 1920 σατον
409 1866 471 1918 ού
509 1867 691 1936 τηρεῖ.
733 1883 752 1916 ι
1764 1920 1766 1922 τ

289 1957 495 2012 EPAN.
567 1957 818 2010 Ἰουδαῖοι
859 1955 948 2009 διὰ
1003 1955 1105 2026 τὴν
1147 1955 1417 2027 σφετέραν
1470 1953 1810 2022 ὲτύφ).ιιητον

213 2045 499 2112 ἀπιστίαν,
543 2046 642 2100 καὶ
693 2044 888 2098 τούτου
940 2045 1101 2115 χάριν
1155 2044 1367 2107 τούτοις
1405 2043 1646 2114 ἐχρῶντο
1699 2045 1813 2107 τοῖς

209 2138 420 2208 λόγοις.

284 2227 441 2282 ΟΡΘ.
499 2226 561 2280 El
586 2224 648 2279 δὲ
689 2226 786 2281 καὶ
817 2225 945 2290 τοὺς
985 2226 1320 2289 ἀποστόλους
1359 2223 1543 2297 εὕροις
1573 2226 1680 2296 πρὸ
1711 2226 1811 2296 τῆς

209 2319 562 2380 ἀναστάσεως
667 2317 843 2372 ταῦτα
869 2317 1152 2386 λέγοντας,
1180 2317 1310 2390 δέχῃ
1340 2317 1438 2388 τὴν
1475 2318 1806 2389 ἑρμηνείανς

223 2408 440 2462 Ἀκούω
469 2409 586 2478 (39)
639 2408 821 2462 τοίνυν
847 2406 1028 2461 αὐτῶν
1067 2407 1127 2460 ὲν
1175 2405 1253 2476 τῷ
1292 2406 1486 2475 πλοίῳ,
1534 2406 1674 2476 μετά
1710 2405 1809 2477 τὴν

211 2500 488 2570 μεγίστην
535 2497 635 2568 τῆς
680 2495 927 2566 γαλήνης
982 2495 1452 2565 θαυματουργίαν,
1507 2495 1806 2564 λεγόντων*

216 2608 235 2638 ε
285 2587 542 2648 Ποταπός
576 2588 728 2639 ἐστιν
775 2588 803 2638 ό
845 2585 1131 2655 ἄνθρωπος
1180 2577 1355 2648 οὗτος,
1396 2587 1478 2638 ὅτι
1508 2587 1603 2640 καὶ
1639 2587 1672 2656 ἡ
1715 2585 1811 2642 θά-

207 2673 391 2727 λασσα
415 2675 512 2727 καὶ
546 2675 594 2726 οἱ
625 2672 821 2742 ἄνεμοι
855 2672 1224 2726 ὑπακούουσιν
1255 2672 1438 2743 αύτῷς
1464 2692 1484 2724 ι

285 2763 498 2816 ΕΡΔΝ.
549 2761 725 2814 Τοῦτο
782 2745 893 2831 μὲν
923 2760 1340 2814 ἀποδέδεικται·
1390 2762 1568 2814 ἐκεῖνο
1617 2762 1672 2815 δέ
1720 2782 1809 2834 μοι

210 2854 334 2907 εἰπέ
359 2869 372 2882 ⁸
403 2857 431 2907 ὁ
456 2854 602 2916 θεῖος
641 2852 962 2914 ’Δπόστολος
988 2853 1045 2904 ἐν
1072 2849 1383 2921 ὁμοιώματι
1413 2852 1574 2905 αὑτὸν
1594 2853 1807 2922 ἀνθρώ-

208 2956 318 2993 που
345 2938 683 3008 γεγενῆσθαι
711 2937 884 3007 λέγει.

283 3031 440 3085 ΟΡΘ.
488 3031 563 3083 Τὸ
611 3029 834 3099 ληφθὲν,
873 3029 971 3100 οὐχ
1006 3029 1264 3100 ὁμοίωμα
1304 3029 1615 3099 ἀνθρώπου,
1672 3031 1808 3086 ἀλλά

205 3123 375 3193 φύσις
426 3121 743 3193 ἀνθρώπου.
797 3121 1008 3192 Μορφὴ
1049 3121 1159 3192 γὰρ
1207 3121 1395 3175 δούλου
1455 3121 1640 3194 [φύσις
1686 3124 1807 3178 δού-

203 3216 302 3267 λου
331 3212 495 3284 (4οη,
528 3212 785 3284 καθάπερ
808 3214 901 3266 καὶ
929 3215 963 3282 ἡ
993 3215 1177 3285 μορφὴ
1200 3212 1295 3265 τοῦ
1319 3213 1453 3266 Θεοῦ
1483 3214 1645 3284 φύσις
1663 3219 1802 3269 νοεῖ-

202 3325 299 3360 ται
334 3306 494 3360 Θεοῦ.
533 3306 709 3368 Αὐτὸς
762 3305 947 3374 μέντοι
976 3307 1004 3357 ό
1036 3303 1243 3374 ταύτην
1273 3304 1473 3370 λαῦὼν,
1509 3307 1569 3359 ὲν
1600 3308 1801 3377 ὁμοιώ-

209 3415 348 3468 ματι
378 3396 673 3467 ἀνθρώπου
703 3396 944 3464 ἐγένετο,
982 3397 1076 3449 καὶ
1105 3397 1163 3448 ἐν
1201 3398 1439 3468 σχήματι
1481 3398 1677 3470 εὑρέθη
1726 3401 1802 3464 ὡς

201 3488 520 3559 ἄνθρωπος.
543 3486 678 3551 Θεὸς
707 3487 820 3556 γὰρ
857 3485 956 3548 ὢν,
1007 3486 1186 3540 ὲδόκει
1228 3488 1516 3560 ἄνθρωπος
1557 3487 1696 3544 εἶναι
1733 3492 1800 3546 δι’

201 3583 268 3650 ἣν
298 3580 584 3650 -άνείληφε
642 3579 829 3648 φύσιν.
866 3579 924 3632 ’0
949 3578 1136 3649 μέντοι
1189 3579 1618 3652 εύαγγελιστὴς,
1653 3583 1713 3635 τὸ
1743 3587 1800 3636 ἐν

200 3670 516 3742 ὁμοιώματι
595 3669 888 3741 ἀνθρώπου
960 3669 1249 3737 γενέσθαι,
1307 3671 1486 3742 σάρκα
1550 3673 1652 3744 ἔφη
1707 3691 1801 3743 γε-

200 3761 415 3816 νέσθαι.
467 3763 584 3816 Ἵνα
623 3761 680 3814 δὲ
732 3760 877 3832 γνῷς
917 3761 998 3814 ὅτι
1046 3759 1142 3813 τοῦ
1187 3762 1433 3816 ἐναντίου
1487 3763 1800 3835 πνεύματός

201 3851 315 3903 εἰσι
351 3848 595 3919 μαθηταὶ
618 3850 668 3901 οἱ
699 3848 797 3920 τὴν
824 3849 1004 3920 σάρκα
1022 3848 1118 3902 τοῦ
1147 3847 1400 3920 Σωτῆρος
1422 3852 1578 3922 ἡμῶν
1603 3854 1800 3923 ἀρνού-

203 3959 386 4013 μενοι,
406 3943 640 3996 ἄκουσον
670 3940 767 3994 τοῦ
794 3942 1032 4012 μεγάλου
1071 3941 1318 3996 Ἰωάννου
1344 3944 1402 3996 ὲν
1433 3947 1496 4015 τῇ
1520 3946 1797 4020 Καθολικῇ

200 4034 461 4101 λέγοντος
484 4051 497 4065 ·
532 4053 549 4085 ι
586 4034 704 4087 Πᾶν
733 4032 957 4104 πνεῦμα
979 4032 1008 4086 δ
1036 4034 1294 4104 ὁμολογεῖ
1325 4035 1534 4105 Ἰησοῦν
1563 4039 1801 4110 Χριστὸν

200 4127 258 4180 ἰν
299 4126 468 4196 σαρκὶ
514 4124 863 4195 ἐληλυθέναι,
908 4126 973 4177 ὲκ
1019 4125 1113 4178 τοῦ
1164 4126 1301 4179 Θεοῦ
1354 4129 1502 4181 ἐστι·
1558 4132 1652 4183 καὶ
1689 4134 1798 4185 πᾶν

199 4217 446 4286 πνεῦμα,
481 4214 510 4268 δ
548 4215 624 4287 μὴ
655 4215 914 4285 ὁμολογεῖ
946 4216 1037 4269 τὸν
1084 4216 1293 4288 Ἰησοῦν
1321 4220 1379 4271 ὲν
1411 4222 1577 4292 σαρκὶ
1606 4222 1798 4294 ἐληλυ-

201 4307 380 4372 θέναι,
415 4309 480 4362 ὲκ
517 4306 614 4359 τοῦ
643 4305 779 4360 Θεοῦ
825 4309 926 4360 ούκ
949 4306 1090 4372 εστι,
1137 4308 1235 4362 καὶ
1262 4309 1428 4364 τοῦτό
1453 4313 1570 4367 ἐστι
1603 4315 1663 4369 τὸ
1697 4317 1793 4372 τοῦ

211 4398 614 4467 ’Δντιχρὶστου.
653 4415 671 4448 ι

1917 606 2005 651 tus
2021 637 2035 661 ,
2058 597 2425 669 eamdemque
2449 597 2681 652 haberet
2706 612 2835 653 cum
2860 595 3124 653 Genitore
3155 606 3414 653 naturam
3450 605 3508 654 et

1915 688 2240 757 potentiam,
2267 699 2321 745 et
2349 705 2474 745 cum
2498 697 2646 744 esset
2682 689 2741 744 in
2784 688 3081 764 prjncipio,
3104 696 3162 744 et
3184 697 3332 745 esset
3358 692 3504 761 apud

1916 779 2111 845 Deum,
2134 788 2190 834 et
2213 778 2361 835 Deus
2378 789 2545 846 esset,
2577 789 2970 852 creaturasque
3001 788 3152 837 esset
3179 780 3505 844 fabricatus,

1917 871 2062 925 servi
2082 871 2312 925 formam
2337 873 2721 944 assumpsisse.
2741 873 2812 928 Et
2837 873 3132 929 videbatur
3146 873 3378 944 quidem
3399 873 3509 931 hoc

1916 963 2095 1018 solum
2126 977 2247 1018 esse
2273 962 2420 1033 quod
2451 964 2816 1031 cernebatur;
2848 973 2969 1020 erat
2996 971 3184 1020 autem
3224 965 3372 1021 Dens
3396 965 3508 1021 hu-

1916 1069 2075 1109 mana
2131 1063 2330 1110 natura
2366 1053 2623 1119 indutus,
2662 1063 2720 1108 et
2759 1056 3046 1112 hominum
3093 1055 3202 1130 ﬂ
3241 1072 3508 1128 reparans

1916 1144 2170 1199 salutem.
2194 1145 2329 1201 ‘Hoc
2365 1143 2640 1216 signiﬁcat
2681 1145 2820 1200 illud
2856 1163 2869 1199 :
2907 1164 2928 1198 ι
2959 1146 3205 1202 Verbum
3249 1163 3382 1204 caro
3419 1148 3505 1204 fa.

1916 1244 2067 1290 ctum
2095 1244 2201 1300 est,
2248 1255 2266 1286 ι
2297 1244 2355 1290 et
2381 1235 2540 1301 illud,
2579 1254 2598 1288 ι
2637 1235 2720 1292 Ad
2748 1236 3172 1292 similitudinem
3216 1238 3506 1294 hominum

1916 1325 2114 1390 factus,
2134 1336 2194 1381 et
2216 1326 2409 1381 habitu
2443 1328 2702 1383 inventus
2718 1335 2778 1381 ut
2817 1327 3003 1382 homo.-
3043 1346 3062 1380 ι
3090 1328 3208 1384 Hoc
3239 1329 3389 1384 enim
3419 1344 3510 1385 so-

1914 1420 2028 1474 lum
2061 1419 2325 1474 videbant
2351 1417 2546 1482 Judaei,
2577 1425 2634 1474 et
2665 1417 2790 1474 ideo
2814 1418 3076 1474 dicebant
3100 1419 3178 1475 illi
3204 1436 3217 1473 :
3258 1440 3277 1473 ι
3303 1419 3388 1476 0b
3407 1421 3508 1476 bo-

1914 1525 2048 1564 num
2068 1524 2212 1581 opus
2239 1513 2256 1531 ‘
2274 1524 2385 1563 non
2407 1509 2719 1578 lapidamus
2750 1517 2826 1574 te,
2853 1509 2950 1564 sed
2971 1510 3046 1565 ob
3077 1510 3501 1582 blasphemiam.

1914 1601 2083 1672 quod,
2117 1617 2242 1657 cum
2275 1603 2353 1656 sis
2385 1602 2572 1668 homo,
2603 1601 2774 1657 facias
2800 1610 2853 1658 te
2880 1602 3061 1673 ipsum
3083 1603 3257 1658 Deum
3279 1606 3346 1659 ”.
3382 1623 3400 1657 ι
3436 1601 3506 1660 Ει

1915 1706 2108 1748 rursus
2140 1711 2152 1744 :
2179 1710 2198 1743 ‹
2224 1692 2325 1746 Hic
2345 1693 2511 1749 homo
2534 1707 2647 1748 non
2673 1701 2760 1748 est
2783 1708 2854 1749 ex
2883 1693 3017 1760 Deo,
3046 1695 3178 1765 quia
3199 1693 3504 1751 Sabbatum

1915 1797 2026 1837 non
2052 1783 2293 1839 servat‘.
2327 1803 2346 1834 ι

1989 1960 2196 2020 ERAN.
2231 1958 2406 2021 Judaei
2434 1974 2662 2035 propter
2699 1961 3086 2021 inﬁdelitatem
3133 1980 3291 2023 suam
3324 1980 3502 2025 cacu-

1914 2055 2145 2120 tiebant,
2186 2065 2243 2110 et
2265 2056 2411 2110 hanc
2433 2055 2504 2110 ob
2531 2070 2754 2110 causam
2790 2055 2879 2112 his
2902 2055 3092 2113 verbis
3124 2057 3448 2115 utebantur.

1983 2202 2197 2268 ORTH.
2233 2209 2302 2266 At
2334 2209 2378 2266 si
2402 2212 2568 2265 etiam
2591 2211 2870 2280 apostolos
2893 2219 3020 2266 ante
3041 2213 3504 2270 resurrectionem

1915 2302 2044 2356 talia
2076 2287 2284 2356 dixisse
2313 2298 2617 2364 inveneris,
2661 2299 2934 2370 recipisne
2964 2300 3510 2371 interpretationem?

1915 2391 2098 2447 Audio
2122 2392 2309 2462 itaque
2363 2391 2489 2446 illos
2533 2389 2590 2444 in
2636 2391 2784 2456 navi,
2819 2399 2946 2460 post
2989 2392 3264 2447 redditam
3295 2393 3504 2466 ingenti

1915 2481 2186 2537 miraculo
2223 2480 2676 2550 tranquillitatem
2704 2479 2955 2534 dicentes
2983 2498 2995 2532 :
3033 2498 3052 2532 ι
3080 2480 3269 2547 Qualis
3296 2493 3383 2540 est
3416 2483 3508 2542 hic

1913 2575 2101 2638 homo,
2128 2572 2404 2642 siquidem
2442 2581 2501 2626 et
2536 2585 2688 2625 mare
2712 2578 2770 2625 et
2801 2570 2953 2625 venti
2990 2571 3262 2630 obediunt
3285 2575 3338 2630 ei
3379 2574 3441 2630 ’τ
3479 2594 3499 2629 ι

1985 2758 2192 2814 ERAN.
2223 2757 2338 2812 Hoc
2365 2755 2589 2827 quidem
2613 2756 3050 2812 demonstratum
3079 2765 3164 2813 est
3183 2775 3195 2811 :
3212 2756 3347 2814 illud
3373 2775 3507 2815 vero

1912 2851 2126 2920 explica
2162 2850 2328 2913 mihi,
2357 2847 2640 2917 quomodo
2673 2847 2897 2903 divinus
2942 2848 3242 2918 Apostolus
3280 2866 3407 2905 eum
3436 2852 3506 2905 ad

1910 2941 2333 2997 similitudinem
2360 2939 2602 2992 hominis
2626 2937 2850 2992 factum”
2870 2939 3018 2994 dicat

1981 3030 2192 3087 ORTH.
2251 3030 2310 3084 id
2338 3027 2485 3099 quod
2520 3029 2821 3098 assumpsit
2852 3044 2963 3083 non
2992 3030 3297 3086 similitudo
3323 3032 3506 3088 homia

1912 3125 1999 3181 nis
2027 3131 2133 3186 est,
2164 3121 2261 3177 sed
2285 3120 2527 3176 hominis
2554 3129 2773 3176 natura.
2807 3121 2943 3176 Nam
2969 3121 3145 3176 forma
3191 3124 3336 3178 servi
3373 3123 3503 3197 [ηομ

1909 3223 2035 3268 tura
2069 3207 2259 3283 servi],
2285 3212 2430 3265 sicut
2457 3220 2513 3265 et
2547 3209 2719 3264 forma
2754 3211 2849 3265 Dei
2892 3220 3091 3266 natura
3114 3211 3212 3267 Dei
3241 3213 3498 3284 intelligi-

1911 3316 2022 3359 tur.
2064 3304 2185 3374 lpse
2210 3317 2343 3357 vero
2377 3302 2482 3355 hac
2524 3297 2805 3370 aSsumpta
2845 3301 2912 3355 ad
2940 3302 3367 3361 similitudinem
3407 3305 3507 3359 hc»

1909 3398 2073 3454 minis
2102 3398 2280 3452 factus
2309 3402 2413 3459 est,
2441 3402 2499 3448 et
2522 3394 2713 3448 habitu
2760 3392 3019 3448 inventus
3057 3404 3117 3449 ut
3144 3397 3330 3451 homo.
3367 3397 3505 3453 Cum

1909 3493 2057 3549 enim
2119 3491 2262 3545 Deus
2309 3496 2486 3552 esset,
2541 3487 2708 3541 homo
2755 3499 2878 3540 esse
2934 3485 3230 3541 videbatur
3281 3500 3508 3559 propter

1908 3590 2248 3652 assumptam
2290 3586 2564 3633 naturam.
2617 3577 2964 3646 Evangelista
3008 3586 3193 3631 autem
3231 3579 3403 3645 illud,
3437 3581 3507 3636 ad

1908 3672 2328 3729 similitudinem
2390 3667 2633 3722 hominis
2680 3668 2882 3722 factum
2919 3682 3062 3732 esse,
3103 3668 3239 3724 dicit
3284 3685 3507 3726 carnem

1907 3760 2112 3815 factum
2151 3771 2295 3812 esse.
2327 3756 2397 3811 Ut
2428 3764 2611 3808 autem
2649 3770 2915 3825 agnoscas
2946 3755 3053 3827 4.3
3089 3760 3352 3814 contrarii
3388 3762 3503 3832 spi—

1908 3853 2049 3908 ritus
2078 3847 2382 3916 discipulos
2420 3860 2573 3910 esse,
2610 3846 2706 3914 qui
2743 3844 3044 3902 Salvatoris
3071 3850 3247 3904 nostri
3281 3866 3504 3906 carnem

1908 3952 2130 4015 negant,
2162 3941 2291 3996 audi
2326 3951 2585 4009 magnum
2615 3936 2882 3993 Joannem
2915 3938 2971 3993 in
2997 3938 3281 3997 Catholica
3315 3943 3508 4000 dicen-

1907 4047 2054 4093 tem:
2094 4054 2111 4086 ι
2151 4033 2345 4088 Omnis
2381 4026 2633 4101 spiritus,
2671 4031 2766 4101 qui
2800 4032 3099 4088 conﬁtetur
3128 4034 3316 4091 Iesum
3343 4036 3506 4093 Chri-

1907 4143 2054 4188 stum
2079 4129 2135 4182 in
2164 4140 2332 4181 carne
2362 4124 2604 4189 venisse,
2653 4138 2722 4177 ex
2771 4124 2886 4180 Deo
2914 4136 3034 4193 est;
3072 4136 3129 4183 et
3167 4131 3351 4185 omnis
3387 4134 3504 4202 spi-

1906 4221 2051 4276 ritus
2074 4217 2169 4288 qui
2190 4231 2301 4270 non
2335 4213 2634 4269 conﬁtetur
2663 4213 2852 4271 Iesum
2885 4216 2942 4271 in
2967 4232 3133 4273 carne
3165 4221 3407 4288 venisse,
3435 4239 3502 4277 ex

1905 4313 2020 4369 Deo
2046 4324 2158 4365 non
2176 4313 2284 4372 est,
2311 4313 2368 4362 et
2401 4304 2493 4359 hic
2525 4311 2610 4361 est
2637 4305 2870 4376 spiritus
2902 4306 3232 4366 Antichristi
3263 4312 3304 4365 ⁸.
3343 4332 3362 4366 ι

267 4492 482 4547 ΕΡΔΝ.
520 4491 777 4556 Πιθανῶς
807 4494 908 4564 μὲν
930 4496 1313 4567 ήρμήνευσας.
1358 4497 1502 4567 Ἐγὼ
1525 4502 1582 4557 δὲ
1607 4506 1801 4575 μαθεῖν

1976 4509 2186 4569 ERAN.
2240 4505 2616 4565 Probabiliter
2669 4506 2776 4562 hoc
2816 4511 3116 4564 enarrasti.
3154 4512 3269 4585 Ego
3311 4527 3498 4574 autem

199 4584 532 4654 ὶεουλόμην,
595 4586 748 4648 ὅπως
799 4587 850 4639 οἱ
899 4587 1126 4642 παλαιοὶ
1183 4593 1284 4660 τῆς
1329 4591 1659 4666 Ἐκκλησίας
1719 4600 1800 4655 δι.

197 4674 462 4727 δάσκαλοι
485 4675 569 4739 τὸ,
601 4691 622 4725 ι
665 4675 723 4727 '0
745 4675 921 4744 Λόγος
955 4677 1096 4748 σάρξ
1125 4679 1367 4748 ἐγένετο,
1398 4701 1416 4735 ι
1451 4687 1793 4759 νενοήκασιν.

266 4765 426 4819 ΟΡΘ.
468 4765 618 4819 Ἔδει
656 4767 757 4837 μέν
812 4784 873 4820 σε
915 4770 1211 4843 πεισθῆναι
1244 4776 1364 4837 ταῖς
1409 4777 1794 4848 ἀποστολικαῐς

196 4857 290 4909 καὶ
330 4859 711 4929 προφητικαῖς
751 4858 1116 4926 ἀποδείξεσιν.
1189 4864 1407 4938 Ἐπειδὴ
1455 4868 1511 4922 δὲ
1564 4874 1658 4926 καὶ
1694 4873 1793 4938 τὰς

1906 4605 2050 4662 scire
2094 4601 2298 4667 velim,
2352 4597 2632 4669 quomodo
2667 4597 2882 4667 antiqui
2923 4600 3188 4660 Ecclesiae
3240 4607 3502 4669 doctores

1904 4696 2062 4760 illud,
2109 4692 2389 4750 «Verbum
2411 4703 2542 4745 caro
2575 4688 2784 4743 factum
2813 4698 2898 4746 est
2919 4691 2962 4757 ',
3005 4711 3023 4744 ι
3063 4693 3458 4757 intellexerint.

1973 4785 2186 4842 ORTH.
2221 4781 2460 4838 Decebat
2484 4779 2710 4850 quidem
2743 4788 2797 4836 te
2832 4780 2890 4835 in
2926 4785 3250 4852 apostolicis
3285 4798 3342 4844 et
3371 4807 3498 4862 pro-

1900 4876 2140 4947 pheticis
2163 4872 2588 4947 probationibus
2612 4872 2988 4943 acquiescere.
3016 4875 3157 4943 Quia
3178 4895 3309 4936 vero
3331 4885 3500 4940 etiam

197 4946 306 5000 τῶν
351 4946 528 5014 ἁγίων
562 4947 838 5018 Πατέρων
885 4949 1186 5020 ἑρμηνείας
1231 4953 1534 5026 ἐπιζητεῖς,
1567 4960 1678 5029 ἐγώ
1709 4978 1793 5016 σοι

1911 4946 2214 5026 sanctorum
2265 4968 2489 5022 Patrum
2539 4967 3034 5038 interpretationes
3085 4972 3347 5042 requiris,
3395 4994 3499 5049 ego

199 5038 293 5091 καὶ
327 5038 562 5110 ταύτην,
611 5039 711 5092 σὺν
759 5039 878 5111 Θεῷ
917 5041 1110 5110 φάναι,
1159 5046 1435 5114 προσοίσω
1478 5051 1579 5122 τὴν
1625 5051 1791 5125 θερα-

197 5131 381 5183 ¹κείαν.

266 5222 478 5277 εΡΑΝ.
530 5223 624 5295 Μή
679 5241 771 5296 μοι
818 5227 1156 5300 παραγάγῃς
1205 5229 1405 5303 ἄνδρας
1459 5235 1709 5308 ἀσήμους
1753 5237 1787 5310 ἢ

1895 5060 2037 5116 hanc
2054 5074 2276 5131 quoque
2300 5057 2813 5130 tibi,Deojuvante,
2837 5058 3116 5117 adhibebo
3140 5064 3492 5129 medicinam.

1971 5241 2181 5297 ERAN.
2217 5239 2298 5298 Ne
2322 5237 2461 5295 mihi
2484 5240 2753 5296 obscuros
2787 5240 2940 5297 viros
2967 5241 3056 5298 vel
3083 5244 3373 5317 ambiguos
3395 5248 3495 5304 atl-

201 5314 542 5405 ἀμφισόλους
564 5333 578 5346 ο
628 5315 740 5370 τῶν
773 5318 886 5389 γὰρ
929 5319 1188 5375 τοιούτων
1238 5323 1340 5393 τὴν
1382 5325 1681 5396 ἑρμηνείαν
1725 5330 1788 5383 ού

1911 5332 2145 5394 duxeris.
2190 5332 2408 5389 Talium
2442 5334 2594 5389 enim
2651 5333 3144 5405 interpretationes
3195 5314 3308 5396 non
3351 5343 3497 5397 reci-

195 5404 442 5478 δέξομαι.

1899 5425 2069 5496 piam.

262 5565 311 5595 ”
343 5561 502 5619 Joan.
537 5580 591 5630 ι,
614 5563 703 5620 35.
781 5565 798 5597 ¹
825 5565 982 5622 Joan.
1013 5580 1090 5634 rx,
1130 5568 1215 5624 16.
1285 5573 1305 5602 ²
1334 5561 1527 5628 Matth.
1575 5590 1691 5642 vm,
1723 5577 1804 5633 Ἧι

1911 5579 2181 5652 ‘Philipp.
2213 5584 2344 5648 ",7.
2405 5584 2473 5639 ‘1
2513 5585 2672 5644 Joan.
2699 5602 2788 5651 ιν,
2814 5588 2941 5654 2,3.
3017 5591 3038 5621 ⁸
3072 5588 3230 5647 Joan.
3263 5607 3300 5656 l,
3334 5592 3421 5647 u.

268 5703 382 5784 (39)
418 5705 600 5787 ἀκούω
629 5706 906 5787 -ὗπακι
950 5706 1120 5787 aerii}.
1167 5707 1294 5787 Haec
1339 5728 1450 5787 una
1492 5729 1635 5787 cum;
1666 5730 1782 5787 seq.

194 5774 374 5900 Ξιοῦἱῤ
405 5805 473 5816 -
501 5777 648 5844 λέγει
690 5776 958 5833 Εηηὶειεε
1001 5774 1326 5836 tribuuntur
1351 5783 1405 5837 in
1452 5784 1589 5840 edit.
1624 5774 1782 5841 noni.

334 5862 442 5918 ψει
1442 5857 1460 5870 ‘

515 5939 760 6002 Parant
837 5939 952 6004 Gs.
1002 5943 1328 6006 LXXXIII.

1969 5719 2080 5790 (ιο)
2109 5720 2235 5790 φύσ.
2274 5722 2320 5777 δ.
2359 5723 2542 5781 Desid.
2568 5725 2624 5780 ll.
2665 5741 2747 5780 cc.
2785 5725 2956 5782 Abest
2988 5727 3153 5781 etiam
3188 5729 3496 5786 aversis-us

1897 5787 2018 5844 Lat.
2062 5787 2325 5863 St‘rigelii.

3110 5958 3144 6014 3
