4112 6374
712 321 786 388 75
1703 321 2187 382 THEODORETI
2227 320 2563 382 EPISCOPI
2602 320 2963 382 CYRENSIS
3884 323 3943 385 τό

783 431 994 489 ORTH.
1029 430 1330 486 Videturne
1365 427 1473 491 tibi
1519 426 1625 483 ﬁde
1655 428 1856 499 dignus
1897 427 2277 484 celeberrimui

2469 426 2621 480 οΡΘ.
2697 425 3022 496 ’Δξιόχρεως
3091 424 3229 479 εἷναί
3299 443 3381 480 σοι
3438 427 3585 482 δοκεῖ
3653 427 3946 494 ’Δοανὰσιος

711 524 808 580 ille
822 519 1177 588 Athanasius,
1195 519 1566 576 clarissimum
1581 519 1767 575 lumen
1788 521 2045 576 Ecclesiae
2061 518 2277 575 Alexan-

2395 518 2602 581 ἑκεῖνος
2625 518 2654 570 δ
2681 516 3137 588 πολυθρύλλητος,
3165 518 3195 570 ό
3221 517 3521 586 φανότατος
3552 521 3651 591 τῆς
3678 520 3786 574 τῶν
3823 520 3950 574 ’Δλισ

709 612 934 669 (1τίηωῖ
2397 607 2668 679 ξανδρέων
2712 607 3037 680 Ἐκκλησίας
3066 610 3323 680 φωστήρς

777 701 987 758 ERAN.
1049 700 1288 759 Omnino
1314 743 1329 767 ,
1388 708 1450 756 ut
1509 701 1608 773 qui
1653 700 1941 757 veritatis‘
1984 701 2277 757 doctrinam

2466 699 2667 755 EPAN.
2709 699 2962 766 Πάνυγε·
2985 701 3099 763 τοῖς
3126 698 3237 770 γὰρ
3269 699 3408 770 ὑπὲρ
3441 698 3544 769 τῆς
3581 698 3836 772 ἀληθείας
3859 715 3953 754 πα·

713 796 977 850 ετυωηίε
996 809 1136 865 quas
1157 807 1454 864 perpessus
1480 800 1566 848 est
1586 792 1953 848 conﬁrmavit.

2397 791 2461 861 θή
2471 807 2605 862 μασι
2639 790 2741 861 τὴν
2775 788 3125 844 διδασκαλίαν
3155 787 3438 859 ἐκύρωσεν
3462 788 3597 860 (42).

781 884 992 940 ΟΒΤΗ.
1013 883 1158 942 Audi
1197 899 1330 956 ergo
1367 884 1548 954 ipsum
1586 882 1927 938 scribentem
1971 882 2038 938 ad
2068 882 2277 953 Epicte-

2465 881 2617 937 ΟΡΘ.
2661 882 2863 936 Ἄκουε
2916 881 3096 936 τοίνυν
3134 879 3304 937 αὐτοῦ
3352 881 3490 952 πρὸς
3527 880 3848 950 Ἐπίκτητον
3873 895 3956 947 γε-

715 981 851 1028 tum.
881 972 974 1029 Sic
995 981 1180 1031 autem
1206 973 1344 1029 dicit
1369 991 1382 1026 :
1427 992 1446 1025 ι
1478 971 1536 1027 Id
1575 971 1725 1042 quod
1745 987 1776 1026 α
1807 971 2019 1027 Joanne
2044 971 2254 1028 dicitur

2394 975 2664 1046 γραφότος
2683 990 2698 1005 ο
2739 972 2890 1041 λέγει
2926 973 2984 1027 δὲ
3012 973 3218 1038 οὕτως*
3258 990 3278 1025 ι
3329 972 3406 1026 Τὸ
3445 972 3554 1044 7&9
3577 973 3688 1043 (43)
3716 971 3862 1041 παρὰ
3887 968 3957 1039 τῷ

719 1061 943 1117 Verbum
989 1078 1113 1117 caro
1137 1062 1347 1132 lfactum
1390 1067 1467 1115 est
1489 1102 1504 1126 ,
1536 1059 1683 1113 hanc
1728 1057 1897 1114 habet
1939 1057 2277 1114 sententiam.

2408 1063 2628 1136 Ἰωάννῃ
2657 1064 2978 1135 λεγόμενον,
3028 1065 3093 1119 '0
3135 1066 3327 1134 Λόγος
3365 1064 3524 1134 σὰρξ
3549 1064 3808 1135 ἐγένετο,
3831 1061 3959 1119 ταὺ-

710 1159 986 1223 quatenus
1015 1165 1084 1207 ex
1103 1148 1271 1206 simili
1291 1149 1544 1218 exemplo
1579 1148 1705 1203 elici
1731 1154 1934 1218 potest.
1965 1148 2133 1219 Pauli:
2145 1148 2277 1204 enin

2393 1170 2496 1226 την
2541 1153 2655 1224 ἔχει
2695 1151 2793 1224 τὴν
2823 1152 3099 1220 διάνοιαν,
3132 1152 3316 1216 καθὼς
3362 1154 3460 1207 καὶ
3516 1154 3584 1206 ἑκ
3635 1150 3742 1206 τοῦ
3784 1151 3958 1222 ὁμοίου

709 1242 882 1298 verba
925 1249 1057 1297 sunt
1090 1257 1104 1296 :
1143 1239 1379 1296 Christus
1415 1240 1587 1310 factus
1619 1247 1696 1293 est
1738 1255 1835 1309 pro
1869 1239 2015 1294 nobis
2072 1237 2277 1293 maledi-

2393 1243 2569 1315 τούτῳ
2596 1242 2708 1315 (44)
2740 1243 2964 1299 δυνατὸν
2999 1245 3204 1316 εὑρεῖν.
3235 1244 3553 1315 Γέγραπται
3575 1244 3684 1316 γὰρ
3710 1242 3858 1311 παρὰ
3890 1240 3963 1313 τῷ

709 1333 811 1386 ctio
836 1333 876 1386 ⁸.
921 1331 1032 1404 44
1066 1330 1541 1398 Quemadmodum
1575 1344 1688 1385 non
1725 1329 1875 1399 quod
1905 1330 2024 1400 ipse
2065 1327 2277 1382 maledi-

2396 1334 2622 1404 Παύλῳ*
2695 1334 2955 1403 Χριστὸς
3013 1335 3166 1403 ὑπὲρ
3229 1332 3401 1405 ἡμῶν
3450 1334 3661 1404 γέγονε
3719 1332 3960 1403 κατάρα.

711 1424 824 1481 ctio
863 1424 1042 1481 factus
1090 1423 1188 1489 sit,
1240 1421 1338 1479 sed
1390 1420 1536 1492 quod
1582 1435 1684 1489 pro
1733 1419 1896 1474 nobis
1947 1417 2277 1474 maledictio.

2397 1426 2610 1496 Ὠσπερ
2629 1424 2741 1495 (45)
2779 1425 2879 1495 οὐχ
2909 1426 2991 1479 ὅτι
3037 1426 3198 1490 αὐτὸς
3234 1425 3427 1494 γέγονε
3462 1427 3696 1497 κατάρα,
3729 1425 3845 1478 ἀλλ’
3889 1424 3967 1478 δτι

709 1531 838 1572 nem
893 1515 1156 1584 suscepit,
1195 1512 1369 1569 factus
1406 1511 1609 1568 dicitur
1653 1507 1970 1565 maledictio
2009 1525 2025 1563 :
2064 1509 2136 1564 ita
2182 1525 2277 1565 nor

2392 1514 2494 1585 τὴν
2524 1513 2665 1584 ὑπὲρ
2699 1513 2858 1585 ἡμῶν
2883 1513 3101 1580 ἐδέξατο
3130 1514 3395 1585 κατάραν,
3423 1514 3637 1584 κατάρα
3673 1513 3784 1582 (46)
3818 1511 3968 1582 εῐρηο

707 1607 858 1680 quod
919 1619 1218 1661 conversus
1283 1606 1354 1659 sit
1403 1603 1462 1658 in
1513 1617 1765 1667 carnem,
1827 1601 1923 1657 sed
1986 1600 2134 1671 quod
2191 1615 2277 1671 ρι’(

2392 1619 2486 1659 ται
2512 1603 2822 1674 γεγονέναι,
2852 1601 3028 1656 οὕτως
3045 1605 3144 1673 οὐχ
3164 1604 3245 1656 ὅτι
3273 1604 3505 1674 τραπεὶς
3525 1604 3606 1666 είς
3633 1603 3834 1673 σάρκα,
3858 1595 3968 1652 ἀλλ’

706 1697 870 1760 nobis
918 1711 1142 1752 carnem
1184 1694 1514 1765 assumpsit,
1567 1691 1774 1747 dicitur
1822 1689 2003 1747 factus
2054 1705 2204 1746 caro.
2267 1708 2277 1743 ι

2393 1697 2478 1751 ὅτι
2512 1695 2697 1768 σάρκα
2720 1694 2863 1767 ὑπὲρ
2881 1697 3040 1766 ημῶν
3072 1694 3326 1757 ἀνέλαϐε,
3353 1694 3572 1762 λέγεται
3595 1692 3731 1763 σάρξ
3754 1691 3972 1762 γεγονέ-

708 1789 839 1847 Bac
897 1787 1122 1860 quidem
1167 1786 1548 1842 divinissimus
1597 1784 1950 1839 Athanasius.
1995 1783 2277 1855 Gregorius

2391 1805 2500 1843 ναι.
2531 1805 2551 1838 ι
2585 1785 2774 1840 Ταῦτα
2806 1785 2907 1856 μὲν
2936 1787 2965 1839 ό
2994 1782 3272 1849 θειότατος
3299 1783 3638 1848 Ἀθανάσιος.
3671 1783 3970 1854 Γρηγόριος

708 1895 843 1937 vero
873 1877 1292 1950 (Nazianzenus)
1322 1917 1335 1941 ,
1366 1877 1524 1948 cujus
1551 1875 1698 1946 apud
1729 1890 1923 1930 omnes
1951 1875 2166 1930 illustre
2193 1890 2277 1930 no-

2391 1879 2471 1946 δὲ,
2501 1873 2547 1948 ᾧ
2579 1878 2734 1942 κλέος
2767 1877 2918 1948 παρὰ
2948 1878 3084 1930 πᾶσι
3113 1876 3273 1941 πολὺ,
3296 1877 3325 1929 δ
3349 1875 3519 1930 πάλαι
3561 1874 3662 1946 μὲν
3687 1874 3788 1945 τὴν
3816 1873 3971 1944 βασι-

708 1986 840 2028 men
896 1979 1004 2038 est,
1037 1970 1134 2040 qui
1161 1969 1293 2025 olim
1326 1968 1528 2038 regiam
1568 1966 1760 2022 urbem
1792 1965 1851 2021 in
1889 1963 2119 2034 Bospori
2151 1965 2277 2021 osti<

2392 1964 2661 2019 λεύουσαν
2691 1964 2846 2016 πόλιν
2885 1963 2985 2034 τὴν
3017 1963 3112 2017 ἑπὶ
3138 1963 3215 2033 τῷ
3262 1962 3494 2033 στόματι
3545 1962 3635 2017 τοῦ
3690 1963 3970 2034 Βοσπόρου

707 2062 872 2121 sitam
899 2061 1067 2128 rexit,
1107 2068 1164 2117 et
1201 2068 1392 2131 postea
1427 2057 1760 2112 Nazianzum
1800 2055 2062 2120 incoluit,
2093 2062 2277 2112 contra

2391 2054 2652 2127 κειμένην
2680 2053 2885 2117 ίθύνας,
2911 2053 3136 2124 ὔστερον
3164 2054 3220 2108 δὲ
3255 2053 3354 2124 τὴν
3383 2055 3689 2120 Ναξιανζδν
3720 2056 3973 2126 οἰκήσας,

705 2152 1042 2228 Apollinaris
1071 2151 1376 2223 prastigias
1406 2149 1486 2206 sic
1513 2147 1584 2204 ad
1608 2147 1935 2204 Cledonium
1958 2146 2198 2217 scripsit.

2391 2144 2536 2201 κατὰ
2567 2144 2669 2214 τῆς
2723 2145 3099 2216 Ἀπολιναρίου
3134 2145 3420 2217 τερθρείας
3459 2139 3560 2203 ὦδε
3593 2145 3730 2218 πρὸς
3759 2144 3972 2218 Κληδό-

2391 2250 2507 2292 νιον
2534 2233 2795 2292 ἔγραψεν.

2464 2250 2507 2288 w
2534 2233 2562 2286 ἑ
2638 2250 2673 2288 α
2717 2250 2795 2287 εν.

2464 2233 3015 2398 ΕΡέἓ.ψΠεριφανὴς
3047 2330 3075 2381 δ
3115 2329 3277 2399 ἀνὴρ,
3309 2329 3403 2383 καὶ
3440 2330 3724 2403 πρόμαχος
3754 2331 3860 2403 τῆς
3885 2329 3976 2384 εὑ-

2395 2417 2612 2481 σεϐείας
2642 2417 2961 2487 γεγένηται.

2465 2507 2618 2561 ΟΡΘ.
2654 2508 2857 2561 Ἀκουε
2884 2507 3069 2562 τοίνυν
3092 2507 3258 2563 αὑτοῦ
3298 2510 3577 2579 λέγοντος’
3611 2511 3684 2565 Τὸ
3729 2509 3823 2566 οὖν
3862 2511 3976 2583 (47)

2405 2599 2470 2652 '0
2495 2601 2690 2668 Λόγος
2712 2599 2862 2668 σὰρξ
2880 2598 3140 2668 ἐγένετο,
3160 2600 3277 2655 ἴσον
3295 2620 3385 2673 μοι
3410 2594 3833 2672 δοκεῖ’γίνεσθαι
3859 2604 3974 2677 (48)

777 2330 966 2387 ERAN
994 2329 1191 2385 Clarus
1218 2327 1323 2391 vir,
1349 2335 1406 2381 et
1432 2325 1687 2381 veritatis
1713 2337 2089 2397 propugnator
2122 2323 2246 2379 fuit.

764 2501 976 2560 ORTH.
1004 2498 1146 2556 Audi
1179 2511 1315 2569 ergo
1328 2496 1510 2566 ipsum
1543 2495 1819 2562 dicentem
1861 2513 1874 2548 :
1909 2514 1928 2547 ε
1957 2496 2073 2550 Hoc
2097 2495 2283 2567 igitur,

709 2593 930 2648 Verbum
971 2607 1094 2645 caro
1130 2590 1326 2658 factum
1364 2594 1461 2650 est,
1509 2583 1687 2639 simile
1722 2584 1941 2639 videtur
1985 2584 2101 2650 illi,
2139 2584 2286 2654 quod

706 2693 761 2739 et
794 2689 1083 2754 peccatum
1134 2678 1313 2732 factus
1365 2689 1488 2730 esse
1532 2672 1766 2739 dicitur,
1811 2681 1867 2728 et
1911 2673 2231 2728 maledictio
2270 2691 2283 2725 :

703 2787 821 2842 non
843 2769 992 2842 quod
1018 2767 1284 2824 Dominus
1310 2765 1368 2819 in
1389 2764 1506 2819 haec
1525 2770 1768 2817 mutatus
1794 2762 1886 2828 sit,
1912 2763 2028 2833 (qui
2056 2763 2206 2818 enim
2229 2762 2287 2816 id

706 2859 828 2917 ﬁeri
864 2855 1130 2929 posset?)
1175 2855 1274 2910 sed
1303 2853 1433 2924 quia
1457 2867 1558 2923 per
1585 2850 1650 2905 'id
1688 2850 1837 2921 quod
1875 2851 1994 2906 haec
2017 2851 2284 2922 suscepit,

705 2949 1026 3020 iniquitates
1045 2954 1263 3002 nostras
1290 2943 1532 3009 sustulit,
1562 2950 1618 2998 et
1638 2942 1861 2998 morbos
1886 2943 2125 3013 portavit
2147 2943 2244 2997 '-’.

772 3122 980 3180 ERAN.
1015 3119 1283 3190 Cougruit
1308 3117 1596 3186 utriusque
1635 3117 2040 3187 interpretatio.

772 3213 984 3271 ORTH.
1013 3210 1284 3278 Quoniam
1321 3223 1453 3280 ergo
1493 3208 1593 3263 tibi
1635 3209 1958 3264 australium
1997 3217 2056 3264 et
2083 3208 2281 3265 borea-

702 3306 842 3364 lium
873 3304 1114 3374 partium
1147 3307 1398 3370 pastores
1429 3298 1742 3354 consentire
1774 3297 2149 3366 ostendimus,
2181 3314 2282 3370 age

703 3397 774 3454 ad
822 3394 1216 3452 celeberrimos
1261 3405 1482 3462 quoque
1533 3390 1840 3445 occidentis
1890 3390 2180 3460 episcopos
2225 3397 2281 3447 te

701 3489 859 3544 velut
883 3486 1156 3556 hospitem
1182 3483 1539 3547 deducamus,
1567 3480 1661 3550 qui
1680 3480 1785 3534 alia
1817 3480 2039 3550 quidem
2070 3482 2278 3553 lingua,

705 3580 802 3636 sed
849 3593 962 3632 non
1007 3576 1113 3631 alia
1162 3573 1458 3639 sententia,
1500 3572 1908 3628 enarrationem
1939 3575 2285 3646 conscripse-

705 3679 856 3728 runt.

768 3764 878 3836 45
920 3761 1128 3818 ERAN.
1173 3760 1354 3815 Audio
1403 3758 1756 3814 Ambrosium
1785 3799 1799 3824 ,
1837 3759 1932 3830 qui
1985 3759 2279 3818 Mediolani

703 3857 1069 3930 episcopalem
1101 3855 1289 3910 sedem
1313 3855 1549 3920 ornavit,
1591 3861 1648 3909 et
1672 3861 1864 3910 contra
1883 3869 2076 3910 omnes
2106 3855 2283 3912 haere-

704 3964 795 4007 ses
820 3948 1080 4019 praeclare
1125 3947 1458 4011 decertasse,
1506 3955 1564 4000 et
1591 3945 1962 4015 pulcherrima
2005 3945 2283 4018 apostolo-

703 4054 939 4111 rumque
964 4039 1230 4095 doctrinae
1265 4038 1625 4110 congruentia
1651 4037 1957 4108 scripsisse.

773 4219 984 4277 ORTH.
1048 4221 1184 4291 Ejus
1237 4217 1340 4274 tibi
1404 4217 1923 4288 interpretationem
1980 4219 2276 4289 proferam.

699 4313 828 4371 Haec
853 4318 1036 4365 autem
1063 4309 1198 4364 dicit
1237 4309 1294 4362 in
1324 4308 1467 4362 libro
1505 4307 1583 4361 De
1616 4307 1720 4375 ﬁde
1759 4307 1870 4379 (41)
1899 4328 1912 4362 :
1953 4328 1973 4361 ‹
2002 4310 2279 4380 Scriptum

699 4412 804 4468 est,
837 4401 1122 4470 inquiunt,
1152 4399 1282 4469 quia
1324 4398 1549 4451 Verbum
1585 4413 1711 4451 caro
1760 4398 1958 4466 factum
2008 4406 2104 4453 est.
2135 4399 2281 4454 Scri-

699 4500 855 4564 ptum
878 4499 982 4555 est,
1017 4504 1127 4545 non
1151 4503 1309 4560 nego.
1338 4486 1640 4543 Considera
1677 4487 1810 4558 quid
1855 4499 2136 4558 sequatur.
2184 4490 2279 4545 Sc-

768 4602 985 4660 ‘Galat.
1037 4601 1229 4670 "1,15.
1269 4602 1340 4640 '-'
1373 4600 1475 4657 Isa.
1501 4618 1612 4667 Llll,
1635 4601 1688 4656 4.

790 4721 879 4792 il)
917 4722 1018 4793 “De
1048 4719 1473 4793 “incarnationis
1531 4720 1828 4793 Dominicaa
1887 4732 2231 4777 sacramento
2254 4765 2268 4786 ,
2305 4727 2347 4782 Β
2377 4741 2462 4779 ma
2498 4728 2565 4781 ad
2600 4727 2947 4793 Cledonium,
2986 4739 3025 4783 t.
3065 4752 3082 4784 ι
3116 4732 3248 4788 edit.
3287 4735 3461 4790 Paris.

696 4807 746 4848 c.
771 4789 825 4853 6,
849 4789 889 4845 ε.
913 4791 959 4845 ll
997 4789 1129 4844 edit.
1168 4790 1446 4844 Benedict.
1480 4805 1535 4859 p.
1583 4790 1687 4859 716
1717 4805 1832 4859 seq.

770 4860 880 4934 (42)
913 4859 1415 4934 τοῖς-ἐκύρωσεν.
1453 4858 1588 4934 Haec
1613 4858 1669 4911 in
1702 4858 1800 4914 ed.
1829 4860 1988 4934 Rom.
2026 4873 2081 4916 et
2115 4861 2265 4934 Lips.

695 4929 973 5000 cohaerent
997 4943 1120 5000 cum
1142 4930 1502 5000 sequentibus
1537 4930 1735 5000 Ἀκουε
1756 4948 1810 4982 κ.
1840 4947 1890 4982 τ.
1926 4930 1976 4984 λ.

763 4999 872 5069 (45)
911 4999 984 5050 Τὸ
1014 4998 1124 5069 γὰρ
1154 4998 1303 5053 κξτ.
1355 4999 1403 5053 λ,
1441 4998 1616 5069 Locus
1661 4999 1764 5053 iste
1809 5007 1986 5054 exstat
2027 5002 2082 5056 in
2134 5004 2267 5058 edit.

694 5067 896 5125 Bened.
935 5077 1068 5121 tom.
1096 5067 1166 5137 ’l,
1203 5083 1260 5137 p.
1297 5081 1354 5131 ιι,
1389 5084 1443 5136 p.
1480 5068 1602 5122 907.

790 5139 878 5207 44)
914 5137 1111 5207 τούτῳ.
1148 5136 1294 5207 Luco
1330 5138 1422 5207 cit.
1451 5139 1556 5206 leg.
1590 5139 1764 5192 τοῦτο.

787 5206 875 5277 45)
910 5206 1199 5277 ὥσπερμ-
1232 5206 1369 5277 σὰρξ
1409 5207 1706 5277 γεγονέναι.
1734 5207 1917 5264 Editio
1949 5210 2154 5267 Bened.
2190 5212 2268 5267 ita

693 5275 866 5352 habet:
894 5293 906 5329 :
946 5275 1282 5352 Καὶ-’ὥσπερ
1319 5275 1424 5352 οὐκ
1442 5276 1602 5352 circa;
1631 5278 1822 5344 γέγονε
1856 5282 2100 5352 κατάρα,
2147 5283 2262 5335 ἀλλ’

691 5345 772 5398 δτι
812 5347 916 5422 τὴν
973 5345 1118 5422 ὑπὲρ
1169 5345 1323 5422 ήμῷν
1402 5345 1685 5422 ἀνεδέξατο
1724 5345 2021 5422 κατάραν,
2048 5353 2260 5422 εῐρηται

693 5415 907 5486 κατάρα
929 5415 1212 5486 γεγονέναι
1237 5415 1376 5469 οὕτω
1395 5416 1484 5486 καί
1504 5416 1640 5486 σὰρξ
1674 5415 1912 5484 γέγονεν,
1944 5420 2005 5472 οὗ
2032 5415 2262 5486 τρατὶεὶς

693 5433 907 5539 usage.
929 5433 1212 5483 γεγονεναι
1237 5433 1376 5469 ουτω
1395 5433 1484 5468 και
1504 5433 1640 5486 σαρς
1674 5433 1912 5484 γεγονεν,
1944 5433 2005 5472 ου
2032 5433 2258 5486 τραπεὶς

692 5485 825 5559 alga
866 5501 992 5559 ρκα,
1017 5485 1235 5559 ἀλλ’ᾼὸτι
1263 5486 1435 5557 σάρκα
1457 5484 1647 5549 »ἀπῶσαν
1671 5488 1809 5558 ὑπὲρ
1830 5489 1989 5559 ἡμῶν
2006 5490 2258 5558 ἀνέλαϐε,

692 5502 782 5548 εις
795 5502 992 5606 σαρκα,
1017 5502 1132 5538 αλιι⁷
1153 5502 1235 5538 οτι
1263 5502 1354 5557 cap

691 5554 874 5679 “itii
889 5570 1051 5678 γεεῖξέ
1057 5554 1158 5679 ff
1167 5574 1354 5679 ίίῗέξὲῗς·

910 5625 1142 5714 κατάρα.
1168 5623 1306 5681 ⁷068.
1354 5626 1408 5680 in
1441 5627 1573 5681 edit.
1613 5627 1769 5708 _Rom.
1808 5629 2048 5710 et.Lips_.

905 5695 967 5749 τὸ
992 5712 1085 5748 ουν
1123 5713 1179 5750 κ.
1205 5715 1254 5751 τ.
1275 5697 1324 5752 λ.
1362 5697 1550 5753 Exstat
1571 5698 1660 5752 hic
1685 5698 1836 5752 locus
1872 5716 1924 5753 In
1952 5715 2048 5761 cpi:

785 5690 875 5761 47)
905 5695 967 5749 τὸ
992 5690 1085 5748 οὖν
1123 5713 1179 5750 κ.
1205 5715 1254 5751 τ.
1275 5697 1324 5752 λ.
1362 5697 1550 5753 Exstat
1571 5698 1660 5752 hic
1685 5698 1836 5752 locus
1872 5700 1924 5753 in
1952 5690 2114 5770 épist.
2135 5703 2257 5771 pri-

2345 2683 2466 2758 (τῷ
2518 2687 2614 2740 καὶ
2678 2688 2957 2759 ἁμαρτίαν
3005 2689 3167 2744 αὐτὸν
3211 2693 3497 2760 γεγονέναι
3556 2694 3812 2763 λέγεσθαι
3880 2695 3979 2748 καὶ

2389 2777 2659 2850 κατάραν,
2688 2779 2788 2832 οὐκ
2822 2781 2900 2842 είς
2936 2779 3049 2851 (49)
3083 2781 3259 2836 ταῦτα
3291 2783 3384 2836 τοῦ
3418 2785 3625 2856 Κυρίου
3669 2803 3982 2858 μεταποιη-

2388 2867 2595 2931 θέντος,
2633 2868 2776 2935 (πῶς
2799 2871 2908 2938 γάρ
2954 2869 2993 2941 ;)
3023 2869 3138 2923 ἀλλ’
3165 2871 3242 2934 ὡς
3273 2873 3362 2925 διὰ
3392 2873 3487 2926 τοῦ
3519 2874 3692 2930 ταῦτα
3715 2875 3980 2939 δέξασθαι

2387 2960 2488 3025 τὰς
2514 2960 2745 3030 ἀνομίας
2774 2962 2806 3031 ἡ
2817 2961 2934 3030 μῶν
2980 2961 3365 3031 ἀναλαϐόντος,
3394 2967 3488 3017 καὶ
3517 2964 3616 3030 τὰς
3649 2967 3840 3032 νόσους
3876 2967 3980 3040 βα-

2390 3051 2707 3114 στάσαντος.

2307 3148 2350 3206 c
2457 3141 2663 3195 EPAN.
2693 3141 2993 3211 Σύμφωνος
3023 3143 3352 3216 ἀμφοτέρων
3381 3149 3414 3217 η
3446 3149 3737 3220 ἑρμηνεία.

2457 3231 2612 3284 ΟΡΘ.
2656 3230 2874 3303 Ἐπειδὴ
2907 3250 2990 3286 σοι
3022 3235 3148 3298 τοὺς
3173 3235 3244 3288 τὰ
3278 3237 3430 3291 νότια
3471 3240 3565 3292 καὶ
3612 3240 3802 3314 βόρεια
3842 3262 3979 3300 ποι-

2386 3320 2669 3392 μάναντας
2696 3322 3132 3394 συμφωνοῦντας
3163 3326 3472 3399 ἐδείξαμεν,
3494 3330 3654 3402 δεῦρο
3682 3334 3744 3404 δή
3784 3352 3845 3389 σε
3877 3336 3980 3392 καὶ

2383 3413 2521 3484 πρὸς
2564 3414 2704 3476 τοὺς·
2732 3414 3012 3485 ἀοιδίμους
3043 3417 3141 3488 τῆς
3170 3419 3434 3490 ἑσπερίας
3471 3421 3864 3497 ξεναγήσωμεν
3894 3428 3982 3482 δι-

2381 3502 2722 3569 δασκάλους,
2754 3505 2803 3558 οἳ
2842 3505 3059 3580 γλώττῃ
3124 3509 3221 3578 μὲν
3287 3511 3472 3583 ἑτέρᾳ,
3507 3513 3715 3587 διανοίᾳ
3760 3518 3822 3572 δὲ
3865 3521 3980 3593 οὐχ

2383 3593 2568 3666 ἑτέρᾳ,
2603 3597 2705 3667 τὴν
2732 3596 3032 3667 ἑρμηνείαν
3080 3601 3453 3672 συνέγραψαν.

2452 3766 2656 3821 ΕΡΔΝ.
2675 3767 3003 3840 ’Δμδρόσιον
3019 3770 3222 3839 ἀκούω,
3240 3772 3332 3826 τδν
3351 3774 3450 3844 τῆς
3465 3776 3814 3834 Μεδιολάνων
3844 3781 3978 3852 (30)

2381 3856 2473 3911 τὸν
2499 3858 2889 3929 ἀρχιερατικὸν
2916 3860 3363 3933 διακοσμήσαντα
3391 3865 3599 3938 θρόνον,
3633 3872 3979 3941 ἠριστευκέ-

2381 3965 2471 4004 ναι
2505 3949 2605 4019 μὲν
2648 3949 2789 4003 κατὰ
2842 3951 3024 4022 πάσης
3071 3954 3358 4025 αἱρέσεως,
3417 3963 3861 4031 συγγεγραφέναι
3917 3967 3984 4022 δὲ

2383 4040 2648 4095 κάλλιστα
2678 4043 2773 4094 καὶ
2800 4045 2867 4114 τῇ
2900 4045 3007 4097 τῶν
3053 4046 3368 4102 ἀποστόλων
3391 4049 3710 4125 διδασκαλίᾳ
3728 4057 3985 4126 συμϐαι.

2383 4147 2566 4186 νοντα.

2452 4221 2603 4276 ΟΡΘ.
2635 4221 2812 4276 Αὑτοῦ
2840 4240 2921 4278 σοι
2940 4223 3037 4295 τὴν
3064 4225 3364 4297 ἑρμηνείαν
3398 4234 3688 4302 προσοίσω.
3721 4236 3892 4305 Λέγει
3916 4239 3985 4296 δὲ

2379 4311 2552 4365 ταῦτα
2597 4313 2656 4366 ἐν
2701 4313 2778 4384 τῷ
2812 4315 2950 4384 Περὶ
2988 4316 3250 4385 πίστεως
3297 4319 3474 4391 λόγῳ·
3510 4339 3530 4373 ο
3569 4323 3756 4392 Ἀλλά,
3798 4330 3983 4399 φησὶ,

2380 4405 2690 4475 γέγραπται
2734 4404 2818 4460 ὅτι
2871 4407 2936 4460 '0
2960 4409 3154 4485 Λόγος
3210 4411 3372 4480 σὰρξ
3411 4412 3648 4482 ἐγένετο
3697 4417 3834 4487 (5i).
3894 4421 3986 4474 Τδ

2379 4494 2590 4565 γραφὲν
2613 4496 2714 4549 οὐκ
2744 4495 3035 4567 ἀρνοῦμαι.
3077 4499 3243 4553 Ἀλλά
3273 4500 3541 4557 Θεάσασθε
3560 4503 3621 4557 τὸ
3645 4503 3982 4578 λεγόμενον.

2377 4741 2462 4779 ma
2498 4739 2565 4781 ad
2600 4739 2947 4793 Uledonium,
2986 4739 3025 4783 t.
3065 4752 3082 4784 ι
3116 4739 3248 4788 edit.
3287 4739 3461 4790 Paris.
3497 4753 3552 4806 p.
3589 4739 3709 4793 744.

2714 4816 2772 4869 μ.
2820 4800 2868 4852 δ.
2905 4800 3013 4868 γίν.
3050 4801 3179 4858 Loc.
3219 4805 3313 4859 cit.
3352 4806 3457 4877 leg.
3515 4808 3628 4861 ἴσον
3675 4807 3824 4864 δοκεῖ
3867 4833 3986 4885 μοι

2719 4941 2871 5026 είς-
2888 4940 3271 5026 βαστάσαντος.
3286 4944 3348 5026 in
3382 4946 3513 5002 edit.
3538 4949 3698 5026 Βοω.
3719 4961 3774 5008 et
3797 4951 3980 5026 Lips.

2377 5015 2598 5092 exstant
2654 5016 2865 5092 tantum
2892 5011 2895 5012 ⁷
2924 5011 3050 5092 haec
3072 5027 3266 5092 pauca,
3327 5016 3432 5079 ἕως
3472 5019 3579 5092 καὶ
3629 5021 3728 5092 τὰς
3763 5011 3986 5092 vacas}

2379 5076 2536 5164 ﬁva
2550 5076 2960 5164 ﬂammigeri/30;:
2997 5076 3359 5164 S‘trigwnsicut
3391 5076 3448 5141 et
3469 5076 3813 5164 inﬁrmitates
3849 5076 3984 5152 i161

2371 5149 2805 5271 ἓξῖᾓθιέῗζὲονίι.
2843 5149 3142 5207 Sededitio
3175 5149 3346 5208 Paris.
3383 5159 3658 5214 consentit
3691 5175 3816 5215 cum
3847 5149 3980 5220 1ιό-

2417 5256 2420 5258 η
2619 5234 2633 5270 ι
2675 5233 2766 5272 ne.

2586 5287 2884 5363 Ed_._Rom_.
2920 5297 2976 5363 et
3000 5289 3147 5361 Lips.
3179 5293 3530 5363 Μεδιολάνου.

2441 5356 2550 5432 (5i)
2573 5357 2727 5432 ⁶ἀλλὰ
2759 5390 2830 5400 -‹
2858 5356 3097 5432 ἐγένετο.
3152 5360 3278 5418 Haec
3320 5368 3586 5424 Eranistaa
3626 5369 3985 5432 tribuuntur

2369 5424 2425 5503 in
2453 5424 2545 5503 ed.
2573 5426 2824 5503 ἰδυῖαν-οι
2847 5424 3031 5503 _Lips.,
3067 5432 3160 5486 sed
3193 5448 3500 5503 perperam,
3525 5453 3650 5493 cum
3683 5424 3798 5494 sint
3816 5424 3980 5500 vix}:

2368 5493 2794 5574 banAmbrosii1
2847 5493 3227 5574 Interpretatib
3276 5493 3626 5565 (ξι-ωοαήοη
3673 5493 3984 5574 ἐοήέέιὶῐίι

2623 5582 2746 5693 ουιῐη
2774 5564 3018 5637 Latinis}
3054 5573 3330 5631 noluimus
3355 5585 3533 5634 tamen
3567 5564 3979 5640 manilii

2503 5652 2538 5690 ιι
2582 5653 2672 5691 mu
2703 5655 2816 5693 are.

2409 5651 2538 5690 I'OSll
2582 5651 2816 5694 mutare.
