4112 6374
239 374 300 438 εδ
1298 363 1676 428 DIALUGUS
1717 367 1762 426 ι.
1801 392 1868 400 -—
1908 367 2436 433 IMMUTABILIS.

3443 364 3517 429 86

239 478 495 551 λήψεσθαι
558 478 691 547 παρ’
737 474 943 548 αὑτῆςς
983 474 1105 529 Ἔτι
1161 491 1221 529 τε
1277 475 1326 529 εί
1383 474 1553 546 μηδὲν
1605 475 1819 546 εἰλήφει

1934 477 2040 532 haec
2066 477 2114 532 si
2140 478 2280 533 nihil
2325 494 2357 534 a
2392 476 2562 534 Maria
2600 475 2946 548 sumpsisset,
2977 483 3098 529 non
3132 471 3324 542 utique
3361 471 3517 528 cibos

242 570 380 640 παρὰ
443 569 548 639 τῆς
608 567 849 640 Μαρίας,
911 566 1012 620 οὐκ
1075 566 1144 621 ἂν
1207 565 1307 630 τὰς
1368 565 1479 636 (89)
1544 565 1664 619 ἀπὸ
1716 564 1822 635 γῆς

242 659 568 731 εἰλημμένας
594 659 852 729 προσίετο
873 657 1113 730 τροφὰς,
1145 658 1214 713 δι’
1244 650 1320 712 ὧν
1350 656 1413 711 τὸ
1443 655 1553 710 ἀπὸ
1582 659 1688 728 γῆς
1719 656 1820 726 λη-

243 751 358 820 φθὲν
379 750 649 820 τρέφεται
685 748 868 819 σῶμα·
905 749 1014 804 οὐδ’
1046 749 1114 803 ἂν
1141 751 1222 813 εις
1242 749 1655 822 τεσσαράκοντα
1683 748 1823 820 ἠμέ-

245 860 330 914 ρας
359 841 572 913 ὁμοίως
610 842 687 905 ὡς
713 841 955 910 Μωῦσῆς
981 841 1077 896 καὶ
1121 841 1306 906 Ἠλίας
1336 839 1642 912 νηστεύσας
1673 838 1825 892 inst-

243 950 356 1002 νησε
383 975 400 1000 ,
433 933 534 987 τοῦ
570 933 824 1004 σώματος
862 932 1251 1004 ἐπιζητοῦντος
1283 933 1387 1004 τὴν
1423 931 1559 985 ιδίαν
1589 930 1819 1003 τροφήν·

240 1026 336 1080 οὐδ’
372 1023 444 1078 ἂν
493 1023 749 1094 Ἰωάννης
778 1024 808 1076 6
841 1023 1092 1095 μαθητὴς
1120 1023 1288 1077 αὑτοῦ
1317 1023 1448 1096 περὶ
1491 1021 1656 1076 αὑτοῦ
1682 1022 1825 1094 γρά-

241 1131 343 1182 φων
387 1114 647 1186 εἰρήκει·
686 1133 706 1166 ι
768 1113 829 1167 Ὅ
865 1111 922 1166 δὲ
972 1111 1184 1184 Ἰησοῦς
1215 1109 1565 1174 κεκοπιακὼς
1606 1111 1672 1165 ὲκ
1721 1109 1825 1180 τῆς

243 1203 542 1277 ὁδοιπορίας
571 1201 887 1267 ἐκαθέζετοσ
936 1221 955 1255 ι
991 1202 1101 1257 οὐδ’
1133 1201 1202 1256 ἂν
1238 1204 1268 1256 6
1307 1201 1476 1256 Δασὶδ
1509 1186 1825 1272 προαναπε-

243 1297 474 1366 ςσωνήκει
510 1295 641 1366 περὶ
672 1293 864 1348 αὐτοῦ·
919 1313 936 1346 ι
973 1295 1081 1349 Καὶ
1115 1294 1210 1348 ἐπὶ
1239 1293 1302 1347 τὸ
1333 1293 1496 1362 ἄλγος
1524 1292 1632 1348 τῶν
1652 1308 1824 1364 τραυ-

247 1386 417 1456 μάτων
453 1404 559 1456 μου
592 1384 967 1460 προσέθηκανο
1003 1403 1023 1437 ι
1056 1384 1169 1437 οὐδ’
1201 1383 1267 1438 ἂν
1291 1383 1594 1454 ἐδάκρυσεν
1613 1380 1708 1434 ἐπὶ
1729 1380 1825 1435 τοῦ

244 1475 514 1547 Λαζάρου,
543 1475 653 1530 οὐδ’
685 1475 754 1528 ἂν
785 1474 981 1546 τδρωσε
1009 1474 1284 1547 θρόμϐους
1325 1473 1581 1545 αἵματοςο
1612 1473 1722 1527 οὐδ’
1758 1472 1827 1528 ἀν

244 1568 464 1636 εἰρήκει,
499 1567 584 1620 ὅτι
614 1584 632 1618 ι
662 1565 967 1636 Περίλυπός
997 1567 1146 1619 ἐστιν
1168 1567 1202 1636 ή
1230 1565 1377 1636 ψυχή
1413 1581 1535 1635 patr
1567 1583 1588 1617 ι
1621 1562 1731 1618 οὐδ’
1759 1563 1828 1617 ἂν

242 1657 488 1727 νυγείσης
511 1656 681 1710 αὑτοῦ
708 1657 811 1727 τῆς
839 1656 1077 1728 πλευρᾶς
1100 1655 1326 1725 ἐξῆλθεν
1357 1650 1499 1728 αἷμα
1528 1655 1625 1710 καὶ
1659 1653 1825 1726 ὕδωρ.

244 1747 416 1803 Ταῦτα
444 1750 558 1822 γὰρ
595 1749 770 1804 πάντα
812 1748 1061 1820 σύμϐολα
1095 1750 1300 1820 σαρκὸς
1327 1749 1429 1819 τῆς
1463 1748 1572 1803 ἀπὸ
1616 1749 1721 1820 γῆς
1748 1749 1828 1802 εί-

1931 570 2036 641 53
2065 586 2164 627 eos
2197 572 2292 642 qui
2328 586 2360 628 e
2396 580 2544 626 terra
2574 568 2784 641 sumpti
2815 575 2968 633 sunt,
2993 574 3050 623 et
3073 565 3278 638 quibus
3313 578 3518 636 corpus

1929 677 1960 717 e
1991 670 2140 717 terra
2173 669 2458 731 sumptum
2491 660 2679 727 alitur,
2713 658 3045 720 admisisset,
3079 671 3184 711 nec
3218 669 3343 710 cum
3377 669 3516 725 qut-

1929 754 2184 825 draginta
2225 753 2370 820 dies,
2408 754 2554 810 sicut
2595 754 2773 810 Moses
2804 736 2861 808 et
2895 751 3066 815 Elias,
3100 749 3426 819 jejunasset-,
3461 745 3518 801 in

1929 846 2133 903 famem
2189 845 2514 913 incidisset,
2578 861 2813 916 corpore
2872 843 3134 900 videlicet
3189 840 3520 895 alimentum

1930 955 2096 997 suum
2144 946 2499 1012 exposcente.
2557 937 2673 995 Nec
2734 945 3004 1010 praeterea
3049 934 3292 990 Joannes
3344 929 3519 1001 ipsius;

1930 1032 2238 1103 discipulus
2260 1031 2331 1089 de
2361 1032 2483 1104 ipso
2513 1030 2764 1087 scribens
2791 1029 3023 1084 dixisset
3048 1049 3062 1081 :
3097 1046 3116 1079 ι
3141 1025 3304 1082 Jesus
3331 1027 3520 1077 autem

1929 1123 2192 1195 fatigatus
2229 1139 2298 1179 ex
2336 1123 2538 1179 itinere
2573 1120 2804 1179 sedebat
2844 1121 2911 1172 ".
2945 1137 2964 1170 ι
3015 1113 3130 1173 Nec
3170 1116 3304 1171 item
3348 1110 3521 1169 David

1931 1216 2001 1273 de
2037 1231 2106 1273 eo
2139 1216 2485 1288 praedixisset
2518 1234 2534 1272 :
2575 1236 2594 1269 ι
2620 1216 2690 1272 Et
2727 1229 2897 1286 super
2936 1211 3186 1268 dolorem
3228 1208 3522 1264 vulnerum

1932 1323 2187 1365 meorum
2227 1308 2567 1366 addiderunt
2598 1309 2666 1363 ⁸ο.
2705 1326 2723 1359 ι
2763 1307 2879 1365 Nec
2912 1304 3104 1380 Lazari
3141 1318 3308 1358 causa
3342 1302 3523 1372 lacry-

1933 1414 2050 1455 mas
2098 1399 2354 1464 fudisset,
2387 1414 2492 1454 nec
2538 1397 2823 1469 sanguinis
2859 1404 3047 1469 guttas
3087 1395 3310 1451 sudoris
3352 1393 3527 1448 instar

1933 1490 2242 1557 emisisset;
2263 1505 2367 1545 nec
2386 1489 2618 1544 dixisset
2642 1505 2655 1541 :
2687 1506 2705 1539 ι
2730 1486 2934 1541 Tristis
2953 1492 3038 1541 est
3061 1482 3244 1540 anima
3264 1497 3387 1536 mea
3406 1481 3473 1545 “;
3500 1497 3517 1531 ι

1933 1597 2038 1638 nec
2079 1580 2321 1652 denique
2367 1579 2477 1636 icto
2527 1578 2704 1650 ipsius
2751 1576 2928 1631 latere
2970 1572 3197 1645 sanguis
3239 1586 3348 1626 una
3399 1585 3524 1624 cum

1934 1686 2076 1742 aqua
2131 1671 2377 1727 exiisset.
2426 1668 2556 1724 Huc
2612 1667 2762 1724 enim
2819 1672 3020 1722 cuncta
3073 1661 3261 1718 carnis
3305 1675 3336 1716 e
3379 1666 3528 1714 terra

1936 1769 2171 1833 sumptas
2216 1767 2540 1833 argumenta
2587 1765 2739 1824 sunt,
2780 1772 2948 1829 quam
2982 1756 3040 1811 in
3074 1770 3134 1811 se
3173 1749 3527 1817 instauravit,

242 1842 542 1914 λημμίνης,
581 1845 648 1914 ἢν
695 1845 795 1907 εἰς,
821 1845 984 1898 αὐτὸν
1034 1842 1553 1911 ἀνεκεφαλαιὼσατο
1598 1843 1658 1897 τὸ
1701 1844 1832 1898 ίδιον

1936 1863 1998 1910 ut
2036 1831 2301 1926 figmento
2340 1867 2444 1909 suo
2495 1852 2733 1908 salutem
2776 1849 3020 1904 afferret.
3057 1876 3129 1888 —
3153 1843 3433 1915 Ejusdem,
3464 1853 3531 1895 ex

244 1934 459 2004 πλάσμα
492 1935 703 1999 σώζων.
727 1965 800 1975 —-
822 1934 950 1990 Τοῦ·
966 1934 1157 1990 αὐτοῦ
1193 1935 1262 1989 ἐκ
1281 1935 1389 1990 τοῦ
1408 1936 1597 1991 αὑτοῦ
1619 1937 1830 2006 λόγου.

247 2024 447 2095 Ὠσπερ
493 2025 605 2095 γὰρ
636 2026 723 2079 διὰ
770 2026 872 2097 τῆς
915 2027 1203 2097 παρακοῆς
1235 2023 1332 2080 τοῦ
1380 2024 1500 2089 ἐνὸς
1542 2025 1831 2098 ἀνθρώπου

243 2118 329 2172 τοῦ
353 2119 589 2189 πρώτως
616 2121 681 2174 ὲκ
714 2121 824 2191 γῆς
853 2121 1195 2192 ἀνεργάστου
1230 2123 1619 2193 πεπλασμένου
1648 2101 1833 2194 ἁμαρ.

241 2211 398 2265 τωλοὶ
443 2212 872 2283 κατεστάθησαν
910 2215 961 2267 οἱ
1013 2214 1196 2268 πολλοὶ
1222 2257 1239 2282 ,
1286 2215 1382 2269 καὶ¹
1425 2214 1700 2271 ἀπέϐαλον
1733 2216 1834 2287 τὴν

243 2299 379 2373 ζωήν
407 2321 419 2333 υ
455 2301 635 2367 οὕτως
673 2303 781 2358 ἔδει
822 2308 918 2358 καὶ
944 2304 1012 2359 δι’
1063 2305 1316 2378 ὑπακοῆς
1349 2305 1468 2370 ἑνὸς
1509 2305 1830 2379 ἀνθρώπου,

241 2392 329 2445 τοῦ
356 2394 593 2464 πρώτως
618 2397 684 2448 ὲκ
729 2395 1004 2468 παρθένου
1032 2399 1403 2467 γεγενημένου
1430 2435 1446 2460 ,
1475 2397 1835 2466 δικαιωθῆναι

242 2485 481 2560 πολλοὺς,
507 2487 604 2539 καὶ
636 2485 932 2540 ἀπολαϐεῖν
955 2487 1055 2559 τὴν
1083 2487 1383 2560 σωτηρίαν.
1407 2519 1476 2530 ——
1508 2488 1618 2543 Τοῦ
1643 2487 1833 2542 αὐτοῦ

238 2576 304 2630 ἐκ
339 2578 446 2632 τοῦ
483 2578 674 2632 αὑτοῦ
708 2579 917 2648 λόγου.
961 2579 1104 2648 Ἐγὼ
1128 2576 1277 2634 εἶπαο
1316 2599 1336 2632 ι
1373 2581 1495 2633 Υἱοὶ
1520 2578 1632 2651 (90)
1677 2579 1833 2649 Ὑψί-

241 2683 363 2719 στου
393 2668 521 2720 ἐστὲ
571 2667 770 2731 πάντες
804 2669 900 2721 καὶ
937 2667 1090 2734 θεοὶ,
1137 2669 1299 2738 ὑμεῖς
1329 2670 1387 2723 δὲ
1435 2669 1508 2732 ὡς
1557 2668 1834 2738 ἄνθρωποι

240 2759 632 2830 ἀπθνήσκετε.
672 2779 690 2811 ι
726 2759 915 2814 Ταῦτα
941 2761 1088 2828 λέγει
1118 2760 1232 2833 (91)
1269 2761 1406 2833 πρὸς
1425 2762 1552 2824 τοὺς
1582 2761 1658 2831 μὴ
1680 2761 1836 2827 δεξα-

243 2851 434 2918 μένους
460 2851 560 2921 τὴν
585 2851 795 2921 δωρεὰν
819 2852 920 2921 τῆς
953 2852 1228 2916 υἱοθεσίας
1254 2893 1269 2916 ,
1315 2853 1430 2906 ἀλλ’
1463 2852 1834 2921 ἀτιμάζοντας

240 2939 332 3011 τὴν
378 2943 663 3011 σάρκωσιν
710 2943 811 3012 τῆς
863 2944 1114 3015 καθαρᾶς
1164 2945 1472 3014 γεννήσεως
1508 2943 1605 2998 τοῦ
1656 2945 1833 3013 Λόγου

239 3033 327 3085 τοῦ
361 3033 523 3100 Θεοῦ,
563 3035 660 3088 καὶ
701 3035 1262 3106 ἀποστεροῦντας-τὸν
1290 3035 1582 3105 ἄνθρωπον
1618 3036 1838 3111 τῆςβίς

1935 1945 2116 2000 eodem
2148 1945 2282 1999 libro
2310 1946 2356 1977 “
2415 1941 2894 2011 Quemadmodum
2923 1939 3070 1994 enim
3099 1951 3200 2007 per
3228 1933 3398 1989 unius
3429 1931 3534 1985 ho-

1933 2037 2102 2093 minis
2133 2052 2203 2093 ex
2237 2036 2364 2091 rudi
2404 2043 2552 2091 terra
2580 2034 2696 2089 ﬁcti
2729 2028 3168 2088 inobedientiam
3208 2031 3533 2096 peccatores

1935 2131 2098 2186 multi
2135 2129 2426 2186 constituti
2470 2127 2694 2193 sunt”,
2737 2125 3019 2194 vitamque
3064 2119 3371 2175 amiserunt
3403 2131 3417 2169 :
3456 2113 3534 2169 ita

1935 2225 2104 2279 etiam
2139 2220 2532 2284 conveniebat,
2567 2227 2630 2275 ut
2670 2232 2772 2289 per
2811 2215 2979 2271 unius
3010 2210 3256 2268 hominis
3290 2208 3533 2279 primum

1934 2331 2003 2370 ex
2043 2313 2267 2385 Virgine
2312 2309 2590 2383 procreati
2639 2306 3014 2365 obedientiam
3060 2300 3220 2358 multi
3264 2298 3536 2371 justitiam

1935 2411 2440 2476 consequerentur,
2471 2417 2537 2457 ac
2565 2401 2801 2466 salutem
2826 2401 3240 2467 recuperarent.
3271 2420 3344 2432 -—
3368 2389 3536 2460 Ejus—

1935 2499 2076 2561 dem,
2118 2513 2182 2551 ex
2223 2496 2402 2550 eodem
2448 2493 2580 2549 libro
2610 2494 2676 2545 ’⁸.
2727 2490 2879 2561 «Ego
2917 2487 3072 2542 dixi:
3103 2483 3230 2540 Filii
3268 2478 3537 2537 Altissimi

1936 2590 2073 2645 estis
2102 2604 2320 2653 omnes,
2359 2596 2414 2642 ct
2456 2586 2573 2642 dii:
2610 2599 2712 2639 vos
2748 2591 2933 2638 autem
2975 2587 3037 2634 ut
3071 2577 3328 2634 homines
3364 2573 3538 2629 mori-

1935 2683 2076 2737 mini
2105 2682 2173 2735 ’⁸.
2210 2699 2229 2734 ι
2265 2680 2389 2736 Hac
2416 2679 2527 2733 illis
2553 2677 2711 2741 dicit,
2734 2674 2828 2745 qui
2857 2669 3174 2742 adoptionis
3196 2681 3404 2723 munus
3425 2679 3546 2719 non-

1936 2781 2296 2845 acceperunt,
2326 2772 2424 2828 sed
2448 2785 2600 2841 purae
2624 2768 2791 2823 Verbi
2818 2765 2918 2820 Dei
2946 2759 3323 2835 generationis
3354 2757 3538 2812 incar-

1935 2869 2220 2923 nationem
2277 2871 2665 2936 aspemantur,
2735 2857 3062 2926 hominique
3120 2865 3412 2908 ascensum
3471 2846 3540 2902 ad

1937 2961 2114 3014 Deum
2137 2958 2408 3027 eripiunt,
2444 2971 2508 3009 ac
2537 2954 2638 3009 Dei
2672 2951 2858 3008 Verbo
2874 2949 3132 3018 ipsorum
3159 2958 3326 3000 causa
3355 2942 3541 2996 incar-

1937 3058 2070 3106 nato
2128 3049 2376 3120 ingratos
2420 3062 2479 3102 se
2533 3044 2803 3115 praebent.
2853 3041 3161 3110 Propterea
3223 3033 3333 3106 54
3391 3031 3541 3087 enim

241 3122 368 3177 Θεδν
425 3126 664 3191 ἀνόδου,
713 3127 810 3178 καὶ
857 3126 1293 3197 ἀχαριστοῦντας
1338 3125 1416 3198 τῷ
1465 3126 1606 3196 ὑπὲρ
1655 3127 1833 3181 αὐτῶν

1938 3141 2183 3199 Verbum
2215 3141 2327 3212 (97)
2359 3136 2502 3211 (Dei)
2533 3145 2618 3193 est
2651 3129 2842 3197 homo,
2873 3140 2936 3188 ut
2969 3132 3138 3186 homo
3173 3126 3420 3221 Verbum
3447 3138 3542 3221 ea-

244 3217 586 3287 σαρκωθέντι
631 3218 792 3288 Λόγῳ
823 3217 920 3272 τοῦ
953 3217 1110 3273 Θεοῦ.
1159 3219 1256 3282 Εἰς
1309 3218 1468 3272 τοῦτο
1507 3219 1617 3290 γὰρ
1657 3219 1686 3270 6
1729 3217 1835 3272 Λό-

1936 3235 2117 3306 piens,
2139 3233 2609 3303 adOptionemquc
2635 3233 2992 3289 consecutus,
3047 3221 3192 3276 ﬁlius
3218 3219 3316 3274 Dei
3339 3214 3542 3272 cilicia-

241 3324 329 3377 γος
359 3311 476 3380 (92)
523 3310 844 3382 ἄνθρωπος,
881 3311 969 3364 ἵνα
1019 3313 1047 3364 ὁ
1099 3311 1389 3383 ἄνθρωπος
1435 3312 1698 3381 χωρήσας
1745 3310 1833 3364 τὸν

1937 3336 2049 3382 tur.
2093 3355 2165 3364 —
2211 3322 2491 3393 Ejusdem,
2522 3337 2586 3375 ea:
2645 3319 2826 3373 eodem
2874 3315 3007 3370 libro
3045 3315 3110 3367 ’⁸.
3161 3312 3299 3367 Cum
3359 3310 3546 3378 itaque

240 3403 407 3471 Λόγον
445 3403 564 3473 (93)
588 3445 604 3464 ,
634 3404 728 3457 καὶ
769 3405 869 3472 τὴν
899 3402 1175 3457 υἱοθεσίαν
1220 3402 1427 3467 λασὼν,
1468 3403 1583 3466 υἱὸς
1614 3402 1833 3471 γένηται

1939 3414 2182 3485 Spiritus
2202 3411 2489 3484 praafinita:
2517 3405 2949 3479 dispensationis
2973 3418 3140 3459 causa
3169 3398 3544 3460 descenderit,

240 3494 392 3548 Θεοῦ.
421 3525 496 3534 --
530 3495 642 3548 Τοῦ
659 3495 848 3549 αὐτοῦ
868 3494 939 3549 ἐκ
965 3495 1068 3550 τοῦ
1084 3494 1272 3549 αὐτοῦ
1294 3495 1647 3568 λόγου..Τοῦ
1673 3494 1833 3547 Πνεῦ-

1943 3507 1958 3527 ’
2001 3511 2170 3574 atque
2223 3503 2543 3574 unigenitus
2581 3499 2679 3555 Dei
2737 3497 2942 3560 Filius,
2992 3493 3089 3565 qui
3149 3493 3319 3546 etiam
3366 3489 3548 3544 Patris

243 3582 542 3652 ματος.οὗν
586 3585 940 3650 κατελθόντος
973 3587 1062 3640 διὰ
1098 3586 1197 3657 τὴν
1249 3586 1670 3656 προωρισμὲνην
1696 3588 1833 3639 οἰκο-

1942 3597 2186 3653 Verbum
2239 3605 2358 3658 est,
2410 3594 2670 3649 veniente
2719 3589 2986 3660 temporis
3036 3583 3386 3656 plenitudine
3433 3581 3545 3652 (98)

240 3675 450 3742 νομίαν,
491 3675 590 3728 καὶ
617 3675 712 3728 τοῦ
762 3673 895 3728 Υίοῦ
939 3673 1037 3728 τοῦ
1080 3673 1218 3727 Θεοῦ
1271 3670 1630 3743 μονογενοῦς,
1659 3670 1717 3736 ὃς
1749 3671 1833 3725 κα)

1946 3688 2223 3759 (hominis
2273 3686 2476 3758 causa)
2540 3686 2597 3740 in
2653 3684 2882 3740 homine
2939 3682 3258 3736 incarnatus
3323 3676 3432 3738 sit,
3492 3686 3548 3729 et

239 3769 407 3837 Λόγος
439 3770 567 3822 ἐστὶ
603 3769 700 3822 τοῦ
749 3767 967 3838 Πατρδς
989 3809 1005 3833 ,
1042 3766 1295 3830 ἐλθόντος
1330 3762 1426 3818 τοῦ
1474 3763 1833 3836 πληρώματος

1946 3780 2215 3835 Dominus
2251 3786 2440 3833 noster
2479 3776 2642 3832 Jesus
2669 3775 2949 3838 Christus,
2979 3771 3074 3843 qui
3117 3785 3261 3825 unus
3307 3775 3364 3823 et
3401 3765 3545 3821 idem

239 3861 329 3914 τοῦ
387 3861 594 3931 χρόνου
618 3905 633 3926 ,
686 3857 1063 3932 σαρκωθέντος
1119 3861 1177 3913 ἐν
1225 3857 1502 3929 ἀνθρώπῳ
1542 3855 1655 3928 (94)
1676 3895 1690 3918 ,
1752 3854 1833 3909 καλ

1946 3877 2062 3935 est,
2109 3870 2407 3924 humanam
2467 3882 2690 3923 omnem
2751 3863 3291 3935 administrationem
3357 3858 3548 3928 exple-

239 3956 415 4008 πᾶσαν
451 3955 557 4023 τὴν
602 3952 725 4006 κατ’
758 3950 1048 4022 ἄνθρωπον
1089 3951 1406 4020 οἰκονομίαν
1449 3946 1833 4019 ἐκπληρώσαν·

1949 3951 2112 4027 verit,
2157 3959 2624 4032 quemadmodum
2653 3967 2709 4015 et
2740 3960 2857 4029 ipse
2895 3957 3166 4012 Dominus
3206 3959 3465 4015 testatur,
3494 3957 3548 4005 et

238 4061 324 4107 τος
366 4045 465 4098 τοῦ
499 4043 714 4114 Κυρίου
746 4043 904 4114 ήμῶν
966 4042 1142 4114 Ἰησοῦ
1183 4040 1420 4111 Χριστοῦ
1447 4039 1582 4113 (95),
1613 4039 1730 4104 ἑνὸς
1756 4040 1833 4094 κα¹

1951 4055 2186 4126 apostoli
2216 4055 2571 4120 conﬁtentur,
2607 4062 2664 4108 et
2703 4052 2988 4124 prophetae
3026 4047 3349 4119 praedicant,
3387 4043 3552 4099 falsas

237 4135 326 4188 τοῦ
374 4134 550 4190 αὑτοῦ
580 4135 764 4200 ὄντος,
791 4137 867 4200 ὡς
900 4135 1064 4199 αὐτὸς
1099 4138 1128 4187 6
1166 4133 1372 4203 Κύριος
1415 4134 1714 4204 μαρτυρεῖ,
1758 4133 1833 4186 κα⁴

1953 4163 2146 4203 eorum
2199 4147 2482 4203 doctrinas
2534 4160 2656 4201 esse
2710 4150 2957 4208 constat,
3005 4139 3101 4211 qui
3146 4136 3456 4209 ogdoadas,
3497 4140 3551 4189 et

236 4225 282 4276 oi
329 4226 634 4278 ἀπόστολοι
689 4225 1042 4295 ὁμολογοῦσι,
1085 4223 1179 4277 καὶ
1214 4225 1265 4277 οἱ
1317 4223 1592 4294 προφῆται
1647 4222 1833 4294 κηρύτ-

1955 4240 2382 4309 quaterniones,
2446 4248 2502 4294 et
2571 4246 2900 4308 apparentes
2960 4232 3173 4304 species
3250 4223 3550 4284 commenti

237 4333 381 4371 τουσι
408 4358 424 4380 ,
465 4317 695 4387 ψευδεῖς
746 4317 1150 4388 ἀπεδείχθησαν
1194 4318 1366 4370 πᾶσαι
1412 4316 1468 4368 αί
1514 4313 1854 4368 διδασκαλίαι
1958 4338 2106 4384 sum_

238 4407 340 4460 τῶν
379 4409 484 4473 τὰς
518 4408 786 4476 ὁγδοὰδας
807 4449 822 4473 ,
857 4410 951 4462 καὶ
975 4407 1264 4478 τετράδας,
1291 4408 1387 4461 καὶ
1415 4407 1670 4478 δοκήσεις
1712 4423 1855 4478 παρ-

237 4497 646 4572 εξευρηκὸτων.
1888 4505 1934 4560 D

245 4611 352 4666 Τοῦ
390 4613 583 4682 ἁγίου
630 4610 995 4665 Ἱππολύτου
1019 4609 1357 4664 ἐπισκόπου
1393 4609 1492 4662 καὶ
1519 4609 1833 4678 μάρτυρος⁴

2172 4609 2354 4664 Sancti
2388 4609 2662 4681 Hippolyti
2717 4609 2944 4679 episcopi
2970 4616 3017 4660 et
3061 4605 3337 4674 martyris.

319 4727 417 4780 ἐκ
444 4725 568 4796 (96)
607 4725 714 4779 τοῦ
741 4726 929 4794 λόγου
950 4722 1061 4777 τοῦ
1087 4724 1177 4788 εις
1197 4723 1287 4788 τὸ,
1306 4741 1323 4774 ι
1345 4721 1548 4793 Κύριος
1571 4721 1828 4792 ποιμαίνε

2029 4724 2114 4779 Ea:
2155 4726 2397 4779 oratione
2429 4726 2483 4778 in
2537 4723 2693 4789 illud,
2739 4741 2755 4773 ι
2798 4722 3068 4778 Dominus
3101 4716 3279 4789 pascit
3313 4730 3400 4769 me
3429 4714 3494 4766 "'.
3530 4730 3547 4762 ι

245 4835 328 4889 με.
371 4838 392 4872 ι
434 4819 556 4872 Καὶ
606 4815 839 4880 κιϐωτὸς
877 4815 936 4868 δὲ
969 4817 1034 4868 ἐκ
1073 4813 1250 4881 ξύλων
1285 4814 1547 4884 ἀσήπτων
1592 4813 1754 4876 αὐτὸς
1782 4808 1833 4885 ἦς

1956 4815 2132 4870 Porro
2181 4824 2365 4870 autem
2411 4830 2539 4870 arca
2586 4829 2654 4869 ex
2685 4811 2851 4882 lignis
2903 4826 3025 4880 quae
3071 4816 3393 4879 putrescere
3440 4817 3549 4856 non

308 4959 352 5030 '_'
384 4959 554 5015 Joan.
617 4956 828 5030 tv,_6._
887 4956 934 4987 ¹⁹
965 4955 1104 5030 Psal.
1155 4955 1456 5030 πνοιὴ-ξιξ.
1519 5025 1532 5030 _
1565 4955 1612 4986 ’ί
1639 4954 1832 5030 Matth.

1934 4975 2004 5026 vr,
2039 4958 2127 5014 28.
2241 4960 2286 4989 "
2313 4957 2448 5030 Cap.
2476 4956 2566 5011 20.
2680 4956 2724 4987 ⁸³
2748 4955 2910 5010 Rom.
2946 4968 2999 5018 v,
3027 4950 3114 5004 19.
3228 4948 3276 4980 ’⁸
3302 4945 3435 5016 Cap.
3462 4942 3552 4996 21.

244 5045 286 5080 ac
317 5028 407 5085 Ps.
451 5043 654 5092 Lxxn,
701 5028 755 5093 6,
797 5027 849 5081 7.
928 5030 974 5059 ¹⁴¹
1007 5026 1142 5096 Cap.
1168 5026 1258 5080 19.

312 5147 424 5209 (89)
462 5147 535 5200 ἂν
579 5144 703 5206 τάς.
745 5141 850 5197 Ed.
883 5141 1054 5198 Grab.
1081 5142 1288 5204 αὑτάς.

309 5211 423 5290 (90)
456 5218 579 5290 υἱοὶ
619 5212 1112 5290 -θεοίῌῐιινετξσ
1147 5213 1342 5267 ordine
1375 5211 1849 5290 hazcallegantur.
1963 5209 2144 5290 (ἰπνῷ...
2171 5209 2239 5290 ad
2274 5209 2332 5290 h_.

309 5267 421 5358 (9U
457 5267 645 5354 λέγει.
697 5267 1241 5358 _Ex_cidisse_videtur
1270 5267 1727 5358 pa_r_ticula._N_3m
1760 5296 1856 5336 ve-
1977 5350 1997 5358 Α
2026 5280 2161 5358 (QQ
2186 5281 2243 5330 ὲν
2300 5278 2456 5347 ἀνθρ.
2497 5277 2664 5330 Vetus
2701 5275 2977 5344 interpres
3021 5270 3153 5342 legit
3186 5272 3243 5324 ὲν
3285 5267 3551 5341 evomam,

245 5349 329 5411 tus
364 5349 661 5428 interpres
697 5353 886 5428 habet.
924 5373 940 5404 ι
967 5354 1047 5428 ᾼά
1083 5370 1166 5408 eos
1197 5349 1493 5406 indubitate
1528 5351 1693 5428 dicit._
1726 5371 1742 5401 ι

1971 5349 2378 5428 εειῖᾇγθρευποὲ-

311 5428 424 5498 (92)
463 5430 495 5481 6
524 5414 752 5498 ’Λόγος.
788 5425 968 5498 Juxta
989 5425 1351 5498 interpretem
1387 5430 1647 5498 ve_tc_rer_n_
1681 5422 1833 5498 legen

1973 5414 1989 5422 ’
2044 5414 2286 5498 (ἓξ)
2317 5419 2441 5498 Des.-
2481 5417 2536 5470 in
2569 5416 2702 5498 adit-
2739 5414 2952 5498 tittibil-

246 5479 496 5554 du‘n‘lﬂest
547 5479 580 5549 δ
618 5479 793 5563 Λόγος
833 5493 994 5567 Θεοῦ,
1026 5479 1340 5567 ἄνθρωπος,
1379 5493 1473 5545 καὶ
1500 5492 1526 5543 6
1561 5491 1694 5553 Υἱὸς
1730 5479 1828 5543 Θεο

2043 5479 2154 5561 (96)
2193 5479 2310 5544 Alia
2363 5486 2532 5542 etiam
2569 5485 2844 5555 Hippolyti
2904 5483 3210 5554 fragmenta
3247 5482 3305 5534 in
3362 5479 3492 5534 dial.
3526 5479 3561 5533 Ξ

247 5570 353 5624 υἱός
382 5567 694 5637 ἀνθράκων
714 5563 1007 5637 ἐγεννήῂε
1077 5631 1104 5637 -
1133 5563 1141 5567 v
1175 5631 1190 5637 -
1217 5633 1249 5637 --
1347 5632 1357 5637 -
1443 5632 1451 5637 -
1490 5631 1500 5637 -
1718 5631 1727 5637 -

1971 5567 2290 5637 occurrunt.

313 5619 439 5709 (93)
466 5619 620 5709 ξωρ.
651 5653 702 5689 τ.
746 5619 1032 5709 ΛόγξΕδ.
1067 5631 1276 5709 Grabii,
1312 5631 1560 5709 τὸν-ᾼὸγ.
1585 5631 1833 5709 χωρήσας

2207 5629 2315 5709 ,Πεὶ
2351 5628 2504 5682 abest
2539 5623 3101 5709 ab‘interprletatione
3135 5619 3558 5709 Lat:.StrigbeAli_i.

247 5689 422 5764 ιέιὶιέ
445 5689 739 5775 ἱῖιιέηπεε
796 5689 1022 5775 habet,_
1048 5689 1349 5775 commata;
1400 5689 1563 5775 ῑξενζξο
1587 5689 1868 5775 ’Βεῖίὸθιζ
2200 5702 2339 5754 Ιιοηι.
2377 5715 2558 5753 causa.
2599 5696 2765 5751 Abest
2794 5689 2884 5750 ἐι)
2934 5691 3390 5764 interpretatione
3425 5689 3562 5744 Stri-

253 5791 354 5835 ncn
387 5780 515 5835 sine
553 5769 727 5833 causa
766 5792 797 5830 a
835 5772 1025 5842 phrasi
1063 5771 1153 5826 illa
1199 5771 1466 5828 abstinuit
1497 5770 1716 5834 Noster,
1768 5769 1869 5824 etsi
1976 5770 2122 5843 gelii.

1565 4955 1612 4986 ’ί
1639 4954 1832 5012 Matth.
1859 4974 2004 5026 xxvr,
2039 4958 2127 5014 28.

1335 5027 1379 5057 ’⁷
1411 5025 1556 5081 Psal.
1584 5041 1713 5079 xm.
1745 5027 1796 5080 1.

1967 5138 2405 5262 ἓέῗιιιῃὲιιξιὶιιιῗ
2440 5136 2746 5197 ειὶοπινοιι
2769 5131 3029 5220 χωρήςας
3063 5129 3404 5201 displiceret.
3430 5127 3555 5183 Vid.
