4112 6374
549 367 624 429 1⁵7
1545 353 2030 420 TlIEODORETI
2074 354 2412 416 EPISCOPI
2451 353 2816 416 CYRENSIS
3757 355 3835 421 88

559 483 833 548 poterant,
863 485 984 534 erat
1009 474 1124 544 ipse
1156 469 1428 540 Salvator.
1469 471 1572 524 Per
1595 469 1738 524 hanc
1763 469 1911 523 enim
1948 476 2142 538 putre-

2254 466 2277 518 ὑ
2319 467 2531 538 Σωτήρ.
2585 464 2659 518 Τὸ
2704 465 2812 537 γὰρ
2857 463 3104 536 ἄσηπτον
3151 463 3317 520 αὑτοῦ
3353 463 3451 520 καὶ
3506 462 3835 538 ἀδιάφθορον

551 569 705 630 diuis
735 575 793 626 et
818 563 1192 636 corruptionis
1236 577 1434 634 expers
1464 562 1584 631 ejus
1616 559 2034 616 tabernaculum
2061 559 2136 614 si-

559 657 936 734 gniﬁcabatur,
957 653 1113 728 quod
1146 653 1365 709 nullam
1396 650 1606 723 peccati
1641 648 1994 720 putredinem
2040 664 2136 721 ge-

559 749 700 806 nuit.
764 746 903 804 Nam
966 746 1063 816 qui
1130 743 1400 815 peccavit,
1474 739 1772 798 confitetur
1836 748 1894 797 et
1956 739 2136 796 dicit:

560 858 584 896 ε
618 839 964 894 Putruernnt
992 843 1049 891 et
1093 842 1366 904 corrupta:
1399 839 1536 887 sunt
1578 829 1865 886 cicatrices
1893 845 2029 886 mea
2067 831 2140 884 ob

524 925 930 998 insipientiam
960 940 1139 982 meam
1165 922 1231 978 ⁸⁸.
1265 941 1292 977 γι
1332 921 1600 980 Dominus
1639 929 1825 976 autem
1849 936 1881 975 a
1913 927 2140 990 peccato

559 1019 770 1075 alienus
824 1025 963 1083 erat,
1015 1024 1072 1072 et
1107 1031 1176 1072 ex
1224 1013 1388 1087 lignis
1433 1011 1824 1085 putrefactioni
1872 1026 1984 1066 non
2036 1011 2138 1064 ob-

557 1110 735 1165 noxiis
766 1107 1072 1165 secundum
1095 1105 1397 1173 hominem,
1430 1106 1539 1174 hoc
1563 1114 1670 1168 est,
1713 1121 1779 1161 ex
1821 1103 2044 1176 Virgine
2084 1111 2142 1158 et

558 1199 662 1272 55
688 1197 898 1270 Spiritu
951 1206 1164 1265 sancto,
1201 1196 1350 1255 intus
1390 1204 1448 1254 et
1495 1194 1631 1252 foris
1661 1203 1920 1265 tanquam
1954 1193 2140 1264 puris-

453 1305 458 1308 '
558 1291 699 1347 simo
720 1289 889 1348 Verbi
925 1291 1024 1347 Dei
1057 1305 1194 1346 auro
1224 1289 1638 1344 circumtectus.
1669 1319 1738 1328 --
1759 1287 2048 1359 Ejusdem,
2077 1303 2140 1340 ea:

559 1397 800 1437 sermone
847 1383 901 1437 in
941 1381 1236 1437 Hetcanam
1274 1389 1323 1435 et
1361 1381 1597 1437 Annam.
1636 1381 1756 1435 Duc
1793 1379 1951 1445 mihi,
1983 1394 2016 1434 ο
2042 1378 2142 1434 Sa~

559 1473 727 1538 muel,
754 1473 810 1528 in
840 1473 1122 1528 Bethleem
1165 1475 1481 1545 iuvencam,
1511 1481 1572 1528 ut
1618 1487 1798 1546 regem
1837 1487 1905 1526 ex
1940 1471 2142 1526 Davide

558 1571 768 1630 natum,
800 1572 856 1619 et
886 1564 1037 1619 hunc
1075 1579 1107 1619 a
1136 1563 1299 1618 Patre
1329 1577 1512 1635 regem
1540 1572 1596 1618 et
1655 1561 1998 1618 sacerdotem
2037 1575 2142 1615 un-

557 1662 708 1709 ctum
736 1653 1016 1710 ostendas.
1059 1684 1130 1694 -——
1158 1653 1436 1723 Ejusdem,
1462 1667 1527 1705 ea:
1548 1653 1726 1707 eodem
1752 1667 2015 1707 sermone.
2045 1651 2142 1708 Dic

559 1746 717 1813 mihi,
753 1747 982 1804 o’beata
1023 1746 1208 1811 Maria,
1240 1745 1375 1816 quid
1405 1751 1526 1802 erat
1564 1758 1595 1798 a
1631 1753 1685 1800 te
1736 1745 1790 1800 in
1820 1754 1980 1800 utero
2006 1760 2139 1800 con-

2246 559 2444 630 σκῆνος
2470 557 2644 628 ταύτῃ
2677 556 3112 627 κατηγγέλλετο,
3162 558 3224 611 τὸ
3267 557 3543 630 μηδεμίαν
3579 557 3840 627 ἁμαρτή-

2247 666 2414 720 ματος
2443 648 2713 720 σηπεδόνα
2744 647 2941 717 φῦσαν.
2991 650 3048 703 '0
3081 649 3190 720 γὰρ
3216 649 3542 721 ἁμαρτήσας
3564 687 3580 714 ,
3617 646 3714 701 καὶ
3749 645 3840 711 ἰξ-

2243 742 2675 815 ομολογούμενός
2695 759 2828 813 φησι
2851 759 2865 773 ο
2908 759 2926 793 ι
2957 742 3323 813 Προσώζεσαν
3351 742 3448 795 καὶ
3479 741 3766 811 ὲσάπησαν
3784 741 3840 791 οἱ

2249 834 2520 906 μώλωπες
2551 851 2654 905 μου
2696 833 2806 888 ἀπὸ
2847 831 3144 904 προσώπου
3175 833 3275 901 τῆς
3307 831 3623 903 ἀφροσύνης
3654 847 3774 902 μου.
3810 848 3834 880 ι

2254 927 2312 980 ⁸0
2353 926 2410 980 δὲ
2439 923 2644 997 Κύριος
2674 925 3061 997 ἀναμάρτητος
3097 919 3187 993 ἦν,
3222 925 3285 976 ὲκ
3316 923 3423 976 τῶν
3456 925 3720 993 ἀσήπτων
3748 921 3843 989 ξύ-

2241 1018 2351 1071 λων
2380 1016 2443 1071 τὸ
2472 1017 2617 1072 κατὰ
2646 1018 2956 1090 ἄνθρωπον,
2997 1003 3296 1079 τουτέστιν,
3324 1017 3388 1068 ὲκ
3421 1016 3516 1085 τῆς
3556 1014 3844 1086 Παρθένου

2244 1110 2338 1165 καὶ
2374 1109 2470 1164 τοῦ
2510 1110 2667 1179 ἀγίου
2699 1109 3046 1181 Π-νεύματος,
3096 1107 3299 1162 ἔσωθεν
3355 1107 3450 1161 καὶ
3497 1106 3699 1171 ἔξωθεν
3738 1107 3843 1162 τοῦ

2244 1200 2419 1270 Λόγου
2468 1200 2563 1255 τοῦ
2607 1200 2744 1255 Θεοῦ
2775 1195 2863 1254 οἷα
2894 1198 3268 1272 καθαρωτάτῳ
3300 1198 3509 1272 χρυσίῳ
3545 1215 3848 1270 περικεκα-

2245 1292 2541 1363 λυμμένος.
2571 1321 2642 1333 —-
2677 1291 2793 1348 Τοῦ
2814 1295 3001 1349 αὑτοῦ
3025 1295 3093 1348 ἐκ
3123 1293 3230 1347 τοῦ
3265 1295 3453 1361 λόγου
3483 1293 3590 1347 τοῦ
3619 1293 3707 1357 είς
3728 1291 3845 1346 τὸν

2257 1382 2560 1438 Ἐλκανᾶν
2599 1383 2696 1436 καί
2741 1384 2856 1451 τὴν
2887 1386 3135 1437 Ἅνναν.
3189 1385 3322 1451 Ἀγε
3369 1383 3432 1452 δή
3491 1399 3600 1452 μοι,
3651 1374 3695 1434 ὦ
3737 1382 3850 1434 Σα-

2249 1473 2439 1542 μουὴλ,
2474 1475 2554 1535 εἰς
2582 1473 2829 1543 Βηθλεὲμ
2861 1473 3160 1544 ἑλκομένην
3188 1476 3288 1546 τὴν
3316 1474 3569 1545 δάμαλιν,
3603 1474 3688 1526 ἵνα
3717 1475 3849 1526 ἑπι-

2242 1562 2425 1637 δείξῃς
2453 1563 2544 1617 τὸν
2575 1564 2637 1616 ὲκ
2677 1564 2841 1618 Δαϐὶδ
2872 1564 3094 1634 βασιλέα
3135 1566 3474 1636 τικτόμενον,
3525 1565 3620 1620 καὶ
3654 1562 3852 1618 τοῦτον

2247 1655 2352 1710 ὑπὸ
2401 1655 2618 1728 Πατρὸς
2667 1656 2893 1726 βασιλέα
2932 1661 3025 1712 καὶ
3071 1659 3221 1729 ίερέα
3265 1659 3576 1730 χριόμενον.
3618 1687 3688 1698 -
3736 1656 3854 1711 Τοῦ

2249 1748 2437 1802 αὑτοῦ
2467 1748 2534 1800 ἐκ
2563 1747 2670 1802 τοῦ
2705 1747 2894 1802 αὐτοῦ
2930 1750 3140 1819 λόγου.
3192 1749 3328 1802 Εἰπέ
3363 1766 3476 1818 μοι,
3511 1745 3555 1802 ῶ
3598 1748 3855 1818 μακαρία

559 1847 802 1908 ceptum,
836 1847 892 1893 et
914 1836 1045 1907 quid
1073 1852 1104 1892 a
1149 1845 1201 1894 te
1230 1837 1286 1892 in
1319 1832 1570 1910 virginali
1601 1845 1760 1893 utero
1787 1836 2145 1908 gestabatur?

2254 1835 2458 1906 Μαρία,
2484 1835 2537 1888 τί
2561 1830 2630 1907 ἦν
2657 1837 2716 1889 τὸ
2747 1836 2853 1890 ὑπὸ
2881 1837 2974 1894 σοῦ
3001 1839 3057 1890 ὲν
3087 1840 3151 1908 τῇ
3184 1840 3365 1907 κοιλία
3392 1838 3849 1908 συνειλημμένον,

561 1929 800 1985 Verbum
836 1930 984 1986 enim
1015 1936 1134 1985 erat
1168 1930 1266 1986 Dei
1295 1927 1743 2002 primogenitum,
1780 1928 1848 1984 de
1882 1929 2038 1985 ctelis
2076 1929 2144 1984 ad

559 2031 608 2075 te
636 2020 1001 2088 descendens,
1037 2031 1093 2077 et
1139 2022 1305 2078 homo
1328 2022 1730 2093 primogenitus
1755 2022 1812 2076 in
1847 2030 2005 2077 utero
2029 2021 2142 2076 for-

559 2122 761 2178 matus,
792 2124 854 2170 ut
881 2114 1308 2186 primogenitum
1349 2114 1590 2170 Verbum
1640 2113 1737 2170 Dei
1785 2114 1996 2170 homini
2025 2115 2142 2185 pri-

559 2205 840 2276 mogenita
871 2205 1085 2261 unitum
1109 2206 1517 2262 ostenderetur.
1551 2236 1620 2247 --
1649 2206 1926 2277 Ejusdem,
1966 2223 2030 2260 ea:
2053 2222 2141 2261 eo-

559 2298 678 2352 dem
707 2313 966 2352 sermone.
1003 2299 1315 2354 Secundam
1345 2315 1444 2369 per
1467 2299 1788 2370 preplietas,
1827 2307 1889 2353 ut
1916 2313 2016 2369 per
2049 2297 2145 2353 Sa—

559 2389 816 2454 muelem,
852 2405 1118 2446 revocans
1146 2400 1201 2446 et
1224 2391 1466 2446 liberans
1505 2393 1767 2462 populum
1801 2406 1832 2446 a
1880 2391 2145 2445 servitute

559 2481 1010 2553 alienigenarum.
1053 2481 1296 2537 Tertiam
1327 2491 1531 2549 autem,
1561 2482 1782 2554 quando
1824 2482 2146 2536 incarnatus

558 2571 748 2627 aderat
775 2572 998 2628 homine
1027 2589 1096 2628 ex
1150 2573 1372 2643 Virgine
1404 2583 1708 2643 assumpto,
1744 2573 1838 2641 qui
1873 2579 1930 2626 et
1957 2572 2144 2625 civita-

562 2670 672 2718 tem
701 2663 1052 2732 conspicatus
1084 2662 1237 2717 ﬂevit
1264 2677 1429 2732 super
1461 2664 1656 2732 ipsam.
1687 2693 1758 2703 -—
1777 2662 2052 2732 Ejusdem,
2079 2677 2145 2713 ex

560 2771 804 2808 sermone
833 2754 888 2807 in
916 2755 1235 2824 principium
1263 2754 1440 2810 Isaiaz.
1467 2753 1699 2824 [Egypto
1725 2754 1948 2824 quidem
1984 2768 2144 2808 mun-

559 2843 691 2898 dum
746 2827 1191 2914 comparavit",
1230 2843 1555 2900 manufactis
1583 2859 1714 2900 vero
1751 2844 2141 2908 idololatriam,

561 2943 722 2989 terra:
762 2933 942 2989 motui
972 2937 988 2954 '
1010 2933 1250 3004 denique
1282 2933 1566 2989 interitum
1602 2943 1658 2989 et
1689 2935 2032 2989 eversionem
2063 2934 2147 3004 ip-

561 3023 698 3077 sius.
735 3020 1028 3078 Dominum
1066 3038 1251 3092 porro,
1303 3024 1542 3080 Verbum
1579 3023 1791 3096 (dicit):
1822 3025 2026 3079 nubem
2065 3025 2145 3078 le-

564 3129 707 3179 vem,
755 3115 1117 3185 purissimum
1148 3116 1266 3186 ejus
1306 3115 1740 3180 tabernaculum,
1792 3116 1846 3170 in
1887 3130 1997 3186 quo
2023 3131 2148 3172 con-

565 3201 754 3257 cidens
782 3201 1050 3257 Dominus
1083 3211 1272 3258 noster
1301 3204 1463 3259 Jesus
1496 3203 1752 3259 Christus
1777 3206 1833 3259 in
1857 3206 2028 3260 vitam
2062 3204 2149 3259 in~

562 3307 784 3364 gressus
817 3302 901 3352 est
934 3294 1004 3354 ad
1042 3295 1466 3353 convellendum
1489 3311 1762 3351 errorem.

601 3581 789 3638 Sancti
826 3581 1085 3638 Hethodii
1120 3585 1346 3654 episcopi
1377 3593 1425 3637 et
1464 3583 1740 3654 martyris,
1783 3597 1846 3634 ea:
1878 3598 2120 3636 sermone

1145 3655 1208 3707 de
1233 3655 1572 3725 martyribus.

637 3765 790 3820 Adeo
818 3766 967 3822 enim
1005 3767 1413 3833 admirandum,
1445 3776 1501 3822 et
1521 3783 1854 3839 magnopere
1885 3773 2157 3838 expeten-

567 3860 701 3914 dum
741 3868 826 3928 est
869 3861 1224 3932 martyrium,
1283 3868 1348 3917 ut
1397 3861 1664 3919 Dominus
1693 3860 1802 3933 58
1841 3860 1959 3933 ipse
2000 3858 2159 3916 Iesus

565 3950 846 4018 Christus,
863 3951 1039 4008 Filius
1069 3952 1191 4018 Dei,
1217 3953 1402 4024 ipsum
1426 3953 1713 4010 honorans
1734 3945 1968 4010 testatus
1997 3951 2070 4008 sit
2091 3952 2158 4016 ”,

567 4055 626 4096 se
655 4056 766 4097 non
794 4044 1043 4114 rapinam
1071 4044 1335 4100 arbitrari
1362 4060 1486 4100 esse
1518 4046 1786 4116 aqualem
1814 4045 1948 4110 Deo,
1974 4054 2036 4101 ut
2055 4043 2162 4099 hoc

567 4133 715 4190 dono
758 4134 923 4190 etiam
968 4135 1253 4193 hominem
1303 4136 1373 4192 ad
1421 4152 1585 4208 quem
1637 4136 2000 4192 descenderat
2067 4151 2160 4192 co-

569 4234 815 4282 ronaret.

601 4335 787 4394 Sancti
824 4337 1096 4394 Eustathii
1123 4340 1351 4411 episcopi
1377 4339 1687 4395 Antiocheni
1715 4347 1763 4394 et
1793 4340 2120 4408 confessoris.

640 4518 726 4573 Ea:
755 4521 1194 4590 interpretatione
1214 4517 1410 4590 psalmi
1444 4534 1532 4574 xv.
1572 4517 1739 4588 Atqui
1779 4516 2004 4588 (anima)
2027 4516 2158 4574 Jesu
2190 4524 2235 4581 ι)

572 4619 870 4680 utrumque
891 4618 1119 4680 experta
1151 4617 1256 4666 est.
1291 4609 1418 4666 Fuit
1443 4610 1591 4666 enim
1619 4617 1675 4665 et
1711 4611 1770 4665 in
1806 4609 1930 4665 loco
1959 4611 2154 4667 huma-

573 4716 768 4755 narum
811 4703 1144 4767 animarum,
1166 4710 1224 4757 et
1248 4710 1405 4757 extra
1435 4716 1657 4758 carnem
1695 4701 1995 4757 constituta
2023 4701 2160 4757 vivit

569 4801 628 4846 et
664 4799 945 4861 superstes
972 4802 1075 4848 est.
1099 4792 1333 4848 Ratione
1357 4793 1522 4864 igitur
1541 4801 1628 4847 est
1652 4792 1901 4862 praedita,
1929 4800 1986 4849 et
2009 4793 2157 4864 ejus-

572 4885 699 4938 dem
733 4899 857 4938 cum
886 4885 1175 4940 animabus
1206 4886 1494 4940 hominum
1545 4886 1887 4954 substantiae,
1932 4887 2075 4941 sicut
2104 4895 2160 4943 et

573 4991 701 5030 caro
761 4976 1247 5032 consubstantialis
1314 4978 1467 5031 carni
1536 4978 1843 5042 hominum,
1909 4993 2032 5048 qum
2092 4995 2158 5034 ex

571 5069 738 5124 Maria
772 5069 994 5138 prodiit.
1028 5100 1096 5109 —
1120 5069 1397 5140 Ejusdem,
1434 5085 1497 5122 ea:
1533 5070 1664 5124 libro
1685 5071 1761 5124 De
1790 5070 1991 5125 anima.
2016 5071 2156 5137 Quid

573 5167 757 5214 autem
811 5159 1020 5223 dicent,
1073 5161 1172 5229 qui
1213 5162 1279 5215 ad
1333 5160 1556 5216 infantis
1619 5159 2005 5215 educationem
2068 5177 2158 5217 re-

573 5252 874 5319 spexerint,
920 5252 1004 5305 vel
1025 5251 1093 5305 ad
1130 5251 1308 5305 aetatis
1351 5251 1745 5314 accessionem,
1773 5251 1857 5306 vel
1911 5251 1979 5307 ad
2029 5269 2157 5322 pro-

575 5343 890 5398 ductionem
950 5352 1282 5414 temporum,
1316 5343 1399 5397 vel
1432 5342 1500 5396 ad
1555 5344 1804 5413 corporis
1852 5344 2160 5401 incremen-

648 5500 694 5531 ³⁸
723 5499 862 5553 Psal.
894 5515 1095 5562 xxxv“,
1119 5499 1172 5554 5.
1249 5500 1294 5532 "
1328 5500 1429 5555 lsa.
1465 5516 1572 5565 xix,
1609 5501 1660 5555 l.
1737 5504 1782 5534 ⁸⁸
1816 5504 2053 5574 Philipp.
2088 5521 2145 5567 ιι,
2181 5503 2212 5558 6

578 5635 876 5763 νρξίἷὶῃξὸν
910 5641 1039 5711 My.
1068 5642 1347 5700 Excidisse
1383 5646 1600 5702 videtur
1631 5647 1808 5718 λέγει,
1845 5658 1940 5710 aut
1979 5648 2154 5703 simile

652 5778 728 5850 (1)
784 5779 900 5838 Hoc
956 5792 1039 5840 est
1102 5787 1326 5844 unicum
1379 5789 1642 5846 Methodii
1697 5788 2065 5862 fragmentum
2127 5805 2152 5842 ιι

2247 1929 2339 1981 καὶ
2375 1928 2430 1981 τί
2461 1924 2530 2000 ἦν
2564 1930 2624 1982 τὸ
2655 1929 2760 1982 om
2792 1929 2887 1982 σοῦ
2923 1929 2981 1980 ὲν
3015 1929 3319 2002 παρθενικῇ
3358 1930 3542 2002 μήτρᾳ
3578 1929 3837 2000 βασταζό-

2249 2036 2443 2090 μενον;
2484 2021 2658 2088 Λόγος
2685 2021 2795 2092 γὰρ
2827 2016 2894 2093 ἦν
2915 2021 3052 2076 Θεοῦ
3088 2022 3434 2092 πρωτότοκος
3471 2025 3562 2076 ἀπ’
3591 2024 3850 2094 οὐρανῶν

2246 2110 2338 2162 ἐπὶ
2369 2109 2430 2164 σὲ
2474 2109 2899 2182 κατερχόμενος,
2933 2111 3349 2181 καλε-ἄνθρωπος
3391 2112 3738 2183 πρωτότοκος
3783 2113 3852 2167 ὲν

2247 2200 2424 2272 κοιλία
2463 2200 2867 2272 πλασσόμενος,
2904 2202 2970 2254 ἵν’
3016 2203 3044 2253 ό
3094 2202 3441 2273 πρωτότοκος
3488 2203 3658 2270 Λόγος
3703 2204 3849 2258 Θεοῦ

2247 2291 2579 2363 πρωτοτόκῳ
2604 2289 2898 2370 ,ἀνθρώπῳ
2934 2292 3338 2361 συναπτόμενος
3363 2291 3570 2364 δειχθῇ.
3611 2324 3679 2334 -
3732 2295 3852 2350 Τοῦ

2248 2384 2434 2438 αὐτοῦ
2473 2385 2541 2437 ἐκ
2579 2383 2686 2437 τοῦ
2721 2383 2909 2437 αὐτοῦ
2939 2384 3148 2452 λόγου.
3182 2384 3293 2452 Τὴν
3332 2383 3393 2452 δὴ
3424 2383 3703 2454 δευτέραν,
3746 2384 3854 2455 τὴν

2248 2472 2337 2525 διὰ
2378 2473 2486 2525 τῶν
2520 2473 2816 2544 προφητῶν
2854 2473 2929 2535 ὡς
2959 2473 3048 2525 διὰ
3085 2469 3180 2525 τοῦ
3230 2474 3507 2544 Σαμουὴλ,
3555 2475 3854 2529 ἀνακαλῶν

2248 2563 2343 2616 καὶ
2369 2564 2716 2634 ἐπιστρέφων
2738 2566 2826 2618 τὸν
2860 2564 2988 2617 λαὸν
3017 2564 3126 2618 ἀπὸ
3161 2565 3258 2634 τῆς
3288 2565 3533 2629 δουλείας
3556 2566 3664 2619 τῶν
3691 2568 3856 2622 ἀλλο-

2249 2655 2451 2723 φύλων.
2497 2655 2606 2726 Τὴν
2636 2655 2693 2708 δὲ
2723 2656 2936 2727 τρίτην,
2973 2656 3029 2709 ὲν
3139 2654 3402 2728 ἔνσαρκος
3447 2659 3629 2728 παρῆν
3659 2660 3750 2713 τὸν
3784 2662 3857 2714 ὲκ

2247 2748 2346 2817 τῆς
2385 2747 2664 2818 Παρθένου
2704 2747 2991 2819 ἄνθρωπον
3021 2745 3332 2810 ἀναλαϐὼν,
3369 2747 3427 2812 ὃς
3463 2749 3558 2803 καὶ
3592 2749 3717 2804 ἰδὼν
3746 2750 3855 2822 τὴν

2249 2840 2425 2902 πόλιν,
2451 2840 2716 2894 ἔκλαυσεν
2743 2840 2828 2894 ἐπ’
2861 2841 3020 2910 αὐτῇ.
3047 2869 3114 2886 --
3155 2839 3265 2893 Τοῦ
3297 2840 3485 2895 αὑτοῦ
3510 2841 3578 2894 ἐκ
3607 2843 3713 2896 τοῦ
3745 2846 3859 2896 .td-

2249 2932 2358 3000 ⁸μου
2385 2931 2490 2985 τοῦ
2514 2936 2599 2998 είς
2633 2932 2748 3000 τὴν
2769 2933 2968 3001 ἀρχὴν
2988 2931 3094 2986 τοῦ
3136 2933 3411 2987 Ἡσαΐου.
3451 2932 3714 3005 Αἰγύπτῳ
3743 2935 3851 3004 μὲν

2249 3023 2353 3089 τὸν,
2373 3024 2575 3095 κόσμον
2614 3023 2882 3078 ἀπείκασε
2907 3065 2919 3088 ,
2971 3026 3377 3096 χειροποιήτοις
3408 3025 3464 3078 δὲ
3504 3025 3602 3095 τὴν
3629 3026 3856 3078 εἰδωλο-

2249 3115 2495 3187 λατρίαν,
2533 3116 2744 3188 σεισμῷ
2768 3116 2945 3188 δὲτὴν
2977 3117 3384 3187 μετανάστασιν
3414 3114 3508 3170 καὶ
3541 3116 3856 3171 κατάλυσιν

2256 3207 2445 3277 αὐτῆς.
2479 3208 2681 3275 Κύριον
2707 3207 2764 3259 δὲ
2790 3207 2880 3260 τὸν
2908 3206 3074 3275 Λόγον
3101 3205 3234 3279 (99)·
3263 3208 3495 3278 νεῳίλην
3521 3207 3577 3261 δὲ
3609 3207 3855 3279 κούφην,

2257 3297 2318 3352 τὸ
2351 3299 2737 3372 καθαρώτατον
2770 3301 2996 3370 σκῆνος,
3030 3300 3109 3362 είς
3148 3299 3175 3354 ὃ
3199 3298 3563 3370 ἑνθρονισθεὶς
3589 3301 3617 3354 ὁ
3643 3299 3861 3371 Κύριος

2259 3391 2414 3462 ἡμῶν
2458 3391 2664 3463 Ἰησοῦς
2705 3392 2962 3462 Χριστὸς,
2995 3391 3247 3461 εἰσῆλθεν
3277 3395 3356 3454 είς
3394 3390 3487 3445 τὸν
3520 3391 3634 3461 βίον
3675 3395 3862 3448 σεῖσαι

2256 3481 2358 3551 τὴν
2385 3481 2618 3552 πλάνην.

2266 3595 2374 3651 Τοῦ
2403 3596 2577 3666 ἁγίου
2618 3594 2907 3666 Μεθοδίου
2927 3597 3263 3651 ἐπισκόπου
3300 3599 3397 3651 καὶ
3431 3597 3756 3666 μάρτυρος,
3786 3593 3864 3650 ἐκ

2493 3666 2602 3720 τοῦ
2630 3669 2762 3736 περὶ
2795 3664 2916 3720 τῶν
2951 3669 3270 3738 μαρτύρων
3297 3664 3482 3736 λόγου
3515 3664 3611 3738 (1).

2334 3777 2492 3832 Οὕτω
2519 3777 2631 3849 γὰρ
2666 3777 2982 3850 θαυμαστὸν
3025 3781 3119 3834 καὶ
3149 3770 3615 3849 πέρισποὺδαστόν
3650 3778 3765 3831 ἐστι
3793 3780 3864 3831 τὺ

2264 3871 2582 3943 μαρτύριον,
2614 3872 2694 3925 ὅτι
2740 3871 2902 3936 αὐτὸς
2936 3873 2964 3925 ὀ
3014 3871 3223 3941 Κύριος
3274 3870 3480 3942 Ἰησοῦς
3529 3867 3796 3941 Χριστὸς,
3831 3869 3867 3923 ὁ

2264 3965 2393 4028 Υἱὸς
2424 3961 2519 4018 τοῦ
2549 3963 2709 4030 Θεοῦ,
2732 3963 2906 4036 τιμῶν
2934 3962 3065 4018 αὐτὸ
3093 3961 3492 4036 ἐμαρτύρησεν,
3519 3962 3617 4033 οὐχ
3642 3962 3866 4033 ἀρπαγο

2265 4056 2364 4127 μὸν
2398 4058 2746 4129 ἡγησάμενος
2775 4057 2835 4111 τὸ
2864 4053 3005 4110 εἶναι
3042 4056 3133 4109 ίσα
3155 4053 3292 4126 Θεῷ,
3319 4054 3404 4110 ἴνα
3427 4055 3522 4108 καὶ
3555 4051 3730 4125 τούτῳ
3763 4051 3866 4108 τὸν

2263 4148 2552 4220 ἄνθρωπον
2572 4147 2651 4220 τῷ
2679 4148 3018 4220 χαρίσματι,
3055 4147 3136 4212 είς
3162 4148 3221 4201 ὃν
3250 4145 3484 4220 κατέόη,
3515 4145 3711 4218 στέψῃ.

2271 4345 2381 4401 Τοῦ
2411 4347 2584 4414 ἁγίου
2623 4349 2963 4404 Εὐσταθιόυ
3011 4349 3347 4403 ἐπισκόπου
3383 4344 3733 4415 Ἀντιοχέων
3760 4346 3869 4399 καὶ

2864 4419 3260 4490 όμολογητοῦ.

2348 4530 2443 4584 Ἐκ
2463 4529 2540 4601 (2)
2554 4531 2667 4598 τῆς
2693 4531 3010 4602 ἑρμηνείας
3036 4531 3144 4586 τοῦ
3175 4538 3237 4585 ιε’
3265 4531 3536 4600 ψαλμοῦ.
3570 4526 3728 4582 Ἀλλά
3754 4525 3874 4600 μὴν

2268 4622 2300 4687 ἡ
2331 4619 2425 4673 τοῦ
2465 4619 2640 4691 Ἰησοῦ
2671 4623 2956 4694 ἑκατέρων
2981 4622 3176 4694 πεῖραν
3200 4621 3350 4693 ἔσχε.
3393 4621 3596 4690 Γέγονε
3631 4619 3740 4691 γὰρ
3766 4619 3872 4674 καὶ

2267 4711 2325 4762 ὲν
2353 4708 2430 4780 τῷ
2452 4711 2634 4781 χωρίῳ
2658 4711 2766 4764 τῶν
2795 4711 3156 4782 ἀνθρωπίνων
3177 4709 3388 4780 ψυχῶν,
3412 4710 3506 4764 καὶ
3533 4710 3632 4776 τῆς
3657 4705 3872 4780 σαρκὸς

2267 4798 2426 4862 ἐκτὸς
2461 4799 2725 4871 γενομένη
2767 4799 2834 4870 ζῇ
2874 4799 2969 4854 καὶ
3013 4801 3309 4871 ὑφέστηκε.
3348 4798 3560 4871 Λογικὴ
3596 4801 3725 4870 ἄρα,
3764 4799 3872 4854 καὶ

2267 4892 2386 4952 ταῖς
2412 4889 2608 4960 ψυχαῖς
2635 4892 2743 4945 τῶν
2782 4889 3089 4964 ἀνθρώπων
3120 4894 3434 4964 όμοούσιος,
3471 4891 3662 4962 ὥσπερ
3703 4889 3798 4944 καὶ
3828 4891 3872 4963 ἡ

2271 4981 2408 5052 σὰρξ
2452 4982 2738 5054 ὁμοούσιος
2786 4987 2851 5055 τῇ
2887 4983 2995 5038 τῶν
3023 4985 3331 5058 ἀνθρώπων
3364 4983 3532 5054 σαρκὶ
3561 4983 3864 5052 τυγχάνει,

2269 5073 2334 5123 ἐκ
2373 5071 2470 5139 τῆς
2512 5073 2730 5144 Μαρίας
2761 5074 3125 5144 προελθοῦσα.
3161 5105 3233 5116 -
3287 5075 3398 5129 Τοῦ
3432 5073 3620 5128 αὐτοῦ
3658 5073 3724 5126 ἐκ
3753 5073 3878 5128 τοῦ

2268 5163 2405 5233 Περὶ
2452 5163 2632 5234 ψυχῆς
2679 5167 2890 5235 λόγου.
2936 5165 3002 5219 Τί
3037 5166 3080 5219 δ’
3128 5168 3194 5221 ἂν
3236 5167 3445 5220 είποιεν
3492 5167 3572 5228 είς
3612 5165 3712 5228 τὰς
3765 5165 3870 5219 τοῦ

2269 5253 2502 5324 βρέφους
2534 5255 2938 5326 ἀναϐλέψαντες
2962 5258 3299 5328 ἀνατροφὰς,
3326 5257 3360 5327 ἢ
3383 5258 3482 5328 τὴν
3511 5257 3612 5327 τῆς
3642 5255 3870 5328 ἡλικίας

2266 5348 2540 5417 ἀνάδοσιν,
2573 5353 2606 5420 ἦ
2631 5351 2730 5423 τὴν
2758 5352 3008 5406 ἐπίτασιν
3032 5352 3141 5407 τῶν
3173 5353 3403 5424 χρόνων,
3431 5350 3464 5422 ἢ
3497 5349 3596 5420 τὴν
3623 5348 3716 5403 τοῦ
3749 5346 3868 5403 σώ-

2266 5650 2306 5703 Τ
2316 5649 2475 5703 heod.
2513 5659 2809 5705 servatum.

2267 5719 2917 5845 in(ﬁgarlgratlipstathii
2950 5719 3209 5778 Antioch.
3276 5717 3580 5792 fragmenta
3637 5725 3870 5777 exstant
