4148 6392
259 433 324 499 89
1324 430 1707 495 DIALOGUS
1740 430 1793 491 I.
1826 455 1899 466 —
1934 350 2466 520 manuatus.
3468 434 3541 500 go

266 562 428 615 ματος
458 543 668 614 abi-qv;
707 543 826 596 Ἵνα
853 542 910 596 δὲ
940 543 1102 615 παρῶ
1139 540 1324 613 λίγειν
1353 541 1454 607 τὰς
1484 541 1581 595 επὶ
1612 540 1846 610 ἐδάφους

1975 545 2103 599 nm?
2151 545 2222 602 Ut
2277 551 2463 598 autem
2518 540 2934 611 praetermittam
2980 540 3247 600 miracula
3288 546 3344 602 in
3395 557 3541 604 terra

264 636 715 710 ἑκπληρωθείσας
768 633 845 706 (5)
892 635 1379 707 θαυματουργίας.
1417 634 1707 705 όράτωσαν
1748 632 1849 697 τὰς

1974 635 2120 699 rdita,
2141 636 2359 691 videant
2382 643 2726 689 mortuorum
2758 634 3230 701 resuscitationcs,
3267 639 3543 708 passionis

261 727 364 781 τῶν
401 726 615 799 νεκρῶν
658 723 1019 791 ἀναδιώσεις,
1058 726 1129 781 τὰ
1165 725 1258 781 τοῦ
1296 725 1507 791 πάθους
1560 724 1846 795 σύμϐολα,

1974 726 2218 798 ιγωὺοιε,
2255 725 2593 797 ﬂagellorum
2625 723 2876 795 vestigia,
2914 726 3197 797 plagarum
3226 729 3541 794 cicatrices,

259 820 325 875 τὰ
354 818 465 874 τῶν
496 817 775 889 μαστίγων
798 818 950 889 ἴχνη,
981 820 1109 883 τοὺς
1138 818 1247 873 τῶν
1279 818 1508 888 πληγῶν
1537 816 1814 887 μώλωπας
1832 857 1847 882 ,

1974 828 2096 873 atus
2140 815 2471 887 perfossum,
2520 817 2801 871 clavorum
2842 824 3021 882 notas,
3074 820 3362 890 sanguinis
3398 820 3543 875 effu-

259 912 357 974 τάς
380 909 733 982 τετρωμένας
761 909 1022 981 πλευρὰς,
1048 911 1177 975 τοὺς
1196 911 1307 964 τῶν
1331 910 1478 982 ήλων
1496 910 1723 974 τύπους,
1750 911 1850 981 τὴν

1974 910 2188 975 sionem,
2223 906 2417 961 mortis
2444 908 2620 978 signa,
2648 917 2704 962 et
2733 916 2793 963 ut
2830 908 3019 963 omnia
3066 912 3425 981 complectar,
3458 911 3545 981 ip-

260 1000 350 1055 τοῦ
372 1000 605 1070 αϊματος
635 1002 882 1071 εκχυσιν,
916 1002 983 1055 τὰ
1010 1001 1105 1057 τοῦ
1137 1002 1373 1057 θανάτου
1402 1004 1632 1073 σημεῖα,
1666 1002 1761 1057 καὶ
1792 1003 1853 1056 τὸ

1974 1014 2068 1053 :am
2114 998 2323 1069 proprii
2355 997 2606 1068 corporis
2650 1000 3141 1056 resurrectionem.
3175 1032 3245 1041 —
3286 1001 3547 1073 Ejusdem

260 1088 484 1160 σύμπαν
515 1090 711 1153 είπεῖν,
740 1088 912 1160 αὐτὴν
940 1090 1041 1160 τὴν
1062 1090 1157 1144 τοῦ
1181 1091 1312 1145 ἰδίου
1340 1090 1595 1162 σώματος
1614 1092 1853 1146 ἀνάστα-

1974 1108 2019 1145 re
2046 1090 2229 1145 eodem
2276 1089 2430 1145 libro.
2474 1089 2532 1145 Si
2574 1090 2701 1160 quis
2740 1106 2867 1145 vero
2917 1092 2986 1147 ad
3038 1095 3291 1165 corporis
3320 1110 3568 1165 genera--

263 1195 365 1232 σιν.
390 1206 464 1218 -
492 1177 605 1232 Τοῦ
635 1177 823 1231 αὐτοῦ
853 1178 921 1232 ἐκ
946 1178 1051 1233 τοῦ
1080 1180 1268 1235 αὐτοῦ
1291 1182 1503 1249 λόγου.
1530 1182 1641 1235 Ka‘t
1666 1180 1773 1252 μὴν
1804 1181 1858 1247 εί

1974 1184 2163 1238 ,ionem
2185 1182 2429 1253 respicit,
2470 1184 2648 1254 palam
2682 1182 3083 1249 deprehendet,
3120 1186 3360 1255 quodiin
3387 1186 3561 1244 Betis?

261 1283 344 1368 τις
370 1266 455 1368 είς
496 1267 598 1334 τὴν
615 1264 739 1368 δοῦ.
752 1265 1010 1338 σώματος
1044 1269 1301 1339 γέννησιν
1336 1270 1541 1339 ἀφορᾷ,
1568 1271 1853 1341 προδήλως

1976 1290 2097 1329 eem
2152 1284 2317 1329 natus
2361 1274 2547 1329 fasciis
2583 1275 2867 1329 involutus
2929 1273 3020 1337 sit,
3093 1284 3152 1330 et
3188 1275 3247 1330 in
3291 1275 3549 1347 Egypto,

260 1351 551 1455 εύρήσειεν
610 1350 679 1406 ἂν
708 1350 785 1415 ὡς
825 1353 885 1405 ἐν
926 1356 994 1425 τῇ
1040 1354 1287 1425 Βηθλεὲμ
1322 1356 1537 1427 τεχθεὶς
1573 1358 1855 1428 ἐσπαργα-

1974 1374 2181 1435 )ropter,
2196 1364 2574 1420 immanissimi
2595 1365 2828 1419 Herodis
2850 1366 3209 1437 insidias,per
3228 1368 3439 1438 aliquot
3455 1383 3555 1422 an-

262 1440 429 1511 νὼθη,
462 1443 567 1495 κάν
592 1444 659 1514 τῇ
705 1443 969 1516 Αἰγύπτῳ
1008 1446 1222 1517 χρόνοις
1254 1448 1644 1520 ἐτράφηκτισὶν
1668 1450 1855 1505 ἕνεκεν

1974 1472 2058 1512 ιοε
2089 1456 2378 1519 educatus,
2396 1465 2453 1511 et
2474 1457 2529 1510 in
2553 1455 2824 1511 Nazareth
2847 1456 2914 1510 ad
2939 1457 3158 1511 virilem
3182 1465 3400 1513 aetatem
3426 1475 3555 1528 pro-

258 1531 361 1599 τῆς
393 1530 491 1585 τοῦ
523 1532 822 1605 ἀλάστορος
865 1537 1160 1609 ἐπιϐουλῆς
1206 1538 1480 1611 Ἡρώδου,
1510 1542 1612 1595 κάν
1644 1545 1709 1612 τῇ
1741 1542 1857 1596 Να-

262 1622 432 1693 ζαρὲτ
460 1624 757 1695 ἀνδρωθεὶς
783 1627 1019 1699 ηὐξήθη.
1036 1636 1116 1671 ἐ-
1152 1629 1263 1684 Τοῦ
1290 1632 1499 1697 αὐτοῦ,
1524 1633 1593 1706 ἐκ
1620 1633 1725 1688 τοῦ
1749 1637 1858 1690 αὐ-

262 1713 371 1769 τοῦ
408 1718 622 1785 λόγου.
667 1718 742 1771 Οὐ
776 1720 887 1790 γὰρ
917 1721 1115 1775 ταύτόν
1149 1723 1357 1795 ἐστινὴ
1396 1726 1572 1796 σκηνὴ
1610 1725 1706 1779 τοῦ
1749 1727 1857 1781 Λό-

265 1822 363 1873 γου
396 1808 494 1862 καὶ
523 1808 682 1875 Θεοῦ,
714 1811 781 1863 δι’
811 1806 880 1883 ἧς
915 1813 1017 1885 τὴν
1059 1813 1210 1868 θείαν
1241 1816 1468 1887 ἐθεώρει
1490 1816 1651 1881 δόξαν
1682 1820 1711 1872 6
1752 1836 1859 1889 μα-

266 1900 459 1969 κάριος
475 1900 846 1969 Στέφανοςμ-
864 1904 974 1957 Τοῦ
995 1905 1183 1961 αὐτοῦ
1201 1907 1271 1960 ἐκ
1293 1907 1401 1960 τοῦ
1420 1909 1608 1978 λόγου
1636 1910 1743 1963 τοῦ
1772 1912 1861 1977 εἷς

265 1988 346 2055 τὸ,
385 2006 407 2041 ι
448 1989 653 2062 Κύριος
682 1992 864 2045 ἔκτισέ
892 2009 963 2063 με
997 1994 1172 2071 ἀρχὴν
1206 1994 1342 2049 ὁδῶν
1376 1996 1565 2052 αὐτοῦ.
1608 2015 1626 2049 ι
1665 1998 1728 2051 El
1763 2000 1859 2069 μὲν

265 2076 363 2133 οὖν
392 2080 572 2151 ἀρχὴν
620 2082 718 2151 τῆς
749 2085 1057 2155 γεννήσεως
1094 2086 1379 2157 είληφεν.ό
1416 2089 1591 2157 Λόγος
1612 2127 1626 2153 ,
1661 2089 1755 2157 ἀφ’
1799 2082 1861 2145 οὗ

264 2168 355 2223 διὰ
383 2170 485 2241 τῆς
518 2172 784 2242 μητρῴας
813 2173 1095 2238 διοδεύσας
1125 2178 1365 2249 γαστρὸς
1398 2179 1499 2243 τὰς
1541 2182 1863 2253 σωματικὰς

265 2261 529 2330 ἐφότιεσεν
559 2263 857 2333 ἁρμονίας,
890 2266 1224 2337 συνέστηκεν
1265 2270 1348 2324 ὅτι
1396 2272 1623 2340 γέγονεν
1657 2274 1721 2327 ὲκ
1766 2292 1865 2343 γυ·-

265 2353 473 2417 unde.
511 2354 577 2407 Εί
609 2355 676 2409 δὲ
690 2356 866 2425 Λόγος
906 2356 1001 2412 καὶ
1028 2359 1161 2426 Θεὸς
1188 2357 1257 2433 ἦν
1294 2364 1564 2419 ἀνέκαθεν
1598 2366 1749 2438 παρά
1785 2365 1864 2437 τῷ

268 2446 467 2517 Πατρὶ,
495 2447 592 2500 καὶ
609 2447 677 2503 τὰ
699 2448 992 2521 σύμπαντα
1016 2453 1083 2506 δι’
1108 2454 1273 2508 αὑτοῦ
1298 2458 1630 2527 γεγενῆσθαί
1655 2476 1860 2530 φαμεν,

262 2537 367 2590 οὐκ
411 2538 524 2607 ἀρα
554 2542 780 2608 γέγονεν
810 2543 874 2595 ὲκ
907 2548 1166 2611 γυναικὸς
1191 2548 1219 2600 6
1252 2546 1349 2612 ὣν,
1385 2550 1481 2601 καὶ
1516 2552 1632 2613 τοῖς
1667 2568 1865 2621 γεννη-

268 2631 389 2699 τοῖς⁴
409 2630 619 2684 ἅπασιν
649 2631 829 2697 αἴτιος
861 2633 959 2687 ὧν·
992 2636 1108 2689 ἀλλ’
1136 2636 1252 2691 εστι
1276 2639 1375 2709 τὴν
1408 2639 1572 2707 φύσιν
1602 2640 1737 2705 Θεὸς
1768 2644 1868 2696 αὐ-

268 2720 503 2793 τάρκης,
524 2721 777 2793 ἄπειρος,
801 2725 907 2778 ἀπε
916 2726 1183 2796 ρινόητος·
1203 2730 1267 2781 ὲκ
1289 2730 1545 2797 γυναικὸς
1562 2730 1619 2784 δὲ
1645 2731 1869 2800 γέγονεν

269 2810 579 2883 ἄνθρωπος,
600 2812 630 2864 6
655 2814 713 2867 tv
733 2816 799 2885 τῇ
830 2815 1133 2889 παρθενικῇ
1157 2820 1345 2891 μήτρᾳ
1362 2818 1639 2891 Πνεύματι
1670 2823 1869 2891 παγεὶς

272 2902 433 2974 ἁγίῳ.
459 2931 530 2945 -ο
567 2901 681 2958 Τοῦ
712 2904 901 2960 αὑτοῦ
920 2906 989 2960 ἐκ
1007 2906 1116 2961 τοῦ
1137 2909 1328 2963 αὐτοῦ
1354 2910 1563 2979 λόγου.
1592 2912 1740 2974 Ναδς
1762 2912 1869 2983 γὰρ

274 2995 477 3067 κυρίως
506 2997 536 3049 6
571 2996 814 3068 καθαρὸς
848 2998 942 3051 καὶ
974 2998 1264 3069 ἄχραντος,
1289 3001 1324 3069 ἡ
1371 3000 1514 3054 κατὰ
1542 3000 1635 3054 τὸν
1657 3000 1870 3073 ἀνθρω-

275 3088 372 3141 πόν
408 3089 531 3142 ἑστι
574 3089 705 3161 περὶ
754 3089 849 3142 τὸν
905 3090 1077 3159 Λόγον
1126 3090 1300 3162 σκηνὴ
1327 3130 1343 3154 ,
1392 3090 1522 3146 ἔνθα
1577 3093 1871 3162 προφανῶς

1955 1553 2167 1601 vectus.
2186 1576 2255 1590 -ν-
2276 1546 2379 1617 57
2407 1545 2682 1615 Ejusdem,
2700 1562 2763 1599 ea:
2784 1544 3148 1611 eodemlibro.
3166 1547 3286 1601 Non
3304 1547 3451 1601 enim
3470 1556 3555 1602 est

1960 1637 2106 1691 idem
2128 1636 2546 1691 tabernaculum
2574 1636 2743 1692 Verbi
2774 1644 2832 1692 et
2862 1637 2981 1701 Dei,
3007 1652 3107 1707 per
3141 1638 3290 1708 quod
3309 1638 3554 1694 divinam

1959 1727 2184 1798 gloriam
2203 1727 2701 1797 contemplabatur‘
2718 1729 2915 1783 beatus
2927 1728 3239 1798 Stephanus
3254 1730 3293 1760 ⁸¹
3307 1728 3559 1799 .-—Ejus-
3656 1788 3665 1793 ,

1961 1819 2102 1881 dem,
2128 1835 2191 1872 ea:
2209 1834 2448 1871 sermone
2473 1820 2528 1871 in
2551 1818 2689 1871 illud
2714 1837 2727 1873 :
2766 1839 2783 1870 ι
2806 1819 3073 1875 Dominus
3098 1820 3305 1874 creavit
3329 1834 3416 1874 me
3445 1818 3554 1873 ini-

1965 1909 2099 1963 tium
2113 1909 2324 1962 viarum
2349 1924 2573 1962 suarum
2601 1909 2665 1961 ".
2706 1927 2725 1962 ι
2764 1907 2820 1962 Si
2844 1924 2976 1980 ergo
3003 1910 3379 1979 generationis
3398 1910 3556 1980 prin-

1964 2001 2174 2071 cipium
2218 2001 2432 2070 accepit
2491 2000 2752 2064 Verbum,
2801 2016 2867 2055 ex
2932 2016 3042 2072 quo
3088 2016 3188 2071 per
3239 1994 3574 2056 maternum.

1966 2092 2242 2148 transiens
2268 2100 2486 2147 uterum
2516 2091 2822 2161 corporalia
2866 2092 3112 2146 membra
3143 2091 3395 2161 gestavit,
3424 2105 3559 2145 con-

1963 2195 2070 2243 stat
2098 2185 2301 2240 tactum
2331 2200 2453 2238 esse
2484 2184 2637 2238 illum
2678 2199 2745 2237 ex
2769 2183 3021 2239 muliere.
3059 2182 3129 2236 At
3156 2184 3201 2237 si
3230 2182 3471 2238 Verbum
3498 2190 3557 2237 et

1966 2276 2109 2329 Deus
2129 2282 2287 2328 antea
2302 2280 2421 2329 erat
2443 2271 2587 2342 apud
2615 2272 2858 2335 Patrem,
2878 2278 2934 2324 et
2960 2274 3218 2325 universa
3242 2285 3343 2340 per
3373 2270 3556 2339 ipsum

1964 2366 2106 2421 facta
2134 2381 2255 2421 esse
2276 2366 2531 2428 dicimus,
2563 2379 2670 2417 non
2694 2372 2778 2418 est
2799 2364 2987 2432 utique
3014 2361 3191 2416 factus
3210 2377 3276 2414 ex
3296 2361 3555 2426 muliere,

1966 2460 2061 2529 qui
2092 2469 2195 2521 est,
2232 2469 2287 2513 et
2326 2457 2597 2513 creaturis
2627 2456 2888 2510 omnibus
2916 2464 2977 2509 ut
3017 2454 3370 2508 sintcausam
3413 2469 3557 2522 pra:-

1967 2550 2089 2605 bet:
2118 2550 2213 2604 scd
2244 2550 2391 2603 Deus
2426 2558 2621 2602 natura
2650 2556 2734 2600 est
2764 2544 3026 2600 omnibus
3056 2544 3217 2597 bonis
3245 2540 3587 2616 abundans”

1969 2642 2237 2705 inﬁnitus,
2267 2649 2323 2695 et
2344 2642 2437 2709 qui
2462 2647 2646 2693 mente
2667 2635 3064 2706 comprehendi
3092 2633 3319 2703 nequit;
3352 2649 3419 2686 ex
3445 2648 3563 2686 mu-

1968 2733 2105 2788 liere
2136 2742 2319 2786 autem
2360 2732 2538 2785 factus
2575 2739 2659 2783 est
2691 2729 2876 2789 homo,
2905 2727 3000 2796 qui
3032 2726 3087 2780 in
3116 2724 3371 2795 virginali
3402 2732 3564 2777 utero

1970 2840 2069 2895 per
2105 2825 2372 2894 Spiritum
2410 2831 2659 2877 sanctum
2701 2820 2971 2874 formatus
3014 2826 3117 2872 est.
3158 2847 3227 2857 -—
3272 2816 3554 2887 Ejusdem,

1972 2935 2036 2972 ea:
2069 2917 2249 2971 eodem
2287 2930 2547 2968 sermone.
2595 2912 2886 2980 Templum
2938 2910 3087 2965 enim
3121 2910 3343 2978 praprie
3398 2924 3565 2961 mun-

1973 3009 2104 3063 dum
2133 3016 2189 3060 et
2217 3004 2630 3061 immaculatum
2659 3010 2743 3056 est
2767 3002 3075 3054 humanum
3107 2999 3272 3054 Verbi
3305 2996 3565 3051 taberna-

1974 3096 2182 3157 culum,
2216 3094 2271 3147 in
2296 3107 2405 3163 quo
2437 3107 2495 3145 se
2528 3090 2984 3159 conspiciendum
3018 3089 3270 3157 praebens
3295 3086 3570 3140 habitavit

278 3180 563 3251 σκηνώσας
595 3178 812 3251 ᾤκησεν
842 3182 871 3234 6
922 3179 1075 3244 Θεός.
1124 3181 1236 3234 Καὶ
1275 3180 1452 3236 ταῦτα
1496 3181 1599 3235 οὐκ
1651 3183 1716 3235 ὲκ
1761 3178 1869 3235 τῶν

1977 3186 2141 3242 Deus.
2166 3186 2356 3255 Neque
2378 3198 2511 3238 vero
2535 3182 2653 3236 haec
2669 3180 3050 3251 probabilibus
3066 3176 3217 3247 ducti
3234 3180 3570 3248 conjecturis

277 3274 502 3327 εἰκότων
531 3272 738 3343 φαμέν·
775 3271 970 3326 τούτου
1003 3272 1113 3344 γὰρ
1133 3273 1178 3343 ζό
1216 3272 1378 3342 φύσει
1415 3273 1509 3328 τοῦ
1535 3272 1674 3328 Θεοῦ
1707 3274 1834 3337 Υἱὸς
1854 3314 1868 3337 ,

276 3367 374 3437 τὴν
400 3366 558 3420 λύσιν
581 3364 680 3419 καὶ
704 3365 1004 3419 ἀνάστασιν
1027 3347 1417 3437 προαγορεύων
1440 3365 1536 3420 τοῦ
1558 3366 1682 3434 νεὼ,
1707 3368 1874 3439 ἀναμ-

278 3455 512 3519 φιϐόλως
556 3455 708 3526 ἡμᾶς
752 3455 1020 3509 διδάσκων
1064 3456 1376 3533 ἐφοδιάζει,
1424 3460 1537 3519 τοῖς
1569 3458 1874 3528 μιαιφόνοις

279 3548 507 3613 φάσκων
550 3546 848 3611 Ἰουδαίοις
881 3566 900 3600 ι
947 3547 1163 3601 Λύσατε
1190 3548 1282 3601 τὸν
1308 3548 1433 3602 ναὸν
1464 3551 1674 3614 τοῦτον,
1701 3552 1793 3605 καὶ
1817 3552 1875 3604 ὲν

275 3638 460 3707 τρισὶν
502 3636 746 3709 ἡμέραις
795 3636 976 3708 ὲγερῶ
1017 3638 1202 3692 αὐτόν.
1247 3658 1266 3691 ι
1303 3670 1372 3678 -
1421 3639 1537 3693 Τοῦ
1583 3642 1773 3695 αὑτοῦ
1808 3642 1876 3695 ἐκ

276 3728 389 3784 τοῦ
439 3730 631 3784 αὐτοῦ
679 3731 889 3800 λόγου.
952 3730 1224 3800 Ὀπηνίκα
1285 3728 1381 3784 οὖν
1432 3731 1523 3784 τὸν
1588 3732 1877 3802 ἄνθρωπον

280 3821 627 3893 ναουργήσας
663 3822 937 3893 ἑφόρεσεν
978 3823 1009 3875 6
1048 3821 1246 3889 Λόγος,
1286 3821 1500 3892 σώματι
1533 3823 1632 3893 μὲν
1654 3826 1767 3887 τοίς
1793 3825 1880 3877 ἀν-

278 3912 524 3983 θρώποις
545 3912 865 3978 ἐπιφοιτῶν,
891 3913 1239 3976 παντοδαπὰς
1261 3913 1510 3983 ἀοράτως
1536 3914 1880 3986 θαυματουρ·

277 4004 408 4071 γίας
436 4003 819 4069 ἐπεδείκνυτο,
858 4004 986 4067 τοὺς
1020 4004 1078 4058 δὲ
1117 4004 1457 4069 ἀποστόλους
1490 4006 1741 4076 κήρυκας
1780 4008 1881 4077 τῆς

276 4094 481 4151 ἀϊδίου.
506 4095 788 4166 βασιλείας
821 4094 1121 4164 ἐξέπεμπε.
1160 4081 1239 4135 ῖ-
1286 4096 1397 4151 Τοῦ
1436 4096 1626 4152 αὑτοῦ
1664 4098 1733 4151 ἐκ
1771 4097 1881 4166 τῆς

274 4186 605 4255 ἑρμηνείας
641 4184 749 4240 τοῦ
794 4186 892 4253 ιβ’
916 4183 1184 4255 ψαλμοῦ.
1221 4186 1493 4257 Πρόδηλον
1519 4182 1637 4252 οὖν,
1670 4185 1829 4259 εἴπερ
1854 4189 1882 4241 6

273 4278 455 4348 χρίων
482 4276 832 4331 ἀποδεικνύει
860 4276 1014 4340 Θεὸν,
1037 4267 1099 4329 οὗ
1120 4274 1212 4330 τὸν
1247 4276 1436 4347 θρόνον
1456 4273 1608 4331 εἶπεν
1638 4277 1880 4341 αἰώνιον,

272 4368 444 4440 δῆλος
460 4368 561 4441 μέν
581 4369 699 4421 ἔστι
726 4367 890 4437 φύσει
912 4366 1043 4432 Θεὸς
1063 4369 1126 4421 ὲκ
1147 4367 1284 4421 Θεοῦ
1303 4368 1586 4439 γεννηθεὶς
1609 4370 1637 4423 6
1662 4368 1880 4441 χρίσας*

269 4462 304 4514 6
359 4460 420 4514 δί
468 4458 717 4531 χρισθεὶς
766 4459 1063 4530 ἐπίκτητον
1104 4458 1328 4528 εἴληφεν
1374 4459 1600 4531 ἀρετὴν,
1638 4459 1881 4529 ὲκκρίτῳ

270 4548 555 4621 ναουργία
572 4548 895 4621 κοσμηθεὶς,
923 4550 987 4603 ἐκ
1007 4548 1108 4620 τῆς
1126 4547 1221 4602 τοῦ
1245 4548 1624 4615 κατοικοῦντος
1654 4551 1712 4603 ὲν
1732 4548 1882 4620 αύτῷ

273 4640 570 4712 θεότητος.

277 4776 405 4833 Τοῦ
421 4776 597 4848 ἁγίου
638 4776 1019 4848 Ἀθανασίου,
1048 4776 1388 4848 ἐπισκόπου
1432 4774 1889 4843 Ἀλεξανδρείας

820 4846 920 4900 καὶ
952 4847 1350 4918 ομολογητοῦ.

361 4960 511 5016 Ἀπὸ
535 4960 649 5030 τῆς
672 4961 1009 5029 ἀπολογίας
1036 4957 1145 5028 τῆς
1169 4959 1573 5031 γεγενημένης
1594 4958 1747 5028 ὑπὲρ
1770 4961 1889 5011 Aco-

262 5053 512 5109 νυσιου
553 5051 662 5107 τοῦ
690 5051 1032 5106 ἐπισκόπου
1091 5050 1562 5120 Ἀλεξανδρείας.
1610 5068 1629 5102 ι
1680 5048 1823 5118 Ἐγὼ
1852 5050 1886 5118 ἡ

265 5144 563 5216 ἄμπελος,
592 5144 752 5214 ὑμεῖς
778 5144 846 5197 τὰ
875 5142 1152 5215 κλήματα·
1173 5142 1205 5195 6
1234 5142 1427 5213 Πατήρ
1460 5158 1561 5213 μου
1584 5142 1613 5195 6
1637 5140 1887 5212 γεωργός

264 5237 442 5288 ἐστιν
474 5233 579 5305 (ι).
621 5252 640 5286 ι
690 5234 884 5304 Ἡμεῖς
913 5232 1022 5303 γὰρ
1061 5232 1155 5287 τοῦ
1174 5224 1399 5303 ’Κυρίου
1443 5231 1587 5286 κατά
1625 5232 1688 5285 τὸ
1731 5231 1891 5301 σῶμα

268 5326 582 5395 συγγενεῖς
608 5326 797 5394 ἔσμεν·
823 5324 918 5378 καὶ
949 5324 1111 5388 αὐτὸς
1139 5324 1229 5378 διὰ
1254 5323 1413 5378 τοῦτο
1438 5319 1613 5378 εἶπεν·
1636 5342 1653 5375 ι
1677 5324 1888 5392 Ἀπαγ-

265 5418 436 5491 γελῶ
477 5419 543 5471 τὸ
569 5417 749 5488 δνομά»
770 5434 866 5471 σου
895 5418 1010 5479 τοῖς
1043 5416 1292 5486 ἀδελφοῖς
1318 5433 1447 5487 μου.
1494 5434 1513 5469 ι
1552 5416 1663 5471 Kal
1699 5414 1888 5487 ὥσπερ

1975 3278 2232 3334 dicimus.
2277 3275 2413 3331 Nam
2450 3273 2495 3328 is
2549 3273 2642 3342 qui
2694 3282 2891 3325 natura
2924 3271 3095 3325 Filius
3136 3270 3231 3323 Dei
3263 3280 3368 3331 est,
3403 3269 3569 3338 hujus

1980 3368 2169 3439 templi
2210 3366 2639 3423 destructionem
2670 3372 2727 3417 et
2754 3364 3213 3417 instaurationem
3240 3360 3565 3429 praedicens.

1976 3460 2098 3515 sine
2132 3457 2243 3512 ulla
2275 3455 2631 3525 ambiguitate
2654 3469 2755 3507 nos
2781 3452 2885 3506 hac
2919 3452 2987 3506 de
3004 3467 3063 3506 re
3084 3450 3293 3507 docuit.
3320 3448 3570 3503 cruentis

1976 3551 2180 3608 Judaeis
2211 3551 2438 3605 dicens:
2481 3568 2497 3598 ι
2524 3546 2733 3603 Solvite
2762 3547 3029 3615 templum
3071 3544 3196 3605 hoc,
3230 3550 3287 3595 et
3310 3542 3363 3593 in
3391 3540 3571 3593 tribus

1980 3642 2179 3698 diebus
2201 3640 2457 3696 excitabo
2490 3640 2669 3709 ipsum
2718 3638 2785 3690 ⁸³.
2816 3656 2833 3687 ι
2869 3667 2939 3676 —
2971 3635 3249 3706 Ejusdem,
3284 3647 3347 3685 ea:
3390 3631 3570 3685 eodem

1982 3734 2130 3789 libro.
2166 3733 2395 3799 Quando
2453 3732 2620 3801 igitur
2670 3729 2950 3783 hominem
3002 3734 3260 3795 tanquam
3301 3723 3567 3792 templum

1980 3823 2281 3877 fabricatus
2314 3819 2555 3875 Verbum
2602 3818 2857 3889 gestavit,
2893 3832 3124 3885 corpore
3148 3814 3374 3883 quidem
3424 3814 3573 3867 inter

1981 3913 2237 3968 homines
2280 3920 2536 3966 versatus
2568 3918 2672 3973 est,
2709 3909 2861 3964 varia
2904 3918 3089 3962 autem
3130 3906 3395 3960 miracula
3424 3904 3570 3959 invi-

1982 4002 2222 4058 sibiliter
2259 4000 2457 4065 edidit,
2491 4009 2547 4055 et
2567 3998 2852 4069 apostolos
2874 3997 3069 4051 aeterni
3102 3995 3256 4065 regni
3292 4007 3573 4063 praecones

1984 4092 2157 4147 misit.
2192 4120 2265 4131 ——
2322 4090 2575 4161 Ejusdem
2604 4103 2667 4142 ea:
2719 4085 3157 4151 interpretatione
3215 4082 3409 4153 psalmi
3442 4097 3569 4136 χαι.

1982 4187 2250 4256 Apertum
2295 4190 2380 4237 est
2404 4196 2556 4253 ergo,
2588 4180 2633 4234 si
2666 4194 2879 4250 ungcns
2908 4179 3082 4232 Deum
3117 4175 3390 4247 designat,
3416 4176 3574 4245 cujus

1984 4278 2173 4337 sedem
2207 4286 2471 4333 aeternam
2522 4273 2681 4337 dixit,
2716 4272 2826 4343 58
2877 4280 3073 4326 natura
3109 4270 3283 4323 Deum
3324 4282 3467 4331 esse,
3494 4278 3577 4321 at-

1985 4387 2093 4442 que
2123 4386 2191 4424 ex
2239 4368 2352 4422 Deo
2385 4365 2653 4437 genitum,
2684 4363 2778 4433 qui
2817 4362 2995 4417 unxit.
3029 4359 3133 4427 Qui
3192 4373 3324 4413 vero
3372 4365 3577 4411 unctus

1985 4473 2089 4527 est,
2136 4454 2458 4532 acquisitam
2494 4457 2709 4527 accepit
2752 4456 3041 4517 virtutem,
3096 4450 3317 4523 egregio
3370 4448 3576 4518 templo

1917 4533 1958 4588 ί)
1986 4563 2211 4611 ornatus
2236 4570 2303 4607 ex
2332 4550 2633 4607 habitantis
2666 4548 2721 4602 in
2748 4548 2869 4616 ipso
2906 4544 3218 4601 divinitate.

1984 4776 2170 4833 Sancti
2205 4773 2486 4829 Athanasii
2514 4771 2743 4843 cpiscopi
2770 4766 3126 4824 Alexandrini
3158 4774 3207 4819 et
3244 4765 3574 4835 confessoris.

2062 4954 2141 5008 Ea:
2198 4952 2503 5022 defensione
2564 4949 2811 5002 insti.uta
2865 4959 2963 5015 pro
3036 4940 3289 5011 Dionysio
3341 4939 3580 5010 episcOpo

1985 5046 2346 5103 Alexandriae.
2408 5062 2427 5096 ι
2467 5044 2584 5115 Ego
2626 5055 2748 5096 sum
2778 5038 2929 5102 vitis,
2961 5050 3060 5090 vos
3086 5032 3361 5105 palmites.
3421 5032 3584 5086 Pater

1986 5154 2144 5195 meus
2180 5136 2421 5208 agricola
2457 5134 2619 5190 est“.
2656 5151 2677 5184 ι
2716 5130 2827 5187 Nos
2850 5129 3001 5184 enim
3026 5124 3245 5181 Domini
3274 5122 3581 5178 secundum

1986 5244 2188 5301 corpus
2240 5226 2459 5298 cognati
2510 5238 2731 5280 sumus:
2791 5232 3027 5289 eamque
3066 5217 3140 5272 ob
3192 5230 3415 5272 causam
3463 5214 3583 5285 ipse

1993 5322 2159 5379 dixit:
2194 5340 2212 5371 ι
2246 5318 2491 5375 Narrabo
2509 5330 2716 5374 nomen
2738 5322 2900 5368 tuum
2924 5308 3189 5365 fratribus
3221 5308 3360 5363 meis
3376 5308 3442 5363 ⁸⁸.
3465 5327 3483 5359 ι
3516 5308 3586 5363 Et

1998 5414 2143 5470 sicut
2183 5412 2442 5484 palmites
2470 5408 2721 5482 ejusdem
2749 5412 3031 5461 suntcum
3075 5400 3188 5455 vite
3237 5399 3581 5467 substantite,

344 5604 396 5638 ³⁸
430 5601 567 5659 Act.
588 5618 680 5668 vn,
709 5603 800 5659 57.
878 5602 924 5634 "
951 5600 1114 5657 Prov.
1141 5616 1256 5668 vni,
1279 5598 1369 5655 22.
1445 5600 1491 5633 ³³
1515 5599 1672 5656 Joan.
1708 5614 1767 5667 ιι,
1794 5598 1872 5655 19.

1974 5598 2001 5631 ⁸⁸
2030 5597 2185 5654 Joan.
2223 5611 2311 5661 xv,
2337 5595 2388 5649 5.
2464 5591 2510 5625 ⁸³
2537 5590 2681 5647 Psal.
2708 5606 2817 5657 nt,
2844 5588 2934 5645 22.

345 5760 436 5829 (3)
468 5754 636 5829 ἑκτξλ.
650 5754 1008 5829 Emendanda
1029 5754 1318 5829 lectio‘pt’ax
1337 5753 1717 5829 πληρωθείσαις
1742 5753 1884 5825 apud

269 5823 517 5888 Fabric.
557 5824 795 5882 Bibliolh.
834 5826 928 5884 Cr.
970 5824 1077 5879 vol.
1112 5823 1247 5892 Vill,
1277 5841 1329 5895 p.
1370 5823 1487 5881 187.

2253 5765 2285 5800 υ
2330 5754 2388 5801 et
2425 5746 2602 5815 ἐστινΔ
2633 5742 2751 5800 des.
2808 5741 2954 5815 apud
3000 5738 3199 5801 Athan.
3249 5747 3288 5795 t.
3339 5734 3384 5806 l,
3426 5752 3485 5811 p.
3536 5750 3575 5807 ι,

2071 5750 2146 5820 (4)
2253 5765 2285 5800 υ
2330 5754 2388 5801 ει
2425 5750 2575 5798 ἐστιν

1986 5822 2118 5877 edit.
2166 5765 2365 5877 ignoti.
2402 5831 2468 5885 ip.
2506 5811 2633 5868 250.
