4112 6374
588 370 661 437 95
1579 373 2067 436 THEODORETI
2107 371 2450 435 EPISCOPI
2482 369 2851 433 CYRENSIS
3787 369 3861 465 95

590 498 815 541 carnem
854 487 923 539 de
962 484 1102 540 cmlo
1128 468 1501 553 descendisse,
1532 488 1549 507 '
1584 495 1642 543 et
1686 503 1798 543 non
1838 489 1965 544 hinc
2009 496 2064 545 et
2107 502 2175 543 ex

2284 485 2354 540 Et
2376 503 2461 551 τις
2474 484 2625 555 λέγει
2640 483 2751 556 (44)
2779 483 2876 556 τὴν
2895 482 3075 554 σάρκα
3099 480 3158 548 ἐξ
3170 478 3401 553 ούρανοῦ
3416 475 3861 547 κατεληλυθέναι,

590 573 754 631 nobis
792 591 945 640 esse.
973 576 1263 633 anathema
1302 578 1393 635 sit.
1423 578 1557 633 Illud
1598 578 1747 634 enim
1786 597 1798 633 :
1833 598 1852 631 ι
1887 577 2176 634 Secundus

578 664 759 720 .homo
788 664 856 720 de
893 666 1034 722 caelo
1062 668 1128 734 ⁵³,
1156 687 1193 721 ,ι
1229 676 1287 724 et
1328 686 1342 723 :
1374 688 1390 721 ι
1416 670 1606 737 Qualis
1638 670 1904 738 caelestis,
1946 658 2084 728 tales
2120 680 2177 728 et

590 756 843 810 cmiestes
878 756 945 821 δ’,
984 776 1003 809 ι
1049 766 1105 813 et
1141 776 1154 812 :
1201 778 1221 810 ι
1247 759 1417 815 Nemo
1447 748 1696 818 ascendlt
1733 763 1787 818 in
1806 763 2028 829 omium,
2071 761 2176 843 nisi

589 846 686 905 aui
727 845 795 900 de
826 849 968 903 coelo
1006 849 1292 907 descendit
1323 850 1498 908 Filius
1531 852 1771 909 hominis
1808 853 1872 920 ³⁸,
1910 873 1927 906 ι
1965 860 2021 909 et
2054 869 2177 924 quae

589 943 721 989 sunt
761 937 868 990 alia
914 933 1209 1009 ejusmodi,
1236 951 1467 1013 propter
1500 942 1759 999 unionem
1798 959 1924 1000 cum
1952 944 2177 1000 homine

590 1024 700 1078 dici
731 1026 1154 1084 existimandum
1187 1040 1293 1096 est,
1322 1034 1468 1088 sicut
1500 1042 1555 1089 et
1593 1033 1729 1103 illud
1763 1052 1775 1087 :
1826 1053 1843 1085 ι
1882 1050 1985 1104 per
2008 1032 2176 1090 Chri-

590 1121 708 1169 tum
727 1115 866 1171 facta
890 1133 1013 1174 esse
1038 1120 1220 1176 omnia
1262 1122 1329 1189 ",
1362 1143 1380 1175 ι
1422 1132 1517 1180 et:
1552 1144 1575 1176 ι
1601 1124 1853 1180 habitare
1891 1125 2175 1181 Christum

591 1203 648 1259 in
669 1205 931 1286 cordibus
954 1212 1160 1268 nostris
1189 1213 1253 1279 ",
1294 1233 1312 1265 ι
1344 1230 1454 1269 non
1472 1215 1775 1271 secundum
1804 1230 1925 1271 eam
1954 1216 2051 1272 Dei
2080 1231 2177 1273 na-

590 1300 773 1350 turam
810 1297 1225 1372 intelligendum
1256 1306 1359 1369 est’,
1388 1311 1510 1375 quae
1547 1306 1607 1360 in
1648 1308 1840 1361 oculos
1870 1306 2037 1373 cadit,
2079 1307 2176 1363 sed

589 1388 894 1445 secundum
932 1398 1053 1447 eam
1112 1410 1235 1465 quae
1296 1392 1582 1451 intellectu
1636 1397 1964 1468 percipitur,
2027 1414 2177 1454 com-

588 1477 767 1534 mistis
792 1488 853 1534 ut
873 1484 1157 1541 vocabulis
1182 1488 1262 1542 sic
1291 1487 1460 1542 etiam
1480 1489 1712 1543 naturis.
1730 1489 2089 1560 ——Ejusd¢m,
2109 1505 2175 1544 ea:

588 1568 769 1624 eodem
804 1570 957 1627 libro.
1008 1573 1125 1641 Qua
1150 1593 1280 1632 vero
1311 1579 1378 1633 de
1415 1594 1576 1634 causa
1602 1580 1842 1635 Verbum
1893 1580 2172 1636 hominem

588 1658 795 1739 factum
833 1679 931 1719 seu
962 1664 1305 1723 incarnatum
1343 1686 1465 1725 esse
1503 1672 1607 1741 ipsi
1635 1672 1841 1737 dicant,
1865 1674 2170 1730 videamus.

589 1748 649 1806 Si
703 1755 874 1821 enim,
931 1767 992 1811 ut
1028 1761 1591 1829 comprehenderetur
1634 1765 1800 1831 Deus,
1841 1767 1935 1836 qui
1967 1749 2171 1837 alioqui

588 1845 983 1932 comprehendi
1024 1851 1238 1920 nequit,
1272 1860 1327 1907 et
1369 1854 1473 1908 sub
1521 1852 1791 1912 velamine
1827 1858 2009 1913 carnis
2047 1874 2171 1914 cum
2208 1828 2246 1882 Β

587 1934 908 1994 hominibus
951 1948 1289 2007 versaretur,
1342 1943 1562 2016 elegans
1600 1947 1667 2002 ab
1691 1948 1775 2003 eis
1811 1957 2064 2019 suscepta
2087 1962 2172 2006 est

589 2038 939 2105 persona._et
972 2031 1172 2087 fabulae
1208 2042 1363 2088 actus
1401 2053 1413 2088 :
1448 2047 1507 2089 ut
1532 2053 1641 2091 non
1671 2038 1872 2101 dicam,
1895 2040 2041 2109 quod
2067 2041 2170 2095 ali-

590 2126 677 2175 ter
713 2120 1002 2177 nobiscum
1040 2124 1277 2195 collaqui
1314 2134 1549 2196 poterat,
1587 2128 1731 2184 sicut
1751 2130 1805 2184 in
1844 2131 1983 2186 rubo
2004 2132 2167 2202 ignis,

586 2219 644 2267 et
679 2212 919 2269 humana
950 2217 1133 2285 specie
1152 2217 1326 2287 prius.
1354 2217 1449 2273 Sin
1465 2229 1672 2286 autem,
1702 2233 1762 2275 ut
1786 2225 1995 2292 peccati
2018 2224 2171 2278 dam-

585 2303 864 2359 nationem
897 2299 1072 2373 tollat,
1114 2308 1293 2363 simile
1346 2309 1512 2364 simili
1554 2312 1772 2381 rapiens
1798 2332 1809 2365 :
1838 2314 1981 2369 sicut
2005 2332 2169 2372 carne

586 2406 728 2463 opus
750 2394 993 2452 habebat
1030 2406 1256 2468 propter
1295 2414 1517 2454 carnem
1572 2401 1679 2471 63
1726 2403 2167 2469 condemnatam,

584 2487 645 2538 et
693 2485 874 2541 anima
916 2498 1141 2558 propter
1200 2489 1462 2557 animam,
1519 2492 1599 2547 sic
1634 2500 1690 2547 et
1728 2496 1910 2548 men‘te
1945 2503 2171 2564 propter

586 2584 849 2643 mentem,
897 2578 1045 2647 quod
1070 2594 1179 2634 non
1218 2581 1565 2652 solumlapsa
1597 2592 1682 2638 est
1718 2584 1771 2637 in
1810 2584 2042 2651 Adamo,
2071 2587 2167 2642 sed

586 2672 644 2719 et
682 2666 838 2735 prior
873 2670 1012 2725 male
1035 2670 1231 2725 aﬁecta
1259 2681 1367 2737 est,
1398 2680 1459 2727 ut
1488 2671 1686 2729 medici
1730 2676 1799 2730 de
1833 2676 2043 2732 morbis
2082 2678 2168 2732 di-

587 2772 713 2813 cere
746 2758 940 2815 solent.
994 2762 1149 2828 Quod
1182 2763 1331 2817 enim
1370 2763 1687 2819 mandatum
1740 2768 1972 2836 accepit,
2025 2767 2169 2822 idem

588 2848 905 2905 mandatum
922 2867 1031 2906 non
1060 2856 1300 2909 servavit
1325 2874 1336 2908 :
1375 2857 1522 2925 quod
1549 2872 1680 2911 vero
1701 2858 2018 2915 mandatum
2058 2876 2169 2915 non

586 2942 849 3009 servavit,
899 2943 955 2998 id
994 2946 1157 3001 etiam
1201 2950 1688 3019 transgressionem
1729 2951 1994 3007 admisit:
2023 2954 2170 3023 quod

588 3040 774 3086 autem
814 3041 1211 3105 transgressum
1237 3046 1340 3103 est,
1372 3038 1427 3093 id
1456 3040 1629 3095 salute
1656 3040 1926 3111 imprimis
1954 3042 2169 3114 indige-

590 3123 683 3179 bat
720 3142 733 3177 :
774 3126 920 3195 quod
960 3137 1141 3183 autem
1193 3128 1490 3200 indigebat,
1535 3132 1590 3186 id
1625 3133 1792 3187 etiam
1826 3144 2169 3204 assumptum
2199 3156 2242 3212 ο

588 3223 693 3270 est.
727 3216 879 3272 Mens
899 3218 1066 3289 igitur
1098 3230 1375 3291 assumpta
1415 3230 1519 3278 est.
1540 3222 1834 3289 Hocnunc,
1865 3225 2037 3281 velint
2074 3242 2173 3281 no-

589 3304 725 3371 lint,‘
748 3307 1187 3365 demonstratum
1214 3321 1313 3367 'est
1347 3314 1717 3384 geometricis,
1758 3324 1819 3369 ut
1855 3316 2030 3381 aiunt,
2075 3332 2173 3371 ne-

589 3396 939 3452 cessitatibus
964 3405 1020 3453 et
1060 3400 1641 3457 demonstrationibus.
1673 3403 1755 3458 Tu
1781 3420 1913 3459 vero
1942 3404 2171 3474 perinde

591 3485 744 3551 facis,
785 3504 850 3543 ac
885 3491 930 3543 si
971 3489 1209 3546 hominis
1238 3493 1398 3547 oculo
1428 3493 1731 3559 laborante,
1755 3511 1819 3549 ac
1844 3495 1985 3565 pede
2018 3497 2169 3562 lmso,

589 3578 785 3647 pedem
810 3580 1033 3649 quidem
1064 3598 1308 3648 curares,
1333 3585 1495 3639 oculo
1514 3594 1697 3639 autem
1713 3586 2040 3641 medicinam
2062 3603 2172 3641 non

589 3669 1019 3727 adhibereszaut
1039 3689 1163 3728 cum
1194 3675 1372 3744 pietor
1393 3692 1500 3730 non
1526 3676 1665 3732 bene
1682 3676 1970 3746 pinxisset,
1990 3678 2173 3747 pictu-

592 3778 707 3816 ram
739 3765 963 3834 quidem
989 3767 1346 3833 emendares;
1375 3768 1641 3838 pictorem
1670 3784 1802 3824 vero
1828 3778 2089 3840 tanquam
2112 3784 2173 3825 re

497 3849 504 3855 '
592 3853 730 3909 bene
748 3864 899 3926 gesta
928 3856 1260 3928 preterires.
1288 3860 1445 3927 Quod
1470 3859 1517 3914 si
1541 3860 1629 3915 his
1658 3860 1967 3915 rationibus
1987 3844 2176 3915 detur-

589 3946 704 4002 bati
728 3963 795 4002 eo
829 3950 1171 4021 confugiunt,
1218 3959 1281 4007 ut
1327 3952 1512 4007 dicant
1561 3952 1734 4007 Deum
1780 3952 2027 4022 potuisse
2053 3954 2175 4010 sine

591 4050 775 4097 mente
824 4043 1103 4099 hominem
1138 4060 1379 4111 servare,
1413 4047 1595 4116 potuit
1620 4047 1811 4116 utique
1840 4046 2007 4102 etiam
2053 4046 2175 4103 sine

513 4142 523 4148 ’
588 4147 775 4197 carne,
805 4134 920 4189 sola
946 4136 1247 4203 voluntate,
1278 4139 1421 4193 sicut
1443 4149 1498 4193 et
1519 4139 1624 4196 alia
1644 4139 1831 4194 omnia
1851 4137 1980 4194 facit
2014 4147 2073 4195 et
2090 4138 2175 4195 fe-

587 4225 665 4279 cit
693 4226 812 4281 sine
843 4228 1092 4298 corporis
1117 4244 1301 4298 opera.
1327 4229 1480 4285 Tolle
1505 4230 1672 4302 igitur
1702 4246 1811 4287 una
1840 4246 1967 4285 cum
1990 4239 2176 4287 mente

588 4330 809 4371 carnem
837 4333 1076 4389 quoque,
1119 4328 1178 4374 ut
1210 4321 1359 4375 omni
1400 4337 1468 4376 ex
1512 4329 1667 4392 parte
1694 4319 1936 4393 perfecta
1976 4322 2048 4377 sit
2082 4332 2175 4378 tua

588 4410 847 4466 amentia.

999 4701 1182 4758 Sancti
1215 4703 1453 4774 Gregorii
1498 4702 1743 4775 Nysseni.
1800 4737 1825 4758 ,ι

660 4811 745 4868 Ea:
776 4826 1018 4868 sermone
1052 4813 1116 4867 de
1148 4813 1472 4869 Abrahamo.
1508 4813 1803 4870 Descendit
1824 4812 1995 4886 “ergo
2058 4830 2171 4871 non

2279 575 2415 632 ἀλλὰ
2461 577 2535 648 μὴ
2579 565 2831 630 ἐντεῦθεν
2871 572 3010 629 εἶναι
3060 573 3154 627 καὶ¹
3198 572 3327 640 παρ’
3382 570 3561 642 ήμῶν,
3614 570 3865 641 ἀνάθεμα

2278 666 2439 723 ἔστω.
2471 666 2544 720 Τὺ
2562 666 2694 739 γᾴρ,
2732 686 2752 719 σ
2791 666 2848 720 '0
2871 664 3123 736 δεύτερος
3147 656 3435 733 ἄνθρωπος
3465 662 3522 729 ἐξ
3548 661 3797 733 ούρανοῦ,
3837 680 3859 712 ι

2279 759 2374 814 καὶ
2398 798 2413 824 ,
2449 776 2467 811 t
2503 752 2630 821 Οἷος
2670 757 2699 810 6
2737 755 3065 828 ἐπουράνιος
3087 795 3102 819 ,
3128 751 3361 808 τοιοῦτοι
3403 754 3499 805 κα)⁵
3534 754 3585 805 οἱ
3624 754 3865 825 ἐπουρά-

2277 867 2382 903 νιοι
2408 889 2423 914 ,
2479 866 2499 901 ι
2542 848 2671 915 καὶ,
2728 866 2747 899 ι
2803 846 2994 909 Οὐδεὶς
3035 843 3377 915 ἀναϐέϐηκεν
3424 844 3506 906 είς
3548 844 3645 896 ιτδν
3701 844 3868 927 ούρα-

2278 940 2388 1005 νδν,
2432 942 2480 994 εί
2516 939 2592 1011 μὴ
2621 941 2650 993 6
2691 941 2756 992 hc
2796 936 2893 991 τοῦ
2937 933 3173 1006 ούρανοῦ
3226 931 3470 997 καταϐὰς
3519 933 3548 986 6
3593 933 3719 996 Υἱὸς
3760 932 3865 988 τοῦ

2276 1030 2588 1102 ἀνθρώπου,
2629 1050 2650 1083 ι
2681 1030 2775 1084 καὶ
2803 1027 2859 1083 εἴ
2878 1045 2930 1081 τι
2960 1025 3089 1081 ἄλλο
3131 1023 3363 1088 τοιοῦτο,
3396 1024 3680 1094 νομιστέον
3700 1013 3871 1093 λέγέ-

2278 1123 2401 1178 σθαι
2425 1122 2515 1177 διὰ
2539 1122 2639 1193 τὴν
2670 1121 2806 1193 πρὸς
2832 1119 2924 1174 τὸν
2953 1118 3243 1189 ἀνθρωπον
3270 1115 3383 1188 (45)
3417 1115 3635 1180 ἕνωσιν,
3666 1114 3870 1187 ὥσπερ

2280 1219 2373 1272 καὶ
2390 1219 2452 1273 τὸ
2469 1215 2582 1285 (46)
2610 1213 2699 1269 διὰ
2718 1212 2811 1268 τοῦ
2846 1211 2960 1284 (47)
2989 1206 3227 1279 Χριστοῦ
3253 1208 3534 1278 γεγονέναι
3560 1204 3632 1260 τὰ
3658 1204 3866 1270 πάντα.

2278 1303 2371 1357 καὶ
2410 1302 2687 1357 κατοικεῖν
2743 1298 2979 1370 Χριστὸν
3025 1298 3084 1350 ὲν
3126 1298 3247 1359 ταῖς
3292 1295 3548 1367 καρδίαις
3580 1293 3759 1367 ήμῶν,
3796 1296 3871 1349 οὐ

2278 1394 2419 1450 κατά
2449 1395 2510 1447 τὸ
2538 1392 2865 1464 φαινόμενον
2896 1388 2993 1444 τοῦ
3022 1388 3181 1454 Θεοῦ,
3205 1388 3344 1443 ἀλλά
3366 1388 3509 1442 κατά
3535 1387 3598 1441 τὸ
3633 1386 3877 1457 νοούμε-

2276 1498 2399 1549 νον,
2448 1482 2796 1555 κιρναμένων
2838 1479 2953 1552 (48)
3000 1481 3192 1552 ὥσπερ
3236 1479 3346 1533 τῶν
3388 1479 3659 1550 κλήσεων,
3706 1476 3869 1532 οὕτω

2274 1574 2463 1646 δήκαὶ
2509 1573 2619 1628 τῶν
2650 1574 2887 1642 φύσεων.
2918 1601 2989 1612 -
3028 1571 3139 1626 Τοῦ
3168 1570 3357 1625 αὐτοῦ
3409 1570 3479 1624 ὲκ
3522 1568 3632 1624 τοῦ
3671 1568 3878 1624 αὑτοῦ

2274 1668 2485 1736 λόγου.
2534 1665 2632 1730 Τίς
2664 1664 2720 1718 δὲ
2746 1667 2775 1719 6
2804 1664 2964 1733 λόγος
3006 1664 3118 1736 (49)
3150 1664 3337 1727 αὐτοῖς
3363 1660 3464 1733 τῆς
3498 1659 3874 1733 ὲνανθρωπή-

2278 1775 2438 1822 σεως,
2480 1758 2648 1829 ἤγουν
2682 1758 2795 1829 (50)
2832 1756 3188 1829 σαρκώσεως,
3231 1756 3433 1827 ἴδωμεν
3462 1754 3537 1818 ὡς
3576 1756 3729 1809 αὐτοὶ
3772 1753 3879 1806 λέ-

2274 1865 2485 1917 γουσιν.
2520 1849 2583 1902 Εἰ
2617 1849 2718 1917 μὲν
2752 1848 2844 1902 ἵνα
2890 1849 3116 1921 χωρηθῇ
3144 1851 3173 1901 6
3196 1846 3331 1910 Θεὸς
3371 1846 3551 1910 άλλως
3576 1844 3877 1916 ἀχώρητος

2272 1932 2368 2006 ὣν,
2390 1941 2484 1995 κα).
2508 1941 2584 2005 ὼς
2609 1940 2714 1995 ὑπὸ
2733 1941 3200 2011 παραπετάσματι
3223 1942 3289 2011 τῇ
3321 1940 3487 2011 σαρκὶ
3506 1940 3619 2001 τοῖς
3651 1934 3878 2007 ἀνθρώ-

2273 2050 2396 2098 ποις
2435 2033 2782 2105 πρσομιλήσῃ
2807 2074 2821 2095 ,
2872 2032 3086 2103 κομψὸν
3123 2032 3185 2085 τὸ
3226 2032 3583 2103 ’προσωπεῖον
3637 2029 3875 2091 αὐτοῖς,

2273 2126 2367 2179 καὶ
2396 2127 2457 2179 τὸ
2482 2126 2667 2197 δράμα
2694 2126 2791 2194 τῆς
2822 2125 3200 2197 ὑποκρίσεως·
3234 2124 3324 2177 ἵνα
3374 2124 3446 2194 μὴ
3482 2123 3625 2191 λέγω
3652 2122 3733 2175 ὅτι
3762 2124 3877 2176 καὶ

2272 2220 2446 2283 ἄλλως
2492 2220 2751 2289 ὁμιλῆσαι
2807 2221 2939 2290 ἡμῖν
2982 2214 3092 2271 οἷόν
3127 2235 3186 2272 τε
3231 2213 3322 2289 ἦν,
3368 2217 3559 2287 ὥσπερ
3613 2216 3671 2269 ὲν
3707 2214 3876 2286 βάτῳ

2276 2310 2447 2379 πυρὸς
2476 2350 2488 2373 ,
2519 2307 2615 2361 καὶ
2643 2308 2980 2380 ἀνθρωπίνῳ
3015 2307 3143 2361 εῖδει
3181 2307 3244 2361 τὸ
3271 2307 3554 2379 πρότερον.
3595 2305 3657 2360 El
3686 2304 3743 2357 δὲ
3769 2304 3877 2358 ἵνα
3898 2324 3914 2337 ο

2273 2396 2407 2467 λύσῃ
2440 2396 2497 2449 τὸ
2527 2397 2845 2467 κατάκριμα
2869 2398 2969 2465 τῆς
2989 2396 3284 2467 ἁμαρτίας,
3312 2396 3390 2466 τῷ
3407 2395 3579 2466 ὁμοίῳ
3596 2395 3655 2447 τὸ
3674 2396 3877 2464 ὅμοιον

2273 2485 2525 2557 ἁρπάσας
2556 2485 2691 2556 (Si),
2726 2485 2923 2555 ὥσπερ
2964 2486 3169 2555 σαρκὸς
3199 2485 3388 2553 ἐδέησε
3419 2484 3507 2546 διὰ
3547 2485 3646 2551 τὴν
3677 2483 3875 2552 σάρκα

2271 2576 2717 2640 κατακριθεῖσαν,
2745 2577 2839 2629 καὶ
2866 2576 3046 2645 ψυχῆς
3086 2574 3175 2627 διὰ
3220 2575 3321 2645 τὴν
3350 2573 3553 2645 ψυχὴν,
3585 2574 3730 2627 οὕτω
3757 2576 3870 2646 καὶ

2271 2665 2478 2722 νοῦιδιά
2500 2666 2589 2719 τὸν
2618 2666 2765 2733 νοῦν,
2804 2666 2865 2718 ού
2915 2667 3222 2719 πταίσαντα
3262 2664 3422 2734 μόνον
3453 2667 3510 2718 ὲν
3539 2664 3618 2735 τῷ
3663 2664 3871 2736 ’Δδάμ,

2273 2757 2409 2813 ἀλλὰ
2458 2759 2549 2811 καὶ
2615 2758 3151 2828 πρωτοπαθήσαντα,
3220 2756 3411 2827 ὥσπερ
3469 2756 3582 2823 (52)
3651 2757 3747 2809 καὶ
3813 2760 3873 2811 oi

2277 2849 2454 2919 ἰατροὶ
2481 2849 2731 2917 λέγουσιν
2757 2849 2850 2901 ἐπὶ
2878 2849 2987 2901 τῶν
3018 2848 3497 2920 ἀρρωστημάτων.
3537 2849 3602 2900 '0
3629 2847 3874 2920 ydprﬂv

2234 2952 2242 2960 ‘
2273 2940 2494 3009 ἐντολὴν
2527 2938 2745 3003 ἐδέξατο
2775 2980 2788 3002 ,
2817 2937 2976 2992 τοῦτο
3010 2939 3105 2992 καὶ
3134 2939 3234 3009 τὴν
3260 2938 3485 3007 ἐντολὴν
3512 2940 3613 2990 οὐκ
3656 2936 3875 3006 ἐφύλα-

2275 3029 2383 3096 ξεν.
2434 3033 2499 3084 Ὅ
2533 3032 2591 3084 δὲ
2626 3032 2724 3102 τὴν
2756 3032 2975 3102 ἐντολὴν
3012 3030 3126 3103 (55)
3153 3032 3254 3085 οὐκ
3292 3030 3547 3099 ἐφύλαξε,
3581 3029 3741 3083 τοῦτο
3764 3033 3878 3086 καὶ

2273 3124 2371 3194 τὴν
2411 3124 2722 3195 παράὸασιν
2756 3124 3073 3194 ἐτόλμησεν.
3122 3124 3188 3175 Ὃ
3217 3123 3273 3175 δὲ
3306 3122 3548 3191 παρέϐη,
3573 3121 3735 3174 τοῦτο
3761 3126 3874 3176 καὶ

2277 3213 2553 3282 σωτηρίας
2580 3212 2749 3265 ὲδεῖντο
2786 3213 3021 3284 μάλιστα
3070 3210 3205 3283 (5i).
3246 3213 3309 3263 Ὃ
3356 3210 3413 3264 δὲ
3444 3212 3544 3281 τῆς
3584 3212 3875 3283 σωτηρίας

2274 3303 2467 3368 ἐδεῖτο,
2512 3304 2672 3357 τοῦτο
2712 3305 2807 3356 καὶ
2854 3301 3229 3375 προσελήφθη.
3275 3304 3334 3354 Ὀ
3378 3302 3501 3366 νοῦς
3538 3302 3647 3372 άρα
3695 3319 3879 3373 προσ-

2274 3395 2529 3465 είληπται
2561 3390 2695 3465 (55).
2720 3394 2893 3447 Τοῦτο
2917 3394 3012 3446 νῦν
3044 3392 3444 3456 ἀποδέδεικται,
3474 3393 3580 3446 κᾶν
3618 3394 3692 3463 μὴ
3731 3392 3833 3463 βού
3854 3427 3873 3437 -

2275 3486 2492 3550 λωνται,
2529 3487 2954 3556 γεωμετρικαῖς,
2987 3483 3063 3546 ὥς
3093 3483 3421 3553 casu/{(56),
3453 3484 3725 3553 ἀνάγκαις
3767 3491 3878 3541 καὶ

2277 3578 2604 3643 ἀποδείξεσι.
2636 3578 2708 3630 Σὺ
2734 3578 2790 3629 δὲ
2828 3580 3001 3641 ποιεῖς
3035 3578 3441 3648 παραπλήσιον,
3498 3577 3687 3648 ὥσπερ
3713 3579 3779 3632 ἂν
3820 3584 3876 3634 εί

2276 3667 2559 3737 ὀφθαλμοῦ
2580 3668 2872 3738 ἀνθρώπου
2890 3669 3219 3739 νοσήσαντος
3242 3669 3377 3739 (57),
3404 3672 3497 3723 καὶ
3520 3672 3676 3734 ποδὸς
3698 3689 3880 3742 προσ-

2276 3758 2636 3824 πταίσαντος,
2662 3759 2753 3813 τὸν
2774 3760 2913 3813 πόδα
2938 3761 3034 3832 μὲν
3057 3760 3391 3832 ἐθεράπευες
3413 3803 3427 3826 ,
3461 3764 3552 3815 τὸν
3578 3763 3633 3815 δὲ
3661 3763 3874 3831 ὀφθαλο

2279 3850 2378 3922 μὸν
2400 3850 2771 3923 ἀθεράπευτον
2799 3851 2938 3915 εἴας·
2961 3851 2993 3921 ἢ
3025 3849 3318 3924 ζωγράφου
3338 3870 3390 3905 τι
3415 3852 3488 3923 μὴ
3520 3852 3702 3915 καλῶς
3728 3855 3880 3923 γρά-

2276 3942 2507 4011 ψαντος,
2543 3938 2605 3994 τὸ
2632 3941 2729 4011 μὲν
2762 3942 2977 4014 γραφὲν
3009 3944 3340 4013 μετεποίεις,
3364 3930 3455 3995 τὸν
3484 3943 3541 3996 δὲ
3573 3944 3879 4015 ζωγράφον

2276 4030 2353 4094 ὡς
2366 4030 2732 4102 κατορθοῦντα
2750 4020 3103 4104 παρέτρεχες.
3119 4034 3183 4086 El
3202 4034 3257 4087 δὲ
3276 4033 3381 4085 ὑπὸ
3400 4033 3604 4087 τούτων
3622 4036 3889 4104 ὲξειργόε

2281 4139 2436 4194 μενοι
2466 4121 2577 4175 τῶν
2598 4113 2910 4193 λογισμῶν,
2942 4123 3385 4193 καταφεύγουσιν
3413 4125 3507 4177 ὲπὶ
3536 4124 3597 4177 τὺ
3639 4124 3880 4179 δυνατὸν

2278 4209 2419 4268 εἶναι
2458 4213 2613 4284 Θεῷ,
2644 4213 2740 4266 καὶ
2770 4214 2944 4284 χωρὶς
2975 4212 3068 4267 νοῦ
3103 4202 3277 4269 σῶσαι
3309 4215 3401 4268 τὸν
3430 4214 3740 4285 ἄνθρωπον,
3776 4216 3882 4269 δυ-

2278 4307 2437 4360 νατὸν
2488 4306 2663 4375 δήπου
2706 4305 2800 4359 καὶ
2832 4305 3002 4376 χωρὶς
3037 4306 3239 4377 σαρκὸς
3265 4307 3414 4377 μόνῳ
3440 4307 3517 4376 τῷ
3554 4307 3877 4376 βούλεσθαι,

2278 4397 2466 4467 ὥσπερ
2511 4398 2604 4450 καὶ
2634 4396 2703 4450 τὰ
2747 4396 2884 4449 ἀλλα
2932 4396 3111 4450 πάντα
3160 4399 3376 4468 ἐνεργεῖ
3419 4399 3514 4452 καὶ
3560 4399 3881 4471 ἐνήργηκεν

2208 4490 2254 4546 D
2283 4487 2592 4557 ἀσωμάτως
2631 4484 2769 4555 (58).
2804 4485 2999 4565 Ἀνελε
3032 4481 3125 4539 οῦν
3176 4487 3317 4556 μετά
3354 4487 3449 4541 τοῦ
3495 4489 3587 4542 νοῦ
3632 4489 3728 4542 καὶ
3769 4489 3881 4563 τὴν

2284 4580 2485 4656 σάρκα,
2512 4578 2579 4634 ἶν’
2682 4595 2764 4632 σοι
2794 4577 3000 4632 τέλειον
3033 4578 3095 4631 τὸ
3122 4577 3224 4649 τῆς
3245 4579 3530 4645 ἀπονοίας.

2388 4692 2505 4751 Τοῦ
2535 4693 2707 4763 ἁγίου
2743 4691 3075 4763 Γρητηρίου
3104 4691 3446 4747 ἐπισκόπου
3478 4692 3754 4764 Νύσσης.

2360 4810 2463 4864 Ἕκ
2496 4806 2602 4864 τοῦ
2623 4808 2810 4877 λόγου
2844 4804 2959 4877 (59)
2998 4804 3103 4859 τοῦ
3130 4805 3218 4871 εις
3243 4804 3352 4861 τὸν
3386 4804 3665 4877 Ἀϐραάμ.
3724 4806 3877 4862 Κατ-

663 4970 1133 5037 ιοιαοτ.ιν,ι·ι.
1208 4974 1253 5005 ιο
1288 4970 1538 5028 Inicus.
1614 4972 1659 5005 ιο
1691 4971 1854 5027 Joan.
1887 4948 1965 5036 ιη,
1997 4972 2102 5027 15..
2160 4971 2175 5003 ι

2273 4985 2385 5026 )an.
2419 4984 2459 5035 ι,
2481 4967 2551 5031 5;
2586 4965 2754 5021 Hebr.
2786 4980 2823 5030 ι,
2852 4963 2907 5018 2.
2984 4963 3031 4995 "
3062 4961 3267 5032 Ephes.
3302 4977 3385 5029 m,
3420 4961 3507 5017 Π.

662 5105 777 5178 (44)
808 5106 957 5178 Edit.
992 5105 1167 5178 Raris.
1189 5114 1235 5178 ι.
1261 5104 1308 5178 l,_
1341 5120 1396 5175 p.
1434 5102 1555 5178 746,
1591 5102 1761 5159 habet
1790 5101 1957 5172 λέγοι.

663 5174 777 5248 (45)
814 5177 970 5248 ᾶνθρ.
1006 5176 1154 5248 Edit.
1189 5174 1363 5248 Paris.
1392 5174 1670 5248 οὐράνιον.

667 5244 778 5313 (46)
812 5248 894 5301 τό.
920 5244 1213 5303 Ὀηιίεειιιῐι
1250 5245 1305 5298 in
1341 5244 1474 5299 edit.
1512 5244 1705 5313 priori.

668 5314 780 5384 (47)
826 5317 942 5371 τοῦ.
978 5316 1107 5371 Des.
1141 5315 1198 5369 in
1231 5314 1364 5369 edit.
1393 5314 1571 5370 Paris.

669 5384 1285 5461 (58)_xtpv.—_cptiae_tpv.
1304 5384 1461 5461 L_oco_
1476 5384 1582 5461 cit._
1608 5387 1951 5461 κιρναμένων
1982 5388 2173 5456 ὥσπερ

594 5453 703 5513 τῶν
734 5453 1143 5529 φύσενων,ίοῦτω
1173 5456 1361 5529 ﬂutat
1393 5453 1502 5508 τῶν
1520 5453 1893 5529 *κλήσεωνκαὶ
1928 5453 2172 5529 περιχωὲ-

598 5528 912 5599 ρουσῷνίεις
942 5525 1176 5599 ἀλλήλας
1204 5524 1471 5599 τῷ-λόγῳ-
1484 5524 1583 5595 τῆς
1606 5524 1921 5599 compone.

693 5598 783 5667 49)
806 5598 835 5651 6
856 5599 1033 5667 λόγος.
1064 5595 1219 5667 Loco
1243 5595 1425 5667 cit.‘!._'
1449 5595 1492 5659 Ι,
1526 5611 1581 5665 p.
1604 5596 1726 5667 763,
1754 5595 1943 5667 praem.
1983 5602 2091 5655 καί.

694 5664 783 5738 50)
810 5664 988 5742 ήγοῦν-
1007 5697 1075 5708 -
1105 5665 1375 5742 λίγουσιν.
1580 5666 1675 5722 cit.
1728 5664 1927 5740 legitur
1949 5669 2170 5742 ἴδωμεν,

600 5734 781 5811 circa?
814 5734 1268 5811 adpxdgatwcﬁbc
1296 5735 1451 5811 αὐτοι
1476 5734 1748 5811 λέγουσιν.
1786 5734 1819 5805 ⁷,

675 5808 789 5881 (5i)
820 5805 952 5886 ἀρπ.
993 5809 1140 5869 Loco
1172 5808 1264 5865 cit.
1306 5813 1392 5865 est
1425 5805 1680 5875 ἁγιάσας.

2346 5102 2459 5172 (52)
2499 5101 2709 5172 ὥσπερ.
2744 5100 2826 5156 Ib.
2862 5100 3000 5172 ὅπερ
3028 5102 3100 5156 oi.

2371 5171 2459 5229 53)
2488 5191 2538 5226 τ.
2568 5171 2675 5226 ὲντ.
2714 5173 2840 5227 Des.
2878 5171 2916 5225 l.
2951 5186 3001 5226 c.

2371 5174 2438 5229 53
2488 5191 2538 5226 τ.
2568 5174 2675 5226 ὲντ.
2714 5174 2840 5227 Des.
2878 5174 2916 5225 l.
2951 5186 3001 5226 c.

2346 5174 2459 5314 (54)
2496 5244 2731 5314 μάλιστα
2758 5272 2825 5281 -
2857 5241 3079 5314 ἐδεῖτο.-
3117 5242 3244 5314 Haec
3276 5257 3422 5314 qua:
3462 5244 3533 5299 ob
3587 5241 3876 5314 δμοιοτελ.

2273 5311 2545 5370 exeidisse
2580 5313 2859 5383 videntur,
2896 5327 2963 5366 ex
2994 5311 3338 5383 edit.AParis.
3374 5311 3773 5383 supplevimus.

2487 5384 2649 5440 Sirm.
2688 5382 2929 5457 habebat
2948 5381 3371 5457 προσειλῆφθαι.
3402 5381 3551 5452 quod
3580 5398 3649 5437 ex
3684 5382 3876 5440 Paris.

2274 5450 2410 5511 edit.
2443 5450 2661 5509 mutare
2684 5462 2742 5508 et
2772 5450 2931 5505 τοῦτο
2966 5450 3170 5507 addere
3195 5450 3372 5508 visum
3410 5450 3517 5509 est.

2378 5525 2465 5590 56)
2494 5540 2675 5593 φασιν.
2695 5523 2849 5593 Edit.
2870 5522 3041 5577 Paris.
3064 5523 3229 5578 addit
3261 5522 3435 5577 αὐτοί.

2378 5525 2465 5590 56)
2494 5540 2675 5593 φασιν.
2695 5524 2841 5578 Edit.
2870 5524 3041 5577 Paris.
3064 5524 3229 5578 addit
3261 5524 3378 5577 αύτι

2379 5598 2445 5652 57
2504 5611 2617 5647 νοσ.
2648 5593 2795 5649 Edit.
2828 5592 3003 5647 Paris.
3032 5594 3378 5655 πταίσαντος.

2355 5524 2469 5739 (58)
2518 5662 3084 5739 ξνήργκὰσωμάτως.
3117 5663 3195 5718 Ita
3247 5661 3378 5722 editi

2286 5733 2632 5793 Sirmondus
2647 5734 2885 5805 habebat
2918 5733 3203 5805 tvﬂp'mxe
3230 5751 3309 5787 σω

2356 5807 2468 5879 (59)
2503 5806 2619 5876 λόγ.
2647 5834 2717 5848 -
2750 5802 3031 5875 Ἁϐραάμ.
3059 5802 3125 5861 ιιι
3140 5804 3274 5861 edit.

2518 5662 3084 5744 ξνήργκὰσοξμάτως.
3117 5663 3195 5718 Ita
3247 5661 3419 5722 editio
3465 5661 3641 5744 Paris.
3694 5675 3879 5723 reme.

3392 5749 3579 5794 τικως.

3393 5803 3488 5859 ris.
3514 5808 3693 5860 exstat
3730 5809 3872 5861 tonio
