4148 6392
297 327 367 396 0':
1369 327 1753 421 DIALOGUS
1793 327 1843 388 I.
1873 352 1893 361 -

1994 327 2512 392 [MMUTABILIS
3518 326 3593 397 98

300 438 397 511 ἐστι
431 436 614 490 τοίνυν
659 435 775 508 (60)
825 437 887 492 οὗ
921 438 1336 510 γυμνδςηηΛόγος
1367 439 1518 511 (61),
1573 439 1712 494 ἀλλὰ
1749 436 1890 510 σὰρξ

1994 440 2203 496 nudum
2240 441 2352 514 64
2387 441 2653 507 Verbum,
2707 440 2805 496 sed
2861 457 2988 497 caro
3024 440 3232 498 factum
3270 461 3283 496 :
3315 457 3432 498 nou
3491 444 3592 500 Dei

297 533 591 604 γενόμενος
610 547 625 562 ·
665 531 769 603 οὐχ
795 532 830 604 ἡ
864 530 962 586 τοῦ
1001 530 1138 586 Θεοῦ
1192 532 1378 605 μορφὴ
1409 532 1544 603 (6Ξ),
1581 531 1702 585 ἀλλ’
1733 533 1768 602 ἡ
1797 530 1890 584 τοῦ

299 623 490 677 δούλου
525 623 712 695 μορφή
751 623 889 694 (63).
930 615 1098 687 Οὗτος
1123 619 1219 678 οῦν
1249 625 1402 677 ἐστιν
1436 625 1463 676 ὁ
1489 622 1659 676 εἰπὼν
1693 622 1771 694 μὴ
1799 623 1891 676 δύο

299 713 494 768 νασθαι
546 715 641 783 ἀφ’
674 713 900 784 ὲαυτοῦί
920 714 1123 786 τι,(64)
1166 717 1344 768 ποιεῖν
1382 713 1518 784 (65).
1546 713 1620 766 Τὸ
1655 713 1767 786 γὰρ
1817 714 1891 784 μὴ

298 806 564 860 δύνασθαι
606 805 895 869 ἀσθενείας
919 806 1089 861 ἐστίν.
1139 807 1229 871 Ὠς
1256 806 1368 878 γὰρ
1397 805 1476 876 τῷ
1505 807 1645 878 φωτὶ
1673 807 1736 859 τὸ
1764 807 1892 860 σκό-

297 915 416 960 τος,
448 898 543 952 καὶ
576 897 605 949 ὀ
626 895 857 962 θάνατος
876 900 945 968 τῇ
977 897 1114 968 ζωῇ,
1140 898 1284 952 οὕτω
1309 901 1374 968 τῇ
1399 889 1628 968 δυνάμει
1655 898 1895 952 ἀντιδια-

301 989 583 1042 στέλλεται
619 991 654 1060 ἠ
683 988 961 1043 ἀσθένεια.
1013 989 1178 1042 Ἀλλὰ
1223 989 1331 1060 μὴν
1380 989 1620 1060 Χριστὸς
1660 989 1894 1058 δύναμις

297 1078 439 1134 Θεοῦ
476 1079 613 1149 (66).
659 1080 774 1133 Οὐκ
804 1080 1070 1144 ἀδύνατος
1100 1078 1211 1150 (67)
1246 1079 1465 1143 πάντως
1495 1082 1528 1150 ἡ
1555 1079 1807 1149 δύναμις.
1831 1079 1894 1132 Εἰ

297 1173 465 1243 γάρή
505 1170 742 1243 δύναμις
812 1172 1107 1244 άσθενοίη,
1139 1172 1192 1226 τί
1232 1173 1295 1225 τὸ
1335 1173 1672 1242 δυνάμενον;
1724 1173 1895 1226 Ὅταν

299 1261 395 1320 οὖν
419 1267 793 1335 ἀποφαίνηται
819 1266 848 1319 ὀ
867 1266 1042 1334 Λόγος
1067 1266 1147 1319 δτι
1180 1266 1241 1318 οὒ
1261 1265 1486 1320 δύναται
1513 1269 1707 1331 ποιεῖν,
1737 1265 1896 1335 δῆλον

299 1354 382 1407 ὅτι
427 1354 554 1423 οὐχὶ
584 1357 652 1426 τῇ
693 1354 912 1426 θεότητι
953 1354 1050 1408 τοῦ
1082 1355 1431 1423 Μονογενοῦς
1456 1356 1557 1426 τὴν
1588 1353 1896 1425 ἀδυναμίαν

300 1444 662 1517 προστίθησιν
703 1444 817 1517 (68)
849 1486 864 1511 ,
915 1445 1052 1499 ἀλλὰ
1077 1449 1142 1516 τῇ
1177 1445 1434 1516 ἀσθενείᾳ
1476 1447 1579 1515 τῆς
1617 1445 1896 1516 ἡμετέρας

303 1535 527 1606 φύσιως
575 1540 998 1609 προσμαρτυρεῖ
1039 1538 1100 1592 τὸ
1131 1537 1413 1592 ἀδύνατον.
1464 1537 1727 1608 Ἀσθενὴς
1757 1538 1813 1591 δὲ
1861 1538 1894 1609 ἡ

299 1628 460 1700 σὰρξ,
489 1627 675 1693 καθὼς
705 1629 1044 1700 γέγραπται,
1077 1630 1160 1682 ὅτι
1195 1649 1213 1682 ι
1257 1630 1332 1683 Τὸ
1357 1630 1582 1700 πνεῦμα
1621 1630 1733 1702 (69)
1763 1629 1898 1702 πρό-

298 1720 493 1792 θυμον,
516 1722 550 1792 ἡ
572 1721 628 1774 δὶ
653 1720 791 1793 σὰρξ
814 1720 1064 1793 ἀσθενής.
1100 1741 1196 1773 ›-
1213 1721 1324 1776 Τοῦ
1353 1722 1540 1776 αὐτοῦ
1574 1722 1641 1774 ἐκ
1660 1721 1771 1794 (70)
1788 1721 1896 1776 τοῦ

297 1781 435 1882 Περὶ
477 1781 824 1882 τελειότητος
864 1781 1209 1882 βίουίγἊλλὰ
1238 1813 1404 1867 πάλιν
1445 1815 1473 1865 ό
1509 1781 1766 1884 άληθίνὸς
1804 1831 1892 1866 νο·
1927 1781 1970 1839 Β

300 1903 558 1973 μοθὴης,
608 1899 670 1958 οῦ
709 1904 885 1967 τύπος
917 1900 984 1976 ἧν
1009 1905 1038 1956 ὁ
1067 1904 1332 1974 Μωῦσῆς,
1372 1905 1437 1957 ὲκ
1466 1906 1564 1976 τῆς
1597 1905 1701 1975 γῆς
1734 1905 1894 1976 ἡμῶν

296 1992 479 2061 ἑαυτῷ
504 1994 606 2057 τὰς
647 1994 749 2064 τῆς
789 1994 1015 2062 φύσεως
1068 1995 1182 2066 (71)
1219 1995 1437 2060 πλάκας
1473 1996 1782 2062 ὲλάξευσεν.
1817 1997 1892 2050 Οὐ

294 2087 404 2156 γὰρ
447 2086 630 2156 γάμος
678 2085 847 2140 αὐτοῦ
896 2086 1008 2157 (72)
1050 2086 1148 2157 τὴν
1196 2087 1445 2158 θεοδόχον
1485 2087 1892 2159 ἐδημιούργησε

295 2179 497 2249 σάρκα,
532 2178 650 2231 ἀλλ’
679 2179 844 2242 αὐτὸς
870 2179 967 2249 τῆς
1000 2179 1136 2243 ἰδίας
1156 2181 1361 2251 σαρκὺς
1391 2182 1601 2248 γίνεται
1631 2180 1889 2251 λατόμος,

292 2272 391 2340 τῆς
420 2269 500 2340 τῷ
534 2269 668 2342 θείῳ
703 2270 955 2342 δακτύλῳ
989 2273 1459 2344 καταγραφείσης.
1511 2273 1737 2343 Πνεῦμα
1783 2275 1893 2344 γὰρ

292 2361 452 2429 ἅγιον
488 2359 658 2434 ἦλθεν
699 2363 794 2417 ἐπὶ
826 2365 925 2434 τὴν
955 2365 1255 2435 Παρθένον,
1298 2367 1452 2437 καὶὴ
1488 2366 1585 2420 τοῦ
1629 2367 1890 2436 Ὑψίστου

292 2454 595 2511 ὲκεσκῐασε
621 2453 874 2524 δύναμις.
921 2455 1075 2507 Ἐπεὶ
1108 2456 1166 2508 δὲ
1187 2455 1347 2509 τοῦτο
1381 2458 1574 2525 γέγονε
1609 2459 1747 2528 (75),
1783 2459 1891 2512 πά-

291 2544 376 2597 λιν
390 2545 454 2597 τὸ
483 2545 854 2615 άσύντριπτον
883 2546 1092 2617 ἐσχενή
1115 2547 1300 2621 φύσις,
1326 2548 1594 2612 ἀθάνατος
1619 2550 1889 2622 γενομένη

291 2639 401 2700 τοῖς
421 2636 517 2688 τοῦ
542 2635 812 2689 δακτύλου
839 2639 1210 2712 χαράγμασιν.
1236 2671 1306 2681 -
1339 2643 1450 2697 Τοῦ
1479 2643 1667 2697 αὑτοῦ
1688 2644 1758 2697 ἐκ
1784 2643 1892 2697 τοῦ

291 2729 442 2782 κατὰ
477 2729 788 2799 Εὐνομιου
827 2731 1034 2798 λόγου.
1067 2733 1251 2802 Φαμὲν
1287 2732 1503 2799 τοίνυν,
1545 2737 1628 2788 ὅτι
1675 2737 1734 2788 ὲν
1775 2735 1889 2809 (74)

294 2821 394 2891 μὶν
424 2825 540 2884 τοῖς
581 2822 689 2892 πρὸ
735 2822 928 2875 τούτου
958 2823 1140 2892 λόγοις
1173 2825 1347 2878 εἰπὼν
1389 2828 1487 2897 τὴν
1522 2829 1718 2896 σοφίαν
1742 2829 1886 2898 ᾠκο-

289 2913 593 2982 δομηκέναι
640 2915 809 2983 ἑαυτῇ
858 2908 1007 2967 οἷκον
1052 2917 1200 2985 (75),
1253 2917 1354 2988 τὴν
1396 2918 1498 2987 τῆς
1543 2919 1750 2989 σαρκὸς
1793 2919 1888 2972 τοῦ

290 3003 502 3072 Κυρίου
554 3004 909 3073 κατασκευὴν
946 3005 1026 3075 τῷ
1072 3005 1219 3077 λόγῳ
1271 3007 1387 3077 (76)
1437 3007 1767 3063 αἰνίσσεται.
1811 3010 1886 3062 Οὐ

287 3093 400 3164 γάρ
433 3095 492 3146 ἑν
523 3095 793 3166 ἀλλοτρίῳ
807 3095 1207 3166 οἰκοδομήματι
1235 3098 1267 3167 ὴ
1301 3097 1534 3170 ἀληθινὴ
1559 3100 1723 3169 σοφία
1750 3117 1884 3153 κατι
1918 3122 1962 3170 ε

287 3186 533 3257 ᾤκησεν,
564 3186 680 3238 ἀλλ’
729 3188 898 3257 ἑαυτῇ
929 3187 1009 3248 τὸ,
1034 3190 1355 3258 οἰκητήριον
1388 3190 1452 3242 ὲκ
1491 3190 1586 3243 τοῦ
1624 3191 1888 3261 παρθενι-

287 3276 390 3329 κοῦ
441 3277 696 3346 σώματος
727 3277 1032 3348 ὲδομήσατο
1065 3278 1197 3348 (77).
1223 3307 1294 3319 -
1331 3281 1441 3334 Τοῦ
1468 3282 1659 3336 αὑτοῦ
1687 3283 1756 3335 ἐκ
1783 3282 1892 3352 τῆς

285 3367 488 3435 αὐτῆς
515 3370 946 3437 πραγματείας.
996 3370 1053 3422 '0
1085 3369 1260 3438 Λόγος
1288 3372 1394 3442 πρὸ
1415 3372 1524 3425 τῶν
1553 3371 1766 3426 αἰώνων
1798 3370 1887 3443 ἦν,

287 3460 323 3526 ἡ
368 3455 507 3527 σὰρξ
533 3457 588 3509 δὲ
623 3459 713 3510 ἐπ’
748 3457 1002 3526 ἐσχάτων
1027 3460 1246 3526 ἐγένετο
1267 3460 1375 3512 τῶν
1397 3462 1628 3531 χρόνων,
1667 3465 1763 3516 κα).
1791 3465 1891 3518 οὐκ

285 3547 362 3603 ἄν
391 3565 474 3611 τις
503 3548 852 3618 ἀναστρέψας
888 3550 1055 3613 εἴποι,
1087 3551 1118 3620 ἢ
1148 3552 1352 3623 ταύτην
1377 3553 1707 3624 προαιώνιον
1725 3552 1888 3621 εἶναι,

285 3637 323 3708 ἢ
374 3638 431 3689 ὲν
474 3641 587 3701 τοῖς
617 3638 874 3708 ἐσχάτοις
905 3641 1240 3716 γεγενῆσθαι
1287 3645 1380 3696 τὸν
1415 3646 1609 3713 Λόγον.
1660 3676 1731 3686 -
1779 3647 1890 3701 Τοῦ

285 3729 485 3783 αὐτοῦ
528 3731 597 3783 ἐκ
643 3729 755 3798 τῆς
802 3732 998 3800 αὐτῆς
1041 3737 1469 3804 πραγματείας.
1524 3739 1640 3791 Οὐκ
1691 3741 1754 3792 ἐκ
1793 3738 1888 3793 τοῦ

285 3818 444 3872 θείου
473 3836 532 3872 τε
555 3821 650 3874 καὶ
675 3822 961 3892 ἀκηράτου
999 3825 1150 3877 ἐστὶν
1196 3828 1228 3896 ἡ
1265 3826 1361 3879 τοῦ
1404 3827 1517 3898 (78)
1557 3829 1768 3884 ἔκτισε(
1808 3850 1885 3900 με

283 3913 473 3982 φωνὴ,
507 3913 641 3967 ἀλλὰ
663 3914 848 3978 καθὼς
882 3918 1120 3988 εἴρηται,
1144 3919 1209 3971 ἐκ
1229 3919 1323 3972 τοῦ
1346 3921 1752 3990 ἀναληφθέντος
1774 3924 1887 3993 (79)

281 4006 744 4076 κατόίκονομίαν
763 4008 873 4061 ἀπὸ
889 4009 987 4076 τῆς
1010 4012 1235 4081 κτιστῆς
1267 4012 1423 4082 ἡμῶν
1442 4014 1680 4081 φύσεως.
1698 4017 1889 4071 -Τοῦ

280 4097 481 4153 αὑτοῦ
513 4098 580 4150 ἐκ
607 4099 716 4152 τοῦ
734 4101 816 4162 εἰς
835 4101 957 4164 τοὺς
985 4103 1388 4175 Μακαρισμοὺς
1407 4108 1596 4176 λόγου
1626 4109 1885 4176 πρώτου.

284 4206 306 4240 ι
365 4188 467 4250 ’ος
495 4189 553 4239 ὲν
587 4192 772 4260 μορφῇ
797 4190 935 4243 Θεοῦ
975 4191 1256 4263 ὑπάρχων,
1292 4196 1394 4265 οὔχ
1418 4198 1715 4266 ἁρπαγμὸν
1746 4201 1887 4271 ἡγή-

281 4294 425 4331 σατο
458 4279 523 4330 τὸ
545 4275 684 4334 εἶναι
719 4281 809 4335 ίσα
835 4282 976 4352 Θεῷ,
1017 4285 1130 4339 ἀλλ’
1163 4287 1354 4341 ἑαυτὸν
1394 4289 1630 4342 ὲκένωσε
1668 4292 1885 4362 μορφὴν

1994 531 2194 598 fonna,
2232 534 2329 588 sed
2359 533 2536 588 forma
2575 532 2742 588 servi.
2770 532 2871 587 Hic
2901 533 3070 604 igitur
3105 546 3213 599 est,
3247 534 3340 604 qui
3372 533 3512 589 dixit
3545 533 3592 566 ⁸⁸

1995 633 2054 673 se
2079 636 2188 674 non
2215 636 2375 690 posse
2401 637 2430 676 a
2456 623 2638 692 seipse
2676 621 2857 676 iacere
2879 622 3203 692 quidquam.
3249 623 3386 704 Nam
3412 622 3591 680 imbe-

1996 709 2244 765 cillitatis
2276 721 2361 765 est
2390 728 2500 767 non
2526 729 2706 782 posse.
2731 714 2886 769 Sicut
2917 715 3066 768 enim
3101 714 3213 770 luci
3244 715 3510 779 tenebrae,
3535 724 3594 771 et

1996 816 2147 857 mors
2184 803 2328 868 vitae,
2369 804 2447 858 sic
2484 805 2745 874 potentia:
2774 806 3076 876 Opponitur
3107 806 3481 863 imbecillitas.
3520 808 3595 864 At

1996 893 2250 949 Christus
2281 905 2367 950 est
2389 897 2636 966 potentia
2675 897 2793 952 Dei.
2835 899 2956 953 Non
3003 906 3088 952 est
3121 899 3290 968 igitur
3332 899 3596 968 potentis

1997 986 2299 1056 quidquam
2329 987 2692 1056 impossibile.
2726 987 2782 1042 Si
2821 991 2967 1044 enim
2997 991 3272 1046 imbecilla
3291 999 3377 1046 est
3400 1000 3596 1061 poten-

1998 1079 2094 1143 tia,
2124 1080 2256 1149 quid
2289 1087 2489 1149 potens
2522 1082 2639 1135 est?
2671 1079 2902 1146 Quando
2931 1081 3098 1151 igitur
3129 1083 3372 1137 Verbum
3399 1098 3457 1137 se
3481 1099 3593 1138 non

1998 1184 2158 1240 posse
2179 1170 2362 1226 facere
2385 1171 2538 1234 dicit,
2564 1173 2918 1242 perspicuum
2957 1172 3210 1242 estquod
3245 1188 3358 1227 non
3387 1174 3590 1228 divini-

1997 1260 2095 1313 tati
2128 1259 2407 1330 Unigeniti
2434 1260 2812 1330 impotentiam
2849 1261 3076 1325 tribuat,
3105 1261 3200 1316 sed
3228 1261 3594 1317 imbecillitati

1998 1359 2211 1405 natura;
2252 1360 2453 1406 nostra:
2483 1353 2986 1421 impossibilitatcm
3025 1353 3284 1407 ascribat.
3320 1353 3418 1408 Est
3443 1353 3594 1408 enim

1999 1456 2128 1495 caro
2165 1441 2403 1506 inﬁrma,
2437 1441 2583 1496 sicut
2633 1441 2901 1512 scriptum
2951 1449 3035 1495 est
3080 1460 3091 1494 :
3133 1461 3151 1492 ι
3193 1441 3432 1512 Spiritus
3467 1443 3594 1513 qui-

1999 1530 2124 1584 dem
2189 1541 2480 1600 promptus
2518 1541 2622 1595 est,
2679 1549 2809 1586 caro
2869 1542 3054 1587 autem
3104 1533 3317 1588 inﬁrma
3357 1535 3422 1588 “.
3478 1553 3628 1603 ›--⁸

2000 1620 2278 1690 Ejusdem,
2311 1639 2374 1675 ex
2412 1623 2544 1677 libro
2587 1625 2663 1678 De
2687 1625 3028 1694 perfectione
3072 1626 3218 1681 vitaz.
3262 1626 3370 1681 Sed
3401 1643 3596 1682 rursus

1998 1728 2168 1768 verus
2193 1714 2493 1784 legislator,
2547 1717 2705 1786 cujus
2738 1716 2908 1786 ﬁgura
2938 1726 3059 1771 erat
3097 1717 3296 1782 Moses,
3331 1734 3396 1772 ex
3447 1728 3598 1774 terra

1998 1814 2190 1860 nostra
2225 1807 2330 1861 sibi
2365 1807 2469 1876 ipsi
2499 1815 2711 1863 natura:
2751 1807 2966 1863 tabulas
3022 1809 3249 1866 excidit.
3286 1810 3407 1865 Non
3446 1811 3598 1866 enim

1996 1899 2205 1968 nuptiae
2226 1915 2449 1954 carnem
2479 1900 2577 1954 Dei
2626 1916 2884 1970 capacem
2918 1900 3266 1957 fabricarum
3295 1921 3308 1956 :
3350 1903 3447 1958 sed
3478 1903 3596 1973 ipse

1997 1989 2236 2060 propria:
2266 1991 2449 2048 carnis
2497 1991 2557 2045 ﬁt
2589 1992 2825 2062 lapicida
2856 1992 3047 2047 divino
3091 1993 3264 2064 digito
3292 1995 3593 2065 inscriptae.

1995 2083 2132 2138 Nam
2184 2083 2424 2152 Spiritus
2461 2094 2687 2140 sanctus
2715 2085 2866 2139 venit
2901 2087 2970 2140 ad
2994 2087 3297 2156 Virginem,
3327 2096 3383 2143 et
3419 2089 3598 2142 virtus

1995 2173 2262 2228 Altissimi
2305 2174 2660 2229 obumbravit
2689 2190 2809 2229 eam
2849 2176 2914 2228 ".
2954 2176 3252 2245 Postquam
3277 2186 3461 2232 autem
3491 2178 3599 2233 hoc

1995 2263 2198 2318 factum
2243 2275 2346 2330 est,
2387 2266 2722 2320 inviolabilis
2767 2283 2962 2322 rursus
3003 2267 3181 2322 evasit
3237 2277 3454 2334 natura,
3491 2270 3599 2323 im-

1996 2357 2248 2414 mortalis
2309 2357 2484 2413 divini
2554 2358 2711 2429 digiti
2768 2360 3230 2428 impressionibus
3282 2359 3600 2415 effecta.—

1996 2446 2288 2516 Ejusdem,
2340 2466 2404 2503 ea:
2462 2449 2593 2504 libro
2645 2451 2898 2505 adversus
2950 2450 3299 2506 Eunomium.
3353 2453 3598 2508 Dicimus

1993 2538 2101 2608 65
2130 2555 2284 2610 ergo,
2314 2540 2464 2610 quod
2499 2557 2689 2612 supra,
2717 2558 2842 2596 cum
2875 2543 3202 2612 sapientiam
3241 2543 3343 2598 sibi
3368 2543 3596 2607 domum

1993 2627 2295 2683 mdiﬁcasse
2325 2629 2482 2694 dixit,
2514 2631 2699 2686 carnis
2733 2632 2951 2686 Domini
2975 2634 3444 2689 constructionem
3470 2652 3596 2690 ver-

1995 2717 2082 2773 bis
2106 2719 2215 2774 illis
2241 2720 2478 2776 obscure
2510 2721 2798 2792 signiﬁcet.
2822 2723 2941 2778 Non
2966 2725 3116 2781 enim
3144 2725 3324 2781 aliena
3348 2726 3403 2780 in
3430 2727 3596 2781 domo

1993 2827 2124 2866 vera
2146 2813 2419 2882 sapientia
2443 2816 2736 2879 habitavit,
2769 2817 2865 2871 sed
2896 2817 3240 2874 domicilium
3267 2821 3372 2875 sibi
3397 2836 3460 2876 ex
3488 2822 3598 2874 vir—

1994 2903 2162 2974 ginali
2190 2919 2423 2975 corpore
2447 2906 3092 2978 instruxit.——Ejusdem,
3123 2927 3186 2963 ex
3212 2912 3392 2966 eodem
3415 2929 3591 2982 apere.

1993 2996 2238 3052 Verbum
2261 3005 2389 3051 ante
2422 2999 2621 3053 secula
2652 3007 2792 3063 erat,
2823 3016 2948 3053 caro
2970 3011 3153 3055 autem
3186 3004 3240 3056 in
3281 3003 3598 3061 novissimis

1995 3087 2340 3156 temporibus
2368 3087 2509 3144 facta
2537 3098 2653 3156 est;
2690 3106 2796 3145 nec
2825 3101 3016 3146 contra
3047 3093 3338 3164 quisquam
3369 3096 3593 3158 dixerit,

1995 3178 2081 3232 vel
2113 3178 2257 3233 hanc
2281 3188 2409 3234 ante
2433 3180 2632 3234 saecula
2664 3179 2857 3245 fuisse,
2896 3181 2982 3235 vel
3009 3182 3064 3237 in
3106 3185 3422 3240 novissimis
3452 3186 3594 3240 tem-

1994 3270 2228 3339 poribus
2252 3270 2456 3324 l‘actum
2481 3287 2602 3326 esse
2632 3269 2983 3326 Verbum.—
3015 3277 3293 3345 Ejusdem,
3327 3294 3391 3331 ex
3414 3263 3597 3333 eodem

1994 3378 2168 3432 opere.
2210 3362 2327 3416 Non
2355 3362 2423 3416 de
2454 3362 2644 3418 divino
2665 3375 2721 3418 et
2750 3365 2820 3419 ab
2861 3366 3089 3422 interitu
3119 3369 3301 3424 alieno
3319 3371 3437 3426 haec
3465 3389 3593 3436 vox,

1995 3453 2204 3510 Creavit
2223 3473 2305 3508 me
2333 3457 2422 3520 "',
2449 3456 2804 3527 intelligenda
2827 3468 2931 3523 est,
2963 3461 3058 3514 sed
3086 3461 3156 3515 de
3184 3477 3272 3526 eo,
3301 3473 3361 3518 ut
3383 3465 3595 3521 dictum

1993 3557 2098 3612 est,
2125 3548 2274 3618 quod
2299 3550 2604 3604 secundum
2636 3551 3105 3620 dispensationem
3133 3565 3477 3626 assumptum
3510 3568 3598 3615 est

1993 3657 2060 3696 ex
2091 3652 2275 3696 creata
2299 3654 2484 3696 nostra
2516 3652 2734 3698 natura.
2759 3677 2826 3683 ——
2859 3645 3150 3716 Ejusdem,
3175 3665 3238 3702 ex
3261 3652 3436 3720 prima
3468 3670 3600 3707 ora-

3601 3155 3634 3189 Ν

1995 3734 2135 3786 tione
2157 3732 2224 3786 de
2239 3733 2710 3788 Beatitudinihus.
2727 3735 2856 3800 «Qui
2877 3753 3001 3791 cum
3029 3739 3082 3791 in
3107 3740 3283 3793 forma
3303 3741 3398 3794 Dei
3422 3751 3590 3809 esset,

1992 3841 2103 3880 non
2131 3827 2378 3901 rapinam
2420 3827 2722 3881 arbitratus
2755 3837 2841 3882 est
2895 3846 2952 3883 se
2980 3845 3104 3885 esse
3137 3832 3404 3901 aequalem
3456 3834 3590 3900 Deo,

1991 3919 2089 3973 sed
2116 3899 2359 3988 seipsum
2396 3918 2703 3972 exinanivit
2735 3921 2874 3973 servi
2895 3920 3128 3975 formam
3150 3924 3453 3994 ‘accipiens
3489 3928 3584 3979 ⁵³.»

1991 4009 2136 4076 Quid
2168 4012 2394 4065 tenuius
2424 4011 2479 4064 in
2510 4011 2644 4075 Deo,
2674 4028 2839 4081 quam
2880 4012 3056 4067 forma
3091 4016 3274 4069 servi?
3320 4017 3453 4086 quid
3486 4019 3592 4073 Ιιυ-

1992 4105 2177 4159 milius
2203 4105 2253 4158 in
2279 4120 2404 4174 rege
2434 4104 2847 4169 universorum,
2891 4121 3055 4174 quam
3098 4107 3152 4160 in
3193 4108 3461 4170 mendica:
3491 4126 3592 4165 na-

1994 4207 2132 4253 turae
2163 4206 2365 4252 nostra:
2393 4197 2842 4251 communionem
2871 4198 3099 4252 venire?
3129 4198 3237 4253 Sed
3268 4207 3452 4255 tamen
3495 4218 3596 4258 rex

1996 4306 2186 4362 regum
2216 4299 2272 4345 et
2298 4290 2566 4344 Dominus
2615 4287 3020 4343 dominantium
3061 4290 3105 4321 ⁵⁷
3146 4290 3435 4346 servitutis
3475 4291 3594 4349 for-

273 4370 482 4424 δούλου
517 4369 716 4427 λαϐών.
767 4393 786 4426 ι
837 4372 904 4428 Τί
943 4378 1296 4452 ,πτωχότερον
1329 4383 1422 4434 ὲπ).
1468 4382 1605 4436 Θεοῦ
1655 4386 1754 4456 τῆς
1790 4386 1882 4440 τοῦ

1994 4400 2137 4440 mam
2175 4398 2273 4438 sua
2304 4391 2501 4454 sponte
2528 4381 2728 4435 induit.

277 4460 479 4515 δούλου
526 4464 774 4536 μορφῆςς
822 4466 875 4518 τί
919 4471 1306 4542 ταπεινότερον
1349 4476 1444 4528 ἐπὶ
1481 4475 1575 4528 τοῦ
1623 4475 1888 4546 βασιλέως
1929 4479 2040 4532 τῶν
2091 4476 2294 4538 ὅντων,
2332 4475 2365 4545 ἢ
2413 4473 2474 4526 τὸ
2539 4476 2620 4536 εἰς
2661 4473 2949 4526 κοινωνίαν
2987 4473 3086 4544 τῆς
3155 4477 3382 4547 πτωχῆς
3431 4480 3593 4547 ἡμῶν

271 4709 330 4749 ῃ
626 4640 680 4689 v,
707 4624 796 4682 I9.
871 4625 920 4657 “
955 4625 1107 4684 Matt.
1138 4645 1284 4696 nvi,
1317 4630 1408 4686 41.
1485 4633 1530 4664 ⁵⁸
1556 4632 1691 4689 Lue.
1724 4650 1762 4700 ι,
1791 4635 1881 4691 35.

269 4849 368 4925 III,
545 4847 704 4925 titulo
740 4848 926 4925 {Hegi
955 4850 1212 4925 θεότητος
1248 4851 1379 4925 Υίοῦ
1411 4854 1506 4908 καὶ
1537 4855 1882 4924 Πνεύματος,

268 4917 807 4993 καίᾼξγκῴμιον-εἰς
844 4917 940 4993 τ’δν
965 4917 1170 4977 δίκαζον
1218 4923 1489 4993 Ἀϐραάμ.

377 4985 474 5066 ρ)
494 4985 861 5066 τοίνυν-,ἰέοοο
894 4991 990 5066 cit.
1014 5008 1068 5062 p.
1112 4995 1238 5058 471,
1275 4985 1526 5063 sequitur
1556 4996 1649 5048 καὶ
1681 4995 1877 5066 ἐφάνη.

375 5056 475 5132 ξξ)
502 5056 633 5126 Λόγ.
665 5058 964 5132 Ed:_Paris.
992 5056 1183 5131 prem.

375 5125 475 5205 εξ)
510 5129 714 5205 μορφή.
743 5129 837 5205 Ib._
861 5125 1117 5205 sequ-itur
1148 5127 1272 5188 καθ’
1303 5131 1529 5205 ἑαυτήν.

509 5198 545 5268 ἠ
566 5197 981 5277 -ῖ.μορφή.,1β.
1006 5202 1110 5277 leg.
1147 5205 1205 5258 ὲν
1225 5207 1300 5277 τῇ-
1318 5204 1414 5257 τοῦ
1439 5197 1626 5257 δούλου
1667 5207 1874 5277 μορφῇ.

370 5267 473 5344 QQ)
506 5283 578 5320 τι.
612 5267 692 5344 Ib.
879 5267 1139 5344 δύνασθαι
1173 5267 1419 5344 ponitur.
1614 5343 1617 5344 ν
1668 5267 1680 5274 ’

339 5337 473 5416 (Q5)
517 5341 712 5392 ποιεῖν.
765 5340 845 5394 Ib.
887 5337 1346 5416 sequiturf6ﬁlov
1380 5346 1461 5398 ὅτι
1500 5343 1638 5398 καθὸ
1677 5342 1874 5413 γέγονε

613 5479 1355 5555 θεοῦᾲδύναμιςκδθιιιιίιυτ
1390 5485 1486 5540 καὶ
1514 5483 1652 5539 Θεοῦ
1685 5485 1870 5555 σοφία.

366 5477 451 5534 66
505 5477 586 5532 Ib.
622 5479 760 5535 Θεοῦ
799 5480 1054 5552 δύναμις.
1089 5483 1140 5538 St

367 5549 448 5603 67
501 5550 581 5604 ἀδ.
609 5551 690 5606 Ib.
736 5551 997 5604 ἀδυνατεῖ
1027 5549 1140 5608 οὖν.

365 5617 446 5674 68
493 5619 588 5677 Ed.
615 5622 779 5678 Rom.
817 5631 878 5676 et
915 5621 1068 5693 Lips.
1106 5642 1140 5677 π

365 5689 446 5746 69
485 5707 572 5747 πν.
597 5693 681 5750 Ed
745 5693 924 5748 Paris.
954 5708 1140 5762 praem.

364 5760 456 5833 70)
479 5763 796 5834 Ix—ﬂt'ou.
843 5763 904 5818 In
939 5763 1074 5818 edit.
1115 5764 1140 5819 Ι

365 5617 466 5697 ξιξ)
493 5619 779 5697 Ed.§om_.
817 5631 878 5697 et
915 5621 1068 5693 Lips.
1106 5623 1449 5697 προτίθησιν.

453 4988 476 5405 ξ

365 5689 462 5762 66)
485 5707 572 5747 πν.
597 5693 681 5750 Ed
745 5693 924 5748 Paris.
954 5689 1297 5762 p—rzemfpév.

364 5760 456 5833 70)
479 5763 631 5820 ἰκ-
652 5765 796 5838 βίον).
843 5763 904 5818 In
939 5760 1074 5818 edit.
1115 5760 1288 5820 Paris.
1315 5775 1354 5820 t.
1379 5765 1422 5834 1,
1458 5775 1638 5823 exstat
1673 5765 1777 5821 sub
1804 5767 1869 5822 ti-

1991 4635 2052 4666 "‘
2078 4633 2242 4688 Prov.
2275 4647 2389 4696 vm,
2417 4630 2506 4686 9.2.
2613 4630 2658 4661 ⁸⁸
2700 4630 2940 4701 Philipp.
2970 4647 3028 4696 ιι,
3059 4630 3112 4695 6,
3152 4631 3204 4686 7.
3306 4633 3352 4665 δ’
3393 4634 3413 4688 I
3445 4635 3588 4691 Tim.

1988 4855 2108 4932 Iulo
2138 4873 2151 4908 :
2183 4856 2320 4932 Περὶ
2352 4855 2443 4932 τοῦ
2474 4855 2589 4932 βίου
2626 4855 2874 4932 Μωσέως
2899 4855 2994 4908 τοῦ
3026 4855 3347 4926 νομοθέτου,
3386 4856 3418 4927 ἢ
3458 4862 3591 4932 περὶ

1985 4926 2087 4996 τῆς
2114 4929 2235 4980 κατ’
2268 4928 2472 4996 ἀρετὴν
2505 4928 2861 4996 τελειότητος.

2083 4998 2171 5055 71)
2207 4997 2336 5064 φύσ.
2375 4996 2452 5050 Il).
2503 5013 2556 5066 p.
2604 4997 2728 5057 254,
2765 4997 3018 5065 sequitur
3048 4996 3227 5066 ἡμῶν.

2080 5067 2167 5142 72)
2203 5067 2460 5142 αὐτοῦ-
2488 5069 2689 5139 σάρκα.
2718 5066 2796 5122 Ib.
2828 5067 2932 5138 leg.
2967 5067 3115 5138 αὐτῷ
3146 5069 3247 5139 τὴν
3275 5069 3424 5124 θείαν
3462 5073 3587 5142 ἐδη-

1984 5137 2108 5206 pio-3
2119 5155 2220 5206 ργη
2231 5155 2287 5190 σε
2322 5140 2521 5206 σάρκα.

2062 5206 2173 5275 (75)
2208 5209 2328 5275 γέγ.
2368 5206 2448 5261 Ib.
2483 5208 2721 5274 ἐγένετο.

2068 5276 2180 5346 (74)
2217 5281 2294 5350 ὲν.
2325 5278 2535 5350 ΕιιΕᾱἶ
2562 5280 2718 5333 Rom.
2755 5288 2811 5334 et
2834 5279 2985 5350 Lips.
3013 5281 3346 5350 suppletum.
3389 5283 3581 5338 Exstat

1986 5361 2212 5472 ἓυὲὃιὲιο
2245 5347 2303 5402 in
2337 5349 2467 5402 edit.
2526 5349 2700 5404 Paris.
2737 5347 2980 5420 Operum
3035 5347 3196 5422 Gi'ég.
3230 5353 3390 5426 Nysa.
3431 5361 3469 5405 t.
3516 5352 3582 5412 II.

2220 5487 2321 5543 Ed.
2360 5487 2534 5542 Paris.
2573 5490 2745 5560 ἑαυτῇ
2785 5490 2949 5560 ᾠκοδ.
2984 5491 3077 5543 τὸν
3100 5487 3272 5548 οἷκον.

2073 5558 2160 5621 76)
2199 5575 2248 5610 τ.
2292 5558 2407 5621 λόγ.
2434 5558 2535 5611 Ed.
2563 5560 2737 5613 Paris.
2781 5560 2868 5614 διὰ
2897 5561 2989 5613 τοῦ
3025 5561 3208 5621 λόγου.

2199 5575 2248 5631 fr.
2434 5558 2743 5631 I13d.Paris.
2781 5558 2868 5614 διὰ
2897 5561 2989 5613 τοῦ
3025 5561 3208 5631 λόγου.

2193 5629 2276 5700 ὲδί
2443 5629 2616 5684 Paris.
2659 5629 3078 5700 ᾠκοδομήσατο.

2071 5697 2158 5753 78)
2186 5697 2304 5750 τοῦ.
2341 5699 2464 5752 Des.
2505 5700 2540 5753 ι.
2576 5717 2624 5753 c.

2045 5642 2132 5698 (1'1
2193 5642 2269 5681 εο.
2304 5642 2404 5682 ω.
2443 5642 2616 5684 rarts.
2659 5642 3078 5700 ῳκοοομήσατο.

2071 5699 2136 5752 78
2186 5697 2304 5750 τοῦ.
2341 5699 2464 5752 Des.
2505 5700 2540 5753 ι.
2576 5717 2624 5753 c.

2044 5642 2158 5840 (79$
2183 5769 2340 5824 άναλ.
2368 5768 2467 5824 Ed.
2507 5771 2679 5827 Paris.
2706 5771 3134 5841 άνακραθέντος.
