4112 6374
606 317 683 382 99
1578 317 2066 380 THEODORET-I
2107 314 2448 378 EPISCOPI
2485 313 2856 377 CYBENSIS
3767 310 3866 378 ιω

612 425 830 500 φύσεως
858 425 1071 492 ἐλθετνς
1114 425 1176 480 '0
1213 424 1472 497 βασιλεὺς
1498 425 1606 479 τῶν
1645 424 2039 506 βασιλευόντων
2069 465 2084 491 ,
2139 425 2238 479 καὶ
2304 425 2511 498 Κύριος
2562 424 2674 480 τῶν
2735 421 3100 495 κυριευόντων
3135 462 3151 489 ,
3198 421 3442 478 ἐθελοντὶ
3463 421 3577 495 (80)
3609 423 3710 495 τὴν
3771 418 3869 493 τῆς

611 518 858 583 δουλείας
889 521 1104 616 μορφὴν
1129 521 1438 575 ὑποδύεται.

784 635 898 708 68
946 633 1131 692 Sancti
1160 636 1405 693 Flaviani
1431 636 1659 709 episcopi
1685 636 2012 694 Antiochcni.

2339 630 2449 688 Τοῦ
2482 630 2657 713 ἁγίου
2679 627 3025 685 Φλαϐιανοῦ
3049 627 3400 683 ἐπισκόπου
3451 629 3838 701 Ἀντιοχείας.

681 745 767 823 Eg:
788 762 1032 802 sermone
1061 747 1126 802 de
1155 747 1363 803 Joanne
1395 747 1662 820 Baptista.
1695 748 1818 805 Non
1847 749 2012 820 igitur
2040 746 2191 818 cogi-

2338 733 2441 801 Ἔκ
2469 743 2578 814 τῆς
2596 745 2809 816 (81)εις
2823 742 3112 810 Ἰωάννην
3121 743 3230 797 τὸν
3248 743 3602 812 Βαπτιστὴν
3614 747 3874 815 ὁμιλίας.

611 847 699 895 tes
727 839 1068 910 corporalem
1086 846 1425 908 cnntactum,
1453 855 1558 898 nec
1573 839 1914 912 coujugalem
1953 854 2190 895 consue-

2309 835 2386 907 δίη
2407 834 2587 889 τοίνυν
2615 835 2727 889 νόει
2761 833 3094 906 σωματικῶς
3112 832 3428 900 συνάφειαν,
3459 834 3595 906 μηδὲ
3635 837 3878 909 γαμικὴν

613 930 861 1010 tudinem
907 930 1184 1002 exspecta.
1231 930 1385 987 Tuus
1427 932 1578 988 enim
1610 930 1839 988 Creator
1861 945 2193 1002 corporeum

2309 929 2512 1001 ὗμιλίαν
2553 927 2881 998 ἐκδέχουῧί)
2911 925 3022 999 γὰρ
3053 926 3146 990 σδς
3179 925 3525 996 Δῃμιουργδς
3563 927 3657 981 τὸν
3698 944 3882 999 σωμα-

612 1035 774 1076 suum
818 1021 1104 1091 templum,
1131 1021 1281 1092 quod
1311 1037 1378 1078 ex
1397 1030 1455 1078 te
1474 1030 1753 1087 nascetur,
1785 1022 2098 1078 labricabit.
2122 1050 2195 1102 ‘—

2309 1019 2448 1074 ιικδν
2487 1017 2653 1073 αὐτοῦ
2688 1017 2816 1072 ναὸν
2844 1017 2996 1088 παρὰ
3041 1015 3137 1070 σοῦ
3163 1016 3499 1087 τικτόμενον
3525 1016 3875 1090 δημιουργεῖ.

611 1110 890 1180 Ejusdem,
915 1127 979 1166 ea:
1000 1115 1240 1168 oratione
1263 1114 1318 1167 in
1339 1113 1507 1168 illud:
1538 1132 1556 1166 ‹
1581 1113 1822 1185 Spiritus
1846 1112 2068 1169 Domini
2092 1128 2194 1168 su-

2309 1107 2482 1164 -Τοῦ
2504 1107 2691 1163 αὐτοῦ
2713 1108 2783 1162 ἐκ
2803 1107 2909 1162 τοῦ
2935 1107 3050 1179 (82)
3075 1109 3265 1177 λόγου
3283 1108 3371 1174 είς
3388 1107 3663 1173 τὸ,ιΠνεῦ
3671 1127 3749 1179 μα
3773 1111 3886 1165 Κυ-

611 1217 714 1276 per
749 1218 859 1258 me.
897 1223 916 1256 ι
957 1203 1160 1259 Audite
1229 1203 1505 1260 dicentem
1539 1225 1552 1260 :
1595 1224 1615 1258 ι
1667 1205 1908 1277 Spiritus
1977 1204 2196 1261 Domini

2309 1202 2419 1271 ρίου
2447 1202 2534 1255 ἐπ’
2575 1201 2700 1271 ἐμέ.
2745 1220 2766 1253 ι
2817 1200 3111 1254 Ἀκούσατε
3137 1197 3235 1254 τοῦ
3265 1199 3517 1269 λέγοντος
3543 1218 3557 1232 ·
3599 1219 3617 1252 ι
3654 1201 3887 1273 Πνεῦμα

613 1306 782 1362 super
808 1308 917 1357 me,
970 1292 1094 1347 ideo
1127 1288 1285 1348 unxit
1308 1310 1396 1350 me
1434 1296 1501 1351 "'.
1541 1314 1559 1348 ι
1594 1295 1716 1350 Νοιι
1742 1294 2069 1366 intelligitis,
2108 1296 2196 1353 in-

611 1383 753 1452 quit,
797 1399 919 1452 quae
956 1383 1159 1454 legitis.
1214 1385 1388 1442 Venio
1417 1388 1567 1442 enim
1605 1387 1672 1442 ad
1711 1399 1813 1443 vos
1849 1394 2048 1442 unctus
2076 1385 2197 1456 Spi-

613 1473 745 1528 ritu.
767 1473 976 1544 Spiritu
1003 1484 1186 1531 autem
1213 1477 1457 1548 ungitur,
1495 1493 1604 1533 non
1633 1475 1931 1531 invisibilis
1975 1483 2195 1543 natura,

614 1565 716 1621 sed
741 1567 902 1621 nobis
932 1576 1185 1638 cognata.

971 1676 1321 1748 Amphilochii
1354 1678 1588 1748 episcopi
1631 1677 1819 1734 lconii.

686 1789 768 1845 Ex
796 1793 1040 1846 oratione
1087 1794 1145 1867 in
1189 1793 1326 1847 illud
1358 1811 1376 1848 :
1413 1810 1434 1849 ι
1467 1794 1628 1850 Pater
1684 1811 1841 1852 meus
1897 1797 2075 1869 major
2111 1812 2199 1853 me

615 1891 708 1938 est
728 1883 798 1936 ".
837 1902 856 1936 ι
880 1883 1035 1950 Quod
1063 1885 1339 1955 reliquum
1365 1894 1470 1952 est,
1491 1887 1797 1953 diseernas,
1816 1904 2024 1959 quaeso,
2043 1897 2197 1944 natu-

2297 1292 2383 1347 ἐπ’
2407 1293 2528 1363 ἐμὲ,
2571 1287 2632 1348 οὗ
2659 1292 2867 1348 ετνεκεν
2890 1291 3075 1363 ἐχρισέ
3115 1308 3206 1363 με.
3250 1311 3268 1344 ι
3295 1292 3414 1347 οὐκ
3442 1293 3578 1358 tota,
3613 1296 3801 1365 φησιν,
3839 1293 3880 1350 ἃ

2297 1379 2726 1446 ἀναγινώσκετε.
2765 1379 2924 1433 Ἥκω
2951 1380 3060 1451 γὰρ
3100 1380 3232 1450 ὑμῖν
3254 1383 3285 1436 ό
3313 1381 3558 1453 χρισθτὶς
3585 1382 3665 1454 τῷ
3711 1384 3887 1439 Πνεῦ-

2299 1485 2452 1538 ματι.
2494 1467 2777 1540 Πνεύματι
2813 1470 2870 1523 δὲ
2917 1469 3128 1540 χρίεται
3151 1512 3166 1536 ,
3193 1473 3294 1543 οὐχ
3335 1475 3368 1544 ἡ
3397 1472 3630 1538 ἀθέατος
3673 1473 3843 1545 φύσις
3867 1517 3888 1545 ,

2299 1561 2435 1614 ἀλλὰ
2470 1560 2531 1614 τὸ
2555 1562 2687 1631 ἡμῖν
2710 1561 2972 1632 ὁμογενὲς
2994 1561 3131 1631 (85).

2558 1676 2950 1746 ’Ayscutoxlov
2975 1677 3321 1730 ἐπισκόπου
3360 1677 3630 1731 Ἰκονίου.

2380 1793 2477 1846 Ἐκ
2498 1791 2604 1847 τοῦ
2624 1791 2942 1861 (ϐὒλόγου
2968 1789 3074 1845 τοῦ
3099 1792 3186 1855 είς
3219 1789 3287 1844 τὸ
3307 1829 3322 1854 ,
3348 1776 3380 1841 “«
3411 1789 3603 1860 Πατήρ
3638 1805 3738 1859 μου
3771 1788 3900 1860 μεί-

2302 1887 2411 1952 ζων
2450 1885 2552 1957 μού
2593 1887 2764 1938 ἐστιν.
2815 1901 2834 1936 ι
2877 1882 3164 1954 Διάκρινόν
3196 1899 3286 1952 μοι
3318 1881 3505 1935 λοιπὸν
3535 1882 3634 1945 τὰς
3663 1882 3898 1950 φύσεις,

615 1989 726 2040 ras,
773 1973 874 2030 Dei
926 1982 985 2028 et
1039 1975 1298 2031 hominis.
1345 1976 1468 2032 Non
1507 1977 1655 2032 enim
1681 1979 1964 2045 excidens,
1994 1995 2063 2034 ex
2087 1981 2201 2037 Deo

2309 1977 2402 2045 τήν
2447 1993 2506 2029 τε
2545 1974 2639 2028 τοῦ
2669 1973 2827 2033 Θεοῦ,
2878 1973 2980 2043 τήν
3023 1989 3082 2026 τε
3115 1971 3209 2026 τοῦ
3248 1970 3563 2043 ἀνθρώπου.
3594 1971 3735 2028 Οὔτε
3779 1973 3902 2042 γὰρ

613 2062 794 2119 factus
820 2073 905 2119 est
935 2051 1122 2130 homo,
1163 2080 1343 2136 neque
1363 2066 1680 2136 proﬁciens,
1697 2084 1766 2124 ex
1789 2069 2014 2126 homine
2030 2070 2196 2126 Deus.

614 2155 788 2210 Deum
821 2154 969 2209 enim
1016 2163 1074 2210 et
1101 2155 1384 2212 hominem
1418 2156 1565 2214 dico.
1595 2159 1826 2226 Quando
1860 2169 2044 2216 autem
2073 2175 2202 2232 pas-

615 2245 800 2300 siones
842 2245 1018 2311 carni,
1057 2253 1116 2300 et
1144 2246 1411 2302 miracula
1448 2249 1563 2304 Deo
1591 2250 1857 2322 assignas,
1892 2253 2204 2308 necessario

615 2336 868 2406 quamvis
897 2335 1092 2391 nolens
1120 2336 1342 2403 tribuis,
1391 2336 1631 2394 humiles
1656 2339 1880 2410 quidem
1923 2356 2206 2397 sermones

617 2426 829 2483 homini
851 2442 920 2482 ex
941 2426 1113 2501 Maria
1141 2437 1293 2494 nato,
1322 2428 1676 2485 sublimiores
1699 2444 1836 2486 vero
1853 2439 1910 2486 et
1937 2431 2054 2487 Deo
2072 2447 2205 2487 con-

618 2519 926 2592 venientes,
956 2517 1140 2574 Verbo
1184 2517 1334 2589 quod
1368 2527 1490 2574 erat
1520 2519 1578 2574 in
1625 2521 1920 2592 principio.
1953 2521 2107 2578 Hanc
2132 2522 2204 2577 oh

619 2621 842 2664 causam
865 2607 1144 2663 interdum
1164 2608 1383 2674 humili,
1408 2625 1808 2682 nonnunquam
1826 2612 2052 2668 sublimi
2083 2627 2209 2670 ora-

622 2699 770 2755 tione
820 2707 965 2765 utor,
1021 2707 1083 2756 ut
1133 2715 1234 2770 per
1284 2701 1578 2758 sublimem
1639 2703 2002 2761 inhabitantis
2039 2705 2207 2761 Verbi

619 2790 906 2846 ostendam
960 2791 1366 2862 cognationem,
1402 2807 1504 2862 per
1538 2791 1809 2850 humilem
1844 2811 1977 2850 vero
2023 2797 2209 2853 carnis

621 2881 1000 2936 inﬁrmitatem
1029 2880 1377 2952 patefaciam.
1413 2883 1522 2954 6'7
1561 2882 1717 2940 Unde
1753 2884 1958 2940 alicubi
1983 2886 2207 2957 quidem

621 2971 747 3026 dico
772 2987 860 3027 me
893 2972 1042 3026 Patri
1066 2986 1188 3026 esse
1216 2972 1508 3042 aequalem,
1536 2973 1670 3027 alibi
1698 2990 1831 3030 vero
1853 2975 2070 3031 Patrem
2095 2992 2209 3031 ma-

617 3061 817 3130 jorem,
841 3077 951 3115 non
991 3077 1206 3116 mecum
1229 3063 1346 3134 ipse
1372 3079 1644 3135 pugnans,
1678 3065 1774 3120 sed
1804 3066 2102 3123 ostendens
2121 3083 2209 3124 me

579 3161 586 3166 '
623 3152 793 3206 Deum
819 3167 943 3208 esse
969 3163 1026 3209 et
1049 3154 1351 3221 hominem,
1404 3155 1577 3211 Deum
1611 3156 1835 3226 quidem
1863 3173 1931 3212 ex
1961 3159 2212 3214 sublimi-

622 3240 763 3303 bus,
801 3240 1085 3296 hominem
1140 3259 1272 3297 vero
1307 3258 1375 3297 ex
1413 3243 1736 3318 humilibus.
1764 3305 1767 3312 η
1798 3245 2006 3312 Quodsi
2041 3248 2211 3303 vultis

624 3345 784 3384 nosse
810 3333 1089 3400 quomodo
1113 3333 1273 3386 Pater
1295 3349 1454 3389 meus
1489 3336 1665 3406 major
1692 3351 1781 3391 me
1820 3337 1910 3402 sit,
1941 3337 2009 3392 de
2042 3353 2208 3394 carne
2235 3308 2278 3368 C

623 3422 760 3487 dixi,
785 3431 842 3477 et
874 3439 982 3478 non
1019 3423 1086 3478 de
1126 3440 1362 3495 persona
1397 3426 1727 3484 divinitatis.
1752 3459 1822 3470 -—
1843 3429 2118 3499 Ejusdem,
2144 3447 2208 3485 ea:

621 3530 863 3569 sermone
912 3516 967 3568 in
1019 3514 1191 3571 illud:
1224 3536 1242 3568 ι
1273 3516 1394 3571 Non
1433 3525 1599 3588 potest
1629 3517 1795 3573 Filius
1838 3519 2010 3588 facere
2053 3520 2208 3591 quid-

625 3623 787 3677 quam
825 3606 889 3659 ‘°.
931 3625 947 3658 ι
978 3604 1165 3673 Qualis
1199 3607 1254 3660 in
1297 3608 1452 3662 caelis
1480 3608 1808 3664 inobediens
1849 3610 1953 3663 fuit
1998 3609 2210 3664 Adam?

622 3695 810 3764 Qualis
837 3711 971 3750 vero
1009 3711 1078 3750 ex
1103 3697 1314 3751 cmlesti
1352 3713 1585 3767 corpore
1609 3699 1878 3754 formatus
1893 3707 1977 3754 est
2007 3711 2208 3770 prater

624 3788 856 3860 primam
889 3787 1276 3843 formationem
1308 3789 1324 3808 ⁹
1355 3789 1762 3858 protoplastus?
1795 3788 1900 3844 Sed
1943 3779 2222 3846 formatus

624 3887 710 3933 cst
731 3878 890 3931 initio
922 3878 1016 3946 qui
1043 3893 1110 3932 ex
1134 3886 1301 3942 terra,
1323 3877 1651 3932 inobediens
1679 3877 1786 3932 fuit
1819 3879 1912 3948 qui
1942 3895 2009 3934 ex
2041 3888 2206 3946 terra,

626 3976 944 4038 assumptus
968 3975 1052 4022 est
1078 3968 1173 4037 qui
1197 3983 1266 4040 ex
1293 3976 1458 4022 terra.
1483 3968 1612 4022 ldeo
1635 3969 1800 4023 etiam
1838 3979 2091 4026 servatus
2121 3981 2210 4028 est

624 4059 721 4130 qui
754 4075 822 4114 ex
850 4067 1020 4124 terra,
1062 4069 1124 4114 ut
1154 4061 1229 4115 ita
1270 4060 1436 4116 simul
1461 4075 1592 4116 vera
1613 4067 1670 4115 et
1694 4062 2001 4118 necessaria
2018 4064 2209 4120 videa-

628 4160 718 4205 tur
746 4149 1173 4219 dispensationis
1192 4150 1332 4204 ratio

761 4361 946 4416 Sancti
971 4362 1198 4417 Joannis
1228 4365 1456 4436 episcopi
1480 4363 2078 4435 Constantinopolitani.

702 4559 785 4613 Ea;
809 4560 1052 4612 oratione
1072 4575 1234 4628 quam
1255 4559 1458 4622 habuit,
1489 4574 1606 4611 cum
1629 4557 1827 4613 Gothus
1852 4557 2057 4627 legatus
2089 4564 2213 4609 ante

2301 2067 2423 2121 κατ’
2442 2066 2715 2120 ἔκπτωσιν
2736 2066 2800 2118 ἐκ
2823 2062 2960 2117 Θεοῦ
2989 2062 3214 2132 γέγονεν
3240 2062 3528 2134 ἄνθρωπος
3547 2103 3562 2125 ,
3597 2063 3722 2116 οὕτε
3750 2061 3903 2116 κατὰ

2303 2159 2587 2232 προκοπὴν
2613 2156 2673 2221 ἐξ
2693 2153 2983 2226 ἀνθρώπου
3009 2153 3162 2217 Θεός.
3194 2150 3325 2207 Θεὸν
3349 2153 3576 2226 γὰρκαὶ
3601 2152 3902 2224 ἄνθρωπον

2302 2253 2468 2322 λέγω.
2511 2252 2684 2305 Ὅταν
2737 2249 2796 2303 δέ
2840 2248 2911 2302 τὰ
2958 2247 3263 2317 παθήματα
3307 2249 3372 2318 τῇ
3416 2247 3615 2316 σαρκὶ,
3669 2246 3764 2300 καὶ
3825 2246 3903 2299 τὰ

2306 2345 2563 2415 θαύματα
2591 2341 2669 2413 τῷ
2697 2340 2817 2411 Θεῷ
2847 2338 2986 2410 δῷς,
3024 2338 3242 2410 ἀνάγκῃ
3271 2339 3366 2392 καὶ
3402 2337 3478 2410 μὴ
3507 2338 3678 2392 θέλων
3709 2337 3900 2402 δίδως,

2303 2436 2430 2498 τοὺς
2462 2433 2561 2504 μὲν
2589 2431 2882 2494 ταπεινοὺς
2920 2429 3115 2497 λόγους
3142 2427 3222 2498 τῷ
3253 2430 3340 2482 ἐκι
3352 2428 3572 2499 Μαρίας
3595 2423 3900 2498 ἀνθρώπῳ,

2303 2525 2432 2588 τοὺς
2469 2523 2528 2577 δὲ
2577 2521 2925 2593 ἀνηγμένους
2979 2518 3074 2573 καὶ
3131 2517 3469 2587 θεοπρεπεῖς
3516 2516 3596 2587 τῷ
3636 2518 3693 2569 ἐν
3751 2518 3902 2588 ἀρχῇ

2305 2617 2419 2670 δντι
2451 2615 2631 2684 Λόγῳ.
2669 2612 2769 2666 Διὰ
2801 2610 2963 2665 τοῦτο
2995 2610 3107 2681 γὰρ
3151 2609 3230 2680 πῆ
3269 2608 3371 2680 μὲν
3415 2608 3779 2680 ἀνηγμένους,
3816 2611 3900 2680 πῆ

2305 2708 2364 2762 δὴ
2407 2705 2699 2768 ταπεινοὺς
2744 2701 3066 2773 φθέγγομαι
3112 2700 3228 2772 (85)
3256 2699 3450 2768 λόγους
3464 2739 3482 2777 ,
3532 2699 3618 2753 ίνα
3666 2698 3754 2752 διὰ
3795 2699 3906 2770 μὲν

2308 2797 2417 2853 τῶν
2449 2795 2670 2867 ὑψηλῶν
2708 2794 2804 2847 τοῦ
2861 2790 3201 2856 ἐνοικοῦντος
3238 2791 3414 2859 Λόγου
3444 2789 3602 2854 δείξω
3633 2789 3734 2858 τὴν
3765 2806 3905 2856 συγ.

2307 2891 2548 2960 γένειαν,
2577 2887 2668 2944 διὰ
2694 2887 2752 2941 δέ
2782 2884 2890 2940 τῶν
2922 2884 3220 2952 ταπεινῶν,
3251 2884 3354 2953 τῆς
3381 2883 3646 2952 ταπεινῆς
3689 2871 3908 2954 σαρκὸς

2309 2981 2565 3054 γνωρίσω
2606 2979 2704 3051 τὴν
2736 2977 3046 3033 ἀσθένειαν.
3074 2974 3244 3029 Ὅθεν
3269 2974 3346 3043 πῆ
3384 2973 3482 3044 μέν
3514 2971 3752 3042 ἐμαυτὸν
3783 2971 3905 3041 (86)

2314 3074 2430 3127 ῐσον
2475 3072 2622 3139 λέγω
2643 3069 2739 3124 τοῦ
2770 3068 3008 3143 Πατρὸς,
3046 3066 3125 3137 πῆ
3155 3067 3214 3120 δὲ
3262 3065 3486 3137 μείζονα
3515 3063 3606 3117 τὸν
3645 3063 3904 3135 Πατέρα·

2310 3165 2372 3219 οὐ
2417 3163 2728 3234 μαχόμενος
2772 3158 2996 3230 ἐμαυτῷ
3020 3200 3035 3224 ,
3071 3157 3210 3212 ἀλλὰ
3243 3157 3459 3220 δεικνὺς
3491 3155 3567 3219 ώς
3593 3156 3728 3219 Θεός
3773 3159 3904 3226 εἰμι

2313 3256 2408 3311 καὶ
2433 3255 2533 3308 ἄνθ
2545 3269 2731 3325 ρωπος
2756 3269 2768 3281 °
2802 3252 2934 3314 Θεὸς
2971 3251 3068 3321 μὲν
3100 3253 3163 3303 ἐκ
3199 3248 3310 3303 τῶν
3340 3247 3582 3318 ὑψηλῶν,
3616 3247 3911 3319 ἄνθρωπος

2309 3343 2368 3398 δὲ
2411 3346 2476 3397 ἐκ
2516 3342 2622 3396 τῶν
2660 3340 2955 3396 ταπεινῶν.
3009 3340 3070 3394 Εί
3122 3339 3180 3391 δὲ
3217 3337 3409 3407 θέλητε
3462 3338 3665 3406 γνῶναι
3715 3337 3836 3401 πῶς
3880 3341 3912 3392 ὁ

2311 3433 2506 3504 Πατήρ
2539 3448 2640 3501 μου
2681 3428 2885 3501 μείζων
2921 3428 3022 3500 μού
3057 3429 3228 3492 ἐστιν,
3258 3429 3323 3480 ἐκ
3344 3427 3443 3496 τῆς
3475 3426 3678 3495 σαρκὸς
3721 3423 3910 3494 εἷπον,

2313 3525 2409 3577 καὶ
2439 3523 2539 3576 οὐκ
2569 3524 2631 3576 ὲκ
2685 3520 2982 3592 προσώπου
3018 3520 3116 3591 τῆς
3147 3518 3423 3588 θεότητος.
3453 3548 3525 3559 —
3556 3517 3672 3572 Τοῦ
3711 3517 3914 3571 αὑτοῦ

2310 3617 2379 3671 ἐκ
2422 3615 2527 3670 τοῦ
2573 3616 2760 3682 λόγου
2804 3613 2911 3668 τοῦ
2948 3615 3037 3678 εις
3069 3611 3158 3677 τὸ,
3201 3631 3220 3663 ι
3255 3613 3338 3664 Οὐ
3381 3611 3635 3664 δύναται
3680 3612 3713 3662 ό
3767 3606 3914 3675 nec

2312 3707 2506 3762 ποιεῖν
2536 3708 2650 3776 ἀφ’
2680 3704 2899 3760 ἑαυτοῦ
2933 3703 3136 3758 οὐδέν.
3182 3722 3200 3754 ι
3258 3702 3416 3764 Ποῖος
3448 3699 3505 3754 δὲ
3550 3699 3913 3770 παρήκουσεν

2312 3801 2369 3851 ἐν
2413 3799 2662 3868 οὐρανοῖς
2707 3794 2910 3864 Ἀδάμ;
2948 3795 3107 3856 Ποῖος
3153 3792 3211 3845 δὲ
3257 3790 3316 3855 ἐξ
3355 3789 3610 3861 οὐρανίου
3649 3788 3915 3857 σώματος

2314 3889 2561 3960 ἐπλάσθη
2603 3886 2756 3958 παρὰ
2800 3885 2897 3958 τὴν
2951 3883 3178 3956 πρώτην
3227 3881 3694 3953 πρωτόπλαστοςς
3757 3877 3911 3930 Ἀλλ’

2313 3979 2558 4049 ἐπλάσθη
2591 3979 2652 4042 ἐξ
2680 3977 2855 4049 ἀρχῆς
2889 3979 2918 4030 ό
2966 3979 3032 4029 ὲκ
3059 3976 3158 4046 τῆς
3189 3975 3291 4043 γῆς
3312 4013 3326 4036 ,
3367 3974 3717 4041 παρήκουσεν
3772 3969 3801 4021 ό
3829 3972 3918 4023 ἐκ

2312 4071 2413 4142 τῆς
2445 4071 2552 4140 γῆς
2581 4111 2595 4134 ,
2620 4067 2900 4140 ἀνελήφθη
2931 4070 2960 4122 ὁ
2999 4069 3065 4121 ἐκ
3097 4067 3195 4137 τῆς
3225 4067 3348 4135 γῆς.
3382 4064 3474 4116 Διὸ
3522 4062 3617 4116 καὶ
3656 4057 3839 4134 ἐσώθη
3883 4062 3920 4118 ὁ

2313 4163 2378 4215 ἐκ
2426 4163 2522 4232 τῆς
2557 4161 2660 4230 γῆς
2690 4201 2704 4226 ,
2742 4159 2809 4213 ἵν’
2857 4157 3032 4222 οὕτως
3065 4156 3276 4228 ἀληθὴς
3318 4154 3436 4224 ἅμα
3473 4154 3568 4206 καὶ
3602 4153 3917 4219 ἀναγκαῖος

2315 4256 2459 4324 φανῇ
2512 4254 2541 4305 ὁ
2580 4256 2680 4324 τῆς
2730 4236 3055 4321 οἰκονομίας
3083 4249 3262 4318 λόγος.

2321 4367 2430 4422 Τοῦ
2482 4365 2654 4436 ἁγίου
2703 4365 2982 4420 Ἰωάννου
3021 4362 3364 4487 gftaxdnov
3412 4364 3918 4414 Κωνσεαντινου-

2974 4449 3017 4486 π
3097 4450 3226 4487 εωσ.

2974 4449 3226 4498 πολεως.

2399 4553 2495 4605 Ἐκ
2522 4551 2630 4606 τοῦ
2655 4551 2843 4620 λόγου
2874 4549 2947 4602 ὃν
2975 4523 3134 4611 εἶπε,
3159 4547 3392 4600 Γότθου
3438 4544 3741 4613 πρέσϐεως
3789 4541 3920 4613 (87)

629 4666 751 4704 cum
796 4643 1031 4703 dixisset.
1094 4650 1231 4704 Vide
1277 4650 1334 4703 in
1382 4649 1611 4703 exordio
1642 4648 1775 4718 quid
1812 4657 1954 4718 agat.
2005 4647 2208 4701 Natura

2319 4643 2434 4711 πρὸ
2467 4640 2653 4695 αὑτοῦ
2681 4641 3009 4708 εἰρηκότος.
3046 4637 3190 4708 Ὅρα
3226 4638 3290 4689 ὲκ
3320 4634 3628 4705 προοιμίων
3655 4633 3706 4685 τί
3737 4635 3913 4686 ποιεῖ.

630 4749 820 4796 nostra
875 4740 1147 4803 induitur,
1208 4739 1428 4793 infirma
1467 4747 1522 4792 et
1567 4739 1804 4804 devicta,
1853 4746 1915 4793 ut
1957 4754 2056 4808 per
2086 4753 2208 4793 eam

631 4840 838 4903 pugnet
863 4840 919 4885 el.
948 4833 1210 4896 luctetur,
1261 4833 1557 4902 statimque
1587 4847 1617 4884 a
1648 4829 1922 4900 principio
1949 4844 2211 4900 arrogan-

632 4925 723 4978 tia:
744 4930 996 4976 naturam
1023 4923 1292 4977 radicitus
1315 4920 1876 4990 evellit.—-Ejusdem,
1906 4936 1970 4973 ex
1992 4918 2214 4975 Genet/t-

631 5014 787 5068 tiaco.
819 5012 903 5066 An
923 5027 1032 5066 non
1061 5023 1320 5067 extrema:
1344 5020 1432 5067 est
1456 5011 1767 5074 dementia,
1795 5009 1942 5080 ipsos
1963 5010 2209 5079 quidem,

2320 4732 2432 4802 Ἰὴν
2461 4730 2624 4798 φύσιν
2656 4727 3046 4799 περιϐάλλεται
3080 4726 3178 4797 τὴν
3206 4727 3508 4796 ἡμετέραν,
3543 4723 3640 4793 τὴν
3671 4722 3916 4793 ἠσθενη-

2319 4825 2501 4886 κυῖαν,
2541 4821 2641 4891 τὴν
2688 4818 3038 4891 ἡττηθεῖσαν,
3087 4816 3230 4869 ὥστε
3267 4814 3615 4895 μαχέσασθαι
3651 4813 3746 4865 καὶ
3779 4813 3922 4865 ἁνα-

2321 4914 2583 4969 παλαίσαι
2608 4911 2675 4965 δι’
2705 4912 2874 4981 αὐτῆς
2895 4925 2908 4940 ⁶
2936 4909 3031 4964 καὶ
3056 4911 3121 4961 ἐκ
3142 4907 3252 4960 τῶν
3265 4906 3583 4981 ’προοιμίων
3610 4902 3919 4974 πρόρριζον

2320 5008 2547 5077 ἀνασπᾷ
2585 5005 2686 5074 τῆς
2725 5002 2988 5066 ἀπονοίας
3029 5005 3129 5072 τὴν
3156 4999 3340 5070 φύσιν.
3375 5028 3446 5038 -
3480 4997 3590 5053 Τοῦ
3621 4996 3806 5050 αὑτοῦ
3833 4997 3920 5051 ἐκ

701 5166 748 5199 ⁵⁸
771 5167 872 5220 lsa.
904 5182 1008 5231 mu,
1043 5165 1105 5231 l;
1142 5165 1276 5219 Luc.
1311 5181 1381 5229 ιν,
1416 5165 1501 5218 i8.
1577 5165 1624 5196 "
1663 5163 1819 5219 Joan.
1853 5180 1962 5228 xu,
1987 5163 2079 5218 ‘28.
2150 5164 2202 5194 ‘°
2233 5162 2392 5218 Joan.
2426 5179 2478 5228 ν,
2511 5162 2600 5218 l9.

853 5306 1138 5380 s§é1._Ed.
1177 5304 1502 5380 Pariszlsl,
1541 5319 1614 5380 p._
1645 5304 1745 5380 7(57
1790 5303 2100 5380 ἐθελόντως.

725 5309 814 5380 80)
853 5309 1000 5359 ὲῢέλ.
1039 5309 1138 5360 Ed.
1177 5309 1351 5360 Paris.
1386 5313 1422 5356 t.
1461 5309 1502 5367 l,
1541 5319 1594 5372 p.
1645 5309 1745 5357 767
1790 5309 2100 5365 ὲθελόντως.

703 5309 813 5448 (81)
855 5378 948 5428 Ἐκ
973 5377 1145 5448 τῆὶκ.
1183 5392 1237 5448 τ..
1263 5375 1309 5425 λ.
1339 5372 1572 5428 Unicum
1601 5371 1762 5442 hujus
1793 5374 1919 5428 libri
1940 5373 2213 5444 fragmen—

632 5443 747 5502 tum
785 5443 1033 5499 servavit
1052 5443 1450 5498 Thecdorctus.

707 5517 815 5587 (8%)
845 5519 907 5567 ὲκ
925 5516 1017 5566 τοῦ
1047 5531 1100 5566 κ.
1129 5531 1178 5566 τ.
1209 5513 1468 5587 ειιυίυε
1501 5515 1664 5568 etiam
1697 5513 1822 5568 libri
1860 5513 2081 5568 unicum
2109 5517 2214 5570 hoc

632 5583 724 5641 est
750 5583 1137 5654 fragmentum
1155 5598 1184 5636 a
1219 5583 1495 5654 Theudor.
1523 5594 1818 5639 servatum.

706 5652 1164 5725 (85)’όμογ.γΕ(ι.
1225 5652 1382 5725 Rom.
1431 5664 1487 5710 ct
1545 5655 1692 5725 Lips.
1751 5654 2100 5709 consentiunt
2159 5656 2212 5710 in

634 5729 762 5782 lect.
793 5724 988 5779 vitiosa
1025 5724 1053 5775 ὁ
1089 5724 1396 5794 μονογενές.

2404 5302 2516 5370 (84)
2555 5303 2650 5354 Ἐκ
2672 5298 2765 5352 toﬁ
2797 5295 3216 5370 κητηληριυτει
3240 5292 3405 5364 hujus
3437 5288 3724 5362 scriptoris
3755 5288 3918 5363 frag-

2315 5364 2508 5426 menta
2526 5380 2744 5426 exstant
2769 5370 2824 5423 in
2854 5367 2983 5423 dial.
3019 5365 3054 5419 2
3091 5375 3148 5421 et
3179 5364 3232 5418 5.
3535 5390 3542 5394 -

2385 5437 3202 5516 (85)φεῖ-,δεητικφίὲέϊγοξιςι
3282 5505 3293 5516 .
3617 5506 3630 5516 .
3703 5505 3715 5516 .
3848 5501 3878 5515 ..

2393 5505 2504 5582 (86)
2528 5505 2616 5580 ἐμ.
2647 5511 2813 5564 Sirm.
2853 5505 3102 5563 habebat"
3133 5505 3349 5567 ἑαυτὸν.
3387 5514 3444 5559 et
3468 5505 3666 5560 deinde
3697 5505 3916 5572 ἑαυτῷ,

2313 5591 2436 5651 post
2472 5583 2797 5650 μαχόμενος.

2389 5640 2498 5774 (87)
2532 5640 2630 5774 ἱξάῖ
2672 5640 2830 5706 Rom.
2871 5657 2926 5704 ct
2975 5647 3124 5718 Lips.
3163 5642 3408 5718 πρέσϐυς
3431 5683 3444 5707 ,
3478 5658 3577 5713 pro
3609 5640 3918 5714 πρέσδυος,

2409 5739 2482 5774 νι(
2503 5738 2532 5774 e
2564 5738 2644 5774 ur.

2316 5731 2375 5777 ut
2409 5724 2644 5777 videtur.
