4148 6392
265 377 353 440 τοι

1346 363 1733 432 DIALOGUS
1766 363 1819 426 l.
1859 389 1932 402 ·-
1957 362 2496 426 IMMUTABILIS.

3472 362 3580 430 102

259 486 372 544 res
427 490 476 542 Γ
479 484 842 540 erectum-oi:
885 484 1097 555 λόγου.
1157 479 1286 541 Πῶς
1335 480 1445 551 γὰρ
1494 479 1598 532 οὐκ
1635 477 1873 549 ἐσχάτης

1982 491 2103 533 cum
2137 477 2196 533 in
2232 477 2449 548 lapides
2489 483 2546 533 et
2587 475 2735 549 ligna
2769 485 2828 533 et
2851 477 2992 535 viles
3020 486 3231 535 statuas
3284 477 3424 534 deos
3449 492 3582 533 suos

263 577 676 653 παραπληξίας,
703 575 906 640 αὐτοὺς
941 575 1040 646 μὲν
1067 576 1150 639 είς
1174 574 1358 638 λίθους
1383 573 1478 626 καὶ
1511 571 1648 638 ξύλα
1675 570 1869 642 εὐτελῆ

264 674 434 739 ξόανα
466 672 596 734 τοὺς
641 668 856 723 ἑαυτῶν
907 667 1234 736 εἰσάγοντας
1264 664 1424 729 θεοὺς
1444 705 1461 730 ,
1493 663 1587 718 καὶ
1615 662 1871 733 καθάπερ

262 767 328 820 ἀν
373 761 742 834 δεσμωτηρίῳ
783 761 893 814 τινὶ
939 760 1404 821 κατακλείοντας,
1444 756 1612 828 μηδὲν
1643 754 1872 824 αἰσχρὸν

262 856 518 930 ἡγεῖσθαι
558 857 698 927 μήτε
741 855 938 917 ποιεῖν,
978 855 1120 924 μήτε
1174 851 1392 920 λέγειν·
1424 850 1561 921 ἡμῖν
1591 847 1666 916 (δὲ
1701 848 1875 916 ὲγκα-

262 949 379 1003 λεῖν
411 947 689 1015 λέγουσιν,
720 947 805 999 ὅτι
836 945 966 998 ναὸν
999 941 1178 1013 ἑαυτῷ
1206 939 1637 1001 κατασκευάσας
1675 938 1705 991 6
1739 936 1898 998 Θεὸς

264 1038 449 1105 ζῶντα
480 1040 548 1092 ὲκ
581 1034 904 1104 Πνεύματος
934 1034 1094 1103 ἀγίου
1115 1073 1131 1098 ,
1166 1031 1235 1084 δι’
1290 1027 1458 1084 αὐτοῦ
1494 1028 1592 1099 τὴν
1627 1024 1877 1096 οἰκουμέ-

265 1147 368 1202 νην
397 1129 721 1198 ὠφέλησεν;
765 1126 826 1180 Εἰ
867 1124 977 1196 γὰρ
1018 1122 1246 1193 αἰσχρὸν
1294 1123 1353 1174 ὲν
1382 1117 1718 1191 ἀνθρωπίνῳ
1766 1115 1873 1168 σώ-

270 1236 404 1291 ματι
433 1219 569 1273 Θεὸν
598 1218 843 1288 οἰκῆσαι,
882 1211 1066 1284 πολλῷ
1095 1211 1298 1282 μᾶλλον
1325 1211 1382 1262 ὲν
1415 1209 1551 1279 λίθῳ
1577 1207 1674 1261 καὶ⁷
1701 1205 1873 1276 ξύλῳ,

265 1312 385 1380 ὅσῳ
415 1310 445 1362 6
481 1308 635 1372 λίθος
663 1308 760 1362 καὶ
792 1307 854 1359 τὸ
885 1304 1042 1368 ξύλον
1093 1301 1420 1374 ἀτιμότερον
1453 1298 1748 1370 ἀνθρώπου
1772 1314 1785 1328 ο
1826 1298 1875 1350 εί

269 1402 347 1472 μὴ
376 1397 489 1472 ἀρα
511 1401 609 1455 καὶ.
639 1399 746 1453 τῶν
767 1395 1118 1467 ἀναισθήτων
1145 1392 1353 1449 τούτων
1388 1392 1531 1447 ὑλῶν
1564 1389 1880 1444 εὐτελέστε-

268 1511 362 1564 ρον
400 1492 464 1546 τὸ
486 1494 647 1561 γένος
674 1489 836 1562 ήμῶν
862 1488 1047 1550 αὐτοῖς
1080 1482 1221 1540 εἰναι
1241 1486 1422 1539 δοκεῖ.
1454 1483 1621 1536 Αὐτοὶ
1659 1481 1757 1535 κα)⁸
1799 1483 1878 1544 είς

267 1583 480 1647 λίθους,
512 1583 609 1635 καὶ
638 1582 720 1644 εἰς
758 1579 962 1643 κύνας,
995 1576 1186 1631 πολλοί
1213 1576 1284 1638 ,δὲ
1307 1574 1419 1628 τῶν
1445 1573 1745 1644 αἰρετικῶν
1778 1571 1878 1623 καὶ

266 1679 348 1739 εἰς
376 1677 546 1747 ἔτερα
569 1674 777 1727 τούτων
803 1670 1128 1742 ἀτιμότερα,
1156 1666 1252 1722 τοῦ
1282 1666 1420 1720 Θεοῦ
1445 1665 1748 1732 κατάγουσαι
1781 1663 1880 1734 τὴν

266 1767 480 1821 οὐσίαν.
499 1766 693 1836 Ἡμεῖς
722 1764 780 1818 δὲ
809 1762 1016 1820 τούτων
1040 1761 1194 1814 οὐδὲν
1226 1758 1342 1814 οὔτ’
1371 1758 1440 1813 ἂν
1480 1755 1715 1811 ἀκοῦσαί
1748 1770 1877 1808 ποτε

1975 568 2268 635 inducunt,
2295 576 2353 623 et
2373 577 2636 640 tanquam
2659 568 2718 624 in
2741 584 2971 627 carcere
2992 571 3237 642 quodam
3261 570 3579 639 includunt,

1974 659 2115 714 nihil
2145 669 2306 730 turpe
2339 661 2600 716 arbitrari
2637 677 2697 718 se
2727 661 2910 718 facere
2936 672 3036 719 aut
3063 663 3252 719 dicere
3279 680 3292 716 :
3318 678 3421 718 nos
3445 678 3580 719 vero

1975 751 2415 822 reprehendere,
2449 752 2601 822 quod
2654 753 2908 810 dicamus
2947 755 3147 823 Deum,
3197 755 3404 826 templo
3447 754 3578 809 vivo

1976 845 2083 900 sibi
2110 845 2216 916 ipsi
2244 845 2359 916 68
2380 859 2480 914 per
2503 843 2773 916 Spiritum
2795 854 3051 904 sanctum
3075 855 3382 913 exstructo,
3411 862 3578 918 opem

1975 937 2186 993 mundo
2214 953 2314 1008 per
2334 937 2475 993 illud
2501 938 2792 994 attulisse?
2815 939 2873 995 Si
2892 940 3043 995 enim
3071 946 3234 1011 turpe
3258 947 3344 995 est
3372 941 3430 996 in
3462 939 3573 995 hu-

1977 1044 2143 1084 mano
2185 1043 2422 1100 corpore
2475 1030 2653 1086 Deum
2690 1029 2968 1097 habitare,
3000 1033 3182 1088 multo
3201 1033 3376 1104 magis
3398 1033 3458 1087 in
3484 1032 3572 1088 la-

1977 1117 2105 1188 pide
2130 1117 2373 1190 ctligno,
2401 1127 2612 1190 quanto
2637 1120 2780 1191 lapis
2805 1129 2862 1175 et
2882 1120 3094 1192 lignum
3124 1122 3351 1178 homine
3372 1124 3576 1179 viliora

1978 1219 2126 1264 sunt.
2155 1211 2271 1265 Nisi
2293 1210 2438 1266 forte
2459 1211 2548 1267 his
2567 1213 2735 1268 etiam
2763 1213 2932 1268 rebus
2956 1213 3112 1271 nullo
3137 1228 3305 1284 sensu
3329 1214 3580 1284 praeditis

1977 1300 2253 1378 abjectius
2281 1315 2458 1371 genus
2485 1309 2740 1356 nostrum
2775 1303 2912 1371 ipsis
2936 1282 3179 1358 videtur:
3213 1282 3404 1373 lpsivet
3426 1303 3481 1358 in
3501 1303 3581 1358 la-

1978 1393 2158 1462 pides,
2188 1401 2246 1448 et
2279 1393 2337 1447 in
2368 1407 2555 1459 canes,
2589 1394 2752 1449 multi
2780 1395 2951 1450 etiam
2985 1391 3235 1450 haeretici
3273 1395 3331 1448 in
3357 1396 3463 1450 alia
3489 1396 3581 1451 his

1980 1485 2214 1541 foediora
2262 1462 2366 1541 Dei
2404 1482 2772 1542 substantiam
2801 1487 3109 1543 deducunt.
3145 1487 3258 1542 Nos
3284 1502 3417 1542 vero
3448 1486 3586 1541 talia

1981 1592 2050 1632 ne
2074 1577 2271 1632 audire
2299 1577 2526 1647 quidem
2574 1593 2892 1648 possumus.
2931 1579 3072 1634 Illud
3100 1589 3286 1634 autem
3314 1577 3579 1644 dicimus,

1979 1668 2129 1739 quod
2153 1667 2418 1723 mundam
2443 1685 2690 1734 carnem,
2716 1678 2772 1726 et
2791 1679 3039 1725 sanctam
3060 1679 3117 1726 et
3141 1671 3578 1729 immaculatam.

1980 1764 2037 1812 et
2066 1757 2249 1812 omnis
2278 1758 2493 1828 peccati
2512 1765 2811 1830 expertem
2839 1800 2853 1825 ,
2907 1776 2976 1815 ex
3002 1761 3262 1832 virginali
3294 1769 3453 1824 utero
3489 1775 3581 1815 as-

267 1856 669 1928 άνασχοίμεθα.
711 1855 918 1908 Ἐκεῖνο
958 1852 1017 1906 δέ
1046 1867 1253 1922 φαμεν,
1280 1845 1636 1920 ὅτικαθαράν
1668 1847 1872 1916 σάρκα,

1982 1850 2279 1920 sumpserit
2309 1849 2594 1916 Christus,
2624 1859 2682 1906 et
2711 1852 2999 1922 proprium
3036 1868 3132 1907 vas
3157 1851 3475 1922 perfecerit.
3511 1880 3583 1890 --

270 1950 364 2003 καὶ
392 1947 584 2015 ἀγίαν.
608 1947 706 2000 καὶ
735 1947 990 2016 ἄμωμον,
1019 1942 1116 1997 καὶ
1155 1940 1272 2012 (88)
1301 1941 1555 2012 ἁμαρτίᾳ
1589 1939 1741 2008 πάσῃ
1775 1954 1874 2006 γε-

269 2040 503 2109 νομένην
544 2037 766 2100 ἄϐατον,
815 2037 883 2089 ὲκ
940 2033 1280 2106 παρθενικῆς
1335 2033 1554 2104 μήτρας
1602 2029 1799 2085 ἐλαϐεν
1848 2031 1878 2082 6

268 2131 530 2203 Χριστὸς,
553 2129 737 2194 καὶ,τὸ
766 2130 967 2184 οἰκεῖον
993 2125 1275 2197 διώρθωσε
1296 2124 1510 2188 σκεῦος.
1531 2153 1602 2165 --
1617 2122 1729 2177 Kal
1747 2120 1876 2191 μετ’

269 2223 446 2292 ὀπτα
466 2240 480 2254 ·
511 2222 722 2274 Ἐκεῖνο
744 2220 803 2273 δέ
828 2234 1034 2290 φαμεν,
1065 2216 1148 2271 ὅτι
1171 2216 1300 2272 ναὸν
1325 2215 1484 2284 ἀγιον
1505 2213 1684 2286 ἑαυτῷ
1707 2229 1878 2267 κατα-

271 2311 554 2374 σκευάσας
590 2311 619 2363 6
679 2309 814 2372 Θεὸς
874 2308 1072 2376 Λόγος,
1123 2307 1192 2361 δι’
1238 2307 1450 2360 ἐκείνου
1495 2304 1595 2377 τὴν
1648 2307 1714 2359 εκ
1767 2303 1878 2357 τῶν

269 2391 521 2476 οὖρανιῖΝ
572 2401 859 2454 πολιτείαν
893 2401 973 2464 εἰς
1017 2400 1109 2453 τὸν
1149 2397 1266 2470 βίον
1297 2399 1565 2468 εἰσήγαγε
1613 2395 1706 2450 τὸν
1739 2395 1878 2468 ἠμέ-

204 2479 212 2484 ’
270 2510 449 2565 τερον.
469 2524 540 2534 ——
570 2491 687 2546 Τοῦ
716 2492 906 2547 αὑτοῦ
934 2490 1054 2546 ἀπὸ
1079 2490 1184 2544 τοῦ
1203 2491 1414 2558 λόγου,
1455 2507 1474 2541 ι
1504 2488 1730 2542 Ὀτιτά
1759 2486 1875 2557 (89)

268 2581 570 2648 ταπεινῶς
616 2581 906 2650 είρημένα
953 2579 1056 2634 καί
1113 2572 1489 2650 γεγενημένα
1549 2578 1712 2645 παρὰ
1769 2575 1878 2630 τοῦ

269 2673 556 2742 Χριστοῦ,
587 2673 661 2725 οὐ
699 2671 774 2725 δι’
815 2669 1143 2726 ἀσθένειαν
1170 2668 1487 2737 δυνάμεως
1515 2668 1755 2738 ἐγίνετο
1778 2667 1880 2721 καί

268 2765 515 2834 ἐλέγετο
544 2763 691 2835 (90),
738 2762 904 2818 ἀλλὰ
947 2761 1023 2816 δι’
1071 2757 1420 2829 οἰκονομίας
1454 2759 1804 2829 διαφόρους.
1858 2778 1877 2811 ι

268 2857 432 2919 Τίνες
453 2852 547 2910 οὖν
573 2857 712 2909 τίσιν
739 2855 797 2908 αἱ
831 2854 943 2924 (91)
975 2854 1148 2908 αἰτίαι
1174 2850 1271 2906 τοῦ
1303 2853 1538 2906 ταπεινά
1572 2851 1687 2924 (Μ)
1707 2851 1880 2906 πολλά

269 2945 369 3000 καί
394 2944 564 2998 αὑτὸν
599 2943 694 2996 καὶ
732 2943 860 3005 τοὺς
909 2942 1244 3004 ἀποστόλους
1278 2942 1567 3011 εἰρηκέναι
1597 2941 1728 3012 περί
1754 2942 1880 2995 ἑαυ-

266 3031 366 3086 τοῦ
400 3031 552 3103 (93);
605 3030 811 3101 Πρώτη
863 3029 962 3099 μὲν
1002 3027 1114 3099 (94)
1163 3027 1317 3082 αίτία
1364 3028 1463 3082 κα)⁵
1498 3028 1735 3100 μεγίστη
1760 3069 1775 3095 ,
1817 3029 1881 3082 τὸ

269 3122 461 3194 σάρκα
488 3119 654 3175 αὑτὸν
682 3118 1132 3190 περιϐεϐλῆσθαι,
1152 3118 1252 3171 καὶ
1276 3117 1570 3189 βούλεσθαι
1627 3112 1733 3172 καί
1753 3119 1880 3183 τοὺς

203 3272 210 3277 ,
267 3215 396 3270 τότε
425 3212 677 3276 καὶτοὺς
713 3211 855 3283 μετά
888 3211 1066 3266 ταῦτα
1107 3211 1490 3265 πιστώσασθαι
1523 3210 1758 3276 πάντας,
1797 3212 1880 3266 ὅτι

268 3307 338 3365 06
377 3307 510 3362 σκιά
537 3304 624 3369 τίς
667 3305 839 3368 ἐστιν,
875 3304 1001 3358 οὐδὲ
1041 3303 1230 3374 σχῆμα
1259 3302 1451 3366 ἁπλῶς
1485 3292 1877 3373 τδόρώμενον.

268 3397 393 3453 ἀλλ’
425 3379 658 3467 ἀλήθεια
717 3394 960 3466 φύσεως.
994 3395 1060 3447 Εἰ
1101 3394 1210 3465 γὰρ
1235 3392 1476 3447 τοσαῦτα
1506 3392 1745 3446 ταπεινά
1768 3393 1880 3449 ,καὶ

268 3486 620 3558 ἀνθρώπινα,
648 3488 746 3541 καὶ
767 3486 884 3556 (95)
911 3482 1100 3550 αὐτοῦ,
1132 3485 1229 3539 καὶ
1257 3482 1366 3537 τῶν
1385 3483 1709 3537 ἀποστόλων
1732 3485 1880 3554 εἰρη-

270 3577 454 3631 κότων
485 3576 618 3648 περὶ
663 3573 856 3639 αὐτοῦ,
901 3575 1054 3644 ὅμως
1087 3572 1312 3644 ἴσχυσεν
1340 3573 1369 3625 6
1400 3569 1652 3633 διάϐολος
1691 3572 1879 3625 πεῖσαί

1981 1940 2052 1996 Et
2081 1951 2196 2011 post
2222 1959 2416 2012 pauca.
2445 1943 2586 1998 lllud
2612 1950 2798 1998 autem
2820 1943 3081 2007 dicimus,
3116 1942 3264 2012 quod
3294 1957 3420 1996 cum
3445 1949 3584 1995 tem-

1981 2032 2134 2104 plum
2157 2042 2412 2088 sanctum
2445 2033 2554 2088 sibi
2579 2034 2726 2089 Deus
2751 2035 2996 2090 Verbum
3028 2034 3453 2097 construxisset,
3481 2046 3582 2102 per

1981 2121 2119 2177 illud
2139 2123 2423 2178 ccelestem
2443 2123 2693 2193 politiam
2710 2125 2776 2178 ad
2803 2140 2904 2178 nos
2922 2124 3219 2179 invexerit.
3240 2154 3300 2163 —-
3322 2123 3581 2194 Ejusdem

1981 2232 2046 2271 ex
2073 2217 2338 2283 oratione,
2384 2235 2401 2267 ι
2426 2214 2579 2283 Quod
2603 2233 2724 2288 quae
2743 2215 3018 2271 humiliter
3042 2217 3190 2272 dicta
3215 2224 3264 2270 et
3292 2216 3437 2285 facta
3457 2223 3584 2269 sunt

1982 2322 2016 2360 ιι
2043 2305 2274 2370 Christo,
2331 2322 2438 2360 non
2487 2314 2705 2378 propter
2733 2306 3155 2361 imbecillitatem
3185 2308 3454 2377 potentiaz,
3492 2305 3585 2359 sed

1985 2407 2207 2469 propter
2245 2399 2480 2454 diversas
2524 2400 2829 2454 mconomiw
2880 2402 3116 2454 ratione;
3166 2400 3308 2453 dicta
3352 2408 3400 2452 et
3438 2398 3586 2469 facta

1979 2492 2140 2544 sint.»
2179 2490 2312 2558 Quae
2344 2491 2513 2561 igitur
2537 2498 2669 2545 sunt
2694 2505 2896 2556 causae,
2944 2505 3045 2545 cur
3080 2501 3137 2547 et
3164 2491 3281 2561 ipse
3311 2489 3380 2544 de
3406 2505 3486 2553 se,
3526 2497 3587 2545 et

1983 2581 2222 2650 apostoli
2277 2580 2345 2636 de
2391 2581 2514 2651 ipso
2567 2582 2741 2643 multa
2777 2581 3066 2638 humiliter
3091 2581 3367 2636 dixerint?
3398 2580 3586 2635 Prima

1984 2671 2209 2741 quidem
2236 2679 2293 2727 et
2318 2673 2557 2727 maxima
2579 2683 2685 2737 est,
2710 2672 2864 2743 quod
2887 2688 3114 2728 carnem
3140 2687 3267 2728 cum
3289 2672 3585 2738 induisset,

1985 2763 2152 2819 [idem
2194 2764 2376 2821 facere
2416 2764 2679 2828 voluerit,
2714 2773 2833 2820 tum
2864 2765 2934 2821 iis
2954 2765 3050 2834 qui
3086 2773 3221 2820 tunc
3246 2771 3430 2831 erant,
3465 2772 3587 2819 tum

1984 2857 2226 2926 posteris
2245 2857 2524 2922 omnibus,
2548 2857 2661 2928 69
2681 2858 2830 2926 quod
2857 2874 2967 2912 non
2988 2867 3140 2913 esset
3160 2858 3357 2912 umbra
3377 2857 3586 2928 aliqua,
3623 2914 3625 2916 .

1986 2948 2072 3001 vel
2101 2948 2276 3017 ﬁgura
2302 2954 2540 3011 tantum,
2575 2948 2724 3016 quod
2746 2948 3102 3013 cernebatur,
3128 2949 3226 3004 sed
3254 2948 3464 3003 veritas
3485 2963 3588 3002 na-

1941 3023 1949 3026 ’
1989 3042 2146 3090 turaa.
2181 3034 2240 3090 Si
2267 3036 2440 3102 enim,
2478 3051 2606 3091 cum
2639 3045 2718 3091 tot
2742 3037 2974 3093 humilia
3008 3049 3066 3095 et
3089 3040 3362 3095 humana‘
3388 3049 3445 3096 et
3471 3041 3590 3110 ipse

1983 3135 2042 3181 et
2075 3127 2316 3197 apostoli
2370 3127 2438 3182 de
2487 3142 2555 3183 eo
2597 3127 2868 3191 dixerint.
2915 3132 3099 3199 potuit
3123 3140 3306 3187 tamen
3333 3131 3591 3188 diabolus

1986 3217 2207 3271 miseris
2240 3217 2575 3287 quihusdam
2607 3219 2934 3276 hominibus
2966 3223 3328 3292 persuadere,
3372 3233 3434 3277 ut
3469 3218 3587 3278 dis-

1981 3307 2326 3376 pensationis
2371 3307 2648 3362 rationem
2685 3320 2971 3379 negarent,
3008 3321 3065 3366 et
3098 3313 3287 3367 dicere
3313 3313 3590 3368 auderent

1982 3395 2132 3466 quod
2158 3411 2384 3452 carnem
2417 3413 2526 3452 non
2555 3399 2942 3468 assumpserit,
2992 3409 3050 3455 et
3071 3417 3235 3456 omne
3261 3402 3586 3458 humanita-

1985 3487 2056 3542 tis
2077 3487 2506 3544 fundamentum
2539 3491 2798 3545 tollerent
2824 3509 2838 3544 :
2864 3491 2911 3546 si
2935 3491 3138 3546 horum
3166 3493 3304 3546 nihil
3328 3492 3585 3559 dixisset,

1982 3594 2147 3648 quam
2172 3581 2333 3635 multi
2362 3581 2418 3635 in
2443 3581 2550 3636 hoc
2579 3582 2906 3637 barathrum
2936 3583 3281 3640 inciderent!
3350 3628 3352 3631 τ

267 3683 433 3730 τινας
469 3666 581 3719 τῶν
601 3665 802 3719 ἀθλίων
831 3664 924 3718 καὶ
943 3663 1311 3744 ταλαιπώρων
1342 3659 1671 3733 ἀνθρώπων,
1701 3661 2044 3731 ἀρνήσασθαι
2096 3669 2195 3740 τῆς
2242 3671 2558 3741 οἰκονομίας
2623 3671 2717 3724 τὸν
2786 3672 2966 3741 λόγον,
3025 3674 3133 3736 ,καὶ
3199 3673 3474 3745 τολμῆσαι
3507 3673 3590 3726 εί-

272 3759 406 3812 πεῑν
437 3757 520 3810 ὅτι
568 3757 752 3826 σάρκα
781 3754 883 3808 οὐκ
910 3753 1097 3844 ἔλαϐε,
1127 3753 1226 3806 καὶ
1264 3753 1459 3844 πᾶσαν
1493 3749 1609 3844 (96)
1649 3751 1763 3844 τῆς.
1798 3753 2210 3844 εριλανθρωπίας
2239 3761 2500 3815 ὑπόθεσιν
2530 3763 2740 3818 ἀνελεῖν
2764 3781 2778 3793 ·
2838 3765 2888 3816 εἰ
2949 3763 3120 3834 μηδὲν
3175 3763 3383 3819 τούτων
3439 3759 3590 3833 εἰπε,

271 3849 440 3901 πόσοι
461 3846 562 3899 οὐκ
588 3846 656 3901 ἂν
683 3846 766 3910 είς
805 3845 867 3899 τὸ
895 3843 1172 3916 βάραθρον
1195 3842 1356 3897 τοῦτο
1382 3841 1690 3897 κατέπεσον
1743 3841 1879 3912 (97)!

371 3938 589 4006 Ὀλίγας
621 3938 723 4008 μὲν
752 3932 845 3991 οὖν
875 3937 988 4006 (98)
1031 3938 1096 3990 ὲκ
1131 3935 1470 4006 παμπόλλων
1509 3951 1593 3988 σοι
1627 3936 1885 4009 παρήγασ-

279 4045 389 4098 γον
431 4031 662 4099 χρήσεις
717 4028 826 4082 τῶν
879 4028 1142 4100 κηρύκων
1195 4028 1298 4097 τῆς
1351 4026 1640 4097 ἀληθείας,
1681 4026 1770 4080 ἵνα
1808 4027 1883 4098 μὴ

269 4119 360 4189 τῷ
398 4118 591 4186 πλήθει
627 4116 729 4182 τὰς
763 4118 935 4182 ἀκοὰς
973 4117 1314 4171 ἀποκναίσω.
1355 4115 1666 4186 Ἀποχρῶσι
1700 4111 1762 4169 at
1791 4115 1886 4169 καὶ

271 4202 448 4264 αὗται
484 4208 652 4274 δεῖξαι
677 4209 787 4264 τῶν
811 4207 1143 4275 ἀξιεπαίνων
1172 4206 1384 4279 ἀνδρῶν
1411 4207 1510 4261 τοῦ
1537 4209 1887 4279 φρονήματος

274 4305 379 4360 τὸν
415 4304 640 4357 σκοπόν.
661 4301 774 4355 Σὺν
810 4304 856 4356 δ’
883 4302 952 4356 ἂν
974 4300 1072 4374 εἴη
1109 4301 1282 4372 φάναι
1313 4300 1524 4367 λοιπὸν,
1550 4302 1700 4365 ὅπως
1730 4299 1883 4370 ἔχειν

278 4414 374 4452 σοι
407 4397 476 4449 τά
503 4395 770 4468 εἰρημένα
797 4394 966 4448 δοκεῖ.

353 4487 564 4543 EPAN.
620 4487 840 4557 Συνῳδά
876 4486 976 4556 μὲν
1008 4485 1296 4556 εἰρήκασιν
1328 4485 1594 4551 ἅπαντες,
1626 4485 1721 4540 καί
1747 4503 1884 4557 συμ⁹

2056 3937 2268 3992 Paucas
2293 3934 2395 3991 (ibi
2445 3952 2514 3992 ex
2539 3936 2800 4008 plurimis
2829 3954 3148 4008 praeconum
3173 3939 3430 4012 veritatis
3457 3958 3587 3998 sen-
3615 4007 3620 4012 ε

1986 4027 2187 4084 tentias
2212 4029 2501 4098 proposui,
2533 4045 2604 4084 ne
2636 4030 2994 4085 multitudine
3025 4008 3192 4106 aures
3218 4042 3344 4093 tuas
3371 4034 3583 4090 obtun-

1985 4118 2195 4173 derem.
2261 4118 2406 4174 Satis
2449 4129 2634 4175 autem
2670 4119 2755 4174 hae
2784 4128 3018 4189 possunt
3055 4127 3200 4186 esse,
3253 4131 3314 4176 ut
3356 4138 3586 4194 scopum
3635 4141 3641 4153 ·

1985 4199 2304 4278 Ostendam,
2341 4211 2410 4266 ad
2438 4227 2604 4282 quem
2627 4213 2733 4266 viri
2766 4213 3131 4268 laudatissimi
3161 4222 3402 4268 mentem
3429 4231 3585 4272 suam

1990 4305 2336 4360 direxerant.
2368 4304 2548 4358 Tuum
2569 4313 2652 4360 est
2678 4304 2967 4374 deinceps,
2995 4305 3275 4378 quomodo
3296 4321 3354 4361 se
3377 4307 3586 4364 habere

1991 4396 2094 4453 tibi
2118 4381 2568 4465 videantur‘qua’:
2596 4395 2746 4451 dicta
2775 4406 2924 4462 sunt,
2963 4412 3264 4467 exponere.

2061 4486 2269 4543 ERAN.
2308 4485 2684 4541 Consonantia
2709 4486 2935 4555 quidem
2968 4487 3230 4541 dixerunt
3273 4503 3496 4555 omnes,
3528 4499 3587 4546 et

277 4579 533 4650 φωνοῦσι
562 4581 675 4639 τοῖς
715 4579 816 4649 τὴν
857 4577 995 4645 πρὸς
1028 4577 1318 4647 ἀνίσχοντα
1352 4577 1503 4648 ἥλιον
1529 4579 1878 4650 γεωργήσασι

1987 4577 2348 4648 consentiunt
2388 4592 2514 4631 cum
2559 4577 2848 4632 orientalis
2876 4587 3038 4633 terra:
3063 4579 3374 4634 cultoribus
3417 4580 3454 4635 ii
3485 4583 3582 4651 qui

276 4661 475 4741 γῆνοί
522 4671 625 4740 τὴν
662 4668 801 4738 πρὸς
837 4667 1098 4738 δυόμενον
1139 4668 1645 4739 φυτουργήσαντεςσ
1681 4668 1878 4738 πολλὴν

1988 4668 2387 4724 occidentalem
2405 4667 2770 4724 excoluerunt
2793 4686 2805 4721 :
2831 4685 3090 4740 magnum
3109 4679 3294 4725 autem
3319 4669 3375 4724 in
3389 4687 3585 4727 eorum

272 4767 337 4818 δὲ
378 4758 522 4816 εἶδον
552 4763 612 4816 ὲν
637 4763 750 4825 τοῖς
775 4760 960 4829 λόγοις
986 4758 1275 4830 διαίρεσιν.

353 4853 518 4909 ΟΡΘ.
562 4852 810 4923 Διάδοχοι
857 4850 968 4905 τῶν
1007 4850 1169 4904 θείων
1224 4849 1540 4905 ἀποστόλων
1582 4851 1633 4904 oi
1688 4849 1884 4922 ἀνδρες

271 4942 638 5014 γεγένηνται.
692 4936 852 5006 Τινὲς
902 4941 962 4994 δὲ
1016 4941 1110 4994 καὶ
1143 4941 1244 5011 τῆς
1273 4941 1424 5012 ίερᾶς
1461 4941 1642 4994 αὐτῶν
1673 4940 1879 5010 φωνῆς,

273 5037 385 5092 καὶ
417 5033 518 5104 τῆς
543 5033 874 5103 ἀξιαγάστου
903 5031 1034 5098 θέας
1073 5033 1418 5104 ἀπήλαυσαν·
1447 5034 1498 5087 ot
1542 5032 1602 5088 δέ
1634 5050 1699 5102 γε
1731 5032 1882 5085 πλεῖ-

353 5211 479 5285 (ξξ)
514 5211 629 5285 καί.
665 5211 746 5266 Ex
763 5211 1136 5285 _ed._Rom._e_t
1174 5211 1324 5285 Lips.
1360 5212 1648 5285 inscrtum.

355 5280 574 5351 (89)τά
619 5281 987 5350 supplendum
1043 5281 1168 5336 fuit.
1214 5280 1404 5336 Exstat
1461 5281 1624 5345 infra,
1662 5280 1718 5334 in
1750 5280 1882 5336 dial.

273 5356 336 5419 2,
369 5350 483 5406 'ubi
514 5365 581 5405 ex
602 5351 820 5422 eadem
863 5351 1112 5407 oratione
1157 5352 1315 5407 locus
1350 5351 1619 5422 allegatur
1644 5351 1750 5406 sub
1784 5367 1886 5406 no-

273 5425 447 5479 mine
471 5421 730 5476 oratiom‘s
758 5421 1089 5491 dogmaticw.

359 5491 481 5573 (90)
517 5494 601 5573 εγ..
639 5508 696 5544 κ.
732 5489 879 5573 ελεγ.
928 5490 1056 5545 Haec
1093 5489 1401 5573 supplenda
1437 5504 1561 5573 esse
1597 5489 1878 5573 duximus,

319 5560 440 5632 uia,
472 5561 542 5632 ad
575 5561 997 5632 inscriptionem
1047 5561 1332 5632 orationis,
1355 5561 1658 5632 pertinent.
1698 5560 1881 5616 Editio

319 5581 431 5618 tua
473 5581 542 5616 au
575 5581 997 5632 mscnpuonem
1047 5581 1332 5620 oraturum.
1356 5581 1658 5628 pertinent.
1698 5581 1878 5616 [λωιιο

277 5581 503 5702 gavilii,
546 5640 584 5686 ι.
619 5631 710 5697 Ἦ,
743 5647 799 5702 p.
836 5630 966 5702 425,
1010 5629 1286 5702 praemittit
1320 5630 1460 5702 ουδὲ
1467 5629 1534 5681 δι’
1559 5631 1878 5702 ἐλάττωσιν.

353 5698 472 5842 (91)
502 5705 580 5757 αἱ.
616 5698 983 5757 [merendum
1012 5698 1139 5782 :fuit
1187 5714 1254 5753 ex
1300 5699 1585 5781 erlL'Rom.
1624 5708 1680 5755 et
1730 5699 1879 5768 Lips.

379 5772 453 5828 92
504 5773 606 5829 Ed.
666 5772 829 5828 Rom.
863 5778 921 5826 et
964 5767 1115 5840 Lips.
1153 5785 1428 5822 ταπεινου.
1489 5767 1598 5826 Sed
1651 5769 1879 5824 ταπεινὰ

379 5767 470 5840 92)
504 5773 606 5829 Ed.
666 5772 829 5828 Rom.
863 5778 921 5826 et
964 5767 1115 5840 Lips.
1153 5767 1428 5822 ταπεινοῦ.
1489 5767 1598 5826 Sed
1651 5767 1882 5824 ταπεινά

1991 4760 2154 4815 dictis
2183 4759 2485 4815 discrimen
2518 4759 2908 4814 animadverti.

2061 4850 2275 4906 ORTH.
2314 4851 2676 4907 Successores
2702 4851 3020 4906 divinorum
3053 4852 3430 4921 apostolorum
3477 4852 3585 4907 viri

1990 4940 2048 4995 hi
2086 4940 2314 4995 luerunt
2349 4957 2363 4994 ε
2404 4953 2641 5011 quorum
2686 4941 2856 5011 aliqui
2902 4955 3112 4995 sacram
3143 4941 3365 4995 illorum
3390 4957 3583 4997 vocem

1990 5031 2328 5098 audierunt,
2381 5032 2784 5088 et'admirabili
2813 5048 3008 5088 eorum
3053 5033 3459 5090 consuetudine
3495 5032 3584 5088 usi

1983 5211 2154 5268 habet
2185 5212 2354 5266 etiam
2385 5211 2475 5266 ed.
2517 5211 2730 5266 Savilii.

2055 5283 2168 5349 (95)
2204 5284 2354 5335 ὲαὺτ.
2388 5281 2556 5337 Savil.
2598 5281 2787 5336 αὐτοῦ.

2078 5287 2147 5337 93
2204 5287 2354 5335 ὲαὺτ.
2388 5287 2556 5337 Savil.
2598 5287 2787 5336 αὑτοῦ.

2077 5287 2168 5424 94)
2203 5353 2322 5424 μέν.
2361 5351 2528 5424 Savil.
2565 5352 2721 5424 addit
2756 5346 2873 5424 οὖν.

2077 5421 2288 5495 95))ιαὶ
2303 5422 2724 5495 -περὶ-αὐτοῦ.
2749 5421 2896 5495 Savil
2932 5423 3063 5495 περί
3087 5422 3280 5486 αὐτοῦ,
3321 5423 3418 5477 καί
3457 5423 3579 5480 τῶν

1980 5491 2295 5566 ἀπο-στόλων
2333 5493 2654 5566 εἰρηκότων,
2689 5494 2782 5545 καὶ
2810 5492 2976 5566 αὑτοῦ
3008 5491 3144 5566 ’περὶ
3175 5495 3398 5566 ἑαυτοῦ.

2054 5561 2164 5633 (96)
2208 5561 2409 5636 πᾷσαν.
2456 5561 2557 5616 Ed.
2595 5562 2755 5617 Rom.
2794 5571 2848 5619 et
2887 5563 3038 5634 Lips.
3090 5561 3282 5636 praem.
3329 5564 3450 5635 τήν.
3498 5561 3580 5621 Ita

1990 5631 2210 5701 quoque
2250 5631 2420 5685 Savil.

2066 5701 2180 5838 (97;
2215 5719 2339 5754 κατ.
2373 5701 2491 5756 Huc
2523 5717 2699 5771 usque
2721 5700 3167 5772 Chrysostomus.

2068 5771 2158 5835 (98
2211 5767 2324 5826 οὖν.
2357 5771 2483 5828 Des.
2514 5771 2570 5827 in
2595 5772 2686 5828 ed.
2715 5772 2877 5830 Rom.
2911 5780 2969 5830 et
2991 5772 3150 5838 .Lios.

2068 5767 2180 5838 (98)
2211 5767 2324 5826 οὖν.
2357 5771 2483 5828 Des.
2514 5771 2570 5827 in
2595 5767 2686 5828 ἑά.
2715 5767 2877 5830 Rom.
2911 5780 2969 5830 et
2990 5772 3150 5842 ,Lios.
