4112 6374
621 341 731 410 l03

1602 327 2089 390 THEODORE'l‘l
2141 319 2483 380 El’lSCOI’l
2525 318 2897 383 CYRENSIS

3793 309 3890 378 ιοι

621 460 753 510 sunt
785 468 799 506 :
832 445 1058 523 plurimi
1090 441 1257 502 etiam
1299 437 1550 510 martyrii
1581 435 1803 490 coronis
1845 430 2026 523 ornati
2059 434 2207 523 sunt.

2317 439 2428 475 στοι
2468 423 2586 489 τοῖς
2640 424 2733 478 τοῦ
2769 418 3079 495 μαρτυρίου
3129 418 3423 493 στεφάνοις
3476 419 3894 494 κατεκοσμήθη.

621 546 797 601 Fasne
821 520 954 612 ergo
981 537 1085 594 tibi
1103 533 1326 593 videtur
1347 529 1724 600 blasphemam
1749 533 1942 581 contra
1965 522 2086 578 illos
2105 520 2210 575 lin-

621 650 785 708 guam
811 627 1070 687 movere?
1199 697 1209 712 _

692 723 902 780 ERAN.
933 711 1207 791 Equidem
1227 717 1336 772 hoc
1351 715 1532 771 facere
1551 711 1923 783 pertimesco:
1948 711 2209 761 caeterum

621 826 878 883 magnum
905 809 1205 864 discrimen
1236 821 1348 861 non
1373 803 1568 875 probo.

693 925 803 996 7o
833 921 1042 978 ORTH.
1096 909 1203 974 Sed
1251 934 1354 989 ego
1385 917 1486 972 tibi
1515 929 1710 971 rursus
1737 912 2083 983 inopinatum
2111 923 2210 980 apo

622 1016 842 1087 plicabo
871 1012 1200 1068 remedium.
1241 1010 1421 1066 Unum
1451 1007 1601 1065 enim
1648 1002 1992 1059 admirabilis
2013 1009 2212 1057 vestra:

623 1108 901 1161 haareseos
944 1103 1226 1156 doctorem
1267 1099 1641 1169 Apollinarem
1677 1095 1734 1150 in
1765 1093 2009 1148 medium
2033 1091 2210 1147 addu-

621 1212 766 1261 cam,
809 1203 865 1250 et
903 1210 1015 1249 non
1051 1193 1216 1247 aliter
1247 1205 1311 1244 ac
1334 1189 1509 1244 sancti
1538 1189 1732 1243 Patres
1766 1205 1784 1237 ι
1805 1184 2049 1240 Verbum
2082 1197 2213 1240 caro

622 1289 835 1344 factum
863 1295 949 1341 est
972 1306 989 1337 ι
1025 1282 1362 1339 intellexisse
1393 1280 1708 1336 ostendam.
1748 1278 1892 1332 Audi
1919 1292 2051 1347 ergo
2079 1274 2212 1346 quid

624 1381 729 1434 hac
755 1379 823 1434 de
853 1393 912 1433 re
942 1376 1230 1447 scripserit
1255 1375 1312 1429 in
1338 1370 1752 1443 compendiario
1781 1384 1882 1426 suo
1902 1369 2066 1422 libro.

1267 1581 1591 1655 Apolinarii.

698 1677 780 1734 Ex
806 1677 938 1731 libra
963 1675 1376 1748 compendiario.
1403 1673 1461 1729 Si
1487 1671 1635 1743 quod
1657 1670 1890 1726 assumit
1911 1665 2212 1741 quispiam,

2315 513 2548 589 cav._'ll
2576 516 2754 570 τοίνυν
2808 515 3005 581 εὐαγές
3041 531 3125 568 σοι
3163 514 3316 568 δοκεῖ
3357 512 3457 568 καὶ
3503 513 3649 568 κατά
3693 509 3899 569 «om

2312 604 2410 674 τὴν
2443 602 2770 678 βλάσφημον
2807 605 3026 675 κινῆσαι
3061 602 3342 673 γλῶττανς

2382 693 2593 750 ΕΡΔΝ.
2637 695 2810 749 Τοῦτο
2848 693 2950 761 μὲν
2986 693 3182 765 δράσαι
3214 692 3479 764 δειμαίνω
3501 733 3517 761 ,
3550 691 3652 765 τὴν
3683 693 3743 747 δὶ
3771 689 3902 748 πλ-

2313 785 2408 856 λὴν
2436 785 2706 858 διαίρεσιν
2738 789 2798 842 οὐ
2843 788 3161 860 προσίεμαι.
3604 795 3606 798 ’

2385 898 2535 952 οΡΘ.
2586 901 2732 954 Ἀλλ’
2762 899 2877 970 ἐγώ
2909 917 2994 955 σοι
3033 899 3198 956 πάλιν
3245 899 3555 972 παράδοξον
3585 898 3904 974 μηχανήσο-

2317 1006 2415 1060 μαι
2449 987 2770 1059 θεραπείαν.
2805 991 2946 1046 Ἕνα
2980 991 3090 1062 γὰρ
3119 991 3231 1047 τῶν
3271 992 3372 1062 τῆς
3408 991 3721 1063 θαυμασίας
3748 989 3906 1064 ὑμῶν

2313 1079 2582 1149 αἱρέσεως
2610 1080 2935 1138 διδάσκαλον
2981 1085 3360 1156 Ἀπολινάριον
3413 1084 3494 1148 εις
3543 1083 3711 1154 μέσον
3760 1100 3911 1158 παρ-

2315 1172 2450 1236 άξω,
2482 1174 2578 1226 καὶ
2604 1171 2766 1243 δείξω
2802 1177 2915 1238 τοῖς
2942 1176 3121 1244 άγίοις
3154 1176 3404 1247 Πατράσι
3430 1172 3521 1240 τὸ,
3565 1194 3585 1227 ‹
3635 1175 3695 1228 '0
3732 1173 3912 1245 Λόγος

2316 1262 2454 1334 σὰρξ
2483 1263 2727 1332 ἐγένετο,
2763 1285 2784 1320 ι
2823 1267 3226 1337 παραπλησίως
3279 1267 3598 1336 νενοηκότα.
3636 1267 3911 1320 ’Δκουσον

2309 1356 2494 1410 τοίνυν
2525 1355 2584 1409 ὲν
2633 1359 2713 1430 τῷ
2748 1361 2892 1415 κατά
2923 1359 3221 1430 κεφάλαιον
3257 1357 3451 1430 βιϐλίῳ
3487 1351 3577 1412 οἷα
3617 1357 3750 1430 περὶ
3780 1356 3912 1412 τού-

2311 1463 2408 1501 του
2449 1446 2614 1516 συνέγ
2625 1451 2816 1522 ραψτν.

2897 1560 3343 1632 ’Δσιῐο.ιιιν·ιιρίου⁸

2401 1647 2498 1703 Ἐκ
2560 1647 2677 1722 (99)
2721 1651 2831 1707 τοῦ
2877 1653 3030 1706 κατὰ
3087 1650 3421 1721 κεφάλαιον
3461 1647 3731 1715 βιϐλίου.
3771 1648 3838 1702 Et
3888 1642 3920 1699 δ

628 1771 684 1825 iu
735 1769 788 1824 id
835 1783 944 1823 non
988 1767 1368 1832 convertitur,
1418 1765 1716 1836 assumpsit
1751 1771 1939 1818 autem
1984 1777 2208 1818 carnem

2317 1738 2730 1811 προσλαμϐάνει
2760 1760 2847 1808 τις
2871 1743 2934 1798 οὺ
2968 1743 3233 1814 τρέπεται
3272 1743 3353 1806 είς
3377 1741 3557 1808 τοῦτο,
3597 1741 3916 1811 προσέλαϐε

625 1862 913 1925 Christus,
943 1877 1056 1915 non
1087 1851 1293 1931 utique
1320 1859 1376 1914 in
1410 1874 1633 1914 carnem
1655 1872 1975 1912 conversus
2008 1865 2111 1912 est.
2138 1855 2209 1910 Et

627 1970 811 2007 rursus
853 1969 973 2006 mox
1021 1952 1342 2022 subjungem
1374 1950 1450 2004 ait
1477 1969 1495 2004 :
1527 1950 1748 2004 Etenim
1778 1949 2020 2018 seipsum
2052 1947 2214 2003 nobis

629 2044 683 2096 in
704 2041 1080 2113 cognationem
1100 2056 1198 2111 per
1217 2040 1682 2110 corpus‘donavit,
1707 2049 1766 2094 ut
1784 2040 2015 2095 salutem
2032 2039 2210 2094 daret.

627 2133 801 2187 Multo
826 2139 1011 2187 autem
1039 2132 1395 2201 praestantius
1415 2138 1500 2185 est
1527 2129 1580 2184 id
1606 2131 1753 2201 quod
1777 2139 1959 2185 servat
1980 2145 2047 2203 eo
2067 2129 2215 2199 quod

627 2231 900 2275 servatur.
927 2218 1113 2290 Longe
1136 2221 1304 2290 igitur
1327 2219 1674 2289 prmstantior
1693 2227 1778 2274 est
1799 2218 1855 2273 in
1872 2218 2034 2273 nobis
2049 2218 2215 2276 etiam

631 2314 689 2367 in
723 2312 980 2381 corporis
1010 2310 1381 2380 susceptione.
1416 2309 1537 2366 Non
1572 2319 1719 2366 esset
1744 2320 1926 2364 autem
1953 2318 2217 2380 praestan-

631 2405 761 2468 tior,
793 2404 836 2458 si
872 2403 929 2456 in
959 2417 1182 2457 carnem
1221 2407 1468 2456 mutatus
1501 2410 1668 2457 esset.
1703 2401 1775 2454 Et
1800 2400 1962 2470 paulo
1999 2408 2116 2471 post
2141 2402 2218 2454 ita

630 2493 757 2546 dicit
784 2509 801 2546 :
828 2491 983 2558 Quod
1007 2492 1241 2561 simplex
1266 2500 1370 2556 est,
1395 2505 1566 2545 unum
1592 2499 1678 2544 est
1705 2507 1718 2542 :
1747 2489 1893 2560 quod
1917 2504 2048 2543 vero
2068 2503 2220 2544 com-

631 2577 873 2646 positum
918 2584 1040 2643 est,
1100 2591 1212 2631 non
1240 2585 1422 2646 potest
1449 2592 1624 2632 unum
1652 2592 1793 2634 esse.
1853 2575 2215 2631 Mutationem

633 2660 802 2731 igitur
833 2661 1067 2716 aliirmat
1101 2661 1251 2716 unici
1275 2663 1500 2727 Verbi',
1538 2666 1631 2733 qui
1661 2665 1840 2732 ipsum
1877 2676 2100 2717 carnem
2135 2664 2220 2717 fa—

2313 1831 2369 1884 δὲ
2426 1832 2610 1902 σάρκα
2637 1833 2668 1887 δ
2699 1833 2968 1905 Χριστὸς,
3008 1833 3116 1904 ἄρα
3169 1833 3271 1887 οὐκ
3325 1831 3539 1904 ἐτράπη
3581 1833 3663 1896 είς
3705 1832 3914 1905 σάρκα.

2313 1925 2422 1978 Καὶ
2470 1921 2661 1979 πάλιν
2705 1924 2891 1993 εὐθὺς
2936 1922 3370 1979 ἐπισυνάπτειν
3412 1924 3589 1992 φησί’
3641 1924 3754 1977 Καὶ
3801 1923 3920 1995 γὰρ

2315 2014 2507 2067 ἑαυτὸν
2546 2014 2685 2086 ἡμῖν
2723 2017 2804 2080 είς
2838 2016 3162 2086 συγγένειαν
3210 2015 3504 2086 ἐχαρίσατο
3532 2012 3619 2068 διὰ
3659 2012 3758 2067 τοῦ
3803 2014 3919 2068 σώ-

2321 2121 2524 2177 ματος,
2581 2104 2674 2162 ἵνα
2733 2105 2901 2180 σώσῃ.
2966 2105 3182 2178 Μακρῷ
3250 2106 3309 2160 δέ
3365 2105 3587 2160 κάλλιον
3645 2103 3741 2158 τοῦ
3802 2121 3908 2160 σω-

2317 2195 2546 2264 ζομένου
2589 2196 2655 2255 τὺ
2689 2196 2861 2261 σῶζον
2891 2214 2907 2231 ⁸
2941 2198 3135 2268 μακρῷ
3161 2197 3270 2268 ἄρα
3302 2195 3517 2251 κάλλιον
3541 2196 3698 2268 ἡμῶν
3729 2197 3834 2250 καὶ
3860 2196 3922 2250 ιν

2317 2289 2385 2356 τῇ
2419 2285 2771 2355 σωματὼσει.
2808 2287 2925 2342 Οὐκ
2946 2290 3011 2343 ἂν
3033 2287 3089 2342 δὲ
3119 2284 3188 2359 ἦν
3217 2287 3440 2341 κάλλιον
3470 2289 3550 2352 είς
3576 2287 3757 2357 σάρκα
3781 2303 3924 2359 τρα-

2319 2377 2461 2438 πείς.
2502 2375 2617 2432 Kal
2661 2377 2793 2447 μετ’
2827 2377 3004 2447 ὀλίγα
3057 2377 3126 2431 δὲ
3168 2373 3325 2431 οὕτω
3369 2374 3550 2447 λέγει’
3586 2375 3661 2429 Τὸ
3705 2375 3923 2430 ἁπλοῦν

2316 2467 2376 2520 ’ἐν
2415 2468 2555 2533 ἐστι,
2610 2469 2672 2522 τδ
2715 2468 2772 2522 δὲ
2806 2468 3060 2523 σύνθετον
3114 2468 3176 2520 οὐ
3214 2465 3440 2520 δύναται
3491 2465 3550 2520 ἐν
3583 2463 3744 2521 εἶναι.
3781 2467 3925 2540 Τρο-

2320 2555 2431 2628 πὴν
2468 2553 2567 2614 οὖν
2603 2560 2680 2630 (1)
2713 2559 2864 2628 λέγει
2916 2558 3009 2612 τοῦ
3062 2557 3180 2621 ἑνὸς
3211 2557 3388 2627 Λόγου
3435 2559 3464 2610 ὁ
3494 2555 3718 2627 φάσκων
3751 2557 3926 2611 αὐτὸν

2323 2647 2503 2718 σάρκα
2543 2647 2897 2718 γεγενῆσθαι.
2937 2647 2999 2700 Et
3032 2647 3090 2701 δὲ
3123 2648 3219 2702 καὶ
3265 2647 3328 2701 τὸ
3362 2646 3614 2701 σύνθετον
3639 2646 3696 2698 έν
3742 2648 3924 2712 ἔστιν,

641 2752 789 2794 ctum
835 2757 954 2794 esse
994 2743 1149 2795 dicit.
1207 2743 1262 2793 δι
1295 2754 1422 2791 vero
1447 2743 1612 2792 etiam
1646 2741 2010 2808 compositum
2048 2757 2215 2795 unum

2320 2735 2508 2803 ὥσπερ
2534 2735 2847 2804 ἄνθρωπος,
2901 2737 2963 2791 τὸ
3016 2740 3158 2794 κατά
3203 2738 3453 2797 σύνθεσιν
3492 2737 3550 2791 ἓν
3582 2736 3732 2806 λέγει
3759 2739 3915 2805 Ldtg

640 2837 747 2894 est,
783 2829 925 2883 sicut
961 2830 1157 2895 homo,
1206 2828 1507 2883 secundum
1549 2824 2003 2898 compositionem
2046 2849 2215 2888 unum

2320 2822 2418 2895 τὴν
2459 2824 2598 2895 πρὸς
2651 2824 2832 2896 σάρκα
2882 2824 3079 2880 ἕνωσιν
3120 2822 3326 2896 λέγων·
3379 2845 3398 2880 ι
3454 2824 3513 2882 '0
3549 2828 3723 2898 Λόγος
3767 2830 3914 2904 σὰρξ

641 2921 802 2987 dicit,
833 2921 926 2992 qui
961 2930 1192 2992 propter
1214 2921 1474 2976 unionem
1506 2937 1630 2976 cum
1655 2939 1820 2978 carne
1841 2923 1997 2990 dicit,
2039 2944 2057 2976 ι
2080 2924 2215 2981 Ver-

2321 2913 2554 2984 ὶγένετο.
2587 2933 2607 2967 ι
2660 2916 2770 2971 Καί
2809 2910 2982 2983 αὖθις
3004 2917 3158 2988 μετὰ
3191 2919 3429 2988 ,βραχέα
3471 2921 3572 2975 καί
3602 2922 3792 2976 ταῦτα
3828 2923 3916 2976 ει-

641 3012 775 3067 bum
808 3028 938 3068 caro
983 3012 1189 3067 factum
1225 3019 1327 3067 est.
1359 3031 1377 3064 ι
1421 3012 1492 3066 Et
1521 3030 1704 3067 rursus
1730 3023 1847 3084 post
1895 3032 2065 3085 pauca
2111 3017 2215 3071 haec

2317 3023 2487 3076 ρηκε·
2519 3008 2826 3080 Σάρκωσις,
2861 3010 3110 3074 κένωσιςο
3151 3010 3184 3081 ἡ
3211 3010 3267 3062 δὲ
3295 3011 3530 3076 κένωσις
3565 3011 3665 3066 οὐκ
3696 3011 3917 3082 ἀνθρωα

642 3103 802 3156 etiam
829 3103 954 3156 dicit
985 3119 1002 3156 :
1027 3102 1358 3167 lncamatio,
1395 3103 1695 3177 exinanitio
1723 3122 1736 3157 :
1763 3105 2215 3160 exinanitio-vcro

2324 3114 2448 3161 πον,
2505 3098 2642 3152 ἀλλά
2688 3099 2820 3153 Υίὸν
2866 3099 3157 3170 ἀνθρώπου
3218 3101 3310 3154 τὸν
3364 3101 3676 3157 κενώσαντα
3715 3104 3918 3160 ἑαυτὸν

639 3207 755 3248 non
776 3192 1056 3247 hominem
1082 3193 1352 3264 designat,
1383 3194 1476 3249 sed
1504 3194 1701 3248 Filium
1727 3195 1986 3261 hominis,
2013 3198 2106 3267 qui
2128 3213 2222 3252 ex-

642 3282 874 3338 inanivit
900 3285 1143 3353 seipsum
1167 3285 1234 3349 “,
1268 3299 1374 3338 non
1402 3299 1502 3353 per
1527 3285 1912 3349 mutationem,
1946 3287 2042 3340 sed
2072 3303 2222 3342 sum-

595 3376 736 3444 ‘pto
787 3375 1128 3428 indumento.
1177 3374 1320 3429 Ecce
1377 3373 1684 3429 indumenti
1743 3391 1962 3446 quoque
2018 3393 2218 3432 nomen

641 3465 928 3532 usurpavit
961 3464 1278 3534 dogmatum
1309 3473 1531 3518 tuorum
1563 3465 1778 3520 doctor.
1833 3466 1938 3519 Sed
1977 3476 2033 3521 et
2066 3468 2121 3521 in
2151 3468 2219 3521 li-

639 3554 787 3610 bello
809 3555 883 3607 De
904 3554 1009 3624 ﬁde
1031 3555 1110 3610 sic
1131 3555 1376 3625 loquitur
1403 3573 1415 3608 :
1441 3555 1731 3611 Credimus
1751 3558 1938 3627 igitur,
1966 3558 2224 3613 immuta-

641 3644 741 3699 bili
771 3653 1026 3699 manente
1053 3644 1365 3710 divinitate,
1401 3645 1837 3700 incarnationem
1871 3649 1993 3717 ejus
2020 3648 2220 3704 factam

640 3749 764 3791 esse
788 3735 856 3788 ad
881 3735 1292 3789 renovationem
1312 3735 1691 3790 humanitatis.
1730 3737 1831 3805 71
1862 3737 2051 3806 Neque
2070 3739 2220 3793 enim

642 3827 896 3890 mutatio,
922 3827 1345 3891 aut‘translatio,
1375 3835 1471 3880 aut
1495 3828 1730 3881 inclusio
1754 3828 1896 3881 facta
1917 3837 2002 3882 est
2024 3830 2222 3886 divinae

639 3915 920 3985 potentiae.
952 3945 1023 3956 ——
1061 3914 1130 3968 Et
1177 3914 1340 3984 paulo
1368 3924 1481 3984 post
1511 3931 1528 3967 :
1556 3915 1863 3970 Adoramus
1890 3916 2092 3981 Deum,
2123 3920 2218 3988 qui

639 4020 862 4060 carnem
894 4020 960 4058 ex
987 4013 1172 4060 saneta
1197 4005 1420 4075 Virgine
1448 4005 1763 4075 assumpsit,
1789 4018 1844 4060 et
1868 4008 1961 4077 qui
1988 4010 2220 4078 proinde

639 4095 807 4153 homo
826 4105 911 4152 est
936 4095 1241 4151 secundum
1266 4111 1511 4160 carnem,
1539 4097 1887 4152 Deusautem
1913 4101 2219 4156 secundum

639 4187 915 4258 spiritum.
969 4217 1039 4227 -—
1081 4186 1147 4242 In
1193 4187 1304 4242 alia
1353 4204 1555 4257 quoque
1597 4191 1921 4258 expositione
1952 4193 2023 4245 sic
2047 4193 2171 4246 dicit
2198 4210 2218 4247 :

638 4275 979 4332 Conﬁtemur
1005 4275 1204 4331 Filium
1224 4275 1323 4330 Dei
1358 4276 1556 4329 Filium
1580 4276 1822 4331 hominis
1845 4278 2048 4332 factum
2070 4295 2214 4346 esse,

638 4381 752 4423 non
777 4367 1020 4431 nomine,
1064 4365 1162 4423 sed
1186 4381 1317 4422 vere
1349 4367 1682 4421 assumenda
1711 4382 1929 4422 carnem
1953 4385 2021 4423 ex
2047 4370 2215 4428 Maria

641 4454 883 4530 Virgine.

707 4571 914 4628 ERAN.
933 4571 1054 4627 Non
1077 4571 1334 4641 putabam
1357 4571 1500 4627 hanc
1519 4587 1639 4626 esse
1662 4572 1963 4642 Apolinarii
1993 4582 2216 4630 senten—

637 4663 773 4722 tiam
796 4681 811 4719 :
832 4664 966 4719 alias
983 4663 1132 4718 enim
1156 4662 1224 4718 de
1250 4650 1358 4718 hoc
1377 4664 1499 4718 viro
1521 4679 1880 4733 conceperam
1899 4665 2209 4735 Opiniones.

706 4772 914 4830 ORTH.
937 4773 1095 4828 Nunc
1117 4775 1284 4846 igitur
1301 4775 1563 4842 didicisti,
1590 4776 1738 4846 quod
1759 4793 1869 4831 non
1886 4779 2062 4833 solum
2084 4794 2212 4849 pro-

635 4866 817 4938 pheta:
862 4874 919 4921 et
945 4867 1214 4937 apostoli,
1266 4875 1323 4922 et
1359 4868 1454 4937 qui
1481 4877 1607 4938 post
1633 4869 1755 4922 illos
1786 4868 2055 4940 designati
2081 4878 2212 4925 sunt

636 4959 790 5014 orbis
827 4966 1103 5013 terrarum
1141 4960 1397 5015 doctores
1421 5001 1436 5025 ,
1472 4961 1568 5015 sed
1615 4962 1782 5015 etiam
1822 4961 2207 5032 Apolinarius,

635 5053 730 5122 qui
774 5050 1062 5107 haereticas
1095 5068 1268 5122 nugas
1293 5052 1656 5122 conscripsit,
1705 5053 2101 5109 immutabilem
2125 5056 2208 5110 fa-

635 5149 818 5198 teatur
845 5156 966 5198 esse
993 5143 1168 5197 Deum
1198 5144 1458 5208 Verbum,
1488 5160 1593 5199 nec
1617 5146 1673 5198 in
1696 5160 1916 5200 carnem
1938 5155 2208 5203 mutatum

634 5235 784 5291 dicat
807 5275 824 5301 ,
855 5236 949 5290 sed
984 5250 1207 5291 carnem
1241 5238 1639 5306 assumpsisse;
1674 5247 1732 5292 et
1757 5238 1862 5293 hoc
1886 5239 1956 5293 ab
1976 5255 2042 5294 eo
2068 5256 2210 5312 saepe

635 5325 878 5392 dictum,
934 5336 995 5381 ut
1046 5327 1270 5385 audisti.
1325 5327 1506 5383 Nolite
1543 5328 1710 5400 igitur
1743 5331 2098 5398 contendere,
2148 5342 2210 5387 ut

706 5453 748 5484 “
778 5453 1028 5528 Philipp.
1058 5470 1117 5520 ιι,
1143 5457 1195 5511 6.

730 5590 818 5670 _99)
855 5591 1288 5670 'Ex_—-§:6Mou_._
1315 5595 1503 5670 Plura“
1529 5596 1862 5670 Apollinaris
1903 5598 2216 5670 il‘ragmenta

632 5660 689 5716 ln
846 5669 918 5740 'et
945 5660 1421 5740 duobus_reliquis
1453 5660 1682 5740 dialogis
1701 5677 1831 5726 sunt
1863 5660 2044 5724 obvia.

707 5730 784 5798 (1)
813 5726 926 5787 οὖν.
959 5731 1124 5788 Sirm.
1157 5733 1243 5790 άν.

2322 3188 2594 3259 ἀπέφηνε,
2640 3189 2784 3242 κατὰ
2818 3189 2895 3260 (2)
2927 3189 3026 3261 τὴν
3074 3190 3398 3263 περιϐολὴν,
3452 3193 3512 3247 οὐ
3559 3195 3698 3248 κατά
3744 3212 3918 3265 μεταο

2324 3277 2509 3348 ϐολήν.
2551 3278 2685 3332 Ἰδού
2730 3297 2812 3332 σοι
2848 3281 2940 3332 καὶ
2974 3280 3034 3334 τὺ
3066 3285 3163 3352 τῆς
3200 3282 3493 3354 περιϐολῆς
3532 3284 3706 3355 ὄνομα
3741 3299 3920 3356 προσ·

2321 3371 2578 3439 ενήνοχεν
2612 3373 2640 3424 ὁ
2685 3371 2792 3424 τῶν
2823 3371 2931 3424 σῶν
2964 3371 3248 3442 δογμάτων
3274 3374 3612 3439 διδάσκαλος.
3642 3377 3752 3430 Καὶ
3779 3378 3919 3446 μέν-

2321 3478 2402 3514 τοι
2430 3463 2532 3515 κάν
2567 3461 2645 3532 τῷ
2685 3464 2824 3531 Περὶ
2868 3465 3126 3530 πίστεως
3172 3465 3387 3540 λογιδίῳ
3425 3467 3569 3521 οὕτω
3605 3468 3779 3538 λέγει·
3813 3471 3921 3524 Ili-

2325 3553 2589 3623 στεύομεν
2626 3551 2740 3620 οὖν,
2789 3556 3148 3610 ἀναλλοιώτου
3187 3559 3454 3629 μενούσης
3499 3559 3598 3629 τῆς
3635 3560 3916 3632 θεότητος,

2323 3646 2420 3714 τὴν
2467 3645 2745 3716 σάρκωσιν
2797 3648 2968 3718 αὐτῆς
3013 3649 3343 3721 γεγενῆσθαι
3389 3652 3523 3722 πρὸς
3567 3655 3919 3710 ἀνακαίνισιν

2321 3736 2423 3805 τῆς
2447 3722 2886 3808 άνθρωπότητος.
2929 3738 3066 3794 Οὔτε
3107 3742 3215 3812 γάρ
3251 3742 3558 3811 ἀλλοίωσις,
3589 3745 3715 3799 οὗτε
3745 3765 3921 3818 [asta--

2322 3827 2561 3897 κίνησις,
2595 3827 2718 3882 οὕτε
2764 3831 3154 3902 περικλεισμδς
3193 3834 3385 3903 γέγονε
3433 3837 3562 3906 περὶ
3602 3836 3700 3907 τὴν
3745 3839 3918 3906 ἀγίαν

2321 3918 2416 3970 τοῦ
2446 3919 2580 3973 Θεοῦ
2613 3920 2866 3992 δύναμιν.
2897 3924 3006 3978 Καὶ
3052 3926 3182 3994 μετ’
3223 3927 3398 3996 ὀλίγα
3420 3943 3435 3958 °
3482 3927 3919 4000 Προσκυνοῦμεν

2321 4007 2376 4061 δὲ
2409 4009 2541 4063 Θεὸν
2573 4011 2751 4083 σάρκα
2779 4014 2843 4066 ὲκ
2880 4015 2978 4085 τῆς
3013 4013 3172 4084 ἁγίας
3203 4015 3481 4086 Παρθένου
3506 4019 3914 4090 προσλαϐόντα,

2323 4102 2417 4153 καὶ
2451 4102 2539 4156 διὰ
2580 4102 2739 4157 τοῦτο
2773 4105 3058 4177 ἄνθρωπον
3103 4108 3201 4178 μὲν
3229 4107 3360 4162 ὄντα
3389 4110 3530 4165 κατὰ
3569 4111 3666 4182 τὴν
3702 4113 3916 4182 σάρκα,

2321 4192 2453 4246 Θεὸν
2482 4194 2538 4247 δὲ
2569 4195 2709 4248 κατὰ
2747 4195 2809 4248 τὸ
2842 4195 3082 4266 πνεῦμα.
3115 4197 3225 4252 Καὶ
3253 4201 3322 4252 ἐν
3350 4201 3523 4270 ἑτέρᾳ
3556 4203 3625 4257 δὲ
3670 4205 3916 4262 ἐκθέσει

2320 4285 2510 4352 οὕτως
2559 4284 2696 4355 ἔφη·
2755 4287 3160 4359 Ὀμολογοῦμεν
3199 4291 3290 4343 τὸν
3330 4291 3455 4346 Υίδν
3487 4293 3582 4348 τοῦ
3611 4294 3746 4350 Θεοῦ
3775 4293 3916 4352 Υίδν

2247 4427 2291 4482 D
2319 4376 2609 4448 ἀνθρώπου
2654 4379 3020 4449 γεγενῆσθαι,
3057 4381 3157 4435 οὐκ
3204 4382 3461 4454 ὀνόματι,
3516 4387 3632 4440 ἀλλ’
3676 4385 3919 4464 ἀληθείᾳ.

2320 4467 2698 4539 προσλαϐόντα
2726 4471 2792 4524 ὲκ
2831 4469 3052 4547 Μαρίας
3088 4474 3186 4543 τῆς
3214 4474 3494 4547 Παρθένου
3526 4480 3724 4552 σάρκα.

2391 4581 2595 4635 ΕΡΔΝ.
2625 4581 2737 4634 Οὐκ
2759 4580 2916 4652 ᾤμην
2934 4583 3106 4637 ταῦτα
3133 4589 3353 4656 φρονεῖν
3381 4589 3472 4642 τὸν
3508 4591 3914 4667 Ἀττολινάριον⁹

2320 4672 2513 4743 ἐτέρας
2543 4673 2652 4744 γὰρ
2689 4675 2818 4746 περὶ
2853 4673 2946 4728 τοῦ
2987 4678 3178 4747 ἀνδρὸς
3209 4676 3354 4749 εἶχον
3392 4681 3567 4749 δόξας.

2374 4785 2526 4838 ΟΡΘ.
2545 4784 2674 4838 Ἰδοὺ
2687 4785 3304 4858 τοίνυνΙμεμάθηκας,ὼς
3317 4793 3377 4845 οὐ
3395 4793 3555 4862 μόνον
3565 4796 3613 4848 oi
3629 4796 3917 4869 προφῆται

2319 4872 2414 4924 καὶ
2444 4873 2750 4936 ἀπόστολοι,
2782 4874 2877 4927 καὶ⁵
2891 4875 2940 4927 οἱ
2967 4879 3086 4944 μετ’
3107 4878 3304 4944 αὐτοὺς
3321 4883 3789 4954 χειροτονηθέντες
3806 4887 3917 4956 τῆς

2318 4963 2641 5034 οίκουμένης
2670 4963 2997 5028 διδάσκαλοι,
3028 4967 3163 5022 ἀλλά
3191 4970 3287 5022 καὶ
3313 4971 3703 5044 ’Δπολινάριος.
3725 4977 3754 5029 ό
3776 4979 3917 5042 τοὺς

2308 5053 2618 5122 αίρετικοὺς
2636 5055 2945 5126 φληνάφους
2963 5059 3307 5130 συγγράψας,
3327 5061 3420 5114 καὶ
3436 5062 3699 5134 ἄτρεπτον
3713 5067 3919 5137 ὁμολο-

2308 5147 2397 5213 γεῖ
2414 5144 2505 5198 τὸν
2521 5145 2653 5198 Θεὸν
2671 5147 2864 5215 Λόγον,
2883 5150 2976 5202 καὶ
2988 5151 3087 5203 οὐκ
3101 5153 3179 5215 είς
3203 5153 3382 5222 σάρκα
3397 5155 3693 5224 τετράφθαι
3713 5158 3916 5227 φησιν,

2309 5234 2446 5289 ἀλλά
2475 5240 2654 5310 σάρκα
2674 5239 3041 5308 ἀνειληφέναι’
3070 5243 3160 5295 καὶ
3186 5241 3342 5297 τοῦτο
3370 5246 3628 5311 πολλάκις
3644 5243 3916 5316 εἷπεν,ὦς

2311 5327 2554 5399 ἀκήκοας
2584 5331 2682 5403 (3).
2717 5329 2808 5401 Μὴ
2839 5331 3017 5387 τοίνυν
3037 5333 3353 5406 ἀποκρύψαι
3373 5338 3438 5408 τῇ
3463 5336 3783 5410 βλασφημίᾳ
3816 5358 3917 5411 φι-

2395 5604 2472 5746 ἕξζ
2505 5606 2801 5687 xum-Ed.
2833 5606 2990 5661 Rom.
3026 5619 3083 5663 et
3115 5608 3266 5679 Lips.
3306 5609 3463 5677 μετά.

2417 5676 2452 5730 3
2510 5679 2601 5733 άκ.
2638 5676 2803 5733 Sirm.
2837 5678 3131 5745 ἀκηκόατε,
3166 5689 3223 5735 et
3251 5680 3449 5737 deinde

2417 5676 2472 5746 ὅ)
2510 5679 2601 5733 ἀκ.
2638 5676 2803 5733 Sirm.
2837 5678 3131 5745 ἀκηκόατε,
3166 5676 3223 5735 et
3251 5676 3449 5737 deinde
3475 5678 3910 5753 φιλονεικήσετι.
