4112 6374
498 388 525 405 ‘
616 379 715 445 1οἹ

1622 310 2113 418 mmmam
2154 347 2496 407 muscum
2535 345 2903 407 crnexsrs

3794 336 3889 401 108

684 486 895 544 ORTII.
923 482 1159 538 Carnem
1209 484 1394 529 autem
1424 468 1558 542 quid
1594 463 1990 536 intelligimus?
2027 460 2205 515 solum

2382 461 2534 515 ΟΡΘ.
2568 461 2678 530 Τὴν
2716 460 2772 512 δὲ
2804 459 2985 529 σάρκα
3018 454 3071 510 τί
3101 454 3371 526 νοούμενς
3409 452 3568 524 σῶμα
3609 451 3791 523 μόνον,
3817 450 3890 515 ὡς

616 592 841 651 corpus,
870 584 930 631 ut
952 572 1082 629 Atio
1111 564 1169 625 et
1187 566 1459 624 Eunomia
1483 562 1662 617 visum
1695 566 1801 623 est,
1828 573 1895 611 an
1921 569 2123 624 corpus
2148 560 2204 607 et

618 672 859 727 animam
879 670 900 720 ?
1912 637 1947 665 Χ

687 758 917 817 ‘ERA‘N.
947 756 1165 825 Corpus
1194 760 1251 807 et
1280 749 1541 804 animam.

686 849 897 909 ORTII.
914 848 1141 915 Qualem
1165 838 1446 899 animam?
1468 834 1815 896 rationalem,
1845 845 1913 884 an
1938 842 2059 882 eam
2084 841 2207 895 quae

618 962 648 1001 ιι
678 940 959 998 nonnullis
1001 935 1333 1008 vegetativaﬂ
1359 946 1459 986 seu
1490 927 1679 983 vitalis
1714 918 2063 995 appellatur?
2094 918 2203 974 Co-

617 1042 753 1109 gunt
776 1033 924 1089 enim
953 1045 1056 1085 nos
1086 1043 1197 1084 non
1239 1022 1553 1080 necessaria
1580 1031 1829 1090 quaerere
1871 1012 2205 1093 scriptorum

618 1121 923 1196 Apolinarii
949 1119 1198 1175 fabulosa
1221 1114 1436 1169 deliria.

688 1212 898 1270 ERAN.
954 1210 1179 1265 Adeone
1239 1200 1594 1274 Apolinarius
1654 1196 1954 1253 discrimen
2017 1189 2213 1247 statuit

619 1304 930 1362 animarum
946 1300 971 1355 ?

687 1393 899 1453 ORTH.
932 1391 1014 1447 Ex
1048 1387 1227 1443 tribus
1258 1383 1396 1439 dicit
1444 1378 1815 1450 compositum
1861 1390 1976 1431 esse
2030 1373 2213 1428 homi-

619 1504 768 1553 nem,
793 1502 864 1542 ex
892 1495 1147 1553 corpore,
1182 1486 1241 1533 et
1296 1475 1481 1531 anima
1510 1472 1683 1534 vitali,
1740 1470 1799 1524 'et
1828 1484 1898 1523 ex
1952 1464 2212 1520 rationali

620 1592 830 1639 rursus.
863 1588 1028 1646 quam
1056 1577 1295 1626 mentem
1335 1565 1591 1636 appellat.
1631 1560 1823 1615 Divina
1864 1571 1997 1614 vero
2063 1555 2214 1611 Scri-

619 1679 782 1741 ptura
811 1680 972 1722 unam
1004 1660 1273 1733 agnoscit,
1294 1671 1405 1711 non
1419 1654 1556 1710 duas
1582 1652 1794 1710 animas
1817 1667 1831 1705 :
1851 1647 1997 1720 quod
2027 1654 2216 1718 aperte

618 1740 720 1815 nos
742 1758 905 1814 docet
932 1753 1099 1826 primi
1125 1748 1370 1827 hominis
1396 1744 1678 1801 formatio.
1709 1762 1726 1794 ι
1756 1740 2008 1812 Sumpsit
2034 1740 2209 1803 enim,

2322 553 2520 624 Ἀρείῳ
2552 551 2647 604 καὶ
2675 549 2926 620 Εὑνομίῳ
2948 548 3119 615 δοκεῖ,
3150 546 3185 618 ἢ
3212 545 3375 616 σῶμα
3407 546 3502 600 καὶ
3533 542 3746 615 ψυχήνς

2382 730 2585 783 EPAN.
2612 728 2784 799 Σῶμα
2814 728 2913 781 καὶ
2945 726 3153 798 ψυχήν.

2383 822 2532 875 ΟΡΘ.
2566 821 2734 875 Ποίαν
2775 819 2994 891 ψυχήν;
3026 818 3126 889 τὴν
3150 817 3456 890 λογικὴν,ή
3491 816 3593 889 τὴν
3632 816 3784 888 παρά
3819 833 3900 869 τι·

2312 932 2419 968 νων
2447 911 2678 985 φυτικὴν
2707 912 2875 984 ήγουν
2900 910 3143 981 ζωτικὴν
3175 907 3253 981 (ϐ)
3284 908 3662 980 καλουμένην;
3709 909 3903 975 ’Δναγ-

2313 1006 2471 1071 κάζει
2505 1005 2615 1077 γὰρ
2656 1006 2806 1076 ἡμᾶς
2846 1005 3063 1075 ἐρωτᾷν
3091 1002 3128 1056 ἃ
3159 1001 3235 1073 μὴ
3256 1002 3340 1056 δεῖ
3375 1001 3485 1056 τῶν
3524 999 3905 1073 Ἀπολιναρίου

2315 1096 2765 1169 συγγραμμάτων
2794 1096 2828 1167 ή
2858 1092 3114 1166 μυθώδης
3133 1092 3409 1166 τερθρεία.

2387 1190 2593 1244 ΕΡΔΝ.
2640 1186 3019 1258 Ἀπολινάριος
3052 1185 3163 1257 γὰρ
3208 1184 3476 1257 διαφορὰν
3499 1184 3652 1253 λέγει
3679 1180 3906 1254 ψυχῶνς

2387 1369 2538 1422 ΟΡΘ.
2586 1367 2682 1421 Ἐκ
2726 1365 2895 1437 τριῶν
2924 1363 3247 1434 συγκεῖσθαι
3281 1362 3433 1434 λέγει
3470 1364 3566 1417 τὸν
3590 1363 3905 1434 ἄνθρωπον,

2316 1462 2382 1513 ἐκ
2416 1459 2690 1529 σώματος,
2720 1458 2815 1512 καὶ
2844 1456 3021 1528 ψυχῆς
3052 1457 3152 1529 τῆς
3183 1455 3443 1530 ζωτικῆς,
3476 1458 3572 1511 καὶ
3616 1452 3684 1510 αὖ
3745 1455 3911 1511 πάλιν

2316 1552 2380 1603 ὲκ
2410 1549 2507 1620 τῆς
2539 1547 2789 1617 λογικῆς,
2814 1547 2882 1619 ἢν
2940 1547 3068 1601 νοῦν
3115 1546 3539 1619 προσαγορεύει.
3589 1548 3654 1600 Ἢ
3686 1546 3742 1600 δὲ
3786 1547 3914 1601 θεία

2316 1640 2511 1713 Γραφὴ
2542 1641 2674 1711 μίαν
2700 1634 2862 1704 οἶδεν,
2888 1639 2947 1693 ού
2983 1638 3078 1692 δύο
3099 1637 3309 1710 ψυχάς·
3345 1640 3441 1693 καὶ
3476 1638 3637 1693 τοῦτο
3666 1639 3915 1695 διδάσκει

2322 1732 2511 1802 σαφῶς
2551 1733 2699 1803 ἡμᾶς
2741 1732 2774 1803 ή
2824 1730 2917 1785 τοῦ
2972 1731 3192 1803 πρώτου
3241 1731 3536 1803 ἀνθρώπου
3592 1731 3911 1795 διάπλασις.

620 1850 817 1921 inquit,
849 1849 997 1903 Deus
1016 1826 1303 1915 pulverem
1350 1848 1531 1904 terrae,
1556 1843 1611 1891 et
1632 1834 1893 1890 formavit
1909 1832 2211 1894 hominem,

2319 1823 2743 1921 ι’ίέλαϐε-γάρ,
2777 1824 2963 1894 φησὶν,
2993 1824 3023 1876 6
3058 1823 3193 1886 Θεὸς
3221 1822 3350 1893 χοῦν
3390 1823 3499 1876 ἀπὺ
3535 1822 3636 1893 τῆς
3656 1823 3777 1891 γῆς,
3818 1822 3920 1876 καὶ

617 1953 672 1996 οε.
704 1939 998 2011 inspiravit
1058 1935 1115 1988 in
1167 1932 1364 1987 faciem
1385 1931 1505 1999 ejus
1545 1926 1883 1998 spiraculum
1936 1923 2105 1986 vitae,
2158 1930 2251 1975 et.

522 2052 525 2053 '
621 2032 799 2088 factus
828 2037 912 2084 est
938 2029 1103 2081 homo
1118 2024 1302 2078 anima
1327 2020 1520 2074 vivens
1544 2016 1691 2069 ⁶¹’⁶³.
1730 2035 1747 2067 ι
1791 2013 2057 2068 Dominus
2072 2026 2214 2081 quo-

619 2138 728 2195 que
780 2121 839 2174 in
885 2114 1187 2185 Evangelio
1237 2110 1448 2167 sanctis
1507 2105 1799 2176 discipulis
1844 2102 2024 2158 dicit:
2064 2119 2080 2151 ι
2135 2098 2215 2155 Ne

621 2193 859 2266 timeatis
889 2221 987 2261 eos
1017 2204 1113 2274 qui
1166 2200 1431 2256 occidunt
1472 2211 1699 2266 corpus,
1736 2193 1978 2247 animam
2031 2199 2214 2244 autem

620 2316 731 2355 non
756 2302 988 2370 possunt
1034 2292 1291 2348 occidere
1329 2307 1341 2342 :
1379 2288 1554 2359 magis
1594 2293 1779 2340 autem
1827 2283 2016 2337 timete
2065 2294 2215 2345 eum,

620 2390 715 2463 qui
740 2368 944 2457 corpus
965 2393 1022 2440 et
1038 2382 1277 2436 animam
1302 2385 1485 2449 potest
1511 2374 1745 2446 perdere
1770 2373 1827 2426 in
1850 2371 2098 2442 gehenna
2113 2368 2210 2421 “.i

623 2458 691 2538 ἐι
718 2469 1096 2534 divinissimus
1123 2470 1318 2532 Moses,
1339 2466 1617 2521 recensito
1642 2475 1877 2517 numero
1898 2474 2095 2514 eorum
2117 2458 2216 2528 qui

622 2573 680 2625 in
717 2568 1007 2640 Egyptum
1060 2560 1489 2621 descenderant,
1524 2563 1732 2609 etcum
1774 2550 1983 2622 quibus
2014 2546 2217 2619 singuli

623 2660 904 2735 principes
955 2654 1293 2711 familiarum
1361 2646 1596 2719 ingressi
1664 2651 1895 2707 essent,
1954 2640 2215 2695 addidit:

628 2731 648 2804 ὲ
681 2751 884 2808 Omnes
909 2747 1126 2810 animae,
1155 2758 1279 2813 quae
1318 2741 1581 2810 ingressae
1616 2742 1747 2791 sunt
1792 2734 1847 2787 in
1898 2731 2217 2803 Egyptum,

2314 1912 2519 1968 ἔπλασε
2539 1914 2631 1968 τόν
2646 1914 2951 1983 ἄνθρωπον,
2972 1912 3067 1966 καὶ
3083 1911 3418 1984 ἐνεφύσησεν
3432 1912 3511 1975 εἰς
3530 1911 3593 1965 τὸ
3617 1911 3918 1983 πρόσωπον

2315 2004 2482 2061 αὑτοῦ
2516 2006 2687 2078 πνοὴν
2722 2005 2891 2078 ζωῆς,
2917 2005 3015 2060 καὶ
3046 2004 3268 2075 ἐγένετο
3305 2007 3334 2058 6
3362 2002 3651 2076 ἄνθρωπος
3687 2006 3770 2069 είς
3803 2006 3919 2075 ψυ-

2316 2098 2417 2172 χήν
2467 2097 2669 2163 ζῶσαν.
2698 2117 2717 2152 ν
2759 2098 2871 2151 Ka‘t
2917 2097 3101 2168 μέντοι
3132 2098 3227 2151 καὶ
3256 2096 3316 2151 ὲν
3358 2099 3469 2161 τοῖς
3504 2097 3867 2167 Εὐαγγελίοις
3890 2100 3921 2151 6

2316 2192 2526 2262 Κύριος
2556 2193 2671 2253 τοῖς
2701 2189 2880 2259 ἁγίοις
2915 2190 3107 2259 εἴρηκε
3148 2187 3449 2260 μαθηταῖς·’
3492 2187 3623 2258 «Μὴ
3658 2187 3922 2257 φοϐεῖσθε

2318 2284 2427 2339 ἀπὸ
2469 2283 2579 2338 τῶν
2620 2282 3054 2339 ἀποκτεινόντων
3090 2282 3151 2337 τὸ
3185 2283 3365 2354 σῶμα,
3401 2283 3501 2355 τὴν
3537 2283 3595 2337 δὲ
3628 2282 3811 2354 ψυχὴν
3843 2285 3921 2355 μὴ

2318 2375 2635 2447 δυναμένων
2677 2377 3030 2429 ἀποκτεῖναν
3064 2373 3343 2446 φοϐήθητε
3376 2374 3435 2429 δὲ
3468 2374 3669 2446 μᾶλλον
3691 2374 3782 2428 τὸν
3820 2376 3923 2430 καὶ

2320 2468 2382 2521 τὸ
2441 2468 2601 2538 σῶμα
2655 2468 2747 2523 καὶ
2804 2466 2903 2537 τὴν
2935 2466 3116 2537 ψυχὴν
3167 2465 3434 2520 ἀπολέσαι
3494 2466 3795 2538 δυνάμενον
3862 2468 3925 2520 ἐν

2318 2557 2535 2630 γεέννῃ.
2563 2579 2581 2611 ι
2625 2557 2741 2612 Καὶ
2791 2558 2820 2610 6
2878 2556 3158 2620 θειότατος
3205 2556 3473 2628 Μωῦσῆς,
3534 2557 3626 2612 τὸν
3678 2558 3923 2629 ἀριθμὸν

2318 2648 2582 2714 τεθεικὼς
2613 2649 2724 2702 τῶν
2754 2648 3205 2720 κατεληλυθότων
3245 2650 3326 2713 εἰς
3360 2650 3657 2718 Αἴγυπτον,
3694 2650 3789 2704 καὶ
3838 2653 3923 2705 εί-

2325 2741 2509 2815 ρηκὼς
2559 2740 2678 2812 μεθ’
2710 2734 2786 2794 ὧν
2824 2741 3059 2806 ἕκαστος
3110 2740 3429 2812 εἰσελήλυθε
3474 2742 3770 2815 φύλαρχος,
3813 2745 3923 2799 ἑπ-

622 2843 968 2918 septuaginta
988 2838 1235 2910 quinque
1265 2834 1333 2900 ",
1359 2853 1376 2884 ι
1420 2846 1586 2885 unam
1615 2828 1884 2899 cujusque
1939 2825 2223 2918 ingresso-
2322 2835 2527 2905 ήγαγε·
2561 2851 2578 2880 ι
2601 2832 2852 2886 Πᾶσαιαί
2879 2831 3056 2903 ψυχαὶ
3085 2832 3142 2887 αἰ
3172 2830 3515 2887 εἰσελθοῦσαι
3537 2834 3618 2897 εἰς
3640 2835 3925 2903 Αἴγυπτον

624 2953 748 2994 rum
802 2913 1107 2990 numerans
1162 2928 1401 2984 animam
1459 2963 1472 2976 .
1525 2921 1596 2977 Et
1645 2918 1869 2974 divinus
1920 2913 2216 2985 Apostolus

2322 2924 2694 2995 ἑϐδομήκοντα
2725 2924 2891 2977 πέντε
2910 2925 3012 2995 (7),
3041 2942 3061 2977 ι
3099 2923 3230 2995 μίαν
3264 2923 3497 2978 ἑκάστου
3543 2925 3655 2979 τῶν
3698 2925 3923 2999 είσελη-

630 3027 860 3092 Troade,
889 3023 1000 3096 74
1024 3037 1150 3077 cum
1192 3032 1387 3074 omnes
1423 3012 1733 3086 Eutychum
1784 3023 1907 3065 esse
1935 3013 2220 3061 mortuum

2321 3016 2562 3071 λυθότων
2598 3017 2913 3088 ἀριθμήσας
2956 3015 3161 3087 ψυχήν.
3198 3017 3311 3071 Καὶ
3338 3018 3368 3071 6
3407 3016 3554 3082 θεῖος
3594 3018 3929 3083 Ἀπόστολος

625 3123 904 3191 putarent,
966 3111 1153 3168 dixit:
1198 3128 1215 3160 ι
1247 3107 1430 3163 Nolite
1501 3100 1715 3160 turbari
1750 3141 1767 3169 ,
1843 3097 2026 3155 anima
2070 3096 2216 3152 enim

2324 3107 2384 3162 ὲν
2421 3107 2660 3213 Τρωάδι,
2706 3107 2924 3162 πάντων
2953 3107 3337 3178 ύπειληφότων
3377 3108 3631 3164 τεθνάναι
3679 3110 3765 3164 τὸν
3811 3110 3929 3165 Εὕ-

625 3210 745 3280 cjus
768 3208 824 3262 in
849 3204 968 3276 ipso
994 3209 1081 3257 cst
1107 3200 1174 3251 ⁸⁸.
1209 3218 1226 3249 ι

693 3380 903 3436 ERAN.
925 3378 1229 3435 Evidenter
1250 3374 1692 3429 demonstratum
1721 3379 1828 3434 est,
1853 3378 2219 3436 unumquem-

629 3491 741 3551 que
766 3473 1050 3531 hominem
1080 3469 1298 3525 unicam
1329 3466 1573 3521 animam
1598 3462 1831 3517 habere.

696 3565 911 3625 ORTH.
938 3562 1046 3619 Sed
1074 3558 1453 3632 Apollinarius
1485 3556 1626 3611 duas
1660 3555 1819 3619 dicit,
1845 3560 1902 3607 et
1922 3565 2044 3606 eam
2099 3563 2223 3619 quae

627 3674 827 3733 expers
860 3666 943 3712 est
978 3652 1213 3709 rationis
1251 3668 1281 3706 a
1317 3652 1430 3706 Deo
1480 3648 1658 3704 Verbo
1709 3654 2089 3714 assumptam;
2121 3656 2224 3712 pro

626 3732 908 3810 eaautem
937 3762 1059 3818 quae
1088 3742 1377 3800 rationalis
1400 3749 1504 3803 est,
1538 3739 1722 3810 ipsum
1748 3738 1806 3791 in
1829 3748 1998 3791 carne
2026 3732 2220 3787 fuisse.

628 3844 756 3902 Ideo
778 3837 1372 3909 interrogavi,ecquam
1396 3832 1551 3889 dicas
1579 3831 1819 3887 animam
1836 3842 1964 3883 cum
1987 3839 2222 3895 corpore

627 3942 967 4004 assumptam
999 3930 1194 3985 fuisse.

698 4024 907 4082 ERAN.
961 4021 1304 4077 Rationalem
1335 4033 1438 4089 ego
1468 4016 1595 4072 dico
1626 4033 1641 4071 :
1683 4013 1930 4071 divinam
1959 4014 2108 4070 enim
2137 4029 2225 4069 se-

628 4135 769 4190 quor
799 4116 1162 4185 Scripturaiu.

697 4208 908 4265 OltTH.
973 4205 1280 4261 Perfectam
1322 4217 1455 4273 ergo
1505 4200 1747 4255 dicimus
1793 4215 1823 4253 a
1880 4199 1994 4254 Deo
2041 4199 2223 4255 Verbo

630 4309 965 4369 assumptum
989 4296 1134 4351 servi
1168 4294 1443 4349 formam?

699 4392 907 4449 ΕΙὶΑΝ.
935 4388 1262 4445 Perfectum.

2327 3219 2516 3275 τυχον,
2554 3201 2660 3273 εῳη
2680 3217 2694 3230 °
2725 3219 2745 3254 ε
2767 3199 2860 3273 Μὴ
2897 3198 3242 3272 θορυϐεῖσθε,
3271 3199 3304 3272 ή
3334 3200 3443 3273 γὰρ
3482 3201 3629 3274 ψυχὴ
3664 3202 3836 3257 αὑτοῦ
3870 3205 3933 3258 ἐν

2322 3294 2475 3367 αύτῷ
2511 3296 2649 3350 ἐστι.
2678 3311 2697 3345 ι

2395 3385 2602 3441 EPAN.
2637 3384 2919 3439 Δέδεικται
2951 3382 3162 3455 σαῳῶς,
3198 3385 3275 3449 ὼς
3298 3384 3427 3455 μίαν
3454 3383 3687 3451 ἕκαστος
3709 3385 3933 3461 ἀνθρω-

2324 3493 2424 3541 πος
2456 3478 2570 3550 ἔχει
2595 3478 2773 3549 ψυχήν
2907 3509 2922 3527 .

2396 3570 2548 3627 ΟΡΘ,
2597 3568 2739 3624 Ἀλλ’
2778 3567 3159 3641 Ἀπολινάριος
3193 3569 3288 3625 δύο
3315 3570 3483 3642 λέγει,
3533 3571 3628 3627 καὶ
3672 3571 3773 3644 τὴν
3823 3572 3933 3644 μὲν

2325 3662 2521 3731 ἄλογον
2550 3662 2902 3737 ἀνειληφέναι
2934 3662 3025 3716 τὸν
3052 3661 3187 3717 Θεὸν
3218 3663 3395 3733 Λόγον
3415 3681 3428 3696 ο
3453 3665 3574 3719 ἀντὶ
3610 3664 3666 3718 δὲ
3698 3666 3796 3737 τῆς
3835 3665 3934 3720 λο-

2324 3752 2513 3824 γικῆς,
2552 3752 2715 3806 αὑτὸν
2745 3755 2805 3807 ὲν
2838 3734 3034 3825 ίσαρκὶ
3080 3753 3434 3826 γεγενῆσθαι.
3498 3754 3703 3809 Τούτου
3749 3734 3935 3831 χάριν

2325 3844 2573 4007 ἓρόμην,
2613 3844 2774 3899 ποίαν
2819 3844 2929 3917 φὴς
2980 3844 3121 3917 μετά
3163 3844 3261 3899 τοῦ
3296 3844 3553 3918 σώματος
3596 3846 3936 3920 ἀνειλῆφθαι

2370 3955 2437 4007 υχ
2476 3954 2527 3990 ν.

2370 3954 2527 4007 υχην.

2399 4028 2604 4081 ΕΡΑΝ.
2638 4027 2750 4098 Τὴν
2799 4026 3028 4099 λογικὴν
3075 4026 3189 4097 ἐγώ
3236 4043 3415 4100 φημι·
3452 4031 3518 4102 τῇ
3555 4029 3746 4103 Γραφῇ
3814 4033 3939 4106 γὰρ

2326 4118 2529 4188 ἕπομαι
2563 4120 2629 4188 τῇ
2662 4117 2801 4189 θείᾳ.

2398 4210 2551 4264 ΟΡΘ.
2572 4210 2797 4264 Τελείαν
2820 4210 3002 4263 τοίνυν
3032 4210 3417 4284 ἀναληφθῆναι
3441 4230 3623 4285 φαμεν
3651 4214 3757 4269 ὑπὸ
3776 4215 3936 4273 Θεοῦ

2327 4304 2502 4371 Λόγου
2532 4302 2632 4373 τήν
2661 4302 2755 4354 τοῦ
2785 4301 2976 4356 δούλου
3003 4306 3252 4376 μορφήν;
3354 4368 3360 4373 ,

2400 4391 2603 4447 ΕΡΑΝ.
2638 4392 2886 4447 Τελείαν.

699 4482 911 4554 ORTH.
935 4482 1004 4537 Et
1053 4482 1252 4535 merito
1303 4480 1551 4551 quidem.
1607 4479 1743 4536 Cum
1798 4479 1950 4534 enim
2007 4477 2216 4548 primus

2398 4485 2549 4538 ΟΡΘ.
2583 4485 2695 4539 Καὶ
2742 4483 2888 4555 μάλα
2928 4484 3178 4550 εἰκότως.
3219 4486 3439 4558 Ἐπειδὴ
3469 4488 3577 4559 γάρ
3628 4489 3658 4541 6
3706 4490 3943 4561 πρῶτος

630 4577 794 4633 ἰιοωο
822 4581 972 4630 totus
995 4582 1144 4628 esset
1177 4574 1281 4628 sub
1317 4581 1545 4645 peccato
1567 4612 1581 4638 ,
1623 4572 1935 4643 divinaeque
1970 4572 2216 4643 imaginis

2320 4576 2609 4647 ἄνθρωπος
2641 4575 2762 4638 ὅλος
2806 4574 2915 4628 ὑπὸ
2967 4577 3066 4647 τὴν
3099 4577 3376 4650 ἁμαρτίαν
3406 4581 3645 4648 ἐγένετο,
3672 4582 3768 4637 καὶ
3794 4586 3944 4650 τοὺς

630 4671 977 4726 characteres
1004 4666 1296 4731 amisisset,
1320 4674 1376 4721 et
1393 4667 1612 4736 generis
1634 4667 1941 4737 principem
1966 4676 2216 4721 secutum

2321 4670 2421 4734 τῆς
2449 4667 2601 4731 θείας
2631 4667 2844 4732 εἰκόνος
2874 4666 3125 4722 ἀπώλεσε
3170 4672 3547 4743 χαρακτῆρας,
3584 4673 3942 4748 ἠκολούθησε

629 4774 803 4832 genus
826 4767 993 4824 esset,
1040 4773 1267 4813 necesse
1291 4760 1306 4777 ⁴
1337 4758 1446 4813 fuit
1490 4768 1549 4813 ut
1589 4756 1840 4824 Creator,
1872 4758 2216 4817 obscuratam

2321 4762 2378 4815 δὲ
2407 4761 2485 4831 τῷ
2542 4761 2815 4832 γενεάρχῃ
2848 4759 2909 4814 τὸ
2941 4761 3134 4829 γένος·
3165 4763 3483 4832 ἀναγκαίως
3505 4765 3534 4817 6
3578 4767 3945 4837 Δημιουργὸς

631 4866 893 4907 renovare
916 4850 1213 4920 imaginem
1270 4851 1483 4914 volens,
1528 4856 1702 4903 totam
1758 4858 2017 4904 naturam
2061 4866 2221 4905 assu-

630 4941 855 5009 mendo,
884 4941 1233 4997 characteres
1257 4941 1537 5011 prioribus
1561 4943 1722 5012 longe
1746 4932 2006 4998 meliores
2038 4944 2223 5015 expri-

631 5042 829 5090 meret.

701 5128 910 5183 ERAN.
974 5128 1099 5182 Haec
1139 5126 1362 5197 quidem
1418 5143 1547 5182 vera
1634 5138 1782 5184 sunt.
1840 5130 1975 5185 Peto
2036 5137 2220 5184 autem

635 5218 870 5289 primum
898 5216 1059 5271 nobis
1084 5216 1381 5286 diligenter
1418 5218 1683 5287 explicari
1723 5220 2006 5274 nominum
2051 5221 2222 5291 signi-

705 5376 819 5404 ”-”
850 5374 983 5427 Gen.
1016 5390 1072 5439 ιι,
1105 5376 1157 5427 7.

705 5576 778 5644 ιϐ)
819 5576 909 5643 ἠγ.
940 5572 1067 5644 Cur.
1091 5572 1289 5644 Exied.
1315 5574 1473 5628 Korn.
1503 5581 1557 5626 et
1577 5569 1726 5644 Lips.
1758 5573 2097 5641 suppletum.

1267 5375 1311 5407 “
1347 5374 1477 5428 Luc.
1511 5390 1602 5440 xu,
1640 5374 1690 5437 Δ,
1723 5373 1789 5439 5;
1828 5375 1953 5427 coll.
1992 5374 2185 5429 Matth.
2238 5375 2403 5441 x,9.8.
2487 5374 2533 5405 ⁸⁸
2563 5374 2701 5430 Gen.
2768 5391 2909 5439 xui,
2948 5374 3019 5429 26

2322 4853 2716 4925 καινουργῆσαι
2782 4852 2883 4925 τὴν
2921 4854 3349 4924 ἀμαυρωθεῖσαν
3423 4857 3609 4911 εἰκόνα
3662 4857 3945 4932 θελήσας,

2328 4946 2461 5015 ὃλην
2507 4944 2606 5016 τὴν
2665 4943 2828 5014 φύσιν
2866 4943 3177 5012 ἀναλαϐὼν,
3233 4948 3416 5020 πολλῷ
3465 4948 3576 5004 τῶν
3639 4952 3947 5024 προτέρων

2330 5036 2591 5109 ἀμείνους
2618 5037 2927 5090 ἐνετύπωσε
2957 5039 3333 5112 χαρακτῆρας.

2404 5126 2606 5182 EPAN.
2645 5126 2834 5181 Ταῦτα
2870 5126 2970 5197 μὲν
3001 5128 3202 5199 ἀληθῆ.
3250 5128 3414 5194 Ἀξιῶ
3442 5130 3498 5183 δὲ
3528 5129 3747 5202 πρῶτον
3787 5132 3945 5204 ἡμῖν

2335 5220 2610 5289 εὐκρινεῖς
2646 5220 2720 5290 (8)
2756 5220 3013 5288 γενέσθαι
3038 5221 3143 5273 τῶν
3162 5221 3444 5292 ὀνομάτων
3472 5224 3570 5286 τὰς
3602 5224 3900 5294 σημασίας
3922 5244 3940 5260 ’

3116 5376 3161 5405 ⁸⁵
3192 5375 3313 5431 Act.
3355 5394 3443 5442 xx,
3475 5379 3561 5433 10.

2310 5585 2574 5649 numerat
2629 5576 2828 5641 Moses,
2858 5585 2926 5649 ut
2949 5575 3087 5649 Gen.
3120 5593 3262 5642 nn,
3295 5579 3367 5634 26
3411 5580 3567 5649 juxta
3608 5578 3806 5649 Πρω-η
3839 5589 3942 5645 γει

706 5647 786 5711 (7)
827 5643 936 5696 ὲόδ.
968 5643 1147 5697 πέντε.
1174 5643 1396 5699 Scilicet
1426 5643 1727 5698 secundum
1752 5652 2071 5711 computum
2102 5643 2210 5697 τῶν

2319 5648 2399 5708 70.
2429 5659 2490 5702 ut
2514 5649 2552 5702 l.
2586 5663 2635 5702 ο.
2668 5663 2816 5702 vers.
2844 5648 2936 5709 2'7,
2957 5655 3015 5702 et
3037 5647 3199 5703 Deut.
3231 5665 3285 5713 ι,
3314 5648 3403 5704 22.

634 5714 797 5796 LXX,
820 5729 959 5796 quos
977 5714 1226 5796 sequitur
1264 5714 1721 5796 Stephanusdct.
1752 5714 1965 5796 vu,_l
2002 5714 2211 5794 Secun-

637 5788 766 5840 dum
788 5784 921 5840 alias
939 5784 1118 5839 autem
1144 5784 1496 5856 computandi
1524 5784 1766 5837 rationes
1789 5784 1872 5836 vel
1903 5784 1968 5837 (ili
2000 5784 2211 5839 animas

2384 5719 2461 5791 (8)
2487 5718 2587 5774 Ed.
2618 5718 2779 5773 Rom.
2806 5726 2863 5773 et
2893 5717 3042 5788 Lips.
3070 5718 3356 5791 εὐκρινῶς.
3388 5719 3568 5775 Minus
3592 5731 3769 5779 recte.
