4148 6392
74 5652 145 6233 ι

299 511 400 580 109

1385 506 1765 572 DIALOGUS
1802 506 1884 565 ΙΙ.
1925 528 1998 540 -
2036 502 2533 564 INCONFUSUS.
3502 496 3601 561 119

310 632 437 704 Νὴ
466 631 703 700 διάλεξις
762 612 1060 697 ἄκωλὺτῲς
1110 632 1400 705 προϐαίνῃ,
1438 630 1534 684 καὶ
1584 627 1752 699 μηδὲν
1788 624 1897 677 τῶν

2004 624 2289 679 {lectiones
2329 642 2339 676 :
2377 633 2435 677 ut
2464 621 2769 692 disputatio
2804 622 2925 675 sine
2965 619 3365 690 impedimento
3400 635 3602 690 proco--

305 722 805 796 ἀμφιϐαλλομὲνων
856 724 1062 794 μεταξὺ
1111 723 1449 795 ζητούμενον
1500 718 1771 789 δ.ακόπτῃ
1806 716 1899 769 τὸν

304 814 459 882 λόγων
465 853 478 865 .

376 903 529 960 ΟΡΘ.
564 905 804 977 ’Δριστα
851 905 1119 978 εἴρηκας·
1163 905 1289 977 ἔρον
1333 903 1516 957 τοίνυν
1566 900 1696 973 περὶ
1741 889 1804 951 οὗ
1834 897 1899 951 ἂν

304 995 513 1070 δθέλῃς.

377 1086 583 1141 ΕΡΔΝ.
626 1086 840 1158 Ἰησοῦν
889 1087 977 1140 τὸν
1034 1086 1271 1159 Χριστὸν
1325 1085 1377 1138 τί
1416 1086 1526 1158 χρὴ
1556 1084 1778 1150 καλεῖν;
1809 1084 1901 1138 ἄν-

305 1176 523 1247 θρωπον
542 1192 558 1241 ;

377 1268 531 1321 0P8.
587 1266 887 1338 Οὐδέτερον
940 1266 1063 1337 δίχα
1124 1266 1389 1337 θατέρου,
1450 1264 1566 1320 ἀλλ’
1612 1264 1897 1334 ἑκάτερον.

314 1356 379 1413 Ὀ
414 1358 524 1429 γὰρ
557 1355 691 1420 Θεὸς
729 1356 905 1425 Λόγος
936 1355 1368 1427 ὲνανθρωπήσας
1413 1352 1622 1424 Ἰησοῦς
1664 1350 1903 1423 Χριστὸς

303 1449 620 1520 ὠνομάσθη.
646 1448 943 1511 ιΚαλέσεις
969 1449 1100 1519 γὰρ,
1130 1445 1285 1519 φησὶ,
1309 1445 1370 1499 τὸ
1400 1444 1577 1515 ὄνομα
1593 1441 1760 1496 αὑτοῦ
1792 1442 1900 1511 ἰη-

305 1541 466 1596 σοῦν’
500 1542 665 1607 αὐτὸς
712 1541 824 1611 γὰρ
873 1540 1040 1593 σώσει
1082 1538 1177 1593 τὸν
1220 1537 1349 1593 λαὸν
1413 1534 1581 1592 αὑτοῦ
1642 1534 1751 1589 ἀπὸ
1792 1533 1902 1593 τῶν

302 1634 590 1708 ἁμαρτιῶν
606 1634 795 1688 αὐτοῦ.
820 1651 841 1684 ι
862 1632 974 1688 Καὶ
996 1673 1012 1698 ,
1038 1634 1314 1704 ιΣήμερον
1345 1631 1593 1684 τίκτεται
1622 1628 1752 1699 ὑμῖν
1768 1628 1903 1699 Χρι-

303 1726 429 1789 στὸς
464 1724 672 1797 Κύριος
720 1726 779 1778 ἐν
823 1723 979 1778 πόλει
1024 1724 1206 1778 Δαόίδ.
1232 1743 1253 1776 ι
1309 1721 1585 1793 ’Δγγέλων
1627 1720 1686 1774 δὲ
1739 1714 1901 1773 αὗται

301 1816 499 1887 φωναί.
531 1819 649 1889 Πρὸ
690 1816 750 1870 δὲ
795 1816 896 1888 τῆς
927 1815 1419 1888 ινανθρωπήσεως,
1449 1812 1603 1876 Θεὸς,
1639 1812 1735 1865 καὶ
1763 1808 1901 1863 Θεοῦ

301 1912 452 1976 Υἱὸς,
484 1912 586 1965 καὶ
623 1909 961 1983 Μονογενὴς,
1006 1910 1100 1964 καὶ
1145 1910 1375 1981 Κύριος,
1408 1908 1505 1961 καὶ
1539 1904 1675 1968 Θεὸς
1707 1904 1900 1972 Λόγος,

2005 712 2119 775 dat,
2149 721 2205 767 et
2230 713 2437 768 nullius
2485 710 2866 782 ambiguitatis
2910 710 3203 782 interjecta
3223 709 3458 781 qumstio
3480 725 3601 767 scr-

2007 819 2225 858 tuoucm
2261 804 2575 873 abrumpat.

2077 898 2287 952 ORTH.
2343 897 2562 968 Optime
2624 896 2833 951 dixisti.
2894 895 3174 966 lntcrroga
3235 911 3366 967 ergo
3452 895 3602 967 quod

2005 992 2176 1046 voles.

2078 1086 2285 1140 ΕιιΑΝ.
2311 1086 2500 1141 Jesum
2537 1085 2821 1146 Christum
2858 1101 2971 1156 quo
3011 1084 3238 1141 nomine
3297 1083 3604 1154 appellabi-

1924 1214 1930 1219 .
2005 1175 2168 1229 mus?
2192 1190 2261 1229 an
2299 1175 2619 1229 hominem?

2076 1264 2286 1320 ORTH.
2317 1265 2586 1321 Neutrum
2612 1267 2732 1322 sine
2755 1266 2951 1330 altero,
2979 1267 3076 1322 sed
3107 1277 3430 1338 utrumque.
3467 1267 3606 1322 Nam

2004 1341 2153 1412 Deus
2175 1358 2421 1412 Verbum
2451 1358 2619 1413 homo
2663 1359 2846 1414 factus
2868 1359 3031 1415 Jesus
3068 1358 3326 1415 Christus
3362 1358 3470 1431 75
3503 1374 3609 1430 ap~

2005 1448 2245 1519 pellatus
2273 1456 2378 1504 est.
2428 1468 2446 1501 ‹
2483 1450 2723 1505 Vocabis
2766 1450 2940 1515 enim,
3002 1450 3205 1521 inquit,
3241 1466 3446 1507 nomen
3486 1453 3609 1523 ejus

2003 1538 2212 1593 Jesum.
2229 1538 2349 1608 Ipse
2365 1539 2513 1593 enim
2536 1539 2749 1594 salvum
2768 1540 2937 1596 faciet
2956 1541 3221 1611 populum
3252 1556 3413 1595 suum
3434 1556 3610 1611 apec-

2006 1630 2141 1686 catis
2166 1632 2514 1687 eorum""'.
2541 1651 2559 1683 ι
2596 1633 2667 1687 Ει
2695 1650 2708 1686 :
2739 1650 2759 1684 ι
2788 1633 2964 1689 Hodie
2983 1633 3143 1689 vobis
3170 1634 3425 1689 nascitur
3444 1633 3609 1691 Chri-

2006 1732 2126 1777 stus
2141 1724 2409 1779 Dominus
2421 1721 2478 1779 in
2492 1725 2720 1781 civitate
2730 1725 2958 1781 Davidis
2970 1726 3039 1780 ".
3054 1746 3072 1778 ι
3094 1724 3189 1783 Ha:
3198 1727 3425 1798 quidem
3440 1742 3609 1784 voces

2005 1823 2136 1866 sunt
2167 1814 2508 1883 angelorum.
2530 1815 2673 1871 Ante
2708 1816 3147 1872 incarnationem
3168 1833 3324 1881 vero,
3358 1818 3527 1883 Deus,
3549 1827 3607 1875 et

2005 1904 2104 1960 Dei
2134 1906 2327 1971 Filius,
2359 1908 2788 1980 etUnigenitus,
2806 1919 2863 1966 et
2886 1911 3174 1973 Dominus,
3207 1920 3264 1966 et
3292 1912 3439 1968 Deus
3469 1913 3606 1970 Ver-

299 2006 398 2059 καὶ
422 2005 666 2076 Ποιητὴς
697 2003 1038 2076 ὠνομάζετο.
1072 2022 1091 2055 ι
1129 2003 1218 2057 Ἐν
1245 2003 1392 2074 ἀρχῇ
1444 1998 1555 2071 γὰρ
1586 1994 1677 2070 ἦν,
1708 1998 1894 2068 φησὶν,

2006 1997 2161 2063 bum,
2195 2007 2252 2052 et
2294 1997 2526 2054 Greater
2580 2001 2994 2056 nominabatur.
3058 2002 3203 2059 Dicit
3251 2004 3443 2058 enim:
3483 2024 3503 2057 α
3543 2005 3605 2062 lu

298 2102 329 2154 ό
354 2097 556 2167 Λόγος,
588 2097 687 2152 καὶ
715 2099 744 2151 ό
764 2098 937 2161 Λόγος
970 2093 1040 2169 ἦν
1073 2098 1211 2168 πρὸς
1232 2095 1323 2149 τὸν
1354 2094 1488 2148 Θεὸν
1508 2110 1521 2124 ·
1552 2092 1647 2147 κα)⁹
1673 2090 1807 2153 Θεὸς
1831 2085 1901 2161 ἦν

298 2193 329 2247 ό
365 2192 576 2264 Λόγος’
604 2211 625 2244 ι
665 2191 760 2245 καὶ
782 2230 799 2257 ,
842 2209 861 2243 α
893 2190 1081 2246 Πάντα
1120 2190 1189 2244 δι’
1216 2187 1384 2243 αὑτοῦ
1426 2186 1676 2255 ἐγένετο·
1704 2202 1722 2236 ι
1781 2182 1899 2246 καὶ,

305 2305 327 2339 σ
352 2284 477 2357 Ζωὴ
497 2281 569 2357 ἦν
590 2299 607 2314 ⁸
641 2303 661 2337 ι
694 2284 813 2348 καὶ,
852 2268 1008 2337 (Ἦν
1038 2281 1099 2336 τὸ
1128 2279 1242 2353 φῶς
1280 2280 1343 2335 τὸ
1374 2277 1651 2351 ἀληθινὸν,
1683 2276 1713 2330 ὸ
1734 2275 1903 2345 φωτι-

299 2379 385 2447 ζει
414 2382 597 2436 πάντα
645 2378 935 2451 ἄνθρωπον
982 2378 1282 2450 ἐρχόμενον
1335 2377 1416 2440 εἰς
1472 2375 1564 2428 τὸν
1610 2371 1848 2442 κόσμον·
1875 2387 1895 2421 ι

297 2473 394 2527 καὶ
422 2473 521 2527 ὅσα
567 2472 785 2534 τούτοις
826 2470 946 2523 ἐστὶ
981 2470 1363 2541 παραπλήσια,
1394 2467 1489 2521 καὶ
1539 2465 1639 2537 τῆς
1688 2463 1902 2532 φύσεως

296 2562 399 2634 τῆς
425 2562 580 2625 θείας
608 2560 910 2630 δηλωτικὰ.
950 2560 1105 2614 Μετά
1136 2560 1195 2614 δέ
1213 2577 1275 2629 γε
1298 2560 1400 2629 τὴν
1430 2555 1785 2628 ἁνθρὼπησιν
1800 2553 1898 2624 (9),

308 2656 520 2729 Ἰησοῦς
546 2657 647 2712 καὶ
672 2656 907 2728 Χριστὸς
938 2653 1262 2725 ὠνομάσθη.

367 2834 576 2890 EPAN.
606 2831 822 2888 Οὐκοῦν
850 2831 984 2895 Θεὸς
1006 2832 1170 2902 μόνον
1212 2827 1423 2900 Ἰησοῦς
1453 2827 1483 2879 ό
1509 2825 1733 2897 Κύριος.

368 2926 523 2981 ΟΡΘ.
568 2923 1110 2996 Ἐνανθρωπήσαντα
1153 2920 1290 2975 Θεὸν
1319 2920 1493 2988 Λόγον
1527 2916 1771 2981 ἀκούεις,
1808 2912 1903 2967 καὶ

292 3016 433 3072 Θεὸν
457 3016 621 3088 μόνον
653 3012 949 3076 ἀποκαλεῖς
968 3029 983 3078 ;

369 3108 577 3165 εΡΑΝ.
622 3105 844 3178 Ἐπειδὴ
880 3106 958 3177 μὴ
990 3101 1222 3176 τραπεὶς
1269 3098 1719 3171 ἑνηνθρώπησεν,
1765 3091 1905 3148 ἀλλὰ

299 3202 618 3277 μεμένηκεν
648 3200 787 3269 ὅπερ
812 3192 906 3269 ἦν,
938 3195 1047 3268 χρὴ
1076 3192 1265 3249 καλεῖν
1288 3190 1454 3246 αὐτὸν
1485 3191 1622 3260 ὅπερ
1642 3184 1733 3261 ἦν.

2002 2084 2277 2155 principio
2304 2096 2422 2141 erat
2445 2088 2710 2155 Verbum,
2734 2099 2791 2146 et
2817 2091 3060 2146 Verbum
3079 2103 3201 2149 erat
3220 2093 3370 2167 apud
3405 2094 3604 2162 Deum,

2001 2182 2060 2229 et
2090 2175 2238 2231 Deus
2266 2183 2389 2231 erat
2426 2177 2669 2233 Verbum
2696 2181 2773 2245 7°;
2817 2200 2835 2232 ι
2866 2189 2921 2235 et
2954 2198 2967 2233 :
3002 2201 3019 2232 ι
3052 2180 3251 2239 Omnia
3281 2200 3382 2256 per
3420 2185 3604 2257 ipsum

2002 2264 2149 2323 facta
2208 2276 2340 2341 sunt
2362 2272 2445 2338 7';
2478 2289 2497 2323 ι
2530 2279 2631 2327 et:
2684 2290 2705 2323 ι
2743 2271 2867 2327 Vita
2916 2283 3040 2329 erat
3082 2276 3163 2339 ἐς
3200 2295 3220 2327 ι
3274 2285 3334 2332 et
3365 2296 3379 2330 :
3415 2296 3435 2330 ‹
3469 2278 3607 2335 Erat

2002 2356 2099 2412 lux
2127 2375 2279 2426 vera,
2315 2376 2440 2432 qua:
2478 2362 2759 2419 illuminat
2790 2380 3015 2420 omnem
3056 2365 3340 2424 hominem
3368 2368 3605 2425 venien-

2004 2457 2115 2504 tem
2158 2451 2216 2506 in
2265 2452 2415 2508 hunc
2465 2454 2737 2510 mundum
2788 2456 2873 2523 ⁷³;
2920 2476 2938 2507 ι
2981 2466 3040 2512 et
3078 2473 3428 2530 quaecunque
3474 2471 3608 2518 sunt

2004 2540 2094 2597 his
2146 2542 2388 2607 similia,
2444 2544 2691 2601 divinam
2749 2557 3002 2604 naturam
3044 2550 3405 2607 declarantia.
3474 2553 3607 2611 Post

2004 2632 2447 2691 incarnationem
2503 2653 2675 2703 vero,
2735 2639 2901 2697 Jesus
2949 2648 3007 2697 et
3056 2640 3316 2698 Christus
3356 2643 3606 2716 appella-

2005 2730 2095 2779 tus
2129 2734 2235 2782 est.

2076 2816 2285 2872 ERAN.
2314 2819 2411 2874 Est
2445 2820 2617 2891 igitur
2642 2821 2789 2877 Deus
2820 2823 3000 2879 solum
3024 2824 3189 2881 Jesus
3222 2826 3510 2883 Dominus.

2075 2905 2289 2963 ORTH.
2334 2909 2686 2968 incarnatum
2765 2913 2942 2970 Deum
2990 2916 3237 2973 Verbum
3289 2920 3490 2987 audis,
3547 2932 3606 2978 et

2007 2996 2181 3053 Deum
2208 2999 2388 3054 solum
2419 3002 2624 3058 vocas?

2076 3091 2285 3147 ERAN.
2310 3092 2450 3159 Quia
2480 3094 2601 3149 sine
2632 3097 2945 3154 mutatione
2968 3099 3148 3156 factus
3177 3111 3264 3158 est
3282 3103 3473 3172 homo,
3504 3106 3605 3163 sed

2007 3180 2209 3238 mansit
2231 3183 2378 3254 quod
2406 3194 2549 3251 erat,
2583 3187 2950 3257 appellandus
2981 3198 3067 3247 est
3090 3193 3240 3263 quod
3262 3204 3404 3250 erat.

370 3272 839 3363 DPG.'A=pz-moc
870 3288 971 3360 μιν
999 3290 1028 3341 ό
1048 3286 1182 3349 Θεὸς
1203 3283 1376 3353 Λόγος
1406 3282 1501 3338 καὶ
1520 3278 1733 3382 ἧν,Δκαὶ
1761 3281 1899 3346 ἔστι,

2077 3272 2288 3330 ORTH.
2318 3276 2685 3333 immutabilis
2709 3281 2935 3350 quidem
2957 3284 3103 3341 Deus
3117 3286 3360 3343 Verbum
3386 3298 3444 3347 et
3460 3284 3603 3358 erat,

296 3387 396 3444 καὶ
415 3385 599 3439 ἔσται·
623 3378 973 3454 ἀνθρωπείαν
996 3377 1055 3432 δι
1078 3377 1242 3447 φύσιν
1265 3373 1447 3429 λαϐὼν
1480 3372 1894 3444 ὲνηνθρώπησε.

291 3478 579 3550 Προσήκει
611 3474 797 3528 τοίνυν
848 3472 1000 3543 ἡμᾶς
1043 3466 1317 3539 ἑκατέραν
1357 3464 1542 3536 φύσιν
1592 3462 1898 3536 ὁμολογεῖν,

292 3566 396 3617 καὶ
423 3562 525 3634 τὴν
558 3561 838 3616 λασοῦσαν
863 3559 961 3614 καὶ
987 3556 1088 3630 τὴν
1119 3554 1436 3626 ληφθεῖσαν.

371 3652 579 3709 ΒΡΛΝ.
626 3651 763 3707 ’Δπὸ
794 3650 895 3723 τῆς
922 3648 1236 3723 κρείττονος
1271 3643 1564 3719 ὀνομάζειν
1591 3646 1718 3715 χρή.

372 3843 523 3899 ΟΡΘ.
574 3843 636 3897 '0
670 3841 961 3916 ἄνθρωπος
990 3840 1220 3904 ἐκεῖνος,
1249 3837 1309 3892 τὸ
1329 3837 1470 3903 ζῶον
1498 3834 1664 3904 λέγω,
1695 3832 1905 3896 ἁπλοῦς

294 3938 473 3998 ἐστιν,
502 3936 537 4007 ἢ
570 3934 860 4001 σύνθετοςς

371 4028 577 4085 EPAN.
614 4025 901 4088 Σύνθετος.

373 4120 524 4175 0P8.
567 4120 663 4172 Ἐκ
690 4117 856 4171 τίνων
886 4114 1287 4186 συγκείμενος;

378 4211 585 4265 ΕΡΔΝ.
639 4208 737 4262 Ἐκ
768 4207 1030 4279 σώματος
1066 4205 1160 4260 καί⁵
1193 4202 1395 4276 ψυχῆς.

377 4303 529 4358 οΡΘ.
560 4300 686 4355 Τῶν
720 4300 777 4354 δὲ
811 4298 1028 4370 φύσεων
1056 4297 1262 4351 τούτων
1288 4295 1495 4369 ποτέρα
1528 4294 1828 4369 κρείττων,

374 4394 582 4449 ΕΡΛΝ.
623 4391 797 4463 Δῆλον
828 4390 907 4454 ὡς
954 4391 989 4461 ἠ
1048 4388 1238 4459 ψυχή·
1284 4388 1478 4458 λογική
1514 4403 1573 4439 τε
1608 4386 1718 4457 γάρ
1761 4386 1902 4450 ἐστι,

304 4484 408 4541 καὶ
435 4483 732 4547 ἀθάνατος,
766 4481 863 4535 καὶ
914 4478 1010 4534 τοῦ
1049 4476 1193 4545 ζώου
1247 4477 1350 4550 τὴν
1400 4475 1701 4550 ἡγεμονίαν
1742 4476 1905 4529 πεπί-

2004 3374 2195 3430 etest,
2251 3375 2308 3421 et
2342 3367 2453 3422 erit
2512 3385 2526 3421 :
2586 3368 2831 3427 humana
2878 3389 3013 3429 vero
3074 3388 3359 3449 assumpta
3407 3389 3605 3439 natura

2006 3456 2174 3513 homo
2202 3457 2383 3514 factus
2408 3467 2511 3515 est.
2543 3460 2712 3517 Decet
2738 3462 2907 3533 igitur
2950 3481 3052 3521 nos
3110 3477 3408 3542 utramque
3436 3483 3604 3530 natu-

2007 3565 2124 3605 ram
2158 3550 2434 3618 conﬁteri,
2464 3559 2523 3608 et
2547 3563 2945 3624 assumentem,
2984 3566 3042 3615 et
3072 3571 3436 3633 assumptam.

2077 3640 2287 3697 ERAN.
2346 3642 2394 3698 A
2442 3643 2678 3700 meliore
2724 3654 2881 3717 parte
2946 3647 3203 3707 facienda
3236 3662 3325 3710 est
3384 3669 3606 3713 nuncu-

2005 3734 2175 3805 patio.

2076 3824 2287 3881 ORTH.
2316 3826 2493 3884 Homo
2517 3829 2630 3895 ille,
2666 3831 2867 3887 animal
2894 3833 3041 3900 dico.
3078 3837 3385 3910 simplexne
3408 3849 3511 3904 est.
3534 3856 3603 3897 au

2007 3920 2388 3990 compositus?

2079 4011 2289 4067 ERAN.
2311 4012 2665 4083 Compositus

2078 4102 2290 4159 ORTli.
2326 4104 2403 4159 Ex
2434 4106 2640 4175 quibus
2665 4111 3047 4179 compositus?

2081 4195 2192 4267 76
2223 4200 2241 4215 ’
2277 4196 2485 4253 ΕΒΑΝ.
2508 4199 2595 4253 Ex
2618 4214 2851 4270 corpore
2882 4212 2940 4257 et
2964 4205 3167 4259 anima.

2078 4288 2289 4344 ORTH.
2316 4289 2522 4345 Harum
2551 4308 2684 4347 vero
2720 4283 3044 4350 naturarum
3078 4305 3200 4351 utra
3234 4308 3320 4353 est
3368 4299 3605 4355 melior?

2081 4380 2269 4437 ERAN
2321 4383 2673 4439 Manifestum
2735 4394 2821 4441 est
2877 4388 3112 4445 animam
3165 4392 3604 4459 praestantiorem

2005 4487 2127 4530 esse
2166 4484 2293 4529 :est
2316 4476 2464 4530 enim
2493 4476 2708 4535 ratione
2763 4479 3019 4549 praedita,
3047 4488 3104 4537 et
3153 4482 3506 4551 immortalis,
3547 4497 3603 4542 et

301 4592 547 4631 στενται.
588 4573 665 4628 Τὸ
692 4573 753 4626 δὲ
783 4571 948 4642 σῶμα
976 4569 1174 4640 θνητόν
1212 4570 1331 4621 ἔστι
1367 4567 1461 4621 καὶ
1484 4566 1771 4638 ἐπίκηρον,
1808 4566 1899 4621 καὶ

2005 4567 2246 4638 regendo
2275 4569 2501 4623 animali
2557 4571 2873 4641 prasposita.
2905 4572 3121 4644 Corpus
3179 4590 3313 4630 vero
3371 4579 3602 4634 mortale

298 4669 406 4743 τῆς
434 4668 613 4740 ψυχῆς
638 4663 1014 4737 χωριζόμενον
1038 4662 1233 4731 ἄλογόν
1266 4662 1386 4714 ἐστι
1422 4660 1517 4714 καὶ
1540 4660 1754 4731 νεκρόν.

374 4843 526 4901 ΟΡΘ.
555 4843 705 4896 Ἔδει
745 4838 1040 4912 τοιγαροῦν
1085 4840 1187 4910 τὴν
1229 4838 1385 4893 Θείαν
1418 4839 1646 4911 Γραφὴν
1693 4840 1757 4892 ἐκ
1804 4840 1903 4910 τῆς

302 4936 587 5005 ἀμείνονος
611 4934 830 5003 φύσεως
860 4930 1153 5002 ὀνομάζειν
1175 4930 1239 4985 τὸ
1267 4931 1431 4996 ζῶον.

378 5026 583 5079 ΕΡΛΝ.
612 5024 803 5088 Οὕτως
836 5021 1116 5093 ὀνομάζει.
1148 5022 1291 5087 Τοὺς
1328 5022 1438 5096 γὰρ
1483 5023 1901 5096 εἰσεληλυθότας

306 5118 385 5180 εἰς
435 5118 703 5185 Δῐγνπτον
750 5114 932 5185 ψυχὰς
979 5114 1442 5187 προσηγόρευσεν.
1512 5116 1602 5168 Ἐν
1661 5115 1895 5186 ἑϐδομή-

307 5226 473 5263 κοντα
500 5209 605 5281 γὰρ
633 5208 730 5262 καὶ
764 5207 953 5272 πέντε,
988 5204 1146 5279 φησι,
1179 5205 1383 5278 ψυχαῖς
1426 5204 1637 5276 κατέϐη
1676 5204 1894 5278 Ἰσραὴλ

306 5304 389 5366 εἰς
423 5301 716 5370 Αἴγυπτον.

358 5389 533 5447 ³01³6.
578 5394 711 5447 ’Λπὸ
761 5392 822 5446 δὲ
876 5390 1130 5464 σώματος
1176 5390 1371 5446 οὐδένα
1401 5389 1673 5462 κέκληκεν
1713 5392 1747 5462 ἡ
1779 5390 1898 5445 θεία

312 5478 502 5551 Γραφὴ
528 5498 544 5546 ;

379 5573 582 5627 ΕΡΔΝ.
616 5576 755 5639 Τοὺς
804 5578 871 5646 τῇ
927 5575 1089 5647 σαρκὶ
1145 5573 1559 5637 δεδουλευκότας
1624 5574 1901 5645 προσηγόι

382 5731 431 5763 “’
461 5730 504 5763 ⁸⁸
539 5731 726 5787 Matth.
765 5749 806 5798 ι,
849 5731 941 5786 2L
985 5731 1029 5762 "
1065 5730 1200 5785 Luc.
1238 5746 1296 5793 ιι,
1326 5730 1407 5785 ii.
1476 5730 1519 5761 ⁷ο
1550 5729 1710 5784 Joan.
1748 5732 1862 5789 1.1.

378 5947 461 6021 (9)
498 5953 644 6022 ἔινθρ.
676 5952 754 6008 Ed
806 5950 967 6008 Rom.
996 5949 1221 6023 etLips.
1246 5948 1682 6023 ινανθρὼπησνλ.

1941 5730 1985 5761 ⁷¹
2021 5730 2159 5786 Ibid.
2194 5732 2247 5787 5.

1933 4675 1979 4734 ι)
2005 4670 2091 4714 est
2119 4669 2173 4714 et
2205 4660 2500 4727 caducum,
2527 4671 2584 4717 et
2617 4663 2686 4717 ab
2720 4664 2907 4720 anima
2950 4676 3263 4735 separatum
3287 4684 3487 4737 expers
3519 4686 3605 4723 ra-

2008 4752 2175 4807 tionis
2197 4761 2283 4807 est
2311 4761 2368 4807 et
2389 4754 2647 4808 cadaver.

2076 4840 2289 4896 Oll'l‘il.
2347 4835 2587 4898 Decebat
2634 4859 2768 4916 ergo
2831 4846 3079 4903 divinam
3132 4848 3476 4921 Seripluram
3537 4871 3603 4909 ex

2003 4934 2372 5003 praestantiori
2400 4944 2556 5005 parte
2580 4937 2783 4992 animal
2812 4955 3157 5009 nuncupare.

2073 5026 2282 5081 ERAN.
2316 5025 2407 5083 Sic
2441 5038 2746 5099 nuncupat.
2809 5030 3089 5102 ingressos
3133 5032 3282 5087 enim
3341 5035 3395 5087 in
3442 5034 3605 5104 Aigy-

1993 5128 2161 5191 Aptum
2211 5118 2424 5174 animas
2455 5121 2753 5190 appellavit
2784 5122 2851 5175 ⁷⁸.
2896 5121 3033 5177 Cum
3079 5125 3428 5194 septuaginta
3458 5124 3606 5178 enim

2002 5211 2249 5285 quinque
2284 5211 2573 5275 animabus
2595 5212 2882 5269 descendit
2916 5213 3084 5269 lsrael
3109 5214 3166 5270 in
3217 5213 3530 5288 (Egyptum.

2076 5390 2290 5447 ORTH.
2348 5392 2651 5463 Acorpore
2703 5409 2836 5449 vero
2888 5394 3241 5449 neminemne
3307 5391 3610 5464 appellavit

2009 5482 2197 5539 divina
2231 5483 2552 5554 Scriptura?

2081 5577 2290 5632 ERAN.
2328 5577 2496 5633 Carni
2519 5580 2830 5636 servientes
2898 5595 3094 5637 carnes
3116 5579 3374 5650 appellat.
3414 5596 3431 5629 ‹
3459 5577 3609 5632 Dixit

2326 5735 2371 5767 ⁷²
2402 5733 2542 5789 Ibid.
2577 5736 2629 5793 ι.
2709 5738 2755 5770 ⁷³
2785 5737 2923 5793 Ibid.
2958 5741 3010 5792 9.
3089 5738 3135 5770 ⁷⁵
3167 5736 3305 5791 Gen.
3332 5750 3472 5797 xm,
3515 5732 3605 5788 9.6-
