4148 6392
574 337 680 408 115

1584 337 2074 399 THEODORETI
2117 334 2457 396 EPISCOI’I
2499 330 2865 392 CYRENSIS

3755 318 3851 384 116

573 452 880 517 Christum,
912 461 1174 506 aternam
1218 464 1352 503 vero
1398 449 1521 519 ejus
1554 448 1904 505 divinitatem
1944 455 2167 519 negant.

2281 439 2603 515 ΙἌνθρωπον
2628 442 2736 511 γὰρ
2771 440 2930 513 μόνον
2974 434 3307 509 κηρύττουσι
3339 434 3431 488 τὸν
3470 428 3726 503 Χριστὸν,
3757 426 3856 497 τὴν

573 544 740 603 Arius
767 533 973 605 autem,
1008 548 1065 595 et
1106 538 1436 604 Eunomius,
1473 549 1716 595 creatam
1744 550 1945 595 vocant
1964 538 2171 608 linige-

574 636 678 693 niti
712 632 1082 698 divinitatem,
1110 640 1166 687 et
1189 633 1366 687 solum
1392 647 1595 702 corpus
1635 632 1790 687 illum
1814 633 1929 704 80
1957 648 2173 686 assum-

574 728 749 799 psisse
776 725 987 779 dicunt.
1037 723 1386 794 Apolinarius
1413 740 1579 795 porro
1608 725 1909 780 animatum
1946 725 2175 796 quidem

573 833 778 888 corpus
813 822 1157 885 assumptum
1178 813 1401 881 fatetur,
1443 814 1541 871 sed
1584 816 1906 872 rationalem
1931 816 2176 873 animam.

573 915 630 963 et
655 907 868 963 honore
898 915 953 961 et
987 906 1163 962 salute
1196 906 1251 961 in
1273 906 1439 962 libris
1458 908 1579 963 suis
1602 908 1803 979 privat.
1839 909 1965 963 Haec
2005 909 2173 979 igitur

574 1008 660 1053 est
692 1014 1086 1069 perversorum
1113 999 1433 1071 dogmatum
1458 998 1794 1056 differentia.
1827 999 1910 1055 Tu
1936 1016 2092 1066 vero,
2123 1001 2173 1056 si

576 1089 867 1145 veritatem
894 1105 1067 1154 amas,
1108 1080 1199 1145 die
1240 1089 1424 1155 nobis,
1469 1105 1594 1145 cum
1630 1090 1791 1147 bisne
1838 1090 2171 1162 disputatio-

575 1195 706 1236 nem
730 1180 972 1253 aliquam
993 1180 1199 1236 babere
1225 1181 1542 1247 conveniat,
1564 1197 1634 1237 an
1657 1182 1712 1237 in
1738 1198 2172 1254 praecepsruea-

580 1281 664 1327 tes
685 1270 971 1342 despicere
1001 1280 1059 1327 et
1076 1271 1260 1327 valere
1280 1271 1497 1342 jubere.

651 1445 861 1501 ERAN.
887 1446 1250 1503 humanitatis
1279 1457 1364 1504 est
1400 1462 1497 1504 eos
1523 1450 1617 1519 qui
1650 1452 1664 1469 ⁶
1693 1459 1959 1520 aegrotant
1994 1449 2171 1522 negli-

650 1550 732 1590 re.

650 1550 732 1590 re.

582 1550 867 1684 8801111].
896 1626 1165 1684 Convenit
1204 1643 1338 1699 ergo
1360 1628 1448 1685 his
1474 1630 1796 1696 colidolere,
1825 1639 1881 1686 et
1914 1646 2014 1704 pro
2040 1633 2173 1689 viri-

584 1720 694 1776 bus
726 1719 959 1776 mederi.
1544 1721 1551 1726 ·

653 1812 863 1868 ERAN.
893 1810 1158 1868 Omnino.

652 1902 865 1960 ORTH.
898 1904 957 1960 Si
995 1907 1167 1977 igitur
1214 1907 1555 1977 corporibus.
1598 1909 1807 1965 mederi
1857 1910 2169 1977 didicisses,

584 1996 858 2067 multique
879 2005 978 2052 ate
996 1997 1414 2058 circumstantes
1438 2006 1500 2053 ut
1516 1999 1820 2056 medereris
1840 1999 2170 2072 ﬂagitarent,

586 2085 837 2142 diversos
857 2085 1081 2142 morbos
1101 2086 1477 2153 ostendentes,
1490 2088 1651 2145 verbi
1668 2090 2171 2161 gratia,oculorum

566 2177 940 2243 usuﬂusiones,
972 2184 1028 2233 et
1057 2178 1277 2233 aurium
1302 2179 1511 2247 ulcera,
1549 2188 1607 2236 et
1638 2181 1861 2239 dolores
1898 2182 2170 2249 dentium,

584 2278 643 2327 et
668 2271 725 2325 hi
748 2270 972 2341 quidem
1013 2285 1318 2326 nervorum
1365 2270 1756 2338 intensionem,
1804 2261 1897 2333 alii
1925 2289 2057 2330 vero
2081 2289 2174 2330 so-

585 2364 875 2429 lutionem,
910 2373 969 2419 et
1014 2363 1105 2418 hic
1134 2378 1330 2418 rursus
1376 2362 1530 2419 ﬂavae
1568 2364 1695 2420 bilis
1724 2365 2171 2433 redundantiam,

584 2454 834 2511 ille-vero
864 2456 1101 2527 pituitae,
1140 2471 1326 2526 quaeso
1368 2463 1442 2522 te,
1467 2456 1600 2526 quid
1639 2457 1888 2514 faceres?
1929 2475 2173 2517 unumne

586 2547 849 2604 omnibus
869 2546 1176 2603 remedium
1203 2562 1528 2618 parares,an
1551 2549 1789 2620 singulis
1803 2550 2013 2611 morbis
2035 2566 2173 2607 con-

586 2638 819 2693 veniens
834 2639 859 2692 2

656 2727 864 2783 ERAN.
892 2728 1198 2800 Uniwique
1225 2732 1582 2798 conveniens,
1605 2743 1661 2788 et
1691 2733 1947 2802 pellendo
1980 2736 2176 2791 morbo

590 2816 873 2875 idoneum.

655 2909 871 2967 ORTH.
898 2912 1086 2983 Itaque
1113 2913 1319 2969 calidas
1358 2913 1680 2971 aﬂ‘ectiones
1729 2915 2083 2988 refrigerans,
2120 2928 2177 2973 et

586 2998 817 3072 frigidas
848 3000 1195 3067 calefaciens,
1218 3010 1274 3057 et
1300 3002 1517 3058 intensa
1563 3003 1833 3069 relaxans,
1874 3004 2052 3059 soluta
2080 3004 2176 3059 fir-

586 3092 1287 3150 mioribusmedicamentis
1304 3096 1691 3162 corroborans,
1710 3103 1765 3151 et
1786 3097 2068 3153 bumentia
2083 3098 2179 3153 de-
2206 3134 2250 3191 ο

588 3183 822 3250 siccans,
885 3185 1033 3240 sicca
1060 3185 1408 3252 humectans,
1449 3187 1677 3243 morbos
1714 3188 1816 3243 bac
1842 3190 2055 3244 ratione
2080 3206 2177 3244 ex-

587 3274 849 3348 pelleres,
877 3284 934 3331 et
972 3276 1042 3330 ab
1093 3276 1180 3333 his
1209 3278 1491 3349 expulsam
1528 3279 1819 3336 sanitatem
1847 3279 2180 3336 reduceres?

662 3445 869 3504 ERAN.
898 3447 989 3503 Sic
1012 3448 1344 3505 medendum
1365 3467 1487 3506 esse
1510 3452 1645 3506 artis
1672 3451 1898 3508 medica:
1926 3452 2013 3506 lex
2036 3467 2179 3522 pra:-

588 3536 745 3607 cipit.
774 3536 1059 3593 Contraria
1080 3538 1250 3605 enim,
1280 3540 1558 3610 inquiunt,
1603 3542 2012 3595 contrariorum
2051 3550 2182 3597 sunt

589 3629 855 3685 renledia.

660 3719 768 3790 8],
792 3719 1027 3777 ORTH.‘
1054 3722 1107 3777 Si
1138 3740 1267 3779 vero
1302 3725 1575 3795 plantator
1629 3740 1801 3790 esses,
1848 3726 2179 3785 omnibusne

592 3810 803 3882 plantis
822 3812 1070 3867 eamdem
1106 3815 1377 3869 culturam
1422 3814 1738 3880 adhibcrcs,
1773 3831 1841 3869 an
1858 3828 2003 3870 vero
2037 3817 2181 3871 malo

591 3902 800 3974 punico
822 3904 1263 3970 convenientem,
1287 3913 1343 3961 et
1398 3905 1524 3961 [icui
1553 3906 1855 3979 propriam,
1880 3915 1935 3960 et
1969 3907 2096 3976 piro
2116 3922 2182 3961 ac

592 3993 741 4049 malo
755 3994 1034 4060 similiter,
1056 4004 1111 4050 et
1127 3997 1221 4049 viti
1237 3996 1553 4052 domestice
1572 4007 1958 4067 congruentes,
1981 3998 2182 4068 planta:

592 4085 859 4157 denique,
882 4094 941 4141 ut
971 4087 1142 4142 semel
1194 4088 1395 4153 dicam,
1452 4088 1751 4158 unicuique
1798 4090 2182 4145 accommoda—

594 4175 749 4232 tam?

657 4269 871 4327 ERAN..
888 4270 1237 4327 Manifestum
1265 4279 1369 4337 est,
1395 4272 1611 4342 plantas
1635 4272 1878 4343 singulas
1900 4274 2177 4343 proprial.

595 4362 871 4419 culturam
897 4362 1233 4418 desiderare.

661 4451 873 4510 ORTH.
908 4452 964 4509 Si
984 4467 1117 4508 vero
1151 4452 1593 4508 fabricandarum
1632 4452 1854 4506 navium
1880 4461 2054 4506 artem
2078 4469 2174 4509 ex-
2216 4486 2259 4539 υ

592 4560 834 4613 erceres,
880 4556 937 4601 et
963 4545 1166 4600 malum
1216 4545 1436 4601 videres
1486 4545 1637 4601 reﬁci
1669 4553 1949 4615 oportere,
1976 4546 2180 4602 buicne

592 4651 817 4709 operam
834 4636 989 4691 clavo
1016 4645 1413 4708 congruentem
1438 4637 1807 4708 impenderes,
1826 4653 1895 4693 an
1911 4653 2031 4693 eam
2063 4654 2184 4709 quae

584 4724 740 4778 malo
776 4724 1078 4780 convenit?

668 4815 875 4872 ERAN.
909 4815 1048 4873 Sunt
1079 4827 1134 4873 ct
1160 4818 1263 4873 ista
1288 4827 1444 4874 extra
1473 4820 1929 4875 controversiam.
1958 4820 2182 4892 Singula

593 4905 746 4963 enim
790 4906 1135 4966 curationem
1194 4924 1350 4963 suam
1395 4908 1731 4974 desiderant,
1778 4917 1834 4965 et
1882 4910 2101 4979 plantae,
2127 4920 2186 4966 et

595 4998 846 5069 corporis
879 4999 1148 5065 membra,
1195 5008 1253 5055 ct
1294 5002 1685 5065 instrumenta,
1715 5009 1772 5055 et
1802 5011 1986 5070 partes
2006 5003 2181 5058 navis.

665 5086 879 5143 ORTH.
910 5087 1199 5155 Quomodo
1223 5105 1355 5167 ergo
1377 5089 1676 5144 absurdum
1703 5106 1813 5145 non
1842 5091 1933 5154 sit,
1965 5094 2185 5163 corpori

595 5179 843 5251 quidem.
881 5187 938 5234 et
979 5177 1152 5233 rebus
1199 5178 1537 5246 inanimatis,
1582 5182 1977 5238 convenientes
2030 5200 2187 5239 cura-

596 5270 1078 5337 tionesadhiberc,
1105 5272 1159 5325 in
1208 5272 1499 5327 animabus
1550 5288 1681 5327 vero
1713 5274 1857 5330 hanc
1902 5275 2188 5334 medicinae

597 5362 841 5434 regulam
870 5377 981 5417 non
1016 5363 1275 5418 servare?

669 5452 923 5509 ERANT.
973 5452 1210 5509 Omnino
1255 5455 1675 5527 injustissimum
1714 5466 1825 5521 est,
1857 5473 1960 5512 nec
2005 5460 2199 5514 solum‘

599 5546 900 5617 injustitiaz,
935 5546 1031 5600 sed
1074 5547 1240 5601 etiam
1276 5549 1531 5603 amentiae
1555 5549 1573 5567 θ
1603 5548 1853 5617 plenum.
1893 5548 1998 5615 Qui
2036 5552 2184 5606 enim

598 5638 758 5694 aliter
776 5637 1005 5705 faciunt,
1038 5639 1265 5695 medicae
1293 5641 1425 5695 artis
1452 5649 1580 5695 sunt
1611 5640 1870 5711 imperiti.

671 5757 783 5830 (18)
823 5757 939 5833 Θερ.
976 5759 1078 5815 Ed.
1114 5760 1272 5815 Rom.
1299 5770 1354 5815 et
1383 5760 1532 5837 Lips.
1568 5761 1859 5832 ἰατρεύειν.

2274 539 2333 592 δὲ
2364 536 2472 609 πρὸ
2499 537 2611 589 τῶν
2653 533 2866 588 αἰώνων
2896 531 3255 602 ὑπάρχουσαν
3283 524 3573 598 ἀρνοῦνται
3604 520 3854 591 θεότητα.

2279 632 2498 695 Ἀρειος
2520 627 2579 682 δὲ
2607 627 2701 680 καὶ
2732 624 3021 694 Εὑνόμιος,
3060 618 3286 688 κτιστὴν
3314 614 3539 671 καλοῦσι
3565 612 3661 668 τοῦ
3681 611 3857 668 Μονο-

2276 719 2468 790 γενοῦς
2498 719 2599 790 τὴν
2628 718 2885 788 θεότητα,
2915 715 3076 786 σῶμα
3103 713 3159 766 δὲ
3186 712 3354 784 μόνον
3378 706 3543 765 αὐτὸν
3574 702 3858 790 ἀνειληφέ-

2274 788 2363 868 ναι
2401 788 2588 883 φασίν.
2633 808 3014 879 Ἀπολινάριος
3039 805 3098 859 δὲ
3130 802 3373 875 ἔμψυχον
3405 798 3503 871 μὲν
3530 788 3783 868 ὁμολογεῖ
3800 792 3860 846 τὸ

2272 903 2477 974 ληφθὲν
2505 903 2686 974 σῶμα,
2719 902 2819 971 τὴν
2856 899 2913 952 δὲ
2942 896 3169 968 λογικὴν
3209 892 3389 965 ψυχὴν
3424 889 3520 945 καὶ
3557 888 3657 958 τῆς
3694 885 3861 956 τιμῆς

2275 996 2369 1049 καὶ
2400 997 2502 1067 τῆς
2532 991 2807 1065 σωτηρίας
2850 993 2910 1046 ιν
2930 993 3046 1054 τοῖς
3076 986 3301 1049 οἰκείοις
3343 983 3524 1052 λόγοις
3546 978 3860 1047 ἀποστερεῖ,

2274 1084 2425 1155 Δῦτη
2460 1085 2560 1157 μὲν
2606 1079 2701 1138 οὖν
2738 1085 2772 1153 η
2818 1082 2928 1137 τῶν
2957 1076 3377 1149 διεφθαρμένων
3417 1071 3705 1143 δογμάτων
3743 1068 3863 1157 δια-

2275 1176 2439 1249 φορά.
2463 1155 2635 1238 Αὐτὸς
2657 1175 2715 1228 δὲ
2739 1175 2872 1245 ἡμῖν
2896 1156 3210 1241 φιλαλήθως
3257 1162 3404 1226 εἰπε,
3438 1163 3545 1233 χρή
3565 1175 3702 1249 τινα
3722 1155 3870 1227 πρὸς

2275 1248 2509 1332 τούτους
2542 1265 2817 1321 ποιεῖσθαι
2840 1260 3103 1327 διάλεξιν,
3139 1258 3172 1329 ἢ
3205 1258 3288 1312 δεῖ
3315 1252 3460 1309 κατά
3485 1248 3745 1325 κρημνῶν
3775 1263 3867 1316 φεο

2279 1361 2544 1432 ῳμένους
2570 1357 2836 1431 mprong
2867 1354 2963 1408 καὶ
2995 1349 3254 1423 οἰμώζειν
3278 1348 3410 1419 adv;

2344 1430 2560 1509 ῈΡΔΝ,
2605 1430 3043 1517 Μισανθρωπίας
3094 1441 3255 1512 ἔργον
3305 1440 3340 1510 η
3377 1436 3487 1489 τῶν
3543 1430 3875 1504 καμνόντων.

2274 1540 2572 1614 ὑπεροψία.

2345 1632 2498 1688 ΟΡΘ.
2536 1630 2815 1702 Προσήκει
2862 1625 3045 1682 τοίνυν
3095 1624 3191 1678 καὶ
3235 1620 3547 1689 συναλγεῖν,
3580 1616 3676 1673 καὶ
3696 1615 3868 1686 θερα-

2277 1725 2466 1781 πεύειν
2494 1725 2576 1787 εἰς
2594 1722 2843 1793 δύναμιν.

2154 1785 2157 1788 ⁴
2208 1786 2248 1840 Β
2356 1785 2569 1868 εΡΑΝξ
2602 1785 2845 1879 Πάνύγε.

2351 1904 2507 1960 ΟΡΘ.
2558 1903 2623 1957 El
2670 1901 2852 1955 τοίνυν
2893 1897 3125 1970 σώματα
3183 1893 3517 1967 θεραπεύειν
3571 1889 3877 1963 ἠπίστασο,

2282 1995 2471 2051 πολλοὶ
2501 1994 2559 2048 δέ
2604 2009 2669 2063 γε
2721 1989 3082 2061 περιστάντες
3112 1984 3444 2060 θεραπεύειν
3492 1983 3606 2055 (18)
3656 1981 3883 2053 ἠξίουν,

2279 2088 2515 2161 διάφορα
2561 2083 2970 2148 ἐπιδεικνύντες
3026 2079 3350 2151 παθήματα,
3401 2070 3515 2132 οἷον
3567 2072 3881 2146 ὀφθαλμῶ

2282 2178 2595 2252 ἐπιρροίας,
2623 2177 2720 2233 καὶ
2743 2174 2922 2231 ἀκοῶν
2941 2171 3258 2246 τραύματα,
3281 2170 3377 2224 καὶ
3404 2168 3632 2223 ὀδόντων
3653 2166 3874 2230 ὀδύνας,

2282 2272 2377 2325 καὶ⁵
2425 2270 2477 2324 οί
2513 2270 2614 2341 μὲν
2657 2266 2870 2339 νεύρων
2917 2263 3098 2327 τάσιν,
3142 2263 3191 2316 οἰ
3238 2260 3295 2315 δὲ
3345 2256 3523 2322 λύσιν,
3569 2257 3663 2313 καὶ
3698 2258 3728 2311 ό
3772 2256 3885 2326 μιν

2282 2360 2626 2433 πλημμύραν
2670 2358 2856 2430 χολῆς,
2887 2358 2916 2410 ό
2944 2355 3001 2410 δὲ
3034 2354 3370 2425 φλέγματος,
3410 2351 3464 2405 τί
3509 2349 3576 2406 ἂν
3614 2347 3885 2419 ῑδρασας,

2281 2452 2404 2507 εἰπέ
2460 2467 2580 2522 μοι;
2630 2448 2689 2502 ἓν
2751 2448 2927 2502 ἅπασι
2992 2441 3403 2507 κατεσκεύαζες
3470 2441 3785 2513 φάρμακον,
3842 2436 3883 2504 ἦ

2282 2544 2499 2616 ἑκάστῳ
2533 2541 2699 2598 πάθει
2731 2540 2793 2594 τδ
2819 2538 3132 2610 πρόσφορον
3149 2553 3172 2603 ιη

2357 2716 2563 2772 FPAN.
2606 2716 2681 2770 Τὸ
2723 2713 2940 2768 ἑκάστω
3001 2710 3246 2782 δηλονότι
3300 2707 3649 2781 κατάλληλόν.
3677 2723 3738 2760 τε
3781 2707 3886 2762 καὶ

2283 2808 2634 2873 ἀλεξίκακον.
2796 2864 2799 2866 _

2357 2900 2511 2955 0P8.
2555 2896 2768 2952 Οὐκοῦν
2798 2895 2869 2949 τά
2901 2894 3001 2967 μὲν
3040 2892 3237 2964 θερμὰ
3263 2890 3375 2946 τῶν
3408 2890 3597 2945 παθῶν
3629 2888 3885 2959 καταψύ-

2285 3011 2418 3065 χων,
2453 2990 2525 3045 τὰ
2546 2989 2603 3045 δὲ
2636 2988 2822 3060 ψυχρὰ
2856 2985 3286 3057 διαθερμαίνων,
3326 2984 3422 3039 καὶ
3460 2983 3530 3038 τὰ
3567 2982 3666 3054 μὲν
3715 2998 3884 3036 τετα-

2293 3084 2436 3157 μένα
2461 3082 2666 3155 χαλῶν,
2708 3081 2779 3134 τὰ
2818 3079 2878 3134 δέ
2907 3095 2972 3149 γε
3003 3076 3275 3148 λελυμένα
3310 3077 3625 3139 τονωτικοϊς
3655 3072 3886 3145 (pappa-

2285 3193 2405 3239 κοις
2445 3175 2676 3247 ρωννὺς,
2709 3172 2805 3225 καὶ
2826 3169 2897 3224 τὰ
2926 3173 3025 3241 μεν
3052 3166 3341 3222 πλαδῶντα
3365 3165 3661 3238 ξηραίνων,
3687 3165 3886 3233 ὑγραί-

2281 3285 2390 3321 νων
2427 3266 2483 3319 δὲ
2507 3266 2576 3319 τὰ
2608 3262 2768 3335 ξηρὰ,
2802 3259 3098 3332 ἑξήλαυνες
3123 3258 3222 3329 μὶν
3245 3257 3346 3321 τὰς
3368 3257 3580 3320 νόσους,
3599 3254 3885 3324 ἐπανῆγες

2281 3358 2338 3412 δὲ
2372 3357 2473 3428 τὴν
2502 3356 2691 3426 ὑγείαν
2715 3352 2822 3407 ὑπὸ
2846 3351 3054 3406 τούτων
3082 3349 3534 3420 ἐκϐεϐλημένηνς

2354 3449 2559 3504 EPAN.
2593 3446 2752 3501 Οὕτω
2780 3444 3111 3516 θεραπεύειν
3138 3444 3166 3496 ό
3196 3442 3295 3514 τῆς
3336 3441 3588 3512 ἰατρικῆς
3628 3456 3885 3510 παρακε-

2283 3542 2501 3596 λεύεται
2534 3538 2700 3610 νόμος
2721 3556 2734 3569 υ
2768 3537 2837 3592 τὰ
2865 3536 3085 3591 ἐναντία
3124 3534 3257 3606 γὰρ,
3288 3532 3446 3603 φασὶ,
3478 3531 3589 3584 τῶν
3616 3530 3887 3585 ὲναντίων

2289 3632 2514 3702 ἰάματα.

2355 3722 2509 3775 ΟΡΘ.
2538 3722 2599 3774 Εἰ
2625 3721 2681 3773 δὲ
2713 3715 3020 3788 φυτουργὸς
3043 3713 3210 3788 ἦσθα,
3245 3717 3413 3770 πᾶσιν
3449 3714 3632 3777 αὑτοῖς
3685 3714 3886 3781 φυτοῖς

2283 3815 2380 3887 τὴν
2416 3815 2587 3885 αὐτὴν
2630 3812 3013 3884 προσήνεγκας
3041 3810 3386 3881 ἐπιμέλειαν,
3421 3808 3453 3879 ἢ
3493 3810 3560 3879 τῇ
3612 3805 3713 3878 μὲν
3756 3806 3887 3877 ῥοιᾷ

2283 3908 2384 3977 τὴν
2421 3907 2833 3977 προσήκουσαν,
2868 3905 2935 3974 τῇ
2969 3902 3027 3955 δὲ
3078 3904 3218 3973 συκῇ
3251 3900 3353 3972 τὴν
3382 3900 3623 3964 οἰκείαν,
3667 3899 3763 3951 καὶ
3812 3900 3883 3968 τῇ

2284 3997 2415 4068 ὄχνῃ
2454 3994 2741 4059 ὡσαύτως,
2771 3995 2868 4047 καὶ¹
2900 3996 2968 4065 τῇ
3002 3992 3201 4065 μηλέᾳ,
3235 3993 3331 4046 καὶ
3373 3994 3495 4056 ταῖς
3514 3991 3745 4063 ὴμερίσι
3777 3990 3886 4055 τὰς

2285 4086 2659 4159 καταλλὴλους
2684 4101 2698 4116 ο
2745 4086 2840 4139 καὶ
2891 4084 3229 4152 ἁπαξαπλῶς
3264 4070 3485 4156 ἑκάστω
3515 4099 3580 4153 γε
3631 4078 3788 4154 φυτῷ
3820 4081 3887 4136 τὺ

2285 4180 2597 4253 πρόσφορον
2613 4196 2628 4243 ;

2356 4270 2560 4324 EPAN.
2594 4268 2763 4339 Δῆλον
2795 4268 2871 4332 ὡς
2894 4268 3131 4321 ἕκαστον
3159 4265 3327 4336 φυτὸν
3363 4264 3464 4338 τῆς
3503 4263 3713 4330 οἰκείας
3752 4264 3883 4319 επι-

2290 4361 2512 4435 μελείας
2542 4359 2879 4431 προσδεῖται.
3871 4344 3881 4350 ’

2359 4452 2511 4507 ΟΡΘ.
2557 4452 2621 4505 Εἰ
2678 4450 2736 4504 δὲ
2805 4448 3153 4522 ναυπηγικὴν
3222 4446 3591 4521 μετεχείριζες
3656 4446 3879 4519 τέχνην,

2287 4544 2497 4599 ἐθεάσω
2520 4543 2577 4596 δὲ
2602 4540 2701 4612 τὴν
2721 4540 3003 4613 ίστοδόκην
3027 4540 3320 4612 νεουργίας
3333 4538 3619 4611 δεομένην,
3647 4538 3747 4610 τὴν
3765 4540 3883 4601 τοῖς

2286 4636 2569 4705 πηδαλίοις
2599 4633 2971 4703 διαφέρουσαν
3012 4632 3333 4704 ἐπιμέλειαν
3379 4633 3764 4703 προσήνεγκας
3811 4631 3885 4687 ἂν

2284 4726 2447 4797 αὐτῇ,
2484 4725 2517 4797 ἧ
2549 4724 2649 4795 τὴν
2681 4727 2749 4795 τῇ
2786 4723 3036 4795 ἱστοδόκῃ
3067 4724 3483 4795 προσήκουσαν;

2357 4814 2563 4868 EPAN.
2612 4812 3022 4885 Ἀναμφίλεκτα
3061 4813 3157 4867 καὶ
3184 4812 3339 4867 ταῦτ’
3388 4813 3557 4866 ἔστιν.
3605 4811 3887 4867 Ἕκαστον

2283 4907 2390 4979 γὰρ
2419 4906 2518 4978 τὴν
2540 4904 2752 4959 οἰκείαν
2785 4905 3083 4977 θεραπείαν
3108 4905 3380 4975 ἐπιζητεῖ,
3428 4906 3525 4959 καὶ
3556 4905 3745 4974 φυτὸν,
3781 4907 3887 4962 καὶ

2288 4999 2541 5068 σώματος
2571 4997 2781 5069 μόριον,
2805 4997 2899 5051 καὶ
2929 4997 3121 5070 σκεύη,
3150 4998 3243 5051 καὶ
3280 4997 3427 5069 μέρη
3456 4997 3601 5067 νηός.

2358 5089 2511 5144 ΟΡΘ.
2547 5088 2676 5153 Πῶς
2704 5084 2797 5143 οὖν
2826 5089 2886 5142 ού
2935 5089 3204 5160 σχέτλιον,
3250 5088 3466 5160 σώματι
3510 5088 3607 5159 μὲν
3641 5089 3738 5143 καὶ
3765 5092 3886 5154 τοῖς

2287 5180 2518 5252 ἀψύχοις
2560 5180 2937 5252 καταλλήλους
2972 5181 3274 5254 θεραπείας
3311 5182 3668 5253 προσφέρειν,
3704 5180 3799 5235 ἐπὶ
3823 5182 3887 5236 δὲ

2286 5274 2394 5329 τῶν
2431 5273 2620 5345 ψυχῶν
2652 5273 2742 5326 τὸν
2791 5273 3198 5348 θεραπευτικὸν
3242 5272 3450 5327 τούτων
3503 5271 3617 5343 (l9)
3657 5271 3732 5344 μὴ
3776 5288 3887 5342 φυ-

2289 5367 2507 5423 λάττειν
2539 5368 2741 5421 κανόνα
2756 5384 2767 5395 ·

2361 5459 2567 5513 ΕΡΑΝ.
2624 5459 2761 5512 Δίαν
2809 5457 2957 5511 ἐστὶν
3024 5456 3395 5524 ἀδικώτατον,
3449 5457 3543 5511 καὶ
3595 5457 3659 5511 ού
3716 5456 3884 5527 μόνον

2288 5551 2526 5617 ἀδικίας,
2569 5550 2706 5605 ἀλλὰ
2753 5549 2848 5603 καὶ
2892 5550 3080 5614 ἀνοίας
3133 5551 3352 5622 μεστόν.
3418 5552 3481 5604 0i
3535 5549 3644 5622 γὰρ
3701 5546 3886 5614 ἄλλως

2288 5643 2593 5708 ποιοῦντες,
2627 5642 2798 5711 αὐτῆς
2821 5643 2927 5695 εἰσι
2952 5644 3052 5713 τῆς
3076 5642 3379 5712 θεραπείας
3416 5642 3883 5714 ἀνεπιστήμονες.

2365 5761 2476 5832 (19)
2502 5763 2743 5832 Utraque
2775 5760 2975 5829 editio,
3008 5760 3213 5816 τοῦτον.
