4148 6392
189 446 258 511 125
1215 437 1600 500 DIALOGUS
1639 438 1721 496 ll.
1765 462 1835 472 -
1869 437 2371 501 INCONFUSUS.

3352 433 3456 497 1‘26

189 567 238 629 ὡς
259 562 337 618 τοῦ
366 561 708 633 Μελχισεδὲκ
734 561 794 614 ὲν
824 559 936 631 (‘19)
959 561 1074 623 τοῖς
1094 558 1235 629 ὑπὲρ
1259 557 1359 626 τὴν
1389 553 1742 624 ἀνθρωπείαν

1865 554 1970 609 Ieci
2003 557 2059 610 in
2093 555 2162 610 iis
2188 571 2312 626 quae
2347 555 2645 610 humanam
2675 564 2930 610 naturam
2964 562 3232 633 superant
3262 551 3459 608 arche-

190 657 308 727 φῦσιν
338 653 660 727 ἀρχέτυπόν
685 654 835 706 ἐστιν
871 654 899 706 ὁ
946 649 1226 720 Δεσπότης
1269 645 1529 713 Χριστό;’
1561 645 1655 697 τὸν
1685 643 1743 696 δέ

191 765 235 816 γε
263 746 589 817 Μελχισεδὲκ
639 741 797 798 εἶπεν
847 741 1284 813 ἀφωμοιωμένον
1341 737 1420 809 τῷ
1476 737 1592 808 Υίῷ
1645 734 1743 790 τοῦ

190 838 698 908 Θιοῦ.Σκοπήσωμεν
719 836 777 890 δὲ
808 833 999 897 οὕτως·
1034 834 1083 886 εί
1118 832 1298 900 λέγεις
1327 826 1623 900 ἐσχηκέναι
1654 826 1747 880 τὸν

193 931 354 1002 Κύριον
389 929 531 983 κατὰ
566 928 748 1000 σάρκα
779 925 1031 998 πατέρας

244 1021 428 1077 ΕΡΑΝ.
469 1019 762 1090 Οὐδαμῶς.

245 1110 381 1164 ΟΡΘ.
423 1109 577 1163 Διατί
600 1125 616 1175 ;

245 1202 427 1256 ΕΡΔΝ.
479 1201 575 1255 Ἐκ
633 1199 806 1271 μόνης
866 1198 976 1268 γὰρ
1036 1197 1201 1267 ἁγίας
1260 1193 1531 1266 ἐγεννήθη
1595 1194 1746 1263 Παρ-

196 1294 334 1349 θένου.

247 1384 380 1441 ΟΡΘ.
425 1381 637 1439 Οὐκοῦν
668 1381 900 1447 εἰκότως
920 1381 1154 1453 ἀπάτωρ
1187 1380 1531 1452 ὠνόμασται;

251 1477 435 1534 ΕΡΔΝ.
487 1476 734 1548 ’Δληθές.

250 1569 378 1626 ΟΡΘ.
423 1569 614 1638 Λέγεις
650 1568 814 1624 αὑτὸν
867 1567 1012 1623 κατὰ
1036 1567 1137 1639 τὴν
1198 1566 1351 1622 θείαν
1389 1565 1553 1636 φύσιν
1584 1565 1754 1636 ισχη-

198 1662 322 1715 κέναι
354 1663 599 1734 μητέρας

251 1753 432 1808 ΕΡΑΝ.
465 1756 540 1809 Οὐ
562 1755 717 1826 δῆτα.

251 1844 380 1901 ΟΡΘ.
433 1846 529 1901 Ἐκ
577 1849 744 1918 μόνον
771 1848 880 1918 γὰρ
916 1843 1027 1918 πρὸ
1077 1843 1190 1900 τῶν
1216 1843 1432 1898 αἰώνων
1477 1841 1748 1914 ἐγεννήθη

198 1933 396 2004 Πατρός.

249 2025 436 2080 ΕΡΔΝ.
476 2026 960 2099 Συνωμολόγηται.

251 2116 386 2170 ΟΡΘ.
424 2119 714 2191 Τοιγάρτοι
774 2119 870 2173 καὶ
923 2116 1379 2189 ἀγενεαλόγητος,
1414 2116 1492 2181 ὡς
1513 2117 1754 2190 ἄρρητον

193 2205 309 2276 ἒχων
335 2208 431 2280 τὴν
458 2211 525 2266 ὲκ
553 2210 765 2284 Πατρδς
788 2211 1067 2283 γέννησιν,
1091 2210 1564 2283 προσηγόρευται.
1589 2228 1608 2262 ι
1639 2209 1756 2278 Τὴν

193 2299 360 2364 γενεὰν
402 2299 511 2372 γὰρ
545 2299 737 2364 αὑτοῦ,
789 2301 956 2372 φησὶν
999 2301 1030 2355 ὁ
1064 2300 1374 2372 προφήτης.
1427 2299 1514 2363 τίς
1565 2297 1758 2370 διηγή-

191 2405 326 2443 σεται
346 2408 362 2456 ς
395 2410 414 2443 ι

245 2481 430 2538 ΕΡΔΝ.
481 2483 690 2557 Ὀρθῶς
724 2485 926 2556 λέγεις.

244 2576 383 2629 ΟΡΘ.
424 2579 585 2633 Οὕτω
623 2579 776 2650 αὐτῷ
808 2579 1083 2652 προσήκει
1113 2581 1176 2635 τὸ
1209 2580 1351 2650 μήτε
1393 2577 1622 2652 ἡμερῶν
1653 2581 1756 2650 ἀρ·

185 2664 288 2734 χὴν.
324 2667 460 2738 μήτε
488 2665 636 2738 ζωῆς
682 2668 838 2734 τέλος
898 2668 1066 2740 ἔχειν·
1104 2667 1342 2739 ἄναρχος
1365 2668 1497 2740 γὰρ,
1539 2669 1634 2723 καὶ
1666 2671 1756 2722 ιῙιν⁸

179 2753 414 2829 ώλεθρος,
441 2760 538 2814 καὶ
572 2759 873 2831 συντόμως,
903 2760 1094 2827 ἀΐδιος,
1118 2760 1214 2814 καὶ
1254 2759 1333 2831 τῷ
1357 2758 1535 2831 Πατρὶ
1570 2760 1753 2814 συνοῶ

183 2845 296 2911 ὄιος.

237 2940 433 2998 ΕΡΔΝ.
471 2942 661 2999 Ταῦτα
698 2945 798 3016 μὲν
842 2943 986 2999 οὕτω
1031 2945 1202 3015 κάμοὶ
1246 2944 1512 3000 συνδοκεῖ.
1549 2945 1670 3015 Χρὴ
1704 2943 1761 2998 δὲ

181 3034 436 3104 σκοπῆσαι
471 3035 685 3100 λοιπὸν,
728 3037 845 3100 πῶς
880 3036 1144 3108 ἁρμόττει
1182 3033 1356 3090 ταῦτα
1390 3036 1486 3089 καὶ
1519 3035 1598 3106 τῷ
1629 3035 1761 3089 θαυ-

178 3122 342 3192 μασίῳ
375 3124 742 3195 Μελχισεδέκ.

234 3217 376 3272 οΡΘ.
435 3219 528 3282 '0;
587 3219 757 3274 εἰκόνι.
808 3219 906 3274 καὶ
956 3217 1133 3290 τύπῳ·
1170 3220 1204 3288 ἡ
1243 3217 1299 3272 δὲ
1344 3217 1508 3272 είκὼν
1559 3218 1634 3282 t'o;
1667 3219 1762 3272 καὶ

177 3307 394 3379 πρόσθεν
419 3311 761 3384 είρήκαμεν,
789 3312 852 3366 οὐ
882 3311 1061 3366 πάντα
1093 3309 1208 3381 εχει
1239 3310 1342 3364 ὅσα
1362 3310 1424 3364 τὸ
1446 3310 1761 3381 ἀρχέτυπον

172 3398 291 3470 ἔχει.
315 3402 406 3474 Τῷ
433 3403 545 3474 μὲν
581 3400 676 3458 οὖν
702 3404 920 3475 Σωτῆρι
954 3405 1226 3476 προσήκει
1257 3401 1434 3457 ταῦτα
1473 3403 1634 3471 φύσει
1670 3402 1766 3456 καὶ

170 3492 410 3569 ἀληθείᾳο
442 3497 529 3567 τῷ
567 3497 626 3552 δέ
672 3514 735 3568 γε
770 3497 1114 3569 Μελχισεδὲκ
1151 3499 1185 3568 ή
1228 3499 1331 3570 τῆς
1375 3495 1766 3567 ἀρχαιογονίας

172 3586 364 3660 ἱστορία
402 3590 777 3662 προσήρμοσε
815 3589 1008 3644 ταῦτα.
1046 3588 1316 3654 Διδὰξασα
1349 3589 1459 3660 γὰρ
1491 3590 1640 3660 ἡμᾶς
1669 3587 1764 3642 τοῦ

172 3682 502 3752 πατριάρχου
555 3681 817 3754 Ἀϐραὰμ
847 3681 939 3734 τὸν
966 3681 1202 3752 πατέρα,
1229 3679 1324 3734 τοῦ
1356 3679 1412 3734 δι
1459 3679 1649 3733 Ἰσαὰκ
1673 3679 1766 3732 τὸν

169 3772 366 3842 πατέρα
403 3775 505 3829 καὶ
541 3775 650 3846 τὴν
695 3774 932 3846 μητέρα,
977 3773 1076 3827 καὶ
1110 3773 1204 3828 τοῦ
1250 3771 1450 3828 Ἰακὼϐ
1479 3771 1764 3837 ὡσαύτως,

169 3863 387 3919 καὶτῶν
422 3865 643 3920 τούτου
677 3865 908 3929 παίδων,
955 3864 1052 3919 καὶ
1115 3864 1299 3936 μέντοι
1351 3863 1444 3917 καὶ
1477 3863 1587 3916 τῶν
1635 3864 1771 3935 πρό-

168 3954 317 4008 παλαι
349 3957 688 4028 γενομένων
723 3958 822 4029 τὴν
871 3955 1229 4026 γενεαλογίαν
1279 3955 1620 4020 ἐπιδείξασα.
1671 3953 1768 4009 τοῦ

167 4045 489 4118 Μελχισεδὲκ
522 4049 661 4104 οὗτε
705 4048 799 4103 τὸν
835 4048 1051 4120 πατέρα
1081 4046 1328 4120 εἴρηκεν,
1366 4046 1490 4101 οὕτε
1525 4046 1625 4118 τὴν
1660 4064 1769 4118 μη·-

163 4137 299 4204 τέρα,
327 4137 460 4192 οὔτε
503 4139 628 4209 μὴν
666 4137 735 4192 ἔκ
767 4154 913 4201 τινος
943 4137 1056 4192 τῶν
1097 4135 1218 4189 Νῶε
1265 4136 1474 4190 παίδων
1507 4137 1772 4206 κατάγειν

164 4224 213 4274 τὸ
235 4225 388 4294 γένος
415 4225 708 4292 ἐδίδαξεν,
747 4227 833 4280 ἵνα
867 4225 1097 4298 γένηται
1131 4224 1226 4279 τοῦ
1251 4225 1470 4298 ἀληθῶς
1492 4227 1772 4296 ἀμήτορος

161 4317 240 4368 καὶ
271 4319 566 4390 ἀπάτορος
602 4317 806 4381 τύπος.
842 4316 1016 4372 Τοῦτο
1059 4317 1119 4371 δὲ
1161 4319 1304 4371 νοεῖν
1336 4318 1485 4388 ἡμᾶς
1530 4315 1774 4382 ἐδίδαξεν

162 4405 344 4473 ὁθείος
381 4408 763 4470 Ἀπόστολος·
821 4409 879 4460 ὲν
939 4404 1090 4476 αὐτῷ
1145 4407 1256 4478 γὰρ
1293 4405 1375 4477 τῷ
1427 4404 1616 4478 χωρίῳ
1679 4405 1774 4461 καὶ

157 4495 308 4551 ταῦτα
383 4499 834 4572 προστέθεικεν
875 4516 894 4550 ι
945 4497 1007 4552 '0
1053 4496 1111 4549 δὲ
1167 4495 1244 4568 μὴ
1279 4495 1775 4566 γενεαλογούμενος

1855 655 2046 717 typum
2102 663 2224 702 esse
2272 646 2557 702 Christum
2609 645 2926 701 Dominum.
2991 629 3459 700 Melchisedecum

1851 734 1984 792 vero
2022 734 2160 790 dixit
2204 737 2572 792 assimilatum
2619 751 2743 792 esse
2788 736 2930 791 Filio
2969 734 3089 790 Dei.
3133 733 3226 792 Sic
3269 743 3456 788 autem

1850 828 2304 884 consideremus:
2350 829 2570 884 Dicisne
2599 828 2897 888 Dominum
2934 826 3200 882 habuisse
3232 833 3453 897 patrem

1851 920 2158 976 secundum
2189 921 2451 987 carnem?

1923 1012 2134 1068 ERAN.
2171 1013 2335 1067 Nullo
2369 1011 2554 1066 modo.

1925 1103 2134 1158 ORTII.
2169 1103 2320 1159 Cur?

1925 1201 1940 1215 '
1968 1195 2176 1251 ERAN.
2214 1195 2294 1251 Ex
2327 1195 2443 1250 sola
2485 1194 2635 1250 enim
2671 1204 2866 1255 saneta
2897 1205 3061 1251 natus
3087 1203 3175 1251 est
3205 1191 3453 1264 Virgine.

1924 1289 2038 1359 89
2064 1286 2276 1343 ORTH.
2311 1288 2480 1343 Recte
2509 1285 2678 1359 igitur
2707 1285 2804 1357 qui
2831 1285 2952 1342 sine
2983 1294 3139 1356 patre
3168 1294 3336 1348 esset,
3362 1298 3464 1337 no-

1856 1381 2099 1435 minatus
2123 1381 2246 1434 est?

1927 1473 2136 1530 ERAN.
2175 1472 2336 1528 Vere.

1926 1568 2138 1624 OR'I‘Il.
2177 1567 2397 1624 Dicisne
2443 1568 2628 1638 ipsum
2663 1563 2926 1620 habuisse
2974 1569 3208 1618 matrem
3254 1572 3459 1615 secun-

1857 1659 1989 1715 dum
2019 1659 2264 1715 divinam
2292 1658 2592 1714 naturam?

1929 1751 2139 1806 ERAN.
2179 1751 2562 1821 Nequaquam.

1931 1842 2144 1900 ORTII.
2199 1842 2278 1897 Ex
2327 1843 2462 1908 solo,
2495 1843 2646 1897 enim
2694 1850 2825 1898 ante
2853 1838 3060 1897 sarcula
3106 1836 3330 1909 genitus
3376 1843 3466 1892 est

1785 1916 1825 1972 Β
1855 1941 2039 1996 Patre.

1927 2031 2137 2087 ERAN.
2173 2031 2234 2086 In
2269 2031 2524 2086 confesso
2553 2037 2662 2086 est.

1928 2122 2140 2180 ORTII.
2185 2124 2375 2194 Itaque
2410 2122 2577 2179 etiam
2622 2121 2744 2177 sine
2792 2115 3114 2190 genealogis
3161 2128 3291 2168 eum
3341 2125 3473 2168 esse

1857 2218 2070 2274 dictum
2099 2225 2185 2274 est
2219 2227 2446 2288 propter
2483 2213 2823 2270 ineffabilem
2851 2211 2973 2282 ejus
3003 2224 3071 2264 ex
3095 2208 3261 2262 Patre
3293 2219 3469 2277 gene-

1860 2311 2155 2366 rationem.
2191 2328 2208 2361 ‹
2241 2307 2670 2365 Gcnerationem
2703 2303 2852 2360 enim
2886 2303 3032 2375 ejus,
3061 2300 3139 2355 ait
3170 2297 3472 2370 propheta,

1860 2405 1986 2475 quis
2018 2403 2305 2458 enarrabit
2349 2402 2433 2456 ιη
2468 2419 2486 2453 ι

1936 2497 2150 2552 ERAN.
2183 2497 2356 2551 Recte
2387 2494 2550 2550 dicis.

1933 2588 2146 2645 OItTII.
2184 2587 2278 2644 Sic
2311 2586 2416 2657 ipsi
2451 2583 2747 2649 convenit,
2790 2595 2894 2637 nec
2937 2579 3157 2635 dierum
3207 2574 3427 2629 initium
3450 2612 3466 2634 ,

1861 2697 1967 2737 nec
1991 2681 2156 2736 ﬁnem
2180 2681 2307 2735 vita:
2330 2679 2556 2733 habere.
2584 2678 2751 2732 Caret
2779 2675 2928 2731 enim
2959 2669 3233 2744 principio
3254 2676 3310 2724 et
3338 2666 3468 2729 line,

1861 2781 1939 2838 et,
1956 2779 2017 2827 ut
2040 2772 2286 2827 breviter
2317 2768 2526 2836 dicam,
2549 2778 2794 2826 alemus
2835 2773 2944 2834 est,
2976 2774 3033 2820 et
3062 2762 3212 2819 Patri
3238 2759 3471 2816 coaeter-

1864 2885 1992 2924 nus.
3011 2921 3017 2927 π

1934 2959 2143 3015 ERAN.
2179 2959 2305 3013 Ilaec
2335 2957 2486 3013 mihi
2511 2971 2736 3028 quoque
2768 2955 2843 3030 ita
2872 2953 3156 3009 videntur.
3198 2950 3476 3018 Deinceps

1865 3065 1998 3104 vero
2028 3047 2492 3103 considerandum
2527 3057 2631 3112 est,
2663 3044 2950 3116 quomodo
2989 3040 3328 3098 conveniant
3354 3039 3476 3093 haec

1866 3140 2032 3195 etiam
2066 3137 2391 3194 admirando
2420 3135 2844 3192 Melchisedeco.

1792 3252 1858 3308 ο.
1939 3229 2150 3286 ORTH.
2171 3231 2458 3300 Tanquam
2475 3228 2936 3300 imaginiettypo.
2952 3225 3139 3295 Imago
3155 3236 3310 3282 vero,
3334 3219 3481 3275 sicut

1866 3333 1994 3378 ante
2028 3323 2292 3381 diximus.
2325 3340 2437 3378 non
2481 3323 2666 3378 omnia
2712 3320 2901 3384 habet,
2934 3330 3280 3389 quaecunque
3310 3311 3482 3367 habet

1867 3414 2250 3486 archetypum.
2300 3415 2493 3486 Itaque
2543 3412 2816 3468 Salvatori
2861 3409 3091 3481 quidem
3136 3405 3483 3462 conveniunt

1868 3507 1988 3563 haec
2013 3516 2210 3563 natura
2246 3517 2303 3562 et
2333 3507 2605 3572 veritate;
2635 3502 3043 3561 Melchisedeco
3072 3514 3206 3555 vero
3239 3497 3484 3567 antiqua:

1868 3599 2204 3672 genealogiae
2246 3600 2479 3654 historia
2532 3599 2649 3654 haec
2695 3594 2974 3652 attribuit.
3009 3591 3150 3648 Cum
3195 3589 3347 3644 enim
3383 3603 3482 3658 pa-

1872 3691 2127 3745 triarchae
2176 3689 2476 3745 Abrahami
2533 3698 2748 3760 patrem
2802 3702 2904 3742 nos
2954 3682 3262 3745 docuisset,
3306 3679 3482 3734 Isaaci

1870 3798 2005 3838 vero
2037 3792 2249 3852 patrem
2295 3798 2357 3837 ac
2401 3790 2655 3843 matrem,
2687 3790 2745 3836 et
2781 3777 2972 3835 Jacobi
3003 3774 3287 3836 similiter,
3316 3779 3486 3839 atque

1872 3871 2039 3942 hujus
2070 3869 2345 3934 filiorum,
2389 3871 2502 3926 imo
2535 3871 2703 3926 etiam
2751 3869 3067 3939 priscorum
3121 3872 3346 3934 patrum
3394 3874 3486 3914 se-

1873 3965 2012 4019 riem
2058 3964 2428 4033 exposuisset,
2462 3961 2849 4018 Melehisedeci
2896 3967 3110 4031 patrem
3150 3965 3209 4011 et
3251 3963 3488 4008 matrem

1874 4072 1986 4111 non
2030 4056 2370 4120 nominavit,
2416 4071 2598 4126 neque
2635 4056 2791 4109 illum
2830 4052 2901 4108 ab
2936 4051 3124 4120 aliquo
3165 4063 3233 4102 ex
3275 4043 3487 4100 Noachi

1874 4148 2114 4218 posteris
2155 4163 2329 4218 genus
2355 4147 2560 4202 ducere
2592 4145 2803 4210 docuit,
2837 4152 2898 4198 ut
2935 4151 3084 4198 esset
3107 4135 3280 4212 typus
3315 4136 3487 4197 illius,

1876 4240 1970 4310 qui
2001 4255 2132 4294 vere
2158 4247 2244 4294 est
2270 4240 2390 4295 sine
2418 4249 2573 4311 patre
2601 4247 2657 4293 et
2699 4237 2820 4292 sine
2854 4243 3052 4290 matre.
3083 4231 3240 4299 Quod
3281 4230 3354 4283 ita
3385 4243 3511 4282 nos.

1878 4336 2188 4406 intelligere
2232 4336 2423 4390 docuit
2471 4335 2695 4389 divinus
2748 4330 3065 4400 Apostolus.
3111 4327 3224 4398 90
3275 4322 3488 4378 Eodem

1877 4429 2026 4482 enim
2057 4428 2324 4483 loco‘haee
2356 4439 2578 4499 quoque
2611 4425 2816 4496 adjecit
2845 4443 2858 4478 :
2896 4443 2914 4475 ι
2952 4421 3126 4491 Cujus
3170 4425 3354 4473 autem
3391 4431 3488 4486 ge-

1878 4519 2095 4573 neratio
2123 4534 2236 4573 non
2261 4518 2626 4572 annuntiatur
2656 4532 2724 4571 ex
2747 4514 2849 4578 eis,
2882 4512 3129 4568 decimas
3152 4506 3388 4576 sumpsit
3417 4503 3490 4558 ab

160 4586 209 4650 ἐξ
232 4592 432 4655 αὐτῶν,
503 4593 612 4646 τὸν
693 4589 952 4661 ’Δὸραὰμ
1007 4589 1476 4658 ἁποδεδεκάτωκε,
1532 4590 1627 4645 καὶ
1678 4591 1767 4645 τὸν

1876 4610 2216 4676 Abrahamo,
2244 4621 2301 4666 et
2324 4611 2458 4666 huic
2483 4611 2578 4682 qui
2604 4609 2844 4664 habebat
2871 4603 3294 4679 promissiones,
3320 4601 3487 4655 bene-

157 4679 324 4750 ίχοηστα
357 4686 462 4749 τὰς
499 4681 871 4752 ἐπαγγελίας
905 4683 1237 4754 ηὐλόγηκεν.
1274 4701 1292 4734 ι

215 4773 411 4831 ΕΡΔΝ.
455 4777 584 4831 Καὶ
621 4773 830 4843 ἐπειδὴ
877 4773 988 4827 τῶν
1030 4774 1443 4845 γεγεννηκότων
1477 4776 1642 4830 αὐτὸν
1671 4777 1774 4831 οὐκ

159 4864 560 4939 ἐμνημόνευσεν
615 4869 656 4937 ὴ
702 4864 828 4920 θεία
858 4864 1074 4937 Γραφὴ,
1114 4864 1349 4939 ἀπάτωρ
1400 4865 1625 4923 δύναται
1676 4868 1774 4925 καὶ

160 4953 366 5028 ἀμήτωρ
391 4955 722 5012 καλεῖσθαι
744 4971 761 5021 ;

214 5049 352 5104 οΡΘ.
398 5051 467 5104 ει
529 5045 788 5120 ἀληθῶς
849 5045 1083 5117 ἀπάτωρ
1135 5042 1206 5118 ἦν
1240 5048 1337 5102 καὶ
1385 5049 1642 5122 ἀμήτωρ,
1674 5051 1776 5105 οὐκ

160 5137 211 5187 ἂν
257 5137 321 5212 ἦν
375 5143 584 5207 εἰκὼν,
648 5138 784 5194 ἀλλ’
816 5137 1071 5208 ἀλήθεια.
1111 5139 1331 5212 Ἐπειδὴ
1381 5141 1439 5195 δὲ
1491 5141 1555 5195 οὐ
1612 5142 1776 5213 φύσει

159 5230 280 5287 ταῦτ’
301 5236 440 5307 ἔχει,
476 5235 640 5291 ἀλλὰ
673 5230 835 5288 κατὰ
868 5229 967 5302 τὴν
999 5232 1100 5302 τῆς
1136 5230 1286 5295 θείας
1319 5233 1543 5306 Γραφῆς
1577 5237 1779 5290 οίκονοο

164 5324 283 5391 μίαν,
305 5329 561 5384 δείκνυσι
588 5329 713 5398 τῆς
759 5321 1024 5395 ἀληθείας
1049 5323 1144 5377 τὸν
1166 5323 1359 5380 τύπον.

213 5416 400 5480 ΕΡΑΝ,
443 5423 582 5502 ξρὴ
613 5417 737 5491 τὴν
765 5415 956 5471 εἰκόνα
991 5415 1139 5487 ἔχειν
1170 5417 1264 5472 τοῦ
1298 5420 1611 5493 ἀρχετύπου
1648 5424 1776 5489 τοὺς

163 5519 518 5588 χαρακτῆρας.

215 5602 348 5662 οΡθ,
403 5606 468 5662 ὀ
500 5604 844 5676 ἅνθρωπος
876 5599 1044 5654 εἰκὼν
1070 5600 1318 5654 καλεῖται
1348 5603 1524 5670 Θεοῢ;

216 5760 253 5793 ει
280 5762 377 5822 In.
412 5780 533 5831 Lm,
571 5761 637 5820 8,
729 5757 788 5790 ³⁸
818 5753 989 5809 Ilcbr.
1017 5771 1109 5818 vn.
1144 5756 1192 5810 6.

218 5899 309 5973 (29)
343 5905 418 5957 tv.
463 5903 600 5958 Des.
636 5901 702 5955 in
733 5890 836 5950 cd.
877 5891 1038 5947 Item.
1063 5898 1116 5944 ct
1145 5889 1296 5962 Lips.

1876 4699 2016 4754 dixit
2045 4701 2114 4755 ὀ.
2162 4720 2180 4753 ›

1947 4791 2156 4848 ERAN.
2193 4792 2263 4847 Et
2295 4791 2557 4863 quoniam
2592 4799 2885 4861 parentum
2919 4788 3040 4857 ejus
3080 4783 3291 4839 nullam
3326 4798 3487 4838 men-

1879 4883 2088 4939 tionem
2118 4881 2252 4937 fecit
2276 4882 2464 4937 divina
2496 4881 2809 4951 Scriptura,
2837 4879 2946 4934 dici
2974 4883 3180 4948 potest,
3207 4889 3338 4929 eum
3365 4875 3497 4950 sine.

1877 4982 2032 5043 patre
2049 4989 2172 5030 esse
2197 4983 2253 5029 et
2276 4975 2395 5030 sine
2423 4974 2644 5030 matre?
3145 5014 3188 5049 ρ

1947 5063 2160 5121 ORTII.
2191 5064 2248 5121 Si
2288 5080 2418 5121 vere
2451 5066 2573 5120 sine
2616 5071 2772 5136 patre
2806 5066 2986 5124 esset,
3019 5067 3075 5113 et
3109 5057 3238 5138 sine
3272 5063 3450 5108 matre
3471 5095 3487 5119 ,

1875 5170 1988 5210 non
2020 5165 2167 5210 esset
2192 5155 2394 5226 imago,
2431 5154 2526 5209 sed
2553 5155 2780 5209 veritas.
2815 5149 2955 5218 Quia
2984 5162 3120 5202 vero
3149 5161 3260 5200 non
3288 5153 3488 5198 natura

1876 5242 1995 5301 haec
2037 5245 2227 5311 habet,
2259 5245 2357 5301 sed
2400 5244 2708 5300 secundum
2749 5240 2952 5296 divinae
2983 5237 3286 5308 Scriptum
3319 5237 3335 5254 ‘
3367 5233 3486 5289 dis-

1876 5339 2280 5408 pensationem,
2309 5337 2560 5392 veritatis
2587 5345 2771 5406 typum
2806 5332 3072 5389 ostendit.
3153 5342 3159 5348 '

1947 5426 2157 5482 EBAN.
2195 5426 2493 5498 Imaginem
2539 5440 2836 5502 expressos
2877 5422 3162 5493 archetypi
3194 5419 3487 5476 characte-

1879 5533 1970 5574 res
1998 5519 2203 5575 habere
2225 5528 2470 5590 oportet.

1951 5607 2162 5666 ORTII.
2199 5613 2395 5667 Annon
2449 5612 2615 5669 homo
2645 5611 2823 5682 imago
2850 5609 2946 5666 Dei
2976 5603 3320 5678 appellatur?
