4148 6392
706 380 809 446 127

1727 366 2216 447 THEODORETI
2259 362 2600 423 EPISCOPI
2638 356 3000 420 CYRENSIS

3876 338 3960 401 128

781 494 988 550 EBAN.
1017 494 1135 548 Non
1171 498 1254 547 est
1278 491 1456 558 imago
1485 483 1605 550 Dei,
1644 484 1739 540 sed
1764 482 1833 538 ad
1868 482 1965 536 Dei
1999 477 2290 549 imaginem

2469 472 2672 527 EPAN.
2712 471 2827 524 Οὐκ
2867 468 3013 522 ἔστιν
3047 462 3216 518 εἰκὼν
3265 459 3421 525 Θεοῦ,
3476 455 3611 512 ἀλλά
3647 453 3766 508 κατ’
3798 451 3963 505 εἰκόνα

706 587 888 643 factus
920 594 1037 641 est-

778 676 1001 739 ORTH"
1033 674 1176 733 Audi
1222 688 1354 744 ergo
1400 670 1724 741 Apostolum
1772 667 2046 721 dicentem
2090 681 2103 715 :
2143 679 2161 712 ‹
2198 660 2295 715 \‘ir

704 768 929 840 quidem
959 782 1072 821 non
1114 764 1282 821 debet
1320 763 1504 817 velare
1543 768 1729 830 caput,
1760 772 1886 815 cum
1927 757 2005 813 sit.
2034 754 2214 823 imago
2243 759 2300 806 et

705 856 881 930 gloria
913 854 1007 908 Dei
1034 855 1079 887 ἰ
1142 872 1163 905 ι

781 948 988 1002 ERAN.
1028 947 1110 1002 Sit
1137 956 1268 1001 sane
1300 947 1478 1017 imago
1504 943 1623 999 Dei.

780 1038 992 1095 ORTH.
1023 1037 1324 1108 Oportebat
1352 1052 1505 1109 ergo,
1542 1044 1601 1089 ut
1630 1034 1747 1102 ipse
1781 1029 2041 1091 afﬁrmas,
2079 1039 2302 1081 servare

712 1133 894 1202 ipsum
946 1130 1232 1185 evidentes
1278 1126 1562 1199 archetypi
1613 1125 1991 1185 characteres,
2027 1127 2085 1174 et
2122 1132 2303 1187 neque

713 1231 960 1279 creatum
983 1236 1122 1283 esse,
1143 1235 1246 1274 nec
1265 1219 1653 1288 compositum,
1674 1229 1779 1268 nec
1798 1210 2300 1280 circumscriptum.

713 1314 1014 1384 Oportebat
1059 1308 1223 1367 etiam
1274 1311 1456 1381 ipsum
1489 1325 1557 1364 ex
1606 1302 1780 1361 nihilo
1826 1303 2036 1373 aliquid
2082 1315 2301 1367 creare;

714 1404 1001 1474 oportebat
1024 1403 1195 1459 verbo
1218 1410 1273 1457 et
1298 1402 1419 1457 sine
1444 1401 1633 1456 labore
1659 1397 1848 1453 omnia
1872 1395 2180 1457 fabricare;
2205 1390 2303 1445 de-

713 1496 881 1565 nique
916 1511 1027 1549 non
1068 1502 1335 1565 :egrotare
1356 1534 1370 1557 ,
1400 1508 1503 1547 nec
1547 1491 1737 1546 dolere
1758 1528 1772 1552 ,
1818 1502 1923 1541 nec
1974 1482 2134 1537 irasci
2155 1522 2169 1544 ,
2202 1494 2307 1534 nec

715 1602 946 1658 peccare
984 1604 996 1638 ε
1029 1586 1126 1639 sed
1169 1584 1536 1639 immortalem
1568 1595 1688 1635 esse
1717 1588 1773 1633 et
1801 1573 2302 1644 incorruptibilem,

716 1688 772 1731 et
800 1674 982 1730 omnia
1013 1674 1217 1729 habere
1245 1689 1365 1743 quae
1394 1672 1559 1724 habet
1585 1669 1966 1738 archetypum.

787 1848 993 1902 ERAN.
1025 1846 1144 1900 Non
1176 1852 1259 1900 est
1301 1845 1357 1898 in
1384 1844 1646 1898 omnibus
1676 1808 1842 1897 homo
1871 1841 2050 1911 imago
2080 1840 2199 1895 Dei.

786 2027 999 2083 ORTH.
1038 2027 1242 2081 Verum
1292 2026 1348 2080 in
1392 2024 1811 2093 quibuscunque
1859 2019 2080 2074 dederis
2127 2018 2305 2087 ipsum

719 2115 1012 2185 imaginem
1041 2129 1161 2168 esse
1182 2155 1195 2177 ,
1222 2114 1459 2166 maximo
1486 2110 1775 2167 intervallo
1801 2109 1905 2179 91
1935 2108 2125 2161 abesse
2156 2122 2185 2162 a
2216 2120 2308 2163 vc-

720 2207 880 2269 ritate
908 2221 1135 2276 prorsus
1166 2203 1431 2273 reperies.

790 2298 999 2353 ERAN.
1041 2298 1097 2351 In
1130 2297 1384 2352 confesso
1416 2305 1520 2352 est.

788 2388 1000 2445 ORTH.
1050 2390 1167 2444 Hoc
1204 2390 1445 2457 insuper
1503 2388 1825 2451 considera,
1883 2385 2030 2457 quod
2091 2384 2311 2439 divinus

719 2480 1017 2551 Apostolus
1077 2480 1278 2535 Filium
1343 2480 1700 2549 appellaverit
1759 2480 2049 2549 imaginem
2110 2474 2306 2529 Patris.

721 2573 865 2634 Dicit
893 2574 1041 2627 enim
1074 2590 1086 2625 :
1120 2592 1137 2622 ι
1176 2570 1279 2637 Qui
1307 2579 1391 2625 est
1421 2571 1599 2641 imago
1630 2571 1726 2633 Dei
1759 2568 2056 2625 invisibilis
2081 2569 2147 2620 θ’.
2182 2585 2198 2617 ι

793 2664 999 2719 ΕΡιΑΝ.
1036 2663 1177 2729 Quid
1222 2663 1392 2733 ergo?
1448 2677 1631 2719 annon
1680 2662 1849 2717 habet
1895 2661 2081 2716 omnia
2141 2658 2311 2721 Filius

724 2772 845 2825 qum
874 2755 1081 2810 Pater?

792 2846 1003 2902 ORTH.
1054 2844 1215 2901 Pater
1255 2861 1365 2901 non
1414 2855 1517 2910 est,
1559 2860 1663 2900 nec
1711 2860 1874 2899 causa
1923 2845 2086 2915 plane
2140 2853 2310 2909 caret,

724 2952 828 2991 nec
854 2936 1133 3006 ingenitus
1160 2944 1264 2990 est.

798 3027 1008 3081 ERAN.
1045 3027 1100 3081 Si
1136 3018 1252 3082 haec
1283 3028 1532 3091 haberet,
1564 3041 1677 3081 non
1696 3035 1857 3091 esset
1892 3027 2081 3082 Filius.

2402 565 2538 620 Θεοῦ
2575 564 2815 633 ἐγένετο.

2472 658 2623 712 ΟΡΘ.
2664 659 2930 710 ’Δκουσον
2990 647 3084 704 οὖν
3163 647 3258 703 τοῦ
3346 643 3657 699 Αποστόλου
3708 639 3961 706 λὲγοντος

2408 773 2427 806 ι
2468 751 2634 823 Ἀνὴρ
2669 750 2768 821 μὲν
2820 746 2929 818 γάρ
2978 746 3078 797 οὐκ
3109 742 3316 811 ὀφείλει
3348 732 3861 794 κατακαλύπτεσθαι
3883 728 3967 798 τὴν

2403 846 2668 916 κεφαλὴν,
2699 841 2865 896 είκὼν
2894 840 2991 893 καὶ
3018 837 3147 901 δόξα
3171 833 3310 888 Θεοῦ
3335 830 3617 899 ὑπάρχων.
3652 844 3673 879 ι

2476 936 2683 991 EPAN.
2730 931 2912 988 Ἔστω
2940 928 3104 984 εἰκὼν
3130 925 3290 981 Θεοῦ.

2476 1027 2627 1083 ΟΡΘ.
2681 1024 2880 1095 Ἐχρῆν
2902 1020 3103 1083 τοίνυν,
3143 1016 3289 1072 κατά
3321 1015 3416 1069 τὸν
3460 1013 3553 1067 σὺν
3581 1009 3763 1077 λόγον,
3796 1004 3972 1068 σώζειν

2407 1117 2570 1175 αὑτὸν
2598 1116 2851 1187 ἐναργεῖς
2904 1112 3001 1167 τοῦ
3054 1107 3370 1183 ἀρχετύπου
3425 1105 3551 1167 τοὺς
3605 1100 3971 1171 χαρακτῆρας.

2407 1209 2499 1263 καὶ
2524 1208 2666 1278 μήτε
2693 1204 2911 1259 κτιστὸν
2937 1196 3097 1265 εἶναι,
3129 1201 3268 1270 μήτε
3308 1194 3582 1257 σύνθετον,
3642 1191 3780 1261 μήτε
3836 1202 3977 1255 περι-

2405 1277 2742 1370 γεγράιρΘαι.
2795 1295 2944 1349 Ἔδει
2978 1287 3384 1363 παραπλησίως
3418 1282 3580 1339 αὑτὸν
3605 1283 3670 1335 ὲκ
3699 1278 3773 1351 μὴ
3823 1277 3978 1370 όντων

2406 1392 2470 1460 δη
2479 1368 2601 1462 μιου
2612 1392 2781 1460 ργεῖψ
2813 1387 2921 1440 ἔδει
2943 1384 3086 1454 λόγῳ
3116 1383 3212 1435 καὶ
3234 1381 3360 1451 δίχα
3388 1378 3551 1431 πόνου
3575 1374 3755 1427 πάντα
3772 1368 3981 1462 τεκταί-

2407 1461 2541 1535 νειν·
2572 1481 2669 1533 καὶ
2716 1478 2854 1549 πρὸς
2880 1476 3112 1539 τούτοις,
3152 1472 3226 1544 μὴ
3255 1471 3453 1535 νοσεῖν,
3493 1467 3568 1539 μὴ
3610 1464 3867 1534 ἀθυμεῖν,
3913 1461 3981 1529 μὴ

2407 1570 2736 1644 θυμοῦσθαι,
2768 1570 2842 1640 μὴ
2874 1566 3232 1639 ἁμαρτάνειν,
3268 1562 3383 1617 ἀλλ’
3410 1561 3676 1615 ἀθάνατον
3707 1550 3872 1615 εἶναι,
3897 1551 3982 1604 καὶ

2408 1666 2720 1737 ἄφθαρτον,
2785 1662 2879 1717 καὶ
2941 1660 3123 1719 πάντα
3177 1654 3343 1727 ἔχειν,
3396 1653 3497 1707 ὅσα
3563 1650 3626 1704 τὸ
3684 1646 3982 1717 ἀρχέτυπον

2411 1761 2524 1830 ἔχει

2343 1826 2382 1880 Β
2441 1826 2688 1903 ΠΕΡΑΝ.
2732 1847 2807 1901 οὐ
2852 1845 2995 1900 κατά
3029 1844 3209 1897 πάντα
3254 1839 3402 1892 ἐστὶν
3452 1839 3479 1890 6
3508 1834 3797 1903 ἄνθρωπος
3832 1826 3987 1880 εἰκὼν

2409 1939 2911 2096 τΟΘξΘ.υ;Αληθὲς
2961 2027 3023 2078 ιν.
3054 2018 3251 2091 οἷσπερ
3310 2018 3376 2072 ἂν
3428 2016 3591 2071 αὐτὸν
3645 2014 3751 2083 δῷς
3815 2008 3991 2063 εἰκόνα

2411 2117 2550 2173 εἶναι
2580 2160 2595 2185 ,
2657 2115 2964 2187 παμπόλλῳ
3005 2114 3119 2184 (30)
3184 2112 3292 2164 τινὶ
3350 2110 3533 2180 μέτρῳ
3585 2108 3683 2177 τῆς
3740 2099 3994 2171 ἀληθείας

2413 2211 2712 2267 ἀποδέοντα
2741 2210 2960 2272 πάντως
2994 2208 3266 2277 εὑρήσεις.

2484 2305 2689 2358 EPAN.
2740 2301 3122 2372 Ὠμολόγηται.

2485 2396 2637 2450 ΟΡΘ.
2678 2395 2960 2463 Σκόπησον
2994 2390 3050 2444 δὲ
3095 2387 3189 2442 καὶ
3221 2386 3338 2440 τόδε
3365 2384 3426 2437 τὸ
3448 2381 3564 2437 νῦνο
3591 2381 3619 2433 6
3648 2378 3792 2439 θεῖος
3842 2372 3997 2427 Ἀπό-

2414 2489 2599 2550 στολος
2636 2486 2821 2540 εἰκόνα
2863 2483 3274 2554 προσηγόρευσε
3306 2478 3395 2531 τὸν
3434 2475 3563 2527 Υἱὺν
3606 2471 3699 2525 τοῦ
3746 2464 3997 2537 Πατρός’

2414 2582 2515 2650 ἔφη
2544 2579 2674 2649 γάρ·
2722 2598 2740 2631 ι
2776 2578 2876 2639 Ὃς
2903 2577 3049 2627 ἐστιν
3081 2570 3243 2625 εἰκὼν
3277 2567 3370 2621 τοῦ
3400 2565 3536 2619 Θεοῦ
3564 2562 3657 2616 τοῦ
3688 2561 3948 2629 ἀοράτου.
3978 2574 3995 2605 ι

2486 2649 2689 2725 ΕΡΑΝ.
2731 2669 2798 2722 Τί
2835 2662 2963 2731 οὖν;
2998 2665 3059 2717 οὐ
3101 2664 3277 2716 πάντα
3330 2659 3443 2729 ἔχει
3475 2656 3503 2708 6
3547 2654 3673 2717 Υἱὸς
3716 2654 3937 2719 ὅσαπερ
3977 2649 4004 2699 ό

2416 2766 2607 2834 Πατήρ
2633 2780 2647 2825 ;

2488 2854 2640 2908 ΟΡΘ.
2682 2848 2871 2919 Πατὴρ
2900 2848 2998 2900 οὐκ
3029 2846 3196 2913 ἔστιν,
3229 2842 3353 2898 οὔτε
3388 2840 3649 2902 ἀναίτιος,
3681 2836 3809 2891 οὔτε
3844 2837 4007 2906 ἀγένε-

2380 2944 2385 2949 ’
2417 2961 2595 3014 νητος.

2487 3034 2690 3089 ΕΡΑΝ.
2729 3034 2791 3086 Ei
2816 3031 2987 3085 ταῦτα
3014 3023 3180 3099 εἶχεν,
3219 3026 3320 3079 οὐκ
3352 3024 3419 3077 ἂν
3445 3018 3513 3093 ἦν
3548 3022 3695 3085 Υἱός.

797 3116 1007 3172 ORTH.
1049 3120 1251 3173 Verum
1288 3128 1372 3173 est
1407 3119 1572 3189 igitur
1604 3118 1752 3189 quod
1790 3118 1926 3183 dixi,
1956 3135 2070 3173 non
2110 3117 2313 3196 habere

2488 3130 2640 3183 ΟΡΘ.
2697 3126 2929 3197 Ἀληθὴς
2966 3124 3073 3195 ἄρα
3105 3121 3133 3173 6
3176 3119 3338 3187 λόγος
3365 3117 3424 3169 ὃν
3458 3116 3657 3185 εἴρηκα
3688 3111 3838 3184 ⁸ἐγὼ,
3872 3113 3947 3177 ὡς
3980 3112 4011 3178 ἡ

727 3209 1021 3279 Imaginem
1056 3211 1240 3265 omnia
1271 3226 1393 3281 quae
1422 3211 1779 3282 archetypum
1805 3210 2011 3265 habet?

798 3301 985 3356 ERAN
1025 3302 1248 3357 Verum.

800 3391 1011 3449 ORTH.
1050 3392 1143 3449 Sic
1172 3394 1339 3465 igitur
1360 3403 1416 3448 et
1437 3393 1899 3453 Melchisedecum
1929 3394 2067 3451 dixit
2098 3393 2320 3450 divinus

732 3484 1030 3553 Apostolus
1056 3485 1415 3541 assimilatum
1441 3500 1562 3541 esse
1587 3486 1724 3540 Filio
1749 3487 1869 3542 Dei.

807 3572 1014 3630 EBAN.
1048 3574 1427 3632 Concedamus
1460 3593 1590 3633 sane
1620 3579 1739 3632 sine
1764 3586 1941 3648 patre,
1964 3586 2021 3634 et
2053 3579 2171 3633 sine
2202 3592 2321 3635 ma-

737 3677 844 3730 tre,
884 3675 941 3720 et
974 3666 1094 3722 sine
1128 3669 1443 3740 genealogia
1489 3669 1569 3724 sic
1616 3684 1759 3734 esse,
1802 3677 1865 3723 ut
1914 3668 2144 3724 dixisti:
2176 3668 2321 3738 quod

737 3773 840 3813 nec
885 3758 1103 3812 initium
1144 3759 1384 3825 dierum,
1415 3775 1519 3815 nec
1556 3761 1679 3817 vita
1711 3759 1875 3824 tinem
1916 3760 2136 3825 habeat,
2181 3776 2321 3830 quo-

736 3852 900 3914 modo
930 3851 1340 3923 intelligemus?

810 3940 1016 3995 OltTli.
1051 3941 1347 4011 Antiquam
1380 3944 1755 4015 genealogiam
1789 3944 2147 3999 conscribens
2185 3942 2325 3997 diri-

739 4047 846 4085 nus
874 4030 1071 4097 Moses,
1098 4032 1289 4087 docuit
1316 4049 1418 4088 nos
1440 4034 1734 4101 Adamum,
1778 4050 1905 4089 cum
1937 4043 2015 4089 tot
2047 4044 2193 4089 esset
2227 4050 2323 4088 an-

740 4138 959 4187 norum,
984 4124 1240 4193 genuisse
1258 4123 1509 4190 Sethum,
1536 4128 1814 4182 et"‘cum
1849 4126 2195 4181 lot'vixisset
2223 4140 2324 4182 an-

740 4231 865 4283 nos,
908 4216 1053 4271 vitae.
1078 4217 1242 4271 linem
1285 4218 1585 4287 accepisse.
1624 4217 1715 4272 Sic
1754 4218 1919 4272 etiam
1949 4216 2017 4271 de
2048 4215 2238 4281 Setho,
2273 4224 2329 4270 et

744 4310 948 4373 Enoso,
984 4316 1040 4363 et
1071 4309 1299 4378 reliquis
1325 4308 1482 4362 dixit.
1511 4308 1893 4363 Melchisedcci
1924 4322 2056 4362 vero
2087 4314 2144 4361 et
2173 4317 2329 4361 ortus

747 4398 1082 4473 principium
1120 4408 1176 4454 et
1219 4399 1343 4455 vitae
1378 4399 1543 4454 linem
1573 4398 1793 4456 silentio
1829 4400 2116 4469 praeteriit.
2148 4397 2328 4464 Quare

2420 3222 2585 3276 εἰκὼν
2607 3223 2665 3274 οὺ
2696 3221 2874 3274 πάντα
2904 3218 3015 3288 ἔχει
3038 3217 3138 3269 ὅσα
3160 3213 3220 3266 τὸ
3249 3210 3555 3282 ἀρχέτυπον
3586 3207 3721 3277 ἔχες

2492 3312 2697 3366 EPAN.
2739 3309 2978 3380 Ἀληθές.

2492 3404 2645 3458 ΟΡΘ.
2675 3401 2832 3457 Οὕτω
2849 3401 3028 3454 τοίνυν
3052 3396 3146 3452 καὶ
3175 3395 3265 3450 τὸν
3288 3392 3624 3463 Μελχισεδὲκ
3646 3386 3801 3442 εἷπεν
3821 3392 3851 3443 6
3875 3388 4018 3442 θεῖος
4120 3422 4121 3425 η

2434 3494 2755 3557 Ἀπόστολος
2780 3487 3177 3562 ἀφωμοιῶσθαι
3210 3486 3309 3557 μὲν
3345 3485 3424 3555 τῷ
3458 3482 3570 3552 Υἱῷ
3602 3480 3696 3536 τοῦ
3735 3480 3907 3535 Θεοῦ.

2495 3585 2699 3639 EPAN.
2743 3582 2934 3652 Δῶμεν
2958 3580 3018 3634 τὸ
3047 3578 3302 3647 ἀπάτωρ,
3339 3575 3434 3629 καὶ
3470 3574 3724 3645 ἀμήτωρ,
3756 3572 3859 3625 καὶ
3884 3572 4020 3639 άγε·

2424 3677 2768 3744 νεαλόγητος,
2808 3673 2982 3735 οὕτως
3004 3667 3143 3723 εἶναι
3174 3670 3251 3733 ὡς
3289 3668 3533 3738 εἴρηκας·
3566 3665 3626 3717 τὸ
3664 3664 3803 3734 μήτε
3839 3662 4022 3734 ἀρχὴν

2425 3767 2666 3841 ἡμερῶν,
2702 3768 2841 3838 μήτε
2873 3762 3021 3834 ζωῆς
3051 3762 3203 3825 τέλος
3225 3760 3384 3830 ἔχων,
3420 3758 3535 3821 πῶς
3569 3756 3872 3827 νοήσομενς

2496 3944 2649 3999 ΟΡΘ.
2692 3942 2805 4013 Τὴν
2837 3940 3072 3995 παλαιὰν
3107 3935 3455 4009 γενεαλογίαν
3502 3934 3839 4004 συγγράφων
3865 3934 3897 3986 6
3932 3934 4027 3987 θε-

2428 4037 2650 4098 σπέσιος
2682 4035 2941 4104 Μωῦσῆς,
2972 4031 3205 4096 ἐδίδαξεν
3233 4030 3383 4101 ἡμᾶς
3404 4069 3418 4092 ,
3443 4028 3517 4092 ὡς
3561 4027 3730 4097 Ἀδὰμ
3755 4026 3905 4080 ἑτῶν
3936 4043 4031 4079 το-

2429 4128 2597 4183 σῶνδε
2618 4125 2931 4195 γενόμενος,
2962 4125 3218 4193 ἐγέννησε
3237 4121 3325 4176 τὸν
3346 4118 3475 4190 Σὴθ,
3505 4117 3600 4171 καὶ
3620 4117 3897 4189 ἐπιζήσας
3929 4117 4027 4187 ἐτη

2428 4220 2644 4281 τοσάδε,
2674 4217 2768 4271 τοῦ
2802 4217 2917 4287 βίου
2950 4217 3011 4269 τὸ
3030 4215 3210 4285 τέρμα
3233 4211 3553 4267 κατέλαὸεν.
3581 4208 3738 4263 Οὕτω
3759 4210 3864 4263 καὶ
3898 4211 4037 4282 περὶ

2429 4311 2523 4365 τοῦ
2553 4310 2683 4381 Σὴθ,
2715 4309 2809 4363 καὶ
2838 4308 2928 4362 τοῦ
2971 4306 3158 4369 Ἐνῶς,
3192 4306 3288 4359 καὶ
3316 4303 3424 4357 τῶν
3454 4302 3629 4357 ἀλλων
3661 4302 3883 4371 εῐρηκε.
3919 4301 4034 4353 Τοῦ

2438 4400 2621 4470 μέντοι
2657 4396 3013 4467 Μελχισεδὲκ,
3041 4396 3137 4449 καὶ
3158 4394 3256 4465 τὴν
3277 4395 3451 4464 ἀρχὴν
3478 4395 3576 4464 τῆς
3601 4392 3902 4460 γενέσεως,
3939 4394 4038 4446 καὶ

746 4490 1047 4545 secundum
1084 4491 1393 4554 historiam,
1425 4507 1526 4545 nec
1561 4491 1775 4545 initium
1806 4491 2043 4550 dierum,
2074 4506 2177 4545 nec
2206 4490 2319 4545 vitm

2431 4491 2531 4560 τῆς
2562 4488 2708 4558 ζωῆς
2731 4488 2791 4541 τὸ
2814 4487 2965 4551 τέλος
3003 4486 3279 4555 ἐσίγησεν.
3312 4483 3543 4547 Οὐκοῦν,
3570 4481 3713 4536 κατά
3744 4482 3849 4549 τὴν
3886 4483 4040 4536 ἱστο-

750 4581 913 4636 linem
961 4582 1168 4637 habet:
1200 4591 1256 4636 at
1305 4583 1609 4637 secundum
1658 4583 1965 4646 veritatem,
2011 4582 2329 4652 unigenitus

749 4672 845 4738 Dei
888 4673 1063 4728 Filius
1108 4688 1211 4729 nec
1258 4676 1426 4744 coepit
1472 4690 1625 4741 esse,
1676 4688 1778 4729 nec
1826 4673 1990 4729 ﬁnem
2039 4672 2331 4728 habiturus

751 4773 838 4819 est

822 4854 1031 4910 ERAN.
1066 4855 1271 4912 Omnes
1293 4858 1665 4919 consentiunt.

824 4941 1129 5007 ORTHPIn
1165 4948 1234 5003 iis
1270 4964 1402 5019 ergo
1434 4964 1556 5017 quae
1583 4949 1696 5003 Deo
1735 4947 2090 5011 conveniunt,
2123 4956 2178 5002 et
2214 4963 2336 5018 quae

757 5054 885 5094 vere
909 5038 1095 5095 divina
1113 5049 1261 5105 sunt,
1284 5040 1650 5095 Melchisedec
1674 5048 1836 5110 typus
1857 5040 1964 5108 92
1985 5047 2105 5094 erat
2129 5038 2335 5094 Christi

761 5130 975 5193 Domini
1008 5130 1100 5191 :_in
1133 5131 1442 5186 sacerdotio
1469 5139 1676 5195 autem,
1697 5131 1844 5201 quod
1876 5129 2191 5185 hominibus
2226 5144 2339 5183 ma-

758 5223 840 5291 gis
867 5238 1030 5291 quam
1062 5221 1189 5277 Deo.
1204 5222 1481 5285 convenit,
1517 5221 1768 5276 Christus
1802 5220 2063 5274 Dominus
2095 5219 2339 5288 pontifex

758 5313 867 5369 fuit
893 5312 1198 5368 secundum
1229 5310 1478 5366 ordinem
1502 5311 1879 5366 Mclchisedeci
1908 5311 1971 5364 ’³.
2004 5310 2138 5363 Nam
2170 5319 2226 5363 et
2250 5309 2339 5363 ille

763 5404 1021 5461 sacerdos
1064 5403 1169 5458 fuit
1215 5403 1481 5473 gentium,
1531 5415 1588 5458 et
1635 5402 1885 5457 Christus
1924 5400 2191 5456 Dominus
2239 5414 2338 5470 pro

839 5587 881 5621 "
920 5587 1085 5643 lCor.
1114 5603 1171 5651 ll,
1202 5586 1254 5639 7.
1335 5586 1379 5615 ¹⁸²
1418 5583 1622 5640 Culoss.
1669 5601 1703 5645 ι,
1736 5584 1817 5637 15.
1896 5584 1958 5613 ⁷³⁵·
1990 5583 2122 5635 (ira.
2162 5598 2229 5642 np.
2264 5580 2349 5630 ~23.

842 5765 953 5835 (ὅθ’)
990 5784 1169 5838 παμπ.
1207 5765 1370 5820 Sirm.
1407 5762 1639 5819 habebat
1672 5759 2021 5831 mpmil'u-w,

2430 4579 2574 4648 ρίαν,
2604 4576 2728 4630 οὔτε
2752 4575 2925 4647 ἀρχὴν
2953 4574 3198 4647 ἡμερῶν,
3225 4573 3348 4627 οὔτε
3370 4573 3513 4642 ζωῆς
3536 4571 3690 4634 τέλος
3716 4569 3858 4639 ἔχει’
3885 4572 4046 4629 κατὰ

2428 4669 2484 4723 δὲ
2512 4667 2613 4737 τὴν
2638 4666 2916 4737 ἀλήθειαν,
2951 4668 2980 4718 ὁ
3021 4663 3314 4735 μονογενὴς
3358 4661 3453 4715 τοῦ
3499 4660 3639 4713 Θεοῦ
3691 4658 3826 4722 Υἱὸς
3851 4700 3869 4727 ,
3908 4660 4045 4715 οὔτε

2432 4757 2638 4829 ἦρξατο
2663 4755 2756 4808 τοῦ
2784 4751 2944 4815 εἶναι,
2979 4753 3105 4806 οὔτε
3135 4752 3368 4823 λήψεται
3395 4750 3568 4814 τέλος.

2506 4847 2711 4903 ΕΡΑΝ.
2762 4846 3101 4917 Ὣμολόγητα
3112 4862 3148 4897 ι.

2515 4938 2665 4991 ΟΡΘ.
2706 4936 2864 4991 Κατά
2890 4937 2987 5006 μὲν
3010 4930 3103 4989 οὖν
3126 4933 3194 4995 τά
3217 4934 3498 5004 θεοπρεπῆ
3526 4928 3699 4985 ταῦτα
3730 4930 3829 4984 καὶ
3861 4932 4050 4999 ὅντως

2445 5030 2594 5093 θεῖα,
2628 5028 2796 5092 τύπος
2838 5031 2866 5082 ό
2914 5026 3251 5096 Μελχισεδὲκ
3288 5024 3383 5079 τοῦ
3429 5022 3699 5078 Δεσπότου
3747 5023 4051 5093 Χριστοῦο

2446 5119 2587 5173 κατὰ
2609 5119 2666 5172 δέ
2703 5136 2765 5187 γε
2800 5119 2897 5187 τὴν
2930 5114 3365 5187 ἀρχιερωσύνην,
3398 5115 3521 5185 ἣτις
3549 5110 3870 5182 ἀνθρώποις
3905 5116 4059 5184 μᾶλ.

2444 5214 2535 5265 λον
2572 5212 2604 5282 ἢ
2631 5210 2749 5280 Θεῷ
2778 5210 3080 5281 προσήκει,
3104 5210 3131 5261 6
3159 5208 3436 5277 Δεσπότης
3470 5205 3701 5276 Χριστὸς
3732 5203 4061 5277 ἀρχιερεὺς

2447 5305 2637 5372 γέγονε
2664 5302 2803 5355 κατὰ
2831 5303 2930 5371 τὴν
2961 5301 3116 5366 τάξιν
3143 5298 3500 5369 Μελχισεδέκ.
3529 5296 3638 5348 Καὶ
3677 5293 3788 5364 γὰρ
3825 5296 4060 5361 ἐκεῖνος

2448 5396 2616 5451 ἐθνῶν
2653 5396 2896 5466 ὑπῆρχεν
2929 5391 3238 5463 ἀρχιερεύς·
3272 5390 3365 5443 καὶ
3406 5389 3434 5442 6
3481 5387 3757 5456 Δεσπότης
3792 5386 4062 5455 Χριςτλς

2432 5582 2474 5607 ”³
2508 5579 2671 5633 llcln'.
2708 5594 2774 5638 ιι,
2806 5576 2902 5639 ‘20;
2943 5573 3081 5626 i’szil.
3123 5589 3227 5631 un,
3278 5572 3315 5623 ἱ,
