4112 6374
183 432 268 497 129
1241 421 1621 483 DIALOGUS
1661 419 1744 480 II.

1892 421 2391 483 INCONFUSUS.
2419 460 2421 464 ι

3357 416 3456 483 130

184 542 306 613 ὑπιρ
333 539 595 594 ἁπάντων
623 535 726 591 ἀνθ
735 536 937 607 ρώπων
957 535 1056 603 τὴν
1078 533 1354 602 παναγίαν
1377 532 1472 584 καὶ
1497 530 1765 600 σωτήριον

1890 530 2130 585 ιηπιίἰηιε
2160 529 2479 585 hominibus
2503 528 2913 584 sanctissimum
2941 541 2996 584 et
3023 528 3262 584 salumre
3289 531 3456 586 sacri-

181 633 357 689 θυσίαν
384 631 792 703 προσήνεγκεν.

247 721 444 778 ΕΡΔΝ.
487 717 732 779 Πολλοὺς
774 713 908 784 περῑ
935 711 1126 767 τούτου
1171 709 1640 782 κατηναλώσαμεν
1673 707 1759 761 λό-

221 834 326 870 ους.
1569 837 1572 844 “

183 833 404 958 τοὲέθ.
455 899 661 954 Ἔδεῑτο
690 899 786 952 καὶ
830 895 1114 960 πλειόνων,
1150 893 1232 958 ὡς
1256 889 1440 947 οῐσθσν
1478 891 1766 964 δυσνόητον

182 999 288 1068 γὰρ
318 992 534 1063 ἔφησθα
556 992 620 1046 τδ
649 989 871 1062 χωρίον.

246 1087 454 1144 EPAN.
500 1084 624 1137 Ἐπὶ
655 1084 748 1136 τὸν
774 1080 1138 1152 προκείμενον
1167 1077 1556 1148 εμνέλθωμεν
1585 1075 1762 1144 λόγον.

246 1177 403 1234 οΡθ.
441 1176 508 1230 Τί
538 1175 597 1230 δὲ
625 1171 691 1247 ἦν
717 1174 854 1246 ἡμῖν
888 1171 1220 1244 ζητούμενον
1247 1170 1398 1244 (3i);

245 1352 458 1407 εΡΑΝ.
515 1346 680 1420 Ἐμοῦ
706 1346 984 1416 λέγοντος,
1011 1344 1088 1416 μὴ
1110 1345 1308 1416 χρῆναι
1339 1341 1528 1397 καλεῖν
1553 1339 1771 1412 ἄνθρω-

172 1459 281 1495 οπον
317 1442 414 1494 τὸν
443 1437 700 1510 Χριστὸν,
731 1434 870 1490 ἀλλὰ
911 1434 1072 1504 μόνον
1097 1432 1254 1498 Θεὸν,
1286 1425 1493 1494 πολλάς
1516 1446 1578 1498 γε
1606 1428 1772 1492 ἄλλας

179 1531 338 1590 αὐτὸς
369 1526 681 1601 μαρτυρίας
706 1525 1050 1597 παρήγαγες,
1082 1521 1178 1576 καὶ
1199 1522 1265 1595 δὴ
1290 1521 1385 1576 καὶ
1413 1519 1513 1592 τὴν
1535 1522 1772 1574 άποστοο

180 1625 338 1696 λικὴν
379 1622 543 1693 ῥῆσιν
573 1619 814 1690 ἐκείνην,
848 1618 916 1687 ἢν
958 1613 1212 1687 Τιμοθέῳ
1247 1614 1476 1686 γράφων
1505 1611 1767 1666 τέθεικεν·

186 1736 205 1770 ι
217 1711 308 1780 Εἷς
321 1714 478 1777 Θεὸς,
493 1707 573 1776 εἷς
590 1712 682 1766 καὶ
697 1707 924 1781 μεσίτης
939 1701 1075 1760 Θεοῦ
1100 1705 1194 1759 καὶ
1215 1703 1541 1775 ἀνθρώπων,
1566 1700 1775 1771 ἄνθρω-

182 1826 281 1872 πος
303 1806 544 1879 Χριστὸς
585 1803 811 1876 Ἰησοῦς,
859 1800 888 1854 ό
923 1799 1046 1863 δοὺς
1080 1797 1272 1852 ἑαυτὸν
1304 1799 1627 1868 ἀντίλυτρον
1651 1797 1773 1850 ἀντὶ

183 1901 423 1954 πάντων.
461 1916 481 1949 ι

250 1991 409 2045 υΡΘ.
457 1986 838 2060 ’Δνεμνήσθην
866 1984 1030 2040 πόθεν
1059 1985 1141 2048 εἰς
1168 1983 1328 2055 τήνδε
1353 1982 1456 2054 τὴν
1489 1978 1775 2052 παρὲκδα-

184 2099 268 2138 σιν
298 2081 676 2150 ὶξεκλίναμεν.
728 2076 896 2148 Ἐμοῦ
938 2077 1046 2148 γὰρ
1089 2075 1373 2147 εἰρηκότος
1402 2073 1478 2138 ὡς
1509 2072 1605 2126 καὶ
1646 2070 1776 2125 αὐτὸ

182 2173 273 2228 τοῦ
305 2173 531 2245 μεσίτου
552 2171 724 2242 δνομα
747 2168 844 2223 τοῦ
874 2169 1126 2240 Σωτῆρος
1151 2169 1308 2240 ήμῶν
1334 2166 1436 2232 τὰς
1462 2166 1558 2220 δύο
1585 2164 1776 2236 φύσεις

182 2263 508 2336 παραδηλοῖ,
551 2260 716 2325 αὐτὸς
767 2259 983 2334 ιφησθα
1035 2261 1130 2312 καὶ
1175 2255 1416 2312 Minucia
1473 2255 1777 2326 κεκλῆσθαι

185 2357 436 2428 μεσίτην,
479 2353 768 2426 ἄνθρωπος
797 2351 854 2405 δὲ
903 2353 1062 2422 μόνον
1101 2352 1308 2414 ὲκεϊνος
1347 2347 1648 2418 ἐτύγχανεν
1677 2345 1775 2412 ὼν,

182 2448 242 2502 οὐ
278 2446 414 2509 Θεὸς
439 2446 533 2499 καὶ
563 2445 873 2517 ἅνθρωπος.
907 2440 1119 2495 Τούτου
1153 2440 1218 2512 δὴ
1241 2440 1402 2512 χάριν
1421 2437 1779 2510 ἠναγκάσθην

183 2535 354 2590 ταῦτα
379 2534 693 2601 διεξελθεῖν,
719 2533 808 2587 ἵνα
831 2529 989 2598 δείξω
999 2531 1092 2587 τὸν
1106 2531 1277 2585 τύπον
1300 2533 1364 2584 οὐ
1384 2531 1566 2585 πάντα
1585 2528 1778 2599 ἔχοντα

188 2630 290 2683 ὅσα
327 2629 392 2680 τὸ
422 2626 731 2699 ἀρχέτυπον
764 2622 900 2693 ἔχει.
925 2622 1063 2676 Εἰπὲ
1085 2622 1288 2687 τοίνυν,
1314 2623 1363 2675 εἰ
1395 2621 1780 2692 συνομολογεῖς

186 2721 383 2793 κρῆναι
421 2721 518 2773 καὶ
548 2717 837 2791 ἄνθρωπον
870 2714 1234 2786 ὀνομάζεσθαι
1265 2714 1358 2768 τὸν
1385 2713 1622 2784 Σωτῆρα,
1645 2714 1780 2784 Χρι-

256 2899 463 2956 εΡΑΝ.
520 2897 662 2968 Ἐγὼ
707 2898 837 2952 Θεὸν
889 2896 1053 2953 αὐτὸν
1097 2896 1267 2952 καλῶο
1301 2895 1439 2950 Θεοῦ
1471 2895 1581 2966 γάρ
1615 2892 1778 2947 ’ἐστιν

192 2994 412 3142 Υἱέέθ.
454 3087 518 3157 Εἰ
564 3085 693 3138 Θεὸν
741 3083 904 3138 αὑτὸν
936 3082 1161 3147 καλετς,
1192 3081 1382 3154 ἐπειδὴ
1430 3079 1565 3134 Θεοῦ
1615 3081 1780 3134 αὐτὸν

1868 622 2054 676 licium
2085 622 2307 676 obtulit.

1939 714 2148 769 ERAN.
2191 713 2390 770 Multos
2430 715 2485 769 in
2532 713 2636 767 hac
2681 727 2741 768 re
2784 726 3072 770 sermones
3111 714 3469 784 consumpsi-

1863 822 2011 862 mus.

1939 899 2149 955 ORTH.
2193 900 2260 956 Et
2303 897 2559 970 pluribus
2597 914 2736 969 opus
2773 908 2915 965 erat,
2948 905 3010 953 ut
3047 897 3194 952 nosti
3230 893 3465 952 :dixisti

1866 989 2017 1044 enim
2045 991 2226 1044 locum
2255 1005 2380 1045 esse
2405 989 2689 1044 intellectu
2711 991 3013 1047 dilﬁcilem.

1941 1081 2151 1138 ERAN.
2184 1082 2266 1138 Ad
2320 1081 2632 1138 institutam
2676 1081 3106 1153 disputationem
3150 1079 3466 1136 redeamus.

1943 1171 2154 1229 ORTH.
2190 1173 2332 1242 Quid
2391 1181 2578 1229 autem
2621 1181 2742 1228 erat
2786 1173 2936 1243 quod
2974 1188 3006 1228 a
3044 1173 3209 1228 nobis
3249 1186 3468 1244 quere-

1870 1265 2037 1320 batur
2050 1265 2076 1319 ‘l

1943 1356 2154 1412 ERAN.
2189 1356 2328 1412 Cum
2360 1356 2628 1423 dicerem,
2660 1357 2945 1414 Christum
2983 1373 3107 1430 nonj
3130 1358 3335 1414 debere
3359 1372 3465 1413 tvo-

1873 1450 1989 1505 cari
2018 1449 2323 1514 hominem,
2346 1450 2444 1505 sed
2468 1451 2644 1505 Deum
2671 1449 2959 1516 duntaxat,
2987 1460 3044 1506 et
3067 1459 3123 1505 tu
3157 1451 3264 1505 alia
3293 1451 3470 1504 multa

1875 1541 2191 1597 testimonia
2230 1541 2537 1612 protulisti,
2575 1547 2632 1596 et
2670 1541 3036 1611 apostolicum
3081 1539 3216 1596 illud
3256 1540 3468 1595 dictum

1872 1634 2176 1704 imprimis,
2221 1634 2372 1705 quod
2420 1641 2506 1689 est
2557 1635 2613 1688 in
2658 1633 2905 1704 Epistola
2954 1633 3022 1688 ad
3065 1633 3468 1688 Timotheum:

1883 1745 1903 1778 ι
1943 1726 2099 1782 Unus
2129 1728 2295 1792 Deus,
2341 1737 2398 1783 et
2431 1742 2574 1788 unus
2606 1726 2883 1782 mediator
2922 1726 3021 1782 Dei
3058 1735 3115 1781 et
3157 1725 3468 1790 hominum,

1879 1819 2047 1873 homo
2077 1815 2538 1881 ChristusJesns,
2559 1820 2654 1887 qui
2681 1817 2834 1873 dedit
2857 1819 3103 1888 seipsum
3135 1816 3472 1886 redemptio-

1811 1887 1853 1942 Β
1882 1924 2009 1964 nem
2039 1925 2143 1980 pro
2171 1908 2432 1963 omnibus
2457 1907 2523 1961 ’⁸.
2559 1927 2577 1960 ι

1948 2001 2160 2058 ORTH.
2197 2000 2444 2064 Memini,
2479 2016 2589 2071 qua
2630 2001 2920 2056 occasione
2967 1999 3022 2054 in
3074 1999 3216 2054 hanc
3257 1997 3478 2069 digres-

1878 2093 2095 2148 sionem
2128 2091 2539 2147 deﬂexerimus.
2581 2092 2718 2146 Nam
2754 2107 2880 2146 cum
2913 2106 3016 2163 ego
3046 2090 3330 2155 dixissem,
3357 2104 3478 2144 me-

1878 2183 2112 2239 diatoris
2139 2199 2341 2238 nomen
2368 2182 2506 2238 duas
2533 2183 2835 2238 Salvatoris
2863 2183 3288 2237 nostri‘naturas
3308 2181 3480 2252 signi-

1879 2273 2077 2340 ﬁcare,
2132 2284 2190 2330 tu
2235 2274 2551 2345 subjecisti,
2607 2274 2796 2330 Mosen
2849 2289 3073 2344 quoque
3115 2273 3481 2328 mediatorem

1879 2365 2240 2436 appellatum,
2273 2369 2525 2436 quamvis
2561 2366 2653 2420 ille
2687 2365 2854 2420 homo
2895 2373 3108 2420 tantum
3145 2363 3335 2429 fuerit,
3368 2379 3482 2418 non

1874 2458 2029 2514 'Deus
2058 2467 2116 2514 et
2144 2459 2333 2513 homo.
2368 2458 2500 2514 Ideo
2529 2465 2757 2514 coactus
2794 2473 2916 2513 sum
2950 2458 3068 2532 haec.
3105 2458 3385 2528 persequi,
3423 2463 3484 2509 ut

1880 2550 2236 2606 ostenderem
2281 2557 2472 2621 typum
2516 2564 2628 2604 non
2668 2549 2854 2604 omnia
2901 2549 3110 2604 habere
3149 2562 3274 2618 quae
3316 2546 3485 2600 habet

1879 2639 2266 2710 archetypum.
2309 2640 2409 2693 Dic
2451 2638 2641 2708 igitur,
2681 2654 2751 2692 an
2793 2639 3096 2694 conﬁteare
3131 2637 3484 2693 Scrvatorem
3546 2672 3549 2673 ν

1878 2730 2164 2786 Christum
2190 2731 2359 2786 etiam
2389 2731 2671 2786 hominem
2702 2731 2965 2802 appellari
2998 2731 3204 2786 debere

1951 2905 2060 2976 93
2096 2904 2304 2959 ERAN.
2336 2904 2451 2974 Ego
2488 2905 2662 2959 Deum
2711 2905 2893 2973 ipsum
2932 2904 3169 2975 appello.
3196 2905 3295 2961 Dei
3332 2903 3483 2960 enim

1883 2996 2056 3050 Filius
2082 3005 2187 3051 est.

1953 3087 2164 3143 ORTH.
2203 3087 2258 3142 Si
2287 3087 2461 3142 Deum
2500 3087 2678 3157 ipsum
2722 3103 2910 3150 vocas,
2937 3088 3067 3158 quia
3107 3088 3353 3143 didicisti
3393 3088 3489 3143 Fi-

187 3179 478 3252 ἐδιδάχθης
519 3177 670 3243 Υἰδν,
703 3177 861 3230 κάλει
900 3176 994 3229 καὶ
1023 3175 1332 3248 ἄνθρωπον·
1379 3175 1506 3228 Υἰδν
1539 3175 1648 3245 γὰρ
1683 3174 1780 3227 ἀν-

1890 3181 2025 3236 ιίιιω
2051 3181 2149 3237 Dei
2183 3197 2326 3248 esse,
2362 3197 2499 3236 voca
2536 3180 2706 3236 etiam
2738 3179 3022 3235 hominem
3055 3199 3067 3232 :
3104 3179 3304 3234 Filium
3336 3179 3488 3236 enim

187 3269 411 3341 Optiimu
444 3267 708 3331 πολλάκις
734 3265 927 3320 ἑαυτὸν
957 3264 1421 3336 προσηγόρευσεν.

259 3361 469 3417 ΕΡΔΝ.
511 3361 626 3430 Οὐχ
663 3359 924 3430 ἁρμόττει
956 3355 1104 3427 αὐτῷ
1142 3355 1206 3409 τὸ
1242 3353 1532 3426 ἄνθρωπος
1577 3351 1785 3424 ὄνομα,

189 3460 267 3518 ὡς
299 3453 362 3508 τὸ
393 3453 528 3517 Θεὸς
559 3450 753 3522 θνομα.

260 3546 415 3602 ΟΡΘ.
464 3547 553 3609 ἐἰς
583 3544 683 3600 οὐκ
710 3543 769 3596 ὃν
801 3541 1021 3614 ἀληθὲς,
1050 3541 1085 3612 ἢ
1115 3540 1182 3595 δι’
1214 3539 1409 3609 ἑτέραν
1445 3537 1668 3594 citima:

269 3734 478 3790 EPAN.
521 3732 597 3785 Τὸ
631 3730 780 3796 Θεὸς
805 3729 977 3800 ὄνομα
1017 3731 1118 3799 τῆς
1158 3727 1376 3797 φύσεως
1410 3725 1584 3796 ὄνομα
1642 3724 1705 3778 τὸ
1733 3723 1789 3777 δὲ

192 3827 480 3896 ἄνθρωπος
509 3825 610 3894 τῆς
647 3821 960 3892 οἰκονομίας
991 3819 1314 3890 πρόσρημα.

265 3916 418 3970 ΟΡΘ.
461 3914 576 3985 Τὴν
613 3913 673 3966 δὶ
717 3909 1033 3982 οἰκονομίαν
1066 3909 1244 3981 ἀληθῆ
1281 3924 1486 3978 φαμεν,
1513 3908 1548 3980 ἢ
1586 3924 1792 3977 φανταο

195 4009 363 4080 σιώδη
393 4007 516 4061 τινὰ
549 4005 838 4075 καὶψευδῆ
864 4021 881 4070 ;

266 4099 473 4154 ΕΡΔΝ.
527 4097 751 4169 ’Δληθῆ.

264 4191 417 4248 0P0.
458 4190 525 4246 Εἰ
559 4190 742 4243 τοίνυν
770 4187 979 4260 άληθης
1017 4187 1118 4259 τῆς
1152 4185 1470 4260 οἰκονομίας
1505 4188 1538 4258 ἡ
1588 4185 1751 4257 χάρις
1774 4226 1790 4252 ,

192 4284 296 4356 τὴν
326 4281 742 4356 ενανθρὼπησιν
779 4280 837 4334 δὲ
879 4278 972 4332 τοῦ
1007 4278 1144 4334 Θεοῦ
1177 4281 1353 4348 Λόγου
1405 4277 1679 4349 καλοῦμεν
1712 4278 1794 4330 οἰ-

193 4378 484 4450 κονομίαν,
511 4375 713 4449 άληθὶς
741 4375 852 4447 ἄρα
877 4376 973 4428 καὶ
991 4374 1052 4427 τὸ
1082 4372 1371 4446 ἄνθρωπος
1399 4373 1593 4442 ὄνομα·
1628 4371 1794 4440 φύσιν

192 4473 312 4544 γάρ
344 4471 692 4542 ἀνθρωπείαν
723 4467 1032 4532 ἀναλαϐὼν,
1078 4465 1452 4538 ἐχρημάτισεν
1481 4464 1790 4528 άνθοωπος.

265 4651 476 4707 ΕΡΔΝ.
529 4649 645 4722 Πρὸ
669 4639 765 4704 ’ἑοῦ
804 4647 1009 4712 πάθους
1039 4646 1288 4701 ἐκαλεῖτο
1309 4645 1616 4718 ἄνθρωπος’
1654 4645 1796 4718 μετά

187 4746 250 4801 ﬁt
280 4746 345 4800 τὸ
374 4742 556 4807 ⁴ιιςάθος
579 4743 682 4796 οὐκ
708 4741 812 4797 ἔτι.

263 4836 422 4892 0P8.
465 4836 580 4888 Καὶ
615 4833 721 4905 μὴν
761 4830 900 4904 μετὰ
932 4831 995 4886 τδ
1026 4831 1198 4894 πάθος
1228 4832 1325 4886 καὶ
1349 4830 1450 4904 τὴν
1474 4831 1800 4898 ἀνάστασιν,

189 4929 408 5002 ιγραψι
441 4925 698 4998 Τιμοθέῳ
729 4926 829 4997 τὴν
862 4906 1184 4994 Ἒπιστολὴν
1214 4923 1411 4988 ό-θεῖος
1454 4924 1802 4990 Ἀπόσιτολοῦ

186 5023 250 5074 ιν
300 5016 338 5096 ᾖ
385 5021 484 5074 τὸν
532 5019 766 5089 Σωτῆρα
811 5015 1046 5088 Χριστὸν
1091 5017 1538 5088 προσηγόρευσεν
1578 5011 1784 5090 ἀνθρωο

191 5131 298 5168 κον
327 5115 470 5186 (32).
510 5111 666 5166 Μετὰ
696 5110 757 5164 τὸ
781 5109 953 5174 πάθος
979 5110 1074 5164 καὶ
1115 5108 1214 5182 τὴν
1247 5109 1569 5174 ἀνάστασιν,
1598 5109 1800 5180 Κοριν-

189 5206 338 5270 θίοις
369 5205 606 5280 γράφων
632 5203 746 5272 (53)
777 5201 897 5274 βοᾷο
932 5220 952 5254 ι
1005 5199 1224 5273 Ἐπειδὴ
1261 5201 1374 5272 γὰρ
1402 5200 1469 5255 δι’
1501 5201 1797 5274 ἀνθρώπου

191 5299 459 5364 θάνατος,
493 5298 587 5350 καὶ
619 5296 689 5350 δι’
723 5293 1014 5366 ἀνθρώπου
1044 5294 1345 5358 ἀνάστασις
1374 5293 1484 5348 τῶν
1507 5295 1742 5367 νεκρῶν.
1778 5313 1797 5348 ι

189 5394 306 5449 Καὶ
332 5391 611 5446 διδάσκων
631 5389 967 5459 σαφέστερον
989 5388 1118 5459 περί⁷
1141 5387 1284 5452 τίνος
1301 5386 1472 5457 λέγει,
1498 5390 1801 5461 ἐπήγαγεν·

193 5500 217 5536 ε
252 5484 484 5551 Ὥσπερ
521 5481 632 5551 γάρ
666 5481 726 5534 ἰν
759 5476 840 5550 τῷ
882 5478 1055 5550 Ἀδὰμ
1092 5478 1298 5543 πάντες
1339 5477 1804 5550 ἀποθνήσκουσιν,

262 5644 312 5674 ’⁸
341 5640 534 5697 l'l’im.
561 5655 623 5703 n,
647 5638 702 5703 5,
730 5636 783 5691 6.
847 5635 898 5668 ”
927 5634 1095 5691 lCor.
1123 5651 1213 5703 xv,
1244 5634 1339 5690 2!.

259 5783 389 5854 (3|)
423 5783 541 5854 ξητ.
573 5777 680 5854 Ed.
701 5775 870 5854 ‘Lips.
906 5787 1093 5841 praem.
1125 5771 1207 5854 τό.
1300 5841 1315 5854 _
1374 5842 1413 5854 _
1607 5849 1619 5854 Δ
1652 5839 1672 5854 .
1701 5839 1711 5851 .

427 5839 582 5926 ἇῦθρ.
635 5847 718 5905 Ad
755 5839 1130 5904 lianc—vocem
1159 5841 1216 5899 in
1248 5841 1338 5901 ed.
1374 5842 1532 5899 Rom.
1569 5849 1625 5900 et
1652 5839 1802 5913 Lips.

1821 4573 1868 4630 υ
1901 4570 2007 4616 est.

1885 3272 2130 3326 hominis
2156 3287 2300 3341 saepe
2329 3287 2387 3326 se
2423 3272 2604 3340 ipsum
2635 3272 2951 3341 appellavit.

1943 3367 1975 3407 .'
2007 3363 2222 3418 ERAN.
2255 3363 2378 3418 Non
2411 3365 2669 3434 congruit
2699 3363 2750 3416 ei
2795 3363 3041 3418 hominis
3085 3380 3311 3430 nomen,
3344 3363 3492 3421 sicut

1890 3471 2092 3512 nomen
2124 3456 2244 3512 Dei.
2691 3455 2694 3460 ’

1959 3546 2174 3603 ORTH.
2227 3548 2313 3603 An
2360 3546 2510 3618 quod
2558 3563 2754 3603 verum
2805 3563 2918 3603 non
2973 3549 3068 3612 sit,
3106 3563 3176 3603 an
3221 3549 3383 3603 aliam
3417 3549 3490 3604 ob

1891 3639 2154 3694 causam?

1959 3729 2171 3784 ERAN.
2205 3729 2418 3785 Nomen
2454 3731 2551 3786 Dei
2579 3747 2779 3786 nomen
2804 3739 2888 3786 est
2916 3740 3128 3786 naturze
3160 3748 3173 3784 :
3200 3731 3366 3786 homo
3394 3747 3494 3787 an-

1891 3826 2026 3883 tem,
2057 3833 2261 3874 nomen
2292 3819 2741 3890 diSpensationis.

1960 3909 2172 3966 ORTH.
2213 3913 2690 3981 Dispensationem
2723 3923 2908 3968 autem
2942 3929 3202 3968 veramne
3232 3914 3492 3982 dicimus,

1893 4017 1964 4058 an
1995 4002 2379 4074 imaginariam
2409 4006 2654 4076 aliquam
2685 4017 2742 4063 et
2771 4007 3000 4063 falsam?

1966 4095 2179 4152 ERAN.
2221 4097 2420 4153 Veram
2433 4139 2445 4153 .

1966 4187 2181 4246 ORTH.
2221 4190 2277 4247 Si
2328 4191 2500 4263 igitur
2531 4209 2660 4249 vera
2705 4201 2789 4249 est
2831 4194 3267 4267 dispensationis
3296 4193 3495 4266 gratia,

1895 4281 2338 4341 incarnationem
2377 4301 2513 4341 vero
2551 4287 2649 4343 Dei
2689 4288 2857 4344 Verbi
2892 4288 3237 4360 appellamus
3269 4288 3498 4356 dispen-

1896 4376 2192 4442 sationem,
2219 4394 2416 4450 v,erum
2445 4389 2532 4433 est
2558 4378 2727 4450 igitur
2751 4389 2808 4434 et
2835 4380 3078 4435 hominis
3111 4393 3336 4435 nomen.
3380 4377 3498 4433 Hu-

1896 4480 2062 4522 mana
2123 4469 2273 4524 enim
2339 4463 2626 4541 assumpta
2693 4477 2892 4525 natura
2953 4471 3123 4527 homo
3193 4470 3501 4542 appellatus

1968 4651 2179 4706 ERAN.
2229 4652 2370 4706 Ante
2421 4653 2740 4722 passionem
2792 4654 3102 4724 appellatus
3143 4661 3229 4709 est
3276 4652 3445 4708 homo
3483 4692 3498 4707 .

1897 4753 2025 4816 post
2050 4743 2366 4813 passionem
2393 4759 2529 4799 vero
2558 4760 2937 4816 nequaquam.
3486 4783 3490 4786 η

1971 4834 2184 4891 ORTH.
2221 4834 2476 4890 Profecto
2506 4842 2632 4906 post
2675 4835 2992 4905 passionem
3035 4846 3092 4891 et
3143 4843 3272 4907 post
3311 4853 3505 4893 resur-

1903 4928 2243 4994 rectionem,
2307 4927 2532 4999 scripsit
2563 4927 2860 4982 Timotheo
2920 4927 3226 4998 Epistolam
3282 4930 3509 4988 divinus

1903 5021 2221 5092 Apostolus,
2256 5020 2453 5091 in‘qua
2494 5019 2780 5075 Christum
2824 5018 3168 5074 Salvatorem
3211 5022 3512 5092 appellavit

1905 5111 2210 5168 hominem.
2263 5113 2395 5168 Post
2443 5111 2760 5182 passionem
2813 5119 2870 5167 et
2916 5113 3411 5181 resurrectionem,
3449 5120 3516 5173 ad

1899 5204 2222 5261 Corinthios
2267 5203 2523 5260 scribens
2564 5203 2808 5259 clamat:
2846 5223 2865 5256 ‹
2897 5202 3172 5270 Quoniam
3216 5205 3371 5261 enim
3421 5223 3521 5278 per

1901 5297 2186 5354 hominem
2209 5313 2379 5363 mors,
2397 5305 2458 5354 et
2473 5313 2571 5368 per
2593 5297 2878 5353 hominem
2902 5297 3241 5354 resurrectio
3264 5286 3522 5356 mortua-

1905 5404 2028 5444 rum
2051 5389 2120 5443 ".
2151 5407 2170 5441 ι
2218 5389 2288 5444 Et
2319 5388 2526 5444 clarius
2563 5388 2771 5445 docens
2799 5389 2870 5444 de
2902 5404 3014 5460 quo
3051 5389 3338 5460 loquatur,
3390 5390 3521 5446 sub-

1899 5481 2086 5553 junxit
2121 5499 2134 5537 :
2186 5500 2204 5534 ‹
2238 5481 2396 5539 Sicut
2430 5480 2581 5537 enim
2612 5481 2671 5538 in
2697 5481 2909 5538 Adamo
2939 5496 3136 5540 omnes
3169 5481 3520 5549 moriuntur,

1911 5768 2138 5845 ponitur
2170 5785 2410 5845 comma,
2451 5769 2519 5828 ad
2551 5769 2852 5845 ἀνάστασιν
2887 5788 3021 5829 vero
3051 5781 3345 5845 punctum.

1991 5841 2104 5913 (33)
2142 5856 2233 5915 γρ.
2265 5841 2507 5914 Utraque
2532 5841 2668 5898 edit.
2701 5857 2890 5912 praem.
2920 5849 3050 5916 γάρ.
