4112 6374
706 374 803 439 131

1717 373 2206 466 THEODORETI
2250 375 2590 437 EPISCOPI
2629 377 2998 438 CYRENSIS
3885 381 3973 446 132

703 489 780 543 ita
805 488 972 544 etiam
1002 488 1057 542 in
1087 486 1310 542 Christo
1330 501 1522 542 omnes
1551 484 1980 541 vivificabuntur
2008 487 2076 540 ’⁸.
2112 505 2129 536 ι
2165 486 2295 541 Post

2403 485 2541 541 οὕτω
2567 489 2662 542 καὶ
2692 489 2751 542 ἐν
2775 488 2854 560 τῷ
2877 489 3104 562 ,Χριστῷ
3135 491 3338 554 πάντες
3382 489 3896 562 ζωοποιηθήσονται.
3953 512 3969 545 ι

703 581 1017 654 passionem
1038 589 1093 634 et
1113 580 1599 641 resurrectionem,
1623 577 1845 632 divinus
1867 578 2062 632 Petrus
2078 577 2296 632 Judznos

706 672 1012 741 alloquens,
1040 670 1220 725 virum
1247 670 1358 743 94
1384 671 1562 741 ipsum
1594 669 1889 740 appellavit
1913 670 1980 722 ".
2020 670 2149 724 Post
2177 671 2297 740 ejus

708 763 761 818 in
797 763 966 818 caelos
993 761 1371 818 ascensionem
1409 762 1722 832 Stephanus
1742 771 1972 832 martyr,
1997 776 2122 815 cum
2161 760 2298 830 lapi-

707 854 872 909 dibus
902 853 1256 914 obrueretur,
1289 853 1428 908 dixit
1461 852 1666 908 ludatis
1699 869 1714 906 :
1759 871 1776 903 ι
1814 852 1954 906 Ecce
1993 852 2155 906 video
2181 866 2296 906 ca:-

708 945 792 999 los
851 953 1105 1014 apertos,
1155 952 1212 998 et
1244 943 1444 997 Filium
1474 941 1720 997 hominis
1751 951 1990 996 stantem
2034 957 2062 994 a
2090 940 2299 994 dextris

706 1036 805 1092 Dei
845 1038 910 1092 ".
944 1056 962 1088 ι
1010 1036 1092 1091 Ne
1128 1044 1318 1106 itaque
1360 1035 1464 1091 uOs
1508 1036 1875 1106 sapientiores
1918 1034 2299 1088 existimemus

707 1129 920 1200 magnis
947 1129 1299 1200 prmonibus
1330 1128 1603 1184 veritatis.

780 1307 990 1363 EBAN.
1024 1307 1144 1361 Non
1182 1303 1578 1374 sapientiorem
1616 1319 1703 1359 me
1735 1304 1942 1360 sanctis
1977 1302 2303 1358 doctoribus

707 1399 983 1462 existimo,
1011 1396 1107 1452 sed
1132 1395 1374 1452 nominis
1400 1411 1558 1451 usum
1586 1412 1698 1452 non
1723 1396 1963 1467 reperio.

783 1572 996 1630 ORTH.
1055 1572 1167 1629 Eos
1215 1542 1403 1646 igitur,
1453 1576 1552 1645 qui
1618 1575 1833 1630 Domini
1900 1574 2299 1628 humanitatem

707 1676 934 1737 negant,
984 1665 1392 1730 Marcionistas,
1443 1665 1698 1735 inquam,
1742 1673 1798 1720 et
1849 1664 2200 1726 Manichaeos,
2245 1675 2302 1719 et

709 1759 848 1812 alios
887 1758 981 1828 qui
1024 1757 1217 1811 eodem
1253 1755 1447 1810 morbo
1481 1755 1757 1821 laborant,
1789 1771 1900 1827 quo
1935 1765 2096 1827 pacto
2116 1756 2300 1811 addu-

2406 579 2561 632 Μετὰ
2599 580 2662 632 τὸ
2687 581 2860 645 πάθος
2887 583 2982 634 καὶ
3009 580 3108 653 τὴν
3137 583 3456 644 ἀνάστασιν,
3505 585 3532 636 ὁ
3566 583 3711 647 θεῖος
3743 585 3937 658 Πέτρος
3960 625 3973 646 .

2417 669 2697 735 Ἰουδαίοις
2720 673 3104 744 διαλεγόμενος
3125 715 3140 739 ,
3171 675 3340 747 ἄνδρα
3363 676 3527 729 αὐτὸν
3557 675 3974 747 προσηγόρευσε.

2406 763 2560 818 Μετὰ
2593 764 2691 836 τὴν
2719 767 2799 828 είς
2828 767 3093 837 οὐρανοὺς
3125 767 3413 838 ἀνάληψιν,
3446 769 3474 819 ὁ
3509 767 3823 832 καλλίνικος
3853 767 3973 820 Στέ-

2407 873 2574 924 φανος
2614 857 3123 930 λιθολευστούμενος
3169 859 3271 931 ἔφη
3307 863 3419 920 τοῖς
3460 859 3752 920 Ἰουδαίοις·
3791 876 3810 910 ι
3856 859 3975 912 Ἰδοὺ

2406 947 2596 1020 θεωρῶ
2621 951 2746 1013 τοὺς
2772 951 3030 1021 οὐρανοὺς
3059 950 3460 1020 ἀνεῳγμένους,
3499 949 3594 1002 καὶ
3621 950 3713 1002 τὸν
3739 949 3867 1002 Υίὺν
3891 949 3976 1001 τοῦ

2405 1041 2694 1113 ἀνθρώπου
2737 1042 2945 1096 ἑστῶτα
2977 1045 3041 1096 ὲκ
3080 1042 3270 1122 δεξιῷν
3295 1042 3390 1095 τοῦ
3421 1041 3578 1095 Θεοῦ.
3630 1061 3648 1093 ι
3684 1042 3778 1113 Μὴ
3807 1042 3976 1094 τοίνυν

2406 1135 2555 1204 ἡμᾶς
2581 1135 2780 1198 αὐτοὺς
2815 1136 3156 1207 σοφωτέρους
3185 1137 3572 1208 ὑπονοήσωμεν
3595 1133 3704 1187 τῶν
3738 1133 3978 1204 μεγάλων

2409 1227 2665 1298 κηρύκων
2693 1227 2792 1296 τῆς
2818 1227 3096 1298 ἀληθείας.

2483 1321 2685 1375 EPAN.
2715 1321 2789 1373 Οὐ
2823 1317 3131 1390 σοφώτερον
3152 1319 3388 1389 ἐμαυτὸν
3416 1319 3524 1372 τῶν
3545 1318 3715 1386 ἁγίων
3742 1316 3980 1370 διδασκά-

2411 1412 2517 1467 λων
2553 1414 2858 1484 ὑπείληφα,
2890 1413 3007 1466 ἀλλ’
3047 1413 3146 1483 οὐχ
3189 1413 3428 1483 εὑρίσκω
3467 1411 3565 1483 τὴν
3598 1411 3692 1466 τοῦ
3725 1411 3980 1480 ὀνόματος

2408 1504 2619 1574 χρείαν.
3175 1562 3186 1570 _

2477 1595 2630 1649 ΟΡΘ.
2668 1595 2806 1659 Τοὺς
2844 1589 2938 1650 οὖν
2983 1596 3350 1668 ἀρνουμένους
3381 1594 3475 1648 τοῦ
3520 1594 3725 1667 Κυρίου
3758 1594 3860 1665 τὴν
3890 1596 3982 1647 άν-

2409 1685 2767 1756 ορωπότητα,
2817 1687 3263 1753 Μαρκιωνιστὰς,
3296 1686 3460 1757 φημί,
3495 1685 3589 1739 καὶ
3619 1686 3949 1755 Μανιχαίους
3968 1725 3982 1746 ν

2409 1779 2503 1830 καὶ
2528 1779 2656 1840 τοὺς
2683 1777 2896 1843 ἄλλους,
2931 1779 3044 1831 ὅσοι
3073 1778 3278 1848 ταύτην
3302 1778 3516 1831 νοσοῦσι
3537 1777 3635 1848 τὴν
3665 1777 3840 1840 νόσον,
3876 1776 3986 1838 πῶς

709 1863 839 1913 cas,
895 1856 955 1902 ut
991 1831 1243 1901 veritatis
1289 1848 1599 1903 doctrinam
1645 1850 2083 1919 amplectantur?
2122 1865 2295 1904 annon

2411 1867 2477 1919 ἂν
2521 1831 2735 1918 πείσαιο
2779 1831 3116 1935 ὁμολογῆσαι
3162 1831 3262 1936 τῆς
3304 1865 3560 1937 ἀληθείας
3592 1831 3658 1918 τὸ
3689 1831 3986 1936 κήρυγμα,

709 1938 812 1994 ista
847 1948 904 1992 ct
936 1939 1142 1993 similia
1177 1939 1493 1994 testimonia
1529 1940 1841 2010 proferens,
1867 1940 2071 2010 quibus
2102 1943 2300 1996 doceas

661 2019 665 2023 ’
707 2046 819 2084 non
853 2031 1025 2084 Deum
1053 2038 1291 2096 tantum,
1333 2030 1428 2086 sed
1467 2031 1634 2086 etiam
1666 2031 1946 2086 hominem
1988 2046 2109 2086 esse
2141 2030 2286 2086 Chri-

707 2130 855 2176 stum
890 2121 1224 2176 Dominum?
2236 2127 2240 2130 ’

779 2211 987 2266 ERAN.
1030 2211 1129 2268 His
1155 2211 1388 2268 fortasse
1418 2212 1656 2284 proferri
1686 2228 1914 2269 necesse
1946 2219 2051 2268 est.

775 2301 986 2358 ORTH.
1064 2303 1284 2360 Fideles
1349 2315 1532 2360 autem
1603 2322 1703 2360 cur
1757 2306 2028 2376 dogmatis
2090 2305 2269 2359 verita

707 2405 818 2450 tem
882 2412 994 2449 non
1054 2395 1296 2451 doceas?
1339 2395 1624 2452 Oblitusne
1663 2413 1723 2452 es
1762 2397 1899 2468 legis
1964 2397 2298 2467 apostolicae,

704 2503 832 2558 qua:
859 2489 1103 2558 praecipit
1136 2492 1150 2506 '
1178 2503 1278 2542 nos
1302 2503 1520 2558 semper
1555 2498 1775 2558 paratos
1810 2504 1931 2543 esse
1968 2488 2037 2542 ad
2070 2503 2270 2557 respon

708 2579 949 2634 dendum
976 2581 1060 2633 ὀἳ
1095 2579 1524 2634 Consideremus
1549 2581 1655 2634 hoc
1684 2581 2017 2649 exemplum.
2049 2579 2302 2649 Optimus

708 2671 945 2726 militum
992 2671 1256 2742 magister
1295 2671 1519 2725 solusne
1561 2687 1689 2725 cum
1741 2671 1995 2726 hostibus
2031 2669 2297 2741 confligit,

707 2769 764 2816 et
808 2760 861 2815 in
900 2775 996 2814 eos
1043 2761 1270 2830 sagittas
1321 2761 1492 2815 mittit
1545 2769 1602 2815 et
1641 2763 1937 2832 jaculatur,
1997 2777 2302 2831 eorumque

706 2851 932 2906 ordines
959 2852 1288 2922 perrumpit,
1321 2866 1390 2905 an
1425 2866 1554 2905 suos
1584 2852 1752 2905 etiam
1781 2852 1984 2905 milites
2014 2863 2212 2917 armat,
2245 2861 2301 2906 et

706 2941 983 3012 disponit,
1006 2950 1062 2996 et
1099 2941 1166 2996 ad
1205 2940 1426 2997 fortiter
1455 2942 1814 3012 prmliandum
1848 2957 2040 2997 eorum
2083 2944 2300 2998 animos

706 3035 829 3091 ’JICi
839 3043 916 3089 tat
932 3035 954 3088 Ϊ

778 3125 985 3181 ERAN.
1020 3123 1138 3180 Hoc
1158 3123 1238 3178 illi
1268 3125 1545 3196 praecipue
1574 3125 1946 3196 praestandum
1975 3133 2082 3181 est.

780 3215 990 3272 ORTll.
1031 3215 1271 3285 Magistri
1314 3217 1462 3272 enim
1509 3217 1745 3271 militum
1778 3228 1966 3288 partes
1993 3233 2104 3272 non
2141 3225 2291 3282 sunt,

707 3317 768 3362 ut
789 3308 906 3376 ipse
938 3305 1161 3375 quidem
1186 3307 1430 3376 pericula
1460 3306 1640 3371 adeat,
1669 3316 1887 3376 stetque
1927 3307 1983 3361 in
2019 3307 2159 3372 acie,
2187 3307 2294 3360 mi-

705 3397 833 3451 lites
869 3411 1001 3450 vero
1043 3396 1098 3451 in
1133 3404 1426 3467 utramque
1465 3413 1654 3452 aurem
1695 3397 1937 3452 dormire
1964 3396 2108 3452 sinat
2142 3415 2155 3450 :
2197 3397 2294 3452 sed

708 3497 767 3543 ut
794 3488 894 3542 hos
929 3487 1096 3542 etiam
1134 3488 1414 3552 hortetur,
1450 3497 1511 3542 ut
1538 3495 1686 3542 stent
1724 3488 1780 3543 in
1817 3487 1956 3552 acie,
1990 3495 2046 3542 et
2069 3488 2297 3542 ordines

711 3589 961 3635 servent.

779 3671 988 3728 ERAN.
1031 3671 1234 3726 Verum
1263 3678 1368 3725 est.

773 3763 883 3834 95
915 3761 1126 3817 ORTH.
1158 3761 1276 3816 Hoc
1299 3762 1443 3816 idem
1474 3761 1604 3816 facit
1627 3771 1683 3816 et
1715 3761 1938 3818 divinus
1964 3763 2186 3819 Pauius.
2209 3763 2294 3819 Ad

703 3869 802 3909 eos
840 3852 988 3907 enim
1019 3851 1116 3922 qui
1145 3850 1502 3906 crediderant
1521 3851 1770 3906 scribens
1799 3869 1812 3905 :
1850 3871 1867 3902 ι
1901 3851 2170 3923 Accipite,
2207 3855 2293 3908 in-

705 3943 846 4013 quit,
877 3952 1212 3996 armaturam
1249 3940 1368 4004 Dei,
1411 3949 1470 3995 ut
1510 3942 1736 4010 possitis
1780 3943 2039 3998 resistere
2081 3945 2296 4000 insidiis

704 4034 909 4090 diaboli
936 4036 974 4086 ‘.
1004 4053 1021 4084 ι
1059 4034 1125 4090 Et
1151 4047 1345 4086 rursus
1377 4050 1389 4084 :
1431 4051 1449 4084 ι
1483 4031 1632 4086 State
1660 4049 1792 4102 ergo
1819 4033 2086 4090 succincti
2113 4038 2294 4106 quoad

704 4126 923 4183 lumbos
962 4139 1179 4180 vestros
1224 4126 1278 4178 in
1321 4125 1554 4179 veritate
1587 4126 1627 4190 ',
1658 4145 1674 4175 ι
1712 4136 1768 4179 et
1804 4141 1925 4196 qum
1964 4138 2292 4197 sequuntur.

705 4218 1020 4274 llemineris
1053 4217 1219 4270 etiam
1257 4231 1450 4269 eorum
1485 4231 1605 4285 qua:
1632 4232 1798 4286 supra
1830 4217 2070 4273 diximus
2101 4237 2112 4272 :
2145 4220 2293 4289 quod

704 4318 761 4366 et
783 4309 1028 4364 medicus
1049 4315 1256 4362 natura:
1280 4306 1502 4377 adjiciat
1528 4309 1846 4377 qualitatem
1869 4325 1990 4378 qua:
2013 4310 2092 4364 illi
2115 4311 2292 4368 deest.

705 4402 762 4457 Si
809 4401 954 4456 enim
1000 4397 1432 4468 deprehenderit
1481 4398 1791 4452 redundare
1845 4399 2118 4470 frigidam,
2159 4404 2292 4458 eali-

707 4493 832 4547 dam
862 4491 1071 4562 adjicit,
1097 4497 1152 4543 et
1193 4490 1330 4543 alias
1367 4489 1640 4544 similiter.
1686 4489 1799 4544 Hoc
1826 4492 1990 4545 etiam
2027 4493 2293 4550 Dominus

2403 4489 2636 4588 ψυχρὰν,
2677 4489 3005 4588 προστίθησι
3042 4489 3411 4590 την-θερμὴν,

799 4584 858 4636 it.

799 4586 858 4636 ἰ.

705 4586 978 4727 ΐρέῐζΑΝ.
1032 4673 1101 4726 Ει
1141 4671 1366 4726 ubinam
1413 4670 1672 4726 ostendes
1715 4671 1820 4726 hoc
1869 4672 2062 4729 fecisse
2103 4677 2289 4731 Domi-

707 4766 883 4821 num?

769 4856 980 4910 ORTH.
1023 4856 1080 4910 In
1116 4855 1319 4910 divinis
1346 4856 1677 4924 Evangeliis.

773 4948 978 5003 ERAN.
1020 4946 1261 5003 Ostende
1290 4948 1477 5019 igitur,
1508 4957 1563 5002 et
1593 4948 1757 5018 imple
1788 4951 2140 5020 promissum.

782 5123 994 5181 ORTH.
1028 5125 1168 5193 Quid
1199 5126 1537 5201 Salvatorem
1566 5125 1848 5183 Christum
1881 5134 2147 5201 putabant
2169 5153 2289 5194 esse

697 5218 915 5274 Judaei?

774 5314 981 5369 ERAN.
1021 5311 1335 5368 Hominem.

773 5404 982 5458 ORTll.
1037 5404 1191 5471 Quod
1248 5420 1377 5460 vero
1420 5402 1586 5458 etiam
1645 5403 1788 5461 Deus
1845 5421 2022 5481 esset,
2065 5417 2285 5484 penitus

706 5495 1070 5566 ignorabant?

2403 1957 2463 2009 οὐ
2503 1958 2707 2020 ταύτας
2742 1958 2838 2010 καὶ¹
2869 1957 2967 2020 τὰς
2999 1957 3257 2020 τοιαύτας
3298 1957 3608 2028 μαρτυρίας
3637 1957 3984 2028 προσφέρων,

2402 2049 2479 2112 ὡς
2507 2051 2607 2102 οὐκ
2631 2050 2747 2102 ἔστι
2771 2050 2904 2112 Θεὸς
2932 2049 3092 2118 μόνον
3119 2049 3406 2113 διδάσκων,
3431 2048 3568 2102 ἀλλὰ
3589 2049 3686 2103 καὶ
3705 2048 3985 2121 ἄνθρωπος

2399 2144 2428 2195 ὁ
2459 2143 2737 2213 Δεσπότης
2762 2143 2997 2214 Χριστός
3017 2158 3034 2209 ;

2473 2235 2678 2289 ΕΡΑΝ.
2723 2236 2884 2298 Ἴσως
2911 2235 3120 2298 τούτοις
3146 2234 3360 2304 ἀνάγκη
3386 2233 3739 2305 προσφέρειν.

2473 2327 2628 2382 ΟΡΘ.
2670 2325 2810 2390 Τοὺς
2837 2325 2891 2379 δὲ
2926 2325 3148 2389 πιστοὺς
3179 2324 3232 2378 τί
3267 2325 3465 2396 δήποτε
3497 2326 3570 2397 μὴ
3609 2324 3867 2396 διδάσκῃς
3897 2322 3984 2375 τοῦ

2403 2419 2672 2490 δόγματος
2706 2418 2804 2490 τὴν
2828 2418 3115 2489 ἀλήθειαν;
3150 2417 3182 2488 ἥ
3221 2418 3541 2490 ἐπιλέλησαι
3567 2418 3665 2488 τῆς
3697 2416 3985 2471 ἀποστολι-

2405 2511 2507 2579 κῆς
2531 2510 2870 2580 νομοθεσίας,
2893 2510 3002 2563 Ero:
3011 2527 3110 2580 μον
3138 2507 3277 2563 εἶναι
3302 2509 3438 2580 πρὸς
3460 2509 3759 2577 ἀπολογίαν
3787 2525 3986 2578 παρεγ-

2403 2597 2664 2670 γυὼσηςς
2702 2600 3079 2670 Σκοπήσωμεν
3113 2599 3169 2652 δὲ
3201 2598 3394 2662 οὓτως.
3437 2600 3494 2652 '0
3516 2599 3738 2670 ἄριστος
3792 2615 3985 2672 στρατ-

2403 2690 2538 2758 ηγὸς
2569 2691 2727 2762 μόνος
2757 2691 2869 2759 (54)
2891 2692 3003 2754 τοῖς
3038 2689 3317 2762 πολεμίοις
3352 2690 3749 2761 συμπλέκεται,
3782 2692 3877 2745 καὶ
3901 2706 3985 2742 το-

2405 2780 2550 2845 ξεύει
2571 2821 2585 2846 ,
2619 2783 2714 2835 καὶ
2757 2782 3065 2846 ἀκοντίζει,
3104 2781 3197 2834 καὶ
3223 2781 3478 2850 φάλαγγα
3513 2783 3800 2854 ῥήγνυσιν,
3831 2781 3864 2852 ἢ
3898 2781 3987 2833 καὶ

2403 2873 2533 2936 τοὺς
2578 2873 2918 2944 στρατιώτας
2961 2872 3312 2938 καθοπλίζει,
3362 2874 3456 2927 καὶ
3502 2873 3722 2937 τάττει,
3767 2874 3863 2928 καὶ
3912 2874 3985 2935 είς

2405 2963 2656 3035 ἀνδρείαν
2684 2964 2752 3017 τά
2787 2962 2993 3016 τούτων
3020 2963 3334 3035 παραθήγει
3364 2967 3719 3037 φρονήματας

2473 3137 2674 3194 ΕΡΑΝ.
2716 3139 2887 3193 Τοῦτο
2916 3140 3118 3210 μᾶλλον
3158 3142 3409 3212 ποιητέον
3438 3125 3588 3214 αὐτῷ

2471 3230 2623 3284 ΟΡΘ.
2668 3233 2744 3286 Οὐ
2771 3233 2880 3305 γὰρ
2913 3233 3046 3286 ίδιον
3088 3234 3186 3304 μὲν
3224 3235 3555 3306 στρατηγοῦ,
3594 3236 3656 3290 ﬁ)
3695 3237 3863 3292 αὐτὸν
3892 3238 3987 3308 μὲν

2400 3324 2862 3394 προκινδυνεύειν,
2913 3327 3007 3380 καὶ
3043 3328 3521 3398 παρατάττεσθαι,
3567 3331 3694 3394 τοὺς
3723 3330 3780 3385 δὲ
3823 3347 3985 3401 στρα-

2397 3416 2599 3481 τιώτας
2648 3419 2734 3472 ἐπ’
2768 3419 2936 3490 ἄμφω
2970 3419 3254 3473 καθεύδειν
3307 3422 3425 3492 ὲᾷν,
3459 3422 3595 3476 ἀλλὰ
3639 3426 3733 3477 καὶ
3773 3424 3987 3486 τούτους

2396 3507 2684 3580 διεγείρειν
2712 3512 2792 3576 εἰς
2823 3511 2920 3583 τὴν
2956 3512 3284 3584 παράταξιν.

2473 3682 2680 3737 EPAN.
2725 3682 2968 3755 Ἀληθές.

2468 3775 2622 3829 υΡΘ.
2663 3775 2836 3830 Τοῦτο
2878 3779 2973 3830 καὶ
3007 3777 3036 3830 ὸ
3072 3777 3214 3844 θεῖος
3250 3779 3482 3848 Παῦλος.
3515 3782 3645 3848 Τοῖς
3676 3785 3789 3856 γὰρ
3830 3801 3978 3839 πεπιι

2399 3867 2682 3923 στευκόσιν
2711 3869 3041 3924 ἐπιστέλλων
3062 3871 3269 3942 ἔλεγεν·
3309 3893 3328 3926 ι
3372 3874 3696 3930 Ἀναλάδετε
3720 3877 3822 3949 τὴν
3856 3896 3985 3932 παν·

2396 3961 2591 4016 οπλίαν
2620 3960 2716 4014 τοῦ
2757 3961 2894 4015 Θεοῦ
2915 4003 2930 4027 ,
2965 3965 3050 4016 ἵνα
3079 3964 3344 4036 δυνηθῆτε
3373 3968 3687 4039 ἀντιστῆναι
3719 3970 3862 4042 πρὸς
3894 3971 3987 4033 τὰς

2402 4055 2683 4125 μεθοδείας
2716 4053 2808 4109 τοῦ
2841 4055 3112 4110 διαῦόλου.
3155 4073 3173 4109 ι
3223 4059 3334 4111 Καὶ
3384 4059 3565 4114 πάλιν·
3617 4079 3637 4113 ι
3674 4061 3850 4133 Στῆτε
3899 4059 3988 4116 οὖν

2399 4146 2839 4218 περιζωσάμενοι
2869 4149 2969 4210 τὰς
3013 4149 3225 4218 ὀσφύας
3259 4151 3413 4220 ὑμῶν
3445 4155 3502 4206 ἐν
3547 4153 3800 4226 ἀληθείᾳ,
3842 4175 3861 4208 ι
3902 4159 3990 4209 καὶ

2397 4240 2464 4294 τά
2497 4239 2646 4310 ἑξῆς.
2689 4241 3097 4312 Ἀναμνησθητι
3134 4242 3190 4294 δὲ
3221 4241 3257 4295 ὃ.
3288 4243 3383 4297 καὶ
3413 4244 3725 4317 ἔμπροσθεν
3761 4249 3982 4322 εἰρήκα-

2400 4347 2521 4400 μεν,
2563 4331 2644 4384 ὅτι
2673 4331 2768 4383 καὶ
2805 4333 2989 4402 ίατρὸς
3021 4333 3348 4404 προστίθησι
3395 4337 3493 4407 τὴν
3526 4337 3892 4394 ἐλλείπουσαν
3925 4350 3993 4414 τῇ

2398 4422 2558 4492 φύσει
2619 4422 2902 4493 ποιότητα.
2956 4425 3018 4477 Εἰ
3068 4426 3177 4496 γὰρ
3229 4425 3382 4498 εὕροι
3440 4429 3850 4495 πλεονάζουσαν
3901 4434 3992 4502 τὴ,

3459 4524 3556 4584 καὶ
3586 4523 3854 4589 ὡσαύτως
3900 4527 3993 4578 τὰ.

2391 4609 2579 4673 ἄλλας·
2611 4609 2770 4664 τοῦτο
2797 4611 2889 4664 καὶ
2909 4614 2939 4664 ὁ
2968 4612 3171 4684 Κύριος
3209 4615 3486 4684 ἐποίησεν.

2464 4701 2668 4755 EPAN.
2709 4704 2819 4756 Καὶ
2850 4703 2954 4756 ποῦ
2979 4704 3137 4758 τοῦτο
3165 4705 3360 4771 δείξεις
3389 4708 3731 4778 πεποιηκότα
3756 4707 3854 4762 τὸν
3891 4707 3973 4760 Κ..

2395 4811 2511 4866 ριον
2532 4811 2546 4858 ;

2463 4885 2615 4941 ΟΡΘ.
2665 4887 2755 4940 Ἐν
2775 4889 2887 4952 τοῖς
2915 4887 3080 4952 θείοις
3111 4890 3484 4959 Εὑαγγελίοις.

2467 4978 2670 5032 ΕΡΑΝ.
2713 4979 2894 5044 Δεῖξον
2937 4973 3052 5045 οὗν,
3103 4981 3196 5033 καὶ
3242 4984 3530 5054 πλήρωσον
3560 4985 3657 5056 τὴν
3690 4985 3808 5055 (53)
3855 4988 3983 5041 ὑπό·

2469 5089 2601 5124 εσιν.

2469 5090 2601 5124 εσιν.

2397 5090 2622 5218 σχΟΡΘ.
2667 5161 2733 5216 Τί
2765 5163 2854 5217 τὸν
2886 5164 3116 5238 Σωτῆρα
3149 5166 3386 5238 Χριστὸν
3421 5169 3669 5240 ἐνόμιζον
3710 5171 3984 5239 Ἰουδαῖοι,

2470 5340 2672 5395 ΕΡΛΝ.
2717 5342 3058 5414 Ἄνθρωπον.

2469 5434 2619 5487 ΟΡΘ.
2667 5436 2788 5489 Ὅτι
2812 5437 2866 5490 δὲ
2897 5439 2989 5491 κει.)⁵
3019 5439 3148 5504 Θεὸς
3176 5434 3266 5512 ἧν,
3297 5444 3641 5499 παντάπασιν
3671 5448 3936 5518 ἠγνόουνς

783 5652 828 5685 ⁹⁶
865 5653 882 5707 l
913 5652 1038 5709 Cor.
1081 5673 1170 5721 xv,
1212 5657 1303 5711 22.
1380 5659 1425 5689 ’⁷
1459 5659 1578 5714 Act.
1615 5678 1670 5725 ιι,
1695 5662 1785 5717 22.
1866 5665 1912 5698 9"
1947 5669 2066 5722 Act.
2097 5686 2189 5735 vn,
2222 5674 2289 5728 56

2403 5676 2432 5706 ’⁸
2469 5676 2487 5729 Ι
2519 5678 2663 5732 Petr.
2700 5697 2778 5743 ιιι,
2819 5681 2900 5735 l5.
2983 5683 2996 5713 '
3031 5684 3171 5754 Eph.
3202 5702 3277 5752 Vt,
3314 5688 3398 5741 15.
3491 5692 3509 5722 ¹
3539 5691 3673 5746 ibid.
3716 5693 3800 5749 Η.

775 5769 883 5839 (34)
920 5773 1095 5841 μόνος.
1129 5773 1206 5828 lta
1232 5773 1544 5860 legendum.
1575 5775 1740 5831 Sirm.
1780 5781 1984 5849 μόνοις.

2457 5791 2566 5854 (33)
2604 5794 2701 5862 τήν
2765 5795 2841 5851 Er
2864 5795 2952 5850 ed.
2987 5798 3143 5853 Rom.
3181 5809 3235 5856 et
3271 5801 3420 5865 Lips.
3457 5802 3746 5862 insertum.
