4112 6374
208 430 303 500 133

275 548 476 605 eam.
521 547 771 621 Ἀληθές.

279 644 431 698 ΟΡΘ.
475 642 772 714 Τοιγάρτοι
845 641 968 696 οῦτε

209 739 406 810 ἰκρῆνς

279 826 484 882 ΕΡΔΝ.
537 825 923 896 Ὠμολόγηται.

277 921 427 976 ΟΡΘ.
469 918 740 972 ’Δκουσον
783 916 962 970 τοίνυν
993 914 1160 970 αὐτοῦ
1211 914 1350 987 πρὸς
1390 914 1589 977 αὐτοὺς
1621 911 1811 980 λέγον-

206 1031 317 1076 τος·
349 1031 368 1063 ι
400 1009 581 1064 Πολλὰ
611 1009 748 1081 ἔργα
771 1008 887 1080 (36)
922 1006 1178 1074 ὑπέδειξα
1211 1008 1359 1077 ὑμῖν⁹
1383 1007 1538 1078 παρὰ
1571 1004 1664 1058 τοῦ
1695 1006 1810 1058 Πα-

206 1096 334 1167 τρός
377 1110 504 1164 μου,
535 1092 624 1145 διὰ
665 1094 820 1144 ποῖον
844 1090 1025 1143 αὐτῶν
1069 1089 1322 1154 λιθάζετὲ
1381 1105 1488 1160 με;
1533 1109 1551 1139 ι
1589 1088 1710 1141 Τῶν
1753 1088 1810 1140 δὲ

205 1185 535 1257 εἰρηκότων,
563 1202 584 1237 ι
612 1184 748 1255 Περὶ
774 1182 942 1236 καλοῦ
966 1181 1132 1252 ἔργου
1154 1183 1216 1235 οὐ
1246 1180 1541 1252 λιθάζομέν
1566 1196 1645 1245 σε,
1674 1179 1809 1233 ἀλλὰ

203 1278 337 1349 περὶ
371 1277 728 1348 βλασφημίας
753 1315 768 1342 ,
809 1275 892 1328 ὅτι
923 1273 1212 1345 ἄνθρωπος
1246 1273 1322 1327 ὣν
1366 1275 1545 1336 ποιεῖς
1580 1270 1808 1324 σεαυτὸν

201 1371 364 1435 Θεὸν,
406 1389 424 1421 ι
459 1369 766 1440 ἐπήγαγεν·
817 1384 838 1419 ι
883 1364 973 1419 Ἐν
1006 1365 1083 1437 τῷ
1112 1365 1265 1438 νόμῳ
1295 1363 1450 1435 ὑμῶν
1473 1365 1804 1433 γέγραπται·

211 1461 362 1530 Ἐγὼ
392 1456 568 1514 εἷπον·
616 1459 742 1513 Θεοί
774 1459 920 1512 ἐστε·
954 1459 1003 1511 εἰ
1030 1458 1276 1521 ἐκείνους
1305 1453 1424 1510 εἷπε
1455 1456 1633 1522 θεοὺς,
1669 1455 1806 1528 πρὸς

201 1554 294 1620 οὓς
320 1557 348 1608 ό
369 1553 532 1622 λόγος
555 1551 652 1605 τοῦ
676 1550 812 1605 Θεοῦ
842 1551 1079 1618 ἐγένετο,
1111 1551 1207 1603 καὶ
1235 1549 1296 1602 οὐ
1325 1547 1552 1603 δύναται
1575 1547 1805 1618 λυθῆναι

201 1647 234 1717 ἡ
265 1646 483 1717 Γραφή·
519 1644 580 1698 δν
608 1646 635 1696 ό
664 1642 856 1714 Πατὴρ
895 1644 1091 1714 ήγίασε
1121 1641 1217 1695 καὶ
1255 1641 1581 1694 ἀπέστειλεν
1609 1643 1690 1703 είς
1714 1639 1807 1694 τὸν

198 1735 430 1803 κόσμον,
457 1734 616 1803 ὑμεῖς
638 1732 845 1800 λέγετε,
876 1732 958 1784 ὅτι
981 1731 1355 1800 Βλασφημεῖς,
1388 1729 1470 1781 ὅτι
1499 1723 1652 1780 εἶπον
1677 1727 1807 1792 Υἱὸς

198 1825 293 1878 τοῦ
315 1824 461 1879 Θεοῦ
490 1820 664 1888 sive“;
689 1825 754 1877 Et
785 1824 848 1877 οὺ
874 1821 1012 1875 ποιῶ
1040 1822 1108 1875 τὰ
1148 1822 1287 1894 ἔργα
1307 1821 1400 1874 τοῦ
1429 1821 1641 1892 Πατρός
1674 1838 1802 1890 μου,

1033 640 1225 711 μαθεῖν
1289 639 1417 703 τοὺς
1483 636 1816 707 ἀγνοοῦντας

1277 427 1661 494 DIALOGUS
1701 428 1781 488 II.
1823 453 1893 462 —
1927 425 2427 488 INCONFUSUS.

1841 551 1886 609 Α
1987 545 2194 599 ERAN.
2236 545 2440 599 Verum
2471 551 2578 598 est.

3411 412 3510 477 iiii

1993 635 2202 691 ORTII.
2250 636 2387 691 Cum
2417 651 2552 707 ergo
2592 635 2931 706 ignorarent,
2962 629 3144 687 nonne
3181 646 3276 686 eos
3303 629 3517 686 discere

1919 730 2200 800 oportuit?

1988 821 2198 876 ERAN.
2240 817 2301 875 In
2339 820 2593 876 confesso
2624 831 2729 877 est.

1987 912 2200 968 OR'l‘l-l.
2237 914 2377 969 Audi
2413 929 2546 985 ergo
2578 914 2690 969 illis
2720 915 2997 969 dicentem
3028 932 3039 966 :
3082 933 3099 963 ι
3131 912 3298 969 Multa
3325 911 3513 981 (bona)

1914 1017 2087 1072 Opera
2133 1005 2350 1059 ostendi
2396 1005 2557 1059 vobis
2591 1020 2659 1058 ex
2693 1005 2855 1063 Patre
2902 1019 3049 1068 meo,
3097 1011 3326 1074 prepter
3365 1002 3514 1072 quod

1914 1111 2110 1150 eorum
2160 1112 2248 1150 me
2295 1096 2637 1166 lapidatis'?
2675 1114 2693 1147 ι
2729 1096 2797 1150 Ει
2846 1111 2973 1151 eum
3015 1095 3330 1150 dixissem:
3376 1092 3516 1160 (Ob

1915 1187 2123 1242 bonum
2169 1204 2312 1259 opus
2349 1203 2459 1242 non
2505 1187 2819 1258 lapidamus
2869 1197 2944 1252 te,
2987 1187 3083 1242 sed
3132 1188 3206 1241 ob
3252 1185 3515 1255 blasphe-

1913 1281 2102 1345 miam,
2124 1281 2271 1351 quod
2296 1297 2422 1336 cum
2450 1281 2618 1335 homo
2644 1281 2740 1345 sis,
2767 1280 2935 1335 facias
2958 1280 3195 1350 teipsum
3222 1280 3397 1333 Deum
3416 1278 3457 1340 δ,
3489 1295 3507 1326 ι

1913 1372 2200 1442 subjunxit
2231 1391 2242 1424 :
2273 1371 2332 1425 in
2368 1374 2488 1441 lege
2528 1379 2715 1425 vestra
2749 1371 3020 1440 scriptum
3053 1377 3138 1424 est
3169 1388 3181 1422 :
3214 1370 3329 1438 Ego
3354 1367 3470 1422 dixi
3497 1380 3510 1419 :

1911 1463 1999 1518 Dii
2039 1463 2194 1518 estis.
2243 1461 2300 1518 Si
2347 1462 2473 1517 illos
2515 1461 2655 1516 dixit
2697 1461 2853 1526 deos,
2891 1461 2960 1515 ad
3006 1477 3150 1531 quos
3193 1475 3376 1515 sermo
3413 1459 3512 1516 Dei

1912 1557 2090 1611 factus
2121 1566 2222 1621 est,
2259 1565 2454 1610 etnon
2485 1563 2669 1625 potest
2697 1554 2835 1609 solvi
2867 1553 3193 1624 Scriptura;
3227 1554 3305 1607 illi
3344 1567 3512 1621 quem

1909 1650 2075 1705 Pater
2104 1649 2470 1704 sanctiﬁcavit
2497 1655 2554 1703 et
2584 1648 2738 1704 misit
2766 1647 2820 1702 in
2847 1646 3137 1712 mundum,
3168 1662 3266 1701 vos
3289 1646 3510 1700 dicitis:

1910 1741 2288 1811 Blasphemas,
2321 1741 2451 1811 quia
2485 1741 2600 1796 dixi
2624 1756 2713 1795 me
2741 1739 3096 1795 esseFilium
3129 1739 3242 1810 96
3281 1739 3416 1793 Dei?
3454 1737 3509 1790 Si

1910 1849 2022 1887 non
2071 1833 2213 1888 facio
2264 1851 2435 1905 opera
2467 1837 2484 1854 ‘
2511 1835 2693 1890 Patris
2746 1833 2877 1898 mei,
2920 1849 3032 1887 non
3078 1833 3308 1888 creditis
3350 1831 3510 1886 mihi.

197 1916 280 1988 μὴ
311 1914 603 1970 πιστεύετέ
635 1932 745 1985 μοι·
777 1915 861 1967 ὅτι
908 1913 1020 1982 ἐγὼ
1062 1915 1122 1967 ἐν
1150 1912 1229 1984 τῷ
1266 1912 1442 1984 Πατρί
1487 1929 1618 1983 μου,
1650 1913 1747 1965 καὶ
1776 1914 1804 1965 ό

1908 1927 2044 1982 Nam
2071 1936 2128 1981 et
2147 1943 2249 1997 ego
2274 1928 2330 1982 in
2354 1928 2515 1982 Patre
2542 1941 2688 1991 meo,
2709 1936 2766 1983 et
2790 1927 2955 1982 Pater
2978 1927 3033 1981 in
3059 1942 3147 1980 me
3175 1935 3259 1980 est
3293 1925 3334 1979 '.
3378 1944 3394 1972 ι

199 2008 396 2079 Πατὴρ
436 2009 496 2060 ἐν
531 2005 655 2076 ἐμοί
685 2006 857 2060 ἐστιν.
886 2024 905 2057 ι

270 2099 478 2153 ΕΡΑΝ.
533 2098 620 2151 Ἐν
662 2091 745 2161 οἷς
778 2096 1020 2165 ἀνέγνως
1058 2097 1298 2167 ἀρτίως,
1331 2096 1542 2162 ἔδειξας
1573 2097 1664 2152 τὸν
1691 2095 1805 2150 Κύ-

200 2207 319 2263 ρων
351 2194 468 2254 τοῖς
507 2189 789 2254 Ἰουδαίοις
830 2189 964 2243 Θεὸν
994 2189 1208 2253 ἐαυτὸν,
1240 2189 1341 2242 οὐκ
1374 2190 1665 2262 ἄνθρωπον
1699 2189 1804 2242 δεί-

195 2282 396 2349 ξαντα.

268 2374 429 2431 ΟΡΘ.
470 2374 608 2428 οὐδὲ
641 2374 750 2446 γὰρ
783 2373 993 2427 ἐδέοντο
1020 2373 1215 2444 μαθεῖν
1238 2373 1377 2446 ὅπερ
1400 2374 1644 2446 ᾔδεισαν.
1680 2375 1804 2428 Ὀτι

197 2468 307 2541 γὰρ
336 2467 627 2539 ἄνθρωπος
655 2462 744 2536 ἦν,
769 2466 1013 2538 ᾔδεισαν·
1040 2466 1124 2520 ὅτι
1155 2466 1211 2520 δέ
1239 2467 1335 2520 καὶ
1364 2466 1498 2529 Θεδς
1521 2467 1799 2538 ὑπῆρχεν,

197 2560 303 2613 οὐκ
330 2559 580 2631 ᾔδεισαν.
615 2557 800 2612 Ταὺτδ
828 2557 885 2611 δέ
913 2556 1076 2610 τοῦτο
1107 2558 1205 2612 καὶ
1231 2558 1325 2612 ἐπὶ
1355 2555 1463 2610 τῶν
1488 2557 1801 2629 Φαρισαίων

199 2652 528 2722 πεποίηκεν.
557 2650 645 2713 Ὠς
673 2650 784 2722 γὰρ
805 2648 1079 2722 ἀνθρώπῳ
1106 2649 1272 2720 κοινῷ
1294 2650 1623 2721 προσιόντας
1654 2650 1800 2714 ἰδὼν,

197 2743 368 2814 ἠρετο
404 2742 607 2805 αὐτοὺς
635 2740 845 2804 οὕτως·
887 2760 904 2792 ι
939 2741 1003 2794 Ti
1037 2742 1167 2810 ὑμῖν
1193 2740 1342 2793 δοκεῖ
1365 2741 1496 2811 περὶ
1533 2740 1629 2793 τοῦ
1669 2742 1803 2812 Χρι-

200 2833 330 2901 τοῦ;
381 2834 531 2897 τίνος
577 2833 727 2886 ἐστὶν
775 2833 932 2895 υιός;
978 2850 997 2884 ι
1057 2833 1315 2886 Ἐκείνων
1356 2832 1414 2886 δὲ
1457 2833 1798 2904 εἰρηκότων,

205 2943 225 2976 ι
258 2923 371 2979 Τοῦ
414 2922 614 2987 Δασὶδ,
651 2941 670 2973 ι
694 2923 860 2985 αὐτὸς
893 2923 1144 2994 ἐπήγαγε
1165 2937 1180 2952 ·
1221 2942 1239 2974 ι
1278 2921 1402 2986 Πῶς
1429 2918 1523 2977 οὖν
1545 2923 1710 2976 Δαϐιδ
1739 2924 1797 2974 ἐν

198 3014 481 3086 πνεύματι
530 3012 736 3085 Κύριον
764 3012 928 3066 αὑτὸν
971 3012 1163 3079 καλεῖς
1199 3008 1338 3066 Εἷπε
1369 3012 1480 3084 γὰρ
1502 3053 1517 3076 ,
1549 3015 1737 3084 φησὶν,
1774 3015 1802 3066 ὁ

197 3109 410 3180 Κύριος
432 3106 512 3179 τῷ
533 3107 727 3179 Κυρίῳ
752 3122 856 3177 μου
884 3122 898 3138 ·
926 3106 1114 3160 Κάθου
1136 3108 1202 3160 ἐκ
1228 3106 1420 3170 δεξιῶν
1458 3124 1581 3178 μου.
1617 3126 1638 3157 ι
1669 3103 1800 3160 Εἶτα

1979 2101 2189 2156 ERAN.
2240 2101 2321 2156 Ex
2370 2100 2460 2154 bis
2506 2116 2630 2170 quae
2679 2100 2847 2154 modo
2900 2098 3168 2164 recitasti,
3217 2095 3511 2153 ostendisti

1908 2195 2205 2252 Dominum
2256 2193 2461 2250 Iudaeis
2508 2194 2684 2247 Deum
2737 2193 3017 2262 seipsum,
3065 2205 3177 2244 non
3227 2191 3511 2245 hominem

1905 2288 2340 2343 demonstrasse.

1980 2379 2194 2435 ORTH.
2220 2379 2411 2449 Neque
2431 2377 2580 2432 enim
2606 2392 2746 2447 opus
2774 2377 2884 2432 illis
2909 2375 3098 2431 eratid
3113 2377 3328 2431 discere
3357 2373 3508 2446 quod

1905 2482 2198 2528 noverant.
2221 2471 2512 2526 Hominem
2534 2470 2684 2525 enim
2712 2485 2834 2525 esse
2856 2478 3152 2532 noverant,
3177 2470 3350 2524 Deum
3372 2483 3508 2521 vero

1903 2564 2072 2620 etiam
2096 2563 2388 2618 esseillum
2417 2577 2528 2617 non
2565 2569 2854 2616 noverant.
2885 2560 3035 2615 Idem
3070 2560 3250 2630 ipsum
3286 2575 3510 2630 quoque

1903 2671 2033 2725 erga
2051 2657 2358 2710 Pharismos
2374 2655 2649 2726 prastitit.
2667 2654 2874 2708 Videns
2891 2654 3040 2708 enim
3061 2653 3185 2707 illos
3212 2652 3277 2706 ad
3308 2667 3365 2706 se
3386 2660 3510 2707 tan-

1905 2763 2072 2817 quam
2097 2747 2164 2801 ad
2181 2760 2528 2810 communem
2543 2745 2824 2798 hominem
2839 2743 3187 2807 accedentes,
3208 2757 3305 2796 eos
3330 2743 3410 2797 sic
3425 2741 3510 2797 in-

1905 2841 2208 2911 terrogavit
2227 2858 2270 2893 ει
2282 2838 2425 2906 Quid
2445 2838 2606 2892 vobis
2621 2836 2842 2893 videtur
2865 2837 2932 2891 de
2947 2836 3194 2892 Christo?
3209 2835 3510 2907 Cujusnam

1903 2941 1988 2987 est
2014 2932 2160 2987 ﬁlius
2188 2933 2243 2984 εἲ
2276 2952 2292 2982 ι
2316 2939 2373 2986 et
2407 2945 2531 2986 cum
2561 2929 3001 3000 respondissent,
3030 2948 3046 2979 ι
3067 2928 3311 2992 Davidis,
3345 2947 3363 2979 i
3393 2929 3549 2997 ipse-

1905 3023 2121 3078 addidit
2161 3041 2175 3076 :
2222 3039 2239 3072 ι
2274 3020 2563 3088 Quomodo
2589 3035 2722 3090 ergo
2758 3020 2930 3074 David
2976 3020 3030 3073 in
3070 3019 3282 3089 Spiritu
3324 3020 3512 3074 Domi-

1905 3132 2038 3170 num
2076 3116 2256 3186 ipsum
2287 3113 2487 3168 vocat?
2517 3112 2666 3167 Dixit
2692 3111 2864 3176 enim,
2903 3129 2921 3162 ›
2967 3111 3168 3181 inquit,
3199 3131 3215 3162 ι
3245 3110 3510 3164 Dominus

201 3199 602 3266 συλλογίζεται·
643 3215 663 3249 ι
702 3198 766 3251 Et
792 3192 887 3251 οὖν
922 3197 1129 3269 Κύριος
1159 3195 1327 3251 αὐτοῦ
1355 3197 1496 3262 ἐστι,
1529 3195 1650 3260 πῶς
1684 3197 1800 3260 υίὸς

1909 3206 2146 3260 Domino
2166 3220 2311 3260 meo:
2335 3204 2477 3260 Sede
2503 3220 2536 3257 a
2560 3203 2805 3258 dexteris
2835 3202 2974 3256 meis
2995 3204 3037 3254 ⁷.
3053 3223 3070 3253 ›
3108 3201 3320 3256 Deinde
3340 3200 3510 3255 ratio-

199 3287 375 3344 αὑτοῦ
404 3289 523 3342 ἐστι
543 3305 558 3354 ;
600 3305 620 3339 r

273 3464 482 3521 ΕΡΔΝ.
523 3465 682 3520 Κατὰ
725 3464 928 3521 σαυτοῦ
962 3465 1065 3536 τὴν
1100 3464 1413 3537 μαρτυρίαν
1457 3464 1800 3537 παρήγαγες.

211 3557 552 3629 ’Δναφανδὸν
595 3561 706 3630 γὰρ
747 3561 778 3614 ό
816 3558 1022 3629 Κύριος
1066 3559 1193 3623 τοὺς
1222 3558 1551 3628 Φαρισαίους
1593 3557 1805 3624 ἐδίδαξε

200 3650 281 3721 μὴ
331 3650 523 3703 καλεῖν
574 3649 740 3702 αὑτὸν
787 3650 904 3703 υἱὸν
942 3649 1126 3714 Δαϐὶδ,
1178 3648 1316 3702 ἀλλὰ
1345 3649 1552 3718 Κύριον
1611 3648 1798 3702 Δαὸίδ.

197 3745 306 3795 Διά
331 3741 390 3794 δὲ
418 3741 628 3795 τούτων
667 3741 944 3812 πέφανται
968 3739 1101 3805 Θεδς
1131 3739 1420 3795 καλεῖσθαι
1452 3739 1803 3811 βουλόμενος,

195 3835 320 3888 ἀλλ’
347 3836 451 3888 οὐκ
483 3834 790 3905 ἄνθρωπος.

269 3927 430 3980 ΟΡΘ.
472 3925 551 3982 Οὐ
578 3926 904 3998 προσέσχες,
933 3925 1009 3992 ὡς
1033 3925 1200 3992 ἔοικε,
1222 3928 1291 3997 τῇ
1314 3923 1437 3997 θεία
1456 3923 1802 3994 διδασκαλία.

192 4018 274 4074 Οὐ
307 4020 419 4092 γὰρ
449 4018 698 4073 ἀνείλετο
722 4018 1006 4073 καλεῖσθαι
1063 4018 1179 4082 υἱὸς
1213 4018 1396 4084 Δασιδ,
1450 4017 1586 4071 ἀλλὰ
1635 4035 1806 4090 προσ-

192 4114 417 4168 τέθεικε
447 4112 510 4166 τὸ
538 4113 738 4184 χρῆναι
768 4110 1122 4166 πιστεύεσθαι
1146 4112 1240 4165 καὶ
1267 4111 1474 4183 Κύριος
1521 4125 1662 4163 ειναι
1709 4108 1802 4162 τοῦ

190 4200 390 4256 Δισίὂ.
425 4199 600 4252 Τοῦτο
618 4199 728 4272 γὰρ
749 4199 994 4254 διδάσκει
1016 4199 1206 4269 σαφῶς
1228 4201 1307 4254 τό·
1339 4219 1360 4251 α
1392 4199 1454 4253 Ei
1475 4195 1569 4254 οῦν
1599 4199 1806 4270 Κύριος

189 4289 370 4345 αὐτοῦ
407 4291 548 4356 ἐστι,
589 4291 709 4354 πῶς
754 4292 872 4355 υίὸς
900 4292 1068 4346 αὑτοῦ
1094 4294 1280 4359 ἐστιν;
1321 4312 1340 4344 ι
1380 4293 1456 4346 Οὐ
1484 4294 1592 4363 γὰρ
1627 4287 1803 4354 εἶπεν.

188 4382 256 4436 ει
295 4383 512 4455 Κύριός
549 4386 723 4448 ἐστιν,
755 4385 870 4448 υίὸς
902 4385 1002 4438 οὐκ
1051 4384 1220 4438 ἔστιν·
1269 4385 1426 4438 ἀλλά·
1471 4405 1489 4437 ι
1527 4385 1654 4450 Πῶς
1692 4387 1806 4450 υἱὸς

187 4473 372 4527 αὑτοῦ
415 4477 601 4539 ἐστιν;
639 4493 658 4526 ι
700 4476 822 4528 ἀντὶ
854 4475 978 4539 τοῦ,
1013 4476 1154 4530 κατά
1181 4494 1233 4530 τι
1275 4477 1500 4549 Κύριος,
1539 4479 1632 4530 καὶ
1663 4480 1806 4534 κατά

1910 3299 2132 3356 cinatur
2166 3315 2179 3351 :
2221 3317 2239 3348 ‹
2272 3296 2329 3351 Si
2362 3312 2494 3367 ergo
2524 3303 2611 3352 est
2639 3297 2763 3368 ejus
2803 3294 3094 3360 Dominus,
3124 3293 3404 3364 quomodo
3427 3304 3513 3350 est

1908 3390 2031 3460 ejus
2065 3386 2213 3441 ﬁlius
2235 3385 2296 3440 εἳ
2334 3405 2352 3438 ι

1981 3479 2189 3534 ERAN.
2208 3477 2414 3534 Contra
2436 3485 2488 3532 te
2507 3477 2688 3548 ipsum
2712 3475 2959 3547 allegasti
2977 3475 3380 3530 testimonium.
3399 3476 3510 3530 Do-

1910 3570 2095 3625 minus
2106 3570 2252 3625 enim
2266 3570 2575 3625 Pharisaeos
2585 3577 2776 3640 aperte
2789 3568 3002 3632 docuit,
3020 3583 3089 3622 ne
3107 3583 3233 3622 eum
3248 3576 3514 3622 vocarent

1909 3659 2082 3714 ﬁlium
2100 3660 2343 3723 Davidis,
2363 3659 2459 3714 sed
2476 3659 2775 3714 Dominum
2793 3657 3037 3713 Davidis.
3060 3657 3138 3711 Ex
3158 3657 3362 3727 quibus
3382 3673 3512 3727 per-

1909 3750 2162 3821 spicuum
2193 3757 2299 3815 est,
2341 3748 2488 3818 quod
2522 3750 2672 3803 Deus
2707 3747 2974 3818 appellari
2998 3746 3152 3813 velit,
3177 3762 3288 3800 non
3320 3745 3509 3800 homo.

1979 3923 2191 3981 ORTII.
2239 3923 2322 3980 Ad
2365 3924 2607 3979 divinam
2654 3923 2967 3978 doctrinam
3003 3938 3221 3992 parum,
3257 3929 3320 3976 ut
3353 3922 3511 3976 vide-

1911 4026 2022 4082 tur,
2049 4017 2355 4072 attendisti.
2389 4017 2510 4072 Non
2537 4016 2684 4070 enim
2715 4015 3002 4085 prohibuit
3033 4031 3091 4069 se
3118 4015 3303 4068 vocari
3338 4013 3511 4068 ﬁliuni

1908 4108 2158 4173 Davidis,
2200 4107 2296 4164 sed
2351 4105 2575 4178 adjecit,
2619 4113 2876 4175 Oportere
2924 4103 3090 4158 etiam
3135 4100 3290 4156 credi
3332 4100 3512 4170 ipsum

1908 4218 2030 4258 esse
2060 4201 2357 4256 Dominum
2389 4198 2635 4253 Davidis.
2685 4195 2979 4252 Hoc‘enim
3012 4203 3200 4264 aperte
3239 4191 3402 4246 docet
3442 4191 3511 4245 ει-

1909 4293 2003 4348 lud
2037 4311 2050 4347 :
2093 4313 2110 4343 ι
2143 4289 2200 4347 Si
2244 4292 2411 4362 igitur
2441 4290 2712 4345 Dominus
2748 4289 2866 4360 ejus
2905 4295 3008 4350 est,
3039 4283 3320 4355 quomodo
3365 4282 3514 4336 ﬁlius

1908 4388 2029 4457 ejus
2055 4385 2172 4440 est?
2213 4405 2231 4437 ι
2265 4384 2386 4438 Non
2418 4382 2565 4437 enim
2603 4380 2743 4434 dixit
2779 4398 2792 4434 :
2826 4379 2880 4435 Si
2911 4379 3178 4432 Dominus
3214 4383 3318 4439 est,
3365 4373 3516 4427 ﬁlius

1909 4496 2019 4534 non
2055 4488 2141 4533 est
2185 4497 2197 4531 :
2243 4477 2361 4542 sed,
2409 4496 2426 4528 ι
2475 4475 2754 4546 quomodo
2797 4473 2944 4527 ﬁlius
2979 4473 3100 4542 ejus
3133 4468 3251 4524 est?
3289 4487 3307 4519 ι
3353 4465 3512 4536 quasi

187 4581 241 4620 τι
266 4566 416 4631 υἱός.
442 4566 630 4620 Ταῦτα
655 4567 711 4620 δὲ
740 4566 1004 4638 ἄντικρυς
1035 4569 1128 4622 καὶ
1152 4568 1252 4643 τὴν
1280 4568 1513 4641 θεότητα
1537 4569 1801 4637 δείκνυσι,

1911 4571 2144 4634 diceret,
2174 4569 2283 4624 alio
2326 4580 2583 4638 respectu
2617 4579 2701 4622 est
2740 4567 3029 4631 Dominus,
3062 4565 3170 4619 alio
3205 4573 3388 4617 autem
3425 4567 3513 4615 est

188 4654 287 4706 καὶ
322 4655 434 4726 τὴν
471 4654 891 4727 ἀνθρωπότητα.

255 4836 487 4890 EPAN.
530 4834 607 4887 Οὐ
648 4833 809 4905 χρεία
844 4833 1247 4905 συλλογισμῶν.
1305 4835 1604 4909 ’Λντικρυς
1634 4837 1743 4908 γὰρ
1777 4838 1805 4889 ὁ

184 4928 410 5002 Κύριος
430 4928 694 4995 ἐδίδαξεν,
717 4927 792 4992 ὡς
819 4929 879 4981 οὺ
908 4928 1157 4998 βούλεται
1175 4929 1460 4982 καλεῖσθαι
1484 4932 1598 4994 υίὸς
1620 4931 1801 4986 Δαϐἱδ.

249 5023 427 5079 ΟΡΘ.
478 5021 626 5074 Ἔδει
654 5021 838 5074 τοίνυν
866 5023 957 5075 καὶ
990 5024 1115 5085 τοὺς
1145 5021 1407 5090 τυφλοὺς,
1441 5025 1537 5077 καὶ
1561 5027 1659 5094 τὴν
1688 5025 1805 5077 Χα-

181 5116 454 5178 ναναίαν,
490 5114 586 5165 καὶ
617 5114 801 5183 μέντοι
833 5115 1079 5178 καὶτοὺς
1107 5114 1298 5185 ὄχλους
1326 5115 1559 5181 διδάξαι,
1599 5115 1674 5188 μὴ
1706 5133 1808 5170 κα-

180 5210 293 5264 λεῖν
350 5205 534 5262 αὑτὸν
577 5205 692 5258 υἱὸν
727 5204 907 5258 Δαϐίδ.
955 5207 1066 5259 Καὶ
1116 5207 1228 5278 γὰρ
1276 5210 1327 5261 οἱ
1376 5208 1566 5276 τυφλοὶ
1615 5209 1806 5263 ἐϐόων·

1909 4665 2074 4718 ﬁlius.
2117 4664 2243 4718 ilzec
2268 4677 2402 4717 vero
2433 4661 2725 4716 manifeste
2770 4660 3119 4715 divinitatem
3168 4656 3417 4709 indicant
3454 4662 3516 4709 et

1905 4753 2330 4807 humanitatem.
2985 4817 2990 4822 ἰ

1975 4843 2084 4912 97
2109 4842 2319 4896 EltAN.
2349 4840 2470 4894 Non
2493 4854 2631 4910 Opus
2649 4847 2733 4893 est
2753 4833 3295 4891 ratiocinationibus.
3320 4831 3513 4887 Domi-

1904 4948 2012 4986 nus
2027 4931 2174 4985 enim
2191 4940 2378 5001 aperte
2400 4929 2591 4984 docuit
2607 4927 2752 4982 nolle
2777 4942 2835 4981 se
2860 4926 3046 4979 vocari
3075 4923 3246 4976 tilium
3265 4921 3511 4976 Davidis.

1981 5024 2192 5079 ORTH.
2218 5022 2526 5093 Oportebat
2557 5035 2688 5092 ergo
2723 5028 2779 5074 et
2806 5033 3000 5081 eazeos,
3037 5026 3094 5071 et
3118 5015 3511 5080 Chananaaam,

1907 5126 1963 5171 et
1986 5116 2177 5171 turbas
2202 5117 2423 5180 docere,
2457 5130 2527 5169 ne
2557 5113 2901 5183 appellarent
2922 5110 3082 5162 illum
3115 5107 3288 5161 ﬁlium
3344 5107 3514 5162 Davi-

1908 5209 2014 5265 dis.
2075 5209 2212 5263 Nam
2242 5215 2298 5262 et
2328 5207 2456 5262 caci
2482 5205 2793 5261 clamabant
2829 5222 2839 5254 :
2887 5221 2904 5252 ‹
2934 5201 3035 5256 Fili
3066 5199 3312 5264 Davidis,
3346 5197 3516 5253 mise-

189 5319 206 5351 ι
237 5302 341 5355 fit
374 5296 578 5359 Δαὸὶδ,
609 5297 835 5368 ἐλέησον
865 5299 1039 5368 ἡμᾶς.
1070 5317 1089 5350 ι
1130 5299 1240 5353 Καὶ
1268 5303 1301 5370 ἡ
1327 5301 1632 5354 Χαναναία·
1668 5321 1685 5352 ι
1714 5301 1804 5355 Υἱέ

1909 5320 2033 5360 rere
2060 5303 2235 5358 nostri
2270 5305 2325 5368 ⁹;
2359 5321 2376 5353 ι
2407 5300 2793 5356 ctChananaea
2821 5316 2884 5350 ει(
2919 5296 3022 5350 Fili
3055 5293 3304 5359 Davidis,
3345 5293 3517 5347 mise-

185 5395 379 5460 ηαδ,
429 5391 662 5463 ἐλέησόν
695 5408 790 5462 με,
814 5394 847 5461 ἡ
876 5390 1127 5464 θυγάτηρ
1161 5409 1263 5463 μου
1290 5392 1477 5456 κακῶς
1502 5393 1807 5465 δαιμονίζε-

183 5501 291 5540 ται·
337 5505 359 5539 ι
407 5483 516 5539 καὶ
544 5481 608 5535 τὸ
642 5481 868 5552 πλῆθος·
908 5501 926 5535 ι
976 5482 1209 5540 Ὡσαννὰ
1247 5484 1324 5555 τῷ
1355 5484 1458 5553 υίῴ
1491 5484 1675 5538 Δαϐίδ·
1713 5487 1804 5538 εὑ-

254 5649 275 5677 ²
303 5647 486 5703 Joan.
521 5660 576 5704 ι.
615 5643 703 5696 52.
784 5641 804 5671 ⁸
829 5640 966 5694 ibid.
995 5641 1084 5698 53.
1157 5647 1178 5678 '
1211 5646 1347 5702 ibid.
1381 5645 1568 5702 34-58.
1631 5646 1651 5677 ⁸
1680 5646 1804 5701 Matt

1908 5648 2133 5707 “11.42.
2215 5651 2234 5680 "
2259 5648 2395 5704 ibid.
2436 5648 2520 5704 45.
2601 5643 2621 5673 ⁸
2657 5643 2790 5698 ibid.
2824 5642 2915 5706 44,
2953 5641 3042 5696 45.

185 5717 270 5785 33,
301 5717 405 5773 59.
497 5714 542 5744 "
571 5712 765 5768 Matth.
791 5728 883 5776 xv,
926 5711 1017 5764 2‘2.

253 5860 373 5922 (ῖοίῖι
409 5853 577 5920 ἔργα.
606 5849 885 5906 Omissum
914 5855 1001 5900 est
1036 5843 1191 5898 καλά.

1913 5414 2038 5453 rere
2088 5397 2220 5463 mei,
2259 5396 2368 5450 ﬁlia
2421 5411 2542 5449 mea
2578 5394 2720 5448 male
2755 5408 2784 5446 a
2815 5388 3085 5444 daemonio
3112 5395 3344 5441 vexatur
3377 5384 3459 5438 ‘°:
3492 5402 3510 5435 ι

1911 5497 1967 5544 et
2017 5491 2302 5559 populus:
2357 5506 2376 5539 ι
2414 5487 2671 5541 "osanna
2737 5485 2850 5538 ﬁlio
2899 5479 3142 5546 Davidis,
3185 5477 3519 5535 benedictus

3125 5640 3145 5670 ⁹
3179 5637 3316 5692 Luc.
3351 5646 3508 5697 xvtu,
