4148 6392
722 335 821 402 135

717 449 818 517 qui
846 448 998 504 venit
1025 447 1078 501 in
1106 445 1326 507 nomine
1355 443 1570 499 Domini
1597 446 1657 498 “.
1693 462 1710 493 ι
1749 443 1817 498 Ει
1847 459 1956 498 non
1986 444 2148 499 modo
2185 459 2294 498 non
2326 456 2368 512 Α

719 556 864 612 mgre
911 541 1058 604 tulit,
1109 539 1203 593 sed
1252 538 1414 592 ﬁdem
1455 537 1618 592 etiam
1657 536 1920 590 laudavit.
1959 536 2092 590 Nam
2122 550 2297 590 aneos

723 637 1038 706 longissima
1081 645 1242 690 nocte
1278 634 1554 697 liberavit,
1605 641 1662 687 et
1708 632 1929 686 videndi
1981 632 2296 687 facultatem

721 725 803 781 eis
837 726 1080 781 donavit.
1114 725 1434 780 Chananeus
1457 739 1589 778 vero
1625 723 1793 777 ﬁliam
1837 723 2000 777 furiis
2041 723 2296 792 agitatam

719 817 866 872 et-de
893 810 1451 872 mente‘deturbatam
1477 815 1709 879 sanavit,
1736 817 1822 870 ct‘
1840 814 2296 869 nocentissimum

719 907 929 976 expulit
954 907 1277 962 daemonem.
1295 906 1431 962 Cum
1447 915 1631 961 autem
1652 906 1930 976 principes
1947 904 2297 960 sacerdotum

719 1005 776 1052 et
807 997 1064 1053 Pharisaei
1095 999 1512 1054 oﬁ‘enderentur
1544 999 1631 1053 his
1656 997 1750 1068 qui
1774 996 2104 1061 clamabant,
2137 1017 2155 1047 ι
2184 997 2297 1052 Ho-

719 1105 895 1144 sanna-
922 1090 1033 1145 ﬁlio
1075 1092 1317 1150 Davidis.
1347 1111 1366 1143 ι
1403 1108 1514 1146 non
1557 1091 1720 1147 modo
1755 1106 1868 1145 non
1892 1090 2154 1160 repressit
2186 1091 2300 1145 cla-

721 1193 955 1249 mantes,
1000 1183 1094 1238 sed
1134 1184 1298 1237 etiam
1353 1183 1586 1238 faustam
1645 1183 1794 1238 illam
1846 1181 2298 1238 acclamationem

721 1274 1086 1328 conﬁrmavit.
1139 1294 1158 1326 ‹
1192 1277 1384 1337 Amen,
1432 1274 1633 1344 inquit,
1691 1274 1817 1330 dieo
1847 1273 2026 1338 vobis,
2078 1273 2298 1330 etiamsi

720 1362 774 1415 hi
809 1364 1097 1426 tacuerint,
1126 1362 1334 1433 lapides
1365 1363 1681 1418 clamabunt
1709 1364 1772 1418 η.
1811 1382 1830 1416 ι

790 1453 996 1509 ERAN.
1059 1455 1167 1510 Has
1220 1454 1618 1526 appellationes
1652 1463 1780 1511 ante
1833 1457 2295 1510 resurrectionem

721 1546 994 1610 toleravit,
1056 1545 1480 1602 accommodans
1519 1561 1578 1601 se
1622 1545 1922 1600 inﬁrmitati
1955 1560 2147 1601 eorum
2200 1545 2296 1616 qui

720 1637 965 1693 nondum
993 1637 1233 1708 perfecte
1265 1637 1614 1692 credideran'.
1635 1654 1654 1688 -:
1681 1645 1805 1706 post
1832 1637 2294 1692 resurrectionem

721 1742 851 1781 vero
877 1743 1278 1798 supervacanea
1310 1735 1438 1782 sunt
1463 1727 1580 1781 haec
1602 1726 1843 1781 nomina.

791 1816 1000 1872 ORTH.
1045 1818 1271 1872 Beatum
1307 1831 1441 1887 ergo
1474 1817 1703 1872 Paulum
1727 1833 1837 1886 quo
1861 1817 2054 1872 ordine
2086 1826 2295 1873 statuc-
2328 1836 2371 1891 Β

719 1909 877 1963 mus?
908 1910 1051 1963 inter
1078 1902 1373 1978 perfectos,
1409 1925 1481 1963 an
1520 1909 1921 1978 imperfectos?

788 1999 995 2055 ERAN.
1019 1999 1080 2054 In
1115 1997 1284 2054 rebus
1303 1999 1466 2054 seriis
1488 2014 1593 2053 non
1617 2007 1701 2054 est
1725 1997 2050 2053 ludendum.

785 2089 992 2147 ΟΠΤΠ.
1030 2090 1142 2145 Nec
1170 2091 1568 2145 contemnenda
1587 2099 1671 2145 est
1696 2090 2008 2145 divinorum
2041 2091 2298 2146 oraculo-

719 2196 842 2234 rum
882 2180 1066 2235 lectio.

789 2269 996 2324 ERAN.
1030 2269 1164 2336 Quis
1200 2278 1284 2325 est
1306 2269 1444 2324 adeo
1483 2269 1694 2336 infelix,
1729 2277 1787 2325 ut
1816 2269 2094 2340 propriam
2126 2271 2301 2342 negli-

717 2368 808 2432 gat
839 2359 1111 2415 salutem?

787 2452 900 2522 93
950 2449 1159 2506 ORTH.
1215 2452 1297 2507 Ad
1352 2451 1839 2523 interrogationem
1889 2452 2180 2524 responde,
2243 2465 2301 2510 et

717 2559 980 2614 agnosces
1025 2543 1388 2613 ignorantiam
1420 2550 1586 2598 tuam.

789 2633 994 2689 ERAN.
1029 2634 1200 2702 Quam
1236 2634 1770 2706 interrogationem?

785 2723 997 2779 ORTH.
1043 2723 1163 2790 Quo
1204 2724 1326 2780 loco
1352 2725 1612 2795 ponimus
1649 2725 1896 2780 divinum
1929 2726 2300 2796 Apostolum?

786 2812 996 2867 ERAN.
1046 2812 1268 2868 Clarum
1302 2814 1450 2884 quod
1485 2815 1629 2870 inter
1653 2814 2084 2886 perfectissimos
2117 2817 2208 2883 sit,
2243 2825 2299 2872 et

718 2903 999 2974 perfectus
1018 2905 1299 2976 magister.

786 2994 996 3051 08TH.
1036 2994 1155 3061 Quo
1201 3009 1334 3051 vero
1397 3002 1644 3064 tempore
1701 2993 1982 3052 inchoavit
2028 2999 2298 3069 praedica-

720 3088 926 3143 tionem
945 3087 970 3141 τ

789 3181 997 3237 ERAN.
1040 3181 1170 3236 Post
1212 3179 1510 3235 Salvatoris
1553 3180 1952 3247 ascensionem,
1977 3190 2034 3238 et
2059 3181 2299 3254 Spiritus
2325 3172 2368 3228 ο

719 3273 1037 3339 adventum,
1071 3281 1128 3328 et
1154 3271 1416 3344 Stephani
1442 3274 1696 3344 martyris
1719 3273 2130 3344 lapidationem.

789 3469 999 3526 ORTH.
1023 3469 1076 3525 ls
1094 3484 1219 3525 cum
1251 3470 1357 3525 sub
1386 3469 1514 3525 vitae
1535 3469 1699 3525 ﬁnem
1728 3469 1976 3524 ultimam
2006 3469 2298 3539 epistolam

719 3561 986 3618 scriberet
1002 3561 1068 3616 ad
1085 3561 1416 3630 discipulum
1432 3561 1803 3624 Timotheum,
1828 3560 1988 3630 eique
2011 3561 2181 3615 veluti
2200 3575 2299 3632 pa-

720 3662 932 3708 ternam
961 3653 1250 3723 quamdam
1277 3651 1655 3708 hereditatem
1681 3661 2013 3706 testamento
2035 3653 2295 3715 traderet.

720 3744 835 3800 haec
856 3746 1022 3799 etiam
1041 3743 1280 3814 adjecit:
1326 3763 1343 3794 ι
1372 3743 1666 3808 Memento,
1691 3743 1874 3798 Jesum
1898 3742 2178 3798 Christum
2208 3760 2299 3800 reo

719 3836 1026 3890 surrexisse
1077 3850 1107 3888 a
1149 3834 1384 3890 mortuis
1406 3847 1474 3889 ex
1507 3833 1714 3888 semine
1747 3833 1969 3888 Davidis
1996 3835 2298 3891 secundum

719 3928 1071 3998 Evangelium
1108 3943 1290 3982 meum
1347 3927 1409 3978 ¹³.
1444 3945 1462 3977 ι
1516 3926 1980 3982 Commemoravit
2023 3927 2190 3982 etiam
2233 3943 2297 3983 ea

721 4035 843 4090 qua:
858 4018 1134 4090 Evangelii
1152 4033 1313 4072 causa
1338 4033 1532 4087 passus
1560 4026 1664 4081 est,
1701 4018 1981 4088 Evangelii
2008 4019 2298 4074 veritatem

719 4128 788 4168 ex
819 4127 888 4168 eo
919 4111 1272 4166 conﬁrmans.
1307 4129 1323 4161 ι
1349 4107 1409 4164 ln
1432 4123 1542 4180 quo
1565 4109 1774 4170 laboro.
1802 4109 2002 4179 inquit,
2029 4115 2204 4179 usque
2228 4111 2297 4166 ad

717 4203 958 4268 vincula,
981 4202 1137 4273 quasi
1170 4199 1450 4255 maleﬁcus
1477 4200 1540 4253 ".
1580 4219 1598 4250 ι
1636 4200 1804 4254 Multa
1833 4200 2148 4272 huiusmodi
2189 4201 2295 4256 alia

721 4292 1033 4349 testimonia
1057 4291 1214 4347 facile
1238 4290 1374 4346 mihi
1405 4298 1528 4345 erat
1549 4289 1818 4360 proferre,
1842 4290 1937 4346 sed
1965 4306 2296 4361 supervaca-

718 4399 885 4440 neum
917 4382 1244 4439 existimavi.

789 4473 996 4530 EBAN.
1044 4471 1329 4569 Pollicitus
1366 4479 1416 4525 te
1462 4478 1836 4569 ostensurum,
1874 4472 2166 4527 Dominum
2196 4473 2296 4528 do—
2328 4513 2372 4569 υ

719 4567 989 4629 ctrinam,
1035 4578 1157 4632 quae
1204 4562 1366 4626 desit,
1422 4563 1711 4633 egentibus
1760 4578 2094 4633 proponere,
2145 4564 2294 4634 quod

719 4653 1022 4710 Pharisaaos
1062 4651 1282 4722 quidem
1334 4660 1389 4706 et
1428 4652 1669 4722 reliquos
1709 4652 1926 4708 Judaeos
1951 4652 2295 4710 divinitatem

719 4761 875 4804 suam
902 4745 1174 4808 docuerit,
1204 4744 1388 4798 dixisti
1425 4762 1439 4798 :
1464 4744 1612 4814 quod
1637 4750 1652 4764 '
1676 4761 1808 4802 vero
1835 4746 2000 4802 etiam
2034 4745 2102 4803 de
2129 4763 2294 4804 carne

718 4851 818 4894 sua
846 4835 1189 4901 disseruerit,
1220 4850 1330 4889 non
1361 4834 1669 4891 ostendisti.

786 5016 996 5074 ORTH.
1022 5013 1280 5072 Omnium
1314 5014 1551 5074 maxime
1576 5030 2048 5086 supervacaneum
2077 5028 2199 5076 erat
2225 5020 2294 5076 de

715 5124 904 5173 carne,
941 5125 1105 5180 quam
1157 5109 1437 5172 videbant,
1485 5109 1778 5166 disserere.
1812 5111 2110 5187 Evidenter
2142 5114 2293 5169 enim

715 5198 806 5253 illa
837 5205 893 5252 et
917 5197 1231 5261 comedens,
1257 5205 1313 5252 et
1338 5199 1555 5265 bibens,
1571 5207 1626 5255 et
1643 5200 1918 5267 laborans,
1941 5212 1997 5259 et
2014 5202 2296 5260 dormiens

716 5289 1064 5345 cernebatur.
1093 5287 1211 5360 09
1260 5289 1539 5353 Attamen,
1593 5303 1654 5346 ut
1694 5293 1864 5349 multa
1920 5309 1984 5349 ea
2034 5304 2089 5349 et
2145 5296 2292 5350 varia

714 5380 987 5438 omittam.
1014 5393 1135 5449 quae
1159 5379 1469 5448 passionem
1503 5393 1920 5450 prmoesserunt.
1955 5393 2080 5454 post
2100 5400 2286 5439 resur-

718 5470 1015 5526 rectionem
1047 5469 1351 5525 incredulis
1371 5473 1634 5542 apostolis
1664 5487 1770 5528 non
1795 5473 2158 5536 divinitatem,
2193 5475 2289 5529 sed

715 5562 1110 5618 humanitatem
1145 5562 1404 5620 ostendit.
1461 5584 1479 5618 ι
1509 5565 1704 5622 Videte
1733 5564 1903 5630 enim,
1936 5566 2137 5637 inquit,
2172 5582 2289 5620 ma-

794 5758 834 5790 "
867 5757 1056 5815 Matth.
1094 5777 1204 5827 xxi,
1233 5762 1286 5820 9.
1368 5763 1409 5796 "
1440 5761 1574 5820 Luc.
1613 5781 1721 5832 six,
1748 5763 1832 5820 40.
1911 5765 1952 5795 ’³
1982 5764 2027 5820 ll
2063 5763 2205 5819 Tim.
2237 5779 2294 5831 ιι,
2322 5764 2372 5818 8.

1720 337 2208 400 THEODORETI
2245 338 2584 402 EPISCOPI
2623 340 2990 404 CYRENSIS

3886 340 3978 406 136

2399 447 2700 517 λογημὲνος
2724 450 2752 502 ό
2782 449 3074 519 ἐρχόμενος
3099 448 3158 500 εν
3188 447 3412 519 ὀνόματι
3445 449 3675 520 Κυρίου.
3721 468 3738 501 ι
3785 450 3892 504 Καὶ
3920 451 3974 503 οὐ

2401 539 2563 606 μόνον
2583 539 2684 592 οὐκ
2708 539 3086 609 ἐδυσχέρανεν,
3117 539 3251 592 ἀλλὰ.
3277 541 3372 593 καὶ
3397 541 3496 610 τὴν
3522 539 3706 592 πίστιν
3732 539 3974 610 ἐπῄνεσε.

2399 630 2536 692 Τοὺς
2564 629 2663 699 μὲν
2690 630 2800 698 γάρ
2831 629 3063 698 τυφλοὺς
3084 632 3179 701 τῆς
3215 632 3571 702 μακροτάτης
3605 631 3802 695 νυκτὸς
3828 633 3978 702 ἠλευ-

2399 721 2640 791 θέρωσε,
2687 723 2781 774 καὶ
2808 721 2906 792 τήν
2937 721 3169 794 ὀπτικήν
3211 724 3398 788 αὐτοῖς
3449 725 3729 795 ἐνέργειαν
3777 725 3976 795 ἐδωρή-

2400 830 2548 868 σατο.
2577 813 2691 883 Τῆς
2711 813 2769 866 δὲ
2789 815 3101 878 Χαναναίας
3122 815 3222 886 τὴν
3243 815 3521 885 θυγατέρα
3542 815 3977 886 κορυϐαντιῶσαν

2399 906 2494 960 καὶ
2525 908 2833 977 μεμηνυίαν
2874 907 3087 972 ἰάσατο,
3118 908 3216 962 καὶ
3236 907 3327 960 τὸν
3357 907 3723 976 παμπόνηρον
3751 905 3978 978 ἐξήλασε

2397 995 2649 1066 δαίμονα.
2683 995 2804 1048 Τῶν
2836 995 2897 1050 δέ
2925 1013 2988 1064 γε
3021 997 3325 1068 ἀρχιερέων
3360 997 3454 1052 καὶ
3481 996 3793 1068 Φαρισαίων
3825 996 3979 1067 χαλε-

2399 1089 2698 1142 παινόντων
2725 1091 2838 1151 τοῖς
2867 1086 3084 1157 βοῶσιν,
3144 1107 3164 1142 r
3211 1087 3437 1142 Ὡσαννά
3473 1087 3550 1147 τῶ
3587 1087 3690 1157 υίῷ
3736 1089 3923 1152 Δαϐίὸ,
3959 1106 3975 1140 ι

2397 1178 2459 1232 οὐ
2494 1179 2653 1249 μόνον
2685 1179 2785 1232 οὐκ
2817 1178 3063 1234 ἐκώλυσε
3101 1180 3231 1244 τοὺς
3265 1179 3532 1248 βοῶντας,
3559 1178 3698 1232 ἀλλὰ
3731 1179 3825 1232 καὶ
3867 1178 3981 1232 εδε-

2397 1267 2602 1324 δαίωσε
2628 1269 2727 1340 τήν
2759 1270 3056 1342 εὐφημίαν.
3082 1288 3101 1317 ι
3137 1270 3312 1342 Ἀμὴν
3341 1270 3473 1341 γὰρ,
3503 1271 3631 1340 ἐφη,
3662 1269 3809 1339 λέγω
3832 1269 3979 1341 ὑμῖν.

2397 1359 2501 1415 κᾶν
2521 1355 2672 1417 οὗτοι
2705 1362 3024 1432 σιγήσωσιν,
3057 1362 3106 1414 oi
3135 1360 3272 1416 λίθοι
3301 1360 3683 1432 κεκράξονται.
3726 1379 3746 1412 ι

2469 1454 2673 1508 ΕΡΑΝ.
2709 1454 2929 1508 Τούτων
2957 1452 3064 1525 πρὸ
3089 1454 3190 1525 τῆς
3217 1453 3567 1515 ἀναστάσεως
3597 1452 3846 1522 ἠνείχετο
3877 1451 3980 1507 τῶν

2398 1545 2828 1618 προσρημάτων,
2867 1544 3175 1614 συγκατιὼν
3201 1548 3266 1616 τῇ
3295 1544 3553 1615 ἀσθενείᾳ
3575 1543 3685 1596 τῶν
3712 1543 3980 1614 μηδέποτε

2397 1638 2635 1708 γνησίως
2668 1637 3135 1692 πεπιστευκότωνο
3168 1636 3306 1708 μετά
3330 1635 3388 1689 δὲ
3418 1634 3514 1706 τὴν
3537 1635 3855 1702 ἀνάστασιν,
3890 1655 3982 1693 πε·

2401 1728 2559 1802 ριττὰ
2590 1730 2747 1783 ταυτὶ
2776 1730 2846 1784 τὰ
2869 1729 3128 1800 ὀνόματα.

2467 1821 2622 1876 ΟΡΘ.
2665 1821 2770 1875 Τὸν
2809 1817 2902 1875 οὖν
2941 1821 3212 1893 μακάριον
3243 1817 3457 1874 Παῦλον
3495 1818 3599 1874 ποῦ
3637 1818 3899 1892 τάξομεν,
3927 1820 3982 1875 εν

2400 1915 2514 1976 τοῖς
2543 1911 2787 1977 τελείοις,
2823 1912 2857 1982 ἢ
2885 1914 2943 1965 ἐν
2976 1914 3086 1976 τοῖς
3119 1912 3395 1980 ὰτελέσιν;

2469 2003 2677 2056 EPAN.
2714 2004 2788 2056 Οὐ
2820 2003 2927 2074 χρὴ
2954 2000 3176 2067 παίζειν
3215 2004 3272 2056 ὲν
3304 2006 3418 2068 τοῖς
3453 2004 3786 2069 σπουδαίοις.

2470 2093 2623 2150 0P8.
2664 2093 2738 2148 Οὐ
2787 2093 2893 2165 χρὴ
2940 2093 3040 2164 τῆς
3087 2093 3198 2147 τῶν
3255 2093 3414 2148 θείων
3457 2094 3652 2164 λογίων
3697 2095 3985 2164 ὀλιγωρεῖν

2400 2184 2783 2254 ἀναγνώσεως.

2470 2277 2679 2333 EPAN.
2721 2278 2833 2333 Καὶ
2870 2279 2955 2343 τίς
2986 2278 3132 2334 οὕτω
3163 2281 3476 2352 τρισάθλιος
3496 2323 3512 2349 ,
3542 2281 3618 2345 ὡς
3648 2280 3748 2352 τῆς
3775 2277 3984 2342 οἰκείας

2401 2369 2624 2442 ἀμελεῖν
2664 2370 2936 2440 σωτηρίας
2954 2387 2968 2436 ;

2471 2461 2625 2516 0P6.
2678 2461 2999 2533 Ἀπόκριναι
3027 2462 3163 2534 πρὸς
3191 2462 3291 2535 τὴν
3321 2462 3615 2535 ἐρώτησιν,
3643 2462 3740 2518 καὶ
3764 2460 3984 2534 μαθήσῃ

2399 2553 2498 2624 τὴν
2531 2552 2780 2622 ἄγνοιαν.

2469 2644 2673 2698 EPAN.
2716 2643 2885 2700 Ποίαν
2914 2644 3186 2717 ἐρώτησιν
3206 2663 3222 2713 ;

2470 2735 2623 2789 0P8.
2667 2735 2778 2788 Ποῦ
2807 2736 3082 2806 τάττομεν
3109 2737 3202 2790 τὸν
3237 2736 3381 2790 θεῖον
3406 2722 3731 2789 Ἀπόστολον
3755 2750 3773 2800 ;

2471 2827 2676 2881 EPAN.
2717 2828 2886 2897 Δῆλον
2912 2827 2988 2892 ὡς
3019 2829 3078 2882 ἔν
3100 2830 3216 2893 τοῖς
3242 2827 3621 2894 τελειοτάτοις,
3648 2823 3878 2880 καὶτῶν
3899 2839 3988 2880 τε·

2401 2917 2560 2970 λείων
2596 2917 2954 2972 διδασκάλων.

2471 3008 2624 3062 ΟΡΘ.
2671 3009 2804 3062 Πότε
2827 3009 2884 3063 δὲ
2912 3007 3008 3063 τοῦ
3044 3008 3404 3081 κηρύγματος
3429 3009 3662 3082 ήρξατο,

2474 3181 2674 3235 EPAN.
2703 3180 2859 3236 Μετὰ
2887 3180 2988 3252 τὴν
3021 3178 3116 3234 τοῦ
3148 3180 3400 3254 Σωτῆρος
3437 3181 3725 3253 ἀνάληψιν,
3751 3183 3850 3239 καὶ
3892 3183 3994 3258 τὴν

2400 3273 2497 3327 τοῦ
2525 3273 2846 3344 Πνεύματος
2889 3274 3260 3346 ὲπιέροίτησιν,
3306 3272 3401 3328 καὶ
3448 3274 3544 3345 τὴν
3570 3273 3853 3344 Στεφάνου
3897 3274 3993 3329 τοῦ

2401 3365 2698 3436 νικηφόρου
2729 3365 3071 3420 κατάλευσιν.

2471 3457 2624 3511 ΟΡΘ.
2657 3450 2830 3520 Οὗτος
2862 3459 2994 3531 παρ’
3028 3458 3160 3512 αὐτὸ
3193 3458 3287 3512 τοῦ
3318 3458 3434 3528 βίου
3479 3457 3541 3512 τδ
3566 3457 3721 3522 τέλος
3749 3459 3997 3530 ὲσχάτην

2399 3549 2628 3619 γράφων
2649 3550 2937 3622 ἐπιστολὴν
2965 3549 3216 3622 Τιμοθέῳ
3235 3550 3315 3621 τῷ
3345 3549 3583 3622 μαθητῇ,
3612 3551 3706 3605 καὶ
3729 3547 3845 3605 οἷόν
3871 3570 3904 3606 τ
3911 3569 3998 3606 ινα

2401 3640 2599 3711 κλῆρον
2638 3641 2788 3709 αὐτῷ
2821 3641 3074 3712 πατρῷον
3118 3641 3262 3695 κατὰ
3308 3641 3573 3712 διαθήκας
3615 3643 3959 3713 παραδιδοὺς
3982 3681 3998 3703 .

2400 3733 2493 3786 καὶ
2538 3732 2715 3786 ταῦτα
2759 3732 2991 3786 τέθεικε
3051 3752 3069 3784 ι
3105 3733 3433 3804 Μνημόνευε
3489 3733 3702 3805 Ἰησοῦν
3749 3735 4001 3806 Χριστὸν

2399 3823 2773 3895 ἐγηγερμένον
2803 3825 2867 3877 ἐκ
2900 3823 3109 3896 νεκρῶν
3133 3825 3197 3878 ὲκ
3221 3823 3536 3894 σπέρματος
3561 3825 3726 3878 Δαόὶδ
3757 3826 3909 3880 κατά
3936 3826 4002 3879 τὺ

2399 3916 2896 3987 Εὑαγγέλιόνομου.
2944 3935 2965 3969 ι
3021 3916 3300 3984 ’Υπέδειξε
3347 3916 3405 3970 δι
3454 3918 3548 3971 καὶ
3593 3918 3662 3972 τὰ
3708 3919 3858 3990 ὑπὲρ
3902 3918 3999 3973 τοῦ

2399 4007 2732 4075 Εὑαγγελίου
2769 4006 3102 4079 παθήματα,
3153 4008 3248 4062 καὶ
3286 4007 3463 4080 ταύτῃ
3503 4008 3718 4072 δεικνὺς
3751 4011 3858 4070 τὴν
3902 4011 4001 4065 τοῦ

2399 4099 2733 4168 Εὑαγγελίου
2771 4099 3047 4166 ἀλήθειαν.
3083 4119 3101 4152 t
3142 4101 3230 4154 Ἐν
3263 4095 3307 4169 ᾧ
3335 4100 3480 4171 γάρ,
3512 4101 3614 4172 ἔφη
3637 4141 3651 4165 ,
3685 4103 4006 4158 κακοπαθῶ

2403 4192 2566 4262 μέχρι
2592 4191 2815 4261 δεσμῶν
2841 4191 2917 4255 ὡς
2948 4191 3276 4261 κακοῦργος.
3314 4211 3332 4244 ι
3373 4192 3578 4257 Πολλὰς
3613 4193 3671 4246 δὲ
3699 4195 3795 4248 καὶ
3823 4196 4004 4261 ἄλλας

2397 4282 2610 4337 τοιάσδε
2659 4282 2965 4356 μαρτυρίας
2995 4283 3180 4354 ῥᾴδιον
3215 4279 3285 4356 ἦν
3322 4301 3410 4355 μοι
3448 4289 3818 4357 παραγαγεῖν,
3859 4288 4007 4342 ἀλλά

2397 4374 2668 4444 παρέλκον
2691 4373 2852 4428 τοῦτο
2883 4373 3166 4444 νενόμικα.

2467 4463 2671 4519 EPAN.
2709 4465 3110 4536 ’Υποσχόμενος
3129 4465 3345 4533 δείξειν,
3369 4468 3461 4522 τὸν
3478 4470 3682 4541 Κύριον
3702 4469 3806 4544 τὴν
3832 4473 4004 4527 emt.

2401 4573 2609 4610 πουσαν
2641 4555 2990 4610 διδασκαλίαν
3037 4557 3397 4630 προστιθέντα
3433 4562 3546 4624 τοῖς
3567 4561 3853 4631 δεομένοις
3876 4606 3892 4629 ,
3921 4564 4012 4620 ὅτι

2406 4650 2504 4721 μὲν
2554 4653 2666 4714 τοῖς
2696 4649 3008 4723 Φαρισαίοις
3049 4651 3150 4704 καὶ
3174 4654 3288 4715 τοῖς
3315 4651 3496 4717 ἄλλοις
3536 4653 3839 4720 Ἰουδαίοις,
3873 4660 4014 4726 περὶ

2401 4745 2499 4813 τῆς
2547 4743 2755 4806 οίκείας
2796 4741 3043 4813 διελέχθη
3092 4742 3381 4815 θεότητος,
3425 4745 3670 4818 εἴρηκας·
3705 4747 3789 4802 ὅτι
3843 4749 3910 4804 δέ
3943 4768 4014 4818 γε

2399 4836 2496 4888 καὶ
2525 4835 2622 4907 τὴν
2657 4835 2786 4906 περὶ
2823 4834 2926 4905 τῆς
2966 4835 3170 4910 σαρκὸς
3196 4835 3551 4891 διδασκαλίαν
3586 4840 4016 4912 προσήνεγκεν,

2398 4923 2498 4980 οὐκ
2522 4926 2830 4993 ἀπέδειξας.

2452 5016 2619 5071 -ΟΡΘ.
2649 5017 2902 5072 Μάλιστα
2925 5019 3024 5090 μὲν
3051 5019 3305 5093 περιττὸν
3326 5016 3396 5092 ἦν
3423 5022 3550 5094 περὶ
3573 5022 3674 5094 τῆς
3697 5025 4020 5103 ὁρωμένης

2393 5108 2744 5179 διαλεχθῆναι
2793 5109 3030 5181 σαρκόςο
3105 5111 3356 5184 ἐναργῶς
3425 5113 3534 5186 γάρ
3586 5115 3844 5187 ἑωρᾶτο,
3913 5124 4020 5176 καὶ

2393 5200 2648 5252 ἐσθίουσα
2679 5201 2773 5254 καὶ
2797 5200 3056 5265 πίνουσα,
3081 5203 3175 5256 καὶ
3193 5204 3465 5268 κοπιῶσα,
3493 5205 3586 5258 καὶ
3618 5208 4018 5270 καθεύδουσα.

2393 5289 2540 5361 Πλὴν
2577 5289 2749 5359 ὅμως,
2785 5290 2873 5343 ίνα
2898 5290 2968 5343 τά
2995 5291 3102 5360 πρὸ
3125 5308 3219 5345 του
3246 5292 3457 5358 πάθους
3488 5295 3674 5367 παρῶ,
3709 5299 3910 5355 πολλά
3948 5319 4020 5373 γε

2393 5381 2523 5435 ὂντα.
2575 5381 2671 5433 καὶ
2720 5381 2977 5452 διάφορα,
3021 5382 3161 5453 μετὰ
3206 5383 3308 5454 τὴν
3356 5383 3653 5438 ἀνάστασιν
3687 5387 4021 5449 ἀπιστοῦσι

2396 5480 2508 5541 τοῖς
2536 5477 2879 5545 ἀποστόλοις,
2904 5478 2966 5532 οὐ
3000 5478 3098 5550 τὴν
3117 5479 3370 5552 θεότητα,
3404 5482 3542 5537 ἀλλὰ
3569 5483 3668 5554 τὴν
3690 5485 4021 5559 ἀνθρωπό-

2398 5583 2537 5637 τητα
2583 5563 2772 5629 ἔδειξεσ
2824 5583 2844 5617 ι
2879 5566 3116 5624 Βλέπετε
3153 5569 3292 5640 γὰρ,
3321 5572 3485 5642 φησι,
3511 5573 3610 5636 τὰς
3653 5576 3865 5646 χεῖράς
3904 5600 4022 5655 μθυ

2456 5764 2497 5795 ’⁵
2524 5763 2660 5822 ibid.
2690 5764 2742 5820 9.
