4112 6374
211 393 302 462 1θῖ

1279 393 1657 455 DIALOGUS
1695 393 1778 453 II.
1817 418 1888 430 -ι
1928 394 2425 456 INCONFUSUS.

3388 396 3486 459 I38

214 505 300 559 καὶ
326 505 457 568 τοὺς
484 503 657 566 πόδας
688 519 814 574 μου,
843 500 924 553 ὅτι
952 498 1112 562 αὐτὸς
1139 499 1249 569 ἐγώ
1271 503 1410 570 ειμι·
1433 500 1793 572 ψηλαφήσατέ

1902 517 2009 555 nus
2055 517 2207 556 meas
2245 509 2302 556 et
2353 499 2520 570 pedes
2544 513 2716 564 meos,
2749 500 2876 570 quia
2902 513 3003 571 ego
3033 515 3150 571 Ipse
3185 515 3327 557 sum.
3365 504 3490 560 Pal-

221 607 306 668 μζ
329 599 426 652 καὶ
452 598 630 662 ἴδετε,
654 597 737 648 ὅτι
768 591 988 663 πνεῦμα
1014 591 1193 662 σάρκα
1217 592 1312 646 καὶ
1337 592 1502 646 ὀστέα
1533 592 1634 646 οὐκ
1661 592 1796 661 ἔχει,

220 687 394 754 καθὼς
429 686 532 758 tu}
561 685 819 757 θεωρεῖτε
839 682 1054 754 ἔχοντα.
1088 699 1108 734 ο
1151 680 1284 734 Ἰδού
1318 697 1400 734 σοι
1429 680 1798 752 πεπληρώκα-

221 795 316 848 μεν
345 777 444 846 τὴν
475 775 795 844 ὑπόσχεσινο
818 771 1100 842 ἐδείξαμεν
1131 771 1242 841 γὰρ
1269 775 1384 836 τοῖς
1415 772 1513 841 μὲν
1542 770 1798 840 ἀγνοοῦσι

217 870 316 938 τὴν
346 868 601 935 θεότητα,
630 865 731 936 τὴν
759 865 887 934 περὶ
920 862 1126 933 ταύτης
1166 861 1622 932 προσενεχθεῖσαν
1657 861 1801 914 διδα-

219 958 464 1012 σκαλίαν·
493 960 605 1021 τοϊς
628 957 686 1010 δὲ
706 955 992 1010 ἀπιστοῦσι
1018 956 1081 1024 τῇ
1109 954 1209 1024 τῆς
1239 954 1439 1023 σαρκὸς
1475 953 1797 1017 ἀναστάσει,

215 1049 419 1118 ταύτην
451 1047 872 1117 ἐπιδειχθείσαν·
899 1044 1105 1098 παῦσαι
1129 1044 1306 1097 τοίνυν
1341 1044 1682 1112 φιλονεικῶν,
1705 1044 1800 1096 καὶ

216 1141 314 1205 τὰς
345 1139 441 1192 δύο
471 1138 565 1192 τοῦ
590 1139 844 1209 Σωτῆρος
868 1136 1206 1206 ὀμολόγησαι
1237 1135 1450 1204 φύσεις.

288 1230 492 1285 ΕΡΑΝ.
533 1231 639 1283 Δύο
669 1228 778 1300 πρὸ
821 1230 917 1296 τῆς
947 1225 1192 1289 ἑνὼσεως
1234 1221 1408 1297 ἦσαν’
1446 1225 1798 1279 συνελθοῦσαι

217 1322 271 1376 δὲ
301 1322 432 1391 μίαν
461 1321 796 1376 ἀπετέλεσαν
827 1320 1012 1387 φύσιν.

282 1409 435 1464 ΟΡΘ.
473 1411 606 1463 Πότε
635 1410 692 1462 δὲ
722 1410 828 1481 φὴς
857 1409 1186 1477 γεγενῆσθαι
1214 1407 1313 1478 τὴν
1346 1407 1539 1459 ἕνωσιν
1568 1425 1582 1471 ;

287 1499 496 1552 ΕΡΑΝ.
531 1499 709 1561 Εὐθὺς
731 1496 841 1567 ἐγὼ
870 1497 1014 1565 λέγω
1046 1496 1200 1567 παρά
1226 1496 1326 1568 τὴν
1361 1496 1647 1566 σύλληψιν.

284 1590 436 1646 ΟΡΘ.
470 1590 574 1643 Τδν
602 1590 662 1642 δὲ
689 1588 822 1644 Θεὸν
849 1589 1022 1657 Λόγον
1038 1588 1101 1642 οὐ
1131 1589 1509 1660 προῦπάρχειν
1539 1588 1638 1657 τῆς
1675 1589 1801 1643 συλ-

215 1679 426 1752 λήψεως
455 1680 667 1748 λέγειςς

284 1773 488 1825 ΕΡΔΝ.
522 1769 760 1843 Πρὺτῶν
786 1769 997 1825 αἰώνων
1023 1766 1162 1824 εἷναί
1187 1788 1350 1843 φημι.

283 1865 438 1919 ΟΡΘ.
483 1864 596 1936 Τὴν
629 1864 692 1918 δι
717 1863 896 1935 σάρκα
923 1863 1291 1935 συνυπάρχειν
1325 1864 1514 1936 αὺτῷ;

281 1955 490 2010 ΕΡΑΝ.
527 1956 605 2009 Οὐ
635 1955 792 2024 δῆτα.

285 2049 438 2102 ΟΡΘ.
486 2048 625 2100 Ἀλλ’
655 2050 720 2101 ὲκ
750 2047 1066 2119 ῐίνεύματος
1085 2047 1247 2115 ἀγίου
1277 2047 1416 2117 μετὰ
1447 2047 1546 2117 τὴν
1583 2045 1677 2100 τοῦ
1703 2049 1801 2115 ἁγ-

218 2139 373 2206 τίλου
406 2139 810 2210 διαπλασθῆναι
841 2141 1188 2212 πρόρρησινς

285 2231 495 2284 ΕΡΑΝ.
528 2229 716 2294 Οὕτως
748 2230 912 2301 φημί.

285 2323 439 2376 ΟΡΘ.
485 2323 696 2375 Οὐκοῦν
726 2320 790 2375 οὗ
819 2322 912 2378 δύο
942 2318 1086 2394 ἦσαν
1129 2322 1234 2394 πρὸ
1277 2322 1381 2393 τῆς
1419 2322 1667 2388 ὶνώσεως
1700 2325 1804 2393 φύ-

220 2430 349 2478 σεις,
381 2413 520 2465 ἀλλά
553 2413 652 2484 μία
685 2413 842 2485 μόνη.
879 2413 1073 2485 Είγάρ
1106 2414 1458 2484 προῡπάρχει
1491 2415 1646 2485 μὲνὴ
1683 2415 1805 2470 θεό⁴

219 2521 333 2573 της,
365 2507 400 2576 ἡ
426 2506 484 2558 δέ
510 2522 573 2572 γε
611 2505 970 2578 ἀνθρωπότης
993 2507 1054 2559 οὐ
1099 2507 1442 2578 συνυπάρχει
1463 2523 1476 2537 ο
1507 2505 1799 2578 διεπλάσθη

220 2596 321 2666 γὰρ
355 2595 498 2664 μετά
528 2595 620 2648 τὸν
652 2596 945 2664 ἀγγελικὴν
995 2597 1306 2666 ἀσπασμὸν,
1349 2598 1619 2667 συνῆπται
1657 2599 1713 2652 δὲ
1735 2603 1799 2670 τῇ

219 2682 503 2740 διαπλας-ει
530 2690 561 2756 ἡ
593 2688 787 2751 ἓνωσις
807 2705 821 2718 ο
852 2688 951 2756 μία
974 2687 1084 2757 ἄρα
1107 2688 1268 2755 φύσις
1293 2689 1399 2758 πρὸ
1424 2690 1526 2760 τῆς
1555 2691 1803 2756 ὲνώσεως

220 2771 305 2848 ἧν,
327 2781 359 2846 ἡ
389 2778 480 2830 ἀεὶ
509 2774 659 2836 οὖσα,
691 2779 787 2830 καὶ
811 2778 922 2848 πρὸ
943 2777 1050 2830 τῶν
1081 2776 1295 2832 αίώνων
1319 2775 1474 2835 οῦσα.
1510 2780 1670 2834 nam
1694 2782 1802 2853 γὰρ

221 2869 309 2920 καὶ
342 2865 496 2931 αὖθις
551 2869 682 2922 αὐτὸ
710 2868 869 2922 τοῦτο
909 2870 1296 2941 σκοπήσωμεν.
1344 2872 1455 2941 Τὴν
1502 2874 1798 2944 σάρκωσιν,

221 2960 380 3029 how
433 2959 870 3031 ἑνανθρώπησιν,
930 2961 1057 3015 ἄλλο
1108 2979 1160 3016 τι
1199 2962 1443 3034 νομίζεις
1494 2965 1647 3035 παρὰ
1700 2967 1801 3035 τὴν

219 3051 410 3106 ινωσιν
431 3072 445 3116 ;

287 3145 489 3200 EPAN.
519 3145 674 3216 Ούκί.

289 3236 441 3290 υΡΘ.
473 3236 663 3306 Σάρκα
693 3237 803 3308 γὰρ
829 3237 1152 3310 προσλαϐὼν
1184 3239 1499 3312 ὲσαρκώθη.

288 3324 490 3379 EPAN.
514 3325 790 3381 Φαίνεται.

290 3416 437 3470 οΡΘ.
477 3418 754 3488 Συνῆπται
781 3419 838 3472 δὲ
873 3422 937 3492 τῇ
963 3419 1272 3491 προσλήψει
1305 3420 1589 3492 ήένωσιςῖ

289 3509 492 3564 EPAN.
525 3509 682 3564 Οὕτω
715 3511 878 3579 λέγω.

291 3603 439 3656 ΟΡΘ.
477 3603 594 3657 Μία
625 3600 718 3658 οῦν
761 3603 923 3672 φύσις
950 3603 1057 3676 πρὸ
1077 3605 1173 3675 τῆς
1214 3603 1677 3676 ὲνανθρωπήσεως
1707 3601 1795 3676 ἦν.

223 3693 289 3747 El
323 3695 430 3763 γὰρ
471 3694 668 3747 ταύτὸν
713 3693 908 3757 ἓνωσίς
938 3711 998 3747 τε
1024 3697 1120 3748 καὶ
1167 3695 1600 3766 ὲνανθρὼπησις,
1640 3699 1798 3766 ἐνην-

223 3786 479 3858 θρώπησε
511 3787 570 3839 δὲ
615 3786 712 3857 τὴν
743 3786 1090 3858 ἀνθρωπείαν
1121 3788 1284 3857 φύσιν
1314 3787 1515 3852 λαϐὼν,
1547 3789 1705 3842 ἔλαϐε
1743 3790 1800 3845 δὲ

222 3880 258 3951 ἡ
296 3879 389 3934 τοῦ
426 3878 564 3931 Θεοῦ
603 3879 785 3950 μορςὴ
819 3877 917 3949 τὴν
954 3877 1044 3931 τοῦ
1077 3878 1265 3932 δούλου
1299 3881 1536 3951 μορφὴν,
1568 3881 1668 3948 μία
1693 3881 1801 3954 ἄρα

223 3973 382 4040 φύσις
410 3974 442 4041 ἡ
470 3971 590 4023 θεία
618 3970 727 4040 πρὸ
756 3971 854 4039 τῆς
885 3969 1130 4033 ἑνώσεως
1151 3966 1242 4041 ἦν.

291 4063 498 4118 ΕΡΑΝ.
540 4063 652 4117 Καὶ
684 4062 803 4124 πῶς
837 4061 1032 4115 ταύτὸν
1060 4061 1252 4126 ἓνωσίς
1292 4079 1353 4115 τε
1394 4063 1489 4116 καὶ
1528 4064 1801 4135 ἐνανθρώ-

221 4171 420 4224 tam;

290 4247 444 4302 0P8.
479 4246 945 4318 Συνωμολόγησας
970 4246 1172 4316 ἀρτίως
1215 4247 1291 4317 μὴ
1323 4246 1604 4316 διαφέρειν
1637 4249 1798 4302 ταυτὶ

217 4337 288 4393 τὰ
312 4340 574 4408 ὀνόματα.

289 4430 492 4484 BDAN.
536 4432 660 4494 Τοῖς
692 4433 803 4494 σοῖς
835 4447 899 4500 με
927 4429 1291 4501 παρεκρούσω
1318 4430 1720 4501 συλλογισμοῖς.

1898 600 2024 660 pate
2061 607 2169 656 me,
2218 601 2275 645 et
2319 591 2525 656 videte,
2582 591 2711 660 quia
2755 592 2984 661 spiritus
3022 607 3244 646 carnem
3276 602 3332 648 et
3361 608 3489 651 ossa

1895 697 2007 735 non
2041 681 2229 746 habet,
2260 683 2404 737 sient
2430 698 2516 738 me
2545 682 2747 738 videtis
2783 682 2992 738 habere
3025 685 3088 738 ¹⁸.
3126 702 3145 735 ι
3195 684 3338 740 Ecce
3386 686 3490 739 im-

1898 772 2171 841 plevimus
2200 774 2346 842 quod
2384 774 2613 842 polliciti
2639 791 2852 831 sumus.
2876 774 3233 831 Ostendimus
3266 776 3337 832 iis
3366 778 3491 847 qui-

1899 861 2024 916 dem
2071 864 2166 932 qui
2223 863 2567 919 divinitatem
2619 865 2966 936 ignorabant,
3025 866 3284 920 traditam
3321 866 3390 922 de
3425 881 3491 922 ea

1898 952 2206 1008 doctrinam
2235 972 2249 1020 ;
2279 954 2347 1009 iis
2375 970 2509 1009 vero
2540 956 2632 1024 qui
2658 958 2842 1011 carnis
2877 958 3346 1013 resurrectionem
3379 973 3489 1011 non

1898 1044 2218 1108 credebant,
2277 1046 2418 1100 hanc
2467 1047 2791 1116 expositam.
2838 1047 3004 1104 Cessa
3055 1049 3223 1118 igitur
3257 1055 3489 1103 conten-

1899 1135 2051 1198 dere,
2086 1144 2142 1190 et
2164 1136 2300 1191 duas
2333 1136 2640 1193 Servatoris
2667 1146 2889 1192 naturas
2916 1139 3197 1192 conﬁtere.

1970 1225 2179 1280 ERAN.
2216 1227 2345 1282 Dum
2384 1236 2543 1282 erant
2570 1237 2696 1282 ante
2746 1228 3025 1294 unionem,
3060 1228 3327 1297 copulata:
3355 1243 3488 1282 vero

1902 1330 2068 1369 unam
2106 1317 2410 1371 ell'ecerunt
2433 1325 2708 1372 naturam.

1972 1404 2180 1460 ORTI].
2207 1405 2438 1472 Quando
2465 1416 2647 1461 autem
2671 1407 2808 1461 dicis
2827 1407 3023 1461 factam
3047 1422 3168 1461 esse
3192 1405 3490 1461 unionem?

1972 1495 2181 1550 ΕῐὶΑΝ.
2216 1495 2413 1550 Statim
2451 1497 2505 1550 in
2529 1497 2644 1565 ipsa
2670 1497 2795 1551 dico
2823 1497 3208 1565 conceptione.

1971 1586 2181 1641 ORTH.
2217 1589 2390 1642 Deum
2425 1596 2608 1642 autem
2645 1588 2890 1643 Verbum
2930 1588 3143 1643 dicisne
3193 1596 3318 1643 ante
3354 1601 3489 1641 cou-

1901 1678 2210 1746 ceptionem
2248 1695 2355 1733 non
2378 1679 2547 1734 fuisse
2571 1680 2596 1732 Ἰ

1973 1769 2181 1823 ERAN.
2211 1769 2351 1824 Ante
2376 1771 2575 1825 saecula
2602 1787 2723 1826 esse
2746 1771 2890 1826 dico.

1832 1841 1875 1897 Β
1971 1858 2184 1915 ORTH.
2214 1860 2446 1916 Carnem
2471 1878 2605 1917 vero
2629 1878 2847 1934 semper
2871 1879 2997 1920 cum
3023 1865 3117 1920 illo
3143 1883 3251 1924 una
3278 1869 3447 1929 fuisse
3468 1869 3495 1926 ι

1973 1951 2182 2006 ERAN.
2216 1952 2596 2023 Nequaquam.

1974 2041 2184 2097 ORTH.
2218 2042 2326 2097 Sed
2364 2059 2395 2098 a
2441 2043 2650 2114 Spiritu
2683 2052 2874 2102 sancto
2906 2054 3031 2118 post
3071 2050 3252 2121 angeli
3287 2051 3495 2107 saluta-

1905 2129 2113 2186 tionem
2148 2132 2434 2188 formatam
2471 2149 2595 2190 csse
2623 2134 2647 2188 ’ἒ

1975 2219 2184 2274 ERAN.
2218 2221 2309 2276 Sic
2336 2223 2539 2279 sentio.

1973 2309 2184 2366 ORTH.
2221 2313 2339 2366 Non
2369 2329 2502 2385 ergo
2532 2313 2654 2370 dum
2686 2325 2901 2372 natura:
2928 2315 3159 2374 fuerunt
3181 2328 3307 2377 ante
3329 2323 3495 2380 unio-

1897 2419 2052 2469 nam,
2082 2404 2176 2460 sed
2208 2413 2420 2461 tantum
2454 2423 2584 2462 una.
2632 2407 2688 2463 Si
2719 2410 2865 2463 enim
2896 2412 3050 2481 prius
3080 2411 3184 2468 fuit
3206 2414 3492 2481 divinitas,

1903 2490 2218 2547 humanitas
2264 2503 2446 2549 autem
2477 2512 2588 2550 non
2611 2496 2774 2550 simul
2806 2497 2912 2552 fuit
2939 2499 3194 2567 (formata
3222 2504 3372 2558 enim
3411 2516 3497 2562 est

1904 2590 2028 2652 post
2055 2585 2439 2641 salutationem
2470 2588 2794 2658 angelicam,
2818 2590 3058 2659 cohzeret
3084 2599 3270 2649 autem
3285 2595 3493 2653 forma-

1905 2672 2042 2725 tioni
2079 2674 2256 2742 unio),
2287 2691 2396 2729 una
2433 2675 2600 2745 igitur
2625 2687 2824 2732 natura
2872 2687 2998 2733 ante
3046 2683 3307 2738 unionem
3365 2685 3491 2752 fuit,

1903 2778 2026 2834 quae
2052 2780 2269 2836 semper
2294 2773 2398 2831 est,
2425 2775 2480 2821 et
2521 2778 2649 2823 ante
2677 2770 2874 2824 saecula
2916 2772 3152 2827 exsistit.
3197 2775 3492 2832 Verumta-

1903 2872 2030 2912 men
2064 2858 2222 2926 ιοο
2245 2859 2352 2916 hoc
2381 2859 2559 2929 ipsum
2592 2860 2775 2915 denuo
2806 2862 3224 2919 consideremus
3264 2884 3276 2918 :
3311 2867 3495 2922 lucar-

1900 2946 2216 3012 nationem,
2276 2963 2376 3002 seu
2438 2958 2651 3002 natura:
2711 2948 2966 3004 humanae
3041 2955 3488 3023 susceptionem,

1903 3039 2125 3096 aliudue
2153 3049 2316 3109 putas
2343 3055 2464 3095 esse
2491 3056 2656 3110 quam
2698 3041 2958 3096 unionem
2982 3043 3005 3096 ?

1972 3129 2162 3185 ΕΙὶΑΝ
2171 3171 2182 3183 .
2215 3129 2356 3184 Non.

1849 3207 1868 3229 ‘
1973 3218 2206 3274 ‘ORTH.
2235 3217 2473 3275 Carnem
2498 3218 2648 3275 enim
2672 3221 3008 3278 assumenda
3037 3223 3356 3284 incarnatus
3378 3239 3488 3287 est.

1967 3312 2177 3367 ERAN.
2205 3311 2457 3366 Yidetur.

1967 3403 2178 3459 ORTH.
2209 3401 2536 3458 Cohaeretne
2567 3408 2754 3458 autem
2775 3404 3141 3475 assumptioni
3165 3409 3297 3465 unio
3322 3413 3345 3464 ἒν

1970 3496 2178 3551 ERAN.
2204 3496 2284 3551 Ita
2310 3495 2456 3551 dico.

1969 3587 2183 3643 ORTH.
2219 3587 2340 3643 Una
2375 3602 2506 3658 ergo
2531 3595 2732 3642 natura
2751 3596 2880 3644 ante
2901 3587 3338 3647 incarnationem
3361 3593 3488 3651 fuit.

1897 3679 2035 3734 Nam
2084 3679 2129 3734 si
2180 3695 2352 3733 unum
2393 3686 2523 3732 sunt
2558 3679 2868 3734 incarnatio
2897 3687 2954 3734 et
2980 3681 3132 3748 unio,
3174 3683 3490 3742 incarnatus

1899 3779 2082 3825 autem
2113 3777 2200 3823 est
2228 3778 2483 3827 naturam
2509 3769 2806 3824 humanam
2829 3786 3135 3838 assumens,
3160 3780 3488 3846 assumpsit-

1899 3878 2008 3932 que
2038 3861 2136 3916 Dei
2165 3860 2344 3916 forma
2381 3852 2526 3918 servi
2563 3859 2819 3926 formam,
2845 3877 2951 3915 una
2975 3861 3143 3933 igitur
3169 3865 3357 3921 divina
3387 3884 3486 3922 na-

1899 3962 2026 4007 tura
2053 3962 2180 4008 ante
2214 3951 2478 4006 unionem
2513 3951 2636 4006 fuit.

1971 4042 2185 4097 EBAN.’
2230 4041 2300 4096 Et
2338 4041 2619 4111 quomodo
2652 4041 2796 4096 idem
2838 4050 2968 4097 sunt
2993 4042 3126 4097 unio
3151 4052 3206 4099 et
3232 4045 3490 4104 incarna-

1902 4133 2022 4186 tio?

1971 4224 2181 4280 ORTH.
2204 4223 2374 4278 Paulo
2408 4233 2534 4278 ante
2563 4221 2847 4278 confessus
2873 4239 2952 4289 es,
2979 4225 3096 4280 haec
3124 4227 3346 4281 nomina
3375 4243 3487 4285 non

1901 4317 2146 4372 tlill‘crre.

1973 4411 2179 4466 ERAN.
2220 4410 2301 4463 Tu
2326 4425 2411 4464 me
2446 4408 2558 4462 tuis
2588 4407 3103 4463 ratiocinationibus
3125 4410 3414 4480 decepisti.

285 4520 439 4573 0P8.
472 4519 577 4572 Τὸν
607 4519 768 4572 αὐτὸν
800 4517 914 4585 οὖν,
947 4520 996 4572 εἰ
1023 4519 1201 4583 δοκεῖ,
1233 4520 1395 4574 πάλιν
1428 4521 1790 4594 ἀναλάϐωμεν

1971 4502 2182 4558 οιιτη.
2218 4501 2487 4557 Eumdem
2512 4501 2700 4572 igitur,
2725 4502 2770 4556 si
2793 4501 2991 4570 placet,
3027 4511 3342 4572 repetamus
3370 4519 3484 4561 scr-

213 4610 396 4679 λόγον.

283 4703 488 4757 ΕΡΑΝ.
520 4701 695 4756 Τοῦτο
725 4703 998 4772 ποιητέον.

281 4794 437 4849 υΡΘ.
490 4794 558 4846 Ἥ
593 4794 866 4864 σάρκωσις
890 4793 1028 4862 πρὸς
1049 4793 1147 4865 τὴν
1169 4794 1363 4850 ἕνωσιν
1393 4795 1502 4867 ἔχει
1530 4798 1796 4869 διαφορὰν

212 4885 357 4936 κατὰ
389 4884 487 4954 τὴν
522 4885 632 4954 (57)
662 4882 755 4936 τοῦ
787 4885 1111 4954 πράγματος
1150 4887 1316 4954 φύσιν
1347 4903 1362 4953 ;

281 4976 487 5028 EPAN.
536 4975 802 5044 Πλείστην
829 4976 925 5045 μὲν
951 4972 1068 5031 οὖν.

277 5067 434 5120 ΟΡΘ.
461 5066 682 5130 Δίδαξον
716 5068 783 5120 τὲ
821 5068 935 5138 είδη
977 5069 1178 5141 ταύτης
1206 5070 1476 5139 ἀφθόνως.

281 5158 490 5211 ΕΡΑΝ.
535 5159 644 5211 Καὶ
671 5158 833 5221 αὐτὸς
879 5158 988 5211 τῶν
1021 5160 1304 5226 ὀνομάτων
1338 5164 1364 5215 ὁ
1391 5163 1513 5226 νοῦς
1559 5164 1711 5234 δηλοί
1737 5165 1798 5217 τὸ

208 5248 492 5321 διάφορον.
549 5251 611 5302 Ἥ
651 5251 749 5319 μὲν
786 5250 894 5322 γὰρ
946 5251 1220 5322 σάρκωσις
1268 5252 1367 5324 τῆς
1411 5261 1613 5326 σαρκὸς
1647 5257 1801 5327 δηλοί

207 5341 302 5411 τὴν
345 5339 622 5410 ἀνάληψιν
649 5357 664 5372 ·
700 5343 732 5410 ἡ
757 5341 816 5394 δέ
847 5359 910 5409 γε
945 5327 1138 5407 ἓῦωσις
1158 5385 1172 5410 ,
1203 5346 1301 5414 τὴν
1332 5346 1439 5398 τῶν
1486 5348 1795 5403 διεστώτων

209 5436 533 5503 σῑτνᾶαειαν.

255 5633 298 5664 ⁸³
329 5633 476 5687 Luc.
506 5647 656 5696 xm,
687 5633 785 5689 39.

273 5791 390 5860 (57)
422 5789 558 5860 Τήν.
585 5788 682 5844 Ed.
709 5789 871 5842 Rom.
899 5793 954 5841 ct
975 5785 1119 5856 Lips.
1156 5799 1344 5855 praem.
1376 5786 1597 5856 ταύτην.

546 5885 809 5940 ΡΑτηοι..
855 5882 965 5939 Gtt.
1019 5880 1103 5939 IX
1119 5879 1330 5937 XXIII.

1903 4609 2142 4648 monem.

1974 4684 2159 4740 ERAN
2169 4726 2180 4737 .
2211 4682 2300 4738 Sic
2338 4682 2668 4736 faciendum.

1977 4775 2200 4834 ORTH.
2227 4773 2494 4829 Dill'ertne
2523 4771 2828 4827 incarnatio
2850 4771 2918 4826 ab
2945 4773 3146 4829 unione
3179 4775 3487 4832 secundum

1904 4872 1985 4927 rei
2018 4879 2269 4924 naturam
2294 4867 2318 4920 ?

1971 4978 2176 5033 ERAN.
2214 4976 2518 5031 Plurimum
2550 4974 2754 5030 diﬂ'ert.

1972 5072 2180 5127 ORTll.
2210 5071 2435 5140 Explica
2460 5070 2634 5124 fusius
2675 5069 2817 5123 hanc
2847 5069 3237 5126 differentiam.

1973 5164 2180 5220 ERAN.
2235 5164 2352 5232 Ipsa
2416 5162 2703 5217 nominum
2769 5161 3129 5232 intelligentia
3184 5161 3484 5219 discrimen

1905 5256 2166 5312 ostendit.
2215 5253 2525 5317 Incarnatio
2571 5253 2720 5307 enim
2742 5253 2924 5308 carnis
2956 5253 3384 5324 assumptionem
3411 5254 3486 5307 si-

1902 5352 2152 5421 gniﬁcat;
2190 5348 2323 5404 unio
2369 5362 2521 5411 vero,
2557 5361 2745 5401 rerum
2795 5345 3197 5416 disjunctarum
3244 5361 3483 5417 conjun-

1900 5444 2162 5497 ctionem.
