4112 6374
666 368 770 435 159

1648 364 2138 429 THEODORETI
2174 358 2513 425 EPISCOPI
2550 355 2915 417 CYRENSIS

3813 338 3916 405 160

662 493 722 541 et
753 484 896 539 sicut
919 482 974 537 in
1003 480 1138 536 mari
1169 480 1486 536 ambulavit.
1548 479 1802 535 Nondum
1832 489 2038 543 autem,
2071 486 2132 532 ut
2155 475 2241 529 di-

2355 468 2733 537 ὲπικειμένων,
2764 465 2839 528 ὡς
2870 462 2963 515 ἐπὶ
2997 458 3270 530 θαλάττης
3308 455 3577 513 ἰσάδισεν.
3601 450 3827 505 υὺδέπω
3858 450 3914 504 δὲ

663 576 767 640 eis,
790 583 997 631 natura:
1020 570 1160 627 facta
1196 580 1317 628 erat
1344 570 1595 626 mutatio.

731 747 939 807 ERAN.
963 746 1215 805 Ostendit
1248 746 1514 801 Dominus
1538 760 1733 801 manus
1771 742 2064 815 apostolis,
2097 740 2241 797 sicut

662 854 789 896 cum
809 840 1014 901 Iacobo
1046 840 1284 893 luctatus
1313 845 1416 891 est.

732 930 941 987 ORTH.
968 928 1075 985 Sed
1101 945 1208 984 non
1235 928 1365 982 sinit
1391 927 1656 981 Dominus
1685 941 1786 980 nos
1814 924 1893 979 sic
1914 924 2237 994 intelligere.

662 1023 799 1079 Nam
831 1036 956 1076 cum
972 1019 1226 1090 discipuli
1244 1018 1658 1089 suspicarentur
1680 1032 1737 1071 se
1756 1016 2010 1086 spiritum
2029 1013 2238 1078 videre,

662 1111 1070 1182 ‘suspicionem
1105 1112 1248 1165 hanc
1276 1110 1542 1164 Dominus
1572 1094 1828 1167 removit,
1858 1116 1914 1161 et
1943 1105 2127 1160 carnis
2149 1121 2244 1159 na-

663 1213 843 1258 turam
891 1202 1307 1258 demonstravit.
1352 1220 1371 1251 ε
1404 1198 1516 1255 Cur
1555 1199 1737 1262 enim,
1785 1198 1985 1268 inquit,
2038 1196 2243 1250 turbati

661 1295 818 1359 estis,
882 1304 939 1348 et
984 1308 1085 1348 cur
1132 1290 1491 1361 cogitationes
1534 1288 1842 1345 ascendunt
1882 1289 1936 1342 in
1981 1287 2243 1341 cordibus

661 1384 905 1439 vestris?
929 1384 1122 1438 Videte
1157 1397 1351 1437 manus
1393 1398 1566 1446 meas,
1622 1390 1680 1436 et
1715 1380 1883 1449 pedes
1914 1394 2087 1434 meos.
2114 1376 2242 1447 quia

662 1490 764 1544 ego
788 1475 903 1544 ipse
930 1489 1071 1529 sum.
1106 1474 1327 1543 Palpate
1368 1489 1476 1535 me,
1508 1479 1561 1527 et
1607 1471 1807 1532 videte,
1842 1466 1969 1537 quia
2012 1466 2243 1535 spiritus

664 1582 885 1621 carnem
946 1576 1001 1620 et
1050 1580 1174 1620 ossa
1225 1581 1335 1619 non
1368 1564 1553 1626 habet,
1611 1562 1754 1615 sicut
1775 1574 1863 1613 me
1904 1557 2104 1611 videtis
2143 1557 2244 1611 lia-

664 1656 796 1710 bere
822 1656 888 1709 ⁸³.
922 1675 939 1706 ι
984 1655 1051 1709 Et
1083 1654 1206 1708 vide
1240 1667 1403 1721 quam
1448 1657 1702 1705 accurate
1741 1646 1958 1700 locutus
1995 1643 2084 1697 sit.
2124 1642 2244 1697 Non

2342 559 2485 613 κατὰ
2517 558 2607 611 τὸν
2638 556 2733 610 σὺν
2781 552 3023 623 ἐγεγόνει
3078 549 3240 617 λόγον
3290 548 3390 618 τῆς
3443 545 3657 617 φύσεως
3684 544 3719 613 ή
3751 558 3916 613 μετα-

2342 650 2470 721 ϐολή
2482 690 2495 704 .

2412 741 2614 795 EPAN.
2648 737 2854 802 Ἔδειξε
2895 738 3007 799 τοῖς
3059 731 3381 794 ἀποστόλοις
3425 730 3455 782 6
3505 726 3779 797 Δεσπότης
3805 725 3917 795 χεῖ·-

2348 849 2465 905 ρας,
2505 832 2579 894 ὼς
2601 828 2865 885 ἐπάλαισε
2896 829 2975 898 τῷ
3009 826 3224 880 Ἰακώϐ.

2414 921 2563 975 ΟΡΘ.
2609 920 2747 973 Ἀλλ’
2781 920 2882 971 οὐκ
2907 919 2973 987 ἑᾷ
2996 917 3137 970 νοεῖν
3161 912 3337 976 οὕτως
3356 912 3385 965 6
3406 908 3629 982 Κύριος.
3664 905 3787 973 Τῶν
3808 903 3921 975 γάρ

2347 1010 2601 1083 μαθητῶν
2620 1010 2839 1078 πνεῦμα
2862 1008 3088 1079 Θεωρεῖν
3122 1004 3493 1063 τοπασάντων,
3524 998 3755 1068 ἐξήλασε
3789 997 3921 1065 τήν-

2343 1106 2400 1159 δε
2443 1104 2539 1174 τὴν
2564 1102 2800 1170 ὑποψίαν
2822 1103 2849 1155 6
2880 1101 3107 1171 Κύριος,
3142 1098 3236 1152 καὶ
3274 1095 3372 1166 τὴν
3405 1095 3507 1164 τῆς
3557 1090 3756 1161 σαρκὸς
3814 1089 3921 1141 ὑπο

2344 1194 2511 1259 ἔδειξε
2542 1193 2722 1262 φύσιν.
2751 1212 2768 1243 ι
2794 1191 2859 1244 Τί
2883 1190 3011 1260 γὰρ,
3039 1189 3194 1259 φησὶ,
3219 1182 3618 1254 τεταραγμένοι
3646 1176 3794 1242 ἐστὲ,
3821 1177 3923 1230 καὶ

2343 1286 2484 1340 διατί
2533 1283 2873 1352 διαλογισμοὶ
2926 1279 3309 1335 ἀναϐαίνουσιν
3371 1276 3429 1328 ὲν
3491 1272 3611 1334 ταῖς
3666 1268 3924 1339 καρδίαις

2346 1374 2532 1445 ὑμῶν;
2573 1376 2740 1427 Ἴδετε
2780 1370 2881 1433 τάς
2925 1370 3113 1441 χεῖράς
3150 1384 3273 1437 μου,
3306 1365 3399 1419 καὶ
3435 1363 3558 1425 τοὺς
3586 1360 3753 1423 πόδας
3785 1358 3925 1427 (49),

2344 1466 2426 1519 ὅτι
2456 1465 2616 1528 αὐτὸς
2643 1463 2753 1533 ἐγώ
2790 1464 2925 1532 είμι.
2954 1455 3324 1531 Ψηλαφήσατέ
3376 1471 3464 1524 με,
3496 1454 3587 1505 καὶ
3642 1452 3801 1511 ἴδετε,
3839 1450 3927 1501 ὅτι

2346 1554 2565 1625 πνεῦμα
2598 1554 2777 1623 σάρκα
2802 1551 2897 1604 καὶ
2925 1548 3087 1602 ὀστέα
3121 1549 3220 1600 οὐκ
3268 1545 3402 1615 ἔχει,
3434 1542 3618 1604 καθὼς
3649 1539 3750 1609 ἐμὲ
3782 1539 3929 1591 θεω-

2349 1650 2492 1719 ρεῖτε
2520 1646 2734 1716 ἔχοντα.
2770 1662 2788 1694 ι
2835 1641 2943 1695 Kal
2967 1641 3071 1707 ὅρα
3093 1638 3189 1691 τοῦ
3220 1639 3463 1708 ῥήματος
3490 1632 3588 1703 τὴν
3614 1630 3929 1702 ἀκρίϐειαν.

662 1746 979 1807 enimdixit,
1005 1759 1063 1799 se
1080 1758 1301 1798 carnem
1322 1750 1378 1795 et
1406 1755 1531 1795 ossa
1554 1754 1698 1801 esse,
1725 1735 1821 1790 sed
1838 1749 2058 1789 carnem
2087 1732 2247 1803 119

2355 1738 2424 1791 oo
2450 1738 2559 1806 γὰρ
2584 1731 2728 1798 εἷπε,
2758 1734 2936 1803 σάρκα
2960 1731 3056 1783 καὶ
3082 1726 3245 1781 ὀστέα
3276 1725 3426 1787 ὄντα,
3449 1723 3607 1789 ἀλλὰ,
3633 1722 3812 1793 σάρκα
3831 1720 3935 1772 καὶ

664 1847 720 1892 et
750 1852 869 1891 ossa
896 1836 1124 1899 habere,
1153 1842 1215 1890 ut
1256 1832 1577 1888 ostenderet
1606 1830 1756 1886 aliud
1783 1829 2007 1899 quidem
2034 1800 2157 1882 esse

2355 1800 2511 1881 ὑστία
2531 1800 2757 1897 ἔχοντα,
2785 1800 2871 1876 ἵνα
2900 1821 3071 1893 δείξῃ,
3098 1818 3226 1873 ἀλλο
3259 1818 3358 1886 μὲν
3393 1816 3454 1868 τὸ
3488 1814 3610 1885 ἔχον
3656 1812 3796 1866 κατὰ
3829 1810 3933 1880 τὴν

650 1920 811 1993 quod
835 1923 1001 1978 habet
1043 1923 1347 1979 secundum
1366 1931 1641 1985 naturam,
1671 1919 1817 1974 aliud
1845 1934 1976 1973 vero
2007 1918 2059 1971 id
2093 1925 2243 1986 quod

2355 1920 2530 1990 φύσιν,
2564 1920 2695 1973 ἄλλο
2739 1918 2796 1971 δὲ
2841 1917 2903 1969 τὸ
2938 1916 3219 1986 ἐχόμενον.
3258 1910 3470 1979 Ὠσπερ
3521 1906 3631 1975 γὰρ
3668 1902 3795 1959 ἀλλο
3826 1901 3935 1971 μέν

669 2016 919 2073 habetur.
962 2015 1115 2069 Sicut
1147 2014 1295 2068 enim
1322 2010 1469 2065 aliud
1516 2018 1599 2064 est
1636 2008 1689 2063 id
1723 2008 1867 2078 quod
1924 2006 2242 2076 assumpsit,

2355 2013 2464 2065 ὲστι
2492 2012 2553 2064 τὸ
2586 2010 2772 2074 λαϐὸν,
2818 2007 2948 2061 ἀλλο
2975 2005 3032 2059 δὲ
3074 2004 3137 2057 τὸ
3161 2001 3386 2071 ληφθὲν,
3414 1993 3499 2061 εἷς
3532 1996 3590 2050 δὲ
3628 1995 3685 2061 ιξ
3724 1994 3935 2063 ἀμφοῖν

667 2104 813 2157 aliud
844 2104 988 2173 quod
1029 2111 1370 2173 assumptum
1404 2110 1509 2166 est,
1550 2116 1691 2156 unus
1743 2107 1926 2153 autem
1963 2114 2031 2153 ex
2059 2096 2247 2151 amba-

2355 2106 2376 2157 6
2410 2102 2645 2175 Χριστὸς
2676 2101 2995 2173 θεωρεῖταιο
3028 2094 3172 2149 οὕτω
3203 2094 3265 2145 τὸ
3302 2091 3425 2160 ἔχον
3457 2088 3595 2158 πρὸς
3627 2084 3689 2138 τὺ
3733 2083 3937 2153 ἐχόμε-

667 2195 771 2248 bus
796 2195 1047 2250 Christus
1083 2195 1493 2250 consideratur:
1518 2193 1593 2247 ita
1626 2190 1835 2245 habens
1872 2190 1940 2243 ab
1993 2205 2061 2243 eo
2097 2188 2244 2257 quod

2355 2213 2437 2250 νον
2467 2195 2727 2265 πλείστην
2762 2194 2857 2265 μὲν
2879 2192 2992 2261 εχει
3022 2185 3309 2258 διαφοράν,
3336 2184 3437 2237 οὐκ
3459 2184 3539 2244 είς
3558 2178 3652 2233 δύο
3678 2178 3735 2231 δὲ
3758 2176 3936 2246 πρόσ-

669 2284 906 2341 habetur
927 2287 1228 2358 plurimum
1254 2286 1461 2349 dill‘ert,
1485 2300 1589 2339 nec
1616 2282 1864 2338 tamenin
1894 2280 2032 2335 duas
2063 2294 2250 2350 perso—

2355 2304 2475 2342 ωπα
2538 2284 2755 2358 μερίζει
2806 2284 2896 2337 τὸν
2948 2280 3009 2335 ἐν
3046 2282 3258 2343 τούτοις
3294 2276 3604 2345 νοούμενον.
3650 2271 3708 2323 Ὀ
3746 2268 3935 2358 μέντοι

668 2394 767 2433 nas
786 2357 1125 2433 dividiteum
1153 2378 1246 2448 qui
1277 2378 1331 2431 in
1355 2378 1441 2431 his
1471 2373 1813 2444 intelligitur.
1841 2371 2104 2426 Dominus
2127 2372 2250 2441 qui-

2355 2378 2555 2450 Κύριος
2576 2357 3027 2447 ἀμφιϐαλλόντων
3049 2370 3131 2424 ἔτι
3150 2368 3261 2421 τῶν
3297 2362 3577 2437 μαθητῶν,
3605 2360 3702 2450 καὶ
3721 2357 3935 2450 τροφήν

669 2468 814 2533 dem,
832 2442 1212 2523 dubitantibus
1228 2442 1723 2534 adhucdiseipulis,
1739 2464 1988 2519 eteibum
2001 2462 2179 2533 petiit,
2192 2471 2249 2516 et

2355 2442 2540 2539 ᾔτησε,
2571 2442 2871 2519 καὶ-λαϐὼν
2900 2462 3124 2529 ἔφαγεν,
3151 2456 3273 2510 οὕτε
3306 2451 3576 2524 φαντασία
3596 2449 3693 2518 τὴν
3720 2442 3936 2539 τροφὴν

668 2571 947 2629 sumptum
979 2559 1239 2621 comedit,
1265 2573 1369 2612 nec
1393 2555 1570 2611 fallaci
1600 2563 1809 2609 tantum
1838 2552 2017 2623 specie
2050 2567 2249 2607 consu-

669 2668 826 2706 mens
845 2652 1051 2713 cibum,
1073 2666 1177 2705 nec
1201 2649 1446 2718 corporis
1469 2648 1826 2718 indigentiam
1859 2645 2085 2714 explens
2113 2644 2179 2697 ".

741 2742 947 2797 ERAN.
981 2742 1143 2811 Atqui
1176 2741 1411 2795 duorum
1441 2738 1675 2793 alterum
1725 2736 1981 2806 amplecti
2023 2749 2251 2789 necesse

667 2843 771 2890 est.
801 2834 911 2888 Aut
936 2833 1087 2889 enim
1144 2831 1395 2901 indigens
1426 2820 1681 2898 sumpsit,
1717 2836 1813 2881 aut
1834 2841 1943 2881 non
1975 2826 2247 2895 indigens,

667 2927 962 2981 comedere
1010 2926 1234 2995 quidem
1273 2923 1442 2978 ~visus
1488 2929 1595 2987 cst,
1647 2928 1705 2974 at
1729 2920 1915 2974 cibum
1960 2933 2071 2972 non
2096 2931 2248 2971 sum-

670 3021 801 3090 psit.

2350 2534 2680 2621 ἀναλίσκων,
2715 2552 2839 2608 οὔτε
2884 2550 2980 2605 τοῦ
3032 2548 3284 2619 σώματος
3314 2545 3414 2616 τὴν
3451 2540 3642 2614 χρείαν
3683 2534 3935 2607 πληρῶν.

2423 2750 2628 2806 EPAN.
2667 2746 2779 2800 Kal
2806 2743 2913 2815 μὴν
2940 2741 3158 2809 ἀνάγκη
3188 2737 3333 2791 δυοῖν
3381 2726 3605 2803 θάτερον
3638 2728 3898 2796 δέξασθαι
3916 2742 3936 2761 ο

2352 2845 2387 2915 ἢ
2418 2843 2529 2914 γὰρ
2552 2840 2767 2912 δεηθεὶς
2812 2829 3191 2907 μετέλαϐεν,ῆ
3238 2828 3315 2899 μὴ
3356 2825 3611 2895 δεόμενος
3654 2819 3799 2887 εδοξε
3833 2818 3941 2891 μὲν

2354 2935 2578 2997 ἐσθίειν,
2612 2932 2813 3001 ἥκιστα
2849 2926 2905 2978 δὲ
2938 2920 3205 2995 μετέλαϐε
3243 2917 3474 2990 τροφῆς.

741 3111 949 3167 ORTH.
986 3109 1123 3166 Cibo
1164 3108 1387 3179 quidem
1431 3121 1635 3176 corpus
1685 3104 1995 3158 immortale
2044 3103 2247 3158 factum

2423 3110 2574 3165 ΟΡΘ.
2594 3106 2813 3178 Τρυφῆς
2838 3102 2937 3175 μὲν
2957 3102 3057 3155 οὐκ
3080 3096 3312 3170 ἔχρῃζεν
3334 3095 3601 3149 ἀθάνατον
3626 3108 3826 3163 γεγενη
3835 3089 3941 3161 μέ-

670 3220 779 3258 non
815 3203 1028 3273 egebat.
1057 3203 1130 3256 De
1162 3201 1229 3255 iis
1256 3200 1403 3255 enim
1444 3199 1539 3268 qui
1578 3203 1873 3267 resurgunt
1898 3195 2035 3250 dixit
2059 3196 2246 3250 Domi-

670 3310 776 3347 nus
803 3310 815 3346 :
851 3313 866 3342 ι
889 3292 966 3346 lbi
1003 3307 1181 3360 neque
1207 3305 1407 3344 uxores
1423 3288 1653 3351 ducunt,
1679 3303 1858 3356 neque
1883 3286 2120 3351 nubunt,
2150 3286 2247 3341 sed

671 3391 800 3438 sunt
824 3384 965 3437 sicut
993 3380 1251 3451 angeli“.
1280 3398 1298 3429 ι
1322 3376 1478 3445 Quod
1500 3386 1683 3432 autem
1715 3377 1899 3432 cibum
1931 3376 2246 3445 sumpserit,

671 3484 844 3529 testes
866 3484 995 3527 sunt
1023 3472 1275 3542 apostoli.
1306 3470 1441 3524 Nam
1470 3470 1667 3525 beatus
1719 3469 1896 3523 Lucas
1921 3468 1974 3522 in
2009 3468 2249 3522 Actuum

674 3566 946 3636 prooemio
983 3563 1121 3617 dixit
1157 3581 1169 3616 :
1213 3582 1230 3613 ε
1259 3557 1328 3617 Ει
1352 3578 1582 3617 vescens
1615 3577 1741 3615 cum
1771 3561 2033 3630 apostolis
2074 3560 2253 3614 Domi-

674 3673 801 3720 nus,
854 3655 1115 3725 praacepit
1157 3654 1239 3709 eis
1308 3670 1378 3709 ne
1429 3653 1498 3708 ab
1547 3652 1944 3722 Hierosolymis
1999 3651 2252 3706 discede-

676 3756 799 3801 rent
830 3747 895 3798 ".
939 3764 957 3796 ι
1000 3746 1069 3799 Ει
1101 3742 1481 3799 divinissimus
1550 3744 1747 3798 Petrus
1793 3744 1997 3798 clarius
2070 3743 2249 3797 dixit:

685 3857 702 3888 ε
742 3836 845 3904 Qui
876 3836 1217 3891 comedimus
1252 3844 1309 3890 et
1328 3834 1570 3889 bibimus
1589 3850 1711 3889 cum
1732 3850 1819 3900 eo,
1843 3844 2140 3905 postquam
2165 3849 2255 3887 re-

677 3928 920 3982 surrexit
970 3942 1001 3980 a
1054 3925 1372 3982 mortuis“.
1410 3944 1427 3977 ι
1455 3924 1593 3980 Cum
1638 3923 1787 3978 enim
1835 3938 2048 3989 eorum,
2077 3925 2171 3994 qui
2198 3923 2255 3978 iu

678 4017 936 4089 przesenti
958 4026 1087 4072 sunt
1137 4016 1270 4081 vita,
1307 4017 1591 4086 proprium
1622 4014 1695 4070 sit
1750 4015 2067 4079 comedere,
2120 4031 2255 4070 con-

679 4119 943 4181 gruenter
968 4109 1234 4164 Dominus
1264 4122 1361 4179 per
1379 4108 1563 4163 cibum
1586 4115 1641 4162 et
1664 4118 1851 4178 potum
1871 4108 2050 4163 carnis
2075 4124 2258 4165 resur-

680 4203 981 4259 rectionem
1004 4200 1072 4255 de
1090 4201 1209 4271 ejus
1239 4199 1472 4254 veritate
1503 4198 1888 4254 dubitantibus
1916 4199 2260 4254 demonstra-

679 4296 779 4349 vit.
813 4294 963 4348 Idem
996 4291 1164 4347 etiam
1194 4307 1320 4345 cum
1350 4291 1559 4344 Lazaro
1594 4299 1651 4344 et
1677 4290 1807 4344 Jairi
1838 4288 1948 4343 [ilia
1978 4289 2130 4345 fecit.
2160 4291 2258 4345 Et-

682 4384 831 4437 enim
862 4382 1019 4451 120
1051 4396 1177 4436 cum
1204 4381 1346 4435 hanc
1396 4380 1734 4443 suseitasset,
1756 4380 1920 4450 jussit
1945 4382 1996 4437 ei
2029 4380 2146 4434 dari
2179 4381 2258 4435 ci-

2351 3222 2440 3258 vov
2457 3203 2515 3256 τδ
2536 3201 2714 3269 σῶμα.
2738 3197 2845 3252 Καὶ
2865 3194 2973 3266 γὰρ
2995 3190 3249 3262 περὶτῶν
3275 3186 3650 3256 ἀνισταμένων
3678 3185 3706 3237 6
3727 3184 3940 3254 Κύριος

2352 3296 2454 3365 ἔφη
2487 3310 2500 3323 ’
2543 3311 2561 3343 ι
2597 3291 2745 3344 Ἐκεῖ
2772 3286 2894 3341 οὔτε
2919 3283 3216 3354 γαμοῦσιν,
3249 3278 3373 3334 οὔτε
3403 3278 3786 3349 γαμίσκονται,
3818 3274 3939 3328 ἀλλ’

2354 3385 2490 3439 εἰσὶν
2516 3382 2592 3445 ὠς
2623 3377 2843 3448 ἀγγελοι
2877 3373 3015 3447 (50).
3061 3390 3079 3423 ι
3125 3371 3250 3425 Ὅτι
3289 3370 3474 3440 μέντοι
3516 3365 3783 3437 μετέλαϐε
3826 3365 3935 3435 τῆς

2353 3473 2580 3545 τροφῆς,
2610 3470 2885 3542 μάρτυρες
2913 3467 2960 3520 oi
2992 3461 3299 3518 ἀπόστολοι.
3327 3461 3384 3513 ὐ
3412 3459 3509 3529 μὲν
3523 3457 3630 3529 γὰρ
3661 3456 3941 3527 μακάριος

2356 3561 2574 3622 Λουκᾶς
2597 3561 2656 3611 ὲν
2682 3556 2761 3627 τῷ
2793 3552 3067 3625 προοιμίῳ
3090 3551 3198 3604 τῶν
3221 3547 3481 3620 Πράξεων
3509 3547 3636 3618 ἔφη,
3654 3546 3729 3606 ὡς
3758 3565 3779 3605 ι
3806 3547 3948 3600 Συν-

2358 3652 2675 3722 αλιζόμενος
2709 3650 2820 3710 τοῖς
2861 3643 3181 3706 ἀποστόλοις
3230 3641 3258 3692 6
3297 3640 3503 3710 Κύριος
3566 3637 3945 3709 παρήγγειλεν

2358 3743 2468 3799 ἀπὸ
2511 3739 2902 3812 Ἰεροσολύμων
2949 3736 3023 3806 μή
3052 3731 3400 3805 χωρίζεσθαι.
3428 3750 3448 3784 ι
3497 3730 3555 3783 ’0
3578 3729 3636 3784 δὲ
3660 3725 3947 3793 θειότατος

2361 3840 2565 3910 Πέτρος
2601 3832 2937 3903 σαφέστερον
2983 3827 3237 3899 εἴρηκενο
3277 3844 3295 3877 ι
3317 3820 3527 3887 Οῐτινες
3563 3822 3949 3894 συνεφάγομεν

2360 3932 2455 3985 καὶ
2484 3926 2812 3995 συνεπίομεν
2845 3920 3014 3992 αὐτῷ,
3047 3919 3186 3989 μετὰ
3223 3916 3286 3971 τδ
3328 3916 3626 3987 ἀναστῆναι
3665 3914 3833 3973 αὐτδν
3874 3916 3950 3968 ἐκ
3990 3926 4001 3929 “

2362 4022 2591 4094 νεκρῶν.
2616 4037 2633 4070 ι
2674 4016 2891 4085 Ἐπειδὴ
2925 4014 3033 4085 γὰρ
3078 4011 3186 4065 τῶν
3224 4009 3370 4076 κατά
3409 4009 3500 4062 τὸν
3533 4009 3778 4081 παρόντα
3822 4008 3948 4079 βίον

2364 4114 2494 4168 ἴδιον
2520 4112 2580 4166 τὸ
2598 4109 2824 4170 ἐσθίειν,
2862 4102 3176 4173 ἀναγκαίως
3204 4104 3232 4156 6
3258 4101 3462 4170 Κύριος
3485 4104 3585 4172 τῆς
3608 4100 3814 4173 σαρκὸς
3839 4102 3949 4171 τὴν

2362 4200 2658 4255 ἀνάστασιν
2699 4195 2792 4250 διὰ
2828 4194 3083 4265 βρώσεως
3116 4190 3210 4245 καὶ
3241 4190 3454 4254 πόσεως
3488 4190 3654 4255 [δειξε
3696 4192 3812 4253 τοῖς
3864 4191 3951 4265 μὴ

2363 4290 2675 4361 νομίζουσιν
2707 4286 2903 4357 ἀληθῆ.
2932 4283 3111 4337 Ταὺτὺ
3130 4282 3185 4335 δὲ
3209 4280 3368 4335 τοῦτο
3394 4281 3487 4335 καὶ
3519 4281 3613 4335 ἐπὶ
3641 4280 3735 4334 τοῦ
3761 4281 3953 4345 Λαζά.

2366 4400 2483 4455 pou,
2510 4381 2604 4434 καὶ
2631 4379 2724 4432 ἐπὶ
2776 4378 2873 4447 τῆς
2930 4374 3156 4445 Ἰαείρου
3198 4373 3467 4443 πεποίηκε
3509 4372 3797 4444 θυγατρός.
3832 4371 3951 4429 Καὶ

682 4474 871 4528 bum"
894 4472 1262 4527 :etLazarum
1285 4486 1472 4526 secum
1496 4470 1934 4526 discumbentem
1959 4472 2250 4535 habuit”,

2364 4472 2472 4542 γὰρ
2532 4466 2735 4536 ταύτην
2781 4464 3115 4533 ἀναστήσας,
3159 4459 3492 4531 προσέταξεν
3535 4462 3673 4532 αὐτῇ
3718 4462 3948 4531 δοθῆναι

680 4577 869 4618 veram
924 4563 1043 4633 ejus
1096 4560 1560 4617 resurrectionem
1608 4561 1710 4615 hac
1767 4561 1978 4615 ratione
2032 4562 2262 4617 demon-

684 4664 882 4709 strans.

758 4745 964 4800 ERAN.
993 4745 1049 4800 Si
1080 4745 1432 4800 concedimus
1455 4746 1745 4800 Dominum
1775 4760 1903 4800 vere
1937 4745 2263 4808 comedisse,

686 4838 1051 4893 concedamus
1073 4837 1236 4890 etiam
1264 4852 1457 4891 omnes
1474 4836 1727 4891 homines
1753 4846 1875 4906 post
1898 4837 2263 4891 resurrectio-

688 4945 812 4984 nem
850 4929 1033 4982 eihttm
1068 4944 1289 4997 capere.

758 5018 1112 5085 ORTHQuae
1135 5036 1229 5088 per
1246 5018 1539 5089 quamdam
1569 5019 2058 5087 dispensationem'
2091 5036 2118 5074 a
2153 5020 2263 5075 Do-

688 5109 839 5163 mino
872 5109 1012 5164 facta
1051 5117 1199 5170 sunt,
1238 5125 1347 5163 non
1388 5119 1517 5163 sunt
1542 5112 1727 5180 regula
1770 5120 1827 5165 et
1854 5111 2143 5165 decretum
2168 5128 2264 5166 na-

691 5208 849 5271 tum.
880 5199 1015 5254 Nam
1059 5208 1115 5253 et
1141 5200 1245 5254 alia
1268 5199 1515 5268 quaedam
1552 5200 1910 5270 dispensavit,
1960 5219 2081 5273 qum
2117 5203 2263 5259 revi-

690 5291 1029 5346 viscentibus
1054 5292 1281 5346 minime
1301 5290 1576 5345 evenient.

687 5450 817 5532 ,ηδε
835 5447 969 5503 Luc-
1002 5465 1144 5532 xxxx.
1178 5451 1267 5524 38,
1299 5454 1387 5511 39.
1465 5455 1665 5512 “ibid.
1709 5459 1891 5514 ιι-ιῖι.

746 5519 760 5537 ⁸
790 5516 948 5574 Joan.
971 5535 1065 5584 ιιι,
1088 5518 1143 5572 2.

772 5674 883 5813 μέν)
918 5673 1048 5727 Πόδ.
1086 5675 1247 5730 Deest
1281 5693 1400 5744 μου.

794 5743 883 5813 50)
911 5744 1073 5813 Γάμ.,
1111 5744 1347 5801 ἀλλἐίσ.
1382 5752 1400 5802 ε

794 5743 883 5813 50)
911 5744 1073 5814 Γάμ.,
1111 5744 1223 5798 ἀλλ’
1242 5743 1347 5801 είσ.
1382 5748 1457 5813 ὡς
1486 5750 1611 5817 ἄγγ.
1636 5751 1874 5822 Utraque
1900 5750 2063 5807 lectio
2091 5758 2267 5806 exstat

1993 5460 2035 5491 δι
2060 5460 2223 5515 Marc.
2253 5473 2346 5519 xu,
2532 5455 2575 5487 ⁸⁵
2599 5454 2717 5508 Act.
2753 5465 2793 5513 ι,
2824 5446 2880 5500 4-

2366 4562 2581 4631 φαγεῖν,
2619 4557 2712 4612 καὶ
2748 4556 2839 4611 τὸν
2881 4553 3128 4625 Λάζαρον
3150 4550 3579 4623 συνεστιώμενον
3601 4548 3735 4623 εἶχε,
3766 4555 3945 4627 ταύτῃ

2364 4652 2579 4714 δεικνὺς
2604 4650 2703 4720 τὴν
2722 4648 3018 4702 ἀνάστασιν
3053 4642 3250 4714 ἀληθῆ.

2437 4740 2641 4795 ΕΡΑΝ.
2663 4740 2725 4792 Et
2744 4738 2967 4807 δοίημεν
2993 4731 3210 4803 ἀληθῶς
3241 4730 3578 4802 βεϐρωκέναι
3597 4730 3687 4784 τὸν
3714 4731 3946 4803 Κύριον,

2364 4836 2545 4905 δῶμεν
2578 4832 2673 4886 καὶ
2706 4829 2915 4892 πάντας
2962 4822 3285 4897 ἀνθρώπους
3333 4824 3470 4895 μετά
3498 4822 3598 4895 τὴν
3647 4824 3949 4879 ἀνάστασιν

2369 4923 2808 4999 μεταλαμϐάνειν
2845 4917 3075 4991 τροφῆς.

2431 5016 2585 5072 ΟΡΘ.
2630 5013 2711 5068 Τὰ
2755 5012 2845 5067 διά
2890 5025 3015 5063 τινα
3051 5006 3369 5077 οἰκονομίαν
3410 5004 3515 5059 ὑπὸ
3552 5005 3646 5058 τοῦ
3692 5006 3951 5077 Σωτῆρος

2357 5110 2647 5179 γενόμενα,
2691 5105 2793 5158 οὐκ
2835 5101 2953 5155 ἐστι
3007 5098 3186 5154 κανὼν
3238 5097 3335 5151 καὶ
3380 5097 3503 5169 ὅρος
3553 5097 3652 5166 τῆς
3696 5097 3950 5164 φύσεως·

2359 5200 2482 5255 ἐπεὶ
2515 5198 2609 5252 καὶ
2642 5195 2780 5250 ἀλλα
2820 5191 2942 5246 τινὰ
2980 5189 3355 5261 ᾠκονόμησεν,
3380 5188 3415 5242 ἀ
3443 5190 3555 5251 τοῖς
3583 5187 3950 5243 άναϐιώσκουα

2365 5312 2449 5349 σιν
2483 5291 2591 5344 οὐδ’
2616 5288 2755 5351 ὅλως
2784 5283 3149 5355 συμϐήσεται.

2995 5444 3039 5475 ⁸⁸
3071 5444 3191 5499 Act.
3221 5458 3274 5506 κ,
3303 5441 3391 5497 il.
3486 5440 3528 5471 ⁸⁷
3558 5438 3723 5493 Marc.
3750 5453 3803 5500 ν,
3852 5435 3947 5491 45.

2384 5676 2527 5745 apud
2563 5676 2803 5731 Marcum
2844 5677 2964 5731 loco
2999 5689 3158 5743 supra
3207 5672 3394 5731 citato,
3432 5682 3540 5722 non
3582 5666 3767 5723 Matth.
3813 5682 3945 5728 xxxx.

2380 5748 2467 5811 50,
2504 5757 2561 5802 ut
2600 5748 2653 5802 in
2681 5748 2769 5802 ed.
2806 5746 2977 5815 priori
3007 5758 3328 5813 expressum
3357 5748 3494 5793 erat.
