4112 6374
677 387 780 454 163

1663 371 2148 436 THEODOBETI
2187 366 2527 431 EPISCOPI
2565 364 2930 426 CYRENSIS
3824 357 3909 418 iiii

742 491 950 552 EltAN.
981 488 1183 558 Utique
1208 504 1222 542 :
1259 501 1386 543 nam
1407 484 1629 557 corpori
1653 482 1771 538 hcc
1797 479 2074 542 accidunt,
2090 485 2146 532 et
2173 490 2254 530 re-

2426 472 2629 526 ΕΡΑΝ.
2669 472 2904 538 Πάνυγεο
2957 469 3244 540 συμδαίνει
3273 467 3381 539 γὰρ
3410 467 3486 539 τῷ
3510 464 3714 535 σώματι
3748 466 3903 518 ταῦτά

978 667 1122 738 Ergo
1149 674 1207 722 et
1227 662 1514 736 corruptio
1543 669 1601 718 et
1629 674 1779 716 mors
1803 655 2252 718 aceidentia,non

677 759 1002 818 substantia:
1037 756 1300 814 vocanda
1327 763 1459 812 sunt
1488 772 1502 808 :
1533 752 1807 810 accedunt
1836 749 1983 805 enim
2006 755 2064 802 et
2093 760 2251 800 rece—

756 866 836 904 ΙΙῑ.

756 866 774 903 Ι
824 890 836 904 .

667 855 695 908 d
986 939 1076 995 Sic
1104 945 1394 994 vocentur.

740 1030 951 1086 OBTH.
976 1029 1119 1101 Ergo
1139 1028 1306 1083 etiam
1349 1026 1637 1082 hominum
1675 1037 1926 1095 corpora,
1973 1036 2006 1076 ε
2054 1035 2246 1075 corru-

676 1121 868 1193 ptione
894 1120 1118 1192 quidem
1141 1134 1268 1174 cum
1303 1125 1621 1189 resurgunt,
1648 1132 1688 1171 .a
1713 1124 1892 1170 morte
1915 1112 2083 1168 etiam
2108 1110 2252 1166 libe-

676 1222 891 1276 rantur,
927 1210 1205 1281 propriam
1238 1217 1424 1264 tamen
1450 1215 1704 1262 naturam
1730 1220 1842 1261 non
1861 1204 2142 1260 amittunt.

743 1301 954 1357 ERAN.
979 1301 1120 1357 Vera
1150 1298 1311 1355 dicis.

743 1390 955 1448 ORTH.
991 1392 1137 1462 Ergo
1160 1389 1510 1446 Dominicum
1542 1402 1762 1458 quoque
1785 1400 2023 1455 corpus,
2075 1383 2254 1438 incor-

675 1484 935 1554 ruptibile
960 1483 1185 1554 quidem
1213 1480 1543 1545 resurrexit,
1571 1487 1628 1534 et
1664 1475 2001 1548 impassibile
2020 1515 2034 1541 ,
2065 1482 2120 1529 et
2152 1473 2256 1527 im-

674 1575 925 1638 mortale,
946 1582 1003 1629 et
1025 1573 1209 1629 divina
1227 1571 1400 1644 gloria
1415 1571 1795 1643 gloriﬁcatum,
1814 1575 1870 1622 et
1884 1583 1914 1621 a
1936 1565 2254 1621 coelestibus

674 1666 1042 1737 potestatibus
1061 1664 1323 1720 adoratur
1349 1681 1364 1718 :
1393 1675 1598 1732 corpus
1622 1669 1803 1715 tamen
1830 1666 1936 1722 est,
1961 1657 2254 1728 pristinam

674 1756 887 1812 habens
916 1755 1510 1823 circumscriptionem.

2352 577 2437 630 γε,
2476 560 2571 612 καὶ
2598 559 3018 629 ἀποσυμσαίνει.

2426 650 2578 705 ΟΡΘ.
2609 649 2900 721 Τοιγάρτοι
2930 649 3024 702 καὶ
3055 646 3155 718 τὴν
3185 647 3414 718 φθορὰν,
3449 648 3542 703 καὶ
3580 644 3670 700 τὸν
3696 647 3917 702 θάνατον

2355 739 2736 813 συμϐεϐηκὸς,
2772 742 2876 795 οὑκ
2923 738 3112 802 ούσίας
3156 739 3486 810 ὀνομαστέον
3511 756 3526 770 ⁸
3570 737 3917 807 συμϐαίνουσι

2352 830 2480 903 γὰρ,
2514 833 2609 885 καὶ
2640 829 3134 902 ἀποσυμδαίνουσι.

2421 923 2625 977 ΕΡΑΝ.
2660 921 2819 977 Οὕτω
2856 922 3100 993 κλητέον.

2425 1015 2578 1070 ΟΡΘ.
2610 1013 2822 1068 Οὐκοῦν
2849 1016 2944 1068 καὶ
2976 1013 3044 1068 τὰ
3073 1012 3186 1066 τῶν
3215 1011 3517 1083 ἀνθρώπων
3548 1012 3797 1083 σώματα,
3826 1010 3920 1082 τῆς

2357 1105 2456 1177 μὲν
2494 1103 2701 1175 φθορᾶς
2730 1105 3066 1174 ἀνιστάμενα
3104 1103 3198 1157 καὶ
3237 1102 3337 1172 τῆς
3386 1100 3714 1171 θνητότητος
3750 1100 3921 1156 ἀπαλο

2353 1200 2625 1263 λάττεται,
2650 1197 2748 1267 τὴν
2781 1196 2838 1250 δέ
2873 1213 2937 1266 γε
2977 1196 3188 1250 οἰκείαν
3221 1196 3320 1248 οὐκ
3352 1193 3580 1248 ἀπολύει
3608 1192 3793 1262 φύσιν.

2427 1291 2628 1350 sPsN.
2682 1289 2923 1360 Ἀληθές.

2425 1382 2578 1439 ΟΡΘ.
2623 1382 2732 1436 Καὶ
2760 1380 2820 1434 τὸ
2843 1379 3171 1434 Δεσποτικὸν
3193 1378 3486 1451 τοιγαροῦν
3509 1378 3690 1451 σῶμα,
3716 1377 3923 1449 ἀφθαρ-

2354 1493 2445 1529 τον
2486 1475 2588 1546 μιν
2615 1471 2838 1541 ἀνέστη,
2871 1471 2966 1525 καὶ
2994 1470 3221 1535 ἀπαθὲς,
3267 1470 3364 1524 καὶ
3406 1469 3695 1531 ἀθάνατον,
3735 1470 3832 1523 καὶ
3858 1471 3922 1540 τῇ

2355 1565 2476 1636 θείᾳ
2505 1563 2631 1634 δόξῃ
2657 1560 3068 1633 δεδοξασμένον,
3113 1561 3209 1616 καὶ
3256 1561 3408 1632 παρά
3443 1559 3555 1614 τῶν
3589 1559 3923 1630 ἐπουρανίων

2353 1652 2747 1721 προσκυνεῖται
2796 1649 3102 1720 δυνάμεων·
3139 1648 3298 1720 σῶμα
3331 1649 3388 1701 δὲ
3434 1649 3586 1718 ὅμως
3633 1648 3777 1714 ἐστὶ,
3832 1648 3927 1718 τὴν

2355 1742 2630 1814 προτέραν
2660 1740 2781 1811 ἔχον
2802 1740 3173 1810 περιγραφήν.

744 1845 948 1900 suam.
979 1844 1036 1897 ιη
1074 1843 1160 1897 his
1185 1821 1410 1913 quidem
1441 1841 1764 1898 verisimilia
1790 1840 1976 1896 dicere
2007 1839 2248 1896 videris:

2425 1834 2629 1888 ΕΡΔΝ.
2688 1833 2777 1886 Ἐν
2830 1831 2929 1901 μὲν
3004 1829 3214 1894 τούτοις
3262 1829 3448 1884 εἰκότα
3496 1829 3677 1898 λέγειν
3730 1828 3925 1891 δοκεῖς.

674 1936 771 1994 sed
805 1945 930 2007 post
963 1936 1344 1991 ascensionem
1385 1934 1444 1987 in
1473 1933 1665 1999 ccelos,
1693 1947 1804 1988 non
1831 1941 1964 2003 puto
1988 1943 2042 1988 te
2070 1932 2252 1987 dictu-

672 2045 794 2084 rum
827 2028 976 2099 quod
1008 2043 1118 2081 non
1144 2027 1202 2082 in
1231 2025 1539 2080 divinitatis
1574 2032 1828 2079 naturam
1862 2031 2134 2078 mutatum
2157 2024 2248 2078 sit.

739 2117 948 2176 ORTH.
989 2119 1104 2189 Ego
1130 2132 1261 2172 sane
1298 2131 1412 2171 non
1438 2115 1703 2181 dicerem,
1735 2115 1993 2169 humanis
2020 2129 2251 2184 persua-

671 2229 765 2269 sus
791 2211 1117 2266 rationibus.
1156 2209 1348 2279 Neque
1379 2207 1530 2264 enim
1570 2207 1710 2264 adeo
1737 2223 1859 2263 sum
1899 2205 2250 2272 temerarius,

669 2311 732 2359 ut
779 2301 986 2373 aliquid
1026 2301 1228 2366 dicam,
1265 2299 1336 2355 de
1376 2314 1487 2370 quo
1520 2299 1706 2354 divina
1736 2299 1896 2354 sileat
1945 2297 2250 2369 Scriptura.

668 2393 868 2450 Audivi
895 2399 1082 2446 autem
1115 2389 1368 2445 divinum
1391 2389 1622 2444 Paulum
1649 2389 1978 2444 clamantem
2013 2407 2025 2443 :
2055 2408 2087 2441 ,ι
2112 2387 2256 2444 Con-

669 2482 853 2538 stituit
874 2475 1021 2536 Deus
1041 2479 1190 2535 diem
1220 2480 1278 2534 in
1311 2494 1424 2551 quo
1446 2478 1798 2550 iudicaturus
1821 2485 1904 2534 est
1929 2477 2122 2532 orbem
2141 2487 2252 2533 ter-

671 2587 858 2627 rarum
886 2571 940 2625 in
971 2569 1184 2641 iustitia
1216 2583 1318 2640 per
1345 2568 1527 2622 virum
1554 2581 1718 2636 quem
1746 2565 2053 2630 constituit,
2089 2565 2254 2620 ﬁdem

670 2663 924 2734 praebens
964 2660 1254 2726 omnibus,
1291 2658 1566 2716 suscitans
1597 2672 1725 2712 eum
1778 2673 1808 2712 a
1854 2656 2090 2712 mortuis
2111 2657 2176 2711 ".
2227 2675 2245 2709 ι

671 2752 850 2808 Didici
892 2752 1060 2808 etiam
1101 2767 1132 2806 a
1201 2750 1408 2806 sanctis
1463 2750 1674 2820 angelis
1704 2790 1719 2813 ,
1772 2748 1892 2804 fore
1947 2758 2011 2804 ut
2067 2748 2256 2803 veniat

666 2860 737 2900 eo
792 2843 956 2899 modo
995 2859 1106 2915 quo
1153 2843 1420 2898 viderunt
1476 2840 1656 2911 ipsum
1714 2839 1970 2910 discipuli
2026 2849 2254 2896 euntem

672 2935 728 2989 in
762 2935 1050 2991 coelum”.
1096 2933 1368 2990 Viderunt
1403 2940 1587 2986 autem
1631 2929 2111 3000 circumscriptam
2153 2945 2254 2984 na-

672 3035 878 3090 turam,
921 3041 1032 3081 non
1080 3007 1238 3095 123
1283 3022 1838 3090 incircumscriptam.
1882 3019 2082 3075 Audivi
2123 3033 2256 3074 vero

673 3118 840 3171 etiam
871 3116 1163 3170 Dominum
1193 3113 1375 3184 ipsum
1403 3111 1678 3166 dicentem

672 3209 809 3263 lium
844 3206 1082 3262 hominis
1117 3205 1429 3260 venientem
1463 3204 1518 3258 in
1545 3202 1789 3257 nubibus
1816 3203 1940 3258 caeli
1968 3202 2036 3255 “.
2079 3221 2096 3253 ι
2128 3201 2256 3256 Scio

673 3308 857 3354 autem
918 3296 1400 3369 circumscriptum
1447 3310 1569 3351 esse
1628 3295 1776 3366 quod
1824 3293 1894 3350 ab
1938 3292 2256 3349 hominibus

673 3391 940 3447 cernitur.
973 3390 1272 3445 invisibilis
1309 3390 1456 3444 enim
1487 3398 1574 3444 est
1603 3397 1819 3454 natura,
1867 3403 1990 3457 quae
2035 3403 2147 3443 non
2171 3393 2258 3442 est

674 3481 1111 3550 circumscripta.
1143 3479 1280 3535 lllud
1315 3479 1504 3545 etiam,
1542 3478 1737 3533 sedere
1777 3480 1834 3531 in
1887 3479 2088 3533 throno
2141 3479 2258 3548 glo-

675 3566 795 3639 riae,
827 3582 884 3628 et
915 3581 1157 3628 statuere
1199 3587 1369 3643 agnos
1400 3587 1432 3626 a
1469 3570 1698 3635 dextris,
1731 3569 1916 3624 haedos
1953 3585 2084 3625 vero
2119 3585 2151 3624 a
2184 3570 2257 3626 si-

677 3663 955 3727 nistris",
990 3661 1558 3732 circumscriptionem
1596 3659 1886 3730 significat.

741 3752 951 3807 ERAN.
982 3752 1125 3822 Ergo
1157 3766 1226 3807 ne
1263 3751 1486 3821 quidem
1527 3759 1654 3804 ante
1698 3749 2132 3806 incarnationem
2169 3751 2252 3806 in-

674 3843 1126 3913 circumscriptus
1170 3842 1294 3897 fuit.
1329 3843 1467 3897 Nam
1511 3840 1780 3912 propheta
1822 3842 1962 3896 vidit
2002 3843 2179 3913 ipsum
2222 3859 2254 3897 a

675 3934 996 4004 Seraphinis
1030 3934 1432 3989 circumdatum
1459 3933 1547 3986 ⁸⁶⁴.

748 4023 960 4078 ORTlI.
1006 4023 1128 4077 Non
1179 4021 1353 4093 ipsam
1381 4023 1522 4078 vidit
1559 4023 1830 4094 propheta
1864 4023 1960 4077 Dei
1990 4023 2249 4078 substan-

680 4115 832 4178 tiam,
873 4113 968 4168 sed
997 4114 1236 4184 speciem
1260 4115 1553 4184 quamdam
1589 4130 1690 4170 suo
1729 4116 1913 4186 captui
1945 4129 2252 4170 accommo-

678 4205 881 4261 datam.
917 4205 1045 4258 Post
1067 4205 1530 4260 resurrectionem
1560 4221 1713 4271 vero,
1741 4221 1932 4261 omnes
1956 4206 2127 4276 ipsam
2159 4207 2252 4277 ju-

677 4296 817 4353 dicis
842 4295 1115 4350 visibilem
1150 4305 1378 4351 cernent
1401 4305 1675 4352 naturam.

751 4387 959 4441 ERAN.
993 4386 1097 4452 Qui
1133 4387 1415 4457 pollicitus
1437 4404 1498 4442 es
1520 4399 1572 4442 te
1601 4387 1740 4441 nihil
1775 4388 1893 4442 sine
1926 4388 2256 4443 testimoniis

678 4478 978 4542 dicturum,
1011 4479 1261 4547 proprias
1288 4479 1452 4533 nobis
1473 4480 1832 4549 cogitationes
1862 4481 2143 4551 proponis.

747 4565 957 4620 ORTli.
985 4567 1098 4636 Ego
1147 4567 1262 4622 haec
1284 4583 1350 4622 ex
1385 4569 1572 4624 divina
1600 4569 1881 4640 Scriptura
1923 4569 2111 4624 didici.
2141 4570 2259 4625 Au-

676 4659 789 4714 divi
817 4659 964 4713 enim
996 4660 1319 4716 Zachariam
1347 4663 1671 4732 prophetam
1695 4663 1968 4718 dicentem
1994 4681 2007 4717 :
2039 4682 2058 4715 ι
2089 4663 2256 4718 Vide-

678 4749 820 4804 bunt
858 4766 1020 4819 quem
1062 4752 1454 4807 transﬁxerunt
1477 4753 1544 4807 “.
1582 4772 1599 4804 ι
1641 4752 1927 4818 Quomodo
1957 4763 2139 4808 autem
2171 4769 2258 4808 se-

678 4847 880 4907 quetur
929 4846 1158 4892 eventus
1205 4841 1572 4909 prophetiam,
1632 4842 1678 4894 si
1728 4841 1823 4911 qui
1858 4841 2258 4897 cruciﬁxcrunt

679 4941 789 4980 non
833 4937 1131 4997 agnoscent
1161 4945 1324 4997 quam
1365 4931 1760 4986 cruciﬁxerunt
1809 4933 2102 4986 naturam?
2149 4935 2260 4988 Au-

681 5017 796 5070 divi
821 5018 984 5071 etiam
1018 5020 1316 5089 gloriosum
1342 5031 1636 5093 martyrem
1666 5022 2006 5092 Stephanum
2023 5025 2262 5079 claman-

682 5117 793 5164 tem
825 5125 844 5158 ι
876 5109 1049 5165 :Ecce
1079 5111 1239 5165 video
1259 5113 1427 5167 cmlos
1453 5123 1694 5182 apertos,
1721 5123 1778 5169 et
1793 5115 1992 5170 Filium
2019 5116 2263 5172 hominis

681 5206 916 5254 stantem
953 5215 983 5254 a
1014 5200 1221 5256 dextris
1260 5203 1356 5256 Dei
1375 5205 1440 5256 ⁵τ.
1485 5225 1502 5256 ι
1543 5205 1690 5259 Vidit
1734 5212 1918 5260 autem
1948 5205 2258 5273 visibilem,

681 5305 792 5344 non
825 5290 1155 5346 invisibilem
1178 5301 1449 5348 naturam.

747 5429 940 5514 "Act.
973 5446 1107 5514 ἔνι),
1131 5431 1231 5514 ει.
1259 5429 1305 5462 ⁵⁸
1330 5431 1450 5514 ρει.
1486 5450 1522 5498 ι,
1557 5433 1643 5487 ll.
1711 5435 1758 5468 “
1776 5435 1968 5494 Matth.
1990 5457 2134 5506 xxvr,
2169 5440 2254 5496 64.

2357 5446 2398 5477 ⁵⁵
2422 5445 2614 5502 Matth.
2645 5464 2770 5514 xxv,
2797 5447 2986 5503 51-35.

684 5516 780 5565 ιιι,
805 5498 892 5553 10.
971 5500 1013 5530 ⁵⁷
1049 5500 1167 5554 Act.
1209 5516 1302 5565 vn,
1329 5502 1416 5556 56.

757 5611 870 5687 (ξς)
910 5605 978 5687 Ϊρ
1011 5613 1161 5678 Θεός.
1199 5617 1276 5670 Ex
1311 5634 1456 5675 vers.
1494 5619 1563 5674 50
1594 5619 1837 5677 additur.

757 5684 874 5825 £521
914 5685 1009 5738 Ἐκ
1039 5704 1088 5742 ν.
1122 5687 1245 5740 αὐτ.
1282 5688 1387 5744 Pro
1413 5692 1574 5770 αύτὸν
1607 5693 1671 5743 ὲκ
1704 5696 1935 5766 νεκρῶν.

782 5754 852 5812 53
923 5754 1094 5825 Ἐρχ.,
1122 5775 1174 5812 κ.
1208 5775 1258 5813 τ.
1286 5758 1334 5812 λ.
1365 5758 1573 5816 Omissa
1607 5773 1882 5825 suntquae
1913 5766 1928 5820 l

782 5754 874 5824 53)
923 5754 1094 5827 Ἐρχ.,
1122 5775 1174 5812 κ.
1208 5775 1258 5813 τ.
1286 5758 1334 5812 λ.
1365 5758 1573 5816 Omissa
1607 5773 1735 5820 sunt
1761 5754 1882 5834 quae
1913 5766 1949 5820 l.
1977 5779 2025 5820 c.
2054 5781 2257 5837 prince-

1725 3111 1780 3163 ι’
1815 3129 1833 3162 ι
1869 3109 2150 3203 Videbitis
2172 3109 2257 3203 i-
2280 3143 2325 3203 ο

2355 1925 2513 1982 Μετὰ
2543 1925 2601 1980 δέ
2635 1943 2702 1995 γε
2729 1925 2827 1996 τὴν
2881 1925 2962 1987 είς
3002 1923 3269 1992 οὐρανοὺς
3302 1921 3602 1992 ἀνάληψιν,
3645 1920 3746 1974 οὐκ
3777 1916 3929 1990 οἶμαί

2356 2035 2416 2073 σε
2448 2017 2642 2087 λέξειν,
2676 2016 2752 2082 ὡς
2779 2018 2879 2070 οὐκ
2904 2016 2984 2080 είς
3013 2013 3266 2082 θεότητος
3294 2011 3598 2084 μετεϐλήθη
3641 2010 3825 2081 φύσιν.

2425 2109 2577 2166 ΟΡΘ.
2634 2108 2775 2178 Ἐγὼ
2813 2109 2912 2178 μὲν
2955 2109 3057 2162 οὐκ
3086 2106 3152 2161 ἂν
3192 2105 3378 2177 φαίην,
3411 2105 3774 2175 ἀνθρωπίνοις
3809 2121 3928 2158 πει-

2355 2203 2583 2274 θόμενος
2616 2203 2914 2272 λογισμοῖς.
2945 2201 3021 2254 Οὐ
3043 2200 3153 2272 γὰρ
3177 2199 3352 2264 οὕτως
3383 2201 3498 2270 εἰμὶ
3532 2199 3760 2270 θρασὺς,
3789 2196 3929 2251 ὥστε

2356 2295 2523 2364 φάναι
2551 2311 2604 2347 τι
2640 2292 3000 2363 σεσιγημένον
3033 2291 3187 2362 παρά
3223 2293 3290 2361 τῇ
3330 2290 3452 2360 θείᾳ
3493 2291 3707 2361 Γραφῇ.
3737 2290 3931 2342 Ἥκουο

2357 2404 2426 2442 σα
2469 2386 2653 2458 μέντοι
2686 2385 2781 2438 τοῦ
2818 2383 2966 2439 θείου
3001 2383 3218 2438 Παύλου
3253 2383 3514 2454 βοῶντος,
3552 2383 3634 2435 ὅτι
3669 2399 3689 2432 ι
3728 2381 3930 2446 Ἔστηο
3983 2370 3985 2372 ’

2357 2493 2451 2530 σεν
2499 2478 2528 2530 ὁ
2561 2474 2694 2536 Θεὸς
2744 2474 2855 2544 (5|)
2895 2475 3129 2546 ἡμέραν,
3171 2477 3232 2527 ὲν
3357 2472 3539 2544 μέλλει
3584 2472 3796 2543 κρίνειν
3833 2471 3930 2540 τὴν

2362 2567 2692 2636 οίκουμένην
2726 2567 2784 2618 ὲν
2811 2564 3129 2636 δικαιοσύνῃ
3160 2566 3218 2617 ιν
3249 2563 3405 2636 ἀνδρὶ
3442 2557 3486 2632 ᾧ
3527 2563 3715 2635 ὥρισε,
3750 2562 3930 2615 πίστιν

2356 2655 2656 2728 παρασχὼν
2683 2657 2870 2721 πᾶσιν,
2904 2657 3219 2726 ἀναστήσας
3246 2657 3310 2709 ὲκ
3339 2654 3549 2727 νεκρῶν
3570 2656 3733 2709 αὐτόν
3761 2653 3926 2724 (52).»

2354 2747 2675 2820 Μεμάθηκα
2715 2747 2773 2800 δὲ
2828 2749 2923 2801 καὶ
2955 2747 3107 2817 παρά
3150 2746 3258 2800 τῶν
3311 2748 3481 2817 ἀγίων
3531 2746 3812 2816 ἀγγέλων,
3850 2747 3932 2800 ὅτι

2356 2841 2533 2904 οὕτως
2582 2839 2862 2893 ἐλεύσεται
2900 2839 2960 2893 δν
2989 2841 3188 2909 τρόπον
3221 2839 3382 2892 αὑτὸν
3417 2834 3555 2891 εἶδον
3594 2838 3644 2891 οἱ
3696 2836 3934 2908 μαθηταὶ

2358 2933 2727 3002 πορευόμενον
2759 2933 2839 2995 είς
2869 2931 2961 2984 τὸν
2993 2932 3242 3003 οὐρανόν.
3277 2925 3434 2984 Εἶδον
3467 2930 3524 2984 δι
3558 2947 3936 3001 περιγεγραμ-

2361 3024 2532 3095 μένην
2559 3022 2745 3093 φύσιν,
2785 3023 2886 3076 οὐκ
2909 3023 3307 3092 ἀπερίγραφον.
3341 3024 3586 3076 Ἤκουσα
3615 3020 3672 3074 δὲ
3716 3022 3814 3075 καὶ
3845 3019 3935 3073 τοῦ

2355 3118 2566 3188 Κυρίου
2594 3117 2860 3186 λέγοντος·
2895 3135 2913 3166 ι
2953 3114 3189 3185 Ὀψεσθε
3222 3113 3312 3168 τὸν
3345 3113 3473 3166 Υίδν
3505 3111 3600 3166 τοῦ
3648 3111 3936 3182 ἀνθρώπου

2358 3212 2652 3284 ἐρχόμενον
2674 3207 2786 3281 (55)
2813 3209 2904 3263 ὲπί
2933 3208 3040 3263 τῶν
3070 3207 3310 3276 νεφελῶν
3348 3205 3444 3260 τοῦ
3467 3205 3717 3278 ούρανοῦ.
3759 3194 3796 3257 ι’
3827 3206 3939 3260 Καὶ

2355 3302 2473 3361 οῖδα
2504 3304 3023 3378 περιγεγραμμένον
3053 3304 3116 3356 τδ
3159 3303 3248 3355 ὑπ’
3295 3300 3598 3372 ἀνθρώπων
3635 3298 3936 3371 ὁρώμενον.

2371 3397 2622 3462 Ἀθέατος
2644 3398 2755 3468 γὰρ
2783 3399 2816 3467 ή
2856 3395 3234 3466 ἀπερίγραφός
3265 3392 3446 3464 φύσις.
3477 3393 3589 3446 Καὶ
3628 3392 3813 3463 μέντοι
3844 3392 3941 3445 καὶ

2357 3490 2442 3555 τὸ,
2498 3488 2720 3544 καθίσαι
2780 3488 2872 3540 ἐπὶ
2925 3485 3115 3557 θρόνου
3169 3483 3351 3555 δόξης,
3411 3484 3508 3538 καὶ
3561 3483 3758 3554 στῆσαι
3815 3485 3941 3546 τοὺς

2360 3583 2460 3652 μὲν
2482 3581 2687 3651 ἀμνοὺς
2713 3581 2777 3632 ὲκ
2808 3577 3017 3643 δεξιῶν,
3045 3579 3169 3639 τοὺς
3192 3576 3249 3630 δὲ
3295 3576 3514 3649 ἐρίφους
3539 3575 3599 3640 ἐξ
3620 3575 3938 3646 εὐωνύμων,

2355 3670 2415 3723 τὸ
2445 3670 2956 3741 περιγεγραμμένον
2985 3669 3156 3737 δηλοῖ.

2428 3762 2631 3816 ΕΡΑΝ.
2695 3761 2903 3815 οὐκοῦν
2962 3761 3084 3814 οὐδὲ
3146 3760 3252 3830 πρὸ
3316 3761 3411 3831 τῆς
3471 3760 3941 3830 ὲνανθρωπήσεως

2357 3855 2736 3926 ἀπερίγραφος
2767 3849 2854 3924 ἦν.
2874 3853 3009 3905 Ὑπὸ
3036 3853 3146 3924 γὰρ
3186 3852 3296 3906 τῶν
3329 3852 3581 3924 Σεραφὶμ
3609 3851 3775 3906 αὐτὸν
3801 3847 3939 3904 εἶδεν

2356 3949 2385 4002 ὁ
2424 3947 2711 4018 προφήτης
2752 3945 3137 4016 κυκλούμενον.

2425 4035 2576 4089 ΟΡΘ.
2609 4036 2724 4088 Οὐκ
2760 4035 2930 4104 αὐτὴν
2970 4029 3109 4087 εἶδεν
3152 4036 3180 4087 ό
3206 4036 3494 4106 προφήτης
3523 4034 3617 4088 τοῦ
3655 4034 3793 4087 Θεοῦ
3838 4034 3937 4105 τὴν

2355 4125 2566 4186 οὐσίαν,
2603 4124 2717 4177 ἀλλ’
2746 4125 2868 4194 ὄψιν
2893 4125 3012 4178 τινὰ
3053 4128 3118 4195 τῇ
3144 4125 3309 4178 αὐτοῦ
3341 4124 3568 4195 δυνάμει
3601 4124 3938 4195 συμϐαίνου-

2359 4233 2480 4269 σαν.
2520 4217 2674 4268 Μετά
2723 4216 2776 4268 δὲ
2830 4216 2928 4286 τὴν
2970 4218 3284 4283 ἀνάστασιν,
3345 4219 3582 4281 ἅπαντες
3627 4218 3798 4287 αὐτὴν
3841 4217 3937 4271 τοῦ

2356 4305 2545 4378 κριτοῦ
2579 4307 2677 4376 τήν
2712 4306 2994 4377 ὁρωμένην
3041 4307 3264 4376 όψονται
3295 4308 3477 4376 φύσιν.

2429 4395 2627 4450 ΕΡΛΝ.
2670 4398 3067 4468 ’Υποσχόμενος
3091 4399 3245 4468 λόγον
3282 4399 3356 4471 μὴ
3388 4400 3565 4469 λέγειν
3594 4402 3936 4473 ἀμάρτυρον,

2285 4476 2327 4530 Ῐ)
2356 4490 2648 4558 λογισμοὺς
2674 4491 2804 4560 ἡμῖν
2835 4493 3067 4556 οἰκείους
3095 4495 3443 4567 προσφέρεις.

2427 4579 2580 4633 ΟΡΘ.
2630 4579 2769 4646 Ἐγὼ
2797 4581 2971 4635 ταῦτα
3009 4584 3158 4656 παρά
3185 4585 3283 4655 τῆς
3311 4585 3462 4646 θείας
3495 4586 3776 4656 ἐδιδάχθην
3804 4587 3936 4656 Γρα·

2356 4674 2480 4740 φῆς.
2513 4671 2759 4724 Ἤκουσα
2785 4672 2891 4742 γὰρ
2918 4674 3188 4744 Ζαχαρίου
3219 4676 3312 4728 τοῦ
3355 4677 3632 4747 προφήτου
3665 4676 3934 4746 λέγοντος·

2361 4779 2380 4811 ι
2421 4760 2682 4828 Ὄψονται
2715 4763 2795 4824 εἰς
2816 4761 2873 4814 ὃν
2905 4761 3283 4836 ἐξεκέντησαν.
3329 4785 3346 4817 ι
3390 4768 3514 4831 Πῶς
3536 4769 3591 4821 δὲ
3616 4769 3804 4836 ἕψεται
3837 4771 3936 4839 τῆς

2356 4851 2693 4921 προφητείας
2739 4851 2797 4903 τὸ
2832 4851 3005 4916 τέλος,
3041 4853 3149 4906 τῶν
3175 4856 3594 4926 ἐσταυρωκὸτων
3628 4857 3699 4926 μὴ
3734 4874 3936 4927 γνωριο

2360 4939 2560 5004 ζόντων
2601 4942 2667 5012 ἢν
2701 4943 3052 5013 ἐσταύρωσαν
3082 4945 3278 5014 φύσιν;
3323 4949 3571 5000 Ἤκουσα
3621 4948 3677 5000 δὲ
3719 4947 3935 5000 καὶτοῦ

2360 5031 2654 5104 νικηφόρου
2697 5034 2967 5102 Στεφάνου
3017 5035 3265 5106 βοῶντοςο
3324 5057 3341 5089 ι
3398 5039 3531 5092 Ἰδοὺ
3577 5039 3766 5110 θεωρῶ
3810 5042 3935 5102 τοὺς

2359 5124 2627 5195 οὐρανοὺς
2671 5126 3070 5195 ἀνεῳγμένους,
3107 5130 3201 5182 καὶ
3233 5130 3323 5182 τόν
3359 5130 3486 5183 Υίὸν
3517 5130 3609 5184 τοῦ
3646 5130 3934 5201 ἀνθρώπου

2361 5216 2628 5288 ἑστηκότα
2680 5221 2744 5271 ὲκ
2793 5218 2985 5284 δεξιῶν
3040 5220 3151 5289 (54)
3197 5222 3289 5276 τοῦ
3330 5223 3486 5277 Θεοῦ.
3528 5244 3544 5274 ι
3587 5221 3707 5278 Eilis
3747 5225 3804 5277 δὲ
3838 5226 3934 5294 τὴν

2359 5309 2667 5380 ἐρωμένην,
2701 5313 2763 5363 οὐ
2790 5312 2887 5381 τὴν
2917 5312 3145 5382 ἀόρατον
3176 5314 3357 5382 φύσιν.

3073 5448 3262 5503 "‘isa.
3289 5465 3363 5517 γι,
3401 5450 3424 5502 l
3455 5464 3607 5521 seqq.
3694 5450 3740 5483 ⁵⁸
3765 5451 3933 5508 Zach.

2367 5628 2965 5704 όυῃι,λκαθήμενονᾼὲκγ
2984 5631 3172 5697 δεξιῶν
3202 5636 3298 5704 τῆς
3331 5635 3630 5703 δυνάμεως.

2440 5701 2551 5770 (54)
2569 5701 2712 5756 Ἐστ.
2734 5704 2798 5757 ὲκ
2816 5702 2924 5767 δεξ.
2951 5703 3185 5774 Recepta
3211 5701 3392 5770 lectio,
3421 5701 3480 5758 ἐκ
3496 5705 3684 5770 δεξιῶν
3699 5707 3939 5764 ἑστῶτα.
