4112 6374
235 407 333 474 165

1297 399 1677 465 DIALOGUS
1721 400 1802 461 ΙῙ.
1841 422 1911 434 -·-
1948 399 2447 464 INCONFUSUS.

3417 403 3526 469 166

303 515 508 571 ΕΡΔΝ.
561 514 756 570 Ταῦτα
820 516 921 586 μὶν
977 511 1123 568 οὕτω
1175 513 1508 586 γέγραπται.
1575 512 1734 568 Ἀλλὰ
1771 511 1826 566 τὲ

2006 513 2216 569 ERAN.
2248 513 2377 569 llaec
2399 509 2623 585 quidem
2651 512 2732 569 sic
2757 512 2965 583 scripta
2994 519 3124 568 sunt
3153 529 3165 565 :
3193 511 3287 568 sed
3323 528 3528 585 corpus

243 608 418 680 σῶμα,
463 608 605 678 μιτά
638 606 742 677 τὴν
799 607 880 670 εις
910 606 1172 676 οὐρανοὺς
1202 603 1490 676 ἀνάληψιν,
1529 605 1633 659 οὐκ
1676 598 1832 674 οἶμαί

244 713 301 752 σι
335 697 533 763 δείξειν
584 698 693 751 ὑπὸ
727 697 840 750 τῶν
897 698 1365 768 πνευματοφόρων
1400 695 1612 767 ἀνδρῶν
1661 712 1834 767 προσ·

240 791 637 862 αγορευόμενον
664 789 851 858 σῶμα.

304 880 721 938 οΡΘ.Μάλιστα
738 880 841 949 μὲν
865 881 959 934 καὶ
975 879 1047 933 τά
1068 879 1446 952 προειρημένα
1471 874 1565 932 τοῦ
1584 878 1834 949 σώματος

239 967 475 1040 ὑπάρχει
497 965 779 1036 δηλωτικὰ
803 982 819 998 ·
855 967 919 1020 τὺ
946 968 1054 1038 γὰρ
1081 967 1382 1038 δρώμενον,
1430 967 1594 1038 σῶμα
1618 985 1632 998 ο
1672 968 1835 1033 δείξω

235 1056 290 1110 δι
327 1057 503 1126 ὅμως,
546 1058 643 1113 καὶ
690 1056 832 1128 μετά
1005 1056 1273 1128 ἀνάληψιν
1295 1057 1456 1129 σῶμα
1498 1058 1834 1128 καλούμενον

235 1146 329 1200 τοῦ
360 1148 640 1202 Ammon
676 1147 739 1200 τδ
775 1137 954 1218 σῶμα.
992 1148 1260 1202 Ἄκουσον
1295 1150 1480 1202 τοίνυν
1519 1147 1616 1202 τοῦ
1670 1151 1834 1204 Ἀπο-

238 1239 426 1294 στύλου
467 1231 834 1303 διδάσιῖοντος·
868 1257 890 1290 ι
946 1237 1136 1309 Ἡμῶν
1168 1238 1280 1308 γὰρ
1319 1239 1380 1293 τὸ
1422 1238 1728 1309 πολίτευμα
1775 1239 1835 1292 ὲν

237 1329 491 1403 οὐρανοῖς
530 1329 785 1402 ὑπάρχει.
822 1327 884 1394 ἑξ
928 1322 991 1382 οὗ
1011 1331 1107 1384 καὶ
1135 1330 1368 1402 Σωτῆρα
1411 1330 1833 1401 ἀπεκδεχόμεθα

236 1420 440 1491 Κύριον
479 1421 690 1493 Ἰησοῦν
717 1421 858 1492 (55),
882 1421 944 1484 δς
976 1422 1449 1492 μετασχηματίσει
1470 1423 1530 1476 τὸ
1555 1423 1713 1492 σῶμα
1734 1423 1834 1492 τῆς

234 1510 621 1574 ταπεινώσεως
649 1511 833 1582 ἡμῶν,
857 1511 940 1574 είς
967 1511 1030 1564 τὺ
1057 1511 1313 1580 γενέσθαι
1345 1513 1478 1566 αὐτὸ
1509 1512 1835 1584 σύμμορφον

233 1599 326 1655 τοῦ
370 1601 626 1673 σώματος
657 1600 770 1673 (56)
793 1603 1092 1674 τῆςδὸξης
1138 1603 1328 1659 αὑτοῦ.
1359 1621 1379 1656 ι
1414 1606 1490 1659 Οὐ
1522 1605 1704 1661 τοίνυν
1751 1609 1835 1671 είς

235 1694 430 1765 ἑτέραν
462 1693 870 1766 μεταϐέϐληται
919 1694 1105 1764 φύσιν,
1135 1694 1272 1749 ἀλλά
1309 1697 1589 1769 μεμένηκε
1642 1698 1831 1770 σῶμα,

1935 605 2459 675 postasoensionem
2502 603 2560 658 in
2596 604 2769 660 cmlos
2807 619 2920 660 non
2966 611 3104 674 puto
3131 604 3520 663 demonstrare

1935 701 1990 748 te
2023 708 2186 764 posse
2213 708 2416 765 corpus
2443 710 2474 750 a
2505 693 2639 750 viris
2672 691 2881 764 Spiritu
2918 701 3111 749 sancto
3153 693 3353 749 amatis
3400 709 3526 751 esse

1936 785 2292 855 appellatum.

2007 875 2159 949 1M
2213 874 2426 931 ORTH.
2457 877 2692 934 Abunde
2730 876 2956 947 quidem
2989 876 3078 932 vel
3119 891 3184 932 ea
3223 892 3347 947 que
3375 876 3529 934 dicta

1912 977 2066 1029 sunt
2104 984 2309 1040 corpus
2333 969 2718 1026 demonstrant
2755 989 2770 1038 ;
2803 971 2951 1041 quod
2977 970 3125 1026 enim
3156 971 3524 1040 conspicitur,

1934 1073 2136 1129 corpus
2158 1067 2244 1114 est
2272 1076 2285 1112 :
2319 1059 2606 1114 ostendam
2633 1068 2814 1114 tamen
2850 1067 2977 1132 post
2999 1060 3381 1116 ascensionem
3405 1076 3529 1117 cor-

1933 1165 2039 1220 pus
2091 1149 2311 1204 Domini
2364 1165 2568 1220 corpus
2618 1165 2743 1206 esse
2788 1150 3145 1220 appellatum.
3195 1152 3341 1207 Audi
3393 1167 3530 1225 ergo

1932 1239 2258 1309 Apostolum
2295 1240 2585 1296 docentem
2618 1259 2631 1294 :
2669 1259 2688 1291 ι
2722 1241 2920 1295 Nostra
2946 1241 3119 1307 enim,
3159 1241 3359 1314 inquit,
3389 1259 3524 1300 con-

1933 1329 2176 1385 versatio
2205 1331 2260 1384 in
2284 1331 2440 1386 caelis
2466 1341 2572 1397 est,
2602 1331 2752 1387 unde
2767 1341 2823 1386 et
2857 1331 3210 1389 Senatorem
3232 1347 3526 1407 exspecta-

1935 1435 2060 1474 mus
2103 1421 2398 1475 Dominum
2452 1420 2664 1486 Jesum,
2710 1421 2807 1491 qui
2849 1421 3268 1477 transformabit
3322 1440 3529 1496 corpus

1937 1510 2267 1567 humilitatis
2298 1520 2520 1580 nostra,
2556 1523 2619 1567 ut
2649 1512 2743 1568 ﬁat
2769 1511 3052 1568 conforme
3084 1514 3304 1585 corpori
3337 1516 3527 1586 gloriae

1936 1601 2115 1672 ipsius
2131 1600 2200 1656 ".
2231 1620 2249 1653 ι
2286 1602 2407 1658 Non
2435 1611 2522 1658 est
2561 1618 2695 1675 ergo
2735 1611 3009 1658 mutatum
3054 1603 3112 1658 in
3154 1605 3318 1659 aliam
3360 1613 3525 1662 natu.-

1935 1708 2053 1747 ram
2080 1711 2096 1761 ;
2123 1693 2219 1750 sed
2250 1695 2452 1749 mansit
2492 1711 2716 1766 corpus,
2743 1696 2931 1751 divina
2973 1695 3149 1768 gloria
3190 1697 3437 1766 plenum,
3467 1705 3527 1752 et

235 1783 383 1848 θείας
408 1785 596 1855 μέντοι
624 1786 784 1858 δόξης
808 1785 1265 1858 πεπληρωμένον,
1290 1789 1386 1842 καὶ
1407 1789 1586 1858 φωτὸς
1608 1790 1826 1861 πέμπον

1936 1784 2078 1840 lucis
2108 1785 2295 1841 radios
2316 1787 2576 1850 emittens
2597 1827 2611 1851 ,
2645 1787 2736 1842 cui
2761 1786 3070 1843 conformia
3112 1786 3245 1849 ﬂent
3290 1803 3526 1858 corpora

235 1851 482 1941 ἀκτῖνας⁴
516 1879 714 1951 ικιίνῳ
737 1851 826 1934 Ea
871 1851 1198 1947 τῶνηάγίων
1251 1851 1483 1952 σώματα
1530 1851 1826 1954 γενήσεται

1929 1885 2268 1932 sanctorum.
2306 1877 2464 1946 Quod
2501 1879 2545 1932 si
2581 1894 2718 1935 vero
2770 1879 2904 1935 illud
2944 1879 3002 1934 in
3053 1880 3217 1934 aliam
3269 1889 3522 1935 natur-am

236 1968 559 2041 σύμμορφα.
586 1971 651 2025 Et
687 1971 746 2025 δὲ
774 1974 854 2035 είς
885 1970 1081 2045 ἑτέραν
1105 1974 1284 2026 ἐκεῖνο
1307 1974 1618 2048 μετεϐλήθη
1641 1976 1824 2045 φύσιν,

235 2061 323 2114 καὶ
342 2061 413 2115 τὰ
441 2062 653 2117 τούτων
677 2062 947 2128 ὡσαύτως
981 2065 1481 2136 μεταϐληθήσεται.
1514 2067 1828 2140 Σύμμορφα

235 2151 336 2219 γὰρ
355 2151 555 2222 ἐκείνῳ
585 2154 903 2224 γενήσεται.
930 2155 992 2207 Et
1024 2154 1082 2207 δὲ
1117 2153 1184 2209 τὰ
1216 2155 1328 2208 τῶν
1361 2155 1536 2225 ἀγίων
1565 2158 1826 2226 φυλάττει

235 2241 321 2296 τὸν
349 2242 684 2316 χαρακτῆρα
709 2245 811 2315 τῆς
843 2243 1082 2315 φύσεως,
1117 2246 1213 2301 καὶ
1244 2247 1307 2300 τὺ
1348 2249 1681 2303 Δεσποτικδν
1715 2251 1827 2321 ἀρα

233 2327 492 2396 ὁσαύτως
519 2331 619 2404 τὴν
644 2334 855 2388 οίκείαν
883 2334 1073 2389 οὐσίαν
1100 2334 1483 2407 ἀμετάϐλητον
1515 2339 1651 2411 ἔχει.

302 2421 511 2477 ΕΡΔΝ.
549 2424 674 2477 ἰνα
710 2424 896 2478 τοίνυν
929 2425 1083 2480 ἔσται
1116 2425 1195 2498 τῷ
1243 2428 1564 2500 Δεσποτικῷ
1610 2429 1828 2502 σώματι

235 2510 337 2567 τῶν
373 2514 551 2582 ἁγίων
575 2514 647 2570 τά
675 2513 944 2586 stipata;

302 2604 453 2660 ΟΡΘ.
511 2606 628 2677 Τῆς
681 2606 782 2676 μὲν
831 2605 1168 2680 ἀφθαρσίας,
1219 2611 1314 2663 καὶ
1364 2610 1550 2682 μέντοι
1595 2613 1827 2686 καὶτῆς

235 2691 532 2758 ἀθανασίας
566 2695 784 2767 μεθέξει
837 2697 933 2750 καὶ
983 2695 1179 2750 ταῦτα.
1234 2699 1570 2771 Κοινωνήσει
1626 2701 1684 2756 δὲ
1731 2704 1826 2759 καὶ

234 2784 331 2856 τῆς
359 2785 544 2857 δόξης,
577 2786 719 2842 καθά
745 2804 913 2858 φησιν
945 2789 970 2836 ’i
1018 2787 1364 2854 ’Δπόστολοςο
1411 2810 1431 2845 ι
1475 2792 1652 2866 Εἴπερ
1683 2812 1825 2867 συμ-

233 2877 540 2950 πὰαχομεν,
591 2879 681 2933 ῖνα
729 2880 827 2932 καὶ
871 2877 1340 2951 συνδοξασθῶμεν.
1384 2902 1402 2934 ι
1453 2883 1542 2938 Ἐν
1575 2886 1632 2939 δέ
1669 2904 1734 2956 γε
1758 2891 1823 2961 τῇ

233 2969 497 3040 ποσότητι
532 2969 670 3022 πολὺ
704 2970 768 3023 τὸ
798 2969 1058 3041 διάφορον
1091 2969 1239 3024 ἔστιν
1262 2972 1463 3044 εὑρεῖν,
1499 2976 1593 3029 καὶ
1631 2976 1826 3030 τοσού-

230 3074 340 3122 τον.
368 3060 498 3114 ὅσον
542 3057 698 3129 ἡλίου
743 3058 883 3130 πρὸς
931 3059 1196 3131 ἀστέρας,
1229 3062 1432 3130 μᾶλλον
1475 3064 1531 3118 δὲ
1573 3066 1699 3119 ὅσον
1735 3067 1826 3121 δε-

1927 1975 2202 2021 mutatum
2257 1976 2376 2032 est,
2436 1976 2491 2022 et
2544 1967 2742 2023 horum
2791 1968 3050 2025 similiter
3115 1969 3521 2025 mutabuntur:

1925 2063 2094 2110 erunt
2117 2055 2268 2111 enim
2297 2058 2376 2112 illi
2411 2058 2739 2114 conformia.
2785 2060 2842 2114 Si
2871 2076 3006 2116 vero
3039 2075 3272 2130 corpora
3306 2072 3526 2117 sancto-

1928 2162 2054 2201 rum
2087 2155 2302 2202 naturas
2334 2147 2570 2202 formam
2603 2151 2884 2216 retinent,
2927 2166 3131 2222 corpus
3158 2169 3381 2223 quoque
3415 2155 3526 2210 Do-

1927 2238 2236 2294 minicum‘
2288 2239 2548 2296 similiter
2593 2240 2876 2312 propriam
2935 2241 3306 2299 substantiam
3358 2245 3525 2303 habet

1929 2330 2353 2386 immutabilem.

1997 2421 2206 2477 ERAN.
2244 2421 2497 2493 Equalia
2546 2422 2718 2496 igitur
2758 2424 2980 2495 corpori
3025 2425 3317 2483 Dominico
3352 2436 3524 2484 erunt

1927 2526 2161 2582 corpora
2184 2518 2502 2568 sanctorum
2526 2512 2550 2566 ?

1999 2602 2212 2658 ORTH.
2250 2603 2800 2674 [incorruptibilitatis
2836 2619 2966 2661 sane
3004 2614 3063 2662 et
3090 2605 3526 2669 immortalitatis

1925 2693 2225 2763 participes
2265 2703 2450 2750 erunt.
2494 2695 2554 2749 In
2609 2696 3059 2752 communionem
3115 2698 3281 2752 etiam
3333 2699 3525 2770 glorise

1925 2785 2173 2850 venient,
2205 2783 2351 2840 sicut
2391 2785 2470 2840 ait
2505 2785 2843 2856 Apostolus:
2884 2806 2903 2839 ι
2934 2786 2992 2842 Si
3021 2789 3249 2858 quidem
3297 2805 3424 2845 cum
3455 2807 3524 2848 eo

1925 2877 2192 2948 patimur,
2218 2883 2279 2931 ut
2311 2877 2478 2932 etiam
2513 2893 2624 2933 una
2648 2877 3025 2949 glorificemur
3049 2881 3115 2934 ".
3160 2901 3178 2932 ι
3211 2881 3273 2938 ln
3297 2884 3522 2954 quanti—

1926 2977 2037 3024 tate
2062 2978 2246 3025 autem
2284 2969 2480 3040 ingens
2505 2977 2588 3023 est
2623 2968 2959 3036 discrimen,
3001 2986 3067 3026 ac
3104 2981 3319 3028 tantum
3349 2989 3528 3044 quan-

1927 3069 2044 3114 tum
2067 3069 2152 3115 est
2177 3061 2323 3114 inter
2368 3060 2542 3114 solem
2579 3069 2637 3115 et
2665 3061 2876 3127 stellas,
2907 3065 2995 3117 vel
3024 3066 3210 3133 potius
3241 3067 3389 3120 inter
3425 3066 3526 3121 do—

229 3152 428 3206 σπότου
467 3153 610 3222 πρὸς
635 3153 875 3218 δούλους,
929 3155 1024 3208 καὶ
1077 3157 1173 3212 τοῦ
1219 3158 1551 3228 φωτίζοντος
1598 3160 1736 3231 πρὸς
1764 3161 1825 3215 τὸ

1928 3152 2140 3206 minum
2179 3160 2236 3206 et
2271 3165 2480 3213 servos,
2501 3159 2559 3204 et
2598 3151 2742 3206 inter
2774 3151 3179 3229 illuminantem
3215 3161 3272 3210 et
3318 3155 3527 3212 illumi-

227 3241 623 3314 φωτιζόμενον.
664 3242 1015 3297 Μεταδέδωκε
1054 3243 1111 3298 δὲ
1137 3246 1286 3315 ὅμως
1323 3244 1430 3298 τῶν
1457 3245 1675 3299 οίκείων
1702 3246 1824 3300 ὀνο-

228 3334 419 3403 μάτων
447 3336 567 3397 τοῖς
590 3334 820 3399 δούλοις,
861 3337 955 3389 καὶ
985 3337 1100 3406 φῶς
1136 3337 1498 3407 καλούμενος,
1541 3337 1657 3407 φῶς
1697 3339 1824 3403 τοὺς

229 3426 420 3494 ἀγθους
461 3426 745 3482 ἐκάλεσενο
778 3447 796 3480 ι
820 3428 1008 3498 Ὑμεῖς
1036 3429 1164 3500 γὰρ,
1214 3431 1400 3500 φησιν,
1445 3429 1570 3484 ἐστὶ
1606 3429 1670 3483 τὸ
1707 3429 1826 3500 φῶς

228 3518 321 3571 τοῦ
350 3520 592 3590 κόσμου.
633 3537 652 3569 ι
686 3519 796 3573 Καὶ
817 3519 970 3591 ἥλιος
1010 3520 1359 3592 δικαιοτύνης
1397 3520 1821 3594 ὀνομαζόμενος,

227 3609 355 3680 περὶ
393 3609 509 3663 τῶν
561 3608 765 3663 δούλων
790 3610 942 3680 φησί·
983 3629 1004 3662 ι
1059 3611 1192 3665 Τότε
1227 3611 1606 3681 ἐκλάμψουσιν
1644 3614 1694 3665 οι
1738 3612 1822 3666 δίο

224 3713 370 3752 utor.
402 3701 484 3762 ὡς
513 3700 544 3752 ὁ
585 3699 757 3770 ἥλιος.
804 3719 824 3752 ι
853 3702 1010 3755 Κατά
1037 3701 1098 3754 τὸ
1139 3701 1294 3755 ποιὸν
1339 3701 1538 3768 τοίνυν,
1573 3704 1634 3756 οὐ
1678 3701 1823 3758 κατὰ

223 3789 514 3857 τδποσὸν,
573 3793 876 3863 σύμμορφα
931 3791 1085 3845 ἔσται
1136 3791 1215 3863 τῷ
1254 3794 1572 3865 Δεσποτικῷ
1603 3795 1822 3866 σώματι

219 3880 325 3936 τῶν
367 3883 552 3952 ἁγίων
579 3883 650 3936 τὰ
681 3882 930 3953 σώματα.
977 3883 1112 3937 Ἰδού
1170 3902 1250 3939 σοι
1284 3885 1587 3958 διαρρήδην
1623 3887 1823 3954 ἐδείξα-

222 3987 320 4042 μεν
371 3975 524 4047 ὅπερ
564 3974 715 4046 ἡμᾶς
766 3974 1121 4046 ἐπήγγειλας.
1160 3976 1225 4029 Ei
1264 3975 1320 4030 δέ
1375 3994 1459 4030 σοι
1499 3977 1689 4042 δοκεῖ,
1729 3979 1822 4033 καὶ

219 4064 428 4135 mpm;
462 4064 632 4119 τοῦτο
661 4069 1047 4135 σκοπήσωμεν.
1630 4128 1635 4133 ,

289 4157 506 4210 ΕΡΔΝ.
545 4155 731 4210 Πάντα
761 4155 844 4209 δεῖ
868 4155 1018 4208 λίθον
1054 4156 1256 4221 κινεῖν,
1299 4157 1442 4211 κατὰ
1485 4156 1583 4228 τὴν
1626 4174 1822 4229 παροι-

219 4250 367 4318 μίαν,
408 4249 566 4304 ὥστε
607 4248 672 4301 τὸ
704 4247 904 4311 ἀληθὲς
936 4247 1203 4318 ἐξευρεῖν,
1232 4248 1330 4318 οὐχ
1350 4249 1550 4319 ⁴ἥκιστα
1571 4249 1628 4303 δὲ
1661 4250 1823 4306 θείων

220 4357 414 4413 προκει
425 4342 621 4412 μένων
652 4339 956 4409 δογμάτων.

281 4435 441 4488 ΟΡθ.
489 4432 638 4487 Εἰπὲ
662 4434 864 4494 τοίνυν,
899 4430 966 4484 τὰ
1001 4431 1239 4502 μυστικὰ
1267 4431 1514 4503 σύμϐολα
1537 4433 1689 4504 παρά
1711 4435 1818 4488 τῶν

1927 3253 2136 3297 natum.
2164 3241 2275 3298 Sua
2305 3249 2488 3297 tamen
2519 3243 2745 3298 nomina
2778 3244 2957 3300 servis
2971 3261 3193 3316 quoque
3228 3246 3521 3317 impertiit,

1926 3343 1978 3390 et
2003 3335 2097 3405 qui
2139 3335 2236 3389 lux
2277 3335 2622 3404 appellatur,
2674 3335 2857 3390 lucem
2913 3346 3136 3393 sanctos
3203 3339 3520 3408 appellavit.

1933 3446 1952 3480 ι
1989 3427 2099 3483 Vos
2127 3426 2299 3491 enim,
2329 3426 2530 3496 inquit,
2567 3423 2703 3482 estis
2727 3426 2823 3481 lux
2846 3427 3038 3481 mundi
3066 3427 3131 3481 ιθ.
3174 3447 3195 3479 ι
3228 3429 3295 3483 Ει
3317 3430 3421 3507 qui.
3438 3431 3521 3485 sol

1918 3517 2150 3589 justitia:
2167 3515 2489 3572 nominatur
2509 3517 2576 3582 “,
2601 3516 2673 3573 de
2698 3516 2876 3572 servis
2898 3517 3035 3572 dicit
3061 3535 3075 3571 :
3116 3538 3133 3570 ι
3173 3513 3522 3593 Tunc/125

1924 3607 2216 3678 fulgebunt
2235 3606 2370 3678 justi
2399 3607 2544 3662 sicut
2575 3607 2658 3662 sol
2681 3607 2747 3661 “.
2787 3625 2807 3658 ι
2851 3605 3174 3664 Secundum
3198 3610 3523 3680 qualitatem

1921 3714 2075 3770 ergo,
2108 3713 2222 3752 non
2253 3697 2559 3754 secundum
2587 3697 2976 3768 quantitatem,
3009 3699 3315 3755 eonformia
3349 3713 3522 3758 erunt

1923 3789 2141 3862 corpori
2187 3791 2478 3846 Dominico
2546 3804 2781 3858 corpora
2820 3799 3161 3846 sanctorum.
3226 3793 3368 3849 Ecce
3419 3793 3521 3850 tibi

1921 3892 2113 3954 aperte
2132 3879 2481 3937 ostendimus
2507 3879 2656 3950 quod
2680 3895 2709 3934 a
2741 3880 2903 3936 nobis
2941 3883 3254 3950 postulasti.
3284 3883 3440 3951 Quod
3471 3886 3520 3941 si

1921 3975 2025 4031 tibi
2057 3974 2300 4046 videtur,
2328 3973 2490 4028 aliter
2514 3972 2682 4027 etiam
2720 3972 3158 4029 consideremus.

1992 4147 2202 4205 ERAN.
2231 4145 2465 4202 Omnem
2493 4145 2755 4200 convenit
2800 4144 3038 4216 lapidem
3075 4162 3321 4211 movere,
3370 4150 3522 4220 quod

1921 4249 2008 4297 est
2047 4241 2104 4295 in
2136 4238 2456 4310 proverbio,
2515 4248 2575 4292 ut
2624 4235 2832 4291 veritas
2881 4238 3242 4292 inveniatur:
3281 4239 3524 4296 maximo

1919 4347 2052 4388 vero
2085 4347 2210 4386 cum
2235 4328 2530 4410 dedivinis
2560 4327 2912 4398 dogmatibus
2931 4339 3016 4383 est
3049 4329 3282 4400 quaestio

1986 4423 2197 4481 ORTH.
2232 4423 2333 4477 Dic
2352 4436 2506 4492 ergo,
2530 4421 2762 4490 mystica
2787 4421 3056 4492 symbola,
3091 4437 3214 4492 qua:
3243 4422 3356 4478 Deo
3377 4438 3408 4476 a
3433 4437 3522 4478 sa-

223 4525 548 4598 ιερωμὲνων
582 4523 665 4594 τῷ
701 4522 821 4593 Θεῷ
846 4522 1299 4596 προσφερόμενα,
1337 4525 1501 4578 τίνων
1529 4525 1646 4579 ἐστὶ
1681 4527 1820 4599 σύμ-

1927 4515 2247 4573 cerdotibus
2267 4513 2601 4578 oﬁ'eruntur,
2617 4528 2857 4583 quarum
2880 4528 3066 4569 rerum
3091 4523 3220 4570 sunt
3238 4513 3522 4589 symbola?

215 4619 372 4686 Gala;

279 4713 492 4769 ΕΡΔΝ.
530 4711 649 4764 Τοῦ
689 4709 1023 4764 Δεσποτικοῦ
1057 4709 1313 4781 σώματός
1354 4728 1413 4764 τε
1443 4714 1536 4766 καὶ
1563 4712 1814 4783 αῖματος.

275 4806 430 4860 ΟΡΘ.
465 4805 588 4858 Τοῦ
629 4803 805 4865 ὅντως
835 4802 1089 4874 σώματος
1118 4803 1150 4875 ἢ
1178 4804 1277 4858 οὐκ
1304 4804 1504 4868 δντωςς

277 4897 489 4952 ειιΑΝ.
529 4897 647 4950 τοῦ
680 4897 870 4960 ὅντως.

276 4991 429 5046 0P8.
470 4993 744 5059 Ἀρισταο
779 4989 887 5059 χρὴ
914 4989 1025 5060 γὰρ
1059 4985 1200 5043 εἶναι
1237 4990 1298 5041 τὸ
1336 4991 1434 5060 τῆς
1467 4990 1675 5054 εἰκόνος
1711 4992 1815 5062 ἀρ-

210 5079 459 5148 χέτυπον.
495 5080 623 5136 Καὶ
654 5079 763 5148 γὰρ
779 5081 827 5131 οἱ
855 5077 1137 5151 ζωγράφοι
1163 5080 1258 5150 τὴν
1301 5080 1460 5148 φύσιν
1493 5079 1810 5150 μιμοῦνται,

213 5177 297 5225 καὶ
321 5175 431 5226 τῶν
460 5172 780 5243 ὁρωμένων
811 5174 1085 5243 γράφουσι
1118 5173 1215 5236 τὰς
1250 5173 1481 5238 εἰκόνας.

273 5263 476 5317 εΡΑΝ.
533 5261 794 5330 Ἀληθές.

272 5354 422 5408 ΟΡΘ.
469 5356 538 5407 Εἰ
566 5352 759 5405 τοίνυν
786 5351 881 5406 τοῦ
909 5352 1080 5417 ὅντως
1114 5353 1367 5424 σώματος
1399 5355 1665 5414 ἀντίτυπᾶ
1695 5361 1810 5413 bri

216 5444 273 5496 τὰ
303 5445 418 5498 θεῖα
455 5444 778 5516 μυστήρια,
821 5443 980 5513 σῶμα
1007 5445 1114 5514 ἀρα
1152 5446 1268 5498 ἐστὶ
1312 5445 1405 5499 καὶ
1438 5447 1533 5501 νῦν
1575 5445 1671 5499 τοῦ
1718 5449 1814 5499 As-

1999 4709 2209 4766 ERAN.
2237 4707 2498 4780 Corporis
2531 4715 2587 4764 et
2615 4707 2900 4779 sanguinis
2920 4709 3211 4765 Dominici.

1987 4799 2200 4858 ORTH.
2235 4799 2361 4856 Veri
2384 4799 2657 4868 corporis,
2687 4814 2758 4854 an
2779 4814 2892 4854 non
2931 4799 3091 4855 veri?

1996 4893 2206 4951 ERAN.
2231 4893 2382 4948 Veri.

1993 4983 2203 5040 ORTll.
2240 4982 2479 5053 Optime.
2523 4981 2755 5052 Oportet
2796 4983 2948 5038 enim
2995 4984 3248 5055 imaginis
3298 5000 3516 5044 exstare

1924 5081 2304 5150 archetypum.
2334 5078 2471 5133 Nam
2493 5087 2549 5133 et
2571 5077 2816 5147 pictores
2840 5086 3094 5133 naturam
3126 5080 3433 5148 imitantur,
3457 5096 3515 5139 ct

1923 5186 2115 5226 eorum
2153 5184 2275 5238 quae
2304 5169 2726 5238 conspiciuntur
2756 5169 2990 5240 pingunt
3017 5169 3302 5240 imagines.

1991 5261 2201 5317 ERAN.
2243 5261 2447 5316 Verum
2473 5269 2577 5316 est.

1993 5351 2204 5409 ORTH.
2252 5351 2309 5408 Si
2339 5352 2509 5424 igitur
2532 5367 2724 5408 verum
2757 5367 2961 5422 corpus
3001 5364 3398 5426 repraesentant
3429 5356 3513 5411 di-

1922 5444 2053 5500 vina
2092 5443 2375 5513 mysteria,
2415 5459 2620 5515 corpus
2649 5457 2781 5513 ergo
2828 5441 3052 5499 Domini
3095 5462 3245 5502 nunc
3292 5462 3514 5519 quoque

271 5625 314 5658 ⁸⁸
337 5628 587 5701 Philipp.
619 5641 704 5690 ιιι,
737 5623 830 5688 20,
861 5623 952 5677 2|.
1025 5627 1070 5660 ⁸⁹
1097 5626 1252 5682 Rom.
1301 5643 1413 5691 vm,
1461 5627 1544 5682 l7.
1590 5626 1634 5657 ‘°
1671 5627 1860 5682 Matth.
1889 5644 1942 5693 ι’,
1969 5629 2054 5683 M.
2095 5626 2393 5685 “Malach.
2427 5644 2498 5693 iv,
2530 5626 2584 5681 2.
2660 5628 2705 5660 ⁶¹
2735 5628 2928 5698 Matth.
2971 5644 3086 5695 xm,
3122 5629 3212 5683 43.

281 5797 383 5871 (55)
437 5801 578 5870 Ἰησ.
621 5791 1074 5862 Βρςδικριστύν.

1993 5789 2105 5859 (56)
2135 5791 2200 5845 Τ.
2240 5791 2381 5861 σῶμ.
2417 5792 2564 5849 Loco
2591 5791 2687 5848 cit.
2728 5801 2812 5849 est
2839 5791 2916 5865 τῷ
2947 5791 3182 5864 σώματι.
