4136 6390
632 345 733 407 179

1610 300 2095 413 THEUDORETI
2134 336 2471 411 EPISCOPI
2508 351 2874 414 CYRENSIS

3779 348 3875 417 180

628 455 839 527 aliquid
867 455 1172 529 accederet,
1204 458 1442 514 Verbum
1465 474 1685 515 carnem
1710 459 1913 516 factum
1939 476 2078 524 esse,
2108 458 2203 514 sed

2314 462 2447 517 πολῦ
2462 461 2793 526 πλανῶνται,
2816 461 2877 514 τὸ
2902 460 3113 530 ποίημα
3140 460 3543 525 συνεξισοῦντες
3559 459 3639 532 τῷ
3662 465 3876 533 ποιητῇ,

632 555 695 601 ιιι
735 562 864 602 caro
900 558 1209 619 resurgeret
1245 568 1257 603 :
1299 565 1476 619 neque
1522 559 1584 605 ut
1627 548 1825 607 melius
1861 550 2207 615 redderetur,

632 636 874 691 Verbum
906 652 972 692 ex
1000 638 1165 694 Raris
1192 640 1484 710 processit,
1506 640 1600 694 sed
1626 648 1687 695 ut
1708 656 1881 713 genus
1908 640 2208 695 humanum

629 728 948 784 redimeret.
999 728 1285 797 Quomodo
1328 731 1497 802 igitur
1542 732 1647 787 sibi
1690 732 2043 805 persuadent,
2082 746 2209 786 cor-

629 833 753 889 pus,
790 820 938 891 quod
980 836 1081 891 per
1115 821 1355 876 Verbum
1397 823 1745 894 redemptum
1777 830 1863 877 est
1884 830 1942 877 et
1971 821 2212 876 viviﬁca-

628 919 769 974 tnm,
796 911 1097 967 viviﬁcanti
1134 912 1316 968 Verbo
1356 913 1565 983 aliquid
1606 914 1676 969 ad
1719 912 2064 968 divinitatem
2110 910 2211 964 ad-

625 1001 955 1071 jecisse?—
983 1001 1261 1073 Ejusdem,
1315 1020 1379 1058 ea:
1431 1005 1613 1058 eadem
1664 1002 1909 1073 epistola.
1948 1002 2208 1065 Audiant,

628 1091 778 1161 quod
822 1092 869 1146 si
918 1100 1169 1148 creatura
1210 1102 1330 1148 erat
1371 1094 1632 1158 Verbum,
1668 1108 1779 1149 non
1830 1094 2214 1164 assumpsisset

627 1190 883 1239 creatura
900 1198 1119 1254 corpus,
1158 1193 1217 1239 ut
1238 1184 1372 1240 illud
1399 1186 1720 1241 viviﬁcaret.
1752 1185 2041 1253 Quodnam
2064 1186 2209 1240 enim

629 1274 908 1329 creaturis
933 1290 963 1329 a
988 1284 1243 1330 creatura
1270 1274 1535 1331 auxilium
1564 1291 1687 1331 esse
1717 1284 1918 1347 potest,
1945 1290 2067 1347 quze
2096 1276 2211 1344 ipsa

626 1378 849 1436 quoque
899 1367 1103 1421 auxilio
1156 1368 1403 1439 indiget?
1453 1367 1559 1423 Sed
1606 1368 1736 1437 quia
1783 1368 2046 1429 Verbum,
2084 1380 2211 1419 cum

628 1462 777 1510 esset
796 1464 1035 1519 creator,
1063 1450 1181 1526 ipse
1223 1465 1602 1527 creaturarum
1636 1456 1887 1511 conditor
1932 1455 2056 1519 fuit,
2086 1454 2211 1509 ideo

630 1543 690 1599 in
718 1547 1187 1602 consummttione
1228 1547 1549 1602 saeculorum
1591 1555 1901 1603 creaturam
1947 1546 2062 1616 ipse
2105 1545 2210 1600 sibi

632 1631 903 1702 adiunxit,
943 1644 999 1690 ut
1044 1649 1166 1689 eam
1217 1642 1477 1704 tanquam
1522 1634 1778 1690 conditor
1820 1643 2112 1691 renovaret
2148 1650 2212 1688 ac

629 1722 973 1778 reformaret.
999 1754 1067 1766 -—-
1084 1724 1169 1779 Ea:
1185 1725 1389 1796 majore
1405 1728 1643 1780 oratione
1658 1727 1721 1779 de
1733 1726 1857 1794 ﬁde.
1878 1726 2003 1781 Haec
2027 1735 2209 1780 autem

628 1813 698 1867 de
718 1814 904 1869 verbis
943 1815 1052 1869 illis
1071 1814 1374 1885 adjecimus
1397 1831 1412 1869 ;
1438 1814 1624 1870 «Sede
1640 1832 1669 1870 a
1687 1816 1929 1870 dexteris
1950 1817 2086 1871 meis
2105 1814 2172 1879 ⁸⁸,
2187 1835 2205 1865 ι

629 1905 759 1975 quia
774 1906 842 1960 de
856 1920 1087 1976 corpore
1105 1906 1391 1960 Dominieo
1425 1908 1571 1962 dicta
1600 1914 1749 1962 sunt.
1770 1906 1825 1959 Si
1854 1907 2022 1970 enim,
2044 1926 2061 1958 ι
2084 1906 2211 1961 Ca:-

630 1996 747 2050 lnm
784 2002 839 2051 et
879 2004 1079 2050 terram
1108 2010 1212 2065 ego
1244 1994 1468 2065 impleo,
1502 1995 1639 2051 dicit
1667 1994 1955 2057 Dominus,
1988 2014 2006 2046 ι
2043 2003 2105 2048 ιιι
2136 1994 2214 2048 ait

629 2085 897 2141 Jeremias
928 2084 996 2151 ⁸⁷,
1022 2093 1077 2142 et
1108 2070 1291 2141 Kmnia
1322 2087 1570 2143 continet
1597 2088 1762 2152 Deus,
1788 2104 1817 2143 a
1848 2087 1999 2142 nullo
2028 2094 2211 2141 autem

631 2178 972 2244 continetur,
1014 2180 1069 2233 in
1108 2195 1345 2249 quanam
1387 2181 1542 2235 sedet
1584 2180 1755 2235 sede?
1777 2180 2002 2250 Corpus
2048 2180 2213 2250 igitur

630 2278 737 2332 est,
775 2269 935 2340 138
967 2270 1056 2324 cui
1089 2270 1264 2326 dicit:
1303 2290 1322 2321 ι
1357 2271 1498 2325 Sede
1525 2287 1556 2325 a
1582 2270 1829 2327 dexteris
1862 2270 2022 2336 meis,
2062 2290 2080 2322 ι
2112 2286 2210 2325 eu-

626 2360 719 2428 jus
753 2366 808 2413 et
847 2359 1021 2415 hostis
1059 2359 1163 2415 fuit
1194 2359 1449 2416 diabolus
1477 2376 1602 2415 cum
1633 2361 1791 2417 malis
1822 2362 2207 2433 potestatibus,

630 2458 690 2503 et
718 2448 915 2514 Judaei,
944 2458 1001 2505 et
1026 2450 1275 2520 gentiles,
1307 2466 1406 2521 per
1433 2451 1580 2521 quod
1613 2465 1816 2522 corpus
1848 2466 2096 2506 summus
2119 2467 2207 2506 sa-

633 2540 830 2596 cerdos
852 2550 907 2596 et
932 2543 1213 2612 apostolus
1234 2544 1339 2598 fuit
1355 2554 1412 2600 et
1430 2544 1735 2615 appellatus
1758 2553 1862 2607 est.
1888 2560 1985 2615 per
2010 2555 2211 2617 myste-

632 2634 775 2689 rium
811 2633 959 2704 quod
986 2635 1147 2690 nobis
1178 2636 1405 2692 tradidit
1435 2638 1626 2693 dicens
1655 2656 1669 2691 :
1703 2658 1721 2690 ι
1750 2637 1867 2693 Hoc
1898 2646 1982 2693 est
2010 2653 2212 2708 corpus

633 2738 838 2788 meum,
864 2725 1011 2795 quod
1060 2741 1162 2796 pro
1211 2727 1372 2782 vobis
1410 2727 1721 2799 (frangitur)
1753 2730 1817 2791 ⁸⁸,
1841 2736 1899 2782 et
1934 2728 2210 2799 :Sanguis

632 2811 761 2865 novi
790 2812 1125 2869 Testamenti
1151 2814 1283 2886 (non
1303 2817 1550 2885 veteris),
1578 2818 1673 2887 qui
1703 2833 1803 2887 pro
1842 2819 1999 2873 vobis
2028 2820 2207 2873 effun-

632 2901 785 2956 ditur
810 2902 875 2957 ⁸’.
911 2922 931 2955 ι
974 2904 1244 2961 Divinitas
1275 2916 1458 2963 autem
1489 2923 1591 2963 nec
1624 2923 1826 2979 corpus
1854 2925 1955 2964 nee
1988 2912 2207 2980 sangui-

631 3008 759 3048 nem
802 2993 988 3059 habet,
1026 2996 1121 3051 sed
1167 2997 1334 3052 homo
1370 3014 1439 3053 ex
1477 2998 1644 3053 Maria
1687 3010 2002 3070 assumptus
2044 3016 2207 3055 causa

2310 555 2405 611 καὶ
2445 552 2801 616 ὑπονοοῦντες
2848 549 3109 606 δύνασθαι
3155 550 3256 622 τὴν
3286 551 3521 622 θεότητα
3561 552 3879 623 προσθήκην

2310 646 2625 715 λαμϐάνειν.
2673 645 2784 698 Καὶ
2829 644 3106 715 ἠγνόησαν
3166 642 3252 695 ὅτι
3307 643 3369 694 οὑ
3417 642 3510 695 διὰ
3562 641 3878 713 προσθήκην

2311 736 2560 805 θεότητος
2610 732 2803 803 γέγονε
2855 734 2991 804 σὰρξ
3032 735 3060 787 6
3115 732 3309 800 Λόγος,
3358 731 3473 785 ἀλλ’
3524 732 3612 786 ῐνα
3663 733 3695 803 ἡ
3746 730 3881 799 σὰρξ

2312 827 2515 896 ἀναστῇ
2541 840 2556 855 ⁶
2593 823 2714 877 οὐδὲ
2763 823 2851 877 ινα
2908 820 3173 892 βελτιιοοῇ
3219 822 3248 873 6
3289 821 3464 888 Λόγος
3497 820 3770 891 προῆλθεν
3816 820 3881 872 ιιι

2310 916 2551 987 Μαρίας,
2589 914 2705 969 ἀλλ’
2734 914 2825 968 ἵνα
2863 913 2927 966 τὸ
2954 912 3297 984 ἀνθρώπινον
3348 910 3461 985 (93)
3491 911 3647 979 γένος
3674 907 3882 979 λυτρώ-

2314 1022 2493 1078 σηται.
2526 1005 2650 1068 Πῶς
2686 1000 2781 1058 οῦν
2805 1003 3031 1068 οἴονται,
3062 1003 3122 1056 τὸ
3154 1002 3244 1057 διὰ
3278 1000 3376 1055 τοῦ
3404 1001 3580 1068 Λόγου
3606 998 3886 1071 λυτρωθὸν

2315 1098 2496 1168 σῶμα,
2541 1096 2639 1150 κα)⁵
2670 1095 3039 1164 ζωοποιηθὶν,
3074 1094 3395 1165 προσθήκην
3427 1094 3507 1155 εἰς
3545 1090 3776 1159 θεότητα
3804 1088 3885 1159 τῷ

2314 1186 2709 1255 ζωοποιήσαντι
2736 1183 2845 1252 (94)
2880 1185 3039 1255 Λόγῳ
3072 1185 3283 1249 ποιεϊν;
3324 1213 3391 1225 -—
3430 1181 3540 1236 Τοῦ
3580 1180 3792 1245 αὑτοῦ,
3816 1178 3887 1233 ἐκ

2312 1277 2423 1345 τῆς
2464 1277 2656 1345 αὐτῆς
2699 1274 3052 1342 ἐπιστολῆς.
3115 1275 3489 1329 ’Δκουέτωσαν
3544 1272 3656 1344 (95)
3704 1273 3791 1326 δτι
3836 1272 3888 1325 ει

2311 1368 2515 1437 κτίσμα
2547 1364 2616 1438 ἦν
2644 1367 2673 1420 6
2698 1368 2888 1434 Λόγος.
2913 1368 2977 1419 οὐ
3003 1365 3452 1437 προσελάμϐανεν
3488 1363 3555 1418 ἂν
3584 1363 3643 1417 τὸ
3665 1363 3887 1417 κτιστὸν

2313 1462 2497 1535 σῶμα,
2520 1463 2609 1517 ῐνα
2638 1463 2795 1516 τοῦτο
2825 1461 3158 1532 ζωοποιήσῃ.
3184 1459 3322 1514 Ποία
3344 1460 3457 1531 γὰρ
3485 1460 3598 1520 τοῖς
3620 1457 3889 1527 κτίσμασι

2312 1553 2464 1623 παρὰ
2500 1550 2799 1622 κτίσματός
2828 1554 2942 1605 ἐστι
2992 1548 3235 1621 βοήθεια.
3270 1548 3528 1619 δεομένου
3571 1546 3668 1600 καὶ
3714 1542 3887 1599 αὑτοῦ

2314 1642 2625 1714 σωτηρίας;
2671 1642 2813 1695 Ἀλλ’
2856 1639 3043 1709 ιπειδὴ
3091 1638 3315 1709 κτίστης
3347 1636 3423 1690 ὣν
3466 1636 3494 1689 6
3523 1636 3693 1704 Λόγος
3726 1633 3895 1697 αὐτὸς

2311 1736 2645 1805 δημιουργὸς
2693 1732 2886 1800 γέγονε
2931 1730 3041 1784 τῶν
3089 1730 3431 1797 κτισμάτων,
3464 1726 3552 1779 διὰ
3602 1724 3765 1779 τοῦτο
3792 1724 3895 1778 καὶ

2313 1827 2406 1880 ἐπὶ
2439 1824 2720 1895 συντελείᾳ
2746 1823 2854 1875 τῶν
2876 1820 3088 1874 αῑώνων
3116 1819 3176 1872 τὸ
3196 1816 3412 1871 κτιστδν
3436 1815 3598 1879 αὑτὸς
3626 1814 3895 1884 συνεστή-

2315 1936 2467 1981 σατο,
2520 1918 2607 1970 ἴνα
2640 1916 2801 1968 πάλιν
2836 1913 2969 1967 αὑτὸ
3020 1910 3095 1973 ὡς
3130 1910 3358 1979 κτίστης
3396 1906 3723 1977 ἀνακαινίσῃ
3751 1947 3767 1967 ,
3798 1905 3896 1959 καὶ

2311 2007 2608 2063 ἀνακτίσαι
2623 2005 2849 2075 δυνηθῇ.
2872 2033 2940 2045 -—
2973 2002 3071 2053 Ἐκ
3094 1997 3201 2053 τοῦ
3228 1998 3362 2064 περὶ
3386 1999 3646 2062 πίστεως
3675 1995 3894 2064 λόγου.

2311 2102 2416 2155 τοῦ
2437 2098 2723 2169 μείζονος.
2761 2096 2946 2148 Ταῦτα
2986 2091 3097 2163 (96)
3133 2091 3190 2145 δὲ
3230 2088 3585 2162 παρεθέμεθα
3611 2085 3889 2158 περὶτοῦ,

2319 2210 2336 2242 ι
2367 2189 2552 2244 Κάθου
2579 2189 2645 2241 ἐκ
2672 2184 2862 2253 δεξιῶν
2904 2199 3030 2254 μου,
3057 2201 3076 2234 ι
3108 2181 3188 2234 ὅτι
3216 2181 3297 2242 είς
3328 2179 3388 2231 τὸ
3414 2176 3692 2249 κυριακὸν
3730 2175 3898 2246 σῶμα

2311 2281 2581 2335 λέλεκται.
2607 2280 2668 2333 Εἰ
2706 2278 2835 2347 γὰρ,
2865 2293 2883 2326 ι
2916 2274 3022 2327 Τὸν
3067 2270 3297 2342 οὐρανὸν
3363 2268 3459 2322 καὶ
3499 2268 3599 2338 τὴν
3636 2265 3744 2334 γῆν
3776 2264 3899 2334 ἑγὼ

2312 2370 2523 2443 πληρῶ,
2554 2367 2703 2435 λέγει
2730 2364 2954 2435 Κύριος,
2992 2380 3011 2413 ι
3042 2360 3120 2423 ὥς
3159 2375 3325 2429 φησιν
3364 2357 3673 2429 Ἱερεμίας,
3710 2354 3901 2409 πάντα

2309 2460 2365 2514 δὲ
2406 2459 2572 2530 χωρεῖ
2600 2458 2629 2509 ό
2660 2455 2812 2517 Θεὸς,
2859 2453 2950 2505 ὑπ’
2980 2450 3193 2514 οὐδενὸς
3222 2449 3280 2503 δὲ
3310 2450 3571 2519 χωρείται
3620 2443 3755 2511 (97),
3814 2446 3901 2508 εἰς

2311 2554 2463 2606 ποῖον
2511 2549 2801 2611 καθέζεται
2842 2543 3066 2615 θρόνον;
3109 2541 3182 2594 Τὸ
3226 2540 3385 2610 σῶμα
3423 2536 3605 2591 τοίνυν
3656 2538 3810 2589 ἐστὶν
3848 2530 3897 2606 ᾧ

2309 2644 2478 2711 λέγει,
2521 2660 2540 2691 ι
2593 2638 2777 2693 Κάθου
2813 2638 2875 2689 ἐκ
2904 2633 3093 2701 δεξιῶν
3128 2649 3228 2704 μου
3273 2630 3407 2701 (98),
3452 2649 3470 2680 ι
3504 2624 3565 2683 οῦ
3595 2630 3690 2682 καὶ
3726 2627 3899 2697 7630-

2310 2752 2399 2789 νεν
2436 2730 2627 2802 ἐχθρὸς
2657 2732 2685 2782 ό
2712 2726 2956 2789 διάϐολος
2988 2724 3085 2777 σὺν
3126 2723 3246 2783 ταῖς
3294 2720 3571 2802 πονηροῖςέ
3587 2718 3895 2786 δυνάμεσι,

2312 2826 2406 2879 καὶ
2451 2800 2694 2876 Ἰουδαῖοι
2720 2859 2736 2882 ,
2775 2819 2869 2872 καὶ
2905 2814 3167 2884 Ἕλληνες
3211 2809 3341 2881 (99).
3394 2810 3471 2861 Δι’
3514 2800 3576 2860 οῦ
3632 2805 3899 2875 σώματος

2309 2914 2602 2985 ἀρχιερεὺς
2634 2910 2727 2965 καὶ
2753 2904 3048 2970 ἀπόστολος
3077 2903 3270 2974 γέγονε
3301 2899 3379 2970 (i)
3405 2898 3503 2953 καὶ
3529 2897 3899 2969 ιχρημάτισι,

2309 3007 2377 3061 δι’
2409 3001 2470 3059 οῦ
2507 3002 2825 3074 παρέδωκεν
2854 3000 2988 3069 ἡμῖν
3034 2993 3357 3067 μυστηρίου,
3402 2989 3601 3059 λέγων,
3651 3006 3671 3038 ι
3718 2985 3900 3074 Τοῦτό

634 3083 831 3140 horum
879 3086 1006 3152 fuit,
1043 3086 1113 3142 de
1159 3104 1271 3158 quo
1316 3088 1576 3145 dixerunt
1616 3092 1848 3159 apostoli
1899 3109 1911 3144 :
1961 3111 1979 3142 ι
2022 3091 2206 3147 Jesum

2314 3098 2426 3152 ἐστί
2457 3114 2557 3169 μου
2590 3072 2651 3148 τὸ
2688 3095 2848 3162 σῶμα
2896 3090 2954 3143 τὸ
3000 3088 3140 3158 ὑπὲρ
3186 3083 3341 3155 ὑμῶν
3368 3080 3466 3153 (‘2),
3495 3080 3613 3143 καὶ,
3644 3079 3718 3132 τὸ
3747 3072 3899 3150 αἷμα

630 3172 995 3239 Nazarenam,
1021 3177 1201 3231 virum
1229 3192 1259 3231 a
1290 3177 1403 3232 Deo
1433 3179 1792 3248 approbatum
1821 3178 1877 3233 in
1902 3180 2059 3235 vobis
2096 3171 2147 3234 θ.
2181 3200 2199 3233 ι

630 3293 702 3304 -
736 3262 1015 3334 Ejusdem,
1039 3282 1103 3320 ea:
1150 3274 1290 3322 tumo
1335 3276 1519 3322 contra
1566 3268 1812 3323 Arianos.
1869 3271 1937 3325 Et
1987 3270 2210 3341 quando

632 3354 770 3410 dicit
800 3373 814 3409 :
849 3376 866 3408 ι
897 3357 1128 3427 Propter
1149 3359 1295 3428 quod
1316 3367 1374 3414 et
1401 3360 1547 3415 Deus
1566 3360 1725 3415 valde
1747 3362 2009 3417 exaltavit
2030 3363 2207 3429 illum,

631 3456 691 3503 et
731 3446 955 3504 donavit
998 3448 1077 3503 illi
1122 3464 1324 3505 nomen
1366 3450 1512 3521 quod
1542 3461 1628 3507 est
1662 3468 1830 3523 super
1863 3469 2025 3509 omne
2056 3459 2069 3475 '
2107 3470 2210 3510 no-

635 3554 760 3594 men
783 3540 851 3603 ",
883 3558 902 3589 ι
936 3538 1004 3595 de
1027 3541 1242 3610 templo
1274 3542 1523 3612 corporis
1563 3544 1683 3613 eius
1716 3544 1981 3613 loquitur,
2005 3549 2113 3600 non
2144 3546 2213 3601 de

631 3629 940 3686 divinitate.
968 3629 1089 3686 Non
1118 3631 1264 3687 enim
1289 3633 1558 3688 exaltatur
1588 3635 1922 3699 Altissimus,
1952 3637 2049 3695 sed
2085 3654 2213 3693 caro

634 3722 903 3778 Altissimi
945 3723 1239 3788 exaltatur,
1273 3732 1329 3779 et
1360 3724 1512 3778 carni
1548 3724 1813 3780 Altissimi
1853 3728 2081 3784 donavit
2116 3745 2215 3784 no-

636 3827 783 3878 men,
810 3812 955 3883 quod
988 3822 1070 3869 est
1103 3829 1270 3884 super
1307 3830 1469 3870 omne
1503 3830 1728 3869 nomen.
1762 3816 1950 3887 Neque
1971 3818 2210 3873 Verbum

636 3902 732 3956 Dei
758 3903 913 3973 quasi
952 3918 1019 3957 ex
1049 3907 1221 3974 gratia
1250 3905 1356 3959 hoc
1379 3904 1621 3959 obtinuit
1645 3917 1705 3962 ut
1733 3908 1877 3962 Deus
1904 3920 2211 3975 vocaretur,

635 3993 734 4049 sed
777 4008 907 4049 caro
943 3995 1063 4065 ejus
1101 4010 1226 4049 cum
1267 3994 1386 4065 ipso
1423 3996 1673 4053 divinum
1716 4000 1982 4053 honorem
2015 4016 2214 4056 conse-

634 4093 761 4141 cuta
792 4092 895 4141 est.
927 4116 995 4125 -
1018 4086 1291 4157 Ejusdem,
1324 4102 1389 4140 ea:
1416 4087 1597 4142 eadem
1616 4090 1870 4143 oratione.
1902 4090 1969 4144 Et
1997 4090 2215 4159 quando

634 4177 769 4231 dicit
806 4195 819 4231 :
856 4196 875 4228 ι
906 4177 1161 4231 Nondum
1198 4187 1317 4233 erat
1349 4176 1590 4248 Spiritus
1621 4189 1865 4243 sanctus,
1898 4181 2026 4250 quia
2055 4183 2216 4237 Jesus

636 4268 881 4323 nondum
924 4276 1044 4323 erat
1087 4266 1513 4338 glorificatus",
1549 4288 1566 4320 ι
1608 4284 1829 4325 carnem
1872 4271 2046 4340 ipsius
2083 4273 2217 4328 dicit

635 4356 881 4412 nondum
914 4355 1290 4425 gloriﬁcatam.
1318 4356 1479 4426 139
1498 4356 1616 4410 Non
1639 4359 1787 4411 enim
1813 4358 2078 4421 Dominus
2104 4360 2218 4430 glo-

2310 3191 2410 3260 τῆς
2440 3187 2633 3257 καινῆς
2657 3185 2933 3254 Διαθήκης
2977 3179 3060 3250 (οὑ
3089 3178 3188 3247 τῆς
3221 3174 3504 3241 παλαιᾶς),
3541 3170 3601 3224 τὸ
3638 3171 3781 3241 ὑπὲρ
3815 3170 3899 3239 (3)

2311 3281 2465 3352 ὑμῶν
2518 3278 2903 3350 ἑκχυνόμενον.
2958 3292 2976 3325 ι
3012 3268 3218 3337 Θεότης
3262 3265 3321 3318 δὲ
3366 3263 3489 3318 οὔτε
3534 3263 3695 3331 σῶμα.
3757 3260 3899 3316 οὔτε

2309 3367 2451 3443 αἷμα
2480 3370 2615 3441 ἔχει,
2633 3367 2822 3422 ἀλλ’ὃν
2849 3362 3104 3433 ἐτόρεσεν
3126 3360 3191 3410 ὲκ
3218 3353 3552 3443 τῆςΜαρίας
3575 3352 3897 3423 ἄνθρωπον,

2312 3442 2485 3525 αἴτιος
2534 3458 2741 3511 τούτων
2767 3451 2960 3521 γέγονε
2989 3490 3002 3513 ,
3031 3450 3161 3521 περὶ
3192 3442 3263 3502 οῦ
3289 3442 3444 3500 εἷπον
3476 3447 3523 3499 0t
3575 3442 3897 3497 ἀπόστολοι·

2319 3578 2337 3609 ι
2390 3551 2601 3625 Ἰησοῦν
2639 3550 2731 3605 τὸν
2764 3548 2872 3603 ἀπὸ
2900 3544 3153 3613 Ναζαρὶτ
3191 3540 3362 3613 ἄνδρα
3386 3539 3493 3591 ἀπὸ
3515 3537 3653 3591 Θεοῦ
3693 3537 3900 3591 ἁποδεο

2312 3645 2594 3716 δειγμένον
2617 3643 2698 3705 εἰς
2738 3640 2905 3709 ὑμᾶς.
2944 3656 2962 3689 ι
2995 3664 3065 3677 --
3110 3632 3219 3687 Τοῦ
3259 3629 3468 3693 αὑτοῦ,
3502 3628 3571 3682 ἐκ
3597 3626 3703 3681 τοῦ
3740 3629 3899 3694 πρὸς

2325 3735 2666 3807 Ἀρειανοὺς
2707 3734 2890 3800 τόμον
2923 3727 3037 3798 (ό).
3075 3727 3185 3779 Καὶ
3228 3724 3322 3810 ὅτε
3370 3720 3543 3788 λέγει.
3595 3738 3613 3771 ι
3644 3719 3755 3783 Διὸ,
3796 3720 3903 3772 καὶ

2313 3834 2342 3884 ὁ
2365 3830 2497 3892 Θεὸς
2519 3827 2682 3882 αὑτὸν
2706 3821 3052 3894 ὑπερύψωσε,
3082 3817 3177 3872 καὶ
3204 3812 3493 3886 ἐχαρίσατο
3516 3809 3666 3881 αὐτῷ
3694 3810 3902 3879 δνομα.

2314 3922 2375 3974 τὸ
2404 3920 2543 3989 ὑπὲρ
2572 3918 2679 3969 πᾶν
2700 3916 2894 3983 όνομα,
2924 3932 2942 3963 ι
2976 3909 3106 3979 περὶ
3134 3908 3211 3977 (5)
3242 3904 3338 3959 τοῦ
3364 3903 3493 3956 ναοῦ
3519 3901 3612 3955 τοῦ
3641 3900 3904 3969 σώματος

2318 4008 2485 4063 αὑτοῦ
2514 4006 2685 4073 λέγει,
2720 4004 2781 4057 οὐ
2812 4002 2942 4070 περὶ
2972 3999 3071 4068 τῆς
3106 3998 3384 4064 θεότητος.
3414 3993 3492 4045 υὺ
3528 3990 3636 4061 γὰρ
3665 3992 3693 4043 6
3725 3990 3907 4060 ’Υψμ

2322 4118 2447 4163 στος
2475 4097 2705 4167 ὑψοῦται
2729 4135 2743 4156 ,
2773 4094 2887 4147 ἀλλ’
2933 4092 2966 4158 ἡ
3002 4088 3138 4158 σὰρξ
3173 4084 3269 4139 τοῦ
3325 4082 3580 4152 Ὑψίστου
3622 4080 3857 4150 ὑψοῦται
3886 4121 3905 4145 ,

2316 4187 2412 4238 καὶ
2440 4187 2507 4255 τῇ
2536 4182 2701 4252 σαρκὶ
2730 4179 2823 4233 τοῦ
2844 4182 2847 4185 “
2865 4177 3122 4247 Ὑψίστου
3148 4171 3441 4244 ἐχαρίσατο
3463 4171 3629 4240 θνομα
3664 4171 3725 4223 τὸ
3754 4170 3908 4243 ὑπὲρ

2316 4278 2425 4328 πᾶν
2450 4274 2642 4343 ὄνομα.
2674 4270 2782 4323 Καὶ
2799 4271 2899 4339 οὑχ
2924 4270 2953 4322 6
2980 4267 3151 4333 Λόγος
3175 4262 3271 4316 τοῦ
3292 4258 3430 4314 Θεοῦ
3462 4261 3601 4313 κατὰ
3633 4259 3707 4329 (ϐ)
3735 4260 3909 4333 χάριν

2318 4366 2478 4419 ἔλαϐε
2499 4365 2559 4417 τὸ
2590 4361 2873 4417 καλεῖσθαι
2906 4359 3059 4420 Θεὸς,
3080 4355 3193 4409 ἀλλ’
3214 4356 3248 4425 ἡ
3273 4350 3411 4421 σὰρξ
3437 4352 3601 4404 αὑτοῦ
3626 4354 3723 4406 σὺν
3742 4352 3908 4425 αὑτῷ

636 4450 733 4504 riae
768 4446 1126 4519 gloriﬁcatur,
1159 4447 1255 4504 sed
1296 4462 1424 4502 caro
1450 4447 1665 4502 Domini
1701 4450 1889 4518 glorize
1932 4451 2049 4522 ipsa
2092 4455 2210 4524 glo-

2315 4450 2758 4524 ἐθεολογήθη.--
2794 4450 2904 4504 Τοῦ
2934 4442 3143 4509 αὑτοῦ,
3193 4444 3263 4498 ἐκ
3313 4439 3418 4495 τοῦ
3448 4442 3634 4495 αὐτοῦ
3681 4444 3905 4511 λόγου.

706 4603 753 4635 ⁸⁸
779 4602 920 4658 Psal.
957 4617 1062 4666 cxx,
1104 4604 1151 4656 ί.

637 4671 682 4706 ’³
714 4671 949 4743 Philipp.
978 4687 1037 4737 ιι,
1064 4671 1118 4727 9.
1198 4671 1243 4705 ’⁸
1272 4672 1429 4728 Joan.
1464 4689 1558 4737 vn,
1591 4672 1681 4728 39.

712 4829 823 4896 (93)
859 4825 961 4883 Ed.
998 4826 1225 4892 Bened.,
1260 4836 1300 4882 t.
1347 4828 1390 4891 1,
1436 4845 1487 4899 p.
1527 4843 1583 4890 ιι,
1645 4842 1699 4897 ρ,
1746 4824 1869 4891 908,
1907 4826 2073 4882 habet
2106 4825 2214 4878 τῶν

639 4899 967 4956 ἀνθρώπων.

830 4916 967 4950 πων.

712 4962 823 5037 (94)
856 4967 933 5029 τῷ
964 4965 1130 5031 ζωοπ.
1170 4966 1296 5033 Λόγ.
1334 4968 1412 5021 ιι).
1450 4966 1525 5037 ei};
1558 4968 1713 5037 Λόγῳ
1745 4962 1822 5033 τῷ
1855 4965 2019 5037 Capit.

714 5034 824 5106 (95)
861 5038 1104 5090 ’Λκουέτ.
1154 5054 1206 5087 κ.
1274 5054 1323 5089 τ.
1370 5038 1432 5089 λ.
1480 5035 1637 5091 Hunc
1682 5036 1865 5091 locum
1916 5034 1971 5089 in
2005 5043 2112 5089 tota
2148 5034 2216 5089 ad

641 5093 1213 5179 Epictetumppistgla
1237 5120 1355 5179 non
1368 5106 1619 5179 invenio.

720 5178 833 5248 (96)
867 5173 1072 5248 Ταῦτα.
1108 5173 1273 5229 Sirm.
1307 5176 1416 5248 'A._
1432 5174 1555 5248 ‘Sed
1608 5174 1890 5248 sequimur
1923 5173 2215 5228 lectionem

643 5242 833 5303 Menti.
864 5246 920 5300 in
954 5243 1169 5315 Coltecl.
1210 5261 1343 5315 nova
1377 5243 1511 5307 ΡΡ.,
1549 5253 1589 5297 t.
1620 5242 1770 5315 ll,’p.
1807 5242 1891 5297 l5.

716 5314 827 5381 (97)
866 5332 1001 5385 χωρ.
1028 5313 1153 5385 (hoc
1207 5314 1301 5367 cit.
1332 5328 1520 5383 prem.
1559 5314 1640 5385 οὑ.

713 5386 825 5455 (98)
867 5382 987 5455 μου.
1012 5382 1400 5455 ᾼΕιριιιιξίιιιιιε
1430 5399 1552 5455 qua:
1586 5383 1641 5455 in
1673 5382 1761 5455 ed.
1788 5382 2219 5455 _prioriisquue-

654 5452 850 5513 bantur
868 5452 892 5506 -ε
930 5453 1036 5505 Τοῦ
1070 5452 1256 5517 ⁸αὑτοῦ
1304 5455 1367 5505 ὲκ
1404 5452 1495 5505 τοῦ
1540 5452 1707 5505 αὑτοῦ
1742 5452 1923 5517 λόγου.
1954 5454 2027 5506 Τὸ
2061 5452 2219 5517 σῶμα

644 5526 821 5579 τοίνυν
857 5524 1025 5583 ἐστὶν.
1058 5515 1103 5590 ᾧ
1136 5523 1302 5589 λέγει,
1344 5522 1525 5576 Κάθου
1580 5523 1645 5576 ὲκ
1701 5515 1890 5584 δεξιῶν
1950 5538 2071 5592 μου.
2104 5515 2221 5577 Una

646 5594 790 5650 serie
827 5593 973 5662 enim
1004 5592 1248 5662 procedit
1280 5592 1475 5655 oratio,

719 5663 829 5734 (99)
863 5660 1018 5734 ῘΕλλξ
1056 5663 1220 5734 Λριιά
1279 5662 1549 5734 Monuil.
1608 5677 1655 5716 c.
1708 5662 1975 5732 sequitur,
2027 5662 2076 5713 οἱ
2110 5663 2221 5723 τοῖς

648 5732 886 5805 Χριστοῦ
928 5732 1278 5805 κηρύγμασιν
1312 5732 1745 5795 ἀντιπίπτοντες.

1226 4603 1269 4633 ⁸⁷
1303 4602 1505 4658 Jerem.
1534 4617 1683 4666 xxm,
1706 4604 1794 4660 24.
1864 4605 1911 4638 ⁸⁸
1934 4605 2101 4662 ICor.
2133 4623 2206 4672 ιι,

2386 4607 2432 4639 ⁸³
2455 4606 2815 4669 Mattb.xxvt,
2836 4602 2907 4657 28
2931 4620 2947 4671 ;
2973 4602 3136 4658 Marc.
3169 4618 3282 4667 xlv,
3314 4600 3407 4656 24.
3494 4600 3540 4633 ”
3566 4598 3687 4655 Act.
3714 4614 3773 4663 ιι,
3803 4597 3908 4653 23.

2394 4823 2469 4893 (l)
2496 4825 2615 4893 γέγ.
2650 4823 2731 4887 ib,
2759 4838 2949 4893 praem.
2988 4824 3101 4879 καί.

2395 4892 2471 4964 (‘2)
2508 4893 2683 4963 ὑμῶν.
2711 4892 2874 4964 Deest
2911 4893 2966 4947 h.
3002 4894 3038 4947 l.
3066 4892 3366 4964 κλώμενον.

2396 4961 2601 5084 (ἴῃ-ὑπ.
2650 4964 2745 5033 ὑμ.
2799 4962 3043 5033 Utroque
3107 4961 3230 5017 loeo
3285 4961 3427 5017 infra
3473 4962 3640 5017 citato
3665 4970 3749 5016 est
3775 4963 3921 5035 περὶ

2416 5072 2425 5084 ι
2460 5049 2556 5084 ων.

2323 5049 2556 5086 πολλων.

2394 5101 2468 5171 (τί)
2497 5104 2686 5171 τόμου.
2714 5100 2881 5166 Infra,
2921 5101 3140 5171 dialogo
3166 5101 3223 5167 5,
3249 5112 3334 5156 est
3358 5100 3539 5169 λόγου.
3588 5101 3775 5171 Exstat
3813 5100 3921 5158 hic

2324 5169 2481 5227 locus
2512 5169 2573 5242 in
2622 5172 2709 5226 ed.
2746 5171 2971 5235 Bcned.,
3005 5181 3044 5242 ι,
3078 5169 3128 5234 ‘l,
3158 5188 3210 5242 p.
3245 5188 3302 5233 ιι,
3339 5188 3393 5241 p.
3422 5172 3525 5228 872
3558 5188 3642 5242 sq.
3676 5169 3781 5242 sub
3832 5170 3920 5225 ti-

2326 5188 2481 5227 Iocus
2514 5188 2570 5225 ιιι
2622 5188 2709 5226 eu.
2749 5188 2971 5235 nonem,
3005 5188 3044 5237 ι⁹
3088 5188 3210 5295 μδ).
3245 5188 3302 5233 ιι,
3339 5188 3393 5241 p.
3422 5188 3525 5228 δη
3558 5188 3642 5242 sq.
3676 5188 3781 5225 sun
3832 5188 3915 5225 u-

2326 5243 2463 5302 tulo,
2501 5241 2578 5293 De
2608 5243 2975 5294 incarnatione
3004 5241 3101 5295 Dei
3181 5242 3311 5305 orbi,
3350 5250 3398 5294 et
3432 5251 3618 5295 contra
3650 5241 3915 5298 Arianae.

2400 5311 2475 5379 (5)
2509 5312 2720 5383 περὶ-
2746 5310 3039 5383 θεότητοςε
3065 5311 3166 5383 Ed.
3216 5311 3419 5366 Bencd.
3476 5314 3604 5383 περὶ
3647 5307 3744 5363 τοῦ
3771 5309 3918 5365 ναοῦ

2320 5382 2487 5447 λέγει,
2513 5380 2541 5431 ὃ
2564 5379 2680 5431 ἔστι
2711 5380 2772 5431 τὸ
2801 5379 2958 5449 σῶμα
2984 5380 3172 5435 αὑτοῦ.

2395 5449 2470 5520 (6)
2508 5447 3027 5520 κατὰ-καλεῖσθαι
3062 5449 3215 5512 Θεός.
3250 5449 3330 5504 Ita
3373 5450 3528 5520 juxta
3568 5447 3917 5520 ed.rBen_ed.

2322 5518 2471 5574 hunc
2512 5519 2692 5572 locum
2745 5518 3053 5587 exprimere
3088 5520 3269 5573 visum
3304 5518 3408 5574 est.
3464 5519 3629 5573 Sirm.
3664 5518 3924 5575 habebat

2322 5591 2444 5642 κατ’
2477 5588 2652 5657 ἀρχὴν
2687 5587 2847 5641 ἔλαϐε
2896 5588 2956 5640 τὸ
2999 5588 3301 5653 καλεῖσθαι,
3324 5589 3540 5644 omissa
3574 5604 3706 5642 voce
3749 5588 3919 5652 Θεός.

2322 5657 2674 5713 Emendanda
2710 5671 2929 5726 quoque
2967 5657 3067 5728 fuit
3102 5660 3285 5728 versio
3320 5658 3437 5713 Lat.
3475 5675 3597 5728 qua:
3631 5658 3710 5713 sic
3733 5657 3920 5713 liabe-

2322 5728 2413 5783 bat
2442 5747 2453 5784 ;
2483 5728 2668 5797 Neque
2700 5728 2933 5783 Verbum
2967 5727 3061 5784 Dei
3092 5727 3364 5800 principio
3400 5727 3580 5783 vocari
3609 5728 3771 5798 coepit
3794 5761 3811 5778 .
