  <div class='ocr_page' id='page_1' title='image "/cluster/home/n/w/nwhite01/storage/ocr_20150623/83/pst.000005712823/099.png"; bbox 0 0 4136 6390; ppageno 0'>
   <div class='ocr_carea' id='block_1_1' title="bbox 639 355 743 414">
    <p class='ocr_par' dir='ltr' id='par_1_1' title="bbox 639 355 743 414">
     <span class='ocr_line' id='line_1_1' title="bbox 639 355 743 414; baseline 0 0"><span class='ocrx_word' id='word_1_1' title='bbox 639 355 743 414; x_wconf 71' lang='grc'><strong>183</strong></span> 
     </span>
    </p>
   </div>
   <div class='ocr_carea' id='block_1_2' title="bbox 1635 353 2904 415">
    <p class='ocr_par' dir='ltr' id='par_1_2' title="bbox 1635 353 2904 415">
     <span class='ocr_line' id='line_1_2' title="bbox 1635 353 2904 415; baseline 0.001 -2"><span class='ocrx_word' id='word_1_2' title='bbox 1635 353 2121 414; x_wconf 81' lang='lat' dir='ltr'><strong>THEODORETI</strong></span> <span class='ocrx_word' id='word_1_3' title='bbox 2163 353 2500 414; x_wconf 83' lang='lat' dir='ltr'><strong>EPISCOPI</strong></span> <span class='ocrx_word' id='word_1_4' title='bbox 2539 355 2904 415; x_wconf 72' lang='lat' dir='ltr'><strong>CYRENSIS</strong></span> 
     </span>
    </p>
   </div>
   <div class='ocr_carea' id='block_1_3' title="bbox 3795 346 3894 412">
    <p class='ocr_par' dir='ltr' id='par_1_3' title="bbox 3795 346 3894 412">
     <span class='ocr_line' id='line_1_3' title="bbox 3795 346 3894 412; baseline -0.101 0"><span class='ocrx_word' id='word_1_5' title='bbox 3795 346 3894 412; x_wconf 58' lang='lat' dir='ltr'><strong>iss.</strong></span> 
     </span>
    </p>
   </div>
   <div class='ocr_carea' id='block_1_4' title="bbox 633 455 2228 530">
    <p class='ocr_par' dir='ltr' id='par_1_4' title="bbox 633 455 2209 526">
     <span class='ocr_line' id='line_1_4' title="bbox 633 455 2209 526; baseline -0.002 -13"><span class='ocrx_word' id='word_1_6' title='bbox 633 462 788 518; x_wconf 85' lang='lat' dir='ltr'><strong>tiam.</strong></span> <span class='ocrx_word' id='word_1_7' title='bbox 834 457 1135 514; x_wconf 81' lang='lat' dir='ltr'><strong>secundum</strong></span> <span class='ocrx_word' id='word_1_8' title='bbox 1179 473 1342 526; x_wconf 87' lang='lat' dir='ltr'><strong>quam</strong></span> <span class='ocrx_word' id='word_1_9' title='bbox 1393 464 1449 511; x_wconf 87' lang='lat' dir='ltr'><strong>et</strong></span> <span class='ocrx_word' id='word_1_10' title='bbox 1486 455 1734 511; x_wconf 82' lang='lat' dir='ltr'><strong>omnium</strong></span> <span class='ocrx_word' id='word_1_11' title='bbox 1789 467 1875 512; x_wconf 87' lang='lat' dir='ltr'><strong>est</strong></span> <span class='ocrx_word' id='word_1_12' title='bbox 1934 455 2209 513; x_wconf 88' lang='lat' dir='ltr'><strong>conditor.</strong></span> 
     </span>
    </p>
   </div>
   <div class='ocr_carea' id='block_1_5' title="bbox 2333 455 3890 530">
    <p class='ocr_par' dir='ltr' id='par_1_5' title="bbox 2333 456 3890 530">
     <span class='ocr_line' id='line_1_5' title="bbox 2333 456 3890 530; baseline -0.003 -17"><span class='ocrx_word' id='word_1_13' title='bbox 2333 461 2505 513; x_wconf 73' lang='grc' dir='ltr'>ιὺσίαν</span> <span class='ocrx_word' id='word_1_14' title='bbox 2531 458 2597 530; x_wconf 71' lang='grc' dir='ltr'>ἣν</span> <span class='ocrx_word' id='word_1_15' title='bbox 2631 458 2893 521; x_wconf 77' lang='grc' dir='ltr'>ἀνέλαϐε,</span> <span class='ocrx_word' id='word_1_16' title='bbox 2940 458 3031 512; x_wconf 74' lang='grc' dir='ltr'><strong>καὶ</strong></span> <span class='ocrx_word' id='word_1_17' title='bbox 3075 458 3366 528; x_wconf 71' lang='grc' dir='ltr'>λελυμένον</span> <span class='ocrx_word' id='word_1_18' title='bbox 3400 457 3600 526; x_wconf 76' lang='grc' dir='ltr'>ἐγείρει</span> <span class='ocrx_word' id='word_1_19' title='bbox 3646 456 3734 510; x_wconf 82' lang='grc' dir='ltr'><strong>τὸν</strong></span> <span class='ocrx_word' id='word_1_20' title='bbox 3768 459 3890 510; x_wconf 77' lang='grc' dir='ltr'>ναὸν</span> 
     </span>
    </p>
   </div>
   <div class='ocr_carea' id='block_1_6' title="bbox 634 537 2209 620">
    <p class='ocr_par' dir='ltr' id='par_1_6' title="bbox 634 537 2209 620">
     <span class='ocr_line' id='line_1_6' title="bbox 634 537 2209 620; baseline -0.004 -15"><span class='ocrx_word' id='word_1_21' title='bbox 634 552 924 620; x_wconf 81' lang='lat' dir='ltr'><strong>Nunquam</strong></span> <span class='ocrx_word' id='word_1_22' title='bbox 950 557 1073 620; x_wconf 88' lang='lat' dir='ltr'><strong>post</strong></span> <span class='ocrx_word' id='word_1_23' title='bbox 1121 548 1402 610; x_wconf 88' lang='lat' dir='ltr'><strong>unionem,</strong></span> <span class='ocrx_word' id='word_1_24' title='bbox 1450 563 1615 616; x_wconf 84' lang='lat' dir='ltr'><strong>quam</strong></span> <span class='ocrx_word' id='word_1_25' title='bbox 1663 537 1772 602; x_wconf 83' lang='lat' dir='ltr'><strong>sibi</strong></span> <span class='ocrx_word' id='word_1_26' title='bbox 1808 564 1877 602; x_wconf 79' lang='lat' dir='ltr'><strong>ex</strong></span> <span class='ocrx_word' id='word_1_27' title='bbox 1915 549 2030 616; x_wconf 88' lang='lat' dir='ltr'><strong>ipsa</strong></span> <span class='ocrx_word' id='word_1_28' title='bbox 2073 561 2209 600; x_wconf 88' lang='lat' dir='ltr'><strong>con-</strong></span> 
     </span>
    </p>
   </div>
   <div class='ocr_carea' id='block_1_7' title="bbox 634 637 2215 712">
    <p class='ocr_par' dir='ltr' id='par_1_7' title="bbox 634 637 2215 712">
     <span class='ocr_line' id='line_1_7' title="bbox 634 637 2215 712; baseline -0.003 -16"><span class='ocrx_word' id='word_1_29' title='bbox 634 641 886 712; x_wconf 88' lang='lat' dir='ltr'><strong>ceptione</strong></span> <span class='ocrx_word' id='word_1_30' title='bbox 916 639 1074 694; x_wconf 87' lang='lat' dir='ltr'><strong>unire</strong></span> <span class='ocrx_word' id='word_1_31' title='bbox 1095 639 1351 709; x_wconf 77' lang='lat' dir='ltr'><strong>dignatus</strong></span> <span class='ocrx_word' id='word_1_32' title='bbox 1385 647 1489 702; x_wconf 90' lang='lat' dir='ltr'><strong>est,</strong></span> <span class='ocrx_word' id='word_1_33' title='bbox 1524 637 1610 692; x_wconf 88' lang='lat' dir='ltr'><strong>vel</strong></span> <span class='ocrx_word' id='word_1_34' title='bbox 1650 653 1682 694; x_wconf 83' lang='lat' dir='ltr'><strong>a</strong></span> <span class='ocrx_word' id='word_1_35' title='bbox 1735 653 1837 691; x_wconf 84' lang='lat' dir='ltr'><strong>suo</strong></span> <span class='ocrx_word' id='word_1_36' title='bbox 1894 637 2096 706; x_wconf 90' lang='lat' dir='ltr'><strong>templo</strong></span> <span class='ocrx_word' id='word_1_37' title='bbox 2126 651 2215 692; x_wconf 63' lang='lat' dir='ltr'><strong>rev</strong></span> 
     </span>
    </p>
   </div>
   <div class='ocr_carea' id='block_1_8' title="bbox 631 729 2213 800">
    <p class='ocr_par' dir='ltr' id='par_1_8' title="bbox 631 729 2213 800">
     <span class='ocr_line' id='line_1_8' title="bbox 631 729 2213 800; baseline -0.001 -19"><span class='ocrx_word' id='word_1_38' title='bbox 631 734 854 795; x_wconf 62' lang='lat' dir='ltr'><strong>cedens,</strong></span> <span class='ocrx_word' id='word_1_39' title='bbox 891 731 977 784; x_wconf 89' lang='lat' dir='ltr'><strong>vel</strong></span> <span class='ocrx_word' id='word_1_40' title='bbox 1025 739 1254 800; x_wconf 76' lang='lat' dir='ltr'><strong>propter</strong></span> <span class='ocrx_word' id='word_1_41' title='bbox 1293 729 1631 784; x_wconf 71' lang='lat' dir='ltr'><strong>ineﬂ‘abilem</strong></span> <span class='ocrx_word' id='word_1_42' title='bbox 1677 729 2071 799; x_wconf 72' lang='lat' dir='ltr'><strong>benignitatem</strong></span> <span class='ocrx_word' id='word_1_43' title='bbox 2113 743 2213 781; x_wconf 86' lang='lat' dir='ltr'><strong>va-</strong></span> 
     </span>
    </p>
   </div>
   <div class='ocr_carea' id='block_1_9' title="bbox 635 819 2212 891">
    <p class='ocr_par' dir='ltr' id='par_1_9' title="bbox 635 819 2212 891">
     <span class='ocr_line' id='line_1_9' title="bbox 635 819 2212 891; baseline -0.003 -15"><span class='ocrx_word' id='word_1_44' title='bbox 635 826 752 878; x_wconf 89' lang='lat' dir='ltr'><strong>lens</strong></span> <span class='ocrx_word' id='word_1_45' title='bbox 767 823 1046 876; x_wconf 88' lang='lat' dir='ltr'><strong>recedere.</strong></span> <span class='ocrx_word' id='word_1_46' title='bbox 1070 821 1178 876; x_wconf 88' lang='lat' dir='ltr'><strong>Sed</strong></span> <span class='ocrx_word' id='word_1_47' title='bbox 1200 821 1342 876; x_wconf 91' lang='lat' dir='ltr'><strong>idem</strong></span> <span class='ocrx_word' id='word_1_48' title='bbox 1359 828 1444 876; x_wconf 85' lang='lat' dir='ltr'><strong>est</strong></span> <span class='ocrx_word' id='word_1_49' title='bbox 1466 821 1745 891; x_wconf 82' lang='lat' dir='ltr'><strong>passibilis</strong></span> <span class='ocrx_word' id='word_1_50' title='bbox 1755 829 1810 876; x_wconf 88' lang='lat' dir='ltr'><strong>et</strong></span> <span class='ocrx_word' id='word_1_51' title='bbox 1825 819 2178 890; x_wconf 89' lang='lat' dir='ltr'><strong>impassibilis</strong></span> <span class='ocrx_word' id='word_1_52' title='bbox 2197 835 2212 871; x_wconf 89' lang='lat'><strong>:</strong></span> 
     </span>
    </p>
   </div>
   <div class='ocr_carea' id='block_1_10' title="bbox 635 909 2216 978">
    <p class='ocr_par' dir='ltr' id='par_1_10' title="bbox 635 909 2216 978">
     <span class='ocr_line' id='line_1_10' title="bbox 635 909 2216 978; baseline 0.001 -14"><span class='ocrx_word' id='word_1_53' title='bbox 635 911 912 978; x_wconf 87' lang='lat' dir='ltr'><strong>passibilis</strong></span> <span class='ocrx_word' id='word_1_54' title='bbox 939 911 1242 966; x_wconf 89' lang='lat' dir='ltr'><strong>secundum</strong></span> <span class='ocrx_word' id='word_1_55' title='bbox 1272 909 1700 974; x_wconf 74' lang='lat' dir='ltr'><strong>humanitatem,</strong></span> <span class='ocrx_word' id='word_1_56' title='bbox 1746 909 2099 978; x_wconf 71' lang='lat' dir='ltr'><strong>impassihilis</strong></span> <span class='ocrx_word' id='word_1_57' title='bbox 2124 923 2216 966; x_wconf 86' lang='lat' dir='ltr'><strong>se-</strong></span> 
     </span>
    </p>
   </div>
   <div class='ocr_carea' id='block_1_11' title="bbox 642 995 2216 1068">
    <p class='ocr_par' dir='ltr' id='par_1_11' title="bbox 642 995 2216 1068">
     <span class='ocr_line' id='line_1_11' title="bbox 642 995 2216 1068; baseline -0.001 -14"><span class='ocrx_word' id='word_1_58' title='bbox 642 1000 883 1054; x_wconf 86' lang='lat' dir='ltr'><strong>cundum</strong></span> <span class='ocrx_word' id='word_1_59' title='bbox 917 995 1283 1055; x_wconf 82' lang='lat' dir='ltr'><strong>divinitatem.</strong></span> <span class='ocrx_word' id='word_1_60' title='bbox 1323 1000 1520 1055; x_wconf 82' lang='lat' dir='ltr'><strong>Videte</strong></span> <span class='ocrx_word' id='word_1_61' title='bbox 1553 999 1938 1064; x_wconf 85' lang='lat' dir='ltr'><strong>enim;videte</strong></span> <span class='ocrx_word' id='word_1_62' title='bbox 1956 1015 2064 1063; x_wconf 88' lang='lat' dir='ltr'><strong>me,</strong></span> <span class='ocrx_word' id='word_1_63' title='bbox 2087 998 2216 1068; x_wconf 83' lang='lat' dir='ltr'><strong>quia</strong></span> 
     </span>
    </p>
   </div>
   <div class='ocr_carea' id='block_1_12' title="bbox 641 1091 2222 1165">
    <p class='ocr_par' dir='ltr' id='par_1_12' title="bbox 641 1091 2222 1165">
     <span class='ocr_line' id='line_1_12' title="bbox 641 1091 2222 1165; baseline -0.004 -15"><span class='ocrx_word' id='word_1_64' title='bbox 641 1092 792 1165; x_wconf 67' lang='lat'><strong>141</strong></span> <span class='ocrx_word' id='word_1_65' title='bbox 838 1108 939 1164; x_wconf 80' lang='lat' dir='ltr'><strong>ego</strong></span> <span class='ocrx_word' id='word_1_66' title='bbox 972 1108 1115 1157; x_wconf 88' lang='lat' dir='ltr'><strong>sum,</strong></span> <span class='ocrx_word' id='word_1_67' title='bbox 1153 1101 1210 1146; x_wconf 91' lang='lat' dir='ltr'><strong>et</strong></span> <span class='ocrx_word' id='word_1_68' title='bbox 1257 1108 1367 1146; x_wconf 88' lang='lat' dir='ltr'><strong>non</strong></span> <span class='ocrx_word' id='word_1_69' title='bbox 1416 1102 1620 1147; x_wconf 91' lang='lat' dir='ltr'><strong>mutor.</strong></span> <span class='ocrx_word' id='word_1_70' title='bbox 1675 1091 2222 1163; x_wconf 71' lang='lat' dir='ltr'><strong>Resuseitatoigitur</strong></span> 
     </span>
    </p>
   </div>
   <div class='ocr_carea' id='block_1_13' title="bbox 636 1183 2220 1256">
    <p class='ocr_par' dir='ltr' id='par_1_13' title="bbox 636 1183 2220 1256">
     <span class='ocr_line' id='line_1_13' title="bbox 636 1183 2220 1256; baseline 0.001 -21"><span class='ocrx_word' id='word_1_71' title='bbox 636 1185 839 1254; x_wconf 86' lang='lat' dir='ltr'><strong>templo</strong></span> <span class='ocrx_word' id='word_1_72' title='bbox 862 1196 962 1239; x_wconf 83' lang='lat' dir='ltr'><strong>suo</strong></span> <span class='ocrx_word' id='word_1_73' title='bbox 979 1186 1128 1240; x_wconf 88' lang='lat' dir='ltr'><strong>Deus</strong></span> <span class='ocrx_word' id='word_1_74' title='bbox 1153 1183 1418 1248; x_wconf 84' lang='lat' dir='ltr'><strong>Verbum,</strong></span> <span class='ocrx_word' id='word_1_75' title='bbox 1463 1193 1521 1238; x_wconf 89' lang='lat' dir='ltr'><strong>et</strong></span> <span class='ocrx_word' id='word_1_76' title='bbox 1559 1183 1765 1256; x_wconf 63' lang='lat' dir='ltr'><strong>injpso</strong></span> <span class='ocrx_word' id='word_1_77' title='bbox 1780 1192 1994 1237; x_wconf 63' lang='lat' dir='ltr'><strong>natura:</strong></span> <span class='ocrx_word' id='word_1_78' title='bbox 2019 1191 2220 1236; x_wconf 77' lang='lat' dir='ltr'><strong>nostrae</strong></span> 
     </span>
    </p>
   </div>
   <div class='ocr_carea' id='block_1_14' title="bbox 637 1272 2221 1343">
    <p class='ocr_par' dir='ltr' id='par_1_14' title="bbox 637 1272 2221 1343">
     <span class='ocr_line' id='line_1_14' title="bbox 637 1272 2221 1343; baseline 0 -18"><span class='ocrx_word' id='word_1_79' title='bbox 637 1272 1047 1330; x_wconf 82' lang='lat' dir='ltr'><strong>resurrectione</strong></span> <span class='ocrx_word' id='word_1_80' title='bbox 1081 1290 1144 1329; x_wconf 94' lang='lat' dir='ltr'><strong>ac</strong></span> <span class='ocrx_word' id='word_1_81' title='bbox 1165 1274 1520 1330; x_wconf 82' lang='lat' dir='ltr'><strong>renovatione</strong></span> <span class='ocrx_word' id='word_1_82' title='bbox 1534 1273 1797 1343; x_wconf 87' lang='lat' dir='ltr'><strong>perfecta,</strong></span> <span class='ocrx_word' id='word_1_83' title='bbox 1819 1273 1962 1327; x_wconf 87' lang='lat' dir='ltr'><strong>hanc</strong></span> <span class='ocrx_word' id='word_1_84' title='bbox 1978 1272 2221 1342; x_wconf 54' lang='lat' dir='ltr'><strong>discipuv</strong></span> 
     </span>
    </p>
   </div>
   <div class='ocr_carea' id='block_1_15' title="bbox 636 1364 2216 1435">
    <p class='ocr_par' dir='ltr' id='par_1_15' title="bbox 636 1364 2216 1435">
     <span class='ocr_line' id='line_1_15' title="bbox 636 1364 2216 1435; baseline 0 -18"><span class='ocrx_word' id='word_1_85' title='bbox 636 1366 705 1418; x_wconf 85' lang='lat' dir='ltr'><strong>lis</strong></span> <span class='ocrx_word' id='word_1_86' title='bbox 730 1367 846 1420; x_wconf 88' lang='lat' dir='ltr'><strong>suis</strong></span> <span class='ocrx_word' id='word_1_87' title='bbox 861 1366 1163 1422; x_wconf 85' lang='lat' dir='ltr'><strong>ostendens</strong></span> <span class='ocrx_word' id='word_1_88' title='bbox 1214 1365 1470 1421; x_wconf 85' lang='lat' dir='ltr'><strong>dicebat:</strong></span> <span class='ocrx_word' id='word_1_89' title='bbox 1514 1385 1531 1417; x_wconf 79' lang='grc' dir='ltr'><strong>ι</strong></span> <span class='ocrx_word' id='word_1_90' title='bbox 1557 1365 1780 1435; x_wconf 78' lang='lat' dir='ltr'><strong>Palpate</strong></span> <span class='ocrx_word' id='word_1_91' title='bbox 1811 1373 1980 1419; x_wconf 52' lang='lat' dir='ltr'><strong>metet</strong></span> <span class='ocrx_word' id='word_1_92' title='bbox 2012 1364 2216 1426; x_wconf 84' lang='lat' dir='ltr'><strong>videte,</strong></span> 
     </span>
    </p>
   </div>
   <div class='ocr_carea' id='block_1_16' title="bbox 637 1455 2222 1528">
    <p class='ocr_par' dir='ltr' id='par_1_16' title="bbox 637 1455 2222 1528">
     <span class='ocr_line' id='line_1_16' title="bbox 637 1455 2222 1528; baseline -0.002 -17"><span class='ocrx_word' id='word_1_93' title='bbox 637 1473 767 1511; x_wconf 87' lang='lat' dir='ltr'><strong>nam</strong></span> <span class='ocrx_word' id='word_1_94' title='bbox 789 1459 1021 1528; x_wconf 85' lang='lat' dir='ltr'><strong>spiritus</strong></span> <span class='ocrx_word' id='word_1_95' title='bbox 1049 1474 1269 1514; x_wconf 90' lang='lat' dir='ltr'><strong>carnem</strong></span> <span class='ocrx_word' id='word_1_96' title='bbox 1297 1469 1354 1512; x_wconf 88' lang='lat' dir='ltr'><strong>et</strong></span> <span class='ocrx_word' id='word_1_97' title='bbox 1375 1473 1500 1512; x_wconf 87' lang='lat' dir='ltr'><strong>ossa</strong></span> <span class='ocrx_word' id='word_1_98' title='bbox 1524 1457 1838 1520; x_wconf 64' lang='lat' dir='ltr'><strong>non,habet,</strong></span> <span class='ocrx_word' id='word_1_99' title='bbox 1857 1457 2001 1511; x_wconf 87' lang='lat' dir='ltr'><strong>sicut</strong></span> <span class='ocrx_word' id='word_1_100' title='bbox 2021 1455 2222 1508; x_wconf 80' lang='lat' dir='ltr'><strong>videtis</strong></span> 
     </span>
    </p>
   </div>
   <div class='ocr_carea' id='block_1_17' title="bbox 640 1545 2219 1621">
    <p class='ocr_par' dir='ltr' id='par_1_17' title="bbox 640 1545 2219 1621">
     <span class='ocr_line' id='line_1_17' title="bbox 640 1545 2219 1621; baseline -0.001 -20"><span class='ocrx_word' id='word_1_101' title='bbox 640 1565 724 1603; x_wconf 87' lang='lat' dir='ltr'><strong>me.</strong></span> <span class='ocrx_word' id='word_1_102' title='bbox 745 1548 876 1621; x_wconf 91' lang='lat' dir='ltr'><strong>(non</strong></span> <span class='ocrx_word' id='word_1_103' title='bbox 895 1567 1023 1614; x_wconf 83' lang='lat' dir='ltr'><strong>esse,</strong></span> <span class='ocrx_word' id='word_1_104' title='bbox 1037 1550 1156 1619; x_wconf 86' lang='lat' dir='ltr'><strong>sed)</strong></span> <span class='ocrx_word' id='word_1_105' title='bbox 1177 1550 1380 1604; x_wconf 87' lang='lat' dir='ltr'><strong>habere</strong></span> <span class='ocrx_word' id='word_1_106' title='bbox 1397 1549 1516 1581; x_wconf 83' lang='grc'>⁹⁶·⁹⁶</span> <span class='ocrx_word' id='word_1_107' title='bbox 1538 1565 1552 1612; x_wconf 92' lang='grc'><strong>;</strong></span> <span class='ocrx_word' id='word_1_108' title='bbox 1587 1565 1605 1599; x_wconf 75' lang='grc' dir='ltr'><strong>ι</strong></span> <span class='ocrx_word' id='word_1_109' title='bbox 1629 1554 1757 1600; x_wconf 85' lang='lat' dir='ltr'><strong>utet</strong></span> <span class='ocrx_word' id='word_1_110' title='bbox 1780 1547 2072 1601; x_wconf 83' lang='lat' dir='ltr'><strong>habentem</strong></span> <span class='ocrx_word' id='word_1_111' title='bbox 2091 1553 2148 1600; x_wconf 90' lang='lat' dir='ltr'><strong>et</strong></span> <span class='ocrx_word' id='word_1_112' title='bbox 2165 1545 2219 1599; x_wconf 89' lang='lat' dir='ltr'><strong>id</strong></span> 
     </span>
    </p>
   </div>
   <div class='ocr_carea' id='block_1_18' title="bbox 634 1638 2222 1710">
    <p class='ocr_par' dir='ltr' id='par_1_18' title="bbox 634 1638 2222 1710">
     <span class='ocr_line' id='line_1_18' title="bbox 634 1638 2222 1710; baseline -0.003 -15"><span class='ocrx_word' id='word_1_113' title='bbox 634 1642 783 1710; x_wconf 90' lang='lat' dir='ltr'><strong>quod</strong></span> <span class='ocrx_word' id='word_1_114' title='bbox 797 1641 1036 1695; x_wconf 87' lang='lat' dir='ltr'><strong>habetur</strong></span> <span class='ocrx_word' id='word_1_115' title='bbox 1064 1641 1445 1704; x_wconf 88' lang='lat' dir='ltr'><strong>considerans,</strong></span> <span class='ocrx_word' id='word_1_116' title='bbox 1470 1654 1581 1692; x_wconf 90' lang='lat' dir='ltr'><strong>non</strong></span> <span class='ocrx_word' id='word_1_117' title='bbox 1598 1638 1935 1702; x_wconf 81' lang='lat' dir='ltr'><strong>mistionem,</strong></span> <span class='ocrx_word' id='word_1_118' title='bbox 1955 1653 2067 1691; x_wconf 90' lang='lat' dir='ltr'><strong>non</strong></span> <span class='ocrx_word' id='word_1_119' title='bbox 2088 1653 2222 1692; x_wconf 88' lang='lat' dir='ltr'><strong>con—</strong></span> 
     </span>
    </p>
   </div>
   <div class='ocr_carea' id='block_1_19' title="bbox 640 1729 2224 1795">
    <p class='ocr_par' dir='ltr' id='par_1_19' title="bbox 640 1729 2224 1795">
     <span class='ocr_line' id='line_1_19' title="bbox 640 1729 2224 1795; baseline -0.001 -13"><span class='ocrx_word' id='word_1_120' title='bbox 640 1733 968 1795; x_wconf 78' lang='lat' dir='ltr'><strong>versionem,</strong></span> <span class='ocrx_word' id='word_1_121' title='bbox 984 1747 1086 1785; x_wconf 89' lang='lat' dir='ltr'><strong>nec</strong></span> <span class='ocrx_word' id='word_1_122' title='bbox 1098 1731 1504 1795; x_wconf 88' lang='lat' dir='ltr'><strong>alterationem,</strong></span> <span class='ocrx_word' id='word_1_123' title='bbox 1523 1729 1618 1785; x_wconf 91' lang='lat' dir='ltr'><strong>sed</strong></span> <span class='ocrx_word' id='word_1_124' title='bbox 1636 1730 1900 1784; x_wconf 89' lang='lat' dir='ltr'><strong>unionem</strong></span> <span class='ocrx_word' id='word_1_125' title='bbox 1921 1729 2118 1784; x_wconf 88' lang='lat' dir='ltr'><strong>factam</strong></span> <span class='ocrx_word' id='word_1_126' title='bbox 2142 1729 2224 1781; x_wconf 85' lang='lat' dir='ltr'><strong>in-</strong></span> 
     </span>
    </p>
   </div>
   <div class='ocr_carea' id='block_1_20' title="bbox 2314 548 3891 619">
    <p class='ocr_par' dir='ltr' id='par_1_20' title="bbox 2314 548 3891 619">
     <span class='ocr_line' id='line_1_20' title="bbox 2314 548 3891 619; baseline -0.003 -16"><span class='ocrx_word' id='word_1_127' title='bbox 2314 553 2342 603; x_wconf 85' lang='grc' dir='ltr'><strong>ό</strong></span> <span class='ocrx_word' id='word_1_128' title='bbox 2375 549 2537 612; x_wconf 72' lang='grc' dir='ltr'>αὐτὸς</span> <span class='ocrx_word' id='word_1_129' title='bbox 2569 549 2712 602; x_wconf 85' lang='grc' dir='ltr'><strong>κατά</strong></span> <span class='ocrx_word' id='word_1_130' title='bbox 2740 549 2840 619; x_wconf 76' lang='grc' dir='ltr'><strong>τὴν</strong></span> <span class='ocrx_word' id='word_1_131' title='bbox 2884 548 3035 602; x_wconf 81' lang='grc' dir='ltr'><strong>θείαν</strong></span> <span class='ocrx_word' id='word_1_132' title='bbox 3069 550 3277 612; x_wconf 85' lang='grc' dir='ltr'>οὐσίαν,</span> <span class='ocrx_word' id='word_1_133' title='bbox 3315 549 3436 602; x_wconf 77' lang='grc' dir='ltr'>καθ’</span> <span class='ocrx_word' id='word_1_134' title='bbox 3467 549 3533 618; x_wconf 75' lang='grc' dir='ltr'>ἢν</span> <span class='ocrx_word' id='word_1_135' title='bbox 3553 549 3650 601; x_wconf 70' lang='grc' dir='ltr'><strong>καῖ</strong></span> <span class='ocrx_word' id='word_1_136' title='bbox 3681 548 3891 601; x_wconf 85' lang='grc' dir='ltr'>πάντων</span> 
     </span>
    </p>
   </div>
   <div class='ocr_carea' id='block_1_21' title="bbox 2309 637 3894 711">
    <p class='ocr_par' dir='ltr' id='par_1_21' title="bbox 2309 637 3894 711">
     <span class='ocr_line' id='line_1_21' title="bbox 2309 637 3894 711; baseline -0.006 -15"><span class='ocrx_word' id='word_1_137' title='bbox 2309 641 2552 710; x_wconf 75' lang='grc' dir='ltr'><strong>,ὑπάρχει</strong></span> <span class='ocrx_word' id='word_1_138' title='bbox 2578 641 2642 711; x_wconf 85' lang='grc' dir='ltr'><strong>δη</strong></span> <span class='ocrx_word' id='word_1_139' title='bbox 2653 641 2931 710; x_wconf 84' lang='grc' dir='ltr'>μιουργὸς.</span> <span class='ocrx_word' id='word_1_140' title='bbox 2974 639 3246 692; x_wconf 78' lang='grc' dir='ltr'><strong>Οὐδέποτε</strong></span> <span class='ocrx_word' id='word_1_141' title='bbox 3294 639 3436 708; x_wconf 86' lang='grc' dir='ltr'>μετὰ</span> <span class='ocrx_word' id='word_1_142' title='bbox 3462 638 3560 708; x_wconf 81' lang='grc' dir='ltr'><strong>τὴν</strong></span> <span class='ocrx_word' id='word_1_143' title='bbox 3587 637 3802 697; x_wconf 73' lang='grc' dir='ltr'>Ξνωσιν,</span> <span class='ocrx_word' id='word_1_144' title='bbox 3829 638 3894 707; x_wconf 68' lang='grc' dir='ltr'>ἢν</span> 
     </span>
    </p>
   </div>
   <div class='ocr_carea' id='block_1_22' title="bbox 2317 726 3891 801">
    <p class='ocr_par' dir='ltr' id='par_1_22' title="bbox 2317 726 3891 801">
     <span class='ocr_line' id='line_1_22' title="bbox 2317 726 3891 801; baseline -0.003 -19"><span class='ocrx_word' id='word_1_145' title='bbox 2317 731 2376 796; x_wconf 73' lang='grc' dir='ltr'><strong>ἐξ</strong></span> <span class='ocrx_word' id='word_1_146' title='bbox 2400 729 2569 798; x_wconf 79' lang='grc' dir='ltr'>αὐτῆς</span> <span class='ocrx_word' id='word_1_147' title='bbox 2599 733 2698 800; x_wconf 82' lang='grc' dir='ltr'><strong>τῆς</strong></span> <span class='ocrx_word' id='word_1_148' title='bbox 2733 731 3053 801; x_wconf 74' lang='grc' dir='ltr'><strong>συλλήψεως</strong></span> <span class='ocrx_word' id='word_1_149' title='bbox 3086 728 3263 798; x_wconf 79' lang='grc' dir='ltr'>ἐαυτῷ</span> <span class='ocrx_word' id='word_1_150' title='bbox 3293 729 3492 781; x_wconf 81' lang='grc' dir='ltr'>ὲνῶσαι</span> <span class='ocrx_word' id='word_1_151' title='bbox 3533 726 3891 795; x_wconf 76' lang='grc' dir='ltr'><strong>κατηξίωσεν,</strong></span> 
     </span>
    </p>
   </div>
   <div class='ocr_carea' id='block_1_23' title="bbox 2318 818 3897 890">
    <p class='ocr_par' dir='ltr' id='par_1_23' title="bbox 2318 818 3897 890">
     <span class='ocr_line' id='line_1_23' title="bbox 2318 818 3897 890; baseline -0.003 -16"><span class='ocrx_word' id='word_1_152' title='bbox 2318 820 2350 890; x_wconf 72' lang='grc' dir='ltr'>ἢ</span> <span class='ocrx_word' id='word_1_153' title='bbox 2381 821 2626 884; x_wconf 77' lang='grc' dir='ltr'>ἀποστάς</span> <span class='ocrx_word' id='word_1_154' title='bbox 2669 821 2764 875; x_wconf 83' lang='grc' dir='ltr'><strong>τοῦ</strong></span> <span class='ocrx_word' id='word_1_155' title='bbox 2799 823 3002 874; x_wconf 77' lang='grc' dir='ltr'>οἰκείου</span> <span class='ocrx_word' id='word_1_156' title='bbox 3047 821 3177 874; x_wconf 91' lang='grc' dir='ltr'>ναοῦ</span> <span class='ocrx_word' id='word_1_157' title='bbox 3202 862 3216 885; x_wconf 94' lang='grc'><strong>,</strong></span> <span class='ocrx_word' id='word_1_158' title='bbox 3251 821 3282 890; x_wconf 82' lang='grc' dir='ltr'>ἢ</span> <span class='ocrx_word' id='word_1_159' title='bbox 3327 821 3629 888; x_wconf 77' lang='grc' dir='ltr'>ἀποστῆναι</span> <span class='ocrx_word' id='word_1_160' title='bbox 3667 820 3758 871; x_wconf 74' lang='grc' dir='ltr'>διὰ</span> <span class='ocrx_word' id='word_1_161' title='bbox 3797 818 3897 888; x_wconf 82' lang='grc' dir='ltr'>τὴν</span> 
     </span>
    </p>
   </div>
   <div class='ocr_carea' id='block_1_24' title="bbox 2317 901 3896 982">
    <p class='ocr_par' dir='ltr' id='par_1_24' title="bbox 2317 901 3896 982">
     <span class='ocr_line' id='line_1_24' title="bbox 2317 901 3896 982; baseline -0.003 -18"><span class='ocrx_word' id='word_1_162' title='bbox 2317 910 2522 980; x_wconf 73' lang='grc' dir='ltr'>ἄφατον</span> <span class='ocrx_word' id='word_1_163' title='bbox 2550 912 2958 982; x_wconf 75' lang='grc' dir='ltr'><strong>φιλανθρωπίαν</strong></span> <span class='ocrx_word' id='word_1_164' title='bbox 2978 913 3294 980; x_wconf 83' lang='grc' dir='ltr'>δυνάμενος.</span> <span class='ocrx_word' id='word_1_165' title='bbox 3337 909 3477 965; x_wconf 79' lang='grc' dir='ltr'>Ἀλλ’</span> <span class='ocrx_word' id='word_1_166' title='bbox 3505 910 3652 962; x_wconf 74' lang='grc' dir='ltr'>ἐστιν</span> <span class='ocrx_word' id='word_1_167' title='bbox 3675 901 3704 962; x_wconf 75' lang='grc' dir='ltr'>ὅ</span> <span class='ocrx_word' id='word_1_168' title='bbox 3735 908 3896 972; x_wconf 81' lang='grc' dir='ltr'>αὐτὸς</span> 
     </span>
    </p>
   </div>
   <div class='ocr_carea' id='block_1_25' title="bbox 2321 999 3898 1073">
    <p class='ocr_par' dir='ltr' id='par_1_25' title="bbox 2321 999 3898 1073">
     <span class='ocr_line' id='line_1_25' title="bbox 2321 999 3898 1073; baseline -0.003 -17"><span class='ocrx_word' id='word_1_169' title='bbox 2321 1003 2563 1072; x_wconf 76' lang='grc' dir='ltr'><strong>παθητὸς</strong></span> <span class='ocrx_word' id='word_1_170' title='bbox 2601 1004 2695 1056; x_wconf 73' lang='grc' dir='ltr'>καὶ</span> <span class='ocrx_word' id='word_1_171' title='bbox 2726 1004 2942 1073; x_wconf 78' lang='grc' dir='ltr'>ἀπαθής</span> <span class='ocrx_word' id='word_1_172' title='bbox 2968 1021 2982 1035; x_wconf 87' lang='grc'>·</span> <span class='ocrx_word' id='word_1_173' title='bbox 3021 1003 3264 1073; x_wconf 79' lang='grc' dir='ltr'>παθητὸς</span> <span class='ocrx_word' id='word_1_174' title='bbox 3297 1000 3439 1055; x_wconf 78' lang='grc' dir='ltr'>κατὰ</span> <span class='ocrx_word' id='word_1_175' title='bbox 3478 1001 3574 1070; x_wconf 78' lang='grc' dir='ltr'><strong>τὴν</strong></span> <span class='ocrx_word' id='word_1_176' title='bbox 3610 999 3898 1070; x_wconf 79' lang='grc' dir='ltr'>ἀνθρωπό-</span> 
     </span>
    </p>
   </div>
   <div class='ocr_carea' id='block_1_26' title="bbox 2319 1091 3903 1163">
    <p class='ocr_par' dir='ltr' id='par_1_26' title="bbox 2319 1091 3903 1163">
     <span class='ocr_line' id='line_1_26' title="bbox 2319 1091 3903 1163; baseline -0.001 -19"><span class='ocrx_word' id='word_1_177' title='bbox 2319 1110 2476 1162; x_wconf 86' lang='grc' dir='ltr'>τητα,</span> <span class='ocrx_word' id='word_1_178' title='bbox 2516 1093 2731 1163; x_wconf 79' lang='grc' dir='ltr'>ἀπαθὴς</span> <span class='ocrx_word' id='word_1_179' title='bbox 2762 1092 2904 1146; x_wconf 83' lang='grc' dir='ltr'>κατὰ</span> <span class='ocrx_word' id='word_1_180' title='bbox 2929 1093 3029 1163; x_wconf 78' lang='grc' dir='ltr'><strong>τὴν</strong></span> <span class='ocrx_word' id='word_1_181' title='bbox 3057 1093 3307 1162; x_wconf 86' lang='grc' dir='ltr'>θεότητα.</span> <span class='ocrx_word' id='word_1_182' title='bbox 3371 1093 3538 1145; x_wconf 82' lang='grc' dir='ltr'>Ἴδετε</span> <span class='ocrx_word' id='word_1_183' title='bbox 3595 1093 3726 1161; x_wconf 70' lang='grc' dir='ltr'>γὰρ,</span> <span class='ocrx_word' id='word_1_184' title='bbox 3761 1091 3903 1143; x_wconf 77' lang='grc' dir='ltr'>ίδετέ</span> 
     </span>
    </p>
   </div>
   <div class='ocr_carea' id='block_1_27' title="bbox 2325 1182 3904 1255">
    <p class='ocr_par' dir='ltr' id='par_1_27' title="bbox 2325 1182 3904 1255">
     <span class='ocr_line' id='line_1_27' title="bbox 2325 1182 3904 1255; baseline -0.001 -20"><span class='ocrx_word' id='word_1_185' title='bbox 2325 1201 2412 1255; x_wconf 85' lang='grc' dir='ltr'><strong>με,</strong></span> <span class='ocrx_word' id='word_1_186' title='bbox 2457 1185 2541 1236; x_wconf 85' lang='grc' dir='ltr'><strong>ὅτι</strong></span> <span class='ocrx_word' id='word_1_187' title='bbox 2579 1183 2689 1252; x_wconf 80' lang='grc' dir='ltr'><strong>ἐγώ</strong></span> <span class='ocrx_word' id='word_1_188' title='bbox 2724 1187 2862 1254; x_wconf 72' lang='grc' dir='ltr'>ειμι,</span> <span class='ocrx_word' id='word_1_189' title='bbox 2889 1184 2984 1236; x_wconf 72' lang='grc' dir='ltr'>καὶ</span> <span class='ocrx_word' id='word_1_190' title='bbox 3010 1185 3109 1236; x_wconf 78' lang='grc' dir='ltr'>οὐκ</span> <span class='ocrx_word' id='word_1_191' title='bbox 3151 1184 3468 1253; x_wconf 69' lang='grc' dir='ltr'>ἠλλοίωμαι.</span> <span class='ocrx_word' id='word_1_192' title='bbox 3512 1182 3763 1252; x_wconf 82' lang='grc' dir='ltr'>Ἐγείρας</span> <span class='ocrx_word' id='word_1_193' title='bbox 3791 1199 3904 1234; x_wconf 81' lang='grc' dir='ltr'>τοι·</span> 
     </span>
    </p>
   </div>
   <div class='ocr_carea' id='block_1_28' title="bbox 2322 1273 3908 1344">
    <p class='ocr_par' dir='ltr' id='par_1_28' title="bbox 2322 1273 3908 1344">
     <span class='ocr_line' id='line_1_28' title="bbox 2322 1273 3908 1344; baseline -0.001 -17"><span class='ocrx_word' id='word_1_194' title='bbox 2322 1275 2528 1344; x_wconf 81' lang='grc' dir='ltr'>γαροῦν</span> <span class='ocrx_word' id='word_1_195' title='bbox 2564 1277 2656 1328; x_wconf 82' lang='grc' dir='ltr'><strong>τὸν</strong></span> <span class='ocrx_word' id='word_1_196' title='bbox 2690 1276 2886 1328; x_wconf 83' lang='grc' dir='ltr'>ἑαυτοῦ</span> <span class='ocrx_word' id='word_1_197' title='bbox 2919 1277 3044 1330; x_wconf 69' lang='grc' dir='ltr'>ναὸν</span> <span class='ocrx_word' id='word_1_198' title='bbox 3077 1277 3105 1327; x_wconf 84' lang='grc' dir='ltr'>ὁ</span> <span class='ocrx_word' id='word_1_199' title='bbox 3136 1277 3269 1339; x_wconf 77' lang='grc' dir='ltr'>Θεὸς</span> <span class='ocrx_word' id='word_1_200' title='bbox 3299 1277 3492 1344; x_wconf 83' lang='grc' dir='ltr'>Λόγος,</span> <span class='ocrx_word' id='word_1_201' title='bbox 3528 1276 3624 1327; x_wconf 71' lang='grc' dir='ltr'><strong>καὶ</strong></span> <span class='ocrx_word' id='word_1_202' title='bbox 3665 1277 3722 1327; x_wconf 82' lang='grc' dir='ltr'>ὲν</span> <span class='ocrx_word' id='word_1_203' title='bbox 3752 1273 3908 1343; x_wconf 83' lang='grc' dir='ltr'>αὐτῷ</span> 
     </span>
    </p>
   </div>
   <div class='ocr_carea' id='block_1_29' title="bbox 2322 1366 3909 1438">
    <p class='ocr_par' dir='ltr' id='par_1_29' title="bbox 2322 1366 3909 1438">
     <span class='ocr_line' id='line_1_29' title="bbox 2322 1366 3909 1438; baseline -0.001 -18"><span class='ocrx_word' id='word_1_204' title='bbox 2322 1368 2420 1436; x_wconf 79' lang='grc' dir='ltr'>τῆς</span> <span class='ocrx_word' id='word_1_205' title='bbox 2465 1368 2680 1434; x_wconf 78' lang='grc' dir='ltr'>φύσεως</span> <span class='ocrx_word' id='word_1_206' title='bbox 2725 1367 2880 1438; x_wconf 79' lang='grc' dir='ltr'><strong>ἡμῶν</strong></span> <span class='ocrx_word' id='word_1_207' title='bbox 2927 1369 3230 1422; x_wconf 82' lang='grc' dir='ltr'>ἀνάστασιν</span> <span class='ocrx_word' id='word_1_208' title='bbox 3263 1368 3356 1420; x_wconf 75' lang='grc' dir='ltr'><strong>καὶ</strong></span> <span class='ocrx_word' id='word_1_209' title='bbox 3405 1366 3703 1420; x_wconf 82' lang='grc' dir='ltr'>ἀνανέωσιν</span> <span class='ocrx_word' id='word_1_210' title='bbox 3733 1369 3909 1436; x_wconf 76' lang='grc' dir='ltr'>ἐργα-</span> 
     </span>
    </p>
   </div>
   <div class='ocr_carea' id='block_1_30' title="bbox 2325 1457 3907 1534">
    <p class='ocr_par' dir='ltr' id='par_1_30' title="bbox 2325 1457 3907 1534">
     <span class='ocr_line' id='line_1_30' title="bbox 2325 1457 3907 1534; baseline -0.001 -24"><span class='ocrx_word' id='word_1_211' title='bbox 2325 1459 2590 1534; x_wconf 78' lang='grc' dir='ltr'>σάμενος,</span> <span class='ocrx_word' id='word_1_212' title='bbox 2625 1461 2721 1512; x_wconf 80' lang='grc' dir='ltr'><strong>καὶ</strong></span> <span class='ocrx_word' id='word_1_213' title='bbox 2757 1459 2963 1530; x_wconf 84' lang='grc' dir='ltr'>ταύτην</span> <span class='ocrx_word' id='word_1_214' title='bbox 2997 1463 3110 1522; x_wconf 82' lang='grc' dir='ltr'>τοῖς</span> <span class='ocrx_word' id='word_1_215' title='bbox 3143 1459 3335 1512; x_wconf 76' lang='grc' dir='ltr'>ἑαυτοῦ</span> <span class='ocrx_word' id='word_1_216' title='bbox 3371 1459 3640 1529; x_wconf 78' lang='grc' dir='ltr'><strong>μαθηταῖς</strong></span> <span class='ocrx_word' id='word_1_217' title='bbox 3682 1457 3868 1520; x_wconf 81' lang='grc' dir='ltr'>δείξας</span> <span class='ocrx_word' id='word_1_218' title='bbox 3891 1496 3907 1518; x_wconf 88' lang='grc'><strong>,</strong></span> 
     </span>
    </p>
   </div>
   <div class='ocr_carea' id='block_1_31' title="bbox 2323 1548 3913 1622">
    <p class='ocr_par' dir='ltr' id='par_1_31' title="bbox 2323 1548 3913 1622">
     <span class='ocr_line' id='line_1_31' title="bbox 2323 1548 3913 1622; baseline -0.002 -19"><span class='ocrx_word' id='word_1_219' title='bbox 2323 1549 2515 1616; x_wconf 73' lang='grc' dir='ltr'>ιλιγε,</span> <span class='ocrx_word' id='word_1_220' title='bbox 2552 1569 2570 1601; x_wconf 79' lang='grc' dir='ltr'><strong>ι</strong></span> <span class='ocrx_word' id='word_1_221' title='bbox 2624 1551 3000 1621; x_wconf 76' lang='grc' dir='ltr'>Ψηλαφήσατέ</span> <span class='ocrx_word' id='word_1_222' title='bbox 3053 1568 3152 1622; x_wconf 83' lang='grc' dir='ltr'><strong>με,</strong></span> <span class='ocrx_word' id='word_1_223' title='bbox 3206 1551 3502 1611; x_wconf 78' lang='grc' dir='ltr'>καὶίδετε,</span> <span class='ocrx_word' id='word_1_224' title='bbox 3556 1551 3636 1602; x_wconf 83' lang='grc' dir='ltr'><strong>δτι</strong></span> <span class='ocrx_word' id='word_1_225' title='bbox 3690 1548 3913 1617; x_wconf 80' lang='grc' dir='ltr'>πνεῦμα</span> 
     </span>
    </p>
   </div>
   <div class='ocr_carea' id='block_1_32' title="bbox 2326 1640 3911 1711">
    <p class='ocr_par' dir='ltr' id='par_1_32' title="bbox 2326 1640 3911 1711">
     <span class='ocr_line' id='line_1_32' title="bbox 2326 1640 3911 1711; baseline -0.001 -20"><span class='ocrx_word' id='word_1_226' title='bbox 2326 1641 2506 1711; x_wconf 83' lang='grc' dir='ltr'>σάρκα</span> <span class='ocrx_word' id='word_1_227' title='bbox 2545 1641 2638 1693; x_wconf 78' lang='grc' dir='ltr'><strong>καὶ</strong></span> <span class='ocrx_word' id='word_1_228' title='bbox 2683 1641 2848 1694; x_wconf 82' lang='grc' dir='ltr'>ὀστέα</span> <span class='ocrx_word' id='word_1_229' title='bbox 2887 1643 2989 1694; x_wconf 82' lang='grc' dir='ltr'><strong>οὑκ</strong></span> <span class='ocrx_word' id='word_1_230' title='bbox 3042 1641 3156 1711; x_wconf 80' lang='grc' dir='ltr'>ἔχει</span> <span class='ocrx_word' id='word_1_231' title='bbox 3180 1683 3194 1704; x_wconf 87' lang='grc'><strong>,</strong></span> <span class='ocrx_word' id='word_1_232' title='bbox 3228 1640 3411 1704; x_wconf 78' lang='grc' dir='ltr'>καθὼς</span> <span class='ocrx_word' id='word_1_233' title='bbox 3451 1642 3550 1709; x_wconf 79' lang='grc' dir='ltr'><strong>ἐμὲ</strong></span> <span class='ocrx_word' id='word_1_234' title='bbox 3611 1640 3911 1706; x_wconf 81' lang='grc' dir='ltr'>θεωρεῖτε,</span> 
     </span>
    </p>
   </div>
   <div class='ocr_carea' id='block_1_33' title="bbox 2324 1728 3916 1800">
    <p class='ocr_par' dir='ltr' id='par_1_33' title="bbox 2324 1728 3916 1800">
     <span class='ocr_line' id='line_1_33' title="bbox 2324 1728 3916 1800; baseline -0.003 -17"><span class='ocrx_word' id='word_1_235' title='bbox 2324 1731 2425 1783; x_wconf 79' lang='grc' dir='ltr'><strong>οὐκ</strong></span> <span class='ocrx_word' id='word_1_236' title='bbox 2463 1730 2615 1794; x_wconf 73' lang='grc' dir='ltr'>ὄντα,</span> <span class='ocrx_word' id='word_1_237' title='bbox 2663 1731 2777 1784; x_wconf 86' lang='grc' dir='ltr'>ἀλλ’</span> <span class='ocrx_word' id='word_1_238' title='bbox 2813 1731 3006 1800; x_wconf 78' lang='grc' dir='ltr'>ἔχοντα</span> <span class='ocrx_word' id='word_1_239' title='bbox 3031 1747 3043 1759; x_wconf 88' lang='grc'><strong>·</strong></span> <span class='ocrx_word' id='word_1_240' title='bbox 3081 1751 3099 1783; x_wconf 76' lang='grc' dir='ltr'><strong>ι</strong></span> <span class='ocrx_word' id='word_1_241' title='bbox 3144 1732 3234 1784; x_wconf 77' lang='grc' dir='ltr'>ἵνα</span> <span class='ocrx_word' id='word_1_242' title='bbox 3278 1732 3372 1783; x_wconf 79' lang='grc' dir='ltr'>καὶ</span> <span class='ocrx_word' id='word_1_243' title='bbox 3414 1730 3506 1782; x_wconf 84' lang='grc' dir='ltr'><strong>τὸν</strong></span> <span class='ocrx_word' id='word_1_244' title='bbox 3555 1730 3768 1799; x_wconf 76' lang='grc' dir='ltr'>ἔχοντα,</span> <span class='ocrx_word' id='word_1_245' title='bbox 3819 1728 3916 1780; x_wconf 76' lang='grc' dir='ltr'><strong>καὶ</strong></span> 
     </span>
    </p>
   </div>
   <div class='ocr_carea' id='block_1_34' title="bbox 555 1819 2228 1902">
    <p class='ocr_par' dir='ltr' id='par_1_34' title="bbox 555 1819 2221 1902">
     <span class='ocr_line' id='line_1_34' title="bbox 555 1819 2221 1902; baseline -0.003 -26"><span class='ocrx_word' id='word_1_246' title='bbox 555 1849 574 1902; x_wconf 39' lang='lat'><strong>2!</strong></span> <span class='ocrx_word' id='word_1_247' title='bbox 638 1823 876 1892; x_wconf 81' lang='lat' dir='ltr'><strong>telligas.</strong></span> <span class='ocrx_word' id='word_1_248' title='bbox 909 1823 1038 1877; x_wconf 86' lang='lat' dir='ltr'><strong>Ideo</strong></span> <span class='ocrx_word' id='word_1_249' title='bbox 1064 1832 1120 1877; x_wconf 89' lang='lat' dir='ltr'><strong>et</strong></span> <span class='ocrx_word' id='word_1_250' title='bbox 1141 1822 1376 1891; x_wconf 78' lang='lat' dir='ltr'><strong>vestigia</strong></span> <span class='ocrx_word' id='word_1_251' title='bbox 1401 1823 1708 1885; x_wconf 83' lang='lat' dir='ltr'><strong>clavorum,</strong></span> <span class='ocrx_word' id='word_1_252' title='bbox 1743 1829 1798 1875; x_wconf 89' lang='lat' dir='ltr'><strong>et</strong></span> <span class='ocrx_word' id='word_1_253' title='bbox 1823 1820 2029 1875; x_wconf 73' lang='lat' dir='ltr'><strong>lanceae</strong></span> <span class='ocrx_word' id='word_1_254' title='bbox 2053 1819 2221 1874; x_wconf 90' lang='lat' dir='ltr'><strong>ictum</strong></span> 
     </span>
    </p>
   </div>
   <div class='ocr_carea' id='block_1_35' title="bbox 2333 1819 3914 1902">
    <p class='ocr_par' dir='ltr' id='par_1_35' title="bbox 2333 1820 3914 1892">
     <span class='ocr_line' id='line_1_35' title="bbox 2333 1820 3914 1892; baseline -0.003 -18"><span class='ocrx_word' id='word_1_255' title='bbox 2333 1822 2389 1874; x_wconf 89' lang='grc' dir='ltr'><strong>τὸ</strong></span> <span class='ocrx_word' id='word_1_256' title='bbox 2419 1822 2534 1891; x_wconf 68' lang='grc'><strong>(25)</strong></span> <span class='ocrx_word' id='word_1_257' title='bbox 2571 1823 2830 1892; x_wconf 76' lang='grc' dir='ltr'>ἐχόμενον</span> <span class='ocrx_word' id='word_1_258' title='bbox 2854 1825 3218 1891; x_wconf 80' lang='grc' dir='ltr'>κατανοήσας,</span> <span class='ocrx_word' id='word_1_259' title='bbox 3251 1824 3312 1874; x_wconf 83' lang='grc' dir='ltr'>οὺ</span> <span class='ocrx_word' id='word_1_260' title='bbox 3336 1824 3552 1892; x_wconf 83' lang='grc' dir='ltr'>κρᾶσιν,</span> <span class='ocrx_word' id='word_1_261' title='bbox 3586 1822 3646 1872; x_wconf 82' lang='grc' dir='ltr'>οὑ</span> <span class='ocrx_word' id='word_1_262' title='bbox 3673 1820 3914 1890; x_wconf 77' lang='grc' dir='ltr'>τροπὴν,</span> 
     </span>
    </p>
   </div>
   <div class='ocr_carea' id='block_1_36' title="bbox 514 1907 2221 1986">
    <p class='ocr_par' dir='ltr' id='par_1_36' title="bbox 514 1907 2221 1986">
     <span class='ocr_line' id='line_1_36' title="bbox 514 1907 2221 1986; baseline -0.004 -20"><span class='ocrx_word' id='word_1_263' title='bbox 514 1925 520 1932; x_wconf 95' lang='grc'><strong>·</strong></span> <span class='ocrx_word' id='word_1_264' title='bbox 639 1915 1052 1978; x_wconf 81' lang='lat' dir='ltr'><strong>monstravit&quot;,</strong></span> <span class='ocrx_word' id='word_1_265' title='bbox 1081 1912 1637 1982; x_wconf 85' lang='lat' dir='ltr'><strong>etcoramdiscipulis</strong></span> <span class='ocrx_word' id='word_1_266' title='bbox 1658 1911 1900 1966; x_wconf 89' lang='lat' dir='ltr'><strong>comedit</strong></span> <span class='ocrx_word' id='word_1_267' title='bbox 1920 1911 2052 1973; x_wconf 76' lang='lat' dir='ltr'><strong>&quot;,ut</strong></span> <span class='ocrx_word' id='word_1_268' title='bbox 2072 1907 2221 1963; x_wconf 90' lang='lat' dir='ltr'><strong>omni</strong></span> 
     </span>
    </p>
   </div>
   <div class='ocr_carea' id='block_1_37' title="bbox 639 2000 2220 2058">
    <p class='ocr_par' dir='ltr' id='par_1_37' title="bbox 639 2000 2220 2058">
     <span class='ocr_line' id='line_1_37' title="bbox 639 2000 2220 2058; baseline -0.004 -2"><span class='ocrx_word' id='word_1_269' title='bbox 639 2004 850 2058; x_wconf 87' lang='lat' dir='ltr'><strong>ratione</strong></span> <span class='ocrx_word' id='word_1_270' title='bbox 873 2011 1084 2057; x_wconf 72' lang='lat' dir='ltr'><strong>naturae</strong></span> <span class='ocrx_word' id='word_1_271' title='bbox 1113 2011 1317 2057; x_wconf 70' lang='lat' dir='ltr'><strong>nostra:</strong></span> <span class='ocrx_word' id='word_1_272' title='bbox 1359 2001 1824 2057; x_wconf 80' lang='lat' dir='ltr'><strong>resurrectionem</strong></span> <span class='ocrx_word' id='word_1_273' title='bbox 1858 2000 1912 2053; x_wconf 93' lang='lat' dir='ltr'><strong>in</strong></span> <span class='ocrx_word' id='word_1_274' title='bbox 1963 2015 2019 2054; x_wconf 86' lang='lat' dir='ltr'><strong>se</strong></span> <span class='ocrx_word' id='word_1_275' title='bbox 2050 2013 2220 2052; x_wconf 82' lang='lat' dir='ltr'><strong>reno-</strong></span> 
     </span>
    </p>
   </div>
   <div class='ocr_carea' id='block_1_38' title="bbox 639 2086 2220 2159">
    <p class='ocr_par' dir='ltr' id='par_1_38' title="bbox 639 2086 2220 2159">
     <span class='ocr_line' id='line_1_38' title="bbox 639 2086 2220 2159; baseline -0.001 -18"><span class='ocrx_word' id='word_1_276' title='bbox 639 2098 816 2143; x_wconf 87' lang='lat' dir='ltr'><strong>vatam</strong></span> <span class='ocrx_word' id='word_1_277' title='bbox 837 2090 945 2143; x_wconf 88' lang='lat' dir='ltr'><strong>illis</strong></span> <span class='ocrx_word' id='word_1_278' title='bbox 971 2088 1566 2159; x_wconf 84' lang='lat' dir='ltr'><strong>persuaderet.Etcum</strong></span> <span class='ocrx_word' id='word_1_279' title='bbox 1579 2089 1882 2143; x_wconf 89' lang='lat' dir='ltr'><strong>secundum</strong></span> <span class='ocrx_word' id='word_1_280' title='bbox 1904 2088 2117 2143; x_wconf 81' lang='lat' dir='ltr'><strong>beatam</strong></span> <span class='ocrx_word' id='word_1_281' title='bbox 2141 2086 2220 2141; x_wconf 91' lang='lat' dir='ltr'><strong>di-</strong></span> 
     </span>
    </p>
   </div>
   <div class='ocr_carea' id='block_1_39' title="bbox 639 2181 2222 2237">
    <p class='ocr_par' dir='ltr' id='par_1_39' title="bbox 639 2181 2222 2237">
     <span class='ocr_line' id='line_1_39' title="bbox 639 2181 2222 2237; baseline -0.001 -3"><span class='ocrx_word' id='word_1_282' title='bbox 639 2181 885 2237; x_wconf 86' lang='lat' dir='ltr'><strong>vinitatis</strong></span> <span class='ocrx_word' id='word_1_283' title='bbox 915 2183 1281 2236; x_wconf 82' lang='lat' dir='ltr'><strong>substantiam</strong></span> <span class='ocrx_word' id='word_1_284' title='bbox 1308 2181 1638 2236; x_wconf 79' lang='lat' dir='ltr'><strong>mutationis</strong></span> <span class='ocrx_word' id='word_1_285' title='bbox 1666 2189 1722 2235; x_wconf 90' lang='lat' dir='ltr'><strong>et</strong></span> <span class='ocrx_word' id='word_1_286' title='bbox 1752 2181 2094 2235; x_wconf 87' lang='lat' dir='ltr'><strong>alterationis</strong></span> <span class='ocrx_word' id='word_1_287' title='bbox 2125 2195 2222 2233; x_wconf 78' lang='lat' dir='ltr'><strong>ex-</strong></span> 
     </span>
    </p>
   </div>
   <div class='ocr_carea' id='block_1_40' title="bbox 639 2272 2226 2344">
    <p class='ocr_par' dir='ltr' id='par_1_40' title="bbox 639 2272 2226 2344">
     <span class='ocr_line' id='line_1_40' title="bbox 639 2272 2226 2344; baseline -0.004 -14"><span class='ocrx_word' id='word_1_288' title='bbox 639 2291 786 2343; x_wconf 84' lang='lat' dir='ltr'><strong>pers.</strong></span> <span class='ocrx_word' id='word_1_289' title='bbox 827 2275 1205 2344; x_wconf 87' lang='lat' dir='ltr'><strong>impassibilis,</strong></span> <span class='ocrx_word' id='word_1_290' title='bbox 1262 2274 1617 2338; x_wconf 86' lang='lat' dir='ltr'><strong>immortalis,</strong></span> <span class='ocrx_word' id='word_1_291' title='bbox 1674 2274 1823 2327; x_wconf 91' lang='lat' dir='ltr'><strong>nulla</strong></span> <span class='ocrx_word' id='word_1_292' title='bbox 1867 2288 1925 2326; x_wconf 89' lang='lat' dir='ltr'><strong>re</strong></span> <span class='ocrx_word' id='word_1_293' title='bbox 1973 2272 2226 2341; x_wconf 79' lang='lat' dir='ltr'><strong>indigens</strong></span> 
     </span>
    </p>
   </div>
   <div class='ocr_carea' id='block_1_41' title="bbox 639 2361 2221 2437">
    <p class='ocr_par' dir='ltr' id='par_1_41' title="bbox 639 2361 2221 2437">
     <span class='ocr_line' id='line_1_41' title="bbox 639 2361 2221 2437; baseline -0.004 -17"><span class='ocrx_word' id='word_1_294' title='bbox 639 2375 809 2425; x_wconf 77' lang='lat' dir='ltr'><strong>esset.</strong></span> <span class='ocrx_word' id='word_1_295' title='bbox 830 2367 1115 2437; x_wconf 75' lang='lat' dir='ltr'><strong>passiones</strong></span> <span class='ocrx_word' id='word_1_296' title='bbox 1133 2382 1330 2421; x_wconf 89' lang='lat' dir='ltr'><strong>omnes</strong></span> <span class='ocrx_word' id='word_1_297' title='bbox 1355 2367 1562 2436; x_wconf 90' lang='lat' dir='ltr'><strong>templo</strong></span> <span class='ocrx_word' id='word_1_298' title='bbox 1589 2379 1690 2419; x_wconf 90' lang='lat' dir='ltr'><strong>suo</strong></span> <span class='ocrx_word' id='word_1_299' title='bbox 1721 2363 1916 2418; x_wconf 90' lang='lat' dir='ltr'><strong>inferri</strong></span> <span class='ocrx_word' id='word_1_300' title='bbox 1950 2361 2221 2432; x_wconf 89' lang='lat' dir='ltr'><strong>permisit,</strong></span> 
     </span>
    </p>
   </div>
   <div class='ocr_carea' id='block_1_42' title="bbox 640 2455 2221 2527">
    <p class='ocr_par' dir='ltr' id='par_1_42' title="bbox 640 2455 2221 2527">
     <span class='ocr_line' id='line_1_42' title="bbox 640 2455 2221 2527; baseline -0.003 -16"><span class='ocrx_word' id='word_1_301' title='bbox 640 2457 829 2512; x_wconf 84' lang='lat' dir='ltr'><strong>ethoc</strong></span> <span class='ocrx_word' id='word_1_302' title='bbox 859 2457 1085 2527; x_wconf 88' lang='lat' dir='ltr'><strong>propria</strong></span> <span class='ocrx_word' id='word_1_303' title='bbox 1133 2457 1379 2526; x_wconf 90' lang='lat' dir='ltr'><strong>potentia</strong></span> <span class='ocrx_word' id='word_1_304' title='bbox 1403 2457 1686 2518; x_wconf 81' lang='lat' dir='ltr'><strong>excitavit,</strong></span> <span class='ocrx_word' id='word_1_305' title='bbox 1715 2465 1773 2509; x_wconf 89' lang='lat' dir='ltr'><strong>et</strong></span> <span class='ocrx_word' id='word_1_306' title='bbox 1819 2470 1917 2524; x_wconf 88' lang='lat' dir='ltr'><strong>per</strong></span> <span class='ocrx_word' id='word_1_307' title='bbox 1953 2455 2221 2524; x_wconf 88' lang='lat' dir='ltr'><strong>templum</strong></span> 
     </span>
    </p>
   </div>
   <div class='ocr_carea' id='block_1_43' title="bbox 643 2541 2225 2618">
    <p class='ocr_par' dir='ltr' id='par_1_43' title="bbox 643 2541 2225 2618">
     <span class='ocr_line' id='line_1_43' title="bbox 643 2541 2225 2618; baseline -0.003 -15"><span class='ocrx_word' id='word_1_308' title='bbox 643 2565 805 2604; x_wconf 85' lang='lat' dir='ltr'><strong>suum</strong></span> <span class='ocrx_word' id='word_1_309' title='bbox 843 2548 1143 2618; x_wconf 80' lang='lat' dir='ltr'><strong>perfectam</strong></span> <span class='ocrx_word' id='word_1_310' title='bbox 1181 2555 1391 2603; x_wconf 84' lang='lat' dir='ltr'><strong>naturae</strong></span> <span class='ocrx_word' id='word_1_311' title='bbox 1446 2541 1679 2601; x_wconf 67' lang='lat' dir='ltr'><strong>nostrze’</strong></span> <span class='ocrx_word' id='word_1_312' title='bbox 1702 2546 2115 2600; x_wconf 87' lang='lat' dir='ltr'><strong>renovationem</strong></span> <span class='ocrx_word' id='word_1_313' title='bbox 2147 2544 2225 2600; x_wconf 85' lang='lat' dir='ltr'><strong>ef—</strong></span> 
     </span>
    </p>
   </div>
   <div class='ocr_carea' id='block_1_44' title="bbox 644 2627 2224 2708">
    <p class='ocr_par' dir='ltr' id='par_1_44' title="bbox 644 2627 2224 2708">
     <span class='ocr_line' id='line_1_44' title="bbox 644 2627 2224 2708; baseline -0.001 -16"><span class='ocrx_word' id='word_1_314' title='bbox 644 2640 793 2694; x_wconf 82' lang='lat' dir='ltr'><strong>fecit.</strong></span> <span class='ocrx_word' id='word_1_315' title='bbox 821 2639 931 2694; x_wconf 86' lang='lat' dir='ltr'><strong>Eos</strong></span> <span class='ocrx_word' id='word_1_316' title='bbox 976 2653 1110 2694; x_wconf 85' lang='lat' dir='ltr'><strong>vero</strong></span> <span class='ocrx_word' id='word_1_317' title='bbox 1127 2638 1226 2708; x_wconf 77' lang='lat' dir='ltr'><strong>qui</strong></span> <span class='ocrx_word' id='word_1_318' title='bbox 1273 2627 1466 2692; x_wconf 90' lang='lat' dir='ltr'><strong>dicunt</strong></span> <span class='ocrx_word' id='word_1_319' title='bbox 1519 2637 1732 2692; x_wconf 92' lang='lat' dir='ltr'><strong>nudum</strong></span> <span class='ocrx_word' id='word_1_320' title='bbox 1776 2637 2053 2690; x_wconf 87' lang='lat' dir='ltr'><strong>hominem</strong></span> <span class='ocrx_word' id='word_1_321' title='bbox 2103 2652 2224 2691; x_wconf 75' lang='lat' dir='ltr'><strong>esse</strong></span> 
     </span>
    </p>
   </div>
   <div class='ocr_carea' id='block_1_45' title="bbox 643 2721 2224 2800">
    <p class='ocr_par' dir='ltr' id='par_1_45' title="bbox 643 2721 2224 2800">
     <span class='ocr_line' id='line_1_45' title="bbox 643 2721 2224 2800; baseline -0.002 -17"><span class='ocrx_word' id='word_1_322' title='bbox 643 2721 946 2796; x_wconf 77' lang='lat' dir='ltr'><strong>Christum,</strong></span> <span class='ocrx_word' id='word_1_323' title='bbox 978 2730 1066 2785; x_wconf 86' lang='lat' dir='ltr'><strong>vel</strong></span> <span class='ocrx_word' id='word_1_324' title='bbox 1113 2729 1352 2800; x_wconf 86' lang='lat' dir='ltr'><strong>passioni</strong></span> <span class='ocrx_word' id='word_1_325' title='bbox 1395 2729 1698 2784; x_wconf 81' lang='lat' dir='ltr'><strong>obnoxium</strong></span> <span class='ocrx_word' id='word_1_326' title='bbox 1729 2729 1906 2783; x_wconf 89' lang='lat' dir='ltr'><strong>Deum</strong></span> <span class='ocrx_word' id='word_1_327' title='bbox 1958 2728 2224 2791; x_wconf 88' lang='lat' dir='ltr'><strong>Verbum,</strong></span> 
     </span>
    </p>
   </div>
   <div class='ocr_carea' id='block_1_46' title="bbox 609 2820 2228 2886">
    <p class='ocr_par' dir='ltr' id='par_1_46' title="bbox 609 2820 2228 2886">
     <span class='ocr_line' id='line_1_46' title="bbox 609 2820 2228 2886; baseline -0.002 -9"><span class='ocrx_word' id='word_1_328' title='bbox 609 2831 740 2886; x_wconf 72' lang='lat' dir='ltr'><strong>,aut</strong></span> <span class='ocrx_word' id='word_1_329' title='bbox 776 2823 831 2876; x_wconf 90' lang='lat' dir='ltr'><strong>in</strong></span> <span class='ocrx_word' id='word_1_330' title='bbox 879 2837 1102 2876; x_wconf 86' lang='lat' dir='ltr'><strong>carnem</strong></span> <span class='ocrx_word' id='word_1_331' title='bbox 1156 2837 1508 2885; x_wconf 84' lang='lat' dir='ltr'><strong>conversum,</strong></span> <span class='ocrx_word' id='word_1_332' title='bbox 1557 2821 1643 2875; x_wconf 87' lang='lat' dir='ltr'><strong>vel</strong></span> <span class='ocrx_word' id='word_1_333' title='bbox 1693 2820 2228 2875; x_wconf 87' lang='lat' dir='ltr'><strong>consubstantiatum</strong></span> 
     </span>
    </p>
   </div>
   <div class='ocr_carea' id='block_1_47' title="bbox 645 2912 2229 2986">
    <p class='ocr_par' dir='ltr' id='par_1_47' title="bbox 645 2912 2229 2986">
     <span class='ocr_line' id='line_1_47' title="bbox 645 2912 2229 2986; baseline -0.003 -17"><span class='ocrx_word' id='word_1_334' title='bbox 645 2931 850 2986; x_wconf 89' lang='lat' dir='ltr'><strong>corpus</strong></span> <span class='ocrx_word' id='word_1_335' title='bbox 894 2914 1178 2979; x_wconf 86' lang='lat' dir='ltr'><strong>habuisse,</strong></span> <span class='ocrx_word' id='word_1_336' title='bbox 1246 2913 1330 2967; x_wconf 87' lang='lat' dir='ltr'><strong>vel</strong></span> <span class='ocrx_word' id='word_1_337' title='bbox 1364 2913 1433 2967; x_wconf 88' lang='lat' dir='ltr'><strong>de</strong></span> <span class='ocrx_word' id='word_1_338' title='bbox 1492 2913 1641 2966; x_wconf 65' lang='lat' dir='ltr'><strong>caelo</strong></span> <span class='ocrx_word' id='word_1_339' title='bbox 1689 2912 1745 2965; x_wconf 91' lang='lat' dir='ltr'><strong>id</strong></span> <span class='ocrx_word' id='word_1_340' title='bbox 1798 2912 2085 2976; x_wconf 84' lang='lat' dir='ltr'><strong>detulisse,</strong></span> <span class='ocrx_word' id='word_1_341' title='bbox 2133 2919 2229 2966; x_wconf 90' lang='lat' dir='ltr'><strong>aut</strong></span> 
     </span>
    </p>
   </div>
   <div class='ocr_carea' id='block_1_48' title="bbox 559 3002 2224 3076">
    <p class='ocr_par' dir='ltr' id='par_1_48' title="bbox 559 3002 2224 3076">
     <span class='ocr_line' id='line_1_48' title="bbox 559 3002 2224 3076; baseline -0.002 -17"><span class='ocrx_word' id='word_1_342' title='bbox 559 3023 568 3031; x_wconf 92' lang='grc'><strong>·</strong></span> <span class='ocrx_word' id='word_1_343' title='bbox 647 3007 974 3076; x_wconf 83' lang='lat' dir='ltr'><strong>phantasma</strong></span> <span class='ocrx_word' id='word_1_344' title='bbox 997 3005 1280 3062; x_wconf 66' lang='lat' dir='ltr'><strong>essene]</strong></span> <span class='ocrx_word' id='word_1_345' title='bbox 1333 3005 1428 3074; x_wconf 88' lang='lat' dir='ltr'><strong>qui</strong></span> <span class='ocrx_word' id='word_1_346' title='bbox 1490 3004 1781 3058; x_wconf 87' lang='lat' dir='ltr'><strong>mortalem</strong></span> <span class='ocrx_word' id='word_1_347' title='bbox 1832 3002 2024 3056; x_wconf 89' lang='lat' dir='ltr'><strong>dicunt</strong></span> <span class='ocrx_word' id='word_1_348' title='bbox 2053 3003 2224 3056; x_wconf 90' lang='lat' dir='ltr'><strong>Deum</strong></span> 
     </span>
    </p>
   </div>
   <div class='ocr_carea' id='block_1_49' title="bbox 635 3093 2226 3166">
    <p class='ocr_par' dir='ltr' id='par_1_49' title="bbox 635 3093 2226 3166">
     <span class='ocr_line' id='line_1_49' title="bbox 635 3093 2226 3166; baseline -0.003 -15"><span class='ocrx_word' id='word_1_349' title='bbox 635 3099 891 3152; x_wconf 81' lang='lat' dir='ltr'><strong>Verbum</strong></span> <span class='ocrx_word' id='word_1_350' title='bbox 925 3112 1064 3166; x_wconf 81' lang='lat' dir='ltr'><strong>opus</strong></span> <span class='ocrx_word' id='word_1_351' title='bbox 1084 3097 1345 3151; x_wconf 86' lang='lat' dir='ltr'><strong>habuisse</strong></span> <span class='ocrx_word' id='word_1_352' title='bbox 1369 3106 1431 3150; x_wconf 93' lang='lat' dir='ltr'><strong>ut</strong></span> <span class='ocrx_word' id='word_1_353' title='bbox 1461 3112 1490 3151; x_wconf 90' lang='lat' dir='ltr'><strong>a</strong></span> <span class='ocrx_word' id='word_1_354' title='bbox 1523 3096 1684 3151; x_wconf 88' lang='lat' dir='ltr'><strong>Patre</strong></span> <span class='ocrx_word' id='word_1_355' title='bbox 1729 3095 2114 3156; x_wconf 87' lang='lat' dir='ltr'><strong>suscitaretur,</strong></span> <span class='ocrx_word' id='word_1_356' title='bbox 2141 3093 2226 3146; x_wconf 86' lang='lat' dir='ltr'><strong>vel</strong></span> 
     </span>
    </p>
   </div>
   <div class='ocr_carea' id='block_1_50' title="bbox 649 3183 2229 3256">
    <p class='ocr_par' dir='ltr' id='par_1_50' title="bbox 649 3183 2229 3256">
     <span class='ocr_line' id='line_1_50' title="bbox 649 3183 2229 3256; baseline -0.003 -16"><span class='ocrx_word' id='word_1_357' title='bbox 649 3187 1009 3241; x_wconf 88' lang='lat' dir='ltr'><strong>inanimatum</strong></span> <span class='ocrx_word' id='word_1_358' title='bbox 1034 3201 1238 3256; x_wconf 78' lang='lat' dir='ltr'><strong>corpus</strong></span> <span class='ocrx_word' id='word_1_359' title='bbox 1266 3185 1591 3255; x_wconf 85' lang='lat' dir='ltr'><strong>sumpsisse,</strong></span> <span class='ocrx_word' id='word_1_360' title='bbox 1625 3184 1711 3238; x_wconf 86' lang='lat' dir='ltr'><strong>vel</strong></span> <span class='ocrx_word' id='word_1_361' title='bbox 1741 3184 1860 3238; x_wconf 91' lang='lat' dir='ltr'><strong>sine</strong></span> <span class='ocrx_word' id='word_1_362' title='bbox 1903 3191 2087 3237; x_wconf 90' lang='lat' dir='ltr'><strong>mente</strong></span> <span class='ocrx_word' id='word_1_363' title='bbox 2134 3183 2229 3235; x_wconf 90' lang='lat' dir='ltr'><strong>ho-</strong></span> 
     </span>
    </p>
   </div>
   <div class='ocr_carea' id='block_1_51' title="bbox 652 3275 2232 3347">
    <p class='ocr_par' dir='ltr' id='par_1_51' title="bbox 652 3275 2232 3347">
     <span class='ocr_line' id='line_1_51' title="bbox 652 3275 2232 3347; baseline -0.004 -15"><span class='ocrx_word' id='word_1_364' title='bbox 652 3279 975 3343; x_wconf 87' lang='lat' dir='ltr'><strong>minem,vel</strong></span> <span class='ocrx_word' id='word_1_365' title='bbox 1005 3277 1143 3331; x_wconf 87' lang='lat' dir='ltr'><strong>duas</strong></span> <span class='ocrx_word' id='word_1_366' title='bbox 1165 3277 1371 3331; x_wconf 88' lang='lat' dir='ltr'><strong>Christi</strong></span> <span class='ocrx_word' id='word_1_367' title='bbox 1393 3285 1619 3331; x_wconf 86' lang='lat' dir='ltr'><strong>naturas</strong></span> <span class='ocrx_word' id='word_1_368' title='bbox 1649 3291 1748 3347; x_wconf 87' lang='lat' dir='ltr'><strong>per</strong></span> <span class='ocrx_word' id='word_1_369' title='bbox 1785 3275 2232 3330; x_wconf 86' lang='lat' dir='ltr'><strong>commistioncm</strong></span> 
     </span>
    </p>
   </div>
   <div class='ocr_carea' id='block_1_52' title="bbox 651 3368 2234 3437">
    <p class='ocr_par' dir='ltr' id='par_1_52' title="bbox 651 3368 2234 3437">
     <span class='ocr_line' id='line_1_52' title="bbox 651 3368 2234 3437; baseline -0.004 -11"><span class='ocrx_word' id='word_1_370' title='bbox 651 3370 909 3426; x_wconf 85' lang='lat' dir='ltr'><strong>confusas</strong></span> <span class='ocrx_word' id='word_1_371' title='bbox 935 3386 1101 3424; x_wconf 90' lang='lat' dir='ltr'><strong>unam</strong></span> <span class='ocrx_word' id='word_1_372' title='bbox 1137 3378 1391 3423; x_wconf 87' lang='lat' dir='ltr'><strong>naturam</strong></span> <span class='ocrx_word' id='word_1_373' title='bbox 1441 3369 1615 3424; x_wconf 82' lang='lat' dir='ltr'><strong>factas</strong></span> <span class='ocrx_word' id='word_1_374' title='bbox 1665 3384 1823 3423; x_wconf 84' lang='lat' dir='ltr'><strong>esse:</strong></span> <span class='ocrx_word' id='word_1_375' title='bbox 1860 3378 1917 3423; x_wconf 90' lang='lat' dir='ltr'><strong>ct</strong></span> <span class='ocrx_word' id='word_1_376' title='bbox 1973 3368 2067 3437; x_wconf 91' lang='lat' dir='ltr'><strong>qui</strong></span> <span class='ocrx_word' id='word_1_377' title='bbox 2123 3382 2234 3420; x_wconf 90' lang='lat' dir='ltr'><strong>non</strong></span> 
     </span>
    </p>
   </div>
   <div class='ocr_carea' id='block_1_53' title="bbox 652 3459 2236 3520">
    <p class='ocr_par' dir='ltr' id='par_1_53' title="bbox 652 3459 2236 3520">
     <span class='ocr_line' id='line_1_53' title="bbox 652 3459 2236 3520; baseline -0.006 0"><span class='ocrx_word' id='word_1_378' title='bbox 652 3465 991 3520; x_wconf 83' lang='lat' dir='ltr'><strong>confitentur</strong></span> <span class='ocrx_word' id='word_1_379' title='bbox 1041 3465 1095 3516; x_wconf 91' lang='lat' dir='ltr'><strong>in</strong></span> <span class='ocrx_word' id='word_1_380' title='bbox 1147 3463 1381 3516; x_wconf 90' lang='lat' dir='ltr'><strong>Domino</strong></span> <span class='ocrx_word' id='word_1_381' title='bbox 1426 3469 1619 3516; x_wconf 89' lang='lat' dir='ltr'><strong>nostro</strong></span> <span class='ocrx_word' id='word_1_382' title='bbox 1665 3461 1793 3514; x_wconf 84' lang='lat' dir='ltr'><strong>Jesu</strong></span> <span class='ocrx_word' id='word_1_383' title='bbox 1838 3459 2058 3514; x_wconf 90' lang='lat' dir='ltr'><strong>Christo</strong></span> <span class='ocrx_word' id='word_1_384' title='bbox 2099 3459 2236 3512; x_wconf 88' lang='lat' dir='ltr'><strong>duas</strong></span> 
     </span>
    </p>
   </div>
   <div class='ocr_carea' id='block_1_54' title="bbox 652 3553 2232 3619">
    <p class='ocr_par' dir='ltr' id='par_1_54' title="bbox 652 3553 2232 3619">
     <span class='ocr_line' id='line_1_54' title="bbox 652 3553 2232 3619; baseline -0.006 -8"><span class='ocrx_word' id='word_1_385' title='bbox 652 3572 775 3611; x_wconf 89' lang='lat' dir='ltr'><strong>esse</strong></span> <span class='ocrx_word' id='word_1_386' title='bbox 822 3565 1051 3609; x_wconf 87' lang='lat' dir='ltr'><strong>naturas</strong></span> <span class='ocrx_word' id='word_1_387' title='bbox 1097 3553 1432 3615; x_wconf 86' lang='lat' dir='ltr'><strong>inconfusas,</strong></span> <span class='ocrx_word' id='word_1_388' title='bbox 1487 3567 1651 3605; x_wconf 88' lang='lat' dir='ltr'><strong>unam</strong></span> <span class='ocrx_word' id='word_1_389' title='bbox 1704 3559 1886 3605; x_wconf 89' lang='lat' dir='ltr'><strong>autem</strong></span> <span class='ocrx_word' id='word_1_390' title='bbox 1921 3565 2232 3619; x_wconf 89' lang='lat' dir='ltr'><strong>personam,</strong></span> 
     </span>
    </p>
   </div>
   <div class='ocr_carea' id='block_1_55' title="bbox 659 3642 2236 3719">
    <p class='ocr_par' dir='ltr' id='par_1_55' title="bbox 659 3642 2236 3719">
     <span class='ocr_line' id='line_1_55' title="bbox 659 3642 2236 3719; baseline -0.004 -18"><span class='ocrx_word' id='word_1_391' title='bbox 659 3648 818 3719; x_wconf 66' lang='grc'><strong>142</strong></span> <span class='ocrx_word' id='word_1_392' title='bbox 836 3655 1112 3716; x_wconf 86' lang='lat' dir='ltr'><strong>quatenus</strong></span> <span class='ocrx_word' id='word_1_393' title='bbox 1139 3659 1284 3699; x_wconf 88' lang='lat' dir='ltr'><strong>unus</strong></span> <span class='ocrx_word' id='word_1_394' title='bbox 1313 3655 1396 3698; x_wconf 90' lang='lat' dir='ltr'><strong>cst</strong></span> <span class='ocrx_word' id='word_1_395' title='bbox 1418 3642 1693 3705; x_wconf 79' lang='lat' dir='ltr'><strong>Christus,</strong></span> <span class='ocrx_word' id='word_1_396' title='bbox 1733 3659 1876 3696; x_wconf 72' lang='lat' dir='ltr'><strong>unus</strong></span> <span class='ocrx_word' id='word_1_397' title='bbox 1903 3642 2096 3705; x_wconf 87' lang='lat' dir='ltr'><strong>Filius,</strong></span> <span class='ocrx_word' id='word_1_398' title='bbox 2140 3656 2236 3695; x_wconf 89' lang='lat' dir='ltr'><strong>cos</strong></span> 
     </span>
    </p>
   </div>
   <div class='ocr_carea' id='block_1_56' title="bbox 653 3733 2239 3803">
    <p class='ocr_par' dir='ltr' id='par_1_56' title="bbox 653 3733 2239 3803">
     <span class='ocr_line' id='line_1_56' title="bbox 653 3733 2239 3803; baseline -0.006 -10"><span class='ocrx_word' id='word_1_399' title='bbox 653 3740 1003 3794; x_wconf 86' lang='lat' dir='ltr'><strong>anathemate</strong></span> <span class='ocrx_word' id='word_1_400' title='bbox 1033 3737 1161 3790; x_wconf 82' lang='lat' dir='ltr'><strong>ferit</strong></span> <span class='ocrx_word' id='word_1_401' title='bbox 1187 3737 1457 3790; x_wconf 84' lang='lat' dir='ltr'><strong>catholica</strong></span> <span class='ocrx_word' id='word_1_402' title='bbox 1483 3743 1538 3789; x_wconf 91' lang='lat' dir='ltr'><strong>et</strong></span> <span class='ocrx_word' id='word_1_403' title='bbox 1567 3733 1868 3803; x_wconf 86' lang='lat' dir='ltr'><strong>apostolica</strong></span> <span class='ocrx_word' id='word_1_404' title='bbox 1897 3733 2239 3788; x_wconf 85' lang='lat' dir='ltr'><strong>Ecclesia.—</strong></span> 
     </span>
    </p>
   </div>
   <div class='ocr_carea' id='block_1_57' title="bbox 658 3823 2238 3903">
    <p class='ocr_par' dir='ltr' id='par_1_57' title="bbox 658 3823 2238 3903">
     <span class='ocr_line' id='line_1_57' title="bbox 658 3823 2238 3903; baseline -0.006 -18"><span class='ocrx_word' id='word_1_405' title='bbox 658 3830 909 3903; x_wconf 71' lang='lat' dir='ltr'><strong>Ejusdem</strong></span> <span class='ocrx_word' id='word_1_406' title='bbox 942 3831 1007 3884; x_wconf 68' lang='lat'><strong>’9.</strong></span> <span class='ocrx_word' id='word_1_407' title='bbox 1037 3831 1179 3899; x_wconf 78' lang='lat' dir='ltr'><strong>Ergo</strong></span> <span class='ocrx_word' id='word_1_408' title='bbox 1201 3830 1243 3882; x_wconf 89' lang='lat' dir='ltr'><strong>si</strong></span> <span class='ocrx_word' id='word_1_409' title='bbox 1275 3843 1403 3882; x_wconf 86' lang='lat' dir='ltr'><strong>caro</strong></span> <span class='ocrx_word' id='word_1_410' title='bbox 1437 3826 1550 3896; x_wconf 65' lang='lat'><strong>(“21)</strong></span> <span class='ocrx_word' id='word_1_411' title='bbox 1572 3825 1821 3880; x_wconf 89' lang='lat' dir='ltr'><strong>omnium</strong></span> <span class='ocrx_word' id='word_1_412' title='bbox 1849 3825 1983 3879; x_wconf 88' lang='lat' dir='ltr'><strong>etin</strong></span> <span class='ocrx_word' id='word_1_413' title='bbox 2015 3823 2238 3880; x_wconf 63' lang='lat' dir='ltr'><strong>Christo</strong></span> 
     </span>
    </p>
   </div>
   <div class='ocr_carea' id='block_1_58' title="bbox 659 3915 2238 3988">
    <p class='ocr_par' dir='ltr' id='par_1_58' title="bbox 659 3915 2238 3988">
     <span class='ocr_line' id='line_1_58' title="bbox 659 3915 2238 3988; baseline -0.004 -15"><span class='ocrx_word' id='word_1_414' title='bbox 659 3920 933 3988; x_wconf 80' lang='lat' dir='ltr'><strong>subjacuit</strong></span> <span class='ocrx_word' id='word_1_415' title='bbox 959 3919 1195 3988; x_wconf 70' lang='lat' dir='ltr'><strong>injuriae,</strong></span> <span class='ocrx_word' id='word_1_416' title='bbox 1223 3915 1500 3986; x_wconf 84' lang='lat' dir='ltr'><strong>quomodo</strong></span> <span class='ocrx_word' id='word_1_417' title='bbox 1541 3915 1707 3969; x_wconf 89' lang='lat' dir='ltr'><strong>unius</strong></span> <span class='ocrx_word' id='word_1_418' title='bbox 1749 3916 1899 3969; x_wconf 91' lang='lat' dir='ltr'><strong>illam</strong></span> <span class='ocrx_word' id='word_1_419' title='bbox 1939 3930 2063 3968; x_wconf 93' lang='lat' dir='ltr'><strong>cum</strong></span> <span class='ocrx_word' id='word_1_420' title='bbox 2095 3915 2238 3969; x_wconf 76' lang='lat' dir='ltr'><strong>divi-</strong></span> 
     </span>
    </p>
   </div>
   <div class='ocr_carea' id='block_1_59' title="bbox 659 4005 2240 4065">
    <p class='ocr_par' dir='ltr' id='par_1_59' title="bbox 659 4005 2240 4065">
     <span class='ocr_line' id='line_1_59' title="bbox 659 4005 2240 4065; baseline -0.004 -1"><span class='ocrx_word' id='word_1_421' title='bbox 659 4012 831 4065; x_wconf 86' lang='lat' dir='ltr'><strong>nitate</strong></span> <span class='ocrx_word' id='word_1_422' title='bbox 858 4010 1044 4063; x_wconf 87' lang='lat' dir='ltr'><strong>dicitis</strong></span> <span class='ocrx_word' id='word_1_423' title='bbox 1091 4025 1212 4062; x_wconf 84' lang='lat' dir='ltr'><strong>esse</strong></span> <span class='ocrx_word' id='word_1_424' title='bbox 1260 4007 1619 4062; x_wconf 73' lang='lat' dir='ltr'><strong>substantiae?</strong></span> <span class='ocrx_word' id='word_1_425' title='bbox 1654 4005 1712 4060; x_wconf 89' lang='lat' dir='ltr'><strong>Si</strong></span> <span class='ocrx_word' id='word_1_426' title='bbox 1739 4006 1887 4060; x_wconf 90' lang='lat' dir='ltr'><strong>enim</strong></span> <span class='ocrx_word' id='word_1_427' title='bbox 1914 4007 2078 4061; x_wconf 83' lang='lat' dir='ltr'><strong>unius</strong></span> <span class='ocrx_word' id='word_1_428' title='bbox 2112 4006 2240 4059; x_wconf 89' lang='lat' dir='ltr'><strong>sub—</strong></span> 
     </span>
    </p>
   </div>
   <div class='ocr_carea' id='block_1_60' title="bbox 659 4099 2235 4168">
    <p class='ocr_par' dir='ltr' id='par_1_60' title="bbox 659 4099 2235 4168">
     <span class='ocr_line' id='line_1_60' title="bbox 659 4099 2235 4168; baseline -0.002 -12"><span class='ocrx_word' id='word_1_429' title='bbox 659 4101 874 4157; x_wconf 72' lang='lat' dir='ltr'><strong>stantiae</strong></span> <span class='ocrx_word' id='word_1_430' title='bbox 901 4099 1141 4153; x_wconf 86' lang='lat' dir='ltr'><strong>Verhum</strong></span> <span class='ocrx_word' id='word_1_431' title='bbox 1174 4110 1229 4154; x_wconf 86' lang='lat' dir='ltr'><strong>et</strong></span> <span class='ocrx_word' id='word_1_432' title='bbox 1261 4116 1409 4162; x_wconf 80' lang='lat' dir='ltr'><strong>caro,</strong></span> <span class='ocrx_word' id='word_1_433' title='bbox 1446 4115 1567 4168; x_wconf 65' lang='lat' dir='ltr'><strong>quae</strong></span> <span class='ocrx_word' id='word_1_434' title='bbox 1614 4099 1681 4153; x_wconf 91' lang='lat' dir='ltr'><strong>de</strong></span> <span class='ocrx_word' id='word_1_435' title='bbox 1717 4107 1863 4153; x_wconf 84' lang='lat' dir='ltr'><strong>terra</strong></span> <span class='ocrx_word' id='word_1_436' title='bbox 1916 4100 2084 4153; x_wconf 85' lang='lat' dir='ltr'><strong>habet</strong></span> <span class='ocrx_word' id='word_1_437' title='bbox 2134 4116 2235 4153; x_wconf 87' lang='lat' dir='ltr'><strong>na-</strong></span> 
     </span>
    </p>
   </div>
   <div class='ocr_carea' id='block_1_61' title="bbox 663 4193 2238 4264">
    <p class='ocr_par' dir='ltr' id='par_1_61' title="bbox 663 4193 2238 4264">
     <span class='ocr_line' id='line_1_61' title="bbox 663 4193 2238 4264; baseline -0.001 -17"><span class='ocrx_word' id='word_1_438' title='bbox 663 4210 860 4257; x_wconf 85' lang='lat' dir='ltr'><strong>.uram,</strong></span> <span class='ocrx_word' id='word_1_439' title='bbox 889 4209 989 4247; x_wconf 91' lang='lat' dir='ltr'><strong>cur</strong></span> <span class='ocrx_word' id='word_1_440' title='bbox 1035 4210 1144 4246; x_wconf 89' lang='lat' dir='ltr'><strong>non</strong></span> <span class='ocrx_word' id='word_1_441' title='bbox 1173 4193 1282 4264; x_wconf 57' lang='grc' dir='ltr'><strong>(ἐξ)</strong></span> <span class='ocrx_word' id='word_1_442' title='bbox 1321 4193 1486 4247; x_wconf 90' lang='lat' dir='ltr'><strong>unius</strong></span> <span class='ocrx_word' id='word_1_443' title='bbox 1538 4193 1861 4248; x_wconf 72' lang='lat' dir='ltr'><strong>substantia:</strong></span> <span class='ocrx_word' id='word_1_444' title='bbox 1915 4203 2238 4247; x_wconf 80' lang='lat' dir='ltr'><strong>asserantur</strong></span> 
     </span>
    </p>
   </div>
   <div class='ocr_carea' id='block_1_62' title="bbox 660 4284 2238 4356">
    <p class='ocr_par' dir='ltr' id='par_1_62' title="bbox 660 4284 2238 4356">
     <span class='ocr_line' id='line_1_62' title="bbox 660 4284 2238 4356; baseline -0.001 -16"><span class='ocrx_word' id='word_1_445' title='bbox 660 4286 903 4341; x_wconf 78' lang='lat' dir='ltr'><strong>Vcrhum</strong></span> <span class='ocrx_word' id='word_1_446' title='bbox 941 4296 1104 4354; x_wconf 77' lang='lat' dir='ltr'><strong>atque</strong></span> <span class='ocrx_word' id='word_1_447' title='bbox 1151 4286 1354 4341; x_wconf 87' lang='lat' dir='ltr'><strong>anima.</strong></span> <span class='ocrx_word' id='word_1_448' title='bbox 1409 4301 1573 4354; x_wconf 84' lang='lat' dir='ltr'><strong>quam</strong></span> <span class='ocrx_word' id='word_1_449' title='bbox 1626 4285 1926 4354; x_wconf 87' lang='lat' dir='ltr'><strong>perfectam</strong></span> <span class='ocrx_word' id='word_1_450' title='bbox 1983 4284 2238 4356; x_wconf 63' lang='lat' dir='ltr'><strong>(naturae)</strong></span> 
     </span>
    </p>
   </div>
   <div class='ocr_carea' id='block_1_63' title="bbox 661 4373 2239 4445">
    <p class='ocr_par' dir='ltr' id='par_1_63' title="bbox 661 4373 2239 4445">
     <span class='ocr_line' id='line_1_63' title="bbox 661 4373 2239 4445; baseline -0.002 -16"><span class='ocrx_word' id='word_1_451' title='bbox 661 4376 906 4445; x_wconf 78' lang='lat' dir='ltr'><strong>suscepit</strong></span> <span class='ocrx_word' id='word_1_452' title='bbox 960 4374 1485 4444; x_wconf 66' lang='lat' dir='ltr'><strong>(huntanml‘BUnius</strong></span> <span class='ocrx_word' id='word_1_453' title='bbox 1534 4383 1718 4427; x_wconf 90' lang='lat' dir='ltr'><strong>autem</strong></span> <span class='ocrx_word' id='word_1_454' title='bbox 1772 4373 2092 4428; x_wconf 65' lang='lat' dir='ltr'><strong>substantia:</strong></span> <span class='ocrx_word' id='word_1_455' title='bbox 2129 4374 2239 4442; x_wconf 67' lang='lat'><strong>(23)</strong></span> 
     </span>
    </p>
   </div>
   <div class='ocr_carea' id='block_1_64' title="bbox 659 4462 2243 4530">
    <p class='ocr_par' dir='ltr' id='par_1_64' title="bbox 659 4462 2243 4530">
     <span class='ocr_line' id='line_1_64' title="bbox 659 4462 2243 4530; baseline -0.001 -12"><span class='ocrx_word' id='word_1_456' title='bbox 659 4475 744 4520; x_wconf 69' lang='lat' dir='ltr'><strong>est</strong></span> <span class='ocrx_word' id='word_1_457' title='bbox 767 4465 1009 4518; x_wconf 86' lang='lat' dir='ltr'><strong>Verbum</strong></span> <span class='ocrx_word' id='word_1_458' title='bbox 1037 4480 1161 4517; x_wconf 78' lang='lat' dir='ltr'><strong>cum</strong></span> <span class='ocrx_word' id='word_1_459' title='bbox 1191 4465 1321 4526; x_wconf 86' lang='lat' dir='ltr'><strong>Deo,</strong></span> <span class='ocrx_word' id='word_1_460' title='bbox 1357 4463 1662 4517; x_wconf 88' lang='lat' dir='ltr'><strong>secundum</strong></span> <span class='ocrx_word' id='word_1_461' title='bbox 1697 4463 1989 4518; x_wconf 80' lang='lat' dir='ltr'><strong>Paternam</strong></span> <span class='ocrx_word' id='word_1_462' title='bbox 2035 4462 2243 4530; x_wconf 85' lang='lat' dir='ltr'><strong>profes-</strong></span> 
     </span>
    </p>
   </div>
   <div class='ocr_carea' id='block_1_65' title="bbox 663 4554 2236 4626">
    <p class='ocr_par' dir='ltr' id='par_1_65' title="bbox 663 4554 2236 4626">
     <span class='ocr_line' id='line_1_65' title="bbox 663 4554 2236 4626; baseline -0.004 -14"><span class='ocrx_word' id='word_1_463' title='bbox 663 4561 893 4621; x_wconf 77' lang='lat' dir='ltr'><strong>sionem,</strong></span> <span class='ocrx_word' id='word_1_464' title='bbox 925 4567 980 4610; x_wconf 90' lang='lat' dir='ltr'><strong>ct</strong></span> <span class='ocrx_word' id='word_1_465' title='bbox 1018 4557 1189 4626; x_wconf 87' lang='lat' dir='ltr'><strong>ipsius</strong></span> <span class='ocrx_word' id='word_1_466' title='bbox 1225 4557 1334 4626; x_wconf 60' lang='grc' dir='ltr'>(ναι)</span> <span class='ocrx_word' id='word_1_467' title='bbox 1365 4555 1579 4609; x_wconf 85' lang='lat' dir='ltr'><strong>Domini</strong></span> <span class='ocrx_word' id='word_1_468' title='bbox 1606 4555 1988 4617; x_wconf 89' lang='lat' dir='ltr'><strong>assertionem,</strong></span> <span class='ocrx_word' id='word_1_469' title='bbox 2025 4554 2116 4623; x_wconf 89' lang='lat' dir='ltr'><strong>qui</strong></span> <span class='ocrx_word' id='word_1_470' title='bbox 2142 4555 2236 4608; x_wconf 89' lang='lat' dir='ltr'><strong>ait:</strong></span> 
     </span>
    </p>
   </div>
   <div class='ocr_carea' id='block_1_66' title="bbox 671 4645 2240 4719">
    <p class='ocr_par' dir='ltr' id='par_1_66' title="bbox 671 4645 2240 4719">
     <span class='ocr_line' id='line_1_66' title="bbox 671 4645 2240 4719; baseline 0 -21"><span class='ocrx_word' id='word_1_471' title='bbox 671 4672 686 4698; x_wconf 73' lang='grc' dir='ltr'><strong>ι</strong></span> <span class='ocrx_word' id='word_1_472' title='bbox 716 4651 827 4719; x_wconf 76' lang='lat' dir='ltr'><strong>Ego</strong></span> <span class='ocrx_word' id='word_1_473' title='bbox 861 4661 918 4703; x_wconf 88' lang='lat' dir='ltr'><strong>ct</strong></span> <span class='ocrx_word' id='word_1_474' title='bbox 943 4649 1102 4701; x_wconf 80' lang='lat' dir='ltr'><strong>Pater</strong></span> <span class='ocrx_word' id='word_1_475' title='bbox 1145 4664 1315 4701; x_wconf 91' lang='lat' dir='ltr'><strong>unum</strong></span> <span class='ocrx_word' id='word_1_476' title='bbox 1365 4662 1557 4700; x_wconf 84' lang='lat' dir='ltr'><strong>smnus</strong></span> <span class='ocrx_word' id='word_1_477' title='bbox 1581 4648 1618 4700; x_wconf 87' lang='grc'><strong>¹.</strong></span> <span class='ocrx_word' id='word_1_478' title='bbox 1649 4665 1666 4697; x_wconf 74' lang='grc' dir='ltr'><strong>ι</strong></span> <span class='ocrx_word' id='word_1_479' title='bbox 1713 4645 1890 4701; x_wconf 88' lang='lat' dir='ltr'><strong>Unius</strong></span> <span class='ocrx_word' id='word_1_480' title='bbox 1919 4661 2052 4716; x_wconf 72' lang='lat' dir='ltr'><strong>ergo</strong></span> <span class='ocrx_word' id='word_1_481' title='bbox 2107 4646 2240 4699; x_wconf 86' lang='lat' dir='ltr'><strong>sub-</strong></span> 
     </span>
    </p>
   </div>
   <div class='ocr_carea' id='block_1_67' title="bbox 665 4737 2246 4810">
    <p class='ocr_par' dir='ltr' id='par_1_67' title="bbox 665 4737 2246 4810">
     <span class='ocr_line' id='line_1_67' title="bbox 665 4737 2246 4810; baseline -0.003 -14"><span class='ocrx_word' id='word_1_482' title='bbox 665 4743 880 4796; x_wconf 70' lang='lat' dir='ltr'><strong>stantiae</strong></span> <span class='ocrx_word' id='word_1_483' title='bbox 911 4741 1074 4796; x_wconf 86' lang='lat' dir='ltr'><strong>Pater</strong></span> <span class='ocrx_word' id='word_1_484' title='bbox 1097 4756 1220 4794; x_wconf 86' lang='lat' dir='ltr'><strong>cum</strong></span> <span class='ocrx_word' id='word_1_485' title='bbox 1252 4737 1517 4810; x_wconf 83' lang='lat' dir='ltr'><strong>(terreno)</strong></span> <span class='ocrx_word' id='word_1_486' title='bbox 1534 4753 1765 4807; x_wconf 89' lang='lat' dir='ltr'><strong>corpore</strong></span> <span class='ocrx_word' id='word_1_487' title='bbox 1801 4738 2151 4806; x_wconf 70' lang='lat' dir='ltr'><strong>prmdicatur.</strong></span> <span class='ocrx_word' id='word_1_488' title='bbox 2179 4739 2246 4791; x_wconf 86' lang='lat' dir='ltr'><strong>Et</strong></span> 
     </span>
    </p>
   </div>
   <div class='ocr_carea' id='block_1_68' title="bbox 665 4829 2246 4902">
    <p class='ocr_par' dir='ltr' id='par_1_68' title="bbox 665 4829 2246 4902">
     <span class='ocr_line' id='line_1_68' title="bbox 665 4829 2246 4902; baseline -0.003 -14"><span class='ocrx_word' id='word_1_489' title='bbox 665 4835 846 4888; x_wconf 78' lang='lat' dir='ltr'><strong>adhuc</strong></span> <span class='ocrx_word' id='word_1_490' title='bbox 871 4831 1234 4902; x_wconf 78' lang='lat' dir='ltr'><strong>indignamini</strong></span> <span class='ocrx_word' id='word_1_491' title='bbox 1257 4831 1498 4895; x_wconf 74' lang='lat' dir='ltr'><strong>Arianis,</strong></span> <span class='ocrx_word' id='word_1_492' title='bbox 1539 4831 1670 4900; x_wconf 90' lang='lat' dir='ltr'><strong>quia</strong></span> <span class='ocrx_word' id='word_1_493' title='bbox 1701 4829 1756 4882; x_wconf 88' lang='lat' dir='ltr'><strong>hi</strong></span> <span class='ocrx_word' id='word_1_494' title='bbox 1808 4829 2001 4884; x_wconf 86' lang='lat' dir='ltr'><strong>dicunt</strong></span> <span class='ocrx_word' id='word_1_495' title='bbox 2047 4829 2246 4884; x_wconf 86' lang='lat' dir='ltr'><strong>Filium</strong></span> 
     </span>
    </p>
   </div>
   <div class='ocr_carea' id='block_1_69' title="bbox 666 4921 2254 4990">
    <p class='ocr_par' dir='ltr' id='par_1_69' title="bbox 666 4921 2254 4990">
     <span class='ocr_line' id='line_1_69' title="bbox 666 4921 2254 4990; baseline -0.003 -9"><span class='ocrx_word' id='word_1_496' title='bbox 666 4927 763 4981; x_wconf 84' lang='lat' dir='ltr'><strong>Dei</strong></span> <span class='ocrx_word' id='word_1_497' title='bbox 791 4933 1101 4980; x_wconf 87' lang='lat' dir='ltr'><strong>creaturam</strong></span> <span class='ocrx_word' id='word_1_498' title='bbox 1131 4939 1273 4987; x_wconf 87' lang='lat' dir='ltr'><strong>esse,</strong></span> <span class='ocrx_word' id='word_1_499' title='bbox 1304 4938 1429 4976; x_wconf 89' lang='lat' dir='ltr'><strong>cum</strong></span> <span class='ocrx_word' id='word_1_500' title='bbox 1477 4922 1579 4990; x_wconf 88' lang='lat' dir='ltr'><strong>ipsi</strong></span> <span class='ocrx_word' id='word_1_501' title='bbox 1611 4921 1810 4976; x_wconf 89' lang='lat' dir='ltr'><strong>dicatis</strong></span> <span class='ocrx_word' id='word_1_502' title='bbox 1843 4921 2060 4976; x_wconf 85' lang='lat' dir='ltr'><strong>Patrem</strong></span> <span class='ocrx_word' id='word_1_503' title='bbox 2087 4921 2254 4976; x_wconf 85' lang='lat' dir='ltr'><strong>unius</strong></span> 
     </span>
    </p>
   </div>
   <div class='ocr_carea' id='block_1_70' title="bbox 733 5075 1848 5139">
    <p class='ocr_par' dir='ltr' id='par_1_70' title="bbox 733 5075 1848 5139">
     <span class='ocr_line' id='line_1_70' title="bbox 733 5075 1848 5139; baseline 0.013 -27"><span class='ocrx_word' id='word_1_504' title='bbox 733 5082 853 5112; x_wconf 69' lang='lat'><strong>95.96</strong></span> <span class='ocrx_word' id='word_1_505' title='bbox 880 5079 1012 5133; x_wconf 70' lang='lat' dir='ltr'><strong>Lup,</strong></span> <span class='ocrx_word' id='word_1_506' title='bbox 1050 5097 1191 5139; x_wconf 70' lang='lat' dir='ltr'><strong>xxtv,</strong></span> <span class='ocrx_word' id='word_1_507' title='bbox 1221 5080 1308 5131; x_wconf 61' lang='grc' dir='ltr'><strong>δῖ).</strong></span> <span class='ocrx_word' id='word_1_508' title='bbox 1384 5080 1426 5107; x_wconf 67' lang='grc'><strong>⁹⁷</strong></span> <span class='ocrx_word' id='word_1_509' title='bbox 1454 5077 1607 5129; x_wconf 79' lang='lat' dir='ltr'><strong>.lnau.</strong></span> <span class='ocrx_word' id='word_1_510' title='bbox 1646 5091 1730 5138; x_wconf 65' lang='lat' dir='ltr'><strong>XX,</strong></span> <span class='ocrx_word' id='word_1_511' title='bbox 1758 5075 1848 5128; x_wconf 66' lang='lat'><strong>‘27.</strong></span> 
     </span>
    </p>
   </div>
   <div class='ocr_carea' id='block_1_71' title="bbox 665 5147 1508 5214">
    <p class='ocr_par' dir='ltr' id='par_1_71' title="bbox 665 5147 1508 5214">
     <span class='ocr_line' id='line_1_71' title="bbox 665 5147 1508 5214; baseline -0.002 -13"><span class='ocrx_word' id='word_1_512' title='bbox 665 5168 856 5214; x_wconf 77' lang='lat' dir='ltr'><strong>cram.,</strong></span> <span class='ocrx_word' id='word_1_513' title='bbox 887 5167 934 5204; x_wconf 74' lang='grc' dir='ltr'><strong>ρ.</strong></span> <span class='ocrx_word' id='word_1_514' title='bbox 972 5153 1023 5204; x_wconf 80' lang='lat'><strong>6.</strong></span> <span class='ocrx_word' id='word_1_515' title='bbox 1104 5150 1304 5204; x_wconf 77' lang='lat' dir='ltr'><strong>‘Joan.</strong></span> <span class='ocrx_word' id='word_1_516' title='bbox 1344 5165 1396 5208; x_wconf 67' lang='grc' dir='ltr'><strong>ιι,</strong></span> <span class='ocrx_word' id='word_1_517' title='bbox 1421 5147 1508 5200; x_wconf 82' lang='grc'><strong>50.</strong></span> 
     </span>
    </p>
   </div>
   <div class='ocr_carea' id='block_1_72' title="bbox 740 5261 2244 5333">
    <p class='ocr_par' dir='ltr' id='par_1_72' title="bbox 740 5261 2244 5333">
     <span class='ocr_line' id='line_1_72' title="bbox 740 5261 2244 5333; baseline -0.002 -16"><span class='ocrx_word' id='word_1_518' title='bbox 740 5263 851 5333; x_wconf 74' lang='lat' dir='ltr'><strong>(&#39;Zl)</strong></span> <span class='ocrx_word' id='word_1_519' title='bbox 889 5265 1140 5316; x_wconf 77' lang='lat' dir='ltr'><strong>omnium.</strong></span> <span class='ocrx_word' id='word_1_520' title='bbox 1188 5263 1353 5316; x_wconf 87' lang='lat' dir='ltr'><strong>Sirm.</strong></span> <span class='ocrx_word' id='word_1_521' title='bbox 1388 5263 1550 5333; x_wconf 76' lang='lat' dir='ltr'><strong>onmi.</strong></span> <span class='ocrx_word' id='word_1_522' title='bbox 1593 5263 1699 5316; x_wconf 76' lang='lat' dir='ltr'><strong>Sed</strong></span> <span class='ocrx_word' id='word_1_523' title='bbox 1739 5263 2024 5332; x_wconf 82' lang='lat' dir='ltr'><strong>sequimur</strong></span> <span class='ocrx_word' id='word_1_524' title='bbox 2051 5261 2244 5333; x_wconf 81' lang='lat' dir='ltr'><strong>lectio-</strong></span> 
     </span>
    </p>
   </div>
   <div class='ocr_carea' id='block_1_73' title="bbox 668 5331 2245 5402">
    <p class='ocr_par' dir='ltr' id='par_1_73' title="bbox 668 5331 2245 5402">
     <span class='ocr_line' id='line_1_73' title="bbox 668 5331 2245 5402; baseline -0.003 -14"><span class='ocrx_word' id='word_1_525' title='bbox 668 5331 816 5395; x_wconf 80' lang='lat' dir='ltr'><strong>nem,</strong></span> <span class='ocrx_word' id='word_1_526' title='bbox 846 5350 1006 5402; x_wconf 82' lang='lat' dir='ltr'><strong>quam</strong></span> <span class='ocrx_word' id='word_1_527' title='bbox 1029 5334 1268 5387; x_wconf 82' lang='lat' dir='ltr'><strong>editores</strong></span> <span class='ocrx_word' id='word_1_528' title='bbox 1309 5332 1672 5396; x_wconf 80' lang='lat' dir='ltr'><strong>Bencdietini,</strong></span> <span class='ocrx_word' id='word_1_529' title='bbox 1711 5343 1750 5386; x_wconf 89' lang='lat' dir='ltr'><strong>t.</strong></span> <span class='ocrx_word' id='word_1_530' title='bbox 1792 5333 1857 5394; x_wconf 82' lang='lat' dir='ltr'><strong>ll,</strong></span> <span class='ocrx_word' id='word_1_531' title='bbox 1893 5349 1946 5401; x_wconf 89' lang='lat' dir='ltr'><strong>p.</strong></span> <span class='ocrx_word' id='word_1_532' title='bbox 1975 5331 2097 5395; x_wconf 80' lang='lat'><strong>716,</strong></span> <span class='ocrx_word' id='word_1_533' title='bbox 2128 5333 2245 5400; x_wconf 88' lang='lat' dir='ltr'><strong>plu-</strong></span> 
     </span>
    </p>
   </div>
   <div class='ocr_carea' id='block_1_74' title="bbox 670 5403 2242 5473">
    <p class='ocr_par' dir='ltr' id='par_1_74' title="bbox 670 5403 2242 5473">
     <span class='ocr_line' id='line_1_74' title="bbox 670 5403 2242 5473; baseline 0 -18"><span class='ocrx_word' id='word_1_534' title='bbox 670 5421 930 5457; x_wconf 71' lang='lat' dir='ltr'><strong>mnoruni</strong></span> <span class='ocrx_word' id='word_1_535' title='bbox 959 5420 1089 5457; x_wconf 77' lang='lat' dir='ltr'><strong>msc.</strong></span> <span class='ocrx_word' id='word_1_536' title='bbox 1119 5403 1375 5473; x_wconf 67' lang='lat' dir='ltr'><strong>suffragio</strong></span> <span class='ocrx_word' id='word_1_537' title='bbox 1396 5404 1574 5455; x_wconf 75' lang='lat' dir='ltr'><strong>ornari</strong></span> <span class='ocrx_word' id='word_1_538' title='bbox 1605 5412 1894 5466; x_wconf 72' lang='lat' dir='ltr'><strong>testantur,</strong></span> <span class='ocrx_word' id='word_1_539' title='bbox 1926 5418 2047 5471; x_wconf 73' lang='lat' dir='ltr'><strong>qua:</strong></span> <span class='ocrx_word' id='word_1_540' title='bbox 2079 5404 2242 5455; x_wconf 85' lang='lat' dir='ltr'><strong>ctiam</strong></span> 
     </span>
    </p>
   </div>
   <div class='ocr_carea' id='block_1_75' title="bbox 671 5474 1642 5543">
    <p class='ocr_par' dir='ltr' id='par_1_75' title="bbox 671 5474 1642 5543">
     <span class='ocr_line' id='line_1_75' title="bbox 671 5474 1642 5543; baseline 0.003 -19"><span class='ocrx_word' id='word_1_541' title='bbox 671 5476 840 5528; x_wconf 78' lang='lat' dir='ltr'><strong>textui</strong></span> <span class='ocrx_word' id='word_1_542' title='bbox 877 5474 1060 5528; x_wconf 68' lang='lat' dir='ltr'><strong>Graeco</strong></span> <span class='ocrx_word' id='word_1_543' title='bbox 1096 5476 1295 5543; x_wconf 73' lang='lat' dir='ltr'><strong>optime</strong></span> <span class='ocrx_word' id='word_1_544' title='bbox 1332 5475 1642 5543; x_wconf 74' lang='lat' dir='ltr'><strong>respondet.</strong></span> 
     </span>
    </p>
   </div>
   <div class='ocr_carea' id='block_1_76' title="bbox 744 5542 2245 5612">
    <p class='ocr_par' dir='ltr' id='par_1_76' title="bbox 744 5542 2245 5612">
     <span class='ocr_line' id='line_1_76' title="bbox 744 5542 2245 5612; baseline 0 -16"><span class='ocrx_word' id='word_1_545' title='bbox 744 5545 852 5612; x_wconf 58' lang='lat'><strong>(22‘;</strong></span> <span class='ocrx_word' id='word_1_546' title='bbox 880 5563 974 5597; x_wconf 70' lang='lat' dir='ltr'><strong>cur</strong></span> <span class='ocrx_word' id='word_1_547' title='bbox 1013 5542 1453 5597; x_wconf 41' lang='lat' dir='ltr'><strong>&quot;(MF-Verbum.</strong></span> <span class='ocrx_word' id='word_1_548' title='bbox 1509 5544 1771 5598; x_wconf 80' lang='lat' dir='ltr'><strong>Bencd.l.</strong></span> <span class='ocrx_word' id='word_1_549' title='bbox 1817 5559 1865 5597; x_wconf 90' lang='lat' dir='ltr'><strong>c.</strong></span> <span class='ocrx_word' id='word_1_550' title='bbox 1897 5561 1908 5594; x_wconf 88' lang='lat'>:</span> <span class='ocrx_word' id='word_1_551' title='bbox 1938 5557 2035 5609; x_wconf 84' lang='lat' dir='ltr'><strong>cur</strong></span> <span class='ocrx_word' id='word_1_552' title='bbox 2082 5542 2245 5597; x_wconf 86' lang='lat' dir='ltr'><strong>unius</strong></span> 
     </span>
    </p>
   </div>
   <div class='ocr_carea' id='block_1_77' title="bbox 670 5615 1582 5670">
    <p class='ocr_par' dir='ltr' id='par_1_77' title="bbox 670 5615 1582 5670">
     <span class='ocr_line' id='line_1_77' title="bbox 670 5615 1582 5670; baseline -0.001 -3"><span class='ocrx_word' id='word_1_553' title='bbox 670 5615 987 5670; x_wconf 71' lang='lat' dir='ltr'><strong>substantiae</strong></span> <span class='ocrx_word' id='word_1_554' title='bbox 1023 5627 1296 5670; x_wconf 70' lang='lat' dir='ltr'><strong>asscrazur</strong></span> <span class='ocrx_word' id='word_1_555' title='bbox 1319 5615 1582 5669; x_wconf 71' lang='lat' dir='ltr'><strong>Verbum.</strong></span> 
     </span>
    </p>
   </div>
   <div class='ocr_carea' id='block_1_78' title="bbox 750 5683 2243 5754">
    <p class='ocr_par' dir='ltr' id='par_1_78' title="bbox 750 5683 2243 5754">
     <span class='ocr_line' id='line_1_78' title="bbox 750 5683 2243 5754; baseline -0.001 -16"><span class='ocrx_word' id='word_1_556' title='bbox 750 5686 858 5754; x_wconf 72' lang='lat'><strong>{25)</strong></span> <span class='ocrx_word' id='word_1_557' title='bbox 895 5687 1215 5740; x_wconf 60' lang='lat' dir='ltr'><strong>summatim.</strong></span> <span class='ocrx_word' id='word_1_558' title='bbox 1249 5687 1458 5738; x_wconf 76' lang='lat' dir='ltr'><strong>Mallem</strong></span> <span class='ocrx_word' id='word_1_559' title='bbox 1487 5695 1710 5746; x_wconf 68' lang='lat' dir='ltr'><strong>nctum‘,</strong></span> <span class='ocrx_word' id='word_1_560' title='bbox 1742 5684 1843 5737; x_wconf 76' lang='lat' dir='ltr'><strong>nisi</strong></span> <span class='ocrx_word' id='word_1_561' title='bbox 1875 5683 2075 5738; x_wconf 73' lang='lat' dir='ltr'><strong>Bened.</strong></span> <span class='ocrx_word' id='word_1_562' title='bbox 2114 5699 2243 5736; x_wconf 76' lang='lat' dir='ltr'><strong>mn-</strong></span> 
     </span>
    </p>
   </div>
   <div class='ocr_carea' id='block_1_79' title="bbox 674 5755 1942 5828">
    <p class='ocr_par' dir='ltr' id='par_1_79' title="bbox 674 5755 1942 5828">
     <span class='ocr_line' id='line_1_79' title="bbox 674 5755 1942 5828; baseline -0.002 -18"><span class='ocrx_word' id='word_1_563' title='bbox 674 5757 931 5812; x_wconf 66' lang='lat' dir='ltr'><strong>srn&#39;iren‘</strong></span> <span class='ocrx_word' id='word_1_564' title='bbox 972 5757 1024 5810; x_wconf 72' lang='lat' dir='ltr'><strong>in</strong></span> <span class='ocrx_word' id='word_1_565' title='bbox 1052 5758 1282 5810; x_wconf 65' lang='grc' dir='ltr'>ὶρωιοῐιτ*</span> <span class='ocrx_word' id='word_1_566' title='bbox 1319 5771 1482 5828; x_wconf 79' lang='lat' dir='ltr'><strong>quam</strong></span> <span class='ocrx_word' id='word_1_567' title='bbox 1510 5765 1689 5808; x_wconf 60' lang='lat' dir='ltr'><strong>textus</strong></span> <span class='ocrx_word' id='word_1_568' title='bbox 1721 5755 1942 5808; x_wconf 71' lang='lat' dir='ltr'><strong>cxhil‘n‘t</strong></span> 
     </span>
    </p>
   </div>
   <div class='ocr_carea' id='block_1_80' title="bbox 1927 5074 3245 5146">
    <p class='ocr_par' dir='ltr' id='par_1_80' title="bbox 1927 5074 3245 5146">
     <span class='ocr_line' id='line_1_80' title="bbox 1927 5074 3245 5146; baseline 0.001 -17"><span class='ocrx_word' id='word_1_569' title='bbox 1927 5074 1973 5106; x_wconf 75' lang='grc'><strong>⁸⁸</strong></span> <span class='ocrx_word' id='word_1_570' title='bbox 2012 5076 2144 5130; x_wconf 87' lang='lat' dir='ltr'><strong>Luc.</strong></span> <span class='ocrx_word' id='word_1_571' title='bbox 2186 5093 2329 5141; x_wconf 69' lang='lat' dir='ltr'><strong>xxxv,</strong></span> <span class='ocrx_word' id='word_1_572' title='bbox 2357 5077 2417 5129; x_wconf 73' lang='grc'><strong>41</strong></span> <span class='ocrx_word' id='word_1_573' title='bbox 2453 5092 2628 5145; x_wconf 85' lang='lat' dir='ltr'><strong>seqq.;</strong></span> <span class='ocrx_word' id='word_1_574' title='bbox 2665 5077 2821 5130; x_wconf 88' lang='lat' dir='ltr'><strong>Joan.</strong></span> <span class='ocrx_word' id='word_1_575' title='bbox 2853 5093 2961 5140; x_wconf 65' lang='lat' dir='ltr'><strong>mu,</strong></span> <span class='ocrx_word' id='word_1_576' title='bbox 3002 5077 3066 5130; x_wconf 72' lang='lat'><strong>{‘2</strong></span> <span class='ocrx_word' id='word_1_577' title='bbox 3091 5092 3245 5146; x_wconf 82' lang='lat' dir='ltr'><strong>seqq.</strong></span> 
     </span>
    </p>
   </div>
   <div class='ocr_carea' id='block_1_81' title="bbox 2324 1909 3913 1982">
    <p class='ocr_par' dir='ltr' id='par_1_81' title="bbox 2324 1909 3913 1982">
     <span class='ocr_line' id='line_1_81' title="bbox 2324 1909 3913 1982; baseline -0.003 -16"><span class='ocrx_word' id='word_1_578' title='bbox 2324 1915 2424 1966; x_wconf 76' lang='grc' dir='ltr'>οὐκ</span> <span class='ocrx_word' id='word_1_579' title='bbox 2474 1914 2783 1979; x_wconf 84' lang='grc' dir='ltr'>ἀλλοίωσιν,</span> <span class='ocrx_word' id='word_1_580' title='bbox 2835 1915 2948 1966; x_wconf 82' lang='grc' dir='ltr'>ἀλλ’</span> <span class='ocrx_word' id='word_1_581' title='bbox 3004 1914 3202 1966; x_wconf 69' lang='grc' dir='ltr'>ἕνωσιν</span> <span class='ocrx_word' id='word_1_582' title='bbox 3249 1911 3628 1982; x_wconf 74' lang='grc' dir='ltr'>γεγενημένην</span> <span class='ocrx_word' id='word_1_583' title='bbox 3679 1909 3913 1972; x_wconf 62' lang='grc' dir='ltr'>ἀπίδοις.</span> 
     </span>
    </p>
   </div>
   <div class='ocr_carea' id='block_1_82' title="bbox 2324 2000 3918 2072">
    <p class='ocr_par' dir='ltr' id='par_1_82' title="bbox 2324 2000 3918 2072">
     <span class='ocr_line' id='line_1_82' title="bbox 2324 2000 3918 2072; baseline -0.001 -18"><span class='ocrx_word' id='word_1_584' title='bbox 2324 2004 2423 2054; x_wconf 68' lang='grc' dir='ltr'>Διά</span> <span class='ocrx_word' id='word_1_585' title='bbox 2453 2002 2610 2054; x_wconf 79' lang='grc' dir='ltr'>τοῦτο</span> <span class='ocrx_word' id='word_1_586' title='bbox 2636 2004 2727 2054; x_wconf 71' lang='grc' dir='ltr'><strong>καὶ</strong></span> <span class='ocrx_word' id='word_1_587' title='bbox 2756 2005 2880 2065; x_wconf 62' lang='grc' dir='ltr'>τοῦς</span> <span class='ocrx_word' id='word_1_588' title='bbox 2903 2001 3108 2064; x_wconf 80' lang='grc' dir='ltr'><strong>τύπους</strong></span> <span class='ocrx_word' id='word_1_589' title='bbox 3139 2002 3246 2054; x_wconf 82' lang='grc' dir='ltr'>τῶν</span> <span class='ocrx_word' id='word_1_590' title='bbox 3269 2002 3434 2072; x_wconf 71' lang='grc' dir='ltr'>ἥλων,</span> <span class='ocrx_word' id='word_1_591' title='bbox 3466 2001 3561 2054; x_wconf 69' lang='grc' dir='ltr'><strong>καὶ</strong></span> <span class='ocrx_word' id='word_1_592' title='bbox 3584 2001 3684 2070; x_wconf 70' lang='grc' dir='ltr'>τῆς</span> <span class='ocrx_word' id='word_1_593' title='bbox 3708 2000 3918 2070; x_wconf 73' lang='grc' dir='ltr'>λόγχης</span> 
     </span>
    </p>
   </div>
   <div class='ocr_carea' id='block_1_83' title="bbox 2323 2075 3917 2167">
    <p class='ocr_par' dir='ltr' id='par_1_83' title="bbox 2323 2091 3917 2167">
     <span class='ocr_line' id='line_1_83' title="bbox 2323 2091 3917 2167; baseline -0.003 -20"><span class='ocrx_word' id='word_1_594' title='bbox 2323 2096 2600 2167; x_wconf 80' lang='grc' dir='ltr'>τὴν-νύξιν</span> <span class='ocrx_word' id='word_1_595' title='bbox 2632 2095 2895 2160; x_wconf 77' lang='grc' dir='ltr'>ἐπέδειξε,</span> <span class='ocrx_word' id='word_1_596' title='bbox 2931 2096 3025 2147; x_wconf 77' lang='grc' dir='ltr'><strong>καὶ</strong></span> <span class='ocrx_word' id='word_1_597' title='bbox 3053 2094 3362 2164; x_wconf 76' lang='grc' dir='ltr'>ἔμπροσθεν</span> <span class='ocrx_word' id='word_1_598' title='bbox 3393 2091 3650 2162; x_wconf 75' lang='grc' dir='ltr'>μαθητῶν</span> <span class='ocrx_word' id='word_1_599' title='bbox 3680 2091 3917 2158; x_wconf 68' lang='grc' dir='ltr'>ἔφαγεν,</span> 
     </span>
    </p>
   </div>
   <div class='ocr_carea' id='block_1_84' title="bbox 2325 2180 3923 2256">
    <p class='ocr_par' dir='ltr' id='par_1_84' title="bbox 2325 2180 3923 2256">
     <span class='ocr_line' id='line_1_84' title="bbox 2325 2180 3923 2256; baseline -0.006 -15"><span class='ocrx_word' id='word_1_600' title='bbox 2325 2189 2412 2241; x_wconf 84' lang='grc' dir='ltr'>ἵνα</span> <span class='ocrx_word' id='word_1_601' title='bbox 2447 2184 2536 2240; x_wconf 85' lang='grc' dir='ltr'>διὰ</span> <span class='ocrx_word' id='word_1_602' title='bbox 2559 2188 2776 2240; x_wconf 85' lang='grc' dir='ltr'>πάντων</span> <span class='ocrx_word' id='word_1_603' title='bbox 2807 2187 2904 2256; x_wconf 78' lang='grc' dir='ltr'>τὴν</span> <span class='ocrx_word' id='word_1_604' title='bbox 2928 2188 3226 2240; x_wconf 77' lang='grc' dir='ltr'>ἀνάστασιν</span> <span class='ocrx_word' id='word_1_605' title='bbox 3253 2185 3355 2254; x_wconf 74' lang='grc' dir='ltr'><strong>τῆς</strong></span> <span class='ocrx_word' id='word_1_606' title='bbox 3382 2184 3657 2255; x_wconf 77' lang='grc' dir='ltr'>ἡμετέρας</span> <span class='ocrx_word' id='word_1_607' title='bbox 3697 2180 3923 2248; x_wconf 79' lang='grc' dir='ltr'>φύσεως</span> 
     </span>
    </p>
   </div>
   <div class='ocr_carea' id='block_1_85' title="bbox 2327 2269 3922 2346">
    <p class='ocr_par' dir='ltr' id='par_1_85' title="bbox 2327 2269 3922 2346">
     <span class='ocr_line' id='line_1_85' title="bbox 2327 2269 3922 2346; baseline -0.007 -15"><span class='ocrx_word' id='word_1_608' title='bbox 2327 2281 2384 2332; x_wconf 78' lang='grc' dir='ltr'><strong>ἐν</strong></span> <span class='ocrx_word' id='word_1_609' title='bbox 2410 2277 2557 2346; x_wconf 80' lang='grc' dir='ltr'>αὐτῷ</span> <span class='ocrx_word' id='word_1_610' title='bbox 2603 2276 3000 2330; x_wconf 82' lang='grc' dir='ltr'>ἀνανεωθεῖσαν</span> <span class='ocrx_word' id='word_1_611' title='bbox 3043 2273 3384 2343; x_wconf 81' lang='grc' dir='ltr'>πιστώσηται</span> <span class='ocrx_word' id='word_1_612' title='bbox 3417 2271 3632 2334; x_wconf 68' lang='grc' dir='ltr'>αὐτούς.</span> <span class='ocrx_word' id='word_1_613' title='bbox 3676 2269 3789 2323; x_wconf 75' lang='grc' dir='ltr'><strong>Καὶ</strong></span> <span class='ocrx_word' id='word_1_614' title='bbox 3840 2270 3922 2321; x_wconf 80' lang='grc' dir='ltr'>ὅτι</span> 
     </span>
    </p>
   </div>
   <div class='ocr_carea' id='block_1_86' title="bbox 2328 2364 3921 2440">
    <p class='ocr_par' dir='ltr' id='par_1_86' title="bbox 2328 2364 3921 2440">
     <span class='ocr_line' id='line_1_86' title="bbox 2328 2364 3921 2440; baseline -0.004 -18"><span class='ocrx_word' id='word_1_615' title='bbox 2328 2370 2468 2422; x_wconf 77' lang='grc' dir='ltr'>κατὰ</span> <span class='ocrx_word' id='word_1_616' title='bbox 2501 2369 2599 2439; x_wconf 83' lang='grc' dir='ltr'><strong>τὴν</strong></span> <span class='ocrx_word' id='word_1_617' title='bbox 2637 2370 2920 2440; x_wconf 76' lang='grc' dir='ltr'>μακαρίαν</span> <span class='ocrx_word' id='word_1_618' title='bbox 2959 2368 3059 2436; x_wconf 77' lang='grc' dir='ltr'>τῆς</span> <span class='ocrx_word' id='word_1_619' title='bbox 3094 2367 3349 2436; x_wconf 82' lang='grc' dir='ltr'>θεότητος</span> <span class='ocrx_word' id='word_1_620' title='bbox 3383 2364 3574 2418; x_wconf 72' lang='grc' dir='ltr'>οὐσίαν</span> <span class='ocrx_word' id='word_1_621' title='bbox 3608 2364 3921 2433; x_wconf 76' lang='grc' dir='ltr'>ἄτρεπτος.</span> 
     </span>
    </p>
   </div>
   <div class='ocr_carea' id='block_1_87' title="bbox 2328 2451 3924 2528">
    <p class='ocr_par' dir='ltr' id='par_1_87' title="bbox 2328 2451 3924 2528">
     <span class='ocr_line' id='line_1_87' title="bbox 2328 2451 3924 2528; baseline -0.006 -14"><span class='ocrx_word' id='word_1_622' title='bbox 2328 2462 2687 2522; x_wconf 77' lang='grc' dir='ltr'>ἀναλλοίωτος</span> <span class='ocrx_word' id='word_1_623' title='bbox 2708 2501 2722 2523; x_wconf 97' lang='grc'><strong>,</strong></span> <span class='ocrx_word' id='word_1_624' title='bbox 2749 2451 2989 2528; x_wconf 70' lang='grc' dir='ltr'>ἀπαθὴς,</span> <span class='ocrx_word' id='word_1_625' title='bbox 3028 2459 3320 2521; x_wconf 85' lang='grc' dir='ltr'>ἀθάνατος,</span> <span class='ocrx_word' id='word_1_626' title='bbox 3350 2455 3603 2525; x_wconf 74' lang='grc' dir='ltr'>ἀνενδεὴς</span> <span class='ocrx_word' id='word_1_627' title='bbox 3631 2452 3924 2513; x_wconf 77' lang='grc' dir='ltr'>διατελῶν,</span> 
     </span>
    </p>
   </div>
   <div class='ocr_carea' id='block_1_88' title="bbox 2329 2544 3926 2619">
    <p class='ocr_par' dir='ltr' id='par_1_88' title="bbox 2329 2544 3926 2619">
     <span class='ocr_line' id='line_1_88' title="bbox 2329 2544 3926 2619; baseline -0.005 -15"><span class='ocrx_word' id='word_1_628' title='bbox 2329 2549 2507 2605; x_wconf 80' lang='grc' dir='ltr'>πάντα</span> <span class='ocrx_word' id='word_1_629' title='bbox 2543 2550 2610 2602; x_wconf 75' lang='grc' dir='ltr'>τὰ</span> <span class='ocrx_word' id='word_1_630' title='bbox 2647 2550 2794 2619; x_wconf 84' lang='grc' dir='ltr'>πάθη</span> <span class='ocrx_word' id='word_1_631' title='bbox 2841 2550 2991 2602; x_wconf 81' lang='grc' dir='ltr'>εἴασε</span> <span class='ocrx_word' id='word_1_632' title='bbox 3032 2549 3175 2601; x_wconf 82' lang='grc' dir='ltr'><strong>κατὰ</strong></span> <span class='ocrx_word' id='word_1_633' title='bbox 3224 2547 3578 2617; x_wconf 80' lang='grc' dir='ltr'>συγχώρησιν</span> <span class='ocrx_word' id='word_1_634' title='bbox 3609 2544 3684 2614; x_wconf 82' lang='grc' dir='ltr'>τῷ</span> <span class='ocrx_word' id='word_1_635' title='bbox 3727 2545 3926 2614; x_wconf 79' lang='grc' dir='ltr'>οἰκείῳ</span> 
     </span>
    </p>
   </div>
   <div class='ocr_carea' id='block_1_89' title="bbox 2328 2637 3926 2714">
    <p class='ocr_par' dir='ltr' id='par_1_89' title="bbox 2328 2637 3926 2714">
     <span class='ocr_line' id='line_1_89' title="bbox 2328 2637 3926 2714; baseline -0.004 -17"><span class='ocrx_word' id='word_1_636' title='bbox 2328 2644 2685 2714; x_wconf 78' lang='grc' dir='ltr'>ἐπενεχθῆναι</span> <span class='ocrx_word' id='word_1_637' title='bbox 2742 2641 2896 2711; x_wconf 82' lang='grc' dir='ltr'>ναῷ,</span> <span class='ocrx_word' id='word_1_638' title='bbox 2932 2642 3028 2694; x_wconf 68' lang='grc' dir='ltr'><strong>καὶ</strong></span> <span class='ocrx_word' id='word_1_639' title='bbox 3069 2641 3258 2693; x_wconf 86' lang='grc' dir='ltr'>τοῦτον</span> <span class='ocrx_word' id='word_1_640' title='bbox 3308 2643 3375 2710; x_wconf 77' lang='grc' dir='ltr'>τῇ</span> <span class='ocrx_word' id='word_1_641' title='bbox 3425 2639 3603 2709; x_wconf 80' lang='grc' dir='ltr'>οἰκείᾳ</span> <span class='ocrx_word' id='word_1_642' title='bbox 3647 2637 3926 2708; x_wconf 78' lang='grc' dir='ltr'>ἀνέστησε</span> 
     </span>
    </p>
   </div>
   <div class='ocr_carea' id='block_1_90' title="bbox 2328 2729 3929 2802">
    <p class='ocr_par' dir='ltr' id='par_1_90' title="bbox 2328 2729 3929 2802">
     <span class='ocr_line' id='line_1_90' title="bbox 2328 2729 3929 2802; baseline -0.003 -16"><span class='ocrx_word' id='word_1_643' title='bbox 2328 2734 2580 2802; x_wconf 78' lang='grc' dir='ltr'>δυνάμει,</span> <span class='ocrx_word' id='word_1_644' title='bbox 2610 2731 2700 2784; x_wconf 86' lang='grc' dir='ltr'><strong>διά</strong></span> <span class='ocrx_word' id='word_1_645' title='bbox 2739 2749 2797 2782; x_wconf 91' lang='grc' dir='ltr'><strong>τε</strong></span> <span class='ocrx_word' id='word_1_646' title='bbox 2838 2731 2931 2783; x_wconf 83' lang='grc' dir='ltr'><strong>τοῦ</strong></span> <span class='ocrx_word' id='word_1_647' title='bbox 2973 2731 3177 2783; x_wconf 86' lang='grc' dir='ltr'>οίκείου</span> <span class='ocrx_word' id='word_1_648' title='bbox 3227 2729 3356 2783; x_wconf 88' lang='grc' dir='ltr'>ναοῦ</span> <span class='ocrx_word' id='word_1_649' title='bbox 3401 2730 3618 2782; x_wconf 85' lang='grc' dir='ltr'>τελείαν</span> <span class='ocrx_word' id='word_1_650' title='bbox 3653 2729 3754 2800; x_wconf 85' lang='grc' dir='ltr'>τὴν</span> <span class='ocrx_word' id='word_1_651' title='bbox 3788 2730 3929 2782; x_wconf 76' lang='grc' dir='ltr'>ἀνα-</span> 
     </span>
    </p>
   </div>
   <div class='ocr_carea' id='block_1_91' title="bbox 2330 2819 3925 2894">
    <p class='ocr_par' dir='ltr' id='par_1_91' title="bbox 2330 2819 3925 2894">
     <span class='ocr_line' id='line_1_91' title="bbox 2330 2819 3925 2894; baseline -0.003 -15"><span class='ocrx_word' id='word_1_652' title='bbox 2330 2827 2521 2880; x_wconf 81' lang='grc' dir='ltr'>νέωσιν</span> <span class='ocrx_word' id='word_1_653' title='bbox 2543 2825 2642 2894; x_wconf 81' lang='grc' dir='ltr'><strong>τῆς</strong></span> <span class='ocrx_word' id='word_1_654' title='bbox 2663 2823 2940 2894; x_wconf 78' lang='grc' dir='ltr'>ἡμετέρας</span> <span class='ocrx_word' id='word_1_655' title='bbox 2963 2822 3323 2891; x_wconf 73' lang='grc' dir='ltr'>ἐξειργάσατο</span> <span class='ocrx_word' id='word_1_656' title='bbox 3359 2821 3595 2889; x_wconf 78' lang='grc' dir='ltr'>φύσεως.</span> <span class='ocrx_word' id='word_1_657' title='bbox 3633 2821 3767 2882; x_wconf 73' lang='grc' dir='ltr'>Τοὺς</span> <span class='ocrx_word' id='word_1_658' title='bbox 3800 2819 3925 2890; x_wconf 68' lang='lat'><strong>(26)</strong></span> 
     </span>
    </p>
   </div>
   <div class='ocr_carea' id='block_1_92' title="bbox 2329 2907 3929 2983">
    <p class='ocr_par' dir='ltr' id='par_1_92' title="bbox 2329 2907 3929 2983">
     <span class='ocr_line' id='line_1_92' title="bbox 2329 2907 3929 2983; baseline -0.005 -15"><span class='ocrx_word' id='word_1_659' title='bbox 2329 2916 2385 2968; x_wconf 83' lang='grc' dir='ltr'>δὲ</span> <span class='ocrx_word' id='word_1_660' title='bbox 2416 2917 2674 2983; x_wconf 85' lang='grc' dir='ltr'>λέγοντας</span> <span class='ocrx_word' id='word_1_661' title='bbox 2704 2913 2857 2983; x_wconf 74' lang='grc' dir='ltr'>ψιλὸν</span> <span class='ocrx_word' id='word_1_662' title='bbox 2879 2912 3167 2982; x_wconf 77' lang='grc' dir='ltr'>ἄνθρωπον</span> <span class='ocrx_word' id='word_1_663' title='bbox 3204 2912 3296 2964; x_wconf 83' lang='grc' dir='ltr'><strong>τὸν</strong></span> <span class='ocrx_word' id='word_1_664' title='bbox 3320 2910 3576 2981; x_wconf 81' lang='grc' dir='ltr'>Χριστὸν,</span> <span class='ocrx_word' id='word_1_665' title='bbox 3604 2908 3637 2979; x_wconf 78' lang='grc' dir='ltr'>ἢ</span> <span class='ocrx_word' id='word_1_666' title='bbox 3674 2907 3929 2977; x_wconf 82' lang='grc' dir='ltr'>παθητὸν</span> 
     </span>
    </p>
   </div>
   <div class='ocr_carea' id='block_1_93' title="bbox 2329 3003 3929 3077">
    <p class='ocr_par' dir='ltr' id='par_1_93' title="bbox 2329 3003 3929 3077">
     <span class='ocr_line' id='line_1_93' title="bbox 2329 3003 3929 3077; baseline -0.005 -16"><span class='ocrx_word' id='word_1_667' title='bbox 2329 3009 2419 3062; x_wconf 79' lang='grc' dir='ltr'><strong>τὸν</strong></span> <span class='ocrx_word' id='word_1_668' title='bbox 2447 3009 2579 3061; x_wconf 82' lang='grc' dir='ltr'>Θεὸν</span> <span class='ocrx_word' id='word_1_669' title='bbox 2615 3007 2822 3076; x_wconf 84' lang='grc' dir='ltr'>Λόγον,</span> <span class='ocrx_word' id='word_1_670' title='bbox 2864 3005 2896 3074; x_wconf 82' lang='grc' dir='ltr'><strong>ἦ</strong></span> <span class='ocrx_word' id='word_1_671' title='bbox 2943 3008 3020 3068; x_wconf 86' lang='grc' dir='ltr'>εἰς</span> <span class='ocrx_word' id='word_1_672' title='bbox 3067 3005 3247 3077; x_wconf 83' lang='grc' dir='ltr'>σάρκα</span> <span class='ocrx_word' id='word_1_673' title='bbox 3278 3003 3557 3075; x_wconf 83' lang='grc' dir='ltr'>τραπέντα</span> <span class='ocrx_word' id='word_1_674' title='bbox 3582 3043 3596 3067; x_wconf 95' lang='grc'><strong>,</strong></span> <span class='ocrx_word' id='word_1_675' title='bbox 3639 3003 3672 3071; x_wconf 76' lang='grc' dir='ltr'>ἢ</span> <span class='ocrx_word' id='word_1_676' title='bbox 3725 3019 3929 3055; x_wconf 75' lang='grc' dir='ltr'>συνου-</span> 
     </span>
    </p>
   </div>
   <div class='ocr_carea' id='block_1_94' title="bbox 2335 3090 3932 3169">
    <p class='ocr_par' dir='ltr' id='par_1_94' title="bbox 2335 3090 3932 3169">
     <span class='ocr_line' id='line_1_94' title="bbox 2335 3090 3932 3169; baseline -0.006 -17"><span class='ocrx_word' id='word_1_677' title='bbox 2335 3099 2601 3169; x_wconf 80' lang='grc' dir='ltr'>σιωμένον</span> <span class='ocrx_word' id='word_1_678' title='bbox 2655 3095 2950 3167; x_wconf 75' lang='grc' dir='ltr'>ἐσχηκέναι</span> <span class='ocrx_word' id='word_1_679' title='bbox 2997 3094 3057 3147; x_wconf 86' lang='grc' dir='ltr'><strong>τὸ</strong></span> <span class='ocrx_word' id='word_1_680' title='bbox 3102 3095 3294 3165; x_wconf 82' lang='grc' dir='ltr'>σῶμα,</span> <span class='ocrx_word' id='word_1_681' title='bbox 3347 3093 3380 3162; x_wconf 81' lang='grc' dir='ltr'>ἢ</span> <span class='ocrx_word' id='word_1_682' title='bbox 3425 3091 3718 3164; x_wconf 77' lang='grc' dir='ltr'>οὗρανόθεν</span> <span class='ocrx_word' id='word_1_683' title='bbox 3761 3090 3932 3143; x_wconf 85' lang='grc' dir='ltr'>τοῦτο</span> 
     </span>
    </p>
   </div>
   <div class='ocr_carea' id='block_1_95' title="bbox 2334 3181 3932 3258">
    <p class='ocr_par' dir='ltr' id='par_1_95' title="bbox 2334 3181 3932 3258">
     <span class='ocr_line' id='line_1_95' title="bbox 2334 3181 3932 3258; baseline -0.004 -16"><span class='ocrx_word' id='word_1_684' title='bbox 2334 3188 2714 3258; x_wconf 75' lang='grc' dir='ltr'>κεκομικέναι,</span> <span class='ocrx_word' id='word_1_685' title='bbox 2763 3188 2796 3256; x_wconf 81' lang='grc' dir='ltr'>ἢ</span> <span class='ocrx_word' id='word_1_686' title='bbox 2834 3187 3131 3254; x_wconf 77' lang='grc' dir='ltr'>φάντασμα</span> <span class='ocrx_word' id='word_1_687' title='bbox 3160 3181 3301 3238; x_wconf 83' lang='grc' dir='ltr'>εἶναι</span> <span class='ocrx_word' id='word_1_688' title='bbox 3327 3185 3398 3254; x_wconf 75' lang='grc' dir='ltr'>,ἢ</span> <span class='ocrx_word' id='word_1_689' title='bbox 3433 3182 3628 3252; x_wconf 84' lang='grc' dir='ltr'>θνητὸν</span> <span class='ocrx_word' id='word_1_690' title='bbox 3663 3181 3932 3250; x_wconf 86' lang='grc' dir='ltr'>λέγοντας</span> 
     </span>
    </p>
   </div>
   <div class='ocr_carea' id='block_1_96' title="bbox 2335 3275 3932 3347">
    <p class='ocr_par' dir='ltr' id='par_1_96' title="bbox 2335 3275 3932 3347">
     <span class='ocr_line' id='line_1_96' title="bbox 2335 3275 3932 3347; baseline -0.005 -12"><span class='ocrx_word' id='word_1_691' title='bbox 2335 3282 2424 3335; x_wconf 75' lang='grc' dir='ltr'><strong>τὸν</strong></span> <span class='ocrx_word' id='word_1_692' title='bbox 2450 3281 2584 3333; x_wconf 83' lang='grc' dir='ltr'>Θεὸν</span> <span class='ocrx_word' id='word_1_693' title='bbox 2611 3280 2783 3346; x_wconf 81' lang='grc' dir='ltr'>Λόγον</span> <span class='ocrx_word' id='word_1_694' title='bbox 2807 3277 3093 3346; x_wconf 75' lang='grc' dir='ltr'>δεδεῆσθαι</span> <span class='ocrx_word' id='word_1_695' title='bbox 3126 3277 3224 3346; x_wconf 86' lang='grc' dir='ltr'>τῆς</span> <span class='ocrx_word' id='word_1_696' title='bbox 3255 3277 3404 3347; x_wconf 81' lang='grc' dir='ltr'>παρὰ</span> <span class='ocrx_word' id='word_1_697' title='bbox 3425 3276 3519 3329; x_wconf 89' lang='grc' dir='ltr'><strong>τοῦ</strong></span> <span class='ocrx_word' id='word_1_698' title='bbox 3548 3275 3760 3347; x_wconf 87' lang='grc' dir='ltr'>Πατρὸς</span> <span class='ocrx_word' id='word_1_699' title='bbox 3789 3277 3932 3327; x_wconf 85' lang='grc' dir='ltr'>ἀνα-</span> 
     </span>
    </p>
   </div>
   <div class='ocr_carea' id='block_1_97' title="bbox 2338 3366 3934 3442">
    <p class='ocr_par' dir='ltr' id='par_1_97' title="bbox 2338 3366 3934 3442">
     <span class='ocr_line' id='line_1_97' title="bbox 2338 3366 3934 3442; baseline -0.006 -15"><span class='ocrx_word' id='word_1_700' title='bbox 2338 3375 2618 3437; x_wconf 79' lang='grc' dir='ltr'>στάσεως,</span> <span class='ocrx_word' id='word_1_701' title='bbox 2669 3371 2933 3442; x_wconf 71' lang='grc' dir='ltr'>ἢάψυχον</span> <span class='ocrx_word' id='word_1_702' title='bbox 2973 3370 3033 3422; x_wconf 85' lang='grc' dir='ltr'><strong>τὸ</strong></span> <span class='ocrx_word' id='word_1_703' title='bbox 3077 3369 3238 3439; x_wconf 82' lang='grc' dir='ltr'>σῶμα</span> <span class='ocrx_word' id='word_1_704' title='bbox 3269 3369 3657 3439; x_wconf 68' lang='grc' dir='ltr'>ἀνειληφέναι,</span> <span class='ocrx_word' id='word_1_705' title='bbox 3697 3366 3934 3436; x_wconf 77' lang='grc' dir='ltr'>ἢᾶνουν</span> 
     </span>
    </p>
   </div>
   <div class='ocr_carea' id='block_1_98' title="bbox 2337 3457 3932 3536">
    <p class='ocr_par' dir='ltr' id='par_1_98' title="bbox 2337 3457 3932 3536">
     <span class='ocr_line' id='line_1_98' title="bbox 2337 3457 3932 3536; baseline -0.004 -19"><span class='ocrx_word' id='word_1_706' title='bbox 2337 3465 2644 3536; x_wconf 76' lang='grc' dir='ltr'>ἄνθρωπον,</span> <span class='ocrx_word' id='word_1_707' title='bbox 2672 3462 2703 3531; x_wconf 80' lang='grc' dir='ltr'>ἢ</span> <span class='ocrx_word' id='word_1_708' title='bbox 2741 3463 2836 3523; x_wconf 70' lang='grc' dir='ltr'><strong>τὰς</strong></span> <span class='ocrx_word' id='word_1_709' title='bbox 2860 3461 2953 3513; x_wconf 74' lang='grc' dir='ltr'><strong>δύο</strong></span> <span class='ocrx_word' id='word_1_710' title='bbox 2985 3460 3179 3529; x_wconf 71' lang='grc' dir='ltr'>φύσεις</span> <span class='ocrx_word' id='word_1_711' title='bbox 3213 3460 3308 3512; x_wconf 83' lang='grc' dir='ltr'><strong>τοῦ</strong></span> <span class='ocrx_word' id='word_1_712' title='bbox 3345 3457 3584 3530; x_wconf 76' lang='grc' dir='ltr'>Χριστοῦ</span> <span class='ocrx_word' id='word_1_713' title='bbox 3617 3457 3760 3510; x_wconf 76' lang='grc' dir='ltr'>κατὰ</span> <span class='ocrx_word' id='word_1_714' title='bbox 3786 3458 3932 3511; x_wconf 85' lang='grc' dir='ltr'>ἀνά-</span> 
     </span>
    </p>
   </div>
   <div class='ocr_carea' id='block_1_99' title="bbox 2338 3548 3935 3627">
    <p class='ocr_par' dir='ltr' id='par_1_99' title="bbox 2338 3548 3935 3627">
     <span class='ocr_line' id='line_1_99' title="bbox 2338 3548 3935 3627; baseline -0.006 -18"><span class='ocrx_word' id='word_1_715' title='bbox 2338 3573 2534 3627; x_wconf 77' lang='grc' dir='ltr'>κρασιν</span> <span class='ocrx_word' id='word_1_716' title='bbox 2575 3553 2941 3623; x_wconf 82' lang='grc' dir='ltr'>συγχυθείσας</span> <span class='ocrx_word' id='word_1_717' title='bbox 2980 3550 3108 3619; x_wconf 86' lang='grc' dir='ltr'>μίαν</span> <span class='ocrx_word' id='word_1_718' title='bbox 3155 3550 3487 3620; x_wconf 82' lang='grc' dir='ltr'>γεγενῆσθαι</span> <span class='ocrx_word' id='word_1_719' title='bbox 3522 3549 3703 3617; x_wconf 75' lang='grc' dir='ltr'>φύσιν,</span> <span class='ocrx_word' id='word_1_720' title='bbox 3733 3548 3830 3601; x_wconf 72' lang='grc' dir='ltr'><strong>καὶ</strong></span> <span class='ocrx_word' id='word_1_721' title='bbox 3856 3548 3935 3618; x_wconf 85' lang='grc' dir='ltr'><strong>μὴ</strong></span> 
     </span>
    </p>
   </div>
   <div class='ocr_carea' id='block_1_100' title="bbox 2337 3638 3936 3717">
    <p class='ocr_par' dir='ltr' id='par_1_100' title="bbox 2337 3638 3936 3717">
     <span class='ocr_line' id='line_1_100' title="bbox 2337 3638 3936 3717; baseline -0.004 -19"><span class='ocrx_word' id='word_1_722' title='bbox 2337 3643 2742 3717; x_wconf 73' lang='grc' dir='ltr'>ὁμολογοῦντας</span> <span class='ocrx_word' id='word_1_723' title='bbox 2768 3643 2848 3705; x_wconf 85' lang='grc' dir='ltr'><strong>είς</strong></span> <span class='ocrx_word' id='word_1_724' title='bbox 2889 3639 3092 3712; x_wconf 81' lang='grc' dir='ltr'>Κύριον</span> <span class='ocrx_word' id='word_1_725' title='bbox 3123 3641 3284 3710; x_wconf 79' lang='grc' dir='ltr'>ἡμῶν</span> <span class='ocrx_word' id='word_1_726' title='bbox 3323 3638 3534 3709; x_wconf 83' lang='grc' dir='ltr'>Ἰησοῦν</span> <span class='ocrx_word' id='word_1_727' title='bbox 3565 3639 3803 3710; x_wconf 82' lang='grc' dir='ltr'>Χριστὸν</span> <span class='ocrx_word' id='word_1_728' title='bbox 3836 3639 3936 3692; x_wconf 75' lang='grc' dir='ltr'><strong>δύο</strong></span> 
     </span>
    </p>
   </div>
   <div class='ocr_carea' id='block_1_101' title="bbox 2341 3725 3938 3807">
    <p class='ocr_par' dir='ltr' id='par_1_101' title="bbox 2341 3725 3938 3807">
     <span class='ocr_line' id='line_1_101' title="bbox 2341 3725 3938 3807; baseline -0.004 -18"><span class='ocrx_word' id='word_1_729' title='bbox 2341 3737 2530 3807; x_wconf 77' lang='grc' dir='ltr'>φύσεις</span> <span class='ocrx_word' id='word_1_730' title='bbox 2565 3732 2702 3788; x_wconf 78' lang='grc' dir='ltr'>εἶναι</span> <span class='ocrx_word' id='word_1_731' title='bbox 2735 3733 3099 3802; x_wconf 79' lang='grc' dir='ltr'>ἀσυγχύτους,</span> <span class='ocrx_word' id='word_1_732' title='bbox 3132 3732 3189 3785; x_wconf 88' lang='grc' dir='ltr'>ἓν</span> <span class='ocrx_word' id='word_1_733' title='bbox 3229 3731 3287 3784; x_wconf 81' lang='grc' dir='ltr'>δὲ</span> <span class='ocrx_word' id='word_1_734' title='bbox 3321 3732 3636 3801; x_wconf 80' lang='grc' dir='ltr'>πρόσωπον,</span> <span class='ocrx_word' id='word_1_735' title='bbox 3685 3729 3822 3783; x_wconf 83' lang='grc' dir='ltr'>καθὸ</span> <span class='ocrx_word' id='word_1_736' title='bbox 3851 3725 3938 3794; x_wconf 75' lang='grc' dir='ltr'>εἷς</span> 
     </span>
    </p>
   </div>
   <div class='ocr_carea' id='block_1_102' title="bbox 2340 3823 3935 3910">
    <p class='ocr_par' dir='ltr' id='par_1_102' title="bbox 2340 3823 3935 3910">
     <span class='ocr_line' id='line_1_102' title="bbox 2340 3823 3935 3910; baseline -0.004 -27"><span class='ocrx_word' id='word_1_737' title='bbox 2340 3830 2596 3901; x_wconf 84' lang='grc' dir='ltr'>Χριστὸς,</span> <span class='ocrx_word' id='word_1_738' title='bbox 2627 3827 2707 3890; x_wconf 76' lang='grc' dir='ltr'>εἷς</span> <span class='ocrx_word' id='word_1_739' title='bbox 2726 3827 2874 3889; x_wconf 74' lang='grc' dir='ltr'>Υἱὸς,</span> <span class='ocrx_word' id='word_1_740' title='bbox 2906 3828 3129 3910; x_wconf 69' lang='grc' dir='ltr'>τούτους</span> <span class='ocrx_word' id='word_1_741' title='bbox 3160 3824 3547 3893; x_wconf 77' lang='grc' dir='ltr'>ἀναθεματίζει</span> <span class='ocrx_word' id='word_1_742' title='bbox 3575 3827 3608 3892; x_wconf 83' lang='grc' dir='ltr'>ἡ</span> <span class='ocrx_word' id='word_1_743' title='bbox 3636 3823 3935 3893; x_wconf 79' lang='grc' dir='ltr'>καθολικὴ,</span> 
     </span>
    </p>
   </div>
   <div class='ocr_carea' id='block_1_103' title="bbox 2342 3914 3937 3988">
    <p class='ocr_par' dir='ltr' id='par_1_103' title="bbox 2342 3914 3937 3988">
     <span class='ocr_line' id='line_1_103' title="bbox 2342 3914 3937 3988; baseline -0.003 -14"><span class='ocrx_word' id='word_1_744' title='bbox 2342 3921 2435 3974; x_wconf 73' lang='grc' dir='ltr'><strong>καὶ</strong></span> <span class='ocrx_word' id='word_1_745' title='bbox 2474 3917 2802 3988; x_wconf 83' lang='grc' dir='ltr'>ἁποστολικὴ</span> <span class='ocrx_word' id='word_1_746' title='bbox 2841 3916 3159 3986; x_wconf 75' lang='grc' dir='ltr'>Ἐκκλησίαξ</span> <span class='ocrx_word' id='word_1_747' title='bbox 3186 3917 3373 3973; x_wconf 76' lang='grc' dir='ltr'><strong>-Τὸὖ</strong></span> <span class='ocrx_word' id='word_1_748' title='bbox 3403 3915 3611 3971; x_wconf 79' lang='grc' dir='ltr'>αὑτοῦ.</span> <span class='ocrx_word' id='word_1_749' title='bbox 3645 3914 3862 3969; x_wconf 77' lang='grc' dir='ltr'>Οὐκοῦν</span> <span class='ocrx_word' id='word_1_750' title='bbox 3886 3917 3937 3970; x_wconf 79' lang='grc' dir='ltr'><strong>εί</strong></span> 
     </span>
    </p>
   </div>
   <div class='ocr_carea' id='block_1_104' title="bbox 2342 4006 3936 4082">
    <p class='ocr_par' dir='ltr' id='par_1_104' title="bbox 2342 4006 3936 4082">
     <span class='ocr_line' id='line_1_104' title="bbox 2342 4006 3936 4082; baseline -0.004 -17"><span class='ocrx_word' id='word_1_751' title='bbox 2342 4015 2374 4082; x_wconf 81' lang='grc' dir='ltr'>ἡ</span> <span class='ocrx_word' id='word_1_752' title='bbox 2405 4012 2512 4066; x_wconf 82' lang='grc' dir='ltr'>τῶν</span> <span class='ocrx_word' id='word_1_753' title='bbox 2539 4011 2756 4064; x_wconf 79' lang='grc' dir='ltr'>πάντων</span> <span class='ocrx_word' id='word_1_754' title='bbox 2784 4009 2940 4079; x_wconf 72' lang='grc' dir='ltr'>σὰρξ,</span> <span class='ocrx_word' id='word_1_755' title='bbox 2975 4011 3030 4060; x_wconf 79' lang='grc' dir='ltr'>ἐν</span> <span class='ocrx_word' id='word_1_756' title='bbox 3064 4006 3286 4078; x_wconf 77' lang='grc' dir='ltr'>Χριστῷ</span> <span class='ocrx_word' id='word_1_757' title='bbox 3307 4007 3675 4078; x_wconf 75' lang='grc' dir='ltr'>ὑποὸἐὸληται</span> <span class='ocrx_word' id='word_1_758' title='bbox 3708 4006 3936 4077; x_wconf 75' lang='grc' dir='ltr'>ὕϐρεσι,</span> 
     </span>
    </p>
   </div>
   <div class='ocr_carea' id='block_1_105' title="bbox 2345 4095 3938 4168">
    <p class='ocr_par' dir='ltr' id='par_1_105' title="bbox 2345 4095 3938 4168">
     <span class='ocr_line' id='line_1_105' title="bbox 2345 4095 3938 4168; baseline -0.002 -17"><span class='ocrx_word' id='word_1_759' title='bbox 2345 4099 2462 4162; x_wconf 77' lang='grc' dir='ltr'><strong>πῶς</strong></span> <span class='ocrx_word' id='word_1_760' title='bbox 2499 4100 2638 4167; x_wconf 75' lang='grc' dir='ltr'>μετὰ</span> <span class='ocrx_word' id='word_1_761' title='bbox 2669 4097 2768 4168; x_wconf 82' lang='grc' dir='ltr'>τῆς</span> <span class='ocrx_word' id='word_1_762' title='bbox 2793 4096 3045 4165; x_wconf 82' lang='grc' dir='ltr'>θεότητος</span> <span class='ocrx_word' id='word_1_763' title='bbox 3083 4098 3210 4166; x_wconf 74' lang='grc' dir='ltr'>μιᾶς</span> <span class='ocrx_word' id='word_1_764' title='bbox 3254 4095 3400 4152; x_wconf 84' lang='grc' dir='ltr'>εἶναι</span> <span class='ocrx_word' id='word_1_765' title='bbox 3443 4097 3797 4159; x_wconf 83' lang='grc' dir='ltr'>ὑποστάσεως</span> <span class='ocrx_word' id='word_1_766' title='bbox 3842 4112 3938 4149; x_wconf 88' lang='grc' dir='ltr'>νο-</span> 
     </span>
    </p>
   </div>
   <div class='ocr_carea' id='block_1_106' title="bbox 2348 4187 3937 4260">
    <p class='ocr_par' dir='ltr' id='par_1_106' title="bbox 2348 4187 3937 4260">
     <span class='ocr_line' id='line_1_106' title="bbox 2348 4187 3937 4260; baseline -0.001 -18"><span class='ocrx_word' id='word_1_767' title='bbox 2348 4191 2596 4260; x_wconf 80' lang='grc' dir='ltr'>μίζεται;</span> <span class='ocrx_word' id='word_1_768' title='bbox 2642 4191 2704 4242; x_wconf 86' lang='grc' dir='ltr'>Εἰ</span> <span class='ocrx_word' id='word_1_769' title='bbox 2754 4189 2863 4258; x_wconf 76' lang='grc' dir='ltr'><strong>γάρ</strong></span> <span class='ocrx_word' id='word_1_770' title='bbox 2912 4191 3043 4258; x_wconf 83' lang='grc' dir='ltr'>μιᾶς</span> <span class='ocrx_word' id='word_1_771' title='bbox 3080 4188 3437 4252; x_wconf 81' lang='grc' dir='ltr'>ὑποστάσεως</span> <span class='ocrx_word' id='word_1_772' title='bbox 3470 4191 3496 4241; x_wconf 84' lang='grc' dir='ltr'>ὁ</span> <span class='ocrx_word' id='word_1_773' title='bbox 3527 4189 3700 4256; x_wconf 85' lang='grc' dir='ltr'>Λόγος</span> <span class='ocrx_word' id='word_1_774' title='bbox 3746 4187 3847 4241; x_wconf 83' lang='grc' dir='ltr'>καὶ</span> <span class='ocrx_word' id='word_1_775' title='bbox 3901 4191 3937 4259; x_wconf 83' lang='grc' dir='ltr'>ἠ</span> 
     </span>
    </p>
   </div>
   <div class='ocr_carea' id='block_1_107' title="bbox 2347 4264 3938 4352">
    <p class='ocr_par' dir='ltr' id='par_1_107' title="bbox 2347 4264 3938 4352">
     <span class='ocr_line' id='line_1_107' title="bbox 2347 4264 3938 4352; baseline 0 -18"><span class='ocrx_word' id='word_1_776' title='bbox 2347 4283 2483 4352; x_wconf 71' lang='grc' dir='ltr'>σὰρξ</span> <span class='ocrx_word' id='word_1_777' title='bbox 2514 4283 2545 4350; x_wconf 84' lang='grc' dir='ltr'>ὴ</span> <span class='ocrx_word' id='word_1_778' title='bbox 2583 4280 2689 4333; x_wconf 82' lang='grc' dir='ltr'><strong>ἀπὸ</strong></span> <span class='ocrx_word' id='word_1_779' title='bbox 2735 4283 2832 4350; x_wconf 81' lang='grc' dir='ltr'><strong>γῆς</strong></span> <span class='ocrx_word' id='word_1_780' title='bbox 2865 4264 2962 4350; x_wconf 70' lang='grc' dir='ltr'>τὴν</span> <span class='ocrx_word' id='word_1_781' title='bbox 2995 4281 3157 4346; x_wconf 71' lang='grc' dir='ltr'>φύσιν</span> <span class='ocrx_word' id='word_1_782' title='bbox 3199 4280 3438 4350; x_wconf 75' lang='grc' dir='ltr'>ἔχουσα,</span> <span class='ocrx_word' id='word_1_783' title='bbox 3484 4281 3614 4350; x_wconf 78' lang='grc' dir='ltr'>μιᾶς</span> <span class='ocrx_word' id='word_1_784' title='bbox 3651 4281 3758 4350; x_wconf 85' lang='grc' dir='ltr'>ἄρα</span> <span class='ocrx_word' id='word_1_785' title='bbox 3796 4281 3938 4334; x_wconf 80' lang='grc' dir='ltr'>ὑπο-</span> 
     </span>
    </p>
   </div>
   <div class='ocr_carea' id='block_1_108' title="bbox 2347 4369 3940 4442">
    <p class='ocr_par' dir='ltr' id='par_1_108' title="bbox 2347 4369 3940 4442">
     <span class='ocr_line' id='line_1_108' title="bbox 2347 4369 3940 4442; baseline 0.001 -20"><span class='ocrx_word' id='word_1_786' title='bbox 2347 4372 2587 4432; x_wconf 77' lang='grc' dir='ltr'>στάσεως</span> <span class='ocrx_word' id='word_1_787' title='bbox 2615 4371 2643 4422; x_wconf 89' lang='grc' dir='ltr'>ὁ</span> <span class='ocrx_word' id='word_1_788' title='bbox 2681 4370 2852 4437; x_wconf 86' lang='grc' dir='ltr'>Λόγος</span> <span class='ocrx_word' id='word_1_789' title='bbox 2892 4372 2987 4422; x_wconf 83' lang='grc' dir='ltr'><strong>καὶ</strong></span> <span class='ocrx_word' id='word_1_790' title='bbox 3023 4373 3054 4439; x_wconf 86' lang='grc' dir='ltr'><strong>ή</strong></span> <span class='ocrx_word' id='word_1_791' title='bbox 3089 4369 3268 4440; x_wconf 63' lang='grc' dir='ltr'>ψυχὴ,</span> <span class='ocrx_word' id='word_1_792' title='bbox 3309 4372 3375 4442; x_wconf 76' lang='grc' dir='ltr'>ἦν</span> <span class='ocrx_word' id='word_1_793' title='bbox 3412 4372 3626 4423; x_wconf 86' lang='grc' dir='ltr'>τελείαν</span> <span class='ocrx_word' id='word_1_794' title='bbox 3675 4370 3940 4428; x_wconf 77' lang='grc' dir='ltr'>ἀνέλαϐε.</span> 
     </span>
    </p>
   </div>
   <div class='ocr_carea' id='block_1_109' title="bbox 2347 4461 3942 4533">
    <p class='ocr_par' dir='ltr' id='par_1_109' title="bbox 2347 4461 3942 4533">
     <span class='ocr_line' id='line_1_109' title="bbox 2347 4461 3942 4533; baseline 0 -16"><span class='ocrx_word' id='word_1_795' title='bbox 2347 4465 2491 4525; x_wconf 60' lang='lat' dir='ltr'><strong>Mai;</strong></span> <span class='ocrx_word' id='word_1_796' title='bbox 2528 4461 2633 4532; x_wconf 79' lang='grc' dir='ltr'><strong>γάρ</strong></span> <span class='ocrx_word' id='word_1_797' title='bbox 2660 4462 2875 4529; x_wconf 71' lang='grc' dir='ltr'>φύσεώς</span> <span class='ocrx_word' id='word_1_798' title='bbox 2917 4465 3063 4514; x_wconf 79' lang='grc' dir='ltr'>ἐστιν</span> <span class='ocrx_word' id='word_1_799' title='bbox 3091 4462 3118 4512; x_wconf 87' lang='grc' dir='ltr'>ὁ</span> <span class='ocrx_word' id='word_1_800' title='bbox 3145 4463 3318 4530; x_wconf 74' lang='grc' dir='ltr'>Λόγος</span> <span class='ocrx_word' id='word_1_801' title='bbox 3353 4464 3489 4533; x_wconf 70' lang='grc' dir='ltr'>μετὰ</span> <span class='ocrx_word' id='word_1_802' title='bbox 3517 4463 3609 4516; x_wconf 83' lang='grc' dir='ltr'><strong>τοῦ</strong></span> <span class='ocrx_word' id='word_1_803' title='bbox 3644 4462 3803 4525; x_wconf 82' lang='grc' dir='ltr'>Θεοῦ,</span> <span class='ocrx_word' id='word_1_804' title='bbox 3838 4465 3942 4517; x_wconf 72' lang='grc' dir='ltr'>καὶ</span> 
     </span>
    </p>
   </div>
   <div class='ocr_carea' id='block_1_110' title="bbox 2347 4552 3942 4625">
    <p class='ocr_par' dir='ltr' id='par_1_110' title="bbox 2347 4552 3942 4625">
     <span class='ocr_line' id='line_1_110' title="bbox 2347 4552 3942 4625; baseline 0.002 -19"><span class='ocrx_word' id='word_1_805' title='bbox 2347 4555 2487 4609; x_wconf 81' lang='grc' dir='ltr'><strong>κατά</strong></span> <span class='ocrx_word' id='word_1_806' title='bbox 2527 4559 2623 4625; x_wconf 65' lang='grc' dir='ltr'><strong>τὴν</strong></span> <span class='ocrx_word' id='word_1_807' title='bbox 2648 4555 2738 4606; x_wconf 78' lang='grc' dir='ltr'><strong>τοῦ</strong></span> <span class='ocrx_word' id='word_1_808' title='bbox 2767 4554 2996 4623; x_wconf 81' lang='grc' dir='ltr'>Πατρὸς.</span> <span class='ocrx_word' id='word_1_809' title='bbox 3031 4554 3122 4606; x_wconf 78' lang='grc' dir='ltr'><strong>καὶ</strong></span> <span class='ocrx_word' id='word_1_810' title='bbox 3155 4554 3321 4624; x_wconf 76' lang='grc' dir='ltr'>αὐτοῦ</span> <span class='ocrx_word' id='word_1_811' title='bbox 3352 4553 3445 4606; x_wconf 88' lang='grc' dir='ltr'><strong>τοῦ</strong></span> <span class='ocrx_word' id='word_1_812' title='bbox 3481 4552 3608 4606; x_wconf 87' lang='grc' dir='ltr'>Υἱοῦ</span> <span class='ocrx_word' id='word_1_813' title='bbox 3638 4553 3942 4623; x_wconf 81' lang='grc' dir='ltr'>ὁμολογίαν</span> 
     </span>
    </p>
   </div>
   <div class='ocr_carea' id='block_1_111' title="bbox 2345 4644 3937 4718">
    <p class='ocr_par' dir='ltr' id='par_1_111' title="bbox 2345 4644 3937 4718">
     <span class='ocr_line' id='line_1_111' title="bbox 2345 4644 3937 4718; baseline 0.002 -24"><span class='ocrx_word' id='word_1_814' title='bbox 2345 4647 2444 4718; x_wconf 75' lang='grc' dir='ltr'><strong>τὴν</strong></span> <span class='ocrx_word' id='word_1_815' title='bbox 2500 4647 2806 4713; x_wconf 74' lang='grc' dir='ltr'>λέγουσαν,</span> <span class='ocrx_word' id='word_1_816' title='bbox 2863 4665 2882 4696; x_wconf 72' lang='grc' dir='ltr'><em>ς</em></span> <span class='ocrx_word' id='word_1_817' title='bbox 2934 4646 3075 4714; x_wconf 78' lang='grc' dir='ltr'>Ἐγὼ</span> <span class='ocrx_word' id='word_1_818' title='bbox 3119 4647 3210 4699; x_wconf 67' lang='grc' dir='ltr'><strong>καὶ</strong></span> <span class='ocrx_word' id='word_1_819' title='bbox 3249 4648 3277 4698; x_wconf 89' lang='grc' dir='ltr'>ὁ</span> <span class='ocrx_word' id='word_1_820' title='bbox 3323 4644 3513 4715; x_wconf 84' lang='grc' dir='ltr'>Πατὴρ</span> <span class='ocrx_word' id='word_1_821' title='bbox 3551 4646 3608 4697; x_wconf 76' lang='grc' dir='ltr'>ἓν</span> <span class='ocrx_word' id='word_1_822' title='bbox 3655 4649 3862 4714; x_wconf 80' lang='grc' dir='ltr'>ἐσμεν·</span> <span class='ocrx_word' id='word_1_823' title='bbox 3917 4667 3937 4697; x_wconf 71' lang='grc' dir='ltr'><strong>ι</strong></span> 
     </span>
    </p>
   </div>
   <div class='ocr_carea' id='block_1_112' title="bbox 2347 4739 3941 4808">
    <p class='ocr_par' dir='ltr' id='par_1_112' title="bbox 2347 4739 3941 4808">
     <span class='ocr_line' id='line_1_112' title="bbox 2347 4739 3941 4808; baseline 0.001 -17"><span class='ocrx_word' id='word_1_824' title='bbox 2347 4739 2544 4791; x_wconf 76' lang='grc' dir='ltr'>οὐκοῦν</span> <span class='ocrx_word' id='word_1_825' title='bbox 2578 4740 2670 4790; x_wconf 74' lang='grc' dir='ltr'><strong>καὶ</strong></span> <span class='ocrx_word' id='word_1_826' title='bbox 2700 4741 2726 4790; x_wconf 81' lang='grc' dir='ltr'>ὁ</span> <span class='ocrx_word' id='word_1_827' title='bbox 2763 4740 2953 4808; x_wconf 78' lang='grc' dir='ltr'>Πατὴρ</span> <span class='ocrx_word' id='word_1_828' title='bbox 2984 4740 3080 4807; x_wconf 81' lang='grc' dir='ltr'>τῆς</span> <span class='ocrx_word' id='word_1_829' title='bbox 3109 4741 3279 4808; x_wconf 75' lang='grc' dir='ltr'>αὐτῆς</span> <span class='ocrx_word' id='word_1_830' title='bbox 3309 4739 3497 4801; x_wconf 73' lang='grc' dir='ltr'>οὐσίας</span> <span class='ocrx_word' id='word_1_831' title='bbox 3530 4742 3669 4808; x_wconf 69' lang='grc' dir='ltr'>μετὰ</span> <span class='ocrx_word' id='word_1_832' title='bbox 3697 4739 3792 4792; x_wconf 83' lang='grc' dir='ltr'><strong>τοῦ</strong></span> <span class='ocrx_word' id='word_1_833' title='bbox 3822 4741 3941 4793; x_wconf 75' lang='grc' dir='ltr'><strong>σώ-</strong></span> 
     </span>
    </p>
   </div>
   <div class='ocr_carea' id='block_1_113' title="bbox 2354 4830 3945 4902">
    <p class='ocr_par' dir='ltr' id='par_1_113' title="bbox 2354 4830 3945 4902">
     <span class='ocr_line' id='line_1_113' title="bbox 2354 4830 3945 4902; baseline 0.002 -18"><span class='ocrx_word' id='word_1_834' title='bbox 2354 4848 2522 4900; x_wconf 76' lang='grc' dir='ltr'>ματος</span> <span class='ocrx_word' id='word_1_835' title='bbox 2549 4830 2755 4898; x_wconf 66' lang='grc' dir='ltr'>ὀφείλει</span> <span class='ocrx_word' id='word_1_836' title='bbox 2783 4831 3124 4900; x_wconf 75' lang='grc' dir='ltr'>νομίζεσθαι.</span> <span class='ocrx_word' id='word_1_837' title='bbox 3156 4831 3264 4884; x_wconf 75' lang='grc' dir='ltr'>Καὶ</span> <span class='ocrx_word' id='word_1_838' title='bbox 3288 4831 3342 4883; x_wconf 87' lang='grc' dir='ltr'><strong>τί</strong></span> <span class='ocrx_word' id='word_1_839' title='bbox 3366 4831 3447 4884; x_wconf 79' lang='grc' dir='ltr'>ἔτι</span> <span class='ocrx_word' id='word_1_840' title='bbox 3475 4834 3588 4894; x_wconf 85' lang='grc' dir='ltr'>τοῖς</span> <span class='ocrx_word' id='word_1_841' title='bbox 3629 4833 3945 4902; x_wconf 79' lang='grc' dir='ltr'>Ἀρειανοῖς</span> 
     </span>
    </p>
   </div>
   <div class='ocr_carea' id='block_1_114' title="bbox 2349 4918 3943 4994">
    <p class='ocr_par' dir='ltr' id='par_1_114' title="bbox 2349 4918 3943 4994">
     <span class='ocr_line' id='line_1_114' title="bbox 2349 4918 3943 4994; baseline 0.003 -20"><span class='ocrx_word' id='word_1_842' title='bbox 2349 4922 2566 4994; x_wconf 78' lang='grc' dir='ltr'>χολᾶτε,</span> <span class='ocrx_word' id='word_1_843' title='bbox 2593 4925 2704 4986; x_wconf 85' lang='grc' dir='ltr'>τοῖς</span> <span class='ocrx_word' id='word_1_844' title='bbox 2727 4921 2948 4990; x_wconf 82' lang='grc' dir='ltr'>λέγουσι</span> <span class='ocrx_word' id='word_1_845' title='bbox 2970 4923 3061 4974; x_wconf 79' lang='grc' dir='ltr'><strong>τὸν</strong></span> <span class='ocrx_word' id='word_1_846' title='bbox 3085 4923 3214 4974; x_wconf 79' lang='grc' dir='ltr'>Υἱὸν</span> <span class='ocrx_word' id='word_1_847' title='bbox 3244 4923 3338 4976; x_wconf 78' lang='grc' dir='ltr'><strong>τοῦ</strong></span> <span class='ocrx_word' id='word_1_848' title='bbox 3363 4921 3501 4975; x_wconf 87' lang='grc' dir='ltr'>Θεοῦ</span> <span class='ocrx_word' id='word_1_849' title='bbox 3524 4923 3732 4992; x_wconf 77' lang='grc' dir='ltr'>κτίσμα</span> <span class='ocrx_word' id='word_1_850' title='bbox 3763 4918 3943 4990; x_wconf 73' lang='grc' dir='ltr'>εἶναι,</span> 
     </span>
    </p>
   </div>
   <div class='ocr_carea' id='block_1_115' title="bbox 3353 5075 3946 5134">
    <p class='ocr_par' dir='ltr' id='par_1_115' title="bbox 3353 5075 3946 5134">
     <span class='ocr_line' id='line_1_115' title="bbox 3353 5075 3946 5134; baseline 0.007 -4"><span class='ocrx_word' id='word_1_851' title='bbox 3353 5077 3398 5108; x_wconf 65' lang='grc' dir='ltr'><strong>θ’</strong></span> <span class='ocrx_word' id='word_1_852' title='bbox 3430 5075 3508 5130; x_wconf 85' lang='lat' dir='ltr'><strong>De</strong></span> <span class='ocrx_word' id='word_1_853' title='bbox 3546 5076 3816 5131; x_wconf 88' lang='lat' dir='ltr'><strong>incarnat.</strong></span> <span class='ocrx_word' id='word_1_854' title='bbox 3847 5094 3946 5134; x_wconf 87' lang='lat' dir='ltr'><strong>sa-</strong></span> 
     </span>
    </p>
   </div>
   <div class='ocr_carea' id='block_1_116' title="bbox 2433 5259 3941 5333">
    <p class='ocr_par' dir='ltr' id='par_1_116' title="bbox 2433 5259 3941 5333">
     <span class='ocr_line' id='line_1_116' title="bbox 2433 5259 3941 5333; baseline -0.001 -17"><span class='ocrx_word' id='word_1_855' title='bbox 2433 5261 2539 5333; x_wconf 69' lang='grc'><strong>(24)</strong></span> <span class='ocrx_word' id='word_1_856' title='bbox 2574 5261 2802 5333; x_wconf 74' lang='lat' dir='ltr'><strong>Domini.</strong></span> <span class='ocrx_word' id='word_1_857' title='bbox 2837 5259 3257 5333; x_wconf 79' lang='lat' dir='ltr'><strong>_&#39;rlanc_quoque</strong></span> <span class='ocrx_word' id='word_1_858' title='bbox 3294 5259 3792 5333; x_wconf 62' lang='lat' dir='ltr'><strong>lectioneprhabet</strong></span> <span class='ocrx_word' id='word_1_859' title='bbox 3814 5259 3941 5314; x_wconf 83' lang='lat' dir='ltr'><strong>edi-</strong></span> 
     </span>
    </p>
   </div>
   <div class='ocr_carea' id='block_1_117' title="bbox 2355 5330 3938 5399">
    <p class='ocr_par' dir='ltr' id='par_1_117' title="bbox 2355 5330 3938 5399">
     <span class='ocr_line' id='line_1_117' title="bbox 2355 5330 3938 5399; baseline -0.001 -13"><span class='ocrx_word' id='word_1_860' title='bbox 2355 5330 2657 5386; x_wconf 32' lang='lat' dir='ltr'><strong>tio‘Bened.</strong></span> <span class='ocrx_word' id='word_1_861' title='bbox 2682 5332 2799 5385; x_wconf 76' lang='lat' dir='ltr'><strong>Non</strong></span> <span class='ocrx_word' id='word_1_862' title='bbox 2836 5331 2992 5384; x_wconf 82' lang='lat' dir='ltr'><strong>licuit</strong></span> <span class='ocrx_word' id='word_1_863' title='bbox 3014 5331 3196 5399; x_wconf 86' lang='lat' dir='ltr'><strong>itaque</strong></span> <span class='ocrx_word' id='word_1_864' title='bbox 3225 5333 3472 5386; x_wconf 85' lang='lat' dir='ltr'><strong>scribere</strong></span> <span class='ocrx_word' id='word_1_865' title='bbox 3505 5330 3646 5394; x_wconf 80' lang='lat' dir='ltr'><strong>Filii,</strong></span> <span class='ocrx_word' id='word_1_866' title='bbox 3666 5343 3793 5384; x_wconf 89' lang='lat' dir='ltr'><strong>cum</strong></span> <span class='ocrx_word' id='word_1_867' title='bbox 3817 5339 3938 5385; x_wconf 77' lang='lat' dir='ltr'><strong>tex-</strong></span> 
     </span>
    </p>
   </div>
   <div class='ocr_carea' id='block_1_118' title="bbox 2356 5401 3415 5456">
    <p class='ocr_par' dir='ltr' id='par_1_118' title="bbox 2356 5401 3415 5456">
     <span class='ocr_line' id='line_1_118' title="bbox 2356 5401 3415 5456; baseline -0.001 0"><span class='ocrx_word' id='word_1_868' title='bbox 2356 5415 2469 5456; x_wconf 88' lang='lat' dir='ltr'><strong>tum</strong></span> <span class='ocrx_word' id='word_1_869' title='bbox 2497 5419 2526 5455; x_wconf 90' lang='lat' dir='ltr'><strong>e</strong></span> <span class='ocrx_word' id='word_1_870' title='bbox 2554 5401 2802 5456; x_wconf 84' lang='lat' dir='ltr'><strong>versione</strong></span> <span class='ocrx_word' id='word_1_871' title='bbox 2827 5401 3120 5455; x_wconf 83' lang='lat' dir='ltr'><strong>emendare</strong></span> <span class='ocrx_word' id='word_1_872' title='bbox 3150 5402 3304 5455; x_wconf 86' lang='lat' dir='ltr'><strong>nefas</strong></span> <span class='ocrx_word' id='word_1_873' title='bbox 3323 5402 3415 5456; x_wconf 80' lang='lat' dir='ltr'><strong>sit.</strong></span> 
     </span>
    </p>
   </div>
   <div class='ocr_carea' id='block_1_119' title="bbox 2427 5470 3949 5542">
    <p class='ocr_par' dir='ltr' id='par_1_119' title="bbox 2427 5470 3949 5542">
     <span class='ocr_line' id='line_1_119' title="bbox 2427 5470 3949 5542; baseline 0.001 -16"><span class='ocrx_word' id='word_1_874' title='bbox 2427 5473 2538 5540; x_wconf 68' lang='lat'><strong>(25)</strong></span> <span class='ocrx_word' id='word_1_875' title='bbox 2564 5471 2640 5524; x_wconf 84' lang='grc' dir='ltr'>τό.</span> <span class='ocrx_word' id='word_1_876' title='bbox 2675 5471 2839 5524; x_wconf 88' lang='lat' dir='ltr'><strong>Sirm.</strong></span> <span class='ocrx_word' id='word_1_877' title='bbox 2878 5470 3114 5525; x_wconf 85' lang='lat' dir='ltr'><strong>habebat</strong></span> <span class='ocrx_word' id='word_1_878' title='bbox 3166 5471 3274 5524; x_wconf 86' lang='grc' dir='ltr'>τόν.</span> <span class='ocrx_word' id='word_1_879' title='bbox 3313 5472 3420 5527; x_wconf 87' lang='lat' dir='ltr'><strong>Sed</strong></span> <span class='ocrx_word' id='word_1_880' title='bbox 3471 5471 3760 5542; x_wconf 74' lang='lat' dir='ltr'><strong>legendum</strong></span> <span class='ocrx_word' id='word_1_881' title='bbox 3813 5485 3949 5527; x_wconf 85' lang='lat' dir='ltr'><strong>esse</strong></span> 
     </span>
    </p>
   </div>
   <div class='ocr_carea' id='block_1_120' title="bbox 2367 5544 2596 5597">
    <p class='ocr_par' dir='ltr' id='par_1_120' title="bbox 2367 5544 2596 5597">
     <span class='ocr_line' id='line_1_120' title="bbox 2367 5544 2596 5597; baseline -0.009 0"><span class='ocrx_word' id='word_1_882' title='bbox 2367 5553 2485 5597; x_wconf 73' lang='lat' dir='ltr'><strong>)uto</strong></span> <span class='ocrx_word' id='word_1_883' title='bbox 2520 5544 2596 5595; x_wconf 76' lang='grc' dir='ltr'><strong>τό.</strong></span> 
     </span>
    </p>
   </div>
   <div class='ocr_carea' id='block_1_121' title="bbox 2352 5559 3953 5683">
    <p class='ocr_par' dir='ltr' id='par_1_121' title="bbox 2352 5559 3953 5683">
     <span class='ocr_line' id='line_1_121' title="bbox 2352 5559 3953 5683; baseline 0.001 -19"><span class='ocrx_word' id='word_1_884' title='bbox 2352 5559 2700 5681; x_wconf 56' lang='grc' dir='ltr'>Ρυίὲὃίητοὺς</span> <span class='ocrx_word' id='word_1_885' title='bbox 2720 5642 2792 5651; x_wconf 90' lang='grc'><strong><em>-</em></strong></span> <span class='ocrx_word' id='word_1_886' title='bbox 2820 5612 2982 5683; x_wconf 56' lang='lat' dir='ltr'><strong>amp.</strong></span> <span class='ocrx_word' id='word_1_887' title='bbox 3011 5612 3293 5681; x_wconf 69' lang='grc' dir='ltr'>ἐκκλησία.</span> <span class='ocrx_word' id='word_1_888' title='bbox 3328 5612 3454 5668; x_wconf 63' lang='lat' dir='ltr'><strong>Haec</strong></span> <span class='ocrx_word' id='word_1_889' title='bbox 3482 5610 3772 5683; x_wconf 72' lang='lat' dir='ltr'><strong>fragmenti</strong></span> <span class='ocrx_word' id='word_1_890' title='bbox 3811 5625 3953 5682; x_wconf 79' lang='lat' dir='ltr'><strong>pars</strong></span> 
     </span>
    </p>
   </div>
   <div class='ocr_carea' id='block_1_122' title="bbox 2354 5681 3942 5753">
    <p class='ocr_par' dir='ltr' id='par_1_122' title="bbox 2354 5681 3942 5753">
     <span class='ocr_line' id='line_1_122' title="bbox 2354 5681 3942 5753; baseline 0.001 -17"><span class='ocrx_word' id='word_1_891' title='bbox 2354 5693 2530 5736; x_wconf 74' lang='lat' dir='ltr'><strong>exstat</strong></span> <span class='ocrx_word' id='word_1_892' title='bbox 2551 5683 2714 5753; x_wconf 84' lang='lat' dir='ltr'><strong>etiam</strong></span> <span class='ocrx_word' id='word_1_893' title='bbox 2740 5681 2880 5751; x_wconf 90' lang='lat' dir='ltr'><strong>apud</strong></span> <span class='ocrx_word' id='word_1_894' title='bbox 2909 5681 3156 5753; x_wconf 20' lang='lat' dir='ltr'><strong>il.con_e.tn</strong></span> <span class='ocrx_word' id='word_1_895' title='bbox 3186 5681 3654 5753; x_wconf 21' lang='lat' dir='ltr'><strong>Byzantinuni,‘ut</strong></span> <span class='ocrx_word' id='word_1_896' title='bbox 3680 5681 3794 5750; x_wconf 71' lang='lat' dir='ltr'><strong>jam</strong></span> <span class='ocrx_word' id='word_1_897' title='bbox 3820 5681 3942 5738; x_wconf 13' lang='lat' dir='ltr'><strong>imo-</strong></span> 
     </span>
    </p>
   </div>
   <div class='ocr_carea' id='block_1_123' title="bbox 2355 5751 3251 5808">
    <p class='ocr_par' dir='ltr' id='par_1_123' title="bbox 2355 5751 3251 5808">
     <span class='ocr_line' id='line_1_123' title="bbox 2355 5751 3251 5808; baseline 0 -2"><span class='ocrx_word' id='word_1_898' title='bbox 2355 5763 2590 5806; x_wconf 73' lang='lat' dir='ltr'><strong>nuerunt</strong></span> <span class='ocrx_word' id='word_1_899' title='bbox 2630 5752 2868 5807; x_wconf 73' lang='lat' dir='ltr'><strong>editores</strong></span> <span class='ocrx_word' id='word_1_900' title='bbox 2903 5751 3100 5806; x_wconf 63' lang='lat' dir='ltr'><strong>Boned.</strong></span> <span class='ocrx_word' id='word_1_901' title='bbox 3130 5753 3165 5807; x_wconf 92' lang='lat' dir='ltr'><strong>l.</strong></span> <span class='ocrx_word' id='word_1_902' title='bbox 3205 5751 3251 5808; x_wconf 58' lang='grc' dir='ltr'>(ί.</span> 
     </span>
    </p>
   </div>
  </div>
