4136 6390
253 448 338 512 185
1338 450 1721 512 DIALOGUS
1761 452 1820 512 ΙΙ

1933 476 1950 486 ·
1977 453 2481 518 INCONFUSUS.

3428 451 3531 516 180

252 554 386 608 οὗτοι
445 553 704 623 λέγοντες
749 554 842 608 τὸν
879 555 1099 628 Πατέρα
1143 557 1276 626 μιᾶς
1333 551 1476 610 εῖναι
1533 556 1675 626 μετὰ
1715 557 1826 609 τῶν

1933 574 2057 613 cum
2107 561 2379 616 creaturis
2433 577 2558 617 esse
2604 562 2966 617 substantize?
2997 592 3067 601 —
3101 561 3352 632 Ejusdem
3390 565 3529 634 (δίε),

252 646 552 716 κτισμάτων
573 647 796 710 obstas:
847 679 917 688 —
953 648 1062 702 Τοῦ
1111 649 1299 703 αὐτοῦ
1350 650 1421 702 ἐκ
1487 647 1598 714 τῆς
1659 650 1812 715 πρὸς

255 736 574 803 Γρατοαγύν
646 738 756 789 τὸν
787 738 1055 800 ,ϐασιλέα
1093 738 1448 807 ἐπιστολῆς.
1495 738 1828 805 Φυλάξωμεν

253 824 497 896 διαίρεσιν
530 826 643 896 (27)
669 825 926 897 θεότητος
948 831 1042 882 καὶ
1065 831 1286 900 σαρκός.
1315 825 1409 893 Εἷς
1428 830 1542 898 (28)
1561 834 1674 893 τοῖς
1702 833 1830 883 ἑκαο

255 918 414 987 τέροις
447 919 810 989 ἀποκρίνεται
837 923 865 973 6
886 922 1012 984 Υἱὸς
1036 923 1130 976 τοῦ
1157 923 1316 989 Θεοῦ,
1348 925 1542 994 ἐπειδὴ
1579 927 1638 976 ὲν
1679 923 1830 993 αὐτῷ

257 1008 500 1079 ἑκάτεραι
543 1012 738 1080 φύσεις
781 1014 943 1066 εἰσίν.
997 1015 1059 1067 Ὀ
1104 1015 1268 1078 αὐτὸς
1327 1015 1517 1078 λαλεῖ,
1565 1016 1682 1069 ἀλλ’
1731 1016 1830 1086 οὐχ

263 1100 328 1152 ἑνὶ
355 1101 468 1172 ('29)
516 1103 785 1164 πάντοτε,
827 1105 945 1156 ἀλλ’
981 1106 1157 1175 ἑτέρω
1195 1096 1404 1177 τρόπῳ.
1446 1108 1691 1177 Πρόσεχε
1734 1108 1832 1160 αύ-

259 1193 333 1244 τὸν
360 1194 494 1262 (50),
526 1194 625 1248 νῦν
660 1196 760 1264 μὲν
799 1196 960 1261 δόξαν
983 1197 1379 1269 φθεγγόμενον,
1411 1197 1505 1252 νῦν
1531 1199 1586 1252 δὲ
1619 1198 1830 1270 ἀνθρώ-

263 1303 367 1338 πινα
409 1288 584 1356 πάθη.
650 1288 739 1350 Ὠς
786 1288 920 1350 Θεὸς
965 1289 1119 1342 λαλεί
1155 1290 1223 1342 τὰ
1259 1289 1410 1354 θεῖα,
1459 1290 1760 1361 ἐπειδήπερ
1803 1291 1830 1342 ὁ

262 1378 403 1443 Λόγος
433 1381 582 1431 ἐστίν
611 1399 622 1410 ·
672 1381 748 1442 ὡς
779 1380 1067 1450 ἄνθρωπος
1099 1381 1248 1449 λέγει
1283 1381 1350 1434 τὰ
1380 1383 1613 1434 ταπεινὰ
1641 1424 1656 1447 ,
1685 1386 1832 1434 ἐπει-

259 1468 478 1541 δήπερὲν
497 1474 560 1541 τῇ
590 1473 695 1542 ἐμῇ
721 1473 1020 1526 ὑποστάσει
1049 1473 1201 1526 λαλεί
1227 1473 1439 1540 (51).-
1479 1472 1590 1526 Τοῦ
1612 1471 1826 1536 αὑτοῦ,

259 1561 315 1614 ἐκ
350 1564 448 1616 τοῦ
471 1564 662 1618 αὑτοῦ
705 1566 916 1633 λόγου,
963 1565 1127 1618 ὐθεν
1157 1568 1334 1619 ἐκεῖνο
1360 1565 1420 1618 τὸ
1455 1565 1826 1633 ἀναγνωσθὲν,

260 1654 321 1716 ὡς
363 1657 620 1727 ὁΚύριος
651 1657 755 1725 τῆς
783 1657 942 1728 δόξης
991 1658 1357 1728 ἐσταύρωται,
1393 1657 1469 1728 μὴ
1518 1659 1583 1727 τῇ
1630 1657 1827 1710 ἑαυτοῦ

260 1743 363 1816 ME!)
405 1749 793 1819 σταυρωθέντα
850 1749 1186 1820 νομίσωμεν.
1247 1750 1390 1806 Ἀλλ’
1437 1749 1625 1820 ἐπειδὴ
1673 1743 1828 1811 οὗτος

259 1834 370 1900 Θεός
388 1855 446 1892 τε
471 1841 568 1892 καὶ
601 1840 919 1910 ἄνθρωπος.
972 1841 1115 1895 κατὰ
1141 1841 1244 1911 μὲν
1273 1843 1372 1910 τὴν
1396 1840 1629 1911 θεότητα
1665 1839 1823 1902 Θεὸςν

261 1927 381 1982 κατὰ
405 1929 457 1984 Bt
483 1932 588 2003 τὴν
606 1933 913 2003 πρόσληψιν
935 1933 1034 2003 τῆς
1065 1935 1268 2005 σαρκὸς
1291 1935 1580 2004 ἄνθρωπος
1615 1934 1826 2003 Ἰησοῦς

257 2016 467 2089 Χριστὸς
489 2064 502 2086 ,
552 2024 580 2075 ὁ
621 2023 828 2095 Κύριος
863 2026 961 2096 τῆς
989 2025 1149 2098 δόξης
1177 2027 1556 2095 ἐσταυρῶσθαι
1586 2028 1823 2094 λέγεται.

259 2111 350 2200 lia‘t
380 2113 479 2186 γὰρ
501 2117 776 2187 ἑκατέρας
810 2118 1034 2190 μετέχει
1053 2118 1289 2184 φύσεως,
1316 2120 1597 2172 τουτέστιν
1624 2121 1830 2191 ἀνθρωο

257 2203 401 2272 πίνης
429 2206 521 2257 καὶ
557 2207 727 2269 Θείας.
764 2208 854 2259 Ἐν
883 2211 948 2279 τῇ
984 2208 1078 2261 τοῦ
1109 2209 1403 2280 ἀνθρώπου
1433 2213 1542 2280 γὰρ
1564 2210 1727 2277 φύσει
1769 2214 1829 2262 τὸ

259 2291 408 2354 πάθος
457 2295 786 2363 ὑπέμεινεν,
835 2297 922 2350 ἵνα
971 2297 1296 2368 ἀδιαιρέτως
1338 2299 1434 2351 καὶ
1473 2300 1679 2368 Κύριος
1724 2299 1829 2368 τῆς

251 2379 408 2452 δέξηίι
433 2387 526 2438 καὶ
555 2387 679 2450 Υίδς
711 2388 998 2458 ἀνθρώπου
1029 2385 1170 2441 εἶναι
1199 2389 1426 2457 λέγηται
1449 2392 1478 2442 ὁ
1502 2390 1712 2451 παθὼν,
1738 2407 1831 2442 κα.

256 2471 349 2536 θὼς
370 2477 698 2548 γέγραπται,
735 2499 752 2529 ι
802 2480 860 2533 'U
893 2483 956 2533 ὲκ
994 2481 1088 2534 τοῦ
1122 2481 1354 2552 ούρανοῦ
1390 2483 1654 2546 καταϐάς.
1700 2502 1718 2534 ι
1761 2514 1830 2524 -—

259 2564 491 2634 Ὁμοίως
535 2571 604 2623 ἐκ
642 2572 750 2641 (52)
787 2572 895 2625 τοῦ
927 2574 1136 2628 αὑτοῦ.
1180 2575 1504 2641 Σιγάτωσαν
1551 2576 1676 2645 (55)
1719 2592 1831 2627 τοι·

252 2659 440 2727 γαροῦν
475 2664 532 2715 αἱ
563 2665 691 2734 περὶ
717 2665 825 2717 τῶν
865 2663 1042 2733 λόγων
1071 2665 1300 2734 μάταιαι
1324 2665 1607 2736 ζητήσεις.
1626 2665 1695 2742 Ἡ
1717 2666 1830 2744 χέιρ

253 2747 478 2816 βασιλεία
510 2755 605 2808 τοῦ
642 2755 800 2819 Θεοῦ,
828 2755 1015 2820 καθὼς
1043 2757 1384 2828 γέγραπται,
1409 2757 1511 2809 οὐκ
1532 2759 1590 2810 ὲν
1615 2756 1828 2818 πειθοῖς

249 2838 405 2907 λόγων
436 2847 598 2908 ἐστὶν,
635 2848 749 2900 ἀλλ’
779 2850 837 2900 ἐν
867 2849 1137 2912 ἀποδείξει
1175 2849 1478 2919 δυνάμεως.
1502 2849 1831 2920 Φυλάξωμεν

247 2929 333 3001 τήν
375 2934 643 3006 διαφορὰν
685 2937 782 3007 τῆς
811 2937 1012 3008 σαρκὸς
1044 2938 1259 3007 καὶτῆς
1283 2938 1558 3008 θεότητος.
1589 2933 1686 3002 Εἷς
1719 2939 1831 3008 γὰρ

246 3021 369 3076 Θεοῦ
392 3025 535 3091 Υἱὸς,
561 3025 642 3091 εἷς
672 3029 911 3100 ἑκά-τερα
933 3028 1106 3094 λαλεῖ,
1133 3029 1435 3100 ἐπειδήπερ
1469 3029 1708 3098 ἑκατέρα
1730 3028 1831 3097 φύ-

249 3132 325 3179 σις
351 3121 497 3172 ἐστὶν
533 3125 593 3174 ἐν
622 3121 794 3191 αὐτῷ.
814 3122 956 3174 Ἀλλ’
988 3123 1036 3175 ει
1070 3122 1167 3174 καὶ
1204 3121 1370 3184 αὐτὸς
1394 3120 1578 3181 λαλεῖ,
1627 3123 1725 3191 οὐχ
1750 3122 1829 3173 ἑνὶ

1937 667 2001 704 ea:
2035 652 2259 722 epistola
2295 653 2367 706 ad
2400 654 2721 709 Gratianum
2754 656 3131 725 imperatorem
3154 655 3195 707 ’.
3233 654 3530 710 Servemus

1933 744 2348 802 distinctionem
2371 748 2677 802 divinitatis
2699 757 2753 803 et
2777 749 2982 803 carnis.
3017 749 3173 804 Unus
3206 749 3260 802 in
3291 756 3528 818 utraque

1935 837 2050 908 (57)
2080 837 2327 908 loquitur
2354 841 2449 895 Dei
2478 842 2671 902 Filius,
2693 842 2823 910 quia
2845 841 2902 894 in
2924 841 3122 895 eodem
3145 839 3258 914 (58)
3289 850 3528 910 utraque

1932 939 2132 984 natura
2148 938 2252 984 est.
2287 928 2442 1001 15.3
2465 930 2534 984 Et
2563 931 2606 984 si
2630 931 2776 986 idem
2807 931 3088 1000 loquitur,
3111 945 3221 983 non
3243 944 3355 983 uno
3385 943 3532 983 sem-

1933 1035 2033 1090 per
2053 1021 2300 1091 loquitur
2326 1022 2511 1076 modo.
2547 1022 2775 1077 Intende
2796 1024 2850 1077 in
2879 1039 2946 1077 eo
2969 1024 3081 1094 (59)
3109 1039 3257 1077 nunc
3292 1021 3528 1093 gloriam

1933 1113 2052 1177 Dei,
2075 1129 2224 1168 nunc
2250 1114 2492 1169 hominis
2516 1116 2801 1183 passiOnes
2824 1135 2835 1168 :
2863 1116 3017 1184 quasi
3041 1117 3151 1186 (ω)
3182 1115 3329 1169 Deus
3350 1113 3529 1182 loqui-

1936 1214 2027 1262 tur
2054 1223 2176 1280 qua:
2205 1217 2334 1263 sunt
2363 1209 2572 1270 divina,
2603 1209 2733 1278 quia
2751 1209 2994 1263 Verbum
3019 1219 3135 1263 est:
3173 1210 3328 1277 quasi
3360 1209 3529 1261 homo

1932 1299 2068 1354 dicit
2100 1315 2220 1371 quae
2243 1312 2376 1358 sunt
2399 1303 2637 1356 humana
2672 1299 2808 1372 (Μ),
2837 1301 2968 1369 quia
3006 1300 3058 1353 in
3115 1315 3234 1352 mea
3263 1300 3526 1353 substan-

1935 1388 2009 1442 tia
2048 1389 2397 1457 loquebatur.
2429 1389 2803 1460 —-Ejusdem,
2841 1405 2906 1442 ex
2929 1388 3108 1440 eodem
3148 1387 3335 1440 libro’.
3372 1386 3528 1442 Unde

1933 1481 2067 1534 illud
2104 1481 2214 1551 (42)
2267 1480 2416 1551 quod
2452 1482 2655 1535 lectum
2683 1489 2768 1535 est
2800 1481 2842 1545 ⁸,
2886 1481 3182 1535 Dominum
3223 1478 3528 1549 maiestatis

1931 1574 2256 1627 crucitixum
2291 1589 2432 1635 esse,
2475 1589 2585 1626 non
2621 1572 2776 1642 quasi
2811 1573 2864 1625 in
2899 1572 3185 1641 majestate
3204 1586 3301 1624 sua
3338 1569 3525 1624 cruci-

1932 1664 2098 1719 ﬁxum
2126 1674 2404 1734 putemus,
2434 1666 2528 1719 sed
2565 1666 2692 1734 quia
2736 1665 2882 1718 idem
2930 1665 3096 1724 Deus,
3135 1662 3280 1716 idem
3328 1662 3517 1723 homo,

1930 1774 2031 1827 per
2056 1757 2403 1812 divinitatem
2429 1759 2594 1821 Deus,
2630 1773 2729 1826 per
2755 1757 3164 1826 susceptionem
3209 1755 3397 1809 carnis
3421 1755 3523 1807 Ιιο-

1931 1865 2023 1903 mo
2080 1850 2242 1904 Jesus
2283 1849 2575 1912 Christus,
2623 1850 2889 1903 Dominus
2939 1847 3245 1918 maiestatis
3312 1845 3524 1899 dicitur

1931 1939 2248 2002 cruciﬁxus,
2300 1940 2428 2008 quia
2463 1955 2691 1993 consors
2741 1940 3034 2007 utriusque
3084 1947 3314 1998 natune,
3347 1935 3398 1988 id
3439 1942 3526 1988 est

1931 2031 2188 2084 humanm
2232 2033 2434 2098 atque'
2467 2030 2689 2093 divinm,
2722 2030 2776 2082 in
2820 2037 3017 2083 natura
3066 2027 3308 2081 hominis
3352 2025 3525 2080 subiit

1929 2122 2278 2191 passionem:
2330 2130 2388 2174 ut
2451 2121 2751 2173 indiscrete
2791 2130 2847 2173 ct
2905 2119 3171 2173 Dominus
3218 2116 3526 2186 majestatis

1930 2215 2149 2268 dicatur
2171 2226 2293 2267 esse
2329 2213 2421 2281 qui
2451 2228 2644 2282 passus
2679 2223 2783 2274 est,
2811 2221 2867 2266 et
2891 2211 3038 2264 filius
3073 2209 3335 2269 hominis,
3380 2209 3528 2261 sicut

1931 2301 2199 2370 scriptum
2223 2309 2337 2354 est:
2380 2319 2397 2351 ι
2423 2299 2526 2365 Qui
2565 2299 2858 2353 descendit
2883 2299 2951 2351 de
2975 2298 3116 2352 cmlo
3150 2299 3189 2350 ".
3218 2316 3235 2346 ι
3269 2296 3522 2360 ⁵--1ιεηι,

1933 2407 1996 2444 ea:
2045 2390 2223 2443 eodem
2256 2391 2297 2444 ⁸.
2353 2389 2563 2444 Sileant
2611 2390 2778 2459 igitur
2824 2388 3018 2442 inanes
3066 2386 3133 2441 de
3169 2385 3528 2440 sermonibus

1931 2483 2286 2552 quazstioncs,
2321 2482 2450 2552 quia
2479 2498 2711 2552 regnum
2749 2482 2868 2546 Dei,
2905 2481 3047 2534 sicut
3076 2481 3345 2549 scriptum
3368 2487 3454 2533 est
3480 2480 3524 2542 ",

1930 2591 2042 2629 non
2070 2575 2125 2628 in
2158 2575 2519 2643 persuasione
2532 2574 2688 2627 verbi
2714 2583 2819 2637 est,
2847 2573 2940 2628 sed
2977 2574 3030 2627 in
3061 2573 3386 2626 ostensione
3413 2573 3528 2626 vir-

1934 2666 2087 2720 tutis.
2112 2664 2409 2718 Servemus
2429 2663 2847 2717 distinctionem
2874 2663 3186 2739 divinitatis
3225 2673 3282 2717 et
3320 2663 3522 2717 carnis.

1937 2757 2097 2829 144
2135 2756 2289 2811 Unus
2318 2757 2371 2809 in
2398 2763 2634 2825 utraque
2663 2756 2912 2826 loquitur
2945 2755 3041 2808 Dei
3070 2755 3264 2814 Filius.
3300 2755 3430 2822 quia
3470 2755 3526 2808 in

1931 2846 2125 2899 eodem
2163 2852 2397 2913 utraque
2427 2854 2623 2897 natura
2654 2854 2758 2899 est.
2791 2843 2906 2898 Etsi
2937 2844 3083 2899 idem
3109 2844 3379 2914 loquitur,
3413 2861 3525 2897 non

1934 2952 2047 2990 uno
2081 2951 2300 3005 semper
2356 2936 2604 3005 loquitur
2664 2936 2852 2990 modo.
2903 2936 3134 2991 Intende
3170 2936 3224 2989 in
3271 2952 3340 2987 eo
3379 2953 3528 2992 nunc

1931 3026 2164 3097 gloriam
2196 3026 2328 3090 Dei,‘
2358 3042 2507 3079 nunc
2537 3026 2784 3080 hominis
2831 3027 3140 3094 passiones.
3177 3024 3343 3091 Quasi
3380 3025 3527 3078 Deus

1932 3116 2180 3186 loquitur
2210 3132 2332 3186 qua:
2361 3125 2490 3170 sunt
2519 3116 2729 3179 divina,
2756 3115 2887 3184 quia
2918 3116 3165 3169 Verbum
3220 3125 3331 3168 est:
3367 3115 3525 3184 quasi

249 3208 416 3274 μέντοι
445 3230 512 3279 γε
550 3212 788 3266 πάντοτε
822 3214 1011 3285 τρόπῳ
1040 3212 1213 3268 λαλεῖ.
1263 3214 1433 3284 Ὀρᾷς
1466 3213 1576 3284 γὰρ
1600 3214 1656 3265 ὲν
1679 3213 1828 3283 αύτῴ

1933 3209 2100 3265 homo
2123 3207 2259 3262 dicit
2288 3223 2353 3261 ea
2393 3215 2678 3277 quzesunt
2702 3208 2964 3268 humana,
2992 3207 3124 3276 quia
3161 3207 3216 3260 in
3253 3207 3355 3259 hac
3390 3205 3527 3259 sub-

246 3295 330 3349 νῦν
358 3301 454 3368 μὲν
480 3301 644 3366 δόξαν
678 3301 836 3364 Θεοῦ,
858 3302 954 3354 νῦν
984 3302 1041 3355 δὲ
1072 3301 1214 3373 πάθη
1247 3303 1540 3372 ἀνθρώπου
1567 3302 1705 3373 (54).
1741 3303 1828 3368 Ὠς

238 3388 363 3451 Θεὸς
394 3391 549 3444 λαλεί
573 3392 646 3445 τὰ
687 3393 827 3455 θεῖα,
857 3393 1155 3464 ἐπειδήπερ
1189 3393 1359 3462 Λόγος
1379 3408 1391 3419 ·
1426 3393 1502 3456 ὠς
1539 3392 1828 3463 ἄνθρωπος

242 3477 384 3533 λαλεῖ
406 3482 476 3535 τὰ
510 3482 867 3556 ἀνθρώπινα,
907 3484 1210 3554 ἐπειδήπερ
1256 3486 1315 3537 ὲν
1333 3483 1508 3554 ταύτῃ
1545 3483 1727 3538 ἐλάλει
1756 3486 1825 3554 τῇ

241 3571 407 3640 φύσει.
429 3607 498 3629 —-.
521 3577 639 3630 Τοῦ
660 3576 871 3639 αὐτοῦ,
889 3577 960 3630 ἐκ
984 3576 1292 3645 τοῦλόγου
1321 3575 1426 3629 τοῦ
1454 3575 1591 3644 περὶ
1613 3574 1725 3644 τῆς
1739 3575 1830 3630 ἐν·

239 3664 681 3733 αι’θρωπήσεως
701 3665 809 3718 τοῦ
840 3667 1065 3734 Κυρίου
1101 3667 1252 3720 κατὰ
1286 3664 1826 3733 Ἀπολιναριστῶν.

247 3751 376 3805 Ἀλλ’
411 3758 470 3807 ἐν
505 3759 625 3828 ὅσῳ
652 3757 877 3820 τούτους
904 3757 1227 3828 ἐλέγχομεν,
1255 3759 1575 3828 ἀνεφύησαν
1625 3760 1830 3828 ἕτεροι,

238 3841 476 3913 λέγοντες
520 3851 586 3903 τό
632 3867 695 3903 τε
725 3850 886 3920 σῶμα
928 3850 1022 3904 τοῦ
1055 3851 1295 3922 Χριστοῦ
1327 3851 1420 3904 καὶ
1464 3851 1562 3921 τὴν
1598 3852 1833 3920 Θεὸτητα

238 3939 354 4004 μιᾶς
381 3940 610 4009 φύσεως
636 3938 984 4005 εἶναιοηοίος
1010 3943 1144 4014 ᾅδης
1170 3944 1270 4013 τὴν
1292 3941 1560 4013 τοσαύτην
1584 3942 1829 4012 βλασφη-

235 4026 356 4095 μίαν
383 4031 664 4101 ὲρεύξατο
695 4033 808 4103 (55)
834 4050 848 4098 ;
895 4035 1162 4104 Ἀρειανοὶ
1186 4035 1297 4102 γὰρ
1327 4033 1425 4106 ἤδη
1468 4035 1834 4104 τυγχάνουσιν

232 4119 602 4198 ἀνεκτότεροι,
643 4119 726 4182 ὧν
751 4128 786 4197 ἡ
831 4127 1066 4182 ἀπιστία
1090 4126 1179 4181 διὰ
1209 4127 1434 4192 τούτους
1459 4129 1788 4199 κρατύνεται
1811 4167 1829 4196 ,

293 4263 311 4293 ³
333 4264 406 4320 De
431 4264 568 4331 ﬁde,
612 4266 721 4320 lib.
757 4282 817 4330 ιι,
844 4280 894 4320 c.
921 4265 977 4321 9.
1051 4265 1073 4296 ³
1109 4264 1272 4329 lbid.,
1302 4280 1353 4321 c.
1381 4266 1433 4319 7.
1501 4265 1519 4297 ⁸
1549 4267 1570 4322 ι
1599 4265 1726 4321 Cor.
1765 4281 1825 4332 ιι,

1995 4265 2197 4320 'Joan.
2237 4281 2315 4329 ιιι,
2354 4265 2440 4319 15.

229 4345 282 4397 ιι,
309 4335 359 4390 4.
434 4337 456 4368 ³
487 4338 572 4392 De
599 4338 827 4390 incarn.
862 4350 1119 4400 sacram.,
1155 4350 1204 4389 c.
1238 4336 1292 4390 6.
1370 4336 1392 4368 θ
1419 4336 1553 4391 ibid.

289 4468 397 4543 (9.7)
431 4472 590 4539 διαξρ
650 4469 764 4524 Ed.
804 4469 965 4522 Rom.
1002 4475 1059 4522 et
1090 4467 1239 4537 Lips.
1272 4467 1330 4520 ιι.
1360 4467 1400 4521 1.
1437 4468 1605 4522 habet
1627 4466 1836 4538 διαιρέ-

228 4556 526 4682 “Etim;
566 4609 685 4666 Ed.
738 4608 898 4682 nom.
934 4617 991 4662 ει
1037 4608 1189 4679 Lies-
1240 4607 1405 4682 6U"
1457 4615 1691 4682 “"‘W'w
1728 4608 1833 4662 is”

225 4679 449 4737 editione
478 4698 603 4736 non
637 4679 949 4750 apponitur
971 4690 1233 4748 punctum
1265 4679 1677 4750 adgprzecedens
1703 4696 1835 4747 σαρ-
1865 4679 1909 4735 D
1937 4681 2080 4740 loco.
2111 4689 2150 4734 t.
2185 4681 2249 4742 ll,
2297 4681 2385 4734 ed.
2427 4682 2631 4734 Bened.

228 4752 325 4812 κὶς.
358 4769 463 4808 nec
490 4748 720 4807 deinde
745 4748 817 4802 ad
849 4748 1040 4815 φύσεις
1071 4751 1229 4811 εἰσὶν,
1263 4749 1358 4803 sed
1400 4764 1502 4802 una
1534 4749 1678 4802 serie
1702 4763 1832 4817 pro-

225 4821 462 4888 greditur
499 4822 706 4878 oratio
742 4833 925 4888 usque
957 4818 1023 4872 ad
1059 4820 1087 4871 ό
1118 4819 1279 4881 αὐτὸς
1313 4818 1486 4876 λαλεῖ.
1519 4819 1630 4888 ubi
1687 4835 1832 4887 pun-

225 4887 356 4964 ctum
392 4896 660 4964 ponitur,
719 4899 778 4944 et
815 4887 884 4941 ad
924 4890 1466 4964 sequens‘rtdtvtoze.
1500 4887 1675 4941 Aliam
1710 4888 1832 4964 dis-

227 4958 517 5019 tinctionen
572 4969 826 5018 secutus
856 4967 941 5012 est
974 4958 1262 5030 Strigelius
1294 4960 1350 5013 in
1379 4958 1834 5027 interpretatione

226 5045 306 5087 sua
337 5035 555 5090 Latina.

285 5105 385 5173 (29)
421 5107 526 5158 ἐνί.
567 5103 684 5159 Ed.
714 5102 883 5155 Rom.
908 5099 1134 5173 e_t_Lip_s.
1169 5099 1319 5168 ἡμῖν.
1350 5097 1535 5153 Graaca
1568 5099 1625 5152 h.
1651 5098 1691 5152 Ι.
1719 5115 1829 5154 non

228 5173 337 5247 satis
365 5169 734 5247 re§pondent
767 5170 945 5225 textui
975 5169 1190 5247 Latino.

284 5243 386 5316 (50)
437 5237 560 5301 ἀλλ’
597 5246 689 5316 ἐτ.
728 5258 828 5312 τρ.
866 5257 961 5316 np.
1004 5238 1186 5293 αὐτόν.
1227 5238 1374 5316 Ιξᾱίῐ.
1404 5239 1564 5292 Rom.
1594 5246 1651 5292 et
1676 5237 1826 5310 Lips.

349 5309 508 5380 ε’ςτω,
535 5315 754 5387 τρόπῳ
775 5309 1032 5387 ’πρρσεχε
1065 5309 1293 5387 σεαυτῷ.

285 5385 385 5458 (31)
427 5378 504 5453 to;
539 5378 614 5428 _L.
879 5379 1048 5458 λαὶεςί.
1083 5378 1209 5433 Haec
1253 5379 1387 5433 satis
1435 5379 1653 5433 diversa
1701 5391 1830 5434 sunt

231 5450 376 5512 abiis
421 5450 810 5528 quazideinde
834 5450 976 5528 infra
1000 5450 1278 5528 leguntur.

291 5529 391 5591 (δί)
423 5519 507 5581 ἐκ.
545 5519 964 5596 Supplendum
995 5519 1117 5596 iuit.

286 5589 386 5670 (55)
418 5589 1223 5670 Σιγάτυίσάν--δρνᾴξιεωᾳᾼ
1249 5589 1375 5645 lizec
1417 5600 1547 5645 sunt
1598 5607 1662 5647 ea
1711 5612 1833 5665 qua;

231 5659 402 5726 aluisse
432 5659 592 5726 erant
630 5670 693 5722 in
743 5659 1314 5732 superioribus._Qti;e
1340 5673 1669 5730 sequuntur,
1731 5659 1832 5732 Epu-

234 5736 454 5813 ὶάξωμεν
491 5759 548 5795 κ.
587 5758 648 5793 τ.
689 5738 748 5790 λ.
796 5730 928 5787 cum
972 5738 1121 5784 textu
1157 5730 1352 5784 Latino
1396 5747 1506 5785 non
1533 5739 1666 5800 satis
1703 5730 1833 5792 con-

237 5815 455 5868 veniunt.

412 5883 572 5939 avt-9.
616 5879 732 5936 Ed.
769 5876 938 5930 Rom.
970 5879 1025 5928 et
1051 5869 1196 5941 Lips.
1219 5872 1542 5943 ἀνθρώπων.

1931 3300 2130 3354 stantia
2176 3298 2926 3369 loquebatur.——Ejusdem”,
2963 3316 3026 3353 ea:
3061 3299 3195 3353 libro
3231 3300 3294 3351 de
3347 3300 3527 3350 iurar-

1933 3394 2153 3446 natione
2191 3392 2401 3445 Domini
2434 3401 2622 3444 contra
2658 3391 3097 3461 Apollinaristas.
3121 3391 3228 3446 Sed
3261 3390 3391 3443 dum
3425 3390 3527 3444 hos

1933 3484 2342 3554 redarguimus,
2379 3491 2675 3554 emergunt
2700 3484 2816 3545 alii,
2840 3483 2936 3553 qui
2963 3500 3186 3537 carnem
3219 3481 3438 3536 Domini
3471 3487 3530 3534 et

1933 3577 2281 3632 divinitatem
2313 3575 2507 3629 dicunt
2529 3574 2694 3628 unius
2720 3591 2842 3629 esse
2871 3585 3103 3628 naturae.
3149 3574 3279 3639 Quae
3311 3579 3524 3627 tantum

1934 3669 2285 3738 sacrilegium
2305 3668 2519 3722 inferna
2546 3668 2918 3721 vomuerunt?
2949 3667 3068 3721 Jam
3119 3665 3529 3720 tolerabiliores

1934 3767 2066 3814 sunt
2087 3759 2300 3822 Ariani,
2331 3773 2567 3827 quorum
2603 3773 2700 3827 per
2733 3757 2868 3812 istos
2907 3757 3153 3827 perfidia:
3194 3757 3364 3810 robur
3396 3754 3528 3808 ado-

1935 3853 2116 3914 lescit,
2146 3859 2207 3904 ut
2239 3852 2448 3919 majore
2494 3850 2854 3904 contentione
2903 3859 3155 3903 asseram
3192 3849 3432 3911 Patrem,
3470 3855 3528 3901 ct

1940 3945 2168 4007 Filium,
2197 3951 2253 3998 et
2285 3942 2555 4011 Spiritum
2591 3954 2844 3997 sanctum
2888 3943 3054 3998 unius
3091 3959 3200 3997 non
3244 3958 3363 3997 esse
3391 3940 3525 3996 sub-

1938 4035 2188 4099 stantize;
2223 4034 2353 4104 quia
2398 4034 2488 4088 isti
2538 4033 2884 4087 divinitatem
2927 4035 3142 4089 Domini
3203 4044 3258 4088 et
3285 4047 3524 4114 _carnem

1938 4127 2266 4183 substantia:
2295 4125 2462 4180 unius
2490 4126 2677 4181 dicere
2703 4134 3080 4182 tentaverunt.
3101 4158 3169 4166 —
3188 4126 3442 4198 Ejusdem
3478 4123 3523 4190 ’,

2517 4265 2538 4295 ⁶
2570 4265 2647 4320 De
2687 4265 3015 4331 ﬁde,lib.n,
3037 4265 3228 4334 eap.9.
3304 4264 3368 4318 Ἰ
3397 4262 3523 4318 Cor.

2017 4466 2127 4538 (55)
2158 4461 2516 4540 ἴτρ.ὐιιίιιιιιθ
2535 4469 2705 4524 editio
2738 4469 3026 4538 ὴρεύξατο.

2018 4539 2129 4610 (ὅσοι)
2158 4537 2259 4593 llic
2291 4537 2445 4595 locus
2481 4542 2535 4593 in
2575 4541 2711 4595 edit.
2743 4537 2912 4595 Sirm.
2950 4541 3021 4594 ita
3056 4539 3326 4610 allegatus
3356 4551 3481 4596 erat
3509 4561 3521 4595 :

1948 4609 2022 4662 De
2047 4610 2170 4677 (ide,
2200 4611 2296 4663 lib.
2330 4627 2378 4663 c.
2407 4612 2456 4664 ι.
2486 4613 2673 4666 Exstat
2694 4627 2761 4664 eo
2782 4627 2943 4678 quem
2983 4609 3122 4663 infra
3157 4613 3529 4678 expressimus

2674 4698 2728 4749 p.
2769 4681 2893 4742 485,
2923 4697 3093 4749 segni.
3136 4681 3224 4750 77.
3253 4682 3527 4750 lntegrum

1933 4765 2063 4806 vero
2095 4750 2273 4804 locum
2310 4751 2434 4803 vide
2469 4767 2589 4821 pag.
2623 4766 2764 4818 seq..
2791 4751 2893 4821 rubi
2917 4751 3104 4804 Graeca
3143 4749 3528 4819 interpretatio

1931 4821 2118 4875 multis
2147 4821 2324 4874 modis
2348 4822 2416 4874 ab
2441 4820 2694 4874 hoeloco
2717 4820 2922 4875 dillert.

2004 4890 2115 4958 (57)
2145 4891 2421 4960 Loquitur.
2456 4892 2666 4944 Mallem
2710 4890 2987 4959 respondet
3043 4890 3126 4950 (ut.
3169 4891 3336 4946 habet
3380 4892 3527 4947 Stri-

1931 4961 2150 5034 gelius),
2189 4962 2234 5014 si
2264 4961 2455 5034 liceret
2501 4971 2708 5034 textum
2741 4976 2805 5014 ex
2846 4961 3301 5030 interpretatione
3333 4961 3523 5018 Grmea

1930 5031 2247 5091 cmendare,
2270 5031 2415 5099 quod
2441 5032 2574 5084 mihi
2606 5047 2715 5084 non
2741 5046 2918 5084 sumo.

2012 5101 2122 5170 (58)
2160 5101 2380 5155 Eodem.
2418 5100 2798 5170 Supplendum
2828 5101 2936 5154 hoc
2966 5099 3089 5154 fuit.
3122 5100 3315 5156 Exstat
3360 5102 3524 5167 infra,

1939 5172 2049 5234 imo
2078 5171 2241 5225 etiam
2274 5171 2328 5224 in
2355 5171 2490 5225 edit.
2527 5172 2804 5225 Benedict.

2009 5239 2124 5312 (59)
2154 5242 2207 5293 in
2243 5257 2321 5294 eo.
2358 5240 2756 5312 rSupplevimus
2788 5242 2906 5295 hsce
2954 5242 3144 5304 verba,
3195 5259 3318 5312 qua:
3355 5244 3524 5298 etiam

1937 5312 2101 5372 infra,
2128 5319 2184 5365 ct
2209 5312 2262 5364 in
2303 5311 2392 5365 ed.
2424 5311 2628 5365 Bened.
2655 5321 2891 5366 exstant.

2011 5381 2118 5451 (40)
2154 5383 2325 5445 quasi.
2361 5383 2674 5436 Delevimus
2721 5384 2870 5452 quia,
2920 5382 3064 5450 quod
3103 5383 3156 5436 in
3186 5383 3321 5437 edit.
3351 5383 3519 5438 Sirm.

1931 5453 2296 5522 praecedebat,
2333 5451 2431 5506 sed
2486 5467 2662 5524 neque
2692 5451 2748 5507 in
2799 5461 2946 5507 textu
2999 5452 3187 5506 Graeco
3209 5494 3222 5516 ,
3257 5469 3436 5524 neque
3465 5455 3519 5508 in

1933 5524 2071 5578 edit.
2106 5524 2306 5577 Bened.
2341 5531 2536 5577 exstat.

2010 5594 2121 5664 (41)
2154 5597 2410 5648 humana.
2437 5593 2514 5647 lta
2544 5609 2763 5664 quoque
2792 5593 2879 5647 ed.
2921 5593 2960 5648 l.
2999 5611 3046 5648 c.
3079 5594 3198 5648 Non
3233 5593 3390 5648 licuit
3424 5595 3524 5647 ita-

1936 5680 2044 5735 que
2076 5665 2378 5718 rescribere
2408 5663 2649 5723 humilia,
2691 5664 2794 5736 etsi
2829 5665 2936 5718 hoc
2960 5665 3131 5736 magis
3164 5664 3519 5736 responderet

1934 5733 2054 5790 voci
2095 5736 2346 5790 ταπεινὰ.
2374 5752 2472 5802 pro
2500 5752 2606 5804 qua
2638 5733 2775 5788 intra
2807 5735 3006 5803 legitur
3036 5733 3374 5804 ἄνϐρὼπινσ.

2011 5807 2122 5872 (ιέ)
2157 5805 2301 5857 (Inde
2348 5802 2529 5864 illum
2553 5817 2658 5858 etc.
2685 5804 2840 5858 Cotti".
2877 5802 2948 5860 ad
2986 5806 3039 5859 lt.
3091 5802 3424 5860 lfScholion
3461 5802 3517 5857 in

1929 5877 2063 5932 edit.
2093 5877 2369 5930 Benedirl.
2412 5886 2450 5930 t.
2485 5877 2548 5932 ιι,
2581 5893 2633 5944 ν,
2671 5876 2793 5929 tsi.
