4136 6390
681 377 786 446 195
1691 371 2182 438 THEODORETI
2222 374 2264 434 E

2366 375 2561 436 SCOPI
2601 376 2970 437 CYRENSIS
3849 367 3940 436 196

677 495 821 566 fecit,
849 493 1098 565 designat
1126 491 1444 562 Apostolus,
1470 487 1626 562 152
1654 488 1750 543 sed
1775 488 2001 544 humilis
2023 487 2264 542 inaltum

2375 487 2586 542 Οὐκοῦν
2627 489 2689 542 οὐ
2729 490 2831 559 τὴν
2876 487 3209 560 προαιὼνιον
3245 485 3480 558 ὕπαρξιν
3505 482 3598 537 τοῦ
3640 484 3835 554 Κυρίου
3863 484 3943 541 διά

676 584 1040 648 evectionem,
1063 599 1184 653 quae
1212 599 1243 636 a
1269 580 1510 636 dexteris
1531 580 1627 633 Dei
1652 578 1795 634 facta
1814 586 1917 641 est.
1945 578 2264 632 Declaratur

2372 579 2465 633 τοῦ
2521 581 2780 646 ἐποίησε
2826 580 3070 651 ῥήματος
3129 579 3463 648 παρίστησιν
3515 576 3544 629 6
3603 575 3940 636 ’Δπὸστολος·

675 676 823 730 enim
853 688 953 744 per
981 673 1088 727 hoc
1117 673 1346 726 verbum
1379 670 1600 740 pietatis
1621 669 1962 741 mysterium.
1990 667 2093 734 Qui
2114 668 2264 722 enim

2373 670 2509 725 ἀλλὰ
2533 671 2632 740 τὴν
2654 670 2748 723 τοῦ
2775 669 3036 723 ταπεινοῦ
3072 669 3211 738 πρὸς
3245 670 3306 721 τὸ
3339 668 3544 738 ὑψηλὸν
3575 667 3942 738 μεταποίησιν,

674 765 832 828 dixit,
887 783 908 814 ‹
941 763 1168 819 dextera
1213 763 1306 818 Dei
1346 763 1640 826 exaltatus,
1684 781 1702 810 ι
1733 775 1987 814 arcanam
2017 759 2265 830 mysterii

671 857 1150 926 dispensationem
1183 863 1370 926 aperte
1405 853 1684 924 patefacit,
1716 850 1861 922 quod
1885 849 2114 905 dextera
2145 851 2265 915 Dei,

671 962 794 1017 quae
835 947 1022 1002 omnia
1059 946 1328 1009 condidit,
1369 959 1493 1015 qua:
1529 952 1614 998 est
1648 943 1934 1005 Dominus,
1974 957 2074 1009 per
2103 957 2268 1012 quem

2372 762 2474 832 τὴν
2503 761 2616 832 (24)
2657 763 2721 814 ἐκ
2758 760 2951 828 δεξιῶν
2978 761 3075 814 τοῦ
3108 760 3247 813 Θεοῦ
3292 759 3690 830 γεγενημένην.
3718 755 3945 827 Σαφηνὲ-

2374 851 2527 918 {erat
2555 851 2663 922 γὰρ
2691 853 2804 921 (25)
2833 852 2921 906 διὰ
2954 851 3150 905 τούτου
3186 850 3283 903 τοῦ
3321 852 3572 921 ῥήματος
3597 850 3658 903 τὺ
3687 849 3785 918 τῆς
3807 848 3950 901 εὐσε-

2371 946 2524 1009 ϐείας
2555 946 2873 1017 μυστήριον.
2913 947 2976 998 ὐ
3007 944 3116 1013 γάρ
3139 945 3330 1007 εἰπὼν,
3362 962 3381 994 ι
3416 943 3495 1014 Τῇ
3519 943 3669 1012 δεξιᾷ
3692 939 3787 994 τοῦ
3823 937 3948 992 Θεοῦ

672 1040 857 1093 omnia
895 1040 1036 1094 facta
1062 1048 1210 1102 sunt,
1238 1047 1295 1093 et
1329 1038 1450 1093 sine
1484 1053 1595 1106 quo
1621 1035 1762 1089 nihil
1796 1033 2050 1089 subsistit
2072 1049 2264 1087 eorum

2373 1036 2630 1106 ὑψωθεὶς,
2665 1055 2685 1088 ι
2731 1035 2981 1106 φανερῶς
3031 1033 3370 1088 έκκαλύπτει
3407 1035 3506 1104 τὴν
3533 1035 3841 1105 ἀπόρρητον
3861 1029 3949 1083 τοῦ

672 1141 796 1194 (μω
830 1126 969 1181 facta
998 1135 1148 1190 sunt,
1179 1128 1296 1196 ipsa
1336 1125 1615 1178 hominem
1655 1123 1761 1177 sibi
1809 1122 2026 1176 unitum
2061 1123 2116 1176 in
2136 1137 2264 1192 pro-

2374 1129 2674 1200 μυστηρίου
2722 1127 2835 1195 (26)
2869 1127 3206 1197 οἰκονομίαν,
3257 1127 3338 1178 ὅτι
3368 1127 3402 1196 ἡ
3428 1125 3580 1190 δεξιά
3611 1125 3704 1178 τοῦ
3733 1123 3886 1187 Θεοῦ,
3919 1125 3950 1195 ἡ

676 1213 852 1284 priam
889 1217 1181 1272 sustulerit
1210 1213 1610 1268 sublimitatem
1645 1227 1744 1282 per
1769 1211 2050 1266 unionem.

2374 1216 2634 1285 ποιητικὴ
2677 1212 2786 1264 τῶν
2819 1211 2930 1280 (2η
2965 1210 3135 1264 δντων
3169 1211 3411 1274 πάντων,
3459 1211 3581 1280 ἥτις
3607 1212 3755 1263 ἐστὶν
3785 1213 3812 1264 6
3845 1206 3951 1261 Kri-

679 1323 819 1378 ριος,
859 1306 926 1359 δι’
963 1300 1023 1358 οῦ
1056 1307 1126 1358 τὰ
1159 1306 1336 1358 πάντα
1369 1306 1608 1374 ἐγένετο,
1678 1306 1772 1358 καὶ
1829 1300 1891 1358 οῦ
1927 1305 2096 1376 χωρὶς
2133 1304 2341 1378 ὑπέστη
2381 1308 2494 1360 τῶν
2526 1306 2828 1377 γεγονότων
2875 1304 2988 1375 (28)
3020 1304 3193 1369 eam,
3230 1301 3371 1372 αὕτη
3419 1303 3530 1375 (29)
3559 1304 3651 1357 τὸν
3693 1301 3953 1356 ἑνωθέντα

678 1397 817 1468 πρὸς
852 1397 1020 1466 αὐτὴν
1058 1395 1348 1465 ἄνθρωπον
1397 1397 1476 1457 είς
1519 1395 1579 1447 τὺ
1636 1393 1768 1448 ἴδιον
1817 1395 2098 1464 ἀνήγαγεν
2147 1395 2262 1465 (50)
2303 1394 2436 1464 ὕψος
2472 1397 2560 1451 διὰ
2587 1398 2684 1467 τῆς
2714 1397 2962 1458 ἑνώσεως
2990 1396 3129 1467 (3i).

960 1506 1142 1563 Sancti
1169 1507 1517 1577 Amphilocliii
1543 1509 1768 1579 episcopi
1793 1507 1978 1562 lcam'i.

2440 1510 2549 1565 Τοῦ
2579 1511 2754 1580 ἁγίου
2797 1509 3185 1580 Ἀμφιλοχίου
3215 1509 3556 1563 ἐπισκόπου
3609 1509 3905 1565 Ἰκονίου..

753 1623 833 1678 Ea:
877 1625 1118 1676 oratione
1162 1624 1219 1676 in
1264 1621 1398 1674 illud
1443 1638 1461 1674 :
1510 1639 1528 1670 ι
1563 1620 1726 1672 Pater
1772 1635 1913 1671 meus
1957 1620 2134 1688 major
2186 1637 2268 1674 me

682 1725 762 1772 est
788 1717 854 1770 ⁸⁸.
895 1735 911 1768 ι
960 1717 1219 1769 Discerne
1255 1715 1516 1781 deinceps
1554 1720 1799 1774 naturas,
1836 1727 2000 1764 unam
2032 1711 2148 1776 Dei,
2183 1713 2264 1766 al-

678 1815 848 1862 teram
883 1806 1144 1860 hominis.
1179 1806 1366 1874 Neque
1400 1805 1548 1858 enim
1576 1819 1642 1858 ex
1676 1804 1787 1858 Deo
1818 1803 2077 1859 excideris
2103 1805 2264 1860 homo

2372 1805 2468 1860 τοῦ
2499 1805 2660 1868 Θεοῦ,
2677 1807 2778 1876 τήν
2795 1823 2851 1858 τε
2867 1806 2964 1859 τοῦ
2977 1805 3076 1858 ἀνθ
3086 1805 3292 1877 ρώπου.
3318 1804 3455 1857 Οὔτε
3476 1805 3743 1876 γάρκατὰ
3759 1805 3958 1859 ἔκπτω-

675 1898 853 1953 l’actus
885 1908 1004 1963 est,
1050 1914 1230 1967 neque
1279 1897 1576 1966 proficiens
1598 1936 1612 1959 ,
1663 1910 1729 1948 ex
1765 1896 1987 1950 homine
2013 1895 2178 1952 Deus.
2199 1925 2264 1936 -

2375 1913 2461 1950 σιν
2479 1899 2544 1949 ἐκ
2566 1896 2702 1950 Θεοῦ
2726 1898 2948 1965 γέγονεν
2969 1897 3065 1948 ave
3076 1913 3280 1966 ρωπος,
3297 1895 3418 1948 οὔτε
3438 1897 3580 1948 κατά
3600 1897 3886 1966 προκοπὴν
3901 1893 3958 1960 ἐξ

675 1991 964 2063 Ejusdem,
999 2008 1063 2045 ex
1095 1993 1335 2044 oratione
1375 1992 1428 2043 in
1474 1989 1609 2044 illud
1644 2008 1659 2044 :
1699 2008 1719 2038 ι
1760 1989 1876 2042 Non
1910 1998 2077 2059 potest
2102 1987 2264 2041 Filius

2373 1988 2662 2058 ἀνθρώπου
2681 1988 2834 2051 Θεός.
2871 2019 2940 2030 -—
2980 1989 3091 2042 Τοῦ
3116 1989 3326 2047 αὐτοῦ.
3347 1990 3416 2042 ἐκ
3437 1989 3544 2042 τοῦ
3562 1990 3753 2059 λόγου
3773 1991 3859 2053 εις
3873 1987 3956 2050 τὸ,

2456 1622 2556 1677 Ἐκ
2586 1624 2691 1678 τοῦ
2716 1625 2904 1692 λόγου
2927 1623 3035 1677 τοῦ
3059 1625 3148 1686 είς
3174 1624 3297 1686 τὸ,ι
3323 1624 3375 1675 '0
3401 1620 3956 1692 ﬂanipppvpelﬁur

2366 1716 2486 1782 μού
2515 1715 2705 1768 ἐστιν.
2735 1735 2752 1766 ι
2777 1717 3066 1785 Διάκρινον
3089 1715 3201 1784 (52)
3225 1714 3412 1768 λοιπὸν
3433 1714 3533 1778 τὰς
3555 1715 3770 1784 φύσεις,
3789 1717 3887 1783 τήν
3901 1730 3957 1765 τε

675 2084 966 2155 quidquam
1008 2075 1182 2152 facere
1224 2098 1287 2134 ea:
1327 2083 1497 2151 seipse
1545 2083 1610 2136 ⁸⁷.
1667 2102 1685 2134 ι
1731 2082 1858 2136 Post
1903 2080 2267 2134 resurrectio—

674 2187 801 2226 nem
849 2173 997 2225 enim
1045 2171 1312 2224 Dominus
1363 2181 1659 2242 utrumque
1707 2171 1983 2236 ostendit,
2022 2182 2079 2226 et
2119 2169 2266 2241 quod

673 2277 876 2332 corpus
911 2277 1019 2315 non
1049 2261 1120 2315 sit
1153 2262 1279 2323 tale,
1311 2269 1368 2315 et
1401 2263 1548 2331 quod
1580 2263 1631 2316 id
1667 2263 1846 2332 ipsum
1882 2261 2264 2315 resurrexerit.

674 2353 882 2423 Repete
915 2353 1180 2406 memoria
1212 2353 1520 2407 historiam.
1552 2353 1723 2408 Erant
1752 2353 2006 2422 discipuli
2038 2369 2269 2422 congre-

673 2447 784 2517 gati
813 2457 936 2514 post
958 2447 1267 2514 passionem
1293 2454 1350 2500 et
1382 2446 1868 2507 resurrectionem,
1895 2454 2096 2498 etcum
2119 2445 2268 2500 fores

672 2545 860 2592 essent
898 2538 1098 2591 clausze
1130 2535 1195 2600 ⁸⁸,
1241 2537 1394 2590 stetit
1435 2536 1490 2589 in
1525 2536 1708 2590 medio
1748 2551 1942 2589 eorum
1978 2538 2262 2600 Dominus,

672 2629 821 2700 quod
845 2638 971 2683 ante
996 2629 1308 2698 passionem
1329 2643 1612 2697 nunquam
1637 2627 1862 2681 fecerat.
1890 2627 1973 2682 An
1995 2643 2126 2683 vero
2154 2643 2265 2683 non

673 2729 890 2790 poterat
917 2719 1173 2777 Christus
1206 2719 1312 2773 hoc
1352 2727 1408 2773 et
1438 2729 1598 2772 antea
1629 2719 1844 2774 facere?
1878 2719 2034 2789 153
2067 2718 2264 2775 Omnia

671 2815 819 2869 enim
874 2815 984 2868 Deo
1028 2816 1045 2833 ‘
1084 2812 1366 2883 possibilia
1413 2818 1561 2866 sunt.
1617 2810 1725 2865 Sed
1773 2821 1899 2866 ante
1951 2813 2261 2881 passionem

671 2919 783 2960 non
833 2904 994 2968 fecit,
1044 2920 1113 2959 ne
1157 2906 1423 2959 visionem
1469 2918 1591 2958 esse
1638 2903 2126 2973 dispensationem,
2178 2907 2261 2961 vel

673 2998 988 3067 opinionem
1016 2996 1317 3058 existimes,
1351 3011 1488 3048 neve
1522 2993 1861 3064 spiritualem
1900 3007 2061 3065 putes
2095 2996 2260 3052 Chri-

671 3090 742 3146 sti
775 3104 1026 3149 carnem,
1060 3103 1163 3142 nec
1207 3103 1237 3141 e
1271 3087 1426 3141 caelis
1465 3085 1850 3151 descendisse,
1896 3091 1999 3142 nec
2031 3088 2258 3143 alterius

671 3196 794 3236 esse
838 3179 1190 3239 substantias,
1222 3187 1279 3232 et
1323 3193 1353 3231 a
1402 3187 1588 3232 nostra
1635 3193 1799 3232 carne
1839 3177 2086 3233 diversae.
2135 3179 2262 3235 Haec

670 3273 819 3327 enim
849 3271 1031 3324 omnia
1062 3269 1282 3338 quidam
1317 3268 1421 3322 sibi
1453 3268 1636 3321 animo
1667 3267 1952 3338 ﬁngentes,
1987 3278 2042 3322 et
2075 3271 2262 3324 Domi-

674 3379 807 3418 num
839 3379 936 3432 per
975 3363 1090 3415 hazc
1123 3377 1180 3415 se
1230 3362 1503 3415 honorare
1535 3361 1891 3426 arbitrantes,
1927 3378 2038 3415 non
2075 3378 2263 3418 recor-

673 3454 876 3510 dantur
905 3469 963 3507 se
996 3463 1260 3522 praetextu
1295 3453 1593 3521 gratiarum
1652 3453 1887 3507 actionis
1931 3455 2264 3511 contumelia

675 3545 852 3614 ipsum
889 3543 1135 3607 allicere,
1185 3551 1242 3596 et
1287 3543 1586 3597 veritatem
1624 3542 1896 3597 mendacii
1951 3558 2211 3598 accusare
2249 3561 2262 3598 :

674 3644 737 3691 ut
767 3637 1015 3690 omittam
1053 3635 1200 3704 quod
1233 3636 1581 3689 mendacium
1613 3635 1684 3688 sit
1714 3649 1745 3688 a
1796 3634 2006 3689 ratione
2036 3650 2267 3704 prorsus

672 3731 935 3786 alienum.
987 3728 1043 3782 Si
1087 3727 1234 3781 enim
1272 3725 1421 3781 aliud
1455 3727 1753 3795 assumpsit
1781 3733 2002 3794 corpus,
2035 3727 2166 3795 quid
2197 3727 2264 3781 ad

673 3837 855 3876 meum
878 3819 1094 3880 attinet,
1127 3817 1275 3888 quod
1301 3817 1475 3871 salute
1501 3815 1748 3887 indiget?
1773 3815 1829 3870 Si
1847 3827 2074 3870 carnem
2101 3827 2131 3870 ε
2155 3832 2266 3871 εω-

673 3912 742 3967 lis
773 3910 1068 3974 transtulit,
1104 3908 1235 3978 quid
1265 3908 1332 3962 ad
1363 3923 1590 3962 carnem
1627 3922 1823 3970 meam,
1858 3922 1980 3976 quae
2008 3922 2074 3961 ex
2119 3916 2265 3963 terra

672 4001 1104 4070 sumptaest?-—
1118 3999 1391 4069 Ejusdem,
1413 4015 1476 4052 ea:
1506 3999 1689 4052 eadem
1721 4001 1980 4053 oratione.
2001 3999 2262 4070 Propter-

669 4111 738 4152 ea
764 4095 931 4165 igitur
958 4109 1068 4147 non
1114 4102 1239 4146 ante
1286 4089 1618 4160 passionem,
1651 4089 1746 4144 sed
1778 4098 1899 4159 post
1930 4089 2262 4160 passionem,

667 4187 850 4260 ianuis
883 4185 1104 4246 clausis,
1135 4185 1288 4238 stetit
1329 4182 1594 4236 Dominus
1637 4182 1691 4236 in
1736 4182 1916 4236 medio
1958 4182 2262 4252 discipulo-

670 4289 827 4335 rum,
865 4280 925 4324 ut
975 4271 1118 4325 scias
1149 4270 1264 4323 fore
1307 4277 1367 4322 ut
1399 4269 1564 4323 etiam
1608 4270 1841 4324 animale
1875 4285 2077 4340 corpus
2106 4279 2262 4325 tuum

670 4365 999 4419 seminatum
1048 4369 1299 4432 resurgat
1347 4376 1549 4430 corpus
1595 4360 1903 4428 spirituale.
1951 4363 2029 4417 Ne
2080 4374 2262 4419 autem

2378 2097 2395 2130 ι
2416 2081 2498 2133 Οὐ
2523 2079 2773 2133 δύναται
2789 2084 2821 2134 ό
2846 2080 2979 2146 mc
3002 2081 3194 2134 ποιεῖν
3208 2081 3309 2150 ἀφ’
3340 2081 3559 2135 ἑαυτοῦ
3580 2080 3791 2135 οὐδέν.
3811 2082 3960 2134 Μετὰ

2370 2173 2478 2242 γὰρ
2501 2173 2600 2240 τὴν
2617 2174 2915 2227 ἀνάστασιν
2931 2176 2958 2228 6
2979 2173 3187 2245 Κύριος
3208 2174 3276 2227 τὰ
3297 2172 3682 2244 συναμφότερα
3693 2173 3955 2234 δείκνυσι,

2370 2264 2467 2317 καὶ
2497 2266 2579 2317 ὃτι
2623 2265 2682 2318 οὑ
2715 2265 2958 2318 τοιοῦτον
2986 2266 3046 2318 τὸ
3083 2265 3264 2334 σῶμα,
3292 2266 3387 2318 καὶ
3415 2267 3498 2319 ὃτι
3535 2264 3696 2318 τοῦτο
3741 2265 3958 2319 άνιστά-

2373 2374 2552 2426 μενον.
2585 2357 2993 2428 Ἀναμνὴσθητι
3025 2359 3120 2428 τῆς
3151 2357 3415 2428 ἱστορίας.
3431 2351 3614 2409 Ἦσαν
3638 2358 3686 2409 oi
3723 2356 3959 2428 μαθηταὶ

2372 2449 2778 2516 συνειλεγμένοι
2801 2450 2942 2519 μετὰ
2972 2450 3034 2502 τὸ
3063 2449 3234 2512 πάθος
3262 2451 3358 2502 καὶ
3388 2449 3487 2520 τὴν
3509 2450 3834 2511 ἀνάστασιν,
3870 2449 3958 2501 καὶ

2366 2541 2476 2592 τῶν
2495 2541 2678 2610 θυρῶν
2706 2540 3112 2610 κεκλεισμένων
3135 2541 3264 2611 ἔστη
3299 2542 3466 2610 μέσος
3485 2541 3664 2594 αὐτῶν
3685 2543 3716 2594 6
3735 2543 3956 2609 Κύριος.

2367 2631 2637 2684 Οὐδέποτε
2668 2631 2827 2684 τοῦτο
2871 2632 2978 2702 πρὸ
3022 2631 3117 2684 τοῦ
3169 2632 3378 2695 πάθους
3421 2631 3668 2702 εποίησε.
3717 2634 3811 2702 Μὴ
3853 2634 3960 2700 γὰρ

2365 2723 2466 2776 οὐκ
2517 2723 2750 2792 ἠδύνατο
2787 2725 2814 2776 6
2855 2723 3092 2793 Χριστὸς
3146 2725 3242 2776 κα).
3287 2725 3460 2778 πάλαι
3505 2725 3664 2778 τοῦτο
3701 2726 3956 2794 ποιῆσαις

2367 2812 2545 2865 πάντα
2563 2811 2672 2881 γὰρ
2695 2812 2772 2881 τῷ
2788 2810 2907 2881 Θεῷ
2930 2812 3152 2865 δυνατά.
3189 2813 3329 2865 Ἀλλ’
3357 2815 3457 2866 οὐκ
3481 2816 3704 2886 ἐποίησε
3738 2818 3844 2889 πρὸ
3867 2816 3958 2870 τοῦ

2366 2901 2596 2965 πάθους,
2630 2902 2714 2953 ἴνα
2741 2900 2817 2972 μὴ
2848 2902 3078 2972 νομίσῃς
3100 2904 3401 2969 φαντασίαν
3437 2905 3536 2975 τὴν
3568 2908 3956 2978 οίκονομίανιῆ

2361 2990 2604 3062 δόκησιν,
2651 2993 2788 3063 μηδὲ
2834 2994 3211 3064 πνευματικὴν
3246 2995 3440 3066 οίηθῇς
3467 2997 3560 3050 τοῦ
3593 2999 3835 3069 Χριστοῦ
3865 3000 3959 3070 τὴν

2366 3081 2565 3155 σάρκα,
2575 3084 2708 3154 μηδὲ
2732 3084 2791 3148 ἐξ
2815 3085 3060 3154 οὐρανῶν
3082 3085 3344 3140 κατελθοῦ
3355 3105 3472 3153 σαν,
3493 3089 3627 3158 μηδὲ
3648 3092 3842 3165 ἑτερού
3853 3110 3960 3145 σιον

2363 3177 2431 3244 τῇ
2467 3175 2714 3246 ἡμετέρᾳ
2753 3177 2939 3247 σαρκί.
2975 3177 3160 3230 Ταῦτα
3199 3177 3306 3250 γὰρ
3347 3181 3527 3233 πάντα
3572 3182 3718 3246 τινες
3757 3199 3961 3252 φανταο

2368 3268 2608 3335 σθέντες,
2635 3269 2730 3321 καὶ
2758 3269 3044 3340 σεμνύνειν
3059 3269 3375 3339 νομίζοντες
3399 3273 3484 3325 διά
3503 3272 3712 3328 τούτων
3742 3276 3835 3328 τὸν
3854 3276 3963 3328 Κύ-

2369 3380 2516 3433 ριον,
2573 3362 2832 3432 λελήθασι
2889 3366 3029 3432 σφᾶς
3076 3365 3275 3428 αὐτοὺς
3324 3365 3412 3418 διὰ
3453 3370 3552 3435 τῆς
3607 3369 3963 3440 εὐχαριστίας

2368 3454 2841 3526 βλασφημοῦντες,
2878 3457 2972 3510 καὶ
3003 3456 3200 3524 ψεῦδος
3226 3459 3666 3529 κατηγοροῦντες
3694 3460 3798 3531 τῆς
3829 3461 3964 3530 άλη-

2368 3546 2537 3610 θείας,
2588 3547 2724 3618 πρὸς
2769 3549 2830 3600 τὸ
2883 3549 2978 3600 κα).
3029 3548 3378 3602 παντάπασιν
3433 3550 3627 3618 ἄλογον
3660 3552 3722 3604 τὸ
3766 3552 3964 3623 ψεῦδος

2367 3639 2675 3708 τυγχάνειν.
2723 3639 2787 3692 ει
2827 3639 2935 3708 γὰρ
2991 3640 3176 3709 ἓτερον
3224 3640 3452 3694 ἀνέλαϐε
3491 3642 3671 3713 σῶμα,
3721 3646 3776 3699 τί
3826 3646 3965 3717 πρὸς

2366 3730 2426 3782 τὸ
2460 3730 2592 3800 ἐμὸν
2617 3730 2678 3782 τὸ
2709 3730 2810 3799 τῆς
2845 3732 3119 3801 σωτηρίας
3149 3731 3440 3802 δεόμενον;
3492 3734 3554 3787 Et
3611 3734 3671 3800 ἐξ
3713 3737 3963 3809 οὐρανῶν

2367 3822 2646 3891 κατήγαγε
2698 3821 2900 3895 σάρκα,
2952 3823 3003 3875 τί
3048 3823 3186 3893 πρὸς
3232 3824 3332 3895 τὴν
3359 3826 3500 3896 ἐμὴν
3543 3828 3725 3898 σάρκα
3755 3830 3860 3899 τὴν
3897 3833 3963 3882 ὲκ

2366 3912 2463 3982 τῆς
2496 3915 2597 3983 γῆς
2630 3912 2967 3984 είλημμένην
2994 3930 3006 3978 ;
3059 3944 3127 3953 -
3157 3914 3269 3968 Τοῦ
3299 3916 3509 3979 αὐτοῦ,
3537 3916 3605 3971 ἐκ
3640 3917 3747 3972 τοῦ
3772 3919 3963 3973 αὐτοῦ

2365 4007 2573 4076 λόγου.
2599 4005 2700 4058 Διὰ
2728 4005 2902 4060 ταῦτα
2934 4008 3032 4077 μὲν
3063 4002 3178 4071 οῦν,
3217 4009 3278 4060 οὺ
3309 4009 3414 4080 πρὸ
3449 4009 3542 4063 τοῦ
3568 4009 3800 4075 πάθους,
3828 4012 3963 4066 ἀλλά

2370 4096 2510 4166 μετά
2540 4096 2600 4148 τὸ
2627 4095 2830 4161 πάθος,
2871 4099 2978 4150 τῶν
3015 4098 3195 4168 θυρῶν
3225 4100 3629 4170 κεκλεισμένων
3677 4103 3813 4172 ἔστη
3854 4105 3962 4156 τῶν

2369 4187 2628 4257 μαθητῶν
2659 4188 2823 4258 μέσος
2860 4191 2889 4242 6
2932 4190 3158 4260 Κύριος,
3195 4191 3283 4244 ἵνα
3313 4191 3475 4263 γνῷς,
3512 4194 3594 4247 ὅτι
3624 4195 3722 4247 καὶ
3763 4195 3861 4249 σοῦ
3904 4197 3965 4249 τὸ

2364 4276 2593 4347 ψυχικὸν
2627 4279 2786 4349 σῶμα
2830 4282 3040 4352 σπαρέν
3072 4282 3340 4352 ἐγείρεται
3377 4283 3536 4355 σῶμα
3563 4290 3956 4356 πνευματικόν.

2367 4370 2487 4424 Ἰνα
2517 4371 2574 4424 δὲ
2621 4371 2695 4443 μὴ
2732 4372 2894 4426 πάλιν
2928 4374 3056 4428 ἄλλο
3091 4377 3319 4449 νομίσῃς
3362 4372 3501 4431 εἶναι
3560 4378 3622 4432 τὸ
3663 4381 3964 4452 ἀνιστάμε-

670 4474 864 4513 rursus
887 4456 1035 4510 aliud
1057 4471 1177 4510 esse
1199 4462 1360 4524 putes
1383 4453 1514 4506 illud
1533 4451 1679 4520 quod
1705 4455 2030 4520 resurrexit,
2053 4455 2262 4510 Thoma

2367 4477 2476 4524 νον,
2510 4461 2604 4516 τοῦ
2654 4462 2826 4533 Θωμᾶ
2857 4465 2994 4538 πρὸς
3043 4467 3140 4537 τὴν
3188 4468 3487 4522 ἀνάστασιν
3524 4472 3959 4540 ἀπιστήσαντος.

670 4549 1134 4604 resurrectionem
1183 4561 1292 4598 non
1343 4544 1616 4607 credente.
1665 4545 1908 4598 ostendit
1949 4547 2000 4600 ei
2036 4549 2265 4617 vestigia

668 4643 948 4696 clavorum
980 4647 1035 4694 et
1054 4639 1370 4692 vulnerum.
1399 4636 1482 4690 An
1510 4651 1641 4689 vero
1668 4636 1909 4706 seipsum
1939 4654 2134 4695 sanare
2154 4656 2265 4695 non

667 4741 905 4804 poterat,
931 4730 1228 4800 etquidem
1260 4737 1383 4798 post
1424 4728 1910 4791 resurrectionem,
1940 4730 2036 4799 qui
2072 4745 2266 4786 omnes

667 4824 831 4877 etiam
863 4832 989 4876 ante
1024 4818 1488 4876 resarrection'cm
1534 4819 1854 4871 sanaverat?
1889 4819 1994 4873 Sed
2027 4836 2126 4890 per
2158 4821 2264 4875 hoc

667 4913 912 4984 quidem,
941 4910 1087 4980 quod
1132 4910 1409 4964 clavorum
1443 4906 1672 4976 vestigia
1715 4909 2042 4975 ostenderit,
2081 4911 2261 4981 ipsum

669 5007 804 5060 illud
835 5003 1078 5075 (corpus)
1107 5018 1227 5058 esse
1260 4999 1456 5070 probat
1486 5017 1497 5050 :
1525 5014 1623 5067 per
1653 5001 1797 5054 istud
1826 5017 1978 5066 vero,
2013 5005 2160 5073 quod
2180 5007 2263 5075 ja-

668 5095 796 5150 nuis
825 5094 1028 5147 clausis
1067 5095 1347 5162 ingressus
1390 5089 1496 5150 sit,
1547 5091 1790 5145 ostendit
1825 5093 1928 5148 tale
1963 5110 2073 5150 non
2107 5111 2259 5163 esse;

739 5250 784 5282 ’⁸
819 5249 978 5303 Joan.
1015 5264 1123 5312 xiv,
1151 5247 1241 5302 28.
1319 5248 1364 5277 ⁸⁷
1389 5247 1548 5302 Joan.
1585 5264 1638 5312 v,
1667 5249 1753 5303 l9.
1832 5250 1876 5280 "'
1899 5251 2055 5306 Joan.
2087 5269 2173 5315 xx,
2206 5254 2290 5308 l9.

762 5391 852 5459 24)
882 5407 932 5443 τ.
963 5392 1027 5442 ὲκ
1053 5390 1161 5460 δεξ.
1185 5390 1322 5445 Ibid.
1347 5390 1434 5444 διὰ
1461 5391 1560 5460 τῆς
1582 5391 1784 5459 δεξιᾶς.

761 5463 850 5528 25)
891 5460 1019 5532 γάρ.
1047 5459 1124 5532 Ib.
1155 5462 1403 5532 sequitur
1430 5459 1543 5515 καί.

763 5533 851 5598 26)
891 5549 1050 5602 μυστ.
1086 5531 1159 5585 ita
1214 5531 1301 5602 ed.
1336 5533 1490 5586 Rom.
1517 5541 1572 5587 ct
1597 5533 1743 5602 Lips.
1771 5533 2030 5587 Eamdem
2063 5534 2254 5588 lectio-

668 5617 793 5674 nem
826 5601 944 5674 h._l_.
978 5602 1142 5674 habet
1167 5601 1254 5674 e_d.
1285 5603 1457 5656 Paris.
1510 5601 1873 5659 Disce’ssimus
1905 5604 2089 5674 itaque
2112 5620 2141 5657 a
2175 5605 2252 5659 ie-

670 5673 846 5727 ctione
873 5670 1035 5724 Sirm.
1079 5670 1235 5725 Θεοῦ.

742 5740 850 5810 (27)
891 5741 988 5794 Ed.
1022 5743 1191 5795 Paris.
1225 5741 1442 5794 πάντων
1493 5743 1600 5797 τῶν
1636 5744 1828 5801 ὄντων.
1862 5743 1960 5799 Ed.
1995 5744 2157 5800 Rom.
2193 5754 2251 5799 et

669 5809 696 5866 ι
715 5815 815 5884 ips.
836 5809 960 5864 τῶν
985 5813 1151 5866 ὄντων
1183 5813 1417 5866 πάντων.

2357 4553 2630 4607 δείκνυσιν
2683 4555 2836 4626 αὐτῷ
2878 4560 3006 4621 τοὺς
3039 4559 3249 4623 τύπους
3305 4561 3417 4614 τῶν
3461 4562 3628 4631 ἥλων,
3683 4563 3964 4618 δείκνυσιν

2359 4643 2508 4714 αὑτῷ
2540 4646 2649 4698 τῶν
2673 4649 3006 4718 τραυμάτων
3034 4649 3103 4702 τά
3139 4651 3282 4721 ἴχνη.
3315 4645 3443 4723 'Ap‘
3483 4655 3585 4707 οὐκ
3617 4656 3806 4723 ἴσχυεν
3835 4657 3962 4709 ἑαυ-

2358 4735 2448 4788 τὸν
2502 4737 2775 4802 ίάσασοαι,
2811 4740 3106 4794 καὶταῦτα
3145 4741 3284 4810 μετά
3325 4743 3650 4806 ἀνάστασιν.
3683 4749 3712 4800 6
3745 4749 3962 4812 πάντας

2359 4829 2453 4881 καὶ
2509 4829 2614 4896 πρὸ
2668 4829 2768 4898 τῆς
2808 4831 3160 4896 ἀναστάσεως
3189 4835 3519 4906 ἱασάμενοςς
3580 4836 3727 4891 sm
3775 4840 3846 4892 δι’
3884 4836 3963 4894 ὧν

2360 4918 2460 4987 μὲν
2511 4919 2638 4981 τοὺς
2687 4921 2890 4984 τύπους
2924 4923 3032 4976 τῶν
3083 4924 3230 4993 ἥλων
3272 4927 3532 4992 δείκνυσι,
3589 4932 3963 5002 παραδίδωσιν

2356 5009 2438 5060 ὄτι
2469 5007 2649 5062 τοῦτο’
2686 5011 2752 5064 δι’
2797 5005 2872 5064 ὧν
2891 5012 2946 5064 δὲ
2971 5015 3376 5084 κεκλεισμένων
3396 5018 3506 5070 τῶν
3530 5019 3711 5090 θυρῶν
3739 5024 3962 5089 εἴσεισι,

2356 5099 2628 5154 δείκνυσιν
2680 5103 2763 5156 ὅτι
2801 5105 2862 5155 οὐ
2906 5106 3140 5160 τοιοῦτο.
3187 5107 3362 5162 Τοῦτο
3406 5111 3526 5180 μὲν,
3565 5112 3652 5164 ἴνα
3689 5113 3960 5187 πληρώσῃ

2453 5396 2521 5450 28
2571 5416 2691 5468 γεγ.
2726 5402 2827 5456 Ed.
2861 5403 3040 5459 Paris.
3083 5406 3272 5460 ὄντων.

2451 5468 2520 5522 29
2573 5469 2652 5524 Ib.
2685 5474 2844 5543 αὐτή.

2453 5539 2522 5593 50
2576 5541 2714 5595 Ibid.
2746 5543 2880 5611 ὕψος
2913 5545 3177 5617 ἀνήγαγε.

2454 5609 2513 5662 51
2577 5613 2653 5663 ἐν.
2685 5612 2762 5666 Ib.
2791 5616 3162 5686 ἀνακράσεως.

2457 5679 2523 5734 52
2575 5683 2768 5748 Διάκρ.
2819 5702 2874 5736 κ.
2929 5703 2979 5738 τ.
3033 5688 3272 5742 λ.,Ειιηπ

2453 5539 2522 5593 50

2677 5474 2844 5543 αὐτή·

2576 5541 2721 5617 Ibid_._
2746 5541 2880 5617 ὕψος
2913 5545 3177 5617 ἀνήγαγε.

2454 5609 2543 5686 )
2685 5612 2762 5666 Ib.
2791 5609 3162 5686 ἀνακράσεως.

2413 5679 2768 5760 ,(52)Διάκρ.
2819 5702 2874 5760 x_.
2929 5679 2979 5760 ῖι.
3033 5679 3410 5760 LfEumdem
3469 5689 3672 5760 locum,
3697 5690 3804 5748 etsi
3828 5707 3955 5749 rum

2356 5747 2538 5807 aliqua
2566 5747 2828 5808 varietate
2856 5757 3126 5824 lectionis,
3161 5758 3282 5815 vide
3308 5774 3495 5828 supra,
3534 5776 3588 5833 p.
3625 5747 3714 5818 68.

2525 5395 2545 5746 ἒ
