4136 6390
590 334 704 404 ειδ

1575 345 2061 409 ΤΗΕΟΠΟΒΕΤΙ
2098 344 2437 408 EPISCOPI
2474 346 2838 408 CYRENSIS

3739 330 3848 399 216

595 449 668 507 sit
701 450 1004 506 secundm
1039 456 1286 520 carnem,
1317 454 1547 510 alterius
1574 465 1660 512 est
1688 444 2010 514 substantia:
2029 474 2162 529 qua-

2272 459 2390 512 ὲστι
2417 458 2550 512 καθὸ
2579 459 2756 527 Λόγος
2788 457 2892 519 ,καὶ
2935 455 3244 525 ὥνθρωπος.
3265 482 3334 493 —-
3370 449 3476 506 Καὶ
3506 447 3738 518 ἑτέρωθι
3773 446 3847 498 δὲ

599 540 1048 597 tenusVerbum
1097 552 1153 601 et
1181 533 1348 602 horno
1390 548 1661 604 est—Et
1718 549 1851 605 alibi
1893 553 1969 605 sic
2019 551 2164 606 dicit.

600 629 876 685 Ilistarum
893 647 1076 688 rerum
1091 632 1839 706 qualitatescommiscentnr,
1853 656 1962 696 non
1991 640 2166 696 inter-

597 718 758 777 eun'tl.
798 720 918 789 Quo
955 723 1018 778 ﬁt
1049 735 1112 782 ut
1153 729 1412 784 nonnulla
1450 734 1482 784 a
1507 729 1687 786 mistis
1718 727 2062 801 sepaiintur,
2107 741 2168 786 ut

597 811 786 866 vinum
824 812 896 868 ab
937 829 1098 885 aqua.
1144 817 1256 874 Nec
1290 821 1599 876 oommistio
1627 837 1752 877 cum
1776 837 2022 893 corpore,
2066 839 2169 880 nec

597 903 1176 984 qualisestcorporum
1203 923 1328 964 cum
1367 912 1710 978 corporibus,
1746 913 1841 968 sed
1886 924 2167 984 segregata

596 991 666 1046 ab
685 990 838 1062 171
866 997 1314 1066 omnimistiono,
1348 1001 1422 1056 ita
1468 1011 1558 1072 ut,
1586 1002 1729 1057 sicut
1773 1019 1863 1059 res
1904 1006 2165 1074 postulat,

597 1097 817 1154 semper
857 1085 1164 1143 divinitatis
1199 1090 1453 1159 operatio.
1487 1092 1574 1148 vel
1612 1092 1727 1148 sola
1766 1094 1858 1158 sit,
1891 1095 1978 1149 vel
2013 1095 2168 1150 carni

594 1170 874 1242 adjuncta,
898 1178 1361 1247 quemadmodum
1391 1181 1594 1240 factum
1624 1195 1710 1238 est
1742 1184 1796 1238 in
1822 1185 2032 1256 jejunio
2057 1187 2168 1242 Do-

596 1260 754 1317 mini.
810 1262 1058 1321 Admista
1108 1268 1257 1323 enim
1309 1269 1616 1338 divinitate,
1657 1274 1804 1343 quod
1853 1261 1917 1330 ea
1963 1276 2168 1334 nullius

593 1358 772 1419 egeat,
812 1355 1105 1413 arcebatur
1146 1358 1318 1415 fames
1346 1379 1360 1415 :
1385 1377 1511 1416 cum
1549 1375 1734 1420 autem
1771 1381 1881 1420 non
1919 1375 2164 1438 oppone-

596 1451 680 1497 ret
707 1442 1022 1515 indigentiae
1049 1454 1202 1504 suam
1230 1453 1436 1508 nuliius
1459 1455 1534 1509 rei
1566 1455 1942 1526 indigentiam,
1977 1467 2164 1514 exorta

591 1540 678 1586 est
716 1533 889 1591 fames
931 1538 1000 1600 ad
1045 1538 1250 1606 diaboli
1287 1541 1741 1600 destructionem.
1799 1546 2006 1614 Quodsi
2037 1564 2163 1603 cor-

592 1627 1014 1690 porummistio
1043 1644 1389 1700 nequaquam
1431 1641 1641 1691 mutata
1679 1644 1782 1700 est,
1811 1645 2017 1706 quanto
2051 1653 2166 1692 ma-

589 1713 676 1784 gis
696 1715 1036 1773 divinitatis?
1053 1748 1122 1761 -—
1142 1718 1214 1775 Et
1235 1723 1289 1775 in
1313 1723 1420 1778 alio
1442 1719 1552 1780 loco
1579 1728 1689 1781 haec
1711 1727 1854 1780 dicit.
1892 1727 1948 1782 Si
1978 1727 2161 1800 (ignis)

590 1816 715 1858 cum
756 1805 908 1862 ferro
952 1810 1283 1877 commistio,
1321 1828 1443 1882 quae
1489 1814 1698 1870 ferrum
1756 1818 1935 1887 ipsum
1983 1819 2162 1889 ignem
2196 1807 2236 1862 Β

588 1892 742 1963 facit,
778 1897 855 1952 ita
894 1906 952 1953 ut
978 1915 1043 1955 ea
1070 1901 1234 1956 faciat
1264 1919 1385 1973 qua:
1417 1894 1560 1976 ignis
1584 1917 1732 1974 sunt,
1759 1910 1880 1980 ejus
1912 1919 2163 1965 naturam

586 1998 700 2038 non
749 1996 957 2055 mutat;
1011 2005 1115 2045 nec
1156 1991 1251 2046 Dei
1297 2008 1423 2046 cum
1460 2009 1692 2065 corpore
1740 1999 1893 2064 unio,
1932 2002 2165 2057 mutatio

585 2078 842 2147 cOrporis
863 2088 966 2144 est,
990 2082 1202 2138 etiamsi
1237 2098 1440 2154 corpus
1469 2085 1683 2142 divinas
1707 2090 1945 2158 praebeat
1974 2108 2165 2162 opera-

585 2166 768 2222 tiones
806 2168 878 2223 iis
909 2171 1004 2240 qui
1042 2173 1309 2243 attingere
1343 2189 1591 2245 possunt.
1627 2210 1693 2219 -
1723 2180 1817 2236 His
1854 2186 2036 2237 statim
2068 2187 2165 2239 ad-

583 2258 782 2331 iungit.
823 2260 880 2316 Si
907 2263 1074 2318 homo
1099 2265 1266 2320 habet
1294 2269 1534 2323 animam
1574 2279 1630 2324 et
1670 2288 1890 2342 corpus,
1916 2284 2164 2329 manent-

584 2364 695 2419 que
721 2350 812 2405 illa
841 2351 898 2406 in
932 2355 1158 2421 unione,
1195 2358 1367 2412 multo
1393 2360 1568 2430 magis
1591 2359 1864 2428 Christus,
1903 2363 2160 2420 divinita-

586 2449 699 2496 tem
747 2441 961 2500 habens
999 2461 1124 2500 cum
1171 2463 1426 2518 corpore,
1463 2458 1695 2521 utraque
1737 2454 1901 2510 habet
1943 2472 2160 2526 perma-

585 2533 774 2587 nentia
829 2541 885 2589 et
943 2535 1247 2593 inconfusa.
1300 2570 1371 2582 -—
1420 2541 1491 2596 Et
1547 2560 1752 2610 rursus,
1805 2558 1920 2618 post
1967 2566 2158 2619 pauca.

585 2624 867 2695 Partieeps
906 2629 1054 2682 enim
1097 2639 1199 2696 est,
1229 2633 1408 2702 quoad
1451 2650 1647 2705 capere
1681 2648 1883 2707 potest,
1923 2640 2161 2697 humana

581 2725 782 2772 natura
830 2720 848 2739 ⁶
894 2718 1095 2775 divinae
1146 2725 1520 2792 operationis;
1567 2727 1673 2782 alia
1726 2739 1910 2784 autem
1963 2740 2066 2796 est,
2102 2742 2162 2789 ut

585 2806 813 2862 minima
859 2811 1073 2867 ratione
1129 2815 1378 2871 maximae
1411 2835 1424 2870 :
1460 2827 1515 2872 et
1566 2833 1759 2874 servus
1809 2831 1894 2876 est
1938 2824 2161 2892 quidem

585 2899 754 2956 homo
800 2903 918 2964 Dei,
953 2905 1097 2959 Deus
1144 2914 1328 2960 autem
1375 2923 1568 2963 servus
1613 2926 1721 2964 non
1767 2921 1850 2966 est
1897 2913 2158 2982 hominis,

585 3009 688 3049 nec
711 3011 864 3050 suus.
907 2997 974 3052 Et
1008 2999 1097 3053 ille
1127 2999 1347 3069 quidem
1374 3011 1624 3056 creatura
1654 3011 1738 3056 est
1768 3004 1886 3069 Dei,
1915 3001 2005 3060 hic
2027 3022 2161 3062 vero

584 3099 688 3139 nec
730 3085 992 3149 hominis,
1028 3102 1132 3141 nec
1182 3086 1266 3142 sui
1318 3087 1491 3156 ipsius
1531 3098 1616 3144 est
1662 3099 1935 3146 creatura.
1973 3124 2044 3132 —
2088 3093 2156 3147 Et

583 3175 746 3246 paulo
777 3186 913 3248 post.
954 3177 1009 3233 Si
1039 3179 1164 3248 quis
1198 3179 1499 3234 secundum
1535 3181 1878 3236 divinitatem
1904 3184 1973 3237 de
2003 3184 2159 3238 Chri-

583 3275 670 3320 sto
702 3268 903 3337 accipit
936 3268 1070 3324 illud
1113 3287 1127 3324 :
1169 3289 1186 3321 ι
1221 3269 1353 3336 Quae
1387 3271 1538 3326 videt
1569 3271 1784 3327 Patrem
1828 3272 2072 3346 (facere),
2102 3284 2159 3330 et

582 3361 703 3428 ipse
726 3358 856 3413 facit
883 3359 950 3426 ⁸⁸,
981 3379 998 3411 ι
1037 3368 1092 3414 et
1116 3377 1225 3416 non
1253 3362 1553 3417 secundum
1585 3379 1826 3429 carnem,
1853 3366 2157 3421 secundum

582 3466 748 3520 quam
799 3451 983 3506 didert
1033 3452 1349 3509 incarnatus
1386 3469 1416 3510 a
1466 3455 1626 3510 Patre
1684 3471 1794 3510 non
1852 3456 2156 3524 incamato,

581 3540 783 3596 dividit
823 3542 959 3598 duas
1001 3545 1349 3613 operationes
1382 3545 1596 3601 divinas
1626 3565 1639 3598 :
1671 3554 1726 3600 at
1754 3563 1863 3601 non
1898 3548 2160 3603 dividun-

583 3642 674 3688 tur
706 3650 720 3686 :
754 3649 864 3686 non
904 3633 1040 3688 dicit
1082 3649 1215 3704 ergo
1257 3634 1622 3690 divinitatem.
1654 3665 1723 3676 —-
1760 3637 1917 3706 172
1961 3637 2162 3692 Deinde

582 3739 766 3778 rursus
788 3726 895 3778 hac
918 3741 1123 3796 quoque
1145 3728 1333 3796 posuit.
1360 3726 1830 3793 Quemadmodum
1858 3728 2022 3784 homo
2048 3744 2157 3784 non

581 3821 669 3868 est
710 3813 936 3868 rationis
981 3829 1195 3884 expers,
1236 3824 1462 3886 propter
1497 3818 1939 3886 conjunctionem
1987 3819 2161 3887 partis

583 3903 798 3959 ratione
848 3905 1090 3975 praedita
1145 3922 1270 3961 cum
1315 3921 1381 3961 ea
1425 3922 1545 3976 qua
1596 3907 1806 3962 ratione
1846 3917 1994 3962 caret
2029 3925 2042 3962 :
2084 3909 2160 3962 ita

580 4010 688 4053 nec
712 3995 962 4069 Salvator
990 4004 1076 4052 est
1104 4007 1380 4064 creatura,
1420 3999 1550 4053 licet
1584 4000 1826 4058 increato
1858 4001 1971 4055 Deo
2007 4016 2162 4057 crea.

581 4095 705 4143 tura
729 4088 799 4142 sit
825 4087 1102 4160 adjuncta.
1127 4120 1195 4130 ——
1214 4089 1305 4145 [Iis
1335 4107 1539 4163 quoque
1570 4099 1618 4144 et
1650 4091 1760 4147 illa?
1773 4093 1974 4164 adjicit.
2001 4093 2158 4160 Quod

581 4180 686 4237 sub
713 4191 991 4251 aspectum
1015 4198 1125 4237 non
1150 4183 1315 4249 cadit,
1345 4193 1400 4238 et
1429 4185 1744 4254 copulatum
1768 4196 1854 4241 est
1878 4202 2003 4240 cum
2035 4203 2159 4241 cor-

580 4288 716 4344 pore
744 4274 889 4344 quod
927 4285 1012 4330 est
1040 4277 1392 4345 aspectabile,
1428 4292 1491 4330 ac
1523 4294 1620 4347 per
1659 4277 1764 4332 hoc
1799 4279 2156 4348 conspicitur,

580 4375 768 4420 manet
812 4367 1172 4422 nihilominus
1220 4369 1527 4431 invisibile;
1581 4377 1766 4424 manet
1808 4386 1942 4424 vero
1991 4372 2158 4426 etiam

2272 549 2426 603 οὕτω
2498 549 2672 618 φησι.
2743 548 2865 601 Τῶν
2930 545 3377 614 συγκιρναμένων
3445 543 3500 596 αί
3561 539 3848 608 ποιότητες

2273 641 2627 712 κεράννυνται
2670 680 2687 705 ,
2757 640 2856 693 οὐκ
2918 637 3268 692 ἀπόλλυνται.
3335 635 3497 687 Ὥστε
3565 630 3686 686 τινὰ
3750 629 3848 682 καὶ

2272 732 2572 786 διίστανται
2599 732 2710 784 ἀπὸ
2740 731 2850 784 τῶν
2876 727 3374 799 συγκερασθέντων,
3411 723 3663 794 καθάπερ
3701 715 3846 781 οἶνος

2273 823 2382 876 ἀπὸ
2411 821 2622 885 ὓδατος.
2676 822 2810 875 οὐδὲ
2847 820 2982 890 πρὸς
3017 820 3178 889 σῶμα
3211 816 3534 886 σύγκρασις,
3579 813 3702 868 οὐδὲ
3755 813 3846 864 οἶα

2275 912 2545 983 σωμάτων
2575 913 2715 984 πρὸς
2743 910 2990 982 σώματα·
3025 909 3142 964 ἀλλ’
3169 908 3370 978 ῑχουσα
3399 907 3492 960 καὶ
3524 904 3584 958 τὸ
3620 903 3843 974 ἀμιγὲς,

2263 1003 2411 1073 ,ὥστε
2444 1005 2537 1058 καὶ
2582 1005 2719 1074 πρὸς
2757 1003 2818 1056 τὸ
2851 1002 2967 1055 δέον
3000 1001 3257 1054 ἑκάστοτε
3305 999 3404 1070 τὴν
3450 997 3546 1066 τῆς
3590 996 3848 1065 θεότητος

2272 1101 2570 1166 ἐνέργειαν,
2600 1097 2634 1165 ἢ
2672 1096 2917 1160 ίδιάζειν,
2946 1094 2978 1164 ἥ
3013 1090 3428 1163 ἐπιμίγνυσθαι,
3452 1088 3594 1141 καθὰ
3620 1087 3848 1156 γέγονεν

2273 1188 2366 1240 ἐπὶ
2396 1186 2496 1251 τῆς
2524 1185 2776 1256 νηστείας
2823 1184 2917 1238 τοῦ
2968 1185 3196 1254 Κυρίου,
3232 1178 3695 1248 Ἐπιμιγνυμένης
3741 1175 3850 1243 μὲν

2272 1276 2369 1346 τῆς
2397 1275 2652 1344 θεότητος
2685 1272 2826 1327 κατὰ
2850 1273 2914 1325 τὸ
2950 1269 3269 1341 ἀπροσδεὲς,
3299 1271 3332 1338 η
3367 1269 3525 1320 πεῖνα
3551 1263 3844 1318 ἑκωλύετω

2271 1371 2369 1424 οὐκ
2400 1369 2712 1438 ἀντιθείσης
2752 1367 2810 1419 δὲ
2862 1368 2927 1436 τῇ
2981 1364 3244 1435 {ﬁetu-70
3272 1360 3646 1431 ἁπροσδεές,ὴ
3681 1360 3847 1410 πεῖνα

2269 1460 2504 1529 ἐγένετο,
2535 1458 2669 1529 πρὸς
2692 1457 2791 1526 τὴν
2813 1455 2908 1510 τοῦ
2935 1453 3184 1508 διαϐόλου
3210 1451 3524 1507 κατάλυσιν.
3557 1451 3619 1502 ΕΙ
3651 1448 3706 1501 δὲ
3732 1446 3848 1499 τῶν

2273 1539 2539 1621 σωμάτων
2571 1549 2604 1619 ὴ
2656 1546 2802 1617 μίξις
2851 1546 2952 1599 οὐκ
3001 1544 3234 1613 ἠλλάγη,
3269 1543 3420 1612 πόσῳ
3457 1539 3656 1611 μᾶλλον
3682 1539 3716 1608 ἡ
3741 1535 3847 1604 τῆς

2270 1638 2550 1708 θεότητοςς
2584 1666 2654 1676 ——
2679 1635 2784 1689 Kal
2813 1634 2882 1685 ἐν
2909 1632 3087 1700 ἑτέρῳ
3113 1632 3180 1685 δὲ
3211 1631 3402 1700 χωρίῳ
3415 1626 3601 1682 ταῦτά
3628 1639 3841 1697 φησιν.

2273 1733 2333 1784 Et
2439 1729 2573 1798 πρὸς
2609 1729 2822 1796 σίδηρον
2845 1725 3166 1794 ἀνάκρασις,
3211 1720 3320 1791 πῦρ
3348 1717 3710 1773 ἀποδεικνῦσι
3740 1714 3844 1770 αὐ-

2264 1823 2356 1876 τὸν
2384 1821 2458 1889 (7)
2495 1821 2731 1890 σίδηρον,
2770 1817 2846 1881 ὡς
2895 1815 2991 1868 καὶ
3047 1814 3116 1866 τὰ
3157 1811 3324 1882 πυρὸς
3375 1806 3726 1879 ἐργάζεσθαι,
3777 1801 3845 1858 οὐ

2267 1911 2529 1982 μετέϐαλε
2560 1909 2659 1981 τὴν
2696 1908 2858 1978 φύσιν
2892 1905 3079 1966 αὐτοῦ,
3113 1904 3234 1956 οὐδὲ
3262 1905 3295 1974 ἡ
3329 1901 3421 1954 τοῦ
3452 1897 3587 1953 Θεοῦ
3615 1898 3752 1968 πρὸς
3781 1895 3845 1949 τὸ

2265 2004 2422 2074 σῶμα
2449 2003 2637 2065 ἐνωσις
2674 1997 2943 2071 μεταϐολὴ
3002 1996 3255 2083 σώμαςεός
3298 1995 3467 2057 ἐστιν,
3517 1990 3696 2045 καίτοι
3744 1985 3846 2041 τοῦ

2265 2093 2515 2165 σώματος
2570 2092 2667 2154 τὰς
2733 2092 2884 2152 θείας
2949 2081 3230 2158 ἐνεργείας
3300 2084 3671 2157 παρεχομένου
3728 2081 3846 2141 τοῖς

2263 2185 2575 2255 ἐφάψασθαι
2619 2183 2958 2252 δυναμένοις.
2985 2212 3055 2220 —-
3096 2181 3331 2244 Τούτοις
3355 2175 3536 2242 εὐθὺς
3591 2187 3846 2230 συνεπι-

2263 2279 2577 2332 συνάπτει.
2613 2277 2675 2328 Et
2702 2275 2984 2345 ἅνθρωπος
3013 2274 3106 2325 καὶ
3132 2272 3308 2342 ψυχὴν
3355 2270 3464 2339 ἔχει
3509 2266 3604 2319 καὶ
3656 2265 3844 2335 σῶμα,

2263 2369 2357 2421 καὶ
2389 2367 2538 2435 μένει
2563 2365 2733 2418 ταῦτα
2767 2367 2823 2416 ἐν
2848 2363 3060 2432 ἐνότητι
3110 2362 3258 2413 ὄντα·
3318 2358 3496 2428 πολλῷ
3558 2355 3759 2426 μᾶλλον
3814 2356 3848 2408 0

2262 2456 2497 2527 Χριστὸς
2526 2455 2753 2524 θεότητα
2776 2453 2914 2522 ἔχων
2951 2451 3089 2521 μετὰ
3121 2451 3392 2520 σώματος,
3442 2448 3556 2518 ἔχει
3600 2448 3846 2514 ἑκάτερα

2260 2546 2584 2616 διαμένοντα
2615 2545 2709 2598 καὶ
2763 2544 2837 2614 μὴ
2887 2544 3245 2613 συγχεόμενα.
3270 2571 3341 2580 -
3365 2539 3477 2595 Kal
3503 2538 3631 2607 μετ’
3662 2538 3845 2605 ὀλίγη

2263 2636 2714 2705 πάλιν.Μετέχει
2745 2634 2842 2705 μὲν
2865 2634 3020 2704 γάρὴ
3046 2632 3360 2703 ἀνθρωπίνη
3382 2630 3482 2700 τῆς
3507 2629 3653 2692 θείας
3681 2629 3846 2698 ὲνερ-

2260 2728 2436 2798 γείας,
2466 2728 2696 2781 καθόσον
2734 2728 3054 2793 ἐφικνεῖταιο
3086 2723 3248 2794 ἑτέρα
3272 2723 3329 2776 δέ
3360 2725 3505 2776 ἔστιν
3549 2721 3626 2784 ὡς
3656 2719 3844 2789 ἐλαχίη

2265 2837 2363 2890 στη
2423 2821 2705 2889 μεγίστης.
2747 2819 2856 2870 Καὶ
2887 2815 3071 2877 δοῦλος
3106 2815 3204 2885 μὲν
3231 2813 3516 2882 ἄνθρωπος
3552 2810 3645 2864 τοῦ
3678 2809 3841 2873 Θεοῦ,

2260 2917 2287 2967 0
2314 2913 2370 2966 δὲ
2397 2912 2530 2974 Θεὸς
2551 2912 2612 2962 οὐ
2647 2910 2831 2970 δοῦλος
2861 2908 2956 2961 τοῦ
2987 2906 3298 2973 ἀνθρώπου,
3325 2906 3443 2958 οὐδὲ
3468 2903 3682 2958 ἑαυτοῦ.
3728 2904 3846 2956 Καὶ

2260 3007 2288 3058 0
2320 3005 2417 3073 μὲν
2454 3004 2665 3073 ποίημα
2690 3002 2782 3054 τοῦ
2810 3000 2969 3064 Θεοῦ,
2993 3001 3021 3052 0
3043 3001 3101 3053 δὲ
3131 2999 3254 3052 οὒτε
3284 2997 3569 3069 ἀνθρώπου
3602 2996 3842 3067 ποίημα,

2260 3097 2380 3149 οὐδὲ
2399 3094 2694 3148 ἐαυτοῦ.-
2711 3093 2815 3148 Kal
2835 3094 2962 3161 μετ’
2985 3093 3179 3160 ὀλίγα.
3215 3091 3277 3142 Et
3305 3090 3447 3144 κατὰ
3480 3089 3709 3155 θεότητα
3746 3089 3846 3141 ἐπὶ

2183 3147 2226 3206 C
2261 3147 2497 3258 genere?)
2527 3185 2792 3255 λαμϐάνει
2823 3147 2908 3246 τις
2929 3183 3010 3248 τὸ,
3047 3147 3148 3235 σ’ςΑ
3179 3183 3366 3252 βλέπει
3396 3180 3485 3234 τὸν
3510 3147 3730 3250 ’Πατέρα
3758 3181 3841 3248 (8)

2260 3281 2354 3333 καὶ
2406 3278 2568 3340 αὐτὸς
2629 3280 2794 3341 ποιεῖ,
2826 3296 2845 3327 ι
2913 3277 3134 3346 καὶμὴ
3183 3276 3323 3330 κατὰ
3380 3276 3558 3346 σάρκα
3609 3272 3728 3327 καθ’
3770 3274 3844 3343 ἢν

2263 3371 2503 3436 ίδιάζειό
2534 3369 2838 3442 σαρκωθεὶς
2888 3369 3039 3439 παρὰ
3067 3369 3160 3423 τὸν
3187 3369 3262 3439 μὴ
3315 3366 3668 3438 σαρκωθέντα
3717 3366 3841 3418 Πα-

2259 3465 2415 3535 τέρα,
2443 3463 2643 3531 διαιρεῖ
2676 3463 2771 3514 δύο
2802 3449 2954 3524 θείας
2997 3461 3296 3533 ἐνεργείας·
3325 3459 3384 3512 οὐ
3431 3459 3719 3529 διαιρεῖται
3755 3458 3841 3510 δέ’

2260 3557 2361 3608 οὐκ
2419 3556 2524 3624 ἄρα
2565 3553 2794 3620 θεότητα
2826 3551 3080 3619 λέγει.-
3114 3547 3234 3604 Εἶτ’
3282 3547 3459 3616 αὖθις
3514 3550 3610 3604 καὶ
3649 3551 3844 3605 ταῦτα

2260 3645 2542 3700 τέθεικεν.
2581 3645 2793 3712 Ὠσπερ
2824 3645 2852 3697 0
2882 3643 3169 3713 ἄνθρωπος
3204 3643 3307 3696 οὐκ
3349 3642 3539 3710 ἄλογος
3575 3659 3844 3714 προσκειο

2263 3736 2424 3806 μένου
2455 3732 2550 3786 τοῦ
2585 3731 2805 3801 λογικοῦ
2835 3732 2913 3801 τῷ
2950 3732 3152 3801 ἀλόγῳ,
3200 3731 3374 3794 οὕτως
3418 3732 3537 3784 οὐδὲ
3579 3734 3606 3784 0
3649 3729 3845 3802 Σωτὴρ

2261 3826 2466 3893 κτίσμα
2497 3821 2900 3893 προσκειμένου
2933 3821 3009 3891 τῷ
3039 3822 3280 3890 ἀκτίστῳ
3321 3819 3441 3890 Θεῷ
3474 3820 3569 3873 τοῦ
3602 3819 3844 3890 κτίσμα-

2260 3933 2370 3980 τος.
2405 3944 2474 3956 -
2494 3914 2729 3976 Τούτοις
2744 3913 2837 3965 καί
2867 3912 3057 3966 ταῦτα
3073 3910 3487 3965 ἐπισυνάπτει.
3513 3912 3585 3963 Τὸ
3607 3910 3846 3980 ἀόρατον

2261 4010 2355 4062 καὶ
2403 4004 2655 4059 συντεθὲν
2713 4003 2850 4071 πρὸς
2900 4003 3061 4073 σῶμα
3111 4002 3327 4072 ὁρατὸν,
3366 4004 3458 4055 καὶ
3508 4003 3597 4056 διὰ
3645 4004 3844 4057 τούτου

2262 4096 2558 4166 θεωρηθὲν,
2587 4092 2740 4164 μένει
2767 4092 2865 4146 καὶ
2894 4091 3146 4163 ἀόρατον·
3185 4090 3336 4161 μένει
3377 4089 3434 4146 δὲ
3478 4091 3573 4144 καὶ
3605 4090 3845 4147 άσύνθε-

2259 4206 2374 4252 τον,
2405 4186 2541 4240 καθὸ
2587 4185 2649 4238 οὐ
2688 4183 3170 4254 συμπτριορίζεται
3197 4181 3274 4252 τῷ
3327 4181 3560 4252 σώματι.
3619 4185 3730 4237 Καὶ
3779 4187 3846 4239 τὸ

2265 4278 2441 4348 σῶμα,
2473 4276 2630 4346 μένον
2656 4274 2748 4329 ἐπὶ
2771 4271 2866 4326 τοῦ
2891 4273 3022 4326 ἰδίου
3054 4271 3275 4342 μέτρου,
3308 4272 3717 4343 προσλαμϐάνει
3740 4273 3850 4342 τὴν

2265 4372 2397 4441 πρὸς
2456 4368 2587 4422 Θεὸν
2643 4367 2839 4422 ἕνωσιν
2895 4365 3036 4419 κατὰ
3079 4364 3139 4418 τὸ
3189 4363 3590 4427 ζωοποιεῒσθαι,
3627 4363 3750 4417 οὔτε
3777 4367 3848 4419 τὸ

581 4458 1028 4528 incompositum,
1053 4469 1327 4529 quatenus
1353 4476 1462 4513 non
1492 4476 1601 4514 una
1627 4475 1753 4515 cum
1778 4476 2010 4531 corpore
2044 4464 2155 4518 cir-

2262 4463 2689 4533 ζωοποιούμενον
2740 4461 3010 4524 ζωοποιεῖ.
3043 4489 3113 4498 -
3143 4457 3250 4510 Καὶ
3277 4457 3404 4526 μετ’
3449 4455 3848 4524 (humatum

580 4549 993 4604 cumscribitur.
1028 4550 1096 4603 Et
1139 4563 1341 4620 corpus
1385 4551 1440 4604 in
1474 4565 1572 4606 sua
1611 4566 1839 4606 manens
1876 4567 2156 4618 mensura,

581 4636 841 4691 unionem
891 4652 1015 4691 cum
1060 4638 1174 4690 Deo
1215 4637 1467 4706 suscipit,
1512 4647 1568 4692 et
1616 4638 1946 4706 viviﬁcatur,
1981 4657 2160 4712 neque

580 4727 917 4781 viviﬁcatum
941 4727 1199 4782 viviﬁcat.
1218 4757 1287 4767 -—
1305 4728 1375 4782 Et
1396 4729 1556 4798 paulo
1579 4739 1691 4801 post
1709 4733 1782 4784 sic
1804 4732 1992 4787 iterum
2015 4734 2157 4790 dicit.

581 4821 639 4876 Si
671 4836 774 4875 nec
802 4821 999 4874 animae
1031 4835 1154 4875 cum
1183 4835 1414 4889 corpore
1452 4823 1787 4892 conjunctio,
1817 4825 2069 4894 quamvis
2093 4825 2162 4880 ab

581 4912 740 4966 initio
781 4928 889 4966 una
920 4913 1246 4977 coaluerint,
1280 4913 1410 4969 facit
1456 4925 1515 4970 ut
1559 4916 1649 4970 illa
1688 4924 1916 4985 propter
1953 4933 2156 4988 corpus

580 5004 654 5058 sit
700 5003 953 5067 visibilis,
997 5019 1174 5073 neque
1217 5013 1277 5060 ut
1315 5004 1449 5059 alias
1498 5006 1745 5074 corporis
1791 5007 2158 5075 proprietates

581 5095 795 5160 induat,
825 5096 899 5149 ita
938 5103 998 5150 ut
1027 5096 1200 5150 secari
1229 5111 1304 5150 ac.
1332 5096 1506 5151 minui
1540 5097 1716 5167 possit
1758 5115 1771 5151 :
1807 5108 2013 5167 quanto
2045 5115 2158 5153 ma-

578 5190 661 5259 gis
696 5190 862 5252 Deus,
894 5188 987 5257 qui
1025 5187 1275 5242 eamdem
1317 5203 1442 5242 cum
1487 5203 1718 5258 corpore
1759 5198 2013 5244 naturam
2047 5207 2158 5248 non

580 5277 765 5337 habet.
807 5276 1028 5345 corpori
1075 5276 1264 5331 nnitur
1304 5276 1746 5340 immutabilier
1782 5277 1939 5346 Quod
1973 5279 2019 5335 si
2053 5281 2158 5335 ho-

582 5369 746 5423 minis
777 5384 978 5439 corpus
1017 5378 1200 5423 manet
1241 5369 1296 5424 in
1333 5372 1552 5441 propria
1594 5381 1811 5437 natura,
1841 5372 2006 5445 idque
2042 5375 2160 5429 ani-

651 5524 698 5554 “
727 5523 882 5578 Joan.
911 5540 963 5586 v,
1001 5524 1083 5578 l9.

678 5679 727 5744 7)
756 5680 934 5733 αὐτόν.
973 5681 1047 5735 Ed
1075 5726 1083 5732 .
1107 5680 1264 5733 Rexit.
1300 5687 1356 5733 et
1383 5677 1526 5746 Lips.
1550 5671 1622 5746 αδ
1646 5676 1756 5732 τόν.

678 5684 727 5744 7)
756 5684 934 5733 αὐτόν.
973 5684 1047 5735 Ed
1075 5726 1083 5732 .
1107 5684 1264 5733 Rexit.
1300 5687 1356 5733 et
1383 5684 1526 5746 Lips.
1550 5684 1616 5730 αὑ
1646 5684 1751 5732 τόν.

651 5684 726 5821 Ξὸ)
764 5751 894 5805 Πατ.
927 5750 1206 5806 Excidisse
1230 5749 1450 5804 videtur
1473 5743 1751 5804 ποιοῦντα.

2257 4557 2450 4622 οὕτωςε
2478 4555 2741 4624 εἴρηκεν.
2778 4552 2840 4604 Εί
2875 4551 3009 4622 μηδὲ
3045 4549 3120 4621 (9)
3167 4551 3201 4619 ἠ
3255 4549 3434 4619 ψυχῆς
3488 4549 3646 4617 πρὸς
3678 4547 3848 4617 σῶμα

2259 4649 2478 4720 κρᾶσις,
2511 4645 2689 4700 καίτοι
2718 4643 2776 4709 ἐξ
2814 4643 2989 4712 ἀρχῆς
3031 4642 3169 4696 κατὰ
3212 4642 3490 4713 συμφυΐαν
3520 4638 3675 4704 οὖσα,
3707 4643 3846 4712 ὁρα-

2258 4739 2356 4812 τὴν
2383 4739 2549 4807 αὐτὴν
2577 4736 2666 4791 διὰ
2691 4736 2753 4790 τὸ
2785 4734 2943 4802 σῶμα
2972 4736 3133 4797 ποιεῖ,
3181 4733 3310 4803 μηδὲ
3343 4734 3422 4796 εἰς
3455 4733 3523 4788 τὰ
3568 4732 3702 4787 ἄλλα
3743 4732 3848 4786 τοῦ

2264 4832 2512 4900 σώματος
2538 4825 2806 4897 ἰδιώματα
2836 4823 3184 4894 μεταϐάλλει,
3215 4822 3356 4876 ὥστε
3397 4823 3493 4874 καὶ.
3521 4821 3840 4889 τέμνεσθαι.
3885 4836 3892 4858 τ

2263 4921 2357 4974 καὶ
2380 4918 2757 4973 ἐλαττοῦσθαιο
2781 4916 2933 4985 πόσῳ
2965 4915 3166 4984 μᾶλλον
3189 4917 3216 4967 0
3250 4914 3323 4984 μὴ
3351 4912 3564 4981 σώματι
3588 4911 3852 4983 συμφυὴς

2263 5013 2290 5064 0
2322 5010 2453 5073 Θεὸς
2483 5009 2830 5079 ἀμελετήτως
2863 5007 3075 5059 ἑνοῦται
3137 5005 3274 5076 πρὸς
3326 5002 3513 5073 siuna;
3552 5005 3661 5056 Καὶ
3703 5006 3752 5056 εἰ
3783 5005 3852 5058 τὸ

2261 5101 2420 5171 σῶμα
2450 5100 2542 5153 τοῦ
2579 5098 2868 5170 ἀνθρώπου
2910 5096 3002 5149 ἐπὶ
3047 5096 3146 5164 τῆς
3205 5095 3340 5158 ιδίας
3394 5095 3607 5161 φύσεως
3665 5094 3848 5164 μένει,

2260 5191 2352 5244 καὶ
2387 5190 2545 5242 τοῦτὸ
2575 5207 2638 5256 γε
2675 5187 3048 5259 ὲψυχωμένον,
3083 5185 3205 5238 οὐδὲ
3245 5185 3338 5237 ἐπὶ
3372 5185 3465 5238 τοῦ
3509 5185 3747 5253 Χριστοῦ
3783 5186 3854 5240 τὸ

2261 5284 2419 5353 σῶμα
2460 5285 2494 5353 ἡ
2533 5282 2834 5350 σύγκρασις
2890 5282 3026 5350 μήτε
3085 5277 3381 5349 μετέϐαλεν
3439 5277 3514 5340 ὼς
3572 5277 3646 5346 μὴ
3701 5271 3852 5336 εἶναι

2264 5376 2442 5445 σῶμα.
2469 5375 2647 5428 -Κιιὶ
2661 5372 2810 5444 μετὰ
2836 5371 3095 5427 πλεῖστα
3124 5369 3311 5424 πάλιν
3337 5369 3524 5425 ταῦτα
3554 5371 3850 5431 τέθεικεν.

2340 5681 2414 5754 (9)
2449 5683 2600 5756 μηδὲ.
2624 5685 2768 5740 Edit.
2802 5684 2958 5740 Rom.
2986 5691 3041 5739 et
3065 5683 3212 5752 Lips.
3239 5680 3316 5753 μὴ
3340 5680 3466 5734 δεῖν.
