4136 6390
234 459 318 524 217
1289 469 1670 532 DIALOGUS
1709 469 1791 528 II.
1836 492 1903 501 —
1946 469 2440 533 INCONFUSUS.

3399 462 3510 534 218

243 568 294 623 '0
314 569 501 641 ψυχὴν
523 571 619 623 καὶ
652 569 813 642 σῶμα
838 571 1117 642 ὁμολογῶν
1147 574 1224 640 ὡς
1252 575 1310 628 ἐν
1341 576 1447 629 ὕπὺ
1467 576 1568 644 τῆς
1593 575 1815 648 Γραφῆς

1922 584 2148 644 matum,
2170 595 2348 649 neque
2370 578 2425 633 in
2447 577 2668 634 Christo
2687 576 3001 648 commistio
3024 547 3261 632 mutavit
3279 591 3505 650 corpus,

242 660 618 732 ⁴παρίστασθαι,
643 661 825 734 ἑαυτῷ
857 663 1109 735 μάχεται,
1159 667 1261 738 τὴν
1305 667 1565 740 τοιαύτην
1618 665 1815 720 ἕνωσιν

243 750 315 804 τοῦ
342 751 525 820 Λόγου
551 752 690 824 πρὸς
716 752 877 824 σῶμα
907 757 1211 830 μεταϐολὴν
1241 753 1381 812 εἷναι
1408 759 1654 828 φάσκων,
1681 757 1817 810 ταύ-

242 842 562 911 τηνοὺδδὲπὶ
591 842 772 922 ψυχῆς
792 845 999 919 θεωρου
1009 849 1199 919 μένην.
1221 851 1607 904 -Ἂκουσον
1628 847 1820 903 αὐτοῦ

244 933 412 986 πάλιν
436 931 776 1001 διαρῤήδην
798 936 1097 1005 ,Βοῶνι-ος.
1130 939 1195 992 Et
1220 941 1270 993 οε
1309 941 1387 1010 μὴ
1411 940 1669 1010 λέγοντες
1703 958 1814 992 πα-

243 1021 490 1090 ραμένειν
523 1020 624 1093 τὴν
662 1023 842 1093 σάρκα
871 1026 968 1080 τοῦ
1011 1028 1220 1099 Κυρίου
1247 1028 1592 1092 δυσσεδοῦσι,
1635 1028 1818 1098 πο).λῷ

247 1112 428 1179 μᾶλλον
489 1115 542 1166 oi
585 1115 722 1185 μηδὲ
780 1118 883 1188 τὴν
943 1120 1118 1190 ἀρχὴν
1168 1121 1558 1193 σεσαρκῶσθαι
1622 1122 1817 1191 ὁμολο-

242 1205 474 1273 γοῦντες.
494 1235 568 1246 -
588 1209 698 1261 Καὶ
729 1209 798 1263 ἐν
811 1209 892 1276 τῷ
907 1213 1040 1279 περὶ
1055 1211 1419 1281 σαρκώσεως
1428 1214 1672 1282 λογιδίῲ
1704 1213 1813 1268 πά-

245 1300 531 1374 λινταῦζα
560 1302 837 1373 γέγραφε.
871 1304 945 1356 Τὸ
981 1305 1080 1375 μὲν
1100 1301 1215 1372 οὖν,
1252 1325 1270 1357 ι
1301 1305 1484 1359 Κάθου
1514 1305 1579 1357 ὲκ
1628 1302 1818 1371 δεξιῶν

248 1406 353 1459 μου,
387 1409 406 1440 ι
441 1392 521 1455 ὡς
549 1395 688 1463 πρὸς
711 1393 1000 1465 ἄνθρωπον
1026 1395 1198 1464 λέγει·
1230 1397 1292 1449 οὐ
1323 1397 1433 1465 γὰρ
1455 1395 1536 1464 τῷ
1562 1395 1650 1448 ἀεὶ
1679 1393 1813 1448 καθ-

246 1481 412 1552 ημένῳ
441 1485 541 1538 ἐπὶ
562 1485 753 1554 θρόνου
787 1487 967 1556 δόξης,
998 1486 1136 1540 καθὸ
1181 1487 1316 1550 Θεὸς
1365 1487 1557 1554 Λόγος,
1599 1485 1817 1556 ετρηται

246 1574 366 1642 μετὰ
390 1577 494 1648 τὴν
547 1577 733 1632 ἄνοδον
769 1579 879 1649 τὴν
924 1579 987 1630 ὲκ
1039 1579 1165 1649 γῆς·
1191 1579 1328 1632 am
1376 1578 1453 1646 τῷ
1482 1578 1578 1631 νῦν
1611 1579 1692 1640 είς
1718 1577 1817 1649 τὴν

245 1670 554 1740 ἐπουράνιον
591 1668 860 1739 scaeam
893 1671 1053 1735 δόξαν
1108 1671 1244 1725 καθὸ
1297 1673 1604 1744 ἄνθρωπος,
1661 1671 1738 1735 ὡς
1767 1672 1817 1724 oi

243 1759 514 1814 ἀπόστολοι
563 1761 833 1830 λέγουσιν’
871 1781 890 1813 ι
925 1762 1001 1815 οὐ
1026 1763 1137 1834 γὰρ
1167 1763 1334 1818 Δασὶδ
1370 1765 1540 1834 ἀνέϐη
1575 1765 1656 1828 εἰς
1689 1764 1815 1825 τοὺς

243 1850 510 1920 οὐρανούςο
537 1851 687 1921 λέγει
720 1852 783 1905 δὲ
810 1852 996 1916 αὐτὸς,
1027 1849 1198 1908 Εἶπεν
1221 1855 1250 1906 ό
1279 1854 1484 1927 Κύριος
1511 1854 1589 1925 τῷ
1624 1854 1814 1924 Κυρίῳ

246 1956 356 2007 μου,
383 1941 573 1996 Κάθου
614 1943 678 1995 ὲκ
723 1941 915 2009 δεξιῶν
971 1960 1092 2014 μου.
1125 1962 1144 1995 ι
1195 1943 1563 2015 ’Δνθρὼπινον
1605 1945 1704 2014 μὲν
1753 1944 1816 1996 τὸ

245 2030 580 2102 πρόσταγμα,
641 2034 820 2104 ἀρχὴν
869 2036 937 2104 τῇ
990 2034 1227 2106 καθέδρᾳ
1273 2034 1470 2088 διδοῦψ
1497 2035 1639 2088 θεῖον
1668 2035 1724 2087 δὲ
1755 2035 1816 2087 τὸ

245 2120 442 2190 ἀξίωμα
497 2125 560 2176 τὸ
619 2124 1000 2194 συγκαθῆσθαι
1055 2124 1193 2194 Θεῷ,
1245 2117 1291 2192 ᾧ
1321 2124 1731 2196 λειτουργοῦσιν
1762 2128 1816 2178 αἱ

243 2213 394 2281 χίλιαι
428 2214 692 2284 χιλιάδες,
728 2215 824 2266 καὶ
859 2216 1312 2284 παραστήκουσνν
1365 2217 1420 2269 αἱ
1479 2216 1671 2286 μύριαι
1716 2235 1817 2286 μυ-

248 2302 430 2371 ριάδες.
449 2304 642 2358 -Και
670 2304 796 2375 μετ’
825 2305 1021 2373 ὀλίγα.
1054 2306 1128 2357 Οὐ
1151 2305 1260 2376 γὰρ
1284 2304 1490 2376 ὼςΘεῷ
1520 2307 1818 2361 ὑποτάσσει

239 2394 354 2456 τοὺς
408 2393 663 2466 ἐχθροὺς,
713 2393 932 2458 ἀλλ’ὡς
982 2395 1285 2466 ἀνθρώπῳο
1314 2395 1455 2449 ὥστε
1510 2398 1605 2450 τὸν
1654 2399 1818 2451 αὐτὸν

241 2476 370 2537 εἶναι
406 2485 504 2538 καὶ
533 2483 668 2538 Θεδν
704 2483 1004 2556 ὁρώμενον,
1039 2487 1134 2538 καὶ
1164 2486 1471 2558 ἄνθρωπον.
1500 2488 1623 2541 Ὅτι
1654 2487 1711 2541 δὲ
1743 2488 1819 2551 ὡς

240 2576 504 2648 ἀνθρώπῳ
529 2579 751 2644 λέγεται
778 2579 860 2642 τὸ,
899 2597 918 2629 ι
956 2580 1102 2642 Ἕως
1130 2579 1207 2631 θῶ
1253 2581 1383 2642 τοὺς
1435 2580 1667 2651 ἐχθρούς
1724 2598 1817 2633 σου

241 2667 521 2724 ὑποπόδιον
546 2669 656 2722 τῶν
695 2669 874 2724 ποδῶν
904 2687 1021 2737 σου,
1061 2690 1079 2722 ι
1117 2671 1357 2725 διδάσκει
1404 2671 1639 2736 Παῦλος,
1677 2674 1811 2728 ῐδιον

238 2765 393 2819 αὐτοῦ
426 2766 490 2819 τὸ
522 2764 858 2850 κατόρθωμα
886 2764 1084 2832 λέγων,
1123 2765 1266 2818 κατὰ
1290 2767 1352 2818 τὸ
1383 2766 1565 2820 θεῖκὺν
1594 2766 1815 2840 δηλαδή·

246 2875 263 2906 ι
297 2857 450 2911 Κατὰ
476 2858 579 2926 τὴν
607 2857 890 2927 ἐνεργείας
912 2857 1097 2924 φύσιν,
1121 2857 1262 2910 κατὰ
1283 2858 1343 2910 τὸ
1366 2858 1626 2912 δύνασθαι
1656 2861 1819 2913 αὐτὸν

237 2948 325 3000 καὶ
357 2948 623 3014 ὑποτάξαι
659 2947 842 3017 ἑαυτῷ
893 2949 1090 3004 πάντα.
1129 2968 1148 3000 ι
1191 2950 1335 3020 Ὅρα
1388 2950 1710 3021 ἀχωρίστως
1761 2952 1820 3004 ἐν

237 3038 310 3110 τῷ
343 3041 422 3094 ἑνὶ
463 3040 744 3114 προσώπῳ
770 3041 1003 3106 θεότητα
1033 3044 1129 3096 καὶ
1154 3043 1576 3114 άνθρωτιότητα.
1613 3075 1684 3088 --
1709 3045 1820 3098 Καὶ

231 3132 374 3199 μετὰ
398 3131 661 3201 βραχέα.
704 3150 724 3184 ι
752 3133 988 3199 Δόξασόν
1020 3151 1088 3204 με
1129 3136 1193 3188 σὺ
1221 3118 1356 3205 (i0).
1412 3136 1562 3208 παρὰ
1611 3136 1822 3206 σεαυτῷ

235 3223 298 3290 τῇ
337 3222 463 3295 δόξῃ
553 3220 700 3294 εἶχον
726 3223 833 3293 πρὸ
853 3223 947 3276 τοῦ
975 3225 1067 3276 τὸν
1090 3225 1298 3295 κόσμον
1321 3222 1462 3280 εἶναι
1493 3227 1644 3298 παρὰ
1677 3228 1778 3280 σοί.
1796 3245 1814 3278 ι

237 3280 304 3364 Τδ
494 3280 639 3383 ⁸γάρ’,
665 3280 955 3380 δόξασον,
1016 3313 1091 3377 ὡς
1142 3280 1429 3386 ἄνθρωπος
1463 3280 1631 3383 λέγει·
1669 3315 1732 3368 τὸ
1763 3314 1819 3367 δὲ
1847 3280 1888 3337 c

235 3401 374 3470 ἒχειν
414 3403 525 3475 πρὸ
558 3403 758 3467 αίῶνος
803 3404 902 3477 τὴν
936 3404 1094 3470 δόξαν
1127 3405 1202 3468 ὡς
1249 3406 1380 3468 Θεὸς
1420 3406 1816 3467 ἀποκαλύπτει,

230 3496 407 3549 -Καὶ
444 3492 625 3562 αὖθις
653 3495 783 3564 μετ’
817 3497 1011 3566 ὀλίγα.
1031 3497 1171 3550 Ἀλλ’
1193 3499 1353 3567 ἡμεῖς
1381 3497 1456 3567 μὴ
1475 3497 1822 3550 ταπεινωθῶ·

234 3601 329 3654 μεν
362 3587 635 3655 ταπεινὴν
679 3588 1022 3658 ἡγησάμενοι
1056 3589 1158 3658 τὴν
1193 3588 1287 3642 τοῦ
1350 3587 1476 3642 Υίοῦ
1540 3588 1634 3641 τοῦ
1687 3588 1821 3641 Θεοῦ

231 3677 631 3748 προσκύνησιν,
663 3680 761 3731 καὶ
790 3679 928 3748 μετὰ
955 3680 1054 3747 τῆς
1093 3679 1442 3751 ἀνθρωπίνης
1481 3679 1821 3750 ὁμοιώσεως,

229 3767 340 3821 ἀλλ’
360 3768 441 3833 ὥς
485 3783 615 3823 ’τινα
648 3769 872 3840 βασιλέα
932 3771 1026 3825 καὶ
1054 3772 1110 3824 ὲν
1141 3771 1350 3824 εὐτελεῖ
1378 3771 1613 3839 φανέντα
1661 3771 1822 3843 στολῇ

235 3862 296 3928 τῇ
331 3859 595 3932 βασιλικῇ
620 3861 748 3931 δόξῃ
781 3861 1117 3927 δοξάζοντες,
1164 3863 1258 3916 καὶ
1302 3862 1538 3931 μάλιστα
1589 3861 1826 3933 δρῶντες

227 3951 318 4002 καὶ
336 3953 476 4005 αὐτὸ
498 3952 564 4005 τδ
592 3952 798 4023 ἔνδυμα
846 3952 1125 4019 δοξασθὲν,
1183 3953 1259 4016 ὡς
1309 3955 1554 4026 ἥρμοττε
1611 3954 1824 4024 σώματι

226 4040 357 4094 Θεοῦ
383 4044 487 4096 καὶ
520 4043 738 4114 Σωτῆρι
771 4043 1000 4114 κόσμου,
1037 4046 1130 4097 καὶ
1175 4045 1453 4117 σπέρματι
1498 4045 1644 4115 ζωῆς
1694 4049 1828 4099 αἰω-

225 4133 357 4196 νίου,
393 4137 498 4187 καὶ
537 4135 755 4206 ὀργάνῳ
787 4130 948 4192 θείων
974 4137 1286 4206 ινεργειῶν,
1323 4138 1419 4191 καὶ
1469 4137 1675 4209 λυτικῷ
1727 4155 1827 4193 tta.-

226 4224 343 4287 κίας
376 4227 634 4295 ἁπάσης,
667 4226 764 4279 καὶ
783 4226 1016 4283 θανάτου
1051 4227 1442 4299 καθαιρετικῷ,
1467 4230 1561 4282 καὶ
1588 4230 1828 4284 ἀναστά-

225 4331 359 4378 σεως
389 4317 659 4388 άρχηγῷ.
690 4317 754 4369 Et
779 4317 891 4387 γὰρ
937 4319 1034 4371 καὶ
1072 4317 1172 4388 τὴν
1221 4319 1383 4388 φύσιν
1417 4319 1474 4386 ἐξ
1523 4318 1828 4390 ἀνθρώπων

224 4403 402 4476 ἔσχεν,
430 4407 582 4462 ἀλλὰ
604 4409 705 4477 τὴν
736 4407 882 4477 ζωὴν
914 4411 978 4462 ὲκ
1026 4409 1184 4473 Θεοῦ,
1205 4410 1300 4464 καὶ
1344 4411 1444 4480 τὴν
1493 4409 1723 4481 δύναμιν
1769 4412 1828 4480 ἐξ

220 4499 476 4568 οὐρανοῦ,
547 4501 643 4555 καὶ
674 4500 776 4570 τὴν
823 4498 1024 4569 ἀρετὴν
1062 4499 1315 4554 θείαν.--
1341 4500 1450 4553 Kal
1464 4501 1592 4570 μετ’
1629 4501 1824 4569 ὀλίγα.

1921 674 1982 720 ut
2026 681 2136 720 non
2176 669 2249 722 sit
2286 683 2507 739 corpus.
2540 696 2607 726 -τ-
2640 667 2713 722 Et
2741 662 2872 739 post
2899 660 3280 742 plurimarum:
3321 664 3507 724 rursus

1918 760 2108 828 posuit.
2142 759 2246 826 Qui
2290 762 2528 816 animam
2574 771 2632 817 et
2672 775 2877 832 corpus
2917 760 3214 817 conﬁtetur
3245 769 3507 832 tanquam

1918 865 2092 905 unum
2122 866 2153 905 a
2180 851 2465 922 Scriptum
2493 853 2684 919 statui,
2711 867 2899 908 secum
2931 853 3308 924 ipsepugnat,
3339 852 3507 908 talem

1917 935 2087 998 Verbi
2125 958 2250 997 cum
2297 959 2528 1014 corpore
2565 947 2826 1002 unionem
2867 945 3231 1001 mutationem
3268 925 3390 1001 esse
3419 943 3508 1000 di-

1919 1050 2069 1099 cens,
2106 1051 2228 1105 quae
2272 1051 2376 1092 nec
2425 1037 2481 1091 in
2525 1038 2708 1091 anima
2750 1037 3282 1108 cervinum—Audi
3324 1053 3510 1114 rursus

1917 1126 2091 1197 ipsum
2126 1127 2319 1182 diserte
2361 1127 2703 1183 clamantem.
2731 1128 2789 1186 Si
2821 1130 2976 1200 impii
3009 1139 3159 1196 sunt,
3187 1131 3283 1201 qui
3298 1126 3512 1205 dicunt
3558 1136 3565 1140 '

1918 1235 2143 1274 carnem
2174 1221 2393 1276 Domini
2422 1236 2532 1276 non
2561 1237 2804 1284 manere,
2840 1221 3016 1278 multo
3049 1222 3224 1292 magis
3256 1205 3353 1292 qui
3391 1236 3512 1277 om-

1920 1310 2055 1364 nino
2094 1309 2440 1366 incarnatum
2470 1311 2639 1366 fuisse
2673 1319 2898 1382 negant.
2938 1340 3008 1349 —
3038 1307 3109 1363 Et
3143 1309 3198 1362 in
3238 1307 3413 1362 libello
3444 1299 3511 1363 ds

1918 1401 2284 1456 incarnatione
2321 1403 2514 1456 iterum
2553 1404 2662 1457 lucc
2693 1402 2921 1472 scripsit.
2963 1399 3104 1455 Illud
3136 1415 3285 1470 ergo,
3349 1399 3509 1470 173

1926 1515 1945 1547 ι
1974 1493 2116 1552 Sede
2149 1509 2178 1548 a
2209 1492 2453 1549 dexteris
2482 1494 2620 1548 meis
2643 1493 2712 1558 ⁸⁸,
2747 1507 2767 1544 ι
2800 1500 3060 1561 tanquam
3093 1489 3305 1545 homini
3331 1489 3466 1545 dicit
3492 1506 3506 1544 :

1919 1601 2099 1656 neque
2142 1585 2292 1639 enim
2332 1582 2382 1637 ei
2429 1582 2522 1653 qui
2573 1597 2793 1652 semper
2820 1584 2838 1602 '
2868 1581 3024 1635 sedet
3066 1579 3123 1634 in
3153 1579 3352 1634 throno
3389 1579 3508 1651 glo-

1919 1679 2034 1741 rize,
2061 1685 2335 1746 quatenus
2360 1675 2505 1729 Deus
2536 1672 2800 1737 Verbum,
2825 1671 3035 1727 dictum
3065 1680 3149 1726 est
3172 1679 3296 1740 post
3319 1685 3512 1725 ascen-

1919 1766 2131 1820 sionem
2170 1779 2202 1818 e
2238 1773 2423 1819 terra:
2454 1763 2549 1817 sed
2582 1763 2633 1817 ei
2664 1762 2759 1833 qui
2801 1776 2949 1816 nunc
2985 1759 3040 1814 in
3080 1760 3362 1815 caelestem
3395 1759 3511 1829 glo-

1920 1860 2058 1912 riam
2116 1856 2222 1911 fuit
2278 1856 2551 1911 exaltatus
2608 1864 2884 1925 quatenus
2943 1853 3142 1919 homo,
3193 1861 3253 1907 ut
3315 1852 3512 1906 dicunt

1920 1947 2151 2018 apostoli
2186 1965 2199 2000 :
2238 1966 2256 1997 ι
2287 1946 2409 2000 Non
2452 1945 2601 2000 enim
2647 1943 2817 2000 David
2860 1943 3111 1999 ascendit
3156 1943 3214 1997 in
3256 1945 3508 2007 caelum;

1919 2040 2252 2095 dieitautem
2279 2037 2394 2108 ipse
2414 2055 2427 2091 :
2449 2038 2595 2092 Dixit
2615 2036 2883 2092 Dominus
2907 2035 3144 2089 Domino
3169 2049 3294 2088 meo
3309 2037 3331 2086 ἐ
3368 2032 3513 2088 Sede

1919 2147 1949 2186 a
1989 2130 2233 2186 dexteris
2284 2129 2423 2184 meis
2452 2129 2517 2183 ".
2563 2148 2581 2180 ι
2637 2127 2722 2184 Ad
2774 2127 3058 2182 hominem
3111 2124 3353 2194 pertinet
3406 2124 3512 2178 hoc

1919 2223 2262 2284 mandatum,
2302 2219 2535 2275 sessioni
2570 2218 2709 2284 dans
2740 2217 3078 2289 principium
3111 2231 3125 2267 :
3156 2213 3342 2267 divina
3377 2225 3513 2265 vero

1919 2325 2006 2370 est
2056 2315 2296 2385 dignitas
2343 2328 2467 2368 cum
2519 2311 2632 2364 Deo
2683 2298 3003 2371 considere,
3053 2304 3141 2360 cui
3196 2304 3514 2357 ministrant

1921 2408 2091 2461 millia
2121 2405 2377 2468 millium,
2401 2415 2458 2459 et
2477 2402 2744 2456 assistunt
2770 2399 2956 2454 decies
2985 2408 3216 2453 centena
3246 2394 3414 2449 millia
3439 2392 3513 2450 ".

1919 2529 1988 2538 ——
2016 2497 2086 2554 Et
2118 2495 2279 2568 paulo
2315 2502 2449 2566 post.
2480 2494 2600 2548 Non
2642 2492 2791 2548 enim
2822 2499 2883 2544 ut
2913 2491 3025 2544 Deo
3060 2487 3289 2559 subjicit
3323 2484 3512 2541 inimi-

1919 2604 2033 2652 cos,
2060 2588 2156 2642 sed
2188 2595 2248 2642 ut
2276 2587 2510 2650 homini,
2541 2586 2826 2639 sictamen
2862 2591 2924 2636 ut
2963 2581 3108 2636 idem
3141 2580 3214 2634 sit
3242 2578 3388 2632 Deus
3415 2576 3514 2646 qui

1920 2680 2284 2749 conspicitur,
2315 2687 2370 2733 et
2407 2679 2594 2732 homo.
2627 2675 2783 2742 Quod
2820 2683 3003 2729 autem
3034 2681 3095 2726 ut
3120 2668 3330 2725 homini
3363 2668 3514 2724 dica-

1921 2782 2034 2837 tur,
2064 2791 2081 2823 ‹
2113 2771 2294 2826 donec
2317 2785 2517 2841 ponam
2548 2767 2802 2823 inimicos
2829 2774 2952 2821 tuos
2983 2765 3284 2820 scabellum
3310 2761 3513 2832 pedum

1921 2873 2142 2918 tuorum
2174 2860 2243 2926 ⁵³,
2275 2881 2292 2913 ι
2329 2861 2490 2916 docet
2529 2860 2755 2924 Paulus,
2797 2858 3083 2929 prOprium
3125 2858 3246 2928 ejus
3282 2855 3513 2916 factum.

1916 2955 2073 3025 juxta
2118 2953 2466 3008 divinitatem
2519 2951 2757 3015 scilicet,
2813 2963 3306 3004 commemorans:
3359 2965 3377 2998 ι
3419 2945 3517 3000 Se-

1921 3046 2166 3101 cundum
2227 3053 2481 3099 naturam
2539 3042 2913 3114 operationis,
2967 3056 3076 3111 qua
3122 3039 3289 3094 etiam
3340 3036 3517 3107 possit

1923 3136 2194 3206 subjicere
2222 3134 2328 3189 sibi
2355 3133 2538 3187 omnia
2561 3135 2628 3188 ".
2665 3153 2684 3184 ι
2724 3131 2864 3187 Vide
2893 3130 3288 3200 inseparabiles
3322 3128 3376 3181 in
3409 3143 3518 3182 una

1923 3241 2156 3298 persona
2200 3225 2546 3280 divinitatem
2593 3232 2649 3278 et
2698 3223 3120 3276 humanitatem.
3174 3251 3245 3260 -—-
3285 3219 3353 3274 Et
3402 3226 3520 3290 post

1924 3333 2116 3387 pauca.
2153 3333 2170 3365 ι
2192 3313 2450 3370 Gloriﬂca
2481 3327 2589 3377 me,
2627 3320 2683 3366 tu
2719 3310 2948 3384 (Pater),
2980 3310 3124 3380 apud
3163 3308 3516 3379 temetipsum

1925 3409 2176 3462 claritate
2224 3422 2389 3476 quam
2443 3405 2636 3468 habui,
2686 3398 3009 3474 priusquam
3061 3401 3304 3455 mundus
3348 3410 3518 3461 esset.

1924 3499 2069 3569 apud
2114 3507 2166 3553 te
2201 3498 2267 3551 °°.
2303 3517 2320 3548 ι
2376 3495 2621 3551 Verbum
2680 3494 2829 3548 enim
2885 3489 3151 3563 gloriﬁca,
3189 3497 3419 3558 usurpat
3458 3498 3521 3544 ut

1925 3589 2091 3643 homo
2131 3606 2144 3640 :
2185 3587 2412 3658 gloriam
2457 3592 2640 3638 autem
2689 3591 2816 3636 ante
2859 3579 3060 3635 saecula
3104 3593 3162 3632 se
3208 3576 3416 3630 habere
3460 3584 3522 3630 ut

1926 3680 2097 3735 Deum
2142 3678 2404 3732 declarat.
2445 3706 2516 3716 —
2542 3675 2613 3728 Et
2647 3674 2843 3727 iterum
2877 3678 2990 3743 post
3028 3687 3220 3742 pauca.
3248 3669 3361 3723 Nos
3386 3683 3522 3723 vero

1925 3785 2036 3824 non
2065 3768 2390 3839 abjiciamus
2422 3765 2640 3820 animos
2671 3763 2943 3834 abiectam
2974 3769 3234 3831 putantes
3264 3759 3388 3813 Filii
3423 3758 3522 3813 Dei

1926 3863 2328 3927 adorationem,
2366 3859 2533 3916 etiam
2576 3859 2634 3914 in
2677 3857 2921 3911 humana
2967 3853 3380 3908 similitudine:
3425 3849 3523 3906 sed

1927 3965 2190 4027 tanquam
2231 3969 2418 4022 regem
2462 3952 2702 4020 aliquem
2746 3951 2912 4004 etiam
2955 3949 3011 4002 in
3050 3946 3146 4000 vili
3178 3954 3332 4000 veste
3369 3943 3524 4012 regio

1927 4050 2138 4104 honore
2185 4046 2504 4109 allicientes,
2554 4043 2789 4097 maxime
2833 4055 2959 4094 cum
3009 4038 3299 4093 videamus
3340 4035 3523 4105 ipsum

1927 4157 2149 4212 quoque
2191 4139 2575 4193 indumentum
2616 4133 3005 4206 gloriﬁcatum,
3047 4131 3193 4185 sicut
3224 4126 3524 4183 convenie-

1929 4233 2022 4288 bat
2056 4230 2274 4303 corpori
2319 4227 2437 4292 Dei,
2467 4235 2524 4281 et
2552 4224 2823 4281 Salvatori
2863 4221 3079 4287 mundi,
3131 4218 3292 4290 174
3331 4228 3387 4273 et
3432 4233 3524 4273 se-

1931 4321 2227 4377 mini-vita:
2257 4328 2497 4382 αξιοι-ηερ,
2524 4324 2580 4370 et
2627 4314 2942 4369 divinarum
2989 4310 3270 4365 actionum
3311 4309 3526 4362 instru-

1930 4420 2139 4474 mento,
2171 4420 2228 4465 et
2257 4410 2514 4463 vitiorum
2558 4406 2808 4461 omnium
2850 4402 3208 4465 destructori,
3237 4409 3290 4454 et
3329 4397 3530 4453 mortis

1930 4503 2299 4576 peremptori,
2344 4509 2401 4554 et
2447 4497 2877 4559 resurrectionis
2918 4494 3176 4566 principi.
3219 4492 3336 4546 Etsi
3374 4491 3523 4544 enim

225 4589 384 4644 Ὅθεν
415 4593 596 4663 ἡμεῖς
625 4591 689 4642 τὸ
715 4589 1339 4662 σῶμαίπροσκυνοῦμεν.
1368 4590 1445 4653 ὡς
1492 4591 1584 4643 τὸν
1631 4592 1822 4660 Λόγον,

1930 4609 2185 4654 naturam
2223 4593 2418 4647 habuit
2448 4608 2513 4646 ex
2548 4590 2891 4652 hominibus,
2921 4596 3104 4641 tamen
3131 4586 3298 4640 vitam
3330 4580 3528 4636 habuit

217 4683 308 4738 τοῦ
337 4687 612 4755 σώματος
637 4683 962 4753 μετέχομεν,
992 4684 1067 4746 ὡς
1096 4681 1194 4736 τοῦ
1226 4682 1560 4752 πνεύματος.

222 4772 380 4830 4-Et
419 4783 552 4847 post
591 4789 785 4845 pauca.
817 4773 947 4829 ideo
981 4787 1084 4829 nos
1118 4787 1323 4844 corpus
1358 4772 1674 4839 adoramus,
1705 4781 1965 4847 tanquam
1995 4776 2275 4834 Verbum:
2337 4770 2587 4842 corporis
2639 4785 2833 4824 sumus
2885 4767 3204 4839 participes,
3264 4772 3526 4832 tanquam
3611 4782 3613 4784 ·

183 4885 192 4916 1
219 4869 467 4938 spiritus.

297 4958 433 5025 Ἰδού
468 4975 567 5012 σοι
595 4956 692 5010 καὶ
727 4957 756 5009 ὸ
789 4957 1007 5025 πρῶτος
1057 4955 1166 5008 τῶν
1215 4955 1432 5024 φύσεων
1477 4955 1576 5026 τὴν
1626 4957 1827 5027 κρᾶσιν

219 5047 455 5115 ιξσάγων
480 5088 498 5114 ,
570 5047 875 5114 ἀναφανδὸν
935 5047 1002 5116 τῇ
1068 5045 1330 5117 διαιρέσει
1388 5045 1668 5116 χρώμενος
1723 5047 1822 5112 άπ-

222 5139 455 5210 ιεείχθη.
485 5132 670 5200 Οὗτος
703 5137 797 5190 καὶ
829 5136 1022 5205 στολὴν
1047 5136 1108 5190 τὸ
1133 5136 1314 5207 σῶμα,
1351 5141 1446 5189 καὶ
1479 5136 1704 5207 κτίσμα,
1732 5137 1830 5189 καὶ

217 5227 452 5299 εργανον
477 5227 931 5300 προσηγόρευσε.
969 5229 1075 5281 Καὶ
1108 5228 1292 5298 μέντοι
1331 5229 1426 5281 καὶ
1465 5229 1650 5283 δοῦλον
1690 5227 1829 5281 ὠνό-

224 5336 413 5386 μασεν,
449 5323 609 5390 ὅπερ
639 5317 818 5382 οὐδεὶς
851 5321 1007 5391 ἡμῶν
1058 5323 1234 5374 εἰπεῖν
1279 5320 1550 5391 ἐτόλμησε
1584 5320 1830 5373 πώποτε.

222 5412 386 5469 τοῦτο
410 5416 518 5471 καὶ
539 5415 642 5485 τῆς
661 5415 729 5468 ὲκ
750 5413 942 5480 δεξιῶν
958 5415 1182 5488 εἴρηκεν
1207 5413 1514 5486 ἀξιωθῆναι
1536 5414 1832 5486 καθέδρας,

283 5591 332 5622 ⁸⁸
363 5591 522 5648 Psal.
569 5608 680 5650 cu.
717 5595 768 5648 ί.

221 5672 344 5726 nu,
387 5663 446 5716 5.

873 5592 920 5623 ⁸⁸
953 5592 1072 5646 Act.
1110 5607 1171 5655 ιι,
1207 5589 1295 5643 5.5.

1405 5590 1450 5621 ⁸⁷
1488 5591 1626 5645 Dan.
1687 5610 1784 5662 vn,
1822 5591 1905 5648 lO.

1933 4705 2001 4743 ex
2038 4687 2171 4749 Deo,
2196 4694 2253 4738 et
2276 4683 2576 4753 potentiam
2604 4695 2636 4735 e
2665 4680 2828 4742 cmlo,
2856 4678 3212 4746 divinamque
3238 4675 3527 4728 virtutem.

2006 4955 2149 5012 Ecce
2195 4951 2296 5009 tibi
2347 4951 2785 5005 demonstratum
2836 4953 2939 5006 est,
2983 4958 3111 4998 eum
3165 4941 3260 5013 qui
3311 4942 3527 5013 primus

1933 5055 2259 5101 naturarum
2287 5040 2630 5098 confusionis
2653 5045 2848 5093 auctor
2860 5036 2983 5099 fuit,
3007 5035 3184 5104 ipsum
3200 5044 3525 5088 naturarum

1926 5146 2116 5210 aperte
2158 5151 2318 5191 usum
2358 5148 2480 5188 esse
2519 5131 2898 5186 distinctione.
2945 5127 3047 5183 Hic
3080 5134 3139 5181 et
3165 5126 3366 5181 stolam
3398 5141 3525 5180 cor-

1928 5245 2066 5300 pus,
2114 5236 2171 5283 et
2213 5235 2563 5289 creaturam,
2614 5233 2671 5278 et
2718 5222 3152 5276 instrumentum
3207 5217 3523 5289 appellavit.

1929 5322 2072 5390 Quin
2102 5321 2269 5376 etiam
2297 5331 2516 5373 servum
2544 5329 2765 5386 quoque
2791 5311 3152 5383 nuncupavit,
3182 5309 3329 5380 quod
3361 5324 3526 5365 nemo

1930 5420 2183 5467 nostrum
2223 5408 2412 5465 dicere
2451 5421 2694 5476 unquam
2731 5413 2817 5460 est
2858 5418 3047 5459 ausus.
3082 5401 3231 5457 Dixit
3258 5408 3525 5471 praeterea

3285 5577 3330 5609 ”
3362 5576 3520 5634 Joan.

2015 5585 2058 5619 "
2095 5584 2213 5641 Act.
2267 5600 2326 5649 ιι,
2373 5582 2462 5637 35.
2579 5572 2896 5649 "Philipp.
2951 5594 3028 5641 ιιι,
3082 5578 3171 5633 2|.

288 5844 400 5917 (10)
460 5843 558 5896 3-5.
611 5837 892 5896 Onusaum
951 5847 1033 5892 est
1075 5835 1276 5916 Πάτερ,
1323 5836 1468 5906 quod
1505 5837 1541 5892 l.
1586 5855 1633 5891 ι’.
1667 5837 1934 5907 sequitur.
