4136 6390
659 378 768 448 219
1647 374 2132 438 THEODORETI
2171 372 2511 436 EPISCOPI
2545 368 2911 433 CYRENSIS
3824 359 3924 425 29.0

665 497 682 516 '
713 492 770 546 in
807 490 938 547 sede
977 505 1006 544 a
1035 487 1278 544 dexteris
1308 487 1632 543 collocatum
1667 502 1812 554 esse,
1849 495 1905 543 et
1935 485 2042 540 alia
2072 485 2244 542 multa
2273 489 2298 544 Α

2288 489 2320 545 Α
2349 483 2444 538 καὶ
2470 484 2605 538 ἄλλα
2633 483 2692 537 δὲ
2719 483 2947 535 πλεῖστα
2979 475 3130 549 παρὰ
3161 476 3265 549 τῆς
3290 474 3453 548 κενῆς
3481 472 3635 548 ὑμῶν
3663 473 3921 547 alpheum;

665 597 786 650 quae
814 597 843 635 a
868 596 1012 637 vana;
1029 579 1222 634 haeresi
1243 586 1426 634 vestra
1452 579 1799 649 rejiciuntur.

1099 579 1222 634 ιι·εεί
1243 586 1426 634 vestra
1452 579 1799 649 rejiciuntur.
2344 572 2732 644 ικσαλλόμενα.

738 671 942 726 ERAN.
983 671 1096 726 Cur
1133 671 1352 726 tandem
1386 669 1553 740 igitur
1578 671 1675 740 qui
1706 669 2084 725 confusionem
2125 661 2242 736 pri-

2415 663 2618 717 EPAN.
2661 664 2772 716 Kal.
2794 659 2848 714 τί
2874 660 3074 732 δήποτε
3101 657 3200 729 τὴν
3233 657 3435 728 κρᾶσιν
3455 655 3674 727 πρῶτος
3695 655 3926 724 είσάγων

664 781 790 820 mus
836 764 1072 828 induxit,
1110 772 1316 820 tantam
1355 763 1410 818 in
1447 764 1634 820 verbis
1680 764 1796 820 suis
1834 763 2242 819 distinctionem

1974 763 2242 818 actionem
2347 755 2618 826 τοσαύτην
2650 751 2923 807 έντέθεικε
2958 753 3072 814 τοῖς
3101 749 3282 818 λόγοις
3307 749 3607 820 διαίρεσινς

663 856 954 911 constituit
972 858 995 909 2

735 944 944 1000 ORTH.
986 945 1143 1017 Cogit
1187 947 1271 1002 vis
1315 947 1568 1003 veritatis
1609 946 1864 1001 assentiri
1912 949 2078 1003 etiam
2107 965 2243 1028 .eos,

2417 948 2571 1002 ΟΡΘ.
2611 946 2868 1011 Βιάξεται
2893 944 2996 1013 τῆς
3022 940 3277 1012 ἀληθείας
3310 940 3344 1010 ἡ
3383 938 3614 1010 δύναμις
3661 935 3757 990 καὶ
3806 933 3931 1028 τοὺς

664 1034 761 1103 qui
800 1035 1155 1095 vehementer
1189 1036 1269 1091 illi
1300 1046 1622 1112 repugnant.
1649 1036 1778 1102 Sed,
1810 1039 1854 1093 si
1883 1039 1983 1094 tibi
2005 1025 2244 1109 videtur,

2347 1043 2487 1110 ἄγαν
2513 1040 2650 1109 αὐτῇ
2684 1035 3022 1108 μαχομένους
3069 1033 3182 1094 τοῖς
3233 1032 3366 1100 παρ’
3396 1029 3570 1098 αὐτῆς
3617 1025 3933 1094 λεγομένοις

664 1126 832 1180 etiam
883 1126 952 1182 de
1000 1127 1407 1198 impatibilitate
1449 1127 1665 1182 Domini
1726 1143 2039 1185 sermonem
2086 1131 2246 1186 insti-

2350 1131 2662 1185 συνθέσθαι.
2705 1129 2845 1182 ’Δλλ⁹
2868 1127 2922 1180 εἰ
2942 1142 3024 1179 σοι
3048 1123 3216 1186 δοκεῖ,
3244 1122 3339 1174 καὶ
3366 1121 3457 1174 τὸν
3492 1120 3624 1192 περὶ
3651 1118 3751 1189 τῆς
3795 1118 3935 1171 ἀττα-

666 1222 910 1272 ῑιιεωιιε.
2351 1217 2500 1285 θείας
2523 1221 2620 1275 τοῦ
2651 1220 2856 1291 Κυρίου
2879 1219 3190 1286 κινήσωμεν
3216 1215 3394 1282 λόγον.

739 1305 946 1359 ERAN.
990 1305 1108 1362 Seis
1150 1307 1313 1363 etiam
1355 1309 1594 1364 musicos
1620 1310 1800 1365 solere
1830 1309 2054 1380 chordis
2088 1311 2247 1381 quie-

2420 1314 2625 1368 EPAN.
2665 1307 2816 1366 οἷσθ’
2841 1311 2924 1364 ὅτι
2953 1310 3049 1362 καὶ
3076 1309 3174 1371 τὰς
3197 1305 3400 1378 χορδὰς
3431 1306 3481 1359 οῑ
3529 1300 3788 1373 μουσικοὶ
3819 1299 3938 1353 δια-

666 1400 780 1449 tem
812 1397 1139 1463 concedere,
1165 1407 1224 1453 et
1265 1400 1360 1452 luas
1397 1401 1725 1470 paxillorum
1764 1401 2123 1457 conversione
2157 1417 2248 1458 re-

2351 1391 2547 1458 παύείν
2589 1402 2835 1468 εἰώθασι,
2886 1401 2980 1454 καὶ
3014 1398 3224 1471 χαλῶσι
3251 1397 3476 1460 ταύτας,
3511 1394 3638 1457 τοὺς
3664 1390 3938 1452 σκόλοπας

667 1486 910 1542 mittere.
939 1487 1094 1554 Quod
1121 1488 1166 1544 si
1187 1489 1352 1543 etiam
1376 1504 1440 1544 ea
1468 1506 1589 1559 qua
1619 1493 1829 1546 ratione
1861 1501 1916 1546 et
1946 1493 2126 1546 anima
2154 1507 2248 1562 ca-

2350 1496 2830 1569 περιστρέφοντες.
2863 1493 2926 1545 El
2975 1492 3033 1546 δέ
3098 1490 3193 1544 καὶ
3243 1488 3313 1542 τὰ
3345 1487 3535 1556 λόγου
3598 1483 3693 1537 καὶ
3755 1479 3940 1551 ψυχῆς

668 1584 813 1640 rent,
851 1577 1091 1645 quietem
1135 1579 1370 1647 aliquam
1401 1579 1735 1643 desiderant,
1766 1580 2067 1635 absurdum
2109 1581 2248 1635 nihil

2350 1588 2584 1657 πάμπαν
2619 1585 2934 1656 στερημένα
2981 1581 3154 1636 δεῖταί
3205 1596 3352 1642 τινος
3406 1573 3751 1642 ἀναπαύλης,
3787 1571 3943 1625 οὐδὲν

667 1666 963 1722 fecerimus
994 1684 1113 1732 nos,
1143 1671 1235 1737 qui
1271 1668 1465 1723 animae
1494 1680 1550 1724 et
1582 1671 1813 1725 rationis
1836 1671 2132 1741 participes
2161 1683 2274 1727 su—'

2352 1680 2461 1752 ἄρα
2495 1680 2767 1750 δράσομεν
2796 1677 3027 1738 ἀπεικὸς
3058 1676 3106 1728 ol
3132 1674 3310 1745 ψυχῆς
3353 1671 3447 1724 καὶ
3493 1668 3656 1736 λόγου
3688 1662 3946 1752 μετειλη-

667 1773 814 1822 mus,
847 1759 893 1812 si
923 1745 1164 1813 laborem
1191 1758 1400 1813 viribus
1429 1760 1740 1815 metiamur.
1761 1760 2095 1817 Differamus
2118 1779 2250 1835 ergo
2285 1815 2300 1840 Ι

2314 1818 2320 1840 .
2352 1745 2538 1840 χίῧτεςί
2566 1745 2894 1838 μετροῦντες
2929 1766 2996 1835 τῇ
3028 1763 3257 1832 δυνάμει
3285 1760 3376 1813 τὸν
3399 1757 3587 1810 πόνον.
3629 1749 3947 1806 ’Δναὸαλὼ-

669 1848 725 1902 in
757 1849 1077 1903 crastinum.
1182 1908 1188 1913 ,
2182 1814 2213 1835 ο
2282 1814 2323 1867 Β
2355 1814 2702 1931 ζιεοοῖᾉξένυξ
2733 1859 2813 1920 είς
2837 1814 3046 1927 αὔριον.

737 1936 950 1992 ORTH.
993 1940 1256 1995 Hortatur
1301 1942 1526 2012 quidem
1572 1941 1794 1996 divinus
1841 1942 2010 1997 David
2061 1942 2151 1998 die
2186 1959 2251 2000 ac
2357 1928 2368 1931 _

2357 1928 2368 1931 _
2424 1949 2577 2002 ΟΡΘ.
2633 1947 2692 2000 ’0
2720 1946 2819 2017 μὲν
2849 1945 2992 2006 θεῖος
3020 1940 3188 1995 Δασὶδ
3215 1939 3432 2008 νύκτωρ
3454 1935 3546 1989 καὶ
3578 1930 3699 2002 μεθ’
3725 1928 3949 1999 ἡμέραν

668 2038 832 2083 nocte
883 2029 1070 2084 divina
1116 2032 1334 2101 eloquia
1385 2034 1639 2088 meditari
1683 2052 1695 2086 :
1735 2032 1828 2087 ﬁat
1871 2043 2054 2088 tamen
2101 2035 2248 2105 quod

2350 2041 2461 2094 τῶν
2502 2039 2661 2092 θείων
2689 2035 2958 2090 ποιεῖσθαι
2987 2034 3186 2102 λογίων
3208 2032 3310 2103 τὴν
3348 2027 3578 2099 μελέτην
3624 2018 3945 2092 παρεγγυᾷ·

668 2117 888 2182 dixisti,
937 2128 993 2174 et
1036 2121 1092 2176 in
1135 2123 1436 2178 crastinum
1487 2125 1756 2194 reliquam
1805 2124 2250 2196 disquisitionem

2352 2126 2594 2196 γενέσθω
2626 2126 2682 2179 δὲ
2712 2125 2862 2195 ὅμως
2886 2124 3024 2194 ὅπερ
3062 2123 3312 2192 εἴρηκας,
3350 2119 3443 2171 καὶ
3482 2113 3824 2185 φυλάξωμεν
3869 2110 3951 2172 εἰς

670 2221 1038 2266 reservemus.
2352 2217 2452 2285 τὴν
2472 2214 2772 2284 ’ὑστεραίαν
2799 2211 2894 2265 τοῦ
2928 2210 3252 2280 λειπομένου
3289 2208 3389 2282 τὴν
3422 2205 3672 2275 ἔρευναν.

1837 2586 2766 2736 ΑΠΑΘΗΣ.

1987 2823 2535 2911 ΔΙΑΛΟΓΟΣ
2582 2827 2653 2910 Γ
2674 2891 2693 2910 .

1650 3003 2146 3058 υΡΘυΔΟΞΟΣ
2203 3005 2351 3058 ΚΑΙ
2412 3004 2961 3059 ΕΡΑΝΙΣΤΗΣ.

1584 3349 1586 3352 ν
1695 3340 2946 3510 IMPATIBILIS.

1891 3593 2491 3688 DIALOGUS
2565 3600 2711 3687 ΙΙΙ

1635 3791 2241 3854 ORTHODOXUS
2281 3791 2390 3851 ET
2432 3790 3003 3854 ERANISTBS.

1231 4105 1716 4166 ORTHODOXUS.
2293 4119 2335 4175 C

2293 4119 2335 4175 C
2953 4108 3364 4166 ΟΡΘΟΔΟΞΟΣ.

763 4215 922 4287 175
968 4216 1123 4285 Quod
1175 4217 1532 4276 immutabilis
1573 4223 1644 4276 sit
1689 4223 1836 4278 Deus
1893 4222 2152 4284 Verbum.
2211 4234 2269 4280 et

2443 4221 2566 4274 Ὀτι
2608 4219 2708 4292 μὲν
2743 4217 3014 4290 ἄτρεπτος
3049 4221 3078 4272 ὁ
3118 4220 3248 4280 Θεὸς
3279 4220 3452 4287 Λόγος
3477 4261 3493 4283 ,
3533 4220 3629 4273 καὶ
3684 4221 3981 4292 ένηνθρὼ-

688 4305 858 4362 homo
923 4307 1100 4362 factus
1164 4308 1255 4371 sit,
1333 4325 1440 4364 non
1518 4311 1571 4364 in
1643 4327 1865 4366 carnem
1944 4329 2267 4380 conversus,

2373 4329 2547 4382 πησεν
2591 4311 2692 4364 οὐκ
2741 4312 2820 4374 είς
2873 4310 3053 4381 σάρκα
3103 4313 3380 4382 τραπεὶς,
3435 4311 3552 4364 ἀλλ’
3610 4313 3981 4385 ἀνθρωπείαν

691 4399 816 4454 sed.
851 4403 1090 4456 humana
1139 4401 1378 4470 perfecta
1418 4411 1700 4473 assumpta
1741 4414 1959 4464 natura.
2023 4406 2077 4460 in
2121 4406 2272 4475 prio-

2374 4401 2535 4473 φύσιν
2571 4401 2781 4456 τελείαν
2823 4401 3027 4467 λαϐὼν,
3066 4403 3123 4455 ὲν
3150 4405 3264 4467 τοῖς
3306 4403 3544 4474 πρόσθεν
3567 4404 3980 4475 ἐξητασμένοις

692 4491 848 4546 ribus
886 4493 1903 4564 disputationibusdemonstravimus.
1946 4495 2102 4562 Quod
2141 4513 2274 4553 vero

2375 4494 2738 4567 ἀπεδείξαμεν
2783 4495 2984 4565 λόγοις.
3033 4495 3160 4550 Ὀτι
3208 4496 3266 4551 δὲ
3310 4496 3406 4552 καὶ
3457 4497 3597 4565 μετὰ
3625 4496 3728 4566 τὴν
3769 4497 3982 4553 ἕνωσιν

691 4585 860 4639 etiam
928 4594 1051 4655 post
1116 4573 1377 4641 unionem
1433 4590 1697 4644 nauserit
1734 4590 1913 4659 qualis
1967 4599 2106 4656 erat,
2163 4607 2274 4645 non

2379 4582 2830 4658 μεμένηκενοῖος
2851 4581 2941 4658 ἦν,
2974 4587 3273 4658 ἀκήρατος,
3309 4589 3551 4660 ἀπαθὴς,
3578 4589 3981 4657 ἀναλλοίωτος,

695 4676 913 4740 mistus,
949 4677 1289 4747 impatibilis,
1326 4680 1704 4746 immutabilis,
1743 4682 2275 4754 incircumscriptus,

2377 4679 2791 4750 ἀπερίγραφος,
2835 4679 2932 4733 καὶ
2970 4679 3045 4743 ὡς
3085 4680 3151 4750 ἢν
3197 4679 3430 4735 ἁνέλαὸε
3475 4681 3637 4749 φύσιν
3682 4683 3982 4757 ἀκραιφνῆ

696 4777 752 4823 et
784 4769 929 4838 quod
965 4779 1217 4824 naturam
1250 4780 1585 4841 assumptam
1623 4774 1887 4843 integram
1913 4778 2276 4842 conservarit,

2378 4771 2702 4842 διετήρησε,
2728 4771 2917 4842 σαφῶς
2950 4773 3096 4842 ἡμᾶς
3131 4773 3163 4843 ἡ
3213 4771 3331 4826 θεία
3367 4773 3559 4844 Γραφὴ
3589 4813 3604 4836 ,
3647 4774 3743 4827 καὶ
3780 4775 3985 4843 μέντοι

697 4862 988 4932 perspicue
1037 4878 1137 4917 nos
1190 4863 1374 4917 divina
1431 4865 1747 4934 Scriptura,
1797 4874 1853 4920 et
1907 4862 2277 4921 Eeclesiarum

2381 4865 2474 4918 καὶ
2503 4866 2613 4918 τῶν
2653 4864 2991 4937 Ἐκκλησιῶν
3031 4865 3078 4917 οἱ
3113 4865 3429 4920 διδάσκαλοι
3456 4907 3472 4930 ,
3523 4866 3617 4920 καὶ
3657 4867 3757 4935 τῆς
3788 4869 3987 4922 οίκου·

700 4953 976 5018 doctores,
1043 4966 1098 5010 et
1151 4957 1303 5010 orbis
1355 4967 1626 5012 terrarum
1685 4958 1892 5012 lumina
1945 4959 2276 5015 docuerunt.

2385 4957 2553 5027 μένης
2587 4958 2635 5010 oi
2671 4957 2957 5028 φωστῆρες
2989 4955 3255 5023 ἐδίδαξαν.
3294 4956 3498 5011 Λοιπὸν
3533 4957 3711 5015 τοίνυν
3754 4959 3903 5026 ἡμῖν
3955 4962 3989 5014 ὁ

703 5045 894 5098 Restat
929 5059 1059 5113 ergo
1092 5045 1253 5098 nobis
1301 5053 1361 5098 ut
1391 5046 1458 5099 de
1493 5047 1747 5115 passione
1772 5047 1938 5100 verba
1975 5046 2277 5101 faciamus:

2384 5051 2512 5119 περὶ
2541 5050 2634 5102 τοῦ
2663 5049 2871 5112 πάθους
2896 5050 3183 5120 πρόκειται
3210 5048 3390 5117 λόγος,
3411 5049 3485 5112 ὼς
3511 5050 3745 5120 μάλιστα
3766 5054 3989 5124 προύρ-

702 5137 851 5206 quod
887 5136 1046 5206 longe
1081 5136 1434 5190 utilissimum
1470 5137 1597 5199 erit,
1622 5135 1748 5205 quia
1785 5135 1911 5191 inde
1947 5137 2107 5191 nobis
2133 5138 2280 5191 salu-

2385 5144 2658 5207 γιαίτατος
2690 5138 2784 5193 ὧν.
2822 5139 2993 5202 Αὐτὸς
3022 5140 3130 5212 γὰρ
3160 5142 3294 5212 ἡμῖν
3333 5139 3400 5193 τὰ
3431 5141 3672 5212 σωτήρια
3702 5146 3989 5215 προσενή-

707 5228 842 5281 taria
879 5228 1078 5282 ﬂuenta
1113 5227 1357 5281 exhibita
1393 5234 1539 5282 sunt.

1140 5227 1357 5280 thibilﬂ
1393 5234 1539 5282 sunt.
2385 5245 2507 5298 νοχε
2537 5231 2773 5299 νάματα.

776 5318 1180 5373 ERANISTES.
1217 5319 1330 5388 Ego
1363 5332 1583 5387 quoque
1630 5319 1922 5390 perutilem
1975 5321 2121 5374 hunc
2172 5335 2281 5374 ser-

2457 5320 2866 5378 ΕΡΑΝΙΣΤΗΣ.
2929 5320 3279 5390 Ὁνησιφόρον
3345 5319 3443 5391 μὲν
3485 5317 3641 5388 κάγὼ
3681 5319 3832 5372 τόνδε
3892 5325 3994 5376 τὸν

706 5426 924 5465 monem
966 5411 1080 5465 fore
1110 5411 1315 5479 judico.
1349 5412 1618 5498 Czeter‘um
1652 5413 1902 5466 ordinem
1949 5429 2059 5482 quo
2097 5413 2283 5466 hacte-
2320 5450 2339 5503 ῐ

2388 5413 2544 5480 λόγον
2589 5412 2886 5482 ὑπείληφα.
2919 5411 3032 5480 Τῆς
3071 5414 3254 5482 μέντοι
3281 5410 3556 5482 προτέρας
3583 5412 3684 5465 οὐκ
3710 5411 3994 5480 ἀνέξομαι

708 5516 817 5556 nus
857 5500 942 5555 usi
975 5517 1167 5556 sumus
1199 5517 1307 5555 non
1342 5517 1562 5571 sequar,
1599 5502 1695 5557 sed
1742 5502 1857 5572 ipse
1909 5503 2278 5572 interrogabo.
2320 5499 2341 5503 ”

2109 5504 2278 5572 μετῆν).
2320 5499 2345 5503 ’⁷
2388 5502 2615 5567 τάξεως,
2651 5501 2787 5555 ἀλλὰ
2818 5499 2930 5566 ἐγὼ
2961 5502 3059 5564 τὰς
3089 5502 3390 5572 ἐρωτήσεις
3420 5501 3742 5570 ποιήσομαι.

779 5591 988 5647 ORTH.
1024 5595 1137 5663 Ego
1183 5610 1314 5649 vero
1355 5594 1722 5663 respondebo,
1759 5608 1861 5648 nec
1908 5593 2119 5648 ordinis
2164 5610 2282 5648 mu-

2463 5595 2614 5648 υΡθ.
2665 5595 2805 5662 Ἐγὼ
2836 5595 2892 5647 δὲ
2935 5593 3377 5665 ἀποκρινοῦμαι,
3415 5593 3510 5645 καὶ
3549 5592 3648 5645 οὐκ
3677 5593 3985 5663 apparas,“

714 5686 974 5741 tationem
1012 5703 1154 5757 aegre
1190 5688 1380 5743 feram.
1420 5687 1554 5742 Nam
1591 5688 1684 5757 qui
1719 5687 2005 5741 veritatem
2049 5686 2283 5755 patroci—

2394 5689 2489 5755 τῆς
2536 5687 2742 5753 τάξεως
2785 5689 2883 5757 τὴν
2926 5687 3252 5757 ἐναλλαγήν.
3303 5687 3362 5739 '0
3403 5686 3513 5756 γὰρ
3557 5686 3656 5754 τῆς
3716 5683 4001 5753 ἀληθείας

715 5777 804 5834 nio
828 5793 928 5833 suo
953 5777 1215 5838 defendit,
1255 5794 1362 5834 non
1392 5779 1733 5849 interrogans
1772 5779 1967 5838 solum,
1996 5778 2087 5833 sed
2123 5778 2285 5832 etiam

2397 5777 2712 5848 συνήγορος,
2740 5775 2835 5830 οὐκ
2865 5775 3082 5845 ἐρωτῶν
3105 5775 3289 5846 μόνον,
3314 5773 3450 5829 ἀλλὰ
3477 5772 3570 5828 καὶ
3600 5770 4001 5845 ἐρωτώμενος,
