4136 6390
283 474 388 542 ﬁt

1327 466 1719 556 .DIALOGUS
1756 466 1873 531 ῙῙΙ.
1902 490 1974 503 -·
2011 463 2507 540 IMPATIBILIS.

3474 445 3582 515 22!

283 595 400 669 ιχει
436 592 538 664 τῆς
568 589 831 664 άληθεῑας
856 587 923 644 es
950 586 1174 662 κρότος.
1204 585 1374 658 ΙἸἰρου
1401 583 1582 639 τοίνυν
1611 581 1688 648 ὡς
1716 581 1864 636 Mou-

1979 581 2373 652 interrogatus,
2423 575 2676 634 veritatis
2729 576 2960 633 victoria
3018 575 3249 645 potitur.
3298 572 3582 642 lntcnoga

282 687 564 835 M3331.
604 775 740 831 Τίνα
767 774 830 830 τδ
852 771 1025 837 πάθος
1043 768 1530 844 ὑπομεμενηκέναι
1557 767 1741 837 λέγεις
1767 785 1784 834 ;

350 953 508 1009 0P0.
555 950 664 1009 Τδν
700 947 907 1019 Κύριον
930 946 1091 1020 ἡμῶν
1134 944 1344 1014 Ἰησοῦν
1373 945 1631 1016 Χριστόν.

350 1043 568 1101 ΕΡΔΝ.
604 1040 928 1114 ’Δνθρωπος
963 1034 1060 1094 οὖν
1107 1039 1242 1109 ἡμῖν
1286 1036 1534 1108 παρέσχε
1561 1036 1665 1106 τὴν
1696 1051 1877 1110 σωτη.

288 1136 407 1209 ρίαν
429 1151 443 1164 ·

344 1223 506 1282 01³0.
539 1222 864 1296 Ἄνθρωπον
891 1220 1000 1292 γὰρ
1020 1214 1162 1273 εἶναι
1190 1217 1284 1271 τὸν
1310 1215 1521 1287 Κύριον
1557 1215 1719 1287 ἡμῶν
1761 1216 1873 1285 '11}.-

285 1314 411 1371 σοῦν
444 1315 684 1386 Χριστὸν
719 1311 1256 1384 συνωμολογήσαμεν
1287 1307 1487 1378 μόνον;

347 1407 557 1461 EPAN.
583 1405 701 1460 Νῦν
726 1406 912 1477 δρισαι
936 1403 988 1456 τί
1010 1403 1112 1456 τὸν
1131 1400 1370 1472 Χριστδν
1397 1394 1538 1452 εἶναι
1567 1399 1859 1463 πιστεύεις.

349 1493 504 1548 01³0.
549 1493 678 1548 Υῑδν
732 1491 830 1548 τοῦ
899 1491 1038 1546 Θεοῦ
1088 1489 1188 1545 τοῦ
1242 1487 1449 1555 ζῶντος
1507 1489 1867 1562 ἱνανθρωπή-

281 1602 470 1639 σαντα.

347 1677 557 1732 EPAN.
609 1679 669 1732 Ὁ
700 1677 760 1732 δδ
787 1674 883 1730 τοῦ
918 1674 1054 1730 Θεοῦ
1078 1674 1196 1738 υἱὸς
1231 1674 1400 1740 Θεόςς

344 1768 498 1823 ΟΡΘ.
533 1768 670 1834 Θεὸς
711 1769 814 1842 τὴν
845 1767 1017 1839 αὐτὴν
1075 1754 1269 1822 οὐσίαν
1300 1766 1444 1838 Ξχων
1487 1765 1570 1837 τῷ
1601 1781 1862 1836 γεγεννη-

281 1859 394 1915 κάει
424 1860 571 1932 Θεῷ.

346 1952 554 2007 EPAN.
589 1952 725 2018 Θιδς
759 1947 857 2019 οὗν
888 1943 954 2006 τὸ
981 1951 1155 2016 πάθος
1184 1951 1504 2021 ὑπεμεινεν.

345 2044 498 2098 ΟΡΘ.
553 2045 616 2098 Ei
662 2044 962 2114 ἀσώματος
1005 2043 1087 2115 τῷ
1120 2041 1344 2113 σταυρῷ
1373 2038 1704 2113 προσηλὼοη
1733 2077 1750 2102 ,
1794 2040 1864 2108 τῇ

278 2133 493 2207 θεότητι
519 2134 583 2188 es
614 2136 788 2200 πάθος
812 2135 1088 2207 ἅρμοσονο
1118 2136 1168 2187 ει
1193 2134 1250 2187 ὁὶ
1280 2133 1465 2202 σάρκα
1497 2130 1680 2184 λαθὼν
1710 2131 1868 2199 ἔνην-

277 2221 572 2293 θρὼπησε,
617 2226 672 2278 τί
704 2225 909 2294 δήποτε
951 2223 1015 2277 τδ
1055 2224 1158 2295 μὶν
1186 2222 1432 2293 παθητὸν
1479 2222 1577 2292 ἐᾷς
1613 2218 1862 2281 ἀπαθὲς.

277 2313 336 2366 τὸ
359 2313 414 2368 δὲ
440 2315 656 2380 ἀπαθὲς
687 2315 1013 2381 ὑποϐάλλεις
1035 2317 1112 2388 τῷ
1143 2316 1337 2380 «seu;

344 2402 549 2459 ΕΡΔΝ.
594 2406 754 2462 me
802 2406 986 2479 σάρκα
1024 2406 1217 2460 τούτου
1263 2405 1425 2476 χάριν
1470 2400 1862 2473 προσείληφεν,

279 2494 362 2548 ἵνα
390 2498 478 2551 διὰ
504 2498 602 2552 τοῦ
634 2499 880 2570 παθητοῦ
918 2500 981 2552 τὸ
1009 2499 1218 2563 ἀπαθὲς
1254 2497 1522 2567 ὑπομείνῃ
1550 2493 1612 2547 τὸ
1634 2490 1827 2551 πάθος-

347 2588 498 2641 ΟΡΘ.
559 2589 774 2660 ’Δπαθῆ
829 2589 1050 2654 καλεῖς,
1087 2589 1185 2643 καὶ
1227 2587 1399 2652 πάθος
1431 2584 1584 2654 αὐτῷ
1616 2599 1868 2654 προσαρ-

280 2678 514 2746 μόττειςο

345 2770 550 2826 EPAN.
584 2769 751 2825 Εἷπον
787 2774 868 2826 ὅτι
897 2773 1078 2844 σάρκα
1108 2771 1302 2826 ἔλαθεν
1326 2769 1416 2824 ἵνα
1450 2767 1622 2840 πάθῃ.

345 2949 495 3007 ΟΡΘ.
529 2949 596 3004 ει
621 2950 785 3020 φύσιν
821 2951 1081 3024 δεκτικὴν
1110 2949 1222 3023 εἶχε
1241 2950 1337 3004 τοῦ
1361 2949 1592 3013 πάθους,
1623 2948 1717 3003 καὶ
1743 2948 1874 3020 δίχα

277 3044 475 3115 σαρκὸς
500 3042 709 3098 ἔπαθεν
736 3043 804 3098 ἄν
823 3061 838 3076 ο
869 3043 1103 3115 περιττὴ
1133 3042 1314 3097 τοίνυν
1342 3043 1377 3114 ἡ
1409 3041 1569 3112 σάρξ.

344 3220 545 3276 EPAN.
591 3219 660 3274 Ἦ
693 3217 814 3273 θεῖα
852 3218 1014 3287 φύσις
1060 3218 1364 3283 ἀθάνατος.
1399 3217 1570 3291 θνητὴ
1602 3218 1660 3273 δι
1703 3219 1736 3289 ἡ
1766 3216 1869 3288 τῆς

1981 674 2150 745 igitur
2186 685 2246 728 ut
2276 672 2501 729 voluisti

2055 765 2216 836 176
2259 764 2468 820 ERAN.
2513 762 2820 830 Quemnam
2862 762 3004 819 dicis
3050 760 3364 834 passionem
3405 755 3577 812 susti-

2019 854 2208 908 uisse?

2019 871 2053 908 u
2183 868 2207 907 ῐ

1977 871 2014 911 n
2035 868 2188 1003 31.1:
2193 947 2262 1002 Η.
2297 945 2592 1002 Dominum
2633 957 2884 1002 nostrum
2916 944 3105 1002 Jesum
3139 940 3448 997 Christum.

2045 1039 2255 1095 ERAN.
2292 1038 2470 1095 Homo
2503 1039 2672 1110 igitur
2698 1039 2860 1094 nobis
2893 1037 3083 1092 attulit
3116 1032 3396 1090 salutem?

2094 1213 2308 1271 ORTH.
2346 1215 2714 1270 Hominemne
2761 1213 2937 1268 solum
2975 1225 3098 1265 esse
3135 1209 3434 1263 Dominum
3471 1219 3573 1260 no-

1972 1317 2149 1362 strum
2184 1308 2370 1363 Iesum
2401 1307 2686 1363 Christum
2723 1303 2962 1360 confessi
2995 1300 3224 1357 sumus?

2047 1398 2256 1455 ERAN.
2294 1399 2454 1454 Nunc
2511 1398 2648 1453 doce
2683 1396 2816 1468 quid
2861 1395 3146 1451 Christum
3182 1406 3306 1447 esse
3355 1388 3572 1445 credas.

2042 1490 2258 1550 08TH.
2296 1489 2496 1545 Filium
2529 1489 2626 1544 Dei
2662 1488 2770 1544 vivi
2806 1487 3092 1542 hominem
3127 1485 3358 1539 factum.

2042 1677 2252 1734 ERAN.
2287 1677 2384 1732 Dei
2420 1686 2604 1732 autem
2640 1675 2813 1730 Filius
2839 1690 2909 1728 an
2942 1672 3124 1729 Deus?

2040 1770 2252 1827 ORTH.
2293 1771 2439 1826 Deus
2482 1769 2734 1824 eamdem
2783 1767 2995 1822 habens
3038 1764 3402 1822 substantiam
3443 1778 3570 1820 cum

1968 1865 2083 1920 Deo
2108 1865 2200 1934 qui
2228 1863 2439 1935 genuit.

2044 1958 2252 2013 ERAN.
2291 1958 2436 2012 Deus
2471 1955 2640 2026 igitur
2671 1966 2985 2023 passionem
3021 1948 3308 2005 sustinuit.

2043 2048 2255 2105 ORTH.
2291 2047 2346 2104 Si
2394 2047 2515 2102 sine
2545 2059 2780 2116 corpore
2820 2044 2974 2100 cruci
3009 2042 3203 2097 aﬂixus
3237 2050 3342 2104 est,
3372 2037 3574 2093 divini-

1977 2142 2071 2198 tati
2107 2141 2420 2210 passionem
2450 2138 2654 2192 tribue.
2689 2135 2827 2192 Cum
2871 2144 3056 2189 autem
3093 2149 3257 2188 carne
3294 2138 3574 2201 assumpta

1973 2233 2142 2290 homo
2188 2231 2368 2285 factus
2397 2229 2489 2292 sit,
2525 2243 2626 2281 cur
2663 2227 2716 2280 id
2753 2225 2902 2296 quod
2935 2225 3163 2295 patibile
3195 2232 3278 2279 est
3317 2222 3426 2292 pati
3461 2237 3574 2275 non

1973 2321 2132 2384 sinis,
2168 2329 2224 2374 et
2253 2317 2559 2388 impatibile
2592 2316 2821 2386 subjicis
2853 2311 3133 2384 passioni?

2046 2409 2254 2466 ERAN.
2293 2408 2399 2464 Sed
2437 2407 2562 2462 ideo
2598 2421 2824 2461 carnem
2859 2401 3178 2471 assumpsit,
3208 2408 3264 2454 ut
3300 2413 3399 2468 per
3431 2393 3576 2467 pati-

1974 2504 2088 2560 bile
2124 2502 2177 2557 id
2213 2501 2360 2572 quod
2397 2508 2518 2554 crat
2555 2496 2860 2568 impatibile
2896 2493 3212 2564 passionem
3251 2489 3572 2545 sustineret.

2046 2595 2259 2652 ORTH.
2311 2589 2680 2662 lmpatibilem
2720 2601 2906 2651 vocas,
2942 2594 3000 2640 et
3041 2583 3352 2654 passionem
3401 2577 3578 2634 ascri-

1977 2687 2081 2743 bis.

2045 2775 2256 2833 ERAN.
2290 2773 2414 2830 Dixi
2445 2769 2593 2843 quod
2628 2783 2851 2826 carnem
2888 2764 3278 2836 assumpserit,
3315 2771 3375 2816 ut
3420 2769 3576 2831 pate-

1978 2879 2156 2926 retur.

2046 2960 2257 3017 ORTH.
2296 2958 2352 3013 Si
2407 2965 2662 3012 naturam
2716 2952 2911 3007 habuit
2966 2963 3223 3020 capacem
3284 2945 3576 3016 passionis,

1977 3054 2142 3108 etiam
2179 3051 2299 3106 sine
2335 3064 2502 3105 carne
2533 3046 2648 3118 pati
2682 3052 2918 3116 poterat.
2953 3042 3376 3112 Supervacanca
3411 3035 3579 3107 igitur

1977 3153 2065 3200 εει
2099 3157 2250 3199 caro.

2049 3233 2258 3289 ERAN.
2314 3230 2508 3286 Divina
2562 3234 2762 3283 natura
2819 3222 3147 3280 immortalis
3209 3229 3332 3284 est;
3391 3217 3579 3273 carnis

273 3311 496 3382 σαρκός.
558 3309 775 3381 Ἦνὼθη
805 3310 986 3364 τοίνυν
1011 3312 1078 3381 τῇ
1124 3309 1294 3382 θνητῇ
1339 3311 1373 3382 ἡ
1412 3309 1684 3372 ἀθάνατος
1708 3349 1725 3376 ,
1777 3309 1864 3380 ἵνα

1971 3341 2128 3389 vero,
2163 3323 2435 3379 mortalis.
2472 3320 2639 3377 Unita
2674 3327 2760 3373 est
2791 3316 2979 3386 itaque
3028 3311 3251 3369 mortali
3289 3311 3577 3366 immorta-

269 3401 536 3472 γεύσηται
573 3401 644 3454 δι’
675 3401 890 3472 ὲκείνης
912 3399 1168 3454 θανάτου.

341 3492 495 3546 ΟΡΘ.
551 3491 632 3546 Th
671 3490 835 3562 φύσει
887 3490 1160 3549 ἀθάνατον
1214 3489 1338 3544 οὐδὲ
1388 3489 1469 3560 τῷ
1502 3487 1684 3559 θνητῷ
1733 3503 1865 3541 συν-

270 3584 580 3654 απτόμενον
608 3583 872 3655 ὑπομένει
905 3581 1138 3636 θάνατον
1157 3597 1171 3612 ⁸
1203 3581 1296 3634 καὶ
1337 3579 1497 3634 τοῦτο
1540 3580 1723 3652 ῥᾴδιον
1747 3578 1865 3632 δια-

270 3689 501 3742 γνωναι.

340 3764 547 3819 EPAN.
597 3762 910 3830 ’Ᾱπύδειξον
955 3761 1146 3825 τοῦτο,
1184 3761 1283 3815 ita).
1334 3759 1500 3812 λῦσον
1540 3758 1642 3828 τὴν
1685 3757 1865 3826 ἀμφι-

269 3856 562 3910 σσήτησιν.

382 3874 562 3910 τνσιν.

340 3858 496 4004 ᾌΡὸ.
524 3950 570 4002 Τ
571 3947 641 4018 ὴν
661 3945 1013 4020 ἀνθρωπείαν
1043 3941 1226 4018 ψυχὴν
1252 3943 1524 3998 ἀθάνατον
1560 3936 1702 3995 εἶναι
1733 3939 1863 4012 φὴς,

267 4043 300 4114 ἢ
336 4043 578 4114 θνητήνς

335 4135 546 4190 εΡΑΝ.
601 4132 693 4188 Ἀθ
701 4132 920 4188 άνατον.

336 4225 497 4280 ΟΡΘ.
525 4225 603 4279 Τὸ
635 4224 694 4278 δὲ
722 4223 884 4296 σῶμα
914 4221 1130 4293 θνητὸν,
1155 4220 1190 4294 ἢ
1222 4219 1496 4277 ἀθάνατον
1522 4240 1538 4289 ;

338 4315 546 4370 ΕΡΔΝ.
584 4314 844 4386 Δηλονὸτι
872 4312 1093 4383 θνητόν.

335 4402 495 4456 ΟΡΘ.
541 4402 642 4455 Ἐκ
673 4402 730 4455 δὲ
754 4401 962 4456 τούτων
991 4401 1101 4455 τῶν
1133 4397 1352 4471 φύσεών
1387 4417 1572 4472 φαμεν
1599 4402 1863 4458 συνεστά-

266 4510 354 4548 ναι
385 4493 480 4547 τὸν
514 4493 803 4564 ἄνθρωπον
835 4510 852 4559 ;

337 4580 554 4641 EPAN.
585 4583 745 4638 οὕτω
766 4583 970 4652 φαμέν.

320 4678 483 4734 οΡΘ.
511 4677 774 4747 Συνήφθη
803 4677 987 4732 τοίνυν
1006 4676 1070 4732 τδ
1089 4676 1361 4734 ἀθάνατον
1385 4678 1464 4750 τῷ
1489 4678 1689 4752 θνητῷ.

329 4770 550 4824 sem.
583 4769 834 4839 Ἀληθές.

329 4862 491 4918 οΡΘ.
540 4855 716 4915 Ἀλλά
739 4863 841 4933 τῆς
866 4862 1163 4932 συναφείας
1189 4863 1360 4934 ἧγουν
1387 4865 1636 4929 ἑνὼσεως
1663 4862 1860 4938 λυομέο

259 4969 381 5026 νιις,
435 4953 500 5008 rb
536 4954 638 5024 μὲν
663 4952 858 5023 θνητὸν
890 4953 1108 5025 δέχεται
1152 4973 1249 5010 του
1298 4954 1534 5011 θανάτου
1564 4957 1658 5012 τὸν
1703 4958 1864 5029 ὅρον,

261 5046 420 5117 μένει
462 5046 524 5101 δ)
570 5044 847 5111 ἀθάνατος
885 5049 918 5119 ἡ
970 5048 1155 5119 ψυχὴ,
1204 5048 1386 5102 καίτοι
1430 5051 1532 5121 τῆς
1585 5050 1865 5123 ἁμαρτίας

259 5137 679 5206 επενεγκοὺσης
716 5137 810 5191 τὸν
855 5137 1110 5194 θάνατον.
1150 5141 1220 5193 Ἦ
1278 5140 1373 5210 οὐ]
1432 5143 1539 5213 ἡγῇ
1589 5143 1864 5215 τιμωρίαν

255 5224 402 5284 εἶναι
435 5229 534 5282 τὸν
567 5227 802 5282 θάνατον
821 5247 836 5296 ;

325 5321 548 5376 ΕΡΔΝ.
586 5323 653 5375 Ἦ
675 5319 797 5376 θεία
826 5322 986 5376 τοῦτο
1004 5323 1248 5378 διδάσκει
1275 5325 1484 5394 Γραφή.
1518 5325 1656 5396 Παρ⁹
1685 5325 1862 5395 αὐτῆς

257 5413 364 5482 γὰρ
404 5412 788 5484 μανθάνομεν,
819 5414 897 5478 ὡς
927 5413 1323 5486 ἀπαγορεύσας
1346 5415 1426 5486 τῷ
1482 5416 1654 5487 Ἀδὰμ
1679 5419 1708 5470 ὁ
1729 5417 1863 5482 Θεὸς

257 5503 350 5558 τοῦ
388 5504 571 5575 φυτοῦ
596 5506 700 5576 τῆς
738 5507 996 5574 γνώσεως
1039 5506 1140 5578 τὴν
1173 5505 1499 5578 μετάληψιν,
1539 5500 1822 5580 ἐπήγαγεν
1845 5527 1862 5541 ο

263 5612 282 5647 ι
302 5589 380 5668 *ῌ
415 5597 464 5649 δ’
492 5597 564 5651 ἂν
592 5599 783 5670 ἡμέρᾳ
822 5600 1033 5670 φάγητε
1063 5598 1162 5654 ἀπ’
1183 5598 1371 5666 αὐτοῦ,
1415 5600 1629 5673 θανάτῳ
1659 5602 1868 5657 ἀποθα-

257 5688 465 5742 νεῖσθε.
501 5708 521 5740 ι

333 5862 376 5894 ⁶¹
411 5860 556 5920 Gen.
597 5879 670 5927 ιι,
718 5865 802 5918 l7.

1974 3417 2064 3481 lis,
2101 3424 2164 3470 ut
2197 3429 2296 3485 per
2327 3413 2476 3466 illam
2508 3417 2755 3481 gustaret
2789 3415 3046 3462 mortem.

2045 3506 2259 3564 ORTH.
2294 3502 2452 3571 Quod
2487 3509 2687 3557 natura
2719 3497 3030 3553 immortale
3076 3505 3182 3560 est,
3217 3495 3271 3550 id
3306 3507 3489 3564 neque
3530 3492 3578 3548 si

1977 3597 2194 3653 mortali
2240 3598 2628 3667 conjungatur,
2673 3600 2912 3647 mortem
2948 3589 3132 3645 subit:
3178 3593 3238 3644 et
3272 3587 3379 3641 hoc
3420 3583 3581 3641 facile

1972 3698 2058 3748 est
2093 3704 2450 3760 cognoscere.

2051 3783 2210 3854 1'77
2243 3780 2454 3837 ERAN.
2493 3779 2610 3835 Hoc
2642 3777 2988 3842 demonstra,
3017 3782 3076 3830 et
3104 3772 3321 3844 explica
3348 3770 3402 3825 id
3427 3768 3578 3840 quod

1976 3873 2313 3932 dubitationi
2345 3887 2535 3926 ansam
2563 3870 2796 3941 praebet.

2045 3963 2260 4021 ORTH.
2290 3962 2599 4018 Humanam
2623 3959 2863 4016 animam
2884 3956 3254 4013 immortalem
3271 3970 3394 4011 esse
3413 3952 3580 4018 dicis,

1974 4074 2045 4114 an
2069 4055 2397 4112 mortalem?

2050 4147 2254 4203 ERAN.
2287 4143 2686 4201 immortalem.

2044 4238 2256 4308 ORTH.
2292 4237 2508 4307 Corpus
2535 4245 2744 4301 autem,
2782 4233 3042 4300 mortale,
3067 4249 3139 4289 an
3161 4231 3510 4288 immortale?

2045 4329 2255 4384 ERAN.
2290 4328 2517 4383 Mortale
2547 4326 2695 4382 haud
2721 4326 2914 4382 dubie.

2044 4420 2256 4479 ORTH'.
2315 4419 2397 4476 E1
2441 4419 2531 4475 his
2567 4435 2703 4474 vero
2746 4417 2964 4474 naturis
3001 4423 3260 4473 constare
3286 4413 3572 4470 hominem

1974 4512 2245 4570 dicimus?

1896 4628 1942 4684 υ
2044 4605 2253 4660 ERAN.
2288 4603 2380 4658 Sic
2409 4602 2669 4658 dicimus.

2038 4694 2250 4752 ORTH.
2311 4693 2630 4749 lmmortale
2661 4692 2832 4764 igitur
2881 4687 3102 4745 mortali
3124 4688 3442 4759 copulatum
3465 4695 3574 4743 est.

2039 4786 2249 4843 ERAN.
2287 4787 2493 4842 Verum
2523 4793 2628 4840 est.

2037 4875 2248 4932 ORTH.
2279 4875 2386 4932 Sed
2417 4874 2795 4946 copulatione,
2825 4871 2942 4928 sive
2964 4872 3170 4927 unione
3195 4871 3400 4934 soluta,
3418 4884 3574 4925 mor-

1965 4968 2077 5024 tale
2114 4968 2342 5038 quidem
2392 4967 2592 5022 mortis
2617 4966 2722 5037 legi
2754 4965 3128 5034 obtemperat;
3175 4972 3366 5017 manet
3384 4969 3571 5016 autem

1969 5059 2154 5116 anima
2197 5059 2557 5123 immortalis,
2613 5056 2868 5128 quamvis
2893 5064 3184 5126 peccatum
3215 5062 3450 5108 mortem
3482 5051 3570 5106 in-

1969 5151 2302 5207 troduxerit.
2335 5151 2417 5206 An
2438 5166 2572 5206 vero
2593 5166 2812 5220 poenam
2839 5164 2962 5204 esse
2985 5158 3218 5203 mortem
3242 5162 3351 5201 non
3372 5147 3571 5216 putas?

2039 5327 2245 5385 ERAN.
2290 5327 2485 5384 Divina
2519 5328 2624 5383 hoc
2647 5328 2809 5384 docet
2837 5326 3146 5397 Scriptura.
3184 5327 3199 5345 '
3223 5324 3303 5378 Ex
3325 5339 3389 5378 ea
3413 5323 3562 5378 enim

1964 5421 2232 5477 discimus
2259 5423 2452 5487 Deum,
2485 5437 2611 5475 eum
2635 5420 2846 5475 Adamn
2872 5433 3028 5474 esum
3057 5416 3272 5472 arboris
3311 5415 3561 5470 scientiae

1966 5514 2364 5576 interdixisset,
2406 5513 2677 5584 adiecisse
2725 5530 2738 5567 :
2786 5529 2803 5564 ι
2831 5510 2952 5580 Quo
2986 5511 3075 5566 die
3114 5507 3470 5565 comederitis
3495 5523 3560 5562 ex

1967 5621 2051 5672 ea,
2090 5613 2267 5660 morte
2299 5604 2731 5660 morieminWJ
