4130 6360
681 379 794 446 223

757 492 966 549 ORTH.
998 493 1162 548 Pana
1191 500 1277 547 est
1303 489 1468 562 igitur
1491 492 1936 564 delinquentium
1963 507 2131 548 mors.

754 669 962 726 ERAN.
997 669 1057 724 In
1087 669 1339 724 confesso
1359 678 1462 724 est.

750 763 959 819 ORTH.
1014 763 1196 830 Quare
1223 778 1371 834 ergo,
1426 778 1552 818 cum
1583 764 1765 819 anima
1789 764 1952 819 simul
1979 773 2037 818 et
2056 777 2258 833 corpus

681 855 1052 928 peccaverint,
1094 856 1271 910 solum
1299 870 1500 925 corpus
1525 856 1722 911 mortis
1740 869 1958 926 pinnam
1987 855 2259 912 sustinet?

748 1040 952 1094 ERAN.
989 1039 1172 1109 Ipsum
1205 1041 1353 1096 enim
1384 1043 1620 1111 maligne
1644 1041 1900 1110 arborem
1927 1043 2162 1111 aspexit,
2199 1051 2257 1098 et

678 1146 874 1185 manus
894 1131 1164 1196 extendit,
1195 1141 1252 1187 et
1271 1133 1508 1187 l‘ructum
1534 1133 1765 1188 vetitum
1788 1133 2098 1203 decerpsit:
2121 1144 2255 1191 etos

677 1236 875 1275 rursus
916 1221 1179 1276 dentibus
1205 1222 1457 1278 enmdem
1487 1223 1842 1284 comminuit.
1874 1231 1931 1278 et
1955 1225 2255 1279 molaribus

669 1310 936 1365 confecit.
989 1310 1147 1366 Hunc
1196 1311 1393 1366 deinde
1438 1312 1562 1383 gula
1605 1321 1894 1382 exceptum
1945 1315 2158 1384 trajecit
2198 1314 2252 1367 in

675 1402 1042 1457 ventriculum
1081 1404 1291 1473 :-178
1335 1403 1426 1459 hic
1462 1419 1593 1457 vero
1628 1405 1972 1459 immutatum
2008 1405 2074 1458 ad
2093 1406 2252 1474 jecur

676 1494 998 1548 transmisit.
1044 1493 1209 1550 Jecur
1251 1495 1305 1548 in
1333 1496 1614 1565 sanguinis
1643 1505 1892 1550 naturam
1922 1511 2249 1550 conversum

671 1595 827 1636 venae
873 1597 1019 1637 cavae
1064 1583 1292 1638 tradidit
1341 1602 1353 1638 :
1409 1585 1499 1639 illa
1526 1601 1656 1640 vero
1693 1586 1939 1655 proxime
1962 1586 2248 1640 cohaeren-

671 1671 839 1735 tibus,
883 1680 939 1726 et
979 1673 1062 1727 ba;
1095 1689 1193 1742 per
1221 1675 1355 1729 alias
1381 1677 1596 1745 corpori
1630 1694 1644 1728 τ
1679 1685 1842 1745 atque
1875 1677 1950 1731 ita
1989 1677 2044 1731 in
2072 1686 2246 1731 totum

669 1777 871 1831 corpus
904 1764 1058 1818 vetiti
1086 1765 1195 1819 cibi
1221 1767 1410 1836 rapina
1439 1767 1700 1838 pervasit.
1733 1767 1863 1823 Jure
1884 1767 2050 1838 igitur
2070 1769 2246 1823 solum

612 1906 630 1927 ,
668 1867 867 1923 corpus
898 1858 1106 1926 peccati
1134 1873 1348 1928 poenam
1373 1859 1656 1915 sustinuit.

736 2124 943 2180 Oll'l‘ll.
999 2127 1354 2199 Pbysicorum
1384 2146 1538 2187 more
1582 2131 1650 2188 de
1688 2134 2028 2191 nutrimento
2061 2136 2236 2192 disse-

667 2217 850 2281 ruisti,
883 2234 980 2287 per
1023 2229 1157 2289 quot
1197 2230 1379 2291 partes
1420 2225 1742 2293 procedens,
1773 2237 2012 2296 etquam
2041 2231 2241 2284 multas

665 2309 1001 2364 mutationes
1029 2313 1328 2378 sustinens,
1382 2315 1602 2368 tandem
1631 2316 1686 2369 in
1708 2319 1953 2387 corporis
1986 2328 2236 2376 naturam

663 2409 1037 2457 convertatur.
1073 2404 1207 2458 lllud
1237 2414 1416 2459 autem
1445 2409 1799 2464 considerare
1823 2411 2067 2473 noluisti,
2090 2415 2234 2481 quod

663 2491 782 2544 sine
823 2493 1002 2545 anima
1054 2493 1188 2546 nihil
1237 2509 1429 2548 eorum
1480 2513 1600 2565 quae
1641 2509 2066 2553 commemorata
2107 2507 2235 2555 sunt

660 2594 861 2649 corpus
901 2581 1118 2636 eiliciat.
1179 2583 1512 2639 Derelictum
1537 2587 1684 2641 enim
1737 2602 1766 2640 a
1803 2588 2092 2658 conjuncta
2126 2590 2230 2645 sibi

660 2671 863 2735 anima,
885 2673 1027 2742 jacet
1050 2673 1166 2728 sine
1188 2675 1408 2744 spiritu,
1436 2686 1491 2732 et
1513 2677 1631 2731 sine
1653 2694 1805 2743 voce,
1829 2688 1885 2734 et
1906 2680 2025 2734 sine
2049 2691 2229 2736 motu:

658 2770 717 2813 et
745 2776 921 2830 neque
946 2763 1137 2817 oculus
1162 2765 1325 2820 'videt
1355 2766 1495 2821 bene
1522 2777 1616 2821 aut
1643 2767 1782 2823 male
1802 2809 1815 2832 ,
1866 2785 2045 2839 neque
2069 2785 2234 2827 aures

658 2864 854 2904 sonum
902 2868 1098 2906 vocum
1141 2857 1492 2926 percipiunt,
1543 2874 1647 2913 nec
1692 2872 1886 2913 manus
1914 2871 2229 2926 moventur,

659 2950 762 2989 nec
789 2936 1168 3007 ingrediuntur
1193 2943 1360 3011 pedes
1388 2963 1399 2996 :
1431 2945 1524 2998 sed
1554 2945 1730 3000 simile
1750 2957 1836 3002 est
1859 2958 2065 3018 organo
2083 2952 2229 3019 quod

659 3025 872 3078 musico
899 3027 1239 3084 destituitur.
1299 3033 1586 3098 Quomodo
1616 3037 1782 3106 igitur
1822 3037 2007 3092 dixisti
2049 3040 2227 3095 solum

1670 382 2154 447 THEODORETI
2191 378 2536 441 EPISCOPI
2574 380 2939 441 CYRENSIS

2283 490 2330 545 Α
2426 489 2580 543 ΟΡΘ.
2629 488 2885 559 Τιμωρία
2937 487 3118 542 τοίνυν
3163 488 3274 542 τῶν
3333 490 3731 562 ἡμαρτηκότων
3773 495 3801 546 ὁ
3847 491 3942 548 θά-

3836 382 3940 447 22$

2358 593 2517 640 νατος
2525 618 2538 632 .

2431 668 2634 720 EPAN.
2663 668 3043 740 Ὠμολόγηται.

2429 759 2580 812 ΟΡΘ.
2611 759 2677 812 Τί
2714 759 2916 826 δήποτε
2950 761 3150 824 τοίνυν,
3173 761 3348 832 ψυχῆς
3386 763 3522 834 ὁμοῦ
3554 764 3648 816 καὶ
3687 763 3938 833 σώματος

2358 853 2783 924 ἡμαρτηκότων,
2808 853 2872 907 τὸ
2890 854 3051 926 σῶμα
3079 855 3242 924 μόνον
3270 856 3530 928 ὑπομένει
3557 857 3656 910 τοῦ
3689 857 3924 911 θανάτου

2356 943 2454 1012 τὴν
2485 943 2760 1014 τιμωρίαν

2429 1034 2632 1087 EPAN.
2671 1034 2812 1088 Αὐτὸ
2843 1033 2953 1104 γὰρ
2986 1030 3093 1089 εῐδε
3128 1038 3190 1090 τὸ
3234 1035 3390 1102 ξύλον
3437 1039 3658 1102 κακῶς,
3700 1039 3795 1093 καὶ
3837 1041 3940 1102 τὰς

2356 1128 2540 1196 χεῖρας
2569 1126 2799 1192 ἐξέτεινε
2819 1166 2834 1190 ,
2860 1127 2955 1180 καὶ
2985 1127 3076 1182 τὸν
3117 1130 3317 1200 ἀπειρη
3329 1129 3488 1198 μένον
3567 1130 3778 1202 καρπὸν
3827 1130 3938 1183 ἀπ-

2357 1217 2614 1286 εσύλησε.
2650 1218 2760 1271 Καὶ
2795 1219 2927 1273 αὐτὸ
2959 1219 3124 1273 πάλιν
3160 1221 3221 1274 τὺ
3258 1221 3432 1291 στόμα
3464 1220 3622 1274 τοῦτο
3638 1223 3752 1284 τοῖς
3782 1220 3938 1274 ὀδοῦ-

2357 1326 2440 1361 σιν
2468 1310 2780 1373 ὲλέπτυνεν,
2811 1314 2906 1366 καὶ
2938 1317 3059 1378 ταῖς
3093 1313 3290 1384 μύλαις
3320 1313 3562 1366 ὲλέανεν,
3586 1309 3700 1366 Εἶτ’
3725 1309 3882 1376 αὖθις
3907 1313 3939 1365 δ

2351 1399 2642 1467 οἰσοφάγος
2661 1400 2847 1453 τοῦτον
2871 1402 3263 1473 ὑποδεξάμενος
3280 1402 3606 1472 παρέπεμψε
3621 1404 3687 1472 τῇ
3701 1402 3900 1472 γαστρί
3920 1417 3934 1432 ο

2353 1489 2580 1560 κάκείνη
2600 1489 2655 1543 δὲ
2694 1491 3034 1546 ἀλλοιώσασα
3073 1494 3166 1547 καὶ
3193 1492 3306 1560 (ll)
3336 1491 3412 1562 τῷ
3439 1493 3609 1563 ἥπατι
3634 1493 3933 1562 μετέδωκε.

2352 1580 2426 1632 Τὸ
2455 1579 2512 1633 δέ
2551 1597 2615 1648 γε
2655 1574 2809 1652 ἧπαρ
2853 1583 2934 1645 είς
2974 1583 3205 1652 αῐματος
3245 1583 3408 1651 φύσιν
3464 1579 3765 1650 μετέϐαλεν
3794 1581 3939 1651 ὅπερ

2352 1670 2534 1733 ἔλαϐε,
2568 1673 2662 1724 καὶ
2698 1675 2763 1742 τῇ
2806 1673 2961 1744 κοίλῃ
2991 1674 3152 1741 φλεϐὶ
3197 1673 3582 1744 παραδέδωκεν
3606 1691 3620 1705 ο
3651 1673 3838 1743 ἐκείνη
3873 1673 3935 1725 δὲ

2350 1767 2473 1825 ταῖς
2505 1765 2798 1833 συμφυέσι,
2833 1767 3084 1818 κάκεῖναι
3107 1767 3192 1820 διὰ
3215 1767 3325 1820 τῶν
3355 1765 3533 1820 ἄλλων
3571 1765 3648 1834 τῷ
3680 1765 3899 1834 σώματι
3919 1782 3933 1796 ⁸

2352 1856 2446 1907 καὶ
2473 1854 2642 1918 οὕτως
2662 1857 2740 1920 εἰς
2773 1857 2920 1910 ἅπαν
2958 1856 3106 1927 διέϐη
3137 1857 3197 1908 τὸ
3224 1856 3384 1924 σῶμα
3417 1857 3515 1926 τῆς
3543 1856 3935 1926 άπειρημένης

2353 1944 2607 2014 βρώσεως
2642 1947 2675 2015 η
2710 1945 2954 2015 λῃστεία.
3003 1947 3244 2009 Εἰκότως
3269 1947 3449 1999 τοίνυν
3479 1947 3541 1998 τὸ
3571 1947 3732 2017 σῶμα
3767 1947 3935 2018 μόνον

2347 2037 2445 2106 τὴν
2474 2037 2614 2106 ὑπὲρ
2645 2038 2744 2106 τῆς
2772 2036 3050 2106 ἁμαρτίας
3076 2037 3335 2106 ὑπέμεινε
3365 2038 3658 2108 τιμωρίαν.

2418 2129 2572 2181 ΟΡΘ.
2599 2128 3000 2196 Φυσιολογικῶς
3027 2129 3137 2197 (Η)
3175 2130 3304 2198 ἡμῖν
3333 2128 3399 2181 τὰ
3436 2131 3563 2200 περὶ
3595 2131 3694 2191 τῆς
3717 2128 3933 2199 τροφῆς

2345 2217 2750 2288 διεξελήλυθας,
2786 2220 2880 2273 καὶ
2922 2219 2992 2270 δι’
3041 2220 3181 2272 ὅσων
3215 2217 3354 2289 αὕτη
3387 2220 3592 2288 μορίων
3620 2218 3888 2272 ὁδεύουσα
3915 2261 3930 2284 ,

2347 2311 2440 2363 καὶ
2482 2311 2651 2373 πόσας
2680 2311 2994 2373 ἀλλοιώσεις
3021 2311 3366 2382 ὑφισταμένη
3395 2351 3409 2371 ,
3453 2311 3679 2382 ὕστερον
3710 2315 3790 2376 είς
3827 2313 3932 2382 τὴν

2343 2402 2438 2454 τοῦ
2488 2402 2743 2472 σώματος
2779 2403 3180 2471 μεταϐάλλεται
3234 2401 3417 2466 φύσιν.
3482 2403 3689 2454 Ἐκεῖνο
3735 2404 3931 2472 μέντοι

2345 2487 2576 2540 συνιδεῖν
2610 2489 2711 2540 οὐκ
2745 2489 3040 2560 ἠθέλησας,
3067 2490 3142 2551 ὡς
3177 2489 3297 2558 δίχα
3331 2493 3508 2559 ψυχῆς
3538 2491 3739 2542 τούτων
3766 2492 3932 2545 οὐδὲν

2342 2577 2402 2628 τὸ
2438 2576 2592 2647 σῶμα
2642 2578 2750 2630 τῶν
2803 2581 3113 2649 εἰρημένων
3166 2579 3484 2650 ἐργάζεται.
3544 2581 3933 2649 Καταλειφθὲν

2341 2672 2449 2739 γάρ
2477 2670 2582 2722 ὑπὸ
2609 2669 2709 2739 τῆς
2744 2670 3178 2740 συνεζευγμένης
3212 2670 3391 2740 ψυχῆς
3420 2711 3434 2732 ,
3467 2675 3643 2724 κεῖται
3672 2671 3886 2726 ἄπνουν
3913 2715 3927 2735 ,

2342 2763 2436 2816 καὶ
2472 2761 2706 2830 ἄφωνον,
2759 2763 2852 2814 καὶ
2884 2763 3143 2832 ἀκίνητον
3169 2779 3181 2791 ·
3229 2764 3323 2814 καὶ
3350 2761 3472 2815 οὗτε
3514 2763 3794 2833 ὀφθαλμὸς
3819 2768 3929 2837 δρᾷ

2340 2852 2528 2917 κακῶς
2553 2891 2568 2913 ,
2603 2851 2715 2906 οὔτ’
2754 2847 2820 2905 αὖ
2849 2851 3050 2915 καλῶς,
3091 2851 3216 2904 οὔτε
3241 2853 3309 2906 τὰ
3332 2847 3446 2905 ὦτα
3480 2855 3782 2924 εἰσδέχεται
3807 2857 3929 2909 τῶν

2339 2943 2532 3012 φωνῶν
2566 2943 2664 3012 τὴν
2691 2943 2830 3014 ἠχήν
2853 2959 2866 2972 ⁸
2898 2944 2960 2995 οὐ
3001 2943 3276 2996 κινοῦνται
3306 2947 3505 3013 χεῖρες,
3537 2946 3597 2996 οὐ
3627 2947 3916 3014 βαδίζουσι

2338 3034 2499 3095 πόδες
2522 3049 2534 3062 °
2557 3032 2674 3085 ἀλλ’
2701 3033 2876 3084 ἔοικεν
2901 3032 3116 3102 ὀργάνῳ
3140 3034 3490 3104 ἐστερημένῳ
3514 3035 3606 3087 τοῦ
3628 3039 3923 3105 μουσικοῦ.

655 3124 858 3179 enrpus
886 3129 1154 3182 peccasse,
1179 3120 1323 3187 quod
1346 3122 1465 3178 sine
1485 3125 1666 3178 anima
1689 3141 1759 3180 ne
1782 3126 1988 3196 spirare
2005 3129 2224 3198 quidem

2337 3123 2461 3186 Πῶς
2474 3117 2566 3176 οὖν
2594 3121 2806 3193 ἔφησθα
2829 3124 2988 3193 μόνον
3012 3125 3399 3195 ἡμαρτηκέναι
3427 3127 3488 3178 τὸ
3509 3127 3689 3196 σῶμα,
3707 3131 3773 3183 τὸ
3795 3131 3928 3202 δίχα

733 3204 874 3256 test?

733 3216 874 3256 test!

655 3216 933 3347 poERA‘N.
970 3294 1180 3366 Accipit
1217 3300 1438 3369 quidem
1480 3319 1681 3373 corpus
1727 3315 1893 3361 Vitam
1928 3308 1996 3362 ab
2025 3311 2226 3376 anima,

655 3383 750 3437 sed
800 3384 1129 3472 damnosam,
1152 3394 1362 3460 peccati
1405 3398 1809 3462 possessionem
1858 3400 2052 3456 animae
2097 3418 2229 3472 pro-

653 3483 826 3530 curat
1125 3477 1131 3488 '

715 3564 923 3623 ORTH.
961 3569 1246 3636 Quomodo
1279 3583 1335 3629 et
1368 3593 1476 3646 qua
1497 3581 1746 3634 ratione?

725 3657 929 3713 ERAN.
981 3662 1084 3715 Per
1114 3666 1301 3718 oculos
1322 3668 1543 3736 quidem
1574 3669 1740 3725 eilicit
1773 3681 1834 3725 ut
1862 3674 2002 3728 male
2025 3676 2223 3742 videat,

653 3760 753 3814 per
793 3763 956 3804 aures
985 3761 1168 3806 autem
1203 3763 1263 3808 ut
1290 3772 1352 3809 ea
1383 3758 1570 3811 audiat
1595 3775 1716 3828 qua:
1743 3777 1853 3814 non
1886 3775 2138 3832 prosunt,
2171 3777 2227 3820 et

652 3837 1011 3911 perlinguam
1044 3853 1104 3898 ut
1135 3849 1385 3901 nocentia
1408 3850 1683 3918 loquatur,
1718 3862 1774 3908 et
1805 3869 1903 3922 per
1918 3857 2024 3912 alia
2054 3874 2226 3913 mem-

651 3923 770 3990 bra,
799 3943 921 3996 quae
946 3929 1124 3986 facere
1145 3942 1228 3988 est
1250 3934 1421 3990 nefas.

718 4095 926 4151 Ott't‘ﬂ.
986 4101 1136 4156 Beati
1188 4105 1373 4175 igitur,
1428 4117 1488 4163 ut
1532 4125 1777 4182 apparet,
1826 4117 2062 4174 habendi
2092 4132 2222 4176 sunt

647 4187 822 4252 surdi,
857 4198 913 4243 et
937 4192 1112 4252 oculis
1137 4197 1302 4264 capti,
1338 4199 1498 4269 179
1517 4209 1572 4255 et
1591 4204 1714 4259 aliis
1735 4208 1997 4264 membris
2016 4213 2214 4268 orbati.

644 4276 854 4334 Horum
903 4284 1137 4340 ‘anima:
1179 4289 1325 4345 enim
1373 4294 1597 4349 malitiae
1637 4300 1882 4366 corporis
1925 4303 2221 4373 participes

647 4385 758 4424 non
799 4371 953 4427 ﬁunt.
1016 4373 1125 4430 Cur
1165 4379 1332 4440 enim,
1386 4397 1419 4436 0
1457 4385 1881 4454 sapientissime,
1917 4407 2039 4446 uuae
2069 4371 2216 4448 vitu-

2335 3214 2511 3284 ψυχῆς
2537 3214 2671 3284 μηδὲ
2701 3217 2958 3268 ἀναπνεῖν
2989 3215 3049 3268 τὸ
3071 3216 3336 3283 παράπαν
3364 3217 3663 3287 δυνάμενον
3691 3237 3707 3285 ;

2377 3304 2611 3358 'EPAN.
2657 3306 3084 3377 Μεταλαμϐάνει
3118 3306 3218 3377 μὲν
3264 3307 3326 3360 τὸ
3367 3307 3527 3378 σῶμα
3573 3309 3719 3378 ζωῆς
3761 3312 3928 3384 παρὰ

2331 3394 2432 3463 τῆς
2462 3393 2641 3464 ψυχῆς
2663 3433 2677 3454 ,
2721 3392 3058 3464 προξενεῖδὲ
3103 3396 3171 3464 τῇ
3197 3394 3344 3466 ψυχῇ
3373 3397 3473 3466 τῆς
3501 3396 3774 3466 ἁμαρτίας
3811 3401 3925 3470 τὴν

2335 3487 2625 3556 ἐπιζήμιον
2655 3490 2865 3556 κτῆσιν.

2405 3575 2553 3630 ΟΡΘ.
2589 3579 2712 3639 Πῶς
2747 3579 2841 3630 καὶ
2873 3578 2992 3631 τίνα
3029 3580 3260 3650 τρόπον;

2403 3669 2606 3722 ΕΡΑΝ.
2637 3668 2737 3722 Διὰ
2781 3671 2880 3738 μὲν
2909 3670 3207 3742 ὀφθαλμῶν
3237 3673 3349 3740 (l5)
3375 3713 3389 3735 ,
3417 3675 3553 3746 ὀρᾷν
3583 3673 3756 3746 αρτὴν
3800 3693 3922 3731 πα-

2335 3760 2658 3830 ρασκευάζει
2691 3761 2876 3824 κακῶς
2898 3775 2910 3789 ⁸
2936 3762 3022 3814 διᾶ
3051 3763 3106 3814 δὲ
3133 3762 3241 3814 τῶν
3268 3742 3469 3822 ἀκοῶν,
3498 3742 3727 3819 datatim;
3765 3767 3800 3820 ἃ
3834 3769 3920 3839 μὴ

2332 3850 2607 3921 συμφέρει
2632 3890 2647 3910 ,
2699 3849 2795 3903 καὶ
2845 3849 2931 3903 διὰ
2981 3852 3081 3919 τῆς
3122 3851 3390 3922 γλώττης,
3427 3854 3493 3906 τὰ
3525 3855 3924 3925 λυμαινόμενα

2330 3938 2664 4008 φθέγγεσθαι
2727 3941 2823 3993 καὶ
2863 3940 2952 3996 διὰ
2982 3942 3090 3994 τῶν
3128 3941 3308 3995 ἄλλων
3333 3944 3540 4012 μορίων
3561 3947 3596 3998 ὰ
3637 3946 3713 4016 μὴ
3744 3946 3922 4016 θέμις

2327 4033 2520 4084 ποιεῖν.

2398 4122 2549 4177 ΟΡΘ.
2566 4122 2706 4185 Τοὺς
2724 4124 2942 4191 κωφοὺς
2964 4125 3096 4192 ἡμῖν
3115 4124 3192 4186 ὡς
3222 4124 3362 4177 ἔοικε
3393 4142 3668 4198 μακαριστ
3680 4130 3782 4191 ἔον,
3809 4133 3921 4184 καὶ

2325 4214 2451 4276 τοὺς
2470 4213 2530 4266 τδ
2556 4213 2772 4282 βλέπειν
2798 4214 3209 4286 ἀφῃρημένους,
3235 4217 3330 4268 καὶ
3359 4218 3466 4269 τῶν
3485 4218 3660 4270 ἄλλων
3692 4221 3922 4290 μορίων

2326 4305 2745 4375 ἐστερημένους.
2781 4305 2856 4357 Οὐ
2903 4304 3011 4374 γὰρ
3063 4306 3530 4376 μεταλαγχάνουσι
3573 4309 3780 4363 τούτων
3836 4315 3906 4366 al

2323 4394 2494 4474 ψυχαὶ
2529 4396 2629 4464 τῆς
2669 4395 2932 4465 πονηρίας
2963 4393 3057 4447 τοῦ
3098 4395 3368 4466 σώματος.
3415 4399 3482 4451 Τί
3502 4399 3702 4469 δήποτε
3736 4400 3792 4454 δὲ
3821 4441 3838 4463 ,
3867 4397 3922 4458 ὦ

646 4464 886 4531 peranda
926 4476 1056 4521 sunt
1104 4473 1351 4539 corporis
1396 4476 1700 4533 ministeria
1741 4488 2214 4550 comntemorasti,

2337 4485 2625 4553 ςοφὼτατε,
2654 4484 2761 4536 τῶν
2808 4485 2907 4555 μὲν
2939 4485 3153 4555 ψεκτῶν
3192 4486 3286 4540 τοῦ
3321 4488 3579 4558 σώματος
3612 4490 3913 4562 ἐμνήσθης

645 4567 768 4620 qtae
813 4569 942 4608 vero
1002 4557 1162 4612 laude
1208 4560 1372 4631 digna
1414 4574 1543 4618 sunt
1593 4571 2023 4635 praetermisisti?
2066 4575 2220 4632 Licet

643 4642 791 4695 enim
839 4652 894 4699 et
921 4655 1168 4702 amanter
1197 4659 1253 4704 et
1283 4651 1594 4709 humaniter
1620 4659 1842 4724 inttteri,
1873 4671 1927 4715 et
1949 4679 2218 4734 compun-

628 4730 841 4786 ctionis
866 4733 1131 4805 lacrymas
1159 4737 1411 4820 (undere,
1448 4751 1503 4797 et
1531 4744 1716 4801 divina
1750 4753 1969 4806 oracula
1999 4730 2213 4822 audire,

643 4823 898 4890 etegenti
923 4828 1388 4897 auresyprazbere,
1435 4843 1491 4888 et
1515 4835 1698 4906 lingua
1721 4839 2037 4899 Creatorem
2068 4849 2214 4903 cele-

644 4909 827 4976 brare,
873 4911 1281 4984 et'proximum
1328 4922 1528 4979 docere
1573 4931 1898 4997 necessaria,
1933 4944 1987 4989 et
2020 4953 2216 4995 manus

642 5001 917 5070 porrigere
937 5005 1004 5058 ad
1026 5007 1476 5077 misericordiam,
1501 5025 1575 5080 et,
1599 5025 1660 5070 ut
1680 5024 1992 5077 summatim
2011 5024 2211 5093 dicam,

639 5089 708 5142 ad
757 5105 974 5148 omnem
1024 5096 1282 5154 virtutem
1335 5109 1759 5175 comparandam
1820 5112 1901 5166 uti
1950 5116 2214 5172 membris

639 5183 905 5250 corporis.

710 5271 916 5328 ERAN.
957 5275 1095 5334 Vera
1128 5291 1256 5336 sunt
1284 5281 1401 5338 haec

851 5705 957 5758 καί.
992 5705 1112 5788 [les
1145 5709 1197 5764 in
1219 5713 1352 5788 edit.
1379 5715 1610 5788 llam._et
1638 5717 1778 5788 Lips.

710 5769 821 5842 (1‘2)
848 5789 970 5839 φυτ.
1005 5776 1242 5851 Utraque
1271 5785 1456 5848 editio,
1481 5769 1638 5853 φύσει
1661 5769 1912 5854 λδγικῶς.

2320 4578 2656 4648 ὑπουργιῶν,
2683 4576 2784 4640 τὰς
2813 4576 3164 4643 ἀξιεπαίνους
3185 4578 3242 4631 δὲ
3268 4580 3673 4650 παραλέλοιπας
3695 4601 3709 4648 ;
3743 4584 3921 4640 Ἐστι

2318 4669 2423 4738 γὰρ
2459 4670 2552 4722 καὶ
2581 4669 2814 4737 φιλικῶς
2833 4710 2846 4731 ,
2880 4669 2975 4721 καὶ
2998 4668 3396 4741 φιλανθρώπως
3427 4671 3572 4732 ἰδεῖν,
3597 4674 3688 4725 καὶ
3722 4691 3917 4729 κατα-

2314 4761 2518 4825 νύξεως
2567 4760 2991 4830 ἀπομόρξασθαι
3027 4761 3286 4832 δάκρυον,
3326 4762 3421 4814 καὶ
3459 4763 3619 4816 θείων
3654 4764 3912 4823 ἀκοῦσαι

2313 4852 2533 4920 λογίων,
2559 4853 2654 4905 καὶ
2685 4851 2864 4906 κλῖναι
2896 4852 3134 4922 δεομένῳ
3165 4852 3226 4905 τὸ
3252 4849 3374 4916 οὖς,
3425 4855 3518 4906 καὶ
3547 4855 3786 4925 ὑμνῆσαι
3834 4862 3915 4931 τῇ

2313 4941 2526 5012 γλώττῃ
2561 4942 2651 4994 τὸν
2687 4941 2940 5010 ποιητὴν.
2986 4941 3079 4993 καὶ
3107 4941 3319 5007 διδάξαι
3361 4942 3452 4994 τὸν
3489 4944 3658 5005 πέλας
3700 4943 3736 4996 ἃ
3766 4945 3866 4999 δεῖ
3893 4988 3913 5010 ,

2312 5031 2406 5085 καὶ
2447 5033 2712 5085 κινεῖσθαι
2747 5035 2845 5094 τὰς
2888 5035 3076 5102 χεῖρας
3117 5035 3195 5096 είς
3241 5033 3412 5093 ἔλεον,
3449 5036 3542 5087 καὶ
3587 5036 3916 5109 συλλήϐδην

2309 5125 2505 5186 εἰπεῖν,
2555 5126 2632 5186 είς
2666 5125 2885 5178 ἃπασαν
2941 5125 3138 5194 κτῆσιν
3170 5126 3376 5195 ἀρετῆς
3420 5127 3722 5197 χρήσασθαι
3775 5134 3916 5198 τοῖς

2310 5215 2521 5285 μορίοις
2541 5214 2636 5266 τοῦ
2675 5214 2948 5284 σώματος.

2381 5306 2582 5360 ΕΡΑΝ.
2624 5307 2824 5377 Ἀληθῆ
2862 5307 3052 5362 ταῦτα.

2380 5397 2530 5450 ΟΡΘ.
2563 5397 2772 5450 Οὐκοῦν
2800 5399 2977 5453 κοινὸν
3008 5399 3190 5471 ψυχῆς
3233 5400 3329 5454 καὶ
3371 5401 3621 5473 σώματος
3643 5443 3657 5467 ,
3690 5405 3788 5458 καὶ
3838 5409 3914 5462 τὸ

2312 5488 2618 5555 φυλάττειν,
2650 5491 2744 5542 καὶ
2773 5492 2831 5542 τδ
2853 5491 3210 5560 παραϐαίνειν
3238 5493 3365 5556 τοὺς
3386 5493 3598 5564 νόμους.

2385 5581 2583 5633 ΙΞΡΔΝ.
2619 5582 2829 5635 Κοινόν.

2380 5730 2492 5800 (15)
2521 5733 2639 5801 ὁφΟ.
2667 5733 2800 5788 Ιὺίιί.
2831 5750 3012 5804 prtem.
3053 5737 3180 5792 τῶν.
