4136 6390
690 444 709 460 ⁸
739 436 946 494 ERAN.
969 434 1254 503 Quomodo
1275 436 1380 490 hoc
1404 435 1517 489 ﬁeri
1537 419 1753 509 posset?

686 527 892 588 08TH.
923 529 1028 584 Sed
1052 543 1230 597 neque
1267 528 1439 582 Filius
1459 528 1565 581 erit
1591 541 1830 596 unquam
1853 526 2031 581 Pater.

695 621 900 679 EBAN.
928 621 1297 691 Nequaquam.

691 710 900 770 ORTH.
949 710 1135 780 Neque
1174 708 1412 780 Spiritus
1455 715 1675 762 sanctus
1708 721 1948 778 unquam
1982 705 2087 760 erit
2111 704 2199 759 Fi-

627 781 733 857 lius
768 810 863 854 aut
887 801 1066 854 Pater.

685 891 894 947 ERAN.
923 890 1046 945 Hec
1075 889 1259 944 omnia
1294 887 1652 957 impossibilia
1685 896 1832 943 sunt.

695 982 905 1039 03TH.
935 981 1102 1036 Multa
1140 979 1304 1034 etiam
1336 979 1440 1033 alia
1467 978 1738 1050 ejusmodi
1767 977 2008 1049 reperire
2045 978 2195 1043 licht,

622 1089 746 1145 quae
801 1075 1055 1128 similiter
1104 1079 1232 1126 sunt
1280 1069 1660 1140 impossibilia.
1713 1069 1827 1125 Nec
1877 1070 2024 1124 enim
2050 1070 2199 1140 quod

623 1171 892 1216 aeternum
919 1167 1004 1215 est
1021 1156 1282 1229 fueritjn
1313 1165 1585 1227 tempore,
1622 1156 1780 1227 185
1803 1173 1906 1212 nec
1932 1158 2080 1227 quod
2110 1157 2197 1212 in-

623 1261 868 1308 creatum
891 1260 1138 1307 creatum
1164 1260 1331 1319 atque
1354 1247 1580 1312 factum,
1624 1262 1726 1302 nec
1743 1248 1890 1318 quod
1923 1241 2199 1306 inﬁnitum

625 1344 864 1408 ﬁnitum,
901 1350 957 1398 et
981 1358 1104 1416 qua:
1135 1341 1222 1396 his
1244 1349 1374 1396 sunt
1399 1339 1619 1396 similia.

694 1432 881 1490 ERAN
934 1431 1080 1487 Nihil
1104 1432 1300 1494 horum
1324 1439 1406 1485 est
1434 1429 1714 1500 possibile.

691 1524 902 1581 ORTH.
935 1523 1100 1578 Multa
1127 1523 1295 1593 igitur
1325 1522 1656 1587 invenimus,
1693 1535 1814 1591 quae
1834 1521 2196 1591 omnipotenti

628 1616 738 1673 Deo
761 1623 890 1672 sunt
919 1612 1298 1685 impossibilia.

692 1704 899 1760 ERAN.
928 1704 1089 1758 Vere.

657 1816 906 1874 .OR'l‘l'l.
941 1814 1048 1870 Sed
1089 1814 1289 1868 horum
1331 1812 1470 1868 nihil
1502 1827 1663 1883 posse
1691 1828 1801 1867 non
1839 1813 2196 1879 inﬁrmitatis,
2233 1771 2273 1826 ³

567 1907 724 1969 ,ζιθά
757 1904 1038 1962 ίωωοὴω
1077 1901 1337 1972 potentiae
1369 1904 1587 1972 signum
1623 1910 1746 1956 est:
1783 1917 1943 1972 posse
1974 1909 2157 1957 autem
2182 1942 2199 1971 ,

623 2014 740 2055 non
767 1996 1029 2070 potentiae
1053 1996 1264 2065 utique,
1295 1993 1393 2049 sed
1424 1993 1778 2063 impotentiae.

692 2089 899 2161 ERAN.
939 2087 1060 2154 Quo
1087 2076 1253 2148 sensu
1274 2084 1381 2140 hoc
1408 2083 1551 2138 dicis
1571 2085 1596 2137 '!

703 2176 911 2234 ORTH.
944 2176 1080 2243 Quia
1104 2176 1305 2230 horum
1331 2174 1760 2245 unumquodque
1800 2175 1968 2230 Deum
1996 2175 2199 2229 immu-

628 2268 850 2324 tabilem
879 2275 935 2322 et
963 2265 1303 2321 alterationis
1348 2273 1631 2335 expertem
1665 2281 1787 2320 esse
1822 2266 2002 2320 docet.
2043 2265 2200 2333 Quod

625 2359 777 2415 enim
808 2359 856 2413 is
880 2357 975 2427 qui
1008 2357 1190 2410 bonus
1212 2363 1297 2411 est
1322 2356 1503 2410 malus
1521 2354 1641 2410 ﬁeri
1664 2370 1772 2410 non
1791 2356 1987 2425 possit,
2018 2356 2201 2410 excel-

630 2450 854 2505 lentiam
889 2447 1153 2503 bonitatis
1205 2444 1496 2516 signiﬁcat,
1533 2453 1590 2500 et
1617 2445 1763 2516 quod
1791 2446 1885 2516 qui
1908 2447 2091 2517 justus
2118 2454 2204 2502 est

630 2540 866 2612 iniustus
891 2538 1009 2593 ﬁeri
1038 2550 1321 2605 nunquam
1354 2535 1548 2606 possit.
1577 2549 1680 2591 nec
1707 2536 1942 2590 endax
1979 2538 2073 2607 qui
2103 2553 2201 2592 ve-

629 2646 727 2686 rax
746 2639 851 2695 est,
888 2629 1098 2683 ﬁrmam
1135 2643 1199 2682 ac
1220 2626 1474 2682 stabilem
1503 2626 1790 2682 veritatem
1823 2628 2202 2698 iustitiamque

628 2723 890 2778 declarat.
916 2720 1008 2775 Sic
1034 2734 1162 2774 vera
1191 2718 1286 2771 lux
1307 2724 1370 2771 ut
1392 2716 1566 2786 caligo
1599 2716 1691 2770 ﬁat
1717 2717 1836 2771 ﬁeri
1859 2734 1970 2773 non
1999 2728 2199 2789 potest,

629 2830 806 2884 nmine
829 2813 998 2882 utqui
1015 2817 1096 2865 est
1113 2825 1222 2865 non
1244 2811 1336 2864 sit.
1357 2811 1687 2879 Perpetuum
1705 2809 1852 2864 enim
1871 2810 2039 2864 habet
2059 2825 2200 2875 esse,

627 2912 686 2959 et
707 2903 800 2956 lux
828 2911 914 2956 est
948 2899 1088 2953 nulli
1115 2898 1351 2953 obnoxia
1400 2897 1708 2951 mutationi.
1760 2897 1852 2954 Sic
1891 2898 1996 2952 alia
2019 2904 2204 2954 omnia

629 2991 1008 3054 considerans,
1031 2988 1275 3044 invenies
1304 2988 1365 3041 τὸ
1387 3003 1497 3043 non
1519 3003 1680 3057 posse
1703 3003 1971 3044 summam
2003 3000 2201 3060 poten-

1607 327 2091 390 THEODORETI
2127 325 2464 389 EPISCOPI
2501 330 2865 394 CYRENSIS

2222 442 2266 496 Α
2369 434 2572 490 ΕΡΔΝ.
2608 437 2733 500 Πῶς
2769 437 2914 508 γάρ;

3779 325 3900 404 232

2370 527 2529 580 ΟΡΘ.
2569 527 2703 581 Οὑτε
2740 529 2847 600 μὴν
2879 527 3008 591 Υἱὸς
3041 529 3238 596 γένοιτ’
3277 529 3344 584 ἀν
3369 545 3497 583 ποτε
3527 531 3557 583 6
3587 530 3798 604 Πατήρ.

2369 621 2574 674 ΕΡΛΝ.
2624 619 2892 690 Οὐδαμῶς

2364 712 2503 764 ΟΡΘ
2558 711 2693 765 υύδέ
2713 728 2776 780 γε
2799 711 2859 764 τὸ
2889 711 3114 783 Πνεῦμα
3139 712 3201 767 τὸ
3232 712 3390 782 ἅγιον
3413 714 3610 783 γένοιτ’
3638 714 3706 769 ἂν
3730 715 3886 782 Υῐδς,

2300 803 2333 874 ἢ
2363 803 2576 874 Πατήρ.

2368 891 2573 946 ΕΡΔΝ.
2607 889 2792 944 Πάντα
2815 876 2990 952 iis.
3019 891 3278 947 ἀδύνατα.

2368 981 2523 1038 ΟΡΘ.
2553 981 2802 1035 nomen
2822 984 2916 1036 xui.
2938 981 3076 1037 ἀλλα
3093 984 3317 1048 τοιαῦτα
3337 983 3662 1055 εὑρίσκομεν
3681 985 3888 1053 ὁμοίως

2305 1072 2563 1128 ἀδύνατα.
2608 1073 2748 1127 Οὔτε
2795 1072 2904 1144 γὰρ
2947 1075 3009 1128 τὸ
3049 1076 3268 1129 αιὼνιον
3312 1076 3419 1128 ὑπὸ
3452 1070 3642 1146 χρόνον
3689 1076 3883 1140 εστ-αι.

2300 1164 2423 1218 οὔτε
2455 1163 2517 1218 τὸ
2558 1164 2811 1218 ἀκτιστον
2849 1164 3067 1218 κτιστύν
3101 1182 3163 1234 γε
3210 1167 3302 1219 καὶ
3338 1167 3592 1235 ποιητὸν,
3618 1165 3746 1221 οὕτε
3778 1181 3887 1219 πι-

2301 1257 2645 1328 περασμινον
2679 1256 2740 1316 τὸ
2767 1255 3014 1326 ἄπειρον,
3046 1256 3141 1310 καὶ
3169 1258 3266 1310 ὅσα
3298 1257 3511 1322 τούτοις
3543 1260 3664 1312 tati.
3691 1275 3884 1332 napo.

2301 1349 2524 1418 πλήσια.

2370 1440 2573 1493 ΕΡΔΝ.
2611 1436 2778 1510 οὐδὲν
2801 1438 3007 1515 τούτω
3027 1439 3160 1517 ﬁeri.
3185 1439 3432 1497 δυνατόν.

2368 1532 2521 1585 ΟΡΘ.
2565 1517 2742 1584 Πολλά
2783 1531 3324 1603 τοίνυν·εὑρήκαμεν
3357 1532 3596 1586 ἀδύνατα
3625 1532 3756 1587 ὅντα
3802 1531 3888 1606 τῷ

2300 1623 2694 1694 παντοδυνάμῳ
2724 1622 2864 1694 Θεῷ.

2370 1715 2572 1768 EPAN.
2614 1714 2858 1786 ,Ἀληθῶς
3957 1764 3960 1765 ,

2373 1802 2526 1870 ΟΡΘ.
2579 1803 2745 1856 Ἀλλά
2773 1804 2835 1857 τὸ
2867 1804 2943 1874 μὴ
2983 1803 3280 1876 δυνηθηναι
3308 1823 3360 1860 τι
3392 1807 3619 1870 τούτων,
3652 1806 3889 1879 ἀπείρου

2299 1892 2604 1963 δυνάμεως.
2637 1895 2739 1949 οὑκ
2780 1894 3067 1958 ἀσθενείας
3095 1898 3417 1968 τεκμήριον·
3451 1898 3511 1950 τὸ
3539 1898 3598 1951 δέ
3631 1915 3695 1968 γε
3719 1899 3888 1971 δυνη-

2301 1983 2484 2055 θῆναι,
2514 1986 2817 2056 ἀδυναμίας
2840 1986 3133 2055 δήπουθεν,
3162 1989 3224 2042 οὑ
3257 1974 3562 2060 δυνάμεως.

2372 2075 2577 2130 ΕΡΑΝ.
2619 2076 2744 2140 Πῶς
2776 2077 2935 2131 τοῦτο
2965 2078 3136 2149 ἐφηςς

2373 2165 2526 2221 οΡΘ.
2565 2168 2688 2220 Ὀτι
2717 2168 2926 2222 τούτων
2956 2171 3190 2224 ἕκαστον
3218 2173 3280 2223 τὸ
3317 2172 3589 2244 ἄτρεπτον
3617 2173 3712 2227 τοῦ
3753 2173 3900 2228 Θεοῦ

2303 2259 2566 2327 κηρύττει
2620 2262 2715 2313 καὶ
2769 2261 3144 2315 ἀναλλοίωτον.
3193 2263 3268 2315 Τὸ
3310 2263 3418 2336 γάρ
3465 2266 3539 2334 μὴ
3590 2253 3895 2337 δυνηθῆναι

2301 2349 2394 2401 τὸν
2425 2349 2632 2418 ἀγαθὸν
2660 2351 2916 2418 γενέσθαι
2944 2355 3134 2417 κακὸν,
3165 2355 3265 2424 τὴν
3295 2355 3600 2427 ὑπερὸολὴν
3629 2358 3896 2428 σημαίνει
3981 2341 3987 2345 ’

2304 2439 2403 2510 τῆς
2427 2440 2784 2510 ἀγαθότητος,
2813 2445 2907 2496 καὶ
2936 2445 2998 2497 τὸ
3024 2446 3116 2498 τὸν
3141 2447 3352 2500 δίκαιον
3380 2447 3642 2518 μηδέποτ’
3672 2448 3740 2501 ἂν
3791 2465 3895 2518 γε-

2303 2531 2492 2584 νέσθαι
2530 2533 2736 2597 ἄδικον,
2771 2535 2906 2604 μηδὲ
2938 2537 3029 2590 τὸν
3068 2538 3248 2608 ἀληθῆ
3282 2539 3544 2611 ψεύστην,
3588 2541 3651 2594 τδ
3671 2545 3730 2594 ὲν
3763 2541 3902 2612 άλη-

2303 2620 2424 2693 θείᾳ
2449 2624 2542 2674 καὶ
2572 2622 2888 2696 δικαιοσύνῃ
2913 2626 3182 2697 παθηρόν
3212 2646 3270 2681 τε
3306 2631 3402 2683 καὶ
3428 2627 3650 2700 βέϐαιον
3676 2624 3897 2684 δείκνυ-

2305 2731 2410 2766 σιν.
2457 2715 2616 2767 Οὑτω
2651 2714 2712 2766 τὸ
2741 2715 2994 2785 ἀληθινὸν
3029 2719 3145 2786 φῶς
3187 2720 3290 2772 οὑκ
3325 2720 3392 2774 ἂν
3419 2722 3631 2789 γένοιτο
3659 2723 3893 2786 σκότος.

2304 2805 2425 2856 οὑδὲ
2457 2808 2484 2858 6
2527 2805 2605 2857 ὢν
2629 2807 2728 2857 οὑκ
2773 2806 2870 2860 ὢν.
2917 2809 3148 2877 Διαρκὶς
3185 2810 3294 2880 γὰρ
3337 2811 3452 2881 ἔχει
3483 2813 3546 2866 τὸ
3585 2809 3760 2878 εἶναι,
3796 2816 3899 2870 καὶ

2303 2896 2660 2950 ἀναλλοέωτον
2701 2898 2934 2967 ὑπάρχει
2967 2899 3029 2952 τὸ
3069 2900 3183 2968 φῶς
3247 2902 3408 2956 Οὕτω
3457 2905 3506 2955 τ’
3548 2904 3684 2958 ἀλλα
3711 2906 3898 2960 πάντα.

2306 2985 2666 3055 σκεψάμενος,
2697 2990 2956 3058 εὑρήσεις
2978 2988 3039 3042 τὸ
3075 2993 3149 3061 μὴ
3177 2991 3437 3047 δύνασθαι
3467 2994 3565 3065 τῆς
3597 2994 3772 3066 ἄκρας
3799 2997 3901 3050 δυο
3962 3008 3982 3012 ‘

631 3083 761 3137 tiam
796 3081 1104 3152 designare.
1141 3077 1232 3133 Sic
1267 3079 1438 3133 Deum
1463 3078 1590 3132 talia
1627 3092 1736 3132 non
1759 3093 1948 3149 posse,
1981 3080 2202 3135 divinus

2309 3077 2522 3144 νάμεως
2569 3078 2924 3145 ἐμφαντικόν.
2960 3079 3147 3143 Οὑτως
3182 3082 3275 3134 ἐπὶ
3298 3083 3392 3136 τοῦ
3415 3083 3548 3138 Θεοῦ
3580 3084 3648 3139 τά
3672 3085 3898 3141 πιαῦτα

631 3187 849 3242 quoque
873 3169 1167 3241 Apostolus
1211 3168 1480 3230 intellexit
1505 3176 1561 3224 et
1599 3167 1908 3225 armavit.
1955 3171 2089 3225 Nam
2129 3173 2199 3227 ad

629 3261 888 3317 Hebraeos
925 3261 1194 3323 scribens,
1231 3279 1249 3311 ε
1309 3259 1378 3314 Ut
1405 3275 1504 3329 per
1531 3258 1688 3324 duas,
1736 3258 1935 3329 inquit,
1979 3277 2066 3317 res
2094 3279 2200 3316 nn-

631 3355 882 3418 mobiles,
910 3352 1111 3423 quibus
1143 3351 1479 3421 impossibile
1503 3359 1588 3406 est
1618 3352 1839 3406 mentiri
1869 3353 2062 3418 Deum,
2086 3355 2201 3409 for-

632 3447 905 3501 tissimum
937 3444 1191 3498 solatium
1231 3444 1533 3498 habeamus
1556 3444 1672 3509 ",1
1710 3459 1820 3498 non
1854 3445 2203 3501 imbecillita—

633 3546 741 3591 tem
771 3535 916 3587 hanc
938 3532 1455 3602 impossibilitatem,
1480 3531 1576 3586 sed
1604 3546 1873 3589 summam
1901 3533 2204 3602 potentiam

632 3626 995 3681 demonstvat.
1032 3623 1182 3677 Adeo
1201 3623 1348 3677 enim
1371 3639 1534 3677 verax
1556 3631 1666 3687 est,
1693 3623 1891 3693 inquit,
1919 3633 1983 3698 ut
2000 3624 2206 3693 impos-

632 3718 792 3773 sibile
819 3717 891 3770 sit
921 3714 1268 3770 mendacium
1305 3713 1360 3765 in
1404 3729 1471 3767 eo
1504 3729 1744 3782 unquam
1779 3729 1920 3768 esse.
1949 3715 2207 3770 Veritatis

634 3811 820 3878 itaque
848 3807 1094 3877 potentia
1132 3805 1293 3875 186
1323 3805 1679 3874 impossibilis
1701 3806 1977 3860 mentione
2004 3799 2209 3876 signiﬁ-

634 3909 810 3957 catur.
844 3897 924 3953 Ad
967 3898 1188 3951 beatum
1235 3912 1368 3950 vero
1411 3897 1760 3949 Timotheum
1811 3896 2058 3950 scribens
2095 3898 2210 3952 haec

637 3989 836 4060 adjecit
872 4006 884 4040 :
922 4007 939 4039 (
969 3987 1170 4042 Fidelis
1197 4003 1397 4042 sermo.
1450 3987 1584 4041 Nam
1618 3986 1665 4040 si
1707 4002 1813 4040 una
1857 3988 2061 4041 mortui
2120 3995 2212 4043 su-

637 4095 780 4144 mus,
813 4095 919 4132 una
968 4079 1134 4133 etiam
1197 4080 1489 4132 vivemus:
1522 4079 1565 4131 si
1613 4077 2010 4134 sustinebimus
2036 4119 2048 4143 ,
2104 4095 2211 4134 una

634 4181 853 4242 quoque
887 4169 1239 4242 regnabimus
1277 4185 1290 4222 :
1325 4168 1371 4222 si
1399 4168 1798 4239 negaverimus,
1840 4179 1896 4224 et
1927 4171 2016 4226 ille
2041 4186 2208 4241 nega-

638 4262 720 4316 bit
746 4277 879 4326 nos;
917 4261 961 4316 si
984 4274 1094 4315 non
1125 4259 1422 4322 credimus,
1449 4259 1540 4313 ille
1569 4260 1744 4314 ﬁdelis
1774 4270 2077 4330 permanet,
2113 4278 2212 4316 ne-

637 4368 767 4426 gare
845 4352 1086 4420 seipsum
1133 4367 1242 4404 non
1283 4359 1466 4419 potest
1499 4351 1564 4402 ⁸⁸.
1609 4368 1625 4400 ›
1659 4351 1876 4404 Rursus
1927 4367 2056 4422 ergo
2103 4353 2208 4408 hoc

2305 3167 2668 3237 μὴδύνασθαι
2706 3171 2800 3221 καὶ
2832 3174 2859 3223 6
2895 3171 3037 3234 θεῖος
3081 3173 3405 3238 Ἀπόστολος
3447 3176 3673 3244 νενόηκὲ
3709 3195 3768 3230 τε
3794 3180 3893 3232 καὶ

2301 3257 2567 3313 τέθεικεν.
2614 3259 2883 3331 Ἑϐραίοις
2929 3263 3027 3330 μὲν
3055 3265 3162 3334 γὰρ
3195 3265 3528 3319 ἐπιστέλλων
3561 3261 3662 3320 ὧδὲ
3695 3285 3885 3339 φησιν.

2311 3369 2329 3400 ι
2371 3351 2488 3402 Ἵνα
2522 3349 2610 3402 διὰ
2643 3350 2736 3403 δύο
2769 3353 3111 3422 πραγμάτων
3154 3355 3530 3424 ἀμεταθέτων,
3564 3359 3624 3410 ὲν
3650 3351 3731 3422 οἷς
3758 3361 3895 3413 ἀδύ-

2303 3458 2462 3495 νατον
2481 3441 2787 3508 ψεύσασθαι
2809 3444 2961 3508 Θεὸν,
2989 3445 3216 3515 ίσχυρὰν
3243 3447 3887 3520 παράκλησινέχωμενί

2304 3535 2404 3588 οὑκ
2426 3534 2652 3598 ἀσθενὲς
2702 3537 2762 3588 τὸ
2802 3537 3098 3602 ἀδύνατον,
3144 3537 3281 3590 ἀλλά
3332 3537 3470 3605 ἀγαν
3502 3540 3634 3593 αὑτὸ
3679 3541 3898 3606 δεικνὺς

2305 3626 2546 3681 δυνατόν.
2590 3626 2745 3678 Οὕτω
2804 3627 2933 3698 γὰρ,
2978 3629 3163 3697 φησὶν,
3220 3630 3367 3682 ἐστὶν
3399 3630 3605 3702 ἀληθὴς
3633 3632 3778 3702 (19),
3817 3633 3902 3698 ὡς

2307 3717 2567 3770 ἀδύνατον
2605 3714 2745 3770 εἶναι
2788 3719 2978 3788 ψεῦδος
3026 3721 3083 3772 ὲν
3129 3720 3278 3789 αὑτῷ
3315 3723 3569 3788 γενέσθαι
3617 3724 3766 3777 ποτέ.
3814 3726 3894 3780 Τδ

2306 3809 2529 3861 δυνατὸν
2555 3809 2664 3880 (‘20)
2695 3806 2788 3864 οὖν
2816 3812 2923 3880 ἄρα
2952 3811 3050 3880 τῆς
3079 3811 3338 3880 ἀληθείας
3379 3812 3468 3866 διὰ
3505 3814 3598 3868 τοῦ
3624 3815 3895 3872 ἀδυνάτου

2311 3901 2652 3968 σημαίνεται.
2680 3900 2768 3970 Τῷ
2793 3902 2848 3954 δέ
2871 3919 2932 3970 γε
2958 3903 3214 3973 μακαρίῳ
3240 3904 3490 3974 Τιμοθέῳ
3513 3907 3761 3976 γράφων,
3795 3909 3915 3961 καὶ.

2307 3991 2482 4044 ταῦτα
2510 3992 2893 4062 προστέθεικεν
2913 4010 2924 4023 ·
2964 4013 2982 4044 ι
3022 3995 3219 4058 Πιστὸς
3251 3997 3278 4047 6
3304 3997 3462 4065 λόγος
3483 4014 3501 4030 ο
3532 4001 3581 4050 εί
3611 3999 3720 4070 γάρ
3762 4015 3898 4054 συνε-

2313 4083 2679 4154 απεθάνομεν,
2707 4087 2799 4136 καὶ
2827 4085 3154 4156 συζήσομεν,
3179 4091 3228 4140 εἰ
3248 4090 3614 4160 ὑπομένομεν,
3641 4093 3735 4143 καὶ
3763 4084 3904 4164 σύμ-

2311 4174 2729 4244 ϐασιλεὺσομεν,
2780 4177 2827 4228 εί
2880 4176 3221 4247 ἀρνούμεθα,
3283 4181 3534 4243 κάκεῖνος
3597 4183 3905 4252 ἀρνήσεται

2313 4268 2481 4336 ἡμᾶς,
2508 4268 2554 4318 εἰ
2586 4266 2945 4335 ἀπιστοῦμεν,
2994 4269 3198 4331 ἐκεῖνος
3227 4272 3414 4333 πιστὸς
3454 4272 3622 4338 μένει,
3653 4273 3905 4342 ἀρνήσα-

2318 4359 2438 4411 σθαι
2466 4359 2572 4429 γάρ
2600 4359 2788 4410 ἑαυτὸν
2822 4359 2885 4411 οὑ
2912 4359 3154 4413 δύναται.
3197 4381 3214 4412 ι
3253 4362 3422 4413 Πάλιν
3453 4359 3545 4416 οὖν
3577 4364 3636 4417 τὸ
3674 4367 3757 4417 Οὐ
3787 4365 3900 4420 δύο

637 4444 755 4499 Νοιι
781 4451 941 4513 potest
973 4440 1199 4495 inﬁnitae
1235 4442 1490 4510 potentia.-
1523 4449 1603 4495 est
1640 4451 2045 4511 argumentum.
2089 4445 2205 4499 Etsi

2313 4467 2486 4502 ratut
2523 4452 2622 4519 τῆς
2672 4451 2902 4521 ἀπείρου
2945 4451 3227 4521 δυνάμεως
3283 4455 3519 4526 ὑπάρχει
3572 4456 3904 4526 δηλωτικόν,

637 4535 784 4589 enim
815 4548 1006 4588 omnes
1051 4532 1304 4586 homines
1337 4531 1514 4601 ipsum
1558 4542 1792 4603 negent,
1843 4534 2041 4602 inquit,
2097 4536 2214 4605 ipse

640 4635 822 4679 tamen
856 4624 999 4677 Deus
1019 4632 1123 4686 eet,
1155 4631 1211 4677 et
1245 4638 1276 4676 a
1303 4637 1399 4676 sua
1434 4630 1624 4676 natura
1648 4638 1758 4676 non
1790 4625 2015 4678 recedit.
2038 4624 2215 4680 liabet

638 4715 787 4770 enim
815 4715 1191 4768 exsistentiam
1229 4713 1298 4766 ab
1347 4713 1574 4767 interitu
1621 4713 1878 4768 alienam.
1918 4715 2032 4770 Hoc
2063 4717 2210 4771 enim

637 4813 724 4860 est
749 4805 893 4875 quod
916 4805 1013 4869 ait,
1054 4823 1071 4855 ι
1101 4804 1309 4874 Negare
1343 4803 1584 4873 seipsum
1623 4821 1733 4859 non
1760 4817 1957 4876 potest.
2000 4828 2015 4859 ι
2061 4811 2207 4865 Exu-

641 4898 925 4952 berantem
959 4895 1124 4966 .gitur
1153 4894 1454 4964 potentiam
1472 4895 1830 4962 demonstrat,
1855 4902 2000 4969 quod
2033 4902 2206 4971 ipsum

641 4991 696 5042 in
722 4987 868 5042 deter
888 5003 969 5041 :us
1005 4987 1204 5042 mutari
1226 4987 1299 5041 sit
1324 4973 1688 5056 impossibile.

714 5077 918 5134 ERAN.
955 5075 1079 5132 Haec
1101 5092 1231 5132 vera
1266 5085 1395 5131 sunt
1437 5077 1747 5149 divinisque
1770 5080 2067 5139 Scrinturis
2089 5100 2220 5139 con-

634 5183 693 5223 se
706 5176 926 5222 ntanea.

710 5259 920 5316 ORTH.
972 5258 1029 5314 Si
1073 5275 1205 5330 ergo
1246 5260 1418 5316 multa
1467 5272 1595 5317 sunt
1649 5263 1761 5320 Deo
1811 5265 2168 5336 impossibilia
2198 5311 2212 5336 ,

712 5441 756 5474 ⁸⁷
791 5438 957 5495 llebr.
996 5457 1068 5506 vr,
1105 5442 1190 5496 I8.
1267 5441 1311 5472 ⁸⁸
1348 5441 1392 5496 ll
1425 5442 1565 5498 Tim.
1598 5461 1656 5510 ιι,
1687 5445 1864 5499 ll-l5.

719 5602 831 5670 (l9)
853 5599 1020 5674 Δ(ᾆιληίζ
1049 5597 1194 5655 Edit.
1235 5602 1382 5674 prior
1425 5601 1659 5659 habebat
1698 5604 1916 5672 ἀληθές.
1953 5604 2037 5674 plut
2079 5621 2216 5674 quo-

650 5669 758 5740 que
800 5671 954 5744 edit._
982 5669 1138 5744 Boni.
1170 5669 1417 5744 ethips.»
1443 5689 1563 5741 qua:
1598 5669 1866 5744 posterior
1900 5673 2044 5727 addit
2079 5669 2218 5744 [iun-

651 5750 823 5795 ctum.
853 5740 957 5795 Sed
987 5740 1203 5796 videtur
1229 5740 1519 5814 legendum
1562 5740 1683 5797 eSsc
1719 5743 1932 5811 ἀληθές.

2317 4543 2425 4596 Καὶ
2446 4543 2552 4613 γάρ
2577 4545 2642 4596 ἂν
2666 4544 2868 4604 πάντες
2890 4544 3162 4614 ἄνθρωποι
3187 4545 3349 4598 αὑτὸν
3377 4547 3675 4618 ἀρνηθῶσι,
3705 4552 3903 4616 φησιν,

2317 4631 2478 4694 αὐτὸς
2513 4631 2643 4693 Θεὸς
2679 4634 2824 4690 ἐστι,
2855 4631 2951 4683 καὶ
2979 4633 3076 4701 τῆς
3111 4635 3316 4696 οἰκείας
3361 4636 3460 4687 οὑκ
3491 4635 3766 4700 ἐξίσταται
3799 4639 3903 4704 φύ-

2321 4743 2478 4788 σεως.
2512 4725 2839 4794 ’Δνώλεθρον
2864 4725 2971 4795 γὰρ
3000 4726 3112 4795 ἔχει
3139 4730 3201 4780 τὸ
3232 4723 3390 4780 εἶναι.
3425 4729 3592 4781 Τοῦτο
3618 4730 3726 4799 γάρ
3747 4731 3904 4798 Snio!

2315 4818 2392 4881 τὸ,
2427 4837 2444 4868 ε
2487 4818 2851 4889 Ἀρνὴσασθαι
2881 4819 3075 4871 ἑαυτὸν
3092 4819 3147 4873 οὑ
3168 4819 3408 4873 δύναται.
3443 4840 3461 4873 ι
3496 4821 3704 4874 Οὑκοῦν
3738 4840 3906 4893 περι-

2311 4909 2499 4960 ουσίαν
2529 4909 2781 4977 ὲμφαίνει
2810 4908 3090 4977 δυνάμεως
3135 4911 3234 4980 τῆς
3265 4912 3359 4963 ἐπὶ
3394 4912 3454 4964 τὸ
3482 4917 3662 4985 χεῖρον
3687 4915 3906 4986 τροπῆς

2313 5001 2375 5052 τὸ
2410 4997 2688 5054 ἀδύνατον.

2385 5091 2585 5144 ΕΡΑΝ.
2629 5090 2827 5160 Ἀληθῆ
2866 5089 3059 5156 ταῦτα,
3091 5093 3187 5144 καὶ
3210 5096 3325 5157 τοῖς
3354 5092 3521 5157 θείοις
3551 5095 3726 5162 λόγοις
3763 5083 3920 5163 cup...

2315 5179 2499 5233 ϐαίνον
2510 5195 2594 5233 τα.

2388 5273 2540 5326 ΟΡΘ.
2582 5275 2645 5327 Et
2688 5276 2870 5330 τοίνυν
2910 5277 3082 5331 πολλά
3118 5277 3197 5348 τῷ
3229 5276 3348 5349 Θεῷ
3371 5277 3628 5344 ἀδύνατα,
3659 5281 3752 5331 καὶ
3777 5295 3904 5330 ros-

2712 5611 2834 5667 Edit
2895 5614 3042 5684 prior
3087 5616 3321 5672 habebat
3371 5617 3562 5674 falsam
3615 5620 3914 5684 lectionem
