4136 6390
238 421 340 489 233
1300 418 1683 482 DIALOGUS
1717 419 1832 479 III.
1874 445 1942 453 -
1984 417 2477 480 IMPATIBILIS.

3429 398 3540 468 231.

227 531 374 589 ἀῦτα
399 533 575 586 ὀπύσα
597 531 696 602 τῆς
728 530 946 600 φύσεως
974 529 1195 584 ἰναντία
1218 531 1321 602 τῆς
1351 529 1527 595 θείας,
1553 530 1608 583 τί
1631 529 1831 600 δήποτε

1944 539 2210 602 quotquot
2235 529 2495 585 videlicet
2545 525 2722 596 ipsius
2768 529 2983 579 natura:
3028 523 3377 592 repugnant,
3405 517 3539 592 quid

238 625 306 677 τὰ
353 623 486 678 ἄλλα
520 622 702 675 πάντα
737 621 880 674 κατὰ
921 619 1084 690 φύσιν
1119 620 1339 687 ἐῶντες,
1387 620 1448 673 τὸ
1493 618 1720 688 ἀγαθὸν,
1772 620 1832 672 τὸ

235 716 462 782 δίκαιον,
496 715 558 768 τὸ
608 712 810 784 ἀληθὲς
835 752 850 776 ,
891 714 953 766 τὸ
1001 715 1262 785 ἀόρατον,
1311 712 1373 766 τδ
1409 712 1725 781 ἀνέφικτον,
1772 713 1834 764 τὸ

237 806 643 879 ἀπερίγραφον,
689 805 753 858 τὸ
795 805 988 870 ἀΐδιον,
1025 804 1121 858 καὶ
1147 805 1217 858 τὰ
1263 804 1402 858 ἄλλα
1444 805 1548 858 ὅσα
1591 804 1668 874 τῷ
1711 802 1833 875 Θεῷ

237 896 519 970 προσεῖναί
543 913 749 968 φαμεν,
781 897 952 967 μόνας
978 896 1078 967 τὴν
1103 895 1406 953 ἀθανασίαν
1435 898 1530 951 καὶ
1552 897 1651 969 τὴν
1685 897 1832 951 ἀπά-

236 990 387 1043 θειαν
409 991 656 1061 τρεπτὰς
681 985 825 1043 εἷναί
852 1006 1010 1057 φατε,
1040 989 1217 1043 καὶτὸ
1241 989 1468 1044 δυνατὸν
1488 991 1588 1061 τῆς
1609 975 1834 1043 ἀλλοιώ-

235 1096 374 1143 σεως
407 1079 496 1133 ἐπ’
531 1081 714 1134 αὐτῶν
752 1083 1089 1152 συγχωρεῖτε
1112 1121 1128 1145 ,
1163 1087 1258 1135 καὶ
1282 1081 1456 1135 δίδοτε
1482 1081 1561 1152 τῷ
1592 1081 1713 1151 Θεῷ
1735 1082 1829 1135 δύ-

231 1189 398 1245 ναμιν
423 1173 712 1237 ἀσθενείας
742 1173 1086 1244 δηλωτικήνς

309 1346 511 1399 ΕΡΔΝ.
543 1347 714 1436 Τοῦτο
734 1347 887 1418 παρὰ
906 1348 1007 1418 τῆς
1027 1346 1178 1411 θείας
1201 1348 1425 1420 Γμφῆς
1448 1347 1829 1419 ἐδιδάχθημεν.

237 1438 348 1491 Καὶ
393 1438 505 1508 γὰρ
538 1441 566 1492 6
600 1437 746 1502 θεῖος
793 1440 1050 1510 Ἰωάννης
1083 1439 1206 1512 βοᾷο
1241 1458 1264 1493 ι
1313 1441 1503 1512 Οῦτως
1542 1439 1834 1510 ἠγάπησεν

233 1529 264 1581 ὀ
287 1527 419 1592 Θεὸς
446 1529 540 1583 τδν
566 1529 795 1601 κᾷσμον,
833 1531 916 1584 ὃτι
953 1532 1048 1585 τὸν
1079 1510 1209 1585 Tios
1243 1510 1415 1586 aoch
1445 1533 1537 1585 τὸν
1565 1531 1831 1603 μονογενῆ

233 1619 457 1674 δέδωκε.
485 1641 506 1673 ι
541 1622 653 1676 Καὶ
685 1623 714 1675 6
743 1621 1032 1688 θεσπέσιος
1071 1623 1305 1689 Παῦλος⁹
1344 1641 1363 1676 ι
1402 1624 1468 1677 Et
1499 1625 1607 1695 γὰρ
1645 1623 1832 1695 ἐχθροὶ

235 1710 391 1775 ὅντες
439 1713 872 1786 κατηλλάγημεν
917 1713 998 1786 τῷ
1039 1713 1159 1785 Θεῷ
1191 1715 1281 1768 διὰ
1329 1713 1425 1768 τοῦ
1469 1715 1706 1769 θανάτου
1737 1713 1830 1766 τοῦ

240 1803 372 1856 Υἰσῦ
399 1803 568 1857 αὐτοῦ
595 1844 611 1870 ,
648 1805 830 1876 πολλῷ
873 1807 1077 1878 μᾶλλον
1118 1804 1556 1874 καταλλαγέντες
1589 1805 1833 1876 σωθησό-

237 1895 385 1966 μεθα
419 1897 478 1948 ἐν
507 1900 574 1967 τῇ
605 1896 720 1968 ζωῇ
752 1897 941 1951 αὑτοῦ.
981 1918 996 1935 ο

308 1986 463 2039 ΟΡΘ.
508 1988 709 2060 Ἀληθῆ
736 1991 802 2059 δὴ
827 1989 1022 2054 ταῦτα,
1046 1989 1167 2043 θεῖα
1190 1989 1302 2061 γάρ
1325 1991 1444 2043 ἐστι
1467 1989 1643 2059 λόγια.
1685 1990 1829 2043 Ἀνα-

235 2076 513 2147 μνήσθητι
541 2077 601 2130 δὲ
630 2074 707 2132 ὧν
733 2079 997 2145 πολλάκις
1033 2080 1498 2152 ὡμολογήσαμεν.

307 2256 517 2310 ΕΡΑΝ.
563 2257 742 2317 Ποίων
769 2259 950 2328 λέγεις
967 2277 982 2327 ;

306 2342 482 2403 ορθ.
505 2349 630 2402 Ὅτι
655 2350 748 2404 τὸν
777 2351 907 2405 Υίὺν
930 2352 1024 2406 τοῦ
1056 2352 1193 2407 Θεοῦ
1226 2353 1319 2407 τὸν
1345 2353 1479 2407 Θεὸν
1505 2353 1681 2422 Λόγον
1700 2395 1714 2419 ,
1741 2355 1844 2408 οὐκ

1941 640 2126 680 causa:
2152 632 2258 687 est,
2288 638 2390 677 cur
2409 619 2517 674 alia
2545 618 2733 672 omnia
2786 629 2910 686 qua:
2954 619 3170 667 natura:
3210 615 3343 665 sunt
3373 609 3540 662 omit-

1943 723 2147 779 tentes,
2180 720 2243 767 ut
2272 712 2479 767 bonum
2512 711 2904 780 esse,justum,
2932 719 3148 769 verum,
3178 699 3539 762 mvisihilem,

1942 803 2587 876 incomprehensibilem,
2637 798 3207 869 incircumscriptum,
3247 805 3540 859 aeternum,

1939 905 1996 952 et
2022 906 2223 952 caetera
2239 909 2361 965 qua:
2382 893 2496 948 Deo
2520 893 2702 948 inesse
2736 891 2996 955 dicimus,
3036 889 3184 943 solas
3207 885 3540 942 immortali-

1942 996 2111 1045 tatem
2133 996 2191 1044 et
2216 985 2686 1058 impatibilitatem
2720 981 3018 1038 mutabiles
3049 995 3172 1037 esse
3216 978 3436 1045 dicitis,
3485 987 3544 1035 et

1942 1081 2270 1139 mutationis
2319 1078 2748 1152 possibilitatem
2785 1075 2843 1129 in
2874 1075 2986 1129 illis
3033 1071 3364 1138 conceditis,
3395 1071 3541 1127 Deo-

1941 1191 2050 1246 que
2100 1174 2406 1245 potentiam
2434 1213 2448 1237 ,
2500 1185 2624 1241 quae
2680 1166 3064 1222 inﬁrmitatem
3117 1171 3376 1228 testatur,
3397 1162 3540 1218 assi—

1941 1267 2120 1338 gnatis
2137 1267 2162 1320 ?

2012 1358 2220 1415 ERAN.
2249 1356 2364 1412 Hoc
2386 1373 2417 1411 e
2450 1355 2640 1410 divina
2666 1351 2955 1422 Scriptura
2982 1346 3304 1403 didicimus.
3326 1343 3544 1402 Clamat

1939 1452 2089 1507 enim
2119 1449 2343 1504 divinus
2376 1448 2614 1502 Joannes
2641 1462 2654 1498 :
2695 1465 2706 1494 ;
2739 1444 2833 1498 Sic
2860 1443 3006 1497 Deus
3030 1439 3222 1494 dilexit
3248 1437 3538 1501 mundum,

1942 1555 2004 1601 ut
2036 1545 2238 1598 Filium
2271 1556 2449 1598 suum
2480 1537 2830 1610 unigenitum
2868 1534 3026 1589 daret
3045 1531 3114 1586 ".
3151 1551 3169 1583 ι
3206 1531 3275 1585 Et
3318 1530 3546 1586 divinus

1941 1635 2146 1690 Paulus
2179 1652 2191 1688 :
2225 1653 2242 1683 ι
2288 1632 2344 1688 Si
2372 1632 2686 1696 enim,cum
2725 1625 2935 1682 inimici
2971 1637 3250 1687 essemus,
3296 1623 3540 1676 reconci-

1942 1726 2060 1781 liati
2095 1739 2285 1781 sumus
2306 1724 2420 1778 Deo
2449 1737 2550 1792 per
2575 1725 2815 1773 mortem
2841 1716 2964 1772 Filii
3001 1716 3145 1786 ejus,
3165 1712 3343 1767 multo
3369 1713 3545 1782 magis

1944 1816 2292 1874 reconciliati
2323 1802 2702 1870 salvi‘enimus
2732 1810 2789 1865 in
2817 1809 2933 1864 vita
2957 1807 3134 1878 ipsius
3153 1806 3222 1858 "°.
3268 1823 3287 1856 ι

2010 1997 2172 2068 18⁸1
2224 1991 2436 2050 ORTH.
2466 1992 2607 2048 Vera
2628 2004 2762 2044 sane
2807 1995 2940 2042 sunt
2982 1985 3090 2041 ista
3124 2001 3136 2037 :
3168 1981 3358 2062 divina
3393 1977 3546 2036 enim

1943 2100 2074 2150 sunt
2104 2086 2350 2144 oracula.
2386 2083 2496 2139 Sed
2532 2080 2829 2138 recordare
2861 2092 3056 2133 eorum
3086 2089 3210 2147 qua
3240 2059 3387 2144 saepe
3409 2086 3545 2128 con—

1945 2183 2075 2240 fessi
2103 2195 2317 2237 sumus.

2019 2271 2228 2328 ERAN.
2262 2267 2526 2334 Quaenam
2553 2262 2740 2318 dicis?

2011 2361 2224 2420 ORTH.
2256 2358 2414 2427 Quod
2439 2357 2643 2412 Filium
2677 2353 2798 2418 Dei,
2830 2352 3006 2408 Deum
3028 2348 3300 2413 Verbum,
3321 2362 3433 2401 non
3458 2343 3549 2401 in-

235 2437 533 2527 ὲαῷματον
563 2440 899 2512 ὶπιφανῆναι
930 2445 1493 2516 συνωμολογήσαμεν,
1521 2446 1658 2500 ἀλλὰ
1680 2445 1836 2516 φύσιν

1944 2469 2276 2527 corporeum
2303 2449 2630 2521 apparuisse
2659 2444 2902 2501 confessi
2926 2456 3142 2506 sumus,
3175 2438 3274 2494 sed
3292 2449 3548 2492 naturam

236 2526 590 2600 ἀνθρωπείαν
618 2529 833 2585 τελείαν
860 2533 1212 2605 ἀνειληφότα.

309 2619 521 2673 ΕΡΔΝ.
563 2620 1110 2695 Συνωμολογήσαμεν
1139 2624 1338 2679 ταῦτα.

309 2711 466 2765 οΡθ.
515 2713 580 2766 Εἰ
609 2714 791 2767 τοίνυν
833 2715 994 2785 σῶμα
1034 2717 1130 2770 καὶ
1169 2717 1350 2789 ψυχὴν
1387 2716 1582 2771 ελασεν
1628 2717 1842 2791 ἀνθρω-

232 2801 616 2875 πείαν,ταύτῃ
635 2819 718 2856 τοι
751 2806 847 2859 καὶ
881 2805 1002 2869 Υἱὸς
1042 2805 1334 2877 ανθρώπου
1366 2808 1810 2881 προσηγορεύθη.

309 2984 522 3038 ΕΡΑΝ.
575 2983 821 3055 ἌληΘές.

308 3074 475 3129 0P8.
513 3074 726 3130 Οὐκοῦν
763 3077 792 3128 6
820 3073 1027 3146 Κύριος
1069 3072 1280 3145 Ἰησοῦς
1316 3074 1556 3146 Χριστὸς
1587 3076 1681 3129 καὶ
1709 3072 1842 3139 Θεὸς

225 3168 406 3244 ημῶν
433 3166 647 3238 ἀληθῶς
672 3182 686 3195 ·
725 3166 895 3220 τῶνδε
928 3167 1038 3238 γὰρ
1065 3166 1177 3220 τῶν
1211 3167 1453 3239 φύσεων,
1487 3168 1587 3239 τὴν
1634 3166 1732 3238 μὲν
1760 3163 1841 3220 εἴ·

223 3279 330 3335 χεν
364 3260 477 3324 ἀεὶ,
507 3260 606 3330 τὴν
626 3259 685 3312 δὲ
718 3258 913 3313 ελαὸεν
954 3259 1192 3330 ἀληθῶς.

301 3351 522 3406 EPAN.
571 3349 985 3420 ’Δναμφίλεκτα
1005 3348 1201 3407 ταῦτα.

301 3441 472 3496 οΡθ.
503 3442 794 3513 Τοιγάρτοι
818 3441 891 3504 ὡς
914 3440 1202 3512 ἄνθρωπος
1231 3440 1294 3495 τὸ
1323 3441 1499 3506 πάθος
1527 3441 1839 3512 ὑπέμεινεν·

1947 2550 2243 2609 humanam
2272 2540 2570 2613 perfectam
2592 2535 2984 2606 assumpsisse.

2012 2636 2220 2694 ERAN.
2245 2632 2373 2688 Haec
2393 2629 2633 2686 confessi
2658 2641 2873 2682 sumus.

2009 2725 2220 2787 ORTH.
2253 2725 2309 2780 Si
2334 2723 2503 2794 igitur
2533 2736 2738 2793 corpus
2758 2727 2815 2774 et
2838 2717 3080 2773 animam
3118 2711 3418 2782 assumpsit
3447 2710 3551 2765 hu-

1946 2819 2309 2886 manam,hac
2343 2815 2413 2871 de
2436 2830 2602 2871 causa
2644 2813 2810 2869 etiam
2837 2809 3014 2866 Filius
3040 2806 3286 2863 hominis
3310 2802 3552 2876 appella-

1947 2926 2037 2972 tus
2066 2919 2170 2968 881..

2014 3003 2226 3059 ERAN.
2260 3003 2469 3058 Verum
2501 3005 2608 3051 est.

2010 3095 2222 3153 ORTH.
2264 3091 2536 3150 Dominus
2564 3101 2698 3158 ergo
2735 3085 2898 3141 Jesus
2929 3082 3188 3140 Christus
3227 3079 3400 3135 etiam
3420 3092 3552 3134 vero

1950 3190 2096 3244 Deus
2137 3193 2329 3242 noster
2357 3188 2463 3238 est.
2503 3177 2713 3233 Harum
2740 3175 2892 3229 enim
2923 3182 3249 3229 naturarum
3270 3212 3284 3237 ,
3319 3171 3553 3226 alteram

1869 3249 1913 3305 θ
1947 3292 2166 3350 semper
2195 3275 2414 3339 habuit,
2449 3272 2684 3328 alteram
2708 3282 2842 3323 vere
2870 3263 3193 3336 assumpsit.

2021 3369 2229 3427 ERAN.
2253 3365 2381 3422 Haec
2409 3371 2542 3419 sunt
2567 3357 2725 3417 extra
2746 3357 3224 3420 controversiam.

2015 3460 2227 3520 ORTH.
2273 3461 2420 3531 Ergo
2467 3465 2534 3512 ut
2587 3455 2755 3510 homo
2795 3450 3110 3523 passionem
3157 3446 3445 3510 sustinuit,
3491 3452 3555 3499 ut

215 3536 303 3601 ὡς
334 3535 501 3600 Θεδς,
531 3535 802 3602 κρείττων
835 3533 1046 3599 πάθους
1086 3536 1389 3606 μεμένηκε.

296 3629 524 3684 EPAN.
539 3629 685 3693 J16);
720 3623 815 3683 οὖν
845 3630 879 3701 η
909 3627 1030 3682 θεία
1068 3627 1264 3699 Γραφὴ
1291 3627 1387 3680 τὸν
1417 3627 1547 3680 Υίδν
1578 3627 1674 3681 τοῦ
1707 3626 1845 3681 Θεοῦ

217 3719 577 3777 πεπονθέναι
605 3721 770 3792 φησίν
788 3736 803 3786 ;

296 3809 474 3866 ΟΡΘ.
509 3809 633 3863 Ὀτι
664 3809 726 3863 τὸ
758 3809 921 3880 σῶμα
949 3808 1255 3876 πεπονθὸς,
1282 3807 1452 3864 αὐτοῦ
1482 3809 1542 3863 ὃν
1578 3807 1841 3880 ιτύγχανε

1949 3557 2097 3612 Deus
2121 3551 2235 3624 pati
2258 3566 2370 3606 non
2395 3547 2598 3620 potuit.

2017 3640 2228 3699 ERAN.
2252 3636 2550 3706 Quomodo
2580 3634 2752 3706 igitur
2797 3646 2957 3689 sacra
2994 3629 3321 3701 Scriptura'
3349 3626 3550 3682 Filium

1948 3736 2049 3792 Dei
2081 3747 2308 3806 passum
2339 3745 2463 3785 esse
2487 3728 2658 3784 dicit?

2014 3822 2226 3884 οΒΤΗ-
2262 3822 2404 3889 Quia
2427 3833 2632 3889 corpus
2663 3817 2813 3889 quod
2843 3829 3066 3887 passum
3092 3818 3199 3876 est,
3229 3809 3405 3880 ipsius
3433 3807 3552 3866 (δαΐ-

1949 3933 2055 3990 pus
2078 3923 2217 3972 erat.
2253 3913 2347 3970 Sic
2374 3918 2561 3968 autem
2585 3923 2702 3964 rem
2733 3905 3175 3962 consideremus.
3219 3900 3360 3957 Cum
3389 3898 3552 3954 audi-

1951 4010 2305 4065 mus‘sacram
2332 4003 2680 4074 Scripturam
2700 3994 3284 4055 diwntemchactum
3309 4000 3550 4056 est,cum

1949 4099 2335 4158 consenuisset
2377 4097 2529 4151 Isaac
2549 4134 2565 4159 ,
2598 4092 2984 4163 caligaverunt
3012 4086 3160 4144 oculi
3187 4087 3330 4158 ejus,
3378 4095 3436 4140 et
3461 4084 3549 4138 vi-

1950 4194 2083 4250 dere
2109 4207 2222 4247 non
2246 4196 2465 4261 poterat
2486 4186 2555 4251 ",
2598 4204 2617 4237 ι
2652 4199 2812 4239 mens
2837 4188 3027 4237 nostra
3049 4194 3161 4251 quo
3183 4177 3382 4241 fertur,
3411 4182 3470 4232 et
3494 4175 3551 4230 in

1951 4301 2062 4359 quo
2090 4281 2389 4356 deligitur?
2422 4280 2476 4334 in
2511 4277 2696 4332 anima
2722 4275 2916 4338 Isaaci,
2943 4288 3014 4327 an
3044 4272 3101 4326 in
3125 4265 3400 4339 corpore?
3483 4267 3488 4274 '

2023 4376 2232 4434 ERAN.
2255 4373 2480 4430 Clarum
2509 4377 2615 4434 est,
2641 4366 2791 4438 quod
2821 4366 2878 4420 in
2913 4378 3168 4434 corpore.
3283 4360 3288 4364 ’

2013 4465 2224 4524 ORTH.
2268 4465 2424 4521 Anne
2455 4461 2625 4532 igitur
2663 4459 2906 4514 animam
2936 4467 3159 4526 quoque
3181 4448 3448 4508 caecitatis
3481 4448 3554 4503 il-

1882 4591 1928 4646 ι)
1957 4562 2070 4617 lius
2093 4556 2423 4632 participem
2447 4552 2618 4608 fuisse
2650 4548 2982 4621 conjicimus
2999 4546 3024 4594 ?

2020 4650 2230 4709 ERAN.
2258 4648 2423 4704 Nullo
2450 4643 2638 4699 modo.

2020 4740 2233 4801 ORTH.
2273 4739 2383 4796 Sed
2410 4737 2591 4793 solum
2615 4747 2819 4804 corpus
2861 4728 3090 4786 videndi
3127 4726 3399 4785 fam-tmte
3433 4723 3554 4796 pri-

1952 4842 2139 4889 vatum
2174 4831 2346 4886 fuisse
2371 4826 2738 4883 aﬂirmamus}

2029 4924 2199 4995 188
2228 4922 2441 4978 ERAN.
2471 4919 2566 4976 Sic
2588 4916 2946 4973 aiilrmamus.

277 5012 470 5068 0P8.
511 5010 625 5064 Καὶ
647 5003 715 5063 αὖ
745 5008 912 5062 πάλιν
937 5009 1067 5063 ὅταν
1094 5007 1423 5079 ἀκούσωμεν
1448 5006 1544 5063 τοῦ
1588 5005 1836 5078 ’Δμασίοι

2024 5012 2238 5074 OR'I‘H.
2287 5013 2525 5077 Rursus,
2565 5023 2695 5068 cum
2721 5005 3006 5064 Amasiam
3035 5001 3324 5074 propheta:
3349 4995 3561 5053 Amoso

197 5108 503 5176 λέγοντος
526 5099 668 5171 πρὸς
695 5099 790 5154 τὸν
814 5097 1103 5172 προφήτην
1153 5096 1336 5171 ’Δμὼς
1354 5116 1366 5129 ·
1401 5117 1422 5152 ι
1460 5100 1522 5154 '0
1553 5101 1720 5172 ὁρῶν,
1747 5099 1836 5171 βά-

1957 5106 2236 5164 dieentem
2297 5102 2557 5160 audimus
2598 5118 2613 5156 :
2656 5118 2676 5152 ι
2742 5096 2953 5155 Videns
2979 5134 2998 5163 ,
3044 5092 3185 5150 vade
3231 5092 3290 5147 in
3343 5096 3553 5144 terram

197 5201 324 5267 διζε
378 5200 484 5261 είς
538 5191 652 5265 γῆν
718 5191 914 5257 Ἰούδα,
958 5211 978 5245 ο
1029 5193 1126 5247 καὶ
1166 5193 1352 5266 μέντοι
1393 5193 1489 5247 καὶ
1532 5191 1630 5248 τοῦ
1675 5191 1836 5247 Each}

1955 5198 2168 5263 Iuda",
2215 5215 2235 5250 ι
2260 5206 2320 5253 et
2345 5195 2568 5252 Saulem
2611 5191 2986 5250 sciscitantem
3014 5205 3028 5242 :
3063 5206 3082 5239 ι
3103 5185 3212 5244 Ubi
3237 5191 3323 5240 est
3353 5179 3554 5239 domus

197 5284 699 5358 ειηθανομινουο
724 5301 744 5336 ι
787 5282 896 5338 Ποῦ
927 5283 1040 5355 (21)
1075 5284 1104 5338 6
1130 5279 1280 5348 οἶκος
1314 5282 1411 5338 τοῦ
1449 5281 1783 5349 Βλέτωντος;
1820 5300 1836 5333 ι

1957 5290 2266 5347 Videntis"
2279 5269 2348 5344 1'":
2377 5287 2520 5344 nihil
2541 5284 2831 5358 corporale
2863 5281 3192 5351 cogitamus.

196 5387 370 5443 ὠδὶν
400 5375 757 5451 σωματικὸν
791 5374 1201 5448 ὑποπτεύομεν.

267 5469 530 5530 ΕΡΔΝ.
569 5463 872 5536 οὐμενοῦν.

215 3902 434 3973 σῶμα.
464 3899 808 3972 Σκεψώμεθα
838 3900 896 3954 δὲ
925 3900 1048 3957 ὡδί.
1097 3900 1272 3956 Ὅταν
1301 3901 1628 3972 ἀκούσωμεν
1665 3900 1848 3970 λεγού-

213 4013 330 4067 σης
364 3993 475 4064 τῆς
499 3992 654 4056 θείας
681 3992 910 4066 Γραφῆς
936 4006 952 4023 ⁸
976 4011 997 4045 ι
1037 3992 1290 4062 Ἐγένετο
1319 3991 1462 4064 μετὰ
1502 3993 1566 4045 τὸ
1605 3993 1848 4063 γηρᾶσαι

210 4088 321 4143 τὸν
394 4085 618 4146 Ἰσαὰκ.
672 4083 1065 4157 ἠμϐλύνθησαν
1110 4088 1159 4139 οἱ
1209 4085 1483 4155 ὀφθαλμοὶ
1528 4083 1696 4143 αὑτοῦ
1749 4082 1846 4137 τοῦ

209 4180 394 4252 ὀρᾴν,
434 4197 454 4229 ι
483 4179 514 4230 6
542 4176 668 4237 νοῦς
689 4177 850 4248 ἡμῶν
878 4177 980 4259 ποῦ
1013 4162 1262 4248 φέρεται,
1292 4177 1383 4255 καὶ
1416 4176 1524 4230 τίνι
1557 4173 1849 4240 ἠναπερεί-

205 4271 393 4328 διται
419 4286 437 4323 :
463 4271 534 4340 τῇ
563 4267 712 4339 ψυχῇ
738 4267 831 4322 τοῦ
870 4268 1080 4330 Ἰσαὰκ.
1115 4266 1251 4340 ἢτῷ
1278 4267 1528 4337 σώμάτις

288 4361 525 4419 EPAN.
559 4361 849 4433 Δηλονότι,
878 4361 957 4431 τῷ
989 4360 1225 4432 σώματι.

286 4455 470 4511 ΟΡΘ.
517 4453 636 4506 Οὐκ
661 4447 755 4507 οὖν
775 4451 1086 4523 τοπάζομεν
1111 4452 1208 4506 καὶ
1233 4453 1333 4523 τὴν
1364 4449 1543 4524 ψυχὴν
1588 4466 1849 4506 κεκοινω-

202 4549 474 4622 νηκέναι
503 4543 600 4598 τοῦ
637 4544 740 4607 τῆς
768 4543 1104 4614 τυφλότητος
1135 4543 1379 4610 πάθουςς

282 4642 525 4700 EPAN.
558 4639 850 4712 Οὐδαμῶς.
1026 4654 1029 4657 -

281 4733 452 4790 ΟΡΘ
527 4730 693 4786 Ἀλλὰ
719 4731 882 4803 μόνον
901 4731 964 4786 τὸ
985 4731 1147 4803 σῶμα
1167 4731 1266 4803 τῆς
1289 4731 1524 4802 ὀπτικῆς
1546 4729 1852 4802 αἰσθήσεως

203 4824 592 4901 στερηθῆναι
625 4840 831 4894 φαμεν.

276 4917 533 4977 EPAN.
568 4915 732 4970 υῦτω
760 4915 962 4986 φαμέν.

2031 5464 2240 5521 ERAN.
2271 5463 2440 5520 Plane
2469 5477 2603 5519 non.

270 5631 324 5664 θ’
362 5628 572 5687 Jour.
611 5637 692 5688 ιιι,
731 5621 818 5678 16.
930 5621 980 5652 ’⁸
1015 5622 1176 5678 Rom.
1240 5637 1306 5689 ν,
1365 5621 1452 5678 10.
1531 5624 1575 5656 ’⁸
1640 5622 1778 5680 Gen.
1832 5639 1836 5650 ε

1987 5623 2043 5676 1.
2153 5621 2200 5653 τ’
2223 5621 2394 5677 Amos
2439 5635 2512 5676 vn
2545 5618 2675 5688 ,12.
2782 5617 2831 5651 ⁷³
2861 5617 2887 5674 ι
2922 5616 3062 5689 Reg.
3123 5631 3200 5679 ix,
3237 5611 3338 5678 1,8,
3377 5610 3549 5682 juxta

200 5700 376 5760 LXX.

269 5860 402 5936 (31)
447 5850 609 5914 ποῦ.
636 5849 744 5906 Alii
775 5850 815 5906 l.
841 5865 892 5907 c.
920 5848 1128 5917 habent
1155 5849 1329 5912 ποῖος.

571 5941 856 6007 Parant.
899 5939 1020 6005 Gn.
1065 5940 1175 6005 LX
1185 5939 1405 6009 XXIII.
3189 5931 3226 5993 8

930 5621 980 5652 ’⁸
1015 5622 1176 5678 Rom.
1240 5637 1306 5690 ν,
1365 5621 1452 5678 10.
1531 5624 1575 5656 ’⁸
1640 5622 1778 5680 Gen.
1832 5637 1927 5689 vn,
1987 5623 2043 5676 1.
