4136 6390
254 448 360 518 επ

1341 449 1722 514 DIALOGUS
1762 447 1875 508 III.
1907 470 1976 480 —
2006 445 2498 507 IMPA’I‘IBILIS'.

3454 443 3564 510 238

334 564 495 619 0P8.
527 562 644 620 Καὶ
679 566 789 637 μὴν
819 564 912 619 uti
945 580 1007 634 γε
1038 564 1132 619 τοῦ
1173 565 1377 627 Ἰσαὰκ,
1405 566 1500 618 καὶ
1521 562 1629 616 τῶν
1654 576 1860 632 προφη-

2049 557 2212 628 190
2237 555 2449 613 OR'I‘II.
2481 557 2649 629 Atqui
2680 573 2807 614 cum
2842 561 2900 614 in
2931 557 3139 625 lsaaco,
3171 568 3226 615 et
3250 560 3559 631 prophetis,

258 656 399 723 τῶν,
429 658 528 711 καὶ
561 655 659 712 τοῦ
699 655 1016 727 παραλύων
1038 699 1053 720 ,
1082 647 1182 712 καὶ
1211 656 1321 711 τῶν
1353 655 1530 712 ἄλλων
1556 653 1720 708 τοῦτο
1739 653 1872 726 δρά-

265 746 621 816 σαντες,ντὴν
648 747 887 816 φυσικὴν
910 747 1009 817 τῆς
1037 747 1215 818 ψυχῆς
1238 747 1335 802 καὶ
1365 746 1458 800 τοῦ
1492 743 1872 815 σώματος.ούκ

263 839 546 910 ἑλυταμεν
577 838 795 902 ῑνωσιν,
829 839 952 893 οὐδὲ
983 856 1048 908 γε
1077 839 1186 893 ἀπὸ
1211 837 1324 891 τῶν
1351 837 1566 891 οἰκείων
1602 836 1870 905 σωμάτων

264 933 366 993 τὰς
395 928 580 999 ψυχὰς
605 929 978 1000 ιχωρίσαμεν.
1009 928 1146 983 ἀλλὰ
1175 927 1254 998 τῷ
1279 927 1430 998 λόγῳ
1464 926 1613 996 μόνῳ
1639 925 1870 992 διέγνω-

269 1040 392 1092 μεν,
425 1020 482 1074 τί
517 1020 619 1090 μὲν
653 1019 790 1073 ἴδιον
819 1019 1020 1090 ψυχῆς,
1047 1017 1100 1070 τί
1127 1003 1184 1071 8t
1226 1016 1499 1088 σώματος.
1531 1015 1656 1078 Πῶς
1687 1010 1780 1069 οὖν
1808 1014 1870 1066 ού

268 1113 521 1185 quam
543 1113 636 1166 ιπὶ
661 1111 851 1182 ψυχῶν
872 1108 1034 1163 τοῦτό
1057 1126 1121 1179 γε
1148 1111 1244 1165 καὶ
1277 1109 1552 1179 σωμάτων
1577 1105 1870 1169 ποιοῦντας

266 1203 432 1268 οὕτω,
483 1203 579 1257 ἐπὶ
639 1203 729 1257 τοῦ
783 1201 1230 1272 Σωτῆροςκήμῶν
1274 1201 1434 1254 τοῦτο
1481 1189 1879 1270 παραιτεῖσθαι

270 1298 470 1358 ποιεῖν,
503 1295 642 1350 ἀλλὰ
690 1297 886 1366 νγχετν
915 1293 1017 1356 τὰς
1040 1293 1234 1364 φύσεις
1251 1293 1340 1348 διὰ
1367 1293 1480 1364 (Ξῦ)
1503 1292 1566 1345 τὸ
1587 1292 1871 1360 διάφορον,

269 1388 368 1457 οὐχ
401 1387 530 1440 ὅσον
554 1386 704 1458 ψυχὴ
730 1387 844 1456 εχει
877 1387 1015 1456 πρὸς
1054 1385 1252 1458 σῶμα,
1283 1384 1515 1457 ἐχούσας
1549 1377 1877 1454 πρὸςᾍλλή-

271 1479 367 1543 λας
391 1519 406 1544 ,
462 1478 602 1532 ἀλλὰ
650 1478 930 1543 τοσοῦτον,
965 1480 1091 1533 ὅσον
1120 1478 1182 1532 τδ
1216 1479 1532 1548 πρόσφατον
1575 1473 1670 1528 τοῦ
1697 1475 1871 1530 ἀῑδίου

270 1567 549 1639 διέστηκε,
576 1571 673 1624 καὶ
707 1571 767 1622 τὸ
798 1569 1023 1640 ποιηθὲν
1057 1569 1152 1625 τοῦ
1195 1555 1523 1640 τίοιήσαντος
1551 1585 1566 1634 ;

339 1682 552 1738 EPAN.
607 1683 671 1736 Ἠ
701 1666 828 1736 θεία
853 1683 1043 1754 Γραφή
1076 1688 1209 1756 φησι
1246 1682 1340 1737 τδν
1372 1681 1501 1735 Υἰδν
1525 1681 1620 1735 τοῦ
1645 1681 1780 1736 Θεοῦ
1811 1682 1874 1734 τὸ

277 1772 444 1836 πάθος
483 1773 990 1848 ὑπομεμενηκέναι.

343 1864 500 1920 ΟΡΘ.
538 1866 673 1921 om
713 1857 881 1937 ἡμεῖς
918 1866 1078 1920 ἄλλον
1124 1866 1247 1924 τινὰ
1294 1864 1623 1920 πεπονθέναι
1669 1865 1866 1936 φαμέν·
1907 1917 1946 1972 Β

277 1958 432 2028 ίσμιν
473 1959 533 2012 δὲ
557 1959 729 2028 ὅμως,
757 1959 914 2030 παρὰ
935 1958 1038 2030 τῆς
1068 1958 1218 2022 θείας
1246 1957 1588 2028 διδαχθέντες
1627 1958 1871 2029 Γραφῆς,

277 2050 348 2114 ὡς
372 2050 596 2126 ἀπαθὴς
625 2053 658 2121 ἡ
703 2051 806 2121 τῆς
836 2051 1095 2123 θεότητος
1131 2049 1318 2119 φύσις.
1371 2050 1668 2104 Ἀπάθειαν
1696 2050 1876 2103 τοίνυν

277 2142 365 2194 καὶ
389 2143 569 2205 πάθος
592 2142 903 2206 ἀκούοντος,
927 2143 1023 2196 καὶ
1050 2140 1478 2212 ἁνθρωπότητος
1501 2141 1596 2194 καὶ
1621 2140 1875 2210 θεότητος

275 2231 488 2295 ῑνωσιν,
515 2232 613 2288 τοῦ
649 2233 898 2305 παθητοῦ
923 2231 1176 2303 σώματος
1203 2233 1267 2286 τδ
1298 2233 1470 2296 πάθος
1491 2229 1635 2286 εἷναί
1667 2248 1870 2302 φαμεν,

276 2325 371 2396 τὴν
396 2325 590 2396 ἀπαθῆ
623 2325 683 2379 δὲ
711 2324 875 2394 φύσιν
911 2323 1208 2396 ἐλευθέραν
1244 2326 1620 2397 μεμενηκέναι
1645 2323 1738 2378 τοῦ
1768 2325 1874 2376 πά-

277 2415 398 2482 θους
421 2416 821 2488 ὁμολογοῦμεν.
1185 2403 1202 2411 ”

345 2531 554 2586 EPLN.
606 2531 776 2603 Σῶμα
813 2531 995 2586 τοίνυν
1042 2531 1177 2604 ἡμῖν
1201 2531 1300 2603 τὴν
1339 2531 1615 2602 σωτηρίαν
1647 2527 1876 2600 προύξέ-

276 2640 460 2695 uno“.

343 2736 499 2792 0P0.
529 2737 647 2790 ούκ
671 2735 966 2808 ἀνθρώπου
993 2736 1153 2807 σῶμα
1171 2734 1353 2806 ψιλοῦ,
1381 2734 1517 2787 ἀλλὰ
1541 2734 1636 2786 τοῦ
1667 2734 1877 2807 Κυρίου

277 2829 432 2899 ἡμῶν
472 2827 655 2898 Ἰησοῦ
679 2827 940 2898 Χριστοῦ,
967 2827 1064 2881 τοῦ
1090 2825 1418 2898 μονογενοῦς
1447 2825 1572 2879 Υίοῦ
1595 2825 1691 2879 τοῦ
1715 2824 1874 2880 Θεοῦ.

277 2918 338 2973 El
367 2919 425 2974 δὲ
455 2919 618 2973 τοῦτό
645 2936 728 2972 σοι
748 2919 1032 2990 νομίζεται
1064 2919 1259 2992 μικρόν
1288 2937 1346 2972 τε
1375 2920 1468 2972 καὶ⁸
1494 2918 1728 2984 εὐτελὲς,
1759 2917 1876 2982 πῶς

277 3009 365 3064 τδν
389 3011 588 3064 τούτου
621 3028 688 3079 γε
723 3010 895 3064 τύπον
933 3010 1130 3063 σεπτὸν
1158 3010 1266 3080 ἡγῇ
1308 3010 1405 3062 καὶ
1440 3010 1751 3078 σωτήριον;
1803 3001 1880 3062 Ob

277 3099 332 3154 δὲ
361 3103 390 3154 ό
415 3102 590 3165 τύπος
623 3101 1004 3172 προσκυνητδς
1030 3101 1126 3155 καὶ
1159 3101 1486 3171 σεθάσμιος,
1513 3100 1632 3163 πῶς
1657 3101 1790 3155 αὐτὸ
1818 3101 1880 3156 τδ

277 3193 587 3263 ἀρχέτυπον
621 3194 1105 3264 εὐκαταφρόνητον
1140 3194 1232 3247 καὶ
1265 3192 1531 3265 σμικρόν;

1970 658 2028 705 et
2063 651 2386 722 paralytico,
2423 651 2658 724 aliisque
2688 652 2796 710 hoc
2826 652 3078 717 fecimus.
3109 656 3417 711 naturalem
3439 657 3561 712 ani-

1972 759 2073 799 ma:
2115 745 2478 814 corporisque
2526 747 2790 803 unionem
2850 763 2962 802 non
2993 749 3279 813 solvimus,
3313 764 3494 821 neque
3528 766 3562 808 ι

1972 837 2213 907 propriis
2256 837 2582 908 corporibus
2631 839 2844 895 animas
2883 842 3282 910 separavimus,
3311 842 3410 898 sed
3445 843 3563 900 sola

1971 923 2324 999 cogitati0ne,
2370 928 2505 1000 quid
2551 930 2770 997 anima,
2816 931 2950 1002 quid
2994 934 3247 1002 corporis
3275 935 3562 1005 proprium

1972 1021 2065 1086 sit,
2109 1022 2488 1078 distinximus.
2524 1023 2668 1093 Quid
2706 1025 2875 1096 igitur
2906 1025 3204 1082 absurdius
3234 1035 3340 1092 est,
3373 1043 3562 1098 quam.

1972 1128 2100 1169 cum
2127 1113 2184 1167 in
2205 1114 2498 1171 animabus
2529 1116 2971 1187 corporibusque
2991 1117 3070 1173 sic
3095 1119 3385 1185 faciamus,
3415 1120 3564 1176 idem

1973 1204 2031 1258 in
2077 1202 2360 1260 Salvatore
2406 1216 2601 1261 nostro
2647 1205 2832 1261 facere
2880 1207 3052 1272 nolle,
3096 1208 3193 1263 sed
3219 1209 3566 1270 confundere

1973 1307 2220 1364 naturas,
2243 1314 2480 1369 quarum
2503 1299 2818 1357 diﬂerentia
2852 1308 2956 1365 est,
2992 1316 3103 1356 non
3133 1310 3339 1371 quanta
3367 1303 3567 1360 animo

1974 1395 2029 1441 et
2077 1388 2351 1458 corporis,
2395 1389 2492 1444 sed
2544 1398 2719 1454 tanta,
2755 1397 2960 1460 quanta
2999 1390 3480 1462 inter‘temporale
3509 1402 3566 1451 et

1973 1488 2266 1545 aeternum,
2290 1481 2434 1536 inter
2462 1490 2776 1538 creaturam
2811 1489 2869 1537 et
2895 1480 3259 1539 Creatorem?

2049 1681 2257 1736 ERAN.
2295 1679 2462 1736 Sacra
2493 1678 2784 1750 Scriptura
2810 1678 2946 1734 dicit
2983 1679 3184 1735 Filium
3223 1681 3321 1737 Det
3358 1683 3574 1753 passio-

1976 1786 2102 1826 nem
2143 1769 2457 1840 pertulisse.

2047 1858 2259 1915 ORTH.
2289 1859 2482 1929 Neque
2519 1874 2622 1915 nos
2651 1859 2822 1915 alium
2855 1861 3170 1931 quempiam
3203 1877 3426 1932 passum
3445 1878 3569 1919 esse

1978 1950 2256 2006 dicimus:
2290 1961 2347 2004 et
2376 1957 2558 2006 tamen
2589 1966 2656 2005 ex
2691 1949 2876 2006 divina
2931 1950 3220 2021 Scriptura
3272 1952 3500 2021 scimus,
3551 1960 3571 1976 '

1977 2042 2341 2112 impatibilem
2386 2057 2510 2097 esse
2550 2051 2805 2097 naturam
2834 2041 3159 2098 divinitatis.
3191 2043 3573 2115 Impatibilita-

1976 2142 2088 2189 tem
2124 2133 2291 2204 igitur
2320 2141 2377 2188 et
2410 2132 2728 2202 passionem
2770 2132 3082 2199 audientes,
3123 2143 3180 2189 et
3208 2134 3571 2193 humanitatis

1976 2240 2041 2280 ac
2081 2225 2391 2280 divinitatis
2437 2223 2723 2288 unionem,
2755 2224 2971 2294 patibili
2996 2225 3217 2296 corpori
3255 2227 3570 2295 passionem

1976 2317 2298 2382 tribuimus,
2353 2326 2409 2372 et
2446 2315 2828 2386 'impatibilem
2862 2326 3119 2372 naturam
3164 2317 3440 2389 passionis
3477 2335 3573 2376 ex-

1976 2418 2190 2479 pertem
2213 2407 2482 2462 mansisse
2506 2404 2858 2461 conﬁtemur.

2048 2521 2256 2577 ERAN.
2289 2521 2506 2591 Corpus
2535 2535 2669 2590 ergo
2699 2519 2862 2575 nobis
2896 2519 3130 2576 salutem
3154 2520 3488 2590 procuravit.

2049 2736 2261 2792 ORTH.
2312 2735 2433 2791 Non
2485 2733 2621 2789 nudi
2669 2732 2913 2788 hominis
2957 2747 3180 2804 corpus,
3224 2733 3320 2789 sed
3351 2735 3571 2792 Domini

1980 2829 2159 2885 nostri
2210 2829 2341 2886 Jesu
2390 2827 2620 2892 Christi,
2671 2824 2944 2897 unigeniti
2995 2825 3120 2880 Filii
3177 2825 3296 2880 Dei.
3336 2825 3492 2894 Quod
3525 2830 3574 2885 sl

1981 2936 2212 2992 parvum
2267 2919 2365 2972 tibi
2408 2933 2473 2972 ac
2507 2919 2614 2972 vile
2655 2917 2896 2980 videtur,
2925 2917 3204 2986 quomodo
3229 2918 3348 2988 ejus
3385 2927 3578 2991 typum

1981 3013 2366 3068 venerabilem
2400 3020 2459 3066 et
2506 3011 2804 3065 salutarem
2827 2996 3154 3064 existimas?
3183 3008 3354 3080 Cujus
3388 3021 3576 3067 autem

1984 3115 2145 3180 typus
2185 3103 2500 3160 adorandus
2531 3110 2616 3158 est
2652 3109 2707 3156 et
2730 3101 3010 3169 salutaris,
3045 3103 3141 3172 qui
3172 3110 3353 3172 potest
3383 3104 3579 3160 arche-

1983 3208 2174 3271 typum
2199 3197 2378 3267 ipsum
2401 3194 2611 3265 despici
2635 3202 2692 3249 et
2723 3193 3052 3248 extenuari?

344 3262 551 3340 ΕΡΔΝ.
581 3287 699 3338 Οὐκ
725 3262 952 3350 souis;
992 3262 1236 3356 inmittat
1263 3262 1324 3340 τδ
1353 3262 1516 3356 σιῦμα
1537 3327 1551 3352 ,
1583 3285 1722 3342 ἀλλὰ
1745 3287 1879 3343 διαι-

2290 3289 2411 3344 Non
2435 3262 2545 3342 vile
2581 3287 2840 3342 existimo
2878 3301 3101 3356 corpus,
3139 3286 3235 3342 sed
3271 3286 3450 3360 (illud)
3487 3288 3568 3344 ilio

279 3380 392 3444 ριῐν
420 3379 530 3431 ἀπὸ
558 3377 660 3447 τῆς
691 3378 949 3448 θεότητος
979 3379 1081 3433 ούκ
1119 3379 1411 3450 ἀνέχομαι.

348 3471 499 3524 ΟΡΘ.
545 3471 684 3524 Ούδὶ
730 3473 895 3542 ἡμεῖς
918 3510 932 3537 ,
973 3465 1018 3524 ὦ
1048 3472 1223 3540 ἀγαθὲ
1247 3511 1262 3535 ,
1317 3471 1641 3544 διαιροῦμεν
1670 3472 1768 3542 τὴν
1798 3471 1882 3525 εν-

278 3576 448 3626 ωσιν,
487 3561 632 3615 ἀλλὰ
673 3559 988 3633 θεωροῦμεν
1020 3563 1088 3616 τὰ
1113 3563 1222 3616 τῶν
1253 3562 1470 3632 φύσεων
1505 3563 1631 3618 ῐδια.
1665 3563 1775 3617 Καὶ
1817 3565 1881 3617 σὺ

278 3653 333 3705 δὲ
368 3653 644 3724 δήπουθεν
683 3655 1148 3728 συνομολογήσεις
1199 3657 1426 3711 αὐτίκα.

349 3744 559 3800 ΕΡΑΝ.
595 3745 960 3816 Ηροφητικῶς
989 3746 1164 3801 ταῦτα
1201 3764 1652 3820 προσαγορευεις.

351 3839 507 3892 ΟΡΘ.
541 3839 620 3891 Ού
651 3838 1048 3910 προφητικῶς,
1097 3841 1215 3894 ἀλλ’
1264 3840 1423 3905 εἰδὼς
1474 3841 1575 3911 τῆς
1624 3839 1885 3911 ἀληθείας

281 3928 378 4000 τὴν
405 3930 663 4002 δύναμιν.
710 3931 875 3984 Ἀλλά
922 3947 1015 4002 μοι
1057 3932 1360 4003 ἀπόκριναι
1390 3932 1488 3988 καὶ
1536 3929 1698 3984 τοῦτο
1727 3947 1889 4002 προσ-

285 4019 600 4089 ιρωτῶντιο
651 4020 823 4074 Ὅταν
882 4021 1127 4092 ἀκούσῃς
1191 4022 1286 4077 τοῦ
1343 4023 1553 4096 Κυρίου
1610 4021 1884 4090 λέγοντος⁹

289 4128 309 4161 s
356 4111 503 4181 Ἐγὼ
537 4113 636 4166 καὶ
679 4113 708 4165 ό
748 4113 937 4186 Πατὴρ
967 4115 1025 4168 ἐν
1072 4116 1263 4185 ἐσμεν,
1314 4133 1334 4170 ι
1372 4117 1499 4179 καὶ,
1541 4133 1560 4166 ι
1609 4115 1670 4168 '0
1711 4115 1888 4184 ἑωρα-

286 4200 395 4264 κὼς
426 4204 530 4272 ἐμὲ
570 4201 790 4274 ἑώρακε
820 4203 911 4258 τὸν
961 4205 1204 4274 Πατέρα,
1245 4225 1265 4260 ι
1309 4207 1412 4278 τῆς
1460 4208 1664 4272 σαρκὸς
1715 4211 1889 4261 ταῦτα

282 4295 485 4363 λέγεις,
517 4297 552 4366 ἢ
583 4297 683 4366 τῆς
715 4296 968 4368 θεότητος
1006 4297 1144 4363 tota;

351 4388 566 4442 ΕΡΔΝ.
601 4389 714 4442 Καὶ
744 4389 863 4453 πῶς
888 4382 1002 4444 οἷόν
1032 4406 1093 4442 τε
1133 4389 1252 4443 κατ’
1293 4387 1482 4444 οὐσίαν
1520 4390 1580 4446 ιν
1611 4387 1749 4445 εἶναι
1789 4390 1887 4462 τὴν

283 4488 469 4553 σάρκα
500 4481 599 4534 καὶ
627 4480 722 4532 τὸν
756 4481 1017 4551 Πατέρα;

352 4571 510 4625 ΟΡΘ.
551 4569 860 4642 Τοιγαροῦν
900 4571 1004 4640 τῆς
1034 4570 1290 4643 θεότητος
1313 4571 1489 4627 ταῦτα
1515 4573 1810 4644 δηλωτικὰ.

351 4664 568 4718 EPAN.
615 4663 860 4734 ’Δληθές.

355 4753 512 4810 ΟΡΘ.
559 4753 674 4806 Καὶ
699 4753 783 4816 τὺ,
822 4771 841 4805 ι
886 4754 976 4808 Ἐν
1001 4755 1144 4828 ἀρχῇ
1176 4751 1245 4828 ἦν
1273 4759 1302 4809 ό
1322 4757 1516 4827 Λόγος,
1543 4759 1638 4809 καὶ
1659 4758 1793 4822 Θεὸς
1820 4755 1889 4830 ἦν

284 4847 316 4898 ό
337 4846 539 4914 Λόγος,
581 4865 600 4897 ι
637 4846 734 4898 καὶ
763 4845 832 4899 τὰ
865 4845 1076 4910 τούτοις
1106 4847 1304 4918 ὃμοια;

355 4938 548 4991 ΕΡΑΝ
556 4978 570 4988 .
626 4937 1009 5009 Ὠμολόγηται.

355 5030 517 5084 ΟΡΘ.
562 5028 736 5081 Ὅταν
769 5028 827 5081 δὲ
852 5029 1014 5084 πάλιν
1043 5032 1077 5100 ἠ
1119 5029 1240 5086 θεία
1278 5031 1470 5102 Γραφὴ
1510 5031 1643 5104 λέγῃ
1667 5049 1679 5062 '
1725 5051 1741 5084 ι
1789 5034 1892 5102 ’1η-

293 5119 415 5183 σοῦς
445 5121 507 5174 δὲ
543 5119 900 5184 κεκοπιακὼς
941 5124 1006 5174 ὲκ
1041 5122 1139 5191 τῆς
1175 5122 1482 5192 ὁδοιπορίας
1509 5124 1747 5193 ἐκάθητο
1772 5123 1887 5191 (26)

293 5210 463 5275 οὕτως
500 5213 600 5266 ἐπὶ
628 5213 696 5282 τῇ
729 5215 906 5284 πηγῇ,
951 5232 970 5265 ι
1008 5215 1154 5277 τίνος
1180 5214 1525 5285 ὑποληπτέον
1548 5215 1639 5268 τὸν
1677 5216 1884 5281 κόπον;

292 5302 386 5372 τῆς
416 5304 709 5373 θεότητος,
741 5303 774 5373 ἢ
811 5303 907 5356 τοῦ
941 5303 1195 5375 σώματος
1221 5323 1236 5372 ;

359 5395 577 5450 ΕΡΔΝ.
615 5397 732 5448 Οὐκ
763 5373 1035 5466 ἀνέχομαι
1062 5373 1416 5468 τὰνὴνωμὲνα
1453 5397 1721 5469 μερίζειν.

362 5489 521 5544 0P8.
551 5488 634 5557 Τῇ
665 5474 924 5559 θείξοῦν,
954 5488 1030 5552 ὡς
1059 5489 1230 5557 ἔοικε,
1261 5492 1423 5560 φύσει
1457 5490 1893 5562 προσαρμόττεις

297 5576 381 5630 τὸν
411 5580 591 5633 κόπον
615 5597 632 5647 ;

1984 3380 2188 3435 vellere
2215 3379 2344 3434 nolo
2373 3395 2402 3432 a
2427 3377 2738 3432 divinitate.

2061 3472 2215 3543 191
2244 3469 2455 3526 ORTH.
2479 3469 2670 3540 Neque
2703 3483 2829 3533 nos,
2855 3483 2889 3524 ο
2911 3468 3076 3529 bone.
3099 3469 3400 3526 dividimus
3422 3473 3581 3526 unio-

1986 3582 2134 3631 nem,
2161 3565 2255 3620 sed
2280 3573 2607 3618 naturarum
2630 3561 2856 3631 propria
2881 3560 3318 3616 consideramus.
3341 3560 3424 3616 Tu
3447 3577 3581 3620 vero

1985 3654 2176 3710 eadem
2201 3655 2395 3723 utique
2422 3665 2545 3705 mox
2567 3649 2794 3705 senties.

2060 3745 2268 3802 ERAN.
2306 3741 2637 3812 PrOphetice
2673 3741 2938 3795 nimirum
2971 3741 3089 3796 haec
3126 3739 3295 3796 dicis!

2058 3839 2269 3898 ORTH.
2316 3837 2438 3893 Non
2489 3836 2830 3906 prophetico,
2873 3835 2993 3890 sed-
3021 3836 3150 3905 quia
3195 3835 3443 3889 veritatis
3468 3835 3580 3890 vim

1989 3941 2335 4006 perspectam
2387 3927 2585 3984 habeo.
2645 3926 2752 3982 Sed
2797 3927 2935 3981 mihi
2978 3925 3250 3997 responde
3278 3926 3384 3982 hoc
3411 3927 3579 3983 etiam

1990 4021 2396 4094 interroganti:
2439 4020 2662 4090 quando
2709 4019 2870 4074 audis
2917 4019 3212 4073 Dominum
3262 4018 3578 4076 dicentem:

1996 4138 2014 4170 ι
2049 4119 2164 4189 Ego
2191 4125 2248 4172 et
2279 4116 2442 4171 Pater
2473 4128 2645 4168 unum
2680 4127 2874 4167 sumus
2903 4111 2971 4177 ";
3023 4130 3041 4161 ι
3093 4119 3194 4166 et:
3247 4129 3262 4159 ι
3291 4110 3394 4177 Qui
3442 4112 3582 4168 vidit

1988 4227 2098 4276 me,
2127 4210 2267 4266 vidit
2289 4217 2346 4264 et
2371 4208 2590 4263 Patrem
2611 4206 2678 4270 ",
2720 4225 2738 4257 ι
2776 4204 2989 4259 dicisne
3018 4203 3136 4258 haec
3154 4206 3376 4272 propria
3400 4205 3582 4261 carnis

1989 4319 2131 4367 esse,
2160 4317 2229 4356 an
2254 4298 2604 4356 divinitatis?

2058 4392 2268 4448 ERAN.
2315 4390 2608 4458 Quomodo
2656 4387 2779 4442 ﬁeri
2829 4395 3032 4458 potest,
3085 4394 3148 4441 ut
3177 4399 3306 4441 caro
3342 4393 3398 4440 et
3419 4385 3580 4449 Pater

1989 4499 2160 4540 unum
2187 4483 2299 4538 sint
2330 4480 2637 4536 secundum
2671 4478 3080 4534 substantiam?

2062 4573 2273 4630 ORTH.
2308 4572 2658 4628 Divinitatem
2690 4587 2821 4643 ergo
2855 4569 2957 4648 ista
2986 4569 3314 4641 signiﬁcant.

2066 4667 2272 4722 EBAN.
2301 4667 2504 4721 Verum
2535 4674 2641 4721 est.

2067 4757 2278 4813 ORTH.
2329 4757 2398 4812 Et
2435 4757 2571 4812 illud
2597 4775 2609 4810 :
2641 4776 2659 4808 ι
2694 4756 2753 4812 In
2783 4756 3056 4828 principio
3075 4765 3198 4813 erat
3229 4756 3498 4825 Verbum,
3526 4768 3580 4816 et

1995 4850 2141 4906 Deus
2165 4858 2284 4904 erat
2301 4849 2543 4904 Verbum
2574 4849 2662 4914 "',
2695 4867 2712 4900 ι
2748 4858 2807 4904 et
2833 4849 2920 4902 his
2950 4848 3194 4905 similia?

2065 4941 2274 4996 ERAN.
2298 4941 2516 4995 Fateor.

2069 5032 2279 5088 ORTH.
2338 5032 2567 5099 Quando
2617 5041 2802 5087 autem
2857 5048 3054 5087 rursus
3112 5033 3249 5089 dicit
3301 5036 3581 5108 Scriptura

1998 5140 2189 5179 sacra:
2249 5143 2267 5174 ι
2306 5124 2467 5178 Jesus
2510 5131 2695 5178 autem
2743 5123 3000 5195 fatigatus
3027 5140 3095 5178 ex
3128 5126 3323 5182 itinere
3358 5129 3579 5186 sedebat

1996 5217 2075 5271 sic
2104 5216 2172 5271 ad
2199 5216 2410 5271 fontem
2443 5215 2510 5280 "',
2551 5234 2570 5266 ι
2601 5215 2762 5285 cujus
2781 5217 3145 5273 existimanda
3166 5227 3249 5274 est
3273 5219 3580 5278 lassitudo?

1993 5307 2300 5362 divinitatis
2333 5323 2400 5361 an
2430 5308 2717 5377 corporis?

2067 5396 2274 5451 ERAN.
2312 5396 2433 5449 Non
2466 5395 2643 5450 audeo
2671 5396 2826 5451 unita
2855 5397 3127 5454 dividere.

2067 5486 2278 5542 ORTH.
2315 5487 2518 5541 Divina:
2541 5487 2725 5559 igitur,
2756 5495 2817 5542 ut
2845 5499 3093 5558 apparet,
3127 5499 3337 5545 natura:
3369 5491 3576 5548 lassitu-

2000 5581 2186 5635 dinem
2213 5577 2454 5633 tribuis?

360 5739 395 5764 "
441 5737 613 5793 Joan.
644 5752 701 5825 τ,
732 5735 822 5792 30.
899 5738 944 5770 "
978 5738 1136 5794 Joan.
1174 5755 1282 5803 nv,
1318 5738 1371 5794 9.
1449 5740 1513 5771 "‘
1549 5739 1706 5795 Joan.
1740 5755 1777 5804 ι,
1814 5739 1864 5792 l.
1943 5738 1988 5768 "
2014 5736 2172 5792 Joan.
2205 5752 2275 5802 tv,
2313 5738 2362 5791 6.

364 5871 479 5944 ωε)
513 5871 629 5927 διά.
681 5871 979 5928 Abundare
1009 5873 1244 5949 videtur.

2075 5869 2185 5942 (26)
2210 5871 2295 5924 ὲκ.
2331 5869 2567 5942 Recepta
2603 5872 2782 5940 lectio,
2819 5869 3120 5936 δκαθίζιτο.
