4130 6360
637 350 745 416 239
1259 420 1263 426 ,
1639 351 2123 414 mmmam
2161 350 2500 413 EPISCOPI
2536 355 2903 419 CYRENSIS
3572 444 3590 455 α
3651 335 3656 342 ’
3780 350 3892 417 uo

713 462 918 520 ERAN.
955 461 1047 516 Sic
1069 459 1204 514 mihi
1225 459 1444 515 videtur
2237 466 2285 521 Α

2237 466 2285 521 Α
2385 460 2583 516 ΕΡΛΝ.
2639 465 2792 535 Ἐμοὶ
2821 466 2993 530 οὕτως
3020 465 3187 521 δοκεῖ.
3290 481 3294 488 ·

713 553 922 613 ORTH.
955 551 1084 630 Sed
1107 551 1396 608 manifeste
1436 547 1720 623 prophetae
1742 551 2076 608 contradicis
2097 549 2208 625 cla-

2385 551 2537 606 ΟΡΘ.
2612 554 2754 608 Ἀλλ’
2802 555 3064 628 ἄντικρυς
3112 555 3451 630 ἁντιφθέγγῃ
3504 557 3581 629 τῷ
3635 559 3887 632 προφήτῃ

640 648 852 704 manti:
905 664 924 698 ι
961 644 1081 701 Non
1129 645 1356 710 esuriet,
1406 659 1584 713 neque
1639 644 1930 711 laborabit,
1979 659 2082 700 nec
2125 652 2211 699 est

2315 641 2543 712 βοῶντι·
2577 663 2594 697 ι
2633 646 2707 699 Οὐ
2763 647 3042 711 πεινάσει,
3095 645 3214 700 οὐδὲ
3254 649 3542 715 κοπιάσει,
3587 648 3710 702 οὐδὲ
3743 650 3888 706 ἔστιν

638 739 984 810 investigatio
1043 737 1325 808 sapientiae
1369 738 1510 808 ejus,
1567 740 1664 808 qui
1714 743 1807 794 dat
1837 737 2210 792 esurientibus

2312 734 2591 808 ὲξεύρεσις
2633 738 2734 808 τῆς
2763 739 3079 809 φρονήσεως
3108 738 3276 792 αὐτοῦ
3299 781 3310 800 ,
3355 737 3530 802 διδοὺς
3564 743 3676 803 τοῖς
3703 741 3893 794 πεινῶ-

635 833 920 895 virtutem,
950 842 1006 886 et
1032 832 1100 886 iis
1123 831 1216 902 qui
1265 831 1456 887 dolone
1499 843 1611 886 non
1650 829 1984 893 afﬁciuntur,
2030 829 2208 885 tristi-

2315 835 2409 882 σιν¹
2438 830 2626 900 ἰσχὺν,
2662 831 2756 883 καὶ
2807 831 2920 894 τοῖς
2970 833 3046 902 μὴ
3074 827 3438 902 ὀδυνωμένοις
3491 832 3688 903 λύπην.
3724 852 3741 884 ι
3781 834 3891 888 Καὶ

635 925 767 980 tiam
798 925 864 977 ".
899 943 918 975 ι
953 931 970 945 ’
997 923 1065 978 Et
1095 930 1215 992 post
1245 937 1417 993 pauca
1449 939 1462 976 :
1503 922 1662 993 192
1684 941 1721 988 ,ι
1745 920 1849 987 Qui
1884 921 2208 992 praestolan-

2316 922 2432 990 μετ’
2486 921 2661 990 ὀλίγα.
2721 941 2740 973 ε
2785 923 2850 976 Oi
2905 922 2962 975 δὲ
3033 924 3396 992 ὑπομένοντές
3457 941 3524 994 με
3572 925 3892 990 ἁλλάξουσιν

635 1022 728 1070 tur
753 1028 861 1078 me,
891 1012 1180 1067 mutabunt
1207 1011 1488 1081 virtutem,
1518 1019 1798 1068 assument
1828 1028 2036 1079 pennas
2063 1013 2210 1068 sicut

2315 1015 2489 1084 ἰσχὺν,
2519 1014 2988 1084 πτεροφυήσουσιν
3026 1014 3101 1078 ὡς
3142 1013 3300 1076 ἀετός
3325 1031 3339 1044 ·
3391 1013 3747 1085 δραμοῦνται,
3795 1015 3893 1068 καὶ

634 1103 835 1174 aquila,
871 1110 1114 1168 current,
1148 1110 1203 1158 et
1240 1117 1350 1158 non
1389 1102 1780 1173 fatigabantur,
1823 1102 2204 1168 ambulabunt,

2311 1108 2371 1160 ού
2407 1106 2768 1160 κοπιάσουσι·
2826 1109 3175 1176 βαδιουνται,
3233 1105 3326 1156 καὶ
3377 1107 3438 1152 οὐ
3491 1107 3828 1158 πεινάσουσι.
3869 1124 3888 1156 ι

631 1202 689 1249 et
727 1208 839 1248 non
885 1190 1145 1248 deficient
1193 1192 1259 1246 ⁸⁸.
1289 1211 1309 1244 ι
1366 1191 1649 1259 Quomodo
1681 1192 1848 1263 igitur
1877 1193 1924 1247 is
1954 1193 2050 1262 qui
2083 1193 2210 1248 aliis

2311 1197 2436 1258 Πῶς
2465 1196 2646 1250 τοίνυν
2684 1195 2712 1248 ὁ
2751 1194 2812 1247 τὸ
2849 1193 3098 1265 ἀνενδεές
3131 1212 3190 1246 τε
3224 1194 3320 1247 καὶ
3349 1195 3548 1248 ἄπονον
3573 1196 3684 1256 τοῖς
3713 1193 3891 1257 ἄλλοις

633 1283 802 1338 donat
826 1292 889 1338 ut
916 1297 1018 1338 nec
1045 1291 1260 1352 egeant,
1281 1297 1385 1337 nec
1408 1281 1798 1354 defatigentur,
1831 1283 1951 1354 ipse.
1981 1284 2205 1340 lassitu-

2308 1285 2685 1356 δωρόύμενος,
2723 1283 2889 1348 αὐτὸς
2935 1285 3030 1337 τοῦ
3075 1285 3246 1338 κόπου
3295 1286 3357 1338 τὸ
3402 1283 3608 1350 πάθος,
3664 1283 3761 1338 καὶ
3791 1280 3889 1352 τῆς

632 1375 840 1439 dinem,
867 1382 922 1429 et
952 1374 1096 1429 sitim
1124 1372 1432 1443 famemque
1465 1374 1740 1444 patiatur?

1691 1375 1740 1428 ’ἲ
2307 1375 2485 1445 δίψης,
2517 1378 2610 1428 καὶ
2641 1377 2739 1444 τῆς
2769 1375 2958 1444 πείνης
2987 1375 3322 1444 ύπέμεινενς

700 1466 906 1523 ERAN.
943 1465 1096 1536 Saepe
1134 1465 1267 1530 dixi,
1308 1464 1454 1535 quod
1502 1473 1560 1519 ut
1597 1465 1740 1520 Deus
1765 1465 2085 1535 impatibilis
2114 1466 2203 1531 sit,

2379 1466 2580 1521 EPAN.
2619 1466 2884 1531 Πολλάκις
2917 1463 3093 1533 εἷπον,
3123 1469 3205 1520 ὅτι
3237 1467 3313 1528 ὡς
3341 1465 3476 1529 Θεὸς
3513 1465 3732 1537 ἀπαθής
3776 1468 3888 1519 ἐστι

629 1568 687 1616 et
719 1557 926 1613 nullius
946 1556 1219 1628 reiegens
1245 1574 1262 1608 ε
1281 1565 1408 1626 post
1440 1557 1876 1613 incarnationem
1911 1573 2042 1612 vero
2074 1574 2204 1628 pas-

2307 1554 2402 1607 καὶ
2427 1554 2711 1625 ἀνενδεὴς·
2743 1554 2882 1625 μετὰ
2929 1554 2987 1608 δὲ
3025 1555 3124 1628 τὴν
3161 1554 3461 1626 σάρκωσιν,
3491 1555 3751 1624 ἠνέσχετο
3781 1553 3893 1605 τῶν

628 1650 814 1706 siones
841 1647 1088 1718 pertulit.

867 1647 1088 1702 pertulit.
2309 1643 2498 1699 παθῶν

699 1739 910 1796 ORTH.
931 1737 1228 1793 Divinitate
1251 1736 1537 1808 passiones
1564 1737 1865 1809 excipiens,
1891 1755 1959 1794 an
1989 1740 2203 1811 patibili

2378 1736 2530 1791 ΟΡΘ.
2573 1738 2651 1810 Τῇ
2693 1736 2909 1810 θεότητι
2943 1738 3010 1793 τὰ
3056 1739 3205 1812 πάθη
3249 1741 3543 1819 δεχόμενος
3571 1777 3586 1802 ,
3619 1737 3651 1807 ἢ
3686 1738 3751 1806 τῇ
3789 1753 3898 1788 πα-

626 1841 838 1888 natura:
885 1831 1233 1901 permittens,
1281 1837 1342 1883 ut
1371 1828 1676 1884 secundum
1708 1838 1959 1886 naturam
1993 1832 2207 1902 passioo
2235 1828 2257 1890 1

2310 1827 2445 1899 θητῇ
2485 1827 2647 1896 φύσει
2696 1829 3046 1901 παραχωρῶν
3095 1829 3238 1883 κατὰ
3285 1828 3451 1882 φύσιν
3499 1825 3792 1896 ὑπομένειν
3818 1823 3927 1878 τὰ,

625 1941 728 1983 nes
746 1924 1064 1988 sustineret,
1087 1931 1144 1978 et
1168 1922 1426 1993 patiendo
1453 1923 1802 1993 pradicant,
1828 1941 1939 1980 non
1968 1927 2202 1996 phanta-

2305 1921 2477 1990 πάθη,
2509 1921 2603 1975 καὶ
2638 1921 2934 1992 κηρύττειν
2972 1921 3051 1992 τῷ
3102 1923 3355 1993 πάσχε.ν,
3403 1918 3480 1982 ὡς
3513 1917 3574 1970 οὺ
3620 1915 3898 1985 φαντασία

625 2014 763 2070 siam
817 2013 873 2068 id
929 2028 1051 2067 esse
1090 2010 1237 2081 quod
1266 2011 1584 2080 apparebat,
1612 2012 1708 2066 sed
1736 2029 1803 2067 ex
1837 2015 2072 2069 humana
2108 2031 2203 2071 na-

2302 2012 2364 2064 τὸ
2397 2012 2744 2082 φαινόμενον,
2785 2012 2902 2066 ἀλλ’
2926 2012 3144 2084 ἀληθῶς
3174 2015 3239 2066 ὲκ
3270 2011 3369 2080 τῆς
3398 2008 3746 2079 ἀνθρωπείας
3785 2004 3895 2072 φύ·

624 2111 749 2158 tura
799 2115 930 2156 vere
976 2097 1370 2169 desumptum?
1417 2096 1510 2154 Sic
1551 2107 1734 2155 autem
1763 2102 2196 2158 consideremus.

2305 2121 2444 2167 σεως
2485 2103 2846 2174 είλημμένον;
2895 2105 3268 2175 Σκοπήσωμεν
3303 2102 3361 2157 δὲ
3402 2101 3576 2164 οὕτως
3607 2141 3621 2155 .
3668 2096 3899 2168 ’Δπερί-

621 2191 1151 2261 lncircumscriptam
1178 2189 1418 2244 divinam
1441 2197 1691 2245 naturam
1722 2191 1993 2247 dicimus?

1641 2207 1691 2245 ιιι
1722 2191 1993 2247 dicimus?
2302 2213 2514 2267 γραφον
2542 2195 2640 2266 τὴν
2673 2195 2822 2249 Θείαν
2851 2195 3012 2265 φύσιν
3052 2196 3267 2266 (pupis;

694 2283 903 2339 ERAN.
927 2282 1109 2337 Certe.

2379 2288 2582 2341 EPAN.
2625 2286 2811 2356 Ναιχί.

693 2371 907 2428 ORTH.
942 2370 1145 2426 Natura
1201 2379 1384 2428 autem
1440 2365 1916 2442 incircumscripta
1964 2389 1996 2428 a
2047 2373 2201 2427 nullo

2376 2379 2527 2434 0P8.
2583 2380 2652 2432 Ἡ.
2675 2378 2732 2431 δε
2754 2379 3150 2451 ,ἀπερίγραφος
3183 2378 3345 2449 φύσις
3373 2376 3462 2431 ὑπ’
3495 2372 3710 2436 οὐδενὸς
3737 2387 3900 2442 περε-

621 2462 1114 2520 circumscribitur.

970 2463 1114 2516 litur.
2303 2469 2601 2542 γράφεται.

691 2553 898 2622 ERAN.
935 2553 1136 2624 Utique
1167 2561 1300 2609 nun.

2373 2560 2578 2614 EPAN.
2621 2561 2694 2613 Οὐ
2723 2559 2832 2630 γὰρ
2851 2553 2966 2613 οὖν.

693 2643 902 2703 ORTH.
936 2644 1057 2700 Non
1073 2659 1206 2715 ergo
1238 2643 1448 2716 indiget
1471 2641 1819 2711 transitione,
1843 2661 1970 2700 cum
1993 2645 2201 2716 ubique

2374 2653 2528 2706 ΟΡΘ.
2579 2653 2654 2705 Οὐ
2700 2651 2884 2706 τοίνυν
2943 2652 3116 2706 δεῖται
3173 2633 3560 2720 μεταϐάσεωςο
3610 2652 3899 2722 πανταχοῦ

623 2740 716 2798 sit.

2302 2743 2412 2812 γάρ
2447 2743 2616 2796 ἐστιν.
3396 2751 3400 2757 ’
3882 2771 3885 2776 -

694 2831 901 2888 ERAN.
929 2831 1135 2886 Verum
1157 2837 1262 2884 est.

1255 2868 1262 2881 .
2375 2831 2578 2884 EHN.
2634 2830 2886 2901 Ἀληθές.

695 2918 906 2979 ΟΡιΤΗ.
936 2918 1094 2986 Quod
1119 2932 1254 2973 vero
1278 2916 1600 2972 transitione
1627 2931 1738 2972 non
1762 2916 1989 2988 indiget,
2022 2932 2201 2989 neque

2373 2921 2526 2975 ore.
2572 2922 2645 2974 Τδ
2688 2921 2742 2975 δι
2782 2904 2896 2993 (ετ)
2941 2919 3296 2992 μεταϐάσεως
3336 2921 3400 2976 οὐ
3441 2921 3724 2992 δεόμενον.
3765 2926 3897 2979 οὐδὲ

595 3050 597 3052 -
623 3012 996 3072 ambulatione
1023 3009 1295 3084 (indiget).

936 3027 996 3067 ne
1023 3009 1295 3084 (indiget).
2305 3011 2567 3083 βαδίσεως

696 3105 904 3162 ERAN.
941 3104 1188 3161 Videtur.

2374 3104 2581 3157 EPAN.
2615 3105 2895 3160 Φαίνεται.

693 3195 904 3254 ORTH.
938 3195 1095 3263 Quod
1143 3204 1328 3251 autem
1364 3195 1472 3250 iter
1514 3209 1625 3250 non
1664 3192 1816 3256 facit,
1853 3206 1964 3248 non
2000 3192 2198 3248 defati-
2230 3193 2269 3216 ν

1761 3193 1816 3256 it,
1853 3206 1964 3248 non
2000 3192 2198 3248 defati-
2230 3193 2269 3216 ν
2376 3195 2530 3250 ΟΡΘ.
2562 3196 2636 3250 Τὸ
2664 3195 2721 3249 δὲ
2757 3195 2834 3268 μὴ
2861 3194 3078 3265 βαδίζον
3106 3195 3168 3250 οὐ
3204 3197 3392 3266 κοπιᾷ.

693 3301 802 3348 δατ.

622 3309 802 3366 gatur.

692 3384 901 3440 ERAN.
929 3382 1306 3451 Nequaquam.

1266 3395 1306 3434 ι,
2372 3371 2575 3424 EPAN.
2612 3370 2897 3442 Οὐδαμῶς.

693 3471 904 3530 ORTH.
931 3473 1052 3528 Non
1083 3472 1249 3542 igitur
1288 3461 1580 3541 defatigata
1624 3477 1709 3523 est
1753 3468 1939 3522 divina
1979 3475 2195 3533 natura,

2363 3462 2526 3521 ,OPG.
2564 3463 2679 3516 Οὐκ
2711 3463 2819 3533 ἄρα
2851 3461 3184 3532 κεκοπίακεν
3223 3463 3258 3532 ἡ
3283 3460 3403 3515 θεία
3431 3459 3594 3530 φύσις
3617 3503 3635 3537 ,
3686 3463 3901 3536 ἀπερί-

621 3579 751 3623 cum
781 3565 855 3620 sit
879 3561 1377 3630 incircumscripta,
1403 3569 1460 3616 et
1478 3559 1850 3615 ambulatione
1883 3574 1993 3613 non
2021 3570 2196 3630 egeat.

1898 3574 1993 3613 non
2021 3570 2196 3630 egeat.
2301 3557 2514 3625 γραφος
2549 3549 2684 3607 οὖσα
2704 3593 2718 3616 ,
2745 3554 2840 3606 καὶ
2878 3552 2952 3624 μὴ
2981 3552 3212 3623 δεομένη
3249 3551 3529 3621 βαδίσεως.

692 3655 901 3712 ERAN.
940 3653 1048 3710 Sed
1081 3653 1263 3707 divina
1290 3651 1576 3723 Scriptura
1608 3650 1796 3707 Iesum
1839 3648 2198 3720 defatigatum

2373 3643 2576 3697 ΕΡΔΝ.
2653 3642 2795 3696 Ἀλλ’
2849 3645 2883 3715 ἡ
2942 3641 3061 3696 Θεία
3098 3642 3292 3714 Γραφὴ
3344 3640 3736 3697 κεκοπιακέναι
3797 3647 3903 3700 τὸν

621 3745 793 3801 fuisse
824 3749 1030 3799 narrat.
1061 3741 1220 3798 Jesus
1253 3749 1437 3796 autem
1473 3741 1621 3802 Deus
1642 3749 1772 3798 est:
1809 3759 1830 3792 ε
1863 3740 2018 3797 Unus
2048 3740 2198 3820 enim

2313 3735 2520 3807 Ἰησοῦν
2553 3732 2938 3807 ίστορεί,’Θεὸς
3060 3736 3089 3787 ὁ
3120 3733 3331 3804 Ἰησοῦς
3357 3750 3403 3787 ἐ
3430 3728 3509 3798 εἰς
3540 3751 3647 3804 γαρ
3679 3726 3901 3808 Κύριος

623 3836 888 3893 Dominus
911 3834 1070 3890 Iesus
1095 3831 1369 3898 Christus,
1404 3846 1504 3902 per
1522 3846 1688 3902 quem
1717 3832 1904 3888 omnia
1932 3834 1996 3888 ⁸¹.
2029 3818 2063 3886 »-

1761 3832 1904 3888 mnia
1932 3834 1996 3888 ⁸¹.
2029 3818 2063 3886 ί
2311 3826 2516 3898 Ἰησοῦς
2542 3827 2775 3900 Χριστὸς
2794 3867 2810 3893 ,
2839 3826 2908 3879 δι’
2938 3818 3001 3880 οὗ
3033 3825 3101 3880 τὰ
3134 3825 3330 3880 πάντα.
3371 3844 3392 3879 ι

699 3927 856 3997 193
890 3924 1098 3981 ORTH.
1122 3924 1392 3991 Quoniam
1423 3923 1592 3993 igitur
1614 3937 1772 3978 sacra
1789 3923 2073 3994 Scriptura
2097 3925 2196 3981 de.
2279 3936 2286 3969 ',

2279 3936 2286 3969 ',
2370 3919 2521 3973 ΟΡΘ.
2575 3918 2797 3989 Ἐπειδὴ
2826 3917 3007 3972 τοίνυν
3039 3917 3435 3972 κεκοπιακιναι
3474 3916 3638 3970 αὑτὸν
3678 3917 3774 3971 καὶ
3813 3918 3904 3992 μὴ

610 4018 909 4088 fatigatum
956 4015 1134 4086 ipsum
1179 4014 1332 4078 dicit,
1367 4020 1423 4067 et
1454 4027 1568 4068 non
1605 4011 1912 4085 defatigari,
1938 4016 2195 4071 conside-

2298 4011 2499 4083 κοπιᾷν
2541 4012 2574 4079 ἠ
2622 4009 2742 4064 θεία
2791 4009 2940 4078 λέγει
2979 4009 3208 4080 Γραφὴ,
3261 4009 3567 4080 σκοπητέον
3609 4009 3728 4073 πῶς
3788 4012 3905 4081 μιν

611 4109 854 4166 randum
899 4115 984 4162 est
1027 4105 1304 4176 quomodo
1348 4105 1455 4159 hoc
1497 4113 1555 4159 et
1605 4103 1881 4174 quomodo
1934 4105 2068 4161 illud
2101 4106 2195 4162 uni

2296 4099 2478 4165 τοῦτο,
2511 4100 2631 4166 πῶς
2660 4099 2718 4154 δὲ
2747 4101 2925 4154 ὲκείνο
2943 4097 3122 4169 τῷἑνὶ
3153 4100 3434 4172 προσώπῳ
3462 4100 3686 4156 δυνατὸν
3713 4117 3902 4171 προσ-

619 4215 868 4274 persona
885 4196 1284 4254 accommodari
1307 4195 1496 4266 possit.
2165 4241 2169 4248 _

945 4196 1284 4252 commodari
1307 4195 1496 4266 possit.
2165 4241 2169 4248 .
2296 4194 2576 4266 αρμῶσαι.

692 4289 899 4346 ΕΒΑΝ.
939 4289 1021 4342 Tu
1061 4289 1170 4342 hoc
1195 4286 1423 4342 ostende
1451 4304 1464 4340 :
1491 4295 1551 4342 tu
1577 4286 1725 4341 enim
1749 4287 1896 4352 ises,
1931 4287 2028 4357 qui
2047 4287 2192 4342 divi-

2372 4285 2575 4340 EPAN.
2617 4285 2692 4339 Σὺ
2747 4283 2906 4339 τοῦτο
2955 4283 3165 4349 δεῖξον·
3208 4285 3272 4339 σὺ
3315 4285 3428 4357 γὰρ
3462 4284 3590 4348 τοὺς
3613 4283 3710 4353 τῆς
3741 4281 3899 4339 διαι-

619 4380 792 4438 sionis
815 4393 1096 4434 sermones
1132 4377 1290 4433 nobis
1323 4377 1544 4448 ingeris.

2298 4376 2504 4448 ρέσεως
2533 4379 2664 4448 ἡμῖν
2691 4376 3029 4446 είσκομίζεις
3052 4375 3268 4446 λόγους.

687 4465 894 4523 ORTH.
930 4467 1196 4521 Existimo
1221 4467 1306 4522 vel
1340 4466 1582 4522 Bal-baro
1601 4465 1759 4522 facile
1782 4480 1920 4523 esse-
1938 4467 2044 4523 hoc
2073 4467 2190 4524 dis-
2222 4488 2268 4545 ι)

2368 4467 2520 4523 ΟΡΘ.
2560 4463 2727 4538 οἶμαι
2779 4465 3080 4528 τοῦτοκαὶ
3118 4465 3390 4537 Βαρϐάρῳ
3429 4465 3610 4537 ῥᾴδιον
3654 4460 3900 4532 διαγνῶ-

619 4572 868 4619 cernere,
896 4555 1042 4626 quod
1061 4595 1076 4620 ,
1097 4555 1448 4610 dissimilium
1479 4566 1798 4614 naturarum
1826 4559 2027 4615 unione
2057 4575 2194 4614 con-

2300 4577 2430 4624 ναι,
2465 4560 2540 4623 ὡς
2569 4559 2670 4629 τῆς
2711 4559 2823 4613 τῶν
2879 4553 3152 4630 ἀνομοίων
3195 4560 3416 4629 φύσεων
3457 4553 3903 4632 suamsuam

611 4663 794 4712 cessa.
836 4646 1041 4703 Christi
1081 4645 1305 4716 quidem
1334 4661 1573 4717 persona
1596 4658 1822 4724 propter
1847 4650 2107 4706 unionem
2137 4660 2195 4708 et

2299 4649 2576 4715 ἑνώσεως,
2617 4651 2831 4722 δέχεται
2886 4652 2985 4722 μὲν
3029 4651 3091 4706 τὸ
3134 4651 3430 4725 πρόσωπον
3475 4648 3570 4703 τοῦ
3620 4647 3898 4720 Χριστοῦ,

618 4741 740 4798 haec
778 4747 836 4795 et
878 4739 970 4794 illa
1003 4739 1256 4810 recipiat,
1291 4739 1518 4809 utrique
1550 4748 1734 4798 autem
1763 4751 1972 4801 natura
1993 4760 2194 4803 conve-

2299 4743 2395 4795 καὶ
2432 4743 2607 4796 ταῦτα
2654 4744 2886 4796 κάκεῖνα
2925 4743 3015 4796 διὰ
3039 4743 3162 4814 τὴν
3188 4743 3417 4808 ἕνωσιν,
3452 4741 3690 4812 ἑκατέρᾳ
3721 4739 3780 4793 δέ
3823 4759 3901 4812 γε

616 4832 828 4888 nientia
858 4832 1170 4886 tribuantur
1197 4851 1210 4885 :
1240 4831 1730 4904 incircumscriptae
1757 4834 2016 4892 videlicet
2033 4838 2192 4894 inde-

2327 4831 2464 4885 ›ύσει
2490 4833 2557 4886 τὰ
2589 4833 2876 4904 πρόσφορα
2921 4833 3422 4904 προσαρμόττεται,
3452 4834 3517 4903 τῇ
3556 4831 3652 4901 μὲν
3683 4832 3904 4902 ἁπερε-
3953 4900 3958 4903 ἦ

614 4923 956 4996 fatigabilem
991 4938 1134 4989 esse,
1176 4924 1481 4979 transeunti
1525 4939 1657 4980 vero
1679 4934 1743 4987 et
1761 4913 2064 4986 ambulanti
2093 4931 2192 4987 de-

2299 4925 2497 4996 γράφῳ
2543 4925 2605 4979 τὸ
2640 4924 2848 4980 ἄκοπον
2885 4925 2998 4998 (28)
3027 4969 3041 4992 ,
3102 4929 3170 4997 τῇ
3226 4924 3292 4979 δὲ
3332 4923 3736 4998 μεταΰαινούσῃ
3789 4926 3904 4980 καὶ

617 5013 886 5087 fatigatio.
939 5014 1076 5070 Nam
1124 5016 1328 5086 pedum
1363 5021 1379 5036 ‘
1422 5016 1710 5087 proprium
1748 5025 1835 5079 est
1868 5019 2104 5088 ingredi,
2137 5028 2196 5076 et

2294 5014 2586 5088 βαδιζούσῃ
2614 5019 2642 5070 δ
2667 5017 2857 5081 κόπος.
2892 5017 3078 5071 Ποδῶν
3110 5019 3221 5090 γὰρ
3245 5017 3379 5071 ἴδιον
3399 5017 3460 5071 sb
3495 5015 3753 5088 βαδίζειν,
3786 5020 3905 5074 καὶ

617 5121 915 5163 nervorum
936 5105 1110 5166 nimio
1135 5105 1325 5172 labore
1347 5104 1610 5162 distendi.

2291 5108 2506 5181 νεύρων
2536 5109 2600 5162 τὸ
2618 5107 2696 5180 τῷ
2731 5108 3328 5164 πλείονι-διατείνεσθαι
3352 5107 3521 5178 πόνῳ.

689 5195 898 5253 ERAN.
941 5195 1048 5252 Has
1101 5211 1222 5252 esse
1269 5195 1582 5268 corporales
1619 5199 1941 5257 alectiones
1972 5201 2029 5256 in
2055 5218 2191 5259 eon-

2364 5198 2571 5256 EPAN.
2615 5200 2974 5273 Ὠμολόγηται
2995 5200 3173 5256 ταῦτα
3202 5199 3492 5274 σωματικὰ
3516 5194 3656 5254 εῐναι
3696 5195 3900 5266 παθή-

614 5287 766 5345 fesso
779 5295 885 5344 est.
1487 5284 1494 5291 ’
2295 5310 2463 5366 ματα.

658 5433 738 5480 ’το
765 5447 865 5500 lsa.
897 5459 984 5510 ιι,
1018 5443 1108 5512 28,
1142 5445 1231 5502 29.
1307 5447 1352 5481 “
1377 5447 1514 5504 Ibid.
1541 5449 1630 5506 31.
1705 5449 1749 5482 ⁸⁸
1778 5449 1800 5505 ι
1828 5449 1955 5506 Cor.
2002 5464 2114 5516 nn,
2150 5449 2206 5506 ϐ.

707 5600 802 5674 37)
831 5601 910 5674 δέ.
935 5600 1015 5674 ῐιξι
1051 5601 1373 5674 editLRom.
1408 5611 1464 5657 et
1501 5600 1648 5674 Lips.
1686 5601 1970 5674 insertum.
2001 5670 2013 5674 _
2098 5670 2132 5674 __
2295 5601 2452 5656 tiant.
2472 5598 2605 5667 Quae
2626 5601 2869 5671 proxime
2895 5612 3222 5674 sequuntur.
3250 5603 3383 5662 satis
3410 5598 3901 5664 commendabunt

707 5605 802 5670 27)
831 5605 910 5654 δε.
935 5605 1015 5666 Ex
1051 5605 1182 5656 edit.
1217 5605 1373 5658 Rom.
1408 5611 1464 5657 et
1501 5605 1648 5672 Lips.
1686 5605 1970 5656 insertum.
2295 5605 2605 5667 tiant.Quae
2626 5605 2869 5671 proxime
2895 5617 2987 5674 seq

686 5605 797 5744 ἷξε)
831 5670 1043 5744 &x_._lta
1077 5671 1318 5744 scribere
1346 5687 1456 5744 non
1487 5671 1881 5744 dubitavimus,
1913 5670 2016 5726 etsi
2049 5670 2184 5727 edit.
2295 5673 2987 5737 nostram_correctionem.

604 5739 861 5800 .Ro'tn.'ct
890 5739 1038 5813 Lips.
1078 5757 1203 5800 cum
1240 5741 1494 5802 lectione.
1518 5740 1684 5798 Sirm.
1723 5744 1924 5807 ἄτοπον
1954 5755 2190 5798 consen-
