4116 6320
236 343 348 410 937

315 455 484 510 Πὶθοι
511 456 891 510 κατακείαται
927 457 997 510 ἐν
1023 457 1158 521 Διὸς
1188 455 1376 517 οὔδει,

466 524 765 601 ἕμπβειοιξ
776 528 809 578 ό
818 524 955 601 μᾷνς,
974 526 1235 601 ξσθτὶῶνς
1256 524 1494 601 antlia”
1512 527 1545 578 δ
1582 523 1822 579 δειλῶν.

233 539 1467 665 ἒέιδῗῗέέῗὲἕῗέξὲἔςῖῖξῦξίῗέἴξάτῗέἔίέἓ
1490 637 1504 661 ,

314 659 571 718 Ἀλλοτε
591 659 709 734 p5-
746 680 812 717 τε
840 662 1004 728 κακῷ
1022 659 1136 717 ὄόέ
1157 659 1397 733 κύρεται
1422 659 1495 727 ³³,
1512 662 1734 734 liuore
1746 663 1822 734 ῥ’
1862 659 1887 682 ⁸

1558 728 1795 804 [ἐσθλῷ.

382 776 403 797 ι)

230 871 395 926 υῦτω
419 872 477 925 δὲ
511 871 610 924 καὶ
644 869 715 923 τὰ
738 868 876 923 ἄλλα
906 869 973 923 τὰ
1002 868 1224 923 τοιαῦτα
1250 869 1293 901 ¹⁹
1324 871 1418 923 καὶ
1458 870 1699 940 Ὀμήρου
1730 869 1824 923 καὶ

243 964 492 1017 Ἠσιόδου
514 965 584 1026 ³⁸,
624 961 721 1015 καὶ
757 960 943 1032 μέντοι
972 964 1065 1014 καὶ
1095 960 1381 1032 Αἰσχύλου.
1399 981 1417 1013 ι
1444 958 1577 1014 Εἶτα
1604 962 1819 1028 ἐπάγει·

236 1075 257 1108 ι
293 1054 499 1108 Κακῶν
526 1053 585 1106 δὲ
617 1053 787 1108 αἴτιον
811 1054 977 1123 φάναι
996 1052 1088 1106 τὸν
1112 1051 1265 1119 Θεὸν,
1282 1036 1499 1121 ’ἀγαθὸν
1532 1051 1681 1119 ὄντα,
1709 1052 1823 1105 δια-

234 1144 510 1217 μαχητέον
550 1142 714 1197 παντὶ
743 1142 967 1213 τρόπῳ·
1002 1145 1140 1212 μήτε
1174 1141 1299 1194 τινὰ
1328 1142 1508 1205 λέγειν
1546 1139 1719 1193 ταῦτα
1764 1143 1822 1193 ὲν

228 1239 301 1306 τῇ
336 1234 537 1290 ἑαυτοῦ
575 1234 731 1288 πόλει
756 1275 771 1300 ,
814 1236 863 1287 εί
908 1234 1095 1304 μέλλει
1142 1232 1540 1303 εὐνομήσεσθαι
1570 1235 1637 1297 ²¹,
1684 1234 1820 1303 μήτε

227 1327 357 1381 τινὰ
414 1326 657 1391 ἀκούειν,
712 1326 850 1397 μήτε
898 1324 1168 1395 νεώτερον
1220 1327 1356 1395 μήτε
1424 1324 1819 1395 πρεσϐύτερον,

232 1416 378 1487 μήτε
406 1415 464 1466 ἐν
506 1413 691 1485 μέτρῳ
721 1414 857 1484 μήτε
882 1412 1011 1466 ἄνευ
1043 1412 1243 1482 μέτρου
1279 1412 1714 1492 μυθολογοῦντα·
1746 1411 1821 1474 ὡς

225 1507 358 1561 οὔτε
382 1508 507 1562 ὅσια
530 1506 596 1561 ἂν
619 1507 908 1578 λεγόμενα,
935 1508 982 1559 εί
1011 1505 1242 1574 λέγοιτοο
1268 1503 1392 1559 οῦτε
1417 1504 1531 1577 [76]
1567 1505 1821 1575 ξύμφορα

228 1596 388 1665 ἡμῖν,
440 1593 564 1647 οὔτε
619 1594 884 1665 ξύμφωνα
933 1595 1138 1658 αὐτοῖς.
1191 1593 1496 1665 Ξύμψηφός
1532 1595 1626 1647 σού
1667 1595 1819 1664 είμι,

234 1686 370 1757 εφη,
404 1687 599 1740 τούτου
637 1687 730 1740 τοῦ
772 1687 941 1757 νόμου
964 1718 985 1750 ,
1017 1686 1112 1741 καί
1145 1704 1235 1758 μοι
1261 1688 1308 1720 ³³
1349 1688 1597 1757 ἀρέσκει.
1650 1679 1821 1750 Οὗτος

774 346 1215 407 ΟΒᾸζΓιΛΒΗΜ
1254 344 1555 406 AFFECT.
1597 347 1822 406 CURA’J

1925 360 2039 405 ι.-
2065 348 2130 407 V.
2174 348 2272 407 DE
2315 350 2625 410 NATURA
2657 351 3006 412 IIOMINIS.

1855 463 1899 518 Α
1928 457 2086 526 Dolia
2116 459 2239 513 bina
2268 461 2448 514 sedent
2477 462 2715 517 stellanti
2740 463 2834 516 sub
2867 464 3012 517 locis
3046 463 3196 526 aula,

3408 353 3514 415 038

1932 525 2171 598 Eamque
2198 530 2463 585 discretim
2490 531 2624 586 bona
2654 535 2711 585 in
2738 535 2833 586 hoc
2859 542 3005 596 sum,
3034 534 3207 587 tristia
3236 533 3293 585 in
3326 530 3443 585 illo:

1933 594 2132 673 Quique
2174 600 2301 653 deus
2337 602 2525 655 dextra
2555 604 2894 656 commiscens
2920 594 3151 673 utraque
3178 602 3382 672 porgit,

1929 665 2083 743 Nunc
2103 669 2239 723 bona
2266 673 2504 736 sartitus,
2536 673 2752 743 gaudet,
2785 689 2924 727 nunc
2955 665 3148 739 tristia,
3178 665 3385 727 πται-ει.

1932 866 2073 922 Sunt
2096 876 2152 921 ct
2176 868 2282 922 alia
2316 868 2481 939 hujus
2501 871 2721 940 generis
2742 911 2756 935 ,
2787 856 3011 927 Homeri
3030 912 3044 937 ,
3075 879 3133 924 et
3152 868 3398 933 Hesiodi,
3425 877 3512 923 at-

1930 974 2039 1028 que
2058 957 2505 1031 Eschyli.»Tum
2542 961 2742 1017 infert:
2780 983 2797 1015 ι
2843 962 3017 1019 Modis
3046 970 3232 1017 autem
3254 960 3518 1015 omnibus

1930 1049 2289 1119 pugnandum
2321 1060 2426 1118 est,
2476 1069 2547 1106 ne
2580 1052 2749 1117 Deus,
2785 1055 2878 1123 qui
2921 1054 3102 1109 bonus
3140 1062 3246 1116 est,
3292 1050 3516 1106 dicatur

1928 1154 2049 1201 esse
2083 1141 2352 1197 malorum
2400 1157 2585 1206 causa,
2636 1158 2776 1197 neve
2809 1142 2918 1197 hoc
2942 1143 3233 1211 quisquam
3271 1140 3516 1210 proferat

1930 1234 1984 1286 in
2016 1249 2116 1288 sua
2154 1233 2409 1298 civitate,
2441 1235 2487 1289 si
2524 1234 2690 1306 justis
2732 1234 2949 1305 legibus
2986 1235 3205 1289 victura
3238 1243 3344 1297 est,
3375 1249 3516 1289 neve

1929 1324 2119 1378 audiat
2173 1326 2488 1395 quisquam,
2528 1342 2625 1381 seu
2653 1326 2862 1395 junior,
2913 1341 3009 1380 seu
3043 1326 3251 1389 senior,
3286 1326 3372 1380 vel
3405 1340 3521 1380 me-

1933 1425 2039 1481 tro,
2067 1417 2153 1471 vel
2200 1418 2379 1472 soluta
2427 1418 2679 1473 oratione
2736 1418 2864 1473 talia
2898 1418 3271 1483 fabulantem;
3307 1424 3368 1470 ut
3395 1431 3520 1487 quae

1927 1505 2093 1575 830
2116 1521 2221 1561 nec
2247 1515 2435 1562 sancta
2458 1508 2590 1574 sint,
2626 1508 2672 1562 si
2705 1508 2981 1573 dicantur,
3013 1524 3116 1563 nec
3138 1507 3296 1563 utilia
3331 1507 3514 1571 nObis,

1930 1610 2033 1649 nec
2062 1594 2168 1649 sibi
2202 1610 2467 1651 consona.
2498 1597 2808 1663 Assentior,
2842 1598 3022 1668 inquit
3051 1597 3166 1662 ille,
3198 1597 3299 1653 tibi
3334 1597 3435 1652 hac
3461 1596 3519 1651 in

1927 1684 2068 1757 lege,
2110 1687 2249 1741 mihi
2298 1688 2448 1742 enim
2484 1690 2715 1744 arridet.
2769 1689 2895 1745 Haec
2936 1689 3105 1760 igitur
3145 1688 3215 1744 de
3268 1689 3401 1756 Deo,
3426 1688 3517 1742 in-

228 1778 440 1847 μέντοι,
469 1773 539 1848 ἦν
571 1776 615 1830 δ’
649 1776 784 1846 ἐγὼ,
818 1771 900 1840 εἷς
935 1778 1003 1833 ἂν
1039 1777 1128 1847 εἴη
1156 1778 1265 1832 τῶν
1300 1780 1432 1848 περὶ
1468 1778 1605 1833 Θεοῦ
1640 1778 1821 1849 νόμων

1928 1792 2095 1847 quam
2130 1793 2253 1849 ego,
2284 1794 2391 1833 una
2434 1778 2579 1834 inter
2619 1788 2847 1836 caeteras
2879 1781 2967 1836 lex
3007 1788 3128 1835 esto
3154 1787 3212 1836 et
3256 1778 3516 1844 formula,

223 1886 290 1922 τε
321 1870 419 1923 καὶ
448 1869 656 1937 τύπων,
690 1873 748 1924 ὲν
776 1864 858 1935 οἷς
885 1870 1071 1941 δεήσει
1095 1870 1223 1935 τούς
1245 1888 1304 1926 τε
1328 1872 1590 1947 λέγοντας
1621 1870 1821 1941 λέγειν,

224 1960 329 2015 καὶ
378 1961 509 2023 τοὺς
541 1959 830 2023 ποιοῦντας
881 1964 1081 2023 ποιεῖν.
1131 1962 1207 2032 μὴ
1252 1962 1473 2017 πάντων
1512 1963 1685 2016 αἴτιον
1732 1962 1824 2016 τὸν

222 2049 387 2118 Θεὸν,
426 2050 565 2104 ἀλλὰ
602 2049 713 2103 τῶν
742 2050 988 2119 ἀγαθῶν.
1026 2070 1045 2103 ι
1083 2050 1271 2105 Ταῦτα
1298 2054 1397 2106 καὶ
1436 2052 1566 2123 περὶ
1598 2050 1693 2105 τοῦ
1723 2068 1820 2105 πε-

225 2140 524 2213 ποιηκότος
549 2141 697 2212 ἡμᾶς
722 2138 861 2193 Θεοῦ
886 2140 982 2193 καὶ
1011 2143 1142 2212 περὶ
1164 2144 1198 2211 ἡ
1207 2141 1325 2212 μῶν
1346 2142 1405 2197 δέ
1431 2159 1495 2212 γε
1524 2144 1709 2197 αὐτῶν
1730 2143 1824 2197 καὶ

222 2234 448 2306 φρονεῖν
494 2232 592 2287 καὶ
617 2231 863 2297 δοξάζειν
898 2233 927 2285 ό
970 2231 1200 2286 Πλάτων
1250 2231 1499 2299 ἐδίδαξε,
1553 2234 1648 2287 καὶ
1696 2235 1822 2299 τοὺς

221 2321 417 2378 κακῶν
447 2322 493 2354 ⁸³
522 2324 693 2377 αἴτιον
726 2318 867 2378 εἶναι
917 2323 1008 2377 τὸν
1042 2324 1177 2379 Θεὸν
1225 2323 1486 2393 λέγοντας
1514 2325 1822 2391 ἐξελαύνειν

223 2414 537 2470 Ξιιέλευιηνὁ
590 2416 685 2469 καὶ
731 2415 840 2485 γὰρ
890 2415 1105 2469 ἀνόσιον
1158 2410 1298 2471 εἶναι
1344 2418 1495 2472 τόνδε
1520 2418 1612 2473 τὸν
1664 2419 1822 2489 λόγον

222 2505 384 2575 φησι,
417 2503 512 2558 καὶ
537 2504 582 2536 ’⁸
604 2504 919 2575 ἀξύμφορον
945 2506 1099 2576 ἡμῖν,
1141 2507 1233 2561 καὶ
1260 2504 1588 2578 άξύμφωνον
1619 2510 1818 2579 ἐαυτῷ.

222 2594 295 2651 Εἰ
320 2596 430 2667 γὰρ
458 2595 661 2663 ἀγαθὸς
688 2597 717 2648 6
741 2594 895 2664 Θεὸς,
932 2595 1122 2669 ὥσπερ
1155 2593 1248 2652 οὖν
1276 2596 1414 2672 [καὶ]
1450 2600 1655 2669 ἀγαθὸς
1684 2601 1822 2672 (κοι-

223 2694 320 2758 νὸς
346 2696 456 2767 γάρ
484 2688 637 2759 οὗτος
677 2697 706 2749 ό
744 2697 963 2764 λόγος),
999 2698 1103 2751 οὐκ
1148 2698 1255 2769 ἄρα
1290 2699 1478 2752 κακῶν
1515 2701 1686 2763 αἴτιος
1726 2701 1821 2767 γέ-

222 2788 357 2842 νοιτ’
384 2788 449 2841 ἂν
476 2785 762 2859 [ό-ἀγαοός
783 2788 879 2860 “.j
920 2790 982 2841 Ei
1013 2787 1070 2841 δὲ
1097 2790 1337 2853 ἀναίτιος
1370 2792 1398 2843 ό
1425 2790 1558 2856 Θεὸς
1597 2794 1706 2847 τῶν
1737 2809 1821 2861 γι-

222 2878 469 2949 νομένων
503 2880 689 2932 κακῶν
723 2878 980 2945 (κιακὰὸὲ
1029 2880 1235 2950 κυρίως
1263 2881 1626 2951 ὀνομάζομεν,
1656 2885 1719 2936 ού
1752 2884 1822 2937 τὰ

219 2964 383 3038 ⁸παρὰ
409 2965 621 3019 πολλῶν
652 2965 986 3036 νομιζόμενα
1017 2967 1085 3034 ’⁸,
1138 2967 1351 3036 πενίαν,
1387 2970 1482 3023 καὶ
1509 2971 1687 3036 νόσον,
1723 2973 1820 3026 xui.

219 3055 415 3122 τᾶλλα,
440 3057 541 3111 ὅσα
571 3058 782 3124 τούτοις
812 3059 932 3114 ἐστὶ
955 3061 1314 3132 παραπλήσια
1341 3106 1356 3131 ,
1385 3062 1421 3117 6.
1451 3063 1495 3095 "
1534 3063 1821 3135 ξυμφορὰς

1928 1868 1984 1922 in
2009 1869 2081 1925 iis
2112 1884 2235 1940 quae
2265 1869 2375 1925 dici
2399 1886 2631 1942 quaeque
2664 1871 2783 1926 fieri
2811 1872 3111 1941 oportebit,
3133 1886 3247 1926 non
3268 1870 3517 1926 omnium

1928 1975 2115 2014 rerum
2139 1976 2361 2017 causam
2380 1963 2552 2018 Deum
2568 1980 2713 2031 esse,
2746 1964 2842 2022 sed
2875 1966 3147 2021 bonarum
3170 1964 3455 2031 duntaxat.
3491 1982 3511 2016 ι

1926 2051 2054 2108 Haec
2087 2052 2155 2109 de
2176 2054 2290 2109 Deo
2318 2056 2414 2125 qui
2448 2055 2582 2111 fecit
2606 2072 2729 2121 nos,
2754 2058 2935 2127 deque
2956 2057 3118 2113 nobis
3141 2047 3278 2127 ipsis
3312 2063 3369 2111 et
3392 2070 3520 2111 sen-

1927 2145 2031 2201 tire
2050 2154 2106 2201 et
2133 2145 2351 2216 opinari
2372 2146 2528 2201 Plato
2544 2162 2646 2203 nos
2670 2147 2881 2212 docuit,
2907 2162 3114 2217 eosque
3145 2148 3240 2218 qui
3263 2146 3520 2202 dicerent

1926 2236 2100 2292 Deum
2135 2252 2257 2293 esse
2303 2238 2579 2293 malorum
2610 2253 2856 2304 causam,
2890 2239 3115 2294 civitate
3145 2234 3365 2294 extrudi
3400 2238 3518 2310 jus-

1926 2327 2018 2381 sit.
2054 2327 2271 2383 Nefaria
2312 2328 2463 2384 enim
2491 2344 2614 2385 esse
2652 2330 2825 2385 verba
2848 2329 3167 2401 ejusmodi,
3217 2344 3323 2383 nec
3355 2327 3517 2384 utilia

1926 2417 2107 2483 nobis,
2133 2435 2238 2474 nec
2259 2419 2366 2475 sibi
2397 2422 2414 2440 ⁶
2438 2420 2574 2490 ipsis
2598 2435 2862 2477 consona.
2893 2420 3114 2477 Etenim
3149 2420 3195 2475 si
3222 2420 3405 2475 bonus
3431 2429 3519 2474 est

1926 2508 2175 2573 Deus,ut
2218 2526 2411 2566 revera
2469 2512 2651 2568 bonus
2674 2520 2759 2568 est
2800 2511 3137 2584 (communis
3175 2511 3380 2582 quippe
3411 2525 3518 2566 vox

1926 2598 2044 2654 haec
2074 2599 2325 2654 omnium
2362 2598 2490 2672 cst),
2533 2617 2647 2656 non
2676 2601 2787 2658 erit
2827 2602 3020 2672 utique
3051 2601 3326 2657 malorum
3348 2615 3516 2657 causa

1925 2689 2021 2759 qui
2044 2688 2225 2745 bonus
2253 2698 2359 2746 est.
2376 2690 2534 2757 Quod
2553 2690 2599 2747 si
2626 2692 2773 2748 Deus
2797 2707 2964 2748 causa
2995 2708 3108 2748 non
3131 2703 3217 2749 est
3241 2693 3516 2748 malorum

1923 2797 2048 2850 qua:
2072 2781 2210 2836 ﬁunt
2241 2782 2404 2854 (mala
2431 2790 2619 2839 autem
2660 2784 2881 2855 proprie
2909 2786 3272 2856 appellamus,
3311 2800 3424 2841 non
3449 2800 3517 2841 ea

1923 2890 2047 2943 qua:
2064 2873 2229 2944 vulgo
2244 2874 2651 2940 existimantur,
2679 2864 3082 2947 paupertatem,
3104 2877 3512 2948 aegritudinem,

1924 2972 1981 3019 et
2014 2964 2121 3019 alia
2151 2964 2238 3020 his
2261 2966 2484 3031 similia,
2519 2982 2642 3036 qua:
2679 2967 3021 3022 calamitates
3059 2968 3338 3038 appellare
3368 2983 3513 3022 non-

1924 3053 2094 3108 nullis
2138 3068 2258 3108 mos
2304 3064 2409 3118 est,
2452 3054 2558 3109 sed
2592 3055 2877 3120 malitiam,
2914 3054 3227 3122 libidinem,
3262 3066 3520 3112 caeteras-

219 3148 517 3222 ὐνομάζειν
551 3149 708 3220 φίλον
739 3153 905 3217 τισὶν,
936 3151 1074 3206 ἀλλὰ
1106 3152 1329 3216 κακίαν,
1371 3156 1464 3207 καὶ
1495 3154 1817 3219 ἀκολασίαν,

1925 3160 2033 3214 que
2069 3144 2433 3216 iniquitates)
2473 3162 2615 3202 :nos
2642 3155 2829 3202 autem
2848 3146 2953 3218 ipsi
2979 3147 3096 3202 hate
3129 3146 3313 3202 facere
3347 3146 3517 3203 aude-

220 3242 324 3298 aut
350 3243 450 3306 τὰς
475 3242 642 3307 ἄλλας
677 3242 1067 3314 παρανομίας),
1104 3244 1194 3313 ὑφ’
1221 3245 1380 3315 ἡμῶν
1408 3243 1465 3298 δὲ
1498 3244 1673 3297 ταῦτα
1696 3245 1822 3297 τολ-

224 3334 421 3405 pam-
456 3335 621 3406 ἡμεῖς
653 3334 761 3406 ἄρα
786 3336 998 3389 τούτων
1023 3335 1186 3389 αἴτιοι
1208 3373 1221 3397 ,
1253 3335 1350 3388 καὶ
1377 3336 1477 3406 οὑχ
1507 3337 1536 3388 6
1560 3335 1821 3390 τάναντία

221 3428 596 3499 νομοθετήσας
628 3427 782 3493 Θεόςο
819 3426 996 3482 ταῦτα
1022 3428 1133 3499 γὰρ
1163 3429 1310 3500 ἡμᾶς
1336 3432 1555 3500 φρονεῖν
1584 3428 1678 3483 καὶ
1703 3429 1820 3483 Σω-

220 3518 435 3591 κράτης
459 3519 554 3573 καὶ
578 3519 805 3573 Πλάτων
836 3519 1086 3586 ἐδίδαξαν
1117 3520 1184 3553 ¹⁸σ
1217 3514 1362 3574 οῦτοι
1397 3522 1493 3574 καὶ
1520 3519 1580 3573 τὸ
1603 3520 1822 3588 λογικὸν

219 3611 322 3681 τῆς
354 3609 539 3681 ψυχῆς
562 3609 796 3673 θεοειδὲς
824 3611 1302 3683 προσηγόρευσαν.
1336 3612 1447 3665 Καὶ
1470 3611 1618 3664 ἔστιν
1656 3612 1820 3666 ἀκοῦς

224 3718 319 3755 σαι
352 3702 679 3773 Σωκράτους
708 3701 786 3772 τῷ
844 3702 1162 3776 Ἀλκιόιάδῃ
1208 3702 1490 3771 λέγοντος’
1524 3705 1619 3757 καὶ
1646 3704 1823 3758 ταῦτά

220 3810 289 3862 γε
318 3794 364 3825 ²⁹
413 3794 698 3853 όΠλάτων,
742 3792 1101 3865 ξυνέγραψεψ
1150 3812 1167 3843 ι
1227 3795 1467 3865 Ἐχομεν
1504 3790 1598 3849 οῦν
1645 3797 1820 3849 εἰπεῖν

222 3885 254 3937 ὅ
278 3901 332 3937 τι
361 3884 463 3954 τῆς
493 3883 673 3953 ψυχῆς
692 3885 811 3936 ἐστι
840 3882 1115 3937 θειότατον
1146 3883 1179 3954 ἢ
1210 3883 1370 3937 τοῦτο
1395 3884 1438 3915 ³⁰
1474 3886 1602 3955 περὶ
1635 3885 1662 3938 ὃ
1684 3886 1821 3939 εἰδέα

220 3992 313 4029 ναι
344 3991 407 4027 τε
435 3976 528 4029 καὶ
559 3977 780 4045 φρονεῖν
816 3974 1000 4040 ἐστιν;
1036 3975 1149 4028 Οὐκ
1181 3974 1399 4046 ἔχομεν.
1453 3976 1543 4045 Τῷ
1577 3975 1697 4047 Θεῷ
1728 3972 1820 4029 οῦν

218 4066 386 4121 τοῦτο
428 4067 606 4121 ἔοικεν
639 4068 830 4137 αὐτῆς·
881 4066 975 4121 καί
1005 4083 1090 4129 τις
1129 4067 1208 4130 είς
1248 4066 1410 4120 τοῦτο
1450 4066 1687 4137 βλέπων,
1725 4067 1820 4121 καὶ

218 4162 335 4214 πᾶν
362 4160 427 4211 τὸ
459 4158 604 4213 οεῖον
625 4160 809 4227 γνοὺς,
840 4159 975 4213 Θεόν
1003 4176 1060 4212 τε
1090 4160 1186 4212 καὶ
1217 4158 1504 4229 φρόνησιν,
1545 4158 1688 4212 οὕτω
1724 4159 1820 4213 καὶ

219 4250 423 4303 ἑαυτὸν
482 4250 635 4322 γνοίη
690 4249 942 4320 μάλιστα.
985 4268 1003 4301 ι
1061 4250 1431 4319 Παραπλήσια
1480 4249 1536 4303 δὲ
1587 4251 1690 4304 κάν
1740 4250 1820 4320 τῷ

216 4343 482 4398 Φαίδωνι
503 4342 673 4410 λέγει*
706 4362 725 4394 ι
752 4341 947 4414 Θῶμεν
974 4342 1083 4415 γὰρ
1116 4343 1295 4413 βούλει
1331 4344 1399 4407 ³³,
1432 4343 1557 4414 ἔφη,
1588 4344 1681 4396 δύο
1704 4343 1815 4412 εἴδη

213 4432 329 4527 ¹τῶν
361 4431 568 4527 ὄντωνῖ
600 4430 669 4527 τὸ.
700 4431 819 4500 μὲν,
861 4431 1080 4527 όιρατόνὴο
1130 4430 1191 4484 τὸ
1220 4431 1277 4527 δὲ
1300 4467 1315 4491 ,
1343 4429 1527 4527 ’ἀειδὲς
1550 4428 1813 4527 aesaes,
1852 4476 1894 4527 n

1925 3249 2071 3298 mus,
2100 3249 2267 3289 causa
2290 3235 2542 3304 profecto
2572 3236 2801 3291 istorum
2838 3251 3052 3300 sumus,
3082 3253 3192 3292 non
3224 3237 3393 3304 Deus,
3419 3237 3516 3307 qui

1923 3326 2205 3381 contraria
2232 3326 2448 3397 legibus
2491 3327 2693 3383 sanxit.
2745 3328 2872 3383 Haec
2900 3329 3049 3383 enim
3079 3344 3182 3385 nos
3217 3330 3428 3385 sentire
3460 3338 3517 3384 et

1924 3417 2184 3473 Socrates
2210 3427 2267 3473 et
2299 3418 2454 3473 Plato
2492 3417 2822 3473 docuerunt.
2869 3417 2935 3473 Hi
2962 3420 3132 3473 etiam
3156 3420 3354 3475 animae
3384 3436 3515 3490 par-
3578 3478 3579 3481 η

1924 3516 2035 3565 tem
2070 3510 2218 3565 illam
2251 3526 2376 3580 qua;
2405 3510 2626 3565 ratione
2655 3510 2885 3582 prazdita
2916 3519 3021 3577 est,
3056 3512 3300 3567 divinam
3327 3516 3515 3584 appel-

1923 3602 2125 3657 larunt.
2179 3602 2533 3673 Socratisque
2579 3604 2749 3659 verba
2794 3603 2988 3659 audire
3038 3612 3123 3659 est
3171 3605 3513 3661 Alcibiadem

1923 3691 2281 3761 alloquentis,
2310 3706 2432 3762 qua:
2466 3691 2621 3746 Plato
2648 3691 2848 3747 litteris
2875 3691 3158 3747 mandavit
3181 3692 3257 3763 (p.
3284 3692 3387 3746 155
3413 3693 3476 3759 Β)
3499 3710 3512 3746 :

1932 3801 1949 3834 ι
1978 3783 2351 3838 Possumusne
2376 3782 2544 3853 igitur
2566 3782 2781 3847 dicere,
2810 3790 3025 3853 partem
3059 3783 3257 3837 animae
3280 3781 3514 3837 divinis-

1924 3875 2119 3929 simam
2156 3888 2299 3939 esse,
2337 3889 2406 3928 an
2440 3873 2543 3929 hac
2592 3876 2660 3928 de
2709 3890 2801 3937 re,
2832 3890 2937 3930 nec
2970 3875 3145 3940 scire,
3180 3889 3286 3930 nec
3319 3889 3537 3945 sapere

1922 3967 2084 4039 831
2120 3966 2423 4036 quidquam
2481 3965 2838 4035 possumus?
2888 3964 3016 4019 Haec
3074 3965 3261 4034 itaque
3316 3965 3514 4019 anima:

1924 4075 2051 4130 pars
2068 4060 2183 4114 Dco
2204 4066 2290 4113 est
2312 4058 2511 4113 similis
2538 4078 2550 4109 :
2585 4065 2749 4126 atque
2781 4056 2837 4110 in
2869 4056 3013 4111 hanc
3033 4057 3235 4126 aliquis
3268 4057 3511 4121 intuens,

1922 4163 1979 4207 et
2009 4166 2171 4205 omne
2200 4150 2449 4204 divinum
2475 4152 2835 4219 cognoscens,
2869 4149 3155 4218 Deumque
3190 4156 3247 4203 et
3270 4147 3514 4218 pruden-

1925 4245 2077 4306 tiam,
2108 4243 2183 4311 ita
2221 4250 2278 4296 et
2309 4241 2551 4310 seipsum
2580 4255 2743 4294 nosse
2770 4240 3007 4295 maxime
3036 4239 3261 4310 poterit.
3297 4257 3314 4289 ι
3347 4238 3513 4293 Simi-

1922 4334 1994 4387 lia
2027 4348 2161 4387 vero
2184 4332 2272 4387 his
2314 4340 2371 4386 et
2404 4332 2458 4385 in
2486 4330 2751 4385 Phazdone
2799 4330 3007 4400 scripta
3039 4338 3168 4384 sunt
3195 4329 3271 4401 (p.
3299 4330 3365 4385 79
3404 4327 3508 4399 A):

1931 4446 1947 4477 ι
1986 4425 2101 4489 Vis,
2130 4424 2338 4494 inquit,
2374 4438 2646 4494 ponamus
2673 4423 2811 4477 duas
2846 4436 3035 4475 rerum
3070 4421 3309 4491 species,
3343 4436 3510 4475 unam

214 4519 349 4590 ἔφη.
387 4520 496 4571 Καὶ
520 4518 583 4571 τὸ
615 4518 735 4589 μὲν,
766 4518 966 4583 ἀειδὲς,
994 4518 1083 4572 ἀεὶ
1127 4517 1266 4571 κατὰ
1299 4518 1366 4571 τὰ
1398 4517 1536 4571 αύτὰ
1574 4516 1717 4587 ἔχονν
1754 4517 1815 4569 τὸ

1925 4516 2272 4577 visibilium,
2322 4515 2555 4569 alteram
2604 4510 3016 4567 invisibilium?
3075 4511 3377 4573 Ponamus,
3422 4510 3511 4565 in-

211 4615 271 4667 δὲ
300 4653 317 4678 ,
364 4612 583 4683 ὁρατὸν,
631 4611 904 4681 μηδέποτε
948 4611 1093 4664 κατὰ
1123 4609 1193 4662 τὰ
1242 4608 1383 4663 αὐτὰ
1426 4610 1647 4679 ἔχον³²;
1703 4611 1814 4664 Καὶ

209 4701 399 4757 ταῦτα
430 4701 637 4772 θῶμεν,
685 4701 813 4771 ἔφη.
864 4701 1001 4771 Φέρε
1033 4696 1240 4771 δὴ,.ἧδ’
1272 4700 1361 4764 ὃς,
1394 4700 1520 4754 ἄλλο
1557 4717 1609 4753 τι
1653 4699 1812 4769 ήμῶν

212 4795 425 4857 αὐτῶν,
448 4792 510 4847 τὸ
540 4793 661 4864 μὲν,
690 4793 851 4863 σῶμά
882 4796 1019 4846 ἐστι·
1050 4793 1112 4846 τὸ
1139 4793 1229 4857 δὲ,
1248 4793 1428 4862 duxi};
1463 4791 1629 4845 Οὐδὲν
1659 4790 1809 4857 ἄλλο,

211 4887 345 4958 ἔφη.
382 4885 617 4957 Πότερον
637 4886 682 4917 ³³
716 4882 807 4940 οῦν
836 4886 1152 4956 ὁμοιότερον
1188 4884 1266 4953 τῷ
1296 4884 1423 4937 εῖδει
1459 4883 1638 4954 φαμὲν
1668 4879 1810 4936 εἶναι

210 4981 312 5034 καὶ
356 4976 781 5048 ξυγγενέστερον
813 4977 874 5030 τὸ
902 4976 1101 5047 σῶμα;
1138 4975 1310 5028 Παντὶ
1335 5015 1348 5039 ,
1384 4974 1487 5045 ἔφη
1508 5015 1523 5040 ,
1556 4974 1715 5027 τοῦτό
1744 4990 1810 5042 γε

211 5069 379 5141 δῆλον
410 5069 495 5121 ὅτι
521 5067 600 5138 τῷ
624 5068 827 5138 ὁρατῷ.
868 5066 933 5121 Τί
972 5067 1031 5120 δὲ
1066 5066 1246 5137 ψυχῆς
1284 5065 1500 5136 ὁρατὸν,
1533 5065 1566 5135 ἢ
1595 5064 1806 5129 ἀειδές;

210 5161 331 5232 Οὐχ
379 5160 486 5214 ὑπὸ
530 5158 834 5231 ἀνθρώπων
872 5174 959 5227 γε,
1016 5152 1062 5211 ὦ
1106 5157 1423 5227 Σώκρατες,
1482 5154 1607 5225 ἔφη.
1645 5154 1809 5207 Ἀλλὰ

1922 4608 2061 4679 quit.
2086 4608 2155 4662 Et
2176 4605 2453 4662 invisibile
2478 4604 2703 4675 quidem
2733 4618 2952 4674 semper
2970 4601 3164 4658 eodem
3182 4603 3349 4657 modo
3366 4596 3487 4659 esse
3500 4647 3515 4671 ,

1920 4700 2142 4755 visibile
2164 4714 2447 4769 nunquam
2470 4696 2703 4752 eodem?
2728 4695 2796 4750 Et
2828 4695 2951 4758 hoc,
2982 4693 3185 4762 inquit,
3215 4707 3513 4761 ponamus.

1919 4792 2032 4861 Age
2072 4791 2277 4859 itaque,
2319 4787 2500 4857 inquit
2529 4786 2641 4850 ille,
2672 4784 2895 4840 aliudue
2929 4783 3229 4853 quidquam
3265 4782 3321 4836 in
3349 4781 3510 4837 nobis

1919 4888 2026 4945 est,
2065 4894 2233 4949 quam
2275 4878 2383 4931 hoc
2410 4875 2634 4947 quidem
2668 4890 2873 4945 corpus
2894 4915 2906 4939 ,
2956 4872 3088 4927 illud
3121 4888 3255 4926 vero
3282 4870 3511 4926 anima?

1919 4969 2065 5024 Nihil
2092 4967 2262 5033 aliud,
2291 4966 2472 5036 inquit
2503 4965 2612 5019 ille.
2646 4965 2765 5021 Utri
2800 4972 2982 5019 autem
3014 4962 3217 5032 speciei
3270 4961 3508 5016 similius

1918 5075 2040 5115 esse
2084 5074 2287 5129 corpus
2320 5057 2572 5163 dicemus
2604 5066 2769 5126 atque
2800 5055 3085 5125 cognatius
3108 5060 3129 5107 ’ί
3155 5053 3371 5107 Nemini
3407 5052 3507 5106 du-

1919 5154 2095 5215 bium,
2136 5151 2336 5221 inquit,
2365 5146 2500 5219 qtiin
2526 5148 2754 5204 visibili.
2780 5147 2922 5213 Quid
2942 5161 3074 5201 vero
3103 5147 3286 5202 anima
3306 5146 3329 5196 ?
3347 5152 3506 5199 estne

1526 5290 1760 5345 VARI/13
1803 5288 2211 5346 LECTIONES.

287 5418 334 5451 "
358 5414 559 5485 αὐτάρ.
577 5414 718 5484 ἀτάρ
734 5415 795 5469 Β.
834 5416 877 5447 ¹⁸
895 5414 1083 5485 κακῶν
1098 5415 1127 5468 ὅ
1148 5430 1211 5482 γε
1237 5409 1740 5485 μείρεταιᾎκακῷμὸ
1762 5427 1825 5476 γε
1849 5409 2322 5485 κ-ύρεταιῇρβλεξῐ
2340 5423 2465 5485 mox
2488 5407 2661 5485 ξσΟλῶ
2691 5403 3058 5485 B.’_ubi__Syl‘b.
3086 5400 3501 5485 ἐσθλῶνρδιιριςδ

212 5470 935 5572 καμμίξαέθξὰμφοτέρων
974 5484 1139 5572 Snirml.
1161 5470 1173 5482 ’
1210 5470 1254 5515 ίδ
1285 5470 1841 5572 τᾶτοιαῦταλάρὶη.
2006 5482 2052 5572 το
2090 5470 2333 5572 Ἠσιόδου
2367 5480 2461 5533 καὶ
2493 5475 2807 5572 ζοῡμήροξϐ.
2871 5476 2929 5557 ξ’
2951 5470 3387 5572 ἐὺνομήσίασθαζὶ.
3408 5475 3502 5572 si:

211 5540 555 5628 Jéﬁﬁae'aeat
578 5540 1081 5625 Β.ἐὗνομήσασθαι
1108 5554 1155 5677 gs
1180 5569 1349 5624 supra
1372 5540 1429 5604 ἀ
1469 5549 1698 5621 scripto)
1717 5549 1777 5604 C.
1861 5552 1907 5583 ³³
1935 5550 2028 5604 καί
2050 5567 2159 5621 μοι.
2182 5549 2276 5603 καί
2299 5566 2388 5618 μοι
2416 5549 2508 5601 καί
2535 5540 2593 5601 Β.
2619 5540 2648 5548 ”
2674 5549 2720 5579 ⁸³
2752 5544 2956 5631 κακῶν.
2975 5540 3161 5631 κακῶς
3189 5540 3251 5596 C.
3333 5541 3377 5573 “
3408 5543 3502 5596 καὶ

214 5643 329 5677 om-
363 5624 429 5677 C.
507 5626 553 5658 ¹⁸
584 5624 782 5677 γένοιτ’
814 5625 881 5677 ἂν
918 5623 969 5677 I6
998 5625 1107 5677 ἀγα
1144 5622 1247 5677 6c].
1308 5627 1338 5677 6
1369 5621 1572 5677 ἀγαθὸς
1620 5621 1819 5677 γένοιτ’
1861 5620 1927 5675 ἄν
1962 5620 2023 5674 Β.
2102 5621 2147 5651 ’⁸
2181 5620 2533 5677 νομιζόμενα.
2567 5616 2943 5677 όνομαζομενα
2972 5614 3033 5668 C.
3070 5613 3172 5668 Vb.
3252 5611 3296 5643 ³⁷
3337 5611 3393 5663 ἆ.
3435 5615 3500 5674 ἃς

214 5623 429 5685 σώζει.
498 5626 553 5695 ν¹ξ
584 5624 782 5695 γένοιτῗ
803 5623 889 5695 ’ᾂν
918 5623 969 5695 [6
998 5625 1107 5692 ἀγα

215 5696 280 5753 Β.
361 5696 409 5729 ³⁸
442 5690 671 5749 Πλάτων
728 5690 992 5757 ἐδίδαξαν.
1029 5690 1056 5748 ό
1092 5690 1470 5757 Πλ.’ὲδίδαξεν
1505 5692 1567 5746 Β.
1600 5690 1820 5757 ὲδιδαξά

1822 5708 1894 5831 ῖὲ

1144 5611 1267 5696 ός].⁸
1308 5627 1338 5677 ὁ
1369 5611 1597 5687 ἁγαθὸί
1620 5611 1819 5687 γένοιτ’
1861 5620 1927 5675 ἄν
1962 5620 2023 5674 Β.
2050 5611 2062 5621 ’
2102 5621 2147 5651 ’⁸
2181 5611 2533 5689 νομιζόμενα.
2567 5616 2943 5696 ὀνομαζόμενα
2972 5614 3033 5668 C;
3070 5613 3172 5668 Vb.
3252 5611 3296 5643 ³⁷
3435 5615 3500 5674 ἃς

1144 5694 1190 5746 λ.
1231 5693 1470 5746 ἐδίδαξεν
1505 5692 1567 5746 Β.
1600 5690 1924 5746 ἐδιδαεάτην
1958 5690 2020 5746 C.
2100 5692 2146 5723 ’⁸
2171 5691 2319 5743 τάδε.
2372 5689 2546 5743 ταῦτά
2581 5705 2644 5746 γε
2676 5688 2735 5741 Β.
2776 5704 2947 5740 ταυτα
2982 5684 3038 5737 δέ
3070 5682 3132 5738 C.
3212 5682 3255 5713 ‘°
3282 5697 3497 5739 τούτου,

1896 5708 2020 5743 νιλ.

2100 5692 2146 5723 ’⁸
2171 5679 2335 5743 τάδε.⁷
2372 5679 2546 5743 ταῦτά
2581 5705 2644 5757 γε
2664 5679 2735 5741 Β.
2776 5679 2947 5740 ταῦτα
2982 5684 3038 5737 δέ
3212 5679 3497 5757 ξτούτου,

214 5751 381 5823 τοῦτο
408 5766 471 5823 Β.
510 5766 606 5835 qui
645 5778 756 5819 om.
793 5751 922 5819 mox
960 5765 987 5817 ὃ
1020 5780 1147 5820 cum
1195 5764 1257 5820 C.
1291 5751 1416 5835 post
1465 5764 1706 5835 φρονεῖν.
1762 5751 1827 5794 ’³¹
1864 5751 2043 5831 βούλει
2078 5776 2189 5817 om.
2225 5760 2287 5815 B.
2363 5760 2407 5793 "
2445 5758 2566 5831 ἔχον
2594 5751 2730 5813 ⁷0111.
2763 5756 2823 5811 Β.
2903 5757 2949 5788 ³³
2977 5755 3192 5823 ποτέρῳ
3222 5751 3387 5808 Sirm.
3497 5762 3506 5773 '

462 5863 736 5925 PATROL.
778 5863 895 5925 Gn.
926 5863 1241 5926 LXXXIII.

3013 5850 3088 5914 30
