4088 6318
172 388 276 462 Μὸ

701 394 1138 458 οιυΕεΑΒυΜ
1174 395 1478 455 AFFECT.
1518 394 1963 456 (IURAT10.—
1989 397 2056 457 ν.
2100 397 2197 458 DE
2232 395 2543 458 NATURA
2575 383 2931 459 ΤΟΜΙλης.
3000 472 3003 473 γ

3340 399 3468 463 946·

162 512 326 583 λόγῳ.
397 511 510 565 Καὶ
573 506 683 582 γάρ
744 510 1067 581 Ἀνάχαρσιν
1115 511 1527 581 θαυμάζουσιν,
1586 510 1757 580 ἄνδρα

1865 510 2193 567 detrimento
2234 528 2345 567 non
2379 512 2560 568 allicit.
2593 513 2983 583 Hippommgos
3011 510 3236 582 quippe,
3266 528 3446 583 popu-

164 603 401 673 Σκύθην,
430 601 532 654 οὐκ
574 600 873 671 Ἀθηναῖον,
900 599 1023 652 οὐδὲ
1062 600 1326 669 Ἀργεῖον,
1372 599 1493 652 οὐδέ
1534 615 1598 667 γε
1642 599 1751 650 Ko-

169 690 394 761 ρίνθιον,
451 689 574 743 οὐδὲ
612 686 890 758 Τεγεάτην
935 687 968 758 ἦ
1016 688 1365 758 Σπαρτιάτην
1385 703 1398 715 ⁸
1429 688 1523 740 καὶ
1552 688 1675 749 τοὺς
1704 685 1748 718 ⁸⁷

167 781 503 851 Βραχμᾶνας
531 778 927 849 ὑπεράγανται,
974 776 1166 838 Ἰνδοὺς
1192 776 1370 841 ὄντας,
1392 778 1454 830 οὐ
1488 777 1747 845 Δωριέας,

164 872 288 924 οὐδὲ
323 871 569 935 Αἰολέας,
601 870 723 924 οὐδέ
753 887 816 938 γε
851 871 1077 933 Ἰωνας’
1111 869 1395 924 ἐπαινοῦσι
1436 869 1494 922 δέ
1523 869 1621 922 καὶ
1655 870 1753 921 Δῐη

166 961 433 1029 γυπτίὸυς
454 963 529 1025 ὡς
556 963 965 1030 σοφωτάτουςη·
1001 962 1203 1025 πολλὰς
1231 962 1340 1031 γάρ
1366 950 1447 1014 τοι
1480 962 1575 1015 καὶ
1602 960 1755 1031 παρά

166 1054 379 1109 τούτων
410 1053 612 1125 ἔμαθον
630 1052 677 1086 ⁸⁸
699 1056 1029 1125 ἐπιστήμας.
1057 1054 1171 1107 Οὐκ
1205 1048 1299 1105 οὖν
1320 1053 1364 1084 ⁹⁰
1394 1053 1426 1122 ἡ
1452 1052 1561 1109 τῶν
1586 1052 1756 1122 γλωτ-

164 1147 277 1199 τῶν
308 1148 565 1218 ἑτερότης
615 1146 884 1217 πημαίνει
941 1146 1043 1216 τὴν
1081 1145 1262 1213 φύσιν.
1323 1144 1433 1198 Καὶ
1473 1145 1580 1215 γάρ
1627 1144 1755 1207 τοὺς

180 1234 587 1308 ἰππημολγοὺς
616 1236 991 1297 δικαιοτάτους
1020 1234 1279 1287 ἐκάλεσεν
1306 1235 1574 1305 Ὄμηρος·
1603 1234 1753 1303 Θρᾳ-

171 1328 327 1380 κικδν
356 1327 412 1380 δὲ
439 1325 599 1385 τοῦτο
638 1325 743 1398 [τὸ]
773 1321 923 1389 ἔθνος
943 1326 987 1358 ⁸⁸
1011 1342 1027 1359 ο
1061 1325 1155 1378 καὶ
1185 1325 1367 1394 Κῦρον
1404 1325 1497 1378 τὸν
1526 1325 1752 1394 Καμϐύ-

171 1434 291 1480 σου,
334 1418 553 1487 Πέρσην
581 1417 714 1470 ὄντα
750 1415 1041 1487 πατρόθεν,
1091 1416 1187 1469 καὶ
1238 1416 1421 1484 Μῆδον
1457 1414 1751 1485 μητρόθεν,

170 1510 267 1561 ἐπὶ
296 1511 553 1579 φρονήσει
591 1508 686 1562 κάι
724 1508 1048 1581 σωφροσύνῃ
1076 1508 1170 1561 καὶ
1192 1506 1507 1577 δικαιοσύνῃ
1534 1507 1626 1559 καὶ
1662 1507 1755 1559 άν-

168 1600 326 1671 δρείᾳ
356 1602 402 1632 θ’
443 1597 695 1668 Ξενοφῶν
725 1600 754 1652 ό
782 1598 1022 1670 Γρύλλου
1064 1596 1430 1666 τεθαύμακεν.
1465 1596 1755 1665 Τοιγάρτοι

172 1689 594 1760 ξυνομολογοΰσι
625 1688 720 1741 καὶ
748 1686 844 1760 [οἱ]
870 1687 1130 1757 Ἕλληνες
1155 1686 1248 1739 καὶ
1274 1686 1426 1755 παρά
1464 1688 1575 1749 τοῖς
1617 1684 1753 1755 βαρ-

170 1780 368 1849 ϐάροις
414 1774 556 1831 εἷναί
592 1794 717 1831 τινα
761 1778 1080 1848 ἐπιμέλειαν
1126 1778 1347 1847 ἀρετῆς,
1380 1777 1474 1829 καὶ
1523 1777 1597 1845 μὴ
1644 1794 1754 1828 κω-

172 1848 325 1924 λύειν
352 1871 508 1941 τήνδε
547 1872 594 1904 ⁸³
639 1869 739 1941 τὴν
779 1872 973 1939 κτῆσιν
1010 1869 1110 1939 τῆς
1150 1869 1334 1937 φωνῆς
1383 1867 1444 1920 τὸ
1476 1868 1752 1937 διάφορον.
1790 1848 1831 1901 Β

174 1961 288 2013 Καὶ
338 1960 447 2030 γὰρ
496 1959 735 2022 ἅπαντες
764 1957 810 1991 ’δ
839 1958 941 2026 τῆς
976 1957 1092 2028 [80]
1123 1956 1379 2027 ἀληθείας
1412 1958 1461 2009 οί
1494 1958 1755 2025 κήρυκες,

171 2049 486 2119 προφῆται,
517 2048 681 2119 φημὶ,
708 2050 802 2103 καὶ
828 2049 1134 2114 ἀπόστολοι,
1165 2049 1265 2118 τῆς
1300 2049 1401 2119 μὲν
1444 2048 1759 2118 Ἑλληνικῆς

172 2142 236 2194 οὐ
274 2141 567 2212 μετέλαχω
601 2139 953 2207 εὐγλωττίας,
995 2139 1220 2210 ἔμπλεῳ
1267 2141 1313 2173 ⁸⁵
1351 2140 1409 2193 δέ
1435 2139 1539 2209 τῆς
1570 2137 1759 2207 ἀληθι-

175 2230 276 2299 νῆς
319 2231 474 2293 ὄντες
523 2229 716 2299 σοφίας
759 2231 893 2283 πᾶσι
934 2233 1046 2293 τοῖς
1083 2229 1260 2283 ἔθνεσι
1292 2231 1383 2283 καὶ
1430 2230 1760 2299 Ἑλληνικοῖς

175 2323 274 2374 καὶ
321 2320 681 2391 βαρϐαρικοῖς
727 2321 824 2389 τὴν
863 2320 1015 2375 θείαν
1056 2321 1407 2375 διδασκαλίαν
1460 2320 1761 2390 προσήνεγ-

176 2430 304 2476 καν,
337 2414 431 2464 καὶ
470 2415 650 2465 πᾶσαν
676 2413 781 2481 γῆν
805 2413 897 2465 καὶ
925 2411 1198 2465 θάλασσαν
1224 2411 1333 2465 τῶν
1360 2410 1460 2479 τῆς
1484 2409 1687 2480 ἀρετῆς
1713 2409 1759 2440 ⁸⁸

177 2503 311 2575 πέρι
345 2504 440 2557 καί⁵
473 2504 758 2568 εὐσεϐείας
802 2504 1250 2575 ξυγγραμμάτων
1284 2502 1610 2574 ἐνέπλησαν.
1652 2502 1762 2554 Καὶ

178 2595 276 2649 νῦν
308 2596 546 2658 ἅπαντες
584 2594 691 2648 τῶν
729 2595 1035 2664 φιλοσόφων
1078 2598 1124 2629 "'
1157 2597 1284 2658 τοὺς
1308 2595 1509 2665 λήρους
1539 2592 1771 2658 καταλιο,

178 2682 380 2746 πάντες
404 2685 518 2745 τοῖς
548 2682 656 2736 τῶν
682 2681 876 2735 ἀλιέων
904 2684 999 2735 καὶ
1032 2681 1281 2736 τελωνῶν
1309 2682 1618 2753 ἐντρυφῶσι
1652 2697 1761 2751 μα-

179 2774 413 2843 θήμασι,
446 2773 634 2828 καὶτὰ
660 2771 756 2825 τοῦ
789 2774 1129 2844 σκυτοτόμου
1160 2772 1575 2844 ξυγγράμματα
1608 2788 1762 2842 περι-

179 2862 409 2917 imum-
458 2864 689 2934 καὶτῆς
734 2863 835 2932 μὲν
898 2864 1166 2933 Ἰταλικῆς
1212 2864 1309 2917 καὶ
1376 2865 1621 2934 Ἰωνικῆς
1670 2865 1764 2917 καὶ

192 2953 507 3023 Ἐλεατικῆς
529 2953 835 3025 ξυμμορίας
853 2953 975 3007 οὐδὲ
999 2954 1098 3016 τὰς
1117 2954 1488 3025 προσηγορίας
1510 2954 1765 3009 ἐπίσταν-

178 3060 270 3096 ται
316 3043 591 3114 (ἐξήλειψε
619 3046 726 3114 γάρ
749 3043 927 3097 αὐτῶν
955 3044 985 3095 ὀ
1012 3044 1203 3113 χρόνος
1229 3044 1328 3115 τὴν
1355 3045 1620 3115 μνήμην),
1655 3045 1763 3099 τῶν

178 3134 240 3186 δέ
269 3150 336 3203 γε
368 3134 686 3204 προφητῶν,
710 3133 951 3189 πλείοσιν
983 3136 1014 3204 ἢ
1050 3134 1242 3205 χιλίοις
1272 3136 1366 3188 καὶ
1391 3136 1765 3201 πεντακοσίοις

1854 604 1939 658 los
1975 604 2245 665 Tbracim.
2285 604 2620 675 justissimos
2661 603 2932 658 Homerus
2974 603 3209 667 vocavit,
3243 610 3296 657 et
3338 603 3446 674 Cy-

1855 712 1976 751 rum
2002 704 2265 766 prarterea
2284 696 2566 766 Cambysae
2591 704 2823 765 patrem,
2844 702 3076 765 paterno
3094 709 3293 764 genere
3314 694 3444 748 Per~

1853 803 1990 850 sam,
2020 786 2236 843 Medum
2264 799 2535 852 materno,
2565 787 2894 857 prudentim,
2924 785 3320 855 temperantiae,
3350 786 3443 855 ju-

1853 879 2039 942 stitite,
2057 878 2508 948 fortitudinisque
2535 879 2759 933 nomine
2782 876 3089 948 Xenophon
3108 876 3278 946 Grylli
3299 875 3445 931 ﬁlius

1854 969 2117 1023 laudavit.
2149 970 2336 1039 Itaque
2380 970 2484 1039 ipsi
2526 970 2695 1024 etiam
2728 968 2900 1024 Graeci
2936 966 3270 1023 conﬁtentur
3320 980 3445 1019 esse

1853 1060 1998 1129 apud
2028 1060 2301 1115 Barbaros
2328 1074 2549 1129 quoque
2585 1075 2773 1114 curam
2811 1060 3048 1128 aliquam
3083 1055 3441 1125 studiumque

1854 1149 2077 1205 virtutis
2097 1189 2111 1213 ,
2140 1164 2320 1218 neque
2348 1148 2647 1218 prohibere
2681 1147 2987 1216 linguarum
3030 1145 3401 1200 differentiam
3426 1183 3444 1209 ,

1856 1243 2152 1312 quominus
2172 1242 2276 1295 hac
2294 1240 2639 1311 possessione
2667 1239 3018 1293 decorentur.
3044 1235 3250 1290 Omnes
3273 1233 3444 1302 siqui-

1854 1331 1978 1385 dem
2009 1329 2257 1384 veritatis
2287 1343 2587 1397 praecones,
2604 1325 2906 1395 propheta,
2943 1323 3189 1391 inquam,
3215 1329 3271 1375 et
3311 1336 3445 1389 apo-

1856 1421 2004 1485 stoli,
2035 1419 2236 1474 Gmca:
2272 1417 2496 1487 quidem
2532 1414 2862 1485 eloquentia:
2893 1420 3147 1481 expertes
3174 1410 3400 1464 fuerunt
3428 1428 3443 1464 :

1856 1510 1985 1580 quia
2030 1518 2211 1564 tamen
2256 1523 2385 1563 vera
2416 1506 2685 1575 sapientia
2721 1504 3095 1567 abundarunt,
3140 1501 3352 1555 cunctis
3389 1508 3448 1555 et

1857 1600 2060 1655 Graecis
2108 1609 2164 1654 et
2220 1599 2475 1653 Barbaris
2528 1596 2852 1652 nationibus
2901 1594 3143 1648 divinam
3211 1592 3445 1645 attulere

1857 1692 2186 1756 doctrinam,
2220 1699 2534 1760 terramque
2563 1688 2877 1743 universam
2926 1694 2984 1741 et
3011 1684 3193 1738 maria-
3223 1682 3446 1751 scriptis

1858 1783 1926 1837 de
1954 1784 2161 1837 virtute
2184 1797 2249 1835 ac
2272 1782 2475 1851 pietate
2502 1779 2661 1837 libris
2702 1778 3071 1847 impleverunt
3103 1792 3117 1827 :
3147 1773 3447 1842 cunctique

1861 1887 2007 1926 nunc
2037 1872 2314 1933 mortales,
2342 1869 2611 1925 abdicatis
2654 1866 3107 1937 philosophorum
3142 1863 3323 1932 nugis,
3357 1861 3445 1933 pi-

1860 1972 2134 2019 scatorum
2163 1948 2695 2033 publicanorumque
2726 1956 3034 2028 disciplinis
3064 1955 3345 2017 fruuntur,
3389 1960 3449 2007 et

1861 2055 2015 2109 Pauli
2056 2052 2335 2107 volumina
2375 2051 2757 2121 amplexantur
2785 2067 2796 2101 :
2824 2057 2880 2102 et
2905 2047 3104 2101 Italicae
3129 2044 3297 2115 838
3319 2043 3446 2113 qui-

1860 2145 1985 2199 dem
2012 2144 2319 2213 Ionicaeque
2343 2154 2527 2206 sectae,
2560 2156 2622 2194 ac
2654 2139 2930 2200 Eleatieze,
2971 2152 3049 2207 ne,
3070 2136 3289 2191 nomina
3320 2134 3445 2205 qui-

1861 2237 1987 2291 dem
2021 2243 2248 2299 norunt,
2276 2250 2403 2288 nam
2440 2248 2634 2288 earum
2663 2229 2985 2284 memoriam
3015 2237 3232 2297 tempus
3258 2226 3447 2281 abole-

1861 2329 1968 2395 vit;
2006 2329 2402 2399 prophetarum
2427 2340 2559 2380 vero
2596 2323 2838 2386 nomina,
2874 2321 2968 2390 qui
3004 2320 3151 2374 mille
3181 2318 3453 2389 quingen-

1861 2421 1931 2475 tis
1975 2418 2209 2490 amplius
2249 2418 2410 2472 annis
2447 2415 2804 2486 phi1050phos
2846 2413 2969 2467 illos
3006 2416 3449 2473 antecesserunt,

1863 2512 1919 2566 in
1950 2526 2044 2565 ore
2075 2510 2281 2565 habent
2307 2516 2363 2563 et
2386 2506 2785 2562 circumferunt
2812 2521 2823 2555 :
2855 2504 2988 2572 quin
3030 2512 3084 2557 et
3120 2501 3207 2555 his
3232 2517 3454 2569 quoque

1864 2599 2205 2669 antiquiores
2248 2606 2451 2665 patres,
2500 2596 2890 2657 Abrahamum,
2937 2592 3181 2661 inquam,
3223 2591 3452 2660 ejusque

1864 2687 2027 2751 ﬁlios,
2050 2696 2214 2755 atque
2237 2686 2323 2739 his
2345 2686 2511 2740 etiam
2537 2680 3141 2746 vetustiores,Ahelcm,
3168 2679 3453 2732 Enochum

1864 2786 1921 2832 et
1945 2777 2250 2839 Noachum,
2277 2783 2617 2844 caeterosque
2642 2786 2999 2842 quoscunque
3027 2769 3319 2823 laudabilis
3340 2768 3453 2823 vita

1864 2868 2112 2922 illustres
2152 2867 2300 2920 fecit.
2348 2866 2419 2919 At
2464 2872 2674 2933 septem
2725 2863 2943 2917 illorum
2990 2860 3321 2929 sapientum,
3356 2859 3452 2928 qui

1865 2965 1990 3027 post
2008 2957 2307 3027 prophetas
2334 2955 2448 3009 nati
2479 2961 2629 3010 sunt.
2656 2966 2961 3021 eorumque
2987 2950 3080 3020 qui
3108 2951 3216 3003 illis
3238 2963 3457 3003 succes-

1866 3056 2057 3103 serunt
2103 3048 2345 3109 nomina,
2371 3059 2442 3100 ne
2482 3044 2686 3099 (ἔναιρε
2715 3042 2939 3113 quidem
2970 3042 3170 3111 linguae
3203 3041 3469 3096 homines

1856 3138 2001 3194 satis
2030 3139 2229 3193 sciunt.
2263 3137 2370 3191 Sed
2396 3135 2527 3207 quid
2551 3150 2653 3205 ego
2675 3150 2771 3189 eos
2793 3134 2888 3204 qui
2918 3148 3067 3187 nunc
3089 3133 3283 3187 vivunt
3306 3147 3459 3187 com—

180 3201 330 3275 ἔτεσι
377 3201 584 3277 τούτων
628 3224 862 3295 πρόσθεν
911 3201 1315 3295 γεγενημένων,
1360 3226 1457 3289 τὰς
1493 3244 1765 3296 προσηγο-

1869 3242 2136 3293 memoro,
2173 3244 2297 3282 cum
2331 3236 2387 3282 et
2413 3226 2559 3296 apud
2588 3226 2799 3295 priscos
2824 3225 2842 3243 ⁶
2870 3238 3064 3293 magna
3097 3223 3164 3277 de
3202 3223 3311 3277 illis
3348 3222 3453 3276 du-

186 3314 311 3383 ρίας
357 3317 413 3367 ἐν
465 3314 543 3384 τῷ
590 3314 819 3383 στόματι
864 3316 1259 3386 περιφέρουσι·
1310 3316 1405 3369 καὶ
1448 3318 1629 3385 μέντοι
1674 3319 1767 3371 καὶ

181 3406 311 3469 τοὺς
370 3404 453 3459 ἔτι
501 3406 707 3458 τούτων
751 3406 1162 3476 παλαιοτέρους,
1192 3407 1285 3459 τὸν
1342 3407 1594 3479 Ἀϐραάμ
1624 3426 1769 3480 φημι

182 3496 286 3547 καὶ
313 3496 444 3556 τοὺς
468 3494 661 3547 τούτου
710 3494 926 3556 παῖδας,
959 3496 1053 3547 καὶ
1080 3495 1204 3555 τοὺς
1231 3496 1455 3548 ἐκείνων
1486 3497 1770 3566 ἀρχαιοτέ-

186 3603 340 3657 ρους,
372 3589 466 3638 τὸν
495 3586 682 3649 Ἅϐελ,
713 3585 805 3640 τὴν
850 3584 1041 3655 Ἑνὼχ,
1075 3584 1164 3638 τὸν
1201 3585 1348 3650 Νῶε,
1386 3587 1479 3640 καὶ
1511 3590 1639 3652 τοὺς
1685 3591 1771 3643 άλ-

184 3676 313 3737 λους
340 3677 497 3739 ὅσους
545 3676 591 3709 ³⁸
626 3676 916 3746 ἀριδήλους
940 3678 969 3728 ὁ
1008 3675 1319 3740 ἁξιέπαινος
1353 3678 1602 3747 ἀπέφηνε
1634 3679 1767 3747 βίος.

185 3766 316 3817 Τῶν
348 3766 405 3817 δέ
446 3766 583 3834 μετά
611 3766 737 3828 τοὺς
765 3768 1051 3836 προφήτας
1102 3765 1486 3836 γεγενημένων
1513 3768 1651 3821 ἐπτά
1681 3786 1770 3823 σο-

184 3855 309 3922 φῶν
354 3855 432 3918 ”,
491 3856 586 3908 καὶ
645 3854 753 3907 τῶν
800 3856 1045 3917 ἐκείνους
1100 3854 1519 3924 διαδεξαμένων,
1571 3856 1690 3910 οὐδέ
1722 3859 1771 3910 οἱ

181 3944 288 4012 τὴν
326 3942 646 4014 Ἑλληνικὴν
684 3943 1053 4014 ἀσπαζόμενοι
1089 3943 1336 4012 γλῶτταν
1368 3943 1514 3999 ῐσασι
1561 3946 1629 3999 τά
1658 3948 1773 4000 ὀνό-

186 4049 360 4103 ματα.
396 4033 507 4085 Καὶ
539 4033 589 4084 τί
621 4033 764 4101 λέγω
791 4034 916 4095 τοὺς
968 4032 1101 4098 νῦν;
1144 4033 1254 4087 Καὶ
1308 4035 1415 4106 γὰρ
1450 4038 1563 4099 τοῖς
1603 4038 1773 4091 πάλαι

184 4122 361 4194 πολλὴ
384 4124 513 4192 περὶ⁵
536 4123 739 4176 τούτων
761 4123 1061 4192 ἀμφιϐολία
1078 4124 1095 4154 ¹
1119 4124 1429 4195 γεγένηται.
1457 4127 1521 4178 Ol
1544 4126 1642 4195 μὲν
1667 4128 1775 4198 γάρ

180 4214 401 4277 τούτοις
431 4214 759 4285 Περίανδρον
793 4213 1141 4279 ξυντάττουσι
1162 4216 1255 4268 τὸν
1285 4216 1590 4285 Κορίνθιον
1615 4220 1663 4270 οἱ
1694 4220 1772 4287 δὲ,

195 4306 557 4375 Ἐπιμενίδην
584 4307 675 4359 τὸν
709 4306 925 4377 Κρῆτα·
956 4308 1002 4359 οί
1033 4306 1111 4372 δὲ,
1148 4306 1494 4360 Ἀκουσίλαον
1521 4308 1614 4361 τὸν
1651 4310 1771 4380 Ἀρ-

182 4402 357 4465 γεῖοψ
382 4398 434 4449 al
482 4398 560 4462 δὲ,
597 4397 926 4468 Ἀνάχαρσιν
958 4397 1050 4450 τὸν
1082 4397 1316 4467 Σκύθην·
1346 4398 1494 4452 ἄλλοι
1529 4400 1586 4451 δέ
1608 4401 1650 4464 ¹,
1675 4402 1774 4453 Φε-

183 4486 430 4556 ρεκύδην
479 4487 575 4541 τὸν
608 4486 821 4556 Σύριον·
865 4488 895 4539 ό
935 4486 994 4540 δέ
1025 4503 1090 4555 γε
1130 4487 1377 4551 Πλάτων,
1413 4488 1654 4544 Μύσωνα
1683 4492 1773 4545 τὸν

182 4576 397 4647 Χηνέα.
431 4576 668 4639 Τούτους
704 4577 803 4646 μὲν
833 4572 927 4631 οὖν
952 4578 1047 4630 καὶ
1072 4578 1123 4629 οί
1156 4578 1320 4641 πέλας
1338 4580 1360 4611 ³
1384 4580 1534 4642 ὄντες
1573 4583 1774 4653 ήγνοή-

180 4684 341 4721 κασι·
376 4666 469 4719 τον
498 4668 557 4721 δέ
582 4669 863 4722 Ματοαίον
891 4668 985 4721 καὶ
1023 4668 1114 4721 τὸν
1137 4669 1542 4740 Βαρθολομαῖον
1569 4674 1663 4725 καὶ
1686 4674 1778 4727 τὸν

192 4758 491 4820 Ἰάκωϐον,
522 4760 619 4813 καὶ
648 4760 832 4828 μέντοι
861 4761 957 4813 καὶ
983 4759 1073 4813 τὸν
1106 4761 1346 4815 Μωῦσέα
1371 4762 1468 4816 καὶ
1496 4765 1587 4817 τὸν
1615 4765 1780 4819 Δαόὶδ

178 4852 281 4904 καὶ
310 4850 408 4928 τρν
440 4848 462 4882 ’⁵
507 4849 733 4904 Ἡσαΐαν
788 4851 884 4903 καὶ
927 4851 1052 4915 τοὺς
1094 4842 1289 4915 ἄλλους
1342 4854 1671 4917 ἀποστόλους
1713 4872 1773 4908 τε

180 4942 281 4995 καὶ
308 4942 595 5011 προφήτας
616 4940 790 5003 οὕτως
817 4941 996 4995 ἴσασιν
1028 4942 1103 5005 ὡς
1125 4941 1225 5007 τάς
1249 4942 1359 4997 τῶν
1380 4944 1585 4997 παίδων
1607 4961 1775 5016 προσ-

179 5031 446 5103 ηγορίας.
477 5031 687 5086 Αὐτίκα
715 5032 893 5087 τοίνυν
932 5033 1027 5087 καὶ
1050 5032 1403 5103 κωμῳδοῦσιν
1429 5035 1503 5096 ὡς
1525 5033 1775 5107 βάρϐαρα

178 5125 251 5175 τὶ
294 5121 563 5191 ὀνόματασ
595 5124 754 5193 ἡμεῖς
790 5123 844 5175 δὲ
888 5124 1069 5176 αὐτῶν
1105 5122 1201 5193 τὴν
1245 5122 1553 5195 ἐμπληξίαν
1585 5124 1775 5193 ὀλοφυ-

186 5212 428 5284 ρόμεοα,
484 5213 565 5264 ὅτι
613 5212 675 5282 δὴ
706 5212 938 5283 ὁρῶντες
970 5210 1427 5282 βαρϐαροφὼνους
1457 5213 1777 5283 ἀνθρώπους

1804 4530 1852 4589 D

1870 3321 2065 3375 hitatio
2110 3318 2315 3373 fuerit?
2359 3316 2618 3371 Nonnulli
2657 3315 2805 3370 enim
2838 3315 2926 3369 his
2960 3322 3323 3369 annnmerant
3350 3314 3454 3368 Pc-

1872 3410 2154 3465 riandrum
2179 3409 2549 3471 Corinthium,
2578 3408 2669 3461 alii
2700 3406 3080 3475 Epimenidcm
3109 3406 3458 3473 Cretensem,

1871 3504 1963 3559 alii
1992 3503 2305 3559 Acusilanm
2348 3500 2630 3572 Argivum,
2660 3499 2751 3553 alii
2792 3496 3132 3551 Anacharsin
3174 3495 3454 3565 Scytham,

1872 3595 1963 3648 alii
1990 3594 2187 3665 Syrum
2216 3591 2612 3663 Pherecydem,
2636 3590 2790 3643 Plato
2809 3596 2991 3641 autem
3017 3586 3065 3637 Μ
3072 3600 3293 3655 ysonem
3317 3582 3462 3638 Che-

1872 3700 2058 3737 neum.
2090 3684 2201 3737 llos
2235 3684 2420 3752 itaque
2445 3690 2663 3735 veteres
2702 3693 2921 3749 quoque
2968 3675 3068 3745 ipsi
3101 3677 3458 3745 ignorarunt;

1874 3774 2188 3829 Matthteum
2223 3787 2375 3835 vero,
2403 3771 2884 3831 Bartholomaaum,
2927 3777 2983 3822 ct
3023 3766 3314 3829 Iacobum,
3349 3766 3462 3819 imo

1873 3874 1929 3919 et
1955 3864 2159 3926 Mosen,
2191 3873 2247 3918 et
2281 3861 2562 3924 Davidem,
2592 3868 2648 3915 et
2671 3860 2886 3922 Isaiam,
2912 3858 3158 3925 aliosque
3183 3856 3463 3924 apostolos

1873 3963 1929 4009 et
1957 3952 2274 4023 prophetas,
2294 3965 2449 4019 teque
2469 3964 2618 4004 nunc
2646 3946 2901 4002 homines
2926 3951 3114 3998 tenent
3142 3959 3205 3997 ac
3239 3943 3468 3997 nomina

1876 4045 2138 4099 ﬁliorum.
2165 4042 2233 4097 Et
2257 4041 2481 4096 nomina
2510 4039 2734 4110 quidem
2766 4037 2933 4092 etiam
2969 4034 3224 4090 derident
3253 4042 3313 4088 ut
3338 4032 3464 4088 bar-

1875 4133 2029 4187 bara.
2061 4131 2173 4185 Nos
2202 4145 2334 4183 vero
2357 4130 2591 4183 istorum
2618 4127 2872 4195 lugcmus
2903 4124 3169 4177 insaniam
3201 4124 3463 4192 qui,eum

1874 4225 2099 4280 videant
2127 4223 2381 4277 homines
2408 4219 2636 4275 Barbari
2677 4217 2947 4273 sermonis
2969 4214 3168 4271 Graec-.e
3191 4215 3460 4269 elocutio-

1877 4315 1964 4370 nis
2006 4313 2317 4369 facundiam
2364 4325 2674 4382 superasse,
2720 4309 2965 4376 sciteque
2996 4314 3219 4360 ornatas
3254 4305 3464 4359 fabulas

1875 4404 2097 4475 penitus
2119 4396 2457 4473 proﬂigatas,
2476 4401 2921 4470 piscatorumque
2948 4395 3116 4465 839
3136 4393 3462 4448 solmcismis

1876 4495 2175 4550 dissolutos
2193 4493 2362 4547 fuisse
2379 4491 2591 4546 Atticos
2613 4488 2971 4561 syllogismos,
2991 4501 3101 4539 non
3126 4485 3467 4539 erubescunt

1878 4595 2083 4649 tamen,
2114 4598 2294 4653 neque
2326 4582 2380 4635 in
2407 4582 2647 4635 latebras
2675 4595 2733 4634 se
2768 4577 3089 4648 conjiciunt,
3136 4575 3230 4630 sed
3280 4574 3461 4643 impu-

1876 4677 2073 4731 denter
2126 4690 2228 4744 pro
2275 4671 2563 4727 mendacio
2610 4670 2958 4740 depugnant;
3017 4680 3331 4736 quanquam
3387 4666 3461 4719 ita

1877 4766 2037 4837 pauci
2064 4766 2196 4830 sint,
2227 4775 2288 4818 ut
2318 4762 2601 4818 numerari
2634 4761 2798 4815 facile
2827 4758 3059 4829 possint,
3097 4773 3160 4811 ac
3182 4772 3250 4811 ne
3274 4756 3462 4811 Graeca

1878 4858 2104 4927 quidem
2128 4856 2325 4911 imbuti
2350 4852 2686 4925 eloquentia,
2710 4852 2804 4907 sed
2830 4850 2923 4919 qui
2950 4857 3028 4903 tot
3058 4863 3231 4916 prope
3257 4846 3309 4900 in
3331 4846 3479 4903 bar-.

1880 4946 2151 5002 barismos
2182 4946 2490 5004 incurrant,
2517 4950 2653 5013 quot
2686 4941 2854 4997 verba
2890 4937 3253 5010 pronuntiant
3280 4954 3292 4989 :
3320 4952 3465 4991 sum-

1881 5051 2024 5089 mam
2058 5033 2365 5088 doctrinam
2397 5030 2768 5101 loquendique
2814 5028 3051 5083 nitorem
3097 5026 3427 5080 arbitrantes
3448 5067 3461 5089 ,

1881 5127 1924 5181 si
1948 5126 2197 5195 iurantes
2219 5124 2459 5178 dixerint
2485 5140 2498 5176 :
2528 5122 2645 5177 Non
2662 5137 2758 5191 per
2781 5119 2914 5173 deos
2934 5159 2947 5181 ,
2984 5117 3108 5172 Non
3141 5132 3240 5185 per
3268 5116 3461 5179 solem,

1880 5225 1938 5270 et
1967 5214 2071 5269 alia
2106 5215 2419 5285 hujusmodi
2459 5216 2768 5286 iuramenta
2814 5210 3063 5265 oratione
3099 5222 3199 5262 sua
3238 5206 3462 5262 clIinxe-.

1479 5322 1714 5377 VARle
1756 5323 2160 5380 LECTIONES.

258 5445 305 5477 ⁸⁷
342 5441 441 5493 καὶ
480 5440 760 5514 τούς.-κα“ι
787 5443 918 5514 τούς
949 5461 1013 5512 γε
1042 5446 1103 5500 Β.
1180 5448 1225 5481 ⁸⁸
1253 5444 1616 5514 σοφωτάτους.
1669 5444 1999 5511 σοφοτάτους
2054 5445 2112 5499 Β.

183 5516 247 5568 οὐ
314 5513 588 5586 πημαίνει
629 5511 690 5565 Β.
746 5513 806 5564 οὐ
874 5511 1004 5586 item
1030 5531 1141 5571 om.
1173 5516 1234 5571 C.
1312 5511 1355 5586 5‘
1383 5514 1488 5586 [τὸ]
1527 5512 1790 5586 ἔθνος-,τὸ

1828 5517 1983 5581 γένος
2026 5514 2086 5567 Β.

2218 5447 2265 5479 59
2289 5444 2540 5515 ἔμαθονρ
2592 5438 3015 5515 -ἐμάυρμενβῐῖη
3066 5438 3113 5515 ξ⁰
3141 5433 3338 5515 οὐκοιξν
3358 5463 3466 5515 ἐκ

2162 5503 2477 5594 σκάνδρε-εα,
2519 5503 2710 5594 ᾴνδρξα
2882 5506 3136 5594 θςητήγδε.
3166 5505 3337 5594 τῆσδε
3358 5503 3460 5557 Vb.

185 5587 225 5638 ί.
259 5573 417 5655 con.”
449 5580 518 5655 ‘at
546 5580 805 5655 ἅπαντες.
858 5584 1057 5655 πάντες
1088 5586 1145 5638 Β.
1222 5586 1267 5618 νδ
1295 5573 1816 5655 ἒμπὶ.εοι.ῌὲμ“π).ε‹ρ
1840 5573 1942 5655 ’Βε
1966 5573 1979 5577 ’
2000 5584 2045 5616 ⁹⁰
2078 5585 2297 5653 ἀρετῆς.
2337 5573 2450 5655 ’τῆς
2482 5573 2709 5655 ⁸ἀρετῆς
2760 5580 2819 5633 Β.
2897 5579 2940 5610 ⁰⁷
2979 5577 3087 5629 τῶν
3154 5573 3461 5655 φιλοσόφων

184 5652 340 5713 τούς.
379 5650 508 5715 τοὺς
544 5649 655 5702 τῶν

698 5641 811 5720 φιλ.
840 5652 903 5706 C.
941 5641 1055 5707 Vb:
1118 5656 1163 5687 ⁸⁸
1202 5641 1381 5717 ὅσους.
1416 5652 1510 5715 οὓς
1549 5641 1644 5707 ναί
1726 5641 2004 5722 ’θ’σοφῶν.
2051 5641 2357 5722 φιλοσόφων
2392 5641 2449 5705 Β.
2482 5641 2578 5707 νά.
2613 5641 2704 5703 καί
2738 5644 3281 5722 ιιιιιοίγεγενημένεψ
3310 5641 3465 5722 addit

185 5723 251 5800 ς.
337 5721 355 5751 ⁸
389 5719 722 5800 ἀμφιλογία.
756 5722 1056 5791 ἀμφιϐολία
1120 5725 1177 5776 li.
1212 5724 1399 5775 τούτου
1413 5723 1483 5800 ’(ἶ.
1528 5737 1630 5790 pro
1654 5719 1916 5800 τούτωνξ-
1941 5724 1975 5800 ’⁵
2004 5719 2278 5800 ἄλλοι-δέ’.

2322 5724 2369 5776 οἱ
2402 5722 2455 5776 δέ
2485 5723 2543 5776 Β.
2576 5722 2672 5776 Va.
2750 5722 2770 5753 ³
2797 5714 2983 5774 πάλαι.
3011 5720 3179 5780 πέλας
3204 5714 3264 5768 Β.
3299 5721 3355 5768 et
3381 5714 3462 5767 sit“.

187 5792 506 5860 interpres,
544 5791 633 5860 qui
677 5791 816 5846 circa
870 5809 1049 5847 conm:
1108 5804 1343 5865 Numera
1374 5796 1636 5847 vixerunt.
1713 5793 1734 5823 "
1765 5792 1855 5847 τόν
1903 5793 1987 5848 bis
2013 5793 2214 5848 0111.13.
