4112 6374
688 371 792 436 947

1673 369 2157 454 THEODORETI
2197 366 2532 426 EPISCOPI
2571 367 2935 430 (‘YRENSIS

3832 374 3938 440 948

690 488 823 539 rint.
854 481 1007 550 Quod
1055 481 1099 537 si
1152 495 1282 535 vera
1335 496 1444 536 non
1495 482 1720 551 loquor,
1779 479 1980 541 dicite,
2035 493 2068 531 ο
2115 475 2217 529 νιτί

2364 473 2462 544 τὴν
2523 471 2840 547 Ἑλληνικὴν
2895 476 3225 545 εὐγλωττίαν
3286 478 3651 547 νενικηκότας,
3686 481 3782 534 καὶ
3809 487 3934 547 τοὺς

691 591 982 645 quemnam
1029 573 1393 644 Xenophanes
1450 571 1824 643 Col0phonius
1884 567 2258 624 successorem

688 677 851 723 secta:
885 683 995 721 sua:
1073 665 1327 736 reliquit,
1377 680 1541 735 quem
1613 661 1966 718 Parmenides
2010 661 2258 724 Eleates,

688 773 852 831 quem
882 758 1202 828 Protagoras
1238 766 1296 812 et
1327 756 1606 819 Melissus,
1638 769 1869 824 quemve
1927 752 2260 823 Pythagoras

686 851 774 905 vel
801 852 1165 921 Anaxagoras,
1202 865 1366 919 quem
1404 848 1741 918 Speusippus
1777 855 1873 900 aut
1900 845 2254 908 Xenocrates,

685 957 851 1011 quem
881 941 1282 995 Anaximander
1315 946 1408 992 aut
1435 937 1816 999 Anaximenes,
1849 949 2015 1014 quem
2045 933 2258 988 Arcesi-

685 1032 806 1086 laus
826 1031 911 1085 vel
937 1031 1248 1085 Philolaus?
1267 1030 1498 1095 Quinam
1528 1027 1690 1082 hodie
1716 1037 1878 1082 secta:
1903 1025 2098 1081 Stoicae
2119 1039 2256 1094 prai-

685 1120 902 1174 sident?
944 1121 1167 1189 quinam
1209 1119 1480 1188 Stagiritaa
1521 1118 1829 1173 doctrinam
1871 1115 2129 1170 tuentur?
2159 1114 2252 1167 ubi

681 1220 813 1266 sunt
839 1211 931 1280 qui
964 1211 1030 1265 ad
1074 1212 1221 1281 leges
1261 1210 1502 1266 Platonis
1529 1209 1776 1265 civitates
1803 1207 2125 1277 gubernent,
2157 1204 2250 1274 qui

678 1305 1046 1373 conscriptam
1071 1303 1139 1357 ab
1171 1317 1242 1357 eo
1259 1302 1570 1371 reipuwa
1597 1300 1822 1353 formam
1855 1297 2085 1367 amplexi
2110 1297 2251 1351 sint?

676 1394 751 1450 At
779 1395 991 1450 nullum
1035 1395 1276 1464 profecto
1325 1393 1636 1462 dogmatum
1685 1392 1914 1446 istorum
1965 1389 2246 1457 doctorem

679 1487 842 1541 nobis
871 1487 1156 1541 ostendere
1199 1484 1468 1554 poteritis.
1501 1483 1609 1537 Nos
1638 1491 1820 1538 autem
1849 1482 2005 1536 vobis
2033 1491 2248 1550 aposto-

679 1575 799 1629 lica;
841 1574 1280 1644 prophetieaque
1325 1573 1588 1627 doctrina:
1615 1571 1726 1626 vim
1755 1580 1813 1625 et
1857 1571 2028 1623 robur
2071 1568 2245 1623 mani-

677 1652 816 1720 feste
843 1664 1205 1722 ostendimus.
1235 1664 1498 1720 Universa
1540 1662 1686 1716 enim
1728 1675 1848 1730 qua:
1877 1660 1979 1714 sub
2022 1660 2134 1713 sole
2165 1667 2248 1714 est

677 1765 848 1821 terra,
881 1756 968 1810 his
996 1755 1346 1810 sermonibus
1375 1755 1574 1809 referta
1617 1763 1718 1808 est.
1751 1754 1819 1807 Et
1848 1752 2112 1806 Hebraica
2146 1752 2249 1806 lin-

2363 564 2838 636 κεκομψευμένους
2896 567 3098 640 μύθους
3151 567 3429 632 παντελῶς
3483 570 3930 642 ἐξιληλαμὲνους,

2363 660 2456 712 καὶ
2485 659 2608 728 τοὺς
2639 658 2978 722 ἀλιευτικοὺς
3031 659 3409 730 σολοικισμοὺς
3437 662 3458 693 ⁵
3487 662 3612 725 τοὺς
3655 654 3933 728 Ἀττικοὺς

2363 750 2791 814 καταλελυκότας
2848 749 3257 822 ξυλλογισμους,
3288 754 3388 806 οὐκ
3443 755 3791 825 ὲρυθριῶσιν,
3824 757 3933 811 οὐδ’

2364 841 2812 908 ἑγκαλύπτονται,
2856 841 2973 896 ἀλλ’
3000 843 3195 914 ἀνέδην
3251 845 3628 914 ὐπερμαχοῦσι
3658 848 3756 916 τῆς
3792 847 3930 900 πλά-

2363 949 2477 997 νης·
2510 933 2604 986 κα)⁸
2632 932 2803 985 ταῦτα
2829 932 2998 1001 ὀλίγοι
3027 934 3176 998 ὄντες
3207 937 3301 988 καὶ
3331 935 3700 1006 ἀριθμηθῆναι
3731 939 3929 1010 ῥαδίως

2362 1024 2667 1090 δυνάμενοι,
2705 1023 2799 1076 καὶ
2846 1024 2966 1077 οὐδὲ
2994 1027 3093 1096 τῆς
3131 1025 3450 1096 Ἑλληνικῆς
3479 1028 3775 1096 εὐστομίας
3808 1044 3932 1097 μετα

2364 1116 2576 1184 έχοντες
2606 1116 2647 1178 “,
2693 1115 2827 1169 ἀλλά
2865 1116 3133 1180 τοσαῦτα,
3165 1116 3239 1179 ὡς
3263 1116 3391 1178 ἔπος
3436 1117 3632 1180 εἰπεῖν,
3669 1117 3931 1188 βαρϐαρί-

2363 1206 2544 1272 ζοντες
2600 1209 2700 1262 ὅσα
2750 1210 3098 1278 φθέγγονται,
3159 1211 3442 1264 παίδευσίν
3496 1214 3600 1264 τε¹⁷
3630 1212 3806 1282 ἄκραν
3837 1214 3931 1265 καὶ

2361 1299 2717 1369 λαμπρότητα
2745 1299 2918 1368 λόγων
2961 1301 3453 1371 ὑπολαμϐάνοντες,
3485 1303 3531 1354 εί
3561 1302 3826 1370 ὀμνύντες
3853 1302 3930 1354 ει-

2361 1407 2531 1451 ποιεν,
2569 1391 2660 1443 Μὰ
2699 1392 2822 1454 τοὺς
2876 1392 3050 1455 θεοὺς,
3109 1392 3250 1464 [καὶ]
3283 1392 3422 1446 ’Μὰ
3471 1392 3558 1444 τὸν
3609 1391 3782 1462 ἥλιον,
3835 1391 3929 1444 καὶ

2357 1478 2631 1541 τοιούτους
2659 1480 2810 1544 τινὰς
2847 1483 2957 1544 τοῖς
2993 1481 3171 1550 λόγοις
3201 1483 3585 1536 ὲπιπλάττοιεν
3614 1483 3830 1553 ὅρκους.
3865 1483 3928 1535 El.

2355 1569 2408 1622 δὲ
2438 1571 2538 1622 οὐκ
2569 1570 2740 1642 ἀληθῆ
2771 1572 2932 1640 λέγω,
2958 1573 3168 1633 εῖπατε,
3202 1567 3245 1625 ὣ
3274 1575 3493 1644 ἄνδρες.
3539 1575 3659 1627 τίνα
3688 1575 3926 1641 Ξενοφά-

2356 1679 2453 1730 νης
2482 1662 2510 1712 6
2541 1661 2882 1727 Κολοφώνιος
2913 1663 3035 1732 ἔσχε
3080 1663 3317 1732 διάδοχον
3345 1664 3444 1732 τῆς
3474 1662 3768 1733 αἱρέσεωςς
3805 1663 3927 1715 τίνα

2356 1751 2413 1804 δὲ
2465 1750 2810 1820 Παρμενίδης
2841 1752 2870 1802 6
2922 1751 3216 1822 Ἐλεάτηςς
3255 1753 3376 1806 τίνα
3425 1751 3795 1821 Πρωταγόρας
3831 1753 3925 1803 καὶ

677 1861 803 1915 gua,
827 1859 936 1899 non
969 1845 1024 1898 in
1053 1843 1364 1899 Graecorum
1395 1841 1557 1896 modo
1587 1843 1822 1910 linguam
1848 1856 2005 1894 versa
2025 1849 2129 1904 est,
2153 1841 2243 1895 sed

2349 1819 2615 1906 Μέλισσος
2641 1858 2653 1904 ;
2685 1842 2805 1894 τίνα
2832 1819 3206 1912 Πυθαγόραςὴ
3243 1843 3355 1916 [si]
3387 1819 3784 1926 Ἀναξαγόρας-ς
3805 1843 3924 1894 τίνα

677 1935 841 1989 etiam
871 1934 927 1988 in
977 1934 1368 1995 Romanorum,
1400 1940 1456 1985 et
1495 1931 1890 2001 Egyptiorum,
1932 1933 2250 1986 Persarum-

657 2039 782 2093 \que
809 2032 866 2077 et
896 2023 1176 2087 Indorum,
1208 2031 1263 2076 et
1291 2021 1697 2084 Armeniorum,
1730 2030 1786 2074 et
1827 2020 2151 2092 Scytharum
2183 2038 2247 2076 ac

671 2113 838 2186 850
885 2113 1354 2177 Sauromatarum,
1385 2122 1568 2182 atque,
1601 2115 1615 2132 ‘
1648 2122 1707 2166 ut
1743 2114 1911 2168 semel
1945 2113 2144 2176 dicam,
2189 2113 2245 2166 in

671 2204 888 2275 linguas
914 2219 1126 2268 omnes,
1152 2203 1354 2273 quibus
1378 2203 1444 2257 ad
1469 2203 1616 2257 hunc
1637 2203 1780 2257 diem
1811 2204 2061 2257 nationes
2085 2213 2248 2257 utun—

672 2304 785 2346 tur.
817 2292 895 2347 Ac
929 2292 1366 2362 sapientissimus
1407 2292 1627 2362 quidem
1673 2292 1843 2357 Plato,
1877 2294 1970 2361 qui
2001 2293 2248 2361 complu-

672 2398 763 2438 res
793 2399 1075 2440 sermones
1115 2384 1183 2439 de
1227 2385 1421 2448 anima:
1468 2385 1874 2443 immortalitate
1919 2376 2143 2447 habuit,
2174 2399 2244 2438 ne

669 2471 950 2528 A’ristoteli
998 2473 1222 2543 quidem
1275 2472 1512 2526 auditori
1559 2487 1658 2526 suo
1699 2471 1972 2542 persuasit
2001 2478 2062 2525 ut
2103 2471 2246 2524 hanc

670 2564 997 2619 sententiam
1027 2563 1306 2618 adamaret
1328 2581 1340 2616 :
1365 2561 1536 2616 nostri
1566 2578 1696 2616 vero
1725 2561 2024 2630 piscatores
2053 2576 2116 2615 ac
2143 2575 2243 2630 pu-

669 2652 891 2717 blicani,
926 2663 984 2708 et
1011 2653 1104 2723 qui
1135 2653 1308 2722 pelles
1343 2652 1592 2721 parabat,
1623 2659 1740 2705 tum
1779 2650 1981 2706 Graecis
2013 2666 2239 2719 persua-

669 2752 882 2808 serunt,
931 2753 1046 2798 tum
1093 2743 1375 2806 Romanis,
1407 2752 1462 2797 et
1503 2743 1789 2814 Egyptiis,
1835 2742 2156 2810 cunctisque
2187 2743 2240 2795 in

669 2833 986 2889 universum
1034 2832 1376 2896 nationibus,
1424 2833 1788 2887 immortalem
1831 2847 1950 2886 esse
1980 2833 2239 2897 animam,

667 2932 724 2977 et
767 2924 978 2978 ratione
1018 2923 1300 2992 praeditam
1336 2941 1348 2976 :
1381 2938 1503 2993 qua:
1544 2922 1808 2992 improbis
1856 2922 2241 2977 aﬂ‘ectionibus

665 3015 936 3070 dominari
967 3030 1090 3070 cum
1121 3013 1312 3083 possit,
1341 3015 1549 3084 positas
1591 3014 1693 3068 sibi
1724 3013 1869 3083 leges
1905 3029 2014 3067 non
2045 3012 2154 3066 ulla
2184 3013 2236 3066 vi

2349 1933 2700 1995 Σπεύσιππος
2746 1934 2778 2003 ἦ
2815 1933 3203 2005 Ξενοκράτης;
3262 1936 3383 1988 τίνα
3444 1932 3918 2004 Ἀναξίμανδροςῆ

2360 2023 2747 2094 Ἀναξιμένης;
2803 2024 2924 2076 τίνα
2988 2025 3336 2092 Ἀρκεσίλαος
3386 2025 3730 2093 ῆΦιλόλαοςς
3777 2023 3921 2082 τίνες

2347 2119 2445 2186 τῆς
2515 2115 2760 2184 Στωϊκῆς
2811 2115 3076 2183 αἱρέσεως
3118 2116 3582 2185 προστατεύουσι;
3639 2115 3784 2177 τίνες
3826 2113 3918 2167 τοῦ

2347 2207 2694 2276 Σταγειρίτου
2727 2206 2823 2276 τὴν
2854 2206 3201 2260 διδασκαλίαν
3227 2208 3576 2277 κρατύνουσι;
3602 2205 3750 2268 τίνες
3778 2205 3919 2259 κατά

2347 2298 2470 2357 τοὺς
2501 2297 2783 2360 Πλάτωνος
2811 2297 3183 2350 πολιτεύονται
3230 2299 3457 2366 νόμους;
3501 2297 3643 2359 τίνες
3691 2298 3795 2364 τὴν
3829 2296 3918 2349 ὑπ’

2345 2382 2554 2434 ἐκείνου
2605 2383 3009 2454 ξυγγραφεῖσαν
3057 2385 3328 2438 πολιτείαν
3365 2387 3715 2453 ὴσπάσαντος
3761 2387 3921 2438 Ἀλλὰ

2342 2473 2547 2528 τούτων
2589 2475 2686 2528 μὲν
2728 2478 2837 2529 τῶν
2886 2477 3170 2546 δογμάτων
3197 2477 3385 2532 οὐδένα
3425 2479 3748 2533 διδάσκαλον
3787 2483 3922 2549 ἡμῖν

2343 2567 2942 2636 ἐπιδεῖξαιδυνὴσεσθε,
2976 2571 3137 2637 ἡμεῖς
3177 2569 3234 2621 δὲ
3271 2569 3378 2623 τῶν
3408 2571 3784 2624 ἀποστολικῶν
3826 2573 3917 2624 καὶ

2342 2657 2694 2727 προφητικῶν
2739 2658 3022 2729 δογμάτων
3062 2662 3083 2693 ⁹
3107 2661 3169 2712 τὸ
3197 2661 3395 2730 κράτος
3437 2662 3684 2732 ἐναργῶς
3714 2663 3916 2715 ἐπιδεξ-

2343 2765 2567 2817 κνυμεν·
2620 2751 2771 2802 πᾶσα
2801 2752 2911 2820 γάρ
2959 2752 2992 2820 ἡ
3026 2752 3113 2819 ὑφ’
3141 2752 3276 2822 ἡλίῳ
3310 2754 3352 2785 ¹⁰
3393 2754 3560 2806 τῶνδε
3595 2755 3704 2806 τῶν
3741 2754 3916 2819 λόγων

2341 2838 2644 2902 ἀνάπλεως.
2705 2840 2812 2893 Καὶ
2847 2841 2884 2910 ἡ
2923 2839 3188 2909 Ἐϐραίων
3231 2844 3381 2913 φωνὴ
3404 2845 3463 2896 οὐ
3500 2844 3658 2914 μόνον
3698 2848 3778 2907 είς
3814 2844 3917 2912 τὴν

2343 2929 2495 3001 [τῶν]
2529 2930 2567 2961 ¹¹
2605 2930 2870 2999 Ἑλλήνων
2895 2932 3221 3002 μετεὸλήθη,
3247 2935 3382 2987 ἀλλά
3412 2936 3504 2988 καὶ
3527 2937 3606 2998 είς
3628 2936 3728 3005 τὴν
3757 2936 3915 3006 [τῶν]

2352 3020 2640 3089 Ῥωμαίων
2681 3023 2773 3075 καὶ
2821 3021 3137 3091 Αἰγυπτίων
3189 3027 3281 3079 καὶ
3335 3021 3556 3094 Περσῶν
3599 3028 3694 3080 καὶ
3737 3027 3918 3080 Ἰνδῶν

665 3113 874 3166 coacta,
908 3102 1002 3162 sed
1049 3111 1364 3172 contemptu
1412 3103 1846 3173 negligentiaque
1880 3102 2232 3167 transcendit,

2347 3113 2434 3164 καὶ
2491 3112 2791 3182 ’Δρμενίων
2843 3115 2936 3172 καὶ
2979 3115 3198 3168 Σκυθῶν
3237 3117 3330 3169 καὶ
3380 3117 3766 3188 Σαυροματῶν,
3819 3119 3918 3171 καὶ

670 3210 974 3263 rursusque
1005 3193 1071 3248 ad
1102 3194 1329 3249 meliora
1357 3210 1604 3264 vergens,
1637 3211 1665 3248 a
1695 3196 1874 3262 priore
1905 3194 2112 3248 malitia
2138 3210 2236 3249 sua

661 3284 953 3348 liberatur,
998 3284 1318 3354 divinasque
1351 3286 1550 3339 iterum
1596 3286 1702 3339 sibi
1749 3295 1908 3340 notas
1949 3286 2233 3356 imprimit.

660 3375 980 3445 Passimque
1010 3374 1197 3430 videas
1251 3377 1365 3430 haec
1394 3386 1577 3430 nostra
1608 3376 1859 3448 dogmata
1889 3395 1998 3432 non
2025 3394 2120 3433 eos
2151 3395 2236 3432 so-

659 3465 774 3520 lum
819 3476 1005 3521 tenere
1042 3467 1137 3536 qui
1179 3467 1435 3521 Ecclesiae
1481 3475 1609 3520 sunt
1639 3467 1904 3536 magistri,
1955 3467 2049 3524 sed
2091 3469 2236 3536 ipsos

662 3572 881 3626 quoque
922 3566 1170 3619 sutores,
1222 3557 1508 3626 fabrosque
1553 3557 1838 3621 'errarios,
1874 3567 1928 3612 et
1958 3557 2231 3619 laniﬁces,

662 3647 909 3718 aliosque
954 3647 1222 3712 artiﬁces;
1257 3649 1388 3716 quin
1418 3656 1473 3701 et
1513 3647 1765 3711 feminas,
1796 3664 1905 3702 non
1946 3664 2040 3702 eas
2073 3649 2235 3702 modo

663 3755 785 3807 quae
813 3739 1023 3793 litteras
1050 3738 1380 3802 didicerunt,
1413 3739 1507 3791 sed
1538 3740 1914 3807 quaestuarias,
1948 3756 2011 3794 ac
2042 3740 2232 3794 sartri-

662 3843 774 3890 ces,
806 3836 967 3896 atque
997 3827 1134 3881 adeo
1163 3827 1405 3881 ancillas.
1437 3827 1624 3896 Neque
1657 3829 1692 3883 ii
1737 3830 1914 3884 solum
1943 3832 2035 3898 qui
2068 3831 2233 3885 urbes

663 3918 935 3980 incolunt,
987 3918 1082 3972 sed
1133 3919 1297 3971 etiam
1346 3919 1594 3988 agricolae
1637 3921 1778 3975 hanc
1824 3921 2074 3976 notitiam
2107 3930 2234 3976 sunt

660 4007 843 4076 adepti
891 4025 902 4060 :
937 4007 1283 4077 fossoresque
1313 4023 1378 4063 ac
1419 4009 1690 4063 bubuleos
1719 4011 1983 4076 invenias,
2022 4013 2233 4082 planta-

660 4113 892 4168 rumque
923 4099 1244 4160 consitores,
1276 4099 1368 4168 qui
1397 4099 1465 4153 de
1504 4100 1687 4154 divina
1727 4101 1990 4156 Trinitate
2021 4119 2230 4157 rerum-

659 4206 765 4259 que
801 4189 1048 4244 omnium
1090 4192 1366 4246 creatione
1411 4192 1715 4255 disserant,
1748 4200 1804 4246 et
1850 4193 2100 4247 humanae
2131 4210 2230 4249 na-

662 4290 798 4332 tura:
855 4279 1028 4333 multo
1088 4281 1378 4349 peritiores
1428 4281 1537 4334 sint
1591 4298 1753 4351 quam
1805 4282 2128 4338 Aristoteles
2177 4293 2233 4338 et

2341 3203 2637 3273 ξυλλήὸδην
2677 3205 2892 3268 εἰπεῖν,
2942 3208 3020 3268 εἷς
3072 3207 3253 3268 πάσας
3306 3209 3350 3239 ¹²
3397 3209 3498 3269 τὰς
3541 3207 3786 3274 γλώττας
3822 3205 3920 3270 αἷς

2336 3294 2547 3348 ᾶπαντα
2596 3295 2663 3348 τὰ
2707 3295 2832 3365 ἔθνη
2865 3299 3184 3366 κεχρημένα
3214 3299 3467 3351 διατελεῖ.
3498 3299 3610 3352 Καὶ
3638 3302 3664 3352 6
3699 3300 3793 3367 μὲν
3826 3316 3922 3353 σο-

2337 3386 2584 3454 φώτατος
2636 3387 2882 3450 Πλάτων,
2929 3390 3187 3457 περὶτῆς
3239 3390 3538 3452 ἀθανασίας
3589 3389 3688 3458 τῆς
3732 3389 3920 3459 ψυχῆς

2336 3475 2686 3542 παμπόλλους
2727 3477 2919 3544 λόγους
2961 3478 3266 3544 διεξελθὼν,
3306 3480 3414 3532 οὐδ’
3477 3479 3821 3546 Ἀριστοτέλη
3871 3479 3918 3511 ¹³

2335 3565 2426 3616 τὸν
2479 3567 2737 3636 φοιτητὴν
2782 3569 2966 3622 ἔπεισε
3024 3571 3172 3624 τόνδε
3209 3571 3426 3640 στέρξαι
3461 3572 3550 3622 τὸν
3596 3572 3740 3639 ὅρον·
3775 3572 3820 3620 οί
3857 3570 3920 3621 δὲ

2334 3657 2593 3726 ἡμέτεροι
2643 3658 2812 3719 ἁλιεῖς
2858 3660 2952 3711 καὶ
2981 3659 3206 3712 τελῶναι
3240 3662 3334 3713 καὶ
3383 3664 3411 3714 6
3463 3659 3793 3729 σκυτοτόμος
3814 3660 3920 3711 καὶ

2336 3746 2605 3820 Ἕλληνας
2632 3744 2856 3799 ἔπεισαν
2886 3748 2980 3800 καὶ
3007 3747 3309 3817 Ῥωμαίους
3328 3752 3423 3804 καὶ
3450 3753 3795 3818 Αἰγυπτίους,
3814 3752 3921 3804 καὶ

2335 3836 2670 3902 ἁπαξαπλῶς
2703 3837 2848 3890 ἆπαν
2905 3837 3058 3901 ἔθνος
3091 3839 3134 3871 ¹¹⁵
3164 3840 3491 3910 ἀνθρώπων,
3536 3843 3618 3895 ὃτι
3661 3842 3754 3893 καὶ
3785 3841 3925 3893 ἀθά-

2332 3946 2493 3992 νατος
2542 3930 2574 3998 ὴ
2621 3928 2790 3998 ψυχὴ,
2823 3929 2918 3982 καὶ
2948 3929 3090 4000 λόγῳ
3145 3933 3509 4001 τετιμημένη,
3560 3933 3653 3987 καὶ
3685 3936 3919 4002 κρατεῖν

2332 4015 2436 4068 τῶν
2472 4015 2658 4069 παθῶν
2686 4017 2982 4086 δυναμένη,
3035 4021 3132 4072 καὶ
3161 4018 3520 4091 ὀλιγωροῦσα,
3552 4021 3613 4072 οὐ
3647 4020 3916 4089 βιαζομέ-

2331 4124 2395 4175 νη
2427 4107 2468 4138 ⁸⁸
2505 4107 2836 4173 παραὸαίνει
2860 4109 2986 4171 τοὺς
3015 4109 3236 4179 νόμους⁹
3271 4111 3365 4162 καὶ
3393 4103 3458 4163 αὗ
3493 4110 3654 4163 πάλιν
3685 4111 3819 4180 πρὸς
3853 4111 3918 4164 τὺ

2334 4196 2539 4265 βέλτιον
2585 4197 2840 4260 νεύουσα,
2897 4199 2993 4267 τῆς
3047 4199 3317 4270 προτέρας
3368 4200 3768 4255 ἀπαλλάττεται
3807 4217 3914 4252 κα-

2333 4289 2476 4351 κίας,
2512 4289 2604 4342 καὶ
2639 4287 2810 4360 [τοὺς]
2847 4289 2889 4319 ¹⁶
2925 4290 3101 4351 Θείους
3143 4290 3304 4342 πάλιν
3339 4291 3708 4360 ἀναμάττεται
3739 4307 3918 4361 χαρα-

664 4368 837 4434 Plato;
868 4369 1087 4424 virtutis
1133 4373 1354 4439 insuper
1395 4372 1487 4440 qui
1531 4365 1716 4425 curam
1748 4381 1966 4441 gerant,
2012 4374 2233 4427 vitium-

2347 4379 2562 4449 ιτῆρας.
2596 4382 2705 4432 Καὶ
2736 4380 2883 4432 ἔστιν
2917 4381 3045 4446 ἰδεῖν
3089 4381 3261 4435 ταῦτα
3311 4381 3513 4444 εἰδότας
3557 4381 3626 4434 τὰ
3663 4383 3914 4450 δόγματα

659 4475 766 4528 que
789 4461 1082 4525 declinent,
1105 4473 1290 4532 parata
1314 4463 1576 4531 supplicia
1606 4472 1931 4525 metuentes,
1960 4463 2230 4518 divinum-

2347 4472 2394 4523 26
2450 4473 2642 4539 μόνους
2675 4473 2715 4503 "
2761 4489 2823 4539 γε
2873 4473 2973 4540 τῆς
3013 4473 3339 4542 Ἐκκλησίας
3371 4475 3505 4535 ποὺς
3533 4473 3911 4537 διδασκάλους,

660 4567 766 4618 que
782 4553 1045 4621 judicium
1073 4555 1206 4607 citra
1227 4554 1622 4608 dubitationem
1643 4555 1801 4626 841
1827 4564 2228 4624 exspectantes,

2347 4561 2467 4614 λλλά
2518 4564 2611 4614 καὶ
2661 4562 3027 4630 σκυτοτόμους
3077 4564 3172 4615 καὶ
3203 4562 3574 4631 χαλκοτύπους
3605 4562 3696 4613 καὶ
3744 4561 3920 4614 ταλα-

659 4650 714 4694 et
740 4642 805 4696 de
835 4643 1126 4696 immortali
1158 4659 1219 4696 ac
1251 4645 1577 4713 sempiterna
1620 4647 1728 4704 vita
1755 4646 2227 4716 philosophantes,

2347 4652 2618 4719 ςιουργοὺς
2653 4652 2748 4704 καὶ
2777 4653 2902 4712 τοὺς
2926 4651 3114 4713 ἄλλους
3143 4649 3652 4720 ἀττοχειροϐιὼτους⁸
3685 4651 3778 4701 καὶ
3807 4666 3910 4714 γυο

555 4731 578 4735 ’”
658 4734 1006 4803 ccelestisque
1051 4734 1199 4803 regni
1231 4734 1402 4803 gratia
1451 4736 1698 4810 labonent
1723 4752 1941 4789 omnem
1977 4738 2232 4792 alacriter

2347 4742 2523 4801 ναῖκας
2546 4739 2830 4803 ὡσαύτως,
2863 4740 2923 4791 οὐ
2958 4740 3116 4808 μόνον
3145 4739 3242 4802 τὰς
3282 4740 3456 4806 λόγων
3489 4739 3908 4807 μετεσχηκυίας,

660 4825 923 4878 adeuntes
955 4842 965 4876 :
999 4841 1178 4894 neque
1206 4825 1322 4879 haec
1366 4826 1433 4880 ab
1463 4826 1568 4880 alio
1596 4841 1874 4895 quoquam
1901 4826 2100 4891 edocti,
2135 4827 2229 4883 sed

2347 4829 2472 4882 ma;
2524 4829 2618 4881 καὶ⁵
2665 4828 2989 4898 χερνήτιδας
3037 4830 3132 4882 καὶ
3161 4828 3452 4897 ἀκεστρίας
3483 4828 3548 4888 ¹⁸.
3583 4829 3676 4880 καὶ
3727 4826 3910 4895 μέντοι

661 4913 728 4967 ab
759 4914 825 4966 iis
854 4929 992 4983 quos
1033 4915 1134 4984 ipsi
1177 4915 1444 4970 Barbaros
1486 4917 1854 4986 nuncupatis:
1889 4925 1942 4970 et
1973 4931 2041 4970 ne
2083 4917 2230 4972 Ana~

2347 4920 2427 4975 καὶ
2459 4919 2814 4992 Θεραπαίνας’
2848 4919 2942 4971 καὶ
2987 4920 3047 4972 οὑ
3099 4918 3259 4989 μόνον
3286 4920 3463 4981 ἀστοὶ,
3507 4917 3643 4971 ἀλλά
3673 4918 3767 4969 καὶ
3797 4934 3912 4985 χωο

659 5007 878 5062 cbarsin
902 5007 1121 5077 quidem
1147 5009 1347 5063 auditis
1369 5009 1641 5063 dicentem
1670 5027 1682 5061 :
1715 5028 1732 5060 ι
1760 5009 1890 5063 Mihi
1916 5009 2089 5064 Graeci
2114 5025 2230 5064 om-

2347 5012 2483 5081 ρικοὶ
2536 5014 2578 5044 ¹⁹
2609 5012 2765 5082 τήνδε
2815 5010 2913 5081 τὴν
2944 5011 3145 5077 γνῶσιν
3176 5011 3464 5080 ὲσχήκασι’
3498 5009 3592 5062 καὶ
3640 5007 3786 5060 ἔστιν
3813 5005 3912 5058 εύ-

660 5113 762 5156 nes
789 5097 1157 5170 Scythizant.»
1186 5099 1298 5154 Hoc
1318 5099 1464 5154 enim
1489 5101 1644 5170 plane
1669 5101 1820 5154 Pauli
1846 5100 2019 5154 nostri
2043 5101 2229 5156 verbis

2347 5106 2449 5167 psiv
2480 5104 2573 5157 καὶ
2604 5104 2914 5165 σκαπανέας
2945 5104 2988 5134 ⁸⁸
3020 5104 3114 5156 καὶ
3145 5101 3409 5171 βοηλάτας
3436 5103 3530 5154 καὶ
3573 5100 3912 5170 (puro-spreti;

1951 5259 2186 5314 VARIAS
2231 5259 2628 5317 LECTIONES.

735 5414 1174 5484 ’σολοικισμούς
1220 5413 1510 5484 λογισμούς
1547 5415 1604 5467 Β.
1646 5416 1740 5467 Va.
1777 5415 1914 5468 Tum
1957 5416 2049 5467 καὶ
2093 5415 2217 5479 τούς
2271 5416 2332 5485 Ο.
2411 5418 2430 5447 ⁶
2490 5414 2905 5484 μεταλαχόντες.
2972 5415 3288 5485 μετέχοντες
3341 5413 3400 5485 Β.
3467 5412 3736 5485 ἀστομίας
3787 5430 3911 5485 μετ-

666 5488 877 5555 έχοντες
921 5483 1033 5556 γε.
1078 5485 1414 5556 [παίδευσιν
1453 5485 1528 5556 δέ.
1569 5485 1942 5556 παίδευσ-ίνᾼτε
1975 5485 2030 5537 Β.
2121 5487 2147 5556 7'
2185 5484 2323 5556 [καίῖ
2353 5502 2462 5540 om.
2488 5483 2548 5539 Β.
2627 5486 2646 5516 ³
2676 5483 3103 5556 δογμάτωνήοῐη.
3131 5483 3194 5537 Β.
3275 5484 3432 5556 ιο-ὑᾷ
3461 5484 3616 5556 ἡλίῳ.
3671 5483 3912 5556 ὑφηλίως

664 5553 726 5610 Β.
780 5557 871 5623 ὑφ’
901 5555 1050 5622 ἥλιον
1077 5555 1175 5607 Vb.
1223 5553 1443 5623 ὑφήλιος
1473 5553 1670 5623 Sirm,
1718 5556 1755 5584 “
1785 5553 2080 5623 [niwlonn
2118 5555 2172 5607 Β.
2188 5553 2263 5608 Ὀ.
2288 5553 2344 5608 et
2384 5556 2438 5608 in
2473 5572 2525 5610 ν.
2567 5568 2680 5622 seq.
2764 5557 2805 5586 ¹¹
2843 5554 3042 5616 πάσας.
3064 5556 3281 5615 ἁπάσας
3321 5553 3386 5623 Β.
3466 5553 3508 5585 ¹³
3541 5553 3908 5623 Ἀριστοτέλη,

676 5603 1048 5692 λλρὶοῆοτέιξῆν
1072 5603 1150 5677 Cf
1165 5603 1175 5606 ⁷
1213 5603 1449 5685 υἰὁνςιίςῖ
1477 5603 1636 5687 ῖτένόξ
1662 5622 1722 5675 Β.
1760 5603 2351 5692 ὀυιιῖέθνὸῖίιῗηῖεὲτῌ.
2384 5603 2450 5693 ἶὲ.
2485 5603 2695 5678 'i.."~‘:'-
2717 5625 2778 5676 οὐ
2818 5603 3278 5692 βίᾶξῖἲόᾞῆνἹ
3311 5603 3452 5693 suae.
3487 5603 3617 5676 vb.‘
3669 5623 3712 5653 *ο
3741 5603 3885 5693 ζὲὸύξ

662 5691 772 5750 om.
831 5694 1055 5765 milia.“
1089 5695 1128 5765 l7
1166 5693 1373 5765 adveni.
1429 5694 1587 5765 μόνον
1629 5693 1726 5765 Va:
1804 5694 1844 5723 ¹⁸
1882 5693 2223 5765 ἀκεστρίδας.
2282 5691 2573 5765 ἀκεστρίας
2758 5696 2800 5726 ¹⁹
2858 5691 3155 5764 χωριτικοί.
3205 5691 3436 5763 χωρικοί
3495 5693 3556 5746 Β.
3614 5691 3890 5765 χωρητικο

663 5766 825 5821 Sirm.
861 5763 981 5815 Vid.
1018 5763 1189 5816 Vales.
1227 5763 1290 5816 ad
1318 5762 1408 5829 IL,
1443 5762 1504 5816 If.
1527 5762 1589 5827 ll,
1624 5776 1671 5815 c.
1704 5763 1755 5814 ἓ.
1835 5765 1878 5793 ¹⁶
1916 5763 2244 5829 σκαπανὲας.
2280 5762 2582 5827 σκεπανέας
2615 5763 2674 5819 Β.
