4088 6318
209 394 325 457 953

753 400 1192 464 ΟΒᾸΞΟΛΒΗΜ
1225 401 1529 465 AFFECT.
1568 403 1790 465 CURA';

1892 408 1923 467 ἰ.
1945 405 2091 469 -ν.
2136 407 2233 469 DE
2272 410 2583 473 NATURA
2619 408 2965 471 IIOMINIS.

3384 408 3491 472 954

213 507 325 577 ἧκε
355 508 456 571 τὰς
487 510 641 579 ήνίας
668 512 827 584 ἐάσῃ,
857 513 906 566 οἰ
938 513 1038 584 μὲν
1070 513 1322 577 ἀτάκτως
1358 514 1613 585 καθάπερ
1642 515 1790 567 ἵππος

1906 532 2170 587 equorum
2196 521 2368 574 instar
2393 519 2606 573 frenum
2633 515 3354 595 mordentium,decu;runt,
3376 519 3495 576 hac

218 600 441 655 θέουσιν
478 603 794 668 ἐνδακόντες
816 606 908 658 τὸν
941 608 1183 675 χαλινὸν,
1214 608 1241 660 ὁ
1275 608 1332 660 δὲ
1372 607 1668 675 συρόμενος
1709 606 1805 674 φέο

223 711 401 763 ρεται,
422 696 829 764 καταγέλαστός
848 716 907 751 τε
930 700 1023 751 καὶ
1042 700 1086 730 ⁸⁰
1111 700 1472 761 ἐπονείδιστος
1496 702 1607 761 τοῖς
1634 700 1804 769 ὁρῶσι

220 789 568 858 γιγνόμενος.
618 790 803 862 Ταύτῃ
837 810 921 845 τοι
954 794 1050 845 καὶ
1092 794 1249 857 δίκας
1290 794 1697 864 εἰσπράττεται,
1728 794 1805 856 ὡς

216 878 511 950 ἐθελοντὴς
540 882 845 949 ὑπομείνας
869 883 930 937 τὸ
953 884 1148 947 πάθος.
1178 886 1284 938 Kal
1317 884 1424 954 γάρ
1453 902 1536 937 τοι
1562 885 1657 938 καὶ
1684 886 1733 937 οἰ
1758 886 1801 918 δι

217 968 560 1038 ἀνθρώπειοι
606 971 761 1039 νόμοι
805 974 932 1036 τοὺς
980 974 1438 1044 πλημμελοῦντας
1490 976 1799 1042 κολάζουσι,

218 1059 316 1109 καὶ
351 1059 380 1110 ό
410 1057 541 1120 Θεὸς
571 1064 684 1123 τοῖς
727 1062 1099 1131 ἁμαρτάνουσι
1137 1064 1199 1117 τὸ
1242 1064 1505 1119 ἄσϐεστον
1539 1066 1800 1136 ἠπείλησε

222 1146 358 1216 πῦρ.
395 1149 510 1200 Ούκ
538 1150 605 1202 ἂν
632 1150 690 1204 δὲ
735 1152 856 1206 οῦτε
885 1154 913 1206 ό
941 1154 1093 1217 Θεὸς,
1130 1153 1333 1221 ἀγαθός
1359 1153 1471 1226 [84]
1501 1172 1565 1222 γε
1602 1154 1678 1209 ὢν
1708 1158 1802 1209 καὶ

218 1234 432 1299 δίκαιος
462 1239 525 1300 ⁶¹,
568 1241 761 1311 ποινὴν
791 1244 920 1307 τοὺς
970 1244 1287 1315 παράνομον
1322 1245 1435 1315 βίον
1485 1246 1799 1314 ἀσπαζομέ-

217 1344 347 1389 νους
374 1328 721 1401 εἰσέπραξεν,
772 1333 930 1403 ειπερ
976 1333 1083 1403 ἄρα
1111 1334 1233 1388 κατ’
1272 1335 1517 1406 ἀνάγκην
1546 1337 1801 1408 ἡμάρτα-

218 1432 311 1467 νον
335 1432 349 1445 ·
382 1417 506 1491 οὔτε
535 1418 645 1473 τῶν
680 1418 987 1489 ἀνθρώπων
1015 1421 1065 1473 οἱ
1094 1421 1399 1489 σοφώτατοι
1426 1425 1701 1488 τοιούτους
1733 1425 1799 1478 ἂν

217 1502 416 1557 ἔθεσαν
443 1504 665 1575 νόμους,
691 1508 848 1577 εἴπερ
883 1508 1083 1579 ⁴ᾔδεσαν
1119 1510 1163 1541 ⁸³
1191 1511 1252 1563 οῦ
1277 1510 1467 1583 γνώμῃ
1498 1513 1567 1565 τά
1592 1513 1801 1583 ἀνθρώ-

215 1609 352 1645 πεια
406 1594 703 1663 τελούμενα
769 1594 1249 1666 πλημμελήματα·
1306 1596 1430 1649 οὔτε
1489 1598 1595 1667 μὴν
1644 1600 1694 1651 οἱ
1739 1599 1801 1652 τὸ

215 1683 411 1752 ἄρχειν
446 1684 704 1752 λαχόντες
734 1696 834 1749 τας
875 1686 1167 1756 ὼμοτάτας
1213 1686 1281 1741 ἂν
1315 1687 1360 1719 ⁸⁸
1392 1687 1660 1759 βασάνους
1686 1692 1800 1752 τοῖς

218 1773 289 1824 τά
340 1775 554 1843 πονηρά
586 1774 829 1845 τολμῶσι
868 1765 1228 1849 προσέφερον,
1275 1778 1433 1849 εῐπερ
1484 1781 1799 1847 ἐγνώκεσαν

1904 621 2036 660 vero
2071 607 2121 660 vi
2145 615 2317 662 tracta
2340 608 2572 677 rapitur,
2604 609 2890 677 risumque
2943 609 3153 677 prtebet
3185 613 3490 680 spectanti-

1905 697 2009 751 bus
2031 712 2157 750 cum
2187 698 2486 767 opprobrio
2523 716 2536 751 τ
2569 706 2736 767 atque
2772 699 2845 751 ita
2879 713 3070 767 ptenas
3091 698 3215 761 luit,
3271 707 3333 753 ut
3365 716 3490 769 quae

1903 797 2100 859 sponte
2124 804 2222 843 sua
2250 790 2356 843 hoc
2377 788 2635 843 damnum
2656 789 2909 843 subierit.
2946 791 2961 808 '
2982 788 3117 843 Nam
3145 798 3202 844 et
3230 790 3487 847 humanze

1903 881 2053 949 leges
2079 880 2242 951 845
2272 896 2367 934 eos
2396 880 2491 950 qui
2524 880 2855 949 delinquunt
2902 881 3080 947 prrnis
3120 891 3398 944 coercent,
3429 890 3487 937 et

1902 972 2049 1027 Deus
2093 972 2454 1041 peccantibus
2480 972 2661 1040 ignem
2697 971 3088 1025 inexstinctum
3117 971 3484 1026 comminatus

1902 1071 2005 1117 est.
2043 1064 2186 1116 Deus
2209 1070 2415 1126 autem,
2451 1076 2575 1115 cum
2616 1063 2795 1116 bonus
2836 1063 2906 1115 sit
2971 1062 3252 1132 etjustus,
3309 1063 3376 1116 ab
3415 1063 3486 1118 iis

1902 1170 2092 1224 pmnas
2115 1169 2223 1207 non
2240 1153 2481 1223 exigeret
2503 1153 2598 1222 qui
2624 1162 2817 1207 contra
2850 1153 3000 1222 leges
3050 1154 3219 1205 vitam
3252 1156 3482 1219 ducunt,

1902 1246 1947 1300 si
1966 1248 2275 1300 necessario
2299 1246 2686 1315 delinquerent
2718 1248 2930 1312 :‘nequc
2956 1244 3238 1297 hominum
3264 1245 3485 1313 sapien-

1902 1336 2099 1391 tissimi
2135 1336 2402 1406 ejusmodi
2436 1336 2583 1405 leges
2603 1350 2843 1404 unquam
2861 1334 3137 1399 tulissent,
3168 1334 3212 1388 si
3234 1349 3485 1403 comper-

1904 1435 2018 1479 tum
2045 1425 2153 1478 illis
2189 1425 2400 1489 fuisset,
2448 1440 2562 1478 non
2610 1424 2778 1478 animi
2808 1425 3041 1479 arbitrio
3070 1424 3308 1478 humana
3344 1424 3483 1479 faei-

1902 1532 2035 1570 nora
2069 1516 2380 1585 perpetrari
2410 1535 2421 1568 :
2456 1532 2557 1570 nec
2588 1517 2684 1585 qui
2716 1517 3069 1585 magistratus
3114 1516 3293 1570 sortiti
3329 1524 3481 1582 sunt,

1903 1607 2233 1662 immanibus
2261 1609 2549 1662 tormentis
2572 1592 2836 1663 sceles'tos
2857 1608 3109 1661 homines
3152 1607 3481 1673 lacerarent,

1903 1698 1948 1752 si
1972 1707 2322 1766 perspectum
2378 1699 2665 1762 haberent,
2714 1715 2826 1753 non
2878 1700 3180 1775 voluntatis
3227 1700 3481 1764 arbitrio,

1902 1790 1998 1842 sed
2019 1788 2115 1841 fati
2136 1790 2222 1842 vel
2239 1798 2447 1842 naturae
2470 1790 2820 1853 necessitate,
2842 1790 2992 1859 leges
3030 1789 3244 1843 violari.
3267 1789 3477 1854 Quodsi

214 1866 315 1934 οὐχ
368 1865 572 1936 αἰρέσει
606 1867 855 1937 γνώμης,
928 1870 1042 1923 ἀλλ’
1095 1872 1435 1942 εἱμαρμένης
1490 1872 1523 1943 ἢ
1579 1873 1790 1940 φύσεως

1902 1883 2260 1952 peccantibus
2284 1882 2498 1937 veniam
2515 1897 2623 1935 non
2655 1883 2928 1948 tribuunt,
2980 1882 3268 1937 manifeste
3292 1890 3482 1938 osten-

216 1954 451 2025 ἀνάγκῃ,
500 1956 921 2028 παραϐαθέντας
951 1960 1079 2024 τοὺς
1107 1961 1326 2031 νόμους.
1368 1963 1431 2016 Εἰ
1463 1962 1521 2015 δὲ
1552 1962 1797 2031 ξυγγνώ-

216 2061 327 2113 μην
378 2048 491 2109 τοῖς
539 2048 954 2118 πλημμελοῦσιν
1017 2051 1079 2105 οὐ
1146 2052 1397 2121 νέμουσι,
1456 2052 1797 2107 διδάσκουσιν

213 2132 471 2205 ἄντικρυς
503 2135 578 2199 ὡς
600 2137 827 2209 γνώμης
858 2138 1018 2210 ἔργον
1055 2143 1088 2210 ή
1120 2142 1378 2214 πονηρία.

284 2224 471 2279 Ταῦτα
511 2228 605 2280 καὶ
634 2215 888 2300 περὶτῆς
924 2230 1214 2301 ἀνθρώπου
1237 2234 1282 2267 ⁸⁸
1318 2234 1532 2302 φύσεως
1578 2238 1801 2305 φρονεῖν

210 2315 308 2369 καὶ
362 2315 722 2388 ἐδιδάχθημεν
776 2322 873 2374 καὶ
940 2323 1265 2395 διδάσκομεν
1293 2342 1308 2357 ο
1378 2325 1474 2379 xal.
1538 2325 1797 2396 ἀγάμεθα

208 2403 443 2472 δρῶντες
469 2405 567 2477 τὴν
600 2409 657 2460 ἐν
687 2410 822 2480 ἡμῖν
851 2412 1184 2484 φαινομένην
1226 2413 1320 2468 τοῦ
1355 2415 1590 2487 Ποιητοῦ
1620 2417 1665 2450 ⁸⁸
1701 2435 1794 2470 σο-

210 2492 362 2560 φίαν,
419 2494 521 2557 τὰς
552 2494 845 2568 διαφόρους
891 2499 1001 2553 τῶν
1048 2503 1358 2573 αἰσθήσεων
1402 2507 1685 2577 ἐνεργείας
1734 2509 1795 2575 ἐξ

208 2582 327 2646 ἑνὸς
368 2584 471 2653 μὲν
497 2586 806 2657 ἐγκεφάλου
831 2594 1252 2662 προφερομένας
1283 2596 1348 2663 θ’,
1373 2596 1538 2667 ἄλλην
1559 2598 1616 2651 δὲ
1642 2602 1794 2672 αὐτῷ

208 2676 305 2727 καὶ
332 2675 502 2745 ἀλλην
552 2681 971 2751 προσφερούσας
1000 2684 1318 2755 ἀντίληψινυ
1346 2687 1445 2758 τὴν
1498 2690 1620 2759 μὲν,
1663 2692 1793 2756 ὁρά-

210 2781 369 2828 σεως,
414 2766 513 2836 τὴν
543 2767 621 2833 δὲ,
669 2770 1024 2840 ἀκροάσεως·
1066 2776 1159 2828 καὶ
1206 2777 1394 2847 ἄλλην,
1445 2779 1791 2852 ὀσφρήσεως,

208 2856 303 2908 καὶ
341 2855 555 2927 ἐτέραν,
587 2860 861 2928 γεύσεωςο
890 2866 985 2918 καὶ
1014 2866 1203 2937 ἀλλην,
1234 2869 1379 2939 ἀφῆς
1400 2887 1412 2900 ο
1455 2873 1548 2926 καὶ
1591 2868 1657 2927 αὖ
1683 2875 1789 2928 πά-

208 2944 291 2997 λιν
323 2947 433 2999 τῶν
470 2950 677 3019 μορίων
705 2953 961 3008 ἀπάντων
991 2957 1091 3026 τὴν
1116 2959 1325 3028 χρείαν,
1373 2962 1469 3014 καὶ
1514 2963 1625 3017 τῶν
1660 2960 1791 3034 ’φαι-

206 3035 449 3104 νομένων
482 3038 575 3089 καὶ
630 3041 738 3093 τῶν
798 3045 1231 3114 κεκρυμμένων
1285 3049 1377 3102 καὶ
1418 3051 1518 3120 τὴν
1569 3054 1788 3123 μνήμην

1900 1973 2037 2028 dunt
2065 1972 2366 2027 voluntatis
2398 1987 2539 2042 opus
2565 1987 2687 2027 esse
2704 1981 2996 2042 peccatum

1965 2238 2093 2294 Haec
2116 2252 2216 2291 nos
2244 2236 2313 2290 de
2348 2243 2545 2289 natura
2608 2248 2827 2303 quoque
2882 2232 3125 2287 hominis
3146 2232 3374 2298 sentire,
3418 2241 3478 2289 et

1895 2330 2210 2395 didicimus,
2244 2338 2301 2384 et
2330 2328 2435 2397 ipsi
2458 2328 2741 2391 docemus,
2777 2325 3223 2395 admiramurque
3248 2327 3471 2396 conspi-

1895 2440 2053 2479 cuam
2084 2421 2349 2478 creatoris
2381 2420 2477 2475 Dei
2498 2419 2821 2489 sapientiam
2854 2419 2909 2472 in
2942 2418 3101 2472 nobis
3122 2426 3473 2480 contuentes,

1894 2515 2213 2570 differentes
2273 2528 2535 2567 sensuum
2589 2511 2901 2575 facultates,
2972 2525 3083 2563 uno
3133 2509 3357 2578 quidem
3407 2524 3478 2563 ex

1894 2604 2114 2659 cerebri
2139 2604 2290 2658 fonte
2320 2603 2647 2672 productas,
2676 2601 2771 2656 sed
2798 2601 2960 2655 aliam
2998 2599 3077 2653 illi
3101 2609 3266 2681 atque
3316 2599 3480 2653 aliam

1892 2695 2135 2750 vicissim
2157 2694 2603 2748 commoditatem
2624 2693 2949 2756 referentes,
2966 2693 3109 2745 hanc
3124 2692 3299 2754 visus,
3328 2690 3478 2750 illam

1892 2787 2137 2850 auditus,
2165 2795 2221 2841 et
2248 2786 2411 2840 aliam
2446 2784 2704 2849 olfactus,
2758 2784 2920 2859 aliam
2946 2791 3170 2853 gustus,
3201 2782 3478 2853 aliamque

1892 2888 2104 2945 tactus;
2122 2877 2497 2932 membrorum
2519 2882 2783 2945 prteterea
2799 2872 3136 2943 singulorum
3165 2886 3347 2932 usum,
3363 2878 3479 2923 tum

1890 2971 2219 3040 patentium,
2249 2979 2366 3043 tum
2390 2967 2705 3031 latentium,
2728 2973 2783 3019 et
2813 2963 3135 3018 memoriam
3164 2977 3328 3031 quam
3348 2961 3478 3029 plu-

1892 3063 2033 3116 rima
2059 3070 2116 3116 et
2141 3061 2359 3115 diversa
2389 3059 2873 3127 complectentem,
2899 3070 3001 3109 nec
3031 3070 3094 3108 ea
3126 3052 3475 3108 confunden-

207 3126 505 3243 πάμπολλα
534 3129 581 3162 ⁸⁸
611 3133 704 3185 καὶ
748 3133 983 3206 διάφορα
1031 3136 1354 3212 δεχομένην,
1422 3143 1516 3196 καὶ
1549 3146 1610 3197 οὐ
1654 3145 1785 3213 ξυγ-

1895 3166 2024 3218 tem,
2044 3153 2140 3209 sed
2170 3153 2382 3222 integra
2398 3126 2840 3213 conservantem,
2868 3155 2925 3201 et
2943 3146 3125 3216 qualia
3148 3146 3281 3199 olim
3302 3144 3479 3199 multo

207 3218 459 3287 χέουσαν,
489 3221 607 3275 ἀλλ’
630 3223 883 3297 ἀκήρατα
915 3226 1087 3282 ταῦτα
1116 3229 1495 3302 διατηροῦσαν,
1537 3237 1629 3289 καλ⁸
1649 3254 1785 3307 προ-

207 3311 480 3379 φέρουσαν
506 3312 551 3345 ⁸¹
574 3314 735 3369 ὁποῖά
758 3332 862 3386 περ
898 3317 1118 3385 ἐδέξατο
1148 3321 1313 3374 πάλαι
1342 3323 1433 3377 καὶ
1467 3326 1781 3395 πρόπαλαι·

208 3399 302 3487 καὶ
323 3399 423 3462 τάς
444 3400 649 3467 πολλάς
674 3406 989 3477 ἐπιστήμας
1006 3411 1067 3462 ού
1086 3409 1488 3482 λυμαινομένας
1507 3415 1784 3487 ἀλλήλαις,

202 3486 320 3541 ἀλλ’
357 3489 597 3563 ἑκάστην
645 3494 725 3557 εἰς
769 3496 960 3567 καιρὸν
1008 3498 1462 3572 ἐπιδεικνυμένην
1508 3505 1576 3559 ⁷⁸.
1617 3486 1785 3560 Ὅταν

200 3574 261 3629 δὲ
293 3577 465 3632 ταῦτα
516 3583 612 3635 καὶ
640 3582 709 3635 τά
735 3584 949 3649 τούτοις
998 3591 1300 3660 προσόμοια
1352 3596 1783 3666 καταμάθωμεν,

203 3666 493 3761 μετάτοῦ
539 3672 830 3744 Προφήτου
886 3677 1135 3748 βοῶμεν·
1184 3700 1204 3733 ι
1270 3684 1696 3757 Ἐθαυμαστώθη
1746 3692 1780 3761 ἡ

198 3757 403 3851 γνῷσίς
444 3778 539 3814 σου
577 3762 637 3827 ἐξ
678 3766 850 3835 ἐμοῦ·
902 3771 1286 3843 ἐκραταιώθηο
1327 3776 1389 3828 οὐ
1434 3778 1510 3848 μὴ
1538 3757 1782 3851 δύνωμαι

198 3849 559 3945 πρὸς-αὐτήν.
580 3892 581 3895 η
601 3873 619 3905 ι
654 3856 751 3921 Τίς
774 3857 885 3930 γὰρ
923 3860 1103 3926 ίκανδς
1124 3864 1404 3929 ἐξικέσθαι
1438 3870 1598 3938 λόγος
1626 3872 1658 3943 ἢ
1685 3849 1784 3945 τῆς

192 3938 257 4036 έν
302 3937 631 4036 τῷρσώματι
681 3950 1019 4021 φαινομένης
1052 3954 1336 4024 ἁρμονίας,
1389 3958 1419 4029 ἢ
1463 3937 1564 4031 τῆς
1611 3937 1669 4016 ἐν

188 4025 343 4122 ψυχῇ
372 4029 762 4122 θεωρουμένης
810 4042 1038 4108 σοφίας;
1075 4036 1292 4099 Πολλῶν
1334 4025 1444 4121 γὰρ
1482 4025 1549 4122 δή
1578 4025 1780 4110 τούτων

192 4119 327 4189 πέρι
370 4118 511 4195 [καὶ]
561 4124 911 4199 Ἱπποκράτει
939 4132 1033 4185 καὶ
1064 4133 1287 4206 Γαληνῷ
1328 4118 1777 4212 ξυγγρανφέντων,

187 4211 289 4265 καὶ
322 4213 511 4307 μέντοι
535 4218 630 4271 καὶ
670 4220 922 4276 Πλάτωνι
947 4225 1040 4278 καὶ
1066 4226 1373 4297 Ξενοφῶντι
1404 4232 1449 4263 ⁷⁸
1479 4234 1574 4287 καὶ
1626 4236 1776 4307 Ἀρι-

186 4304 437 4359 στοτέλει
484 4309 580 4361 καὶ
617 4309 950 4385 Θεοφράστῳ
1001 4318 1094 4371 καὶ
1145 4321 1359 4391 μυρίοις
1402 4323 1632 4395 ἑτέροις,
1668 4304 1777 4383 τῶν

186 4396 502 4488 εἰρημένων
524 4400 910 4459 πολλαπλάσια
936 4408 1393 4478 παραλέλειπται,
1410 4414 1520 4467 τῶν
1549 4416 1653 4470 ὑπὸ
1674 4419 1774 4488 τῆς

1890 3254 2015 3300 ante
2044 3250 2333 3313 acceperat
2364 3242 2804 3311 depromentem;
2846 3238 3106 3293 scientias
3165 3236 3479 3305 complures

1890 3336 1995 3391 sibi
2020 3335 2253 3387 invicem
2283 3347 2395 3385 non
2436 3330 2759 3391 efﬁcientes,
2795 3327 2891 3382 sed
2944 3342 3067 3396 quae
3115 3319 3344 3396 singula:
3375 3339 3477 3378 suo

1889 3435 2136 3494 tempore
2171 3438 2230 3478 se
2259 3420 2515 3491 prodant.
2564 3418 2796 3485 Quando
2829 3424 2944 3471 haec
2978 3417 3146 3487 igitur
3172 3425 3228 3469 et
3271 3416 3359 3468 his
3392 3414 3473 3468 si-

1886 3515 2038 3571 milia
2067 3513 2253 3568 animo
2296 3520 2353 3567 et
2404 3510 2738 3581 cogitatione
2787 3509 3114 3578 repetimus,
3158 3507 3325 3579 846
3348 3523 3473 3562 cum

1885 3607 2159 3679 Propheta
2214 3617 2407 3659 vocem
2437 3603 2692 3658 tollamus
2743 3619 2769 3684 ε.
2811 3619 2829 3651 ι
2870 3600 3138 3654 Mirabilis
3190 3599 3333 3653 facta
3385 3607 3473 3654 est

1886 3699 2117 3755 scientia
2174 3685 2280 3751 tua
2298 3711 2367 3751 ex
2396 3711 2484 3750 me
2518 3713 2531 3748 :
2565 3693 2870 3749 confortata
2897 3700 3020 3745 est:
3050 3699 3107 3744 et
3137 3706 3246 3744 non
3278 3698 3473 3759 potero

1885 3787 1953 3843 ad
1981 3803 2102 3841 eam
2137 3786 2472 3856 (pertingere
2511 3786 2557 3837 ⁸.
2595 3781 2642 3853 ι)
2669 3782 2801 3848 Quae
2825 3780 2975 3836 enim
3005 3781 3139 3835 satis
3192 3780 3471 3849 explicare

1884 3876 2058 3945 possit
2086 3876 2286 3939 oratio,
2330 3874 2413 3928 vel
2437 3873 2790 3942 conspicuam
2817 3870 2995 3923 nostri
3048 3870 3300 3939 corporis
3347 3871 3474 3924 har-

1883 3966 2149 4031 moniam,
2162 3964 2250 4019 vel
2269 3978 2433 4033 quam
2447 3963 2503 4016 in
2517 3962 2699 4015 anima
2716 3959 3089 4029 conspicimus
3102 3959 3426 4029 sapientiam
3447 3959 3472 4013 ἲ

1881 4056 2016 4111 Cum
2040 4055 2188 4109 enim
2218 4052 2443 4123 plurimi
2486 4050 2639 4105 hisce
2671 4049 2740 4105 de
2768 4048 2956 4113 rebus,
3001 4056 3058 4102 et
3108 4048 3470 4118 Hippocrates

1880 4144 2210 4208 etGalenus,
2242 4143 2396 4197 Plato
2427 4142 2559 4195 item
2585 4149 2643 4195 et
2668 4138 3002 4209 Xenophon,
3030 4147 3087 4193 et
3115 4138 3464 4204 Aristoteles,

1879 4244 1936 4292 et
1972 4235 2409 4304 TheOphrastus,
2470 4231 2676 4299 aliique
2704 4243 2877 4299 prope
2906 4228 3222 4293 innumeri,
3257 4228 3467 4301 litteris

1879 4325 2224 4390 mandarint,,
2248 4324 2422 4379 multo
2460 4322 2618 4391 plura
2640 4328 2827 4375 tamen
2842 4320 2923 4374 .ab
2952 4320 3082 4384 illis,
3125 4335 3289 4390 quam
3339 4336 3464 4388 qua:

1877 4418 2156 4481 dixerunt,
2191 4413 2557 4485 praetermissa
2583 4420 2733 4477 sunt,
2779 4412 2928 4481 quod
2958 4412 3160 4466 divinm
3178 4411 3470 4480 sapientia

183 4486 347 4579 θείας
388 4493 691 4558 γεγονότων
756 4499 949 4566 σοφίας
995 4501 1093 4571 τῆς
1134 4503 1483 4578 ἀνθρωπίνης
1532 4486 1770 4579 διανοίας

1892 4524 2040 4578 )pera
2066 4505 2329 4574 consequi
2370 4519 2525 4557 mens
2550 4503 2788 4557 humana
2824 4517 2935 4555 non
2960 4503 3156 4571 possit.
3224 4502 3465 4570 Ideoque

182 4578 596 4674 é¢tx:éUPGL-ﬂﬁ
620 4584 945 4659 δυναμένης.
979 4584 1053 4645 Ob
1078 4591 1142 4662 δὴ
1171 4594 1334 4667 χάριν
1363 4600 1508 4651 καὶὸ
1544 4603 1769 4674 Προφή-

1879 4598 2156 4668 Pmpbcta
2170 4596 2238 4649 de
2260 4596 2327 4648 iis
2346 4594 2590 4664 quidem,
2612 4608 2732 4662 qua:
2750 4592 3267 4662 comprehenderat,
3291 4593 3464 4653 Deum

179 4684 285 4736 της
322 4670 408 4738 ἐφ’
451 4665 535 4735 οἷς
580 4674 681 4744 μὲν
730 4679 1035 4734 κατέλαϐεν
1064 4665 1328 4755 ὕμνησεν,
1383 4665 1684 4757 ἐφικέσθαι.
1714 4665 1770 4749 δὲ

1893 4692 2117 4747 audavit
2146 4707 2158 4743 :
2190 4680 2388 4743 cuncta
2449 4696 2633 4741 autem
2679 4700 2802 4756 qua:
2836 4686 2891 4740 in
2936 4686 3098 4740 nobis
3149 4669 3466 4741 cernuntur

178 4759 294 4856 τιῖιν
314 4763 401 4856 ’ἐν
430 4763 563 4832 ἡμῖν
604 4765 996 4840 θεωρουμένων
1041 4775 1297 4832 ἀπάντων
1325 4781 1385 4833 ού
1421 4782 1467 4814 ⁷³
1499 4783 1768 4856 δυνηθεὶς,

1873 4799 2000 4840 cum
2027 4780 2245 4850 assequi
2265 4794 2376 4833 non
2398 4786 2606 4848 posset,
2630 4777 2839 4831 victum
2861 4793 2921 4832 se
2952 4784 3139 4847 aperte
3168 4777 3465 4833 confessus

178 4848 280 4945 τὴν
308 4846 484 4945 ἧτταν
526 4858 719 4945 σαφῶς
758 4860 1136 4934 ὡμολόγησεν,
1186 4869 1380 4940 ἀρκεῖν
1429 4846 1659 4944 νομίσας
1689 4846 1772 4941 εὲξ

1892 4882 1979 4940 εει,
2014 4873 2084 4928 ad
2101 4846 2307 4945 justam
2331 4846 2621 4940 diiuamve
2641 4846 3021 4925 laudationem
3052 4868 3307 4924 suﬂicere
3330 4880 3481 4923 conv

180 4939 463 5013 ὑμνῳδίαν
496 4934 656 5013 ἀξίαν
678 4949 779 5022 τὴν
807 4953 1068 5027 τοιαύτην
1086 4934 1401 5030 ὁμολογίαν.

245 5149 272 5188 σ
310 5141 454 5197 Psal.
493 5157 741 5214 cxxxvm,
774 5148 826 5205 6.

1874 4966 2173 5022 fessionem
2204 4962 2366 5018 istam
2393 4960 2739 5017 existimans.

1497 5330 1733 5392 VARIE
1766 5336 2172 5397 LECTIONES.

246 5492 764 5593 ἶξιὶἶῗῖίῖὶεεμ
798 5501 871 5593 3.1
909 5504 1030 5593 ἶῗοὲ
1052 5520 1173 5593 9"1:
1202 5507 1263 5562 Β·
1297 5508 1393 5593 ΥΡ·
1449 5511 1634 5593 lix.“
1656 5514 1884 5593 βίκαιοςο
1907 5517 2141 5593 ,διὲαξως
2163 5513 2245 5593 (ἀι
2303 5521 2842 5593 “elimati-1588‘s”
2866 5521 2927 5576 B-
2958 5522 3095 5577 Tum
3129 5519 3449 5592 ἀνθρώπινα

178 5558 613 5654 ςὶμάνθρώπεινα
644 5569 759 5654 νὴ..
826 5572 871 5605 ⁸³⁸
892 5574 975 5654 ,ἀν
1000 5558 1262 5654 emilio:-
1304 5558 1477 5654 τοῦ
2350 5558 2397 5623 δέ

2420 5590 2514 5663 τοῦ
2545 5590 2776 5663 Ποιητοῦ
2806 5606 2917 5646 om.
2956 5594 3013 5646 Β.
3093 5593 3138 5624 ⁸⁷
3169 5590 3447 5663 προφερο-

184 5632 381 5749 lxxxi;
410 5641 860 5749 Τροσφερομένας
892 5642 952 5697 Β.
1031 5646 1077 5677 ⁸⁸
1108 5632 1437 5714 πάμπολλαί
1460 5632 2349 5722 alii‘Edigiédtﬁ'bfwﬁb'xvéat
2387 5632 2775 5732 eiEi-6:"?
2800 5632 3446 5749 ;;otpzéo'asav':,rrvt;ogz-

350 5721 378 5749 ν
434 5723 594 5749 amna-
628 5725 792 5749 αιιηνει
822 5713 948 5749 οτι-ΜΛ
980 5715 1017 5749 n
1115 5717 1161 5749 το
1200 5718 1558 5749 κρ..,.......ι......
1607 5724 2116 5749 ι-.ἓ----....--ι-.-..1ι
2212 5732 2251 5749 ιη
2290 5730 2348 5749 με.
2476 5732 2488 5749 ρ
2609 5732 2649 5749 η
3168 5733 3193 5743 -ι
3336 5748 3343 5749 ,
3389 5747 3413 5749 _

183 5704 595 5811 ﬁugi‘rmiff‘g-
628 5704 792 5811 5‘51?”
1115 5704 1576 5811 7°‘7'ietxxiupevqb.
2076 5704 2667 5801 iiwniév'ciddi'etuu.

183 5723 378 5789 ρους-αν
410 5723 595 5829 (nios.
628 5725 792 5779 supra
822 5723 948 5785 προ)
1115 5723 1161 5749 ⁷⁰
1200 5723 1576 5791 δεικνυμένην.
1607 5724 1751 5777 ἐπιδε

182 5784 252 5823 m.
285 5790 456 5845 ,ιενοφ
499 5794 579 5830 νει
638 5779 733 5833 Va.
802 5782 1099 5852 Ξενοφωντι
1158 5788 1260 5843 Vb.
1336 5792 1382 5823 7'
1408 5792 1491 5844 ού.
1546 5794 1619 5863 μή
1655 5794 1751 5849 Va.
