4088 6318
154 365 271 427 9ῧὸ

699 358 1139 420 GlUECARUM
1174 355 1478 416 AFFECT.
1514 338 2041 415 CURATIO.—VI
2111 351 2206 413 UE
2242 353 2761 415 PROVIDENTIA
2801 354 2953 414 DEI.

3340 355 3447 419 96.6

157 494 303 548 αιμα
352 476 397 509 δ’
429 477 803 548 ἁμαρτήματα
850 471 1244 544 ἁμαρτάνωσιν
1289 469 1356 523 ⁸³.
1393 466 1508 541 [90]
1553 469 1781 543 Ὅμως.

1854 465 1989 520 Sunt
2017 479 2148 519 vero
2183 466 2276 535 qui
2305 465 2598 520 utilitatem
2639 464 2885 535 capiunt,
2930 480 3231 537 pmnasque
3254 468 3359 523 diis
3388 475 3448 523 ut

154 568 219 621 δι
244 567 314 621 δι’
350 567 663 638 ἀλγηδόνων
690 566 784 621 καὶ
811 564 1019 618 ὀδυνῶν
1061 561 1308 630 γίγνεται
1334 558 1517 621 αὐτοῖς
1542 561 1574 629 ή
1601 556 1744 626 ὠφέο

158 660 309 722 λεια,
359 658 451 712 καὶ⁸
483 657 697 723 ἐνθάδε,
728 657 823 710 καὶ
852 658 908 708 ἐν
942 652 1071 725 ᾅδου
1100 669 1114 683 ⁸
1140 652 1261 705 οὐδὲ
1298 650 1405 719 γάρ
1436 644 1608 701 οἷόντε
1653 647 1746 700 άλ-

164 751 280 812 λως
306 747 529 812 ἀδικίας
547 744 1011 803 ἀπαλλάττεσθαι.
1046 744 1111 798 Οἳ
1140 744 1187 798 δ’
1216 742 1282 797 ἂν
1305 743 1374 795 τά
1402 740 1607 810 ἔσχατα
1633 738 1747 792 ἀδι-

158 842 412 912 κήσωσι,
443 842 541 894 καὶ
573 838 664 892 διά
696 838 766 891 τά
792 835 1018 899 τοιαῦτα
1056 835 1369 904 ἀδικήματα
1396 833 1608 886 άνίατοι
1651 828 1747 899 γέ-

158 946 365 984 νωνται
390 969 407 995 ,
440 932 506 983 ἐκ
533 926 741 982 τούτων
778 926 846 980 τά
878 923 1302 997 παραδείγματα
1333 921 1620 991 γίγνεται-
1652 918 1749 971 καὶ

156 1013 313 1074 οὗτοι
332 1060 349 1084 ,
377 1020 531 1075 αὐτοὶ⁸
560 1020 658 1089 μὲν
701 1017 884 1071 οὐκέτι
913 1017 1186 1069 ὀνίνανται
1214 1013 1385 1078 οὐδὲν,
1420 1012 1515 1065 ἆτε
1538 1010 1747 1064 ἀνίατοι

158 1110 360 1184 ὄντες)
395 1108 545 1163 ἄλλοι
595 1108 653 1161 δὲ
698 1108 974 1162 ὀνίνανται
996 1146 1010 1170 ,
1043 1107 1091 1158 οί
1121 1102 1351 1166 τούτους
1389 1100 1628 1174 ὁρῶντες
1660 1099 1749 1153 διά

159 1199 264 1264 τὰς
297 1200 573 1271 ἁμαρτίας
606 1199 707 1263 τὰς
744 1197 1009 1268 μεγίστας
1045 1194 1094 1228 ⁸⁸
1119 1194 1215 1248 καὶ
1245 1192 1612 1262 ὁδυνηρότατα
1654 1190 1749 1243 καὶ

162 1288 526 1361 φοϐεράηατα
554 1287 670 1361 [τὰ]
692 1288 839 1356 πάθη
866 1285 1196 1355 πάσχοντας,
1218 1283 1313 1336 καὶ
1343 1282 1431 1334 τδν
1455 1284 1538 1334 ἀεὶ
1558 1280 1750 1351 χρόνον

160 1381 411 1452 ἀτεχνῶς
457 1380 881 1450 παραδείγματα
927 1375 1430 1448 ἀνηρτημένους.)
1468 1372 1657 1426 Ταῦτα
1703 1370 1748 1423 δ’

163 1475 344 1527 ἔοικεν
371 1472 401 1524 ό
424 1472 710 1541 φιλόσοφος
736 1472 800 1523 ὲκ
819 1468 928 1521 τῶν
953 1467 1115 1521 θείων
1142 1465 1501 1535 σεσυληκέναι
1518 1462 1748 1531 Λογίων.

166 1567 412 1619 Ἤκουσε
457 1564 567 1634 γὰρ
599 1562 817 1623 πάντως
850 1559 972 1612 τίνα
1022 1559 1069 1590 ⁸⁸
1108 1557 1352 1627 Μωῦσῆς
1397 1559 1424 1610 ὁ
1464 1556 1751 1617 θεσπέσιος

162 1653 449 1725 εἰρηκέναι
472 1651 776 1724 ξυνέγραψε
803 1648 882 1719 τῷ
908 1648 1110 1719 Φαραῷ
1153 1649 1247 1701 τὸν
1275 1647 1428 1712 Θεὸν,
1456 1648 1538 1700 ὅτι
1600 1665 1618 1698 ι
1660 1646 1751 1709 Εἰς

162 1747 301 1800 αὐτδ
335 1744 495 1798 τοῦτο
526 1742 786 1813 ἐξήγειρά
814 1758 905 1803 σε,
932 1742 1077 1803 ὅπως
1120 1738 1447 1805 ἐνδείξωμαι
1496 1740 1553 1791 ὲν
1591 1737 1674 1789 col.
1704 1735 1751 1767 “

162 1839 266 1906 τὴν
295 1834 531 1905 δύναμίν
576 1851 678 1904 μου
703 1872 718 1897 ,
747 1833 841 1908 καὶ
874 1833 1024 1894 ὅπως
1050 1828 1311 1899 διαγγελῇ
1360 1828 1421 1881 τὸ
1449 1827 1621 1897 δνομά
1649 1842 1750 1896 μου

124 1936 135 1943 “
164 1928 223 1978 ἐν
261 1924 416 1994 πάσῃ
452 1926 519 1993 τῇ
556 1925 651 1993 γῇ.
691 1940 709 1973 ι
768 1920 1125 1991 Παμπονήρῳ
1152 1920 1263 1988 γάρ
1290 1934 1372 1969 τοι
1403 1916 1755 1986 γεγενημένῳ

163 2016 363 2087 ἐκείνῳ
394 2014 745 2076 παντοδαπάς
776 2012 1030 2075 κολάσεις
1056 2011 1361 2081 ἐπήνεγκεν
1396 2010 1424 2061 ό
1450 2009 1585 2072 θεός
1606 2025 1619 2039 ·
1655 2008 1754 2077 οὐχ

165 2107 311 2161 ὥστε
355 2109 564 2161 ἐκεῖνον
598 2104 888 2174 ,ἀποφῆναι
924 2102 1175 2174 βελτίονα
1229 2101 1390 2172 (ᾔδει
1444 2099 1553 2170 γὰρ
1587 2098 1753 2153 αὐτοῦ

165 2199 264 2255 καί⁵
295 2199 390 2252 τὸν
421 2197 548 2251 νοῦν
582 2196 874 2249 ἀντίτυπον
898 2235 913 2257 ,
948 2194 1039 2247 καὶ
1073 2193 1135 2245 τὸ
1167 2192 1338 2255 πάθος
1373 2187 1710 2261 ἀνήκεστον)
1737 2230 1752 2254 ,

170 2291 286 2346 ἀλλ’
331 2291 481 2353 ὅπως
521 2289 591 2343 τά
643 2288 772 2358 περὶ
816 2286 1028 2341 ἐκείνου
1060 2284 1375 2356 διηγήματα
1412 2285 1575 2336 πᾶσιν
1610 2282 1756 2352 ὠφε-

165 2381 323 2443 λείας
356 2381 401 2412 ⁵⁷
431 2380 663 2449 γένηται
696 2377 1112 2447 παραδείγματα
1152 2376 1215 2430 ⁸⁸.
1252 2374 1517 2444 Καθάπερ
1555 2374 1662 2444 γὰρ
1696 2374 1753 2427 αί

173 2460 364 2534 πόλεις
410 2468 673 2540 τρέφουσι
711 2467 836 2531 τοὺς
868 2464 1288 2536 δημίους,,ὦστε
1324 2465 1451 2526 τοὺς
1492 2462 1753 2534 ἀνδροφό-

170 2580 297 2627 νους
345 2562 442 2616 καὶ
472 2557 840 2630 τοιχωρύχους
891 2559 984 2612 καὶ
1038 2558 1164 2620 τοὺς
1212 2555 1326 2629 [τὰ]
1373 2556 1419 2588 δ’
1452 2555 1586 2609 ἄλλα
1619 2553 1755 2607 ἀττα

174 2649 634 2722 παρανομοῦντας
678 2649 764 2701 διὰ
791 2647 997 2701 τούτων
1046 2646 1295 2712 κολάζειν
1324 2663 1337 2677 ·
1368 2644 1469 2698 ούκ
1510 2644 1756 2698 ἐπαινοῦ-

174 2758 264 2794 σαι
295 2741 395 2811 μὲν
425 2739 606 2794 αὐτῶν
632 2737 770 2792 ἀλλά
803 2736 899 2790 καὶ
931 2736 1052 2789 λίαν
1099 2734 1355 2806 μισοῦσαι
1386 2736 1486 2802 τὴν
1512 2733 1606 2785 τοῦ
1636 2732 1753 2802 βίου

174 2829 518 2899 προαίρεσιν,
553 2825 881 2894 ἀνεχόμεναι
912 2823 958 2855 ⁵⁸
986 2822 1043 2875 δὲ
1074 2822 1174 2889 τῆς
1208 2819 1411 2873 τούτων
1445 2818 1752 2888 ὑπηρεσίας

174 2918 265 2972 διά
310 2918 412 2988 τὴν
464 2915 695 2986 χρείαν·
755 2912 931 2976 οὕτως
980 2913 1009 2965 δ
1054 2909 1178 2983 [τῆς
1225 2908 1490 2981 μεγίστης
1545 2907 1754 2969 πόλεως

174 3007 353 3081 τοῦδε]
398 3008 439 3039 ⁸⁸
474 3005 568 3059 τοῦ
600 3005 803 3075 κόσμου
850 3002 1151 3075 πρύτανις,
1196 2996 1284 3054 οἷα
1324 3000 1553 3069 δημίους
1600 2996 1753 3061 τινὰς

174 3100 420 3172 γίνεσθαι
455 3099 724 3168 ξυγχωρεῖ
766 3097 812 3128 ⁸¹
842 3096 968 3157 τοὺς
994 3093 1289 3165 τυράννους
1309 3133 1323 3157 ,
1353 3090 1492 3145 ὥστε
1516 3090 1604 3144 διά
1630 3089 1753 3143 τού-

174 3210 283 3246 των
331 3191 525 3263 ποινὴν
580 3189 708 3251 τοὺς
762 3186 1096 3248 ἀσεϐοῦντας
1149 3184 1242 3238 καὶ
1301 3180 1755 3253 παρανομοῦντας
1782 3159 1824 3216 c

177 3282 525 3353 εἰσπράττειν
550 3296 565 3311 ’
600 3277 830 3349 ὕστερον
861 3276 919 3330 δέ
948 3276 1047 3329 καὶ
1074 3273 1299 3336 τούτους
1332 3270 1531 3334 αὐτοὺς
1559 3284 1755 3322 παντε-

177 3372 259 3425 λεῖ
282 3369 623 3443 παραδίδωσι
649 3367 891 3439 τιμωρίᾳ
912 3407 927 3431 ,
960 3364 1262 3435 ἐπειδήπερ
1289 3364 1387 3433 οὐχ
1407 3362 1484 3425 ὡς
1505 3359 1623 3431 Θεῷ
1642 3359 1757 3411 δια-

179 3464 482 3526 κονοῦντες,
513 3460 628 3516 ἀλλ’
648 3460 825 3530 οἰκεία
849 3458 1086 3529 πονηρία
1114 3456 1478 3517 δουλεύοντες,
1508 3452 1580 3506 τά
1602 3451 1754 3505 δεινά

179 3556 359 3609 ἐκεῖνα
382 3552 704 3624 δεδράκασιν
724 3550 790 3605 ⁸³.
809 3548 1001 3611 Οὕτως
1029 3547 1388 3619 ἡμαρτηκότα
1416 3544 1505 3597 τὸν
1541 3540 1756 3615 Ἰσραὴλ

179 3648 243 3716 τῇ
270 3645 379 3697 τῶν
428 3642 733 3711 ’Δσσυρίων
762 3639 1009 3710 ὠμότητι
1043 3637 1426 3707 παραδέδωκεν
1453 3634 1499 3667 ⁸⁸
1519 3650 1532 3664 ·
1567 3630 1753 3701 ἐπειδὴ

178 3736 234 3789 δὲ
275 3730 426 3789 οὗτοι
465 3733 563 3803 τῆς
606 3729 876 3801 τιμωρίας
928 3730 990 3781 ού
1045 3727 1345 3795 διέγνωσαν
1392 3724 1483 3778 τὸν
1530 3724 1754 3789 σκοπὸν,

178 3826 482 3895 τηνικαῦτα
530 3825 625 3877 καὶ
668 3821 874 3876 τούτων
912 3817 1226 3881 καταλύσας
1269 3816 1369 3887 τὴν
1413 3814 1752 3877 δυναστείαν,

180 3917 384 3988 ἑτέροις
442 3912 715 3967 δουλεύειν
769 3912 1072 3979 ἠνάγκασε.
1123 3907 1233 3961 Καὶ
1285 3906 1460 3966 ταῦτα
1528 3906 1754 3969 Ἡσαΐας

179 4007 271 4058 καὶ
314 4002 580 4071 Ἱεζεκιὴλ
614 4002 708 4054 καὶ
742 3999 941 4061 πάντες
969 3999 1018 4050 οἱ
1051 3996 1331 4067 προφῆται
1360 3995 1654 4066 διαρρήδην
1679 3994 1756 4046 δι-

178 4096 458 4150 δάσκουσιδ
495 4096 627 4163 παρ’
668 4085 743 4145 ὧν
769 4132 782 4156 ,
820 4086 996 4159 οἶμαι,
1031 4089 1059 4142 ὁ
1093 4088 1319 4141 Πλάτων
1359 4088 1457 4148 τὰς
1499 4086 1755 4157 ἀφορμὰς

179 4185 478 4254 κεκλοφὼς,
498 4183 602 4253 ἔφη
634 4184 761 4245 τοὺς
802 4180 1034 4240 ἀνιάτως
1076 4176 1458 4247 διακειμένους
1500 4178 1579 4237 είς
1607 4175 1754 4244 ὠφέ-

178 4274 322 4329 λειαν
346 4276 555 4346 ἐτέρων
586 4272 956 4327 παιδεύεσθαι.
990 4272 1110 4324 Κάν
1133 4269 1212 4339 τῷ
1245 4268 1481 4337 Φιλήϐῳ
1505 4269 1562 4322 δὲ
1595 4268 1756 4323 πάλιν

178 4364 266 4418 τὸν
293 4367 426 4435 περὶ
446 4365 546 4434 τῆς
571 4362 831 4435 Προνοίας
856 4361 1120 4433 ἐκράτυνε
1142 4359 1314 4428 λόγον·
1350 4379 1368 4410 ι
1397 4359 1602 4421 Πάντες
1624 4359 1752 4429 γὰρ,

1857 558 2174 613 hominibus
2199 558 2358 611 luunt
2388 575 2401 611 :
2430 558 2466 612 ii
2490 557 2769 622 videlicet,
2811 558 2906 626 qui
2930 559 3195 613 sanabilia
3223 570 3450 631 peccata

1854 651 2188 719 peccaruntl,
2235 648 2439 718 quibus
2490 656 2673 703 tamen
2722 649 2943 703 nonnisi
2980 664 3080 719 per
3124 650 3343 705 dolores
3394 659 3453 706 ct

1855 740 2135 795 cruciatus
2162 748 2218 795 et
2248 740 2305 794 in
2337 740 2442 795 hac
2465 740 2578 794 vita
2610 749 2667 795 et
2696 740 2841 810 apud
2879 740 3088 795 infems
3123 742 3332 797 utilitas
3358 742 3449 797 illa

1854 832 2144 902 contingit.
2180 832 2370 902 Neque
2403 832 2551 887 enim
2585 832 2748 885 aliter
2790 841 3021 901 possunt
3057 833 3127 886 ab
3158 833 3451 903 iniquitate

1854 922 2085 992 expiari.
2108 920 2212 988 Qui
2245 936 2379 976 vero
2402 930 2649 976 extrema
2684 921 2934 991 quaedam
2962 922 3324 987 admiserunt,
3358 933 3453 978 ιιι-ο
3484 990 3486 992 τ

1855 1029 1963 1083 que
1988 1014 2060 1068 ob
2081 1014 2393 1084 hujusmodi
2422 1022 2645 1085 peccata
2676 1012 3011 1068 insanabiles
3038 1012 3165 1068 facti
3187 1023 3336 1079 sunt,
3380 1016 3449 1070 ab

1856 1104 1947 1159 his
1974 1104 2220 1173 exempla
2250 1104 2372 1158 aliis
2397 1104 2557 1159 ﬁunt.
2600 1105 2779 1175 Atque
2808 1104 2865 1159 hi
2889 1105 3123 1174 quidem
3158 1106 3452 1161 utilitatem

1851 1188 2097 1264 iamipsi
2157 1194 2361 1248 nullam
2388 1195 2635 1263 capiunt,
2660 1203 2850 1265 utpote
2882 1194 3220 1253 insanabiles
3247 1212 3259 1247 :
3283 1194 3450 1265 857

1857 1285 1950 1339 alii
1979 1294 2161 1340 tamen
2187 1285 2313 1339 inde
2341 1285 2661 1355 proﬁciunt,
2690 1285 2783 1354 qui
2813 1286 2914 1340 hos
2931 1286 3136 1351 vident,
3177 1287 3249 1341 ob
3279 1287 3455 1339 maxi-

1857 1364 1946 1429 ma
1971 1390 2163 1430 eorum
2208 1383 2454 1445 peccata,
2492 1375 2791 1430 horribiles
2824 1382 2880 1430 et
2922 1374 3307 1431 acerbissimas
3336 1378 3450 1445 pall

1856 1480 2082 1535 poenas,
2114 1464 2561 1534 sempiternoque
2600 1473 2845 1535 tempore
2885 1465 2953 1519 ad
2983 1467 3292 1536 exemplum
3322 1466 3454 1521 sub-

1857 1557 1997 1610 latos
2052 1571 2191 1612 esse.
2227 1574 2246 1607 »
2286 1554 2520 1611 Videtur
2544 1565 2735 1610 autem
2771 1557 3134 1627 philosophus
3157 1556 3325 1612 lusce
3365 1572 3452 1613 sa—

1857 1645 1967 1701 cris
1994 1646 2368 1701 voluminibus
2418 1646 2743 1702 suﬂ‘uratus.
2789 1647 3027 1701 Prorsus
3052 1647 3201 1701 enim
3234 1646 3452 1701 audivit

1858 1752 1980 1808 quae
2018 1738 2314 1807 deiloquus
2352 1738 2530 1793 Moses
2563 1738 2789 1807 scripsit
2834 1738 3106 1792 Pharaoni
3152 1739 3327 1793 Deum
3365 1740 3453 1795 di-

1786 1833 1826 1891 B
1854 1829 2037 1884 xisse:
2073 1847 2092 1881 ι
2116 1829 2174 1883 1η
2205 1829 2311 1884 hoc
2350 1830 2530 1899 ipsum
2575 1838 2627 1883 te
2672 1830 2949 1893 excitavi,
2985 1839 3045 1884 ut
3072 1831 3356 1886 ostendam
3393 1830 3451 1886 in

1858 1928 1912 1974 te
1961 1919 2264 1989 potentiam
2326 1934 2549 1983 meam,
2610 1926 2667 1973 et
2718 1928 2778 1974 ut
2830 1921 3195 1975 annunlietur
3245 1937 3449 1977 nomen

1857 2026 2041 2065 meum
2074 2010 2131 2085 in
2159 2009 2416 2063 universa
2448 2020 2593 2065 terra
2616 2008 2664 2063 ιι.
2707 2030 2725 2063 ι
2762 2010 2846 2065 llli
2880 2011 3029 2065 enim
3054 2013 3450 2075 scelestissimo

1849 2102 1962 2172 jam
1985 2102 2180 2155 effecto
2208 2101 2388 2156 varias
2426 2102 2572 2156 Deus
2618 2116 2682 2155 ac
2711 2102 3044 2172 multiplices
3072 2118 3267 2172 pmnas
3304 2103 3452 2157 intu-

1854 2193 1940 2257 lit,
1964 2208 2073 2247 non
2112 2201 2171 2246 ut
2202 2192 2357 2247 illum
2392 2199 2677 2247 meliorem
2705 2193 2947 2249 elliceret
2967 2195 3149 2262 (norat
3182 2196 3330 2251 enim
3349 2196 3453 2251 du-

1855 2283 2131 2338 rissimam
2167 2284 2289 2353 ejus
2344 2294 2584 2339 mentem
2626 2284 2995 2355 morbumque
3040 2285 3449 2358 insanabilem),

1855 2373 1951 2428 sed
1991 2384 2054 2427 ut
2076 2390 2140 2428 ea
2172 2389 2293 2444 quae
2316 2374 2445 2430 olim
2479 2374 2547 2429 de
2599 2374 2718 2443 ipso
2746 2377 3021 2431 narranda
3060 2384 3258 2442 erant,
3294 2378 3452 2434 utilia

1854 2464 2069 2518 cunctis
2100 2464 2347 2533 exempla
2373 2464 2587 2519 ﬂerent.
2622 2465 2774 2519 Sicut
2813 2467 2962 2521 enim
2995 2466 3248 2535 civitates
3270 2468 3453 2522 carni-

1854 2552 1985 2609 ﬁces
2010 2555 2183 2620 alunt,
2215 2569 2315 2624 per
2346 2570 2485 2625 quos
2520 2564 2577 2611 et
2616 2557 2941 2626 parricidas,
2975 2567 3030 2612 et
3077 2558 3322 2614 latrones
3345 2601 3358 2627 ,
3394 2567 3453 2614 et

1855 2646 1979 2719 aliis
2025 2646 2333 2701 sceleribus
2372 2647 2756 2718 delinquentes
2780 2690 2794 2714 ,
2832 2666 2994 2720 poena
3041 2650 3305 2716 alliciunt,
3338 2668 3450 2715 non

1854 2732 2142 2787 laudantes
2160 2734 2406 2803 quidem,
2425 2734 2517 2788 sed
2544 2751 2770 2790 exosum
2797 2736 3065 2791 habentes
3086 2737 3211 2791 vitae
3228 2737 3447 2791 illorum

1853 2823 2189 2886 institutum,
2220 2840 2411 2878 eorum
2440 2833 2620 2878 tamen
2651 2826 3016 2879 ministerium
3048 2827 3120 2881 ob
3146 2828 3450 2893 necessita-

1855 2918 1966 2967 tem
1993 2912 2347 2967 admittentes
2376 2930 2389 2965 :
2425 2913 2498 2968 ita
2525 2921 2581 2968 et
2604 2930 2811 2985 magna:
2838 2915 3032 2969 mundi
3057 2916 3221 2986 hujus
3248 2917 3449 2972 civita-

1857 3003 1929 3057 tis
1959 3002 2338 3068 Gubernator,
2394 3013 2654 3075 tyrannos
2709 3020 2810 3059 ceu
2861 3008 3148 3061 carnilices
3181 3007 3448 3078 quosdam

1855 3106 1976 3146 esse
2014 3092 2240 3161 patitur,
2278 3100 2339 3146 ut
2370 3108 2469 3162 per
2488 3109 2583 3148 eos
2618 3093 2687 3148 ab
2722 3094 2906 3165 impiis
2934 3106 2988 3151 et
3024 3096 3229 3166 iniquis
3269 3097 3450 3153 homi-

1856 3182 2022 3237 nibus
2046 3198 2238 3252 pmnas
2260 3185 2440 3253 exigat
2478 3202 2490 3237 :
2540 3200 2664 3239 mox
2690 3195 2874 3242 tamen
2903 3189 3127 3245 eosdem
3169 3191 3318 3261 ipsos
3354 3206 3450 3246 ex-

1855 3273 2134 3328 actissimo
2155 3274 2453 3329 traditurus
2468 3282 2552 3329 est
2574 3276 2845 3345 supplicio
2868 3296 2879 3330 :
2900 3279 3103 3349 quippe
3122 3282 3240 3351 qui,
3254 3298 3364 3336 non
3387 3291 3448 3337 ut

1855 3364 1950 3419 Dei
1974 3364 2231 3428 ministri,
2265 3365 2360 3420 sed
2392 3381 2504 3421 sum
2538 3367 2783 3435 ipsorum
2819 3368 3157 3438 improbitati
3200 3372 3447 3425 servien-

1857 3466 1960 3521 tes,
1982 3473 2122 3512 saava
2155 3458 2244 3512 illa
2271 3458 2597 3512 intulerunt.
2631 3457 2800 3528 858
2820 3459 2897 3513 Ita
2924 3470 3245 3528 peccantem
3269 3461 3446 3517 Israc-

1855 3547 1961 3602 lem
2004 3548 2351 3620 Assyriorum
2401 3548 2622 3603 smvitize
2673 3549 2921 3608 tradidit.
2960 3550 3099 3616 Quia
3150 3567 3283 3606 vero
3316 3567 3448 3606 cau-

1856 3654 1970 3693 sam
2002 3646 2059 3692 et
2110 3640 2199 3694 isti
2255 3652 2430 3709 paenae
2459 3639 2607 3694 illius
2649 3656 2759 3694 non
2801 3651 3195 3713 cognoverunt,
3248 3644 3443 3719 horum

1856 3730 2019 3783 etiam
2061 3730 2353 3800 imperium
2387 3739 2672 3794 evertens,
2718 3732 2840 3786 aliis
2866 3748 2962 3787 eos
2995 3734 3205 3789 servire
3241 3738 3441 3807 coegit.

1855 3820 2033 3890 Atque
2060 3821 2175 3875 hac
2197 3822 2426 3886 lsaiasi,
2468 3831 2524 3877 et
2553 3822 2807 3877 Ezechiel
2831 3824 2844 3872 ἰ
2864 3865 2876 3889 ,
2911 3831 2967 3879 et
2990 3840 3183 3881 omnes
3211 3829 3450 3898 prophe-

1857 3918 1926 3963 tae
1967 3911 2314 3980 apertissime
2344 3912 2573 3977 docent;
2610 3927 2641 3965 a
2694 3912 2917 3981 quibus,
2962 3924 3027 3969 ut
3060 3915 3277 3984 opinor,
3311 3910 3449 3975 seri;

1858 3998 2022 4053 bendi
2053 4001 2398 4055 occasionem
2439 4001 2749 4069 surripicns
2776 4002 2952 4065 Plato,
2986 4019 3082 4057 eos
3108 4007 3200 4073 qui
3227 4006 3449 4062 insana-

1856 4091 1995 4146 biles
2022 4090 2151 4145 facti
2180 4097 2326 4155 sunt,
2371 4090 2438 4145 ad
2479 4091 2715 4145 aliorum
2753 4092 3045 4147 utilitatem
3092 4096 3253 4163 plecti
3286 4097 3446 4153 dixit.

1855 4182 2061 4237 lterum
2090 4184 2118 4261 “
2138 4197 2271 4236 vero
2296 4191 2351 4236 et.
2380 4182 2436 4235 in
2477 4182 2692 4236 Philebo
2728 4184 3096 4240 Providentia:
3137 4187 3447 4262 doctrinam

1856 4264 2200 4328 conﬁrmavit
2231 4272 2304 4343 (p.
2343 4272 2414 4327 28
2440 4272 2503 4343 C)
2536 4291 2549 4326 :
2596 4292 2615 4325 ι
2651 4273 2855 4329 Omnes
2885 4276 3061 4339 enim,
3114 4278 3324 4346 inquit,
3362 4294 3449 4334 sa-

1857 4364 2072 4434 pientes
2093 4364 2471 4427 consentiunt,
2501 4379 2622 4419 sese
2646 4366 2794 4434 ipsos
2838 4381 3027 4420 revera
3070 4367 3445 4434 honestantes,

180 4456 331 4526 ςιησὶ,
366 4452 746 4525 ξυμφωνοῦσιν
774 4453 822 4507 οἱ
861 4452 1017 4521 σοφοὶ
1038 4491 1052 4515 ,
1090 4451 1259 4513 δντως
1294 4452 1519 4513 ἑαυτοὺς
1556 4449 1755 4521 σεμνύ-

1865 4454 2203 4509 intellectum
2248 4470 2432 4525 regem
2482 4455 2607 4509 cmli
2658 4470 2722 4509 ac
2768 4465 2928 4511 terrae
2976 4458 3135 4512 nobis
3181 4474 3301 4513 esse
3336 4478 3347 4512 :
3385 4476 3451 4515 ac

180 4564 355 4610 νοντες
378 4586 393 4610 ,
426 4546 511 4613 ὼς,
532 4544 655 4608 νοῦς
681 4545 798 4597 ἐστι
829 4540 1081 4613 βασιλεὺς
1115 4542 1249 4611 ἡμῖν
1288 4540 1521 4610 ούρανοῦ
1558 4557 1617 4593 τε
1664 4540 1761 4594 καὶ

1867 4542 2101 4597 fortasse
2135 4543 2276 4597 bene
2306 4545 2482 4597 aiunt.
2516 4544 2781 4598 lllinutius
2811 4552 3016 4608 autem,
3049 4546 3094 4599 si
3122 4548 3225 4611 vis,
3269 4547 3449 4616 ipsum

178 4638 298 4708 γῆς.
328 4637 444 4691 Καὶ
474 4635 606 4697 ἴσως
634 4630 695 4688 εὖ
745 4634 983 4702 λέγουσι.
1024 4632 1124 4708 Διά
1163 4631 1540 4703 σμικροτέρων
1584 4630 1675 4693 δὲ.
1710 4633 1758 4685 εί

183 4731 357 4801 βούλει
384 4731 454 4795 ⁸⁵,
499 4729 599 4799 τὴν
632 4726 920 4795 ἐπίσκεψιν
965 4705 1132 4779 αὑτοῦ
1168 4724 1263 4777 τοῦ
1302 4722 1491 4792 γένους
1520 4722 1762 4793 ποιησώ-

184 4823 339 4892 μεθα.
380 4841 399 4873 ι
453 4816 588 4874 Εἶτα
618 4817 995 4889 ξυλλογισμοῖς
1022 4815 1361 4886 παμπόλλοις
1394 4815 1758 4886 χρησάμενος,

183 4912 423 4982 ἐπήγαγε
449 4907 645 4962 ταῦτα’
685 4926 704 4957 ι
739 4905 930 4959 Βούλει
958 4904 1015 4958 δὲ
1062 4906 1155 4959 καὶ
1189 4907 1353 4976 ἡμεῖς
1379 4908 1491 4969 τοῖς
1526 4904 1761 4975 πρόσθεν

181 5000 619 5073 ὡμολογημένοις
647 4999 1019 5070 ξυμφήσωμεν
1041 4998 1109 5064 ⁸⁸,
1129 4996 1204 5062 ὡς
1232 4997 1406 5051 ταῦτα
1427 4996 1599 5060 οὕτως
1624 4995 1757 5066 ἔχει,

249 5162 274 5202 ¹³
307 5158 482 5216 Exod.
518 5174 593 5225 1x,
625 5156 711 5211 16.

1863 4647 2037 4707 genus
2061 4632 2433 4703 inspiciamus.
2462 4652 2480 4683 ι
2508 4633 2648 4687 Tum
2673 4635 3093 4704 quamplurimis
3121 4637 3450 4708 syllogismis

1858 4739 2012 4787 usus,
2038 4723 2155 4778 haec
2184 4723 2431 4795 adjunxit
2462 4741 2475 4777 :
2516 4743 2533 4774 ι
2573 4724 2760 4788 Visne,
2793 4733 2854 4778 ut
2878 4733 2933 4779 et
2953 4740 3054 4781 nos
3078 4726 3147 4780 iis
3171 4743 3292 4796 qua:
3322 4737 3447 4784 ante

1858 4815 2162 4885 approbata
2219 4824 2350 4871 sunt
2376 4815 2773 4879 assentiamur,
2811 4817 2958 4885 quod
2996 4817 3114 4872 haec
3153 4818 3228 4871 ita
3264 4834 3321 4872 se
3353 4818 3451 4873 ha-

1857 4904 2025 4959 beant
2052 4922 2065 4961 :
2092 4920 2271 4975 neque
2307 4907 2485 4961 solum
2532 4914 2791 4976 putemus
2828 4907 3006 4962 aliena
3046 4908 3167 4962 sine
3200 4909 3449 4979 periculo

1860 4998 2046 5054 dicere
2095 5014 2199 5055 nos
2247 5008 2525 5069 oportere,
2573 4999 2669 5055 sed
2705 5007 2761 5053 et
2798 5014 3088 5056 commune
3133 5002 3446 5071 periculum

800 5159 815 5197 ί
854 5156 960 5211 lsa.
995 5172 1034 5222 ι,
1069 5154 1094 5208 1
1134 5170 1286 5226 seqq.
1367 5153 1381 5205 i
1424 5153 1625 5209 Ezech.
1660 5170 1776 5222 xm,
1813 5155 1837 5208 l
1874 5170 2027 5226 seqq.

1467 5319 1706 5375 VARl/E
1747 5320 2185 5381 LECTlONES».

253 5458 369 5545 ⁶²⁸οἶ
396 5457 772 5556 ἆνιὶἑῖιμαίιοξ
795 5455 1132 5556 δ’ἀνιάσιμαι
1151 5454 1215 5556 (ἐι
1290 5455 1336 5488 “
1366 5455 2214 5556 ἁμαρτάνωσινίτάμαρτάγουσιη
2465 5460 2563 5522 τας
2600 5458 2881 5556 μξγιίστας.
2938 5461 3004 5514 τά
3058 5461 3292 5556 μέγιστα
3342 5464 3446 5556 V2.

191 5527 235 5560 δ’
260 5530 395 5583 τίνα.
421 5530 473 5583 τί
502 5525 614 5584 νὴ(
678 5526 724 5557 ⁸⁸
748 5528 806 5578 ὲν
839 5525 939 5579 σοί.
972 5527 1050 5586 είς
1076 5525 1133 5578 σέ
1163 5525 1327 5580 Sirm.

193 5600 625 5668 παραδείγματος
686 5597 783 5668 Ya.
821 5594 1249 5668 _1ta9a65l79.a1:_t
1313 5595 1417 5651 Vb.

1430 5528 1449 5559 ⁷
1486 5527 1727 5598 ἀφέλιμα
1757 5527 1857 5581 Va.
1888 5527 1991 5598 pro
2015 5529 2302 5597 ὠφελείας.

1519 5595 1571 5669 δέ
1743 5612 1854 5651 om.
1889 5595 1955 5653 Ὁ.
1981 5667 2003 5669 _
2035 5595 2085 5630 ⁵⁸
2120 5599 2465 5668 ἀνεχόμεναι,
2507 5595 2901 5669 ἀναδεχόμεναι
2932 5595 3097 5656 Sirni.

2378 5529 2425 5562 ⁸⁸
2484 5530 2929 5601 παραδείγματα.
2985 5530 3250 5602 παράδειγ
3300 5552 3333 5586 α
3380 5534 3444 5590 C.

2378 5617 2465 5661 ναι,
2507 5599 2901 5673 ἀναδεχόμεναι
2932 5600 3132 5673 Sirnl._
3178 5602 3220 5634 "
3253 5551 3447 5673 Fu];—

386 5658 474 5723 οἱιῖ
530 5658 623 5743 Va.
700 5666 745 5697 ⁵⁸
775 5658 1027 5743 γίνεσθαι
1045 5658 1360 5743 gms-(tam.
1387 5658 1641 5743 ye_v£g_0¢i_t
1670 5658 1941 5743 ξυγχωρεῖ
1967 5667 2068 5743 C._
2113 5670 2159 5700 ⁵³
2196 5658 2554 5743 δεδράκασινέ
2592 5658 2915 5740 δεδράκασιν
2957 5670 3055 5743 Ci,
3095 5669 3142 5702 ”
3204 5658 3439 5743 πᾶρᾷἷςέ-

191 5734 376 5792 Guar}.
425 5737 741 5807 παρέδωκεν
780 5734 845 5789 C.

920 5735 965 5765 "
1002 5724 1208 5803 βόῦλειῗ
1232 5724 1483 5807 βούλῃὈ.
1524 5736 1570 5768 ⁸⁸
1611 5724 2003 5808 ξυμιρίῖσωμεν.
2044 5724 2399 5809 ξυμφήσόμεν
2427 5739 2489 5793 C.
2529 5724 3169 5811 Eupetuv'ﬂawpevSirm.
