4112 6374
669 310 772 374 96Ἱ

1647 297 2129 360 THEODORETI
2168 297 2506 359 EPISCOPI
2544 298 2585 358 (ἑ
2598 297 2907 360 ΠίΕΝδῐΞ

3816 304 3919 367 968

669 425 879 488 subire,
909 429 1295 488 consortesque
1339 416 1573 480 infamim
1601 415 1739 479 fieri,
1769 416 1813 469 si
1845 431 1929 468 νη·
1958 403 2138 483 gravis
2157 412 2236 502 d'k

2341 415 2435 467 καὶ
2457 413 2533 485 μὴ
2570 413 2731 483 μόνον
2755 413 2996 482 οἰώμεθα
3015 413 3124 466 δεῖν
3145 413 3210 467 τά
3237 414 3492 487 ἀλλότρια
3512 418 3642 471 ἄνευ
3675 420 3914 473 κινδύνου

668 523 758 570 cat
789 515 903 567 haec
925 528 1033 566 non
1076 511 1151 564 ita
1181 496 1488 572 seiiabere,
1521 507 1616 560 sed
1639 505 1918 559 incondita
1950 503 2096 558 esse?
2129 527 2146 554 ι
2177 496 2254 556 Εἰ·

669 613 792 675 post
819 605 921 658 alia
951 603 1185 672 plurima
1214 601 1329 655 haec
1361 599 1526 654 etiam
1566 596 1778 651 addidit
1813 613 1826 648 :
1871 615 1888 647 ι
1920 595 2107 663 ltaque
2139 593 2245 647 nisi

670 697 776 750 hoc
796 702 899 758 est,
929 693 1078 747 illam
1105 701 1399 760 sequentes
1436 689 1702 743 rationem
1735 685 1930 741 melius
1959 685 2149 754 utique
2165 683 2248 737 dis

669 799 939 847 ceremus,
968 798 1088 837 esse
1112 781 1392 844 videlicet,
1419 777 1566 848 quod
1588 791 1730 847 saepe
1749 778 1858 846 jam
1893 774 2152 837 diximus,
2191 781 2248 827 et

668 875 941 929 infinitum
978 874 1034 929 in
1063 873 1355 936 universo,
1391 871 1625 924 multum
1655 883 1784 922 sane
1806 907 1820 932 ,
1852 875 1908 921 et
1941 865 2104 920 finem
2135 879 2248 918 ma-

667 965 896 1028 ximum,
925 963 1327 1033 quamdamque
1366 959 1506 1029 ipsis
1541 957 1806 1013 incubare
1839 972 1951 1010 non
1995 963 2242 1010 contem-

669 1053 909 1108 nendam
939 1067 1157 1107 causam
1180 1060 1208 1114 ,'
1253 1065 1374 1119 qua:
1404 1056 1563 1104 ornat
1616 1047 2001 1117 connectitque
2049 1061 2242 1109 annos,

668 1159 906 1208 menses,
944 1151 999 1197 et
1047 1143 1243 1205 horas,
1275 1155 1508 1209 quaeque
1561 1138 1822 1209 sapientia
1859 1145 1915 1191 et
1956 1135 2243 1190 intellectus

665 1242 1035 1304 nuncupatur.
1077 1251 1095 1284 ι
1140 1232 1267 1287 Hac
1292 1240 1498 1295 autem,
1530 1231 1672 1285 sicut
1717 1229 1975 1298 pleraque
2018 1227 2144 1289 alia,
2175 1225 2244 1280 de

665 1324 890 1379 ﬂuentis
911 1310 1387 1394 859'Hebraicis
1417 1322 1619 1376 hausit.
1656 1321 1751 1375 illa
1783 1321 1929 1376 enim
1957 1318 2243 1373 manifeste

667 1415 869 1469 docent
894 1415 916 1453 ι
945 1414 1114 1467 Deum
1169 1411 1436 1480 sapientia
1477 1420 1676 1464 terram
1704 1410 1984 1471 fundasse,
2013 1417 2069 1462 et
2101 1423 2241 1478 prae-

668 1522 892 1577 parasse
919 1505 1085 1558 caelos
1123 1506 1175 1556 in
1211 1503 1513 1565 intellectu,
1546 1509 1601 1556 et
1627 1502 1730 1555 alia
1758 1517 1879 1570 qua:
1901 1499 2244 1570 subsequun-

666 1607 774 1650 tur.
811 1597 870 1650 in
920 1595 1135 1664 Legibus
1182 1603 1394 1656 autem,
1444 1592 1803 1661 philosophus
1856 1590 2001 1644 idem
2047 1589 2244 1643 dividit

664 1699 919 1741 naturam
970 1686 1263 1748 bonorum,
1316 1683 1666 1752 ostenditque
1709 1683 1814 1736 alia
1853 1680 2075 1751 quidem
2121 1695 2240 1735 esse

663 1778 928 1839 humana,
950 1776 1056 1829 alia
1085 1788 1217 1827 vero
1250 1772 1456 1826 divina.
1489 1771 1580 1825 Sic
1598 1771 1744 1825 enim
1781 1772 1857 1823 ait
1889 1771 1964 1838 (p.
1995 1768 2091 1822 63l
2135 1766 2195 1838 Β)
2223 1786 2235 1820 :
2272 1755 2311 1808 Β

671 1888 690 1920 ι
725 1867 976 1937 Duplicia
1035 1874 1162 1921 sunt
1208 1864 1384 1927 bona,
1423 1864 1527 1916 alia
1571 1861 1827 1924 humana,
1880 1861 1984 1913 alia
2031 1859 2234 1913 divina.

662 1959 913 2014 Pendeat
939 1970 1120 2011 autem
1149 1971 1180 2010 e
1213 1955 1413 2008 divinis
1440 1957 1561 2022 quae
1584 1960 1712 2007 sunt
1737 1954 1964 2006 alterius
1992 1954 2235 2023 generis.

662 2050 817 2116 Quod
849 2049 892 2102 si
920 2049 1044 2117 quis
1083 2048 1286 2117 majora
1317 2045 1551 2108 obtinet,
1587 2043 1831 2112 possidet
1873 2044 2136 2098 continuo
2181 2052 2238 2098 et

662 2138 874 2191 minora
913 2154 926 2189 :
954 2135 1040 2189 sin
1069 2134 1250 2190 minus
1270 2176 1283 2199 ,
1307 2135 1558 2204 privatur
1582 2134 1853 2201 utrisque.
1892 2132 2100 2187 Minora
2130 2149 2232 2187 au-

661 2237 770 2283 tem
797 2229 976 2296 primo
1004 2228 1126 2281 loco
1156 2226 1383 2289 sanitas,
1409 2224 1648 2279 secundo
1673 2223 2045 2294 pulchritudo,
2077 2226 2238 2279 tertio

661 2320 911 2388 corporis
949 2318 1142 2382 robur,
1178 2317 1245 2370 ad
1274 2330 1493 2369 cursum
1521 2322 1810 2382 motusque
1840 2315 1980 2368 alios
2011 2318 2235 2369 univer-

659 2425 786 2476 sos;
813 2419 1009 2481 quarto
1034 2416 1216 2463 autem
1243 2408 1364 2460 loco
1393 2405 1603 2467 Plutus,
1637 2419 1748 2457 non
1780 2402 1871 2457 ille
1904 2420 2099 2470 aecus,
2138 2406 2234 2460 sed

659 2501 1036 2557 acutissimum
1069 2497 1284 2561 videns,
1317 2496 1364 2551 si
1411 2497 1607 2551 ducem
1665 2493 2008 2563 prudentiam
2036 2510 2232 2565 sequa-

2345 505 2544 572 λέγειν,
2575 505 2709 558 ἀλλὰ
2742 506 2836 558 καὶ
2869 503 3397 574 ξυγκινδυνεύσωμεν
3424 509 3518 561 καὶ
3558 511 3916 580 μετασχιῖψεν

2345 596 2439 649 τώ
2469 594 2673 663 ψόγου.
2714 598 2840 648 ὅταν
2882 596 3023 666 ἀνὴρ
3065 597 3236 660 δεινὸς
3271 600 3344 668 φῇ
3382 597 3554 652 ταῦτα
3603 599 3679 670 μὴ
3707 601 3913 666 οὕτως,

2345 687 2459 740 ἀλλ’
2493 687 2745 751 ἀτάκτως
2777 687 2951 756 εχει-ις
2994 706 3012 737 ι
3055 688 3162 741 Καὶ
3199 689 3403 759 ἑτέροις
3426 689 3482 742 δὲ
3513 690 3788 748 πλείστοις
3825 691 3913 744 λό-

2345 800 2459 852 γοις
2489 784 2855 854 χρησάμενος,
2885 783 2981 835 καὶ
3007 785 3180 838 ταῦτα
3215 782 3624 855 προστέθεικενο
3658 805 3676 836 ι
3706 785 3915 838 Οὐκοῦν

2344 877 2393 928 εί
2429 875 2505 946 μὴ
2554 873 2747 939 τοῦτο,
2787 875 2903 944 μετ’
2953 875 3164 930 ἐκείνου
3199 876 3293 929 τοῦ
3334 876 3492 944 λόγου
3541 876 3608 930 ἂν
3658 877 3914 946 ἑπόμενοι

2347 961 2552 1030 βέλτιον
2581 962 2854 1033 λέγοιμεν,
2883 963 2959 1025 ὡς
2989 963 3154 1031 ἐστιν,
3186 965 3215 1018 δ
3245 965 3501 1027 πολλάκις
3532 966 3576 997 ⁸⁷
3619 965 3734 1037 [91]
3768 968 3914 1036 είρὴ-

2343 1069 2543 1123 καμεν,
2596 1055 2820 1125 ἀπειρόν
2865 1071 2927 1107 τε
2976 1056 3035 1106 ὲν
3077 1055 3156 1125 τῷ
3202 1055 3364 1110 παντὶ
3396 1056 3566 1117 πολὺ,
3613 1057 3709 1109 καὶ
3742 1057 3914 1125 πέρας

2346 1143 2544 1196 ἱκανόν·
2577 1144 2668 1196 καί
2693 1160 2775 1206 τις
2810 1144 2897 1196 ἐπ’
2923 1145 3106 1208 αὐτοῖς
3131 1147 3280 1199 αἰτία
3307 1147 3366 1200 οὐ
3400 1145 3598 1214 φαύλη,
3631 1146 3913 1213 κοσμοῦσά

2342 1250 2399 1285 τε
2433 1234 2527 1286 καὶ
2567 1232 2904 1298 ξυνάπτουσα
2947 1236 3223 1300 ἐνιαυτούς
3272 1254 3332 1289 τε
3376 1231 3469 1290 καὶ
3497 1235 3543 1268 ⁸⁸
3599 1237 3776 1306 μῆνας
3819 1240 3910 1290 καὶ

2343 1320 2511 1391 ὠρας,
2544 1325 2730 1389 σοφία
2754 1322 2848 1376 καὶ
2867 1323 3011 1390 νοῦς
3042 1324 3330 1394 λεγομένη.
3365 1343 3383 1376 ι
3419 1327 3528 1380 Καὶ
3560 1324 3732 1378 ταῦτα
3763 1327 3816 1378 δὲ
3849 1329 3912 1380 ὲκ

2341 1413 2447 1466 τῶν
2491 1413 2796 1482 Ἑϐραϊκῶν
2826 1416 3083 1486 ναμάτων
3127 1417 3469 1487 ἀρυσάμενος
3503 1418 3637 1487 ἔχει.
3699 1419 3913 1472 Ἐκεῖνα

2342 1503 2448 1573 γὰρ
2483 1503 2723 1557 διδάσκει
2763 1505 2968 1574 σαφῶς,
3003 1505 3080 1569 ὡς
3123 1509 3151 1560 ὁ
3195 1507 3328 1570 Θεὸς
3362 1507 3685 1577 ὲθεμελίωσε
3719 1513 3785 1580 τῇ
3820 1528 3911 1564 σο-

2343 1595 2440 1664 φίᾳ
2466 1596 2511 1626 ⁵³
2540 1594 2640 1665 τὴν
2667 1597 2797 1665 γῆν,
2828 1596 3089 1667 ἡτοίμασε
3125 1597 3181 1650 δὲ
3221 1600 3482 1669 οὐρανοὺς
3526 1600 3582 1651 ὲν
3609 1601 3874 1670 φρονήσει
3895 1640 3910 1663 ,

2344 1688 2436 1740 καὶ
2467 1686 2533 1740 τὰ
2562 1688 2697 1740 ἄλλα
2717 1688 2920 1742 τούτων
2942 1689 3231 1743 ἀκόλουθα.
3275 1691 3364 1743 Ἐν
3387 1690 3443 1743 δέ
3465 1708 3527 1759 γε
3562 1694 3671 1754 τοίς
3687 1693 3911 1761 Νόμοις

2339 1769 2492 1840 οὗτος
2525 1778 2683 1838 αὐτὸς
2706 1779 2733 1830 ὁ
2759 1777 3043 1847 φιλόσοφος
3076 1780 3169 1832 καὶ
3205 1778 3401 1852 διαιρεῖ
3439 1781 3547 1834 τῶν
3569 1781 3791 1849 ἀγαθῶν
3811 1783 3912 1852 τὴν

2340 1866 2521 1938 φύσιν,
2552 1867 2646 1921 καὶ
2669 1868 2906 1922 δείκνυσι
2930 1870 2996 1922 τὰ
3034 1871 3152 1939 μὲν,
3176 1872 3509 1943 ἀνθρώπινον
3545 1873 3614 1926 τά
3645 1874 3725 1936 δὲ,
3765 1875 3908 1930 θεῖα.

2337 1959 2499 2026 Λέγει
2529 1958 2586 2011 δὲ
2620 1958 2807 2020 οὕτως·
2849 1979 2868 2010 ι
2899 1962 3064 2013 Διττὰ
3088 1960 3145 2014 δὲ
3173 1949 3354 2030 ἀγαθά
3388 1964 3523 2016 ἐστιῳ
3555 1965 3623 2016 τὰ
3667 1965 3769 2033 μὲν
3810 1967 3910 2018 ἀνι

2337 2048 2604 2118 Θρώπινα,
2637 2049 2706 2102 τὰ
2732 2048 2788 2101 δὲ
2821 2049 2956 2105 θεῖα.
2993 2052 3263 2123 Ἥρτηται
3298 2053 3356 2109 δὲ
3383 2056 3447 2106 ἐκ
3475 2052 3584 2106 τῶν
3626 2055 3788 2109 Θείων
3814 2057 3912 2108 Θά-

2335 2150 2486 2202 τερα·
2510 2133 2614 2187 κᾶν
2648 2135 2746 2202 μὲν
2773 2135 2989 2205 δέξηταί
3012 2155 3096 2201 τις
3125 2140 3192 2192 τὰ
3226 2141 3465 2210 μείζονα,
3493 2143 3689 2197 κτᾶται
3722 2146 3817 2197 καὶ
3843 2147 3908 2199 τὰ

2337 2224 2591 2277 ἐλάττονα
2612 2226 2676 2256 ⁸ο·
2709 2229 2757 2279 εί
2785 2227 2839 2280 δὲ
2875 2229 2949 2298 μὴ
2973 2268 2988 2291 ,
3029 2230 3276 2303 στέρεται
3304 2233 3522 2301 ἀμφοῖν.
3570 2234 3727 2286 Ἔστι
3756 2235 3812 2287 δὲ
3843 2237 3906 2290 τὰ

2340 2315 2437 2384 μὲν
2463 2315 2717 2368 ἐλάττονα
2737 2357 2751 2380 ,
2779 2310 2852 2369 ὧν
2873 2321 3083 2388 ἡγεῖται
3105 2321 3262 2388 ὑγεία
3278 2339 3290 2352 ·
3319 2321 3511 2385 κάλλος
3528 2323 3606 2382 δὲ.
3629 2323 3904 2394 δεύτερον

2335 2403 2395 2456 τὺ
2418 2405 2473 2458 δὲ
2507 2406 2709 2477 τρίτον,
2729 2409 2878 2478 ἰσχὺς
2899 2408 2979 2472 εἷς
3007 2426 3068 2463 τι
3090 2411 3132 2442 ⁸⁸
3162 2410 3382 2484 δρόμον,
3414 2413 3493 2478 είς
3524 2430 3584 2466 τε
3615 2413 3716 2478 τὰς
3741 2415 3910 2480 ἄλλας

2336 2493 2554 2555 ἁπάσας
2583 2497 2825 2566 κινήσεις
2849 2495 2926 2566 τῷ
2956 2486 3185 2566 σώματιο
3218 2499 3279 2553 τὸ
3302 2500 3358 2553 δὲ
3384 2500 3644 2570 τέταρτον
3663 2503 3732 2566 ⁸⁸,
3751 2503 3911 2557 πλοῦ-

662 2600 769 2647 tur.
800 2593 1121 2646 Divinorum
1152 2598 1332 2644 autem
1355 2589 1480 2658 jure
1510 2589 1748 2656 primum
1775 2601 1839 2641 ac
1862 2587 2071 2641 caeteris
2091 2603 2232 2657 prae-

2336 2599 2444 2645 τος,
2485 2584 2545 2635 οὐ
2597 2583 2816 2652 τυφλὸς,
2855 2585 2969 2638 ἀλλ’
2996 2585 3091 2651 δξϋ
3120 2586 3355 2658 βλέπων,
3391 2590 3454 2643 ἄν
3492 2607 3598 2662 περ
3622 2592 3666 2623 ⁸³
3703 2591 3910 2663 ἕπηται

661 2685 852 2742 sidens
895 2693 978 2738 est
1009 2682 1305 2754 prudentia
1350 2698 1362 2733 :
1401 2678 1703 2733 secundum
1730 2689 1935 2744 autem,
1968 2695 2075 2733 una
2110 2695 2232 2733 cum

2336 2675 2613 2744 φρονήσει.
2658 2677 2722 2727 Ὃ
2757 2676 2815 2728 δὲ
2852 2675 3208 2745 πρῶτον-’τῶν
3243 2677 3402 2732 Θείων
3423 2680 3727 2751 ἡγεμονοῦν
3756 2684 3911 2736 ἐστιν

661 2776 967 2839 intellectu,
1000 2782 1335 2844 temperatus
1359 2773 1554 2825 animae
1581 2771 1820 2824 habitus.
1850 2771 1929 2826 Ex
1961 2770 2112 2826 hisce
2134 2787 2232 2825 au-

2336 2764 2552 2831 ἀγαοῶν
2570 2766 2636 2827 ⁸⁵,
2661 2767 2694 2835 ἡ
2721 2763 3000 2836 φρόνησιςε
3025 2766 3272 2840 δεύτερον
3293 2768 3371 2832 δὲ,
3395 2770 3534 2839 μετὰ
3555 2772 3648 2825 νοῦ
3671 2771 3912 2845 σώφρων

661 2877 771 2923 tem
808 2883 931 2921 cum
962 2866 1284 2921 fortitudine
1326 2864 1522 2926 mistis,
1575 2862 1797 2916 tertium
1845 2861 1951 2915 erit
1997 2862 2230 2933 justitia,

2336 2855 2510 2924 ψυχῆς
2541 2855 2652 2918 ἕξις
2673 2871 2688 2885 ·
2733 2857 2798 2909 ὲκ
2823 2856 2880 2909 δὲ
2906 2858 3108 2910 τούτων
3143 2858 3281 2928 μετὰ
3313 2859 3564 2930 ἀνδρείας
3591 2863 3914 2932 κραθέντων

659 2966 916 3028 quartum
945 2955 1228 3010 fortitudo.
1251 2954 1375 3008 [hec
1402 2961 1585 3007 autem
1604 2952 1807 3016 omnia,
1832 2961 2026 3006 natura
2047 2953 2232 3022 priora

2336 2943 2512 3013 τρίτον
2541 2945 2607 2998 ἂν
2652 2949 2734 3016 εἴη
2766 2947 3105 3019 δικαιοσύνηο
3154 2949 3410 3020 τέταρτον
3448 2951 3506 3005 δὲ
3529 2993 3542 3015 ,
3588 2955 3810 3024 ἀνδρεία
3839 2958 3912 3013 θ’.

660 3059 790 3104 sunt
816 3048 942 3110 illis,
983 3056 1144 3114 atque
1182 3046 1256 3098 ita
1287 3046 1464 3114 legum
1498 3042 1657 3096 latori
1692 3031 2093 3111 disponendum
2126 3053 2227 3099 est.

2336 3037 2520 3088 Ταῦτα
2575 3037 2632 3090 δὲ
2675 3039 2854 3091 πάντα
2886 3041 3108 3094 ἐκείνων
3149 3041 3458 3114 ἔμπροσθεν
3502 3045 3759 3100 τέτακται
3803 3052 3917 3116 qui.

661 3140 794 3195 Post
822 3138 937 3191 hzec
967 3144 1171 3199 autem,
1196 3136 1299 3188 alia
1331 3133 1542 3188 civibus
1571 3141 1860 3202 praecepta,
1894 3149 2014 3203 qua:
2045 3134 2098 3187 in
2118 3133 2233 3189 haec

2337 3145 2450 3180 σξιο
2486 3126 2582 3180 καὶ
2632 3129 2695 3199 δὴ
2750 3130 2826 3200 τῷ
2853 3131 3116 3203 νομοθέτῃ
3160 3135 3386 3188 τακτέον
3413 3136 3606 3200 οὕτως.
3651 3139 3807 3192 Μετὰ
3853 3142 3917 3197 δὲ

661 3230 907 3293 tendant,
964 3225 1330 3297 praecipienda
1363 3240 1484 3278 esse
1528 3237 1748 3288 censeo,
1794 3223 2001 3278 Horum
2048 3224 2233 3294 itaque

663 3321 958 3378 bonorum,
993 3330 1114 3384 quae
1145 3315 1380 3366 humana
1423 3322 1571 3376 sunt,
1623 3321 1873 3381 spectant
1914 3313 1969 3368 in
2000 3312 2184 3367 divina
2215 3330 2230 3365 :

660 3426 783 3481 quae
812 3422 942 3462 vero
966 3415 1092 3460 sunt
1115 3405 1319 3465 divina,
1347 3405 1400 3456 in
1427 3403 1727 3472 principem
1760 3403 2095 3458 intellectum
2117 3420 2233 3459 om-

659 3503 751 3557 nia
772 3499 1092 3569 respiciunt.
1129 3515 1146 3546 ι
1187 3495 1442 3548 Pluribus
1467 3493 1666 3546 deinde
1696 3493 1881 3547 verbis
1915 3493 2100 3557 docet,
2132 3510 2230 3548 na-

661 3602 783 3646 tura
819 3591 1026 3643 bonum
1055 3586 1222 3640 solam
1265 3599 1385 3637 esse
1409 3583 1690 3646 virtutem,
1726 3585 1743 3602 ⁶
1768 3584 1870 3636 alia
1898 3584 2062 3656 860
2101 3600 2232 3639 vero

659 3680 939 3748 :equivoee
990 3676 1133 3730 bona
1188 3672 1325 3735 dici,
1383 3671 1558 3725 solum
1596 3686 1795 3725 nomen
1850 3673 2230 3742 participantia

660 3769 738 3838 (ρ-
772 3766 895 3836 661)
935 3784 947 3818 ε
981 3784 998 3816 ε
1027 3763 1158 3830 Quae
1188 3762 1334 3816 enim
1361 3762 1524 3831 vulgo
1555 3762 1898 3831 appellantur
1919 3763 2083 3827 bona,
2117 3779 2226 3818 non

660 3869 807 3914 recte
840 3843 1122 3912 vocantur.
1158 3854 1332 3924 Vulgo
1358 3853 1506 3907 enim
1537 3853 1736 3918 fertur,
1771 3854 2035 3923 optimum
2062 3855 2230 3912 bono—

659 3966 778 4004 rum
801 3964 921 4003 esse
952 3947 1151 4000 bonam
1178 3943 1566 4008 valetudinem,
1587 3943 1828 3998 secundo
1853 3945 1973 3999 loco
1989 3945 2230 4014 pulchri-

659 4042 924 4102 tudinem,
954 4038 1115 4093 tertio
1149 4035 1387 4088 divitias.
1417 4034 1535 4088 Alia
1558 4050 1776 4103 quoque
1811 4033 2098 4089 innumera
2127 4051 2225 4090 vo-

658 4141 853 4186 cantur
885 4130 1028 4184 bona
1063 4145 1074 4180 :
1114 4142 1236 4181 nam
1270 4135 1325 4179 et
1357 4133 1518 4180 acuto
1541 4127 1659 4181 visu
1685 4126 1770 4179 vel
1801 4125 1990 4179 auditu
2028 4127 2226 4195 praedi-

659 4233 770 4278 tum
804 4222 958 4286 esse,
991 4220 1220 4288 aliisque
1253 4219 1506 4272 sensibus
1534 4218 1611 4273 uti
1647 4216 1767 4270 sine
1811 4217 2225 4286 impedimento,

657 4296 713 4367 οἱ
738 4312 916 4367 facere
957 4311 1326 4364 dominantem
1364 4308 1627 4377 quidquid
1659 4317 1894 4376 appetat.
1929 4308 2226 4377 Finemque

2333 3217 2505 3270 ταῦτα
2527 3219 2591 3280 ⁸⁸,
2643 3221 2743 3281 τὰς
2795 3221 2960 3283 ἄλλας
3007 3223 3331 3292 προστάξεις
3377 3229 3487 3289 τοίς
3539 3228 3779 3292 πολίταις
3830 3234 3920 3299 είς

2332 3307 2501 3360 ταῦτα
2524 3309 2566 3340 ⁸⁷
2604 3309 2906 3378 βλεπούσας
2935 3315 3116 3377 αὐτοῖς
3141 3309 3280 3369 εἶναι
3308 3317 3734 3373 διακελευστέον.
3765 3322 3921 3376 Τού-

2335 3415 2440 3450 των
2479 3398 2535 3451 se
2570 3399 2640 3452 τὰ
2677 3402 2773 3470 μὲν
2802 3403 3138 3473 ἀνθρώπινα,
3171 3409 3251 3468 εἰς
3282 3406 3350 3458 τὰ
3395 3407 3534 3472 θεῖα,
3572 3411 3640 3463 τὰ
3670 3410 3727 3462 δὲ
3758 3411 3918 3479 θεῖα,

2335 3488 2414 3549 είς
2440 3487 2530 3540 τὸν
2569 3491 2812 3558 ἡγεμόνα
2857 3491 2981 3546 νοῦν
3022 3493 3311 3563 ξύμπαντα
3356 3496 3562 3566 βλέπει.
3601 3517 3620 3550 ι
3655 3496 3788 3554 Εἶτα
3831 3505 3923 3559 δι-

2333 3576 2521 3629 δάσκει
2555 3577 2644 3629 διὰ
2675 3578 2956 3642 πλειόνων,
3005 3581 3079 3644 ὡς
3122 3582 3281 3649 φύσει
3332 3585 3431 3652 μὲν
3479 3587 3681 3653 ἀγαθὸν
3731 3591 3922 3663 ἀρετὴ

2337 3668 2492 3736 μόνηο
2531 3667 2601 3721 τὰ
2649 3667 2704 3722 δὲ
2753 3669 2886 3722 ἄλλα
2914 3673 3217 3742 ὁμωνύμως
3253 3671 3299 3706 ⁸⁸
3330 3675 3595 3739 καλεῖται,
3640 3679 3926 3748 ὀνόματος

2337 3755 2498 3825 μόνου
2531 3757 2846 3826 μετέχοντα*
2886 3777 2903 3809 ι
2951 3759 3030 3811 Τὰ
3068 3761 3176 3830 γὰρ
3204 3761 3309 3817 ὑπὸ
3338 3762 3442 3814 τῶν
3471 3763 3700 3830 πολλῶν,
3733 3769 3920 3838 φησὶ,

2331 3849 2616 3918 λεγόμενα,
2643 3848 2822 3917 ἀγαθὰ
2853 3849 2952 3902 ούκ
2994 3850 3173 3920 ὀρθῶς
3215 3851 3452 3920 λέγεται.
3492 3855 3718 3922 Λέγεται
3752 3859 3918 3930 γὰρ,

2330 3941 2402 4004 ὡς
2435 3941 2654 4010 ἄριστον
2681 3942 2797 4010 μὲν,
2829 3941 3111 4008 ὑγιαίνειν
3138 3942 3388 4014 δεύτερον
3414 3944 3487 4010 δὲ,
3517 3947 3742 4010 κάλλος·
3786 3952 3922 4022 τρί-

2329 4049 2420 4085 τον
2445 4031 2522 4095 δὲ,
2552 4030 2798 4094 πλοῦτος.
2832 4031 2943 4086 Καὶ
2971 4032 3134 4102 ἔτερα
3159 4033 3216 4086 δὲ
3251 4035 3420 4105 μυρία
3450 4036 3628 4102 ἀγαθὰ
3657 4037 3920 4104 λέγεται,

2332 4125 2441 4177 Καὶ
2474 4123 2582 4194 γὰρ
2617 4123 2709 4187 ὀξὺ
2741 4125 2872 4193 ὁρᾷν
2903 4124 2994 4176 καὶ
3031 4124 3269 4189 ἀκούειν,
3313 4126 3407 4181 καὶ
3443 4127 3618 4179 πάντα
3647 4129 3747 4180 ὅσα
3781 4131 3924 4202 ἔχε-

2331 4232 2420 4267 ται
2447 4215 2553 4267 τῶν
2585 4214 2886 4280 αἰσθήσεων
2932 4215 3267 4284 εὐαισθήτως
3305 4216 3467 4284 ἔχειν,
3503 4217 3580 4269 ἔτι
3607 4218 3661 4270 δὲ
3684 4221 3805 4273 ’καὶ
3852 4226 3926 4277 τὸ

2333 4308 2508 4358 ποιεῖν
2531 4303 2894 4375 τυραννοῦντα
2917 4304 2943 4356 ὃ
2962 4321 3014 4356 τι
3039 4305 3103 4357 ἂν
3121 4305 3381 4375 ἐπιθυμῇ,
3414 4306 3506 4359 καὶ
3535 4307 3595 4360 τὸ
3618 4309 3714 4377 μὲν
3745 4311 3919 4377 τέλος

657 4401 836 4454 omnis
867 4399 1223 4454 beatitudinis
1245 4413 1382 4460 esse,
1413 4406 1473 4449 ut
1500 4399 1592 4465 qui
1619 4398 1733 4449 haec
1757 4397 1936 4450 omnia
1961 4397 2223 4465 possidet,

2336 4396 2510 4465 πάσης
2541 4394 2941 4464 μακαριότητος
2965 4389 3100 4462 εἶναι
3137 4395 3280 4461 ⁸⁵,τδ
3305 4397 3479 4474 πάντα
3499 4398 3667 4451 ταῦτα
3699 4417 3920 4474 κεκτη-

659 4488 924 4543 citissime
957 4497 1118 4541 natus
1163 4487 1234 4540 sit
1273 4486 1618 4541 immortalis.
1652 4488 1759 4540 Vos
1809 4497 1989 4542 autem
2015 4529 2028 4552 ,
2063 4496 2227 4558 atque

660 4576 762 4645 ipsi
799 4576 935 4630 adeo
964 4575 1221 4638 dicimus,
1270 4575 1384 4629 haec
1419 4577 1596 4629 omnia
1640 4577 1802 4646 justis
1840 4576 2059 4645 quidem
2100 4594 2226 4633 san~

661 4665 871 4734 ctisque
909 4662 1226 4718 hominibus
1252 4662 1651 4730 possessionem
1684 4665 1942 4732 optimam
1972 4681 2112 4731 esse,
2146 4669 2228 4721 in-

653 4753 817 4824 justis
849 4768 979 4806 vero
1007 4753 1240 4820 pessima
1275 4752 1479 4815 omnia,
1512 4752 1677 4807 ducto
1699 4768 1728 4806 a
1761 4755 1992 4808 sanitate
2020 4758 2227 4824 princi-

657 4845 766 4914 pio.
792 4845 859 4897 Et
884 4842 1099 4910 quidem
1123 4842 1332 4906 videre,
1369 4843 1561 4896 audire
1582 4884 1596 4907 ,
1630 4845 1945 4913 ceeterisque
1977 4848 2053 4899 uti
2094 4863 2221 4901 sen-

657 4934 829 4996 sibus,
858 4950 922 4987 ac
946 4934 1123 5002 ipsum
1149 4948 1368 5000 prorsus
1389 4933 1592 4995 vivere,
1627 4935 1922 4987 maximum
1943 4935 1992 4989 ei
2021 4938 2218 4990 malum

657 5040 798 5088 esse,
830 5024 921 5093 qui
955 5040 1052 5093 per
1082 5038 1241 5077 omne
1274 5033 1488 5093 tempus
1519 5025 1589 5078 sit
1622 5025 1966 5091 immortalis,
1999 5036 2052 5081 et
2077 5027 2219 5081 bona

730 5141 756 5182 ¹ι
785 5141 944 5194 Prov.
976 5155 1054 5204 ut,
1091 5139 1173 5192 l9.

2329 4487 2486 4557 μένον
2511 4485 2775 4540 ἀθάνατον
2807 4481 2944 4538 εἶναι
2972 4487 3260 4555 γενόμενον
3287 4473 3366 4540 δτι
3417 4489 3664 4559 τάχιστα.
3706 4490 3922 4560 ’Υμεῐς

2325 4581 2381 4632 δὲ
2403 4582 2494 4632 καὶ
2524 4577 2633 4646 ὲγὼ
2653 4594 2729 4647 πη
2745 4578 2869 4630 τάδε
2889 4578 3140 4647 λέγομεν,
3173 4579 3248 4642 ὡς
3270 4579 3442 4633 ταῦτά
3473 4583 3587 4635 ἐστι
3610 4581 3921 4651 ξύμπαντα

2325 4669 2548 4731 δικαίοις
2590 4670 2685 4738 μὲν
2727 4670 2820 4720 καὶ
2851 4668 3018 4732 ὁσίοις
3063 4669 3318 4740 ἀνδράσιν
3359 4673 3554 4741 ἄριστα
3597 4675 3868 4743 κτήματα
3901 4696 3914 4708 ·

2324 4759 2525 4820 ἀδίκοις
2569 4758 2624 4810 δὲ
2670 4758 2904 4810 κάκιστα
2938 4756 3257 4827 ξύμπαντα,
3314 4761 3594 4832 ἀρξάμενα
3639 4763 3756 4818 ἀπὸ,
3800 4769 3920 4837 τῆς

2334 4850 2563 4916 ὑγιείας,
2592 4850 2700 4904 Καὶ
2723 4850 2786 4919 δὴ
2815 4850 2971 4902 mi.”
3004 4850 3062 4903 τὸ
3085 4850 3216 4921 ὁρᾷν
3251 4851 3343 4904 καὶ
3369 4851 3429 4904 τὸ
3457 4853 3672 4906 ἀκούειν
3706 4857 3807 4906 καὶ
3847 4861 3920 4912 τὸ

2331 4939 2675 4992 αἰσθάνεσθαι
2701 4940 2793 4992 καὶ
2815 4939 2872 4992 τὸ
2890 4941 3149 5009 παράπαν
3173 4940 3289 5012 ζῇν,
3317 4942 3567 5011 μέγιστον
3589 4944 3682 5015 μὲν
3703 4949 3915 5018 κακὸν,

2331 5030 2420 5082 τὸν
2454 5030 2737 5101 ξύμπαντα
2770 5031 2960 5102 χρόνον
2992 5030 3259 5086 ἀθάνατον
3291 5033 3440 5100 ὄντα,
3478 5038 3823 5107 κεκτημένον
3861 5044 3912 5075 ’⁸

1919 5256 2155 5310 VARUE
2189 5257 2586 5315 LECTIONES.

738 5416 784 5448 ⁸⁷
811 5415 838 5467 ὃ
872 5415 1146 5478 πολλάκις.
1177 5416 1250 5479 ὡς
1283 5416 1537 5479 πολλάκις
1562 5417 1621 5468 Β.

654 5639 820 5693 supra
837 5624 1087 5693 -ἁνδρίας,
1179 5625 1224 5656 ⁸⁸
1255 5624 1426 5679 ταῦτα
1455 5624 1560 5678 om.
1593 5624 1654 5680 C.

656 5691 792 5753 Βίεί
818 5691 879 5747 C.
946 5691 1000 5728 ‘"
1025 5694 1088 5764 δὴ
1115 5693 1228 5748 καί.
1253 5694 1345 5748 καί
1371 5708 1481 5748 om.
1513 5695 1573 5748 C.

1753 5627 1792 5656 "
1829 5627 2017 5702 ταῦτα.
2055 5628 2252 5691 ταύτας
2286 5629 2346 5702 Β,
2377 5630 2473 5682 Va.
2537 5629 2594 5702 ξε
2623 5627 2910 5700 ὁμονύμως
2942 5629 3000 5684 Β.
3044 5630 3163 5686 Mox
3201 5627 3357 5702 μόνον
3383 5632 3443 5692 C.
3522 5635 3567 5667 "
3603 5627 3760 5691 εἶναι.

1651 5699 1692 5727 ⁷⁸
1721 5697 2074 5766 κεκτημένον.
2100 5699 2498 5768 τεκτηνάμενον
2525 5698 2589 5755 C.

738 5416 784 5448 ⁵⁷
872 5416 1146 5478 πολλάκις.
1177 5416 1250 5498 ὡς
1283 5416 1537 5502 πολλάκις
1562 5417 1630 5500 Β.
1712 5418 1756 5449 ⁵⁸
1788 5416 2128 5480 ξυνάπτουσα
2156 5422 2230 5474 ἐν.
2275 5439 2331 5473 τε
2360 5423 2452 5474 καί
2476 5420 2535 5476 Β.
2573 5422 2627 5475 in
2667 5435 2839 5490 marg.
2915 5421 2960 5452 "
2992 5421 3314 5490 ὲθεμελίωσε
3340 5426 3405 5494 τῇ
3433 5425 3611 5495 σοφίᾳ.
3639 5429 3702 5497 τῇ
3730 5432 3918 5499 σοφία

657 5486 979 5545 ὲθεμεΑίωσε
1007 5486 1066 5538 Β.
1147 5486 1192 5516 ⁶⁰
1226 5486 1498 5540 ελαττονα.
1545 5486 1808 5540 ὲλασσονα
1847 5487 1906 5540 Β.
1945 5489 2064 5542 Mox
2092 5494 2360 5545 στεοεῐται
2387 5491 2447 5545 C.
2526 5493 2566 5521 ⁶¹
2593 5495 2699 5542 εἴτε
2724 5491 2783 5543 Β.
2882 5490 2924 5521 ⁶¹
2949 5491 3203 5545 τέταοτον
3230 5493 3304 5545 δέ.
3329 5493 3390 5544 τὸ
3432 5493 3486 5545 δὲ
3542 5498 3809 5545 τέταρτον
3851 5489 3910 5545 εἰ

657 5503 746 5538 ωε
824 5503 979 5538 Αιωσε
1007 5503 1066 5538 u.
1147 5503 1192 5516 "
1226 5503 1498 5540 ελαττονα.
1545 5503 1808 5540 εΑασσονα
1847 5503 1906 5540 η.
1945 5503 2064 5542 mox
2092 5507 2181 5542 στε
2224 5503 2360 5543 ειται
2387 5503 2447 5545 υ.
2526 5503 2566 5521 ἰ
2593 5503 2699 5542 εῐτε
2724 5503 2783 5543 t5.
2882 5503 2924 5521 "
2949 5503 3046 5543 τετε

656 5556 702 5588 ⁸³
736 5503 1156 5644 άζεπερὲἒπηται.
1179 5555 1261 5644 ἐν
1295 5556 1694 5644 πρρὲπηταμϐ.
1721 5557 2013 5644 ἄχπερββ
2053 5559 2148 5642 ξπ..
2176 5509 2326 5644 ϐῠ.“
2354 5559 2419 5644 ⁶ξγ
2445 5561 2683 5644 ἀγαθῶν.
2725 5557 3046 5644 ἀγαθόν.“(].

2526 5493 2566 5521 ⁶¹
2593 5495 2699 5542 εἴτε
2724 5491 2783 5543 Β.
2842 5557 2856 5561 Δ
2882 5490 2924 5561 f'
2949 5491 3203 5561 τέταρτον
3230 5493 3304 5545 δέ.
3329 5490 3405 5544 τδ
3432 5493 3486 5546 δὲ
3508 5490 3518 5494 ’
3542 5490 3916 5561 τέταρτον-Η.

3125 5515 3203 5544 εον
3230 5515 3304 5545 ΟΕ.
3329 5515 3390 5544 το
3432 5515 3486 5546 οε
3542 5515 3809 5566 τεταρτον
3849 5515 3916 5557 Β,

3125 5563 3168 5593 ⁸⁵
3212 5561 3450 5635 ἀνδρεία.
3509 5565 3700 5635 ἀνδρία
3748 5567 3823 5625 Β.
3859 5585 3921 5628 et

3832 5645 3922 5710 ei;
