4112 6374
272 468 386 538 939

772 475 1211 536 GRECARUM
1249 476 1551 540 AFFECT.
1594 480 1949 542 CURATIO.
1975 483 2169 544 --VI.
2213 480 2311 540 DE
2351 477 2868 539 PROVIDENTIA
2911 481 3057 540 DEI.

272 578 603 649 οίκονμένην
644 579 1092 651 ἐμπλήσασαι,δῇ
1126 582 1408 654 Ἕλληνες,
1446 587 1541 640 καὶ
1578 569 1859 658 Ῥωμαῖοι,

1968 599 2050 646 tes
2076 604 2287 661 proque
2318 587 2508 641 multis
2526 602 2590 642 ac
2614 586 2977 642 mendacibus
3005 587 3114 643 diis
3146 585 3404 641 Trinitati
3439 585 3561 639 ραι-

273 671 376 724 καὶ
422 669 685 742 βάρϐαροι
727 672 819 724 τὸν
859 673 1278 745 ἐσταυρωμένον
1326 674 1725 745 θεολογοῦντες,
1769 676 1865 730 καὶ

273 761 370 814 τοῦ
421 761 654 833 σταυροῦ
694 761 755 816 τὸ
804 766 1033 834 σημεῖον
1060 766 1433 836 γεραίροντες,
1465 768 1562 820 καὶ
1597 767 1718 822 ἀντὶ
1755 768 1866 820 τῶν

274 852 490 905 πολλῶν
516 853 610 906 καὶ
630 853 998 924 ψευδωνύμων
1014 854 1150 909 θεῶν
1181 859 1248 927 τῇ
1271 857 1463 928 Τριάδι
1484 856 1860 928 λατρεύοντες,

271 945 346 997 τὶ
372 945 482 998 τῶν
504 945 776 1015 δαιμόνων
800 946 1004 1016 τεμένη
1035 946 1242 1018 φροῦδα
1273 948 1643 1019 γεγενημένα,
1670 949 1720 1001 oi
1751 948 1860 1020 βω-

275 1037 373 1106 μοὶ
403 1037 510 1090 τῶν
537 1036 774 1091 είδώλων
803 1039 867 1091 ἐκ
891 1037 1108 1109 βάθρων
1127 1038 1550 1110 ἀνεσπασμένοι,
1577 1039 1864 1110 ἐκκλησίαι

272 1132 598 1198 περιφανεῖς
652 1132 898 1200 πανταχῆ
947 1128 1312 1201 δεδομημέναι
1362 1130 1428 1196 ⁸⁸,
1505 1130 1565 1184 ἐν
1621 1131 1859 1198 πόλεσιν,

270 1221 335 1269 ἐν
369 1218 604 1288 κώμαις,
647 1221 706 1271 ἐν
731 1220 941 1290 ἀγροῖς,
973 1221 1031 1272 ἐν
1057 1221 1337 1291 ἐσχατιαῖς
1367 1221 1526 1290 σηκοὶ
1564 1219 1861 1292 μαρτύρων

1973 689 2090 734 tum
2116 679 2442 734 exhibentes
2473 695 2486 731 ι
2514 676 2721 732 abolita
2743 677 3018 732 idolorum
3041 676 3265 747 templa,
3289 674 3561 730 idolorum

1971 787 2081 826 arae
2113 771 2376 825 funditus.
2409 768 2720 834 subverste,
2759 768 3004 824 illustres
3053 768 3300 824 ecclesim
3355 763 3563 834 ubique

1970 869 2266 917 exstructa:
2299 899 2313 926 ,
2365 860 2420 914 in
2457 859 2776 914 civitatibus
2802 899 2816 921 ,
2876 859 2933 913 in
2973 859 3160 930 pagis,
3199 857 3258 911 in
3295 855 3462 926 agris,
3505 853 3560 908 iu

1969 951 2231 1008 extremis
2287 950 2697 1021 provinciarum
2759 949 2962 1004 ﬁnibus
3007 959 3310 1019 martyrum
3357 943 3562 1012 templa

1970 1041 2345 1112 pulcherrime
2391 1040 2720 1103 fabrefacta,
2747 1039 3150 1094 monachorum
3205 1031 3519 1090 habitacula
3543 1069 3559 1093 ,

1971 1131 2172 1202 quibus
2192 1130 2366 1186 sancti
2397 1129 2534 1183 ﬁunt
2567 1124 2840 1183 montium
2870 1130 3126 1193 vertices,
3159 1133 3438 1194 vastaeque
3467 1136 3560 1176 so-

1969 1221 2238 1277 litudines
2281 1220 2623 1288 incoluntur.

269 1313 354 1371 εἰς
389 1309 583 1373 κάλλος
624 1269 1061 1384 ἐξειργασμένοι,
1102 1269 1359 1382 ἀΑσκητῶν
1423 1269 1894 1382 ⁵κιιταΓγιιῖγαῖΓτιὶιί;
1929 1313 2038 1368 τῶν
2067 1313 2242 1382 ὀρέων
2287 1311 2535 1382 κορυφὰς
2576 1269 2928 1381 ἀγιάζουσαι,
2995 1308 3089 1362 καὶ
3129 1308 3228 1369 τὰς
3271 1303 3562 1373 ἀοικήτους

269 1403 518 1474 ἐρήμους
549 1402 873 1468 οἰκίζουσαι.

349 1492 532 1545 Ταῦτα
557 1493 648 1546 καὶ
673 1492 743 1546 τὰ
762 1491 976 1556 τούτοις
1010 1493 1320 1565 προσόμοια
1347 1492 1392 1528 ⁸⁷
1421 1493 1520 1565 τῆς
1550 1491 1644 1547 τοῦ
1674 1491 1859 1562 Σωτῆσο

268 1599 367 1653 ρος
412 1582 569 1653 ἡμῶν
619 1584 930 1654 οἰκονομίας
984 1583 1046 1637 τὸ
1100 1583 1407 1656 θεοπρεπὲς
1467 1584 1848 1638 ἐπιδείκνυσιο

272 1672 616 1743 μαρτυροῦσι
639 1674 694 1726 δὲ
725 1675 819 1726 καὶ
851 1675 907 1728 αῖ
931 1673 1098 1728 πάλαι
1128 1675 1175 1707 ⁸⁸
1206 1675 1659 1746 προφητεῖαιτοῖς
1680 1674 1862 1744 Εὐαγ-

1974 1395 2027 1450 1'
3111 1447 3116 1452 .

2032 1487 2158 1546 Hrcc
2193 1488 2386 1560 igitur,
2437 1495 2495 1542 et
2528 1502 2650 1557 qua:
2673 1495 2806 1541 sunt
2842 1485 2930 1539 his
2990 1482 3218 1547 similia,
3278 1480 3392 1536 Deo
3424 1495 3559 1536 con-

1957 1587 2250 1652 gruentem
2282 1579 2596 1635 Scrvatoris
2635 1577 2812 1633 nostri
2856 1574 3328 1645 dispensationem
3369 1580 3561 1628 osten-

1961 1673 2120 1728 dunt.
2158 1672 2545 1742 Evangelicam
2585 1679 2770 1724 autem
2816 1667 3105 1722 veritatem
3146 1665 3387 1735 antiqua:
3429 1679 3560 1735 pro-

279 1763 488 1831 γελίοις
538 1765 817 1836 ἀλήθειαν.
865 1767 932 1820 Al.
983 1765 1084 1836 μὲν
1129 1765 1240 1837 γάρ
1289 1767 1390 1838 τήν
1431 1768 1637 1820 τούτων
1674 1767 1859 1836 έχουσι

1968 1765 2163 1835 phetiac
2227 1763 2574 1818 confirmant.
2625 1762 2718 1817 Hm
2773 1760 2923 1815 enim
2961 1751 3271 1829 praedicunt
3322 1771 3446 1827 quae
3504 1754 3563 1811 in

271 1855 617 1925 πρόρρησιν,
669 1855 736 1908 τά
784 1856 842 1911 δὲ
892 1856 992 1926 τῆς
1035 1857 1394 1929 προρρήσεως
1437 1859 1768 1913 ἐπιδεικνύει
1797 1859 1860 1911 τὸ

1968 1855 2276 1927 Evangeliis
2311 1856 2667 1910 continentur
2701 1873 2713 1908 :
2742 1853 3038 1924 Evangelia
3072 1867 3208 1906 vero
3222 1849 3562 1920 prophetiae

266 1945 450 2008 τέλος.
481 1947 590 1999 Καὶ
623 1948 673 1999 οἱ
719 1947 819 2018 μὲν
849 1950 1109 2018 προεῖπον
1155 1948 1254 2018 τῆς
1294 1950 1573 2021 Παρθένου
1604 1951 1703 2022 τὴν
1731 1951 1858 2020 γέν·-

269 2053 432 2103 νησιν
461 2036 530 2100 δ’,
567 2038 618 2090 oi
661 2036 716 2090 δὲ
744 2037 1057 2091 διδάσκουσι
1101 2036 1202 2108 τὴν
1236 2039 1334 2109 τῆς
1364 2039 1702 2110 προφητείας
1731 2040 1862 2110 ἀλήο

271 2126 450 2178 θειαν.
484 2126 546 2181 Οἱ
591 2127 689 2196 μέν
730 2126 1132 2198 προεθέσπισαν
1173 2128 1264 2182 τὸν
1301 2130 1557 2201 σταυρὸν,
1588 2134 1636 2184 οῖ
1669 2132 1728 2186 δὲ
1754 2132 1862 2187 δέι-

270 2216 501 2269 κνύουσι
540 2217 585 2248 ⁸⁸
622 2217 711 2270 τὸν
744 2218 997 2289 σταυρόν
1052 2221 1100 2272 οἱ
1145 2220 1243 2290 μὲν
1275 2223 1539 2292 προεῖπον
1580 2222 1649 2276 τὰ
1678 2221 1859 2294 παθή-

274 2324 426 2374 ματα
458 2307 524 2372 ⁸³,
555 2308 602 2359 οἱ
626 2307 681 2360 δὲ
715 2307 985 2378 ἱστοροῦσι
1010 2307 1077 2362 τὰ
1109 2308 1381 2380 θαύματα.
1407 2311 1470 2363 Οί
1489 2311 1587 2381 μὲν
1616 2312 1861 2384 ἐχρησμ-

266 2398 495 2469 ῴδῃσαν
544 2400 646 2469 τῆς
695 2400 1023 2474 οἰκουμένης
1085 2402 1184 2473 τὴν
1230 2402 1529 2474 σωτηρίαν,
1576 2405 1738 2475 ἡμεῖς
1804 2405 1862 2459 δὲ

267 2488 383 2540 τῶν
412 2490 675 2559 λοησμῶν
717 2491 944 2546 ἐκείνων
978 2491 1298 2562 θεωροῦμεν
1324 2492 1384 2546 τὸ
1413 2493 1585 2556 τέλος.
1629 2490 1860 2547 Ἐκεῖνοι

267 2580 374 2648 τὴν
411 2580 680 2635 Ἰουδαίων
710 2582 805 2635 καὶ
844 2583 1104 2637 ἀπιστίαν
1145 2583 1240 2637 καὶ
1280 2584 1656 2654 πανωλεθρίαν
1720 2602 1860 2656 προ⁴

267 2671 617 2738 απήγγειλαν
645 2673 716 2736 ⁸¹,
749 2675 911 2744 ήμεῖς
941 2672 998 2727 δὲ
1027 2675 1207 2729 αὐτῶν
1239 2675 1331 2728 καὶ
1353 2675 1452 2745 τὴν
1475 2675 1738 2730 ἀπιστίαν
1766 2677 1863 2730 καὶ

270 2761 377 2829 τὴν
424 2759 725 2831 διασπορὰν
771 2761 866 2814 καὶ
912 2761 1009 2831 τὴν
1044 2763 1288 2816 δουλείαν
1312 2763 1550 2835 όρῶμεν.
1601 2761 1743 2832 Ἐγὼ
1780 2764 1860 2829 δὲ,

269 2853 323 2901 εί
358 2848 433 2920 μὴ
462 2849 541 2921 τῷ
581 2851 748 2921 μήκει
774 2851 868 2904 τοῦ
910 2843 1060 2923 [102]
1092 2851 1251 2920 λόγου
1296 2854 1391 2906 καὶ
1419 2854 1562 2923 ὑμᾶς
1612 2855 1707 2906 καὶ
1735 2856 1864 2918 τοὺς

273 2937 506 3008 ὕστερον
563 2939 980 3009 ἐντευξομένους
1034 2941 1391 2994 ἀποκναίσειν
1449 2940 1496 2974 ⁸⁸
1560 2941 1858 3007 ἐτόπαζον,

272 3029 372 3082 καὶ
410 3028 580 3091 αύτάς
626 3029 692 3083 ἂν
740 3030 870 3100 ὑμῖν
927 3029 1035 3082 τῶν
1066 3029 1368 3083 θεσπεσίων
1419 3033 1714 3102 προφητῶν
1764 3032 1864 3095 τὰς

275 3121 614 3191 προρρήσεις
659 3119 974 3190 παρέθηκα,
1022 3121 1110 3174 ἵνα
1166 3120 1556 3192 ἀκριϐέστερον
1610 3123 1701 3176 διὰ
1756 3124 1863 3178 τῶν

1961 1939 2335 2019 praedictionis
2395 1945 2562 2000 finem
2607 1943 2929 1999 ostendunt.
2970 1942 3260 2012 Prophetm
3315 1939 3560 2012 Virginis

1963 2048 2180 2110 partum
2216 2037 2611 2108 praedixerunt,
2647 2035 2763 2090 haec
2794 2034 3171 2105 propheticam
3217 2031 3422 2087 docent
3461 2046 3558 2086 vc-

1963 2130 2202 2185 ritatcm.
2267 2129 2348 2182 llli
2400 2142 2623 2182 crucem
2695 2124 2981 2180 vaticinati
3045 2133 3203 2188 sunt,
3264 2120 3560 2192 Evangelia

1963 2219 2344 2276 ostenderunt.
2388 2219 2468 2274 llli
2518 2225 2790 2273 tormenta
2823 2217 3226 2294 przedixerunt,
3269 2215 3389 2269 haec
3428 2228 3560 2268 nar-

1963 2322 2088 2370 rant
2125 2313 2415 2367 miracula.
2456 2311 2539 2366 llli
2570 2310 2899 2366 cecinerunt
2930 2307 3122 2362 mundi
3171 2307 3428 2369 salutem,
3457 2315 3560 2364 nos

1964 2406 2183 2461 illorum
2209 2404 2560 2458 oraculorum
2595 2402 2761 2457 linem
2806 2399 3106 2455 cernimus.
3133 2397 3215 2453 llli
3241 2394 3560 2452 Judmontm

1965 2492 2411 2550 incredulitatem
2433 2490 2921 2571 perditionemque
2943 2489 3109 2561 88],
3142 2486 3517 2559 praedixerunt
3543 2499 3557 2538 :

1963 2598 2066 2640 nos
2115 2585 2333 2640 illorum
2372 2595 2428 2641 et
2463 2584 2936 2648 incredulitatem,
2961 2592 3020 2637 et
3050 2580 3476 2650 dispersionem,
3504 2588 3563 2634 et

1963 2675 2285 2730 servitutem
2327 2673 2601 2730 videmus.
2653 2673 2767 2744 Ego
2811 2681 3032 2736 autem,
3088 2670 3196 2725 nisi
3245 2667 3561 2740 prolixitatc

1964 2765 2236 2820 sermonis
2265 2772 2320 2819 et
2343 2759 2447 2819 vos
2472 2770 2530 2819 et
2560 2779 2658 2818 eos
2695 2762 2790 2832 qui
2826 2763 2881 2817 in
2909 2771 3194 2832 posterum
3221 2758 3277 2812 in
3307 2760 3422 2815 haec
3457 2771 3558 2822 no:

1964 2864 2075 2910 stra
2107 2854 2436 2918 inciderint,
2477 2853 2862 2924 dcl‘atigandos
2888 2851 3250 2922 conjicerem,
3282 2850 3428 2919 ipsas
3461 2861 3558 2898 vn-

1966 2947 2051 3001 bis
2077 2946 2390 3000 divinorum
2429 2945 2824 3016 prophetarum
2850 2942 3242 3015 praedictiones
3269 2938 3557 3009 apposuis-

1966 3053 2104 3100 sem,
2133 3036 2510 3090 utverborum
2533 3035 2826 3090 veritatem
2852 3034 3102 3089 exactius
3124 3047 3192 3086 ex
3230 3031 3397 3085 rebus
3427 3028 3562 3098 ipsis

1967 3127 2395 3198 cognoscerctis.
2430 3124 2702 3191 Quoniam
2737 3140 2868 3180 vero
2892 3139 2981 3178 me
3025 3123 3133 3178 hoc
3166 3121 3350 3176 facere
3385 3121 3560 3174 dicta-

272 3210 622 3281 πραγμάτων
656 3209 888 3280 ἐμάθετε
917 3210 1015 3281 τὴν
1076 3210 1188 3264 τῶν
1246 3213 1508 3282 ῥημάτων
1557 3214 1816 3284 ἀλήθειαν
1848 3230 1861 3244 ·

1970 3231 2092 3272 rum
2122 3220 2238 3289 jam
2267 3236 2449 3275 rerum
2475 3218 2634 3289 copia
2656 3233 2769 3272 non
2797 3215 2953 3281 sinit,
2986 3230 3086 3270 oro
3121 3229 3240 3275 vos,
3272 3229 3305 3267 ο
3329 3210 3458 3274 viri,
3502 3219 3564 3265 ut

271 3302 466 3373 ἐπειδὴ
509 3301 566 3354 δὲ
608 3300 768 3355 τοῦτό
821 3317 890 3371 με
948 3300 1167 3374 [ποιεῖν]
1222 3300 1270 3335 ⁵⁵
1309 3303 1423 3357 οὐκ
1455 3302 1520 3374 ἐᾷ
1565 3305 1674 3357 τῶν
1710 3307 1862 3375 εἰρη-

275 3393 456 3464 μένων
487 3392 549 3446 τὺ
596 3392 820 3462 πλῆθος,
867 3392 1004 3458 ἀξιῶ
1051 3393 1216 3463 ὑμᾶς,
1267 3385 1311 3447 ὦ
1364 3393 1574 3465 ἄνδρες,
1615 3398 1710 3449 καὶ
1747 3399 1864 3459 ταῖς

270 3483 637 3554 προφητείαις
692 3483 1000 3548 πιστεῦσαι,
1054 3483 1150 3537 καὶ
1205 3482 1315 3537 τῶν
1369 3486 1711 3556 πραγμάτων
1765 3487 1866 3538 ἐπ-

273 3574 511 3628 ακοῦσαι
533 3573 579 3605 ”
607 3571 875 3643 βοώντων,
897 3572 992 3626 καὶ
1022 3571 1310 3643 πεισθῆναι
1327 3573 1384 3627 δέ
1411 3590 1473 3644 γε
1497 3565 1760 3646 Εὐριπίδῃ
1791 3576 1866 3644 τῷ

275 3664 666 3737 τραγῳδοποιῷ
698 3665 757 3718 ἐν
788 3665 1042 3736 Οἰνομάῳ
1063 3665 1297 3733 λέγοντι·

428 3778 906 3847 Τεκμαιρόμεσθα
958 3778 1089 3846 τοῖς
1127 3765 1392 3848 παροῖῢσι
1440 3781 1723 3851 τάφανές.

280 3892 393 3948 Καὶ
420 3888 582 3946 πάλιν
611 3893 670 3944 ἐν
708 3891 915 3947 Φοίνικι
940 3893 1006 3925 ⁵⁸·

1185 4005 1457 4073 Τάφανές

464 4071 881 4142 Τεκμηρίοισιν
915 4074 1200 4140 ἐοικότως
1233 4071 1278 4107 ⁵⁷
1315 4071 1653 4130 ἁλίσκεται.

281 4183 343 4236 El
380 4181 435 4236 δὲ
473 4183 573 4236 οὐκ
599 4182 900 4254 ἀξιόχρεως
951 4183 1081 4253 ύμῖν
1126 4186 1203 4248 εἰς
1236 4185 1546 4256 μαρτυρίαν
1577 4185 1678 4256 τῆς
1702 4201 1870 4257 τραγ-

277 4275 446 4345 ῳδίας
498 4276 528 4327 ό
573 4275 823 4346 ποιητὴς,
873 4274 1165 4344 Ὑπερίδου
1217 4273 1312 4328 τοῦ
1353 4277 1585 4347 ῥήτορος
1632 4277 1872 4331 ἐπακού-

279 4382 412 4420 σατε
437 4366 480 4398 ⁵⁸
528 4365 812 4434 λέγοντος,
852 4383 869 4416 ι
918 4365 985 4417 Ἀ
1016 4365 1061 4418 δ’
1100 4365 1250 4420 ἐστὶν
1276 4366 1477 4436 ἀφανῆ,
1509 4367 1722 4439 ἀνάγκη
1746 4365 1872 4431 τοὺς

279 4457 635 4520 διδάσκοντας
663 4457 987 4527 ’τεκμηρίοις
1020 4459 1116 4511 καὶ
1158 4460 1270 4521 τοῖς
1304 4458 1479 4512 είκόσι
1523 4456 1568 4491 ⁸⁸
1601 4459 1806 4526 ζητεῖν.
1845 4478 1864 4511 ι

1967 3316 2023 3364 et
2046 3307 2389 3378 propheticis
2427 3306 2592 3364 dictis
2630 3307 2795 3362 fidem
2816 3306 3087 3369 habeatis,
3113 3313 3169 3359 et
3192 3301 3565 3359 clamantibus

1969 3399 2137 3453 rebus
2169 3415 2358 3453 aurem
2391 3398 2844 3461 accommodetis,
2866 3413 2930 3453 ac
2965 3396 3287 3468 persuaderi
3307 3396 3462 3450 vobis
3493 3394 3564 3449 ab

1969 3485 2233 3559 Euripide
2280 3490 2671 3561 tragoediarum
2727 3488 2998 3559 scriptore
3054 3488 3284 3553 sinatis,
3331 3502 3459 3543 cum
3507 3485 3565 3540 in
3674 3532 3681 3539 .

1969 3577 2252 3634 OEnomao
2280 3579 2428 3635 canit
2453 3575 2648 3650 (Clem.
2685 3578 2842 3634 Alex.
2870 3577 3067 3635 Stram.
3098 3594 3173 3645 vr,
3208 3595 3264 3650 p.
3288 3579 3415 3650 2‘27)
3440 3596 3454 3632 :

1971 3777 2357 3835 Existimamus
2382 3783 2446 3835 ab
2476 3783 2554 3836 his
2577 3797 2695 3852 qua:
2722 3787 2846 3836 sunt
2873 3797 2936 3836 ea
2957 3796 3075 3851 quae
3100 3780 3286 3835 latent.
3363 3754 3368 3758 ί

1970 3893 1990 3911 ‘
2023 3891 2351 3962 Rursusque
2380 3892 2436 3946 in
2457 3887 2761 3947 thnissls
2787 3907 2801 3945 :

2690 4033 2760 4043 -ο
2799 4032 2864 4043 --
2906 4005 3048 4074 quod
3077 4003 3209 4057 latet

1973 4072 2308 4142 Conjecluris
2342 4073 2743 4143 congruentibus
2775 4071 3137 4144 deprenditur.

1973 4185 2128 4253 Quod
2154 4186 2199 4240 si
2235 4200 2344 4239 non
2380 4184 2615 4241 idoneus
2645 4186 2806 4240 vobis
2834 4185 2990 4240 testis
3015 4183 3254 4255 tragicus
3291 4195 3448 4254 pocla
3480 4187 3564 4241 vi-

1974 4277 2192 4343 deatur,
2236 4276 2573 4348 Hyperidem
2608 4286 2885 4331 oratorem
2925 4275 3134 4330 audite.
3157 4277 3188 4325 ‘c
3215 4275 3345 4341 Quae
3378 4285 3565 4331 autem

1974 4369 2208 4423 obscura
2247 4377 2409 4430 sunt,
2455 4367 2657 4437 inquit,
2692 4381 2920 4422 necesse
2956 4373 3041 4421 est
3084 4381 3178 4420 eos
3211 4367 3304 4436 qui
3339 4367 3561 4429 docent,

1975 4458 2234 4530 indagare
2271 4458 2372 4528 per
2411 4459 2759 4528 conjecturas
2801 4467 2859 4514 et
2891 4459 3066 4530 signa.
3112 4476 3129 4508 ι
3172 4460 3240 4513 Ει
3266 4459 3562 4521 Isocrates.

281 4550 397 4601 Καὶ
438 4547 750 4618 Ἰσοκράτης
790 4547 847 4602 δὲ
882 4546 1010 4616 (τῶν
1033 4547 1260 4617 ἐνδόξων
1292 4549 1349 4602 δὶ
1395 4550 1490 4602 καὶ
1535 4543 1691 4615 οὗτος
1716 4552 1745 4604 ὁ
1768 4553 1863 4622 ῥή-

1972 4550 2202 4622 insignis
2243 4557 2300 4606 et
2339 4550 2454 4621 ipse
2505 4559 2734 4616 orator,
2795 4566 3038 4607 consona
3083 4552 3168 4605 his
3219 4549 3445 4619 scripsit
3475 4548 3562 4620 (ν.

279 4645 420 4709 τωρ)
477 4639 742 4708 ξύμφωνα
815 4641 943 4711 περὶ
991 4639 1184 4693 τούτου
1239 4640 1505 4712 γέγραφε·
1537 4662 1556 4694 ι
1601 4645 1693 4696 Δεῖ
1735 4644 1865 4715 γάρ,

280 4731 441 4800 φησι,
497 4730 565 4783 τὰ
621 4730 885 4799 μέλλοντα
935 4735 1049 4795 τοῖς
1085 4733 1584 4804 προγεγενημένας
1637 4733 1870 4805 τεκμαί.

284 4823 499 4894 ρεσθαι.
540 4842 559 4873 ι
608 4823 767 4876 Ἀλλά
799 4822 909 4892 γάρ
946 4823 1037 4875 καὶ
1077 4823 1382 4893 Ἀνδοκίδης
1406 4819 1506 4894 (εἷς
1532 4825 1589 4878 δὲ
1614 4825 1722 4879 τῶν
1737 4826 1869 4879 δέκα.

282 4916 530 4986 ῥητόρων
585 4915 681 4969 καὶ
729 4908 927 4985 οὗτος),
974 4936 990 4966 ι
1023 4915 1165 4987 Χρὴ,
1220 4916 1375 4988 φηδὶ,
1428 4917 1751 4989 τεκμηρίοις
1780 4926 1870 4972 κεα-

283 4989 523 5075 χρῆσθαι
547 5010 658 5070 τοῖς
687 5023 992 5076 προγεγενη
1004 5007 1186 5074 μένοις
1213 5008 1341 5077 περὶ
1369 5008 1479 5060 τῶν
1513 5009 1864 5080 μελλόντων.»

298 5094 518 5164 Ἐπειδὴ
547 5095 656 5166 γὰρ
685 5096 786 5167 τῆς
814 5094 922 5149 τῶν
952 5095 1126 5162 λόγων
1155 5097 1381 5162 εύεπίας
1420 5097 1744 5170 ἐξήρτησθε,
1781 5100 1868 5151 ἐν-

282 5182 478 5238 τεῦθεν
539 5186 667 5255 ὑμῖν
720 5186 819 5248 τὰς
868 5183 1173 5248 ἀποδείξεις
1223 5189 1736 5256 προσενηνόχαμεν·
1784 5186 1869 5239 ἵνα

285 5277 381 5329 καὶ
415 5275 482 5328 δι’
532 5275 759 5330 ἐκείνων
810 5275 1218 5347 ποδηγηθέντες
1267 5276 1404 5347 πρὸς
1450 5279 1548 5346 τὴν
1583 5276 1865 5346 ἀλήθειαν,

1974 4636 2176 4712 Paneg.
2231 4658 2287 4712 p.
2329 4639 2399 4696 70
2439 4641 2507 4712 A)
2545 4658 2558 4694 :
2610 4661 2628 4692 ι
2666 4643 2896 4712 Oportet
2943 4658 3064 4713 quae
3095 4641 3279 4696 futura
3333 4648 3460 4694 sunt
3498 4653 3565 4693 ex

1975 4732 2270 4802 prmteritis
2317 4732 2486 4787 rebus
2547 4733 2844 4804 conjicere.
2889 4751 2906 4784 ι
2965 4733 3073 4788 Sed
3111 4742 3166 4787 et
3220 4718 3574 4797 Andocides,

1973 4839 2119 4878 unus
2153 4833 2209 4879 et
2246 4825 2365 4895 ipse
2421 4841 2452 4879 c
2487 4825 2677 4880 decem
2729 4825 3087 4879 oratoribus:
3126 4844 3142 4876 ‹
3189 4823 3440 4892 Oportet,
3478 4822 3565 4876 in—

1974 4917 2115 4986 quit,
2163 4917 2246 4971 uti
2303 4917 2475 4986 signis
2528 4917 2971 4986 praecedentibus
3014 4917 3080 4970 ad
3116 4931 3204 4970 res
3243 4916 3485 4969 futuras.
3545 4932 3561 4966 ι

1974 5004 2113 5070 Quia
2138 5005 2286 5058 enim
2322 5006 2391 5059 ab
2439 5005 2606 5074 882
2628 5013 2825 5059 ornatu
2879 5004 3214 5059 elocutionis
3270 5002 3526 5072 pendetis
3551 5043 3565 5067 ,

1975 5095 2107 5149 hinc
2127 5095 2285 5150 vobis
2312 5096 2816 5150 demonstrationes
2841 5096 3151 5158 attulimus,
3184 5105 3240 5147 ut
3269 5107 3360 5161 per
3379 5105 3473 5144 cas
3497 5091 3567 5145 ad

1975 5186 2262 5240 veritatem
2289 5186 2564 5256 perducti,
2593 5201 2890 5254 rerumque
2920 5186 3138 5239 eventis
3165 5183 3568 5237 manifestatam

1977 5285 2269 5332 cernentes
2301 5277 2396 5331 Dei
2427 5293 2490 5332 ac
2521 5276 2908 5346 Redemptoris
2944 5276 3118 5329 nostri
3144 5273 3569 5344 apparitionem.

1573 5428 1657 5480 VA
1673 5426 1810 5481 RLIE
1852 5426 2254 5483 LECTIONES.

361 5581 407 5614 ⁸⁸
435 5581 803 5651 ἐμπλήσασαι.
831 5579 1170 5651 ἐμπιπλᾶσαι
1193 5578 1372 5651 ανδ
1458 5578 1514 5651 _‘°
1544 5577 1926 5651 δεδομημέναι.
1961 5553 2346 5649 δεδωμημέναι
2471 5628 2487 5642 ,
2587 5578 2910 5651 προσόμοια.
2936 5580 3097 5651 ὅμοια
3126 5579 3186 5642 Β,
3209 5580 3308 5651 να.
3469 5579 3566 5628 πά-

285 5655 399 5706 )αι.
439 5647 671 5704 παλαιαὶ
698 5651 758 5705 Β.
836 5649 882 5681 δ’
915 5649 1185 5716 γέννησιν.
1216 5649 1430 5719 γένεσιν
1448 5647 1510 5719 (Σ.
1545 5649 1682 5701 Tum
1715 5648 1972 5719 ἀληθείας
1995 5647 2333 5719 προφητείαν
2364 5650 2458 5703 Va.
2536 5649 2582 5680 ⁸⁰
2617 5647 2938 5701 δεικνύουσι.
2979 5649 3219 5701 δείκνυσι
3251 5650 3312 5701 (ἶ.

1061 5719 1105 5750 ’ί
1139 5717 1608 5796 προαπηγγειλαν.
1662 5717 2049 5796 προήγγειλαν
2085 5719 2145 5772 Β.

289 5724 320 5776 θ
335 5723 530 5793 ἤματα.
595 5721 880 5793 θαύματα*
902 5719 951 5772 Β⁴

3388 5648 3430 5678 ³¹
3462 5665 3567 5700 πα·

2248 5720 2293 5750 ⁵³
2328 5718 2702 5771 ἀποκναίσειν.
2747 5719 3063 5788 ἀποκναίειν
3257 5719 3300 5750 ⁸⁵
3344 5716 3561 5788 [ποιεῖν]

463 5791 525 5845 C.
602 5791 647 5822 ⁸³
675 5787 999 5844 ἐπακοῦσαι.
1037 5787 1264 5841 ἀκοῦσαι
1289 5789 1386 5840 Na.
1462 5789 1509 5818 ⁵⁸
1538 5787 1867 5840 Φοινίσσαις.
1920 5787 2123 5842 Φοίνικι
2158 5791 2220 5844 Β.
2293 5789 2641 5852 ⁵⁷ὲοικότως.
2697 5787 2931 5842 ἐοικόσιν
2978 5788 3036 5842 Β.
3115 5787 3161 5818 ⁵⁸
3195 5787 3540 5842 ύπακὶύσατε

291 5860 638 5917 ἐπακούσατε
691 5860 752 5914 Β.
784 5858 1117 5913 ὑπακούσετε
1165 5857 1225 5913 C.
1300 5858 1348 5892 ⁵⁸
1373 5857 1564 5910 είκόσι.
1604 5858 1774 5910 εἰκοσι
1825 5857 1889 5912 Β.
