4088 6318
269 399 401 473 1001

867 402 1306 466 GR/ECARUM
1343 402 1644 463 AFFECT.
1685 400 2038 464 CURATIO.
2067 403 2286 463 —VII.
2331 403 2427 463 DE
2465 401 2939 465 SACBIFICIIS.

3398 399 3537 468 1002

265 515 408 588 ριοις
437 514 480 547 ³⁷
521 516 636 580 τοῖς
666 515 923 587 συνήθεσι
960 513 1288 588 χρήσασθαι,
1325 515 1638 583 ἀναγκαίως
1676 530 1840 585 προσ-

1948 514 2005 568 in
2037 514 2383 599 muneribus,
2423 529 2604 584 neque
2651 512 2987 571 laboriosum
3035 525 3086 570 te
3118 515 3219 571 feci
3261 516 3317 570 in
3350 516 3532 574 thure.

261 607 532 662 τέθεικεν
572 627 592 660 ι
627 607 882 676 Ἀφέλετε
927 607 971 640 ³⁸
1015 605 1114 669 τάς
1163 608 1428 677 πονηρίας
1477 603 1679 678 [ὑμῶν]
1739 603 1848 657 ἀπὸ

259 696 376 751 τῶν
396 697 586 768 ψυχῶν
617 697 792 766 ὑμῶν,
831 695 1096 749 ἀπέναντι
1144 695 1254 749 τῶν
1307 692 1603 764 ὀφθαλμῶν
1659 708 1784 762 μου.
1823 709 1841 742 ι

260 789 308 842 Τ
308 787 438 842 οῦτο
469 789 530 842 δέ
574 787 762 856 σαφῶς
809 786 910 857 τήν
948 785 1046 841 τοῦ
1089 785 1359 855 παναγίου
1400 784 1774 854 βαπτίσματος
1801 782 1847 815 ⁸⁸

258 878 560 934 αἰνίττεται
587 877 817 949 δωρεάν.
852 879 975 932 Κάν
1001 876 1082 947 τῷ
1122 877 1274 949 μέσῳ
1295 877 1351 932 δὲ
1376 874 1478 946 τῆς
1512 875 1850 946 προφητείας

259 968 430 1022 πάλιν
457 970 487 1023 6
512 966 609 1022 τοῦ
640 968 922 1038 προφήτου
944 967 1078 1032 Θεὸς
1104 967 1194 1021 διὰ
1218 966 1313 1020 τοῦ
1341 966 1622 1037 προφήτου
1657 965 1844 1036 φησίν·

262 1075 285 1110 ι
321 1059 399 1112 Ού
445 1057 542 1111 νῦν
584 1055 821 1112 ἐκάλεσά
877 1074 960 1123 σε,
1019 1056 1238 1121 Ἴακὼσ,
1279 1056 1403 1111 οὐδὲ
1462 1057 1725 1110 κοπιάσαι
1786 1070 1846 1109 σε

253 1133 512 1219 ἐποίησα,
567 1147 807 1220 Ἰσραήλ.
843 1149 958 1203 Ούκ
997 1147 1236 1220 ήνεγκάς
1276 1163 1370 1219 μοι
1411 1146 1658 1218 πρόϐατα
1695 1145 1844 1220 [τῆς]

251 1237 692 1309 ὁλοκαρπώσεὼς
723 1256 839 1304 σου,
863 1239 988 1293 οὐδὲ
1021 1241 1080 1293 ἐν
1117 1241 1238 1302 ταῖς
1274 1237 1489 1301 θυσίαις
1523 1253 1619 1290 σου
1665 1236 1846 1302 ἐδόξα-

253 1331 362 1394 σάς
395 1347 466 1400 με
485 1348 499 1362 ο
524 1330 626 1384 οὐκ
650 1330 970 1392 ἐὼύλευσάς
1004 1346 1094 1400 μοι
1130 1330 1190 1382 ἐν
1216 1329 1427 1399 δώροις,
1454 1326 1575 1380 οὐδὲ
1609 1324 1846 1394 ἐγκοπόν

253 1436 320 1473 σε
343 1419 578 1491 ἐποίησα
615 1421 674 1472 ἐν
701 1417 1007 1487 λιϐανωτῷ⁶
1040 1417 1165 1471 οὐδὲ
1197 1418 1416 1488 ἐκτήσω
1456 1433 1546 1487 μοι
1577 1415 1844 1487 ἀργυρίου

253 1509 538 1582 θυμίαμα,
565 1511 685 1564 ούδέ
708 1509 876 1579 στέαρ
902 1506 1058 1580 [τῶν]
1080 1509 1125 1541 ⁸⁸
1145 1507 1349 1561 θυσιῶν
1374 1523 1470 1559 σου
1498 1504 1838 1576 ἐπεθύμησα·

251 1602 374 1657 ἀλλ’
405 1603 464 1654 ἐν
491 1603 613 1665 ταῖς
640 1602 942 1672 ἁμαρτίαις
972 1617 1088 1666 σου,
1116 1603 1212 1654 καὶ
1241 1600 1300 1652 ἐν
1327 1600 1452 1662 ταῖς
1480 1597 1718 1661 ἀδικίαις
1747 1615 1841 1651 σου

253 1692 530 1765 προέστην
571 1708 654 1745 σοι
680 1690 746 1744 ⁸⁸.
776 1710 796 1743 ι
845 1689 1034 1754 υῦτως
1063 1690 1227 1745 πάλιν
1254 1689 1434 1756 δείξας
1469 1689 1704 1759 ἀνόνητα
1745 1688 1843 1758 τῆς

249 1783 490 1855 νομικῆς
523 1782 835 1853 ἱερουργίας
878 1781 949 1835 τά
977 1782 1115 1850 εῖδη,
1147 1782 1490 1850 ὑπισχνεῖται
1522 1781 1632 1833 τῶν
1659 1780 1842 1848 ἀμαρ-

1949 603 2139 676 Neque
2183 607 2519 674 comparasti
2558 606 2694 659 mihi
2745 606 2912 677 892
2943 615 3170 676 argento
3209 607 3533 677 thymiama,

1950 710 2130 765 neque
2183 696 2402 766 adipem
2433 698 2782 752 victimarum
2823 706 3041 753 tuarum
3092 698 3404 769 concupivi,
3435 699 3532 755 sed

1950 787 2008 839 in
2039 787 2283 856 peccatis
2312 788 2443 851 tuis,
2466 797 2522 842 et
2549 788 2604 842 in
2637 789 2926 859 injustitiis
2944 791 3056 844 tuis
3088 790 3304 860 protexi
3347 798 3465 845 tea.
3506 811 3524 843 ι

1947 876 2030 931 Ita
2059 892 2257 932 rursus
2285 877 2490 949 legales
2525 877 2778 932 victimas
2806 878 3033 932 inutiles
3063 893 3184 933 esse
3211 879 3530 946 ostendens,

1948 976 2301 1036 peccatorum
2338 968 2556 1022 veniam
2577 1007 2593 1033 ,
2627 981 2752 1037 quae
2798 982 2898 1037 per
2954 977 3208 1022 sanctum
3262 967 3533 1038 baptisma

1947 1059 2274 1114 mortalibus
2299 1058 2424 1113 data
2480 1067 2597 1122 est,
2651 1057 2964 1128 pollicetur.
3005 1058 3100 1114 Ait
3135 1058 3326 1114 enim:
3366 1078 3384 1110 ι
3416 1060 3533 1130 Ego

1947 1164 2071 1203 sum
2100 1149 2194 1219 qui
2219 1149 2379 1203 deleo
2415 1148 2736 1219 iniquitates
2768 1155 2889 1204 tuas
2908 1158 3134 1219 propter
3156 1165 3268 1215 me,
3297 1158 3355 1204 et
3397 1165 3529 1220 pec-

1947 1246 2194 1293 catorum
2248 1245 2469 1292 tuorum
2522 1253 2634 1293 non
2663 1237 2999 1292 recordabor
3023 1239 3070 1290 ιι.
3107 1257 3127 1289 ι
3162 1238 3354 1309 Neque
3380 1238 3532 1294 enim

1945 1327 2107 1382 laude
2134 1327 2318 1398 dignis
2353 1328 2618 1397 operibus
2645 1329 2873 1394 nostris,
2906 1329 3002 1383 sed
3038 1344 3139 1400 per
3165 1330 3338 1385 solam
3363 1330 3531 1386 ﬁdem

1946 1419 2177 1489 mystica
2206 1419 2352 1474 bona
2388 1420 2671 1474 consecuti
2713 1435 2928 1474 sumus.
2971 1420 3111 1475 Hinc
3151 1429 3210 1476 et
3236 1422 3533 1492 Apostolus

1944 1510 2257 1564 exclamat:
2310 1531 2328 1562 ι
2371 1509 2559 1566 Gratia
2601 1511 2738 1565 salvi
2763 1511 2892 1566 lacti
2927 1513 3082 1577 estis,
3113 1522 3168 1567 et
3191 1513 3296 1568 hoc
3323 1529 3435 1569 non
3462 1529 3533 1569 ex

1944 1602 2106 1658 vobis
2139 1618 2152 1656 :
2183 1601 2283 1657 Dei
2329 1609 2416 1657 est
2468 1601 2698 1666 donum,
2743 1617 2815 1656 ne
2860 1603 2986 1672 quis
3027 1602 3297 1674 glorietur
3313 1614 3360 1656 ο.
3394 1621 3413 1654 ι
3470 1603 3531 1658 Id

1946 1692 2125 1760 ipsum
2153 1691 2260 1746 hoc
2290 1691 2412 1745 loco
2443 1690 2783 1761 signiﬁcans,
2817 1697 3033 1760 propter
3063 1706 3146 1744 me
3168 1688 3374 1760 posuit.
3402 1690 3531 1745 Haec

1944 1790 2001 1836 et
2028 1797 2127 1850 per
2147 1781 2446 1836 Jeremiam
2474 1789 2746 1834 testatur:
2783 1799 2801 1832 ι
2828 1781 3162 1836 Holocausta
3183 1790 3369 1838 vestra
3393 1795 3532 1837 'con-

248 1876 520 1946 τημάτων
547 1874 648 1946 τὴν
674 1875 888 1943 ἄφεσιν,
911 1874 978 1943 ήν
997 1873 1087 1928 διὰ
1109 1871 1204 1926 τοῦ
1229 1870 1498 1939 παναγίου
1535 1870 1840 1938 βαπτίσμα-

1943 1881 2169 1944 gregate
2229 1887 2356 1927 cum
2418 1870 2710 1926 sacriﬁciis
2737 1872 2941 1927 vestris
2985 1881 3043 1926 et
3091 1872 3243 1927 edite
3281 1869 3535 1939 camem;

248 1985 344 2032 τος
378 1967 714 2038 ἐδωρήσατοο
753 1984 772 2016 ι
797 1963 937 2033 Ἐγώ
964 1965 1080 2035 είμι
1116 1964 1164 1995 δ’
1188 1963 1227 2043 ,ὁ
1255 1960 1555 2029 ἐξαλείφων
1588 1958 1687 2021 τὰς
1714 1959 1840 2011 ἀνο-

253 2060 386 2130 μίας
412 2075 507 2112 σου
533 2057 720 2110 ἕνεκεν
747 2053 904 2125 ἐμοῦ,
937 2055 1031 2108 καὶ
1058 2053 1160 2116 τὰς
1190 2051 1460 2122 ἁμαρτιας
1495 2066 1588 2103 σου
1607 2049 1667 2102 οὐ
1693 2049 1776 2117 μὴ
1791 2047 1838 2079 ιε

254 2149 662 2220 μνησθήσομαι.
693 2164 713 2197 ›
761 2146 834 2199 Οὺ
871 2144 981 2215 γὰρ
1005 2142 1069 2214 δὴ
1103 2142 1150 2174 ⁸⁵
1179 2142 1248 2195 δι’
1279 2141 1458 2213 ἔργων
1486 2140 1836 2207 ἀξιεπαίνων,

249 2238 390 2292 ἀλλά
424 2236 514 2291 διὰ
542 2238 711 2306 μόνης
739 2234 977 2296 πίστεως
1007 2232 1118 2286 τῶν
1148 2231 1426 2302 μυστικῶν
1461 2231 1839 2301 τετυχήκαμεν

249 2325 493 2396 ἀγαθῶν.
541 2323 632 2395 Τῷ
685 2339 769 2376 τοι
814 2323 910 2376 καὶ
958 2323 990 2376 ὁ
1034 2321 1178 2385 θεῖος
1219 2318 1540 2382 ’Δπόστολος
1577 2319 1834 2389 κέκραγε·

256 2435 277 2470 ι
304 2415 507 2487 Χάριτί
555 2415 679 2467 ἐστε
711 2412 1067 2483 σεσωσμένοι·
1102 2409 1198 2464 καὶ
1235 2409 1394 2463 τοῦτο
1433 2409 1534 2461 οὐκ
1572 2409 1631 2475 ἐξ
1662 2407 1835 2478 ὑμῶν’

249 2505 391 2560 Θεοῦ
435 2505 499 2558 τὸ
543 2503 734 2574 δῶρον,
779 2503 867 2557 ἵνα
919 2501 994 2572 μή
1046 2518 1131 2562 τις
1182 2501 1545 2570 καυχήσηται.
1589 2517 1608 2550 ι
1669 2497 1840 2551 Τοῦτο

252 2596 536 2651 κάνταῦθα
577 2595 773 2664 δηλῶν,
812 2594 875 2647 τὸ
908 2593 1119 2646 ἕνεκεν
1147 2591 1294 2660 ἐμοῦ
1322 2590 1534 2643 τέθεικε
1553 2588 1622 2642 δ’.
1655 2587 1842 2641 Ταῦτα

252 2687 353 2743 καὶ
391 2687 483 2740 διὰ
517 2685 786 2756 Ἱερεμίου
826 2681 1279 2754 διαμαρτύρεται,
1313 2680 1512 2749 λέγων·
1553 2698 1573 2731 ε
1612 2679 1694 2734 Τὰ
1725 2680 1872 2733 ὀλο--

251 2778 590 2849 καυτώματα
637 2776 791 2846 ὑμῶν
816 2775 864 2808 ⁸⁸
903 2774 1241 2842 συναγάγετε
1296 2772 1436 2842 μετά
1483 2772 1592 2826 τῶν
1639 2772 1841 2826 θυσιῶν

253 2869 435 2940 ὑμῶν,
467 2868 562 2922 καὶ
591 2867 796 2936 φάγετε
829 2864 1014 2936 κρέαςο
1044 2865 1127 2916 ὅτι
1154 2863 1256 2916 οὐκ
1286 2862 1526 2931 ἐλάλησα
1552 2861 1689 2930 πρὸς
1713 2861 1841 2924 τοὺς

251 2958 501 3032 πατέρας
539 2957 713 3027 ὑμῶν,
742 2955 864 3009 οὐδὲ
885 2953 1238 3023 ἐνετειλάμην
1265 2952 1451 3014 αὐτοῖς
1483 2954 1540 3003 ἐν
1567 2951 1754 3020 ήμέρᾳ.
1782 2952 1841 3002 ἐν

250 3045 289 3124 ᾖ
316 3052 594 3120 ἀνήγαγον
619 3045 816 3109 αὐτοὺς
839 3042 900 3109 ἐξ
920 3044 1198 3113 Δίγύπτου
1226 3059 1292 3095 πε
1302 3042 1354 3111 ρὶ
1372 3041 1842 3111 ὁλοκαυτωμάτων

252 3142 354 3196 καὶ
400 3139 612 3204 θυσίας.
634 3158 653 3192 ι
692 3140 759 3192 Ἀ
796 3137 906 3208 γὰρ
943 3136 1009 3206 δή
1063 3136 1192 3204 περὶ
1234 3133 1439 3187 τούτων
1485 3134 1542 3186 ἐν
1575 3131 1654 3201 τῷ
1691 3132 1841 3202 νόμῳ

1941 1964 2202 2034 quoniam
2227 1978 2340 2016 non
2365 1973 2486 2017 sum
2513 1962 2730 2017 locutus
2758 1963 2826 2017 ad
2848 1971 3030 2033 patres
3055 1970 3273 2018 vestros
3302 1981 3315 2015 :
3350 1978 3532 2032 neque

1942 2053 2034 2108 die
2061 2069 2172 2123 quo
2196 2053 2362 2107 eduxi
2390 2066 2486 2107 eos
2515 2052 2584 2106 de
2610 2051 2864 2124 Egypto,
2900 2053 3137 2124 pmcepi
3169 2054 3253 2109 eis
3281 2053 3351 2109 de
3376 2053 3533 2108 holo-

1941 2145 2149 2200 caustis
2167 2153 2223 2198 et
2249 2141 2523 2198 sacriﬁcio
2546 2139 2597 2196 δ.
2639 2161 2658 2192 ι
2695 2141 2852 2208 Quod
2879 2142 3048 2212 igitur
3077 2143 3147 2198 de
3166 2142 3256 2198 his
3285 2142 3532 2198 rebusin

1938 2234 2061 2305 lege
2092 2241 2452 2304 praeceperat,
2487 2232 2712 2286 illorum
2744 2230 3082 2288 inﬁrmitatis
3107 2231 3234 2298 fuit,
3277 2249 3392 2288 non
3443 2235 3530 2288 in-

1941 2324 2201 2394 digentiae
2226 2323 2406 2392 ipsius
2437 2329 2535 2376 aut
2556 2321 2878 2376 voluntatis.
2928 2321 3054 2378 Hec
3087 2331 3146 2376 et
3179 2317 3311 2376 alibi
3336 2321 3474 2377 dicit
3514 2341 3528 2377 :

1948 2432 1968 2464 ι
2000 2413 2334 2468 Holocausta
2363 2420 2547 2466 vestra
2569 2425 2680 2469 non
2703 2417 2833 2465 sunt
2853 2419 3098 2480 accepta,
3133 2425 3315 2481 neque
3346 2419 3533 2465 vestra

1940 2516 2030 2556 me
2066 2500 2418 2556 oblectarunt
2440 2498 2709 2554 sacriﬁcia
2738 2509 2782 2551 ο.
2816 2517 2836 2550 ι
2867 2498 2936 2552 Et
2959 2512 3153 2553 rursus
3181 2515 3193 2550 :
3234 2517 3252 2550 ι
3287 2498 3534 2553 Remove

1940 2607 1970 2645 ε
2006 2606 2095 2646 me
2122 2604 2318 2645 sonum
2339 2589 2682 2643 canticorum
2713 2599 2958 2652 tuorum,
2988 2596 3045 2642 ει
3077 2601 3270 2642 vocem
3298 2601 3536 2657 organo-

1941 2694 2066 2734 rum
2100 2686 2324 2734 tuorum
2355 2694 2468 2733 non
2513 2677 2736 2732 audiam
2761 2677 2805 2731 ῐ.
2840 2696 2859 2729 ι
2893 2677 3016 2731 Alia
3035 2693 3256 2747 quoque
3292 2677 3534 2746 plurima

1941 2771 2111 2842 hujus
2144 2771 2368 2842 generis
2401 2769 2652 2825 invenire
2708 2769 2867 2835 licet,
2905 2784 3027 2839 qua:
3065 2770 3201 2824 satis
3247 2769 3536 2824 declarant

1940 2861 2119 2916 Deum
2156 2877 2261 2915 nec
2294 2849 2585 2915 sacriﬁciis
2620 2859 2856 2930 eguisse,
2915 2875 3016 2914 nec
3039 2859 3194 2915 fumo
3238 2859 3405 2929 893
3443 2859 3557 2917 vel.

1941 2951 2138 3005 nidore
2165 2951 2349 3006 carnis
2377 2954 2394 2972 '
2428 2949 2725 3006 musicisve
2759 2952 3144 3005 instrumentis
3157 2951 3494 3006 oblectatum
3517 2991 3533 3015 ,

1941 3056 2007 3097 ea
2052 3041 2174 3097 ﬁeri
2215 3042 2470 3112 iussisse,
2499 3041 2594 3096 sed
2624 3049 2685 3096 ut
2719 3041 2937 3096 illorum
2982 3040 3296 3104 inﬁrmitati
3329 3056 3533 3098 consu-

1945 3134 2109 3190 leret.
3011 3145 3019 3152 '

253 3234 645 3305 προσετετάχει
682 3233 782 3301 τῆς
829 3230 1056 3285 ἐκείνων
1093 3224 1162 3300 ἥν
1203 3226 1584 3297 ἀναισθησίας,
1619 3227 1680 3278 ού
1733 3225 1835 3295 τῆς
1873 3227 2042 3280 αὑτοῦ
2068 3229 2257 3298 χρείας
2290 3245 2350 3280 τε
2387 3229 2480 3280 καὶ
2523 3227 2849 3297 βουλήσεως.
2888 3223 3074 3280 Ταῦτα
3141 3226 3237 3279 καὶ
3306 3226 3536 3299 ἑτέρωθι

253 3324 427 3392 λέγει·
471 3342 490 3376 ι
523 3322 604 3376 Τὰ
625 3319 1054 3391 ὁλοκαυτώματα
1081 3319 1235 3389 ὑμῶν
1295 3319 1399 3372 οὐκ
1459 3317 1573 3370 ἐστι
1603 3317 1789 3370 δεκτάο
1819 3319 1915 3371 καὶ
1948 3322 2005 3372 αί
2037 3319 2219 3372 θυσίαι
2265 3319 2420 3390 ὑμῶν
2452 3320 2552 3388 οὐχ
2588 3318 2786 3387 ἡδονάν
2821 3319 2864 3349 ⁸⁷
2899 3335 2988 3389 με.
3024 3337 3043 3369 ι
3091 3321 3210 3373 Καὶ
3260 3316 3329 3374 αὖ
3374 3322 3538 3376 πάλιν

256 3415 382 3486 favi
417 3433 436 3466 ι
479 3414 813 3483 ’Δπὸστησον
842 3412 940 3464 ἀπ’
962 3410 1098 3480 ἐμοῦ
1119 3405 1256 3480 ἦχον
1313 3408 1472 3480 ᾠδῶν
1505 3426 1624 3474 σου,
1661 3409 1757 3463 καὶ
1793 3407 2004 3479 ’φωνῆς
2052 3410 2304 3482 ὀργάνων
2380 3426 2477 3462 σου
2522 3409 2623 3462 οὐκ
2657 3407 2986 3477 ἀκούσομαι.
3020 3427 3038 3459 ι
3081 3411 3193 3462 Καὶ
3241 3411 3376 3463 ἀλλὰ
3409 3411 3464 3464 δὲ
3490 3412 3538 3443 ⁸³

257 3502 556 3575 πάμπολλα
588 3500 735 3574 [108]
765 3501 992 3555 τοιαῦτα
1028 3500 1180 3554 ἐστιν
1208 3501 1408 3571 εὑρεῖν,
1441 3499 1705 3570 δηλοῦντα
1740 3501 1950 3570 σαφῶς,
1983 3501 2059 3564 ὡς
2093 3503 2153 3554 ού
2213 3502 2466 3571 δεόμενος
2510 3499 2710 3554 θυσιῶν
2741 3502 2770 3552 ὁ
2836 3498 2989 3563 Θεὸς,
3033 3500 3154 3552 οὐδὲ
3189 3501 3384 3572 καπνῷ
3442 3505 3539 3556 καὶ

255 3596 422 3667 κνίσῃ
474 3593 570 3648 καὶ
614 3595 727 3656 τοῖς
775 3594 1056 3663 μουσικοῖς
1105 3593 1359 3661 ὀργάνοις
1413 3591 1846 3664 ἐπιτερπόμενος
1878 3593 2053 3647 ταῦτα
2091 3592 2365 3646 τελεῖσθαι
2416 3589 2767 3662 προσέταξεν,
2794 3590 2930 3644 ἀλλά
2989 3591 3091 3661 τῆς
3146 3593 3373 3646 ἐκείνων
3404 3610 3531 3664 προ-

261 3684 640 3754 μηθουμένους
667 3681 928 3753 ίατρείας.

330 3774 429 3842 Μὴ
461 3772 642 3827 τοίνυν
689 3769 794 3840 τῆς
837 3769 946 3823 τῶν
991 3769 1274 3842 ὑμετέρων
1317 3769 1577 3839 θυμάτων
1612 3788 1840 3844 κατηγο-

2015 3767 2094 3824 Ne
2127 3769 2313 3838 itaque
2337 3783 2435 3822 vos
2465 3783 2566 3838 pro
2592 3769 2944 3824 accusatione
2967 3781 3282 3826 vestrorum
3322 3774 3535 3829 sacriﬁ«

257 3854 393 3934 ρίας
411 3860 708 3929 ἀπολογίαν
739 3859 838 3930 τὴν
870 3859 1326 3928 ἀντικατηγορίαν
1357 3858 1404 3890 δ’
1435 3858 1579 3929 ἔχειν
1618 3859 1839 3930 νομίζε-

252 3971 318 4009 τε
346 3957 415 4009 ⁸⁸.
440 3954 609 4024 Δῆλον
639 3951 750 4022 γάρ
777 3966 860 4004 τοι
897 3951 989 4004 τὸν
1029 3950 1124 4003 τοῦ
1152 3950 1318 4020 νόμου
1363 3951 1564 4003 σκοπὸν
1604 3951 1694 4004 διά
1729 3950 1838 4006 τῶν

253 4042 556 4118 προφητῶν
592 4044 622 4096 ὀ
654 4039 951 4111 νομοθέτης
987 4040 1273 4110 πεποίηκε.
1315 4040 1540 4104 Τούτοις
1590 4041 1837 4114 ἀκριϐῶς

254 4134 495 4204 ἐντυχὼν
513 4130 875 4203 δΠορφύριος
903 4129 1074 4202 (μάλα
1099 4129 1209 4200 γάρ
1231 4130 1274 4162 ⁵¹
1301 4131 1482 4194 αὐτοῖς
1513 4130 1833 4202 ἐνδιέτριψε,

252 4230 357 4300 τήν
385 4227 506 4282 καθ’
544 4225 706 4296 ήμῶν
737 4223 983 4300 τυρεύων
1007 4225 1054 4257 ³³
1081 4223 1343 4295 γραφὴν),
1380 4224 1517 4297 [καὶ]
1554 4225 1834 4295 ἀλλότριον

251 4299 537 4379 εὗσεδείας
561 4314 653 4368 καὶ⁸
673 4312 833 4377 αὐτὸς
859 4299 1150 4382 ἀποφαίνει
1173 4315 1233 4367 τὸ
1257 4316 1425 4381 θύειν,
1456 4317 1837 4387 παραπλήσιόν

249 4423 309 4461 τι
330 4409 442 4469 τοῖς
466 4405 719 4474 πιθήκοις
749 4405 844 4457 καὶ
862 4403 1006 4474 δρῶν
1037 4405 1129 4458 καὶ
1157 4406 1402 4476 πάσχων.
1436 4408 1704 4479 Καθάπερ
1725 4408 1835 4481 γάρ

250 4499 455 4551 ἐκεῖνοι
487 4495 778 4566 μιμοῦνται
813 4494 911 4565 μὲν
947 4494 1018 4547 τὰ
1054 4494 1163 4549 τῶν
1200 4496 1504 4567 ἀνθρώπων
1547 4499 1835 4569 ἐπιτηδεύο

255 4604 428 4662 ματα,
463 4589 543 4649 είς
578 4586 636 4640 δέ
663 4602 729 4653 γε
757 4586 858 4654 τήν
880 4585 991 4639 τῶν
1020 4585 1323 4657 ἀνθρώπων
1364 4589 1426 4640 ού
1474 4588 1837 4658 μεταόἀλλον-

249 4695 346 4733 ται
392 4677 575 4746 φύσιν,
609 4676 746 4730 ἀλλὰ
791 4676 1012 4747 μένουσι
1061 4677 1305 4748 πίθηκοι·
1349 4676 1524 4741 οὕτως
1569 4674 1725 4742 οὗτος
1764 4680 1834 4733 τά

253 4767 378 4822 θεῖα
406 4767 561 4836 λόγια
596 4766 896 4836 κεκλοφὼς,
945 4766 1038 4819 καὶ
1081 4767 1238 4820 ἐνίων
1286 4768 1385 4837 τὴν
1435 4768 1676 4822 διάνοιαν
1721 4772 1835 4833 τοῖς

230 4857 684 4933 ’ξυγγράμμασιν
725 4857 1044 4922 ἐντεθεικὼς
1075 4861 1188 4922 τοῖς
1222 4837 1464 4926 οἰκείοις,
1498 4860 1835 4932 μεταμαθεῖν

249 4950 357 5003 οὐκ
373 4948 606 5019 ἠθέλησε
625 4950 727 5020 τὴν
747 4949 794 4982 ⁸⁸
817 4949 1097 5021 ἀλήθειαν,
1118 4948 1253 5002 ἀλλά
1279 4950 1555 5021 μεμένηκε
1580 4950 1829 5021 πίθηκος,

1946 3861 2158 3914 ciorum
2188 3860 2332 3914 hanc
2357 3858 2740 3914 defensionem
2775 3861 2983 3916 habere
3010 3863 3239 3930 putetis,
3269 3865 3417 3933 quod
3445 3881 3540 3922 ac-

1943 3951 2216 4006 cusationi
2264 3952 2676 4006 accusationem
2718 3953 3016 4022 Opponitis.
3059 3953 3192 4019 Quae
3232 3959 3382 4012 enim
3410 3956 3538 4014 latae

1942 4043 2079 4114 legis
2101 4056 2258 4096 mens
2302 4042 2492 4107 fuerit,
2532 4043 2648 4112 ipse
2667 4044 2762 4112 qui
2790 4044 2969 4114 legem
2997 4044 3143 4109 tulit,
3172 4060 3272 4114 per
3294 4047 3535 4116 prophe-

1945 4143 2028 4188 tas
2059 4134 2203 4188 Deus
2231 4133 2497 4188 ostendit.
2537 4132 2669 4200 Quae
2703 4149 2830 4188 cum
2865 4135 3161 4206 diligenter
3187 4137 3534 4209 Porphyrius

1941 4227 2264 4296 perlegisset
2298 4225 2618 4296 (plurimum
2650 4226 2798 4280 enim
2819 4227 3086 4295 temporis
3134 4228 3192 4282 in
3224 4229 3306 4284 eis
3325 4232 3534 4286 contri-

1941 4320 2041 4384 vit,
2070 4319 2201 4373 dum
2225 4333 2327 4383 sua
2348 4318 2402 4372 in
2429 4317 2777 4373 Christianos
2795 4317 3080 4372 volumina
3109 4320 3528 4392 meditabatur),

1941 4411 2122 4465 aliena
2142 4410 2188 4463 is
2209 4424 2432 4478 quoque
2455 4425 2485 4464 a
2507 4425 2638 4464 vera
2663 4410 2869 4479 pietate
2899 4410 3166 4466 sacriﬁcia
3183 4428 3305 4468 esse
3338 4422 3532 4470 osten-

1940 4501 2042 4556 dit.
2074 4501 2191 4568 Qua
2218 4502 2276 4556 in
2307 4517 2364 4557 re
2394 4503 2690 4573 contigisse
2743 4503 2822 4557 illi
2865 4503 3086 4558 videtur
3117 4507 3262 4575 quod
3308 4510 3527 4563 contin-

1939 4607 2070 4661 gere
2102 4591 2278 4646 simiis
2318 4593 2477 4646 solet.
2516 4592 2672 4646 Sicut
2709 4593 2858 4647 enim
2896 4593 2975 4647 illi
3010 4595 3280 4651 humanos
3304 4598 3529 4668 quidem

1937 4692 2124 4751 gestus
2150 4682 2462 4746 imitantur,
2490 4684 2546 4737 in
2581 4684 2879 4739 humanam
2925 4694 3108 4741 tamen
3132 4696 3383 4744 naturam
3415 4707 3528 4746 non

1941 4780 2249 4837 transeunt,
2274 4773 2370 4829 sed
2397 4774 2544 4828 simii
2567 4786 2896 4845 permanent
2927 4795 2939 4830 :
2967 4777 3042 4832 ita
3071 4785 3127 4833 et
3158 4779 3270 4844 hic,
3300 4795 3330 4835 e
3357 4784 3530 4839 sacris

1939 4862 2165 4918 Litteris
2199 4863 2535 4930 suﬂuratus,
2565 4873 2623 4919 et
2658 4867 2942 4923 nonnullis
2979 4869 3108 4923 inde
3150 4859 3526 4928 sententiis'in

1939 4968 2036 5008 sua
2099 4963 2459 5010 monumenta
2513 4956 2830 5021 translatis,
2864 4959 3155 5014 veritatem
3206 4962 3528 5030 perdiscere

253 5038 459 5120 μᾶλλον
486 5039 544 5092 δὲ
574 5038 805 5104 κολοιὸς,
844 5040 1145 5112 ἀλλοτρίοις
1169 5040 1218 5072 ⁸⁵
1245 5041 1456 5105 πτίλοις
1498 5042 1833 5114 καλλύνόμε-

1943 5045 2140 5112 noluit,
2175 5045 2272 5102 sed
2319 5047 2513 5101 simius
2556 5049 2882 5117 permansit,
2914 5049 3000 5105 vel
3046 5051 3303 5119 graculus
3340 5051 3527 5120 potius

329 5192 354 5221 ι
376 5179 479 5236 lsa.
505 5197 654 5246 ωιι,
680 5179 865 5237 22-24.
944 5180 974 5221 δ
1005 5180 1139 5235 ibid.
1164 5180 1254 5235 25.
1335 5185 1356 5220 ε
1378 5181 1577 5251 Ephes.
1601 5199 1659 5249 ιι,
1682 5182 1734 5248 8,
1765 5182 1818 5237 9.

1944 5183 2146 5238 Jerem.
2173 5201 2266 5250 vn,
2292 5166 2492 5249 2l:22.
2541 5197 2562 5224 ε
2597 5185 2779 5240 Jerem
2826 5201 2908 5251 νι,
2935 5185 3024 5238 20.
3111 5186 3129 5224 ΐ
3155 5187 3320 5242 Amos
3340 5205 3392 5253 ν,
3429 5187 3518 5241 25.

1571 5337 1804 5394 VARUE
1842 5339 2252 5397 LECTIONES.

330 5478 904 5605 ’ξπεριρῤαντῆρίοιᾳ
940 5477 1346 5559 περιρραντίοις
1387 5477 1486 5533 Va.

330 5569 565 5605 νεύματος
595 5549 658 5605 C.
777 5589 793 5604 .
865 5547 912 5580 δ’
945 5546 1242 5605 [των1οω.
1296 5546 1360 5603 C.
1437 5549 1480 5580 “

255 5549 658 5643 πνεύματοςὈ,
688 5549 793 5605 Vb.
865 5549 912 5580 δ’
945 5549 1106 5648 [τῶνι
1131 5563 1250 5629 01ὶίζ
1296 5549 1360 5603 C.
1437 5549 1480 5580 “
1517 5566 1524 5599 ι

250 5626 320 5683 (ι.
397 5624 443 5657 ⁸⁸
470 5621 684 5676 τέθεικε
731 5633 842 5672 om.
884 5617 984 5672 Va.
1058 5615 1080 5648 ‘
1137 5617 1290 5686 ὑμων
1319 5632 1430 5673 om.
1461 5617 1524 5673 C.

1602 5619 1648 5690 ’ξ’
1679 5619 1906 5690 ἤδυναν.
1931 5621 2130 5690 ἧδυναν
2311 5619 2355 5652 ⁸⁸
2380 5621 2437 5673 δὲ
2468 5636 2577 5675 om,
2629 5619 2688 5673 Β,

251 5693 489 5777 ητορίσεί
531 5691 630 5777 Ῡδο
665 5687 1086 5777 ..Ἰγομίέἔιῑξι
1106 5686 1354 5777 vis“?
1383 5688 1452 5777 3.;
1471 5686 1782 5777 ‘2’.th
1817 5686 2260 5777 Petavius?
2290 5705 2401 5777 ρων
2440 5690 2500 5777 Β·

865 5496 912 5580 E;
940 5479 1346 5580 FEIﬁéﬁl‘thﬁ
1387 5479 1486 5580 Vit;
1596 5479 1640 5511 ³⁸
1670 5479 1966 5580 ιιιφέὲειτδθεἱ
1993 5482 2220 5580 ἀφέλετε
2251 5479 2712 5580 Ουᾳυιξ-ῐῃοξιοηι.
2746 5479 2970 5580 [ii-pth].
3048 5483 3091 5515 ”
3124 5483 3519 5580 βιαπτέίματος.

945 5546 1249 5620 [νιςῶνμριιίζ
1296 5546 1360 5603 C.
1437 5549 1499 5620 δξ
1517 5564 1617 5602 σοι.
1654 5546 1746 5620 σου
1778 5549 1838 5604 Β.
1867 5551 1912 5582 δ’
1943 5546 2054 5618 ἐγώ
2109 5552 2226 5620 είμι
2283 5546 2357 5620 Β-
2381 5546 2485 5606 bis.

2563 5553 2611 5583 ⁵⁸
2629 5553 2702 5622 οὐ
2759 5553 2854 5622 μή.
2890 5553 2964 5622 μὴ
2998 5567 3108 5606 om.
3143 5553 3203 5606 Β.
3235 5553 3282 5583 ⁸⁸
3310 5553 3375 5622 δὴ
3405 5567 3520 5610 om.

2784 5623 2829 5693 βξ
2862 5622 3348 5693 ἀντικατηγορίαν.
3377 5640 3525 5693 Ῠκατ-

2580 5691 2624 5763 ξ’
2645 5691 2917 5763 τορεύων.
2948 5691 3186 5763 τορεύὼν
3208 5691 3278 5747 υι
3302 5692 3523 5747 videtur

247 5755 398 5837 ddnj.
446 5761 632 5820 Ursin.
665 5758 820 5814 Male.
851 5755 861 5759 ’
907 5755 1087 5826 “xliv
1118 5755 1227 5809 om.
1258 5755 1317 5810 Β.
1406 5758 1453 5791 ⁸⁸
1486 5758 1784 5832 ἀλλοτρίοις
1818 5755 2422 5831 ’πτίλοις.”ἀλλοτρίοισι
2470 5759 2692 5831 πτηλοῖς
2723 5755 2783 5815 C.

577 5855 843 5916 PATROL.
889 5852 1004 5912 GR.
1053 5851 1144 5912 LX
1158 5851 1365 5912 XXIII.

3046 5853 3123 5913 32
