  <div class='ocr_page' id='page_1' title='image "/cluster/home/n/w/nwhite01/storage/ocr_20150623/83/pst.000005712823/509.png"; bbox 0 0 4088 6318; ppageno 0'>
   <div class='ocr_carea' id='block_1_1' title="bbox 631 330 765 394">
    <p class='ocr_par' dir='ltr' id='par_1_1' title="bbox 631 330 765 394">
     <span class='ocr_line' id='line_1_1' title="bbox 631 330 765 394; baseline -0.015 0"><span class='ocrx_word' id='word_1_1' title='bbox 631 330 765 394; x_wconf 75' lang='lat'><strong>1003</strong></span> 
     </span>
    </p>
   </div>
   <div class='ocr_carea' id='block_1_2' title="bbox 1632 317 2895 381">
    <p class='ocr_par' dir='ltr' id='par_1_2' title="bbox 1632 317 2895 381">
     <span class='ocr_line' id='line_1_2' title="bbox 1632 317 2895 381; baseline -0.004 -1"><span class='ocrx_word' id='word_1_2' title='bbox 1632 318 2115 381; x_wconf 81' lang='lat' dir='ltr'><strong>THEODORETI</strong></span> <span class='ocrx_word' id='word_1_3' title='bbox 2152 317 2490 378; x_wconf 84' lang='lat' dir='ltr'><strong>EPISCOPI</strong></span> <span class='ocrx_word' id='word_1_4' title='bbox 2531 317 2895 376; x_wconf 83' lang='lat' dir='ltr'><strong>CYRENSIS</strong></span> 
     </span>
    </p>
   </div>
   <div class='ocr_carea' id='block_1_3' title="bbox 3753 316 3870 380">
    <p class='ocr_par' dir='ltr' id='par_1_3' title="bbox 3753 316 3870 380">
     <span class='ocr_line' id='line_1_3' title="bbox 3753 316 3870 380; baseline 0.017 -2"><span class='ocrx_word' id='word_1_5' title='bbox 3753 316 3870 380; x_wconf 69' lang='lat' dir='ltr'><strong>10M</strong></span> 
     </span>
    </p>
   </div>
   <div class='ocr_carea' id='block_1_4' title="bbox 627 421 2197 508">
    <p class='ocr_par' dir='ltr' id='par_1_4' title="bbox 627 424 2197 508">
     <span class='ocr_line' id='line_1_4' title="bbox 627 424 2197 508; baseline -0.013 -11"><span class='ocrx_word' id='word_1_6' title='bbox 627 441 824 497; x_wconf 84' lang='lat' dir='ltr'><strong>alienis</strong></span> <span class='ocrx_word' id='word_1_7' title='bbox 848 437 1048 508; x_wconf 86' lang='lat' dir='ltr'><strong>plumis</strong></span> <span class='ocrx_word' id='word_1_8' title='bbox 1069 433 1340 489; x_wconf 87' lang='lat' dir='ltr'><strong>excultus.</strong></span> <span class='ocrx_word' id='word_1_9' title='bbox 1380 431 1480 486; x_wconf 85' lang='lat' dir='ltr'><strong>Hic</strong></span> <span class='ocrx_word' id='word_1_10' title='bbox 1503 445 1627 484; x_wconf 92' lang='lat' dir='ltr'><strong>cum</strong></span> <span class='ocrx_word' id='word_1_11' title='bbox 1663 429 1732 484; x_wconf 90' lang='lat' dir='ltr'><strong>de</strong></span> <span class='ocrx_word' id='word_1_12' title='bbox 1768 426 2100 482; x_wconf 74' lang='lat' dir='ltr'><strong>abstinentia</strong></span> <span class='ocrx_word' id='word_1_13' title='bbox 2135 424 2197 478; x_wconf 86' lang='lat' dir='ltr'><strong>ah</strong></span> 
     </span>
    </p>
   </div>
   <div class='ocr_carea' id='block_1_5' title="bbox 2302 421 3871 508">
    <p class='ocr_par' dir='ltr' id='par_1_5' title="bbox 2308 421 3871 498">
     <span class='ocr_line' id='line_1_5' title="bbox 2308 421 3871 498; baseline 0.001 -19"><span class='ocrx_word' id='word_1_14' title='bbox 2308 444 2414 489; x_wconf 89' lang='grc' dir='ltr'>νος.</span> <span class='ocrx_word' id='word_1_15' title='bbox 2453 421 2620 490; x_wconf 82' lang='grc' dir='ltr'>Οὗτος</span> <span class='ocrx_word' id='word_1_16' title='bbox 2656 427 2786 498; x_wconf 73' lang='grc' dir='ltr'>περὶ</span> <span class='ocrx_word' id='word_1_17' title='bbox 2817 427 2910 479; x_wconf 80' lang='grc' dir='ltr'>τοῦ</span> <span class='ocrx_word' id='word_1_18' title='bbox 2945 428 3055 479; x_wconf 84' lang='grc' dir='ltr'>δεῖν</span> <span class='ocrx_word' id='word_1_19' title='bbox 3096 426 3354 498; x_wconf 70' lang='grc' dir='ltr'>ἐμψύχων</span> <span class='ocrx_word' id='word_1_20' title='bbox 3399 427 3704 498; x_wconf 76' lang='grc' dir='ltr'>ἀπέχεσθαι</span> <span class='ocrx_word' id='word_1_21' title='bbox 3762 433 3871 483; x_wconf 79' lang='grc' dir='ltr'>πολ-</span> 
     </span>
    </p>
   </div>
   <div class='ocr_carea' id='block_1_6' title="bbox 627 520 2198 596">
    <p class='ocr_par' dir='ltr' id='par_1_6' title="bbox 627 520 2198 596">
     <span class='ocr_line' id='line_1_6' title="bbox 627 520 2198 596; baseline -0.013 -7"><span class='ocrx_word' id='word_1_22' title='bbox 627 534 880 589; x_wconf 90' lang='lat' dir='ltr'><strong>animatis</strong></span> <span class='ocrx_word' id='word_1_23' title='bbox 933 530 1105 585; x_wconf 86' lang='lat' dir='ltr'><strong>libros</strong></span> <span class='ocrx_word' id='word_1_24' title='bbox 1155 528 1363 596; x_wconf 81' lang='lat' dir='ltr'><strong>aliquot</strong></span> <span class='ocrx_word' id='word_1_25' title='bbox 1393 523 1698 587; x_wconf 76' lang='lat' dir='ltr'><strong>scriberet,</strong></span> <span class='ocrx_word' id='word_1_26' title='bbox 1755 520 2198 589; x_wconf 83' lang='lat' dir='ltr'><strong>Theophrastum</strong></span> 
     </span>
    </p>
   </div>
   <div class='ocr_carea' id='block_1_7' title="bbox 627 608 2200 692">
    <p class='ocr_par' dir='ltr' id='par_1_7' title="bbox 627 608 2200 692">
     <span class='ocr_line' id='line_1_7' title="bbox 627 608 2200 692; baseline -0.013 -13"><span class='ocrx_word' id='word_1_27' title='bbox 627 627 702 692; x_wconf 94' lang='lat' dir='ltr'><strong>(v.</strong></span> <span class='ocrx_word' id='word_1_28' title='bbox 737 620 932 678; x_wconf 59' lang='lat' dir='ltr'><strong>Euseb.</strong></span> <span class='ocrx_word' id='word_1_29' title='bbox 975 619 1039 673; x_wconf 88' lang='lat' dir='ltr'><strong>P.</strong></span> <span class='ocrx_word' id='word_1_30' title='bbox 1068 618 1136 673; x_wconf 86' lang='lat' dir='ltr'><strong>E.</strong></span> <span class='ocrx_word' id='word_1_31' title='bbox 1175 634 1231 687; x_wconf 91' lang='lat' dir='ltr'><strong>p.</strong></span> <span class='ocrx_word' id='word_1_32' title='bbox 1267 615 1357 684; x_wconf 79' lang='lat'><strong>28)</strong></span> <span class='ocrx_word' id='word_1_33' title='bbox 1388 613 1604 667; x_wconf 87' lang='lat' dir='ltr'><strong>induxit</strong></span> <span class='ocrx_word' id='word_1_34' title='bbox 1648 613 1922 666; x_wconf 74' lang='lat' dir='ltr'><strong>dicentem</strong></span> <span class='ocrx_word' id='word_1_35' title='bbox 1988 608 2200 677; x_wconf 89' lang='lat' dir='ltr'><strong>priscos</strong></span> 
     </span>
    </p>
   </div>
   <div class='ocr_carea' id='block_1_8' title="bbox 625 698 2202 780">
    <p class='ocr_par' dir='ltr' id='par_1_8' title="bbox 625 698 2202 780">
     <span class='ocr_line' id='line_1_8' title="bbox 625 698 2202 780; baseline -0.013 -10"><span class='ocrx_word' id='word_1_36' title='bbox 625 715 876 771; x_wconf 86' lang='lat' dir='ltr'><strong>homines</strong></span> <span class='ocrx_word' id='word_1_37' title='bbox 925 725 1106 780; x_wconf 87' lang='lat' dir='ltr'><strong>neque</strong></span> <span class='ocrx_word' id='word_1_38' title='bbox 1140 710 1298 773; x_wconf 91' lang='lat' dir='ltr'><strong>thus,</strong></span> <span class='ocrx_word' id='word_1_39' title='bbox 1348 721 1530 776; x_wconf 90' lang='lat' dir='ltr'><strong>neque</strong></span> <span class='ocrx_word' id='word_1_40' title='bbox 1558 705 1696 758; x_wconf 89' lang='lat' dir='ltr'><strong>ullas</strong></span> <span class='ocrx_word' id='word_1_41' title='bbox 1726 703 1976 756; x_wconf 80' lang='lat' dir='ltr'><strong>victimas</strong></span> <span class='ocrx_word' id='word_1_42' title='bbox 2013 698 2202 752; x_wconf 88' lang='lat' dir='ltr'><strong>solitos</strong></span> 
     </span>
    </p>
   </div>
   <div class='ocr_carea' id='block_1_9' title="bbox 620 787 2202 871">
    <p class='ocr_par' dir='ltr' id='par_1_9' title="bbox 620 787 2202 871">
     <span class='ocr_line' id='line_1_9' title="bbox 620 787 2202 871; baseline -0.013 -11"><span class='ocrx_word' id='word_1_43' title='bbox 620 805 842 868; x_wconf 82' lang='lat' dir='ltr'><strong>oﬁ‘erre,</strong></span> <span class='ocrx_word' id='word_1_44' title='bbox 879 801 975 857; x_wconf 86' lang='lat' dir='ltr'><strong>sed</strong></span> <span class='ocrx_word' id='word_1_45' title='bbox 1008 799 1312 871; x_wconf 78' lang='lat' dir='ltr'><strong>pauxillum</strong></span> <span class='ocrx_word' id='word_1_46' title='bbox 1379 796 1529 860; x_wconf 82' lang='lat' dir='ltr'><strong>feni,</strong></span> <span class='ocrx_word' id='word_1_47' title='bbox 1581 805 1838 861; x_wconf 86' lang='lat' dir='ltr'><strong>tanquam</strong></span> <span class='ocrx_word' id='word_1_48' title='bbox 1885 787 2202 861; x_wconf 80' lang='lat' dir='ltr'><strong>genitabilis</strong></span> 
     </span>
    </p>
   </div>
   <div class='ocr_carea' id='block_1_10' title="bbox 620 878 2201 963">
    <p class='ocr_par' dir='ltr' id='par_1_10' title="bbox 620 878 2201 963">
     <span class='ocr_line' id='line_1_10' title="bbox 620 878 2201 963; baseline -0.015 -10"><span class='ocrx_word' id='word_1_49' title='bbox 620 907 832 953; x_wconf 62' lang='lat' dir='ltr'><strong>natura;</strong></span> <span class='ocrx_word' id='word_1_50' title='bbox 860 894 1197 963; x_wconf 73' lang='lat' dir='ltr'><strong>lanuginem,</strong></span> <span class='ocrx_word' id='word_1_51' title='bbox 1229 888 1484 944; x_wconf 86' lang='lat' dir='ltr'><strong>manibus</strong></span> <span class='ocrx_word' id='word_1_52' title='bbox 1505 887 1612 940; x_wconf 90' lang='lat' dir='ltr'><strong>alte</strong></span> <span class='ocrx_word' id='word_1_53' title='bbox 1639 885 1938 947; x_wconf 89' lang='lat' dir='ltr'><strong>sublatum,</strong></span> <span class='ocrx_word' id='word_1_54' title='bbox 1968 878 2201 935; x_wconf 83' lang='lat' dir='ltr'><strong>ﬂammis</strong></span> 
     </span>
    </p>
   </div>
   <div class='ocr_carea' id='block_1_11' title="bbox 620 972 2200 1058">
    <p class='ocr_par' dir='ltr' id='par_1_11' title="bbox 620 972 2200 1058">
     <span class='ocr_line' id='line_1_11' title="bbox 620 972 2200 1058; baseline -0.011 -16"><span class='ocrx_word' id='word_1_55' title='bbox 620 989 927 1058; x_wconf 84' lang='lat' dir='ltr'><strong>imponere,</strong></span> <span class='ocrx_word' id='word_1_56' title='bbox 981 992 1037 1038; x_wconf 89' lang='lat' dir='ltr'><strong>et</strong></span> <span class='ocrx_word' id='word_1_57' title='bbox 1085 983 1191 1035; x_wconf 87' lang='lat' dir='ltr'><strong>hoc</strong></span> <span class='ocrx_word' id='word_1_58' title='bbox 1245 978 1517 1035; x_wconf 84' lang='lat' dir='ltr'><strong>sacriﬁcio</strong></span> <span class='ocrx_word' id='word_1_59' title='bbox 1571 982 1901 1045; x_wconf 87' lang='lat' dir='ltr'><strong>apparentes</strong></span> <span class='ocrx_word' id='word_1_60' title='bbox 1948 972 2200 1028; x_wconf 69' lang='lat' dir='ltr'><strong>cmlestes</strong></span> 
     </span>
    </p>
   </div>
   <div class='ocr_carea' id='block_1_12' title="bbox 620 1063 2198 1145">
    <p class='ocr_par' dir='ltr' id='par_1_12' title="bbox 620 1063 2198 1145">
     <span class='ocr_line' id='line_1_12' title="bbox 620 1063 2198 1145; baseline -0.012 -12"><span class='ocrx_word' id='word_1_61' title='bbox 620 1079 755 1134; x_wconf 89' lang='lat' dir='ltr'><strong>deos</strong></span> <span class='ocrx_word' id='word_1_62' title='bbox 781 1075 1090 1145; x_wconf 80' lang='lat' dir='ltr'><strong>excepisse.</strong></span> <span class='ocrx_word' id='word_1_63' title='bbox 1123 1072 1262 1126; x_wconf 90' lang='lat' dir='ltr'><strong>Tum</strong></span> <span class='ocrx_word' id='word_1_64' title='bbox 1313 1071 1550 1140; x_wconf 86' lang='lat' dir='ltr'><strong>plurima</strong></span> <span class='ocrx_word' id='word_1_65' title='bbox 1589 1068 1646 1122; x_wconf 90' lang='lat' dir='ltr'><strong>in</strong></span> <span class='ocrx_word' id='word_1_66' title='bbox 1683 1068 1826 1120; x_wconf 90' lang='lat' dir='ltr'><strong>hanc</strong></span> <span class='ocrx_word' id='word_1_67' title='bbox 1868 1063 2198 1121; x_wconf 86' lang='lat' dir='ltr'><strong>sententiam</strong></span> 
     </span>
    </p>
   </div>
   <div class='ocr_carea' id='block_1_13' title="bbox 619 1151 2194 1240">
    <p class='ocr_par' dir='ltr' id='par_1_13' title="bbox 619 1151 2194 1240">
     <span class='ocr_line' id='line_1_13' title="bbox 619 1151 2194 1240; baseline -0.013 -15"><span class='ocrx_word' id='word_1_68' title='bbox 619 1175 946 1240; x_wconf 88' lang='lat' dir='ltr'><strong>persecutus</strong></span> <span class='ocrx_word' id='word_1_69' title='bbox 963 1164 1041 1234; x_wconf 90' lang='lat' dir='ltr'><strong>(p.</strong></span> <span class='ocrx_word' id='word_1_70' title='bbox 1070 1163 1219 1232; x_wconf 80' lang='lat' dir='ltr'><strong>l5l),</strong></span> <span class='ocrx_word' id='word_1_71' title='bbox 1252 1181 1269 1212; x_wconf 81' lang='grc' dir='ltr'><strong>ι</strong></span> <span class='ocrx_word' id='word_1_72' title='bbox 1295 1159 1431 1215; x_wconf 91' lang='lat' dir='ltr'><strong>Cum</strong></span> <span class='ocrx_word' id='word_1_73' title='bbox 1460 1166 1642 1212; x_wconf 89' lang='lat' dir='ltr'><strong>autem</strong></span> <span class='ocrx_word' id='word_1_74' title='bbox 1669 1170 1970 1235; x_wconf 89' lang='lat' dir='ltr'><strong>sacrorum,</strong></span> <span class='ocrx_word' id='word_1_75' title='bbox 1997 1151 2194 1222; x_wconf 90' lang='lat' dir='ltr'><strong>inquit,</strong></span> 
     </span>
    </p>
   </div>
   <div class='ocr_carea' id='block_1_14' title="bbox 619 1247 2197 1331">
    <p class='ocr_par' dir='ltr' id='par_1_14' title="bbox 619 1247 2197 1331">
     <span class='ocr_line' id='line_1_14' title="bbox 619 1247 2197 1331; baseline -0.011 -17"><span class='ocrx_word' id='word_1_76' title='bbox 619 1259 874 1331; x_wconf 66' lang='lat' dir='ltr'><strong>primitiae</strong></span> <span class='ocrx_word' id='word_1_77' title='bbox 899 1255 970 1310; x_wconf 85' lang='lat' dir='ltr'><strong>ad</strong></span> <span class='ocrx_word' id='word_1_78' title='bbox 1003 1254 1229 1308; x_wconf 90' lang='lat' dir='ltr'><strong>multam</strong></span> <span class='ocrx_word' id='word_1_79' title='bbox 1257 1251 1606 1320; x_wconf 88' lang='lat' dir='ltr'><strong>iniquitatem</strong></span> <span class='ocrx_word' id='word_1_80' title='bbox 1631 1247 1948 1302; x_wconf 88' lang='lat' dir='ltr'><strong>hominibus</strong></span> <span class='ocrx_word' id='word_1_81' title='bbox 1980 1256 2197 1313; x_wconf 76' lang='lat' dir='ltr'><strong>proces-</strong></span> 
     </span>
    </p>
   </div>
   <div class='ocr_carea' id='block_1_15' title="bbox 620 1336 2195 1412">
    <p class='ocr_par' dir='ltr' id='par_1_15' title="bbox 620 1336 2195 1412">
     <span class='ocr_line' id='line_1_15' title="bbox 620 1336 2195 1412; baseline -0.012 -7"><span class='ocrx_word' id='word_1_82' title='bbox 620 1352 859 1412; x_wconf 87' lang='lat' dir='ltr'><strong>sissent,</strong></span> <span class='ocrx_word' id='word_1_83' title='bbox 915 1344 1269 1402; x_wconf 78' lang='lat' dir='ltr'><strong>exsecrabilis</strong></span> <span class='ocrx_word' id='word_1_84' title='bbox 1327 1341 1588 1412; x_wconf 85' lang='lat' dir='ltr'><strong>paulatim</strong></span> <span class='ocrx_word' id='word_1_85' title='bbox 1639 1354 1777 1394; x_wconf 90' lang='lat' dir='ltr'><strong>usus</strong></span> <span class='ocrx_word' id='word_1_86' title='bbox 1849 1336 2195 1391; x_wconf 78' lang='lat' dir='ltr'><strong>victimarum</strong></span> 
     </span>
    </p>
   </div>
   <div class='ocr_carea' id='block_1_16' title="bbox 618 1426 2197 1512">
    <p class='ocr_par' dir='ltr' id='par_1_16' title="bbox 618 1426 2197 1512">
     <span class='ocr_line' id='line_1_16' title="bbox 618 1426 2197 1512; baseline -0.011 -18"><span class='ocrx_word' id='word_1_87' title='bbox 618 1440 785 1512; x_wconf 66' lang='grc'><strong>894</strong></span> <span class='ocrx_word' id='word_1_88' title='bbox 813 1439 1073 1493; x_wconf 68' lang='lat' dir='ltr'><strong>inluctus</strong></span> <span class='ocrx_word' id='word_1_89' title='bbox 1088 1443 1192 1499; x_wconf 90' lang='lat' dir='ltr'><strong>est,</strong></span> <span class='ocrx_word' id='word_1_90' title='bbox 1221 1433 1562 1488; x_wconf 88' lang='lat' dir='ltr'><strong>crudelitatis</strong></span> <span class='ocrx_word' id='word_1_91' title='bbox 1594 1431 1951 1501; x_wconf 88' lang='lat' dir='ltr'><strong>plenissimus</strong></span> <span class='ocrx_word' id='word_1_92' title='bbox 1989 1426 2101 1480; x_wconf 86' lang='lat' dir='ltr'><strong>:ita</strong></span> <span class='ocrx_word' id='word_1_93' title='bbox 2135 1432 2197 1479; x_wconf 92' lang='lat' dir='ltr'><strong>ut</strong></span> 
     </span>
    </p>
   </div>
   <div class='ocr_carea' id='block_1_17' title="bbox 619 1521 2192 1598">
    <p class='ocr_par' dir='ltr' id='par_1_17' title="bbox 619 1521 2192 1598">
     <span class='ocr_line' id='line_1_17' title="bbox 619 1521 2192 1598; baseline -0.01 -16"><span class='ocrx_word' id='word_1_94' title='bbox 619 1546 740 1598; x_wconf 73' lang='lat' dir='ltr'><strong>qua:</strong></span> <span class='ocrx_word' id='word_1_95' title='bbox 771 1530 900 1583; x_wconf 90' lang='lat' dir='ltr'><strong>olim</strong></span> <span class='ocrx_word' id='word_1_96' title='bbox 926 1536 1115 1580; x_wconf 88' lang='lat' dir='ltr'><strong>contra</strong></span> <span class='ocrx_word' id='word_1_97' title='bbox 1157 1540 1257 1578; x_wconf 89' lang='lat' dir='ltr'><strong>nos</strong></span> <span class='ocrx_word' id='word_1_98' title='bbox 1288 1521 1712 1591; x_wconf 87' lang='lat' dir='ltr'><strong>imprecationes</strong></span> <span class='ocrx_word' id='word_1_99' title='bbox 1746 1525 2014 1586; x_wconf 61' lang='lat' dir='ltr'><strong>susceptae</strong></span> <span class='ocrx_word' id='word_1_100' title='bbox 2043 1523 2192 1579; x_wconf 91' lang='lat' dir='ltr'><strong>sunt,</strong></span> 
     </span>
    </p>
   </div>
   <div class='ocr_carea' id='block_1_18' title="bbox 619 1604 2199 1672">
    <p class='ocr_par' dir='ltr' id='par_1_18' title="bbox 619 1604 2199 1672">
     <span class='ocr_line' id='line_1_18' title="bbox 619 1604 2199 1672; baseline -0.009 0"><span class='ocrx_word' id='word_1_101' title='bbox 619 1630 766 1672; x_wconf 83' lang='lat' dir='ltr'><strong>nunc</strong></span> <span class='ocrx_word' id='word_1_102' title='bbox 812 1615 1104 1668; x_wconf 89' lang='lat' dir='ltr'><strong>videantur</strong></span> <span class='ocrx_word' id='word_1_103' title='bbox 1130 1619 1390 1666; x_wconf 85' lang='lat' dir='ltr'><strong>eventum</strong></span> <span class='ocrx_word' id='word_1_104' title='bbox 1433 1617 1768 1670; x_wconf 70' lang='lat' dir='ltr'><strong>consecutae,</strong></span> <span class='ocrx_word' id='word_1_105' title='bbox 1831 1604 2199 1660; x_wconf 88' lang='lat' dir='ltr'><strong>mactantibus</strong></span> 
     </span>
    </p>
   </div>
   <div class='ocr_carea' id='block_1_19' title="bbox 616 1692 2196 1765">
    <p class='ocr_par' dir='ltr' id='par_1_19' title="bbox 616 1692 2196 1765">
     <span class='ocr_line' id='line_1_19' title="bbox 616 1692 2196 1765; baseline -0.009 -7"><span class='ocrx_word' id='word_1_106' title='bbox 616 1703 936 1758; x_wconf 90' lang='lat' dir='ltr'><strong>hominibus</strong></span> <span class='ocrx_word' id='word_1_107' title='bbox 956 1710 1011 1754; x_wconf 91' lang='lat' dir='ltr'><strong>et</strong></span> <span class='ocrx_word' id='word_1_108' title='bbox 1026 1714 1149 1754; x_wconf 90' lang='lat' dir='ltr'><strong>aras</strong></span> <span class='ocrx_word' id='word_1_109' title='bbox 1183 1713 1382 1752; x_wconf 86' lang='lat' dir='ltr'><strong>cruore</strong></span> <span class='ocrx_word' id='word_1_110' title='bbox 1401 1695 1913 1765; x_wconf 87' lang='lat' dir='ltr'><strong>conspergentibus.</strong></span> <span class='ocrx_word' id='word_1_111' title='bbox 1929 1711 1946 1742; x_wconf 76' lang='grc' dir='ltr'><strong>ι</strong></span> <span class='ocrx_word' id='word_1_112' title='bbox 1970 1692 2110 1746; x_wconf 89' lang='lat' dir='ltr'><strong>Tum</strong></span> <span class='ocrx_word' id='word_1_113' title='bbox 2140 1700 2196 1744; x_wconf 91' lang='lat' dir='ltr'><strong>et</strong></span> 
     </span>
    </p>
   </div>
   <div class='ocr_carea' id='block_1_20' title="bbox 616 1771 2269 1865">
    <p class='ocr_par' dir='ltr' id='par_1_20' title="bbox 616 1771 2269 1865">
     <span class='ocr_line' id='line_1_20' title="bbox 616 1771 2269 1865; baseline -0.01 -15"><span class='ocrx_word' id='word_1_114' title='bbox 616 1805 743 1865; x_wconf 93' lang='lat' dir='ltr'><strong>post</strong></span> <span class='ocrx_word' id='word_1_115' title='bbox 775 1795 880 1848; x_wconf 89' lang='lat' dir='ltr'><strong>alia</strong></span> <span class='ocrx_word' id='word_1_116' title='bbox 916 1793 1157 1863; x_wconf 88' lang='lat' dir='ltr'><strong>plurima</strong></span> <span class='ocrx_word' id='word_1_117' title='bbox 1187 1809 1200 1843; x_wconf 85' lang='lat'><strong>:</strong></span> <span class='ocrx_word' id='word_1_118' title='bbox 1238 1809 1256 1840; x_wconf 80' lang='grc' dir='ltr'><strong>ι</strong></span> <span class='ocrx_word' id='word_1_119' title='bbox 1294 1788 1586 1843; x_wconf 89' lang='lat' dir='ltr'><strong>Deosdicit</strong></span> <span class='ocrx_word' id='word_1_120' title='bbox 1611 1788 1764 1840; x_wconf 90' lang='lat' dir='ltr'><strong>nullo</strong></span> <span class='ocrx_word' id='word_1_121' title='bbox 1789 1794 1949 1855; x_wconf 84' lang='lat' dir='ltr'><strong>pacto</strong></span> <span class='ocrx_word' id='word_1_122' title='bbox 1981 1783 2194 1837; x_wconf 73' lang='lat' dir='ltr'><strong>haben-</strong></span> <span class='ocrx_word' id='word_1_123' title='bbox 2229 1771 2269 1826; x_wconf 82' lang='grc' dir='ltr'><strong>Β</strong></span> 
     </span>
    </p>
   </div>
   <div class='ocr_carea' id='block_1_21' title="bbox 618 1875 2194 1950">
    <p class='ocr_par' dir='ltr' id='par_1_21' title="bbox 618 1875 2194 1950">
     <span class='ocr_line' id='line_1_21' title="bbox 618 1875 2194 1950; baseline -0.008 -11"><span class='ocrx_word' id='word_1_124' title='bbox 618 1886 717 1939; x_wconf 91' lang='lat' dir='ltr'><strong>dos</strong></span> <span class='ocrx_word' id='word_1_125' title='bbox 739 1900 834 1939; x_wconf 90' lang='lat' dir='ltr'><strong>eos</strong></span> <span class='ocrx_word' id='word_1_126' title='bbox 853 1899 976 1937; x_wconf 87' lang='lat' dir='ltr'><strong>esse</strong></span> <span class='ocrx_word' id='word_1_127' title='bbox 1008 1881 1103 1950; x_wconf 89' lang='lat' dir='ltr'><strong>qui</strong></span> <span class='ocrx_word' id='word_1_128' title='bbox 1130 1879 1448 1934; x_wconf 87' lang='lat' dir='ltr'><strong>animalium</strong></span> <span class='ocrx_word' id='word_1_129' title='bbox 1469 1877 1708 1932; x_wconf 82' lang='lat' dir='ltr'><strong>victimis</strong></span> <span class='ocrx_word' id='word_1_130' title='bbox 1733 1875 2039 1946; x_wconf 78' lang='lat' dir='ltr'><strong>gaudeant;</strong></span> <span class='ocrx_word' id='word_1_131' title='bbox 2073 1889 2194 1928; x_wconf 76' lang='lat' dir='ltr'><strong>esse</strong></span> 
     </span>
    </p>
   </div>
   <div class='ocr_carea' id='block_1_22' title="bbox 615 1963 2193 2042">
    <p class='ocr_par' dir='ltr' id='par_1_22' title="bbox 615 1963 2193 2042">
     <span class='ocr_line' id='line_1_22' title="bbox 615 1963 2193 2042; baseline -0.009 -13"><span class='ocrx_word' id='word_1_132' title='bbox 615 1974 762 2030; x_wconf 90' lang='lat' dir='ltr'><strong>enim</strong></span> <span class='ocrx_word' id='word_1_133' title='bbox 804 1973 1104 2042; x_wconf 85' lang='lat' dir='ltr'><strong>injustum,</strong></span> <span class='ocrx_word' id='word_1_134' title='bbox 1152 1969 1380 2038; x_wconf 90' lang='lat' dir='ltr'><strong>impium</strong></span> <span class='ocrx_word' id='word_1_135' title='bbox 1426 1982 1490 2022; x_wconf 90' lang='lat' dir='ltr'><strong>ac</strong></span> <span class='ocrx_word' id='word_1_136' title='bbox 1541 1966 1833 2020; x_wconf 83' lang='lat' dir='ltr'><strong>scelestum</strong></span> <span class='ocrx_word' id='word_1_137' title='bbox 1887 1963 2193 2018; x_wconf 84' lang='lat' dir='ltr'><strong>sacriﬁcare</strong></span> 
     </span>
    </p>
   </div>
   <div class='ocr_carea' id='block_1_23' title="bbox 615 2052 2191 2129">
    <p class='ocr_par' dir='ltr' id='par_1_23' title="bbox 615 2052 2191 2129">
     <span class='ocr_line' id='line_1_23' title="bbox 615 2052 2191 2129; baseline -0.009 -10"><span class='ocrx_word' id='word_1_138' title='bbox 615 2065 906 2127; x_wconf 85' lang='lat' dir='ltr'><strong>animalia;</strong></span> <span class='ocrx_word' id='word_1_139' title='bbox 957 2061 1193 2129; x_wconf 88' lang='lat' dir='ltr'><strong>ideoque</strong></span> <span class='ocrx_word' id='word_1_140' title='bbox 1239 2073 1342 2113; x_wconf 91' lang='lat' dir='ltr'><strong>nec</strong></span> <span class='ocrx_word' id='word_1_141' title='bbox 1388 2056 1496 2111; x_wconf 92' lang='lat' dir='ltr'><strong>diis</strong></span> <span class='ocrx_word' id='word_1_142' title='bbox 1542 2064 1758 2125; x_wconf 88' lang='lat' dir='ltr'><strong>gratum</strong></span> <span class='ocrx_word' id='word_1_143' title='bbox 1809 2068 1990 2109; x_wconf 65' lang='lat' dir='ltr'><strong>esse.»</strong></span> <span class='ocrx_word' id='word_1_144' title='bbox 2021 2052 2191 2106; x_wconf 79' lang='lat' dir='ltr'><strong>Addi-</strong></span> 
     </span>
    </p>
   </div>
   <div class='ocr_carea' id='block_1_24' title="bbox 617 2145 2190 2224">
    <p class='ocr_par' dir='ltr' id='par_1_24' title="bbox 617 2145 2190 2224">
     <span class='ocr_line' id='line_1_24' title="bbox 617 2145 2190 2224; baseline -0.009 -13"><span class='ocrx_word' id='word_1_145' title='bbox 617 2156 698 2211; x_wconf 88' lang='lat' dir='ltr'><strong>dit</strong></span> <span class='ocrx_word' id='word_1_146' title='bbox 727 2158 985 2224; x_wconf 88' lang='lat' dir='ltr'><strong>insuper:</strong></span> <span class='ocrx_word' id='word_1_147' title='bbox 1022 2170 1040 2203; x_wconf 78' lang='grc' dir='ltr'><strong>ι</strong></span> <span class='ocrx_word' id='word_1_148' title='bbox 1063 2151 1257 2206; x_wconf 69' lang='lat' dir='ltr'><strong>Merito</strong></span> <span class='ocrx_word' id='word_1_149' title='bbox 1286 2149 1702 2218; x_wconf 86' lang='lat' dir='ltr'><strong>Theophrastus</strong></span> <span class='ocrx_word' id='word_1_150' title='bbox 1730 2147 1969 2202; x_wconf 87' lang='lat' dir='ltr'><strong>animata</strong></span> <span class='ocrx_word' id='word_1_151' title='bbox 1993 2145 2190 2199; x_wconf 91' lang='lat' dir='ltr'><strong>immo-</strong></span> 
     </span>
    </p>
   </div>
   <div class='ocr_carea' id='block_1_25' title="bbox 614 2239 2190 2314">
    <p class='ocr_par' dir='ltr' id='par_1_25' title="bbox 614 2239 2190 2314">
     <span class='ocr_line' id='line_1_25' title="bbox 614 2239 2190 2314; baseline -0.009 -11"><span class='ocrx_word' id='word_1_152' title='bbox 614 2250 732 2304; x_wconf 89' lang='lat' dir='ltr'><strong>lare</strong></span> <span class='ocrx_word' id='word_1_153' title='bbox 762 2262 856 2300; x_wconf 91' lang='lat' dir='ltr'><strong>eos</strong></span> <span class='ocrx_word' id='word_1_154' title='bbox 884 2243 1143 2314; x_wconf 88' lang='lat' dir='ltr'><strong>prohibet</strong></span> <span class='ocrx_word' id='word_1_155' title='bbox 1187 2240 1284 2310; x_wconf 89' lang='lat' dir='ltr'><strong>qui</strong></span> <span class='ocrx_word' id='word_1_156' title='bbox 1318 2256 1506 2294; x_wconf 85' lang='lat' dir='ltr'><strong>veram</strong></span> <span class='ocrx_word' id='word_1_157' title='bbox 1549 2240 1808 2310; x_wconf 87' lang='lat' dir='ltr'><strong>pietatem</strong></span> <span class='ocrx_word' id='word_1_158' title='bbox 1840 2239 2024 2293; x_wconf 84' lang='lat' dir='ltr'><strong>colere</strong></span> <span class='ocrx_word' id='word_1_159' title='bbox 2068 2244 2190 2291; x_wconf 89' lang='lat' dir='ltr'><strong>stu-</strong></span> 
     </span>
    </p>
   </div>
   <div class='ocr_carea' id='block_1_26' title="bbox 617 2326 2193 2402">
    <p class='ocr_par' dir='ltr' id='par_1_26' title="bbox 617 2326 2193 2402">
     <span class='ocr_line' id='line_1_26' title="bbox 617 2326 2193 2402; baseline -0.009 -10"><span class='ocrx_word' id='word_1_160' title='bbox 617 2339 802 2401; x_wconf 88' lang='lat' dir='ltr'><strong>deant,</strong></span> <span class='ocrx_word' id='word_1_161' title='bbox 838 2333 1026 2388; x_wconf 85' lang='lat' dir='ltr'><strong>multis</strong></span> <span class='ocrx_word' id='word_1_162' title='bbox 1060 2329 1330 2402; x_wconf 84' lang='lat' dir='ltr'><strong>ejusmodi</strong></span> <span class='ocrx_word' id='word_1_163' title='bbox 1363 2337 1526 2383; x_wconf 82' lang='lat' dir='ltr'><strong>utens</strong></span> <span class='ocrx_word' id='word_1_164' title='bbox 1571 2329 1899 2382; x_wconf 84' lang='lat' dir='ltr'><strong>rationibus.</strong></span> <span class='ocrx_word' id='word_1_165' title='bbox 1937 2347 1954 2378; x_wconf 74' lang='grc' dir='ltr'><strong>ι</strong></span> <span class='ocrx_word' id='word_1_166' title='bbox 1985 2326 2193 2381; x_wconf 87' lang='lat' dir='ltr'><strong>Deinde</strong></span> 
     </span>
    </p>
   </div>
   <div class='ocr_carea' id='block_1_27' title="bbox 612 2417 2189 2492">
    <p class='ocr_par' dir='ltr' id='par_1_27' title="bbox 612 2417 2189 2492">
     <span class='ocr_line' id='line_1_27' title="bbox 612 2417 2189 2492; baseline -0.009 -10"><span class='ocrx_word' id='word_1_167' title='bbox 612 2425 859 2482; x_wconf 88' lang='lat' dir='ltr'><strong>ostendit</strong></span> <span class='ocrx_word' id='word_1_168' title='bbox 892 2437 1138 2492; x_wconf 68' lang='lat' dir='ltr'><strong>quaenam</strong></span> <span class='ocrx_word' id='word_1_169' title='bbox 1173 2419 1445 2473; x_wconf 88' lang='lat' dir='ltr'><strong>immolari</strong></span> <span class='ocrx_word' id='word_1_170' title='bbox 1467 2419 1777 2472; x_wconf 84' lang='lat' dir='ltr'><strong>conveniat.</strong></span> <span class='ocrx_word' id='word_1_171' title='bbox 1817 2437 1833 2467; x_wconf 77' lang='grc' dir='ltr'><strong>ι</strong></span> <span class='ocrx_word' id='word_1_172' title='bbox 1870 2417 2189 2485; x_wconf 87' lang='lat' dir='ltr'><strong>Ea,inquit,</strong></span> 
     </span>
    </p>
   </div>
   <div class='ocr_carea' id='block_1_28' title="bbox 610 2507 2191 2580">
    <p class='ocr_par' dir='ltr' id='par_1_28' title="bbox 610 2507 2191 2580">
     <span class='ocr_line' id='line_1_28' title="bbox 610 2507 2191 2580; baseline -0.009 -7"><span class='ocrx_word' id='word_1_173' title='bbox 610 2519 773 2572; x_wconf 90' lang='lat' dir='ltr'><strong>decet</strong></span> <span class='ocrx_word' id='word_1_174' title='bbox 802 2513 1093 2578; x_wconf 82' lang='lat' dir='ltr'><strong>immolari,</strong></span> <span class='ocrx_word' id='word_1_175' title='bbox 1126 2510 1326 2580; x_wconf 88' lang='lat' dir='ltr'><strong>quibus</strong></span> <span class='ocrx_word' id='word_1_176' title='bbox 1352 2508 1700 2563; x_wconf 90' lang='lat' dir='ltr'><strong>immolandis</strong></span> <span class='ocrx_word' id='word_1_177' title='bbox 1733 2509 2010 2560; x_wconf 88' lang='lat' dir='ltr'><strong>neminem</strong></span> <span class='ocrx_word' id='word_1_178' title='bbox 2039 2507 2191 2560; x_wconf 76' lang='lat' dir='ltr'><strong>laese-</strong></span> 
     </span>
    </p>
   </div>
   <div class='ocr_carea' id='block_1_29' title="bbox 613 2597 2194 2670">
    <p class='ocr_par' dir='ltr' id='par_1_29' title="bbox 613 2597 2194 2670">
     <span class='ocr_line' id='line_1_29' title="bbox 613 2597 2194 2670; baseline -0.009 -6"><span class='ocrx_word' id='word_1_179' title='bbox 613 2611 809 2664; x_wconf 90' lang='lat' dir='ltr'><strong>rimus.</strong></span> <span class='ocrx_word' id='word_1_180' title='bbox 834 2605 982 2661; x_wconf 84' lang='lat' dir='ltr'><strong>Nihil</strong></span> <span class='ocrx_word' id='word_1_181' title='bbox 1013 2605 1160 2658; x_wconf 91' lang='lat' dir='ltr'><strong>enim</strong></span> <span class='ocrx_word' id='word_1_182' title='bbox 1183 2617 1336 2670; x_wconf 64' lang='lat' dir='ltr'><strong>reque</strong></span> <span class='ocrx_word' id='word_1_183' title='bbox 1361 2599 1618 2654; x_wconf 89' lang='lat' dir='ltr'><strong>omnibus</strong></span> <span class='ocrx_word' id='word_1_184' title='bbox 1645 2598 1931 2652; x_wconf 87' lang='lat' dir='ltr'><strong>innoxium</strong></span> <span class='ocrx_word' id='word_1_185' title='bbox 1956 2612 2076 2651; x_wconf 86' lang='lat' dir='ltr'><strong>esse</strong></span> <span class='ocrx_word' id='word_1_186' title='bbox 2097 2597 2194 2650; x_wconf 92' lang='lat' dir='ltr'><strong>de-</strong></span> 
     </span>
    </p>
   </div>
   <div class='ocr_carea' id='block_1_30' title="bbox 615 2689 2189 2760">
    <p class='ocr_par' dir='ltr' id='par_1_30' title="bbox 615 2689 2189 2760">
     <span class='ocr_line' id='line_1_30' title="bbox 615 2689 2189 2760; baseline -0.009 -5"><span class='ocrx_word' id='word_1_187' title='bbox 615 2702 709 2756; x_wconf 89' lang='lat' dir='ltr'><strong>bet</strong></span> <span class='ocrx_word' id='word_1_188' title='bbox 753 2714 817 2752; x_wconf 90' lang='lat' dir='ltr'><strong>ac</strong></span> <span class='ocrx_word' id='word_1_189' title='bbox 863 2696 1218 2751; x_wconf 85' lang='lat' dir='ltr'><strong>sacriﬁcium.</strong></span> <span class='ocrx_word' id='word_1_190' title='bbox 1263 2713 1281 2745; x_wconf 75' lang='grc' dir='ltr'><strong>ι</strong></span> <span class='ocrx_word' id='word_1_191' title='bbox 1323 2693 1648 2760; x_wconf 82' lang='lat' dir='ltr'><strong>Rursusque</strong></span> <span class='ocrx_word' id='word_1_192' title='bbox 1684 2709 1695 2742; x_wconf 92' lang='lat'>:</span> <span class='ocrx_word' id='word_1_193' title='bbox 1731 2709 1748 2740; x_wconf 75' lang='grc' dir='ltr'><strong>ι</strong></span> <span class='ocrx_word' id='word_1_194' title='bbox 1788 2689 2189 2744; x_wconf 78' lang='lat' dir='ltr'><strong>Abstinendum</strong></span> 
     </span>
    </p>
   </div>
   <div class='ocr_carea' id='block_1_31' title="bbox 613 2781 2191 2858">
    <p class='ocr_par' dir='ltr' id='par_1_31' title="bbox 613 2781 2191 2858">
     <span class='ocr_line' id='line_1_31' title="bbox 613 2781 2191 2858; baseline -0.01 -12"><span class='ocrx_word' id='word_1_195' title='bbox 613 2798 698 2846; x_wconf 87' lang='lat' dir='ltr'><strong>est</strong></span> <span class='ocrx_word' id='word_1_196' title='bbox 726 2791 909 2858; x_wconf 84' lang='lat' dir='ltr'><strong>itaque</strong></span> <span class='ocrx_word' id='word_1_197' title='bbox 941 2786 1274 2840; x_wconf 86' lang='lat' dir='ltr'><strong>animalibus</strong></span> <span class='ocrx_word' id='word_1_198' title='bbox 1299 2783 1354 2836; x_wconf 93' lang='lat' dir='ltr'><strong>in</strong></span> <span class='ocrx_word' id='word_1_199' title='bbox 1379 2781 1687 2836; x_wconf 85' lang='lat' dir='ltr'><strong>sacriﬁciis.</strong></span> <span class='ocrx_word' id='word_1_200' title='bbox 1728 2799 1745 2831; x_wconf 85' lang='grc'>›</span> <span class='ocrx_word' id='word_1_201' title='bbox 1775 2781 2018 2834; x_wconf 84' lang='lat' dir='ltr'><strong>Revocat</strong></span> <span class='ocrx_word' id='word_1_202' title='bbox 2051 2795 2191 2847; x_wconf 65' lang='lat' dir='ltr'><strong>pra:-</strong></span> 
     </span>
    </p>
   </div>
   <div class='ocr_carea' id='block_1_32' title="bbox 618 2870 2191 2942">
    <p class='ocr_par' dir='ltr' id='par_1_32' title="bbox 618 2870 2191 2942">
     <span class='ocr_line' id='line_1_32' title="bbox 618 2870 2191 2942; baseline -0.01 -6"><span class='ocrx_word' id='word_1_203' title='bbox 618 2893 767 2936; x_wconf 86' lang='lat' dir='ltr'><strong>terea</strong></span> <span class='ocrx_word' id='word_1_204' title='bbox 808 2879 863 2933; x_wconf 91' lang='lat' dir='ltr'><strong>in</strong></span> <span class='ocrx_word' id='word_1_205' title='bbox 891 2877 1214 2932; x_wconf 90' lang='lat' dir='ltr'><strong>memoriam</strong></span> <span class='ocrx_word' id='word_1_206' title='bbox 1255 2875 1508 2942; x_wconf 87' lang='lat' dir='ltr'><strong>antiquas</strong></span> <span class='ocrx_word' id='word_1_207' title='bbox 1537 2872 1825 2926; x_wconf 87' lang='lat' dir='ltr'><strong>hominum</strong></span> <span class='ocrx_word' id='word_1_208' title='bbox 1850 2870 2027 2923; x_wconf 70' lang='lat' dir='ltr'><strong>caedes</strong></span> <span class='ocrx_word' id='word_1_209' title='bbox 2057 2870 2191 2940; x_wconf 86' lang='lat' dir='ltr'><strong>(Eu-</strong></span> 
     </span>
    </p>
   </div>
   <div class='ocr_carea' id='block_1_33' title="bbox 613 2960 2195 3039">
    <p class='ocr_par' dir='ltr' id='par_1_33' title="bbox 613 2960 2195 3039">
     <span class='ocr_line' id='line_1_33' title="bbox 613 2960 2195 3039; baseline -0.009 -12"><span class='ocrx_word' id='word_1_210' title='bbox 613 2972 733 3027; x_wconf 80' lang='lat' dir='ltr'><strong>seb.</strong></span> <span class='ocrx_word' id='word_1_211' title='bbox 771 2986 827 3039; x_wconf 91' lang='lat' dir='ltr'><strong>p.</strong></span> <span class='ocrx_word' id='word_1_212' title='bbox 860 2969 982 3032; x_wconf 80' lang='grc'><strong>155,</strong></span> <span class='ocrx_word' id='word_1_213' title='bbox 1033 2967 1094 3035; x_wconf 87' lang='grc' dir='ltr'>Β)</span> <span class='ocrx_word' id='word_1_214' title='bbox 1131 2985 1143 3019; x_wconf 91' lang='lat'>:</span> <span class='ocrx_word' id='word_1_215' title='bbox 1183 2985 1201 3016; x_wconf 78' lang='grc' dir='ltr'><strong>ι</strong></span> <span class='ocrx_word' id='word_1_216' title='bbox 1234 2965 1573 3019; x_wconf 83' lang='lat' dir='ltr'><strong>Mactabatur</strong></span> <span class='ocrx_word' id='word_1_217' title='bbox 1596 3003 1611 3026; x_wconf 89' lang='lat'><strong>,</strong></span> <span class='ocrx_word' id='word_1_218' title='bbox 1645 2962 1844 3030; x_wconf 89' lang='lat' dir='ltr'><strong>inquit,</strong></span> <span class='ocrx_word' id='word_1_219' title='bbox 1894 2960 1983 3014; x_wconf 89' lang='lat' dir='ltr'><strong>die</strong></span> <span class='ocrx_word' id='word_1_220' title='bbox 2041 2968 2195 3013; x_wconf 81' lang='lat' dir='ltr'><strong>sexto</strong></span> 
     </span>
    </p>
   </div>
   <div class='ocr_carea' id='block_1_34' title="bbox 614 3049 2192 3128">
    <p class='ocr_par' dir='ltr' id='par_1_34' title="bbox 614 3049 2192 3128">
     <span class='ocr_line' id='line_1_34' title="bbox 614 3049 2192 3128; baseline -0.008 -15"><span class='ocrx_word' id='word_1_221' title='bbox 614 3058 1020 3128; x_wconf 80' lang='lat' dir='ltr'><strong>Metagitnionis</strong></span> <span class='ocrx_word' id='word_1_222' title='bbox 1049 3056 1184 3127; x_wconf 91' lang='lat' dir='ltr'><strong>(sive</strong></span> <span class='ocrx_word' id='word_1_223' title='bbox 1211 3052 1489 3123; x_wconf 87' lang='lat' dir='ltr'><strong>Octobris)</strong></span> <span class='ocrx_word' id='word_1_224' title='bbox 1516 3053 1680 3106; x_wconf 91' lang='lat' dir='ltr'><strong>homo</strong></span> <span class='ocrx_word' id='word_1_225' title='bbox 1705 3051 1849 3120; x_wconf 89' lang='lat' dir='ltr'><strong>apud</strong></span> <span class='ocrx_word' id='word_1_226' title='bbox 1876 3049 2192 3104; x_wconf 78' lang='lat' dir='ltr'><strong>Rhodiosin</strong></span> 
     </span>
    </p>
   </div>
   <div class='ocr_carea' id='block_1_35' title="bbox 612 3139 2190 3213">
    <p class='ocr_par' dir='ltr' id='par_1_35' title="bbox 612 3139 2190 3213">
     <span class='ocr_line' id='line_1_35' title="bbox 612 3139 2190 3213; baseline -0.007 -9"><span class='ocrx_word' id='word_1_227' title='bbox 612 3152 881 3204; x_wconf 83' lang='lat' dir='ltr'><strong>honorem</strong></span> <span class='ocrx_word' id='word_1_228' title='bbox 912 3145 1134 3200; x_wconf 87' lang='lat' dir='ltr'><strong>Saturni</strong></span> <span class='ocrx_word' id='word_1_229' title='bbox 1169 3161 1180 3196; x_wconf 90' lang='lat'>:</span> <span class='ocrx_word' id='word_1_230' title='bbox 1211 3143 1357 3213; x_wconf 88' lang='lat' dir='ltr'><strong>quod</strong></span> <span class='ocrx_word' id='word_1_231' title='bbox 1385 3159 1510 3196; x_wconf 90' lang='lat' dir='ltr'><strong>cum</strong></span> <span class='ocrx_word' id='word_1_232' title='bbox 1535 3142 1628 3195; x_wconf 92' lang='lat' dir='ltr'><strong>diu</strong></span> <span class='ocrx_word' id='word_1_233' title='bbox 1663 3149 1941 3195; x_wconf 89' lang='lat' dir='ltr'><strong>servatum</strong></span> <span class='ocrx_word' id='word_1_234' title='bbox 1976 3139 2190 3204; x_wconf 78' lang='lat' dir='ltr'><strong>fuisset,</strong></span> 
     </span>
    </p>
   </div>
   <div class='ocr_carea' id='block_1_36' title="bbox 611 3231 2193 3299">
    <p class='ocr_par' dir='ltr' id='par_1_36' title="bbox 611 3231 2193 3299">
     <span class='ocr_line' id='line_1_36' title="bbox 611 3231 2193 3299; baseline -0.005 -5"><span class='ocrx_word' id='word_1_235' title='bbox 611 3241 673 3294; x_wconf 85' lang='lat' dir='ltr'><strong>in</strong></span> <span class='ocrx_word' id='word_1_236' title='bbox 704 3235 1160 3293; x_wconf 85' lang='lat' dir='ltr'><strong>consuetudinem</strong></span> <span class='ocrx_word' id='word_1_237' title='bbox 1205 3233 1362 3289; x_wconf 87' lang='lat' dir='ltr'><strong>abiit.</strong></span> <span class='ocrx_word' id='word_1_238' title='bbox 1401 3233 1578 3287; x_wconf 91' lang='lat' dir='ltr'><strong>Unum</strong></span> <span class='ocrx_word' id='word_1_239' title='bbox 1625 3233 1770 3285; x_wconf 87' lang='lat' dir='ltr'><strong>enim</strong></span> <span class='ocrx_word' id='word_1_240' title='bbox 1795 3231 1954 3285; x_wconf 80' lang='lat' dir='ltr'><strong>exiis</strong></span> <span class='ocrx_word' id='word_1_241' title='bbox 1978 3231 2072 3299; x_wconf 91' lang='lat' dir='ltr'><strong>qui</strong></span> <span class='ocrx_word' id='word_1_242' title='bbox 2101 3247 2193 3286; x_wconf 83' lang='lat' dir='ltr'><strong>ca-</strong></span> 
     </span>
    </p>
   </div>
   <div class='ocr_carea' id='block_1_37' title="bbox 617 3323 2193 3400">
    <p class='ocr_par' dir='ltr' id='par_1_37' title="bbox 617 3323 2193 3400">
     <span class='ocr_line' id='line_1_37' title="bbox 617 3323 2193 3400; baseline -0.005 -16"><span class='ocrx_word' id='word_1_243' title='bbox 617 3330 747 3400; x_wconf 86' lang='lat' dir='ltr'><strong>pitis</strong></span> <span class='ocrx_word' id='word_1_244' title='bbox 773 3325 1016 3382; x_wconf 88' lang='lat' dir='ltr'><strong>damnati</strong></span> <span class='ocrx_word' id='word_1_245' title='bbox 1049 3332 1255 3389; x_wconf 89' lang='lat' dir='ltr'><strong>essent,</strong></span> <span class='ocrx_word' id='word_1_246' title='bbox 1292 3323 1360 3376; x_wconf 89' lang='lat' dir='ltr'><strong>ad</strong></span> <span class='ocrx_word' id='word_1_247' title='bbox 1391 3323 1704 3376; x_wconf 88' lang='lat' dir='ltr'><strong>Saturnalia</strong></span> <span class='ocrx_word' id='word_1_248' title='bbox 1733 3338 1908 3391; x_wconf 91' lang='lat' dir='ltr'><strong>usque</strong></span> <span class='ocrx_word' id='word_1_249' title='bbox 1941 3338 2193 3377; x_wconf 87' lang='lat' dir='ltr'><strong>asserva-</strong></span> 
     </span>
    </p>
   </div>
   <div class='ocr_carea' id='block_1_38' title="bbox 617 3410 2194 3482">
    <p class='ocr_par' dir='ltr' id='par_1_38' title="bbox 617 3410 2194 3482">
     <span class='ocr_line' id='line_1_38' title="bbox 617 3410 2194 3482; baseline -0.005 -8"><span class='ocrx_word' id='word_1_250' title='bbox 617 3421 769 3474; x_wconf 86' lang='lat' dir='ltr'><strong>bant.</strong></span> <span class='ocrx_word' id='word_1_251' title='bbox 805 3436 822 3467; x_wconf 79' lang='grc'><strong>»</strong></span> <span class='ocrx_word' id='word_1_252' title='bbox 863 3416 1001 3470; x_wconf 90' lang='lat' dir='ltr'><strong>Tum</strong></span> <span class='ocrx_word' id='word_1_253' title='bbox 1041 3421 1097 3467; x_wconf 91' lang='lat' dir='ltr'><strong>et</strong></span> <span class='ocrx_word' id='word_1_254' title='bbox 1127 3413 1272 3482; x_wconf 91' lang='lat' dir='ltr'><strong>apud</strong></span> <span class='ocrx_word' id='word_1_255' title='bbox 1314 3411 1569 3481; x_wconf 82' lang='lat' dir='ltr'><strong>Cypriam</strong></span> <span class='ocrx_word' id='word_1_256' title='bbox 1603 3410 1878 3466; x_wconf 91' lang='lat' dir='ltr'><strong>Salamina</strong></span> <span class='ocrx_word' id='word_1_257' title='bbox 1921 3411 2194 3466; x_wconf 91' lang='lat' dir='ltr'><strong>immolari</strong></span> 
     </span>
    </p>
   </div>
   <div class='ocr_carea' id='block_1_39' title="bbox 618 3501 2195 3572">
    <p class='ocr_par' dir='ltr' id='par_1_39' title="bbox 618 3501 2195 3572">
     <span class='ocr_line' id='line_1_39' title="bbox 618 3501 2195 3572; baseline -0.006 -6"><span class='ocrx_word' id='word_1_258' title='bbox 618 3512 696 3567; x_wconf 84' lang='lat' dir='ltr'><strong>ait</strong></span> <span class='ocrx_word' id='word_1_259' title='bbox 725 3510 949 3564; x_wconf 87' lang='lat' dir='ltr'><strong>solitum</strong></span> <span class='ocrx_word' id='word_1_260' title='bbox 993 3505 1273 3559; x_wconf 90' lang='lat' dir='ltr'><strong>hominem</strong></span> <span class='ocrx_word' id='word_1_261' title='bbox 1311 3503 1548 3572; x_wconf 83' lang='lat' dir='ltr'><strong>Agraulo</strong></span> <span class='ocrx_word' id='word_1_262' title='bbox 1579 3501 1841 3571; x_wconf 88' lang='lat' dir='ltr'><strong>Cecropis</strong></span> <span class='ocrx_word' id='word_1_263' title='bbox 1883 3503 2048 3567; x_wconf 64' lang='lat' dir='ltr'><strong>ﬁlim;</strong></span> <span class='ocrx_word' id='word_1_264' title='bbox 2082 3512 2195 3557; x_wconf 89' lang='lat' dir='ltr'><strong>tres</strong></span> 
     </span>
    </p>
   </div>
   <div class='ocr_carea' id='block_1_40' title="bbox 618 3592 2190 3664">
    <p class='ocr_par' dir='ltr' id='par_1_40' title="bbox 618 3592 2190 3664">
     <span class='ocr_line' id='line_1_40' title="bbox 618 3592 2190 3664; baseline -0.006 -10"><span class='ocrx_word' id='word_1_265' title='bbox 618 3602 748 3656; x_wconf 88' lang='lat' dir='ltr'><strong>item</strong></span> <span class='ocrx_word' id='word_1_266' title='bbox 797 3599 1050 3653; x_wconf 88' lang='lat' dir='ltr'><strong>homines</strong></span> <span class='ocrx_word' id='word_1_267' title='bbox 1095 3595 1240 3664; x_wconf 86' lang='lat' dir='ltr'><strong>apud</strong></span> <span class='ocrx_word' id='word_1_268' title='bbox 1291 3593 1599 3663; x_wconf 71' lang='lat' dir='ltr'><strong>lEgyptiam</strong></span> <span class='ocrx_word' id='word_1_269' title='bbox 1657 3593 1972 3662; x_wconf 83' lang='lat' dir='ltr'><strong>HeliOpolin</strong></span> <span class='ocrx_word' id='word_1_270' title='bbox 2025 3592 2190 3662; x_wconf 74' lang='lat'><strong>895</strong></span> 
     </span>
    </p>
   </div>
   <div class='ocr_carea' id='block_1_41' title="bbox 617 3683 2197 3762">
    <p class='ocr_par' dir='ltr' id='par_1_41' title="bbox 617 3683 2197 3762">
     <span class='ocr_line' id='line_1_41' title="bbox 617 3683 2197 3762; baseline -0.005 -17"><span class='ocrx_word' id='word_1_271' title='bbox 617 3691 848 3762; x_wconf 78' lang='lat' dir='ltr'><strong>singulis</strong></span> <span class='ocrx_word' id='word_1_272' title='bbox 900 3688 1098 3742; x_wconf 89' lang='lat' dir='ltr'><strong>diebus</strong></span> <span class='ocrx_word' id='word_1_273' title='bbox 1153 3684 1419 3748; x_wconf 87' lang='lat' dir='ltr'><strong>mactari;</strong></span> <span class='ocrx_word' id='word_1_274' title='bbox 1455 3684 1591 3751; x_wconf 90' lang='lat' dir='ltr'><strong>quin</strong></span> <span class='ocrx_word' id='word_1_275' title='bbox 1634 3691 1691 3737; x_wconf 90' lang='lat' dir='ltr'><strong>et</strong></span> <span class='ocrx_word' id='word_1_276' title='bbox 1749 3683 2197 3737; x_wconf 62' lang='lat' dir='ltr'><strong>Lacedmmonios</strong></span> 
     </span>
    </p>
   </div>
   <div class='ocr_carea' id='block_1_42' title="bbox 619 3773 2192 3844">
    <p class='ocr_par' dir='ltr' id='par_1_42' title="bbox 619 3773 2192 3844">
     <span class='ocr_line' id='line_1_42' title="bbox 619 3773 2192 3844; baseline -0.005 -8"><span class='ocrx_word' id='word_1_277' title='bbox 619 3783 902 3836; x_wconf 86' lang='lat' dir='ltr'><strong>immolare</strong></span> <span class='ocrx_word' id='word_1_278' title='bbox 937 3779 1214 3832; x_wconf 90' lang='lat' dir='ltr'><strong>hominem</strong></span> <span class='ocrx_word' id='word_1_279' title='bbox 1267 3774 1446 3838; x_wconf 87' lang='lat' dir='ltr'><strong>Marti,</strong></span> <span class='ocrx_word' id='word_1_280' title='bbox 1483 3783 1539 3828; x_wconf 88' lang='lat' dir='ltr'><strong>et</strong></span> <span class='ocrx_word' id='word_1_281' title='bbox 1578 3773 1636 3828; x_wconf 93' lang='lat' dir='ltr'><strong>in</strong></span> <span class='ocrx_word' id='word_1_282' title='bbox 1675 3773 1945 3828; x_wconf 90' lang='lat' dir='ltr'><strong>Laodicea</strong></span> <span class='ocrx_word' id='word_1_283' title='bbox 1985 3773 2192 3844; x_wconf 69' lang='lat' dir='ltr'><strong>Syriaa,</strong></span> 
     </span>
    </p>
   </div>
   <div class='ocr_carea' id='block_1_43' title="bbox 611 3864 2194 3944">
    <p class='ocr_par' dir='ltr' id='par_1_43' title="bbox 611 3864 2194 3944">
     <span class='ocr_line' id='line_1_43' title="bbox 611 3864 2194 3944; baseline -0.005 -16"><span class='ocrx_word' id='word_1_284' title='bbox 611 3874 911 3944; x_wconf 77' lang='lat' dir='ltr'><strong>Libyaeque</strong></span> <span class='ocrx_word' id='word_1_285' title='bbox 949 3867 1302 3938; x_wconf 83' lang='lat' dir='ltr'><strong>Carthagine,</strong></span> <span class='ocrx_word' id='word_1_286' title='bbox 1331 3865 1539 3919; x_wconf 83' lang='lat' dir='ltr'><strong>similes</strong></span> <span class='ocrx_word' id='word_1_287' title='bbox 1568 3864 1698 3919; x_wconf 90' lang='lat' dir='ltr'><strong>olim</strong></span> <span class='ocrx_word' id='word_1_288' title='bbox 1724 3865 1974 3919; x_wconf 90' lang='lat' dir='ltr'><strong>victimas</strong></span> <span class='ocrx_word' id='word_1_289' title='bbox 2006 3865 2194 3920; x_wconf 79' lang='lat' dir='ltr'><strong>oﬁerri</strong></span> 
     </span>
    </p>
   </div>
   <div class='ocr_carea' id='block_1_44' title="bbox 620 3955 2196 4029">
    <p class='ocr_par' dir='ltr' id='par_1_44' title="bbox 620 3955 2196 4029">
     <span class='ocr_line' id='line_1_44' title="bbox 620 3955 2196 4029; baseline -0.004 -12"><span class='ocrx_word' id='word_1_290' title='bbox 620 3964 826 4018; x_wconf 89' lang='lat' dir='ltr'><strong>solitas.</strong></span> <span class='ocrx_word' id='word_1_291' title='bbox 856 3962 1007 4029; x_wconf 88' lang='lat' dir='ltr'><strong>Ipsos</strong></span> <span class='ocrx_word' id='word_1_292' title='bbox 1028 3959 1196 4014; x_wconf 89' lang='lat' dir='ltr'><strong>etiam</strong></span> <span class='ocrx_word' id='word_1_293' title='bbox 1222 3957 1457 4022; x_wconf 68' lang='lat' dir='ltr'><strong>Gmcos,</strong></span> <span class='ocrx_word' id='word_1_294' title='bbox 1489 3971 1616 4011; x_wconf 92' lang='lat' dir='ltr'><strong>cum</strong></span> <span class='ocrx_word' id='word_1_295' title='bbox 1640 3955 1708 4010; x_wconf 91' lang='lat' dir='ltr'><strong>ad</strong></span> <span class='ocrx_word' id='word_1_296' title='bbox 1749 3956 1893 4011; x_wconf 79' lang='lat' dir='ltr'><strong>bella</strong></span> <span class='ocrx_word' id='word_1_297' title='bbox 1926 3957 2196 4025; x_wconf 85' lang='lat' dir='ltr'><strong>procede-</strong></span> 
     </span>
    </p>
   </div>
   <div class='ocr_carea' id='block_1_45' title="bbox 621 4047 2196 4119">
    <p class='ocr_par' dir='ltr' id='par_1_45' title="bbox 621 4047 2196 4119">
     <span class='ocr_line' id='line_1_45' title="bbox 621 4047 2196 4119; baseline -0.004 -12"><span class='ocrx_word' id='word_1_298' title='bbox 621 4061 763 4117; x_wconf 88' lang='lat' dir='ltr'><strong>rent,</strong></span> <span class='ocrx_word' id='word_1_299' title='bbox 808 4053 1088 4106; x_wconf 87' lang='lat' dir='ltr'><strong>hominem</strong></span> <span class='ocrx_word' id='word_1_300' title='bbox 1127 4050 1460 4114; x_wconf 86' lang='lat' dir='ltr'><strong>immolasse,</strong></span> <span class='ocrx_word' id='word_1_301' title='bbox 1488 4049 1705 4118; x_wconf 89' lang='lat' dir='ltr'><strong>aliaque</strong></span> <span class='ocrx_word' id='word_1_302' title='bbox 1744 4047 1798 4102; x_wconf 92' lang='lat' dir='ltr'><strong>id</strong></span> <span class='ocrx_word' id='word_1_303' title='bbox 1839 4063 2012 4119; x_wconf 88' lang='lat' dir='ltr'><strong>genus</strong></span> <span class='ocrx_word' id='word_1_304' title='bbox 2065 4064 2196 4118; x_wconf 88' lang='lat' dir='ltr'><strong>per-</strong></span> 
     </span>
    </p>
   </div>
   <div class='ocr_carea' id='block_1_46' title="bbox 620 4140 2200 4198">
    <p class='ocr_par' dir='ltr' id='par_1_46' title="bbox 620 4140 2200 4198">
     <span class='ocr_line' id='line_1_46' title="bbox 620 4140 2200 4198; baseline -0.002 0"><span class='ocrx_word' id='word_1_305' title='bbox 620 4145 789 4198; x_wconf 90' lang='lat' dir='ltr'><strong>multa</strong></span> <span class='ocrx_word' id='word_1_306' title='bbox 821 4151 1028 4197; x_wconf 88' lang='lat' dir='ltr'><strong>narrat.</strong></span> <span class='ocrx_word' id='word_1_307' title='bbox 1057 4141 1263 4196; x_wconf 89' lang='lat' dir='ltr'><strong>Scribit</strong></span> <span class='ocrx_word' id='word_1_308' title='bbox 1296 4147 1352 4195; x_wconf 94' lang='lat' dir='ltr'><strong>et</strong></span> <span class='ocrx_word' id='word_1_309' title='bbox 1375 4141 1531 4195; x_wconf 87' lang='lat' dir='ltr'><strong>Philo</strong></span> <span class='ocrx_word' id='word_1_310' title='bbox 1555 4140 1854 4195; x_wconf 84' lang='lat' dir='ltr'><strong>historicus</strong></span> <span class='ocrx_word' id='word_1_311' title='bbox 1901 4140 2200 4196; x_wconf 80' lang='lat' dir='ltr'><strong>Aristome-</strong></span> 
     </span>
    </p>
   </div>
   <div class='ocr_carea' id='block_1_47' title="bbox 617 4232 2198 4292">
    <p class='ocr_par' dir='ltr' id='par_1_47' title="bbox 617 4232 2198 4292">
     <span class='ocr_line' id='line_1_47' title="bbox 617 4232 2198 4292; baseline -0.002 0"><span class='ocrx_word' id='word_1_312' title='bbox 617 4254 744 4292; x_wconf 91' lang='lat' dir='ltr'><strong>nem</strong></span> <span class='ocrx_word' id='word_1_313' title='bbox 777 4235 1104 4290; x_wconf 78' lang='lat' dir='ltr'><strong>Messenium</strong></span> <span class='ocrx_word' id='word_1_314' title='bbox 1141 4242 1418 4288; x_wconf 86' lang='lat' dir='ltr'><strong>trecentos</strong></span> <span class='ocrx_word' id='word_1_315' title='bbox 1459 4232 1713 4287; x_wconf 90' lang='lat' dir='ltr'><strong>homines</strong></span> <span class='ocrx_word' id='word_1_316' title='bbox 1753 4232 1874 4287; x_wconf 84' lang='lat' dir='ltr'><strong>Jovi</strong></span> <span class='ocrx_word' id='word_1_317' title='bbox 1913 4232 2198 4289; x_wconf 69' lang='lat' dir='ltr'><strong>lthometa:</strong></span> 
     </span>
    </p>
   </div>
   <div class='ocr_carea' id='block_1_48' title="bbox 620 4322 2194 4392">
    <p class='ocr_par' dir='ltr' id='par_1_48' title="bbox 620 4322 2194 4392">
     <span class='ocr_line' id='line_1_48' title="bbox 620 4322 2194 4392; baseline -0.003 -10"><span class='ocrx_word' id='word_1_318' title='bbox 620 4337 907 4382; x_wconf 87' lang='lat' dir='ltr'><strong>mactasse.</strong></span> <span class='ocrx_word' id='word_1_319' title='bbox 937 4325 1268 4380; x_wconf 86' lang='lat' dir='ltr'><strong>Plutarchus</strong></span> <span class='ocrx_word' id='word_1_320' title='bbox 1307 4337 1527 4392; x_wconf 91' lang='lat' dir='ltr'><strong>quoque</strong></span> <span class='ocrx_word' id='word_1_321' title='bbox 1557 4337 1798 4377; x_wconf 86' lang='lat' dir='ltr'><strong>consona</strong></span> <span class='ocrx_word' id='word_1_322' title='bbox 1824 4322 1912 4378; x_wconf 92' lang='lat' dir='ltr'><strong>his</strong></span> <span class='ocrx_word' id='word_1_323' title='bbox 1939 4330 2194 4388; x_wconf 86' lang='lat' dir='ltr'><strong>testatur,</strong></span> 
     </span>
    </p>
   </div>
   <div class='ocr_carea' id='block_1_49' title="bbox 2305 516 3871 590">
    <p class='ocr_par' dir='ltr' id='par_1_49' title="bbox 2305 516 3871 590">
     <span class='ocr_line' id='line_1_49' title="bbox 2305 516 3871 590; baseline 0.002 -21"><span class='ocrx_word' id='word_1_324' title='bbox 2305 518 2428 581; x_wconf 79' lang='grc' dir='ltr'>λοὺς</span> <span class='ocrx_word' id='word_1_325' title='bbox 2456 517 2642 585; x_wconf 79' lang='grc' dir='ltr'><strong>λόγους</strong></span> <span class='ocrx_word' id='word_1_326' title='bbox 2669 516 3081 587; x_wconf 79' lang='grc' dir='ltr'>ξυγγεγραφὼς,</span> <span class='ocrx_word' id='word_1_327' title='bbox 3111 519 3369 586; x_wconf 76' lang='grc' dir='ltr'><strong>εἰσήγαγε</strong></span> <span class='ocrx_word' id='word_1_328' title='bbox 3395 516 3534 590; x_wconf 79' lang='grc' dir='ltr'>[τὸν]</span> <span class='ocrx_word' id='word_1_329' title='bbox 3562 519 3608 549; x_wconf 84' lang='grc'><strong><em>³⁸</em></strong></span> <span class='ocrx_word' id='word_1_330' title='bbox 3641 519 3871 589; x_wconf 69' lang='grc' dir='ltr'>Θεόφρα-</span> 
     </span>
    </p>
   </div>
   <div class='ocr_carea' id='block_1_50' title="bbox 2306 606 3875 679">
    <p class='ocr_par' dir='ltr' id='par_1_50' title="bbox 2306 606 3875 679">
     <span class='ocr_line' id='line_1_50' title="bbox 2306 606 3875 679; baseline 0.003 -20"><span class='ocrx_word' id='word_1_331' title='bbox 2306 624 2430 660; x_wconf 89' lang='grc' dir='ltr'>στον</span> <span class='ocrx_word' id='word_1_332' title='bbox 2466 607 2710 676; x_wconf 84' lang='grc' dir='ltr'>λέγοντα,</span> <span class='ocrx_word' id='word_1_333' title='bbox 2741 610 2820 662; x_wconf 84' lang='grc' dir='ltr'>ὅτι</span> <span class='ocrx_word' id='word_1_334' title='bbox 2859 627 2878 657; x_wconf 75' lang='grc' dir='ltr'><strong>ι</strong></span> <span class='ocrx_word' id='word_1_335' title='bbox 2909 610 2969 661; x_wconf 76' lang='lat' dir='ltr'><strong>Ol</strong></span> <span class='ocrx_word' id='word_1_336' title='bbox 3000 607 3167 661; x_wconf 88' lang='grc' dir='ltr'>πάλαι</span> <span class='ocrx_word' id='word_1_337' title='bbox 3194 606 3469 679; x_wconf 78' lang='grc' dir='ltr'>ἂνθρωποι</span> <span class='ocrx_word' id='word_1_338' title='bbox 3502 608 3626 661; x_wconf 72' lang='grc' dir='ltr'>οὔτε</span> <span class='ocrx_word' id='word_1_339' title='bbox 3659 610 3875 664; x_wconf 74' lang='grc' dir='ltr'>λιϐανω-</span> 
     </span>
    </p>
   </div>
   <div class='ocr_carea' id='block_1_51' title="bbox 2303 696 3873 771">
    <p class='ocr_par' dir='ltr' id='par_1_51' title="bbox 2303 696 3873 771">
     <span class='ocr_line' id='line_1_51' title="bbox 2303 696 3873 771; baseline 0.001 -21"><span class='ocrx_word' id='word_1_340' title='bbox 2303 698 2393 751; x_wconf 83' lang='grc' dir='ltr'><strong>τδν</strong></span> <span class='ocrx_word' id='word_1_341' title='bbox 2415 699 2534 753; x_wconf 77' lang='grc' dir='ltr'>οὔτε</span> <span class='ocrx_word' id='word_1_342' title='bbox 2567 701 2693 756; x_wconf 86' lang='grc' dir='ltr'>ἀλλο</span> <span class='ocrx_word' id='word_1_343' title='bbox 2715 700 2863 771; x_wconf 77' lang='grc' dir='ltr'>θῦμα</span> <span class='ocrx_word' id='word_1_344' title='bbox 2891 700 3246 770; x_wconf 79' lang='grc' dir='ltr'><strong>προσέφερον,</strong></span> <span class='ocrx_word' id='word_1_345' title='bbox 3272 699 3406 753; x_wconf 83' lang='grc' dir='ltr'><strong>ἀλλά</strong></span> <span class='ocrx_word' id='word_1_346' title='bbox 3435 701 3598 770; x_wconf 80' lang='grc' dir='ltr'><strong>χλόης</strong></span> <span class='ocrx_word' id='word_1_347' title='bbox 3626 696 3738 752; x_wconf 73' lang='grc' dir='ltr'>οἷόν</span> <span class='ocrx_word' id='word_1_348' title='bbox 3761 719 3873 752; x_wconf 86' lang='grc' dir='ltr'>τινα</span> 
     </span>
    </p>
   </div>
   <div class='ocr_carea' id='block_1_52' title="bbox 2302 792 3872 863">
    <p class='ocr_par' dir='ltr' id='par_1_52' title="bbox 2302 792 3872 863">
     <span class='ocr_line' id='line_1_52' title="bbox 2302 792 3872 863; baseline -0.001 -20"><span class='ocrx_word' id='word_1_349' title='bbox 2302 792 2413 860; x_wconf 74' lang='grc' dir='ltr'>τῆς.</span> <span class='ocrx_word' id='word_1_350' title='bbox 2447 793 2670 862; x_wconf 78' lang='grc' dir='ltr'>γονίμου</span> <span class='ocrx_word' id='word_1_351' title='bbox 2720 792 2931 862; x_wconf 87' lang='grc' dir='ltr'>φύσεως</span> <span class='ocrx_word' id='word_1_352' title='bbox 2973 793 3134 863; x_wconf 81' lang='grc' dir='ltr'>χνοῦν</span> <span class='ocrx_word' id='word_1_353' title='bbox 3161 795 3208 825; x_wconf 84' lang='grc'><strong>⁸⁸</strong></span> <span class='ocrx_word' id='word_1_354' title='bbox 3235 794 3354 854; x_wconf 88' lang='grc' dir='ltr'>ταῖς</span> <span class='ocrx_word' id='word_1_355' title='bbox 3387 793 3576 862; x_wconf 76' lang='grc' dir='ltr'>χερσὶν</span> <span class='ocrx_word' id='word_1_356' title='bbox 3614 793 3872 862; x_wconf 77' lang='grc' dir='ltr'>ἀράμενοι</span> 
     </span>
    </p>
   </div>
   <div class='ocr_carea' id='block_1_53' title="bbox 2304 880 3872 952">
    <p class='ocr_par' dir='ltr' id='par_1_53' title="bbox 2304 880 3872 952">
     <span class='ocr_line' id='line_1_53' title="bbox 2304 880 3872 952; baseline -0.001 -21"><span class='ocrx_word' id='word_1_357' title='bbox 2304 880 2591 935; x_wconf 80' lang='grc' dir='ltr'><strong>κατέκαιον</strong></span> <span class='ocrx_word' id='word_1_358' title='bbox 2634 883 2715 946; x_wconf 84' lang='grc'><strong>⁸⁷,</strong></span> <span class='ocrx_word' id='word_1_359' title='bbox 2767 882 2936 952; x_wconf 84' lang='grc' dir='ltr'>ταύτῃ</span> <span class='ocrx_word' id='word_1_360' title='bbox 3000 883 3128 946; x_wconf 83' lang='grc' dir='ltr'>τοὺς</span> <span class='ocrx_word' id='word_1_361' title='bbox 3181 882 3537 950; x_wconf 79' lang='grc' dir='ltr'>φαινομένους</span> <span class='ocrx_word' id='word_1_362' title='bbox 3592 882 3872 950; x_wconf 72' lang='grc' dir='ltr'>οὐρανίους</span> 
     </span>
    </p>
   </div>
   <div class='ocr_carea' id='block_1_54' title="bbox 2303 969 3871 1044">
    <p class='ocr_par' dir='ltr' id='par_1_54' title="bbox 2303 969 3871 1044">
     <span class='ocr_line' id='line_1_54' title="bbox 2303 969 3871 1044; baseline 0.002 -22"><span class='ocrx_word' id='word_1_363' title='bbox 2303 969 2456 1035; x_wconf 81' lang='grc' dir='ltr'>θεοὺς</span> <span class='ocrx_word' id='word_1_364' title='bbox 2475 974 2539 1042; x_wconf 81' lang='grc' dir='ltr'>τῇ</span> <span class='ocrx_word' id='word_1_365' title='bbox 2561 973 2722 1043; x_wconf 72' lang='grc' dir='ltr'>θυσία</span> <span class='ocrx_word' id='word_1_366' title='bbox 2734 972 3062 1042; x_wconf 82' lang='grc' dir='ltr'>δεξιούμενοι</span> <span class='ocrx_word' id='word_1_367' title='bbox 3081 974 3146 1026; x_wconf 81' lang='grc'><strong>⁸⁸.</strong></span> <span class='ocrx_word' id='word_1_368' title='bbox 3163 992 3181 1024; x_wconf 74' lang='grc' dir='ltr'><strong>ι</strong></span> <span class='ocrx_word' id='word_1_369' title='bbox 3203 969 3334 1026; x_wconf 78' lang='grc' dir='ltr'>Εἶτα</span> <span class='ocrx_word' id='word_1_370' title='bbox 3352 970 3518 1024; x_wconf 85' lang='grc' dir='ltr'>πολλά</span> <span class='ocrx_word' id='word_1_371' title='bbox 3539 970 3810 1044; x_wconf 80' lang='grc' dir='ltr'>[τοιαῦτα]</span> <span class='ocrx_word' id='word_1_372' title='bbox 3827 972 3871 1001; x_wconf 81' lang='grc'><strong>⁵⁹</strong></span> 
     </span>
    </p>
   </div>
   <div class='ocr_carea' id='block_1_55' title="bbox 2301 1060 3871 1135">
    <p class='ocr_par' dir='ltr' id='par_1_55' title="bbox 2301 1060 3871 1135">
     <span class='ocr_line' id='line_1_55' title="bbox 2301 1060 3871 1135; baseline -0.001 -21"><span class='ocrx_word' id='word_1_373' title='bbox 2301 1060 2438 1116; x_wconf 78' lang='grc' dir='ltr'>ἄττα</span> <span class='ocrx_word' id='word_1_374' title='bbox 2472 1062 2775 1126; x_wconf 80' lang='grc' dir='ltr'>διεξελθὼν,</span> <span class='ocrx_word' id='word_1_375' title='bbox 2807 1063 3074 1133; x_wconf 72' lang='grc' dir='ltr'>έ-πήγαγεσ</span> <span class='ocrx_word' id='word_1_376' title='bbox 3115 1083 3134 1116; x_wconf 75' lang='grc' dir='ltr'><strong>ι</strong></span> <span class='ocrx_word' id='word_1_377' title='bbox 3171 1063 3366 1135; x_wconf 77' lang='grc' dir='ltr'>Πόῤῥω</span> <span class='ocrx_word' id='word_1_378' title='bbox 3393 1063 3450 1115; x_wconf 77' lang='grc' dir='ltr'>δὲ</span> <span class='ocrx_word' id='word_1_379' title='bbox 3481 1063 3590 1116; x_wconf 87' lang='grc' dir='ltr'><strong>τῶν</strong></span> <span class='ocrx_word' id='word_1_380' title='bbox 3614 1063 3744 1133; x_wconf 75' lang='grc' dir='ltr'>περὶ</span> <span class='ocrx_word' id='word_1_381' title='bbox 3781 1063 3871 1125; x_wconf 73' lang='grc' dir='ltr'><strong>τὰς</strong></span> 
     </span>
    </p>
   </div>
   <div class='ocr_carea' id='block_1_56' title="bbox 2301 1152 3869 1225">
    <p class='ocr_par' dir='ltr' id='par_1_56' title="bbox 2301 1152 3869 1225">
     <span class='ocr_line' id='line_1_56' title="bbox 2301 1152 3869 1225; baseline -0.001 -20"><span class='ocrx_word' id='word_1_382' title='bbox 2301 1152 2492 1216; x_wconf 88' lang='grc' dir='ltr'>θυσίας</span> <span class='ocrx_word' id='word_1_383' title='bbox 2529 1153 2792 1225; x_wconf 81' lang='grc' dir='ltr'><strong>ἀπαρχῶν</strong></span> <span class='ocrx_word' id='word_1_384' title='bbox 2819 1157 2929 1218; x_wconf 81' lang='grc' dir='ltr'>τοῖς</span> <span class='ocrx_word' id='word_1_385' title='bbox 2961 1154 3270 1225; x_wconf 81' lang='grc' dir='ltr'>ἀνθρώποις</span> <span class='ocrx_word' id='word_1_386' title='bbox 3298 1153 3601 1224; x_wconf 86' lang='grc' dir='ltr'>προῖουσῶν</span> <span class='ocrx_word' id='word_1_387' title='bbox 3639 1171 3869 1222; x_wconf 78' lang='grc' dir='ltr'>παρανο-</span> 
     </span>
    </p>
   </div>
   <div class='ocr_carea' id='block_1_57' title="bbox 2303 1244 3866 1316">
    <p class='ocr_par' dir='ltr' id='par_1_57' title="bbox 2303 1244 3866 1316">
     <span class='ocr_line' id='line_1_57' title="bbox 2303 1244 3866 1316; baseline -0.017 -17"><span class='ocrx_word' id='word_1_388' title='bbox 2303 1247 2433 1316; x_wconf 82' lang='grc' dir='ltr'>μίας</span> <span class='ocrx_word' id='word_1_389' title='bbox 2463 1246 2529 1311; x_wconf 78' lang='grc'><strong>⁸⁸,</strong></span> <span class='ocrx_word' id='word_1_390' title='bbox 2560 1249 2593 1316; x_wconf 78' lang='grc' dir='ltr'><strong>ἡ</strong></span> <span class='ocrx_word' id='word_1_391' title='bbox 2642 1247 2751 1300; x_wconf 86' lang='grc' dir='ltr'><strong>τῶν</strong></span> <span class='ocrx_word' id='word_1_392' title='bbox 2798 1246 3118 1299; x_wconf 78' lang='grc' dir='ltr'><strong>δεινοτάτων</strong></span> <span class='ocrx_word' id='word_1_393' title='bbox 3173 1246 3429 1316; x_wconf 82' lang='grc' dir='ltr'>θυμάτων</span> <span class='ocrx_word' id='word_1_394' title='bbox 3481 1245 3795 1315; x_wconf 64' lang='grc' dir='ltr'>παράληψις</span> <span class='ocrx_word' id='word_1_395' title='bbox 3828 1244 3866 1273; x_wconf 76' lang='grc' dir='ltr'>οι</span> 
     </span>
    </p>
   </div>
   <div class='ocr_carea' id='block_1_58' title="bbox 2300 1336 3869 1407">
    <p class='ocr_par' dir='ltr' id='par_1_58' title="bbox 2300 1336 3869 1407">
     <span class='ocr_line' id='line_1_58' title="bbox 2300 1336 3869 1407; baseline -0.002 -19"><span class='ocrx_word' id='word_1_396' title='bbox 2300 1337 2621 1407; x_wconf 82' lang='grc' dir='ltr'>έπεισήχθη,</span> <span class='ocrx_word' id='word_1_397' title='bbox 2648 1337 2930 1406; x_wconf 76' lang='grc' dir='ltr'><strong>ὠμότητος</strong></span> <span class='ocrx_word' id='word_1_398' title='bbox 2958 1336 3194 1407; x_wconf 79' lang='grc' dir='ltr'><strong>πλήρης·</strong></span> <span class='ocrx_word' id='word_1_399' title='bbox 3237 1336 3313 1400; x_wconf 85' lang='grc' dir='ltr'><strong>ὡς</strong></span> <span class='ocrx_word' id='word_1_400' title='bbox 3347 1336 3520 1389; x_wconf 79' lang='grc' dir='ltr'>δοκεῖν</span> <span class='ocrx_word' id='word_1_401' title='bbox 3548 1337 3646 1398; x_wconf 80' lang='grc' dir='ltr'>τὰς</span> <span class='ocrx_word' id='word_1_402' title='bbox 3683 1337 3869 1402; x_wconf 77' lang='grc' dir='ltr'>πρότε-</span> 
     </span>
    </p>
   </div>
   <div class='ocr_carea' id='block_1_59' title="bbox 2301 1424 3865 1497">
    <p class='ocr_par' dir='ltr' id='par_1_59' title="bbox 2301 1424 3865 1497">
     <span class='ocr_line' id='line_1_59' title="bbox 2301 1424 3865 1497; baseline -0.001 -21"><span class='ocrx_word' id='word_1_403' title='bbox 2301 1441 2394 1494; x_wconf 90' lang='grc' dir='ltr'><strong>ρον</strong></span> <span class='ocrx_word' id='word_1_404' title='bbox 2421 1424 2695 1495; x_wconf 75' lang='grc' dir='ltr'><strong>λεχθείσας</strong></span> <span class='ocrx_word' id='word_1_405' title='bbox 2735 1426 2854 1480; x_wconf 83' lang='grc' dir='ltr'>καθ’</span> <span class='ocrx_word' id='word_1_406' title='bbox 2887 1425 3042 1496; x_wconf 80' lang='grc' dir='ltr'>ἡμῶν</span> <span class='ocrx_word' id='word_1_407' title='bbox 3079 1427 3218 1497; x_wconf 77' lang='grc' dir='ltr'>ἀρὰς</span> <span class='ocrx_word' id='word_1_408' title='bbox 3257 1426 3352 1479; x_wconf 77' lang='grc' dir='ltr'>νῦν</span> <span class='ocrx_word' id='word_1_409' title='bbox 3385 1427 3537 1488; x_wconf 82' lang='grc' dir='ltr'>τέλος</span> <span class='ocrx_word' id='word_1_410' title='bbox 3571 1426 3865 1494; x_wconf 73' lang='grc' dir='ltr'>εἰληφέναι,</span> 
     </span>
    </p>
   </div>
   <div class='ocr_carea' id='block_1_60' title="bbox 2300 1515 3867 1588">
    <p class='ocr_par' dir='ltr' id='par_1_60' title="bbox 2300 1515 3867 1588">
     <span class='ocr_line' id='line_1_60' title="bbox 2300 1515 3867 1588; baseline -0.011 -3"><span class='ocrx_word' id='word_1_411' title='bbox 2300 1515 2616 1584; x_wconf 73' lang='grc' dir='ltr'>σφαξάντων</span> <span class='ocrx_word' id='word_1_412' title='bbox 2660 1518 2769 1571; x_wconf 91' lang='grc' dir='ltr'><strong>τῶν</strong></span> <span class='ocrx_word' id='word_1_413' title='bbox 2817 1519 3121 1588; x_wconf 72' lang='grc' dir='ltr'>ἀνθρώπιον</span> <span class='ocrx_word' id='word_1_414' title='bbox 3156 1520 3250 1572; x_wconf 79' lang='grc' dir='ltr'>καὶ</span> <span class='ocrx_word' id='word_1_415' title='bbox 3284 1519 3409 1580; x_wconf 77' lang='grc' dir='ltr'>τοὺς</span> <span class='ocrx_word' id='word_1_416' title='bbox 3451 1518 3670 1587; x_wconf 77' lang='grc' dir='ltr'>βωμοὺς</span> <span class='ocrx_word' id='word_1_417' title='bbox 3708 1518 3867 1585; x_wconf 83' lang='grc' dir='ltr'>αἱμα-</span> 
     </span>
    </p>
   </div>
   <div class='ocr_carea' id='block_1_61' title="bbox 2300 1603 3869 1676">
    <p class='ocr_par' dir='ltr' id='par_1_61' title="bbox 2300 1603 3869 1676">
     <span class='ocr_line' id='line_1_61' title="bbox 2300 1603 3869 1676; baseline -0.001 -19"><span class='ocrx_word' id='word_1_418' title='bbox 2300 1604 2525 1669; x_wconf 79' lang='grc' dir='ltr'>ξάντων.</span> <span class='ocrx_word' id='word_1_419' title='bbox 2575 1625 2593 1657; x_wconf 74' lang='grc' dir='ltr'><strong>ι</strong></span> <span class='ocrx_word' id='word_1_420' title='bbox 2633 1603 2768 1661; x_wconf 71' lang='grc' dir='ltr'>Εἶτα</span> <span class='ocrx_word' id='word_1_421' title='bbox 2795 1609 3022 1671; x_wconf 83' lang='grc' dir='ltr'>πολλοὺς</span> <span class='ocrx_word' id='word_1_422' title='bbox 3041 1608 3234 1676; x_wconf 82' lang='grc' dir='ltr'>λόγους</span> <span class='ocrx_word' id='word_1_423' title='bbox 3261 1607 3547 1673; x_wconf 80' lang='grc' dir='ltr'>διεξελθὼν</span> <span class='ocrx_word' id='word_1_424' title='bbox 3581 1607 3686 1674; x_wconf 76' lang='grc' dir='ltr'><strong>ἔφη</strong></span> <span class='ocrx_word' id='word_1_425' title='bbox 3709 1649 3721 1667; x_wconf 86' lang='grc'><strong>,</strong></span> <span class='ocrx_word' id='word_1_426' title='bbox 3761 1625 3778 1656; x_wconf 82' lang='grc' dir='ltr'><strong>ι</strong></span> <span class='ocrx_word' id='word_1_427' title='bbox 3801 1605 3869 1674; x_wconf 78' lang='grc' dir='ltr'>μὴ</span> 
     </span>
    </p>
   </div>
   <div class='ocr_carea' id='block_1_62' title="bbox 2297 1696 3870 1769">
    <p class='ocr_par' dir='ltr' id='par_1_62' title="bbox 2297 1696 3870 1769">
     <span class='ocr_line' id='line_1_62' title="bbox 2297 1696 3870 1769; baseline -0.015 -1"><span class='ocrx_word' id='word_1_428' title='bbox 2297 1699 2491 1769; x_wconf 81' lang='grc' dir='ltr'>χρῆναι</span> <span class='ocrx_word' id='word_1_429' title='bbox 2521 1698 2678 1763; x_wconf 81' lang='grc' dir='ltr'>θεοὺς</span> <span class='ocrx_word' id='word_1_430' title='bbox 2712 1699 3117 1769; x_wconf 75' lang='grc' dir='ltr'>ὑπολαμϐάνειν</span> <span class='ocrx_word' id='word_1_431' title='bbox 3163 1698 3290 1761; x_wconf 77' lang='grc' dir='ltr'>τοὺς</span> <span class='ocrx_word' id='word_1_432' title='bbox 3327 1699 3447 1760; x_wconf 85' lang='grc' dir='ltr'>ταῖς</span> <span class='ocrx_word' id='word_1_433' title='bbox 3478 1697 3566 1750; x_wconf 83' lang='grc' dir='ltr'><strong>διὰ</strong></span> <span class='ocrx_word' id='word_1_434' title='bbox 3598 1696 3754 1760; x_wconf 79' lang='grc' dir='ltr'>ζώων</span> <span class='ocrx_word' id='word_1_435' title='bbox 3791 1696 3870 1748; x_wconf 85' lang='grc' dir='ltr'>θυ-</span> 
     </span>
    </p>
   </div>
   <div class='ocr_carea' id='block_1_63' title="bbox 2302 1785 3872 1860">
    <p class='ocr_par' dir='ltr' id='par_1_63' title="bbox 2302 1785 3872 1860">
     <span class='ocr_line' id='line_1_63' title="bbox 2302 1785 3872 1860; baseline -0.002 -20"><span class='ocrx_word' id='word_1_436' title='bbox 2302 1790 2444 1852; x_wconf 86' lang='grc' dir='ltr'>σίαις</span> <span class='ocrx_word' id='word_1_437' title='bbox 2468 1789 2773 1860; x_wconf 83' lang='grc' dir='ltr'>χαίροντας·</span> <span class='ocrx_word' id='word_1_438' title='bbox 2806 1785 2947 1844; x_wconf 73' lang='grc' dir='ltr'>εἶναι</span> <span class='ocrx_word' id='word_1_439' title='bbox 2996 1790 3106 1860; x_wconf 71' lang='grc' dir='ltr'>γὰρ</span> <span class='ocrx_word' id='word_1_440' title='bbox 3139 1787 3467 1842; x_wconf 72' lang='grc' dir='ltr'>ἀδικώτατον</span> <span class='ocrx_word' id='word_1_441' title='bbox 3507 1787 3570 1840; x_wconf 82' lang='grc' dir='ltr'>τὸ</span> <span class='ocrx_word' id='word_1_442' title='bbox 3599 1788 3645 1818; x_wconf 76' lang='grc'><strong>⁸³</strong></span> <span class='ocrx_word' id='word_1_443' title='bbox 3678 1785 3872 1850; x_wconf 75' lang='grc' dir='ltr'>ζωοθυο</span> 
     </span>
    </p>
   </div>
   <div class='ocr_carea' id='block_1_64' title="bbox 2299 1876 3871 1951">
    <p class='ocr_par' dir='ltr' id='par_1_64' title="bbox 2299 1876 3871 1951">
     <span class='ocr_line' id='line_1_64' title="bbox 2299 1876 3871 1951; baseline -0.003 -19"><span class='ocrx_word' id='word_1_444' title='bbox 2299 1882 2432 1945; x_wconf 90' lang='grc' dir='ltr'>τεῖν,</span> <span class='ocrx_word' id='word_1_445' title='bbox 2467 1880 2559 1932; x_wconf 85' lang='grc' dir='ltr'>καὶ</span> <span class='ocrx_word' id='word_1_446' title='bbox 2586 1879 2797 1933; x_wconf 87' lang='grc' dir='ltr'>ἀνόσιον</span> <span class='ocrx_word' id='word_1_447' title='bbox 2822 1881 2917 1933; x_wconf 77' lang='grc' dir='ltr'>καὶ</span> <span class='ocrx_word' id='word_1_448' title='bbox 2953 1881 3195 1951; x_wconf 61' lang='grc' dir='ltr'>μυσαρὸν</span> <span class='ocrx_word' id='word_1_449' title='bbox 3227 1878 3343 1950; x_wconf 72' lang='grc' dir='ltr'>[καὶ</span> <span class='ocrx_word' id='word_1_450' title='bbox 3371 1876 3681 1948; x_wconf 79' lang='grc' dir='ltr'>βλαϐερὸν,]</span> <span class='ocrx_word' id='word_1_451' title='bbox 3713 1878 3757 1908; x_wconf 78' lang='grc'><strong>⁸³</strong></span> <span class='ocrx_word' id='word_1_452' title='bbox 3786 1878 3871 1928; x_wconf 76' lang='grc' dir='ltr'>καὶ</span> 
     </span>
    </p>
   </div>
   <div class='ocr_carea' id='block_1_65' title="bbox 2299 1968 3868 2041">
    <p class='ocr_par' dir='ltr' id='par_1_65' title="bbox 2299 1968 3868 2041">
     <span class='ocr_line' id='line_1_65' title="bbox 2299 1968 3868 2041; baseline -0.001 -18"><span class='ocrx_word' id='word_1_453' title='bbox 2299 1971 2387 2023; x_wconf 72' lang='grc' dir='ltr'>διὰ</span> <span class='ocrx_word' id='word_1_454' title='bbox 2424 1970 2579 2024; x_wconf 82' lang='grc' dir='ltr'>τοῦτο</span> <span class='ocrx_word' id='word_1_455' title='bbox 2634 1971 2706 2041; x_wconf 83' lang='grc' dir='ltr'>μὴ</span> <span class='ocrx_word' id='word_1_456' title='bbox 2733 1970 2779 2002; x_wconf 72' lang='grc'><strong>⁸⁸</strong></span> <span class='ocrx_word' id='word_1_457' title='bbox 2809 1970 2952 2033; x_wconf 87' lang='grc' dir='ltr'>θεοῖς</span> <span class='ocrx_word' id='word_1_458' title='bbox 3001 1969 3322 2040; x_wconf 79' lang='grc' dir='ltr'>προσφιλές.</span> <span class='ocrx_word' id='word_1_459' title='bbox 3364 1988 3383 2020; x_wconf 73' lang='grc' dir='ltr'><strong>ι</strong></span> <span class='ocrx_word' id='word_1_460' title='bbox 3422 1969 3786 2039; x_wconf 77' lang='grc' dir='ltr'>Προστέθεικε</span> <span class='ocrx_word' id='word_1_461' title='bbox 3818 1968 3868 2021; x_wconf 75' lang='grc' dir='ltr'>δὲ</span> 
     </span>
    </p>
   </div>
   <div class='ocr_carea' id='block_1_66' title="bbox 2299 2059 3870 2132">
    <p class='ocr_par' dir='ltr' id='par_1_66' title="bbox 2299 2059 3870 2132">
     <span class='ocr_line' id='line_1_66' title="bbox 2299 2059 3870 2132; baseline 0.001 -19"><span class='ocrx_word' id='word_1_462' title='bbox 2299 2063 2394 2113; x_wconf 81' lang='grc' dir='ltr'>καὶ</span> <span class='ocrx_word' id='word_1_463' title='bbox 2420 2061 2612 2116; x_wconf 68' lang='grc' dir='ltr'>ταῦτα*</span> <span class='ocrx_word' id='word_1_464' title='bbox 2657 2081 2674 2113; x_wconf 79' lang='grc' dir='ltr'><strong>ι</strong></span> <span class='ocrx_word' id='word_1_465' title='bbox 2709 2062 2946 2123; x_wconf 82' lang='grc' dir='ltr'>Εἰκότως</span> <span class='ocrx_word' id='word_1_466' title='bbox 2984 2063 3012 2114; x_wconf 86' lang='grc' dir='ltr'><strong>ὁ</strong></span> <span class='ocrx_word' id='word_1_467' title='bbox 3042 2060 3392 2132; x_wconf 83' lang='grc' dir='ltr'>Θεόφραστος</span> <span class='ocrx_word' id='word_1_468' title='bbox 3425 2059 3766 2130; x_wconf 78' lang='grc' dir='ltr'>ἀπαγορεύει</span> <span class='ocrx_word' id='word_1_469' title='bbox 3803 2061 3870 2129; x_wconf 77' lang='grc' dir='ltr'>μὴ</span> 
     </span>
    </p>
   </div>
   <div class='ocr_carea' id='block_1_67' title="bbox 2299 2151 3871 2223">
    <p class='ocr_par' dir='ltr' id='par_1_67' title="bbox 2299 2151 3871 2223">
     <span class='ocr_line' id='line_1_67' title="bbox 2299 2151 3871 2223; baseline 0 -19"><span class='ocrx_word' id='word_1_470' title='bbox 2299 2151 2448 2204; x_wconf 83' lang='grc' dir='ltr'>θύειν</span> <span class='ocrx_word' id='word_1_471' title='bbox 2473 2152 2517 2184; x_wconf 82' lang='grc'><strong>⁸⁸</strong></span> <span class='ocrx_word' id='word_1_472' title='bbox 2551 2151 2664 2223; x_wconf 85' lang='grc' dir='ltr'>[τά]</span> <span class='ocrx_word' id='word_1_473' title='bbox 2692 2152 2736 2184; x_wconf 76' lang='grc'><strong>⁸⁸</strong></span> <span class='ocrx_word' id='word_1_474' title='bbox 2765 2151 2978 2222; x_wconf 74' lang='grc' dir='ltr'>ἔμψυχα</span> <span class='ocrx_word' id='word_1_475' title='bbox 3011 2153 3134 2214; x_wconf 80' lang='grc' dir='ltr'>τοὺς</span> <span class='ocrx_word' id='word_1_476' title='bbox 3157 2152 3234 2221; x_wconf 79' lang='grc' dir='ltr'>τῷ</span> <span class='ocrx_word' id='word_1_477' title='bbox 3255 2152 3367 2205; x_wconf 82' lang='grc' dir='ltr'>δντι</span> <span class='ocrx_word' id='word_1_478' title='bbox 3397 2151 3640 2203; x_wconf 73' lang='grc' dir='ltr'>εὐσεϐεῖν</span> <span class='ocrx_word' id='word_1_479' title='bbox 3671 2151 3871 2204; x_wconf 75' lang='grc' dir='ltr'>ἐθέλον·-</span> 
     </span>
    </p>
   </div>
   <div class='ocr_carea' id='block_1_68' title="bbox 2297 2238 3872 2318">
    <p class='ocr_par' dir='ltr' id='par_1_68' title="bbox 2297 2238 3872 2318">
     <span class='ocr_line' id='line_1_68' title="bbox 2297 2238 3872 2318; baseline 0.001 -24"><span class='ocrx_word' id='word_1_480' title='bbox 2297 2259 2415 2306; x_wconf 87' lang='grc' dir='ltr'>τας,</span> <span class='ocrx_word' id='word_1_481' title='bbox 2447 2242 2726 2312; x_wconf 87' lang='grc' dir='ltr'>χρώμενος</span> <span class='ocrx_word' id='word_1_482' title='bbox 2758 2244 2851 2296; x_wconf 61' lang='grc' dir='ltr'><strong>καὶ⁵</strong></span> <span class='ocrx_word' id='word_1_483' title='bbox 2889 2243 3167 2305; x_wconf 78' lang='grc' dir='ltr'>τοιαύταις</span> <span class='ocrx_word' id='word_1_484' title='bbox 3197 2242 3382 2318; x_wconf 73' lang='grc' dir='ltr'>ἄλλαις</span> <span class='ocrx_word' id='word_1_485' title='bbox 3411 2243 3631 2305; x_wconf 78' lang='grc' dir='ltr'>αἰτίαις.</span> <span class='ocrx_word' id='word_1_486' title='bbox 3679 2262 3699 2294; x_wconf 69' lang='grc' dir='ltr'><strong>ι</strong></span> <span class='ocrx_word' id='word_1_487' title='bbox 3747 2238 3872 2295; x_wconf 70' lang='grc' dir='ltr'>Εἶτα</span> 
     </span>
    </p>
   </div>
   <div class='ocr_carea' id='block_1_69' title="bbox 2298 2333 3870 2405">
    <p class='ocr_par' dir='ltr' id='par_1_69' title="bbox 2298 2333 3870 2405">
     <span class='ocr_line' id='line_1_69' title="bbox 2298 2333 3870 2405; baseline -0.001 -21"><span class='ocrx_word' id='word_1_488' title='bbox 2298 2333 2536 2384; x_wconf 90' lang='grc' dir='ltr'>δείκνυσι</span> <span class='ocrx_word' id='word_1_489' title='bbox 2577 2333 2700 2388; x_wconf 78' lang='grc' dir='ltr'>τίνα</span> <span class='ocrx_word' id='word_1_490' title='bbox 2729 2334 2876 2386; x_wconf 83' lang='grc' dir='ltr'>θύειν</span> <span class='ocrx_word' id='word_1_491' title='bbox 2911 2335 3196 2405; x_wconf 75' lang='grc' dir='ltr'>προσήκει,</span> <span class='ocrx_word' id='word_1_492' title='bbox 3239 2335 3334 2386; x_wconf 86' lang='grc' dir='ltr'><strong>καί</strong></span> <span class='ocrx_word' id='word_1_493' title='bbox 3375 2350 3528 2402; x_wconf 78' lang='grc' dir='ltr'>φησι·</span> <span class='ocrx_word' id='word_1_494' title='bbox 3569 2352 3588 2384; x_wconf 76' lang='grc' dir='ltr'><strong>ι</strong></span> <span class='ocrx_word' id='word_1_495' title='bbox 3622 2333 3736 2386; x_wconf 77' lang='grc' dir='ltr'>Καὶ</span> <span class='ocrx_word' id='word_1_496' title='bbox 3771 2334 3870 2403; x_wconf 74' lang='grc' dir='ltr'>μὴν</span> 
     </span>
    </p>
   </div>
   <div class='ocr_carea' id='block_1_70' title="bbox 2301 2422 3870 2495">
    <p class='ocr_par' dir='ltr' id='par_1_70' title="bbox 2301 2422 3870 2495">
     <span class='ocr_line' id='line_1_70' title="bbox 2301 2422 3870 2495; baseline 0 -20"><span class='ocrx_word' id='word_1_497' title='bbox 2301 2422 2441 2493; x_wconf 74' lang='grc' dir='ltr'>[καὶ]</span> <span class='ocrx_word' id='word_1_498' title='bbox 2479 2426 2520 2455; x_wconf 83' lang='grc'><strong>⁸⁷</strong></span> <span class='ocrx_word' id='word_1_499' title='bbox 2551 2425 2698 2478; x_wconf 87' lang='grc' dir='ltr'>θύειν</span> <span class='ocrx_word' id='word_1_500' title='bbox 2721 2426 2799 2479; x_wconf 87' lang='grc' dir='ltr'><strong>δεῖ</strong></span> <span class='ocrx_word' id='word_1_501' title='bbox 2825 2428 3028 2490; x_wconf 77' lang='grc' dir='ltr'>ἐκεῖνα,</span> <span class='ocrx_word' id='word_1_502' title='bbox 3065 2426 3102 2479; x_wconf 70' lang='grc' dir='ltr'>ἃ.</span> <span class='ocrx_word' id='word_1_503' title='bbox 3132 2425 3350 2488; x_wconf 88' lang='grc' dir='ltr'>θύοντες</span> <span class='ocrx_word' id='word_1_504' title='bbox 3375 2425 3562 2478; x_wconf 80' lang='grc' dir='ltr'>οὐδένα</span> <span class='ocrx_word' id='word_1_505' title='bbox 3591 2423 3870 2495; x_wconf 72' lang='grc' dir='ltr'>πημανοῦ·</span> 
     </span>
    </p>
   </div>
   <div class='ocr_carea' id='block_1_71' title="bbox 2304 2511 3866 2589">
    <p class='ocr_par' dir='ltr' id='par_1_71' title="bbox 2304 2511 3866 2589">
     <span class='ocr_line' id='line_1_71' title="bbox 2304 2511 3866 2589; baseline -0.004 -20"><span class='ocrx_word' id='word_1_506' title='bbox 2304 2536 2421 2588; x_wconf 89' lang='grc' dir='ltr'>μεν.</span> <span class='ocrx_word' id='word_1_507' title='bbox 2451 2519 2615 2571; x_wconf 73' lang='grc' dir='ltr'>Οὐδὲν</span> <span class='ocrx_word' id='word_1_508' title='bbox 2640 2518 2747 2589; x_wconf 89' lang='grc' dir='ltr'><strong>γάρ</strong></span> <span class='ocrx_word' id='word_1_509' title='bbox 2777 2519 2851 2581; x_wconf 82' lang='grc' dir='ltr'><strong>ὡς</strong></span> <span class='ocrx_word' id='word_1_510' title='bbox 2875 2517 2935 2570; x_wconf 82' lang='grc' dir='ltr'>τὸ</span> <span class='ocrx_word' id='word_1_511' title='bbox 2956 2516 3103 2569; x_wconf 84' lang='grc' dir='ltr'>θύειν</span> <span class='ocrx_word' id='word_1_512' title='bbox 3127 2517 3360 2579; x_wconf 69' lang='grc' dir='ltr'>ἀϐλαϐὲς</span> <span class='ocrx_word' id='word_1_513' title='bbox 3383 2511 3523 2570; x_wconf 72' lang='grc' dir='ltr'>εἶναι</span> <span class='ocrx_word' id='word_1_514' title='bbox 3545 2517 3650 2586; x_wconf 79' lang='grc' dir='ltr'>χρὴ</span> <span class='ocrx_word' id='word_1_515' title='bbox 3679 2517 3828 2568; x_wconf 81' lang='grc' dir='ltr'>πᾶσι.</span> <span class='ocrx_word' id='word_1_516' title='bbox 3849 2533 3866 2563; x_wconf 72' lang='grc' dir='ltr'><strong>ι</strong></span> 
     </span>
    </p>
   </div>
   <div class='ocr_carea' id='block_1_72' title="bbox 2300 2608 3870 2682">
    <p class='ocr_par' dir='ltr' id='par_1_72' title="bbox 2300 2608 3870 2682">
     <span class='ocr_line' id='line_1_72' title="bbox 2300 2608 3870 2682; baseline -0.001 -18"><span class='ocrx_word' id='word_1_517' title='bbox 2300 2613 2409 2664; x_wconf 80' lang='lat' dir='ltr'><strong>Kal</strong></span> <span class='ocrx_word' id='word_1_518' title='bbox 2436 2608 2500 2664; x_wconf 75' lang='grc' dir='ltr'>αὖ</span> <span class='ocrx_word' id='word_1_519' title='bbox 2520 2613 2700 2664; x_wconf 85' lang='grc' dir='ltr'>πάλιν·</span> <span class='ocrx_word' id='word_1_520' title='bbox 2733 2631 2750 2662; x_wconf 77' lang='grc' dir='ltr'><strong>ι</strong></span> <span class='ocrx_word' id='word_1_521' title='bbox 2773 2609 3065 2677; x_wconf 78' lang='grc' dir='ltr'>Ἀφεκτέον</span> <span class='ocrx_word' id='word_1_522' title='bbox 3096 2610 3202 2682; x_wconf 75' lang='grc' dir='ltr'>ἄρα</span> <span class='ocrx_word' id='word_1_523' title='bbox 3223 2610 3331 2662; x_wconf 90' lang='grc' dir='ltr'><strong>τῶν</strong></span> <span class='ocrx_word' id='word_1_524' title='bbox 3363 2609 3515 2672; x_wconf 79' lang='grc' dir='ltr'>ζώων</span> <span class='ocrx_word' id='word_1_525' title='bbox 3548 2611 3606 2663; x_wconf 76' lang='grc' dir='ltr'><strong>έν</strong></span> <span class='ocrx_word' id='word_1_526' title='bbox 3635 2611 3757 2673; x_wconf 83' lang='grc' dir='ltr'>ταῖς</span> <span class='ocrx_word' id='word_1_527' title='bbox 3790 2609 3870 2662; x_wconf 66' lang='grc' dir='ltr'>θυι</span> 
     </span>
    </p>
   </div>
   <div class='ocr_carea' id='block_1_73' title="bbox 2301 2701 3871 2772">
    <p class='ocr_par' dir='ltr' id='par_1_73' title="bbox 2301 2701 3871 2772">
     <span class='ocr_line' id='line_1_73' title="bbox 2301 2701 3871 2772; baseline 0 -18"><span class='ocrx_word' id='word_1_528' title='bbox 2301 2704 2462 2766; x_wconf 85' lang='grc' dir='ltr'>σίαις.</span> <span class='ocrx_word' id='word_1_529' title='bbox 2501 2722 2518 2754; x_wconf 75' lang='grc' dir='ltr'><strong>ι</strong></span> <span class='ocrx_word' id='word_1_530' title='bbox 2573 2704 3000 2771; x_wconf 81' lang='grc' dir='ltr'>Ἀναμιμνήσκει</span> <span class='ocrx_word' id='word_1_531' title='bbox 3030 2701 3086 2754; x_wconf 81' lang='grc' dir='ltr'>δὲ</span> <span class='ocrx_word' id='word_1_532' title='bbox 3119 2704 3210 2753; x_wconf 72' lang='grc' dir='ltr'><strong>καῖ</strong></span> <span class='ocrx_word' id='word_1_533' title='bbox 3255 2701 3362 2754; x_wconf 89' lang='grc' dir='ltr'><strong>τῶν</strong></span> <span class='ocrx_word' id='word_1_534' title='bbox 3393 2702 3561 2755; x_wconf 88' lang='grc' dir='ltr'>πάλαι</span> <span class='ocrx_word' id='word_1_535' title='bbox 3583 2702 3871 2772; x_wconf 80' lang='grc' dir='ltr'>τολμηθει-</span> 
     </span>
    </p>
   </div>
   <div class='ocr_carea' id='block_1_74' title="bbox 2301 2790 3874 2862">
    <p class='ocr_par' dir='ltr' id='par_1_74' title="bbox 2301 2790 3874 2862">
     <span class='ocr_line' id='line_1_74' title="bbox 2301 2790 3874 2862; baseline 0.001 -19"><span class='ocrx_word' id='word_1_536' title='bbox 2301 2791 2409 2844; x_wconf 89' lang='grc' dir='ltr'><strong>σῶν</strong></span> <span class='ocrx_word' id='word_1_537' title='bbox 2445 2790 2822 2862; x_wconf 75' lang='grc' dir='ltr'>ἀνδροφονιῶψ</span> <span class='ocrx_word' id='word_1_538' title='bbox 2870 2810 2888 2841; x_wconf 81' lang='grc' dir='ltr'><strong>ι</strong></span> <span class='ocrx_word' id='word_1_539' title='bbox 2925 2791 3142 2844; x_wconf 85' lang='grc' dir='ltr'>Ἐθύετο</span> <span class='ocrx_word' id='word_1_540' title='bbox 3191 2791 3320 2861; x_wconf 79' lang='grc' dir='ltr'>γάρ,</span> <span class='ocrx_word' id='word_1_541' title='bbox 3363 2794 3550 2861; x_wconf 65' lang='grc' dir='ltr'>φησιν,</span> <span class='ocrx_word' id='word_1_542' title='bbox 3593 2793 3653 2843; x_wconf 82' lang='grc' dir='ltr'><strong>έν</strong></span> <span class='ocrx_word' id='word_1_543' title='bbox 3717 2791 3874 2862; x_wconf 67' lang='grc' dir='ltr'>Ῥόδῳ</span> 
     </span>
    </p>
   </div>
   <div class='ocr_carea' id='block_1_75' title="bbox 2299 2861 3874 2951">
    <p class='ocr_par' dir='ltr' id='par_1_75' title="bbox 2299 2861 3874 2951">
     <span class='ocr_line' id='line_1_75' title="bbox 2299 2861 3874 2951; baseline 0 -18"><span class='ocrx_word' id='word_1_544' title='bbox 2299 2861 2765 2947; x_wconf 78' lang='grc' dir='ltr'>Μεταγειτνιῶνος</span> <span class='ocrx_word' id='word_1_545' title='bbox 2793 2879 2836 2912; x_wconf 74' lang='grc'>⁸⁸</span> <span class='ocrx_word' id='word_1_546' title='bbox 2871 2880 3003 2950; x_wconf 77' lang='grc' dir='ltr'>ἕκτῃ</span> <span class='ocrx_word' id='word_1_547' title='bbox 3027 2881 3070 2912; x_wconf 77' lang='grc'><strong>⁸⁸</strong></span> <span class='ocrx_word' id='word_1_548' title='bbox 3107 2881 3394 2948; x_wconf 83' lang='grc' dir='ltr'>ἱσταμένου</span> <span class='ocrx_word' id='word_1_549' title='bbox 3457 2880 3748 2951; x_wconf 75' lang='grc' dir='ltr'>ἄνθρωπος</span> <span class='ocrx_word' id='word_1_550' title='bbox 3803 2861 3874 2950; x_wconf 79' lang='grc' dir='ltr'><strong>τῷ</strong></span> 
     </span>
    </p>
   </div>
   <div class='ocr_carea' id='block_1_76' title="bbox 2302 2971 3871 3044">
    <p class='ocr_par' dir='ltr' id='par_1_76' title="bbox 2302 2971 3871 3044">
     <span class='ocr_line' id='line_1_76' title="bbox 2302 2971 3871 3044; baseline 0.001 -19"><span class='ocrx_word' id='word_1_551' title='bbox 2302 2974 2516 3042; x_wconf 83' lang='grc' dir='ltr'>Κρόνῳ.</span> <span class='ocrx_word' id='word_1_552' title='bbox 2548 2974 2612 3024; x_wconf 91' lang='grc' dir='ltr'><strong>Ὃ</strong></span> <span class='ocrx_word' id='word_1_553' title='bbox 2642 2973 2704 3043; x_wconf 85' lang='grc' dir='ltr'>δὴ</span> <span class='ocrx_word' id='word_1_554' title='bbox 2733 2973 2960 3025; x_wconf 74' lang='grc' dir='ltr'>ἐπιπολὺ</span> <span class='ocrx_word' id='word_1_555' title='bbox 2985 2972 3264 3042; x_wconf 80' lang='grc' dir='ltr'>κρατῆσαν</span> <span class='ocrx_word' id='word_1_556' title='bbox 3294 2973 3372 3034; x_wconf 85' lang='grc' dir='ltr'><strong>είς</strong></span> <span class='ocrx_word' id='word_1_557' title='bbox 3400 2971 3517 3034; x_wconf 73' lang='grc' dir='ltr'>ἔθος</span> <span class='ocrx_word' id='word_1_558' title='bbox 3551 2973 3871 3044; x_wconf 72' lang='grc' dir='ltr'>μετεϐλήθη.</span> 
     </span>
    </p>
   </div>
   <div class='ocr_carea' id='block_1_77' title="bbox 2305 3059 3875 3132">
    <p class='ocr_par' dir='ltr' id='par_1_77' title="bbox 2305 3059 3875 3132">
     <span class='ocr_line' id='line_1_77' title="bbox 2305 3059 3875 3132; baseline 0.002 -19"><span class='ocrx_word' id='word_1_559' title='bbox 2305 3062 2442 3114; x_wconf 83' lang='grc' dir='ltr'>Ἕνα</span> <span class='ocrx_word' id='word_1_560' title='bbox 2478 3059 2590 3130; x_wconf 21' lang='grc' dir='ltr'>γὰρ,</span> <span class='ocrx_word' id='word_1_561' title='bbox 2623 3063 2732 3114; x_wconf 87' lang='grc' dir='ltr'><strong>τῶν</strong></span> <span class='ocrx_word' id='word_1_562' title='bbox 2771 3062 2863 3114; x_wconf 66' lang='grc' dir='ltr'>ἐπὶ.</span> <span class='ocrx_word' id='word_1_563' title='bbox 2897 3061 3113 3130; x_wconf 85' lang='grc' dir='ltr'>θανάτῳ</span> <span class='ocrx_word' id='word_1_564' title='bbox 3165 3061 3401 3132; x_wconf 72' lang='grc' dir='ltr'>δημοσίᾳ</span> <span class='ocrx_word' id='word_1_565' title='bbox 3439 3064 3875 3132; x_wconf 79' lang='grc' dir='ltr'>κατακριθέντων</span> 
     </span>
    </p>
   </div>
   <div class='ocr_carea' id='block_1_78' title="bbox 2304 3147 3876 3220">
    <p class='ocr_par' dir='ltr' id='par_1_78' title="bbox 2304 3147 3876 3220">
     <span class='ocr_line' id='line_1_78' title="bbox 2304 3147 3876 3220; baseline 0.003 -18"><span class='ocrx_word' id='word_1_566' title='bbox 2304 3151 2463 3220; x_wconf 82' lang='grc' dir='ltr'>μέχρι</span> <span class='ocrx_word' id='word_1_567' title='bbox 2486 3151 2592 3203; x_wconf 91' lang='grc' dir='ltr'><strong>τῶν</strong></span> <span class='ocrx_word' id='word_1_568' title='bbox 2628 3152 2874 3219; x_wconf 85' lang='grc' dir='ltr'>Κρονίων</span> <span class='ocrx_word' id='word_1_569' title='bbox 2907 3153 3168 3220; x_wconf 87' lang='grc' dir='ltr'>συνεῖχον.</span> <span class='ocrx_word' id='word_1_570' title='bbox 3203 3171 3219 3200; x_wconf 75' lang='grc' dir='ltr'><strong>ι</strong></span> <span class='ocrx_word' id='word_1_571' title='bbox 3259 3147 3389 3204; x_wconf 76' lang='grc' dir='ltr'>Εἶτα</span> <span class='ocrx_word' id='word_1_572' title='bbox 3415 3152 3563 3216; x_wconf 86' lang='grc' dir='ltr'>λέγει</span> <span class='ocrx_word' id='word_1_573' title='bbox 3590 3153 3668 3215; x_wconf 88' lang='grc' dir='ltr'>ὠς</span> <span class='ocrx_word' id='word_1_574' title='bbox 3699 3155 3794 3206; x_wconf 69' lang='grc' dir='ltr'>καὶ</span> <span class='ocrx_word' id='word_1_575' title='bbox 3825 3155 3876 3205; x_wconf 79' lang='grc' dir='ltr'>ἐν</span> 
     </span>
    </p>
   </div>
   <div class='ocr_carea' id='block_1_79' title="bbox 2302 3239 3878 3313">
    <p class='ocr_par' dir='ltr' id='par_1_79' title="bbox 2302 3239 3878 3313">
     <span class='ocr_line' id='line_1_79' title="bbox 2302 3239 3878 3313; baseline 0.001 -21"><span class='ocrx_word' id='word_1_576' title='bbox 2302 3241 2562 3308; x_wconf 84' lang='grc' dir='ltr'>Σαλαμῖνι</span> <span class='ocrx_word' id='word_1_577' title='bbox 2591 3239 2687 3309; x_wconf 81' lang='grc' dir='ltr'>τῆς</span> <span class='ocrx_word' id='word_1_578' title='bbox 2720 3240 2943 3310; x_wconf 81' lang='grc' dir='ltr'>Κύπρου</span> <span class='ocrx_word' id='word_1_579' title='bbox 2975 3241 3261 3310; x_wconf 81' lang='grc' dir='ltr'>ἄνθρωπος</span> <span class='ocrx_word' id='word_1_580' title='bbox 3289 3240 3474 3293; x_wconf 79' lang='grc' dir='ltr'>ἐθύετο</span> <span class='ocrx_word' id='word_1_581' title='bbox 3501 3244 3567 3310; x_wconf 82' lang='grc' dir='ltr'><strong>τῇ</strong></span> <span class='ocrx_word' id='word_1_582' title='bbox 3599 3243 3878 3313; x_wconf 79' lang='grc' dir='ltr'>Ἀγραύλφ</span> 
     </span>
    </p>
   </div>
   <div class='ocr_carea' id='block_1_80' title="bbox 2301 3330 3876 3402">
    <p class='ocr_par' dir='ltr' id='par_1_80' title="bbox 2301 3330 3876 3402">
     <span class='ocr_line' id='line_1_80' title="bbox 2301 3330 3876 3402; baseline 0.002 -18"><span class='ocrx_word' id='word_1_583' title='bbox 2301 3334 2366 3402; x_wconf 83' lang='grc' dir='ltr'>τῇ</span> <span class='ocrx_word' id='word_1_584' title='bbox 2398 3331 2697 3402; x_wconf 87' lang='grc' dir='ltr'>Κέκροπος,</span> <span class='ocrx_word' id='word_1_585' title='bbox 2729 3333 2820 3384; x_wconf 81' lang='grc' dir='ltr'>καὶ</span> <span class='ocrx_word' id='word_1_586' title='bbox 2846 3334 2902 3383; x_wconf 84' lang='grc' dir='ltr'>ὲν</span> <span class='ocrx_word' id='word_1_587' title='bbox 2932 3331 3269 3383; x_wconf 78' lang='grc' dir='ltr'>Ἡλιουπόλει</span> <span class='ocrx_word' id='word_1_588' title='bbox 3295 3330 3440 3402; x_wconf 75' lang='grc'><strong>[109]</strong></span> <span class='ocrx_word' id='word_1_589' title='bbox 3478 3331 3577 3400; x_wconf 81' lang='grc' dir='ltr'>τῆς</span> <span class='ocrx_word' id='word_1_590' title='bbox 3602 3334 3876 3400; x_wconf 77' lang='grc' dir='ltr'>Αἰγύπτου</span> 
     </span>
    </p>
   </div>
   <div class='ocr_carea' id='block_1_81' title="bbox 2303 3421 3874 3495">
    <p class='ocr_par' dir='ltr' id='par_1_81' title="bbox 2303 3421 3874 3495">
     <span class='ocr_line' id='line_1_81' title="bbox 2303 3421 3874 3495; baseline -0.001 -18"><span class='ocrx_word' id='word_1_591' title='bbox 2303 3422 2578 3491; x_wconf 77' lang='grc' dir='ltr'>ἄνθρωποι</span> <span class='ocrx_word' id='word_1_592' title='bbox 2614 3422 3018 3490; x_wconf 77' lang='grc' dir='ltr'>κατεσφάζοντο</span> <span class='ocrx_word' id='word_1_593' title='bbox 3039 3423 3188 3492; x_wconf 85' lang='grc' dir='ltr'>τρεῖς</span> <span class='ocrx_word' id='word_1_594' title='bbox 3217 3421 3338 3475; x_wconf 86' lang='grc' dir='ltr'>καθ’</span> <span class='ocrx_word' id='word_1_595' title='bbox 3377 3423 3616 3491; x_wconf 81' lang='grc' dir='ltr'>ἑκάστην</span> <span class='ocrx_word' id='word_1_596' title='bbox 3643 3425 3874 3495; x_wconf 76' lang='grc' dir='ltr'>ἡμέραν.</span> 
     </span>
    </p>
   </div>
   <div class='ocr_carea' id='block_1_82' title="bbox 2303 3509 3878 3580">
    <p class='ocr_par' dir='ltr' id='par_1_82' title="bbox 2303 3509 3878 3580">
     <span class='ocr_line' id='line_1_82' title="bbox 2303 3509 3878 3580; baseline 0.001 -17"><span class='ocrx_word' id='word_1_597' title='bbox 2303 3512 2415 3563; x_wconf 75' lang='grc' dir='ltr'>Καὶ</span> <span class='ocrx_word' id='word_1_598' title='bbox 2463 3511 2922 3579; x_wconf 83' lang='grc' dir='ltr'>Λακεδαιμονίους</span> <span class='ocrx_word' id='word_1_599' title='bbox 2959 3509 3018 3562; x_wconf 84' lang='grc' dir='ltr'><strong>δέ</strong></span> <span class='ocrx_word' id='word_1_600' title='bbox 3053 3527 3185 3576; x_wconf 69' lang='grc' dir='ltr'>φασι</span> <span class='ocrx_word' id='word_1_601' title='bbox 3223 3511 3268 3541; x_wconf 80' lang='grc'>⁷⁸</span> <span class='ocrx_word' id='word_1_602' title='bbox 3300 3510 3379 3579; x_wconf 82' lang='grc' dir='ltr'>τῷ</span> <span class='ocrx_word' id='word_1_603' title='bbox 3412 3512 3566 3580; x_wconf 80' lang='grc' dir='ltr'>Ἀρει</span> <span class='ocrx_word' id='word_1_604' title='bbox 3599 3512 3748 3565; x_wconf 83' lang='grc' dir='ltr'>θύειν</span> <span class='ocrx_word' id='word_1_605' title='bbox 3789 3515 3878 3569; x_wconf 77' lang='grc' dir='ltr'>ἀν-</span> 
     </span>
    </p>
   </div>
   <div class='ocr_carea' id='block_1_83' title="bbox 2306 3599 3881 3674">
    <p class='ocr_par' dir='ltr' id='par_1_83' title="bbox 2306 3599 3881 3674">
     <span class='ocr_line' id='line_1_83' title="bbox 2306 3599 3881 3674; baseline 0.003 -22"><span class='ocrx_word' id='word_1_606' title='bbox 2306 3599 2544 3670; x_wconf 86' lang='grc' dir='ltr'>θρωπον,</span> <span class='ocrx_word' id='word_1_607' title='bbox 2567 3600 2659 3651; x_wconf 79' lang='grc' dir='ltr'>καὶ</span> <span class='ocrx_word' id='word_1_608' title='bbox 2686 3601 2744 3651; x_wconf 83' lang='grc' dir='ltr'>ὲν</span> <span class='ocrx_word' id='word_1_609' title='bbox 2766 3600 3054 3669; x_wconf 77' lang='grc' dir='ltr'>Λαοδικείᾳ</span> <span class='ocrx_word' id='word_1_610' title='bbox 3078 3600 3134 3652; x_wconf 77' lang='grc' dir='ltr'>δὲ</span> <span class='ocrx_word' id='word_1_611' title='bbox 3156 3600 3256 3668; x_wconf 81' lang='grc' dir='ltr'>τῆς</span> <span class='ocrx_word' id='word_1_612' title='bbox 3285 3599 3506 3670; x_wconf 85' lang='grc' dir='ltr'>Συρίας,</span> <span class='ocrx_word' id='word_1_613' title='bbox 3536 3601 3631 3654; x_wconf 77' lang='grc' dir='ltr'>καὶ</span> <span class='ocrx_word' id='word_1_614' title='bbox 3652 3604 3711 3656; x_wconf 83' lang='grc' dir='ltr'><strong>έν</strong></span> <span class='ocrx_word' id='word_1_615' title='bbox 3742 3604 3881 3674; x_wconf 79' lang='grc' dir='ltr'>Καρ-</span> 
     </span>
    </p>
   </div>
   <div class='ocr_carea' id='block_1_84' title="bbox 2305 3688 3877 3769">
    <p class='ocr_par' dir='ltr' id='par_1_84' title="bbox 2305 3688 3877 3769">
     <span class='ocr_line' id='line_1_84' title="bbox 2305 3688 3877 3769; baseline 0 -26"><span class='ocrx_word' id='word_1_616' title='bbox 2305 3690 2486 3760; x_wconf 86' lang='grc' dir='ltr'>χηδόνι</span> <span class='ocrx_word' id='word_1_617' title='bbox 2519 3690 2618 3759; x_wconf 82' lang='grc' dir='ltr'>τῆς</span> <span class='ocrx_word' id='word_1_618' title='bbox 2648 3688 2850 3759; x_wconf 71' lang='grc' dir='ltr'>Λιϐύης</span> <span class='ocrx_word' id='word_1_619' title='bbox 2899 3690 3149 3754; x_wconf 87' lang='grc' dir='ltr'>τοιαύτας</span> <span class='ocrx_word' id='word_1_620' title='bbox 3199 3690 3365 3744; x_wconf 77' lang='grc' dir='ltr'>πάλαι</span> <span class='ocrx_word' id='word_1_621' title='bbox 3399 3692 3443 3723; x_wconf 76' lang='grc'><strong>⁷⁸</strong></span> <span class='ocrx_word' id='word_1_622' title='bbox 3475 3691 3668 3758; x_wconf 86' lang='grc' dir='ltr'>θυσίας</span> <span class='ocrx_word' id='word_1_623' title='bbox 3716 3714 3877 3769; x_wconf 75' lang='grc' dir='ltr'>προσ-</span> 
     </span>
    </p>
   </div>
   <div class='ocr_carea' id='block_1_85' title="bbox 2304 3779 3878 3850">
    <p class='ocr_par' dir='ltr' id='par_1_85' title="bbox 2304 3779 3878 3850">
     <span class='ocr_line' id='line_1_85' title="bbox 2304 3779 3878 3850; baseline 0.004 -18"><span class='ocrx_word' id='word_1_624' title='bbox 2304 3780 2607 3850; x_wconf 82' lang='grc' dir='ltr'>ενεχθῆναι,</span> <span class='ocrx_word' id='word_1_625' title='bbox 2654 3779 2747 3832; x_wconf 77' lang='grc' dir='ltr'>καὶ</span> <span class='ocrx_word' id='word_1_626' title='bbox 2786 3781 2914 3841; x_wconf 76' lang='grc' dir='ltr'>τοὺς</span> <span class='ocrx_word' id='word_1_627' title='bbox 2941 3781 3209 3850; x_wconf 78' lang='grc' dir='ltr'>Ἕλληνας</span> <span class='ocrx_word' id='word_1_628' title='bbox 3257 3782 3339 3844; x_wconf 87' lang='grc' dir='ltr'><strong>είς</strong></span> <span class='ocrx_word' id='word_1_629' title='bbox 3375 3782 3612 3849; x_wconf 84' lang='grc' dir='ltr'>πόλεμον</span> <span class='ocrx_word' id='word_1_630' title='bbox 3640 3784 3878 3849; x_wconf 69' lang='grc' dir='ltr'>ἐξιόντας</span> 
     </span>
    </p>
   </div>
   <div class='ocr_carea' id='block_1_86' title="bbox 2303 3870 3875 3942">
    <p class='ocr_par' dir='ltr' id='par_1_86' title="bbox 2303 3870 3875 3942">
     <span class='ocr_line' id='line_1_86' title="bbox 2303 3870 3875 3942; baseline 0.001 -17"><span class='ocrx_word' id='word_1_631' title='bbox 2303 3870 2399 3925; x_wconf 89' lang='grc' dir='ltr'><strong>ἀνθ</strong></span> <span class='ocrx_word' id='word_1_632' title='bbox 2409 3870 2764 3942; x_wconf 90' lang='grc' dir='ltr'>ρωποθυτεῖν,</span> <span class='ocrx_word' id='word_1_633' title='bbox 2801 3871 2893 3923; x_wconf 75' lang='grc' dir='ltr'>καὶ</span> <span class='ocrx_word' id='word_1_634' title='bbox 2920 3871 3051 3924; x_wconf 85' lang='grc' dir='ltr'>ἀλλα</span> <span class='ocrx_word' id='word_1_635' title='bbox 3074 3873 3129 3924; x_wconf 82' lang='grc' dir='ltr'>δὲ</span> <span class='ocrx_word' id='word_1_636' title='bbox 3154 3873 3447 3941; x_wconf 85' lang='grc' dir='ltr'>πάμπολλα</span> <span class='ocrx_word' id='word_1_637' title='bbox 3471 3875 3697 3929; x_wconf 82' lang='grc' dir='ltr'>τοιαῦτα</span> <span class='ocrx_word' id='word_1_638' title='bbox 3729 3879 3775 3910; x_wconf 73' lang='grc' dir='ltr'><strong>τ’</strong></span> <span class='ocrx_word' id='word_1_639' title='bbox 3802 3879 3875 3931; x_wconf 88' lang='grc' dir='ltr'>δι-</span> 
     </span>
    </p>
   </div>
   <div class='ocr_carea' id='block_1_87' title="bbox 2304 3958 3874 4032">
    <p class='ocr_par' dir='ltr' id='par_1_87' title="bbox 2304 3958 3874 4032">
     <span class='ocr_line' id='line_1_87' title="bbox 2304 3958 3874 4032; baseline -0.006 -20"><span class='ocrx_word' id='word_1_640' title='bbox 2304 3959 2491 4024; x_wconf 81' lang='grc' dir='ltr'>έξεισι.</span> <span class='ocrx_word' id='word_1_641' title='bbox 2523 3958 2633 4012; x_wconf 79' lang='lat' dir='ltr'><strong>Kal</strong></span> <span class='ocrx_word' id='word_1_642' title='bbox 2654 3958 2825 4011; x_wconf 79' lang='grc' dir='ltr'>Φίλων</span> <span class='ocrx_word' id='word_1_643' title='bbox 2855 3958 2910 4010; x_wconf 78' lang='grc' dir='ltr'>δέ,</span> <span class='ocrx_word' id='word_1_644' title='bbox 2930 3975 2991 4019; x_wconf 79' lang='grc' dir='ltr'><strong>γε</strong></span> <span class='ocrx_word' id='word_1_645' title='bbox 3018 3959 3048 4011; x_wconf 79' lang='grc' dir='ltr'>ὁ</span> <span class='ocrx_word' id='word_1_646' title='bbox 3079 3959 3492 4028; x_wconf 78' lang='grc' dir='ltr'>ἱστοριογράφος</span> <span class='ocrx_word' id='word_1_647' title='bbox 3513 3963 3701 4030; x_wconf 71' lang='grc' dir='ltr'>φησιν,</span> <span class='ocrx_word' id='word_1_648' title='bbox 3733 3963 3874 4032; x_wconf 81' lang='grc' dir='ltr'>Ἀρι-</span> 
     </span>
    </p>
   </div>
   <div class='ocr_carea' id='block_1_88' title="bbox 2307 4049 3876 4122">
    <p class='ocr_par' dir='ltr' id='par_1_88' title="bbox 2307 4049 3876 4122">
     <span class='ocr_line' id='line_1_88' title="bbox 2307 4049 3876 4122; baseline 0.003 -20"><span class='ocrx_word' id='word_1_649' title='bbox 2307 4049 2540 4119; x_wconf 70' lang='grc' dir='ltr'>σειομένη</span> <span class='ocrx_word' id='word_1_650' title='bbox 2562 4049 2653 4103; x_wconf 83' lang='grc' dir='ltr'>τὸν</span> <span class='ocrx_word' id='word_1_651' title='bbox 2669 4051 2976 4119; x_wconf 82' lang='grc' dir='ltr'>Μεσσήνιον</span> <span class='ocrx_word' id='word_1_652' title='bbox 2995 4050 3040 4081; x_wconf 88' lang='grc'><strong>⁷³</strong></span> <span class='ocrx_word' id='word_1_653' title='bbox 3057 4049 3135 4119; x_wconf 84' lang='grc' dir='ltr'>τῷ</span> <span class='ocrx_word' id='word_1_654' title='bbox 3149 4051 3420 4122; x_wconf 78' lang='grc' dir='ltr'>ἰοωμήτῃ</span> <span class='ocrx_word' id='word_1_655' title='bbox 3440 4051 3876 4122; x_wconf 79' lang='grc' dir='ltr'>Διὶτριακοσίους</span> 
     </span>
    </p>
   </div>
   <div class='ocr_carea' id='block_1_89' title="bbox 2302 4140 3875 4212">
    <p class='ocr_par' dir='ltr' id='par_1_89' title="bbox 2302 4140 3875 4212">
     <span class='ocr_line' id='line_1_89' title="bbox 2302 4140 3875 4212; baseline 0.003 -18"><span class='ocrx_word' id='word_1_656' title='bbox 2302 4141 2637 4211; x_wconf 78' lang='grc' dir='ltr'>ἀποσφάξαι.</span> <span class='ocrx_word' id='word_1_657' title='bbox 2670 4140 2783 4194; x_wconf 81' lang='lat' dir='ltr'><strong>Kal</strong></span> <span class='ocrx_word' id='word_1_658' title='bbox 2838 4142 2867 4194; x_wconf 87' lang='grc' dir='ltr'>ὁ</span> <span class='ocrx_word' id='word_1_659' title='bbox 2914 4140 3261 4212; x_wconf 81' lang='grc' dir='ltr'>Πλούταρχος</span> <span class='ocrx_word' id='word_1_660' title='bbox 3308 4142 3364 4194; x_wconf 81' lang='grc' dir='ltr'>δὲ</span> <span class='ocrx_word' id='word_1_661' title='bbox 3423 4143 3632 4212; x_wconf 80' lang='grc' dir='ltr'>ξυνῳδά</span> <span class='ocrx_word' id='word_1_662' title='bbox 3673 4145 3875 4208; x_wconf 83' lang='grc' dir='ltr'>τούτοις</span> 
     </span>
    </p>
   </div>
   <div class='ocr_carea' id='block_1_90' title="bbox 2307 4230 3876 4303">
    <p class='ocr_par' dir='ltr' id='par_1_90' title="bbox 2307 4230 3876 4303">
     <span class='ocr_line' id='line_1_90' title="bbox 2307 4230 3876 4303; baseline 0.004 -19"><span class='ocrx_word' id='word_1_663' title='bbox 2307 4232 2580 4303; x_wconf 75' lang='grc' dir='ltr'>ἱστόρησε·</span> <span class='ocrx_word' id='word_1_664' title='bbox 2622 4231 2716 4284; x_wconf 75' lang='grc' dir='ltr'>καὶ</span> <span class='ocrx_word' id='word_1_665' title='bbox 2761 4231 2939 4303; x_wconf 75' lang='grc' dir='ltr'>ἕτεροι</span> <span class='ocrx_word' id='word_1_666' title='bbox 2972 4231 3020 4262; x_wconf 67' lang='grc'>⁷⁸</span> <span class='ocrx_word' id='word_1_667' title='bbox 3051 4230 3384 4301; x_wconf 76' lang='grc' dir='ltr'>ξυγγραφεῖς</span> <span class='ocrx_word' id='word_1_668' title='bbox 3433 4233 3602 4286; x_wconf 84' lang='grc' dir='ltr'>πολλά</span> <span class='ocrx_word' id='word_1_669' title='bbox 3658 4235 3876 4290; x_wconf 78' lang='grc' dir='ltr'>τοιαῦτα</span> 
     </span>
    </p>
   </div>
   <div class='ocr_carea' id='block_1_91' title="bbox 2305 4321 3874 4396">
    <p class='ocr_par' dir='ltr' id='par_1_91' title="bbox 2305 4321 3874 4396">
     <span class='ocr_line' id='line_1_91' title="bbox 2305 4321 3874 4396; baseline 0.001 -20"><span class='ocrx_word' id='word_1_670' title='bbox 2305 4321 2668 4395; x_wconf 78' lang='grc' dir='ltr'>ξυνέγραψαν·</span> <span class='ocrx_word' id='word_1_671' title='bbox 2699 4321 2791 4376; x_wconf 73' lang='grc' dir='ltr'>καὶ</span> <span class='ocrx_word' id='word_1_672' title='bbox 2816 4323 3236 4394; x_wconf 74' lang='grc' dir='ltr'>τραγῳδιοποιοὶ</span> <span class='ocrx_word' id='word_1_673' title='bbox 3265 4324 3311 4354; x_wconf 80' lang='grc'><strong>⁷⁸</strong></span> <span class='ocrx_word' id='word_1_674' title='bbox 3344 4325 3556 4377; x_wconf 81' lang='grc' dir='ltr'>τοιάσδε</span> <span class='ocrx_word' id='word_1_675' title='bbox 3600 4322 3874 4396; x_wconf 76' lang='grc' dir='ltr'>ξυμφορὰς</span> 
     </span>
    </p>
   </div>
   <div class='ocr_carea' id='block_1_92' title="bbox 609 4411 2197 4508">
    <p class='ocr_par' dir='ltr' id='par_1_92' title="bbox 609 4411 2196 4485">
     <span class='ocr_line' id='line_1_92' title="bbox 609 4411 2196 4485; baseline -0.002 -14"><span class='ocrx_word' id='word_1_676' title='bbox 609 4417 823 4485; x_wconf 78' lang='lat' dir='ltr'><strong>aliique</strong></span> <span class='ocrx_word' id='word_1_677' title='bbox 870 4415 1184 4484; x_wconf 83' lang='lat' dir='ltr'><strong>complures</strong></span> <span class='ocrx_word' id='word_1_678' title='bbox 1231 4411 1480 4466; x_wconf 75' lang='lat' dir='ltr'><strong>historici</strong></span> <span class='ocrx_word' id='word_1_679' title='bbox 1526 4412 1657 4466; x_wconf 89' lang='lat' dir='ltr'><strong>talia</strong></span> <span class='ocrx_word' id='word_1_680' title='bbox 1701 4413 1872 4468; x_wconf 87' lang='lat' dir='ltr'><strong>multa</strong></span> <span class='ocrx_word' id='word_1_681' title='bbox 1913 4413 2196 4468; x_wconf 62' lang='lat' dir='ltr'><strong>memoriae</strong></span> 
     </span>
    </p>
   </div>
   <div class='ocr_carea' id='block_1_93' title="bbox 2302 4411 3874 4508">
    <p class='ocr_par' dir='ltr' id='par_1_93' title="bbox 2305 4413 3874 4484">
     <span class='ocr_line' id='line_1_93' title="bbox 2305 4413 3874 4484; baseline 0.001 -17"><span class='ocrx_word' id='word_1_682' title='bbox 2305 4413 2706 4482; x_wconf 78' lang='grc' dir='ltr'>ὲτραγῴδησαν,</span> <span class='ocrx_word' id='word_1_683' title='bbox 2741 4413 3055 4477; x_wconf 85' lang='grc' dir='ltr'>Μενοικέως</span> <span class='ocrx_word' id='word_1_684' title='bbox 3089 4413 3188 4484; x_wconf 84' lang='grc' dir='ltr'>μὲν</span> <span class='ocrx_word' id='word_1_685' title='bbox 3235 4414 3293 4466; x_wconf 80' lang='grc' dir='ltr'>ὲν</span> <span class='ocrx_word' id='word_1_686' title='bbox 3323 4413 3550 4484; x_wconf 75' lang='grc' dir='ltr'>Θήϐαις,</span> <span class='ocrx_word' id='word_1_687' title='bbox 3582 4416 3794 4481; x_wconf 81' lang='grc' dir='ltr'>Κόδρου</span> <span class='ocrx_word' id='word_1_688' title='bbox 3824 4414 3874 4467; x_wconf 67' lang='grc' dir='ltr'>δὲ</span> 
     </span>
    </p>
   </div>
   <div class='ocr_carea' id='block_1_94' title="bbox 619 4500 2197 4577">
    <p class='ocr_par' dir='ltr' id='par_1_94' title="bbox 619 4504 2197 4577">
     <span class='ocr_line' id='line_1_94' title="bbox 619 4504 2197 4577; baseline -0.001 -17"><span class='ocrx_word' id='word_1_689' title='bbox 619 4506 984 4577; x_wconf 81' lang='lat' dir='ltr'><strong>prodiderunt</strong></span> <span class='ocrx_word' id='word_1_690' title='bbox 1028 4522 1044 4558; x_wconf 76' lang='grc' dir='ltr'><strong>τ</strong></span> <span class='ocrx_word' id='word_1_691' title='bbox 1089 4504 1224 4573; x_wconf 88' lang='lat' dir='ltr'><strong>quin</strong></span> <span class='ocrx_word' id='word_1_692' title='bbox 1287 4512 1344 4556; x_wconf 88' lang='lat' dir='ltr'><strong>et</strong></span> <span class='ocrx_word' id='word_1_693' title='bbox 1406 4504 1596 4574; x_wconf 86' lang='lat' dir='ltr'><strong>tragici</strong></span> <span class='ocrx_word' id='word_1_694' title='bbox 1653 4512 1830 4573; x_wconf 70' lang='lat' dir='ltr'><strong>poeta:</strong></span> <span class='ocrx_word' id='word_1_695' title='bbox 1883 4504 2197 4575; x_wconf 86' lang='lat' dir='ltr'><strong>hujusmodi</strong></span> 
     </span>
    </p>
   </div>
   <div class='ocr_carea' id='block_1_95' title="bbox 2302 4500 3877 4577">
    <p class='ocr_par' dir='ltr' id='par_1_95' title="bbox 2304 4500 3877 4576">
     <span class='ocr_line' id='line_1_95' title="bbox 2304 4500 3877 4576; baseline 0.001 -21"><span class='ocrx_word' id='word_1_696' title='bbox 2304 4503 2362 4555; x_wconf 85' lang='grc' dir='ltr'><strong>έν</strong></span> <span class='ocrx_word' id='word_1_697' title='bbox 2399 4501 2673 4572; x_wconf 84' lang='grc' dir='ltr'>Ἀθήναις,</span> <span class='ocrx_word' id='word_1_698' title='bbox 2725 4501 2818 4554; x_wconf 80' lang='grc' dir='ltr'>καὶ</span> <span class='ocrx_word' id='word_1_699' title='bbox 2867 4501 2975 4556; x_wconf 84' lang='grc' dir='ltr'><strong>τῶν</strong></span> <span class='ocrx_word' id='word_1_700' title='bbox 3004 4500 3124 4554; x_wconf 86' lang='grc' dir='ltr'><strong>Λεὼ</strong></span> <span class='ocrx_word' id='word_1_701' title='bbox 3171 4501 3509 4576; x_wconf 64' lang='grc' dir='ltr'>θυγατέρων.</span> <span class='ocrx_word' id='word_1_702' title='bbox 3557 4504 3667 4555; x_wconf 85' lang='lat' dir='ltr'><strong>Kal</strong></span> <span class='ocrx_word' id='word_1_703' title='bbox 3707 4505 3877 4575; x_wconf 70' lang='grc' dir='ltr'>ῥᾴδιον</span> 
     </span>
    </p>
   </div>
   <div class='ocr_carea' id='block_1_96' title="bbox 623 4593 2204 4663">
    <p class='ocr_par' dir='ltr' id='par_1_96' title="bbox 623 4593 2204 4663">
     <span class='ocr_line' id='line_1_96' title="bbox 623 4593 2204 4663; baseline -0.001 -13"><span class='ocrx_word' id='word_1_704' title='bbox 623 4598 799 4651; x_wconf 82' lang='lat' dir='ltr'><strong>caedes</strong></span> <span class='ocrx_word' id='word_1_705' title='bbox 825 4597 1207 4658; x_wconf 82' lang='lat' dir='ltr'><strong>decantarunt,</strong></span> <span class='ocrx_word' id='word_1_706' title='bbox 1228 4593 1488 4649; x_wconf 71' lang='lat' dir='ltr'><strong>Menmcei</strong></span> <span class='ocrx_word' id='word_1_707' title='bbox 1518 4593 1664 4663; x_wconf 92' lang='lat' dir='ltr'><strong>apud</strong></span> <span class='ocrx_word' id='word_1_708' title='bbox 1688 4594 2006 4660; x_wconf 81' lang='lat' dir='ltr'><strong>Thebanos,</strong></span> <span class='ocrx_word' id='word_1_709' title='bbox 2035 4594 2204 4650; x_wconf 92' lang='lat' dir='ltr'><strong>Codri</strong></span> 
     </span>
    </p>
   </div>
   <div class='ocr_carea' id='block_1_97' title="bbox 621 4683 2204 4742">
    <p class='ocr_par' dir='ltr' id='par_1_97' title="bbox 621 4683 2204 4742">
     <span class='ocr_line' id='line_1_97' title="bbox 621 4683 2204 4742; baseline -0.003 0"><span class='ocrx_word' id='word_1_710' title='bbox 621 4700 688 4742; x_wconf 76' lang='lat' dir='ltr'><strong>ac</strong></span> <span class='ocrx_word' id='word_1_711' title='bbox 710 4685 802 4739; x_wconf 89' lang='lat' dir='ltr'><strong>Lei</strong></span> <span class='ocrx_word' id='word_1_712' title='bbox 846 4685 1081 4737; x_wconf 86' lang='lat' dir='ltr'><strong>ﬁliarum</strong></span> <span class='ocrx_word' id='word_1_713' title='bbox 1130 4683 1378 4736; x_wconf 77' lang='lat' dir='ltr'><strong>Athenis.</strong></span> <span class='ocrx_word' id='word_1_714' title='bbox 1431 4683 1615 4738; x_wconf 88' lang='lat' dir='ltr'><strong>Facile</strong></span> <span class='ocrx_word' id='word_1_715' title='bbox 1660 4693 1846 4738; x_wconf 88' lang='lat' dir='ltr'><strong>autem</strong></span> <span class='ocrx_word' id='word_1_716' title='bbox 1887 4693 1972 4739; x_wconf 90' lang='lat' dir='ltr'><strong>est</strong></span> <span class='ocrx_word' id='word_1_717' title='bbox 1994 4683 2204 4739; x_wconf 78' lang='lat' dir='ltr'><strong>volenti</strong></span> 
     </span>
    </p>
   </div>
   <div class='ocr_carea' id='block_1_98' title="bbox 627 4769 2206 4841">
    <p class='ocr_par' dir='ltr' id='par_1_98' title="bbox 627 4769 2206 4841">
     <span class='ocr_line' id='line_1_98' title="bbox 627 4769 2206 4841; baseline -0.001 -13"><span class='ocrx_word' id='word_1_718' title='bbox 627 4782 839 4828; x_wconf 85' lang='lat' dir='ltr'><strong>veteres</strong></span> <span class='ocrx_word' id='word_1_719' title='bbox 857 4771 1113 4825; x_wconf 90' lang='lat' dir='ltr'><strong>historias</strong></span> <span class='ocrx_word' id='word_1_720' title='bbox 1137 4769 1410 4834; x_wconf 87' lang='lat' dir='ltr'><strong>evolvere,</strong></span> <span class='ocrx_word' id='word_1_721' title='bbox 1433 4786 1497 4824; x_wconf 88' lang='lat' dir='ltr'><strong>ex</strong></span> <span class='ocrx_word' id='word_1_722' title='bbox 1520 4770 1697 4840; x_wconf 89' lang='lat' dir='ltr'><strong>iisque</strong></span> <span class='ocrx_word' id='word_1_723' title='bbox 1729 4786 2062 4841; x_wconf 86' lang='lat' dir='ltr'><strong>cognoscere</strong></span> <span class='ocrx_word' id='word_1_724' title='bbox 2091 4771 2206 4826; x_wconf 67' lang='lat' dir='ltr'><strong>haec</strong></span> 
     </span>
    </p>
   </div>
   <div class='ocr_carea' id='block_1_99' title="bbox 628 4861 2201 4930">
    <p class='ocr_par' dir='ltr' id='par_1_99' title="bbox 628 4861 2201 4930">
     <span class='ocr_line' id='line_1_99' title="bbox 628 4861 2201 4930; baseline 0 -12"><span class='ocrx_word' id='word_1_725' title='bbox 628 4865 857 4918; x_wconf 88' lang='lat' dir='ltr'><strong>deorum</strong></span> <span class='ocrx_word' id='word_1_726' title='bbox 895 4877 1032 4930; x_wconf 91' lang='lat' dir='ltr'><strong>quos</strong></span> <span class='ocrx_word' id='word_1_727' title='bbox 1059 4861 1327 4915; x_wconf 87' lang='lat' dir='ltr'><strong>vocabant</strong></span> <span class='ocrx_word' id='word_1_728' title='bbox 1355 4864 1510 4930; x_wconf 89' lang='lat' dir='ltr'><strong>jussu</strong></span> <span class='ocrx_word' id='word_1_729' title='bbox 1567 4861 1845 4915; x_wconf 86' lang='lat' dir='ltr'><strong>immolata</strong></span> <span class='ocrx_word' id='word_1_730' title='bbox 1889 4861 2080 4918; x_wconf 76' lang='lat' dir='ltr'><strong>fuisse.</strong></span> <span class='ocrx_word' id='word_1_731' title='bbox 2129 4863 2201 4918; x_wconf 79' lang='lat' dir='ltr'><strong>At</strong></span> 
     </span>
    </p>
   </div>
   <div class='ocr_carea' id='block_1_100' title="bbox 629 4951 2197 5022">
    <p class='ocr_par' dir='ltr' id='par_1_100' title="bbox 629 4951 2197 5022">
     <span class='ocr_line' id='line_1_100' title="bbox 629 4951 2197 5022; baseline 0.001 -16"><span class='ocrx_word' id='word_1_732' title='bbox 629 4953 817 5006; x_wconf 92' lang='lat' dir='ltr'><strong>mundi</strong></span> <span class='ocrx_word' id='word_1_733' title='bbox 849 4951 1113 5007; x_wconf 88' lang='lat' dir='ltr'><strong>Conditor</strong></span> <span class='ocrx_word' id='word_1_734' title='bbox 1139 4967 1201 5005; x_wconf 92' lang='lat' dir='ltr'><strong>ac</strong></span> <span class='ocrx_word' id='word_1_735' title='bbox 1225 4953 1491 5006; x_wconf 90' lang='lat' dir='ltr'><strong>Dominus</strong></span> <span class='ocrx_word' id='word_1_736' title='bbox 1522 4952 1662 5006; x_wconf 89' lang='lat' dir='ltr'><strong>hanc</strong></span> <span class='ocrx_word' id='word_1_737' title='bbox 1706 4953 2053 5022; x_wconf 87' lang='lat' dir='ltr'><strong>iniquitatem</strong></span> <span class='ocrx_word' id='word_1_738' title='bbox 2076 4953 2197 5008; x_wconf 90' lang='lat' dir='ltr'><strong>ubi-</strong></span> 
     </span>
    </p>
   </div>
   <div class='ocr_carea' id='block_1_101' title="bbox 2304 4586 3880 4664">
    <p class='ocr_par' dir='ltr' id='par_1_101' title="bbox 2304 4586 3880 4664">
     <span class='ocr_line' id='line_1_101' title="bbox 2304 4586 3880 4664; baseline 0.002 -20"><span class='ocrx_word' id='word_1_739' title='bbox 2304 4593 2544 4661; x_wconf 79' lang='grc' dir='ltr'>ὲντυχεῖν</span> <span class='ocrx_word' id='word_1_740' title='bbox 2576 4590 2655 4660; x_wconf 82' lang='grc' dir='ltr'>τῷ</span> <span class='ocrx_word' id='word_1_741' title='bbox 2691 4590 2997 4662; x_wconf 86' lang='grc' dir='ltr'>βουλομένῳ</span> <span class='ocrx_word' id='word_1_742' title='bbox 3025 4593 3142 4656; x_wconf 87' lang='grc' dir='ltr'>ταῖς</span> <span class='ocrx_word' id='word_1_743' title='bbox 3181 4586 3437 4656; x_wconf 84' lang='grc' dir='ltr'>παλαίαῖς</span> <span class='ocrx_word' id='word_1_744' title='bbox 3472 4594 3762 4664; x_wconf 84' lang='grc' dir='ltr'>ίστορίαις,</span> <span class='ocrx_word' id='word_1_745' title='bbox 3794 4594 3880 4647; x_wconf 72' lang='grc' dir='ltr'>καὶ</span> 
     </span>
    </p>
   </div>
   <div class='ocr_carea' id='block_1_102' title="bbox 2306 4681 3878 4762">
    <p class='ocr_par' dir='ltr' id='par_1_102' title="bbox 2306 4681 3878 4762">
     <span class='ocr_line' id='line_1_102' title="bbox 2306 4681 3878 4762; baseline 0.003 -27"><span class='ocrx_word' id='word_1_746' title='bbox 2306 4682 2506 4751; x_wconf 86' lang='grc' dir='ltr'>γνῶναι</span> <span class='ocrx_word' id='word_1_747' title='bbox 2544 4681 2619 4744; x_wconf 83' lang='grc' dir='ltr'>ὡς</span> <span class='ocrx_word' id='word_1_748' title='bbox 2651 4682 2760 4735; x_wconf 81' lang='grc' dir='ltr'><strong>τῶν</strong></span> <span class='ocrx_word' id='word_1_749' title='bbox 2787 4683 3140 4762; x_wconf 80' lang='grc' dir='ltr'>καλουμένων</span> <span class='ocrx_word' id='word_1_750' title='bbox 3175 4683 3223 4716; x_wconf 82' lang='grc'><strong>⁷⁸</strong></span> <span class='ocrx_word' id='word_1_751' title='bbox 3254 4684 3389 4737; x_wconf 88' lang='grc' dir='ltr'>θεῶν</span> <span class='ocrx_word' id='word_1_752' title='bbox 3428 4684 3602 4739; x_wconf 80' lang='grc' dir='ltr'>ταῦτα</span> <span class='ocrx_word' id='word_1_753' title='bbox 3638 4687 3878 4740; x_wconf 77' lang='grc' dir='ltr'>κελευόνο</span> 
     </span>
    </p>
   </div>
   <div class='ocr_carea' id='block_1_103' title="bbox 2306 4772 3877 4846">
    <p class='ocr_par' dir='ltr' id='par_1_103' title="bbox 2306 4772 3877 4846">
     <span class='ocr_line' id='line_1_103' title="bbox 2306 4772 3877 4846; baseline 0.001 -20"><span class='ocrx_word' id='word_1_754' title='bbox 2306 4789 2414 4826; x_wconf 88' lang='grc' dir='ltr'><strong>των</strong></span> <span class='ocrx_word' id='word_1_755' title='bbox 2433 4772 2636 4826; x_wconf 68' lang='grc' dir='ltr'>ἐθύετο.</span> <span class='ocrx_word' id='word_1_756' title='bbox 2670 4772 2728 4825; x_wconf 88' lang='lat'><strong>&#39;0</strong></span> <span class='ocrx_word' id='word_1_757' title='bbox 2747 4772 2804 4825; x_wconf 82' lang='grc' dir='ltr'><strong>δέ</strong></span> <span class='ocrx_word' id='word_1_758' title='bbox 2823 4790 2888 4842; x_wconf 86' lang='grc' dir='ltr'><strong>γε</strong></span> <span class='ocrx_word' id='word_1_759' title='bbox 2903 4775 3140 4845; x_wconf 78' lang='grc' dir='ltr'>Ποιητὴς</span> <span class='ocrx_word' id='word_1_760' title='bbox 3156 4776 3249 4828; x_wconf 76' lang='grc' dir='ltr'>καὶ</span> <span class='ocrx_word' id='word_1_761' title='bbox 3270 4774 3545 4844; x_wconf 84' lang='grc' dir='ltr'>Δεσπότης</span> <span class='ocrx_word' id='word_1_762' title='bbox 3566 4777 3818 4846; x_wconf 81' lang='grc' dir='ltr'>πανταχῆ</span> <span class='ocrx_word' id='word_1_763' title='bbox 3839 4778 3877 4808; x_wconf 76' lang='grc' dir='ltr'><strong>τ’</strong></span> 
     </span>
    </p>
   </div>
   <div class='ocr_carea' id='block_1_104' title="bbox 2308 4863 3883 4938">
    <p class='ocr_par' dir='ltr' id='par_1_104' title="bbox 2308 4863 3883 4938">
     <span class='ocr_line' id='line_1_104' title="bbox 2308 4863 3883 4938; baseline 0.003 -23"><span class='ocrx_word' id='word_1_764' title='bbox 2308 4863 2407 4931; x_wconf 86' lang='grc' dir='ltr'>τῆς</span> <span class='ocrx_word' id='word_1_765' title='bbox 2438 4863 2690 4932; x_wconf 79' lang='grc' dir='ltr'>τοιαύτης</span> <span class='ocrx_word' id='word_1_766' title='bbox 2714 4863 3059 4934; x_wconf 85' lang='grc' dir='ltr'>παρανομίας</span> <span class='ocrx_word' id='word_1_767' title='bbox 3091 4869 3404 4938; x_wconf 81' lang='grc' dir='ltr'>κατηγορεῖ·</span> <span class='ocrx_word' id='word_1_768' title='bbox 3443 4868 3532 4919; x_wconf 70' lang='grc' dir='ltr'>καὶ</span> <span class='ocrx_word' id='word_1_769' title='bbox 3556 4869 3645 4920; x_wconf 77' lang='grc' dir='ltr'><strong>διὰ</strong></span> <span class='ocrx_word' id='word_1_770' title='bbox 3673 4869 3766 4921; x_wconf 77' lang='grc' dir='ltr'>τοῦ</span> <span class='ocrx_word' id='word_1_771' title='bbox 3791 4875 3883 4919; x_wconf 81' lang='grc' dir='ltr'><strong>Δα-</strong></span> 
     </span>
    </p>
   </div>
   <div class='ocr_carea' id='block_1_105' title="bbox 2312 4951 3882 5025">
    <p class='ocr_par' dir='ltr' id='par_1_105' title="bbox 2312 4951 3882 5025">
     <span class='ocr_line' id='line_1_105' title="bbox 2312 4951 3882 5025; baseline 0.003 -18"><span class='ocrx_word' id='word_1_772' title='bbox 2312 4951 2400 5006; x_wconf 75' lang='grc' dir='ltr'><strong>σὶδ</strong></span> <span class='ocrx_word' id='word_1_773' title='bbox 2451 4953 2548 5023; x_wconf 74' lang='grc' dir='ltr'>μὲν</span> <span class='ocrx_word' id='word_1_774' title='bbox 2593 4953 2708 5024; x_wconf 80' lang='grc' dir='ltr'>βοᾷ·</span> <span class='ocrx_word' id='word_1_775' title='bbox 2745 4971 2763 5004; x_wconf 76' lang='grc' dir='ltr'><strong>ι</strong></span> <span class='ocrx_word' id='word_1_776' title='bbox 2799 4951 2952 5025; x_wconf 81' lang='lat' dir='ltr'><strong>[Kal]</strong></span> <span class='ocrx_word' id='word_1_777' title='bbox 2984 4956 3028 4987; x_wconf 75' lang='grc'><strong>⁷⁸</strong></span> <span class='ocrx_word' id='word_1_778' title='bbox 3055 4955 3254 5010; x_wconf 79' lang='grc' dir='ltr'>ιθυσαν</span> <span class='ocrx_word' id='word_1_779' title='bbox 3295 4958 3420 5021; x_wconf 79' lang='grc' dir='ltr'>τοὺς</span> <span class='ocrx_word' id='word_1_780' title='bbox 3455 4957 3606 5021; x_wconf 82' lang='grc' dir='ltr'>υἱοὺς</span> <span class='ocrx_word' id='word_1_781' title='bbox 3633 4960 3813 5012; x_wconf 80' lang='grc' dir='ltr'>αὐτῶν</span> <span class='ocrx_word' id='word_1_782' title='bbox 3843 4959 3882 4992; x_wconf 73' lang='grc' dir='ltr'><strong>τ’</strong></span> 
     </span>
    </p>
   </div>
   <div class='ocr_carea' id='block_1_106' title="bbox 1934 5104 2612 5162">
    <p class='ocr_par' dir='ltr' id='par_1_106' title="bbox 1934 5104 2612 5162">
     <span class='ocr_line' id='line_1_106' title="bbox 1934 5104 2612 5162; baseline 0.004 -3"><span class='ocrx_word' id='word_1_783' title='bbox 1934 5105 2170 5162; x_wconf 67' lang='lat' dir='ltr'><strong>VARIE</strong></span> <span class='ocrx_word' id='word_1_784' title='bbox 2210 5104 2612 5162; x_wconf 82' lang='lat' dir='ltr'><strong>LECTIONES.</strong></span> 
     </span>
    </p>
   </div>
   <div class='ocr_carea' id='block_1_107' title="bbox 698 5219 2119 5292">
    <p class='ocr_par' dir='ltr' id='par_1_107' title="bbox 698 5219 2119 5292">
     <span class='ocr_line' id='line_1_107' title="bbox 698 5219 2119 5292; baseline 0.001 -20"><span class='ocrx_word' id='word_1_785' title='bbox 698 5224 753 5292; x_wconf 11' lang='grc' dir='ltr'><strong>’δέ</strong></span> <span class='ocrx_word' id='word_1_786' title='bbox 777 5221 911 5292; x_wconf 68' lang='grc' dir='ltr'>[τόν]</span> <span class='ocrx_word' id='word_1_787' title='bbox 945 5237 1059 5292; x_wconf 85' lang='lat' dir='ltr'><strong>om.</strong></span> <span class='ocrx_word' id='word_1_788' title='bbox 1096 5221 1161 5292; x_wconf 15' lang='lat' dir='ltr'><strong>VC.</strong></span> <span class='ocrx_word' id='word_1_789' title='bbox 1224 5223 1269 5253; x_wconf 80' lang='grc'><strong>⁸⁸</strong></span> <span class='ocrx_word' id='word_1_790' title='bbox 1300 5219 1446 5292; x_wconf 71' lang='grc' dir='ltr'>χοῦν.</span> <span class='ocrx_word' id='word_1_791' title='bbox 1485 5223 1643 5292; x_wconf 76' lang='grc' dir='ltr'>χνοῦν</span> <span class='ocrx_word' id='word_1_792' title='bbox 1673 5223 1713 5274; x_wconf 88' lang='grc' dir='ltr'><strong>Β</strong></span> <span class='ocrx_word' id='word_1_793' title='bbox 1744 5224 1818 5284; x_wconf 85' lang='grc' dir='ltr'>ὼς</span> <span class='ocrx_word' id='word_1_794' title='bbox 1872 5222 2030 5292; x_wconf 78' lang='grc' dir='ltr'>χνοῦν</span> <span class='ocrx_word' id='word_1_795' title='bbox 2059 5221 2119 5278; x_wconf 90' lang='lat' dir='ltr'><strong>C.</strong></span> 
     </span>
    </p>
   </div>
   <div class='ocr_carea' id='block_1_108' title="bbox 629 5291 2171 5361">
    <p class='ocr_par' dir='ltr' id='par_1_108' title="bbox 629 5291 2171 5361">
     <span class='ocr_line' id='line_1_108' title="bbox 629 5291 2171 5361; baseline 0.003 -21"><span class='ocrx_word' id='word_1_796' title='bbox 629 5296 694 5346; x_wconf 72' lang='grc' dir='ltr'>τῆ</span> <span class='ocrx_word' id='word_1_797' title='bbox 739 5291 907 5342; x_wconf 65' lang='grc' dir='ltr'>θυσία.</span> <span class='ocrx_word' id='word_1_798' title='bbox 938 5291 1267 5356; x_wconf 74' lang='grc' dir='ltr'>δεξιούμενοι</span> <span class='ocrx_word' id='word_1_799' title='bbox 1300 5291 1359 5343; x_wconf 96' lang='grc' dir='ltr'><strong>Β.</strong></span> <span class='ocrx_word' id='word_1_800' title='bbox 1455 5293 1497 5323; x_wconf 78' lang='grc'><strong>⁵9</strong></span> <span class='ocrx_word' id='word_1_801' title='bbox 1533 5291 1802 5361; x_wconf 73' lang='grc' dir='ltr'>ξτοιαῦται</span> <span class='ocrx_word' id='word_1_802' title='bbox 1834 5291 1984 5361; x_wconf 70' lang='lat' dir='ltr'><strong>om._</strong></span> <span class='ocrx_word' id='word_1_803' title='bbox 2007 5293 2067 5356; x_wconf 88' lang='lat' dir='ltr'><strong>B,</strong></span> <span class='ocrx_word' id='word_1_804' title='bbox 2111 5292 2171 5345; x_wconf 90' lang='lat' dir='ltr'><strong>C.</strong></span> 
     </span>
    </p>
   </div>
   <div class='ocr_carea' id='block_1_109' title="bbox 632 5356 1999 5444">
    <p class='ocr_par' dir='ltr' id='par_1_109' title="bbox 632 5356 1999 5444">
     <span class='ocr_line' id='line_1_109' title="bbox 632 5356 1999 5444; baseline 0.001 -34"><span class='ocrx_word' id='word_1_805' title='bbox 632 5364 1049 5444; x_wconf 31' lang='grc' dir='ltr'><strong>ηδ’.-ιιιῗιραλτχξιςὲτ</strong></span> <span class='ocrx_word' id='word_1_806' title='bbox 1104 5377 1428 5444; x_wconf 43' lang='grc' dir='ltr'>ιτεραλειμς</span> <span class='ocrx_word' id='word_1_807' title='bbox 1465 5356 1544 5444; x_wconf 45' lang='grc' dir='ltr'>(ζ</span> <span class='ocrx_word' id='word_1_808' title='bbox 1640 5362 1683 5391; x_wconf 73' lang='grc'>⁵⁸</span> <span class='ocrx_word' id='word_1_809' title='bbox 1710 5384 1767 5411; x_wconf 70' lang='grc' dir='ltr'><strong>τυ</strong></span> <span class='ocrx_word' id='word_1_810' title='bbox 1795 5356 1911 5414; x_wconf 65' lang='grc' dir='ltr'>ωτι.</span> <span class='ocrx_word' id='word_1_811' title='bbox 1939 5356 1999 5416; x_wconf 76' lang='lat' dir='ltr'><strong>C.</strong></span> 
     </span>
    </p>
   </div>
   <div class='ocr_carea' id='block_1_110' title="bbox 636 5429 1890 5508">
    <p class='ocr_par' dir='ltr' id='par_1_110' title="bbox 636 5429 1890 5508">
     <span class='ocr_line' id='line_1_110' title="bbox 636 5429 1890 5508; baseline 0.002 -28"><span class='ocrx_word' id='word_1_812' title='bbox 636 5432 710 5500; x_wconf 80' lang='grc' dir='ltr'>μὴ</span> <span class='ocrx_word' id='word_1_813' title='bbox 744 5429 888 5482; x_wconf 84' lang='grc' dir='ltr'>θύειν</span> <span class='ocrx_word' id='word_1_814' title='bbox 914 5429 1102 5508; x_wconf 55' lang='lat' dir='ltr'><strong>B,,Va.</strong></span> <span class='ocrx_word' id='word_1_815' title='bbox 1137 5430 1334 5482; x_wconf 83' lang='lat' dir='ltr'><strong>Euseb.</strong></span> <span class='ocrx_word' id='word_1_816' title='bbox 1384 5430 1446 5508; x_wconf 85' lang='lat' dir='ltr'><strong>P_.</strong></span> <span class='ocrx_word' id='word_1_817' title='bbox 1498 5430 1669 5508; x_wconf 58' lang='lat' dir='ltr'><strong>E.“p.</strong></span> <span class='ocrx_word' id='word_1_818' title='bbox 1832 5429 1890 5483; x_wconf 87' lang='grc' dir='ltr'><strong>Β.</strong></span> 
     </span>
    </p>
   </div>
   <div class='ocr_carea' id='block_1_111' title="bbox 635 5500 1636 5569">
    <p class='ocr_par' dir='ltr' id='par_1_111' title="bbox 635 5500 1636 5569">
     <span class='ocr_line' id='line_1_111' title="bbox 635 5500 1636 5569; baseline -0.002 -18"><span class='ocrx_word' id='word_1_819' title='bbox 635 5500 1064 5569; x_wconf 84' lang='grc' dir='ltr'>μεταγειτνιῶνι.</span> <span class='ocrx_word' id='word_1_820' title='bbox 1106 5501 1544 5566; x_wconf 85' lang='grc' dir='ltr'>μεταγειτνιῶνος</span> <span class='ocrx_word' id='word_1_821' title='bbox 1580 5500 1636 5551; x_wconf 87' lang='grc' dir='ltr'>Β.</span> 
     </span>
    </p>
   </div>
   <div class='ocr_carea' id='block_1_112' title="bbox 632 5637 1285 5730">
    <p class='ocr_par' dir='ltr' id='par_1_112' title="bbox 632 5637 1285 5730">
     <span class='ocr_line' id='line_1_112' title="bbox 632 5637 1285 5730; baseline 0 0"><span class='ocrx_word' id='word_1_822' title='bbox 632 5638 905 5730; x_wconf 62' lang='grc' dir='ltr'><strong>Ῐ”.δτξίί⁰ί’</strong></span> <span class='ocrx_word' id='word_1_823' title='bbox 939 5637 1285 5730; x_wconf 51' lang='grc' dir='ltr'><strong>ἷξετίῗῖλὲκξὲλὲξ</strong></span> 
     </span>
    </p>
   </div>
   <div class='ocr_carea' id='block_1_113' title="bbox 635 5706 1990 5761">
    <p class='ocr_par' dir='ltr' id='par_1_113' title="bbox 635 5706 1990 5761">
     <span class='ocr_line' id='line_1_113' title="bbox 635 5706 1990 5761; baseline -0.001 0"><span class='ocrx_word' id='word_1_824' title='bbox 635 5721 745 5761; x_wconf 83' lang='lat' dir='ltr'><strong>om.</strong></span> <span class='ocrx_word' id='word_1_825' title='bbox 775 5706 870 5761; x_wconf 77' lang='lat' dir='ltr'><strong>Va.</strong></span> <span class='ocrx_word' id='word_1_826' title='bbox 947 5708 992 5740; x_wconf 78' lang='grc'><strong>⁷⁸</strong></span> <span class='ocrx_word' id='word_1_827' title='bbox 1025 5706 1163 5760; x_wconf 70' lang='grc' dir='ltr'>[καὶ]</span> <span class='ocrx_word' id='word_1_828' title='bbox 1193 5722 1300 5761; x_wconf 89' lang='lat' dir='ltr'><strong>om.</strong></span> <span class='ocrx_word' id='word_1_829' title='bbox 1350 5707 1409 5760; x_wconf 91' lang='lat' dir='ltr'><strong>C.</strong></span> <span class='ocrx_word' id='word_1_830' title='bbox 1488 5710 1531 5739; x_wconf 64' lang='lat'><strong>7°</strong></span> <span class='ocrx_word' id='word_1_831' title='bbox 1563 5709 1739 5760; x_wconf 71' lang='grc' dir='ltr'>αὐτῶν</span> <span class='ocrx_word' id='word_1_832' title='bbox 1769 5724 1878 5760; x_wconf 87' lang='lat' dir='ltr'><strong>om.</strong></span> <span class='ocrx_word' id='word_1_833' title='bbox 1930 5706 1990 5760; x_wconf 72' lang='grc' dir='ltr'><strong>Β.</strong></span> 
     </span>
    </p>
   </div>
   <div class='ocr_carea' id='block_1_114' title="bbox 2240 5220 3046 5279">
    <p class='ocr_par' dir='ltr' id='par_1_114' title="bbox 2240 5220 3046 5279">
     <span class='ocr_line' id='line_1_114' title="bbox 2240 5220 3046 5279; baseline 0.006 -5"><span class='ocrx_word' id='word_1_834' title='bbox 2240 5223 2285 5254; x_wconf 82' lang='grc'>⁸⁷</span> <span class='ocrx_word' id='word_1_835' title='bbox 2317 5220 2625 5277; x_wconf 82' lang='grc' dir='ltr'>κατέκαιον.</span> <span class='ocrx_word' id='word_1_836' title='bbox 2683 5223 2947 5277; x_wconf 85' lang='grc' dir='ltr'>κατέκαον</span> <span class='ocrx_word' id='word_1_837' title='bbox 2986 5225 3046 5279; x_wconf 88' lang='grc' dir='ltr'>Β.</span> 
     </span>
    </p>
   </div>
   <div class='ocr_carea' id='block_1_115' title="bbox 2269 5293 3876 5364">
    <p class='ocr_par' dir='ltr' id='par_1_115' title="bbox 2269 5293 3876 5364">
     <span class='ocr_line' id='line_1_115' title="bbox 2269 5293 3876 5364; baseline -0.007 -5"><span class='ocrx_word' id='word_1_838' title='bbox 2269 5293 2313 5364; x_wconf 50' lang='grc' dir='ltr'><strong>Ϋθ</strong></span> <span class='ocrx_word' id='word_1_839' title='bbox 2355 5293 2732 5364; x_wconf 22' lang='grc' dir='ltr'>κπαρανρμείας.</span> <span class='ocrx_word' id='word_1_840' title='bbox 2781 5295 3151 5364; x_wconf 69' lang='grc' dir='ltr'>παρανομίους</span> <span class='ocrx_word' id='word_1_841' title='bbox 3181 5298 3324 5364; x_wconf 89' lang='lat' dir='ltr'><strong>conj.</strong></span> <span class='ocrx_word' id='word_1_842' title='bbox 3387 5294 3570 5349; x_wconf 88' lang='lat' dir='ltr'><strong>Ursin.</strong></span> <span class='ocrx_word' id='word_1_843' title='bbox 3630 5293 3876 5364; x_wconf 82' lang='lat' dir='ltr'><strong>pessime.</strong></span> 
     </span>
    </p>
   </div>
   <div class='ocr_carea' id='block_1_116' title="bbox 2111 5360 2984 5432">
    <p class='ocr_par' dir='ltr' id='par_1_116' title="bbox 2111 5360 2984 5432">
     <span class='ocr_line' id='line_1_116' title="bbox 2111 5360 2984 5432; baseline -0.027 -15"><span class='ocrx_word' id='word_1_844' title='bbox 2111 5360 2303 5432; x_wconf 51' lang='lat' dir='ltr'><strong>&#39;leal</strong></span> <span class='ocrx_word' id='word_1_845' title='bbox 2346 5360 2627 5432; x_wconf 73' lang='grc' dir='ltr'>βλαϐερὸν]</span> <span class='ocrx_word' id='word_1_846' title='bbox 2659 5378 2768 5416; x_wconf 86' lang='lat' dir='ltr'><strong>om.</strong></span> <span class='ocrx_word' id='word_1_847' title='bbox 2799 5360 2876 5417; x_wconf 57' lang='lat' dir='ltr'><strong>B,‘</strong></span> <span class='ocrx_word' id='word_1_848' title='bbox 2939 5364 2984 5395; x_wconf 65' lang='lat' dir='ltr'><strong>es</strong></span> 
     </span>
    </p>
   </div>
   <div class='ocr_carea' id='block_1_117' title="bbox 1989 5429 3186 5502">
    <p class='ocr_par' dir='ltr' id='par_1_117' title="bbox 1989 5429 3186 5502">
     <span class='ocr_line' id='line_1_117' title="bbox 1989 5429 3186 5502; baseline -0.022 6"><span class='ocrx_word' id='word_1_849' title='bbox 1989 5432 2032 5502; x_wconf 51' lang='lat'><strong>.66</strong></span> <span class='ocrx_word' id='word_1_850' title='bbox 2465 5429 2559 5502; x_wconf 79' lang='lat' dir='ltr'><strong>qui</strong></span> <span class='ocrx_word' id='word_1_851' title='bbox 2609 5429 2733 5486; x_wconf 75' lang='lat' dir='ltr'><strong>inox</strong></span> <span class='ocrx_word' id='word_1_852' title='bbox 2763 5429 3089 5502; x_wconf 59' lang='grc' dir='ltr'><strong>θέλοντας.⁷</strong></span> <span class='ocrx_word' id='word_1_853' title='bbox 3145 5429 3186 5466; x_wconf 66' lang='grc' dir='ltr'><strong>δτ</strong></span> 
     </span>
    </p>
   </div>
   <div class='ocr_carea' id='block_1_118' title="bbox 756 5499 2236 5577">
    <p class='ocr_par' dir='ltr' id='par_1_118' title="bbox 756 5499 2236 5577">
     <span class='ocr_line' id='line_1_118' title="bbox 756 5499 2236 5577; baseline -0.003 -25"><span class='ocrx_word' id='word_1_854' title='bbox 756 5500 1064 5577; x_wconf 42' lang='grc' dir='ltr'>εγειτνιῶνξ</span> <span class='ocrx_word' id='word_1_855' title='bbox 1106 5501 1544 5577; x_wconf 74' lang='grc' dir='ltr'>μεταγειτνιῶνος</span> <span class='ocrx_word' id='word_1_856' title='bbox 1580 5500 1636 5551; x_wconf 88' lang='grc' dir='ltr'>Β.</span> <span class='ocrx_word' id='word_1_857' title='bbox 1710 5501 1753 5530; x_wconf 77' lang='grc'><strong>⁶⁹</strong></span> <span class='ocrx_word' id='word_1_858' title='bbox 1787 5501 1938 5570; x_wconf 76' lang='grc' dir='ltr'>ἕκτῃ.</span> <span class='ocrx_word' id='word_1_859' title='bbox 1973 5499 2137 5570; x_wconf 53' lang='lat' dir='ltr'><strong>Exin;</strong></span> <span class='ocrx_word' id='word_1_860' title='bbox 2168 5499 2236 5555; x_wconf 75' lang='grc' dir='ltr'>Ὀ,</span> 
     </span>
    </p>
   </div>
   <div class='ocr_carea' id='block_1_119' title="bbox 632 5569 2328 5637">
    <p class='ocr_par' dir='ltr' id='par_1_119' title="bbox 632 5569 2328 5637">
     <span class='ocr_line' id='line_1_119' title="bbox 632 5569 2328 5637; baseline 0.001 -16"><span class='ocrx_word' id='word_1_861' title='bbox 632 5569 872 5621; x_wconf 78' lang='grc' dir='ltr'>τοιαῦτα.</span> <span class='ocrx_word' id='word_1_862' title='bbox 913 5569 1135 5620; x_wconf 78' lang='grc' dir='ltr'>τοιαῦτα</span> <span class='ocrx_word' id='word_1_863' title='bbox 1183 5569 1475 5637; x_wconf 79' lang='grc' dir='ltr'>πάμπολλα</span> <span class='ocrx_word' id='word_1_864' title='bbox 1507 5569 1547 5621; x_wconf 89' lang='grc' dir='ltr'><strong>Β</strong></span> <span class='ocrx_word' id='word_1_865' title='bbox 1596 5570 1686 5636; x_wconf 85' lang='lat' dir='ltr'><strong>qui</strong></span> <span class='ocrx_word' id='word_1_866' title='bbox 1719 5584 1843 5622; x_wconf 76' lang='lat' dir='ltr'><strong>mox</strong></span> <span class='ocrx_word' id='word_1_867' title='bbox 1889 5586 1996 5622; x_wconf 89' lang='lat' dir='ltr'><strong>om.</strong></span> <span class='ocrx_word' id='word_1_868' title='bbox 2029 5570 2084 5621; x_wconf 76' lang='grc' dir='ltr'>δέ</span> <span class='ocrx_word' id='word_1_869' title='bbox 2124 5587 2205 5635; x_wconf 87' lang='grc' dir='ltr'><strong>γε.</strong></span> <span class='ocrx_word' id='word_1_870' title='bbox 2283 5570 2328 5600; x_wconf 74' lang='grc' dir='ltr'><strong>τ’</strong></span> 
     </span>
    </p>
   </div>
   <div class='ocr_carea' id='block_1_120' title="bbox 1394 5639 2426 5708">
    <p class='ocr_par' dir='ltr' id='par_1_120' title="bbox 1394 5639 2426 5708">
     <span class='ocr_line' id='line_1_120' title="bbox 1394 5639 2426 5708; baseline 0.005 -19"><span class='ocrx_word' id='word_1_871' title='bbox 1394 5641 1437 5668; x_wconf 76' lang='grc'><strong>⁷⁵</strong></span> <span class='ocrx_word' id='word_1_872' title='bbox 1467 5639 1898 5705; x_wconf 80' lang='grc' dir='ltr'>τραγῳδιοποιοί.</span> <span class='ocrx_word' id='word_1_873' title='bbox 1942 5639 2331 5708; x_wconf 74' lang='grc' dir='ltr'>τραγωδοποιοὶ</span> <span class='ocrx_word' id='word_1_874' title='bbox 2368 5639 2426 5694; x_wconf 87' lang='grc' dir='ltr'><strong>Β.</strong></span> 
     </span>
    </p>
   </div>
   <div class='ocr_carea' id='block_1_121' title="bbox 3145 5224 3873 5295">
    <p class='ocr_par' dir='ltr' id='par_1_121' title="bbox 3145 5224 3873 5295">
     <span class='ocr_line' id='line_1_121' title="bbox 3145 5224 3873 5295; baseline 0.003 -19"><span class='ocrx_word' id='word_1_875' title='bbox 3145 5225 3192 5255; x_wconf 83' lang='grc'><strong>⁵⁸</strong></span> <span class='ocrx_word' id='word_1_876' title='bbox 3221 5224 3550 5291; x_wconf 78' lang='grc' dir='ltr'>δεξιούμενοι</span> <span class='ocrx_word' id='word_1_877' title='bbox 3601 5229 3667 5294; x_wconf 74' lang='grc' dir='ltr'>τῇ</span> <span class='ocrx_word' id='word_1_878' title='bbox 3703 5227 3873 5295; x_wconf 70' lang='grc' dir='ltr'>θυσίᾳ.</span> 
     </span>
    </p>
   </div>
   <div class='ocr_carea' id='block_1_122' title="bbox 3016 5365 3873 5434">
    <p class='ocr_par' dir='ltr' id='par_1_122' title="bbox 3016 5365 3873 5434">
     <span class='ocr_line' id='line_1_122' title="bbox 3016 5365 3873 5434; baseline -0.015 -2"><span class='ocrx_word' id='word_1_879' title='bbox 3016 5365 3109 5434; x_wconf 81' lang='grc' dir='ltr'><strong>μή-</strong></span> <span class='ocrx_word' id='word_1_880' title='bbox 3143 5365 3276 5432; x_wconf 72' lang='grc' dir='ltr'>μηδὲ</span> <span class='ocrx_word' id='word_1_881' title='bbox 3300 5367 3465 5420; x_wconf 86' lang='lat' dir='ltr'><strong>Sirm.</strong></span> <span class='ocrx_word' id='word_1_882' title='bbox 3545 5367 3590 5396; x_wconf 71' lang='grc' dir='ltr'>σε</span> <span class='ocrx_word' id='word_1_883' title='bbox 3625 5367 3685 5416; x_wconf 77' lang='grc' dir='ltr'>τὸ</span> <span class='ocrx_word' id='word_1_884' title='bbox 3718 5366 3873 5419; x_wconf 81' lang='grc' dir='ltr'>θύειν.</span> 
     </span>
    </p>
   </div>
   <div class='ocr_carea' id='block_1_123' title="bbox 2483 5434 3878 5505">
    <p class='ocr_par' dir='ltr' id='par_1_123' title="bbox 2483 5434 3878 5505">
     <span class='ocr_line' id='line_1_123' title="bbox 2483 5434 3878 5505; baseline 0.003 -21"><span class='ocrx_word' id='word_1_885' title='bbox 2483 5434 2559 5505; x_wconf 75' lang='grc' dir='ltr'>ωὶ</span> <span class='ocrx_word' id='word_1_886' title='bbox 2609 5447 2733 5505; x_wconf 84' lang='lat' dir='ltr'><strong>mox</strong></span> <span class='ocrx_word' id='word_1_887' title='bbox 2757 5434 3057 5505; x_wconf 30' lang='grc' dir='ltr'>ῌθέλοντας.</span> <span class='ocrx_word' id='word_1_888' title='bbox 3145 5436 3186 5466; x_wconf 72' lang='grc'>⁸⁷</span> <span class='ocrx_word' id='word_1_889' title='bbox 3225 5434 3360 5505; x_wconf 66' lang='grc' dir='ltr'>[καὶ]</span> <span class='ocrx_word' id='word_1_890' title='bbox 3397 5451 3505 5488; x_wconf 89' lang='lat' dir='ltr'><strong>om.</strong></span> <span class='ocrx_word' id='word_1_891' title='bbox 3535 5435 3595 5488; x_wconf 90' lang='grc' dir='ltr'><strong>Β.</strong></span> <span class='ocrx_word' id='word_1_892' title='bbox 3679 5436 3722 5467; x_wconf 73' lang='grc'><strong>⁸⁸</strong></span> <span class='ocrx_word' id='word_1_893' title='bbox 3760 5436 3878 5504; x_wconf 74' lang='grc' dir='ltr'>μηνὶ</span> 
     </span>
    </p>
   </div>
   <div class='ocr_carea' id='block_1_124' title="bbox 2314 5501 3876 5574">
    <p class='ocr_par' dir='ltr' id='par_1_124' title="bbox 2314 5501 3876 5574">
     <span class='ocr_line' id='line_1_124' title="bbox 2314 5501 3876 5574; baseline -0.003 -19"><span class='ocrx_word' id='word_1_894' title='bbox 2314 5501 2548 5574; x_wconf 24' lang='grc' dir='ltr'>ξ’θΑφαοί.</span> <span class='ocrx_word' id='word_1_895' title='bbox 2581 5504 2713 5574; x_wconf 65' lang='grc' dir='ltr'>φησι</span> <span class='ocrx_word' id='word_1_896' title='bbox 2745 5501 2806 5556; x_wconf 69' lang='grc' dir='ltr'><strong>(ἶ.</strong></span> <span class='ocrx_word' id='word_1_897' title='bbox 2885 5507 2927 5536; x_wconf 74' lang='grc' dir='ltr'><strong>τι</strong></span> <span class='ocrx_word' id='word_1_898' title='bbox 2960 5504 3146 5557; x_wconf 85' lang='grc' dir='ltr'>πάλαι.</span> <span class='ocrx_word' id='word_1_899' title='bbox 3177 5501 3426 5558; x_wconf 75' lang='grc' dir='ltr'>πάλινΒ.</span> <span class='ocrx_word' id='word_1_900' title='bbox 3506 5506 3552 5536; x_wconf 75' lang='grc' dir='ltr'><strong>τ’</strong></span> <span class='ocrx_word' id='word_1_901' title='bbox 3590 5501 3876 5574; x_wconf 54' lang='grc' dir='ltr'>πάμπολλα</span> 
     </span>
    </p>
   </div>
   <div class='ocr_carea' id='block_1_125' title="bbox 2377 5572 3874 5646">
    <p class='ocr_par' dir='ltr' id='par_1_125' title="bbox 2377 5572 3874 5646">
     <span class='ocr_line' id='line_1_125' title="bbox 2377 5572 3874 5646; baseline 0.003 -22"><span class='ocrx_word' id='word_1_902' title='bbox 2377 5572 2734 5646; x_wconf 53' lang='grc' dir='ltr'>[Αριστομένη</span> <span class='ocrx_word' id='word_1_903' title='bbox 2779 5590 2850 5646; x_wconf 32' lang='grc' dir='ltr'>τ.-</span> <span class='ocrx_word' id='word_1_904' title='bbox 2872 5576 3041 5646; x_wconf 40' lang='grc' dir='ltr'>Μεση</span> <span class='ocrx_word' id='word_1_905' title='bbox 3069 5576 3458 5646; x_wconf 79' lang='grc' dir='ltr'>Ἀριστομένην</span> <span class='ocrx_word' id='word_1_906' title='bbox 3489 5575 3581 5628; x_wconf 79' lang='grc' dir='ltr'>τὸν</span> <span class='ocrx_word' id='word_1_907' title='bbox 3610 5572 3783 5646; x_wconf 58' lang='lat' dir='ltr'><strong>Mssa.</strong></span> <span class='ocrx_word' id='word_1_908' title='bbox 3818 5573 3874 5646; x_wconf 35' lang='grc' dir='ltr'><strong>(ἒξ</strong></span> 
     </span>
    </p>
   </div>
   <div class='ocr_carea' id='block_1_126' title="bbox 2541 5641 3878 5716">
    <p class='ocr_par' dir='ltr' id='par_1_126' title="bbox 2541 5641 3878 5716">
     <span class='ocr_line' id='line_1_126' title="bbox 2541 5641 3878 5716; baseline 0.005 -23"><span class='ocrx_word' id='word_1_909' title='bbox 2541 5643 2586 5674; x_wconf 81' lang='grc'><strong>⁷⁸</strong></span> <span class='ocrx_word' id='word_1_910' title='bbox 2612 5641 2981 5712; x_wconf 84' lang='grc' dir='ltr'>καλουμένων.</span> <span class='ocrx_word' id='word_1_911' title='bbox 3019 5641 3358 5714; x_wconf 70' lang='grc' dir='ltr'>βουλομένων</span> <span class='ocrx_word' id='word_1_912' title='bbox 3388 5641 3484 5701; x_wconf 79' lang='lat' dir='ltr'><strong>Va.</strong></span> <span class='ocrx_word' id='word_1_913' title='bbox 3563 5647 3608 5677; x_wconf 84' lang='lat'>&quot;</span> <span class='ocrx_word' id='word_1_914' title='bbox 3638 5641 3878 5716; x_wconf 65' lang='grc' dir='ltr'>πανταχῆ</span> 
     </span>
    </p>
   </div>
  </div>
