4080 6370
279 456 422 530 1009

848 462 1290 526 GRECABUM
1321 459 1630 521 AFFECT.
1668 454 2291 520 CURATIO.-VIII.
2332 455 2432 520 DE
2471 451 2988 547 MABTYRIBUS.

3421 440 3560 509 1010

277 579 457 653 εὐώδη
480 582 576 636 καλ⁵
595 578 818 652 ἄριστον
854 580 1209 653 προσενέγκοι
1229 579 1272 612 ¹⁷
1299 580 1412 644 τοῖς
1437 576 1743 648 δαιτυμόσι,
1768 572 1867 629 κύ-

1980 571 2209 644 quentiae
2233 585 2460 642 prorsus
2487 576 2767 647 expertes,
2795 565 2891 624 alii
2921 582 2953 622 a
2979 559 3169 642 pueris
3195 558 3557 653 piscationem

278 668 390 734 λιει
420 671 518 724 καὶ
541 669 763 740 φιάλαις
793 669 991 740 ἐγχέας
1020 669 1121 722 οὐκ
1147 667 1489 739 ἠσκημέναις
1510 667 1589 729 είς
1630 663 1827 726 κάλλος
1846 679 1862 694 ο

278 759 399 814 ἀλλ’
425 761 483 814 οἵ
509 776 574 830 γε
618 760 881 830 διψῶντες
929 761 1369 832 ἐπεμφοροῦνται
1392 758 1437 792 ¹⁸
1464 758 1559 813 τοῦ
1602 757 1864 826 νάματος,

278 851 383 906 οὐκ
416 853 498 915 είς
551 849 650 914 τὰς
698 851 928 916 κύλικας
990 849 1325 922 ἀφορῶντες,
1382 847 1517 903 ἀλλά
1568 848 1663 902 τὸν
1720 842 1866 901 οἶνον

281 943 674 1015 θαυμάζοντες.
713 942 885 997 Τοῦτο
920 943 1123 1007 πάντες
1169 941 1448 1013 ἄνθρωποι
1484 939 1722 1012 δρῶντες
1746 938 1867 993 δια-

277 1023 498 1090 τέλοῦσι
521 1036 595 1068 ¹⁸ο
623 1036 720 1090 καὶ
765 1035 875 1106 τῶν
908 1034 1068 1090 θείων
1105 1031 1473 1106 ἀπολαύοντες
1510 1029 1763 1103 ῥείθρων,
1803 1029 1866 1083 οὐ

282 1121 446 1191 μόνον
489 1122 550 1175 οὐ
586 1119 912 1193 κωμῳδοῦσι
959 1122 1068 1177 τῶν
1115 1120 1429 1177 ἀποστόλων
1455 1121 1556 1185 τὰς
1596 1120 1865 1189 γλώττας,

279 1209 418 1264 ἀλλά
443 1211 541 1265 καὶ
573 1212 714 1280 ἀγαν
740 1211 1134 1284 θαυμάζουσιν,
1164 1212 1248 1265 ὅτι
1275 1210 1341 1281 δὴ
1370 1211 1415 1243 ’θ
1443 1209 1618 1280 λόγων
1648 1209 1868 1280 στωμύο

280 1298 391 1351 λων
433 1299 584 1365 δντες
636 1301 896 1373 ἀμύητοι,
936 1302 1031 1357 καλ⁸
1078 1303 1130 1357 οι
1177 1301 1276 1371 μὲν
1324 1299 1561 1356 ἁλιεύειν
1615 1299 1869 1354 παιδόθεν

280 1390 692 1463 μεμαθηκότες,
736 1395 783 1446 oi
811 1392 867 1447 δὲ
897 1392 1211 1456 τελωνικοῖς
1257 1391 1645 1470 ἐργαστηρίοις
1695 1407 1868 1463 προσ-

277 1481 634 1552 ηδρευκότες,
677 1482 827 1536 ἄλλοι
856 1484 912 1537 δέ
946 1476 1350 1554 σκυτοτομικὴν
1386 1482 1869 1554 μεταχειρίσαντες

277 1572 501 1643 τέχνην,
549 1573 948 1642 ἀπεφάνθησαν
1005 1573 1264 1644 ἐξαίφνης
1316 1571 1477 1628 θείων
1514 1573 1710 1643 λογίων
1755 1573 1872 1629 διά-

279 1677 451 1728 κονοι,
477 1660 572 1714 καὶ
591 1659 809 1734 δωρεῶν
833 1661 1172 1732 ἐπουρανίων
1188 1660 1482 1732 διανομεῖς,
1509 1662 1605 1716 καὶ
1625 1663 1872 1737 σωτῆρες

279 1750 616 1816 ἀλεξίκακοι,
648 1751 745 1806 καὶ
775 1753 1064 1824 φωστῆρες
1093 1751 1383 1823 φανότατοι
1403 1752 1470 1819 ’⁸,
1499 1754 1596 1824 οὐχ
1628 1753 1686 1806 ἐν
1717 1753 1869 1819 ἐθνος

123 1869 184 1892 ιη..
282 1842 632 1911 φωτίζοντες,
660 1842 775 1897 ἀλλ’
812 1844 1023 1915 ὅσαπερ
1050 1845 1078 1898 ὁ
1099 1841 1375 1916 ὁρώμενος
1399 1844 1445 1875 "
1472 1843 1643 1915 ἥλιος.
1670 1844 1871 1914 Ἀγαν-

279 1948 373 1986 ται
401 1933 456 1986 δέ
485 1933 849 2005 διαφερόντως
894 1914 1145 1999 ἅπαντες
1174 1914 1272 1988 κάι
1301 1914 1673 2006 θαυμάζουσιν
1689 1936 1758 2002 ’⁸,
1786 1935 1870 1988 ὅτι
1903 1914 1943 1970 Β

282 2022 348 2091 δὴ
375 2024 469 2077 καὶ
492 2024 788 2090 τεθνεῶτες
818 2025 1159 2081 ἐπιτελοῦσιν
1204 2027 1347 2097 άπερ
1371 2025 1435 2098 δὴ
1466 2027 1560 2081 καὶ
1588 2026 1870 2097 περιόντες

283 2114 549 2170 εἰώθεσαν
592 2118 858 2188 ἐνεργεῖν,
913 2120 1115 2190 μᾶλλον
1165 2120 1223 2174 δέ
1270 2118 1452 2190 πολλῷ
1505 2119 1727 2189 μείζονα
1776 2120 1870 2174 καὶ

283 2203 642 2278 λαμπρότερα
689 2211 759 2264 τά
792 2211 931 2281 μετὰ
976 2212 1076 2282 τὴν
1123 2212 1373 2266 ἐντεῦθεν
1420 2213 1686 2284 ἐκδημίαν
1740 2215 1871 2285 παρ’

285 2297 511 2352 ἐκείνων
539 2301 858 2374 τελούμενα.
899 2303 1094 2359 Ἦνίκα
1124 2305 1223 2376 μὲν
1252 2303 1361 2377 γὰρ
1389 2305 1528 2376 μετὰ
1550 2305 1658 2360 τῶν
1687 2305 1874 2376 σωμά-

285 2405 397 2442 των
453 2390 850 2459 ἐπολιτεύοντο,
904 2395 1000 2450 νῦν
1061 2397 1162 2468 μὲν
1207 2397 1359 2470 παρά
1387 2394 1634 2464 τούτους,
1683 2398 1779 2452 νῦν
1816 2398 1874 2452 δὲ

287 2481 421 2553 παρ’
461 2484 700 2550 ἐκείνους
740 2488 998 2556 ἐφοίτων,
1047 2490 1142 2543 καὶ
1172 2489 1360 2544 ἄλλοτε
1412 2489 1511 2560 μέν
1558 2490 1872 2558 Ῥωμαίοις,

283 2571 480 2625 ἄλλοτε
526 2573 583 2626 δέ
645 2575 915 2641 Ἰσπανοῖς
969 2579 999 2650 ἢ
1041 2579 1268 2642 Κελτοῖς
1308 2579 1648 2648 διελέγοντο·
1686 2578 1873 2649 ἐπειδὴ

282 2661 342 2714 δέ
375 2663 510 2732 πρὸς
541 2665 748 2720 ἐκεῖνον
780 2668 1122 2739 ἐξεδήμησαν
1155 2671 1244 2739 ὑφ’
1283 2663 1344 2724 οῦ
1383 2668 1872 2740 κατεπέμφοησαν,

286 2750 528 2815 ἅπαντες
578 2754 758 2808 αὐτῶν
809 2756 1099 2827 ἐνδελεχῶς
1147 2759 1533 2824 ἀπολαύουσιν,
1594 2758 1656 2811 οὐ
1717 2757 1877 2829 μόνον

299 2841 581 2913 Ῥωμαῖοι,
635 2846 730 2900 καὶ
767 2847 883 2900 ὅσοι
931 2863 994 2916 γε
1042 2848 1134 2904 τὸν
1165 2849 1371 2904 τούτων
1425 2850 1682 2920 ἀγαπῶσι
1713 2848 1877 2920 ζυγὸν

287 2934 386 2986 καὶ
422 2934 529 2987 ὑπὸ
577 2935 784 2992 τούτων
833 2937 1126 3005 ίθύνονται,
1170 2940 1308 2994 ἀλλὰ
1355 2943 1450 2996 καὶ
1497 2942 1729 3013 Πέρσαι,
1783 2945 1879 2997 καὶ

288 3024 523 3090 Σκύθαι,
567 3030 662 3083 καὶ
721 3030 1114 3099 Μασσαγέται,
1185 3031 1279 3085 καὶ
1336 3033 1727 3103 Σαυρομάται,
1785 3033 1879 3087 καὶ

301 3114 476 3178 Ἰνδοὶ,
511 3117 604 3168 καὶ
653 3115 932 3184 Αἰθίοπες,
974 3119 1072 3172 καὶ
1107 3117 1406 3189 ξυλλήδδην
1453 3119 1629 3172 είπεῖν
1663 3117 1881 3173 ἅπαντα

287 3206 390 3276 τῆς
412 3207 743 3277 οἰκουμένης
774 3209 844 3261 τὰ
873 3208 1143 3280 τέρματα.
1173 3209 1254 3263 Τά
1279 3209 1389 3280 γὰρ
1416 3209 1480 3281 δὴ
1504 3208 1710 3264 τούτων
1746 3209 1880 3280 ξυγ-

287 3265 622 3368 γράμματα,
654 3265 806 3354 ἀπλᾶ
834 3317 898 3369 γε
927 3265 1057 3356 δντα
1084 3302 1177 3355 καὶ
1220 3265 1320 3373 τῆς
1357 3265 1680 3373 ῖΕλλῖηνικῆς
1715 3265 1883 3372 γὲγῦ-
1907 3265 1950 3325 c

287 3388 556 3459 μνωμένα
603 3390 1006 3463 λαμπρότητος,
1043 3394 1138 3446 καὶ
1185 3393 1284 3463 μέν
1314 3393 1378 3464 δὴ
1411 3395 1508 3447 καὶ
1543 3392 1755 3464 σμικρά
1787 3393 1882 3447 καὶ

285 3478 469 3544 ὀλίγα,
507 3482 674 3535 πᾶσιν
703 3482 1014 3552 ἀνθρώποις
1043 3485 1192 3537 ἐστὶν
1218 3482 1536 3556 ἀξιέραστα,
1563 3485 1702 3555 πλὴν
1728 3485 1883 3556 ὑμῶν

291 3576 387 3628 καὶ
407 3575 463 3628 εἴ
486 3593 572 3640 τις
599 3578 725 3646 ὑμῖν
756 3579 1157 3650 παραπλησίως
1179 3580 1276 3652 τὴν
1303 3582 1401 3651 τῆς
1427 3580 1686 3646 ἀπιστίας
1717 3598 1884 3635 κατα-

292 3665 602 3736 κεχυμένην
651 3667 788 3738 ἔχων
811 3669 856 3700 ’⁸
898 3670 1087 3738 ἀχλὺν,
1124 3670 1250 3723 ίδείν
1279 3670 1377 3724 οὐκ
1407 3670 1579 3724 ἐθέλει
1610 3673 1710 3742 τῆς
1747 3671 1882 3742 άλη-

293 3754 442 3819 θείας
470 3757 566 3827 τὴν
589 3757 805 3830 αἴγλην.
839 3760 914 3813 Ού
947 3760 1108 3830 μόνον
1137 3759 1192 3812 δὲ
1222 3758 1323 3829 τῆς
1360 3759 1682 3830 Ἑλληνικῆς
1709 3759 1884 3812 ταῦτα

293 3845 565 3916 κομψείας
575 3847 709 3915 γεγύ
719 3865 948 3917 μνωται,
962 3848 1100 3902 ἀλλά
1115 3849 1210 3901 καὶ
1227 3847 1334 3902 τῶν
1349 3847 1689 3918 πραγμάτων
1700 3841 1884 3918 ὧνπερ

291 3935 535 3989 διδάσκει
562 3938 660 4008 τὴν
687 3938 847 4008 φύσιν
876 3940 937 3993 ού
962 3941 1167 4011 σεμνήν
1188 3957 1310 3994 τινα
1333 3940 1446 4010 ἔχει
1479 3941 1573 3992 καὶ
1607 3939 1883 4010 περιφανῆ

293 4028 391 4081 καὶ
424 4029 808 4099 περίϐλεπτον.
854 4031 928 4085 Ού
976 4033 1086 4102 γὰρ
1121 4031 1407 4103 ὁρωμένην
1446 4031 1570 4084 τινὰ
1606 4033 1717 4095 τοῖς
1765 4031 1884 4085 θια-

295 4118 499 4182 σώταις
531 4120 867 4174 ἐπιδεικνῦσι
917 4122 1215 4192 βασιλείαν,
1254 4123 1533 4194 ἁλουργίδι
1564 4124 1610 4155 ³⁸
1650 4140 1886 4194 κοσμου-

295 4208 490 4279 μένην,
546 4211 642 4263 καὶ
699 4211 951 4283 στεφάνῳ
1005 4213 1484 4284 λαμπρυνομένην,
1526 4214 1621 4268 καὶ
1667 4213 1746 4284 τῷ
1779 4213 1886 4268 τῶν

291 4302 694 4373 ἁσπιδηφόρων
730 4306 776 4338 ⁸⁸
809 4307 904 4359 καὶ
931 4304 1246 4378 δορυφόρων
1291 4307 1389 4360 καὶ
1419 4307 1614 4378 πλήθει
1643 4308 1738 4361 καὶ
1791 4326 1884 4378 με-

293 4395 452 4462 γέθει
479 4396 914 4468 σεμνυνομένην,
939 4399 1031 4451 καὶ
1057 4398 1222 4468 τόσην
1247 4397 1399 4470 [ΗΞ]
1444 4399 1673 4469 ἔχουσαν
1726 4417 1889 4471 στρα-

294 4488 422 4540 τιάν
445 4487 514 4553 ’⁷,
547 4489 642 4541 καὶ
674 4492 1014 4560 στρατηγοὺς
1043 4490 1355 4560 ἀριστεύειν
1379 4493 1439 4543 ἐν
1463 4491 1724 4560 πολέμοις
1761 4491 1889 4545 δεδι-

1969 664 2174 730 edocti,
2206 662 2297 718 alii
2324 661 2749 734 publicanorum
2775 657 2983 716 mensis
3011 653 3288 719 assistere,
3316 650 3410 706 alii
3437 657 3558 705 ten-

1970 754 2111 810 toria
2139 753 2426 809 elaborare
2462 753 2634 818 soliti,
2677 749 2997 807 divinorum
3027 744 3375 816 eloquiorum
3409 742 3561 798 illico

1969 844 2234 911 ministri,
2262 844 2682 915 cmlestiumque
2704 843 2979 898 bonorum
3000 838 3410 908 dispensatores
3431 848 3561 904 pro-

1969 937 2196 1002 dierint,
2224 947 2283 992 et
2311 935 2581 992 salutiferi
2616 935 2890 990 malorum
2939 930 3264 1002 depulsores
3305 926 3561 994 claraque

1968 1025 2287 1092 luminaria,
2313 1041 2427 1082 non
2450 1041 2618 1082 unam
2644 1024 2809 1082 modo
2832 1032 3075 1096 gentem,
3103 1019 3200 1076 sed
3228 1032 3564 1088 quocunque

1970 1117 2052 1173 sol
2085 1117 2178 1181 hic
2219 1133 2384 1188 quem
2419 1119 2700 1174 cernimus
2737 1117 2921 1173 radios
2965 1113 3150 1170 fundit
3207 1108 3560 1166 illustrantia.

1969 1207 2332 1274 Admirantur
2355 1217 2540 1266 autem
2568 1215 2626 1264 et
2657 1207 3269 1279 suspiciunt‘pmeipue
3289 1199 3561 1262 universi,

1971 1301 2120 1372 quod
2139 1303 2255 1374 jam
2283 1301 2489 1358 mortui
2514 1317 2580 1357 ea
2605 1314 2755 1356 nunc
2776 1306 2999 1372 quoque
3019 1303 3304 1368 peragant,
3335 1304 3460 1362 qua:
3484 1290 3563 1344 vi-

1969 1401 2164 1449 ventes
2183 1392 2368 1449 facere
2394 1392 2666 1449 solebant.
2695 1391 2812 1448 lmo
2834 1403 2975 1451 vero
3015 1388 3176 1458 longe
3200 1385 3406 1456 majora
3436 1388 3565 1437 sunt

1971 1492 2026 1539 et
2054 1484 2288 1540 clariora
2316 1499 2438 1554 qua:
2464 1483 2535 1539 ab
2566 1483 2695 1549 illis,
2726 1491 3016 1554 postquam
3046 1480 3178 1535 hinc
3206 1477 3416 1541 abiere,
3471 1489 3565 1545 ge-

1972 1581 2058 1630 sta
2099 1582 2246 1630 sunt.
2291 1572 2431 1629 Cum
2467 1574 2619 1628 enim
2653 1587 2887 1642 corpora
2931 1569 3108 1626 induti
3139 1569 3286 1624 inter
3312 1565 3566 1621 homines

1969 1665 2360 1732 versabantur,
2393 1666 2559 1722 modo
2583 1665 2652 1722 ad
2681 1665 2804 1730 hos,
2847 1663 3014 1720 modo
3058 1661 3129 1718 ad
3170 1660 3293 1715 illos
3328 1657 3563 1729 populos

1973 1759 2331 1824 accedebant,
2358 1767 2415 1815 et
2455 1775 2606 1816 nunc
2638 1748 2938 1828 Romanos,
2969 1771 3120 1812 nunc
3165 1753 3435 1822 Hispanos
3467 1756 3564 1803 aut

1972 1848 2156 1906 Celtas
2183 1851 2633 1921 alloquebantur.
2668 1850 2968 1921 Postquam
3010 1851 3144 1903 vero
3182 1844 3250 1900 ad
3299 1843 3454 1897 illum
3504 1855 3565 1895 se

1971 1951 2303 2012 receperunt
2325 1957 2356 1996 a
2377 1957 2488 2012 quo
2508 1942 2660 1998 missi
2685 1941 2924 2005 fuerant,
2950 1951 3143 1994 omnes
3169 1934 3278 1990 illis
3301 1932 3564 1988 continue

1972 2031 2374 2102 perfruuntur:
2407 2048 2518 2088 non
2548 2034 2726 2089 solum
2757 2030 3015 2096 Romani,
3047 2028 3254 2100 quique
3288 2025 3564 2080 Romano-

1972 2136 2097 2176 rum
2120 2122 2315 2197 jugum
2357 2133 2564 2190 amant,
2601 2135 2658 2180 et
2685 2124 2756 2178 ab
2802 2123 2912 2178 illis
2954 2120 3353 2193 gubernantur,
3383 2113 3478 2170 sed
3508 2120 3565 2168 et

1973 2211 2176 2277 Persae,
2226 2219 2284 2268 et
2327 2210 2563 2284 Scythae,
2597 2221 2654 2268 et
2700 2212 3034 2284 Massagetae,
3082 2220 3139 2265 et
3180 2208 3460 2270 Sarmatae,
3508 2211 3566 2258 et

1973 2301 2116 2368 Indi,
2146 2308 2204 2357 et
2230 2301 2537 2375 Ethiopes,
2581 2311 2767 2374 atque,
2799 2309 2862 2357 ut
2909 2301 3081 2357 semel
3124 2299 3325 2362 dicam,
3371 2310 3566 2352 omnes

1977 2392 2116 2449 ﬁnes
2156 2402 2339 2451 terrae.
2373 2394 2582 2451 Horum
2617 2409 2856 2470 namque
2891 2394 3115 2464 scripta,
3148 2389 3416 2461 simplicia
3448 2388 3561 2452 illa,

1976 2481 2264 2557 Graecique
2292 2485 2490 2543 nitoris
2532 2486 2816 2556 expertia,
2865 2494 2982 2539 tum
3029 2499 3203 2555 pauca
3233 2496 3469 2537 numero
3508 2489 3566 2534 et

1977 2575 2192 2646 exigua,
2225 2577 2442 2633 cunctis
2475 2576 2798 2632 hominibus
2839 2575 3162 2630 charissima
3210 2582 3359 2636 sunt.
3407 2572 3566 2627 vobis

1977 2668 2244 2737 exceptis,
2275 2678 2332 2724 et
2353 2669 2399 2724 si
2423 2669 2568 2742 quis,
2594 2669 2787 2725 eadem
2813 2662 2923 2739 qua
2960 2675 3016 2723 et
3040 2683 3138 2722 vos
3164 2663 3567 2725 incredulitatis

1979 2755 2184 2811 nebula
2205 2758 2440 2824 offusus,
2463 2758 2715 2815 veritatis
2732 2759 2895 2830 iubar
2919 2757 3193 2828 inspicere
3215 2755 3374 2827 θοι
3405 2754 3564 2818 nolit.

1979 2848 2102 2903 Non
2129 2850 2308 2905 solum
2350 2858 2536 2906 autem
2566 2848 2766 2906 Graecae
2799 2848 3069 2905 facundiae
3106 2852 3302 2902 ornatu
3337 2848 3350 2865 '
3379 2852 3571 2900 carent

1981 2941 2094 3006 illa,
2132 2942 2229 2997 sed
2258 2950 2315 2998 et
2348 2957 2535 2997 rerum
2569 2956 2705 3012 quas
2747 2941 2951 2996 docent
2986 2955 3052 2995 ea
3091 2947 3176 2994 est
3210 2935 3474 3003 conditio,
3508 2943 3572 2990 ut

1982 3031 2332 3102 magniﬁcum
2362 3039 2419 3087 et
2461 3032 2673 3097 illustre
2707 3031 2846 3085 nihil
2877 3031 3132 3086 habeant.
3166 3029 3281 3084 Nec
3308 3028 3457 3083 enim
3489 3027 3574 3081 vi-

1984 3121 2147 3177 sibile
2176 3122 2400 3193 aliquod
2431 3137 2661 3193 regnum
2695 3121 3062 3178 sectatoribus
3087 3121 3203 3176 suis
3233 3127 3569 3192 proponunt,

1983 3231 2229 3285 purpura
2257 3224 2537 3280 ornatum,
2567 3222 2624 3271 et
2648 3229 2853 3270 corona
2883 3214 3180 3284 refulgens.
3209 3221 3577 3268 scutatorum-

1983 3321 2090 3376 que
2125 3321 2192 3361 ac
2217 3307 2544 3377 stipatorum
2571 3321 2808 3362 numero
2833 3315 2891 3362 et
2929 3305 3306 3378 magnitudine
3333 3305 3574 3361 circum-

1984 3406 2222 3466 septum,
2270 3405 2328 3451 et
2369 3397 2656 3467 copiosum
2699 3397 2912 3452 habens
2943 3397 3270 3462 exercitum,
3308 3412 3373 3452 ac
3407 3396 3578 3451 duces

1984 3487 2201 3542 fortiter
2244 3487 2303 3540 in
2352 3487 2499 3543 bello
2545 3503 2604 3543 se
2651 3493 2933 3559 gerentes,
2970 3488 3076 3543 alia
3118 3488 3357 3558 denique
3391 3489 3578 3544 omnia

1985 3594 2107 3648 quae
2148 3578 2292 3634 fama
2349 3579 2596 3634 illustres
2629 3593 2976 3650 possessores
3022 3592 3152 3633 suos
3195 3577 3452 3645 e’ﬁiciant,
3479 3579 3579 3634 sed

1985 3667 2304 3736 speluncam
2327 3676 2384 3723 et
2412 3682 2680 3738 praesepe,
2705 3676 2760 3724 et
2792 3668 3182 3738 pauperculam
3209 3667 3497 3738 virginem,
3523 3678 3580 3721 et

1985 3760 2137 3813 tenui
2175 3760 2346 3815 fascia
2389 3761 2712 3815 obvolutum
2749 3759 3078 3814 infantuium
3126 3760 3219 3814 illo
3252 3759 3308 3813 in
3349 3759 3578 3829 pra-sepi

1986 3845 2338 3910 reclinatum,
2366 3853 2420 3900 et
2446 3846 2731 3916 oppidum,
2754 3847 2809 3900 in
2829 3862 2939 3916 quo
2968 3847 3084 3901 lucc
3113 3856 3265 3918 gesta
3292 3857 3441 3913 sunt,
3475 3865 3580 3918 pu-

1987 3935 2172 3991 silium
2221 3945 2278 3991 et
2317 3936 2586 4007 ignobile;
2621 3939 2924 4012 crescentis
2957 3923 3148 3994 adhaee
3185 3939 3408 3994 infantis
3441 3956 3580 4010 pau—

1987 4037 2277 4098 pertatem,
2305 4037 2363 4083 et
2388 4028 2613 4095 famem,
2645 4037 2698 4083 et
2724 4029 2898 4109 sitim,
2928 4039 2984 4085 et
3011 4032 3330 4102 languorem
3358 4031 3425 4086 de
3452 4033 3538 4086 via
3562 4051 3578 4099 ;

1987 4127 2044 4174 et
2069 4128 2195 4189 post
2217 4119 2335 4174 haec
2357 4121 2667 4190 passionem
2697 4121 2766 4175 ab
2791 4121 3051 4176 omnibus
3075 4122 3442 4190 decantalam,
3473 4127 3583 4179 ala-

1987 4226 2085 4280 pas
2109 4211 2167 4265 in
2189 4210 2468 4266 maxillam
2494 4210 2764 4277 incussas,
2789 4219 2944 4283 terga
2968 4212 3154 4284 ﬂagris
3181 4215 3431 4279 discissa,
3457 4232 3585 4270 cru-

1988 4317 2130 4368 cem,
2171 4303 2376 4367 clavos,
2409 4301 2503 4367 fel,
2536 4313 2777 4368 acetum,
2811 4312 3067 4358 mortem.
3102 4305 3174 4359 Et
3217 4315 3422 4372 tamen,
3455 4322 3582 4362 cum

1988 4395 2107 4450 haec
2149 4403 2206 4450 et
2257 4395 2346 4452 his
2387 4393 2587 4449 similia
2632 4402 2863 4449 narrent
2913 4396 3291 4464 apostolorum
3341 4399 3579 4469 scripta,

1991 4485 2156 4540 ﬁdem
2210 4485 2465 4541 fecerunt
2518 4485 2735 4540 cunctis
2791 4485 3144 4552 hominibus,
3195 4489 3290 4543 Dei
3348 4490 3578 4554 Filium,

295 4565 625 4647 δαγμένους,
660 4582 756 4634 καὶ
791 4579 960 4634 τᾶλλα
1007 4582 1108 4636 ὅσα
1142 4581 1587 4653 πολυθρυλήτους
1632 4584 1757 4648 τοὺς
1795 4601 1880 4637 κε-

1995 4578 2280 4647 Deumque
2310 4583 2444 4632 ante
2477 4576 2674 4632 saecula
2704 4577 2974 4647 genitum,
3006 4586 3062 4633 et
3095 4578 3362 4636 factorem
3392 4597 3583 4638 rerum

298 4671 609 4741 κτημένους
655 4675 830 4725 ποιεῖ·
869 4672 1007 4728 ἀλλά
1052 4675 1335 4745 σπήλαιον,
1370 4676 1465 4728 καὶ
1511 4676 1742 4747 φάτνην,
1794 4679 1889 4730 καὶ

299 4760 573 4834 παρθένον
604 4764 879 4835 χερνῆτιν,
924 4765 1017 4818 καὶ
1045 4765 1248 4836 βρέφος
1284 4766 1525 4819 εὐτελέσι
1555 4767 1890 4838 σπαργάνοις

299 4850 482 4922 ἑνειλη
492 4853 651 4921 μένον
671 4853 741 4920 ³⁸,
770 4855 866 4909 καὶ
911 4855 1003 4908 ἐπὶ
1027 4856 1192 4924 κενῆς
1213 4857 1257 4888 ¹⁹
1299 4857 1632 4937 ἐρριμμένον
1658 4859 1758 4927 τῆς
1789 4859 1891 4927 φά-

297 4959 455 5011 τνης,
485 4945 603 5014 ,καὶ
652 4945 851 5015 χωρίον
900 4945 1087 5013 ἀδοξον
1126 4947 1221 4999 καὶ
1270 4947 1502 5018 σμικρὸν
1541 4949 1598 5000 ἐν
1631 4941 1676 5016 ᾧ
1717 4947 1889 5002 ταῦτα

299 5037 542 5103 ἐγένετο,
605 5038 699 5092 καὶ
748 5033 813 5091 αὖ
877 5039 1041 5093 πάλιν
1085 5039 1278 5093 πενίαν
1329 5040 1654 5112 αὐξηθέντος
1689 5040 1734 5072 ³ο
1794 5041 1889 5095 τοῦ

303 5127 562 5198 βρέφους,
602 5129 696 5182 καὶ
737 5132 928 5184 πεῖναν
955 5131 1022 5194 ³¹,
1053 5132 1148 5184 καὶ
1175 5129 1348 5200 δίψος,
1396 5131 1489 5185 καὶ
1527 5131 1618 5184 τὸν
1664 5131 1724 5197 ἐξ
1755 5133 1894 5185 ὁδοι-

301 5219 503 5292 πορίας
529 5220 712 5288 πόνον,
749 5223 845 5276 καὶ
880 5221 1020 5293 μετά
1051 5221 1225 5276 ταῦτα
1254 5222 1317 5276 τὸ
1346 5221 1494 5293 παρὰ
1525 5223 1743 5277 πάντων
1768 5223 1890 5294 ᾀδό-

1997 4669 2243 4724 omnium
2269 4676 2432 4738 atque
2466 4667 2718 4738 opiﬁcem
2749 4676 2892 4734 esSe,
2925 4669 3019 4740 qui
3050 4669 3345 4725 humanam
3373 4688 3587 4728 assum-

1996 4760 2103 4830 psit
2130 4768 2406 4825 naturam,
2439 4775 2539 4831 per
2587 4760 2818 4832 eamque
2849 4762 3078 4818 humani
3112 4767 3327 4835 generis
3353 4767 3586 4823 salutem

1997 4861 2258 4921 operatus
2289 4860 2393 4907 est.
2430 4852 2623 4923 Neque
2668 4869 2801 4908 vero
2843 4854 3168 4924 simpliciter
3219 4856 3381 4912 ﬁdem
3433 4860 3584 4916 fece-

1997 4953 2147 5008 runt,
2177 4943 2274 4999 sed
2300 4951 2504 4998 tantam
2536 4945 2699 4999 ﬁdem
2726 4945 2982 5015 plurimis
3008 4946 3328 5013 inﬁxernnt,
3357 4959 3415 5003 ut
3441 4968 3587 5007 tuor-

1997 5043 2110 5092 tem
2142 5051 2244 5105 pro
2264 5035 2642 5107 hisdogmatis
2671 5036 3036 5092 libentissime
3054 5038 3218 5108 902
3237 5049 3582 5110 oppeterent,

1996 5145 2173 5198 eaque
2217 5128 2451 5183 inﬁciari
2493 5127 2817 5198 iubentibus
2861 5128 3079 5199 linguas
3111 5131 3337 5187 minime
3383 5133 3584 5202 prode-

1996 5229 2143 5286 rent,
2167 5221 2264 5277 sed
2288 5219 2472 5292 ﬂagris
2493 5219 2754 5275 humeros
2775 5220 2987 5276 caedere
3009 5221 3344 5289 volentibus,
3373 5234 3427 5279 et
3454 5226 3588 5280 lam-

1619 5334 1781 5391 VARI
1795 5336 1858 5390 ΑΞ
1899 5335 2302 5392 LECTIONES.

379 5454 422 5484 ιτ
457 5450 824 5534 προσενέγκῃ.
861 5452 1220 5534 προσενέγκαι
1261 5452 1712 5534 Β,,;ττροεεεέγιξξι
1747 5453 1815 5534 53-

1923 5453 1967 5486 ¹⁸
1993 5451 2455 5522 ἐπεμφοροῦνται.
2488 5449 2857 5522 ἐμφοροῦνται
2886 5448 3078 5522 B,_Va_.

3185 5453 3228 5485 ¹⁹
3258 5453 3584 5515 διατελοῦσι.

296 5519 591 5594 διατελῶσι
617 5519 680 5577 C.
707 5519 884 5593 Supra
906 5519 972 5576 ὀί
1001 5519 1279 5594 ἀνθρωττοι
1305 5519 1411 5594 νὺξ
1453 5523 1498 5594 θ’
1531 5519 1611 5576 ὅτι
1631 5523 1717 5594 δή.
1744 5524 1825 5577 ὅτι
1853 5540 1916 5593 γε
1947 5522 2008 5589 Β,
2270 5519 2585 5594 φανότατοιέ
2614 5519 2936 5594 φανώτατοιῇ
2949 5519 3014 5584 Β,
3045 5520 3105 5576 C.
3143 5520 3264 5576 Mox
3293 5524 3350 5576 δὲ
3378 5542 3489 5580 om.
3521 5528 3585 5585 C.

299 5593 346 5626 "
391 5595 421 5644 ὁ
450 5591 748 5662 ὁρώμενος.
784 5591 829 5645 ’ὁ
857 5607 970 5648 om.
1010 5592 1081 5662 Β,
1106 5591 1211 5648 να.

304 5819 396 5853 νον
422 5803 567 5871 conj.
611 5801 864 5857 Ursinus.

973 5804 991 5836 ⁹
1014 5802 1339 5872 ἐπ’ἐκείνης.

307 5887 424 5942 νην.
455 5875 644 5927 πεῖναν
677 5871 736 5926 Β.

1413 5802 1473 5854 πὶ
1517 5801 1680 5873 κενῆς
1712 5803 1770 5858 Β.

1316 5593 1362 5623 ⁸³
1385 5593 1480 5644 καὶ
1527 5591 1872 5661 θαυμάζουσι
1890 5609 2001 5648 om.
2033 5593 2135 5647 Vb.
2192 5591 2315 5648 Mox
2347 5591 2601 5646 είώθασιν
2630 5591 2728 5661 Va.

300 5663 350 5734 ξ’
389 5660 693 5734 ἁλουργίδιἒ
710 5661 1116 5734 garoue-{me
1198 5663 1243 5694 “
1265 5661 1343 5734 τῷ
1403 5662 1512 5734 τῶν
1559 5660 1951 5734 ἀσπιδιφόρων.
2003 5663 2066 5716 τὸ
2099 5663 2209 5715 τῶν
2237 5661 2618 5734 ἀσπιδοφόρων
2647 5660 2707 5716 Β.

303 5733 350 5764 ιιι
407 5728 622 5794 εὐτελὲς
677 5730 783 5813 [ἐν]
831 5728 1165 5836 σπαργάνοις
1210 5728 1583 5855 ’ἐνειλημένοψ
1615 5728 1869 5817 εὐτελέσι
1930 5734 2273 5818 ,σπαργάνοις
2322 5728 2732 5856 ἐνεθιλημέιένον.
2771 5728 2813 5784 Β
2871 5728 2952 5802 [ἐν

304 5819 396 5853 νον
422 5803 567 5871 conj.
611 5801 864 5874 Ursinus.
973 5804 991 5836 ⁹
1014 5803 1339 5872 ἐπ’ἐκεινης.
1413 5802 1473 5854 πὶ
1517 5819 1680 5873 κενης
1712 5803 1770 5858 Β.
1850 5808 1892 5836 αθ
1925 5802 2329 5874 ενσυξηοέντος.
2363 5801 2532 5874 αυξηθ
2569 5819 2688 5866 ντος
2721 5800 2783 5873 ’Β
2817 5800 2952 5854 nevit

2835 5590 2882 5622 "
2912 5589 3053 5661 ἔχων
3092 5605 3368 5661 suprascr.
3422 5611 3475 5664 p.
3507 5613 3584 5653 ιιι.

2809 5659 2854 5692 ³⁷
2886 5663 3164 5721 στρατιάν.
3206 5665 3493 5721 στρατείαν
3519 5667 3582 5721 C.

2991 5677 3164 5715 ατιαν.
3206 5680 3267 5714 στ
3308 5677 3493 5717 ατειαν
3519 5677 3582 5723 υ.

2955 5677 3121 5802 Tom.
3152 5730 3222 5804 _C
3272 5681 3586 5804 ἵνειλιμμέ-

2601 5819 2688 5866 τος
2721 5800 2783 5873 ,Β
2817 5799 2972 5854 πενία
3009 5799 3190 5865 ἐναηξ.
3226 5804 3287 5858 C.
3392 5799 3587 5859 "Eiet-
