4088 6318
630 337 761 407 1011

1603 347 2091 408 THEODORETI
2131 348 2468 412 EPISCOPI
2502 350 2868 413 CYRENSIS

3739 343 3874 411 1011

627 453 862 522 padibus
893 453 1215 524 angulisque
1247 451 1443 520 latera,
1475 464 1530 512 et
1565 457 1807 514 cervices
1846 459 2042 530 gladiis
2068 477 2197 533 sup-

2304 479 2464 533 μενον
2489 462 2677 526 πάθος,
2700 462 2799 524 τὰς
2819 461 2910 515 hri
2936 459 3139 530 κόρρης
3160 455 3395 526 πληγάς,
3410 454 3508 519 τάς
3537 452 3681 508 κατά
3704 453 3873 507 νώτου

629 553 925 612 ponerent,
962 552 1017 598 et
1060 547 1330 616 tympanis
1370 561 1434 602 ac
1462 546 1698 603 ﬁdiculis
1732 549 2191 613 extenderentur,

628 643 684 687 et
713 634 848 702 palis
879 633 1253 704 iungerentur,
1282 648 1338 693 et
1371 637 1605 692 ﬂammis
1625 649 2011 706 exurerentur,
2039 647 2094 695 et
2127 640 2197 694 ab

628 725 958 780 immanibus
990 726 1120 783 feris
1149 728 1342 783 laniari
1387 745 1614 800 corpora
1645 746 1743 786 sua
1792 731 2197 801 conspicerent.

625 816 742 882 Qua
775 816 843 872 de
889 834 1052 874 causa
1082 828 1137 874 et
1167 821 1529 878 immortalem
1566 823 1674 879 illis
1708 824 1933 895 gloriam
1968 823 2202 878 contulit

626 909 942 965 certaminis
1000 911 1205 967 Prazses
1265 915 1692 984 memoriamque
1746 914 1899 970 nullo
1953 925 2201 984 tempore

625 995 944 1054 ﬁniendam.
966 1000 1099 1054 Nam
1120 1017 1244 1056 cum
1262 1012 1456 1058 cetera
1478 1005 1662 1059 omnia
1685 1020 2043 1076 corrumpere
2066 1015 2203 1060 tem-

624 1091 941 1156 pus-soleat,
974 1091 1170 1146 horum
1199 1102 1380 1148 tamen
1404 1095 1634 1165 gloriam
1675 1097 2050 1166 incorruptam
2082 1112 2202 1152 ser-

623 1178 790 1232 vavit.
829 1180 909 1236 Ac
954 1197 1235 1252 generosae
1275 1185 1495 1254 quidem
1515 1189 1715 1243 animae
1742 1187 2202 1258 triumphatorum

622 1270 824 1324 ccelum
860 1289 1007 1328 nunc
1048 1274 1426 1342 obambulant,
1460 1287 1516 1333 et
1547 1278 1862 1348 angelorum
1897 1278 2082 1333 choris
2114 1276 2201 1330 in-

623 1369 840 1415 tersunt
871 1380 883 1414 :
916 1378 1106 1418 eorum
1138 1380 1270 1419 vero
1299 1382 1529 1436 corpora
1558 1381 1668 1421 non
1697 1367 1911 1438 singula
1935 1368 2203 1438 cujusque

623 1453 868 1507 condunt
898 1463 1271 1521 monumenta,
1311 1457 1405 1510 sed
1467 1456 1632 1512 urbes
1671 1467 1728 1512 et
1761 1457 1868 1512 vici
1901 1458 2019 1512 haec
2060 1457 2205 1512 inter

623 1557 682 1597 se
707 1543 912 1611 partiti,
947 1543 1256 1599 animarum
1295 1546 1420 1601 illos
1450 1555 1762 1603 senatores
1793 1561 2201 1617 corporumque

620 1631 868 1688 medicos
900 1635 1197 1704 appellant,
1225 1645 1668 1706 veneranturque
1697 1650 1953 1707 tanquam
1979 1637 2200 1692 urbium

620 1723 941 1794 praesides"
985 1738 1149 1797 atque
1198 1729 1481 1793 custodes,
1515 1737 1572 1783 et
1613 1729 1810 1783 horum
1844 1730 1990 1799 apud
2027 1730 2197 1786 Deum

2302 553 2592 622 μάστιγας,
2637 552 2696 604 τὺ
2744 550 2936 621 ίκρίον,
2977 549 3104 612 τοὺς
3155 547 3342 618 ἥλους,
3367 545 3466 617 τὴν
3504 545 3670 616 χολὴν
3695 545 3767 609 η,
3815 545 3878 597 τὸ

2300 631 2440 709 ὅξος,
2471 645 2561 697 τὸν
2592 643 2836 697 θάνατον.
2879 640 3019 695 Ἀλλ’
3051 641 3197 709 ὅμως
3224 639 3397 694 ταῦτα
3429 637 3526 692 καὶ
3555 635 3625 689 τά
3654 634 3879 689 τοιαῦτα

2300 734 2631 804 διηγούμενα
2668 734 2734 786 τά
2759 733 2865 787 τῶν
2891 732 3203 786 ἀποστόλων
3225 732 3269 763 ³⁸
3295 731 3700 800 ξυγγράμματα
3730 727 3878 780 ἒπει-

2304 841 2395 877 σεν
2413 825 2658 887 ἃπαντας
2675 823 2721 854 “
2745 821 3085 892 ἀνθρώπους,
3110 822 3191 874 ὅτι
3216 819 3341 884 ne;
3357 818 3452 872 τοῦ
3473 816 3607 871 Θεοῦ
3632 818 3725 869 καὶ
3744 816 3880 878 Θεδς

2303 909 2646 984 πρωιώνιος,
2665 909 2877 963 καὶτῶν
2897 909 3151 963 ἁπάντων
3169 907 3397 978 ποιητὴς
3414 908 3509 960 καὶ
3524 906 3588 973 δη
3595 905 3876 976 μιουργδς,

2301 1002 2330 1054 ό
2355 1002 2454 1072 τὴν
2483 1001 2826 1074 ἀνθρωπείαν
2859 1001 3062 1064 ὑποδὺς
3096 999 3276 1069 φύσιν,
3301 999 3396 1052 καὶ
3423 999 3512 1051 διὰ
3539 997 3749 1066 ταύτης
3780 997 3880 1064 τὴν

2302 1094 2410 1149 τῶν
2433 1093 2734 1166 ἀνθρώπων
2747 1093 3310 1165 πραγματευσάμενος
3329 1090 3623 1162 σωτηρίαν.
3648 1090 3761 1142 Καὶ
3782 1091 3880 1160 οὐχ

2303 1185 2490 1250 ἀπλῶς
2506 1185 2742 1252 ἔπεισεν,
2755 1185 2889 1240 ἀλλὰ
2905 1183 3174 1255 τοσαύτην
3191 1200 3254 1251 γε
3272 1182 3453 1236 πίστιν
3468 1185 3578 1244 τοῖς
3600 1181 3879 1245 πλείστοις

2303 1279 2628 1344 ἐντέθεικεν,
2651 1279 2726 1344 ὡς
2741 1279 2931 1350 ἥδιστα
2950 1278 3040 1332 τὸν
3060 1278 3200 1347 ὑπὲρ
3218 1275 3384 1328 τῶνδε
3403 1276 3512 1328 τῶν
3531 1274 3876 1344 δογμάτων⁸³

2304 1369 2700 1434 καταδέξασθαι
2726 1370 2973 1435 θάνατον,
2997 1370 3217 1434 καὶτοῖς
3240 1366 3542 1438 ἀρνηθῆναι
3562 1365 3879 1418 κελεύουσιν

2301 1461 2502 1531 ἥκιστα
2531 1460 2629 1530 μιν
2660 1460 2919 1531 προέσθαι
2943 1460 3042 1521 τὰς
3063 1457 3326 1526 γλώττας,
3354 1458 3633 1527 προτεῖναι
3649 1455 3692 1485 ³⁸
3724 1455 3783 1507 δὲ
3811 1453 3879 1507 τά

2303 1552 2446 1605 νῶτα
2476 1552 2589 1614 τοῖς
2619 1551 2857 1605 ἐθέλουσι
2885 1549 3199 1622 μαστιγοῦν,
3223 1548 3315 1602 καὶ
3340 1547 3585 1616 λαμπάσι
3616 1547 3712 1599 καὶ
3729 1545 3878 1609 ὄνυξι

2301 1642 2400 1706 τάς
2444 1645 2718 1714 πλευρὰς,
2771 1644 2862 1695 καὶ
2914 1642 3041 1704 τοὺς
3083 1640 3311 1711 αὐχένας
3358 1639 3636 1693 ὑποθεῖναι
3676 1638 3721 1670 ³’
3767 1640 3878 1701 τοῖς

2305 1733 2503 1801 ξίφεσι,
2553 1735 2646 1786 καὶ
2675 1730 3222 1804 ἀποτυμπανισθῆναι
3275 1728 3568 1800 προθύμως
3604 1726 3701 1780 καὶ
3743 1727 3876 1779 ἀνα-

623 1815 1008 1872 universorum
1033 1819 1344 1874 interventu
1367 1818 1550 1874 divina
1570 1835 1670 1888 per
1693 1834 1788 1876 eos
1813 1834 2042 1874 munera
2065 1836 2197 1875 con-

2301 1822 2749 1892 σκινδαλευθῆναι
2777 1820 2844 1885 ³⁸,
2877 1823 2972 1875 καὶ
3003 1822 3184 1892 μέντοι
3218 1820 3312 1874 καὶ
3338 1818 3751 1890 ιμπρησθῆναι,
3786 1817 3879 1868 καὶ

622 1913 946 1974 sequuntur.
985 1907 1158 1963 Sectis
1188 1924 1380 1963 eorum
1413 1909 1759 1979 corporibus,
1787 1911 1994 1982 integra
2030 1919 2085 1966 et
2109 1912 2196 1966 in-

622 1993 796 2052 divisa
822 1997 993 2066 gratia
1025 2008 1344 2068 perseverat
1371 2017 1384 2052 :
1413 2006 1470 2054 et
1502 2007 1695 2054 tenues
1729 2000 1833 2054 illa:
1872 2015 1936 2054 ac
1971 2001 2198 2056 tantilla:

623 2085 869 2155 reliquiae
900 2088 1114 2158 integro
1147 2090 1434 2159 nullasque
1472 2090 1529 2143 in
1565 2097 1751 2159 partes
1777 2091 2015 2145 dissecto
2049 2106 2196 2144 mar-

624 2178 728 2246 tyri
758 2194 946 2248 parem
978 2180 1183 2234 habent
1211 2183 1490 2236 virtutem.
1516 2182 1646 2248 Quae
1675 2181 1823 2236 enim
1854 2190 1995 2237 astat
2025 2182 2198 2253 gratia

623 2265 770 2323 dona
799 2270 1099 2336 distribuit,
1125 2280 1180 2326 et
1212 2271 1317 2327 ﬁde
1353 2272 1776 2349 supplicantium
1810 2273 2197 2327 liberalitatem

625 2359 872 2412 metitur.
909 2360 1016 2415 Vos
1043 2369 1224 2414 autem
1271 2376 1340 2416 ne
1385 2362 1500 2417 haec
1532 2363 1752 2431 quidem
1802 2362 2101 2428 adducunt,
2137 2371 2199 2419 ut

625 2444 823 2502 horum
857 2449 1026 2503 Deum
1052 2449 1307 2515 laudetis,
1332 2452 1428 2506 sed
1454 2452 1719 2509 deridetis
1742 2470 1807 2509 ac
1835 2455 2078 2510 ludibrio
2101 2457 2199 2511 ha-

623 2537 768 2594 betis
788 2539 1053 2595 honorem
1083 2542 1177 2612 qui
1203 2543 1288 2597 his
1331 2544 1530 2613 passim
1555 2545 1624 2600 ab
1651 2546 1910 2600 omnibus
1930 2547 2196 2613 defertur,

622 2639 680 2685 ct
700 2631 1127 2687 abominandum
1152 2635 1334 2690 scelus
1357 2635 1558 2690 ducitis
1583 2637 1648 2690 ad
1673 2652 1864 2691 eorum
1889 2638 2048 2691 busta
2074 2655 2199 2708 pro-

622 2721 746 2794 pius
777 2723 1060 2779 accedere.
1085 2725 1308 2790 Verum,
1337 2727 1438 2782 etsi
1485 2729 1744 2784 mortales
1773 2743 1964 2783 omnes
1993 2729 2079 2783 his
2115 2746 2200 2784 re-

623 2812 730 2868 bus
749 2813 910 2884 903
944 2814 1377 2881 oﬂ’enderentur,
1406 2815 1622 2872 Gmcos
1656 2827 1805 2872 certe
1851 2819 1938 2871 his
1971 2833 2199 2872 succen-

623 2913 745 2954 sere
779 2915 889 2954 non
926 2901 1112 2956 decuit
1157 2919 1170 2955 :
1219 2918 1456 2972 quorum
1504 2920 1702 2974 nempe
1736 2913 1865 2959 sunt
1906 2906 2198 2967 libamina,

621 2998 680 3045 et
699 2992 1057 3061 expiationes,
1093 3000 1148 3047 et
1177 2993 1394 3059 heroes,
1421 3003 1475 3049 et
1505 2995 1757 3059 semidei,
1784 3005 1838 3051 et
1868 2996 2119 3051 homines
2143 2996 2199 3052 in

622 3079 758 3135 deos
811 3081 988 3136 relati.
1019 3082 1154 3136 Nam
1217 3082 1507 3139 Herculem
1548 3084 1824 3140 hominem
1861 3094 2069 3149 natum,
2102 3085 2198 3139 Al-

622 3186 828 3228 cmena:
856 3182 910 3227 et
933 3173 1330 3243 Amphitrionis
1355 3175 1548 3240 ﬁlium,
1565 3177 1757 3241 Deum,
1787 3185 1845 3230 ut
1869 3176 2000 3245 ipsis
2023 3177 2200 3230 visum

622 3271 729 3328 est,
752 3265 1160 3328 renuntiarunt,
1187 3265 1402 3335 diisque
1425 3267 1546 3321 aliis
1572 3267 2022 3321 adnumerarunt.
2045 3266 2200 3333 Quod

622 3363 808 3408 autem
839 3363 892 3408 et
918 3355 1069 3408 Plato
1097 3355 1250 3410 illum
1281 3358 1679 3427 Amphitrionis
1709 3357 1880 3412 ﬁlium
1907 3358 2076 3412 fuisse
2105 3374 2202 3412 no-

621 3442 784 3508 verit,
817 3459 927 3498 non
969 3445 1137 3508 Jovis,
1184 3447 1481 3517 ipsummet
1526 3449 1712 3504 audite
1743 3451 1798 3505 in
1840 3451 2092 3504 Theaeteto
2124 3452 2203 3507 sic

623 3534 936 3606 loquentem
966 3540 1040 3608 (p.
1063 3541 1166 3594 175
1179 3541 1244 3610 Α)
1275 3558 1320 3595 :t
1343 3541 1655 3608 Quinetiam
1682 3545 1904 3613 quando
1929 3545 2052 3614 quis
2076 3546 2202 3600 stir-

622 3641 750 3699 pem
785 3629 1026 3698 quinque
1056 3640 1111 3684 et
1145 3632 1336 3702 viginti
1379 3635 1647 3704 majorum
1683 3636 2018 3695 dinumerat,
2046 3647 2102 3690 et
2145 3638 2200 3689 in

621 3717 1035 3790 Amphitryonis
1067 3720 1237 3775 ﬁlium
1275 3724 1565 3779 Herculem
1595 3728 1864 3797 originem
1898 3727 2084 3791 refert,
2122 3728 2204 3782 in-

623 3808 786 3881 digna
809 3819 1110 3865 memoratu
1141 3827 1231 3867 res
1257 3815 1333 3868 illi
1360 3815 1596 3870 videtur.
1622 3817 1777 3882 Quod
1801 3818 1946 3872 enim
1976 3818 2067 3871 ille
2089 3820 2198 3888 jam

624 3900 752 3954 inde
789 3901 856 3955 ab
882 3901 1114 3958 Hercule
1140 3904 1366 3974 quintus
1395 3913 1451 3960 et
1473 3906 1770 3963 vicesimus
1796 3907 1921 3962 talis
1943 3919 2047 3973 est,
2075 3924 2199 3962 cum

625 3990 789 4045 talem
819 3991 1040 4047 fortuna
1061 3993 1271 4060 fecerit,
1295 3994 1508 4050 etiamsi
1536 3997 2018 4068 quinquagesimus
2041 3999 2109 4053 ab
2131 4013 2201 4054 eo

624 4081 716 4147 sit,
744 4081 908 4148 ridet,
934 4092 1190 4153 tanquam
1225 4101 1341 4150 eos,
1373 4087 1466 4156 qui
1497 4096 1752 4155 reputare
1777 4097 1832 4142 et
1860 4089 2081 4159 abigere
2117 4089 2201 4143 in.

623 4187 770 4229 sane
801 4174 999 4228 mentis
1029 4176 1322 4230 vanitatem
1363 4191 1472 4230 non
1517 4177 1745 4246 possint.
1778 4196 1796 4228 ι
1828 4177 2036 4232 Rhetor
2066 4195 2202 4249 quo-

623 4279 731 4334 que
752 4263 1016 4319 Isocrates
1041 4267 1119 4320 sic
1143 4267 1219 4320 ait
1243 4267 1320 4336 (p.
1350 4266 1417 4319 15
1444 4267 1510 4336 Α)
1545 4284 1558 4320 :
1593 4286 1610 4318 ι
1640 4267 1856 4336 Jupiter
1878 4269 2047 4334 enim,
2074 4285 2200 4324 cum

624 4355 910 4411 Herculem
945 4372 1009 4412 ac
1038 4357 1326 4412 Tantalum
1375 4360 1672 4429 genuisset,
1703 4369 1764 4413 ut
1790 4369 1874 4414 est
1912 4361 1967 4414 in
1999 4360 2200 4416 fabulis

2298 1912 2472 1982 θῆρας
2505 1912 2731 1981 ἀγρίους
2763 1911 2890 1965 ίδεῐν
2923 1911 3278 1980 θοινωμένους
3307 1910 3351 1941 ³⁸
3395 1908 3462 1960 τά
3501 1907 3757 1977 σώματα.
3787 1905 3880 1976 τῷ

2297 2018 2381 2055 τοι
2427 2002 2523 2057 καὶ
2560 2000 2824 2055 ἄσϐεστον
2869 2001 3052 2061 αὐτοῖς
3083 1999 3112 2052 ό
3152 1997 3516 2066 Ἀγωνοθέτης
3562 1996 3880 2067 ἐδωρήσατο

2298 2092 2477 2158 κλέος,
2517 2095 2613 2144 καὶ
2659 2093 2878 2163 μνήμην
2927 2090 3166 2144 νικῶσαν
3197 2089 3294 2142 τοῦ
3335 2089 3527 2160 χρόνου
3559 2088 3658 2157 τὴν
3690 2088 3874 2157 φύσιν.

2297 2184 2599 2254 Μαραίνειν
2625 2183 2735 2253 γὰρ
2779 2183 2844 2254 δὴ
2890 2176 3044 2244 οὗτος
3080 2182 3125 2213 ⁵⁸
3172 2179 3388 2234 ἅπαντα
3431 2178 3731 2247 πεφυκὼς,
3778 2178 3878 2246 τὴν
3917 2228 3933 2240 ,

2296 2275 2501 2329 τούτων
2537 2275 2849 2345 ἀμάραντον
2880 2273 3164 2343 διετήρησε
3193 2271 3368 2337 δόξαν.
3403 2272 3510 2323 Καὶ
3539 2271 3593 2322 αί
3623 2270 3723 2339 μὲν
3753 2282 3875 2335 γεν-

2298 2371 2443 2423 ναῖαι
2478 2366 2586 2420 τῶν
2625 2366 2937 2436 νικηφόρων
2972 2363 3140 2433 ψυχαὶ
3181 2360 3534 2433 περιπολοῦσι
3574 2360 3669 2412 τὸν
3706 2365 3875 2429 οὐρα-

2298 2458 2540 2524 νὸν,τοῖς
2570 2454 2939 2525 ἀσωμάτοις⁸¹
2975 2454 3154 2523 χοροῖς
3195 2451 3625 2522 συγ-χορεύουσαι
3648 2469 3660 2481 ·
3705 2450 3777 2502 τά
3821 2450 3877 2503 δὲ

2300 2549 2530 2620 σώματα
2561 2548 2658 2617 οὐχ
2690 2543 2770 2610 εἷς
2803 2547 2920 2609 ἑνὸς
2949 2546 3178 2600 ἑκάστου
3210 2544 3584 2614 κατακρύπτει
3613 2544 3786 2612 τάφος
3809 2543 3874 2606 δ’,

2298 2639 2434 2694 ἀλλὰ
2467 2638 2649 2698 πόλεις
2687 2635 2782 2690 καὶ
2814 2635 2998 2704 κῶμαι
3037 2634 3208 2688 ταῦτα
3247 2633 3666 2703 διανειμάμεναι
3705 2633 3876 2702 σωτῆ-

2303 2747 2399 2799 ρας
2420 2727 2535 2799 [καὶ
2557 2726 2624 2799 ⁸³]
2654 2726 2841 2796 ψυχῶν
2863 2726 2956 2778 καὶ
2989 2725 3205 2795 ίατροὺς
3231 2725 3500 2793 σωμάτων
3527 2723 3872 2793 ὀνομάζουσι,

2300 2821 2392 2874 καὶ
2419 2820 2493 2881 ὡς
2523 2817 2840 2886 πολιούχους
2867 2815 3070 2885 τιμῶσι
3098 2815 3192 2869 καὶ
3227 2815 3492 2883 φύλακας·
3530 2815 3626 2866 καὶ
3659 2813 3875 2884 χρώμε-

2300 2928 2379 2964 νοι
2420 2909 2784 2979 πρεσϐευταῖς
2825 2907 2961 2977 πρὸς
3005 2906 3094 2959 τὸν
3133 2906 3243 2958 τῶν
3268 2906 3404 2958 ὅλων
3449 2905 3748 2974 Δεσπότην,
3787 2904 3873 2958 διά

2299 3001 2504 3054 τούτων
2539 2999 2635 3061 τὰς
2670 2997 2818 3060 θείας
2837 2997 3152 3066 κομίζονται
3180 2995 3406 3066 δωρεάς·
3437 2996 3531 3047 καὶ
3587 2994 3874 3065 μερισθέν-

2301 3107 2392 3153 τος
2418 3089 2513 3143 τοῦ
2546 3089 2816 3159 σώματος,
2851 3086 3202 3157 ἀμέριστοςὴ
3240 3086 3400 3156 χάρις
3432 3085 3731 3155 μεμένηκε.
3769 3085 3877 3140 Καὶ

2300 3180 2362 3233 τὸ
2391 3179 2621 3250 σμικρὸν
2655 3179 2831 3230 έκεῖνο
2859 3179 2954 3230 καὶ
2979 3176 3316 3247 βραχύτατον
3342 3176 3594 3244 λείψανον
3624 3177 3722 3245 τὴν
3756 3177 3876 3246 ίσην

2302 3272 2413 3342 ἔχει
2457 3272 2686 3340 δύναμιν
2727 3269 2806 3338 τῷ
2858 3269 3080 3339 μηδαμῆ
3120 3268 3384 3338 μηδαμῶς
3430 3265 3875 3337 διανεμηθέντιδδ

2306 3363 2561 3432 μάρτυρι.
2598 3361 2660 3412 Ἠ
2685 3359 2793 3430 γὰρ
2821 3358 3132 3412 ἐπανθοῦσα
3160 3361 3320 3429 χάρις
3345 3359 3588 3428 διανέμει
3610 3361 3678 3410 τὰ
3705 3358 3874 3428 δῶρα,

2300 3457 2366 3522 τῇ
2401 3453 2580 3504 πίστει
2611 3451 2720 3504 τῶν
2747 3451 3077 3522 προσιόντων
3107 3449 3204 3520 τὴν
3234 3449 3546 3519 φιλοτιμίαν
3580 3450 3874 3520 μετροῦσι.

2310 3543 2486 3613 ’Υμᾶς
2509 3542 2564 3593 δὲ
2587 3541 2704 3592 οὐδὲ
2723 3540 2893 3592 ταῦτα
2918 3540 3092 3593 πείθει
3118 3540 3206 3592 τὸν
3226 3540 3431 3592 τούτων
3456 3541 3693 3610 ὑμνῆσαι
3723 3541 3874 3604 Θεὸν,

2301 3633 2438 3686 ἀλλὰ
2465 3631 2657 3700 γελᾶτε
2690 3631 2782 3682 καὶ
2805 3629 3115 3699 κωμῳδεῖτε
3150 3627 3210 3680 τὸ
3239 3629 3447 3691 τούτοις
3476 3630 3625 3698 παρὰ
3660 3631 3874 3683 πάντων

2302 3723 2746 3794 προσφερόμενον
2790 3721 2958 3788 γέρας
2983 3761 2997 3780 ,
3035 3721 3129 3772 καὶ
3167 3719 3336 3789 μῦσος
3380 3721 3789 3790 ὑπολαμϐάνετε
3819 3722 3879 3774 τὺ

2300 3809 2557 3874 πελάζειν
2593 3811 2702 3871 τοῖς
2737 3810 2951 3875 τάφοις.
2988 3809 3050 3862 Εἰ
3081 3809 3136 3860 δὲ
3163 3809 3207 3840 ⁸⁵
3237 3811 3330 3862 καὶ
3370 3811 3568 3872 πάντες
3603 3811 3874 3881 ἂνθρωποι

2299 3901 2508 3964 τούτοις
2543 3900 2905 3971 προσέπταιον
2929 3899 2995 3960 ⁸⁸,
3025 3898 3139 3950 ἀλλ’
3174 3894 3267 3953 οὖν
3295 3901 3337 3931 δ’
3372 3901 3638 3971 Ἕλληνας
3687 3903 3875 3972 μόνους

2299 3995 2536 4066 νεμεσᾷν
2567 3993 2678 4051 τοῖς
2712 3991 2854 4043 οὕτω
2895 3990 3193 4060 δρωμένοις
3225 3992 3324 4044 οὑκ
3357 3992 3491 4045 Edu-
3530 3993 3735 4046 τούτων
3770 3995 3877 4065 γάρ

2299 4103 2381 4139 τοι
2421 4087 2475 4138 αί
2515 4084 2666 4154 χοαὶ,
2700 4083 2794 4135 καὶ
2827 4083 2895 4135 τά
2945 4082 3321 4151 ἐναγίσματα,
3371 4086 3466 4138 καὶ
3491 4085 3536 4117 ⁸⁸
3579 4089 3627 4138 οἱ
3667 4088 3871 4155 ἥρωες,

2302 4177 2395 4230 καὶ
2413 4174 2507 4247 [οἱ]
2534 4173 2767 4244 ἡμίθεοι,
2792 4173 2886 4225 καὶ
2905 4175 2953 4226 οἱ
2981 4173 3386 4243 θεοποιούμενοι
3404 4175 3700 4245 ἀνθρωττοι.
3728 4175 3870 4248 {illi}

2301 4268 2412 4321 Καὶ
2462 4266 2571 4336 γάρ
2626 4265 2715 4317 τὸν
2772 4264 3081 4333 Ἡρακλέα,
3127 4264 3417 4334 ἄνθρωπον
3476 4270 3739 4334 γεγονότα
3784 4273 3872 4323 καὶ

2313 4359 2621 4428 Ἀλκμήνης
2656 4356 2821 4409 παῖδα
2853 4356 2948 4408 καὶ
2988 4357 3432 4426 Ἀμφιτρύωνος.
3463 4361 3557 4412 καὶ
3593 4360 3714 4428 θεὸν
3775 4363 3875 4415 άπ-

623 4453 933 4522 passimque
973 4452 1044 4506 ab
1076 4452 1335 4507 omnibus
1364 4453 1628 4507 creditur.
1681 4473 1699 4505 ι
1730 4436 1844 4508 lloc
1883 4461 2044 4522 pacto
2074 4453 2198 4507 irri-

2302 4451 2504 4520 ἔφηναν
2529 4449 2604 4511 ὠς
2627 4446 2904 4515 ἐνόμισαν,
2937 4448 3156 4510 καὶτοῖς
3173 4449 3352 4511 ἄλλοις
3379 4449 3520 4513 θεοῖς
3550 4451 3876 4524 ξυνηρίθμη.

622 4543 846 4607 debant,
881 4544 974 4613 qui
1010 4544 1320 4613 perspicere
1358 4551 1614 4613 poterant
1654 4545 1834 4613 qualia
1863 4554 2048 4599 essent
2077 4561 2199 4614 qua:

623 4635 714 4690 alii
738 4635 939 4689 fabulis
963 4634 1435 4688 commendabant.
1463 4633 1530 4688 Et
1550 4642 1729 4688 tamen
1761 4636 1924 4689 homo
1955 4636 2045 4689 ille
2072 4652 2195 4690 cum

622 4733 786 4787 esset,
825 4733 988 4793 atque
1018 4724 1321 4794 Eurystheo
1349 4724 1552 4778 servire
1567 4733 1877 4792 cogeretur,
1903 4735 1958 4779 et
1997 4726 2197 4794 templa

624 4816 704 4869 illi
735 4825 790 4869 et
829 4831 948 4869 aras
983 4815 1311 4880 excitarunt,
1359 4825 1417 4870 et
1457 4815 1725 4870 sacriﬁcia
1769 4816 2108 4880 obtulerunt,
2139 4824 2196 4870 et

624 4905 743 4960 dies
785 4906 951 4959 festos
996 4905 1275 4970 dicarunt,
1322 4904 1488 4979 90‘.
1528 4922 1637 4959 non
1690 4906 1976 4976 Spartiatae
2005 4908 2105 4962 soli
2138 4919 2196 4964 et

623 4997 1002 5061 Athenienses,
1039 4996 1133 5050 sed
1167 4996 1374 5051 Graecia
1405 4996 1679 5059 universa,
1712 5005 1767 5049 ct
1797 4997 2026 5066 Europa:
2067 5012 2196 5067 pars

2307 4556 2403 4592 σαν
2437 4539 2502 4592 δ’.
2549 4539 2669 4591 Ὅτι
2696 4538 2752 4590 δὲ
2802 4540 2896 4592 καὶ
2939 4542 2966 4593 ό
3018 4539 3242 4594 Πλάτων
3282 4542 3691 4613 Ἀμφιτρύωνος
3719 4547 3875 4599 αὐτὸν

2303 4627 2441 4684 οἶδεν
2472 4629 2603 4694 υἱὸν,
2636 4631 2729 4683 καὶ
2757 4631 2817 4682 ού
2842 4630 2936 4683 τοῦ
2967 4632 3012 4663 ⁸⁸
3044 4633 3192 4694 Διὸς,
3227 4633 3498 4686 ἀκούσατε
3529 4635 3594 4705 δὴ
3628 4636 3793 4688 αὑτοῦ
3819 4641 3873 4690 ιν

2303 4721 2380 4790 τῷ
2411 4721 2702 4786 Θεαιτήτῳ
2731 4720 3000 4788 λέγοντος·
3035 4741 3053 4773 ι
3086 4723 3223 4776 Ἀλλ’
3261 4725 3353 4776 ἐπὶ
3385 4725 3547 4778 πέντε
3581 4727 3676 4779 καὶ
3706 4728 3871 4782 εἴκοσι

2303 4814 2588 4883 καταλόγῳ
2628 4813 2905 4880 προγόνων
2937 4817 3348 4884 σεμνυνομένων
3383 4817 3474 4868 καὶ
3500 4819 3871 4887 ἀναφερόντων

2301 4907 2382 4965 είς
2430 4903 2700 4972 Ἠρακλέα
2729 4903 2820 4956 τὸν
2863 4903 3271 4973 Ἀμφιτρύωνος
3300 4905 3474 4959 άτοπα
3504 4907 3656 4975 αὑτῷ
3695 4909 3870 4974 φαίνε-

2305 4992 2427 5046 σθαι
2463 4993 2560 5062 τῆς
2591 4991 2979 5065 σμικρολογίας
3013 5009 3025 5022 ·
3061 4993 3143 5046 ὅτι
3173 4993 3230 5045 δὲ
3281 4992 3692 5064 Ἀμφιτρύωνος
3719 4995 3760 5025 ⁵²
3798 4995 3873 5057 είς

1928 5135 2161 5190 VARle
2203 5130 2605 5190 LECTIONES.

715 5254 763 5284 η
791 5251 971 5320 χολὴν.
1006 5251 1204 5318 λόγχην
1235 5251 1332 5306 Va.
1411 5251 1458 5282 ³³
1481 5251 1549 5302 τά
1577 5250 1685 5302 τῶν
1724 5250 2052 5302 ἀποστόλων.
2101 5249 2224 5320 τῶν
2265 5245 2577 5320 ἀποστόλων
2617 5244 2684 5320 ’Ξά
2719 5243 2825 5320 B.__
2928 5245 3426 5320 agitassem;
3449 5245 3641 5320 B,_V'a.
3787 5247 3866 5298 δο-

624 5323 870 5390 γμάτων.
901 5321 1238 5390 πραγμάτων
1272 5320 1373 5390 νδ.

1481 5321 1525 5351 ⁸⁸
1553 5321 1849 5384 προτεῖναι.
1886 5320 2167 5389 προθεῖναι
2296 5316 2594 5389 προσθῆναι
2622 5313 2685 5369 C.

2782 5314 2825 5384 ἔτ
2856 5314 3146 5367 ὑποθεῖναι.
3193 5315 3459 5384 ὑποθῆναι
3503 5315 3565 5371 C.
3670 5316 3713 5346 ⁸⁸
3746 5317 3869 5366 ἁνα-

629 5383 868 5456 σκινδαλ.
899 5383 1238 5456 ἀναέκινδυλ.
1287 5388 1329 5442 C
1390 5383 2060 5456 ἀνασκολοπισθῆναι’νῒ).
2143 5389 2188 5420 ⁸⁵
2214 5383 2592 5456 θοινωμένους.
2625 5399 2735 5456 non
2777 5383 2848 5436 ita
2894 5384 2936 5437 B
2968 5399 3048 5456 pr.
3083 5383 3527 5456 θυνουμένουςΟ.
3607 5385 3654 5417 ⁸⁸
3680 5402 3784 5453 γαρ
3811 5384 3868 5453 δὴ

625 5453 797 5522 οὗτος.
847 5460 954 5526 γὰρ
982 5452 1136 5520 οὗτος
1187 5459 1282 5528 γε.
1336 5459 1443 5528 γὰρ
1498 5458 1558 5525 δὴ

623 5547 746 5580 κατ.
776 5529 985 5598 ταφεΒ,
1009 5528 1105 5581 Va.
1184 5527 1229 5558 ⁸³
1264 5528 1356 5598 καὶ
1385 5530 1523 5598 ίατρ.
1548 5528 1614 5598 ΔΒ.

627 5589 1014 5668 προσέπαιζον.
1046 5598 1086 5650 Β
1116 5598 1251 5668 πρὸς
1285 5589 1502 5650 ἔπαινον
1533 5595 1593 5651 C.
1664 5597 1706 5628 ’⁸⁷
1740 5599 1837 5668 ούκ
1876 5589 1946 5636 έ-
1969 5589 2126 5668 μόνον
2147 5626 2217 5636 —-
2238 5589 2374 5668 sagi:
2413 5589 2504 5668 (ξύν
2524 5623 2594 5668 τ-

1605 5459 1705 5512 Vb.
1771 5453 1823 5489 “V
1843 5459 2176 5526 ἀσωμάτοις.
2208 5458 2516 5526 ἀσωμάτων
2547 5453 2608 5507 C.

1691 5527 1735 5558 “
1759 5523 2159 5596 διανεμηθέντι.
2199 5524 2600 5596 διαμερισ-θέντι
2629 5523 2733 5596 V_b.

2682 5455 2726 5484 δ’
2759 5453 3130 5522 κατακρύπτει
3160 5455 3328 5520 τάφος
3365 5455 3613 5507 ἑκάστου.
3650 5456 3868 5506 ἑκάστου

2814 5523 2858 5552 ⁸⁵
2884 5524 2930 5573 εί
2954 5523 3026 5575 δέ.
3055 5523 3232 5594 ἀλλἐί
3257 5524 3357 5577 Vb.
3435 5525 3479 5594 δέ
3515 5525 3868 5594 προσέπταιον

2614 5593 2885 5662 μόνους-
2914 5594 3013 5644 οὐκ
3060 5593 3164 5646 ἔδει
3192 5593 3252 5659 Β,
3284 5594 3379 5647 Va.
3459 5593 3505 5625 ⁸⁸
3537 5593 3868 5662 ἐναγίσματα

625 5661 738 5746 κάς.
765 5668 1056 5746 αἰνίγματα
1083 5661 1171 5721 (3.⁷
1220 5666 1269 5746 δεῖ
1296 5668 1718 5746 ξυκίηρίθμησαν.
1781 5661 2257 5746 ξυνηριθιίήθησαν
2290 5663 2349 5718 C.
2430 5663 2474 5746 δέ
2502 5663 2563 5713 οὐ
2618 5661 2736 5715 τοῦ.
2799 5663 2959 5746 αὐτοῦ
2985 5664 3092 5746 γει.
3169 5663 3210 5694 ⁵¹
3249 5663 3616 5736 Ἀμφιτρύων.
3649 5661 3654 5662 ⁷
3685 5665 3867 5732 Ἀμφι-

623 5736 860 5804 τρύωνος
889 5729 950 5799 Β,
981 5729 1336 5805 κληρονομίας
1367 5729 1557 5805 Ε”ρτο
1586 5729 1968 5806 σμικρολογίας
2010 5729 2190 5791 ’δίτῐιι
2231 5732 2619 5801 καταφαίνεται
2653 5746 2753 5802 pro
2788 5729 3093 5800 φαίνεσθαι.
