4088 6318
705 344 841 410 1023

1674 343 2160 413 THEODORETI
2197 337 2535 410 EPIStIJPI
2575 345 2939 410 CYRENSIS

3805 338 3954 404 κει

702 467 849 512 sorte
875 457 1151 525 fruuntur,
1177 468 1234 515 et
1262 475 1294 516 a
1319 461 1536 516 cunctis
1551 459 1868 516 hominibus
1884 460 2095 516 honore
2115 475 2260 515 nunc

2370 459 2522 529 μόνοι
2562 459 2803 529 μείζονες
2839 456 2907 512 ’⁸.
2938 449 3014 509 οδ
3045 443 3110 526 δὴ
3157 454 3343 508 εἵνεκα
3380 450 3478 505 καὶ
3509 449 3761 520 μείζονος
3800 451 3948 505 ἁπο-

703 547 1031 615 aﬂicinntur,
1065 549 1513 622 immortalesque
1548 565 1776 606 coronas
1794 558 2131 622 exspectant.
2161 550 2267 606 He-

698 640 875 694 racliti
910 654 1040 700 vero
1079 640 1286 696 dictum
1314 642 1448 696 illud
1482 641 1637 696 valde
1673 641 1953 696 admiror:
1996 660 2014 692 ι
2047 641 2265 698 Manere

703 728 1002 782 morientes
1033 729 1285 784 homines
1310 745 1374 784 ea
1415 747 1536 802 quae
1581 747 1757 802 neque
1801 739 2041 802 sperant,
2085 745 2274 802 neque

698 828 1040 886 exspectant.
1079 838 1101 872 ι
1138 819 1293 886 Quod
1324 836 1509 877 autem
1533 830 1849 877 sanctorum
1876 821 2071 876 anima:
2093 821 2266 877 beatae

698 907 827 962 vitai
849 918 1052 964 statum
1073 912 1091 931 '
1114 912 1579 981 jucundissimum
1613 912 1917 978 obtineant,
1948 913 2102 969 Plato
2125 928 2264 984 quo-

698 1013 804 1068 que
853 999 910 1054 in
958 998 1220 1054 Phaedone
1262 999 1522 1058 ostendit.
1569 1002 1658 1057 Ait
1689 1003 1837 1058 enim
1886 1003 2100 1074 (p.114
2137 1003 2205 1072 Β)
2247 1021 2262 1058 :

707 1109 725 1140 ι
756 1088 866 1156 Qui
892 1099 1074 1145 autem
1104 1092 1207 1146 visi
1237 1091 1442 1147 fuerint
1464 1093 1590 1148 vita:
1613 1094 1900 1149 sanctitate
1920 1110 2031 1166 prae
2051 1094 2264 1150 ceteris

697 1180 898 1249 egregii
926 1180 1116 1246 fuisse,
1149 1183 1206 1236 hi
1233 1192 1358 1237 sunt
1377 1184 1470 1254 qui
1497 1185 1732 1240 terrenis
1752 1186 1909 1240 malis
1935 1184 2100 1240 veluti
2128 1199 2264 1255 quo-

695 1271 820 1324 dam
867 1286 1087 1329 carcere
1130 1275 1457 1340 liberantur,
1484 1276 1557 1330 ad
1598 1291 1890 1346 supernam
1917 1291 2048 1330 vero
2066 1290 2261 1345 puram

696 1360 844 1416 illam
887 1363 1282 1420 habitationem
1340 1367 1687 1434 perveniunt.
1720 1384 1739 1418 ι
1793 1367 1960 1422 Paulo
2003 1374 2124 1436 post
2148 1365 2263 1420 haec

695 1452 902 1511 addit:
950 1474 968 1506 ι
1005 1455 1089 1511 Ad
1137 1455 1444 1511 habitacula
1500 1473 1632 1512 vero
1683 1457 1856 1513 multo
1907 1457 1995 1510 his
2044 1471 2263 1526 quoque

691 1545 1008 1616 pulchriora
1062 1550 1389 1616 perveniunt
1427 1566 1440 1603 :
1498 1564 1621 1619 quae
1649 1563 1827 1618 neque
1862 1547 2020 1602 facile
2047 1547 2263 1602 ostendi

692 1643 943 1704 possunt,
1001 1653 1181 1707 neque
1229 1639 1297 1693 ad
1347 1640 1463 1693 haec
1513 1639 1830 1708 explicanda
1861 1653 2010 1692 nunc
2048 1647 2264 1707 tempus

691 1723 873 1778 datur.
907 1745 925 1774 ι
975 1726 1053 1781 Ne
1095 1728 1220 1796 quis
1246 1743 1374 1782 vero
1402 1727 1517 1783 hac
1539 1728 1786 1792 audiens,
1817 1727 2093 1782 desiderio
2114 1727 2262 1781 illius

691 1813 890 1870 divinae
934 1816 1060 1870 vita:
1105 1815 1271 1888 915
1312 1832 1594 1880 accensus,
1637 1833 1852 1886 aequum
1903 1825 2260 1886 sanctumque

690 1905 1050 1970 existimaret,
1105 1906 1375 1961 violentas
1432 1908 1537 1961 sibi
1590 1922 1783 1962 manus
1840 1907 2148 1970 inferendo,
2203 1922 2262 1961 se

692 1994 869 2063 ipsum
915 1995 983 2050 de
1019 1995 1120 2049 hac
1143 1996 1254 2049 vita
1276 1996 1587 2060 extrudere,
1621 1996 2013 2049 convenienter
2049 1993 2263 2048 addidit

693 2085 770 2154 (p.
807 2087 875 2140 62
892 2085 986 2155 B):
1021 2105 1040 2136 ι
1069 2084 1228 2140 Nefas
1247 2095 1330 2141 est
1357 2095 1539 2140 autem
1570 2101 1688 2141 sese
1715 2099 2044 2156 quemquam
2061 2086 2129 2139 de
2157 2085 2262 2139 hoc

689 2174 900 2229 solvere
936 2174 1266 2240 habitacula,
1300 2175 1589 2247 fugamque
1619 2177 1748 2231 hinc
1776 2177 2042 2246 arripere,
2075 2184 2258 2245 atque,

690 2273 753 2318 ut
790 2267 982 2335 paucis
1003 2267 1205 2330 dicam,
1233 2269 1431 2322 malam
1456 2283 1576 2322 esse
1595 2269 1878 2322 materiam
1927 2268 2203 2322 arbitrari.
2237 2288 2253 2317 ι

688 2354 782 2409 Alt
810 2371 940 2410 vero
963 2372 1122 2426 posse
1151 2358 1411 2421 animam,
1439 2372 1565 2412 cum
1589 2358 1657 2412 ad
1687 2359 1918 2427 seipsam
1948 2373 2005 2412 se
2037 2374 2262 2427 recepe-

689 2447 783 2511 rit,
831 2463 1018 2501 veram
1068 2449 1327 2517 consequi
1380 2450 1728 2518 sapientiam,
1755 2451 2126 2518 majoremque
2161 2449 2263 2502 bu-

691 2552 848 2590 mana
883 2538 994 2591 vim
1027 2547 1082 2592 et
1120 2538 1456 2602 facultatem,
1489 2538 1709 2607 quando
1757 2553 1912 2592 amor
1960 2539 2089 2592 hinc
2137 2553 2258 2592 eam

689 2625 979 2680 subvolare
1013 2626 1224 2689 fecerit,
1255 2643 1355 2696 per
1395 2628 1830 2696 philosophicam
1860 2628 2027 2680 vitam
2051 2627 2117 2681 ad
2151 2637 2262 2681 ter-

689 2716 898 2771 minum
919 2731 1031 2773 sua:
1051 2717 1167 2786 spei
1193 2718 1513 2787 profectam,
1539 2719 1634 2771 ubi
1659 2718 1886 2772 alterius
1908 2718 2035 2772 vitae
2055 2719 2258 2787 sempi-

688 2813 858 2858 terna:
887 2805 1220 2873 principium
1252 2805 1452 2874 capiat.
1490 2806 1809 2876 Rursusque
1843 2807 1898 2860 in
1921 2807 2115 2861 eodem
2142 2807 2260 2860 dia-

686 2896 811 2966 logo
833 2896 969 2950 dicit
992 2893 1090 2964 (l),
1134 2915 1151 2946 ι
1178 2893 1395 2965 Optima
1421 2896 1644 2965 quidem
1672 2913 1797 2951 cum
1821 2912 1915 2967 spe
1941 2898 2112 2952 bonas
2134 2898 2263 2952 hinc

685 2987 896 3042 animas
921 2986 1193 3058 proﬁcisci
1222 3005 1234 3040 :
1261 2996 1317 3040 at
1339 2986 1435 3056 qui
1459 2987 1586 3040 mali
1611 2994 1756 3049 sunt,
1779 2987 2036 3056 pessima,
2060 2987 2256 3057 inquit,

2364 548 2586 603 λαύουσι
2619 549 2834 619 μοίρας,
2862 547 2958 602 κα]⁵
2980 545 3073 600 νῦν
3102 546 3164 598 τὸ
3200 543 3351 615 παρὰ
3376 541 3598 596 πάντων
3629 538 3952 611 ἀνθρώπων

2365 639 2718 710 κομιζόμενοι
2749 641 2796 672 τ’
2833 639 3022 709 γέρας,
3059 637 3154 690 καὶ
3181 637 3304 699 τοὺς
3336 635 3591 698 αἰωνίους
3637 633 3952 701 στεφάνους

2364 731 2783 801 προσμένοντες.
2827 731 3034 785 Ἐκεῖνο
3061 729 3120 782 δέ
3161 729 3254 782 τοῦ
3294 726 3647 797 Ἡρακλείτου
3699 727 3859 795 μάλα
3902 726 3948 756 ⁸⁸

2365 819 2516 891 [118]
2557 819 2855 890 θαυμάζω,
2888 819 2970 872 δτι
3001 837 3020 870 ι
3059 817 3226 872 Μένει
3251 816 3376 878 τοὺς
3412 814 3735 885 ἀνθρώπως
3807 817 3951 868 ἁπο-

2367 910 2700 982 θνήσκοντας
2741 912 2841 964 ὅσα
2874 910 2974 963 οὐκ
3014 909 3263 963 ἔλπονται
3293 907 3418 961 ούδέ
3453 906 3721 960 δοκέουσι.
3768 923 3787 956 ι
3821 906 3949 958 ’ῡτι

2361 1002 2420 1059 δι
2453 1003 2546 1056 καὶ
2584 1000 2736 1065 θείας
2773 1000 2977 1073 λήξεως
3010 1001 3376 1055 ἀπολαύουσιν
3405 999 3463 1053 ai
3493 999 3606 1052 τῶν
3631 999 3803 1052 ὁσίων
3844 998 3949 1068 ψυ-

2363 1095 2475 1164 χαὶ,
2507 1094 2601 1148 καὶ
2632 1095 2661 1147 6
2693 1094 2919 1147 Πλάτων
2943 1093 3241 1162 δεδήλωκεν
3266 1095 3324 1145 ἐν
3347 1089 3424 1162 τῷ
3453 1089 3734 1156 Φαίδωνι,
3766 1088 3947 1156 λέγων

2360 1178 2493 1239 ὧδε·
2536 1203 2556 1236 ι
2611 1186 2675 1238 Ol
2721 1184 2778 1238 δὲ
2815 1184 2879 1254 δὴ
2935 1183 3002 1236 ἂν
3033 1180 3226 1250 δόξωσι
3275 1181 3638 1253 διαφερόντως
3687 1180 3835 1249 πρὸς
3888 1180 3947 1231 τδ

2363 1275 2525 1337 ὀσίως
2569 1273 2756 1343 βιῶναι
2789 1271 2832 1304 ἰ
2868 1272 3284 1344 προκεκρῖσθαι,
3316 1266 3461 1326 οὗτοί
3491 1273 3632 1324 εἰσιν
3670 1272 3724 1323 οὶ
3769 1269 3940 1322 τῶνδε

2367 1365 2466 1436 μὲν
2489 1364 2596 1418 τῶν
2627 1364 2686 1417 ἐν
2707 1367 2774 1435 τῇ
2808 1365 2879 1434 γῇ
2917 1361 2964 1396 ⁸⁸
3000 1364 3473 1433 ἀπαλλαττόμενοι
3505 1362 3701 1434 ὥσπερ
3734 1361 3943 1431 δεσμω-

2363 1455 2577 1526 τηρίου,
2615 1456 2727 1510 ἂνω
2755 1456 2812 1510 δὲ
2841 1458 2921 1519 είς
2957 1455 3204 1527 καθαράν
3231 1457 3444 1525 οῐκησιν
3467 1454 3891 1522 ἀφικνούμενοι.
3923 1471 3938 1502 ι

2363 1545 2728 1614 Προστέθεικε
2782 1545 2841 1598 δὲ
2889 1547 3005 1615 μετ’
3049 1545 3206 1612 ὀλίγα
3255 1543 3351 1597 καὶ
3384 1543 3598 1596 ταῦτα·
3652 1561 3674 1594 ι
3719 1543 3833 1595 Καὶ
3869 1543 3942 1604 είς

2363 1637 2603 1704 οίκήσεις
2631 1634 2710 1687 ἔτι
2751 1634 2956 1687 τούτων
2991 1633 3244 1695 καλλίους
3285 1631 3680 1702 ἀφικνοῦνται,
3726 1630 3795 1692 ἃς
3823 1631 3942 1682 οὔτε

2367 1728 2544 1799 ῥᾴδιον
2566 1726 2826 1796 δηλῶσαι,
2849 1725 2973 1780 οὔτε
2995 1728 3024 1780 6
3048 1727 3236 1796 χρόνος
3253 1725 3430 1787 ἱκανὸς
3450 1727 3506 1776 ἐν
3532 1722 3614 1791 τῷ
3633 1723 3890 1789 παρόντι.
3919 1739 3937 1772 ι

2369 1819 2484 1873 Ἵνα
2509 1820 2565 1872 δὲ
2601 1821 2672 1890 μή
2697 1837 2778 1884 τις
2807 1819 3013 1872 τούτων
3041 1818 3278 1878 ἀκούσας
3301 1817 3394 1870 καὶ
3424 1817 3524 1885 τῆς
3547 1815 3707 1878 θείας
3734 1816 3941 1882 ἐκείνης

2361 1911 2637 1980 διαγωγῆς
2673 1910 2928 1980 ἐρασθεὶς
2984 1910 3182 1977 εύαγὲς
3215 1907 3474 1962 ὑπολάὸοι
3500 1906 3547 1938 ⁸⁸
3598 1907 3660 1960 τὸ
3698 1907 3794 1977 βίᾳ
3842 1907 3940 1960 τινὶ

2363 2003 2456 2055 καὶ
2490 2001 2702 2074 ἀνάγκῃ
2741 2001 2930 2054 ἑαυτὸν
2964 1999 3213 2054 ἐντεῦθεν
3261 1999 3572 2066 ἐξαγαγεῖν,
3627 1999 3942 2065 ἀναγκαίως

2363 2094 2642 2161 ἐπήγαγεν
2665 2110 2678 2124 ο
2720 2111 2738 2142 ι
2793 2093 2867 2144 (ιὺ
2899 2093 2982 2145 δεῖ
3023 2092 3068 2145 δ’
3110 2091 3304 2144 ἑαυτὸν
3347 2090 3395 2120 ⁸⁸
3425 2092 3492 2142 ὲκ
3529 2089 3742 2158 ταύτης
3777 2088 3938 2151 λύειν,

2362 2182 2483 2234 ούδὲ
2523 2183 2940 2251 ἀποδιδράσκειν
2965 2222 2980 2246 ,
3014 2181 3108 2234 καὶ
3134 2179 3408 2245 ξυνελόντι
3439 2181 3616 2232 εἰπεῖν
3646 2177 3832 2247 κακὴν
3861 2176 3941 2227 λο-

2361 2271 2608 2340 γίζεσθαι
2655 2273 2754 2340 τὴν
2799 2272 2951 2342 ὓλην.
3017 2291 3034 2323 ι
3085 2271 3248 2336 Λέγει
3291 2270 3346 2323 δὲ
3381 2269 3477 2322 καὶ
3511 2268 3588 2330 ὡς
3624 2269 3771 2336 αὑτὴ
3823 2266 3938 2319 καθ’

2363 2363 2531 2431 αὐτὴν
2585 2361 2629 2393 ⁸⁵
2678 2363 2710 2430 ἡ
2758 2360 2903 2430 ψυχὴ
2955 2361 3220 2430 γενομένη
3260 2358 3480 2412 δύναται
3530 2361 3634 2428 τῆς
3683 2356 3939 2426 ἀληθινῆς

2366 2453 2562 2520 σοφίας
2617 2453 2710 2505 καὶ
2759 2452 3068 2521 κρείττονος
3111 2451 3211 2520 τῆς
3255 2448 3605 2519 ἀνθρωπίνης
3657 2447 3940 2514 δυνάμεως

2367 2543 2724 2614 μεταλαϐεῖν,
2754 2545 2882 2596 ὅταν
2921 2543 3090 2612 αὐτὴν
3115 2543 3144 2594 ὀ
3193 2541 3403 2594 ἐνθένδε
3433 2540 3575 2610 ἔρως
3609 2540 3690 2602 εἰς
3717 2539 3939 2609 οὐρανὸν

2361 2631 2616 2703 πτερώσῃ
2655 2629 2702 2662 ⁸⁸
2739 2632 2828 2684 διά
2861 2631 2962 2698 τῆς
3011 2631 3306 2699 φιλοσόφου
3351 2628 3582 2697 ἀγωγῆς
3622 2630 3704 2692 είς
3743 2630 3802 2681 τὸ
3844 2631 3939 2692 τῆς

2361 2722 2574 2781 ἐλπίδος
2597 2721 2746 2784 τέλος
2765 2721 3123 2792 ἀφικομένην,
3156 2720 3316 2774 ἄλλου
3349 2718 3464 2788 βίου
3495 2717 3668 2770 ἀϊδίου
3689 2717 3739 2748 ⁸⁷
3766 2718 3934 2786 ἀρχὴν

2360 2810 2758 2881 λαμϐάνουσαν.
2796 2812 2906 2864 Καὶ
2935 2808 3091 2875 αὖθις
3125 2813 3184 2863 ἐν
3213 2810 3291 2881 τῷ
3316 2809 3466 2878 αύτῷ
3493 2808 3734 2877 διαλόγῳ
3765 2809 3897 2876 φησί
3917 2823 3930 2837 ·

2368 2921 2386 2953 ι
2427 2902 2579 2955 Μετά
2609 2902 2819 2970 ἀγαθῆς
2843 2903 2938 2971 μέν
2965 2902 3177 2964 ἐλπίδος
3193 2901 3291 2964 τάς
3313 2899 3484 2963 καλὰς
3511 2898 3692 2969 ψυχάς
3727 2898 3930 2951 ἐνθένδε

2363 2992 2615 3045 ἀπιέναιο
2660 2993 2710 3044 οί
2742 2993 2968 3062 πονηροὶ⁵
3011 2991 3056 3024 ⁸³
3101 2992 3160 3045 δέ
3186 2991 3320 3054 ζῶσι
3341 3030 3356 3054 ,
3385 2993 3519 3060 φησὶ
3545 3030 3559 3052 ,
3591 2992 3734 3059 μετά
3763 2991 3930 3060 κακῆς

685 3093 814 3134 cum
845 3094 941 3148 spe
965 3078 1176 3132 vivunt.
1212 3096 1229 3128 ι
1267 3077 1415 3131 ldem
1437 3092 1658 3146 quoque
1682 3077 2084 3147 philosophiam
2113 3092 2260 3131 mor-

2363 3080 2594 3143 ἐλπίδος.
2634 3099 2652 3130 ι
2697 3074 2865 3144 οὗτος
2893 3081 2986 3133 καὶ
3013 3080 3112 3150 τὴν
3153 3079 3472 3148 φιλοσοφίαν
3503 3079 3741 3133 Θανάτου
3779 3080 3929 3149 μελέ-

687 3172 762 3226 tis
782 3169 1192 3224 meditationem
1221 3182 1340 3223 esse
1362 3168 1498 3222 dixit
1526 3171 1602 3236 (p.
1655 3168 1724 3222 64
1763 3168 1850 3238 A).
1899 3187 1918 3220 ι
1947 3167 2057 3234 Qui
2090 3178 2257 3234 recte,

684 3260 885 3333 inquit,
909 3257 1311 3328 philosOpbiarn
1347 3257 1641 3328 attingunt,
1669 3257 1723 3312 in
1751 3271 1820 3313 eo
1838 3267 1965 3313 sunt
1995 3267 2056 3312 ut
2085 3259 2261 3314 homi-

683 3365 785 3406 nes
814 3350 949 3404 alios
981 3349 1186 3402 lateant
1211 3365 1222 3399 :
1247 3347 1691 3417 quandoquidem
1716 3349 1853 3402 nihil
1872 3349 2020 3404 aliud
2042 3358 2255 3414 curant,

683 3440 1039 3508 studentque,
1073 3438 1177 3492 nisi
1220 3447 1280 3492 ut
1295 3439 1620 3502 moriantur,
1641 3439 1950 3508 mortuique
1963 3440 2072 3509 jam
2090 3439 2217 3494 sint.
2231 3456 2250 3491 ι

685 3533 813 3587 llrcc
862 3532 1047 3600 itaque
1092 3530 1274 3584 omnia
1300 3529 1354 3582 in
1380 3528 1638 3583 Phazdone
1668 3529 1924 3599 scripsit:
1959 3530 2015 3584 in
2043 3529 2258 3585 decimo

684 3632 869 3679 autem
917 3621 1234 3691 Reipublicm
1271 3620 1417 3673 libro
1468 3620 1548 3673 sic
1592 3619 1842 3688 loquitur
1887 3619 1964 3688 (p.
2007 3617 2111 3673 468
2144 3619 2254 3687 E):

691 3733 711 3764 ο
747 3714 825 3767 Ex
847 3713 913 3765 iis
934 3719 1114 3765 autem
1141 3709 1234 3778 qui
1263 3709 1317 3761 in
1345 3708 1788 3776 expeditionibus
1814 3708 2111 3776 perierunt,
2133 3710 2257 3777 qni-

684 3816 902 3871 cunque
932 3801 1184 3854 laudatus
1217 3798 1451 3859 interiit,
1483 3813 1665 3852 nonne
1702 3799 1940 3867 primum
1974 3799 2125 3875 aurei
2160 3815 2254 3868 ge-

683 3893 834 3948 neris
900 3905 1020 3945 esse
1072 3888 1364 3943 dicemus?
1413 3887 1668 3941 Omnino.
1707 3906 1726 3938 ι
1801 3887 2079 3957 Pauloque
2133 3896 2256 3956 post

687 3983 765 4054 (p.
813 3981 916 4036 469
972 3981 1039 4048 Α)
1087 3996 1100 4032 :
1141 3997 1158 4028 ι
1187 3976 1326 4043 Quid
1377 3976 1602 4030 autem?
1633 3991 1817 4030 annon
1864 3976 1919 4030 in
1949 3986 2252 4046 posterum,

685 4071 910 4143 perinde
944 4086 1008 4124 ac
1040 4069 1085 4124 si
1117 4069 1393 4123 daemones
1425 4068 1501 4121 illi
1533 4066 1660 4121 facti
1699 4067 1926 4131 fuerint,
1957 4069 2038 4123 sic
2058 4083 2252 4123 eorum

684 4164 929 4219 colemus
961 4161 1234 4230 sepulcra,
1265 4168 1321 4213 et
1344 4158 1694 4212 adorabimus
1715 4158 1738 4210 ἲ
1763 4159 2019 4229 idemque
2049 4160 2256 4217 facien-

684 4251 817 4306 dum
848 4249 1302 4310 existimabimus,
1352 4249 1517 4302 etiam
1567 4264 1691 4303 cum
1744 4249 1901 4319 senio
1955 4249 2250 4320 quispiam,

681 4341 847 4414 915
874 4342 960 4396 vel
993 4341 1100 4395 alio
1131 4339 1293 4393 modo
1312 4339 1533 4403 obierit,
1569 4339 1728 4394 exiis
1755 4341 1848 4410 qui
1882 4341 1936 4395 in
1960 4341 2072 4396 vita
2094 4358 2253 4412 egre-

2361 3188 2462 3240 την
2502 3170 2749 3227 ἐκάλεσε.
2779 3190 2797 3224 ι
2835 3171 3220 3225 Κινδυνεύουσι
3257 3170 3400 3242 γάρ,
3429 3171 3615 3240 φησὶν,
3655 3170 3774 3224 ὅσοι
3810 3187 3931 3237 τυγ-

2362 3263 2614 3334 χάνουσιν
2645 3261 2821 3332 ὀρθῶς
2851 3262 3148 3332 ἁπτόμενοι
3197 3261 3518 3330 φιλοσοφίας
3554 3260 3621 3324 ⁸⁸,
3655 3259 3929 3328 λεληθέναι

2360 3354 2485 3415 τοὺς
2511 3352 2701 3414 ἀλλους
2725 3352 2807 3404 δτι
2830 3351 2959 3406 ἄλλο
2991 3352 3142 3404 οὐδὲν
3171 3353 3216 3384 ’⁸
3240 3350 3648 3420 ἐπιτηδεύουσιν
3679 3352 3837 3404 αὐτοὶ
3855 3393 3872 3416 ,
3899 3349 3928 3419 ἢ

2359 3442 2722 3512 ἀποθνήσκειν
2745 3445 2838 3495 καὶ
2865 3443 2907 3474 ³⁸
2930 3440 3200 3494 τεθνάναι.
3231 3457 3247 3488 ι
3279 3439 3461 3492 Ταῦτα
3487 3439 3585 3509 μὲν
3606 3435 3697 3492 οὖν
3722 3441 3928 3493 ἃπαντα

2359 3535 2418 3586 ἐν
2449 3532 2526 3602 τῷ
2550 3532 2804 3585 Φαίδωνι
2842 3533 3118 3602 γέγραφεν
3140 3549 3152 3563 ·
3183 3533 3242 3584 ὲν
3272 3530 3327 3583 δὲ
3356 3529 3432 3599 τῷ
3463 3529 3674 3601 δεκάτῳ
3703 3531 3803 3600 τῆς
3830 3535 3928 3583 Πο-

2357 3625 2584 3689 λιτείας
2612 3623 2754 3676 οὕτω
2789 3624 2948 3694 φησί·
2977 3643 2995 3675 ι
3033 3623 3153 3675 Τῶν
3181 3623 3238 3675 δὲ
3267 3622 3331 3689 δὴ
3353 3622 3732 3676 ἀποθανόντων
3762 3624 3856 3675 ἐπὶ
3885 3624 3926 3655 ’³

2360 3711 2648 3780 στρατείας
2681 3712 2748 3776 ’³,
2791 3712 2848 3774 δς
2883 3711 2949 3763 ἂν
2995 3712 3364 3779 εὐδοκιμήσας
3405 3710 3725 3781 τελευτήσῃ,
3751 3707 3840 3781 ἄρ’
3869 3713 3923 3764 ού

2359 3803 2576 3873 πρῶτον
2610 3803 2708 3871 μὲν
2733 3801 2826 3854 τοῦ
2857 3801 3059 3872 χρυσοῦ
3095 3801 3286 3870 γένους
3308 3797 3445 3854 εἶναι
3475 3803 3758 3872 φήσομεν;
3792 3803 3924 3856 Πάν-

2356 3909 2461 3943 των
2499 3891 2750 3959 μάλιστα.
2793 3910 2810 3940 ι
2854 3891 2962 3943 Καὶ
2992 3889 3108 3960 μετ’
3135 3888 3321 3957 ὀλίγα·
3353 3908 3371 3940 ι
3414 3891 3478 3942 Τί
3499 3890 3557 3944 δέ
3591 3891 3672 3957 ’λς
3704 3892 3766 3944 ού
3801 3891 3922 3961 μὲλ-

2355 3981 2518 4050 λομεν
2571 3979 2662 4032 τὸν
2697 3980 2881 4033 λοιπὸν
2929 3980 3142 4050 χρόνον,
3187 3980 3264 4042 ὡς
3304 3979 3565 4050 δαίμονας
3617 3983 3920 4051 γεγονότας,

2355 4071 2496 4124 οὕτω
2518 4071 2846 4142 θεραπεύειν
2871 4087 2930 4123 τε
2953 4071 3046 4124 καὶ
3067 4074 3395 4140 προσκυνεῖν
3411 4071 3589 4124 αὐτῶν
3609 4072 3708 4136 τάς
3727 4072 3917 4144 θήκας,

2356 4165 2421 4217 τὰ
2450 4163 2588 4218 αύτά
2622 4164 2677 4216 δὲ
2720 4162 3010 4232 νομιοῦμεν
3042 4161 3183 4234 [καὶ]
3238 4163 3284 4194 ⁸³
3314 4163 3442 4216 ὅταν
3470 4181 3554 4228 τις
3582 4167 3730 4236 γήρᾳ
3758 4167 3790 4235 ή
3823 4182 3918 4218 τινι

2355 4252 2497 4320 ἄλλῳ
2534 4251 2722 4321 τρόπῳ
2754 4252 3052 4321 τελευτήσῃ
3079 4250 3125 4282 ⁸⁸
3174 4249 3282 4303 τῶν
3312 4252 3427 4303 ὅσοι
3462 4253 3527 4305 ἀν
3565 4253 3918 4323 διαφερόντως

2357 4344 2414 4395 ἐν
2437 4341 2512 4411 τῷ
2548 4341 2647 4411 βίῳ
2681 4341 2872 4410 ἀγαθοὶ
2902 4339 3166 4411 κριθῶσι;
3205 4359 3224 4390 ι
3267 4341 3384 4394 Κάν
3425 4341 3502 4411 τῷ
3543 4345 3826 4410 Κρατύλῳ
3867 4343 3915 4395 δὲ

683 4434 787 4505 δὶα)
805 4432 1064 4486 bonitatis
1090 4431 1263 4484 habiti
1286 4439 1416 4486 sunt
1439 4432 1462 4483 ‘l
1492 4451 1510 4482 ›
1543 4430 1648 4486 Sed
1667 4441 1724 4486 et
1745 4432 1799 4485 in
1819 4431 2036 4505 Cratglo
2056 4434 2132 4504 (p.
2151 4435 2255 4492 397

2361 4430 2551 4504 [τόνδε]
2582 4433 2625 4463 ⁸⁷
2665 4431 2753 4484 τὸν
2802 4431 2959 4498 λόγον
2991 4430 3277 4502 διηύρυνεν
3315 4430 3363 4462 ⁸⁸
3389 4447 3406 4462 ·
3441 4436 3655 4486 ἐπαινεῖ
3693 4435 3799 4505 γὰρ
3836 4433 3916 4487 τδν

685 4522 773 4594 E)
826 4524 1154 4577 sententiam
1204 4523 1344 4577 hanc
1369 4522 1536 4577 latius
1559 4523 1841 4592 explicuit.
1869 4523 2081 4579 Laudat
2105 4526 2253 4581 enim

685 4615 984 4672 Hesiodum
1011 4607 1304 4685 poenisque
1331 4617 1487 4679 alios,
1518 4616 1612 4685 qui
1632 4615 1823 4670 dicunt
1846 4617 2049 4672 bonum
2073 4619 2255 4674 homi-

684 4721 832 4773 nem,
862 4708 971 4761 vita
993 4707 1360 4776 perfunctum,
1385 4709 1596 4762 eximiae
1621 4709 1789 4762 sortis
1816 4710 2044 4779 gradum
2079 4713 2252 4766 maxi-

683 4811 912 4867 mosque
965 4797 1204 4853 honores
1261 4798 1336 4852 ibi
1381 4798 1649 4868 accipere,
1680 4812 1746 4852 ac
1775 4798 2079 4854 daemonem
2109 4801 2250 4867 ﬁeri,

2369 4527 2610 4580 Ἡσίοδον
2645 4527 2739 4579 καὶ
2776 4527 2901 4588 τοὺς
2932 4525 3123 4612 ἄλλους
3151 4542 3214 4594 γε
3252 4525 3479 4616 ποιητὰς
3509 4528 3796 4596 εἰρηκότας
3815 4567 3829 4589 ,
3849 4527 3913 4588 ὡς

2355 4617 2570 4671 ἐπειδάν
2602 4633 2684 4679 τις
2709 4615 2911 4683 ἀγαθὸς
2942 4614 3063 4686 [ὢν]
3094 4614 3391 4687 τελευτήσῂ
3433 4616 3502 4681 ’⁸,
3537 4618 3778 4688 μεγάλην
3808 4619 3912 4686 μοί-

2359 4727 2456 4780 ραν
2496 4711 2590 4763 καὶ
2616 4709 2782 4779 τιμὴν
2814 4710 2930 4760 ἐκεῖ
2975 4707 3107 4777 ἔχει.
3137 4709 3233 4760 καὶ
3265 4706 3513 4774 γίγνεται
3545 4707 3756 4776 δαίμων
3787 4705 3911 4759 κατά

2354 4803 2452 4871 τὴν
2491 4803 2590 4872 τῆς
2629 4801 2946 4869 φρονήσεως
2989 4799 3324 4868 ἐπωνυμίαν.
3365 4797 3552 4868 Ταύτῃ
3582 4795 3678 4851 οὖν
3712 4797 3909 4866 τίθεμαι

1977 4983 2212 5042 νΑιιιΕ
2255 4987 2658 5045 LICCTIONES.

753 5119 803 5156 η
827 5119 1091 5191 μείζονος,
1120 5119 1369 5191 μείζονας
1396 5119 1493 5191 γε),
1540 5120 1613 5191 _"’
1646 5119 1981 5191 κομίζονται.
2013 5124 2341 5191 κομιζόμενο

756 5137 801 5156 τ·
874 5137 1091 5185 ειςονος.
1120 5137 1369 5191 μειςονας
1405 5137 1493 5173 va.
1574 5137 1613 5151 "
1646 5137 1710 5172 κο
1761 5137 1981 5184 ιςονται.
2013 5137 2208 5191 κομιςο
2254 5140 2362 5176 ενοι
2418 5137 2458 5178 υ
2482 5137 2784 5193 ανυρωπων
2811 5137 2920 5175 om.
2953 5137 3013 5175 υ.

681 5184 768 5262 οἷα
930 5191 1199 5262 ιπίιδσιι.Δ
1255 5188 1302 5262 ’ξ
1328 5137 1994 5262 πρὸςᾉτῷῖβεξωκέναι.
2029 5193 2163 5262 πρὸς
2183 5141 2508 5262 τς-βιῶναι
2533 5192 2593 5255 Β,
2611 5191 2672 5256 C,
2703 5191 2822 5262 Va,
2861 5191 2922 5262 _”
2945 5192 3013 5262 γῇ

681 5258 761 5347 (.3;
779 5346 788 5347 ί
891 5256 1437 5347 ὐῗπολάηϐῃζὲὑπρλάϐᾢοι
1469 5256 1556 5347 [ξ’
1581 5256 2225 5347 Δἑαυτὸνῖ-οξδὶδέλδέ
2249 5256 2517 5347 αύτὸν-ή
2550 5261 2640 5347 καὶ
2664 5262 2705 5315 Β
2743 5259 2913 5347 ούδελς
2940 5256 3014 5347 δί
3028 5256 3190 5347 afaf?
3215 5260 3495 5347 “Mox.

2347 5141 2362 5176 t
2399 5123 2458 5193 ,Β
2482 5123 2784 5193 ἀνθρώπων
2811 5136 2920 5193 om.
3091 5121 3139 5152 ⁸ο

3043 5205 3292 5268 εμριτιξρ.
3411 5193 3516 5268 τῶν
3544 5195 3693 5268 ἐντῇ
3725 5201 3791 5268 γῇ
3823 5192 3905 5266 μὲν

3527 5263 3651 5316 οὐδὲ
3668 5263 3904 5321 ’καῖ’ἀπο-

3172 5121 3562 5198 μάλαἋυιᾶλλον
3596 5125 3694 5180 Va.
3727 5143 3779 5181 v.
3806 5145 3902 5198 seq.

682 5327 988 5402 διδράσκειν
1028 5327 1069 5383 C
1214 5327 1418 5402 fallor.
1463 5328 1539 5402 χ’
1573 5329 1763 5402 α-ύτήν.
1804 5329 2010 5402 ἑαυτὴν
2031 5331 2090 5393 Β,
2117 5330 2215 5402 (3.“
2256 5334 2260 5360 '

2361 5327 2615 5402 ιτερώσῃ.
2664 5329 2932 5402 πτερώσει
2974 5327 3097 5402 C.“
3132 5329 3404 5402 ’ῖᾲῖδίουε
3437 5327 3581 5402 ἰδίου
3620 5333 3664 5387 Β
3712 5351 3815 5390 om.
3839 5335 3890 5391 C.

682 5397 731 5469 ge
762 5396 1004 5469 πονηροί.
1055 5397 1250 5469 πολλοι
1292 5397 1352 5460 Β,
1392 5396 1824 5469 καλῆςγεέρῖο
1869 5396 2066 5469 "mi-ﬁc-

685 5535 732 5608 sl
761 5534 896 5608 [καὶ]
933 5553 1042 5608 οη),
1092 5537 1154 5608 Β,
1296 5536 1432 5608 Tun}
1455 5537 1536 5590 ὅτι
1576 5538 1682 5608 πάν
1726 5554 1808 5599 τις
1829 5535 1884 5592 C.

685 5603 958 5673 διεύρυνεν
980 5607 1038 5659 Β.
1082 5607 1366 5676 διηύρυνεν
1396 5606 1458 5659 C.
1535 5608 1579 5639 ⁹⁹
1611 5606 1918 5677 τελευτήσει
1947 5607 2006 5663 (ἶ.

2178 5401 2224 5433 ⁸⁸
2266 5396 2629 5469 φιλοσοφίαςξ,
2661 5396 2850 5469 σοφίας
2883 5396 2942 5452 C.

685 5466 726 5498 ⁹¹
759 5468 849 5519 καί
880 5466 936 5519 τε
961 5469 1053 5521 καὶ
1084 5469 1142 5520 Β.
1239 5468 1284 5500 ⁰¹
1313 5466 1424 5519 ὲπί.
1474 5466 1530 5519 ἐν
1582 5467 1642 5529 Β,
1675 5466 1770 5522 va.
1845 5469 1892 5502 ’³
1924 5466 2224 5532 στρατείας.
2256 5466 2566 5540 στρατείαις
2608 5469 2668 5536 Β,
2705 5466 2766 5524 C.
2795 5467 2915 5522 Mox
2955 5466 3344 5534 τελευτήσειϐ.

685 5535 732 5612 ξ’
761 5534 896 5612 [καὶ]
933 5553 1042 5612 om.
1089 5537 1154 5612 Β,
1296 5536 1435 5612 Tun}
1455 5537 1684 5612 ὅτι-πάν
1726 5535 1884 5612 τιςϐ.
1957 5540 2044 5612 A“
2065 5539 2381 5612 τελευτήσῃ.
2433 5541 2748 5609 τελευτήσει
2793 5537 2852 5591 Β.
2983 5539 3026 5570 ’⁷
3067 5534 3344 5608 [τόνδε]οι

2159 5577 2381 5611 ῦνυΊυΗ.
2443 5577 2748 5609 υ-ηῡυο-ηυε·
2793 5577 2852 5591 υ.

3056 5398 3101 5429 ’θ
3128 5400 3278 5451 οὐδὲν
3324 5399 3469 5451 ἄλλο.
3505 5401 3634 5455 ἄλλο
3681 5407 3827 5458 οὐδὲν
3853 5406 3902 5463 Β.

3424 5469 3471 5500 ⁸⁵
3496 5470 3550 5522 τί
3569 5471 3646 5525 δέ.
3678 5474 3730 5526 τί
3753 5475 3831 5526 δαί
3851 5474 3900 5529 Β.

2983 5539 3026 5570 ’⁷
3067 5534 3261 5608 [τόνδε]
3285 5554 3396 5592 om.
3431 5537 3490 5593 C.
3596 5541 3642 5574 "
3673 5543 3900 5613 ηὓρυνεν·

767 5736 842 5805 (ι)
876 5738 1009 5795 Vidc
1039 5739 1206 5793 (ἶὶι-ιη.
1237 5741 1386 5792 Alex.
1421 5737 1614 5791 Slrom.
1662 5756 1732 5804 iv,
1764 5756 1817 5809 p.
1862 5740 1961 5794 (ἓἓο
1993 5744 2192 5797 l‘oltcr.
2220 5758 2232 5808 ;
2259 5743 2260 5747 “

2361 5750 2464 5796 Ion.
2494 5741 2676 5798 Pium.
2711 5758 2762 5810 p.
2797 5741 2861 5796 G7
2891 5741 2967 5807 (1;
3000 5741 3124 5811 Rep.
3161 5758 3196 5805 ι,
3231 5759 3282 5810 p.
3309 5743 3412 5797 550
3439 5743 3501 5798 Ε.
