4080 6370
144 453 267 519 1025

697 439 1134 506 GRECARUM
1171 434 1472 497 AFFECT.
1507 425 2132 492 CURATIO.-VIII.
2176 430 2274 489 DE
2313 430 2806 492 MARTYRIBUS

3259 393 3399 495 mea

144 561 289 633 κάγὼ
313 560 406 614 τὸν
427 557 680 628 δαήμονα·
706 554 894 630 ἄνδρα.
911 552 971 606 'O
996 550 1055 606 δέ
1082 567 1150 620 γε
1189 546 1436 611 Ἠσίοδος
1463 544 1593 616 περὶ
1613 540 1709 596 τοῦ

1832 551 1921 593 ioc
1957 548 2043 594 est
2085 541 2374 608 scientem,
2409 540 2577 597 ducto
2623 557 2654 595 a
2698 537 2994 611 prudentia
3047 541 3396 610 cognomine-

143 651 336 727 χρυσοῦ
373 649 569 720 γένους
589 647 764 702 ταῦτα
785 643 892 716 εφη
915 661 929 676 ο

144 927 335 998 Αὐτὰρ
357 925 568 998 ἐπειδὴ
592 922 773 998 τοῦτο
801 924 820 954 ¹
837 921 1011 998 τέγρς
1028 918 1180 998 κατρ
1199 914 1353 986 μοῖρ’
1381 911 1713 998 ἐκάλυψεν,

148 981 214 1054 δῖ
364 981 394 1069 ἦ
414 981 704 1069 diriperet;
739 981 1263 1069 drr'olsdmedytot
1285 981 1643 1069 ζκαβέςνςιιι,

156 1053 392 1125 ἐἇθλοι
409 1053 829 1131 ’,ὤσειεν-ἀτιμοῖ,
845 1053 1113 1130 φύλακες
1125 1053 1356 1128 θνητῶν
1367 1053 1713 1119 ἀνθρώπων.

208 1177 610 1235 Εἰ-τοίνυνκαὶ
643 1178 672 1231 ό
705 1175 937 1247 ποιητὴς
974 1173 1072 1228 καὶ
1102 1169 1326 1231 ἐσθλοὺς
1351 1167 1373 1198 δ
1411 1165 1506 1219 καὶ
1539 1163 1717 1249 ἀλεξι-

147 1271 344 1331 κάκους
373 1267 468 1321 καὶ
492 1264 736 1335 φύλακας
778 1261 991 1332 θνητῶν
1019 1256 1322 1328 ἀνθρώπων
1366 1253 1494 1316 τοὺς
1518 1252 1719 1324 ἄριστα

149 1357 497 1430 βεϐιωκότας,
553 1350 675 1410 εἷτα
722 1352 1199 1421 τελευτήσαντας,
1237 1345 1717 1418 προσηγόρευσεν,

147 1449 406 1521 ἐκράτυνε
444 1447 500 1501 δὲ
525 1446 618 1501 τοῦ
646 1442 873 1515 ποιητοῦ
899 1441 990 1496 τὸν
1019 1441 1042 1473 ⁸
1073 1439 1231 1508 λόγον
1268 1437 1379 1491 τῶν
1414 1434 1720 1505 φιλοσόφων

147 1544 173 1594 ό
193 1542 433 1611 ἄριστος,
460 1539 558 1592 καὶ
587 1536 785 1609 χρῆναι
809 1533 915 1603 ἔφη
938 1533 1032 1585 καὶ
1052 1527 1378 1601 θεραπεύειν
1397 1527 1605 1580 τούτων
1627 1527 1720 1579 καὶ

147 1631 467 1702 προσκυνεῖν
496 1627 647 1701 [H9]
680 1625 779 1690 τὰς
813 1624 1010 1696 θήκας,
1033 1622 1086 1675 τί
1128 1622 1331 1692 δήποτε
1379 1621 1400 1653 ⁸
1437 1616 1719 1690 μέμφεσθε

147 1728 249 1788 τοῖς
283 1725 417 1794 παρ’
449 1722 604 1794 ἡμῶν
629 1717 991 1788 γιγνομένοις,
1021 1708 1066 1768 ὢ
1097 1714 1403 1784 βέλτιστοι;
1438 1712 1577 1775 Τοὺς
1612 1711 1721 1780 γάρ

147 1817 201 1869 ἐν
231 1814 489 1885 εὐσεϐείᾳ
517 1811 838 1882 λάμψαντας
859 1850 873 1872 ,
900 1809 997 1862 καὶ
1028 1805 1166 1876 ὑπὲρ
1196 1803 1401 1874 ταύτης
1436 1802 1538 1873 τὴν
1580 1817 1721 1869 σφα-

147 1908 243 1977 γὴν
293 1904 624 1976 δεξαμένους
647 1943 661 1968 ,
713 1893 1077 1965 ἀλεξικάκους
1136 1897 1302 1967 ἡμεῖς
1349 1894 1445 1947 καὶ
1499 1893 1717 1962 ἰατροὺς
1749 1886 1791 1941 Β

148 1998 482 2068 ὀνομάζομεν
501 2035 516 2059 ,
550 1994 609 2046 οὐ
649 1992 916 2062 δαίμονας
947 1986 1242 2048 καλοῦντες
1283 1983 1386 2054 (μὴ
1415 1981 1561 2035 οὕτω
1592 1981 1722 2033 λυτ-ιι

146 2087 484 2158 τήσαιμεν),
524 2083 661 2143 ἀλλὰ
697 2080 825 2152 Θεῷ
868 2081 887 2112 ⁷
939 2079 1126 2149 φίλους
1179 2074 1275 2129 καὶ
1323 2072 1511 2135 εὔνους
1558 2070 1722 2143 θερά-

149 2196 367 2244 ποντας,
392 2176 676 2248 παρρησίᾳ
707 2172 1046 2246 χρωμένους,
1074 2170 1170 2222 καὶ
1206 2166 1315 2220 τῶν
1345 2163 1565 2234 ἀγαθῶν
1590 2165 1721 2234 ἡμῖν

150 2269 584 2338 ὲπαγγέλλοντας
619 2267 719 2336 τὴν
767 2264 960 2335 φοράν.
989 2258 1162 2314 Τοῦτο
1211 2258 1321 2328 γὰρ
1350 2257 1414 2326 δὴ
1437 2256 1458 2288 ⁸
1491 2255 1588 2310 καὶ
1615 2253 1722 2309 τῶν

151 2361 453 2430 φιλοσόφων
487 2359 663 2431 [ἡμῖν]
699 2358 721 2389 ⁸
765 2359 794 2411 ό
842 2355 1138 2426 κορυφαῖος
1184 2353 1244 2404 ὲν
1295 2352 1362 2420 τῇ
1398 2345 1723 2417 Ἐπινομίδι

149 2454 465 2523 δεδήλωκεν.
523 2451 666 2520 Ἔφη
722 2447 869 2520 γάρ·
919 2465 938 2498 ι
995 2443 1069 2498 Οὔ
1114 2460 1257 2514 φημι
1305 2437 1446 2495 εἶναι
1499 2439 1724 2493 δυνατὸν

151 2541 456 2612 ἀνθρώποις
503 2538 794 2610 μακαρίοις
837 2552 892 2589 τε
939 2535 1034 2587 καὶ
1085 2531 1370 2601 εὐδαίμοσι
1426 2527 1720 2598 γενέσθαι,

152 2633 284 2704 πλὴν
303 2631 502 2698 ὀλίγων
520 2647 532 2660 ·
564 2629 723 2700 μέχρι
753 2643 858 2696 περ
882 2625 948 2686 ἂν
970 2623 1174 2694 ζῶμεν,
1204 2623 1364 2675 τοῦτο
1388 2618 1721 2690 διορίζομαι·

153 2720 284 2789 καλὴ
330 2720 390 2772 δὲ
443 2717 598 2779 ἐλπὶς
657 2713 1046 2782 τελευτήσαντι
1107 2710 1294 2778 τυχεῖν
1361 2706 1637 2760 ἁπάντων.
1700 2724 1719 2758 ι

164 2809 426 2880 ’ἀτεχνῶς
465 2807 523 2861 δέ
573 2822 634 2874 γε
669 2802 826 2857 τοῦτο
875 2801 1019 2854 ἔοικε
1051 2801 1166 2862 τοῖς
1201 2798 1308 2851 ὑπὸ
1335 2798 1436 2868 τῆς
1466 2797 1618 2860 θείας
1649 2798 1727 2850 εί-

158 2903 414 2973 ρημένοις
460 2897 684 2970 Γραφῆς
705 2911 721 2926 ·
775 2913 794 2947 ι
823 2893 916 2963 Μὴ
955 2892 1266 2963 μακαρίσῃς
1295 2889 1464 2959 ἄνδρα
1498 2887 1604 2956 πρὸ
1641 2904 1728 2940 τε·

156 2995 344 3064 λευτῆς
374 2989 571 3045 αὑτοῦ·
609 3007 626 3041 ι
667 2985 759 3041 καί
786 2986 860 3017 ¹⁰ο
895 3005 914 3037 ι
942 2984 1062 3047 Φῶς
1093 2982 1321 3045 δικαίοις
1352 2981 1674 3044 διαπαντός·
1703 2998 1721 3032 ι

158 3087 280 3138 καί·
319 3103 338 3136 ι
378 3083 564 3151 Ψυχαὶ
596 3079 821 3134 δικαίων
857 3079 914 3132 ὲν
951 3077 1096 3147 χειρὶ
1123 3074 1293 3129 Θεοῦ·
1332 3093 1351 3124 ι
1395 3074 1490 3127 καὶ
1523 3073 1591 3126 τὰ
1611 3073 1730 3126 τού-

153 3193 262 3238 τοις
292 3174 618 3246 προσόμοια.

221 3267 347 3319 Ὅτι
394 3265 451 3317 δὲ
501 3265 598 3316 καὶ
643 3262 754 3324 τοῖς
792 3259 1021 3322 δικαίοις
1063 3257 1283 3330 ὕϐρεις,
1322 3259 1416 3312 καὶ
1442 3259 1730 3330 λοιδορίας,

156 3355 247 3409 καὶ
287 3355 476 3416 αἰκίας
513 3353 553 3384 ¹¹
577 3391 592 3418 ,
643 3351 738 3405 καὶ
776 3349 1048 3420 μάστιγας
1091 3347 1232 3402 κατὰ
1278 3347 1371 3400 τὸν
1400 3349 1644 3418 παρόντα
1692 3350 1732 3380 ’⁸

160 3447 266 3514 βίον
325 3445 702 3514 ξυνεκλήρωσε
763 3441 874 3494 τῶν
926 3441 1064 3493 ὅλων
1119 3441 1148 3492 ὁ
1201 3438 1476 3509 Πρύτανις
1500 3479 1516 3503 ,
1575 3441 1669 3492 καὶ
1708 3441 1736 3492 ὁ

158 3538 381 3591 Πλάτων
436 3539 494 3590 ὲν
546 3537 612 3605 τῇ
666 3533 949 3598 Πολιτείᾳ
1007 3530 1385 3600 ξυγγέγραφεν
1409 3547 1423 3561 ·
1497 3549 1515 3580 ι
1581 3529 1736 3584 Οὕτω

157 3630 307 3700 γὰρ,
366 3629 504 3698 φησὶ
552 3667 568 3691 ,
646 3623 990 3693 διακείμενος
1060 3623 1088 3672 ό
1141 3620 1348 3683 δίκαιος
1385 3662 1400 3685 ,
1481 3621 1735 3690 αίκισθή-

160 3735 311 3773 σεται
333 3760 348 3786 ,
405 3715 891 3788 στρεϐλωθήσεται
915 3751 930 3776 ,
993 3711 1322 3780 δεθήσεται,
1365 3713 1736 3780 ὲκκοπήσεται

158 3811 233 3863 τὼ
264 3810 554 3880 ὀφθαλμὼ,
590 3805 857 3860 τελευτῶν
891 3803 936 3835 ¹³
969 3804 1148 3858 πάντα
1199 3803 1346 3857 κακὰ
1381 3803 1569 3858 παθὼν
1608 3804 1738 3856 ἀνα-

163 3902 676 3971 σκινδαλευθήσεται
739 3899 802 3952 ’⁸.
856 3899 971 3951 Οὐκ
1029 3894 1122 3950 οὖν
1184 3895 1482 3966 τρισάθλιοι
1540 3897 1638 3966 μὲν
1687 3897 1738 3949 οἱ

160 3995 330 4049 ταῦτα
366 3991 652 4054 ποιοῦντες
676 4032 693 4056 ,
739 3989 1040 4061 τρισόλὸιοι
1087 3986 1144 4039 δὲ
1191 3987 1239 4039 οἱ
1270 3987 1569 4055 πάσχοντες
1606 3988 1681 4049 ¹⁵;
1716 4005 1734 4037 ι

166 4087 286 4140 Ὅτι
315 4087 373 4140 δὲ
413 4086 510 4139 καὶ
541 4082 921 4154 ἐπιμελεῖσθαι
954 4079 1063 4132 τῶν
1097 4079 1454 4149 ἀνθρωπείων
1486 4079 1742 4132 "olivu-

159 4196 246 4232 ται
277 4176 629 4250 πραγμάτων
652 4176 706 4228 al
740 4172 851 4226 τῶν
882 4171 1042 4224 ὁσίων
1086 4169 1276 4240 ψυχαὶ,
1311 4171 1404 4223 καὶ
1432 4170 1527 4223 τοῦ
1556 4171 1744 4240 σώμα-

159 4285 249 4330 τος
303 4270 345 4300 "
388 4266 551 4329 ἐκτὸς
602 4264 912 4332 γενόμεναι,
937 4263 966 4314 ὁ
995 4261 1218 4314 Πλάτων
1264 4262 1356 4314 καὶ
1383 4260 1543 4313 τοῦτο
1572 4263 1628 4313 ὲν
1665 4260 1744 4329 τῷ

160 4358 434 4427 ἑνδεκάτῳ
469 4356 518 4388 ⁸⁸
543 4354 655 4408 τῶν
683 4355 895 4422 Νόμων
945 4351 1188 4417 ἐδίδαξε·
1226 4350 1374 4418 λέγει
1429 4351 1485 4404 δὲ
1531 4349 1740 4414 οὕτως·

165 4466 184 4499 ι
224 4449 323 4510 Et;
370 4463 498 4500 τινα
544 4446 587 4476 ²⁹
629 4445 739 4514 γὰρ
777 4441 872 4496 οὖν
917 4461 1006 4513 μοι
1035 4443 1226 4511 καιρὸν
1275 4443 1578 4512 φαινόμεθα
1617 4444 1746 4506 τοὺς

1817 629 1933 684 Hoc
1960 629 2130 700 igitur
2149 631 2205 686 in
2232 631 2358 687 loco
2385 636 2404 653 ’
2428 631 2698 688 scientem
2727 645 2948 702 quoque
2973 630 3255 686 hominem
3279 631 3400 686 eol-
3439 644 3444 650 ’

1814 719 1959 816 loco.
1977 721 2257 818 llesiodus
2283 737 2417 779 vero
2439 724 2517 780 'de
2549 724 2703 778 aurei
2734 724 2954 794 generis
2975 723 3298 780 hominibus
3319 725 3402 780 ita

1813 818 2018 861 οεωηιι
2042 825 2054 859 ζ

1816 913 1886 989 41
1915 921 2194 989 postquam
2222 934 2384 989 genus
2412 904 2508 972 Ιῖοο
2537 927 2682 974 terra
2713 936 2853 975 mors
2881 921 3056 976 obruit
3083 921 3231 988 alta,

1817 983 2092 1057 {Nemeaea
2121 987 2175 1042 hi
2200 983 2371 1041 sbncti
2401 997 2670 1044 terrestres
2701 991 2799 1045 rite
2827 999 3118 1057 vocantur,

1819 1052 2068 1111 Custodes
2093 1058 2385 1123 hominum,
2417 1067 2598 1112 nostra
2626 1061 2736 1113 haec
2763 1061 2948 1131 quibus
2977 1052 3160 1117 omnia
3188 1073 3335 1119 cum,

1889 1168 2046 1236 Quod
2067 1169 2114 1225 si
2143 1177 2328 1244 poeta,
2357 1178 2414 1224 et
2441 1170 2637 1235 bonos,
2670 1180 2727 1226 et
2753 1171 3026 1226 malorum
3059 1173 3402 1244 depulsores,

1818 1268 1875 1315 et
1896 1260 2155 1317 custodes
2195 1261 2508 1318 mortalium
2537 1262 2755 1318 vocavit
2785 1279 2879 1320 eos
2903 1265 2999 1335 qui
3023 1267 3229 1337 optime
3253 1269 3404 1324 vixe-

1820 1359 1972 1417 runt,
1997 1350 2199 1410 deinde
2229 1353 2432 1407 mortui
2469 1361 2619 1419 sunt,
2647 1355 2875 1426 ejusque
2913 1355 3248 1412 sententiam
3277 1359 3405 1429 phi-

1819 1442 2176 1512 1050phorum
2209 1445 2701 1512 praestantissimus
2723 1445 3090 1512 conﬁrmavit,
3118 1457 3283 1525 atque
3308 1449 3408 1505 ho-

1821 1548 1945 1586 rum
1976 1533 2226 1602 sepulcra
2271 1534 2501 1591 colenda
2530 1543 2588 1590 et
2626 1535 2902 1591 adoranda
2929 1539 3147 1592 censuit
3179 1556 3192 1592 :
3222 1555 3344 1609 quae
3375 1554 3410 1594 ι

1821 1624 1984 1678 nobis
2016 1625 2173 1689 ﬁunt,
2224 1625 2416 1695 optimi
2462 1626 2588 1692 viri,
2618 1643 2718 1682 cur
2756 1628 3074 1684 damnatis?
3115 1631 3228 1686 Nos
3259 1632 3408 1687 enim

1825 1716 1943 1783 pari
1973 1716 2140 1770 modo
2162 1757 2177 1781 ,
2213 1730 2310 1771 eos
2338 1716 2432 1787 qui
2466 1717 2670 1787 pietate
2713 1719 3054 1785 claruerunt,
3091 1737 3302 1793 proque
3344 1739 3410 1780 ea

1826 1809 1949 1861 caesi
1995 1817 2156 1872 sunt,
2199 1809 2470 1863 malorum
2502 1809 2830 1880 depulsores
2856 1821 2914 1868 et
2954 1814 3198 1869 medicos
3227 1815 3409 1869 nomi~

1821 1914 2052 1964 namus;
2083 1900 2360 1956 daemonas
2405 1916 2518 1955 non
2561 1902 2901 1971 appellamus
2937 1903 3127 1974 (absit
3178 1919 3209 1958 a
3248 1905 3412 1961 nobis

1823 1990 1914 2045 hic
1935 1990 2090 2045 furor
2109 1990 2173 2061 l),
2190 1991 2288 2046 sed
2311 1991 2406 2046 Dei
2432 1992 2640 2049 amicos
2663 2008 2965 2062 servosque
2991 1994 3309 2059 benevolos,
3340 1995 3410 2048 li-

1821 2081 2037 2137 bertate
2066 2092 2303 2147 utentes,
2339 2082 2720 2153 bonorumque
2747 2084 2961 2153 copiam
2988 2084 3151 2139 nobis
3182 2085 3410 2155 promit-

1823 2181 2022 2230 tentes.
2075 2172 2235 2240 Quod
2292 2175 2470 2244 ipsum
2522 2175 2689 2238 etiam
2738 2175 3194 2247 philosophorum
3247 2175 3416 2248 918

1823 2266 2083 2337 princeps
2133 2266 2190 2320 in
2240 2265 2556 2336 Epinomide
2593 2265 2679 2319 ita
2731 2265 3032 2320 declaravit
3066 2269 3140 2336 (p.
3171 2266 3276 2321 975
3300 2263 3363 2336 C)
3394 2283 3410 2320 :

1832 2377 1851 2409 ί
1892 2357 2050 2412 Haud
2075 2372 2207 2412 sane
2233 2356 2468 2423 dixerim
2511 2372 2670 2427 posse
2696 2357 2949 2412 homines
2980 2358 3172 2413 beatos
3199 2373 3263 2411 ac
3288 2357 3412 2411 l'eli-

1825 2464 1918 2506 ces
1962 2449 2218 2514 evadere,
2273 2449 2468 2523 paucis
2496 2447 2763 2516 exceptis.
2812 2447 2997 2503 Donec
3044 2447 3304 2512 vivimus,
3338 2449 3412 2503 ita

1825 2541 2064 2594 decerno
2091 2557 2103 2592 :
2139 2540 2282 2594 bona
2309 2547 2394 2594 est
2424 2549 2606 2594 autem
2652 2549 2873 2594 mortuo
2899 2555 3024 2609 spes
3066 2540 3248 2594 omnia
3279 2555 3414 2594 con-

1826 2628 2117 2697 sequendi.
2157 2647 2176 2678 ›
2231 2627 2387 2708 Quod
2416 2628 2640 2697 quidem
2671 2629 2829 2683 aliine
2855 2643 3080 2698 prorsus
3095 2639 3181 2686 est
3199 2629 3268 2683 iis
3295 2645 3417 2698 qua:
3441 2655 3445 2657 -

1830 2717 1885 2772 in
1914 2734 2068 2773 sacra
2113 2718 2400 2788 Scriptura
2449 2718 2712 2773 dicuntur
2747 2738 2758 2772 :
2802 2738 2821 2770 ‹
2867 2719 2946 2774 Ne
2979 2719 3199 2774 beatum
3223 2735 3418 2789 qucrn-

1829 2821 1992 2876 quam
2017 2806 2216 2861 feceris
2247 2813 2374 2861 ante
2397 2806 2582 2861 obitus
2603 2807 2688 2861 sui
2714 2807 2861 2862 diem
2881 2807 2944 2871 h;
2983 2825 3001 2857 ι
3031 2814 3088 2861 et
3117 2825 3129 2859 :
3165 2825 3182 2857 ι
3207 2805 3419 2875 Usque.

1830 2911 2046 2969 quaque
2097 2898 2284 2952 lumen
2327 2898 2573 2970 justisi;
2612 2916 2630 2948 ι
2667 2907 2724 2952 et
2766 2915 2780 2952 :
2834 2915 2851 2948 ι
2888 2897 3173 2951 Justorum
3222 2895 3420 2949 anima:

1836 2990 1894 3043 in
1916 3005 2084 3045 manu
2110 2990 2209 3045 Dei
2231 2999 2361 3045 sunt
2388 2987 2478 3055 ip
2509 2999 2565 3044 et
2593 3004 2714 3059 quae
2739 2989 2826 3044 his
2845 2988 3064 3044 similia.

1905 3269 2062 3336 Quod
2095 3277 2279 3323 autem
2314 3269 2480 3323 etiam
2511 3269 2692 3337 justos
2732 3267 2788 3319 in
2816 3267 2918 3320 hac
2955 3265 3068 3320 vita
3098 3263 3336 3334 injuriis,
3366 3272 3424 3319 et

1835 3361 2206 3426 contumeliis,
2239 3360 2521 3429 plagisque
2556 3372 2619 3410 ac
2646 3357 2975 3410 verberibus
3007 3355 3279 3409 addixerit
3306 3369 3427 3408 om-

1835 3453 1989 3507 nium
2024 3452 2250 3514 Rcctor,
2295 3447 2440 3501 idem
2473 3447 2626 3500 Plato
2658 3445 2713 3498 in
2753 3443 3031 3513 Republica
3067 3451 3299 3496 testatur
3345 3443 3420 3512 (p.

1837 3543 1962 3612 561)
1996 3559 2008 3592 :
2047 3558 2065 3590 ‹
2102 3539 2291 3595 Justus
2316 3537 2486 3601 enim,
2511 3534 2712 3604 inquit,
2750 3534 2822 3587 ita
2862 3539 3220 3601 praeparatus,
3247 3529 3425 3583 cende-

1841 3645 1950 3698 tur,
2009 3629 2356 3700 torquebitur
2381 3667 2396 3690 ,
2459 3625 2826 3695 colligabitur,
2866 3622 3042 3676 oculis
3075 3621 3420 3690 privabitur:

1838 3734 2145 3789 cunctaque
2178 3719 2417 3787 denique
2451 3731 2769 3786 perpessus,
2796 3724 3074 3784 postremo
3105 3713 3271 3768 etiam
3305 3727 3427 3766 sus-

1839 3813 2128 3884 pendetur.
2163 3811 2380 3865 Annon
2415 3810 2601 3878 itaque
2642 3806 2938 3862 miserrimi
2967 3805 3062 3875 qui
3090 3805 3176 3858 his
3208 3803 3427 3858 damnis

1840 3902 2122 3965 afﬁciunt,
2185 3899 2486 3954 felicissimi
2517 3912 2651 3951 vero
2699 3897 2794 3966 qui
2834 3893 3157 3965 patiuntur?
3195 3911 3211 3944 ι
3260 3893 3426 3946 Posse

1840 4003 2026 4049 autem
2073 4000 2389 4046 sanctorum
2422 3990 2655 4050 animas,
2684 3987 2850 4040 etiam
2883 4001 3009 4039 cum
3047 3993 3428 4052 extraeorpus

1841 4085 2069 4146 fuerint,
2105 4066 2392 4135 hominum
2435 4092 2632 4132 curare
2680 4075 2916 4145 negotia,
2966 4075 3119 4129 Plato
3171 4073 3318 4127 idem
3370 4074 3427 4126 in

1844 4174 2138 4230 undecimo
2175 4171 2373 4242 Legum
2421 4168 2566 4224 libro
2600 4167 2689 4221 bis
2714 4166 2902 4220 verbis
2946 4164 3176 4219 aﬂlrmat
3208 4162 3283 4233 (p.
3324 4160 3430 4217 926

1843 4264 1954 4334 E):
1997 4281 2016 4314 ι
2062 4264 2382 4331 Opportune
2430 4257 2599 4327 igitur
2632 4270 2697 4310 ea
2738 4269 2861 4324 qua:
2910 4252 3167 4322 superius
3200 4257 3429 4306 tractata

1845 4363 1973 4412 sunt
1998 4353 2171 4410 locuti
2194 4351 2467 4414 videmur,
2494 4348 2707 4402 animas
2733 4345 2990 4400 videlicet
3019 4343 3429 4408 defunctorum,

1847 4453 2138 4516 postquam
2171 4457 2240 4496 ex
2290 4441 2394 4495 hac
2421 4438 2535 4494 vita
2571 4435 2926 4497 excesserint,
2973 4433 3086 4487 vim
3135 4431 3430 4502 quamdam

159 4537 476 4608 ἔμπροσθεν
500 4536 692 4603 λόγους
733 4533 1048 4600 διεξελθεῖν,
1078 4535 1154 4597 ὡς
1187 4533 1295 4604 ἄρα
1332 4534 1389 4587 αἱ
1421 4534 1530 4588 τῶν
1563 4534 1730 4588 τελευ-

1848 4539 2009 4610 917
2036 4537 2264 4601 habere,
2301 4549 2365 4588 ac
2395 4533 2463 4588 de
2508 4532 2676 4586 rebus
2707 4529 2965 4584 humanis
2998 4542 3185 4582 curam
3216 4540 3434 4596 gerere.

159 4628 445 4697 τησάντων
475 4627 647 4696 ψυχαὶ
686 4625 914 4694 δύναμιν
960 4624 1145 4696 ἔχουσί
1172 4643 1296 4680 τινα
1323 4627 1737 4697 τελευτήσασαι,

160 4719 252 4771 καὶ
293 4717 407 4772 τῶν
448 4717 573 4771 κατ’
605 4715 928 4789 ἀνθρώπους
963 4717 1304 4787 πραγμάτων
1331 4719 1739 4790 ἐπιμελοῦνται.

162 4809 346 4864 Ταῦτα
375 4809 436 4864 δὲ
474 4809 695 4879 ἀληθεῖς
753 4809 870 4877 μὲν,
909 4810 1111 4879 μακροὶ
1139 4809 1206 4862 δέ
1245 4812 1351 4864 είσι
1395 4811 1744 4882 περιέχοντες

161 4899 340 4969 λόγοι·
366 4899 662 4953 ’πιστεύειν
707 4900 756 4931 ⁸⁸
786 4899 844 4952 δὲ
895 4903 1016 4962 ταῖς
1056 4899 1162 4972 [τε]
1201 4902 1242 4932 ¹²
1287 4901 1475 4967 ἄλλαις
1530 4907 1741 4975 φήμαις

163 4990 335 5068 χρεὼν
363 4991 502 5063 περὶ
547 4990 617 5043 τὰ
657 4989 902 5055 τοιαῦτα,
951 4988 1095 5043 οὕτω
1146 4991 1369 5056 πολλαῖς
1403 4996 1497 5048 καὶ
1533 4994 1739 5068 σφόδρα

170 5132 181 5137 ’
228 5146 260 5188 ι
292 5146 472 5203 Sirac.
504 5161 564 5210 ιι,
603 5144 690 5200 29.
772 5149 790 5186 ί
827 5147 988 5202 Prov.
1024 5163 1095 5213 IV,
1123 5147 1208 5202 18.
1291 5148 1304 5198 i
1353 5149 1478 5221 Sap.
1516 5168 1595 5218 Ill,
1633 5154 1681 5206 l.

1850 4633 2145 4688 Sermones
2170 4642 2303 4682 vero
2327 4625 2422 4695 qui
2448 4624 2514 4678 de
2540 4623 2629 4677 his
2659 4623 2826 4676 rebus
2842 4620 3137 4682 habentur,
3166 4616 3282 4670 veri
3307 4615 3432 4686 qui-

1849 4725 1998 4788 dem,
2037 4721 2134 4776 sed
2162 4719 2311 4790 longi
2356 4727 2504 4772 sunt.
2532 4714 2882 4770 Credendum
2907 4720 2991 4766 est
3016 4719 3198 4765 autem
3230 4716 3286 4762 et
3308 4707 3431 4762 aliis

1850 4829 2070 4886 quoque
2091 4816 2110 4834 ⁴
2132 4807 2542 4866 narrationibus
2564 4823 2685 4876 quae
2709 4807 2825 4859 haec
2845 4803 3006 4858 nobis
3034 4801 3278 4862 tradunt,
3305 4813 3430 4857 cum

1851 4906 1990 4961 adeo
2017 4915 2074 4960 et
2100 4902 2340 4972 antiquae
2367 4909 2423 4955 et
2448 4901 2633 4953 multze
2650 4899 2781 4952 sint.
2810 4893 3160 4953 Credendum
3199 4903 3432 4962 praeter-

1847 5015 1913 5054 ea
1952 5007 2008 5054 et
2060 4998 2130 5054 iis
2161 4997 2256 5068 qui
2288 4996 2435 5066 leges
2479 4993 2746 5055 tulerunt,
2801 4991 2876 5045 ita
2911 4991 3026 5044 haec
3049 5002 3109 5042 se
3140 4985 3366 5040 habere.
3405 5002 3424 5033 ο

1473 5303 1703 5360 VARI/E
1745 5304 2151 5362 LECTIONES.

232 5416 459 5487 ίτβῆτοβ
491 5413 655 5487 "alio
677 5410 822 5487 τδρ·
846 5413 922 5487 μ’
944 5413 993 5487 ῼὶ
1023 5413 1511 5487 μὲνέκαλὲρνται.
1544 5419 1626 5470 τοὶ
1662 5418 1757 5485 μὲν
1803 5418 2058 5487 δαίμονες
2083 5416 2220 5471 εἰσὶν
2269 5415 2390 5478 Διὸς
2429 5411 2683 5487 μεγάλου
2730 5407 3015 5487 διαδουιλάς
3181 5405 3201 5436 ³
3228 5399 3426 5486 ἐσθλοῖ.

166 5483 338 5538 ἐσθλοὶ
358 5486 404 5538 δ’
431 5485 494 5539 Β.

172 5827 351 5898 οὓσᾶις
377 5849 491 5891 om.
526 5833 588 5887 Β.
666 5833 708 5864 ¹¹
739 5829 845 5903 [τε]
872 5844 982 5892 om.
1013 5827 1073 5883 C.

610 5482 632 5513 ‘
664 5481 1018 5557 καὶξσθλούς.
1043 5483 1155 5557 ’καὶ
1184 5498 1293 5557 orn.
1445 5487 1542 5557 ml
1565 5481 1690 5540 ante
1717 5489 1745 5557 ό
1775 5481 2004 5557 ποιητὴς
2058 5501 2166 5541 om.
2215 5487 2312 5557 γε.
2339 5524 2377 5557 _._

169 5553 222 5606 Β.
296 5557 316 5587 ⁶
344 5550 795 5626 δῆταηδή-ποτεΒ
842 5551 963 5626 Illo;
991 5552 1392 5626 pépgascanC.
1470 5557 1490 5586 ⁷
1525 5554 1668 5608 θεοῦ.
1705 5556 1809 5625 θεῷ
1859 5545 1918 5609 Β.
1962 5545 2035 5590 ’⁷⁸
2067 5558 2174 5626 γὰρ
2213 5555 2298 5626 δή.
2333 5554 2532 5626 δὴνοηιμ.
2570 5551 2629 5603 Β.
2675 5549 2728 5626 _’
2754 5547 2928 5626 [ἡμῖν]
2979 5545 3178 5626 orn._(_3.

168 5637 271 5699 om.
297 5625 357 5690 B,
397 5621 564 5699 etsic
586 5622 671 5677 19.
751 5622 802 5699 ‘_‘_
831 5621 1034 5699 αἰκίας.
1059 5621 1368 5699 ἁδικίςιςιΒ,⁸
1450 5625 1494 5655 ²²
1523 5625 1671 5699 τόνδε
1701 5621 1812 5699 τόν,
1847 5627 1937 5699 τὸν
1964 5621 2207 5699 παρόντα
2242 5621 2299 5677 Β.

168 5692 233 5744 τά
252 5689 373 5750 post
404 5695 588 5747 πάντα
614 5707 724 5746 om.
763 5691 824 5745 B.
902 5689 947 5728 ‘7'
975 5691 1317 5745 ἁνασκινδαλ,
1346 5695 1690 5749 ἀνασκινδυλ.
1723 5695 1784 5750 C.

172 5709 373 5815 τῗθροεῑ
404 5709 588 5747 παντα
614 5709 724 5746 om.
764 5709 824 5745 υ.
902 5709 947 5728 ε·
975 5709 1317 5745 ανασκινοαλ,
1346 5709 1690 5749 ανασκινουλ.
1723 5709 1784 5750 u.
1885 5709 1927 5727 ι·
1953 5709 2002 5749 οι
2037 5712 2359 5764 πασχοντες.
2393 5709 2442 5749 οι
2483 5709 2655 5745 ταυτα
2688 5709 2749 5742 π.
2801 5709 2892 5740 vn.
2974 5709 3015 5716 -ν
3051 5709 3424 5765 ανυρωξιινων.

172 5762 221 5843 ἁ.
264 5761 613 5843 ρωπείωνῇΒ.
666 5759 864 5843 Δζητοξῖ
909 5757 1179 5843 σώματος.
1209 5762 1303 5816 τοῦ
1337 5777 1446 5818 0m.
1474 5764 1532 5818 Β.
1612 5766 1654 5797 ⁸⁸
1684 5766 1976 5837 ἑνδεκάτῳ.
2011 5765 2220 5834 δεκάτῳ
2265 5764 2325 5829 Β,
2359 5762 2421 5818 C.
2505 5763 2546 5795 ¹⁹
2567 5775 2689 5815 τινα
2720 5771 2830 5813 om.
2859 5756 2918 5809 Β.
2996 5757 3039 5788 ⁸ο
3066 5767 3427 5808 πιστευεινσ-⁴

2424 5471 2459 5515 δ’
2483 5471 2540 5534 δέ
2565 5480 2712 5533 τόνδε
2741 5479 2850 5529 τόν.
2877 5479 2933 5529 δὲ
2963 5477 3054 5529 τοῦ
3082 5473 3308 5542 ποιητοῦ
3338 5471 3431 5524 τὸν

2425 5569 2510 5592 nm
2570 5551 2626 5592 R,
2708 5549 2728 5580 ⁸
2754 5547 2928 5592 Ιήιιῖν]
2979 5562 3088 5592 nm-
3118 5545 3178 5592 (ἶ.
3259 5543 3301 5572 ¹⁰
3335 5541 3430 5592 καὶ

2381 5611 2425 5656 ί³
2449 5611 3079 5678 τελευταῖονζίτελὲυτῶν
3105 5616 3164 5677 Β,
3189 5612 3250 5668 C.
3287 5611 3424 5664 Tum

1885 5697 1927 5727 ³⁵
1953 5699 2002 5749 oi.
2037 5681 2442 5764 πάσχοντες-οι
2483 5691 2655 5764 ταῦτα
2688 5706 2749 5742 π.
2794 5686 2896 5764 Vb;
2973 5681 3424 5764 ‘f-dVOpwrtivwv.
