4080 6370
132 419 285 484 1029

712 416 1154 482 ΟΗΕΟΛΒΠΜ
1187 413 1490 475 AFFECT.
1532 410 1888 474 CURATIO.
1913 409 2163 473 -VIII.
2206 410 2304 471 DE
2343 410 2858 473 MARTYRIBUS.

3296 413 3434 479 1030

133 549 338 602 χηκεν,
368 530 491 584 οὐδὲ
523 529 566 560 δ’
602 530 786 600 Ζήνων
811 530 837 581 6
884 525 1166 596 Ἐλεάτης,
1193 525 1252 588 ὃς
1293 522 1740 597 ἀναγκαζόμενος

1844 521 2255 584 Anaxarchum,
2292 541 2311 572 ι
2342 520 2493 575 hunc
2519 520 2790 576 honorem
2819 529 2905 577 est
2940 531 3308 591 consecutus;
3334 542 3437 582 nec

132 625 432 678 κατειπεῖν
460 641 511 675 τι
535 621 645 674 τῶν
669 613 997 691 ἀπορρήτων
1025 617 1251 688 ἀντέσχε
1277 616 1413 687 πρὸς
1437 615 1537 678 τὰς
1568 614 1737 684 βασά-

136 732 295 778 νους,
329 714 482 766 οὐδὲν
522 709 1050 780 ἐξομολογούμενοςο
1090 709 1164 771 ὡς
1202 708 1258 760 δέ
1297 723 1462 777 φησιν
1497 705 1542 737 ⁸³
1583 706 1736 776 Ἐρα-

136 805 411 874 τοσθὲνης
445 805 502 854 ὲν
534 804 646 862 τοῖς
671 802 715 830 ⁸⁸
741 800 878 867 Περὶ
899 798 1139 867 ἀγαθῶν
1164 800 1262 852 καὶ
1291 796 1514 861 κακῶν,
1550 796 1735 859 δείσας

131 892 304 959 οὗτος
344 895 417 963 μὴ
440 896 504 962 τῇ
535 891 643 944 τῶν
679 891 866 944 παθῶν
889 890 932 922 ⁸³
963 890 1234 963 ὑπερὸολῇ
1271 888 1512 960 βιασθεὶς
1543 888 1735 959 ἐξείπῃ

135 1005 192 1039 τι
233 987 346 1038 τῶν
397 983 794 1052 συγκειμένων,
847 982 943 1035 καὶ
987 983 1114 1045 τοὺς
1173 980 1476 1042 στασιώτας
1522 980 1573 1011 ⁸⁸
1626 997 1735 1051 μη-

138 1077 307 1146 νύσῃ,
355 1075 453 1143 τὴν
504 1075 752 1142 γλῶτταν
805 1077 916 1135 τοῖς
953 1072 1132 1126 ὀδοῦσι
1170 1071 1353 1142 τεμὼν
1389 1073 1736 1141 προσέπτυσε

131 1164 221 1234 τῷ
260 1164 536 1233 τυράννῳ.
576 1162 755 1215 Ταύτὸ
798 1163 842 1192 ⁸⁷
876 1162 932 1215 δὲ
964 1162 1120 1214 τοῦτο
1167 1161 1262 1213 καὶ⁵
1299 1159 1551 1214 Θεόδοτόν
1604 1178 1737 1230 φασι

141 1255 377 1323 ποιῆσαι
411 1254 504 1306 τὸν
534 1253 926 1324 Πυθαγόρειον,
961 1251 1057 1303 καὶ
1092 1249 1304 1304 Παῦλον
1364 1251 1455 1304 τὸν
1487 1250 1735 1306 Λακύδου

141 1343 452 1415 γνώριμον,
483 1345 558 1408 ὡς
586 1346 614 1396 6
659 1341 1021 1413 Περγαμηνὸς
1057 1343 1322 1412 Τιμόθεος
1367 1344 1425 1395 ὲν
1469 1341 1548 1413 τῷ
1597 1342 1736 1410 Περὶ

140 1435 258 1502 τῆς
301 1435 422 1488 az»-
461 1437 820 1505 φιλοσόφων
862 1435 1141 1503 ἀνδρείας
1157 1435 1202 1466 ⁸⁸
1236 1432 1737 1504 ξυνέγραψε’ξυμ-

146 1528 427 1598 μαρτυρεῖ
462 1527 518 1579 δὲ
546 1526 721 1595 τούτῳ
759 1527 854 1578 καὶ
900 1527 1151 1596 Ἀχαϊκὸς
1195 1526 1255 1579 ὲν
1295 1526 1406 1587 τοῖς
1456 1523 1732 1589 Ἠθικοῖς.

154 1618 309 1671 Ἀλλ’
332 1620 482 1687 ὅμως
504 1617 709 1670 τούτων
730 1617 905 1680 οὐδεὶς
934 1618 1033 1686 τῆς
1066 1616 1174 1670 τῶν
1205 1615 1498 1686 μαρτύρων
1532 1615 1740 1686 ἠξιώθη

141 1709 340 1777 τιμῆς.
377 1709 516 1760 Οὔτε
545 1709 652 1778 μὴν
686 1710 885 1762 ἐκεῖνοι
909 1710 960 1762 οί
984 1708 1055 1761 τὰ
1084 1707 1315 1778 λαμπρὰ
1342 1707 1438 1761 καὶ
1469 1706 1767 1778 πολυθρύλ-

142 1798 290 1868 λητα
323 1801 623 1868 στήσαντες
663 1799 922 1870 τρόπαια,
954 1799 1015 1851 ού
1047 1798 1371 1868 Μιλτιάδης,
1409 1797 1471 1850 οὐ
1522 1798 1737 1868 Κίμων,

1836 613 1987 670 Zeno
2009 614 2247 679 Eleates,
2279 612 2397 683 qui,
2425 626 2548 666 cum
2589 625 2786 667 arcana
2813 614 3062 684 quadam
3083 614 3318 684 prodere
3340 632 3438 672 co-

1837 711 2079 773 geretur,
2105 702 2550 757 constantissime
2597 704 2890 759 tormentis
2914 691 3172 761 omnibus
3206 708 3437 767 restitit.

1837 793 2087 864 nihilque
2111 801 2196 849 est
2219 792 2443 861 eﬂ‘atus,
2472 805 2638 865 atque
2663 802 2728 857 ut
2754 793 3153 852 Eratosthenes
3195 799 3249 852 in
3293 801 3440 854 libro

1837 885 1916 939 De
1943 885 2100 940 malis
2139 886 2392 957 bonisque
2411 885 2637 956 scripsit
2662 885 2856 955 (Clem.
2894 887 3048 942 Alex.
3081 887 3280 943 Strom.
3313 907 3350 953 ι,
3381 906 3435 959 p.

1839 974 1944 1031 5l9
1975 976 2169 1043 Pott.),
2203 978 2404 1032 timens
2434 993 2502 1032 ne
2533 977 2716 1032 victus
2751 994 2982 1034 excessu
3033 988 3438 1036 tormentorum

1838 1064 2067 1120 efferret
2093 1064 2303 1134 aliquid
2337 1080 2403 1118 ex
2440 1065 2508 1118 iis
2530 1064 2600 1118 de
2641 1066 2846 1134 quibus
2878 1067 3262 1131 condixerant,
3305 1084 3438 1122 con-

1839 1159 2094 1228 sciosque
2129 1156 2528 1227 eonjurationis
2575 1156 2872 1228 proderet,
2901 1159 3144 1229 linguam
3175 1159 3438 1214 dentibus

1840 1249 2140 1303 abscissam
2179 1249 2236 1303 in
2265 1249 2484 1320 tyranni
2519 1245 2713 1303 faciem
2757 1249 3033 1319 conspuit.
3067 1248 3224 1315 Quod
3258 1250 3437 1319 ipsum

1839 1348 1896 1394 et
1927 1339 2276 1394 Theodotum
2311 1339 2737 1411 Pythagoricum
2780 1339 2977 1394 fecisse
3011 1340 3188 1404 aiunt,
3220 1349 3277 1393 et
3298 1326 3440 1395 Pau-

1839 1431 1955 1485 lum
1983 1430 2216 1502 Lacydae
2235 1430 2582 1495 familiarem,
2611 1439 2669 1485 ut
2694 1432 2850 1485 testis
2869 1441 2953 1486 est
2970 1432 3292 1487 Timotheus
3310 1434 3441 1488 Per-

1839 1536 2106 1590 gamenus
2126 1520 2184 1575 in
2206 1521 2350 1575 libro
2366 1520 2444 1575 De
2465 1521 2894 1591 philosophorum
2919 1521 3242 1591 fortitudine,
3269 1524 3441 1577 idem-

1841 1628 1949 1682 que
1965 1611 2242 1666 Achaicus
2271 1611 2328 1666 in
2348 1611 2542 1684 Ethicis
2572 1612 2734 1667 libris
2761 1612 3015 1667 allirmat.
3035 1613 3232 1670 Nullus
3256 1625 3438 1670 tamen

1843 1703 2075 1757 istorum
2109 1703 2321 1758 honore
2349 1713 2648 1774 martyrum
2687 1703 2886 1774 dignus
2911 1713 2995 1759 est
3038 1705 3280 1761 habitus.
3332 1707 3440 1761 Ne-

1842 1809 1951 1863 que
2004 1793 2137 1848 item
2181 1793 2282 1859 illi,
2320 1795 2416 1864 qui
2460 1795 2698 1850 illustria
2729 1806 2787 1850 et
2832 1796 3194 1851 celeberrima
3237 1806 3441 1867 tropaea

142 1889 206 1942 οὐ
261 1890 562 1959 Περικλῆς,
612 1890 674 1942 οὐ
731 1888 1130 1960 Θεμιστοκλῆς,
1178 1889 1279 1941 οὐκ
1339 1887 1673 1959 ’Λριστείδης
1712 1887 1741 1940 6

1844 1883 2175 1949 excitarunt,
2195 1901 2305 1939 non
2338 1885 2632 1950 Miltiades,
2649 1903 2760 1940 non
2783 1886 2998 1952 Cimon,
3035 1904 3147 1942 non
3173 1889 3437 1954 Pericles,

141 1979 504 2047 Λυσιμάχουο
545 1979 724 2030 καίτοι
769 1970 924 2039 οὗτος
957 1977 1058 2030 οὐκ
1097 1975 1342 2046 ἀνδρεῖος
1374 1973 1555 2044 μόνον,
1605 1971 1765 2044 ἀλλὰ.

143 2069 243 2122 καὶ
273 2069 320 2101 ⁶⁹
341 2068 550 2130 δίκαιος
573 2068 886 2139 ὲνενόμιστο
911 2084 926 2098 ο
950 2066 1067 2120 ἀλλ’
1095 2067 1243 2137 ὅμως
1261 2065 1385 2119 οὒτε
1411 2059 1584 2127 οὗτος.
1616 2063 1741 2116 οὔτε

145 2160 427 2230 Βρασίδας
439 2160 485 2191 ⁵⁸
501 2159 529 2210 6
547 2159 919 2228 Σπαρτιάτης.
942 2159 1042 2210 οὐκ
1073 2157 1419 2228 ’Δγησίλαος,
1448 2157 1510 2209 οὐ
1527 2154 1742 2208 Λύσανο

143 2254 274 2325 ὅρος
308 2254 337 2304 ὸ
372 2252 475 2321 τὴν
514 2250 841 2305 δυναστείαν
885 2249 1201 2312 καταλύσας
1234 2251 1332 2310 τὴν
1361 2247 1742 2318 Ἀθηναίωνδί,

145 2345 210 2397 οὐ
266 2343 571 2405 Πελοπίδας
611 2345 640 2396 6
679 2341 1055 2412 Βοιωτάρχης,
1099 2343 1203 2395 οὐκ
1245 2337 1684 2410 Ἐπαμεινώνδας
1715 2340 1744 2391 6

149 2435 252 2505 τὴν
287 2419 633 2505 ”Λακωνικὴν
683 2435 1012 2506 ληϊσάμενος
1066 2434 1162 2486 καὶ
1183 2435 1250 2503 τῇ
1308 2431 1535 2502 Σπάρτῃ
1590 2428 1743 2502 [HI]

148 2529 548 2596 προσενεγκεῖν
574 2526 674 2595 τὴν
698 2525 957 2595 στρατιὰν
988 2525 1032 2555 ⁵⁸
1057 2523 1358 2593 τολμήσας,
1395 2524 1496 2590 οὐχ
1525 2522 1576 2574 οί
1612 2522 1745 2574 Ῥω-

152 2618 337 2687 μαίων
377 2617 834 2687 περιφανέστατοι
883 2615 1202 2687 στρατηγοὶ,
1242 2613 1302 2666 ού
1351 2612 1590 2666 Σκιπίων
1635 2611 1682 2642 ⁸⁸
1717 2611 1744 2663 6

149 2707 398 2778 πρῶτος,
430 2707 531 2776 οὐχ
553 2709 581 2759 6
620 2706 830 2758 ἐκείνου
860 2705 910 2737 ⁸⁸
941 2703 1250 2774 ὁμώνυμος,
1278 2704 1338 2755 οὐ
1363 2702 1559 2755 Κάτων
1589 2701 1656 2766 ⁸⁸,
1681 2700 1742 2752 οὐ

150 2799 385 2866 Σύλλας,
422 2800 483 2852 ού
518 2798 752 2868 Μάριος,
781 2797 841 2849 ού
882 2797 1187 2866 Πομπήϊος,
1222 2796 1284 2847 ού
1309 2796 1530 2862 Καῖσαρ
1557 2792 1739 2855 αὑτός.

149 2891 375 2944 Τούτων
415 2891 525 2960 γὰρ
555 2892 784 2951 ἕκαστος
838 2892 896 2941 ὲν
945 2888 1043 2957 μὲν
1079 2891 1199 2958 ταῖς
1235 2885 1595 2956 στρατηγίαις
1648 2885 1744 2936 καὶ

150 2985 274 3044 ταῖς
308 2983 366 3033 ἰν
418 2982 676 3050 πολέμοις
726 2978 1118 3049 ἀνδραγαθίαις
1162 2978 1422 3048 διέπρεψε
1467 2978 1534 3041 ⁵⁸,
1567 2978 1660 3029 τοῦ
1686 2978 1743 3030 δὲ

149 3073 262 3125 τῶν
297 3071 595 3142 μαρτύρων
620 3072 679 3123 οὑ
710 3070 974 3141 μετέλαχε
998 3071 1197 3141 γέρως.
1229 3071 1340 3122 Καὶ
1367 3071 1420 3121 τί
1449 3069 1593 3137 λέγω
1617 3069 1741 3132 τοὺς

151 3161 685 3235 στρατηγούςςοῠτε
720 3163 827 3233 γὰρ
856 3162 905 3214 οἱ
947 3162 1046 3232 τῆς
1077 3163 1401 3232 οἰκουμένης
1426 3161 1743 3230 βεὸασιλευω
1770 3211 1814 3268 C

152 3255 312 3316 κότες
345 3253 550 3323 ταύτης
579 3253 898 3306 ἀπέλαυσαν
926 3253 970 3284 ⁵⁷
1003 3255 1103 3322 τῆς
1133 3251 1331 3323 τιμῆς·
1357 3253 1419 3304 οὐ
1451 3251 1652 3322 Κῦρος,
1679 3253 1739 3304 ού

151 3348 402 3416 Δαρεῖος,
454 3344 515 3398 οὐ
557 3344 787 3416 Ξέρξης,
823 3345 924 3397 οὐκ
983 3343 1331 3415 Ἀλέξανδρος
1362 3346 1392 3396 6
1440 3343 1739 3396 Φιλίππου·

151 3440 280 3502 τοὺς
306 3437 418 3507 γὰρ
455 3438 768 3508 ἐπισήμους
798 3436 1088 3504 καταλέγω
1119 3436 1318 3506 μόνους
1341 3451 1355 3463 ·
1392 3434 1495 3487 οὐκ
1528 3433 1742 3503 A6700-

155 3525 300 3592 στος,
327 3529 430 3581 οὑκ
459 3529 869 3592 Οὐεσπασιανὸς
893 3528 960 3594 ⁵⁸,
978 3528 1040 3581 οὐ
1063 3527 1352 3598 Τραϊανὸς,
1388 3527 1489 3579 οὐκ
1526 3525 1745 3596 Ἀδρια-

154 3618 262 3685 νὸς,
312 3620 416 3671 οὐκ
465 3620 813 3682 ’Δντωνίνοςο
859 3617 977 3671 ἀλλ’
1015 3609 1164 3670 οὗτοι
1192 3617 1394 3678 πάντες
1415 3613 1619 3680 ζῶντες
1645 3616 1744 3686 μὲν

153 3703 291 3780 ἦσαν
312 3708 691 3780 περίδλεπτοι,
729 3708 825 3763 καὶ
858 3708 987 3772 τοὺς
1025 3707 1338 3779 βαρσάρους
1370 3705 1565 3760 ινίκων
1588 3746 1602 3770 ,
1647 3707 1744 3760 καὶ

157 3803 294 3872 μετὰ
331 3802 432 3864 τὰς
481 3803 635 3865 νίκας
678 3803 724 3834 ⁸³
767 3801 994 3873 πομπὰς
1037 3798 1328 3854 ἐπετέλουν
1382 3800 1475 3852 καὶ
1513 3797 1740 3868 ἑορτάς⁹

155 3895 345 3964 ἰπειδὴ
378 3894 436 3947 δὲ
467 3893 853 3964 ἐτελεύτησαν,
885 3893 1038 3945 οὐδὲν
1076 3891 1184 3945 τῶν
1218 3889 1430 3944 πολλῶν
1457 3889 1746 3961 διαφέρου-

157 4004 258 4040 σιν.
286 3986 428 4039 Οῠτε
453 3986 563 4057 γάρ
584 3987 790 4054 τάφους
821 3985 1033 4055 ἔχουσιν
1059 3984 1384 4054 ἐπισήμους,
1417 3981 1538 4034 οὗτε
1570 3982 1743 4050 δημο-

155 4076 384 4140 θοινίαις
432 4076 670 4146 ἐτησίοις
703 4077 1075 4147 γεραίρονται.
1110 4073 1205 4136 Τίς
1238 4073 1348 4143 γὰρ
1398 4069 1507 4143 [δὴ]
1545 4072 1590 4121 βο
1635 4066 1743 4123 οἶδε

154 4170 243 4221 τὸν
275 4165 475 4238 Ξέρξου
531 4165 646 4241 [γε]
677 4166 871 4236 τάφον,
912 4165 946 4234 ἢ
996 4165 1088 4216 τὸν
1129 4162 1393 4233 Δαρείου;
1434 4163 1518 4224 τίς
1546 4161 1604 4214 δὲ
1653 4160 1744 4214 τὸν

165 4259 544 4329 Ἀλεξάνδρου,
572 4255 667 4310 τοῦ
697 4255 970 4310 τοσούτων
995 4253 1165 4307 ἐθνῶν
1193 4255 1252 4306 ἑν
1277 4251 1533 4322 ὀλιγίστῳ
1566 4253 1609 4284 ⁸ι
1629 4249 1741 4322 [γε]

155 4351 330 4421 χρόνῳ
378 4349 790 4419 κρατήσαντος;
835 4346 948 4401 Καὶ
987 4347 1037 4398 τί
1085 4345 1233 4415 λέγω
1279 4346 1406 4408 τοὺς
1441 4344 1738 4409 παλαιούς;

140 4442 272 4496 Οὐδὲ
303 4441 416 4511 γάρ
442 4441 505 4494 τὸ
542 4440 588 4472 ⁸³
623 4439 931 4508 Βύγούστου
975 4437 1125 4508 σῆμα
1155 4437 1314 4508 δῆλόν
1353 4439 1523 4499 ἐστιν,
1565 4437 1598 4507 ἢ
1635 4438 1742 4490 τῶν

1844 1989 1958 2028 non
1991 1974 2414 2040 Themistocles,
2455 1992 2566 2030 non
2601 1975 2876 2032 Aristides
2907 1977 3219 2050 Lysimachi
3267 1979 3442 2045 filius,

1843 2065 2099 2133 quamvis
2122 2082 2234 2120 non
2267 2065 2425 2122 fortis
2457 2067 2642 2132 modo,
2685 2068 2781 2122 sed
2817 2069 2984 2123 etiam
3009 2071 3194 2140 justus
3229 2080 3312 2126 est
3341 2073 3440 2127 ha-

1846 2154 2020 2210 bitus.
2064 2154 2319 2211 Attamen
2361 2172 2545 2226 neque
2569 2158 2682 2222 hic,
2719 2174 2900 2228 neque
2928 2160 3234 2230 Spartanus
3257 2163 3443 2217 Βηιεί-

1847 2245 1966 2311 das,
1997 2262 2107 2301 non
2141 2246 2431 2318 Agesilaus
2452 2288 2466 2312 ,
2515 2263 2629 2302 non
2663 2247 2966 2319 Lysander,
2989 2251 3084 2320 qui
3129 2253 3440 2307 Athenien-

1846 2338 1990 2392 sium
2031 2340 2233 2392 evertit
2270 2328 2602 2408 imperium;
2641 2355 2752 2393 non
2785 2340 3076 2409 Pelopidas
3121 2343 3440 2400 Boeotorum

1845 2429 2103 2500 princeps
2126 2472 2140 2494 ,
2175 2445 2284 2484 non
2309 2429 2716 2500 Epaminondas
2737 2471 2751 2496 ,
2781 2431 2878 2501 qui
2919 2430 3244 2490 Laconicam
3274 2433 3443 2488 deva-

1847 2519 2015 2575 stavit
2046 2529 2103 2575 et
2140 2520 2393 2590 Spartam
2427 2520 2693 2576 obsidere
2733 2538 2904 2578 ausus
2929 2532 3049 2589 est;
3097 2539 3207 2578 non
3235 2526 3439 2580 Roma-

1846 2629 2042 2667 norum
2066 2612 2234 2683 920
2248 2613 2657 2682 praeclarissimi
2675 2613 2866 2680 duces,
2893 2631 3000 2669 non
3033 2615 3222 2686 Scipio
3243 2619 3438 2688 major,

1847 2719 1955 2758 non
1972 2705 2111 2758 alter
2129 2704 2278 2758 illius
2295 2720 2500 2760 nomen
2517 2704 2783 2771 referens,
2805 2721 2912 2760 non
2935 2706 3089 2773 Cato,
3126 2725 3235 2762 non
3271 2709 3439 2780 Sylla,

1846 2810 1958 2848 non
1988 2795 2212 2860 Marius,
2267 2810 2380 2850 non
2433 2795 2749 2866 Pompeius,
2801 2813 2913 2852 non
2953 2797 3137 2853 Cazsar
3182 2800 3320 2869 ipse.
3374 2801 3441 2855 Hi

1846 2885 1993 2939 enim
2051 2886 2251 2957 singuli
2291 2887 2585 2942 ductandis
2624 2888 2970 2943 exercitibus
3003 2891 3337 2961 egregiaque
3383 2893 3439 2946 in

1846 2977 2006 3032 bellis
2027 2978 2236 3037 virtute
2265 2978 2608 3042 claruerunt,
2653 2980 2862 3034 honore
2897 2989 3078 3035 tamen
3101 3022 3115 3045 ,
3155 2998 3266 3051 quo
3295 2999 3442 3036 mar—

1847 3074 2015 3138 tyres,
2044 3067 2227 3122 atl‘ecti
2258 3082 2369 3122 non
2399 3078 2546 3123 sunt.
2573 3068 2716 3135 Quid
2746 3085 2849 3140 ego
2879 3079 3062 3125 autem
3084 3071 3313 3128 bellicos
3338 3073 3442 3127 du-

1846 3173 1940 3213 ces
1969 3175 2360 3224 commemoro,
2392 3176 2519 3215 cum
2557 3177 2660 3215 nec
2706 3161 2808 3230 ipsi
2837 3177 2994 3232 reges
3038 3169 3201 3218 terrae
3231 3164 3307 3218 ita
3337 3182 3443 3220 un-

1846 3265 2012 3319 quam
2046 3251 2325 3304 honestati
2375 3252 2629 3306 fuerint?
2676 3269 2787 3307 non
2817 3252 3030 3324 Cyrus,
3067 3270 3178 3309 non
3218 3256 3437 3321 Darius.

1845 3355 1956 3393 non
1976 3339 2209 3405 Xerxes,
2238 3355 2348 3394 non
2376 3341 2620 3411 Philippi
2654 3341 2800 3396 illius
2829 3343 3142 3400 Alexander
3173 3347 3442 3418 (insignes

1845 3431 1995 3485 enim
2025 3431 2291 3486 duntaxat
2324 3431 2590 3502 'refero);
2627 3449 2738 3487 non
2772 3433 3073 3503 Augustus,
3095 3453 3205 3490 non
3235 3439 3438 3508 Vespa-

1846 3523 2056 3590 sianus,
2100 3540 2213 3579 non
2255 3524 2547 3597 Traianus,
2577 3542 2689 3581 non
2722 3527 3018 3594 Adrianus,
3067 3545 3180 3583 non
3204 3531 3439 3585 Antoni-

1845 3634 1970 3674 nus.
2004 3616 2111 3673 Sed
2147 3617 2205 3671 hi
2234 3633 2460 3684 ones,
2493 3634 2620 3673 cum
2645 3620 2920 3688 viverent,
2951 3621 3192 3676 illustres
3221 3624 3450 3693 conspi:

1845 3708 2047 3777 cuique
2071 3718 2251 3775 erant,
2266 3719 2323 3763 et
2333 3710 2606 3766 Barbaros
2621 3711 2938 3776 vincebant,
2964 3721 3019 3766 et
3034 3722 3160 3782 post
3177 3714 3441 3769 victorias

1848 3797 2162 3868 triumphos
2185 3800 2482 3865 ducebant,
2512 3802 3000 3873 solemnitatesque
3024 3805 3383 3862 celebrabant
3423 3827 3434 3861 :

1846 3891 2050 3944 mortui
2077 3898 2261 3944 autem
2289 3907 2320 3946 a
2346 3891 2580 3960 plebeiis
2606 3893 2741 3947 nihil
2772 3893 3055 3949 differunt.
3081 3897 3268 3966 Neque
3290 3899 3439 3952 enim

1847 3982 2054 4037 conditi
2078 3991 2208 4036 sunt
2252 3983 2564 4055 insignibus
2608 3986 3005 4051 monumentis,
3043 4003 3224 4058 neque
3269 3991 3438 4044 annui

1846 4075 1994 4142 epuli
2024 4064 2366 4129 solemnibus
2417 4075 2782 4130 honorantur.
2831 4076 2966 4143 Quis
3015 4080 3162 4134 enim
3195 4089 3300 4146 est,
3343 4083 3439 4152 qui
3491 4135 3495 4139 .

1849 4164 2165 4234 sepulcrum
2201 4164 2402 4220 Xerxis
2469 4165 2687 4221 Dariive
2737 4167 2930 4222 norit?
2955 4169 3081 4237 quis
3109 4169 3434 4234 Alexandri,

1845 4254 1943 4323 qui
1979 4262 2061 4308 tot
2087 4262 2280 4325 gentes
2301 4254 2632 4310 brevissimo
2663 4265 2910 4325 tempore
2943 4258 3302 4326 perdomuit?
3329 4261 3436 4316 Sed

1846 4345 1980 4416 quid
2010 4347 2267 4417 antiquos
2296 4362 2689 4413 commemoro,
2724 4365 2850 4404 cum
2881 4364 2985 4403 nec
3005 4349 3236 4420 Augusti
3255 4355 3438 4421 sepul-

1847 4455 2004 4495 crum
2053 4441 2126 4494 sit
2172 4442 2455 4512 cognitum
2478 4483 2494 4507 ,
2525 4457 2631 4514 nec
2694 4443 2930 4497 aliorum
2957 4482 2970 4504 ,
3001 4451 3273 4512 quotquot
3313 4453 3439 4512 post

126 4530 327 4584 ’ἄλλων
377 4532 496 4584 ὅσοι
549 4529 690 4600 μετὰ
731 4529 922 4583 τοῦτον
973 4528 1073 4598 τὴν
1114 4527 1402 4598 Ῥωμαίων
1463 4526 1742 4590 ίθύναντες

1848 4531 2002 4586 illum
2033 4531 2282 4587 Romano
2308 4532 2544 4602 imperio
2564 4533 2862 4603 potientes,
2892 4534 3011 4603 ejus
3036 4543 3314 4588 auctorem
3341 4535 3437 4589 da-

158 4620 432 4690 βασιλείαν
465 4622 511 4654 ⁸⁸
541 4621 814 4691 ἠγνόησαν
855 4620 947 4673 τὸν
993 4618 1197 4691 ταύτης
1232 4619 1433 4690 δοτῆρα
1477 4619 1572 4674 καὶ
1616 4635 1744 4690 χορ-

157 4716 305 4786 ηγὸν,
342 4713 522 4784 μόνων
548 4711 792 4766 ⁶⁴δὲτῶν
823 4709 1064 4765 εὐσεϐῶν
1091 4710 1359 4782 βασιλέων
1394 4713 1442 4764 οί
1470 4712 1629 4780 τάφοι
1650 4710 1742 4783 δῆ-

156 4805 232 4859 λοι
264 4807 360 4859 καὶ
384 4804 678 4879 γνώριμοι,
714 4805 767 4859 οί
789 4804 847 4858 δὲ
876 4804 986 4857 τῶν
1027 4804 1234 4874 μεταξὺ
1267 4804 1544 4867 δυσσεϐῶς
1576 4805 1742 4873 βεϐα-

162 4897 486 4953 σιλευκὸτων
513 4897 796 4968 φαίνονται
827 4896 949 4967 μὲν,
987 4897 1156 4968 τιμῆς
1180 4897 1236 4950 δὲ
1267 4897 1389 4950 οὐδὲ
1419 4896 1463 4928 ⁸³
1501 4897 1742 4967 σμικρᾶς

161 4990 520 5045 ἀπολαύουσιν
536 5007 551 5022 ο
581 4991 641 5044 οὐ
675 4989 839 5062 μόνον
861 4989 972 5061 γὰρ
995 4988 1093 5060 τῆς
1119 4988 1406 5060 βασιλικῆς
1431 4988 1476 5021 ⁸⁸
1507 4987 1743 5042 ἀπεστέ-

1846 4634 2135 4694 toremque
2170 4625 2542 4694 ignorarunt?
2576 4625 2688 4679 Soli
2719 4641 2850 4680 vero
2897 4626 3113 4695 piorum
3142 4626 3438 4695 imperato-

1848 4731 1972 4770 rum
1998 4715 2192 4770 tumuli
2233 4716 2352 4770 noti
2383 4726 2512 4770 sunt
2556 4725 2612 4770 et
2648 4716 2915 4770 celebres.
2953 4715 3108 4782 Quod
3137 4717 3182 4770 si
3215 4716 3309 4785 qui
3336 4716 3440 4771 hos

1847 4806 1993 4860 inter
2012 4806 2177 4877 impie
2207 4815 2530 4878 regnarunt,
2557 4823 2747 4862 eorum
2771 4808 2994 4876 quidem
3019 4816 3236 4862 exstant
3261 4809 3439 4862 moni-

1849 4909 2054 4962 menta,
2084 4898 2178 4953 sed
2201 4899 2356 4952 nullo
2385 4914 2614 4969 prorsus
2639 4899 2693 4952 in
2716 4899 2926 4954 honore
2950 4907 3095 4953 sunt.
3131 4898 3250 4952 Non
3289 4900 3436 4952 enim

1849 4989 2059 5045 honore
2088 4989 2246 5060 92],
2279 4990 2458 5044 solum
2492 4997 2682 5044 carent
2705 4989 3000 5059 imperiali,
3029 4987 3125 5044 sed
3156 4987 3254 5042 illo
3270 4988 3441 5042 etiam

1468 5141 1706 5197 VARUE
1741 5141 2147 5197 LECTIONES.

228 5263 273 5296 ³³
306 5264 452 5318 οὐδέ.
486 5265 514 5317 6
545 5264 602 5317 δὲ
649 5263 714 5320 C.
790 5262 836 5294 δ’
859 5262 1040 5334 φησιν.
1075 5261 1224 5329 λέγει
1274 5261 1333 5315 Β.
1411 5259 1457 5292 ⁸⁵
1492 5263 1548 5313 ὲν
1583 5259 1680 5326 τῷ.
1739 5261 1798 5313 ὲν
1859 5263 1970 5323 τοῖς
2017 5260 2076 5313 Β.
2175 5261 2219 5291 ⁸³
2250 5259 2456 5312 παθῶν.
2521 5261 2731 5312 πολλῶν
2779 5261 2839 5312 Β.
2895 5259 3013 5312 Mox
3047 5259 3250 5323 ὲξείπει
3299 5261 3338 5316 C
3382 5271 3435 5317 et

228 5333 300 5389 ira
363 5333 612 5390 μηνύσει.
716 5335 762 5366 ⁸⁸
791 5336 1110 5390 στασιώτας.
1158 5333 1553 5390 στασιάσαντας
1607 5331 1708 5383 Vl).
1789 5331 1830 5362 ’⁵⁷
1878 5333 2064 5382 ταυτό.
2114 5333 2309 5382 ταυτὸν
2353 5331 2410 5382 Β.
2506 5331 2551 5361 ⁸⁸
2593 5331 2862 5390 ἀνδρείας.
2921 5330 3140 5390 ἀνδρίας
3204 5330 3246 5383 Β
3339 5334 3435 5382 άνη

1027 5350 1110 5394 ας.
1158 5348 1553 5392 στασιασαντας
1615 5348 1708 5383 vn.
1789 5348 1826 5362 ’ί
1878 5348 2064 5382 ταυτο.
2114 5348 2309 5382 ταυτον
2355 5348 2410 5382 υ.
2506 5348 2551 5361 ὀ
2593 5348 2862 5399 ανορειας.
2921 5348 3140 5399 ανοριας
3204 5348 3246 5383 15
3339 5348 3434 5382 αν-

1027 5416 1148 5456 mox
1204 5402 1504 5470 νενόμιστο.
1583 5401 1627 5431 ⁸ο
1657 5400 1945 5470 Βρασίδας.
1987 5401 2244 5469 βραδίσας
2297 5401 2356 5452 Β.
2447 5401 2487 5430 δ’
2516 5400 2624 5453 τῶν
2663 5401 2972 5470 Ἀθηνητὴν
3008 5399 3189 5470 Ἀθην.
3339 5402 3434 5469 qui

167 5333 300 5405 infra
363 5333 612 5405 μηνύσει.

167 5402 440 5470 δρείωςοξ
524 5405 568 5437 ’⁸⁸
607 5404 701 5458 καὶ
726 5419 835 5458 om.
873 5403 993 5457 Bet
1020 5416 1148 5456 mox
1204 5402 1504 5471 νενόμιστο.

170 5487 287 5527 mox
316 5475 438 5527 οὔτε
464 5476 593 5528 Πελ.
635 5490 760 5529 cum
791 5474 894 5528 Vb.

998 5473 1044 5504 ⁸³
1075 5474 1353 5554 στρατιάν.
1391 5472 1754 5554 στρατηγείαν
1787 5471 1848 5554 C‘.

2175 5261 2219 5291 ⁸³
2250 5259 2456 5312 παθῶν.
2521 5261 2731 5312 πολλῶν
2779 5261 2839 5312 Β.
2895 5259 3013 5312 Mox
3047 5259 3250 5323 ὲξείπει
3299 5261 3338 5316 C
3382 5271 3436 5317 ct

1948 5468 1994 5501 ⁵³
2026 5468 2058 5522 ’6
2090 5472 2353 5523 Σκιπίων.
2382 5470 2440 5521 ού
2469 5471 2708 5522 Σκιπίων
2745 5472 2807 5527 Β.
2835 5469 2898 5522 V.
3004 5468 3050 5500 ”
3080 5471 3107 5519 6
3129 5468 3372 5539 Βροῦτος
3407 5473 3436 5523 6

172 5543 388 5598 ὶκείνου.
465 5550 494 5599 6
522 5545 755 5615 Βροῦτος
781 5560 891 5599 om.
918 5544 960 5598 Β
1009 5546 1037 5596 6
1058 5539 1270 5615 πρῶτος
1300 5543 1360 5594 οὺ
1396 5539 1628 5615 Βροῦτος
1661 5543 1688 5592 6
1710 5543 1792 5615 ἐκ.
1830 5541 2019 5615 V_"a._06
2054 5541 2285 5615 Βροῦτος
2314 5541 2608 5615 ό-πρῶτος,
2640 5541 2738 5591 οὐκ
2830 5539 3060 5615 ἐκείνου.
3115 5541 3296 5615 [σωςε-

174 5613 214 5642 ⁸³
240 5616 266 5665 ό
289 5616 501 5668 Κάτων.
538 5612 599 5667 οὗ
635 5616 826 5668 Κάτων
857 5615 916 5668 B.
953 5622 1009 5668 et
1033 5612 1113 5666 sic
1141 5614 1196 5665 in
1231 5627 1384 5680 seqq.

176 5688 500 5748 ισπεσιανός.
537 5685 937 5746 Οὐεσπασιανὸς
969 5685 1028 5749 Β,
1055 5683 1116 5738 C.
1146 5692 1201 5736 et
1232 5683 1312 5735 sic
1336 5681 1495 5735 infra.

179 5765 279 5825 ειῳ
405 5756 583 5825 Supra
608 5755 716 5807 τῶν
751 5753 923 5825 Ἀλεξα
950 5752 989 5808 C
1017 5753 1110 5822 qui
1159 5767 1269 5825 0m;
1305 5751 1436 5825 [γε]-

177 5817 262 5874 Cf
303 5822 346 5855 “
371 5817 548 5894 μόνον.
589 5826 763 5896 μόνων
786 5824 847 5890 Β,
881 5817 921 5880 C
959 5817 1081 5879 Mox
1114 5823 1205 5876 ml
1233 5817 1352 5892 βασ.

1463 5611 1507 5642 ⁸⁸
1535 5610 1813 5680 διέπρεψε.
1853 5611 2146 5680 ἐπέτρεψεν
2179 5611 2239 5665 C.

1574 5681 1619 5710 ⁵³
1646 5682 1802 5742 νίκας
1832 5695 2077 5749 suprasc.
2116 5696 2169 5749 p.
2198 5698 2268 5733 m.
2300 5680 2358 5733 Β.

1521 5752 1564 5782 ⁸²
1590 5751 1669 5804 τό.
1696 5751 1787 5802 τοῦ
1811 5749 1872 5803 C.
1949 5751 1993 5781 ⁸³
2016 5752 2112 5820 τὴν

1428 5863 1442 5890 ,
1468 5820 1567 5875 V'a.
1644 5821 1688 5853 ⁸⁵
1713 5821 1854 5874 οὐδέ.
1888 5820 1946 5874 0'3
1973 5821 2033 5875 C.
2072 5819 2077 5820 7
2117 5823 2160 5852 °°
2190 5821 2351 5890 τιμῆς
2376 5835 2486 5874 om.
2514 5821 2556 5873 Β
2583 5829 2707 5889 post
2741 5819 3044 5890 βασιλικῆς.

2314 5611 2356 5639 ⁵⁷
2392 5606 2731 5676 ἀπήλαυσαν.
2770 5611 3082 5662 ἀπέλαυσαν
3113 5609 3172 5660 Β.
3252 5606 3297 5638 ⁸⁸
3330 5609 3434 5659 Οὐ-

2439 5682 2484 5711 “
2513 5680 2574 5750 δὴ
2598 5695 2708 5732 om.
2738 5680 2796 5733 Β,
2879 5680 2918 5710 ⁶¹
2938 5677 3236 5750 *ὀλιγοστιῖῃ
3262 5677 3429 5743 ὀλιγί-

2143 5752 2310 5819 Ῥωμ.
2351 5750 2418 5803 ίθ.
2477 5748 2598 5818 βασ.
2637 5750 2679 5802 Β
2718 5765 2828 5804 om.
2858 5748 3135 5802 τούτων-
3161 5748 3428 5809 ίθύνοντες
3458 5774 3473 5780 -
