4080 6370
260 450 479 520 -1053

1003 446 1443 514 amomum
1477 445 1783 507 AFFEC‘I‘.
1823 444 2180 507 CURATIO.
2211 444 2541 513 -IX.-DE
2581 402 2963 505 LEGIBUS.

3479 432 3615 499 1051

331 566 651 631 ἀκολάστως
676 564 927 638 δρώντων
953 562 1058 633 ἔφη
1080 579 1095 594 ’
1132 563 1226 616 καὶ
1259 561 1439 634 ῥᾴδιον
1469 562 1534 614 tat
1562 552 1670 613 τῶν
1702 557 1911 613 ἐκείνου

2021 557 2209 613 lentia.
2238 574 2257 608 ι
2294 555 2421 612 Haec
2444 563 2651 614 autem.
2688 569 2800 609 non
2829 552 2898 609 de
2922 550 3090 608 castis
3121 548 3485 611 amatoribus,
3517 547 3615 601 sed

334 658 600 727 διαλόγων
619 656 793 711 ταῦτα
825 656 1034 728 μαθεῖν.
1058 653 1312 708 Τοιοῦτον
1330 653 1388 708 δὲ
1412 652 1577 723 νόμον
1602 648 1728 704 οὔτε
1748 650 1793 681 ⁷⁸
1812 649 1923 703 Ni-

338 769 451 827 ρων
482 751 511 804 6
538 750 827 818 Ῥωμαίων
852 746 1209 827 αἰσχρότατος
1242 744 1516 816 βασιλεὺς,
1553 741 1676 796 οὔτε
1714 742 1922 812 Σαρδα-

335 822 579 902 νάπαλος
605 838 635 890 6
678 836 981 907 Ἀσσύριος,
1019 837 1049 889 6
1075 838 1134 888 ὲν
1171 822 1387 906 ἦδοναῖς
1415 832 1508 886 καὶ
1540 835 1775 902 τρυφαῖς
1801 831 1920 885 δια-

336 927 553 999 ϐόητος.
587 927 709 982 οὔτε
734 926 992 997 ῑγραψεν,
1034 924 1156 979 οὔτε
1177 924 1408 996 ἐπῄνεσε
1433 924 1480 956 ’⁸
1504 921 1742 978 πώποτε.
1766 920 1922 991 Ἐγὼ

335 1020 448 1090 γάρ
479 1015 631 1089 οἶμαι
660 1019 751 1070 καὶ
775 1020 903 1081 τοὺς
934 1017 1055 1071 λίαν
1082 1020 1204 1082 ταῖς
1240 1015 1598 1087 ἡδυπαθείαις
1643 1015 1923 1070 δουλεύον-

333 1126 437 1175 τας
468 1111 569 1163 οὐκ
592 1111 833 1161 ἐπαινεῖν
863 1108 923 1162 τὸ
961 1108 1153 1171 πάθος,
1197 1106 1334 1164 ἀλλὰ
1362 1105 1657 1170 δουλεύειν,
1688 1105 1767 1174 τῷ
1790 1106 1921 1176 χρό-

334 1220 415 1274 νῳ
440 1203 501 1254 τὸ
543 1200 665 1263 ῑθος
692 1200 807 1266 ῑξιν
836 1200 883 1233 ’³
924 1199 1352 1272 ἐργασαμένους.
1387 1200 1495 1251 Καὶ
1522 1197 1577 1250 τί
1614 1198 1696 1250 δεῖ
1740 1198 1920 1263 λέγειν

334 1294 441 1347 ὃσα
481 1290 575 1345 καὶ
642 1293 772 1363 περὶ
840 1290 1017 1361 φόνων
1088 1289 1423 1357 παρανόμως
1489 1288 1916 1358 ὲνομοθέτησενς

348 1380 551 1436 ’Δθῶον
583 1381 681 1451 μὲν
720 1381 829 1452 γὰρ
863 1376 1000 1434 εἶναι
1034 1378 1246 1451 κελεύει
1279 1380 1371 1431 τὸν
1407 1378 1501 1432 τὸν
1528 1378 1576 1410 ⁷⁸
1603 1378 1735 1431 τδιον
1763 1379 1921 1431 ἀναι-

334 1466 537 1537 ρούντα
562 1468 798 1539 οἰκέτην,
818 1467 910 1521 τὸν
931 1468 989 1542 δὲ
1013 1465 1169 1537 θυμῷ
1191 1466 1281 1518 τὸν
1304 1466 1581 1536 ἀλλότριον
1615 1467 1918 1533 σφάττοντα

329 1555 435 1625 τὴν
466 1557 631 1627 τιμὴν
656 1558 884 1629 μόνην’⁸
911 1556 1168 1621 ἐκτίνειν,
1201 1557 1294 1611 τὸν
1316 1556 1373 1611 δὲ
1401 1557 1559 1627 θυμῷ
1583 1556 1677 1609 τὸν
1703 1556 1918 1631 ἐλεύθε-

332 1662 431 1718 ρον
470 1646 759 1703 κτείναντα
794 1648 888 1702 δύο
937 1648 1074 1717 μόνα
1116 1647 1340 1717 φεύγειν
1370 1647 1417 1679 ⁷⁸
1450 1647 1544 1717 ἐτη
1582 1646 1912 1718 διαγορεύει,

328 1735 425 1788 τὸν
456 1736 513 1789 δὲ
560 1739 656 1791 καὶ
691 1738 808 1808 μετ’
837 1737 1133 1806 ἐπιϐουλῆς
1169 1738 1426 1790 ἀνελόντα
1452 1738 1579 1808 τρία
1612 1737 1707 1808 ἔτη
1747 1754 1916 1808 προσο

326 1825 519 1881 τάττει
540 1826 785 1896 φεύγειν,
827 1828 919 1902 τὸν
964 1827 1021 1882 δέ
1070 1845 1134 1896 γε
1178 1828 1272 1881 καὶ
1304 1826 1445 1899 μετά
1486 1827 1585 1897 τὴν
1629 1829 1808 1897 φυγὴν
1846 1828 1914 1881 τὰ

2026 650 2095 704 de
2128 648 2363 718 impuris
2401 646 2768 717 obscenisque
2795 643 2936 699 dixit
2967 660 2980 697 :
3009 641 3157 713 quod
3178 656 3246 697 ex
3281 638 3455 710 ipsius
3490 636 3615 693 dia-

2024 738 2163 809 logis
2200 738 2362 808 plane
2390 733 2646 807 cognosci
2666 744 2865 806 potest.
2904 732 3091 788 Talem
3141 744 3278 786 vero
3310 731 3486 800 legem
3512 743 3619 784 ne-

2022 843 2131 898 que
2190 827 2566 882 Romanorum
2638 825 3032 895 spurcissimus
3077 823 3381 891 imperator
3428 819 3614 883 Nero,

2021 933 2203 988 neque
2258 918 2517 989 Assyrius
2564 921 2581 937 ‘
2612 915 3018 983 Sardanapalus
3050 955 3064 976 ,
3123 909 3506 980 voluptatibus
3550 922 3615 963 ac

2022 1008 2238 1065 deliciis
2261 1009 2603 1071 notissimus,
2640 1022 2742 1062 nec
2766 1006 3007 1075 scripsit,
3048 1020 3151 1058 nec
3180 1002 3343 1074 943
3370 998 3617 1056 laudavit

2023 1115 2286 1170 unquam.
2310 1100 2423 1170 Ego
2478 1099 2626 1153 enim
2659 1107 2817 1168 puto,
2848 1097 2933 1151 vel
2964 1112 3063 1152 eos
3093 1095 3187 1165 Qui
3221 1093 3378 1147 valde
3419 1092 3616 1160 volup-

2020 1193 2228 1247 tatibus
2280 1191 2550 1254 serviunt,
2596 1189 2765 1257 animi
2807 1188 3061 1247 morbum
3115 1200 3459 1256 nequaquam
3491 1185 3615 1238 lau-

2024 1282 2153 1338 dare
2177 1323 2192 1347 ,
2246 1283 2341 1338 sed
2376 1283 2610 1352 tempori
2642 1282 2852 1337 servire
2873 1322 2888 1342 ,
2938 1296 3064 1336 cum
3111 1296 3180 1335 ex
3206 1280 3613 1334 consuetudine

2020 1370 2269 1426 habitum
2326 1372 2725 1428 contraxerint.
2762 1370 2904 1438 Quid
2954 1381 3140 1426 autem
3171 1384 3613 1430 commemorare

2019 1475 2159 1531 opus
2184 1471 2289 1525 est,
2328 1478 2492 1532 quam
2530 1462 2772 1517 nefarias
2819 1462 2906 1516 dc.
2932 1461 3173 1517 aedibus
3232 1462 3382 1531 leges
3415 1460 3613 1516 condi-

2019 1551 2205 1606 derit?
2237 1552 2521 1607 lnsontem
2571 1552 2719 1607 enim
2748 1553 3147 1623 innoxiumque
3194 1553 3390 1608 haberi
3430 1553 3609 1624 jubet,

2018 1643 2114 1712 qui
2146 1645 2430 1714 proprium
2469 1660 2690 1700 servum
2732 1646 2949 1701 occidat
2980 1664 2993 1699 :
3022 1661 3151 1700 eum
3192 1661 3345 1708 vero,
3378 1646 3472 1716 qui
3506 1645 3616 1699 ira-

2017 1736 2221 1800 cundia
2258 1751 2581 1803 succensus,
2605 1737 2847 1792 alienum
2872 1753 3093 1790 servum
3125 1737 3193 1790 de
3224 1736 3410 1791 medio
3436 1737 3609 1799 tollat,

2017 1829 2246 1882 multam
2281 1829 2459 1883 solum
2498 1829 2833 1899 persolvere.
2864 1829 2935 1884 At
2957 1846 3082 1884 eum
3114 1831 3207 1899 qui
3240 1829 3477 1884 liberum
3510 1828 3614 1881 bo-

327 1917 476 1970 αύτά
494 1916 789 1989 δεδρακότα
826 1919 1088 1990 ἀειφυγίᾳ
1115 1917 1305 1987 ζημιοῖ
1344 1918 1501 1991 μόνῃ.
1543 1919 1911 1989 Παραπλήσια

2021 1919 2221 1973 minem
2250 1935 2347 1989 per
2381 1918 2725 1974 iracundiam
2755 1930 2968 1982 enecet,
3012 1920 3237 1974 biennio
3271 1927 3485 1973 tantum
3518 1933 3609 1971 ex-

327 2005 392 2059 δὲ
417 2006 512 2059 καὶ
537 2008 776 2079 πατράσι
804 2008 999 2072 παῖδας
1041 2008 1312 2073 ἀνελοῦσι,
1351 2010 1446 2061 καὶ
1480 2008 1635 2063 παισὶ
1670 2007 1915 2079 πατέρας

2013 2011 2196 2064 sulare
2217 2010 2411 2079 jubet:
2436 2010 2531 2080 qui
2553 2025 2687 2065 vero
2702 2027 2801 2081 per
2833 2010 3061 2066 insidias
3085 2011 3339 2081 perimat,
3372 2008 3613 2064 triennio

328 2097 742 2160 ἀπεκτονόσιπ.
781 2098 874 2151 καὶ
926 2099 1154 2167 ἀνδράσι
1192 2102 1480 2167 γυναῖκας,
1532 2100 1625 2151 καὶ
1667 2100 1915 2167 γυναιξὶν

2021 2110 2291 2158 extorrem
2317 2101 2456 2156 fieri.
2477 2102 2615 2157 Eum
2649 2116 2836 2171 porro,
2860 2103 2955 2172 qui
2988 2112 3113 2173 post
3137 2103 3393 2157 exsilium
3415 2099 3612 2155 eadem

328 2187 617 2254 ᾶνδραςη,
652 2191 1099 2261 νενομοθέτηκεν.

2013 2194 2347 2255 committat,
2376 2202 2647 2263 perpetuo
2666 2193 2847 2247 solum
2877 2194 3079 2248 exsilio
3106 2195 3351 2248 damnat.
3375 2192 3612 2247 Easdem

327 2297 467 2338 vero
495 2300 686 2354 pcenas
717 2285 968 2341 decrevit
1025 2295 1081 2340 et
1138 2284 1388 2355 patribus
1425 2285 1520 2356 qui
1558 2284 1720 2351 lllios,
1760 2293 1817 2340 et
1852 2285 1983 2341 filiis
2014 2288 2111 2358 qui
2138 2295 2417 2358 parentes,
2441 2295 2499 2342 et
2520 2288 2658 2346 viris
2692 2288 2787 2358 qui
2820 2286 3613 2359 conjugcs,vetuxoribusqua3

326 2379 561 2434 maritos
584 2380 855 2435 occidant.

418 2470 557 2523 Ἀλλ’
578 2472 609 2523 6
640 2471 737 2541 μὲν
764 2470 1053 2540 φιλόσοφος
1080 2470 1321 2523 τοιούσδε
1351 2470 1549 2539 νόμους
1586 2471 1912 2543 ξυνέγραψε,

328 2561 429 2615 καὶ
458 2560 646 2614 οὐδένα
674 2562 906 2614 πέπεικε
942 2560 1327 2632 ἀνθρώπωντῇ
1361 2561 1422 2613 οὐ
1455 2560 1700 2629 πολίτην,
1732 2562 1794 2613 ού
1829 2561 1915 2625 ξέσ-

328 2638 446 2712 νον,
487 2652 587 2705 ούκ
628 2652 808 2714 ἀστὸν,
864 2653 926 2705 οὐ
972 2650 1262 2723 χωριτικὸδ
1296 2649 1363 2716 ⁸ο,
1404 2650 1502 2720 οὐχ
1546 2650 1806 2719 Ἕλληνα,
1851 2651 1914 2703 ού

331 2741 635 2813 βάρϐαρον,
659 2742 720 2795 ού
760 2741 966 2804 δοῦλον,
1003 2742 1103 2795 οὑκ
1137 2741 1444 2812 ἐλεύθερον,
1492 2743 1592 2795 οὐκ
1630 2743 1822 2813 ἄνδρα,
1853 2743 1913 2795 οὐ

329 2834 587 2899 γυναῖκα.
619 2833 679 2885 οὐ
703 2833 842 2898 νέον,
866 2833 928 2885 ού
957 2832 1289 2903 πρεσϐύτην,
1328 2835 1391 2886 οὐ
1420 2833 1599 2899 λόγοις
1626 2835 1919 2906 ἐντεθραμ-

335 2923 521 2992 μένον,
553 2924 617 2977 οὐ
648 2923 823 2991 λόγων
872 2924 1137 2995 ἀμύητον,
1180 2925 1323 2979 κατά
1357 2926 1543 2979 τούσδε
1578 2927 1765 2995 βιῶναι
1794 2930 1921 2992 τοὺς

329 3013 551 3085 νόμους.
594 3014 735 3081 Ἐγὼ
757 3015 814 3067 δὲ
840 3014 1047 3080 λοιπὸν,
1083 3015 1179 3079 οὒς
1205 3016 1251 3076 οἱ
1286 3017 1508 3079 ἀλιείς⁸⁸
1545 3020 1636 3071 καὶ
1664 3021 1714 3071 oi
1753 3019 1922 3071 τελῶ.

335 3122 431 3159 ναι
461 3105 557 3158 καὶ
594 3104 623 3156 6
650 3105 983 3173 σκυτοτόμος
1013 3107 1217 3158 ἅπασιν
1259 3106 1565 3179 ἀνθρώποις
1610 3092 1919 3179 προσήνεγ-

331 3210 460 3259 καν,
486 3192 871 3263 ἀναγνώσομαι
898 3194 1120 3263 ’νόμους.
1167 3195 1358 3265 Ὑμεῖς
1386 3198 1442 3249 δὲ
1472 3198 1699 3269 τούτους
1728 3199 1919 3269 κάκείο

2094 2472 2299 2527 Verum
2322 2471 2639 2542 hujusmodi
2659 2472 2881 2543 quidem
2904 2472 3053 2543 leges
3074 2471 3439 2543 philosophus
3464 2470 3612 2535 tulit,

2023 2571 2081 2617 at
2108 2564 2244 2618 nulli
2275 2564 2562 2619 hominum
2584 2573 2645 2619 ut
2672 2565 2759 2619 his
2793 2566 3042 2619 viverent
3067 2564 3281 2635 legibus
3316 2562 3610 2633 persuasit,

2023 2671 2136 2710 non
2179 2656 2308 2719 civi,
2357 2671 2467 2711 non
2497 2666 2783 2723 extraneo,
2811 2673 2922 2711 non
2954 2658 3192 2720 urbano,
3236 2672 3347 2710 non
3376 2655 3610 2717 rustico,

2024 2762 2136 2802 non
2170 2746 2382 2813 Graeco,
2417 2763 2527 2803 non
2565 2747 2827 2813 barbaro,
2863 2764 2973 2803 non
3018 2763 3199 2811 servo,
3256 2763 3365 2802 non
3410 2746 3612 2809 libero,

2024 2851 2136 2889 non
2169 2836 2319 2901 viro,
2359 2852 2470 2891 non
2512 2838 2754 2902 mulieri,
2784 2852 2896 2892 non
2923 2836 3136 2907 juveni,
3183 2852 3293 2890 non
3326 2835 3466 2898 seni,
3499 2849 3613 2889 non

2019 2927 2266 2982 litterato
2293 2969 2307 2991 ,
2354 2945 2465 2984 non
2510 2927 2633 2983 rudi
2659 2936 2715 2984 et
2748 2929 2991 2985 indocto.
3040 2930 3151 2999 Ego
3181 2944 3313 2983 vero
3348 2927 3611 2995 deinceps

2022 3031 2159 3084 quas
2191 3016 2512 3085 piscatores,
2542 3026 2599 3071 et
2628 3018 2929 3086 publicani,
2958 3026 3014 3071 et
3038 3017 3240 3071 Paulus
3266 3015 3481 3071 cunctis
3509 3013 3613 3067 ho-

2023 3104 2266 3159 minibus
2319 3104 2467 3175 leges
2507 3107 2926 3176 promulgarunt
2972 3106 3241 3159 recitabo.
3276 3105 3382 3158 Vos
3418 3114 3474 3157 et
3514 3104 3615 3157 has

2023 3202 2080 3247 et
2106 3192 2227 3246 illas
2243 3193 2478 3246 invicem
2510 3205 2897 3261 comparantes
2920 3193 3139 3247 divinos
3171 3192 3400 3246 istarum
3428 3190 3614 3244 radios

330 3302 460 3348 νους
500 3287 565 3338 ὲκ
601 3285 950 3355 παραλλήλου
1001 3277 1197 3349 θέντες»
1226 3287 1326 3349 τὰς
1356 3287 1681 3358 θεοπρεπεῖς
1713 3289 1918 3344 τούτων

2023 3282 2395 3337 admiramini.
2434 3284 2805 3353 Philosophus
2838 3300 2970 3355 ergo
3016 3283 3337 3353 ﬂagitiosam
3366 3283 3611 3353 paedera-

330 3378 561 3438 ἀκτῖνας
588 3374 908 3445 θαυμάσατε
930 3375 997 3428 ⁸⁸.
1033 3375 1091 3428 Ὀ
1127 3377 1225 3445 μὲν
1248 3373 1342 3429 οὖν
1374 3377 1675 3447 φιλόσοφος
1697 3380 1789 3431 καὶ
1817 3379 1917 3448 τὴν

327 3470 637 3523 ἀκόλαστον
670 3467 1062 3536 παιδεραστίαν
1089 3467 1411 3537 ἐθαύμασε,
1460 3471 1553 3522 καὶ
1595 3470 1662 3523 τὰ
1680 3470 1725 3501 ⁸³
1764 3487 1918 3540 τρισ-

329 3558 493 3613 όλϐια
530 3556 737 3624 ταύτης
768 3556 1097 3628 ἐπιδέδειχεν
1130 3554 1267 3611 ἆθλα
1308 3575 1320 3587 '
1354 3561 1382 3611 6
1419 3558 1474 3611 δὲ
1509 3560 1699 3629 Σωτὴρ
1730 3562 1757 3612 ὁ
1783 3560 1921 3629 ἠμέ-

330 3666 496 3720 τερος
522 3649 580 3701 ού
608 3648 769 3719 μόνον
796 3648 896 3717 τὴν
935 3648 1234 3701 ἀκόλαστον
1274 3649 1491 3721 πρᾶξιν,
1536 3651 1670 3703 ἀλλὰ
1699 3653 1792 3703 καὶ
1821 3652 1919 3722 τὴν

330 3739 460 3808 ὕψιν
487 3739 586 3809 τὴν
606 3738 863 3810 τοιαύτην
890 3738 1105 3804 κολάζει
1133 3756 1146 3769 ·
1180 3759 1198 3790 ι
1216 3736 1297 3793 ”Ὀ
1327 3740 1603 3809 ἐμϐλέψας
1635 3743 1765 3811 γὰρ,
1791 3741 1918 3812 ἔφη,

331 3829 559 3899 γυναικὶ
597 3828 733 3899 πρὸς
769 3828 830 3880 τὸ
858 3828 1196 3899 ἐπιθυμῆσαι
1242 3831 1431 3900 αὐτῆς,
1468 3830 1587 3901 ήδττ
1601 3832 1920 3903 ἐμοίχευσεν

333 3920 511 3990 αὐτὴν
525 3919 571 3952 ⁸⁵
600 3921 659 3972 ἓν
682 3922 749 3990 τῇ
780 3920 979 3991 καρδίᾳ
1007 3920 1197 3975 αὑτοῦ.
1236 3940 1253 3972 ι
1294 3922 1404 3975 Καὶ
1428 3923 1456 3973 ὁ
1495 3923 1595 3991 μὲν
1621 3923 1791 3985 ἀδεῶς
1826 3926 1921 3978 καὶ

330 4014 461 4068 ταῖς
500 4010 809 4081 ἀλλοτρίαις
847 4014 1125 4064 κοινωνεῖν
1170 4014 1530 4082 ἐνομοθέτησε
1570 4012 1815 4082 γυναιξίν
1841 4032 1854 4045 ·
1889 4017 1919 4067 6

332 4100 395 4153 δὲ
423 4100 522 4169 τῆς
560 4099 776 4169 φύσεως
805 4101 1061 4169 Ποιητὴς,
1092 4102 1277 4172 ἐπειδὴ
1300 4104 1391 4155 καὶ
1424 4103 1776 4175 δημιουργῶν
1806 4108 1915 4161 τῶν

335 4187 643 4259 ἀνθρώπων
669 4187 767 4259 τὴν
801 4178 962 4257 φύσιν
1006 4190 1101 4243 ἕνα
1144 4191 1202 4257 ἐξ
1234 4193 1406 4262 ἀρχῆς
1444 4194 1611 4264 ἄνδρα
1656 4198 1749 4248 καὶ
1795 4196 1922 4267 μίαν

336 4281 576 4347 γυναῖκα
614 4277 894 4344 διέπλασε,
942 4281 1037 4333 καὶ
1081 4281 1143 4333 τὸ
1171 4282 1409 4335 διαλύειν
1450 4285 1785 4357 ἀπαγορεύει
1832 4288 1922 4340 τὸν

338 4370 541 4440 γάμον,
572 4369 703 4437 μίαν
735 4369 791 4422 δὲ
818 4370 985 4440 μόνην
1006 4374 1262 4443 ἀφορμὴν
1290 4373 1581 4438 διαλύσεως
1608 4376 1795 4441 ἔδωκε,
1822 4380 1923 4450 τὴν

304 4530 305 4533 η
337 4458 558 4528 ἀληθῶς
580 4458 892 4514 διασπῶσιν
920 4462 1017 4532 τὴν
1048 4462 1304 4532 ζεύγλην.
1362 4483 1383 4540 ι
1413 4466 1528 4529 Πᾶς
1568 4466 1698 4537 γὰρ,
1732 4469 1918 4536 φησιν,

298 4593 326 4609 .
340 4552 372 4604 6
393 4550 648 4606 ἀπολύων
668 4551 767 4623 τὴν
788 4556 1021 4621 γυναῖκα
1044 4553 1233 4617 αὑτοῦ,
1266 4557 1537 4627 παρεκτὸς
1586 4558 1745 4626 λόγου
1786 4578 1919 4631 πορε-

2022 3374 2183 3429 stiam
2210 3374 2475 3434 laudavit.
2507 3384 2564 3430 et
2601 3375 2919 3430 beatissima
2970 3376 3133 3445 hujus
3162 3375 3387 3445 praemia
3424 3382 3615 3428 osten—

2021 3464 2122 3519 dit.
2181 3464 2441 3520 Servator
2470 3477 2653 3520 autem
2687 3476 2895 3530 noster,
2934 3482 3045 3520 non
3092 3467 3357 3520 lascivum
3400 3472 3613 3521 malum

2021 3562 2225 3619 aetum,
2252 3557 2345 3610 sed
2383 3556 2749 3631 sﬂipsum
2793 3574 3012 3629 quoque
3042 3558 3303 3613 intuitum
3343 3556 3614 3626 ejusmodi

2021 3648 2362 3716 puniendum
2416 3650 2687 3708 decernit.
2732 3671 2749 3701 ι
2792 3651 2894 3718 Qui
2944 3650 3114 3712 enim,
3172 3650 3373 3719 inquit,
3412 3649 3616 3717 viderit

2020 3740 2310 3794 mulierem
2341 3744 2408 3794 ad
2442 3744 3110 3812 concupiscendumeam,
3143 3744 3253 3811 jam
3278 3742 3613 3796 adulterium

2022 3828 2299 3883 commisit
2335 3844 2461 3883 cum
2502 3846 2564 3885 ea
2594 3832 2647 3884 in
2681 3832 2847 3885 corde
2874 3848 2975 3886 suo
3011 3833 3057 3886 κ.
3092 3852 3108 3882 ι
3148 3833 3215 3885 Ει
3246 3832 3336 3886 ille
3364 3830 3611 3900 quidem,

2023 3920 2249 3990 impune
2271 3935 2335 3975 ac
2352 3920 2582 3977 licenter
2599 3921 2792 3976 alienis
2818 3921 3313 3976 uxoribusmisceri
3346 3922 3610 3977 instituit.

2021 4010 2093 4065 At
2129 4009 2585 4082 naturaetOpifex,
2612 4014 2743 4081 quia
2780 4012 3073 4065 humanam
3109 4028 3308 4065 creans
3332 4022 3612 4075 naturam,

2023 4116 2193 4155 unum
2224 4102 2498 4173 principio
2526 4103 2729 4167 virum,
2753 4112 2810 4158 et
2840 4103 3098 4157 feminam
3122 4118 3285 4156 unam
3319 4103 3611 4167 formavit,

2026 4192 2191 4246 etiam
2236 4193 2372 4246 solvi
2416 4194 2829 4247 matrimonium
2868 4202 3036 4257 vetat,
3075 4193 3406 4262 unicamque
3449 4194 3616 4264 hujus

2024 4282 2320 4337 dirimendi
2376 4299 2595 4337 causam
2639 4285 2939 4355 assignavit
2973 4299 3115 4345 eam,
3153 4299 3273 4352 qum
3307 4285 3615 4338 maritalem

2024 4372 2275 4440 copulam
2302 4388 2429 4428 vere
2456 4373 2690 4443 divellit.
2723 4393 2740 4424 ι
2774 4372 2966 4428 Omnis
2991 4374 3161 4433 enim,
3182 4374 3278 4437 ait,
3306 4373 3398 4442 qui
3431 4372 3617 4426 dimit-

2024 4462 2092 4517 tit
2130 4479 2356 4517 uxorem
2385 4447 2560 4528 suam,
2594 4476 2821 4534 excepta
2865 4464 3245 4519 fornicationis
3274 4481 3459 4529 causa,
3486 4464 3617 4520 facit

2024 4568 2145 4609 eam
2172 4553 2438 4608 muechari
2467 4572 2479 4607 :
2508 4564 2563 4608 et
2599 4556 2693 4625 qui
2713 4556 2995 4610 dimissam
3015 4555 3256 4618 duxerit,
3281 4554 3615 4609 adulterium

341 4642 515 4707 νείας,
540 4643 682 4695 ποιεῖ
704 4642 873 4715 αύτῂν
907 4643 1293 4714 μοιχευθῆναι·
1321 4649 1408 4699 καὶ
1446 4650 1474 4701 6
1508 4649 1915 4719 ἀπολελυμένην

2021 4641 2387 4697 εοιηωίιιὶιι.
2422 4662 2440 4695 ι
2498 4643 2709 4710 Quibus
2748 4645 2933 4699 verbis
2983 4654 3179 4698 αξιοι-ιι
3230 4643 3422 4697 uxoris
3480 4642 3616 4697 vitia

343 4732 539 4803 γαμῶν
572 4735 843 4803 μοιχᾶται.
880 4753 898 4785 ι
938 4735 1034 4786 Διά
1075 4735 1129 4787 δὲ
1154 4737 1357 4789 τούτων
1391 4738 1569 4791 πάντα
1597 4741 1782 4809 φέρειν
1828 4758 1922 4793 κε-

340 4821 491 4893 λεύει
524 4821 593 4875 τὰ
638 4809 737 4892 τῆς
784 4824 1041 4890 γυναικὸς
1088 4824 1470 4893 ἐλαττώματα,
1524 4828 1627 4879 κᾶν
1661 4828 1820 4887 λάλος
1864 4825 1917 4899 ᾗ,

342 4914 450 4968 κᾶν
476 4914 710 4994 μέθυσος
868 4912 914 4946 ⁸⁸
938 4916 1041 4968 κᾶν
1073 4916 1152 4977 εἰς
1188 4902 1464 4986 λοιδορίαν
1484 4916 1882 4988 προχειροτάτη
1905 4936 1919 4950 ε

342 5007 394 5059 εἰ
419 5004 477 5058 δέ
493 5005 539 5036 ⁸⁵
576 5021 640 5071 γε
672 5004 764 5057 τοῦ
796 5006 975 5075 γάμου
1010 5007 1314 5076 παραλύσει
1352 5010 1396 5040 ⁸⁷
1432 5014 1557 5072 τοὺς
1590 5011 1789 5079 νόμους
1826 5011 1921 5064 καὶ

342 5096 482 5169 πρὸς
505 5096 692 5166 ἕτερον
725 5096 846 5161 ῐδοι,
894 5098 1194 5169 τηνικαῦτα
1228 5097 1375 5152 λύειν
1422 5099 1630 5154 κελεύει
1658 5100 1758 5171 τὴν
1799 5102 1923 5165 ζεύ-

417 5251 445 5290 ¹ι
476 5253 678 5308 Matth-
705 5270 758 5319 v,
791 5254 880 5309 28.
963 5253 979 5293 ι
1016 5255 1204 5309 Matth.
1238 5273 1290 5319 v,
1326 5258 1431 5322 5‘2;
1467 5274 1575 5320 nx,
1609 5258 1661 5311 9.

2022 4733 2155 4788 ferri
2180 4734 2357 4803 jubet,
2397 4750 2493 4789 seu
2524 4736 2724 4805 loquax
2751 4736 2823 4789 sit
2854 4737 2964 4799 illa,
3002 4752 3097 4789 seu
3126 4736 3429 4789 temulenta
3454 4775 3467 4798 ,
3514 4749 3614 4788 seu

2024 4827 2328 4881 convitiosa
2360 4844 2372 4880 :
2405 4826 2491 4880 sin
2522 4843 2654 4881 vero
2693 4829 3011 4897 nuptiarum
3044 4828 3192 4898 leges
3234 4827 3527 4889 transiliat,
3558 4826 3617 4879 in

2025 4921 2305 4989 aliumque
2356 4936 2555 4991 procax
2608 4922 2889 4985 intendat,
2928 4904 3059 4976 tunc
3090 4922 3326 4990 denique
3360 4920 3615 4990 copulam

2025 5013 2163 5066 solvi
2195 5012 2375 5083 jubet.
2407 5012 2736 5067 Consimiles
2765 5027 2956 5065 rursus
2987 5021 3041 5065 et
3076 5028 3173 5081 per
3196 5011 3424 5065 Paulum
3466 5010 3617 5077 leges

2023 5104 2224 5169 sanxit,
2252 5114 2307 5157 et
2327 5103 2627 5173 Epistolam
2662 5103 2753 5157 ille
2795 5103 2861 5157 ad
2895 5102 3212 5158 Corinthios
3228 5100 3478 5157 scribens
3514 5098 3617 5153 has

1657 5392 1890 5448 VARUE
1934 5394 2316 5450 LECTIONES

420 5506 465 5540 ⁷⁸
493 5506 634 5560 οὔτε.
661 5507 779 5560 οὐδὲ
802 5506 863 5561 C.

346 5578 395 5648 ’ξ
435 5577 624 5648 μόνην.
669 5578 825 5645 μόνον
853 5576 916 5632 C.
985 5578 1046 5648 7"
1077 5578 1315 5648 φεύγειν.
1362 5576 1551 5647 φυγεῖν
1593 5581 1652 5633 Β.

344 5646 451 5704 Vb.
528 5647 572 5681 ⁷⁸
592 5649 810 5717 ἄνδρας.
834 5647 1056 5717 ἀνδράσι
1078 5646 1140 5701 C.

346 5719 436 5787 vel
484 5716 775 5787 χωριτικδν
830 5718 915 5771 vel
936 5716 1177 5787 χωρικὸν
1218 5726 1279 5771 ut
1319 5734 1482 5787 supra
1509 5716 1573 5787 pf
1606 5722 1693 5781 8i,
1734 5721 1821 5774 95.

346 5786 396 5821 ⁸³
426 5782 523 5870 ita?
546 5782 825 5870 far—gong
852 5787 915 5841 Β.
944 5782 1114 5870 marg.
1147 5802 1200 5857 p.
1234 5803 1307 5870 in.

348 5856 649 5930 παραλύσει
684 5858 741 5925 Β,
775 5856 837 5913 C.
873 5856 1173 5928 παραλύσει
1201 5858 1323 5921 τοὺς
1351 5863 1563 5930 γάμους
1586 5860 1683 5914 Va.

976 5507 1547 5583 'f_é1roi_ncs.é:tfjvaqs
1723 5512 1766 5583 τῗ
1798 5513 1917 5574 ἔθος
1977 5513 2110 5578 ἕξιν.
2158 5512 2276 5575 ἔθος
2323 5513 2450 5583 ἐργο
2497 5511 2609 5576 ἕξιν

1746 5582 1787 5611 ⁷⁷
1817 5576 2158 5635 ἀπεκτονόσι.
2210 5576 2635 5635 ἀποκταίνουσιν
2654 5580 2715 5635 C.
2752 5579 3078 5631 ἀπεκτανὸσι
3110 5578 3206 5631 Va.
3246 5576 3614 5629 ἀπεκτανοῦσι

1232 5648 1274 5679 ⁷⁸
1310 5650 1417 5700 τῶν
1458 5650 1779 5719 ἀνθρώπων.
1824 5653 1931 5705 τῶν
1956 5668 2065 5706 om.
2098 5654 2155 5707 Β.

1938 5722 1977 5753 ⁸³
2006 5725 2052 5775 οἱ
2098 5724 2289 5784 ἁλιεῖς.
2342 5721 2388 5775 οἱ
2426 5721 2545 5775 om.
2582 5721 2641 5773 B.

1411 5788 1455 5821 ⁸³
1484 5790 1671 5861 αὐτην.
1706 5791 1873 5861 αὐτῆς
1911 5791 1970 5845 Β.

2812 5509 2854 5539 ⁷⁵
2888 5508 2977 5562 τὸν
3007 5508 3237 5562 alterum
3283 5520 3393 5559 om.
3443 5503 3611 5563 Sirm.

2263 5653 2309 5684 ⁸ο
2340 5651 2662 5705 νωοητικόν.
2694 5650 2782 5705 Sic
2814 5662 3003 5702 omnes
3035 5647 3089 5699 h.
3120 5648 3157 5701 l.
3188 5644 3471 5700 Edendum
3495 5655 3617 5700 erat

2340 5670 2662 5723 χωρητικον.
2694 5670 2782 5705 DIC
2814 5670 3003 5702 omnes
3037 5670 3089 5699 11.
3120 5670 3157 5701 1.
3188 5670 3471 5700 Lucnuuul
3495 5670 3611 5700 ω’ὶιι

2342 5724 2388 5775 οἱ
2436 5738 2545 5775 om.
2582 5721 2641 5773 Β.
2752 5721 2797 5751 δ’
2827 5718 3164 5787 θαυμάσατε.
3209 5715 3514 5787 θαυμάσειε
3550 5715 3611 5769 Β.

2080 5793 2123 5823 ”
2160 5788 2241 5864 [ᾗ]
2268 5807 2377 5845 om.
2412 5792 2469 5844 Β.
2570 5784 3139 5854 εαεεδέλεδξέγεις-
3217 5784 3615 5852 ετπαραλύσοιι
