4080 6370
527 351 661 414 1055

1512 344 1998 408 THEODORETI
2031 343 2371 406 EPISCOPI
2405 340 2772 403 CYRENSIS

3632 331 3766 400 1056

522 461 782 517 omnibus
798 455 1111 513 hominibus
1123 453 1428 525 proposuit.
1446 454 1681 509 xBo‘num
1694 455 1865 518 enim,
1885 455 2083 523 inquit,

2201 452 2343 523 γλην.
2373 449 2608 504 Τοιαῦτα
2637 449 2695 503 δὲ
2737 447 2898 502 πάλιν
2943 447 3037 502 καὶ
3073 447 3159 502 διά
3189 445 3281 500 τοῦ
3310 445 3464 520 [155]
3505 452 3761 503 σκυτοτό-

524 558 612 605 est
635 546 886 621 (homini)
918 545 1206 600 mulierem
1230 559 1340 597 non
1360 551 1582 614 tangere
1614 547 1641 597 τ’
1665 552 1891 614 propter
1911 540 2092 596 l‘orni-

520 640 793 696 cationem
815 647 1024 700 autem,
1048 635 1425 705 unusquisque
1454 651 1608 689 suam
1635 650 1858 689 uxorem
1874 634 2091 697 habeat,

522 740 579 785 et
622 744 963 798 unaquaque
1007 742 1164 780 suum
1206 727 1386 780 virum
1438 726 1637 781 habeat
1666 735 1724 778 ιιι.
1757 744 1776 776 ι
1816 725 2093 780 Videtisne

520 829 724 891 quanta
758 821 904 875 inter
931 817 1083 874 Pauli
1106 833 1169 872 ac
1206 817 1521 887 philosophi
1547 817 1694 870 illius
1714 816 1861 885 leges
1887 817 1959 870 sit
1985 815 2094 870 dif-

519 906 786 962 ferentia?
824 908 923 962 llic
943 907 1090 961 enim
1124 906 1423 975 unicuique
1445 903 1685 969 mulieri,
1721 913 1783 957 ut
1816 919 1978 958 suum
2013 904 2096 957 vi-

519 1013 642 1050 rum
689 997 906 1057 habeat.
949 1007 1004 1051 et
1038 997 1333 1065 unicuique
1375 996 1514 1057 viro,
1552 1003 1612 1049 ut
1657 1010 1812 1050 suam
1845 1010 2093 1058 uxorem,

520 1087 810 1156 imperavit
839 1103 851 1139 :
888 1086 977 1140 ille
1025 1095 1209 1139 autem
1241 1084 1501 1138 mulieres
1518 1098 1722 1138 ‘omnes
1747 1084 1881 1138 viris
1914 1085 2095 1138 omni-

519 1175 626 1230 bus
675 1191 796 1230 esse
839 1191 1179 1230 communes.
1222 1175 1364 1242 Quin
1387 1181 1442 1229 et
1474 1174 1570 1228 ubi
1607 1174 1891 1230 servanda:
1916 1175 2096 1229 conti-

521 1267 722 1323 nentiae
739 1267 832 1321 dat
859 1275 1152 1337 pra-cepta.
1177 1281 1357 1336 neque
1381 1266 1537 1319 uxori
1567 1265 1833 1335 permittit
1857 1263 2020 1336 945
2037 1271 2099 1318 ut

517 1345 628 1414 tiri
663 1361 748 1414 sui
776 1374 1129 1435 congressum
1164 1357 1352 1428 fugiat,
1385 1357 1490 1411 nisi
1514 1356 1581 1411 ad
1613 1357 1718 1411 hoc
1741 1357 1830 1412 ille
1847 1348 2097 1411 consen-

523 1451 626 1504 tiat
659 1467 671 1503 :
706 1464 885 1520 neque
921 1449 1059 1512 viro,
1096 1463 1264 1518 uxore
1323 1462 1434 1500 non
1479 1447 1892 1516 comprobante.
1929 1465 1948 1496 ι
1977 1446 2096 1500 Mu-

521 1541 627 1596 lier
651 1541 822 1604 enim,
857 1539 1056 1610 inquit,
1086 1539 1170 1594 sui
1197 1538 1446 1608 corporis
1488 1546 1817 1607 potestatem
1863 1552 1974 1592 non
1997 1537 2098 1590 ha-

523 1629 639 1692 bet,
686 1630 781 1684 sed
820 1631 923 1684 vir.
968 1629 1236 1685 Similiter
1277 1619 1556 1682 autem'et
1600 1627 1685 1681 vir
1735 1627 1819 1681 sui
1852 1627 2102 1696 corporis

2199 559 2299 611 μου
2332 539 2722 611 νενομοθέτηκε
2745 552 2757 564 ·
2795 538 2890 591 καὶ
2920 536 3225 609 Κορινθίοις
3255 536 3590 589 ἐπιστέλλων
3619 536 3758 591 ἐκεῖ·

2196 649 2284 695 νος
2331 633 2497 684 πᾶσιν
2552 629 2861 700 ἀνθρώποις
2915 625 3085 700 [τοὺς]
3150 628 3345 697 νόμους
3399 630 3759 699 προσήνεγκε.

2203 743 2219 774 ι
2250 722 2430 775 Καλὸν
2455 721 2581 792 γὰρ,
2606 720 2735 792 ἐφη.
2765 717 3023 787 γυναικὸς
3052 717 3127 788 μὴ
3150 717 3442 772 άπτεσθαι*
3474 717 3566 769 διὰ
3586 718 3642 770 δὲ
3665 718 3764 781 τὰς

2177 811 2454 885 πορνείας
2493 813 2724 876 ἕκαστος
2765 811 2863 880 τὴν
2914 809 3107 863 ἐαυτοῦ
3151 812 3384 876 γυναῖκα
3427 808 3619 877 ἐχέτω,
3669 808 3764 862 καὶ

2199 904 2404 974 ἑκάστη
2440 903 2530 957 τὸν
2567 903 2697 956 ῐδιον
2729 901 2899 972 ἄνδρα
2944 900 3135 968 ἐχέτω.
3181 918 3200 951 ›
3246 885 3443 970 Ὁρᾶτε
3485 900 3610 953 ὅσον
3657 899 3765 952 τῶν

2198 994 2292 1048 τοῦ
2311 995 2356 1028 ⁸⁸
2371 983 2658 1063 φιλοσάφου
2676 993 2771 1046 καὶ
2790 991 2898 1044 τῶν
2921 988 3015 1044 τοῦ
3038 989 3370 1058 σκυτοτόμου
3387 991 3567 1060 νόμων
3581 990 3628 1022 ⁸⁸
3653 989 3769 1042 ἐστὶ

2198 1084 2260 1136 τὸ
2288 1085 2576 1154 διάφορον;
2611 1077 2778 1145 Οὗτος
2805 1080 2906 1150 μὲν
2933 1080 3041 1150 γὰρ
3071 1069 3166 1132 καὶ
3198 1079 3406 1150 ἑκάστῃ
3436 1079 3656 1146 γυναικὶ
3677 1078 3768 1133 τον

2201 1173 2330 1228 ῐδιον
2359 1175 2526 1245 ἄνδρα
2554 1173 2719 1243 ἐχειν,
2748 1171 2846 1223 καὶ
2866 1171 3080 1241 ἑκάστῳ
3107 1170 3261 1239 ἀνδρὶ
3289 1169 3388 1238 τὴν
3421 1170 3556 1223 ίδίαν
3583 1171 3772 1238 γυναῖ-

2199 1281 2270 1317 κα
2305 1263 2674 1335 προσέταξενο
2725 1263 2932 1324 ἐκεῖνος
2978 1260 3076 1324 δέ..
3119 1259 3228 1313 τῶν
3276 1259 3485 1335 άνδρῶν
3513 1261 3770 1314 ἁπάντων

2200 1355 2416 1418 ἁπάσας
2453 1351 2589 1407 εἶναι
2616 1352 2714 1416 τὰς
2744 1353 3007 1421 γυναῖκας
3039 1351 3242 1412 κοινάς.
3270 1351 3381 1403 Καὶ
3410 1351 3540 1420 περὶ
3565 1351 3771 1420 ἐγκραφ

2197 1443 2349 1506 τείας
2375 1444 2421 1474 ’⁸
2451 1443 2508 1497 δέ
2549 1443 2748 1512 νόμους
2792 1440 2984 1504 τιθεὶς,
3031 1438 3155 1492 οὔτε
3196 1442 3263 1509 τῇ
3311 1440 3533 1507 γυναικὶ
3571 1440 3776 1508 ξυγχω-

2201 1536 2286 1604 ρεῖ
2304 1533 2350 1565 ’ί
2404 1533 2504 1603 τὴν
2553 1532 2646 1586 toﬁ
2692 1530 2884 1602 ἀνδρὸς
2920 1530 3137 1600 ὁμιλίαν
3193 1529 3414 1599 φεύγειν
3435 1531 3504 1595 υ,
3561 1531 3775 1584 ἐκείνου

2201 1623 2356 1677 τοῦτο
2388 1625 2463 1694 μὴ
2495 1625 2831 1695 στέργοντος,
2856 1621 2978 1675 οὔτε
3007 1621 3099 1675 τὸν
3135 1621 3327 1691 ἄνδρα,
3355 1623 3428 1693 μὴ
3453 1622 3776 1692 συμφωνού-

522 1729 847 1790 potestatem
883 1737 990 1776 non
1021 1719 1208 1784 habet,
1241 1719 1334 1773 sed
1382 1717 1600 1790 mulier.
1633 1716 1814 1771 Nolite
1841 1715 2097 1770 fraudare

2203 1730 2302 1783 σης
2332 1713 2432 1784 τῆς
2460 1714 2739 1782 γυναικός.
2797 1732 2816 1766 ι
2855 1713 2919 1765 Ἦ
2963 1712 3099 1781 γυνὴ
3141 1711 3252 1780 γὰρ
3274 1754 3289 1776 ,
3327 1714 3481 1781 φησι,
3517 1712 3614 1766 τοῦ
3645 1712 3777 1766 ίδίου

524 1812 781 1872 invicem.
816 1811 919 1865 nisi
955 1810 1098 1878 forte
1140 1825 1208 1865 ex
1235 1788 1507 1864 consensu
1543 1817 1592 1861 ιι.
1624 1825 1642 1858 ι
1679 1807 1841 1862 Putat
1863 1806 2011 1861 enim
2042 1820 2097 1860 se

2202 1803 2452 1874 σώματος
2478 1806 2577 1859 οὐκ
2606 1805 2928 1869 ἐξουσιάζει,
2967 1804 3082 1858 ἀλλ’
3109 1805 3138 1857 6
3164 1806 3301 1875 ἀνήρ
3323 1820 3336 1833 ·
3365 1803 3570 1874 ὁμοίως
3596 1805 3654 1858 δὲ
3683 1806 3778 1859 καὶ

521 1901 765 1956 fraudari
793 1909 1210 1980 sua_potestate.
1243 1899 1337 1970 qui
1365 1907 1558 1968 praeter
1577 1897 1744 1952 animi
1768 1906 1955 1952 votum
1985 1911 2102 1950 ser-

522 2002 613 2048 vat
664 1993 1078 2048 continentiam.
1129 1991 1268 2044 Tum
1310 1990 1572 2059 paulatim
1606 1989 1674 2043 ad
1709 2003 1774 2043 ea
1819 2003 1946 2058 quae
1973 1995 2100 2041 sunt

520 2081 850 2152 perfectiora
886 2080 1216 2150 perducens,
1266 2078 1480 2133 addidit
1527 2095 1541 2131 :
1578 2095 1595 2128 ι
1628 2076 1710 2132 Ad
1742 2085 1991 2146 tempus,
2039 2084 2101 2130 ut

516 2173 726 2228 vacetis
754 2173 962 2242 jejunio
1009 2181 1066 2225 et
1096 2170 1334 2225 orationi
1372 2187 1384 2222 ε
1427 2179 1484 2223 et
1514 2170 1715 2224 iterum
1747 2167 2096 2222 revertimini

521 2263 579 2316 in
611 2263 850 2332 idipsum
889 2270 934 2316 ο.
968 2282 998 2313 ν
1034 2262 1123 2316 Sic
1161 2265 1344 2331 itaque
1381 2261 1530 2331 leges
1584 2269 1782 2314 natura
1833 2275 2057 2314 mensus
2082 2299 2096 2324 ,

521 2354 780 2422 praecepti
811 2353 1032 2408 causam
1070 2352 1355 2422 subjunxit
1382 2369 1393 2399 ε
1423 2372 1437 2401 ι
1462 2352 1561 2412 Ne,
1584 2351 1782 2422 inquit,
1810 2359 1985 2406 tentet
2004 2367 2102 2406 vos

524 2442 753 2498 Satanas
784 2454 829 2498 ρ.
856 2466 872 2496 ι
901 2443 968 2498 Et
995 2450 1055 2497 ut
1083 2443 1326 2506 doceret,
1357 2443 1510 2496 illum
1538 2441 1781 2496 tentandi
1812 2441 1985 2495 nostri
2012 2457 2103 2495 su-

429 2573 432 2576 η
520 2549 672 2589 mere
705 2548 735 2586 a
762 2532 922 2588 nobis
949 2533 1314 2596 occasionem,
1345 2532 1628 2603 subjunxit
1655 2551 1667 2586 :
1701 2551 1719 2583 ι
1754 2533 1984 2601 Propter
2012 2533 2100 2585 in-

517 2618 918 2675 continentiam
959 2630 1200 2674 ves—tram
1230 2630 1278 2672 tt.
1317 2640 1333 2670 ι
1367 2621 1442 2674 De
1473 2621 1724 2676 caelibatu
1753 2629 1959 2684 autem,
1988 2636 2098 2675 non

519 2707 671 2778 leges
696 2707 939 2776 quidem,
963 2709 1058 2764 sed
1086 2710 1378 2764 consilium
1422 2710 1579 2775 dans,
1626 2711 1867 2766 ostendit
1898 2720 2100 2780 quanta

520 2800 595 2856 sit
629 2801 682 2854 in
719 2817 786 2854 eo
820 2803 944 2856 vitas
987 2809 1128 2855 statu
1177 2800 1406 2855 utilitas.
1442 2819 1460 2851 ι
1494 2800 1597 2867 Qui
1633 2801 1752 2855 sine
1801 2816 1969 2855 uxore
1994 2811 2097 2868 est,

520 2889 722 2959 inquit,
745 2889 1012 2945 sollicitus
1039 2897 1124 2944 est
1147 2904 1338 2944 eorum
1369 2904 1490 2959 quae
1525 2898 1652 2943 sunt
1683 2889 1921 2950 Domini.
1959 2906 2100 2961 quo-

519 2968 695 3036 modo.
728 2981 938 3050 placeat
967 2982 1197 3038 Domino
1226 2998 1240 3034 :
1265 2982 1358 3051 qui
1393 2991 1575 3035 autem
1621 2996 1747 3036 cum
1795 2998 1966 3037 uxore
1994 2990 2099 3049 est,

2200 1900 2229 1951 6
2270 1898 2410 1969 ἀνὴρ
2451 1896 2546 1951 τοῦ
2601 1897 2729 1950 ίδίου
2781 1896 3034 1966 σώματος
3074 1897 3177 1949 οὐκ
3223 1895 3547 1960 ἐξουσιάζει,
3591 1895 3707 1949 ἁλὶ·
3743 1898 3778 1966 ἡ

2200 1990 2335 2060 γυνή
2383 1987 2473 2059 Μὴ
2503 1990 2850 2058 ἀποστερεῖτε
2873 1987 3155 2056 ἀλλήλους,
3186 1987 3235 2040 εί
3259 1988 3331 2056 μή
3360 2004 3411 2041 τι
3446 1987 3511 2039 ἂν
3539 1989 3602 2040 ἐκ
3642 2004 3781 2057 συμ-

2203 2078 2402 2148 φώνου.
2433 2098 2451 2131 ι
2505 2079 2818 2150 Στερεῖσθαι
2842 2079 2889 2112 ⁸³
2918 2079 3026 2148 γάρ
3061 2078 3432 2146 ὑπολαμϐάνει
3477 2078 3580 2147 τῆς
3623 2074 3778 2142 ἐξου-

2204 2170 2322 2233 σίας
2344 2172 2391 2203 ⁹⁸
2419 2173 2447 2224 6
2477 2171 2627 2242 παρὰ
2645 2171 2868 2240 γνώμην
2905 2168 3105 2240 μετιὼν
3139 2169 3238 2240 τὴν
3274 2169 3620 2238 ἐγκράτειαν.
3646 2165 3779 2222 Εἶτα

2203 2264 2322 2315 κατ’
2357 2263 2534 2328 ὀλίγον
2556 2265 2648 2316 ἐπὶ
2678 2263 2744 2315 τὰ
2773 2262 2953 2316 τέλεια
2973 2261 3225 2332 ποδηγῶν
3257 2263 3506 2332 ἐπήγαγε
3527 2279 3542 2292 ·
3581 2280 3600 2313 ι
3633 2261 3779 2332 Πρὸς

2204 2353 2415 2423 καιρὸν,
2447 2354 2533 2406 ἵνα
2564 2353 2862 2423 σχολάσητε
2892 2355 2956 2422 τῇ
2985 2352 3210 2423 νηστείᾳ
3233 2352 3326 2405 καὶ
3355 2355 3423 2421 τῇ
3457 2355 3774 2423 προσευχῇ-ο

2205 2443 2301 2496 καὶ
2332 2443 2492 2496 πάλιν
2518 2444 2609 2496 ἐπὶ
2641 2442 2702 2496 τὸ
2724 2443 2770 2477 ’⁸
2797 2443 2928 2496 αὐτὸ
2958 2443 3310 2512 συνέρχεσθε.
3337 2460 3354 2490 ι
3393 2441 3552 2495 Οὕτω
3587 2441 3643 2495 δέ
3675 2459 3776 2510 με-

2204 2533 2411 2604 τρήσας
2441 2535 2505 2602 τῇ
2541 2531 2700 2599 φύσει
2727 2533 2852 2594 τοὺς
2878 2531 3096 2601 νόμους,
3122 2529 3268 2596 λέγει
3307 2529 3404 2583 καὶ
3427 2530 3524 2600 τὴν
3553 2531 3734 2584 αίτίαν
3761 2548 3776 2561 ·

2211 2641 2228 2673 ι
2267 2623 2382 2676 ’Ὶνα
2417 2622 2490 2693 μὴ
2526 2623 2760 2694 πειράζῃ
2790 2623 2934 2690 ὑμᾶς
2963 2622 2991 2673 6
3020 2622 3285 2683 Σατανᾶς.
3318 2639 3336 2672 ι
3373 2622 3482 2674 Καὶ
3509 2621 3781 2677 διδάσκων

2205 2714 2280 2775 ὡς
2320 2713 2449 2783 παρ’
2496 2712 2654 2782 ἡμῶν
2705 2715 2908 2775 ἐκεῖνος
2945 2711 3215 2780 λαμϐάνει
3265 2713 3361 2775 τὰς
3397 2712 3647 2782 ἀφορμὰς
3685 2717 3780 2768 ἐπ·

2206 2805 2412 2875 ήγαγεσ
2447 2821 2465 2854 ι
2502 2803 2601 2856 Διά
2630 2803 2730 2873 τὴν
2762 2802 3035 2872 ἀκρασίαν
3072 2801 3247 2872 ὑμῶν.
3274 2820 3292 2853 ι
3335 2803 3444 2856 Kal
3485 2801 3616 2874 περὶ
3648 2804 3784 2870 ἁγα-

2211 2898 2339 2968 μίας
2384 2895 2486 2969 [δὲ]
2508 2898 2557 2931 ’⁸
2584 2899 2645 2951 οὐ
2685 2898 2882 2966 νόμους
2920 2896 3057 2949 ἀλλὰ
3106 2897 3455 2968 παραινέσεις
3475 2896 3522 2928 ’⁷
3545 2897 3785 2964 είσενεγ-

2209 2988 2339 3053 κὼν,
2366 2987 2533 3053 ἔδειξε
2559 2988 2651 3042 καὶ
2674 2987 2784 3060 τῆς,
2803 2987 3047 3056 άγαμίας
3073 2987 3140 3045 τὰ
3159 2988 3445 3057 χρήσιμον.
3482 2986 3538 3040 '0
3569 2987 3784 3056 ἄγαμος

521 3071 794 3126 sollicitus
817 3082 901 3128 est
923 3088 1114 3128 eorum
1137 3089 1258 3143 qua:
1281 3084 1407 3128 sunt
1443 3073 1655 3135 mundi,
1679 3073 1956 3142 quomodo
1988 3075 2097 3143 pla-

2209 3081 2336 3149 γάρ,
2386 3080 2519 3149 φησὶ
2553 3077 2622 3141 ’³,
2669 3080 2910 3150 μεριμνᾷ
2937 3079 3004 3132 τὰ
3035 3077 3129 3130 τοῦ
3165 3077 3396 3146 Κυρίου.
3433 3076 3547 3139 πῶς
3593 3077 3786 3148 ἀρέσει

521 3169 643 3215 oeat
688 3162 907 3216 uxori'.
944 3181 962 3212 ι
998 3163 1201 3217 Eadem
1244 3171 1300 3217 et
1340 3161 1408 3217 de
1439 3162 1766 3218 mulieribus
1807 3163 1967 3227 dixit,
2001 3163 2102 3218 do-

520 3265 653 3305 cens
672 3251 1038 3330 virginitatem
1074 3252 1241 3308 vitam
1282 3251 1532 3308 conferre
1562 3267 1686 3322 quae
1735 3268 1993 3307 curarum
2034 3254 2105 3308 sit

521 3339 803 3395 immunis.
2091 3336 2093 3338 ’

591 3523 976 3588 Admiramini,
1006 3539 1040 3579 ο
1083 3525 1213 3588 viri,
1243 3526 1392 3580 Pauli
1424 3526 1668 3596 linguam
1687 3566 1701 3588 ,
1742 3541 1980 3597 eumque
2009 3529 2101 3596 qui

520 3628 623 3684 per
670 3613 813 3668 hanc
840 3615 1056 3669 lacutus
1079 3623 1164 3669 est
1198 3615 1449 3669 adorate.
1481 3615 1638 3680 Quod
1657 3614 1699 3670 si
1733 3617 1931 3685 placet,
1955 3617 2103 3687 leges

522 3705 688 3759 etiam
724 3705 791 3758 de
821 3704 1065 3759 aedibus
1095 3719 1158 3759 ac
1192 3705 1503 3774 parricidiis
1541 3706 1678 3761 latas
1712 3706 1920 3761 audite.
1969 3707 2099 3762 Phi-

523 3794 784 3863 l030phus
802 3794 947 3847 enim
992 3810 1060 3849 ne
1105 3796 1276 3864 patris
1308 3797 1530 3864 quidem
1569 3797 1982 3852 interfectorem
2013 3807 2096 3852 ta-

520 3884 683 3939 lionis
711 3901 886 3953 pana
913 3886 1168 3955 subjecit.
1215 3886 1382 3958 946
1423 3887 1492 3942 At
1531 3887 1780 3942 Salvator
1815 3889 1832 3908 ⁶
1883 3898 2095 3955 noster,

521 3976 890 4046 importunam
947 3993 1166 4047 quoque
1218 3978 1654 4042 contumeliam,
1714 3980 2095 4049 injustumque

523 4067 822 4122 iracundia:
880 4077 1088 4122 motum
1137 4069 1383 4138 castigat.
1425 4087 1442 4118 ι
1504 4067 1714 4132 Omnis,
1762 4071 1961 4140 inquit,
1998 4073 2093 4141 qui

524 4155 778 4211 irascitur
826 4156 978 4211 fratri
1012 4171 1112 4211 suo
1139 4156 1256 4211 sine
1294 4147 1500 4220 causa,‘
1522 4173 1650 4211 reus
1686 4159 1795 4211 erit
1831 4160 2042 4229 judicio
2078 4178 2092 4213 :

522 4246 616 4316 qui
652 4255 833 4301 autem
879 4247 1256 4302 dixeritt‘ratri
1293 4263 1394 4303 suo
1433 4249 1600 4313 Baca,
1656 4265 1783 4304 reus
1830 4251 1938 4306 erit
1966 4267 2097 4306 con-

522 4336 650 4392 cilio
677 4356 689 4390 :
723 4338 815 4407 qui
847 4347 1027 4393 autem
1060 4339 1245 4404 Fatue,
1280 4356 1406 4395 reus
1423 4341 1529 4395 erit
1549 4326 1814 4411 gehennae
1841 4341 1984 4412 ignis
2011 4345 2086 4397 ε.»

2205 3169 2282 3237 τῷ
2315 3170 2504 3238 Κυρίῳ
2539 3185 2553 3199 ·
2610 3168 2637 3220 6
2675 3167 2731 3220 δὲ
2763 3170 3018 3237 γαμήσας
3055 3169 3294 3237 μεριμνᾷ
3326 3166 3394 3219 τᾶ
3421 3166 3516 3219 τοῦ
3554 3167 3782 3237 κόσμου,

2206 3257 2323 3319 πῶς
2357 3257 2540 3326 ἀρέσει
2570 3259 2635 3326 τῇ
2670 3257 2913 3324 γυναικί.
2946 3276 2964 3308 ι
2999 3255 3185 3309 Ταῦτα
3219 3257 3275 3309 δέ
3307 3255 3400 3309 καὶ
3434 3256 3562 3327 περὶ
3596 3272 3786 3323 γυναι-

2203 3350 2316 3402 κῶν
2356 3349 2483 3417 ἔφη,
2533 3347 2800 3401 διδάσκων
2845 3347 2921 3411 ὡς
2961 3348 2994 3418 ἡ
3056 3345 3322 3418 παρθενία
3372 3347 3624 3418 προξενεῖ
3667 3345 3785 3416 βίον

2204 3440 2500 3510 φροντίδων
2525 3437 2829 3509 ἐλεύθερον.

2272 3528 2625 3598 Θαυμάσατε,
2661 3523 2706 3581 ὧ
2742 3528 2956 3600 ἄνδρες.
2982 3527 3077 3583 toﬁ
3110 3528 3446 3600 σκυτοτόμου
3478 3527 3577 3599 τὴν
3609 3528 3784 3597 γλῶτο

2202 3636 2320 3681 ταν,
2357 3621 2452 3671 καὶ
2475 3618 2564 3671 τὸν
2594 3613 2681 3672 διὰ
2700 3618 2906 3690 ταύτης
2930 3619 3300 3689 φθεγξάμενον
3332 3621 3770 3692 προσκυνήσατε.

2201 3711 2264 3763 El
2310 3709 2366 3763 δὲ
2405 3709 2679 3780 βούλεσθε,
2717 3711 2808 3763 καὶ¹
2856 3712 2980 3773 τοὺς
3027 3713 3280 3779 φονικοὺς
3318 3710 3662 3780 καταμάθετε
3692 3711 3777 3764 νό-

2204 3818 2358 3870 μους.
2405 3803 2464 3854 Ὀ
2497 3801 2595 3870 μὲν
2631 3801 2740 3872 γὰρ
2769 3801 3058 3870 φιλόσοφος
3089 3801 3210 3853 οὐδέ
3260 3802 3349 3854 τὸν
3384 3801 3720 3865 ἀπεκτονότα
3736 3800 3781 3832 ³⁸

2201 3891 2409 3962 πατέρα
2444 3893 2542 3961 τὴν
2577 3891 2697 3957 ἴσην
2727 3892 2984 3960 ὑποσχεῖν
3023 3891 3293 3960 τιμωρίαν
3327 3890 3634 3950 ἐκέλευσεν,
3662 3891 3690 3942 6
3723 3888 3781 3942 δέ

2199 3983 2388 4052 Σωτὴρ
2413 3983 2439 4034 6
2457 3983 2726 4052 ἡμέτερος
2751 3983 2844 4035 καὶ
2869 3981 3136 4051 λοιδορίαν
3164 3979 3380 4043 κολάζει
3410 3980 3560 4052 παρὰ
3584 3977 3780 4048 καιρὸν

2197 4075 2545 4145 γιγνομένην.
2597 4076 2697 4128 καὶ
2759 4074 2932 4144 θυμὸν
2987 4075 3186 4134 ἀδίκως
3239 4071 3576 4141 κινούμενον.
3626 4070 3783 4133 «Πᾶς

2197 4166 2324 4234 γὰρ,
2362 4163 2490 4232 ἔφη,
2513 4165 2540 4214 6
2562 4162 2920 4232 ὀργιζόμενος
2944 4161 3023 4229 τῷ
3054 4161 3266 4231 ἀδελφῷ
3298 4159 3464 4213 αὑτοῦ
3497 4161 3642 4229 εικῆ.
3669 4159 3788 4212 ἐνο-

2197 4270 2288 4323 χος
2332 4252 2483 4305 ἔσται
2516 4254 2582 4322 τῇ
2615 4253 2824 4322 κρίσει·
2869 4253 2924 4314 ὃς
2956 4253 3000 4304 δ’
3025 4251 3092 4305 ἂν
3137 4253 3266 4324 εἴπῃ
3306 4251 3545 4313 Ῥακὰί,
3602 4249 3785 4318 ἔνοχος

2196 4345 2348 4397 ἔσται
2373 4344 2449 4414 τῷ
2475 4343 2736 4413 συνεδρίῳ
2763 4361 2776 4374 ο
2809 4343 2867 4406 ὃς
2888 4343 2934 4396 δ’
2962 4344 3028 4396 ἂν
3053 4344 3204 4415 εἴπῃ,
3244 4344 3430 4412 Μωρὲ,
3477 4330 3658 4410 ἔνοχος
3687 4340 3779 4394 ἑσ-

491 4427 665 4494 ‘Quin
713 4439 768 4484 et
800 4430 962 4484 otiosi
986 4432 1255 4485 sermonis
1299 4433 1566 4486 rationem
1609 4448 1666 4488 se
1720 4435 2090 4503 repetiturum

2201 4453 2286 4489 tat
2310 4435 2388 4498 είς
2414 4435 2511 4504 τὴν
2541 4436 2770 4501 γέενναν
2801 4431 2894 4486 toﬁ
2929 4434 3120 4504 πυρός.
3159 4453 3178 4485 ι
3232 4435 3340 4486 Καὶ
3369 4433 3548 4501 λόγων
3589 4431 3646 4483 δὲ
3686 4432 3781 4502 άρ-

524 4520 764 4574 minatus
816 4530 920 4574 est.
981 4521 1168 4590 Neque
1225 4508 1417 4576 amicis
1455 4523 1663 4587 solum,
1717 4524 1813 4579 sed
1855 4525 2096 4581 inimicis

524 4624 741 4679 quoque
790 4611 1110 4665 bcnet‘aCere
1157 4612 1440 4681 praecepit.
1481 4631 1498 4664 ι
1538 4614 1756 4684 Diligite
1799 4615 1967 4679 enim,
2015 4617 2097 4671 in-

525 4691 665 4770 quit,
700 4701 953 4756 inimicos
977 4712 1188 4756 vestros
1209 4711 1264 4757 et
1303 4712 1456 4759 orate
1499 4721 1598 4774 pro
1635 4708 2097 4776 persequentibus

524 4807 624 4844 vos
655 4791 697 4844 ί.
740 4810 756 4840 ι
789 4791 915 4846 Post
943 4792 1058 4846 haec
1088 4808 1218 4847 vero
1249 4793 1534 4862 praemium
1566 4811 1785 4866 quoque
1813 4799 2093 4865 ostendit,

523 4881 684 4951 longe
723 4884 1050 4937 certantium
1095 4885 1369 4940 excedens
1409 4885 1815 4957 dignitatemn
1843 4889 1915 4944 Ut
1954 4889 2095 4955 sitis,

529 4970 738 5041 inquit,
770 4971 865 5028 lilii
897 4973 1072 5028 Patris
1111 4976 1283 5029 vestri
1322 4977 1416 5047 qui
1443 4977 1496 5031 in
1527 4979 1680 5034 ccelis
1702 4988 1806 5045 est,
1839 4979 1934 5050 qui
1964 4981 2099 5036 oriri

598 5132 636 5159 ⁸³
670 5124 692 5177 1
721 5123 846 5178 Cor.
885 5142 978 5192 vn,
1019 5128 1069 5191 l,
1099 5129 1153 5181 2.

591 5129 846 5204 ξηιανς.
885 5142 978 5192 vn,
1019 5129 1069 5191 l,
1099 5129 1153 5181 2.
1231 5139 1258 5185 ιι
1289 5129 1311 5184 l
1343 5129 1468 5186 Cor.
1496 5147 1588 5196 vn,
1618 5132 1673 5198 4,
1704 5133 1754 5187 5.

533 5193 552 5228 ⁸
589 5193 724 5247 ibid.
749 5196 837 5249 M.

1834 5142 1858 5170 °
1895 5133 2027 5189 ibid.
2059 5134 2112 5189 5.
2190 5144 2215 5184 Ρ
2245 5132 2378 5188 ibid.
2416 5134 2468 5188 9.
2544 5145 2571 5184 (ι
2607 5134 2741 5189 ibid.

2202 4526 2314 4594 γῶν
2341 4524 2570 4588 εὐθύνας
2592 4525 2915 4595 ἁπαιτήσειν
2935 4525 3224 4594 ὴπείλησεδ
3255 4526 3365 4579 Καὶ
3392 4525 3454 4577 οὐ
3480 4527 3639 4594 μόνον
3659 4526 3782 4589 τοὺς

2203 4619 2390 4686 φίλους
2417 4619 2749 4688 εὐεργετεῖν,
2771 4618 2907 4670 ἀλλὰ
2935 4617 3031 4670 καὶ
3053 4619 3072 4648 ⁸
3096 4618 3219 4680 τοὺς
3247 4616 3476 4687 ἐχθροὺς
3499 4616 3784 4684 ἐκέλευσεν

2204 4705 2262 4762 εὖ
2308 4712 2501 4761 ποιεῖν.
2575 4728 2593 4760 ι
2633 4709 2908 4776 Ἀγαπᾶτε
2955 4708 3103 4777 γὰρ,
3146 4707 3249 4777 ἔφη
3297 4710 3338 4769 ³,
3390 4710 3517 4770 τοὺς
3559 4707 3784 4778 ἐχθροὺς

2207 4799 2236 4851 ὑ
2245 4798 2358 4869 μῶν
2377 4816 2390 4830 ·
2425 4800 2519 4851 καὶ
2540 4797 2762 4868 εὔχεσθε
2787 4800 2926 4869 ὑπὲρ
2947 4798 3055 4852 τῶν
3069 4798 3380 4851 διωκόντων
3405 4799 3567 4867 ὑμᾶς.
3601 4818 3617 4849 ι
3650 4796 3783 4851 Εἶτα

2207 4892 2298 4944 καὶ
2329 4890 2598 4943 δείκνυσιν
2628 4886 2789 4943 ἆθλον
2816 4892 2912 4960 τὴν
2941 4891 3051 4943 τῶν
3079 4889 3497 4957 ἀγωνιζομένων
3524 4888 3785 4959 ὑπερϐαῖ-

2205 4997 2297 5034 νον
2326 4981 2502 5045 ἀξίαν.
2545 4983 2688 5052 Ἔφη
2722 4982 2830 5051 γάρ
2854 4981 2876 5014 ⁸
2908 4999 2919 5012 ·
2957 5000 2975 5032 ι
3023 4983 3137 5035 Ἵνα
3160 4981 3390 5052 γένησθε
3414 4980 3520 5034 υἱοὶ
3550 4980 3642 5034 τοῦ
3672 4980 3787 5035 Πα-

2825 5147 2845 5173 τ
2881 5135 3014 5190 ibid.
3049 5135 3138 5201 32,
3170 5134 3258 5188 55.
3338 5143 3360 5172 ⁸
3389 5133 3580 5188 Matth.
3609 5150 3660 5197 ν,
3687 5135 3778 5190 22.

1819 5335 2055 5391 VARIE
2095 5335 2501 5391 LECTIONES.

527 5514 579 5585 "_
628 5511 910 5585 ξυζχωρεῖ.
972 5513 1258 5585 ξυνεχώρει
1290 5516 1349 5572 C.

527 5581 648 5642 σίας
689 5581 757 5638 (ἶ.
815 5581 873 5616 ’⁸⁸
910 5587 1000 5637 ἐπὶ
1032 5581 1223 5650 tota;
1250 5589 1308 5640 τὸ
1346 5589 1405 5641 Β.

528 5651 812 5705 κτείναντα
843 5655 944 5709 Vb.
1026 5656 1041 5686 ¹
1081 5657 1302 5710 Ῥακκά.
1345 5658 1512 5710 Ῥακὰ
1541 5651 1599 5710 Βξ

521 5719 608 5776 'Vb
640 5735 739 5790 pro
780 5724 902 5778 υἱοί.

1691 5660 1710 5688 ²
1745 5658 1834 5710 καὶ
1857 5674 1966 5713 οηι.
2004 5660 2062 5713 Β.
2141 5661 2160 5691 ⁸
2190 5657 2320 5728 ἔφη.
2355 5660 2485 5729 φησὶ
2519 5657 2581 5713 C.

597 5443 641 5474 ⁸³
668 5441 775 5494 τῶν
803 5443 915 5497 toﬁ.
941 5443 1046 5497 τῶν
1083 5461 1192 5500 om.
1220 5446 1283 5502 C.
1358 5449 1402 5482 ⁸⁸
1429 5447 1535 5500 τῶν
1564 5448 1654 5502 τοῦ
1686 5451 2016 5519 σκυτοτόμου
2054 5452 2250 5519 νόμων.
2281 5450 2340 5504 τὸ
2369 5448 2461 5502 toﬁ
2489 5449 2819 5517 σκυτοτόμου
2851 5447 2909 5502 C.
2967 5450 3011 5480 ⁶⁰
3044 5447 3367 5519 ἐγκρατείας
3398 5446 3473 5499 δέ.
3505 5447 3560 5500 δέ
3582 5461 3690 5501 om.
3719 5449 3780 5502 Β.

628 5511 894 5551 Fuvwmcr
972 5513 1253 5551 Fuuevn’ineo
1290 5516 1328 5551 ρ
1453 5520 1496 5551 ea
1531 5519 1750 5551 πωπω...
1825 5523 2014 5551 “mna.
2074 5520 2114 5551 τι
2235 5520 2278 5551 sa
2328 5520 2624 5551 -..ηρ-τρο...
2715 5520 2867 5551 ...με
2881 5516 2994 5551 ριν..
3045 5518 3084 5551 n
3217 5519 3263 5549 οδ
3297 5517 3576 5551 cunmm!"
3635 5517 3780 5551 tam..-

1531 5520 1770 5585 φεύγειν.
1825 5523 2014 5588 φυγεῖν
2074 5520 2134 5573 Β.
2235 5520 2278 5552 ⁸³
2328 5520 2648 5589 στερεῖσθαι.
2715 5520 2999 5589 στέρεσθαι
3045 5520 3104 5572 Β.
3217 5520 3263 5549 ³⁸
3294 5520 3458 5582 ξυνουη

1506 5587 1563 5658 "7
1592 5587 1689 5658 [δὲ]
1726 5604 1834 5642 om.
1874 5589 1934 5643 C.
2028 5591 2072 5622 ’7
2104 5589 2472 5658 παραινέσεις.
2521 5587 2838 5658 παραίνεσιν
2863 5589 2922 5643 Β.
3013 5588 3057 5620 ’⁸
3094 5587 3375 5658 φησίκέφη
3399 5587 3458 5641 Β.

3217 5519 3263 5549 ³⁸
3294 5517 3599 5582 ξυνουσίας.
3634 5517 3785 5581 ἐξου-

3217 5587 3224 5617 ι
3271 5587 3370 5620 ιη...
3399 5587 3439 5620 ιι
3570 5587 3616 5620 oo
3650 5589 3785 5620 ιι-..

2688 5589 2838 5641 ἴνεσιν
2863 5589 2922 5643 Β.
3013 5589 3057 5620 ’⁸
3094 5589 3242 5656 φησί.
3269 5589 3371 5655 ἔφη
3399 5589 3458 5641 Β.
3570 5589 3616 5620 ⁹⁹
3649 5589 3785 5641 auo-

2688 5657 2707 5689 δ
2734 5658 2836 5730 ’ἐφη
2868 5659 2995 5728 γάρ.
3025 5659 3075 5709 τί
3107 5633 3213 5726 γάρ
3239 5656 3341 5728 ἔφη
3366 5657 3424 5711 Β.
3455 5671 3578 5712 mox
3606 5657 3784 5727 ὅμοιοι

2235 5520 2278 5552 ⁸³
2328 5520 2648 5589 στερεῖσθαι.
2683 5587 2691 5589 _
2715 5516 2999 5589 στέρεσθαι
3021 5588 3026 5589 γ
3045 5518 3104 5572 Β.
