4088 6318
317 388 455 456 1957

991 387 1430 452 ΘΗΔΕΟΑΕΗΜ
1462 385 1765 448 AFFECT.
1805 385 1894 446 CU

1994 383 2160 444 LTIO.
2188 408 2256 418 ο-
2276 383 2380 444 IX.
2422 384 2521 444 DE
2555 381 2904 442 LEGIBUS.

3443 377 3580 444 1058

311 493 446 565 ’πρὸς
469 493 622 564 ὑμῶν
641 491 735 546 τοῦ
769 491 826 546 έν
861 491 1111 564 οὐρανοῖς
1138 510 1153 524 ο
1193 494 1275 546 δτι
1310 491 1589 548 ἀνατέλλει
1616 491 1708 544 τὸν
1745 489 1894 560 ἥλιον

1994 487 2154 558 jubet
2190 489 2360 544 solem
2398 503 2566 559 super
2602 489 2776 543 malos
2810 494 2868 542 et
2910 486 3106 553 bonos,
3138 495 3196 542 et
3237 484 3380 556 pluit
3415 499 3584 557 super

315 584 484 640 αὑτοῦ
514 585 909 656 επὶ-πονηροὺς
930 585 1024 639 καὶ
1048 585 1304 654 ἀγαθοὺς,
1338 588 1432 640 καὶ
1459 584 1639 655 βρέχει
1683 581 1774 635 ἐπὶ
1813 581 1895 634 δι-

313 680 505 738 καίους
535 678 632 732 καὶ
657 676 894 740 ἀδίκους.
938 697 955 729 ι
992 679 1101 731 Καὶ
1128 681 1254 751 περὶ
1290 680 1468 750 ὅρκων
1497 677 1554 730 δὲ
1587 675 1789 743 νόμους
1816 691 1896 725 τι-

312 771 452 834 θεὶς.
486 772 578 824 καὶ
618 770 815 833 αὐτοὺς
841 769 1172 841 ἀπαγορεύει
1204 771 1330 833 τοὺς
1353 770 1569 838 ὅρκους,
1604 765 1893 836 ἀποχρῆν⁸

237 856 260 874 ⁶
311 861 489 929 λέγων
536 861 599 912 τδ
651 860 764 912 Ναὶ
817 861 912 912 κα)⁸
961 860 1025 912 τὸ
1064 858 1147 913 Oi)
1195 861 1330 930 πρὸς
1372 859 1472 930 τὴν
1516 857 1625 910 τῶν
1665 855 1893 925 λεγομέ-

310 970 418 1006 νων
441 949 593 1022 [LM]
621 950 930 1020 βεσαίωσιν.
971 953 1082 1006 Καὶ
1128 953 1218 1005 τὸν
1260 951 1548 1021 ἀκτήμονά
1573 949 1631 1002 δὲ
1665 949 1777 1018 βίον
1805 966 1894 1002 τε-

311 1041 589 1101 λειότατον
620 1041 745 1110 έφη.
809 1059 828 1092 ι
865 1042 960 1105 Ὃς
999 1041 1108 1111 γὰρ
1134 1051 1222 1105 αν,
1258 1040 1413 1110 φησὶ,
1452 1039 1528 1110 μὴ
1558 1041 1894 1108 άποτάξηται

311 1133 450 1184 πᾶσι
495 1133 608 1194 τοῖς
649 1131 988 1202 ὑπάρχουσιν
1024 1131 1210 1194 αὐτοῦ,
1254 1131 1315 1184 οὐ
1351 1129 1573 1184 δύναταί
1609 1148 1710 1201 μου
1756 1127 1893 1184 εἶναι

311 1221 584 1293 μαθητής.
616 1240 635 1272 ι
670 1222 810 1276 Ἀλλ’
836 1225 984 1295 ὅμως
1012 1222 1108 1276 καὶ
1135 1223 1308 1287 οὕτως
1331 1224 1352 1256 ⁸
1383 1222 1588 1293 άκριὸἧ
1618 1221 1893 1275 πολιτείαν

309 1310 644 1381 νομοθετῶν,
677 1311 830 1367 οὐδέν
859 1330 912 1365 τι
943 1312 1176 1385 τερπνὸν
1201 1313 1344 1366 κατὰ
1369 1312 1518 1367 τόνδε
1556 1313 1679 1365 τδντ
1715 1312 1828 1382 βίον
1856 1311 1889 1383 ἢ

309 1401 562 1474 θυμῆρες
583 1402 775 1456 δώσειν
796 1403 1087 1474 ὑπέσχετο,
1111 1404 1246 1457 ἀλλὰ
1276 1405 1469 1458 πενίαν
1495 1404 1590 1458 καὶ
1618 1403 1893 1456 ταλαιπω-

311 1491 437 1561 ρίαν
493 1492 586 1544 καὶ
630 1491 938 1560 λοιδορίαν⁸
986 1492 1082 1547 καὶ
1129 1493 1401 1563 μάστιγας
1430 1493 1550 1546 ’καὶ
1601 1492 1892 1562 διαφόρους

309 1582 553 1651 σεραγάς.
597 1600 615 1634 ι
650 1583 737 1636 Ἐν
781 1582 860 1651 τῷ
892 1583 1084 1655 κόσμῳ
1113 1583 1242 1654 γὰρ,
1275 1583 1401 1654 ἔφη,
1437 1582 1615 1652 θλίψιν
1637 1582 1790 1652 ἔχετε
1812 1597 1825 1610 ·
1869 1599 1887 1633 ι

309 1670 407 1722 καὶ
431 1708 446 1734 ,
493 1689 512 1719 ι
541 1670 820 1742 Μακάριοι
855 1673 1001 1734 ἐστε,
1047 1672 1178 1726 ὅταν
1219 1672 1554 1727 ὀνειδίσωσιν
1599 1673 1766 1742 ὑμᾶς,
1797 1672 1892 1725 καὶ

303 1761 543 1828 taberna:
586 1804 600 1829 ,
633 1764 726 1817 καὶ
755 1764 949 1816 εῐπωσι
987 1763 1096 1817 πᾶν
1137 1764 1374 1835 πονηρὸν
1400 1763 1556 1834 ῥῆμα
1585 1763 1706 1817 καθ’
1737 1762 1892 1832 ὑμῶν

305 1850 632 1922 ψευδόμενοι
692 1853 880 1906 ἕνεκεν
921 1851 1124 1923 έμοῦ⁹⁶
1144 1832 1362 1925 χαίρετε
1401 1832 1506 1907 καὶ
1536 1852 1888 1924 ἀγαλλιᾶσθε,
1926 1832 1966 1890 Β

207 1949 216 1956 “
304 1943 393 1996 ὅτι
416 1943 446 1996 ό
469 1943 659 2014 μισθὸς
687 1943 841 2015 ὑμῶν
867 1944 1034 2006 πολὺς
1060 1945 1117 1998 έν
1142 1948 1254 2008 τοῖς
1282 1946 1551 2015 οὐρανοῖς.
1569 1963 1600 1996 οι
1637 1944 1745 1996 Καὶ
1765 1944 1893 2006 τοὺς

308 2034 410 2102 μὲν
449 2035 644 2098 πόνους
676 2035 768 2088 καὶ
794 2034 1073 2098 κινδύνους
1097 2035 1338 2113 ἐπέδειξε
1360 2036 1426 2100 ¹⁶,
1462 2036 1531 2090 τὰ
1565 2035 1624 2089 δὲ
1657 2034 1892 2107 βραδεῖα

305 2126 407 2178 καὶ
435 2125 560 2188 τοὺς
601 2125 901 2196 στεφάνους
950 2125 1090 2197 μετὰ
1121 2129 1180 2181 τδ
1218 2127 1314 2181 τοῦ
1347 2127 1465 2199 βίου
1495 2127 1649 2190 τέλος
1676 2127 1716 2158 ¹¹
1755 2128 1893 2181 ἀπο-

303 2215 504 2270 δώσειν
549 2217 835 2287 ὑπέσχετο.
877 2216 989 2271 Καὶ
1030 2221 1088 2272 έν
1126 2218 1300 2290 ἑτέρῳ
1346 2218 1404 2272 δὲ
1462 2219 1649 2290 χωρίῳ
1686 2216 1886 2288 φησίν·

292 2293 331 2353 ἰ
360 2305 422 2356 Εἰ
452 2305 551 2374 ἐμὲ
579 2305 807 2372 ἐδίωξαν
831 2307 895 2372 ⁸²,
925 2309 1018 2361 καὶ
1042 2293 1490 2376 ὑμᾶς’διώξουσιν
1519 2323 1534 2338 ο
1563 2309 1611 2360 εί
1640 2307 1731 2359 τὸν
1757 2305 1890 2375 ὲμδν

300 2394 465 2463 λόγον
503 2397 798 2472 ἐτήρησαν,
837 2398 933 2451 καὶ
956 2399 1048 2452 adv
1080 2398 1345 2471 ὑμέτερον
1378 2399 1699 2469 τηρήσουσι.
1724 2415 1744 2447 ι
1781 2396 1891 2450 Καὶ

304 2485 469 2538 πάλιν
492 2501 506 2517 ·
549 2504 567 2536 ι
603 2486 664 2540 Ei
693 2489 786 2541 τὸν
822 2490 1209 2559 οἰκοδεσπότην
1255 2488 1583 2552 Βεελζεᾶιὺλ
1621 2488 1891 2542 ἐπεκαλέσ-

305 2592 468 2630 σιντο
487 2577 550 2643 ⁸³,
592 2578 743 2649 πόσῳ
769 2580 970 2649 μᾶλλον
1004 2582 1129 2644 τοὺς
1158 2582 1434 2641 οἰκιακοὺς
1457 2581 1500 2611 ³⁵
1521 2579 1716 2644 αύτοῦ;
1755 2598 1774 2631 ι

375 2669 441 2722 Ui
467 2668 568 2738 μὶν
587 2670 650 2742 δὴ
679 2671 834 2738 νόμοι
863 2671 1097 2724 τοιοῦτοι
1119 2685 1134 2700 °
1159 2669 1308 2734 ἄξιον
1330 2670 1386 2724 δὲ
1411 2670 1624 2740 ἀληθῶς
1649 2669 1890 2732 καὶτοὺς

303 2761 628 2824 ,θεσπεσίους
693 2762 894 2832 ἄνδρας
950 2763 1193 2826 ἐκείνους
1246 2761 1549 2830 θαυμάσαι,
1616 2763 1713 2814 καὶ
1761 2761 1889 2824 τοὺς

301 2851 537 2914 ἐκείνοις
566 2852 1019 2913 πεπιστευκότας.
1047 2851 1280 2906 Τοιῶνδε
1312 2852 1422 2920 γὰρ
1451 2851 1628 2918 λόγων
1657 2849 1891 2904 ἀκούον-

301 2959 418 3007 τες,
448 2944 544 2997 καὶ
570 2942 692 2996 οὔτε
730 2943 959 2997 πλοῦτον
988 2943 1112 2995 οὔτε
1133 2943 1454 2995 δυναστείαν
1483 2940 1607 2994 οὔτε
1634 2945 1889 3009 σώματος

303 3033 503 3104 ῥώμην
543 3033 696 3103 παρὰ
730 3034 826 3087 τοῦ
871 3034 1203 3105 κεκληκότος
1239 3033 1543 3103 δεξάμενοι,
1593 3032 1730 3086 ἀλλὰ
1782 3049 1890 3101 μα-

302 3126 464 3197 κραῖς
509 3125 604 3178 καὶ
649 3126 870 3189 ταύταις
913 3126 976 3178 οὐ
1021 3126 1375 3196 φαινομέναις
1407 3125 1759 3192 ἐπαγγελίαις
1793 3142 1890 3178 πε·-
1917 3153 1961 3211 C

301 3217 677 3279 πιστευκότες,
709 3217 802 3268 καὶ
832 3217 960 3279 τοὺς
990 3216 1186 3291 πόνους
1215 3219 1537 3285 ἠσπάσαντο
1558 3216 1626 3280 η,
1659 3215 1754 3269 καὶ
1778 3213 1889 3268 τῶν

303 3304 568 3358 κινδύνων
609 3306 924 3375 ἠνέσχοντο,
947 3306 1042 3359 καὶ
1070 3306 1171 3376 τὴν
1206 3306 1535 3376 οἰκουμένην
1567 3305 1892 3376 περινοστή-

304 3412 499 3458 σαντες
543 3398 655 3457 τοῖς
703 3396 880 3448 ἔθνεσι
925 3397 1306 3466 προσήνεγκαν
1367 3396 1388 3426 ⁸
1453 3397 1522 3448 τὰ
1567 3395 1888 3466 μαθήματα.

302 3487 473 3540 υὺδὲν
500 3486 556 3539 δὲ
583 3481 742 3557 ἦττον
765 3488 859 3539 καὶ
887 3487 1013 3549 τοὺς
1032 3485 1356 3557 δεξαμένους
1380 3485 1694 3556 εύςρημῆσαι
1722 3502 1892 3556 προσ-

304 3579 452 3649 ήκει,
482 3577 565 3630 ὅτι
599 3577 750 3649 παρὰ
780 3581 892 3641 τοῖς
921 3577 1154 3649 κήρυξιν
1187 3578 1338 3630 οὐδὲν
1386 3578 1684 3649 περιφανὲς
1721 3578 1892 3649 ὁρῶν-

301 3685 397 3732 τες
423 3667 543 3722 οὐδὲ
569 3670 611 3700 ⁸⁷
643 3669 1027 3743 περίϐλεπτον,
1054 3669 1194 3722 ἀλλὰ
1218 3668 1463 3737 γλώττας
1497 3669 1808 3731 άλιευτικάς
1829 3686 1888 3721 τε

303 3764 401 3815 καὶ
435 3762 831 3832 σκυτοτομικὰς
865 3762 958 3814 καὶ
990 3760 1180 3814 πενίαν
1209 3762 1446 3832 ἐσχάτην
1481 3760 1622 3832 (οὐδὲ
1649 3760 1756 3828 γὰρ
1789 3759 1891 3829 τῆς

301 3853 612 3921 άναγκαίας
649 3852 929 3924 ηὐπόρουν
955 3854 1165 3924 τροφῆς
1189 3869 1203 3883 ο
1241 3853 1405 3906 πόθεν
1437 3852 1548 3922 γὰρ
1585 3851 1647 3922 δὴ
1673 3852 1717 3883 ¹⁸
1758 3849 1890 3904 ταύ-

301 3960 405 4012 την
446 3939 612 4013 εἶχον,
650 3944 704 3996 οἶ
731 3961 794 4012 γε
844 3945 937 3996 καὶ
983 3943 1045 3996 τὸ
1077 3946 1347 4014 μεριμνᾷν
1388 3945 1520 4023 περὶ
1562 3943 1663 4013 τῆς
1700 3942 1890 4013 αὗριον

303 4032 462 4102 νόμῳ
483 4032 901 4102 κεκωλυμένοι),
928 4031 988 4084 ού
1014 4031 1175 4097 μόνον
1195 4034 1310 4094 τοῖς
1320 4031 1632 4101 λεγομένοις
1649 4032 1890 4084 ἐπίστευσ

306 4140 431 4188 σαν,
463 4124 598 4178 ἀλλὰ
629 4127 724 4178 καὶ
753 4124 862 4178 τῶν
895 4127 1026 4196 παρ’
1054 4124 1238 4186 αὐτοῖς
1286 4123 1719 4193 πολιτευομένων
1758 4140 1890 4177 κατ-

303 4215 614 4288 εφρόνησαν
643 4217 846 4286 νόμων,
898 4215 1127 4269 καὶτῶν
1172 4214 1309 4269 ἐθῶν
1350 4215 1459 4268 τῶν
1492 4213 1760 4286 πατρῴων
1803 4215 1891 4279 ἰξ-

306 4309 566 4378 έστησαν,
600 4310 692 4360 καὶ
738 4307 876 4377 μετὰ
927 4307 1190 4361 κινδύνων
1237 4309 1330 4360 καὶ
1366 4307 1523 4360 αὐτοὶ
1569 4305 1661 4381 τὸν
1703 4305 1890 4360 λοιπὸν

304 4402 544 4456 ἐϐίωσαν
572 4402 786 4471 χρόνον,
817 4401 1016 4470 ὁμοίως
1048 4403 1147 4472 μὲν
1177 4403 1292 4464 τοῖς
1315 4400 1653 4462 διδασκάλοις
1682 4399 1888 4472 κηρύτ-

1992 582 2174 652 justos
2202 590 2260 637 et
2291 583 2525 654 injustas
2549 592 2599 636 ιι.
2638 601 2656 632 ι
2693 582 2761 636 Ει
2799 597 2925 636 cum
2965 581 3033 637 de
3061 581 3394 651 iuramentis
3436 580 3586 652 leges

1998 678 2281 737 statueret,
2319 673 2436 742 ipsa
2477 674 2645 728 etiam
2685 675 2999 744 juramenta
3039 687 3269 742 prorsus
3316 672 3582 736 inhibuit,

1997 764 2131 817 satis
2168 779 2288 818 esse
2305 763 2492 819 dicens
2518 765 2588 818 ad
2627 780 2688 818 ea
2715 764 3094 818 conﬁrmanda
3117 779 3242 834 quae
3274 764 3582 818 dicuntur:
3659 808 3663 811 ς

2005 871 2024 903 ι
2057 853 2155 907 Est
2175 863 2231 908 et
2269 855 2391 910 Non
2423 864 2508 910 est
2538 865 2586 908 ν.
2616 875 2634 906 ι
2675 856 2979 923 Pauperem
3010 870 3229 925 quoque
3250 856 3419 908 vitam
3453 870 3586 924 per-

1996 933 2354 1001 fectissimam
2371 962 2490 1002 esse
2508 947 2909 1017 pronuntiavit.
2943 966 2960 997 ι
2986 945 3087 1012 Qui
3105 947 3252 1000 enim
3275 947 3478 1018 (inquit
3511 949 3581 1014 ι),

1997 1054 2108 1093 non
2150 1038 2552 1093 renuntiaverit
2596 1039 2853 1093 omnibus
2896 1039 3058 1092 bonis
3084 1037 3222 1103 suis,
3266 1052 3377 1091 non
3403 1046 3584 1107 potest

1995 1145 2151 1184 meus
2193 1145 2312 1184 esse
2347 1129 2651 1199 discipulus
2683 1138 2730 1179 ι.
2756 1148 2774 1178 ›
2815 1128 2884 1181 Ει
2910 1137 3112 1190 tamen,
3142 1143 3266 1181 cum
3307 1127 3446 1180 adeo
3485 1143 3585 1182 ex-

1995 1230 2178 1276 actum
2201 1222 2326 1276 vitae
2347 1236 2522 1291 genus
2538 1221 2873 1283 institueret,
2899 1219 3039 1273 nihil
3064 1219 3410 1278 delectabile,
3445 1217 3585 1272 nihil

1992 1312 2297 1384 jucundum
2341 1313 2394 1365 in
2441 1313 2545 1366 hac
2588 1312 2696 1365 vita
2749 1327 2807 1365 se
2846 1311 3107 1364 daturum
3151 1309 3447 1378 promisit:
3486 1307 3583 1363 sed

1995 1410 2396 1471 paupertatem,
2437 1413 2493 1455 et
2541 1401 2843 1464 miseriam,
2883 1407 2941 1454 et
2982 1397 3367 1460 contumelias,
3396 1406 3453 1451 et
3483 1397 3583 1452 lla-

1994 1507 2111 1562 gra,
2141 1491 2542 1561 etmultiplices
2571 1492 2913 1546 vexationes.
2958 1510 2976 1540 ‹
3015 1489 3074 1543 ln
3113 1489 3342 1550 mundo,
3382 1489 3582 1557 inquit,

1994 1599 2308 1653 pressuram
2333 1583 2611 1638 habebitis
2638 1593 2687 1637 γ.
2728 1603 2746 1634 ›
2777 1583 2880 1637 Et:
2918 1600 2936 1632 ι
2970 1580 3122 1635 Beati
3165 1580 3301 1633 estis
3325 1593 3451 1634 cum
3476 1593 3587 1632 ma-

1995 1673 2289 1727 ledixerint
2308 1673 2488 1738 vobis,
2530 1684 2586 1728 et
2625 1673 2903 1742 persecuti
2937 1663 3037 1725 vos
3070 1670 3301 1732 fuerint,
3342 1676 3400 1722 et
3431 1667 3587 1722 dixe-

1997 1763 2110 1816 rint
2148 1777 2311 1817 omne
2338 1763 2544 1816 malum
2581 1764 2745 1837 947
2781 1763 3047 1816 adversus
3077 1775 3197 1825 vos,
3227 1760 3580 1824 mentientes,

1995 1864 2222 1924 propter
2237 1870 2346 1909 me.
2377 1854 2623 1910 Gaudete
2665 1864 2720 1910 et
2749 1855 3040 1917 exsultate,
3071 1852 3334 1922 quoniam
3368 1865 3585 1906 merces

1996 1953 2178 2000 vestra
2229 1946 2404 2000 multa
2434 1956 2517 2001 est
2551 1946 2609 2000 in
2661 1946 2815 2001 ccelis
2839 1955 2882 1999 ε.
2917 1964 2935 1997 ι
2980 1945 3049 2000 Ει
3091 1944 3313 1999 labores
3337 1941 3583 2013 quidem

1995 2034 2354 2104 periculaque
2389 2035 2631 2090 ostendit
2656 2053 2670 2088 :
2699 2033 2922 2105 praemia
2957 2050 3088 2089 vero
3120 2043 3178 2089 et
3207 2048 3441 2089 coronas
3457 2042 3585 2103 post

1994 2124 2121 2180 vita:
2153 2109 2330 2179 linem,
2371 2141 2430 2180 se
2468 2127 2729 2180 daturum
2761 2127 3037 2195 promisit.
3083 2127 3150 2180 Et
3185 2126 3294 2180 alio
3346 2125 3404 2180 in
3457 2126 3583 2180 loco

1994 2216 2073 2270 ait
2109 2233 2121 2269 :
2167 2234 2185 2267 ι
2214 2215 2272 2270 Si
2303 2231 2390 2271 me
2430 2217 2708 2287 persecuti
2741 2228 2892 2278 sunt,
2923 2225 2982 2271 et
3011 2231 3112 2273 vos
3151 2222 3578 2289 persequentur.

2097 2322 2407 2362 sermonem
2447 2323 2632 2363 meum
2671 2318 2994 2373 servarunt,
3032 2318 3088 2364 et
3117 2318 3363 2365 vestrum
3394 2325 3582 2366 serva-

1993 2397 2135 2453 bunt
2165 2411 2216 2452 ι.
2256 2419 2274 2450 ι
2323 2399 2394 2454 Ει
2438 2414 2634 2454 rursus
2693 2417 2706 2453 :
2753 2419 2771 2450 ‹
2819 2399 2876 2454 Si
2907 2399 3196 2454 dominum
3241 2409 3583 2458 vocaverunt

1992 2487 2326 2555 Beelzebub,
2359 2497 2568 2560 quanto
2599 2490 2773 2560 magis
2794 2489 3129 2545 domesticos
3153 2490 3274 2561 ejus
3297 2490 3364 2543 b?
3393 2508 3414 2542 ι

2064 2671 2236 2741 Leges
2279 2671 2465 2740 itaque
2511 2679 2640 2728 sunt
2677 2671 3016 2743 hujusmodi.
3055 2670 3294 2742 Equum
3333 2687 3467 2728 vero
3499 2684 3586 2729 est

1993 2767 2054 2814 ut
2077 2760 2298 2816 divinos
2355 2760 2479 2815 illos
2533 2761 2685 2815 viros
2729 2761 3100 2826 admiremur,
3136 2777 3343 2831 eosque
3386 2761 3599 2821 itidem.

1991 2851 2086 2920 qui
2113 2851 2222 2905 illis
2242 2851 2617 2906 crediderunt.
2652 2851 2736 2906 llli
2766 2853 2914 2906 enim
2952 2853 3050 2907 has
3073 2853 3221 2923 leges
3241 2867 3368 2908 cum
3399 2853 3585 2909 audiss-

1992 2950 2135 3003 sent,
2163 2949 2220 2996 et
2271 2956 2450 3011 neque
2509 2942 2751 3007 divitias,
2787 2959 2971 3013 neque
3020 2947 3350 3015 potentiam,
3400 2961 3584 3015 neque

1992 3031 2241 3101 corporis
2272 3032 2446 3085 robur
2474 3047 2505 3086 a
2545 3040 2778 3087 vocante
2823 3035 3192 3103 accepissent,
3255 3034 3353 3089 sed
3378 3035 3580 3104 longis,

1993 3131 2050 3178 et
2095 3137 2282 3178 rerum
2333 3138 2460 3192 quae
2517 3138 2630 3177 non
2681 3124 3078 3187 cernebantur,
3119 3126 3586 3194 promissionibus

1994 3212 2159 3269 ﬁdem
2185 3213 2476 3277 haberent,
2503 3213 2797 3268 etlabores
2817 3215 3056 3283 amplexi
3083 3224 3232 3280 sunt,
3256 3222 3314 3269 et
3337 3216 3586 3285 pericula

1993 3305 2322 3359 tolerarunt.
2350 3306 2464 3370 “,et
2487 3313 2689 3360 terram
2725 3316 3080 3375 peragrantes
3109 3307 3425 3362 doctrinam
3451 3323 3586 3378 gen-

1993 3398 2147 3454 tibus
2161 3397 2506 3453 detulerunt.
2528 3399 2650 3454 Non
2674 3399 2858 3454 minus
2871 3408 3053 3453 autem
3067 3407 3124 3461 et
3136 3415 3232 3455 eos
3259 3400 3473 3455 laudari
3484 3416 3586 3470 par

1993 3501 2097 3554 est,
2124 3493 2219 3560 qui
2248 3498 2617 3560 susceperunt
2652 3507 2665 3542 :
2697 3490 2848 3558 quod
2877 3490 3019 3544 nihil
3049 3490 3284 3557 illustre,
3330 3492 3584 3562 nihilque

1994 3584 2354 3652 conspicuum
2391 3583 2446 3636 in
2473 3582 2826 3652 praeconibus
2853 3591 3169 3647 cernentes,
3194 3582 3293 3638 sed
3343 3583 3585 3653 piscato-

1992 3689 2116 3727 rum
2146 3683 2511 3740 sutorumque
2559 3672 2797 3741 linguas,
2858 3687 3243 3742 summamque
3281 3681 3585 3742 egestatem
3691 3731 3694 3735 ,

1994 3762 2221 3832 (quippe
2245 3763 2341 3832 qui
2368 3778 2472 3816 nec
2497 3762 2565 3816 ad
2596 3764 2804 3816 victum
2829 3765 3160 3817 necessariis
3181 3763 3580 3818 abundabant:

1994 3853 2140 3908 unde
2166 3853 2322 3907 enim
2353 3852 2646 3915 haberent,
2679 3851 2775 3921 qui
2803 3852 3046 3922 cogitare
3076 3852 3144 3906 de
3175 3853 3420 3906 crastino
3456 3869 3586 3924 pro-

1993 3946 2154 4000 hibiti
2177 3951 2336 4001 erant
2363 3942 2436 4011 ε),
2464 3959 2575 3998 non
2595 3944 2775 3998 solum
2829 3943 2897 3998 iis
2924 3959 3047 4012 qua:
3093 3943 3423 3997 dicebantur
3460 3959 3584 3999 cre-

1992 4038 2274 4101 diderunt,
2301 4037 2398 4091 sed
2424 4037 2596 4106 leges,
2624 4035 2832 4105 quibus
2873 4037 2940 4089 ad
2966 4049 3088 4088 eam
3137 4034 3284 4090 diem
3308 4036 3584 4103 vixerant,

1992 4136 2466 4197 contempserunt,
2498 4137 2555 4182 et
2584 4128 2793 4196 patrios
2821 4127 2989 4199 958
3019 4141 3208 4204 mores
3228 4127 3583 4192 abdicarunt,

1993 4229 2198 4275 etcum
2229 4220 2493 4290 periculis
2522 4220 2625 4289 ipsi
2655 4235 2878 4290 quoque
2911 4219 3178 4288 reliquam
3206 4219 3373 4273 vitam
3415 4218 3588 4274 duxe-

1993 4321 2142 4376 runt,
2171 4313 2289 4381 pari
2321 4311 2484 4366 modo
2502 4328 2628 4366 cum
2649 4312 2929 4382 magistris
2951 4311 3332 4381 praedicantes,
3355 4311 3586 4381 parique

1993 4402 2156 4457 modo
2171 4402 2438 4457 conviciis
2449 4403 2768 4458 etludibriis
2779 4403 2957 4457 affecti
2969 4411 3043 4466 ,et
3057 4419 3156 4472 per
3172 4403 3396 4457 eosdem
3414 4400 3587 4490 turbi-I

304 4509 511 4557 τοντες,
550 4494 752 4561 ὁμοίως
783 4493 842 4546 δὲ
879 4492 1298 4563 παροινούμενοι
1337 4493 1433 4546 καὶ
1481 4492 1888 4563 προπηλακιζό-

1994 4507 2092 4547 nes
2123 4491 2432 4562 ﬂuctusque
2474 4491 2815 4546 incedentes.
2858 4493 3030 4546 Tanta
3055 4499 3238 4546 autem
3260 4492 3317 4546 in
3350 4478 3586 4546 venerai

307 4600 484 4655 μενοι,
512 4584 610 4636 καὶ
643 4582 734 4636 διὰ
765 4576 876 4636 τῶν
909 4584 1042 4636 ῐσων
1063 4583 1375 4637 κλυδωνίων
1405 4585 1705 4648 ὁδεύοντες.
1754 4585 1890 4638 Τοσ-

304 4674 499 4743 οῇτοη
519 4673 578 4727 δὲ
599 4673 764 4736 σέϐας
800 4673 911 4727 τῶν
947 4674 1106 4744 μέχρι
1131 4673 1364 4729 θανάτου
1394 4676 1890 4730 κεκινδυνευκότων

305 4758 404 4819 καὶ
436 4759 584 4834 εἶχον
611 4765 828 4829 ἐκεῖνοι,
861 4763 956 4817 καὶ
996 4763 1095 4833 μὲν
1141 4763 1204 4834 δὴ
1247 4765 1341 4817 καὶ
1370 4764 1583 4834 ἔχουσιν
1628 4765 1888 4831 ἅπαντες,

306 4856 384 4916 ὡς
416 4855 516 4918 τᾶς
546 4855 770 4908 ἐκείνων
793 4853 907 4925 ιγε]
922 4854 969 4886 ⁸⁵
995 4853 1166 4925 θήκας
1191 4854 1550 4929 [θησαυροὺς]
1569 4858 1614 4888 ³⁸
1648 4856 1893 4927 ὑπολαμ-

306 4946 493 5001 ϐάνειν
546 4945 770 5014 ἀγαθῶν
819 4944 1175 4999 παντοδαπῶν
1223 4944 1513 5015 χορηγούς.
1589 4947 1891 5019 Ἀθρήσατε

378 5104 408 5132 “
432 5100 568 5156 ibid.
598 5101 686 5156 45.
763 5107 790 5137 '
819 5099 956 5154 ibid.
991 5099 1079 5155 37.

308 5186 365 5236 ι,
388 5169 479 5226 25.
560 5180 584 5210 ι
608 5170 798 5226 Matth.
830 5185 906 5236 vr,
926 5169 1017 5226 δι.

1997 4585 2147 4640 tione
2172 4585 2296 4640 illos
2318 4585 2411 4655 qui
2437 4585 2506 4639 ad
2539 4591 2777 4638 mortem
2806 4598 2985 4653 usque
3013 4585 3069 4638 in
3087 4582 3354 4652 periculis
3378 4583 3583 4641 versati

1992 4683 2142 4734 sunt.
2157 4685 2213 4732 et
2231 4676 2545 4731 habuerunt
2569 4675 2730 4739 illi,et
2753 4673 2959 4729 habent
2973 4675 3175 4743 passim
3198 4681 3479 4738 omnes,ut
3494 4690 3590 4730 eo-

1995 4785 2116 4823 rum
2134 4769 2347 4823 loculos
2368 4767 2659 4822 thesauros
2686 4781 2809 4820 esse
2832 4772 3049 4835 putent,
3074 4765 3222 4819 unde
3246 4765 3389 4820 bona
3405 4766 3587 4820 omnia

1995 4857 2344 4917 deriventur.
2372 4856 2581 4927 Legum
2607 4870 2740 4925 ergo
2769 4855 2998 4910 istarum
3035 4856 3362 4924 potentiam,
3389 4873 3423 4910 ο
3454 4856 3585 4915 viri.

1997 4950 2312 5020 perspicite.
2361 4948 2471 5005 llas
2498 4950 2649 5004 enim
2679 4961 2736 5002 et
2784 4947 3040 5011 Romani,
3071 4957 3129 5002 et
3156 4947 3356 5012 Persae,
3387 4955 3445 5002 et
3492 4949 3588 5016 qui

1159 5113 1184 5140 ι
1219 5099 1353 5154 Luc.
1387 5117 1496 5167 XIV,
1531 5101 1619 5157 53.
1697 5110 1727 5150 1
1765 5103 1923 5158 Joan.
1948 5119 2057 5169 xvr,
2081 5105 2168 5160 35.
2208 5113 2232 5140 ι
2269 5102 2459 5158 Matth.
2485 5121 2540 5168 v,
2571 5103 2658 5166 ll,
2686 5103 2771 5160 12.
2851 5113 2876 5145 ι
2907 5103 3063 5167 Joan,
3084 5119 3178 5170 xv,
3201 5101 3289 5158 20.
3339 5101 3369 5143 ι
3394 5100 3586 5156 Matth.

1625 5282 1863 5339 VARUE
1903 5283 2309 5344 LECTIONES.

385 5456 406 5488 '
434 5456 700 5526 ἀποχρῆν.
739 5454 1045 5526 ᾀποχρῆναι
1070 5454 1163 5526 _Va.
1266 5454 1287 5485 ⁸
1316 5453 1508 5526 οὕτως,
1535 5448 1689 5526 οὗτος
1715 5455 1778 5510 C.

315 5529 338 5559 ν
383 5524 700 5594 ψευδόμενοι
735 5524 922 5594 ἕνεκεν
965 5524 1121 5594 ἐμοῦ.
1153 5525 1340 5577 ἕνεκεν
1385 5525 1518 5594 ἐμοῦ

302 5592 478 5658 τέλος.
531 5592 670 5663 μετὰ
719 5592 813 5646 τοῦ
862 5593 979 5664 βίου
1001 5592 1072 5664 rh
1113 5594 1268 5664 τέλος
1303 5594 1364 5656 Β,
1411 5592 1502 5649 Va.

314 5667 357 5698 "
384 5662 678 5726 οἰκιακούς.
705 5662 1013 5726 οἰκειακοῖις
1041 5662 1102 5717 C.
1127 5663 1221 5732 qui
1257 5663 1400 5718 infra
1442 5680 1554 5718 om.
1595 5666 1724 5730 γάρ.

313 5734 575 5788 κινδύνων
614 5735 717 5790 γι).
816 5734 859 5764 ⁸⁸
888 5739 1286 5803 προσήνεγκαν.
1316 5737 1624 5803 έπήνεγκαν
1647 5735 1750 5789 Vb.

1873 5456 2006 5528 ’τὸν
2028 5471 2139 5528 om.
2186 5456 2370 5528 Β.ντοι
2415 5470 2515 5528 pro
2558 5473 2612 5528 τι
2659 5453 2728 5528 C.

1568 5525 1885 5596 ψευδόμενοι
1916 5527 1975 5580 Β.
2081 5527 2123 5557 ¹⁰
2153 5526 2391 5591 ἐπέδειξε

1621 5596 1663 5626 ¹¹
1696 5596 1796 5659 ἔμε
1838 5595 2081 5659 ἐδίωξαν.
2132 5595 2229 5659 ἔμε
2263 5597 2311 5658 δ.
2350 5597 2391 5649 Β

1729 5614 1796 5663 με
1838 5614 2081 5659 εοεωςαν.
2132 5614 2229 5664 εμε
2263 5614 2311 5658 ο.
2350 5614 2410 5649 υ.
2515 5614 2559 5627 ι·
2598 5614 2885 5648 excaecat).
2937 5614 3338 5646 επεκαιεσαντο
3383 5614 3444 5655 n,
3497 5614 3586 5648 va.

1803 5666 1845 5696 ³⁵
1873 5667 2187 5732 ἠσπάσαντο
2209 5667 2302 5719 καὶ
2327 5668 2453 5727 τοὺς
2477 5665 2755 5728 κινδύνους
2791 5665 2888 5719 να.
2919 5663 3340 5732 κατησπάσαντο
3361 5665 3458 5716 ,καὶ
3482 5663 3590 5715 τῶν

1853 5735 1895 5765 ¹⁷
1925 5737 2067 5808 ούδέ.
2092 5736 2246 5808 οὐδὲν
2423 5737 2465 5770 ³⁸
2493 5737 2576 5808 δή.
2605 5736 2708 5806 leg.
2735 5735 2819 5790 ἄν.

2832 5453 2854 5487 ⁸
2884 5452 3169 5525 λοιδορίαν.
3211 5451 3494 5525 λοιδορίαςῄ
3521 5452 3587 5510 Β.

2081 5527 2123 5557 ¹⁰
2153 5523 2432 5591 ὲπέδειξεῘ
2463 5523 2711 5590 ὑπέδειξε
2750 5525 2851 5580 Vb.
2974 5524 3015 5553 “
3051 5525 3189 5592 μετὰ
3230 5525 3290 5576 τὸ
3332 5523 3422 5577 τοῦ
3474 5523 3589 5594 βίου

2514 5597 2559 5627 ¹³
2598 5594 2885 5648 ἐκάλεσαν.
2937 5594 3338 5646 ἐπεκαλέσαντο
3383 5594 3444 5655 Β,
3487 5594 3586 5648 Va.

2929 5734 2973 5766 η
3001 5733 3253 5787 τοσοῦτον
3285 5733 3380 5788 Va.
3425 5734 3590 5798 σέϐας

312 5805 396 5861 Vb
423 5813 546 5876 post
585 5801 1090 5860 κεκινδυνευκόταν.
1167 5805 1211 5835 ²⁰
1236 5801 1342 5876 [γε]
1383 5801 1472 5858 om
1499 5805 1562 5860 C.
1635 5806 1677 5836 ³³
1707 5805 2014 5876 θησαυροὺς
2042 5820 2150 5861 om.
2178 5805 2238 5873 B,
2272 5806 2366 5862 Va.
