4088 6318
622 354 755 421 1079
1608 357 2086 417 TIIEODORETI
2130 353 2464 414 EPISCOPI
2504 348 2866 413 CYRENSIS
3729 335 3890 419 1080

617 476 810 539 ξαντες
848 471 940 540 καὶ
978 463 1138 542 εὗρον
1171 473 1264 527 καὶ
1289 475 1308 505 ³
1349 473 1654 543 προῦθεσαν
1693 477 1750 527 ἐν
1776 477 1893 538 ταῖς
1939 475 2220 543 -ἀγοραῖςο
2265 473 2404 526 ὥστε
2436 473 2527 528 καὶ
2563 471 2714 542 παρὰ
2759 466 3036 537 γυναικῶν
3079 465 3172 518 καὶ
3235 459 3538 531 μειρακίων
3589 453 3892 524 κωμιιῆεἶο

617 566 743 618 σθαι
773 566 897 628 τοὺς
937 566 1307 635 καλουμένους
1339 568 1513 630 θεούς.
1549 568 1630 621 Τὰ
1671 570 1768 638 μὲν
1800 571 1908 640 γὰρ
1941 567 2187 638 ἑρπετῶν
2225 562 2314 636 ἦν,
2340 569 2408 620 τὰ
2435 566 2491 619 δέ
2521 563 2869 636 τετραπόδων
2940 559 3270 629 ίνδάλματα·
3327 555 3431 648 ήδη
3547 549 3644 603 καὶ
3671 562 3892 648 γυκτξ·

617 657 779 727 ρίδων
806 657 899 711 καὶ
925 657 1100 727 μυιῶν
1120 660 1431 729 εἰκάσματα
1478 662 1912 730 προσεκύνησαν.
1970 661 2081 714 Καὶ
2119 659 2258 713 αὐτὰ
2300 659 2399 729 μὶν
2428 658 2712 729 ἀναιροῦσι
2750 656 2818 709 τὰ
2871 653 3018 717 ζῶα·
3059 653 3186 730 τοὺς
3226 650 3378 717 ὀφεις
3414 645 3560 710 λέγω
3597 641 3695 692 καὶ
3743 641 3893 694 τσὺς

616 751 908 820 σκορπίους
939 754 1033 805 καὶ
1073 753 1171 816 τὰς
1203 753 1364 818 μυίας
1396 754 1441 786 ¹⁹
1485 755 1578 808 καὶ
1618 756 1966 826 νυκτερίδας·
2015 754 2084 807 τὰ
2123 753 2180 806 δέ
2217 753 2424 806 τούτων
2453 752 2765 806 ἐθεοποίουν
2802 749 3121 820 μιμήματα.

682 846 883 901 Verum
913 848 980 902 de
1015 847 1100 902 bis
1128 847 1260 902 satis
1287 849 1458 904 multa
1496 851 1606 920 jam
1640 849 1898 904 diximus.
1943 849 2187 903 Aliarum

2375 848 2536 900 Ἀλλὰ
2567 846 2774 898 τούτων
2813 842 2944 912 πέρι
2989 838 3218 899 πολλοὺς
3255 833 3356 906 ἤδη
3387 829 3750 900 διεξήλθομεν
3785 826 3890 920 λό-

615 937 796 1006 itaque
840 939 1256 1007 praedictionum
1305 917 1594 995 veritatem
1640 941 2013 1010 inspiciamus.
2045 940 2184 995 Sunt

2300 955 2448 1005 γουςο
2479 938 2586 989 τῶν
2607 936 2783 990 ἄλλων
2810 935 2849 965 ⁸³
2879 928 2972 985 οὖν
3009 927 3274 1001 χρησμῶν
3315 917 3892 1023 καταμάθωμενητὴῗ

611 1036 792 1082 autem
828 1029 942 1082 haec
970 1029 1134 1084 etiam
1167 1029 1412 1100 ejusdem
1449 1008 1745 1100 prophetas—
1759 1031 1964 1086 verba:
2007 1050 2024 1082 ι
2060 1030 2186 1084 Haec

2300 1030 2566 1099 ἱλήθειαν.
2616 1026 2723 1080 Τοῦ
2770 1026 2824 1078 δὲ
2862 1022 3027 1078 αὐτοῦ
3072 1021 3351 1089 προφήτου
3394 1016 3488 1068 καὶ
3525 1011 3700 1066 ταῦτα
3728 1008 3890 1100 "ita

611 1119 747 1172 dicit
770 1119 1033 1175 Dominus
1059 1121 1444 1176 Deuslsraelis
1477 1139 1491 1173 :
1517 1122 1614 1176 Die
1632 1122 1724 1175 illo
1748 1122 1983 1176 confidet
2021 1121 2185 1174 homo

613 1207 669 1260 in
705 1222 772 1260 eo
799 1208 893 1276 qui
930 1207 1062 1262 fecit
1091 1224 1217 1263 eum
1251 1227 1261 1261 :
1291 1208 1432 1262 oculi
1463 1224 1594 1263 vero
1628 1210 1747 1278 ejus
1780 1209 1846 1262 ad
1880 1208 2138 1263 Sanctum
2169 1211 2185 1228 '

611 1295 829 1352 lsraelis
873 1299 1190 1367 respicient.
1242 1299 1430 1369 Neque
1472 1299 1749 1354 conﬁdent
1798 1300 1864 1356 in
1896 1299 2183 1362 altaribus,

613 1401 794 1456 neque
841 1387 896 1442 in
926 1389 1185 1457 cperibus
1209 1405 1468 1444 manuum
1513 1405 1756 1454 suarum,
1797 1400 1854 1444 et
1886 1404 2007 1457 qua:
2041 1388 2186 1442 fece-

614 1486 747 1532 runt
776 1477 930 1547 digiti
958 1480 1221 1547 ipsorum.
1263 1479 1450 1548 Neque
1479 1480 1712 1548 amplius
1741 1478 2006 1534 videbunt
2029 1479 2191 1531 arbo-

613 1582 734 1630 res,
771 1583 949 1638 neque
996 1569 1435 1624 abominationes
1485 1572 1677 1624 suasi.
1711 1589 1730 1622 ι
1779 1569 1906 1624 Haec
1950 1569 2099 1623 mille
2127 1584 2191 1623 ac

612 1657 1072 1728 pluribus‘annis
1119 1669 1245 1714 ante
1273 1658 1526 1728 praedixit
1572 1659 1857 1730 propheta,
1889 1676 2054 1730 quam
2102 1675 2194 1713 rc-

611 1753 805 1816 gnaret
847 1745 1274 1813 Constantinus,
1312 1761 1435 1818 post
1473 1749 1630 1820 cujus
1656 1765 1882 1820 regnum
1915 1750 2192 1805 destructa

613 1847 745 1892 sunt
779 1835 1090 1891 daemonum
1123 1837 1376 1891 delubra.
1414 1837 1520 1892 Sed
1554 1839 1638 1891 vir
1660 1839 1773 1893 Deo
1794 1839 1989 1909 plenus
2019 1840 2191 1893 multo

614 1933 744 1982 ante
767 1927 921 1980 velut
949 1942 1188 1996 praesens
1214 1943 1277 1981 ea
1302 1929 1579 1992 cernebat,
1608 1937 1663 1982 et
1694 1938 1844 1982 tanto
1873 1938 1995 1998 post
2018 1930 2194 1998 spatio

613 2024 877 2071 eventura
911 2015 1259 2084 praedicebat.
1287 2016 1594 2071 Dodonaeus
1612 2032 1742 2071 vero
1767 2025 1824 2072 et
1843 2017 2094 2088 Pythius,
2123 2034 2194 2074 ne

614 2119 680 2160 ea
742 2104 964 2174 quidem
988 2121 1109 2174 qua:
1168 2111 1292 2174 post
1352 2114 1464 2160 tres
1517 2122 1732 2162 menses
1777 2107 1962 2162 futura
2008 2117 2188 2174 erant,

2291 1121 2538 1189 ῥήματαο
2581 1136 2599 1168 ι
2641 1116 2780 1170 Τάδε
2817 1115 2967 1182 λέγει
3008 1111 3210 1180 Κύριος
3251 1110 3279 1160 ὁ
3323 1105 3454 1167 Θεὸς
3488 1100 3632 1175 [τοῦ]
3673 1101 3716 1132 ⁸⁸
3769 1099 3889 1150 Ἰσ-

2291 1210 2431 1280 ραήλ
2455 1225 2467 1238 ·
2501 1209 2579 1278 Τῇ
2621 1208 2804 1278 ἡμέρᾳ
2845 1205 3028 1274 ἐκείνῃ
3060 1197 3336 1290 πεποιθῲς
3366 1196 3544 1290 ,ἐσται-
3577 1191 3888 1290 ἄνθραιπξς

2292 1300 2430 1374 [ἐπὶ]
2458 1301 2534 1370 τῷ
2564 1301 2849 1369 ποιήσαντι
2875 1293 3039 1350 αὐτόν
3059 1310 3072 1323 ·
3115 1280 3165 1345 οί
3203 1290 3258 1342 δέ
3287 1285 3556 1356 ὀφθαλμοὶ
3587 1280 3760 1374 αὐτοῦ
3801 1280 3889 1339 είς

2290 1394 2381 1446 τὸν
2403 1372 2557 1458 αγιον
2584 1389 2676 1443 τοῦ
2725 1387 2941 1458 Ἰσραὴλ
2980 1383 3360 1454 ἐμϐλέψονται.
3402 1377 3513 1431 Καὶ
3550 1376 3612 1427 ού
3667 1372 3744 1442 μὴ
3779 1385 3887 1421 πε-

2293 1485 2544 1547 ποιθότες
2575 1477 2706 1536 ὦσιν
2738 1481 2830 1532 ἐπὶ
2859 1481 2968 1540 τοῖς
2996 1476 3219 1554 βωμοῖς,
3257 1471 3378 1525 οὐδὲ
3421 1468 3513 1520 ἐπὶ
3545 1467 3662 1527 τοῖς
3691 1463 3889 1554 ἔργοις

2291 1575 2401 1628 τῶν
2430 1574 2630 1645 χειρῶν
2664 1570 2865 1633 αὐτῶν,
2891 1569 2927 1623 ἃ
2955 1567 3219 1635 ἐποίησαν
3248 1564 3298 1615 οἱ
3342 1558 3596 1614 δάκτυλοι
3647 1553 3844 1608 αὐτῶν
3866 1566 3882 1578 ⁸

2293 1668 2386 1719 καὶ
2413 1665 2598 1718 οὐκέτι
2623 1664 2845 1731 ὄψονται
2885 1659 2954 1712 τὰ
2980 1657 3195 1727 δένδρα,
3248 1651 3368 1705 οὐδὲ
3417 1648 3483 1702 τὰ
3521 1645 3885 1717 βδελύγματα

2292 1757 2491 1810 αὐτῶν.
2531 1774 2548 1808 ι
2583 1753 2768 1807 Ταῦτα
2818 1750 2926 1822 πρὸ
2970 1747 3232 1801 πλειόνων
3264 1744 3297 1814 ἢ
3333 1741 3522 1812 χιλίων
3578 1735 3722 1789 ἐτῶν
3777 1735 3885 1802 τῆς

2293 1844 2705 1900 Κωνσταντίνου
2742 1839 3019 1911 βασιλείας
3046 1835 3454 1908 προηγόρευσεν
3485 1829 3514 1880 ὁ
3559 1825 3881 1896 προφήτης.

2298 1937 2414 2007 μεθ’
2448 1937 2512 2007 ἢν
2551 1936 2618 1988 τὰ
2663 1935 2772 1987 τῶν
2806 1931 3080 2002 δαιμόνων
3117 1923 3391 1992 κατελύθη
3439 1919 3666 1990 τεμένη·
3717 1912 3883 2007 Ἀλῖᾷ

2295 2004 2390 2082 καὶ
2416 2004 2698 2097 πόρρωθεν
2726 2026 2756 2078 ό
2787 2023 3044 2093 θεοφόρος
3073 2020 3214 2089 ἀνὴρ
3248 2017 3322 2079 ὡς
3359 2011 3554 2083 παρὼν
3596 2009 3750 2078 ἐώρα
3783 2004 3884 2057 καὶ

2298 2115 2565 2188 προύλεγε
2590 2114 2658 2168 τὰ
2683 2113 2820 2183 μετὰ
2846 2109 3101 2164 τοσοῦτον
3121 2107 3353 2176 ἐσόμενα
3381 2102 3574 2173 χρόνον
3593 2115 3607 2129 ο
3633 2101 3664 2151 ό
3693 2097 3752 2150 δὲ
3774 2098 3884 2148 Δω-

615 2202 879 2248 eventura
909 2194 1364 2262 pmnuntiarunt,
1404 2194 1500 2248 sed
1544 2196 1770 2262 incerta,
1796 2204 1853 2251 et
1890 2197 2001 2252 huc
2037 2199 2192 2253 illuc-

2300 2182 2523 2271 δωναῖος
2551 2206 2644 2258 καὶ
2727 2202 2927 2266 Πύθιος
2960 2201 3000 2233 ¹⁶
3038 2199 3158 2253 οὐδὲ
3179 2197 3248 2250 τὰ
3275 2193 3413 2266 μετὰ
3448 2193 3600 2264 τρεῖς
3637 2188 3884 2257 ἐσόμενα

615 2298 724 2353 que
752 2284 1033 2354 vergentia
1059 2286 1278 2340 oracula
1297 2285 1799 2356 969ediderunt.
1827 2287 2027 2344 Audite
2065 2304 2196 2343 vero

616 2382 808 2443 etquae
840 2381 1148 2443 sequuntur
1179 2394 1191 2428 :
1229 2395 1247 2426 ι
1280 2375 1695 2442 Convertimini,
1731 2379 1825 2448 qui
1861 2378 2194 2449 profundum

617 2463 903 2518 consilium
924 2465 1280 2537 iniquumque
1303 2468 1669 2533 eonsultastis,
1686 2469 1780 2523 ﬁlii
1801 2470 2035 2525 lsraelis.
2054 2469 2198 2536 Quo-

617 2553 764 2608 niam
785 2553 873 2608 die
903 2555 996 2609 illo
1027 2555 1279 2612 auferent
1306 2559 1557 2613 nomines
1587 2574 1754 2628 opera
1779 2574 2042 2614 manuum
2068 2575 2196 2614 sua-

619 2659 742 2697 rum
770 2654 1027 2716 argentea
1070 2654 1127 2701 et
1152 2663 1351 2712 aurea,
1382 2664 1504 2718 quae
1545 2648 1795 2704 fecerunt
1821 2665 2018 2705 manus
2045 2650 2195 2720 ipso-

620 2748 742 2787 rum
767 2732 780 2783 i
801 2776 812 2788 .
834 2753 852 2785 ›
876 2734 943 2789 Ει
959 2750 1187 2791 rursus:
1225 2755 1244 2787 ι
1276 2737 1389 2807 Ego
1404 2737 1550 2792 Deus
1564 2737 1796 2807 primus,
1817 2747 1873 2793 et
1889 2739 1947 2793 in
1966 2749 2196 2794 ventura

619 2833 870 2894 tempora
898 2841 998 2895 ego
1029 2842 1070 2881 s:
1145 2868 1172 2878 ..
1206 2827 1477 2882 Viderunt
1515 2836 1860 2898 megentes,
1892 2836 1947 2882 et
1994 2829 2194 2882 timue-

622 2926 770 2980 runt,
806 2924 863 2970 et
912 2927 1157 2972 extrema
1205 2928 1365 2974 terrae
1407 2921 1812 2989 obstupuerunt
1847 2939 1861 2974 :
1897 2921 2194 2990 appropin-

619 3019 929 3076 quaverunt
951 3018 1008 3062 et
1041 3019 1310 3063 venerunt
1331 3010 1512 3074 simul,
1543 3011 1796 3079 judicans
1817 3012 2195 3080 unusquisque

619 3098 871 3168 proximo
894 3106 950 3151 et
978 3099 1134 3152 fratri
1162 3114 1261 3154 suo
1285 3101 1554 3166 auxiliari,
1595 3110 1651 3156 et
1675 3101 1822 3156 dicet
1854 3120 1867 3154 :
1893 3103 2081 3156 Potuit
2111 3103 2197 3156 vir

617 3187 796 3252 faber,
814 3195 869 3242 et
889 3188 1153 3243 ferrarius
1172 3191 1470 3245 verberans
1490 3191 1704 3256 malleo,
1735 3191 1897 3246 simul
1926 3201 1983 3246 et
2003 3192 2196 3260 impel-

618 3279 757 3332 lens.
777 3279 1084 3348 Aliquando
1107 3281 1328 3349 quidem
1349 3282 1495 3336 dicet
1530 3301 1540 3334 :
1568 3280 1939 3337 Commissura
1967 3283 2195 3352 pulchra

620 3380 732 3434 est;
767 3371 1198 3425 corroborarunt
1223 3387 1344 3426 eam
1376 3373 1431 3426 in
1461 3373 1632 3429 clavis
1666 3392 1678 3426 :
1707 3382 1951 3428 statuent
1977 3390 2117 3440 eam,
2140 3384 2196 3430 et

620 3475 732 3515 non
761 3462 1071 3516 movebitur
1097 3463 1142 3516 ιι.
1176 3483 1195 3514 ι
1243 3464 1432 3533 Neque
1466 3466 1612 3519 enim
1647 3474 1792 3520 stare
1826 3477 2058 3535 possunt
2088 3469 2194 3521 nisi
2223 3501 2265 3556 ρ

623 3551 794 3605 clavis
827 3552 1038 3608 conﬁxa
1059 3554 1190 3618 sint,
1219 3569 1397 3623 neque
1423 3555 1705 3610 ambulare
1731 3556 1836 3610 nisi
1875 3561 1944 3612 ab
1967 3557 2091 3611 aliis
2115 3557 2197 3612 fe-

622 3651 838 3696 rantur.
875 3643 945 3697 Et
974 3643 1174 3698 iterum
1207 3661 1221 3696 :
1269 3663 1287 3695 ι
1321 3645 1489 3700 Jacob
1531 3661 1668 3714 puer
1703 3661 1878 3711 meus,
1905 3648 2201 3716 suscipiam

623 3749 751 3787 cum
783 3753 796 3787 :
833 3733 996 3788 Israel
1018 3735 1228 3790 electus
1261 3750 1435 3800 meus,
1467 3736 1678 3804 accepit
1704 3751 1830 3790 eum
1849 3737 2030 3790 anima
2057 3753 2199 3793 mea.

624 3824 760 3879 Dedi
787 3823 1052 3894 Spiritum
1073 3841 1257 3880 meum
1286 3841 1450 3895 super
1479 3827 1678 3895 ipsum,
1703 3834 1758 3880 et
1780 3827 2047 3896 judicium
2074 3843 2206 3898 gen-

625 3914 777 3968 tibus
807 3915 1000 3971 eﬂ‘eret
1034 3933 1048 3970 :
1089 3931 1200 3971 non
1223 3917 1499 3981 clamabit,
1522 3931 1700 3986 neque
1727 3918 1990 3985 remittet,
2023 3934 2205 3988 neque

626 4003 886 4059 audietur
918 4016 1073 4060 extra
1098 4023 1205 4060 vox
1251 4008 1444 4076 ipsius.
1484 4007 1766 4062 Calamum
1807 4008 2042 4064 fractum
2092 4026 2203 4066 non

625 4094 862 4165 franget,
897 4104 953 4150 et
989 4097 1161 4151 linum
1193 4097 1467 4168 fumigans
1490 4115 1599 4152 non
1641 4101 1989 4170 exstinguet:
2021 4101 2116 4156 sed
2147 4103 2204 4157 in

627 4186 916 4241 veritatem
940 4187 1412 4258 cﬂ‘eretjudiciu‘m
1440 4208 1452 4241 :
1478 4190 1808 4259 splendebit,
1833 4198 1888 4245 et
1913 4207 2021 4246 non
2039 4209 2204 4262 quas-

628 4277 874 4342 sabitur,
910 4279 1086 4333 donec
1112 4288 1280 4349 ponat
1316 4281 1372 4334 in
1403 4289 1550 4334 terra
1583 4280 1892 4350 judicium:
1927 4292 1984 4337 et
2021 4284 2076 4337 in
2103 4299 2207 4338 no-

632 4369 782 4424 mine
829 4368 976 4422 illius
1015 4378 1206 4439 gentes
1261 4371 1578 4439 sperabunt.
1633 4372 1711 4425 Ita
1762 4371 1894 4426 dicit
1944 4373 2209 4429 Dominus

632 4458 778 4513 Deus
802 4458 1041 4522 lsraelis,
1085 4459 1181 4529 qui
1208 4458 1339 4514 fecit
1386 4462 1606 4525 caelum,
1633 4461 1798 4532 970
1838 4471 1894 4516 et
1935 4465 2211 4535 compegit

634 4548 792 4613 illud,
817 4549 910 4617 qui
935 4547 1173 4602 ﬁrmavit
1204 4557 1428 4616 terram,
1457 4559 1515 4605 et
1553 4567 1676 4621 quae
1705 4552 1760 4606 in
1789 4552 1903 4620 ipsa
1936 4563 2084 4620 sunt,
2115 4557 2207 4625 qui

638 4639 791 4693 dedit
830 4639 1021 4693 ﬂatum
1048 4640 1252 4711 populo
1277 4641 1370 4710 qui
1401 4651 1483 4696 est
1511 4657 1676 4711 super
1699 4658 1842 4707 eam,
1875 4653 1931 4698 et
1954 4646 2206 4714 spiritum

637 4729 706 4783 iis
745 4729 840 4798 qui
882 4730 1096 4784 calcant
1137 4746 1278 4785 eam.
1323 4732 1436 4802 Ego
1463 4732 1726 4788 Dominus
1756 4736 1900 4790 Deus
1934 4737 2124 4790 vocavi
2156 4747 2206 4792 te

2301 2300 2477 2370 μῆνας
2512 2295 2852 2367 προειπὼιην
2891 2291 2967 2355 ὡς
3011 2289 3233 2360 ἔμελλεν
3276 2283 3528 2345 ἔσεσθαι,
3577 2277 3717 2332 ἀλλὰ
3751 2275 3880 2346 τῇδε

2299 2391 2523 2444 κάκεῖσε
2566 2385 2916 2457 κλινομένους
2957 2383 3199 2448 ἐδιδότην
3238 2380 3281 2412 ⁸⁸
3315 2374 3623 2448 χρησμούς,
3685 2371 3883 2423 Ἀκού.

2298 2497 2428 2533 σατε
2459 2479 2513 2531 δέ
2543 2479 2638 2532 καὶ
2675 2477 2782 2531 τῶν
2813 2476 2972 2545 ἐξῆς·
3030 2493 3048 2526 ι
3097 2471 3525 2542 Ἐπιστράφητε,
3553 2469 3602 2519 οἱ
3645 2465 3751 2534 τὴν
3777 2463 3878 2530 βα·

2297 2572 2446 2624 θείαν
2475 2568 2668 2641 βουλὴν
2707 2566 3086 2636 βουλευόμενοι
3114 2565 3159 2597 “
3206 2563 3302 2616 καὶ
3339 2561 3564 2628 ἄνομον,
3617 2556 3728 2608 υἱοὶ
3771 2555 3878 2605 Ἰσ-

2303 2660 2471 2730 ραήλ⁸
2522 2660 2603 2712 ὅτι
2641 2660 2707 2728 τῇ
2749 2656 2936 2727 ἡμέρᾳ
2973 2654 3158 2724 ἐκείνῃ
3200 2649 3528 2721 ἀφελοῦνται
3574 2647 3616 2678 ⁸⁷
3663 2643 3764 2716 [ot]
3785 2643 3880 2696 ἇν-

2299 2750 2506 2820 θρωποι
2553 2749 2622 2800 τὰ
2675 2744 3030 2816 χειροποίητα
3078 2740 3256 2794 αὐτῶν
3300 2740 3368 2792 τὰ
3414 2738 3636 2807 ἀργυρᾶ
3679 2736 3775 2787 καὶ
3809 2734 3878 2786 τὰ

2298 2837 2478 2908 χρυσᾶ
2504 2837 2570 2899 ¹⁸,
2597 2835 2633 2889 ἃ
2662 2833 2926 2903 ἐποίησαν
2955 2831 3013 2883 αῑ
3047 2832 3228 2901 χεῖρες
3251 2826 3450 2881 αὐτῶν.
3493 2846 3510 2877 ι
3540 2824 3652 2878 Καὶ
3689 2823 3874 2876 πάλιν·

2305 2948 2323 2978 ‹
2365 2926 2506 2994 Ἐγὼ
2551 2925 2623 2997 [ὁ]
2659 2925 2793 2986 Θεὸς
2829 2922 3050 2993 πρῶτος
3080 2923 3122 2953 ¹⁹
3146 2939 3159 2951 ·
3201 2921 3296 2973 καὶ
3327 2919 3405 2980 είς
3427 2917 3495 2969 τὰ
3525 2916 3877 2985 ἐπερχόμενα

2297 3018 2408 3087 ἐγώ
2432 3019 2568 3088 είμι.
2603 3016 2828 3070 Είδοσάν
2852 3013 2971 3087 [με]
3001 3016 3046 3047 ³ο
3072 3012 3198 3081 ἔθνη
3236 3012 3333 3064 καὶ
3366 3007 3714 3078 ἐφοϐήθησαν
3741 3047 3752 3059 ,
3807 3006 3872 3057 τὰ

2299 3112 2445 3181 ἄκρα
2469 3111 2567 3178 τῆς
2601 3109 2703 3177 γῆς
2737 3107 3069 3174 ἐξέστησαν·
3113 3105 3349 3173 ἡγγισαν
3393 3101 3487 3152 καὶ
3529 3094 3719 3167 ἦλθον,
3760 3096 3876 3164 ἄμα

2299 3202 2503 3271 κρίνων
2528 3198 2758 3259 ἕκαστος
2779 3196 2855 3266 τῷ
2881 3195 3112 3264 πλησίον
3138 3192 3428 3263 βοηθῆσαι,
3465 3190 3558 3242 καὶ
3604 3188 3680 3256 τῷ
3720 3187 3872 3240 ἀδελ-

2300 3288 2415 3358 φῷσ
2452 3289 2544 3341 καὶ
2575 3287 2733 3356 ἐρεῖ·
2767 3286 3017 3354 Ἴσχυσεν
3045 3283 3187 3352 ἀνὴρ
3230 3280 3460 3340 τέκτων,
3496 3277 3592 3330 καὶ
3640 3276 3875 3346 χαλκεὺς

2298 3379 2518 3433 τύπτων
2548 3377 2751 3446 σφύρα,
2779 3374 2897 3443 ἅμα
2918 3371 3179 3426 ἐλαύνων.
3204 3369 3339 3422 Τότε
3357 3370 3399 3400 ’ί
3426 3368 3522 3438 μὲν
3548 3368 3664 3437 ἐρεῖ
3688 3378 3706 3395 ⁸
3729 3364 3874 3434 Σύμ-

2300 3467 2400 3537 6λη
2411 3485 2484 3537 μα
2514 3466 2676 3519 καλόν
2711 3467 2876 3518 ἐστιν.
2916 3462 3248 3532 ’ἰσχύρωσαν
3267 3459 3401 3514 αὐτὸ
3419 3461 3477 3511 ἐν
3500 3458 3651 3528 ἥλοις
3670 3459 3716 3488 ⁸⁸
3736 3474 3749 3488 ·
3777 3456 3872 3524 θή-

2307 3573 2488 3609 σουσιν
2520 3556 2674 3620 αὐτὸ,
2707 3554 2802 3607 καὶ
2829 3553 2890 3605 ού
2915 3551 3291 3621 κινηθήσεται.
3323 3569 3340 3602 ι
3380 3548 3519 3601 υῦτε
3542 3547 3651 3617 γὰρ
3685 3547 3872 3615 στῆναι

2305 3646 2381 3717 μὴ
2408 3645 2773 3715 καθηλωμένα
2814 3645 2857 3675 ³³
2893 3643 3136 3704 δύναται,
3199 3639 3321 3692 οὔτε
3362 3637 3600 3708 βαδίζειν
3641 3637 3714 3708 μὴ
3746 3636 3870 3706 παρ’

2302 3737 2479 3790 ἄλλων
2507 3735 2804 3804 φερόμενα.
2838 3735 2947 3786 Καὶ
2975 3728 3132 3794 αὖθις
3155 3748 3168 3762 ⁸
3208 3750 3226 3782 ι
3275 3729 3469 3784 Ἰακὼὸ
3515 3732 3543 3782 ὁ
3582 3731 3708 3790 παῖς
3741 3743 3868 3797 μου·

2303 3827 2666 3896 ἁντιλήψομαι
2692 3823 2857 3879 αὑτοῦ
2887 3826 2953 3876 ³⁵.
2982 3822 3199 3892 Ἰσραὴλ
3219 3824 3246 3874 ό
3270 3820 3525 3883 ἐκλεκτός
3557 3818 3709 3892 [M5]
3737 3837 3832 3888 μου
3853 3836 3867 3848 ·

2305 3916 2669 3988 προσεδέξατο
2703 3913 2865 3968 αὑτὸν
2900 3916 2932 3984 ἡ
2980 3913 3126 3981 ψυχή
3165 3928 3286 3978 μου.
3331 3911 3551 3965 Ἔδωκα
3573 3911 3634 3962 τὸ
3666 3909 3872 3979 πνεῦμά

2309 4024 2408 4076 μου
2442 4007 2528 4059 ἐπ’
2561 4006 2746 4070 αὐτὸν,
2795 4003 2936 4076 [xui]
2970 4005 3014 4035 "
3045 4004 3228 4072 κρίσιν
3258 4005 3370 4065 τοῖς
3407 4002 3620 4055 ἔθνεσιν
3647 4001 3865 4065 ἐξοίσει·

2305 4101 2366 4152 ού
2392 4099 2739 4168 κεκράξεται,
2774 4097 2894 4151 ούδέ
2933 4097 3145 4166 ἀνήσει,
3181 4095 3301 4147 οὐδὲ
3349 4094 3749 4165 ἀκουσθήσεται
3771 4093 3864 4159 {ﬁni

2308 4191 2340 4260 ἡ
2372 4189 2524 4257 φωνὴ
2556 4187 2758 4241 αὐτοῦ’
2797 4188 3044 4257 κάλαμον
3087 4185 3454 4252 τεθλασμένον
3503 4185 3564 4237 οὐ
3607 4185 3865 4250 κατεάξει,

2309 4283 2403 4334 καί⁵
2446 4282 2592 4334 λίνον
2648 4280 3044 4348 καπνιζόμενον
3098 4279 3158 4330 ού
3204 4277 3385 4330 σϐέσει
3410 4293 3423 4307 ·
3459 4277 3576 4330 ἀλλ’
3611 4278 3698 4339 είς
3749 4277 3867 4344 ἀλή-

2309 4373 2458 4426 θειαν
2486 4374 2532 4405 ’⁸
2566 4373 2764 4438 ἐξοίσει
2790 4373 2972 4444 κρίσιν
2994 4389 3006 4402 ·
3036 4369 3367 4440 ἀναλάμψει,
3397 4371 3493 4421 καὶ
3522 4370 3582 4421 ού
3614 4369 3866 4438 θραυσθὴ-

2312 4482 2485 4529 σεται,
2515 4464 2619 4528 ἕως
2657 4463 2722 4516 ἂν
2757 4463 2824 4533 θῇ
2866 4462 3092 4531 ἐπὶτῆς
3123 4461 3229 4528 γῆς
3264 4460 3446 4530 κρίσιν
3470 4477 3484 4490 ο
3537 4462 3632 4512 καὶ
3687 4460 3774 4511 ἐπὶ
3799 4457 3867 4527 τῷ

2293 4555 2534 4625 ’ὀνόματι
2563 4553 2728 4606 αὐτοῦ
2759 4553 2887 4622 ἔθνη
2924 4538 3451 4626 ἐ).πιοῦσιγ.⁸υῦτως
3493 4549 3646 4617 λέγει
3681 4547 3866 4619 Κύριος

2311 4648 2339 4697 ὁ
2370 4647 2500 4709 Θεὸς
2523 4644 2664 4716 [τοῦ]
2691 4646 2734 4675 ⁸⁷
2787 4642 3020 4714 Ἰσραὴλ,
3053 4644 3082 4695 ὁ
3128 4643 3363 4710 ποιήσας
3397 4640 3486 4692 τὸν
3520 4640 3748 4710 οὐρανὸν
3784 4639 3866 4692 καὶ

2317 4738 2492 4807 πήξας
2521 4737 2684 4790 αὑτὸν
2707 4737 2782 4798 ’⁸,
2810 4737 2845 4788 ό,
2875 4733 3184 4804 περεώσας
3205 4733 3301 4802 τὴν
3335 4731 3440 4800 γῆν
3470 4732 3565 4783 καὶ
3599 4733 3670 4782 τὰ
3697 4732 3751 4781 ἐν
3781 4729 3863 4782 αὐ·

635 4821 694 4875 in
737 4819 970 4890 iustitia.
1004 4821 1227 4887 T_enebo
1257 4838 1479 4877 manum
1512 4833 1682 4890 tuam,
1737 4834 1794 4880 et
1837 4827 2201 4882 corroborabo

2314 4830 2379 4897 τῇ
2406 4829 2449 4859 ’³
2478 4866 2492 4889 ,
2527 4826 2621 4878 καὶ
2655 4824 2829 4887 διδοὺς
2865 4824 3034 4892 πνοὴν
3060 4822 3137 4891 τῷ
3162 4821 3278 4890 λαῷ
3307 4819 3384 4889 τῷ
3431 4820 3518 4873 ἐπ’
3547 4820 3719 4888 αὐτῆς
3742 4859 3754 4882 ,
3787 4820 3862 4871 καὶ

639 4919 714 4964 te.
742 4910 876 4964 Dedi
901 4917 952 4964 te
983 4911 1039 4964 in
1079 4917 1464 4966 testamentum
1495 4914 1731 4982 generis,
1759 4915 1816 4969 in
1849 4916 2037 4971 lumen
2071 4933 2206 4986 gen-

643 4999 800 5066 tium,
836 5001 1050 5070 aperire
1082 5003 1272 5058 oculos
1295 5018 1564 5058 caecorum
1585 5045 1600 5070 ,
1648 5006 1883 5063 educere
1911 5023 1943 5062 e
1971 5009 2206 5063 vinculis

2315 4914 2533 4985 πνεῦμα
2559 4917 2672 4976 τοῖς
2719 4910 2981 4965 πατοῦσιν
3028 4913 3223 4981 αὑτήν.
3268 4909 3407 4976 Ἐγὼ
3454 4908 3662 4978 Κύριος
3700 4907 3863 4967 ὁΘεδς

2317 5006 2551 5060 ἐκάλεσα
2582 5023 2641 5058 σε
2681 5007 2738 5058 ἐν
2770 5004 3082 5074 δικαιοσύνῃ
3103 5020 3117 5032 ·
3164 5003 3259 5055 καὶ
3288 5002 3551 5072 κρατήσω
3575 5002 3675 5071 τῆς
3705 5001 3860 5070 χειρός

719 5118 731 5155 ί
767 5115 870 5170 Isa.
906 5132 1030 5181 nn,
1065 5118 1117 5181 7,
1147 5116 1198 5170 8.
1279 5117 1296 5192 in
1329 5116 1693 5199 lsa.'xxn,_6,
1730 5119 1781 5173 7.
1861 5118 1886 5156 ι
1928 5121 2011 5175 lsa
2043 5122 2225 5184 nm,
2248 5119 2303 5173 7.

1936 5283 2172 5337 VARUE
2212 5281 2608 5337 LECTIONES.

713 5386 1034 5460 *εὑρόντες
1068 5385 1222 5459 εὗρον
1247 5390 1338 5442 καὶ
1369 5389 1426 5442 Β.
1508 5390 1550 5420 ¹⁰
1570 5390 1664 5453 τὰς
1696 5391 1877 5458 μυίας.
1903 5393 2000 5453 τὰς
2027 5407 2139 5446 om.
2180 5393 2239 5446 Β.
2321 5393 2360 5423 ¹¹
2393 5391 2585 5444 ἄλλων.
2619 5389 2728 5442 τῶν
2765 5389 2938 5442 ἄλλων
2966 5390 3024 5442 Β.
3106 5388 3347 5441 ίίταῦτα.
3387 5388 3512 5441 τάδε
3535 5387 3639 5445 Vb.

713 5474 756 5512 α.
804 5460 863 5514 Β.
891 5457 952 5513 C.
994 5458 1116 5512 Mox
1149 5458 1238 5510 ἐπὶ
1263 5474 1372 5512 om.
1399 5459 1458 5512 B.
1507 5458 1654 5513 Infra
1694 5457 1786 5510 τοῦ
1817 5476 1925 5513 om.
1953 5460 2015 5514 C.
2093 5463 2133 5492 ιδ
2161 5463 2188 5514 ὁ
2220 5461 2436 5514 Πύθιος.
2490 5463 2518 5512 ὁ
2548 5475 2657 5513 om.
2693 5459 2755 5514 C.
2832 5460 2875 5491 ¹³
2906 5459 3106 5512 ἐδίδουν
3133 5458 3278 5514 τούς.
3309 5458 3545 5514 ὲδιδότην
3579 5459 3638 5512 Β.

1065 5473 1116 5512 )x
1149 5461 1238 5510 ἐπὶ
1263 5474 1372 5512 om.
1399 5461 1458 5512 B.
1507 5461 1654 5513 Infra
1694 5461 1786 5510 τοῦ
1817 5476 1925 5513 om.
1953 5461 2015 5515 C.
2093 5463 2133 5492 ιδ
2161 5463 2188 5514 ὁ
2220 5461 2436 5524 Πύθιος.
2490 5463 2518 5512 ό
2548 5475 2657 5513 om.
2693 5461 2755 5514 C.

1065 5527 1437 5616 βουλευέμεγεξ
1481 5528 1540 5616 '2:
1573 5528 1670 5616 ‘33;
1705 5613 1721 5616 ,
1749 5530 1792 5616 1⁷
1826 5529 2167 5616 5‘35"°§‘3‘%E-
2201 5531 2689 5616 dementiam:
2720 5529 2819 5615 Vb:

1729 5614 1807 5651 im.
1847 5599 1907 5654 C.
1999 5601 2044 5630 ’°
2071 5601 2278 5654 εἴδοσάν
2310 5599 2396 5668 με.
2437 5601 2615 5652 ίδοσαν
2650 5599 2707 5652 Β.

1729 5668 1777 5700 ’δ
1799 5668 1981 5740 αὑτοῦ.
2012 5670 2157 5740 αὐτῷ
2191 5669 2252 5724 C.
2284 5739 2289 5740 γ
2331 5671 2376 5701 ’⁵
2413 5669 2550 5740 [xui]
2584 5683 2692 5722 om.
2724 5667 2780 5722 Β.

644 5474 756 5514 om.
804 5457 863 5522 Β,
891 5457 952 5513 C.
994 5457 1238 5512 Μοχεπὶ
1263 5474 1372 5512 om.
1399 5459 1458 5512 B.
1507 5458 1654 5513 Infra
1694 5457 1786 5510 τοῦ
1817 5476 1925 5513 om.
1953 5460 2015 5515 C.

645 5529 835 5582 ϐούλευ
846 5528 1013 5593 μένοι.

647 5599 824 5700 χρυσᾶ
850 5597 950 5651 Vb.
1030 5599 1072 5629 “'
1105 5596 1313 5667 πρῶτος
1353 5614 1461 5652 om.
1499 5596 1667 5720 ἰὴὲὁ]
1697 5613 1807 5651 om.
1847 5599 1907 5654 C.

725 5667 1106 5720 καθηλωιιένα.
1150 5667 1529 5720 καθηλούμενα
1621 5708 1633 5719 .
1729 5668 1777 5700 ’δ
1799 5670 1907 5720 αὐτη

725 5667 1106 5737 καθηλωμένα.
1150 5667 1385 5737 καθηλού
1395 5684 1529 5737 μενα
1573 5667 1633 5720 Β.

3718 5390 3758 5420 ιε
3785 5389 3856 5420 ...π

2836 5407 2938 5442 Αων
2966 5407 3024 5442 r5.
3107 5407 3347 5441 "tanta.
3387 5407 3512 5441 ταοε
3545 5407 3639 5445 vn.
3719 5407 3758 5420 ··
3785 5407 3858 5442 του

2832 5460 2875 5491 ¹³
2906 5459 3106 5512 ἐδίδουν
3133 5458 3278 5520 τούς.
3309 5458 3545 5527 ὲδιδότην
3579 5459 3638 5512 Β.
3717 5460 3756 5490 ¹⁶
3785 5459 3854 5528 ,9:-

2899 5530 2942 5561 ³⁸
2966 5530 3032 5591 τὰ
3067 5530 3261 5598 χρυσᾶ.
3312 5527 3381 5580 τὰ
3415 5527 3855 5598 χρυσοποίητατᾶ

2813 5599 2854 5628 ’ί
2881 5599 3020 5650 τότε.
3058 5597 3279 5661 nos-EC.
3355 5598 3399 5628 ²¹
3430 5599 3598 5667 ἥλοις.
3639 5597 3792 5667 λίθοις
3807 5597 3852 5667 Β.

2881 5669 2925 5700 ὀ
2959 5667 3234 5737 ἀλήθειαν.
3286 5663 3592 5738 ἀληθῆνι).
3670 5663 3854 5738 "{zoai

650 5753 759 5790 uni.
786 5730 864 5789 Β]
923 5730 968 5767 ’³
989 5730 1148 5790 αὑτὸν
1170 5730 1289 5791 οῐιι.’
1319 5730 1493 5804 Β,ἰιῒ)ἱ
1531 5736 1832 5806 στερεὼσας
1865 5739 1956 5792 τὸν
1992 5730 2142 5793 οὖνοὺ
2187 5741 2240 5794 ni
2269 5730 2427 5794 fallor
2448 5756 2474 5790 ιι
2496 5730 2550 5807 [ιῖ
2580 5756 2653 5792 ni.
2731 5740 2774 5768 ’⁸³
2805 5739 2891 5790 ἐπ’
2920 5730 3106 5807 αὐτῆς.
3141 5739 3198 5792 ἐν
3232 5730 3386 5808 αὐτῇ
3409 5730 3468 5791 Β.
