4080 6370
206 426 336 496 1081

875 423 1314 489 GRAECARUM
1350 416 1654 484 AFFECT.
1694 393 2224 482 cumino—1:.
2266 423 2366 484 DE
2403 421 2801 484 omcuus.
2872 471 2876 475 .

3339 417 3475 483 1032

202 558 325 608 σου,
353 541 450 596 καὶ
478 538 747 610 ἱνισχύσω
775 554 834 591 σε
856 554 869 569 ο
927 538 1022 592 καὶ
1062 535 1238 589 ἔδωκά
1272 551 1330 588 σε
1381 534 1461 597 είς
1507 530 1776 599 διαθήκην

1884 522 2183 602 colligatos,
2211 535 2299 590 et'
2321 549 2355 589 e
2376 532 2542 589 domo
2561 532 2827 588 custodite
2847 530 3105 589 sedentes
3120 531 3178 587 in
3199 532 3467 591 tenebris.
3516 550 3523 565 ε

197 630 418 700 γένους,
443 632 526 694 είς
553 628 666 700 φῶς
696 629 887 694 ὲθνῶν,
924 626 1131 693 ἀνοῖξαι
1180 626 1496 696 ὀφθαλμοὺς
1537 620 1775 691 τυφλῶν,

196 722 495 792 ἐξαγαγεῖν
521 726 585 776 ὲκ
614 720 833 790 δεσμῶν
860 719 1202 789 δεδεμένους,
1228 717 1322 771 καὶ
1346 716 1408 781 ἐξ
1433 716 1585 768 οἴκου
1612 713 1780 783 φυλαο

199 812 310 882 κῆς
337 812 682 883 καθημένους
728 813 786 865 ἐν
842 810 1043 864 σκότει.
1112 807 1252 876 Ἐγὼ
1292 807 1498 879 Κύριος
1540 808 1568 859 ὁ
1621 804 1776 867 Θεὸς.

198 901 376 956 Τοῦτό
404 901 501 973 μοῖ
524 902 569 935 ⁸³
594 902 741 954 ἐστιν
782 900 977 970 ὄνομα.
1032 898 1144 971 Τὴν
1176 899 1337 965 δόξαν
1372 913 1473 967 μου
1520 895 1690 966 ἑτέρῳ
1717 896 1778 947 οὐ

194 989 379 1054 δώσω,
407 988 529 1043 οὐδὲ
551 988 650 1050 τὰς
679 989 880 1059 ἀρετάς
917 1004 1020 1057 μου
1056 991 1167 1051 τοῖς
1207 987 1487 1056 γλυπτοῖς.
1529 1003 1549 1036 ι
1594 984 1779 1038 Ταῦτα

193 1081 227 1133 ὁ
254 1080 364 1133 τῶν
384 1079 521 1133 ὅλων
555 1079 685 1144 Θεὸς
714 1078 849 1149 πρὸς
863 1079 956 1132 τὸν
967 1078 1266 1145 Δεσπότην
1294 1074 1528 1148 Χριστὸν
1547 1074 1622 1137 ὡς
1642 1073 1780 1144 πρὸς

192 1168 488 1240 ἄνθρωπον
524 1169 627 1241 ἔφη
650 1208 665 1233 ,
709 1169 818 1222 ἀπὸ
857 1170 957 1240 τῆς
985 1168 1270 1240 ὁρωμένης
1314 1166 1531 1234 φύσεως
1585 1161 1778 1246 ἰα’κὼδ

194 1259 364 1313 αὐτὸν
389 1259 484 1313 καὶ
523 1259 737 1330 Ἰσραὴλ
757 1261 1032 1330 ὀνομάσας
1051 1276 1065 1290 ·
1097 1258 1154 1324 ἐξ
1180 1258 1390 1312 ἐκείνου
1414 1255 1524 1326 γὰρ
1544 1255 1609 1325 δὴ
1637 1253 1778 1307 κατά

195 1350 382 1419 σάρκα
400 1349 494 1403 τοῦ
527 1350 719 1419 γένους
745 1349 1006 1413 ἀνέτειλε,
1043 1349 1140 1402 καὶ
1168 1347 1369 1414 ἔδειξεν
1396 1344 1563 1400 αὐτοῦ
1589 1342 1778 1413 σαφῶς

190 1439 299 1510 τὴν
328 1441 634 1512 πραότητα.
659 1439 754 1495 καὶ
781 1440 883 1510 τὴν
910 1438 1317 1510 μακροθυμίαν,
1423 1436 1780 1507 παροινούμε-

191 1546 291 1592 νος
327 1533 460 1600 παρ’
525 1531 796 1586 Ἰουδαίων
823 1533 1114 1601 ἐχρήσατο.
1163 1530 1365 1582 Τοῦτον
1399 1530 1478 1591 εἰς
1510 1526 1778 1596 διαθήκην

189 1621 302 1691 ἔφη
326 1620 551 1691 δοθῆναι
576 1621 670 1675 τοῦ
704 1621 919 1689 γένους.
948 1622 1059 1674 Καὶ
1088 1621 1197 1691 γὰρ
1228 1623 1342 1683 τοῖς
1384 1619 1775 1689 πατριάρχαις,

192 1714 295 1766 καὶ
344 1713 529 1776 αὐτοῖς
584 1712 883 1779 Ἰουδαίοις,
916 1712 1016 1784 τὴν
1045 1713 1112 1766 δι’
1146 1710 1315 1766 αὐτοῦ
1366 1710 1643 1781 σωτηρίαν
1675 1710 1779 1762 ὑπ-

192 1801 409 1870 έσχετο.
444 1802 590 1873 Ἔφη
615 1801 672 1856 δὲ
705 1802 866 1856 αὑτὸν
898 1803 993 1855 καὶ
1017 1803 1097 1865 είς
1126 1801 1242 1871 φῶς
1272 1798 1441 1853 ὲθνῶν
1471 1794 1774 1863 ἀνατεῖλαι,

191 1896 340 1951 ὥστε
365 1897 474 1952 τῶν
498 1883 717 1967 τυφλῶν
756 1897 964 1964 ἀνοῖξαι
1002 1898 1127 1959 τοὺς
1156 1895 1491 1965 ὀφθαλμοὺς,
1526 1894 1621 1948 καὶ
1660 1891 1777 1957 ,τῶν

191 1987 594 2058 πεπεδημένων
622 1988 691 2041 τά
717 1988 893 2058 δεσμά
926 1986 1254 2059 διαρρῆξαι,
1308 1986 1405 2037 καὶ
1438 1986 1564 2046 τοὺς
1597 1984 1654 2037 ὲν
1698 1981 1778 2054 τῷ

192 2079 354 2150 ζόφῳ
375 2079 475 2149 τῆς
497 2079 720 2147 ἀγνοίας
744 2079 820 2142 ὡς
850 2080 909 2132 ὲν
951 2070 1142 2148 εἱρκτῇ
1166 2075 1524 2147 ’καθημένους
1567 2071 1779 2127 aeutis-

197 2170 379 2241 ρῶσαι
407 2157 528 2223 ’ποῦ’
550 2168 796 2237 σκότους.
836 2167 1086 2236 Τυφλοὺς
1120 2167 1178 2220 δὲ
1230 2167 1326 2220 καὶ
1364 2163 1780 2235 πεπεδημένους

194 2262 299 2317 καὶ
325 2264 386 2315 ἂν
433 2260 619 2316 σκότει
668 2259 1015 2330 καθημένους
1046 2258 1174 2322 τοὺς
1216 2257 1314 2329 τῆς
1353 2257 1396 2290 ³¹
1426 2255 1651 2325 ἀγνοίας
1677 2254 1779 2325 τὴν

195 2353 374 2423 ἀχλὺν
399 2350 823 2423 περικειμένους
848 2349 1104 2411 ἐκάλεσε,
1139 2348 1232 2402 καὶ
1255 2350 1382 2412 τοὺς
1408 2349 1529 2412 ταῖς
1566 2349 1778 2418 σειραῖς

193 2445 303 2513 τῆς
342 2434 621 2513 ἁμαρτίας
644 2439 1079 2511 πεπεδημένους.
1108 2440 1234 2493 ’Ότι
1254 2438 1311 2494 δὲ
1337 2441 1462 2502 τοὺς
1482 2438 1562 2512 τῷ
1590 2439 1779 2512 πλάνφ

194 2533 305 2605 τῆς
351 2533 771 2599 δεισιδαιμονίας
818 2530 1251 2599 δεδουλωμένους
1287 2529 1461 2594 οὕτως
1502 2530 1777 2600 ὠνόμασε,

199 2624 478 2695 μαρτυρεῖ
507 2622 575 2676 τὰ
601 2621 748 2691 ἑξῆς.
776 2641 796 2674 ι
856 2618 998 2689 Ἐγὼ
1017 2620 1148 2691 γὰρ,
1185 2618 1311 2690 εφη,
1344 2618 1549 2691 Κύριος
1579 2618 1776 2681 6826c-

192 2713 361 2771 τοῦτό
394 2713 485 2785 μοί
518 2712 564 2745 ⁸⁸
605 2714 759 2766 ἐστιν
799 2712 1003 2781 δνομαο
1046 2710 1331 2781 τὴν-δόξαν
1367 2726 1468 2779 μου
1506 2709 1689 2781 ’ἑτέρῳ
1716 2710 1778 2765 οὗ

194 2802 384 2871 δώσω,
413 2805 535 2860 οὐδὲ
573 2802 674 2868 τὰς
714 2802 914 2874 ἀρετάς
967 2818 1068 2870 μου
1100 2801 1213 2863 τοῖς
1251 2800 1531 2867 γλυπτοῖς.
1568 2821 1587 2853 ι
1628 2802 1780 2872 ’Δμα

118 2960 123 2965 ,
194 2912 266 2951 τε
288 2895 402 2967 γὰρ
438 2895 683 2966 ὲπεφάνη
721 2892 949 2961 καὶτῆς
996 2891 1371 2963 προσηγορίας
1413 2892 1612 2955 αὐτοὺς
1657 2893 1782 2960 ἐγύ-

203 3004 423 3061 μνωσεν
450 3029 465 3045 .
514 2987 580 3055 ἢν
617 2983 963 3055 ἁρπάσαντες
1010 2984 1222 3045 ἑαυτοῖς
1263 2981 1607 3051 περιέθεσαν.
1670 2984 1780 3036 Καὶ

204 3082 330 3150 μετ’
367 3077 523 3145 ὀλίγα
550 3075 607 3129 δὲ
629 3073 804 3128 ταῦτα
827 3073 993 3127 πάλιν
1020 3073 1068 3106 ⁸⁸
1091 3072 1195 3142 ἔφη
1219 3088 1232 3101 ·
1272 3091 1289 3123 ι
1343 3072 1548 3143 Κύριος
1592 3074 1621 3126 ὁ
1649 3072 1779 3138 Θεὸς

198 3169 316 3223 τῶν
369 3166 654 3236 δυνάμεων
699 3163 1037 3228 ἐξελεύσεται
1078 3161 1370 3234 συντρῖψαι
1417 3163 1653 3232 πόλεμον
1688 3165 1783 3217 καὶ

192 3261 493 3329 ἐπεγεῖραι
522 3256 703 3326 ζῆλον,
740 3256 832 3309 καὶ
864 3255 1120 3325 βοήσεται
1147 3254 1242 3307 ἐπὶ
1272 3254 1397 3317 τοὺς
1425 3253 1655 3323 ἐχθροὺς
1687 3254 1785 3307 αὑε

200 3348 299 3404 τοῦ
350 3349 487 3419 μετά
528 3348 731 3417 ἰσχύος.
764 3367 783 3398 ι
816 3347 1048 3399 Ἔπειτα
1104 3344 1344 3398 διδάσκει
1388 3344 1441 3397 τί
1478 3346 1677 3415 δήποτε
1711 3346 1786 3416 μὴ

202 3438 377 3493 πάλαι
400 3436 556 3491 τοῦτο
583 3435 871 3505 πεποίηκε,
902 3435 993 3487 καί
1024 3451 1186 3505 φησιν
1209 3450 1223 3464 ·
1266 3452 1285 3485 ι
1332 3434 1650 3505 Ἑσιὼπησα
1677 3436 1787 3489 ἀπὸ

202 3525 407 3589 αἰῶνος
426 3542 440 3555 ·
467 3526 542 3597 μὴ
573 3526 669 3580 καὶ
696 3525 785 3578 ἀεὶ
809 3525 1158 3595 σιωπήσομαι
1182 3524 1276 3576 καὶ
1305 3523 1598 3595 ἀνέξομαις
1624 3526 1787 3595 ἐκαρ-

201 3619 423 3690 τέρησα
454 3616 530 3680 ὡς
556 3619 590 3685 ἠ
626 3615 913 3671 τίκτουσακ
945 3613 1166 3682 ἐκφανῶ
1194 3615 1285 3667 καὶ
1326 3615 1579 3689 ὲκστήσω
1608 3614 1652 3648 ³⁵
1692 3616 1788 3669 καὶ

203 3706 433 3779 ξηρανῶ
462 3706 599 3777 ἅμα.
634 3726 652 3758 ι
692 3706 935 3759 Κάκεῖνα
963 3704 1019 3758 δὲ
1062 3705 1467 3775 μακροθυμίας,
1494 3706 1589 3757 καὶ
1616 3705 1789 3759 ταῦτα

203 3798 640 3869 φιλανθρωπίας.
674 3796 1063 3866 Μακροθυμῶν
1089 3795 1198 3864 γὰρ
1220 3795 1280 3861 ἐξ
1312 3796 1488 3866 ἀρχῆς
1528 3797 1630 3849 οὐκ
1669 3796 1789 3850 ὲκόο

201 3888 406 3944 ὶασενο
456 3884 576 3941 εἶτα
620 3887 793 3957 φειδοῖ
838 3887 1185 3958 χρησάμενος
1223 3887 1353 3948 τοὺς
1402 3885 1789 3957 πλανωμένους

204 3981 459 4045 ἐκάλεσε,
478 3981 573 4034 καὶ
597 3981 721 4042 τοὺς
749 3977 1069 4042 πλανῶντας
1091 3978 1403 4033 ἔσκέδασεν.
1449 3996 1467 4029 ι
1505 3978 1791 4049 Ἐκστήσω

203 4073 344 4142 γὰρ,
376 4072 530 4142 φησὶ,
557 4070 653 4124 καὶ
677 4069 897 4140 ξηρανῶ
927 4070 1045 4141 ἅμα
1068 4086 1081 4099 ·
1107 4069 1382 4140 ὲρημώσω
1410 4070 1514 4141 ὅρη
1542 4072 1635 4124 καὶ
1663 4071 1789 4142 βου-

204 4166 361 4229 νοὺς,
392 4163 485 4215 καὶ
512 4162 663 4234 θήσω
691 4163 974 4232 ποταμοὺς
1005 4165 1085 4225 εἰς
1120 4163 1338 4233 νήσους.
1374 4163 1468 4215 καὶ
1486 4160 1581 4234 ἕλη
1622 4164 1810 4241 ξηρα-Δ

202 4254 312 4312 νῶ.
350 4271 371 4306 ι
400 4253 497 4307 Διά
525 4253 584 4306 δὲ
612 4252 817 4305 τούτων
848 4252 917 4305 τὰ
952 4256 1010 4305 ἐν
1035 4251 1246 4315 τούτοις
1273 4252 1473 4323 τεμένη
1503 4253 1612 4306 τῶν
1638 4254 1791 4307 εἰδώ-

203 4346 324 4399 λων
355 4342 505 4416 [146]
536 4344 806 4413 ἐμήνυσεν
835 4344 903 4406 ⁸⁸,
933 4344 1077 4413 ἅπερ
1115 4346 1399 4413 ἐπιφανεὶς
1428 4346 1789 4413 καταλέλυκε,

204 4437 310 4495 καὶ
346 4437 501 4505 δίκην
531 4436 686 4497 ἕλους
718 4432 979 4505 ἐξήρανε·
1017 4453 1035 4486 ι
1071 4436 1182 4488 Καὶ
1214 4432 1327 4499 ἄξω
1354 4437 1591 4506 τυφλοὺς
1616 4438 1792 4507 ἐνὸδῷ

1882 622 1995 692 Ego
2017 623 2285 679 Dominus
2322 624 2470 679 Deus
2502 641 2516 677 :
2548 624 2655 679 boc
2697 624 2834 679 mibi
2862 632 2948 679 est
2975 636 3196 680 nomen.
3227 624 3467 681 Gloriam

1882 727 2059 767 meam
2085 713 2243 769 alteri
2264 729 2375 770 non
2404 714 2568 778 dabo,
2601 730 2780 784 neque
2805 714 3043 770 virtutes
3068 730 3218 770 meas
3242 716 3469 786 sculpti-

1880 800 2047 856 libus.
2084 821 2102 853 ι
2139 801 2242 857 His
2272 803 2457 858 verbis
2479 803 2867 859 universorum
2896 804 3042 860 Deus
3064 803 3342 861 Christum
3365 807 3470 863 Do-

1880 894 2091 949 minum
2121 903 2183 948 ut
2217 895 2498 950 hominem
2528 897 2801 952 allocutus
2827 906 2931 962 est,
2966 913 3034 953 ex
3058 899 3357 968 conspicua
3380 901 3467 954 vi-

1880 984 2141 1054 sibilique
2164 995 2358 1041 natura
2378 986 2545 1041 Iacob
2577 987 2729 1042 illum
2750 997 2807 1043 et
2836 987 3016 1043 Israel
3039 977 3339 1058 appellans.
3384 990 3466 1045 Ex

1878 1090 1945 1130 ea
2004 1075 2151 1131 enim
2207 1077 2463 1165 prosapia
2508 1078 2815 1134 secundum
2862 1095 3084 1135 carnem
3140 1090 3300 1137 natus
3358 1090 3464 1137 est.

1848 1165 2242 1238 Ostenditque
2295 1170 2416 1240 ejus
2456 1170 2937 1226 mansuetudinem
2984 1180 3042 1227 et
3083 1172 3463 1242 tolerantiam,

1878 1275 1987 1328 qua
2015 1275 2148 1315 usus
2172 1270 2276 1325 cst,
2302 1276 2426 1315 cum
2456 1262 2571 1332 ipse
2594 1268 2664 1315 ab
2685 1260 2890 1317 Judzeis
2915 1262 3264 1318 illuderetur.
3307 1264 3466 1319 Hunc

1880 1348 2065 1419 itaque
2110 1352 2189 1404 ait
2245 1352 2303 1406 in
2346 1360 2735 1407 testamentum
2768 1352 2991 1425 generis
3038 1353 3229 1408 datum
3272 1353 3463 1418 fuisse,

1877 1437 2206 1508 patriarchis
2231 1439 2383 1493 enim
2415 1448 2472 1495 et
2500 1440 2706 1496 Judaeis
2737 1441 2874 1511 ipsis
2912 1441 3203 1510 per'hunc
3230 1442 3465 1497 salutem

1879 1543 1938 1583 se
1962 1528 2219 1584 daturum
2249 1531 2522 1600 promisit.
2555 1531 2646 1586 Ait
2692 1546 2827 1586 vero
2856 1540 2917 1585 et
2951 1531 3099 1587 hunc
3117 1531 3376 1586 eumdem
3409 1532 3467 1586 in

1878 1618 2066 1674 lumen
2091 1621 2339 1691 gentium
2382 1628 2637 1687 exortum
2675 1636 2831 1688 esse,
2878 1630 2941 1676 ut
2971 1637 3244 1677 caecorum
3272 1622 3468 1677 oculos

1879 1712 2138 1780 aperiret,
2151 1713 2480 1783 vinculaque
2490 1714 2833 1783 captivorum
2847 1712 3244 1784 diﬂ'ringeretl,
3260 1726 3467 1783 eosque

1879 1802 1975 1871 qui
2001 1803 2058 1857 in
2089 1804 2333 1859 tenebris
2356 1804 2680 1875 ignorantia:
2700 1812 2959 1874 tanquam
2986 1802 3041 1858 in
3069 1820 3290 1859 carcere
3312 1804 3469 1860 sede-

1880 1893 2036 1957 bant,
2071 1908 2101 1947 a
2129 1894 2675 1951 tenebrisliberaret.
2710 1884 2899 1951 Caicus
2921 1904 3107 1950 autem
3137 1904 3196 1950 et
3226 1894 3466 1960 vinctos,

1883 1995 2049 2056 atque
2079 1986 2135 2040 in
2166 1963 2411 2042 ten’ebris
2456 1987 2736 2051 sedentes,
2761 1986 2901 2042 dixit
2938 2002 3057 2051 eos,
3104 1986 3200 2056 qui
3234 1985 3467 2057 caligine

1884 2075 2206 2145 ignorantiae
2250 2075 2502 2141 obsessi,
2536 2084 3003 2147 peccatorumque
3055 2074 3266 2133 catenis
3294 2074 3469 2129 vincti

1884 2164 2234 2219 tenebantur.
2266 2164 2425 2231 Quod
2448 2181 2580 2220 vero
2615 2167 2696 2221 sic
2736 2166 3028 2237 appellarit
3051 2180 3148 2222 eos
3178 2166 3275 2236 qui
3314 2165 3471 2220 vanis

1882 2255 2373 2325 superstitionibus
2416 2255 2752 2322 serviebant,
2800 2257 3083 2325 testantur
3124 2271 3191 2311 ea
3223 2271 3347 2326 quae
3376 2270 3468 2311 se-

1882 2353 2132 2415 quuntur
2162 2362 2176 2400 :
2218 2365 2237 2399 ι
2273 2346 2390 2418 Ego
2410 2347 2583 2413 enim,
2612 2346 2813 2417 inquit,
2840 2347 3110 2403 Dominus
3138 2346 3287 2404 Deus
3322 2364 3335 2400 :
3362 2346 3470 2402 hoc

1881 2439 2043 2511 971
2078 2438 2216 2494 mibi
2238 2447 2320 2495 est
2364 2454 2590 2495 nomen.
2624 2437 2868 2494 Gloriam
2914 2453 3094 2494 meam
3143 2438 3305 2494 alteri
3356 2453 3470 2493 non

1884 2532 2048 2597 dabo,
2088 2546 2267 2604 neque
2288 2532 2525 2587 virtutes
2546 2546 2697 2587 meas
2732 2532 3084 2604 sculptilibus
3102 2541 3164 2587 ιη.
3201 2551 3219 2583 ›
3251 2532 3470 2587 Etenim

1883 2621 2138 2693 protinus
2170 2632 2230 2677 ut
2259 2622 2315 2677 in
2331 2638 2499 2679 carne
2527 2622 2808 2694 apparuit,
2850 2638 2917 2678 ea
2971 2623 3250 2678 daemonas
3295 2622 3473 2677 nuda-

1884 2715 1964 2769 vit
1987 2714 2384 2785 appellatione,
2410 2730 2577 2785 quam
2603 2714 2711 2769 sibi
2735 2722 2947 2785 raptam
2979 2714 3375 2785 imposuerant.
3402 2712 3473 2793 Et

1884 2813 2011 2875 post
2030 2820 2205 2875 pauca
2228 2821 2423 2862 rursus
2451 2804 2570 2861 haec
2588 2804 2671 2861 ait
2702 2821 2716 2859 :
2750 2823 2770 2856 ι
2809 2803 3078 2861 Dominus
3112 2802 3258 2858 Deus
3290 2800 3473 2856 virtu-

1887 2904 2000 2950 tum
2027 2895 2343 2967 egredietur
2391 2905 2454 2953 ut
2498 2897 3019 2961 conteratbellum,
3066 2904 3123 2952 et
3170 2895 3473 2952 exsuscitet

1887 2987 2090 3052 zelum,
2119 2994 2176 3041 et
2200 2987 2460 3048 clamabit
2489 2988 2754 3043 adversus
2778 2987 3035 3043 inimicos
3065 3002 3196 3043 suos
3218 3003 3345 3042 cum
3378 3002 3460 3041 ro-
3558 3054 3561 3055 ν

1886 3078 2021 3135 bore
2049 3087 2098 3132 ιι.
2131 3096 2149 3129 ι
2191 3078 2361 3134 Docet
2392 3087 2576 3135 autem
2604 3094 2775 3149 quare
2803 3079 2910 3135 hoc
2945 3079 3077 3134 olim
3111 3092 3226 3133 non
3254 3078 3473 3135 fecerit.
3586 3143 3593 3150 ,

1810 3204 1855 3263 c
1890 3168 1981 3225 Ait
2012 3170 2199 3240 itaque
2234 3178 2261 3222 :‘
2281 3188 2300 3220 ι
2338 3170 2507 3225 Tacui
2546 3186 2576 3225 a
2608 3171 2832 3235 saeculo,
2859 3170 3110 3240 nunquid
3139 3185 3359 3241 semper
3389 3179 3473 3225 ta-

1887 3261 2024 3316 cebo
2056 3270 2114 3315 et
2159 3260 2455 3323 tolerabo?
2494 3260 2744 3316 Sustinui
2785 3269 3049 3332 tanquam
3098 3261 3300 3335 mulier
3352 3275 3474 3330 qua:
3534 3258 3539 3262 ’

1886 3351 2144 3421 parturit,
2175 3350 2543 3405 manifestabo
2566 3391 2580 3415 ,
2620 3359 2678 3405 et
2730 3351 3013 3422 dissipabo
3034 3393 3048 3416 ,
3078 3360 3134 3407 et
3182 3352 3475 3407 exsiccabo
3508 3372 3509 3375 η

1887 3441 2052 3497 simul
2073 3448 2121 3493 ο.
2147 3459 2165 3491 δ
2201 3440 2540 3495 Suntautem
2561 3441 2730 3496 verba
2757 3440 2847 3496 illa
2874 3442 3331 3512 longanimitatis,
3358 3443 3476 3499 haec

1886 3544 2019 3585 vero
2052 3529 2431 3584 humanitatis.
2466 3529 2685 3585 Patiens
2706 3529 2854 3585 enim
2894 3530 3038 3586 Deus
3071 3530 3140 3584 ab
3166 3530 3324 3585 initio
3360 3546 3475 3586 non

1887 3622 2071 3693 puniit
2097 3639 2111 3676 :
2146 3626 2332 3691 postea
2355 3630 2561 3687 autem,
2584 3637 2711 3677 cum
2726 3624 2839 3693 jam
2875 3622 3009 3677 satis
3034 3623 3356 3677 hominibus
3383 3632 3479 3692 pe-

1888 3712 2177 3781 percisset,
2209 3720 2460 3769 errantes
2498 3712 2565 3765 ad
2608 3727 2667 3768 se
2689 3712 2926 3778 vocavit,
2956 3719 3122 3783 atque
3163 3728 3260 3768 eos
3291 3712 3387 3782 qui
3419 3712 3476 3767 in

1888 3816 2137 3858 errorem
2163 3802 2460 3867 ducebant,
2498 3802 2777 3871 dispersit.
2814 3820 2831 3853 ι
2868 3801 3156 3872 Dissipabo
3176 3802 3347 3867 enim,
3387 3803 3477 3856 in-

1889 3893 2032 3965 quit,
2061 3900 2118 3947 et
2150 3891 2440 3947 exsiccabo
2484 3882 2667 3958 simul.
2704 3910 2723 3942 ι
2781 3890 2884 3945 Et:
2919 3910 2939 3942 ‹
2978 3892 3236 3951 Desertos
3279 3891 3477 3947 faciam

1890 3990 2108 4037 montes
2141 3990 2194 4036 et
2224 3981 2397 4037 colles
2436 3998 2449 4033 :
2486 3978 2684 4034 faciam
2711 3993 2778 4032 ex
2812 3976 2996 4033 fluviis
3028 3978 3258 4042 insulas,
3297 3986 3353 4031 et
3377 3992 3476 4047 pa-

1890 4072 2050 4128 ludes
2082 4071 2375 4127 arefaciam
2419 4081 2465 4124 ι’.
2506 4089 2526 4122 ι
2555 4069 2768 4137 Quibus
2800 4084 2932 4125 sane
2971 4070 3159 4134 verbis
3201 4069 3477 4125 idolorum

1892 4163 2125 4219 delubra
2148 4161 2496 4233 signiﬁcavit,
2524 4177 2645 4232 quae
2670 4162 2724 4215 in
2749 4163 2767 4181 ‘
2810 4160 3082 4233 ejusmodi
3123 4161 3260 4216 locis
3295 4169 3475 4215 erant.

1893 4253 2021 4309 Haec
2054 4253 2203 4309 enim
2256 4253 2465 4318 omnia,
2503 4258 2794 4325 postquam
2830 4251 3119 4322 apparuit,
3181 4250 3479 4305 demolitus

1891 4354 1996 4409 est,
2030 4354 2086 4400 et
2123 4353 2382 4415 tanquam
2426 4343 2654 4414 paludes
2685 4342 2930 4398 arefecit.
2957 4340 3127 4396 Addit
3168 4348 3474 4410 praeterea:

1901 4456 1919 4489 ι
1954 4438 2024 4492 Ει
2047 4435 2243 4491 duca'm
2267 4451 2440 4491 aecus
2476 4434 2532 4488 in
2571 4433 2714 4488 viam
2743 4448 2908 4502 quam
2955 4431 3293 4495 nescierunt,
3323 4437 3379 4482 et
3420 4428 3478 4482 in

206 4523 250 4600 ᾖ
278 4526 379 4579 οὐκ
411 4514 631 4596 ᾔδεισαν
665 4524 710 4557 ⁸⁸
736 4539 751 4554 ⁸
787 4524 883 4593 καὶ
905 4523 1121 4595 τρίϐους
1144 4523 1210 4587 ἃς
1237 4525 1335 4578 οὐκ
1365 4524 1609 4593 ἔγνωσαν
1632 4528 1782 4597 ποιή-

1894 4529 2107 4584 semitis
2147 4543 2285 4597 quas
2335 4542 2445 4581 non
2477 4532 2893 4597 cognoverunt,
2945 4522 3227 4577 ambulare
3270 4535 3367 4575 eos
3394 4519 3478 4574 fa-

207 4633 303 4675 ato
346 4616 584 4685 πατῆσαι
624 4613 840 4675 αὐτούς.
878 4632 898 4665 s
956 4613 1213 4680 Ἤγνόουν
1259 4614 1366 4685 γὰρ
1415 4614 1512 4687 [οἱ]
1545 4617 1589 4648 ⁸⁷
1625 4616 1792 4670 πάλαι

205 4704 560 4774 πλανώμενοι
592 4703 693 4774 τὴν
720 4702 817 4771 τῆς
852 4702 1108 4771 ἀληθείας
1129 4703 1245 4755 ὁδόν
1264 4719 1279 4735 ·
1322 4696 1581 4771 ξεναγοὺς
1610 4705 1667 4757 δὲ
1700 4707 1793 4758 καὶ

207 4793 485 4863 πώηγοῦς
516 4793 612 4845 καὶ
634 4791 819 4861 μέντοι
834 4792 935 4845 καὶ
955 4794 1324 4861 φωταγωγοὺς
1354 4794 1648 4864 ἐσχηκότες
1668 4796 1793 4859 τοὺς

204 4880 569 4946 ἀποστόλους,
601 4879 887 4933 κατέλιπον
925 4879 1022 4949 μὲν
1046 4880 1142 4933 τοῦ
1167 4881 1383 4935 κπλάνου
1413 4882 1511 4944 τάς
1544 4883 1789 4953 τρίϐους,

206 4959 532 5039 ἐπέγνωσαν
554 4971 610 5024 δὲ
636 4972 735 5040 τὴν
757 4970 857 5040 τῆς
894 4970 1153 5039 ἀληθείας
1198 4971 1336 5029 ὁδόν.
1371 4990 1389 5022 ι
1438 4974 1657 5043 Ποιήσω
1694 4977 1793 5028 αὺ-

208 5070 330 5130 τοῖς
349 5066 410 5119 re
438 5066 625 5125 σκότος
649 5064 727 5127 είς
757 5061 892 5131 φῶς,
929 5063 1023 5115 καὶ
1049 5064 1116 5115 τὰ
1151 5064 1339 5117 σκολιά
1370 5066 1450 5127 είς
1497 5066 1731 5120 εὐθεῖαν.
1770 5088 1787 5120 ι

224 5157 379 5211 ’Δντὶ
416 5156 528 5228 γὰρ
562 5156 628 5224 δὴ
676 5152 769 5207 τοῦ
799 5154 844 5186 ³⁸
892 5153 1156 5225 προτέρου
1186 5156 1428 5221 σκότους,
1476 5157 1572 5211 τοῦ
1606 5160 1792 5230 νοεροῦ

290 5309 315 5351 ι
351 5310 455 5368 isa.
493 5327 625 5379 xm,
653 5310 765 5366 1-8.
841 5319 882 5348 ω
919 5310 1051 5367 ibid.
1082 5312 1133 5367 8.

1213 5323 1239 5351 ιι
1270 5312 1403 5369 ibid.
1452 5313 1534 5369 i3.
1612 5321 1640 5351 °
1664 5314 1798 5370 ibid.
1832 5318 1917 5372 Η.
1994 5327 2023 5367 P
2048 5313 2186 5371 ibid.
2218 5315 2304 5370 15.
2378 5322 2405 5362 τι
2436 5310 2569 5366 ibid.
2605 5310 2692 5363 16.

1897 4620 2038 4675 ciam
2064 4628 2111 4671 (ι.
2152 4638 2169 4669 ι
2208 4616 2491 4686 Siquidem
2522 4615 2652 4671 olim
2677 4615 3018 4678 aberrantes,
3058 4612 3203 4666 viam
3230 4609 3481 4666 veritatis
3540 4686 3541 4691 γ

1896 4708 2236 4762 nesciebant.
2279 4706 2437 4761 Nacti
2469 4720 2601 4760 vero
2631 4703 2908 4774 apostolos
2955 4702 3201 4771 hospites
3224 4741 3240 4766 ,
3278 4700 3478 4765 duces,
3542 4692 3545 4697 ”

1897 4798 2147 4867 lucisque
2181 4795 2485 4860 ministros,
2509 4793 2716 4849 erroris
2757 4791 2983 4847 semitas
3016 4790 3386 4859 reliquerunt,
3424 4797 3483 4844 et

1899 4887 2043 4942 viam
2072 4885 2318 4941 veritatis
2343 4890 2707 4955 agnoverunt.
2754 4902 2772 4933 ι
2806 4880 3024 4937 Faciam
3068 4879 3203 4949 ipsis
3226 4878 3488 4933 tenebras

1902 4979 1958 5033 in
1984 4978 2150 5049 972
2180 4977 2383 5041 lucem,
2408 4984 2466 5031 et
2493 4991 2616 5045 quas
2639 4981 2769 5028 sunt
2790 4971 3117 5054 obliquatin
3151 4978 3364 5025 rectum
3388 4978 3435 5023 τ.
3455 4986 3475 5019 ι

1900 5071 2006 5127 Pro
2045 5069 2291 5125 tenebris
2315 5068 2487 5131 enim,
2533 5055 2735 5138 quibus
2781 5071 2942 5119 antea
2972 5060 3206 5117 involuti
3240 5060 3482 5124 fuerant,

1901 5161 2273 5217 intellectuale
2306 5160 2493 5216 lumen
2525 5156 2872 5228 percipiunt,
2902 5153 3221 5223 relictisque
3243 5149 3485 5221 obliquis

2766 5318 2787 5346 τ
2830 5308 2965 5363 ibid.

1531 5445 1767 5503 unm
1805 5405 2215 5506 Lacrimas.

286 5579 336 5651 ss
368 5577 696 5651 “obpooB.
808 5579 849 5651 ³λ¹
884 5578 1256 5651 τῆςηευρτοεο.
1290 5580 1350 5636 B.
1438 5582 1482 5613 "
1517 5550 1627 5651 μοι.

215 5788 436 5859 ᾖδεισαν
464 5786 527 5843 Β.
580 5796 581 5799 ‘
637 5787 685 5819 ³⁷
721 5785 954 5859 [σηοω.
989 5787 1049 5843 C.
1153 5790 1195 5822 "
1224 5791 1286 5860 δὴ
1316 5785 1523 5863 τοῢδδῆ
1555 5808 1665 5846 oni.
1699 5794 1758 5848 Β.

1667 5602 1765 5655 μου
1798 5585 1887 5655 Β.
1936 5586 1982 5619 ³⁸
2018 5580 2195 5651 ὀλίγον
2229 5585 2285 5639 δὲ
2315 5585 2477 5655 Ιιίῑιὶλιν
2504 5582 2698 5638 ταῦτα.
2736 5582 2892 5655 ὀλίγα
2925 5580 2979 5633 δὲ
3014 5579 3185 5645 ταῦτα
3217 5576 3382 5655 πάλιν
3418 5579 3482 5634 Β.

213 5650 260 5725 ³-⁸
297 5649 523 5718 ἐκφανῶ
553 5650 648 5725 καὶ
666 5648 950 5725 taedium.
984 5648 1152 5716 ἴσως,
1188 5651 1426 5725 typoin
1464 5648 1558 5725 καὶ
1592 5648 1779 5724 ἐκτήσι

1884 5654 1975 5711 Sed
2004 5648 2308 5725 impressus
2328 5672 2437 5710 non
2462 5652 2629 5708 habet
2654 5657 2811 5723 ἐμφω

213 5717 445 5797 dot-ctus
465 5727 558 5797 __et
601 5717 743 5797 infra
775 5726 1071 5797 agnoscat.
1128 5717 1287 5797 uas}:
1328 5717 1782 5797 ⁸⁸-ὲμῄνυσενέὲι

1892 5717 2118 5796 μόνευέε
2196 5723 2295 5780 Vb.

2812 5647 2913 5713 νῶ,
2943 5665 3066 5705 cum
3092 5658 3271 5703 tamen
3294 5647 3481 5701 Theo-

2396 5727 2441 5758 ³⁶
2474 5718 2697 5793 ᾕδεισαν
2726 5718 2793 5762 έ-
2830 5721 3092 5789 ἔγνωσαν.
3148 5718 3480 5785 ἔγνωσαν-
