4088 6318
658 321 792 388 1087

1634 327 2119 387 THEODORETI
2155 328 2490 388 EPISCOPI
2532 330 2887 391 CYRENSIS

3779 325 3930 391 1088

658 436 845 492 .ilatur
889 439 943 492 in
971 438 1277 494 ventilabro
1295 441 1339 492 ε.
1379 461 1395 490 ι
1426 439 1492 494 Et
1523 440 1684 508 paulo
1726 448 1848 510 post
1885 459 1896 493 :
1945 461 1961 492 ι
1999 445 2094 496 Die
2128 440 2220 494 illo

2337 445 2375 496 ει
2409 446 2436 495 6
2478 451 2762 514 προφήτης
2804 447 2864 497 ού
2898 443 3058 514 μόνον
3097 442 3195 514 τὴν
3226 443 3334 496 τῶν
3367 443 3534 496 ἐθνῶν
3593 445 3932 514 σωτηρίαν,

656 530 935 582 suscitabo
969 531 1381 585 tabernaculum
1422 531 1639 585 Davidis
1661 538 1808 600 quod
1839 533 2132 596 ceciderat,
2167 541 2223 586 et

659 617 859 670 iterum
891 618 1172 672 aedificabo
1195 621 1382 674 ruinas
1397 623 1534 697 ejus,
1562 630 1616 674 et
1640 620 1852 676 defossa
1874 623 1991 691 ejus
2023 624 2221 677 iterum

656 707 957 762 tdificabo.
995 709 1062 762 Et
1086 709 1368 765 wdiflcabo
1393 711 1524 765 illud
1551 711 1732 764 denuo
1752 711 1892 765 sicut
1915 713 2109 768 diebus
2130 730 2225 768 an-

660 796 826 864 tiquis
864 814 878 850 :
915 807 977 851 ut
1007 809 1255 866 quaerant
1285 815 1371 853 me
1397 800 1601 854 residui
1633 801 1936 865 hominum,
1961 813 2017 856 et
2037 819 2226 858 omnes

658 896 848 957 gentes
880 903 1045 958 super
1071 907 1208 959 quas
1231 902 1481 946 vocatum
1512 901 1594 946 est
1620 908 1819 946 nomen
1855 909 2034 948 meum
2055 935 2068 960 ,
2095 895 2227 949 dicit

660 979 923 1034 Dominus
955 983 1047 1050 qui
1091 981 1221 1035 facit
1276 983 1390 1035 hazc
1422 983 1666 1035 omnia”.
1711 1003 1727 1034 ι
1786 983 1840 1037 Si
1871 987 1997 1053 quis
2045 994 2227 1039 autem

660 1079 902 1125 vestrum
933 1073 1072 1126 scire
1105 1072 1400 1134 desiderat,
1433 1072 1706 1142 quodnam
1746 1073 1817 1127 sit
1844 1075 1947 1128 hoc
1973 1076 2227 1129 taberna-

662 1162 866 1222 culum,
886 1163 1349 1217 audiatJoannem
1382 1165 1791 1217 sanctissimum
1827 1165 1903 1218 sic
1923 1166 2225 1220 dicentem:

671 1281 688 1310 ι
726 1263 964 1316 Verbum
992 1280 1118 1319 caro
1144 1265 1346 1320 factum
1375 1273 1478 1328 est,
1503 1275 1560 1320 et
1591 1265 1856 1318 habitavit
1885 1268 1937 1319 in
1972 1267 2151 1330 uobis,
2176 1279 2232 1322 et

660 1352 902 1407 vidimus
945 1355 1173 1421 gloriam
1221 1357 1369 1424 ejus,
1406 1355 1631 1423 gloriam
1658 1357 1674 1373 ‘
1710 1356 1865 1423 quasi
1899 1355 2172 1430 Unigeniti
2201 1373 2231 1412 a

661 1443 842 1508 Patre,
877 1446 1097 1514 plenum
1128 1447 1314 1515 gratia:
1334 1455 1388 1499 et
1412 1447 1657 1500 veritatis
1684 1447 1722 1500 ί.
1763 1467 1780 1497 ι
1815 1447 2022 1501 Clamat
2047 1459 2230 1504 autem

660 1543 717 1587 et
751 1535 1056 1602 Sephonias
1091 1554 1102 1588 :
1150 1556 1166 1585 ι
1197 1536 1494 1604 Apparebit
1544 1537 1808 1591 Dominus
1851 1553 2013 1606 super
2058 1540 2228 1608 ipsos,

659 1633 717 1676 et
759 1623 949 1691 perdet
999 1640 1189 1679 omnes
1244 1625 1376 1678 deos
1421 1635 1578 1679 teme
1611 1644 1622 1678 :
1659 1636 1714 1681 et
1747 1627 2057 1680 adorabunt.
2100 1643 2227 1682 eum

659 1715 1038 1782 unusquisque
1088 1715 1154 1768 de
1214 1716 1335 1768 loco
1378 1731 1498 1778 suo,
1542 1725 1600 1770 et
1644 1732 1834 1770 omnes
1869 1716 2059 1772 insula:
2098 1734 2228 1787 gen-

660 1803 798 1857 tium
823 1804 867 1858 i.
910 1823 930 1856 ι
960 1806 1095 1871 Quia
1124 1807 1269 1861 enim
1314 1806 1516 1861 Iudaeis
1558 1809 1850 1876 prrecepit,
1882 1819 1940 1862 ut
1969 1810 2229 1878 templum

662 1894 808 1962 quod
841 1905 921 1949 est
970 1896 1362 1966 Hierosolymis
1388 1937 1400 1959 ,
1437 1897 1870 1965 frequentarent,
1923 1901 2231 1953 necessario

662 1985 879 2039 addidit
922 1985 1037 2039 fore
1059 1995 1135 2047 ut,
1169 1986 1317 2040 falsis
1347 1986 1453 2038 diis
1472 1986 1538 2039 de
1571 1987 1751 2041 medio
1781 1987 2030 2051 sublatis,
2060 2003 2229 2042 unus-

662 2076 894 2144 quisque
918 2091 1104 2129 verum
1137 2077 1306 2128 Deum
1333 2076 1544 2139 adoret,
1577 2092 1677 2130 nec
1700 2087 1967 2147 cogantur
2002 2080 2068 2133 ad
2097 2080 2229 2134 illud

663 2165 924 2233 templum
949 2179 1258 2227 accurrere,
1286 2179 1411 2218 cum
1438 2165 1495 2218 in
1525 2166 1637 2220 suis
1665 2167 1916 2230 urbibus,
1949 2170 2112 2238 agris,
2141 2185 2235 2239 pa-

663 2254 767 2325 gis,
791 2255 1006 2308 cultum
1024 2253 1133 2308 Deo
1163 2255 1458 2309 exhibituri
1489 2258 1615 2311 sint.
1651 2257 1720 2311 Et
1754 2267 1877 2327 post
1908 2274 2080 2327 pauca
2109 2275 2233 2313 rur-

664 2358 761 2400 sus
779 2343 855 2396 ait
890 2364 901 2395 :
951 2361 970 2394 ι
1008 2343 1161 2397 Tunc
1196 2355 1510 2398 convertam
1536 2346 1602 2398 ad
1636 2348 1866 2415 populos
1893 2349 2132 2417 linguam
2180 2351 2233 2403 in

663 2432 1068 2504 generationem
1096 2433 1248 2502 ipsis,
1281 2442 1341 2487 ut
1384 2435 1672 2489 invocetur
1697 2436 1859 2506 977
1893 2454 2094 2494 nomen
2123 2440 2233 2493 Do-

665 2522 821 2586 mini,
877 2531 939 2576 ut
984 2522 1225 2577 serviant
1265 2523 1316 2578 ei
1363 2524 1465 2579 sub
1503 2526 1691 2595 jugum
1724 2543 1936 2582 unum:
1974 2544 2005 2583 a
2033 2527 2236 2584 finibus

664 2611 954 2666 ﬂuviorum
980 2611 1272 2682 Ethiopian
1286 2614 1464 2668 ferent
1483 2615 1616 2668 mihi
1646 2617 1911 2672 sacrificia
1937 2620 1983 2673 Ιι.
2016 2639 2033 2670 ›
2061 2621 2236 2675 Unam

664 2702 812 2757 enim
841 2703 1215 2772 apostolorum
1265 2705 1529 2774 linguam,
1591 2721 1712 2774 qua:
1747 2719 1864 2762 erat
1891 2709 2130 2774 Galilaaa,
2179 2711 2235 2764 in

665 2802 989 2845 cunctarum
1016 2792 1261 2862 gentium
1284 2793 1498 2862 linguas
1522 2795 1728 2860 divxsit,
1764 2798 2128 2867 omnibusque
2147 2799 2241 2853 de-

565 2891 584 2910 "
667 2882 794 2936 tulit
823 2883 1118 2937 salutarem
1152 2885 1516 2938 vocationem.
1563 2884 1666 2939 Sed
1693 2895 1747 2940 et
1794 2903 1892 2955 per
1922 2888 2238 2942 Zachariam

664 2986 882 3041 quoque
902 2987 1139 3026 consona
1170 2973 1259 3028 his
1286 2975 1532 3042 pmdicit
1559 2994 1569 3027 :
1605 2995 1620 3026 ι
1659 2977 1937 3030 Delectare
1956 2986 2010 3029 ιιι
2034 2978 2234 3043 laetare,

554 3097 561 3103 -
668 3060 780 3115 filia
811 3061 1012 3116 Sionis.
1043 3063 1182 3116 Ecce
1226 3078 1326 3133 ego
1359 3065 1520 3119 venio
1541 3106 1554 3129 ,
1593 3073 1647 3119 et
1686 3066 1946 3121 habitabo
1971 3069 2024 3122 in
2058 3069 2239 3124 medio
2267 3100 2309 3155 α

668 3150 772 3216 tui,
802 3151 937 3206 dicit
961 3151 1226 3207 Dominus
1255 3171 1266 3205 :
1294 3163 1348 3209 et
1378 3157 1694 3225 confugient
1726 3169 1915 3226 gentes
1955 3159 2138 3213 multa;
2169 3160 2238 3214 ad

668 3241 958 3296 Dominum
990 3244 1216 3309 dieillo,
1240 3253 1296 3299 et
1317 3255 1478 3300 erunt
1508 3248 1606 3316 ipsi
1638 3248 1690 3300 in
1718 3248 2016 3316 populum:
2050 3259 2106 3304 et
2139 3250 2237 3303 ha-

668 3333 924 3387 bitabunt
947 3334 1001 3387 in
1025 3336 1207 3389 medio
1241 3336 1340 3399 tui,
1379 3347 1434 3391 et
1480 3353 1776 3407 cognosces
1803 3342 2093 3397 Dominum
2119 3358 2237 3397 om-

669 3421 1009 3489 nipotentem
1041 3423 1256 3477 misisse
1303 3440 1389 3479 me
1423 3425 1489 3478 ad
1519 3434 1571 3479 te
1597 3425 1636 3480 ¹.
1671 3447 1687 3476 ι
1722 3429 1780 3481 In
1825 3430 2026 3498 quibus
2054 3432 2242 3486 verbis

669 3509 986 3580 unigenitus
1017 3512 1111 3566 Dei
1146 3514 1348 3579 Filius,
1376 3526 1431 3569 et
1461 3531 1615 3570 suam
1656 3517 1828 3586 ipsius
1859 3527 1915 3572 et
1938 3520 2116 3574 Patris
2148 3539 2240 3576 os-

671 3601 847 3655 tendit
863 3617 1172 3670 personam.
1199 3605 1397 3658 Missus
1419 3620 1550 3659 vero
1581 3622 1700 3660 esse
1729 3607 1956 3673 dicitur,
1980 3611 2110 3678 quia
2129 3626 2242 3664 non

672 3690 815 3744 sicut
841 3691 1004 3756 Deus,
1033 3694 1126 3746 sed
1151 3695 1295 3748 sicut
1328 3693 1491 3747 homo
1519 3697 1790 3764 apparuit.
1826 3697 2097 3752 Convenit
2129 3716 2240 3753 au-

673 3790 783 3836 tem
807 3783 880 3846 ei,
913 3783 968 3836 in
998 3784 1234 3838 adventu
1263 3799 1364 3838 suo
1391 3785 1615 3853 implere
1639 3787 1908 3854 justitiam
1932 3803 2032 3856 pro
2061 3790 2240 3845 homi—

671 3871 859 3937 nibus,
905 3888 968 3928 ac
1006 3882 1264 3942 przeslare
1311 3874 1718 3940 obedientiam,
1759 3893 1921 3946 quam
1955 3888 2242 3950 tantopere

673 3964 1093 4018 commendavit.
1129 3965 1195 4018 Et
1220 3980 1408 4019 rursus
1439 3985 1450 4018 :
1495 3985 1511 4014 ι
1538 3966 1702 4021 Valde
1732 3969 1948 4033 laeteris,
1981 3969 2089 4024 filia
2120 3970 2241 4025 Sio-

673 4052 780 4117 nis,
802 4054 1055 4123 praedica,
1079 4070 1110 4108 ο
1135 4054 1242 4109 filia
1272 4055 1659 4126 Hierosolyma:
1679 4075 1690 4109 :
1714 4059 1971 4127 quoniam
1989 4077 2116 4116 ecce
2146 4077 2240 4116 rex

673 4150 802 4197 tuus
827 4144 979 4198 venit
1006 4145 1072 4197 ad
1101 4154 1150 4198 te
1176 4147 1359 4215 justus
1387 4155 1443 4200 et
1465 4147 1700 4200 salvator
1724 4165 1736 4199 :
1764 4149 1878 4216 ipse
1900 4160 2236 4215 mansuetus,

672 4233 871 4291 sedens
921 4251 1086 4303 super
1114 4236 1421 4306 jumentum
1462 4247 1519 4290 et
1570 4237 1801 4306 pullum.
1855 4239 1921 4292 Et
1961 4240 2245 4310 disperdet

673 4339 872 4380 currus
900 4341 968 4380 ex
996 4326 1274 4395 Ephraim,
1310 4336 1365 4380 et
1391 4343 1590 4396 equum
1624 4343 1689 4380 ex
1721 4323 2096 4401 Hierosolyma
2129 4350 2141 4385 :
2188 4341 2244 4387 et

2323 534 2455 588 ἀλλά
2478 527 2569 588 ml
2589 539 2685 604 τὴν
2707 537 2814 587 τῶν
2846 536 3108 588 Ἰουδαίων
3133 535 3384 604 προλέγει
3407 535 3738 604 διασπορὰν,
3775 538 3934 603 μᾶ).-

2325 624 2413 675 λον
2440 623 2493 675 δὲ
2543 625 2631 677 διὰ
2677 625 2777 693 τῆς
2827 625 3036 677 ἐκείνου
3093 623 3338 694 γλώττης
3371 624 3579 686 αύτδςό
3618 625 3734 677 τῶν
3777 627 3930 678 ὃλιιιν

2329 714 2489 777 Θεός,
2525 735 2544 765 ι
2583 716 2711 768 Ἰδοὺ
2761 716 2889 785 γὰρ,
2946 715 3132 782 φησὶν,
3182 714 3290 782 ἐγὼ
3321 713 3659 784 ἐντέλλομαι,
3693 716 3814 766 καὶ
3847 716 3932 766 λιι

2327 806 2524 872 κμήσω
2546 805 2602 854 έν
2627 804 2760 854 πᾶσι
2791 805 2899 863 τοῖς
2924 803 3102 856 ἔθνεσι
3130 803 3220 856 τὸν
3248 795 3394 854 οἷκον
3430 803 3666 872 Ἰσραὴλ,
3692 805 3766 854 ὃν
3790 805 3932 872 τρό-

2329 911 2427 946 πον
2467 894 2726 962 λικμᾶται
2759 893 2816 944 έν
2844 893 2920 961 τῷ
2943 893 3144 963 λικμῷ.
3184 912 3201 945 ι
3232 893 3341 944 Kal
3376 892 3490 962 μετ’
3521 893 3680 959 ὀλίγα
3702 911 3716 922 ·
3773 912 3796 942 ι
3829 892 3930 944 Ἐν

2327 987 2393 1052 τῇ
2448 983 2630 1052 ἡμέρᾳ.
2661 985 2845 1054 ἐκείνῃ
2882 985 3170 1051 ἀναστήσω
3220 982 3318 1052 τὴν
3349 982 3550 1052 σκηνὴν
3597 983 3775 1036 Δαϐὶδ
3819 984 3932 1051 τὴν

2331 1074 2716 1125 πεπτωκυῖαν·
2767 1074 2858 1124 καὶ
2907 1071 3314 1142 ἀνοικοδομήσω
3364 1072 3410 1103 ⁸³
3455 1089 3521 1122 τα
3567 1071 3929 1125 πεπτωκότα

2330 1164 2520 1231 αὐτῆς,
2554 1163 2648 1215 ml
2677 1163 2742 1214 τὰ
2776 1163 3202 1230 κατεσκαμμένα
3243 1163 3412 1231 αὐτῆς
3451 1163 3890 1231 ἀνοικοδομήσω
3913 1179 3927 1192 ·

2332 1255 2425 1306 καὶ
2454 1252 2859 1322 ἀνοικοδομήσω
2898 1253 3067 1320 αὐτὴν
3090 1249 3272 1312 καθὼς
3303 1253 3356 1303 αἱ
3404 1252 3608 1320 ἡμέραι
3648 1251 3748 1302 τοῦ
3785 1249 3930 1302 al.6-

2333 1362 2421 1408 νος
2441 1361 2453 1375 ·
2491 1344 2638 1406 ὅπως
2670 1342 2736 1395 ἂν
2774 1342 3119 1412 ὲκζητήσωσί
3151 1359 3218 1411 με
3247 1343 3294 1395 οί
3326 1342 3644 1394 κατάλοιποι
3673 1341 3796 1392 τῶν
3829 1341 3928 1391 ἀν-

2333 1435 2563 1506 θρώπων
2595 1435 2686 1487 ml
2713 1435 2889 1486 πάντα
2913 1433 2980 1484 τὰ
3011 1432 3159 1501 ἔθνη,
3202 1433 3284 1499 ἐφ’
3314 1431 3408 1494 οὒς
3441 1432 3814 1502 ἐπικέκληται
3868 1432 3932 1481 τὸ

2331 1525 2503 1594 δνομά
2537 1543 2637 1594 μου
2669 1525 2752 1578 ἐπ’
2779 1525 3009 1588 αὐτοὺς,
3053 1523 3203 1590 λέγει
3235 1522 3439 1592 Κύριος
3461 1525 3487 1573 6
3518 1523 3688 1574 ποιῶν
3732 1522 3926 1573 ’ταῦτα

2334 1616 2510 1669 πάντα
2547 1614 2610 1667 ⁸³.
2647 1633 2665 1665 ι
2701 1615 2763 1666 Εί
2793 1615 2847 1666 δέ
2875 1631 2958 1675 τις
2990 1613 3236 1681 βούλεται
3273 1612 3464 1682 μαθεῖν
3505 1614 3586 1676 τίς
3627 1615 3660 1682 ή
3706 1613 3925 1681 σκηνὴ,

2334 1705 2622 1760 ἀκουσάτω
2659 1704 2752 1757 τοῦ
2800 1704 3087 1756 Θεσπεσίου
3147 1705 3392 1756 Ἰωάννου
3434 1704 3719 1770 λέγοντος·
3791 1723 3812 1752 ι
3865 1702 3927 1755 Ὀ

2335 1799 2506 1864 Λόγος
2531 1799 2575 1828 ⁸⁵
2610 1797 2746 1866 σὰρξ
2776 1796 3012 1862 δγένετο,
3049 1797 3143 1850 καὶ
3181 1798 3490 1864 ἐσκήνωσεν
3532 1797 3587 1847 ὲν
3623 1799 3758 1864 ήμῖν
3797 1799 3921 1864 (καὶ

2332 1887 2678 1955 ἐθεασάμεθα
2723 1886 2818 1956 τὴν
2857 1886 3013 1951 δόξαν
3048 1885 3236 1948 αὑτοῦ,
3270 1887 3426 1949 δόξαν
3457 1887 3531 1948 ὡς
3564 1885 3923 1952 Μονογενοῦς

2334 1980 2483 2047 παρά
2507 1978 2759 2047 Πατρός)
2806 1977 3019 2047 πλήρης
3051 1977 3272 2046 χάριτος
3294 1978 3388 2029 καὶ
3416 1976 3693 2046 ἀληθείας.
3729 1996 3747 2027 ι
3809 1978 3921 2045 Boi

2331 2070 2388 2124 δὲ
2425 2070 2516 2122 καὶ
2568 2067 2865 2135 Σοιρονίας⁰
2909 2085 2928 2117 ι
2972 2067 3397 2135 Ἐπιφανήσεται
3449 2067 3655 2134 Κύριος
3699 2069 3794 2118 ἐπ’
3821 2068 3925 2119 αύ-

2332 2163 2481 2224 τοίις,
2514 2160 2610 2213 καὶ
2638 2158 3008 2228 ὲξολοθρεύσει
3038 2158 3244 2218 πάντας
3281 2158 3408 2216 τοὺς
3440 2156 3597 2217 θεοὺς
3629 2157 3732 2224 τῆς
3772 2156 3883 2223 γῆς

2335 2252 2430 2304 xal
2452 2250 2916 2319 προσκυνήσουσιν
2945 2246 3091 2315 αύτῷ
3124 2248 3353 2310 ἕκαστος
3387 2247 3451 2297 ὲκ
3485 2245 3577 2297 τοῦ
3615 2245 3792 2297 τόπου
3818 2245 3920 2297 αύο

2335 2339 2451 2402 τοῦ,
2483 2341 2576 2391 καὶ
2598 2341 2767 2391 πᾶσαι
2800 2340 2855 2390 αί
2891 2339 3041 2406 νῆσοι
3092 2335 3200 2389 τῶν
3243 2335 3435 2388 ἐθνῶν.
3471 2355 3490 2386 ι
3549 2335 3771 2405 Ἐπειδὴ
3808 2334 3920 2403 γὰρ

2348 2431 2632 2492 Ἰουδαίους
2668 2433 2744 2491 είς
2784 2429 2874 2481 τὸν
2903 2430 2960 2480 ὲν
2992 2426 3382 2497 Ἱεροσολύμοις
3431 2425 3566 2478 νεὼν
3596 2426 3918 2495 ξυντρέχειν

2337 2521 2637 2580 ἐκέλευσεν,
2671 2516 2979 2592 ἀναγκαίως
3013 2515 3393 2584 προστέθεικεν
3419 2514 3516 2579 ὡς,
3549 2515 3660 2568 τῶν
3711 2515 3916 2568 καλου-

2343 2612 2520 2681 μένων
2536 2610 2672 2662 θεῶν
2699 2607 2918 2676 ἀφανῶν
2941 2607 3371 2676 γενομένων.τδν
3400 2606 3654 2674 ἀληθινὸν
3683 2606 3918 2667 ῑκαστος

2339 2699 2703 2770 προσκυνήσει
2735 2697 2886 2756 Θεὸν,
2920 2696 3020 2747 ούκ
3040 2699 3118 2757 είς
3146 2696 3360 2765 ἐκείνην
3387 2696 3600 2764 τρέχειν
3627 2695 3730 2764 τὴν
3761 2694 3914 2745 πόλιν

2338 2788 2803 2856 ἀναγκαζόμενος,
2854 2784 2968 2838 ἀλλ’
2997 2786 3054 2838 ὲν
3082 2787 3202 2844 ταῖς
3232 2783 3433 2846 οἰκίαις
3476 2783 3520 2813 ⁸⁸
3559 2782 3656 2834 ml
3701 2781 3912 2844 πόλεσι,

2340 2883 2435 2936 καὶ
2463 2880 2697 2948 κώμαις,
2724 2878 2816 2930 καὶ
2843 2877 3032 2945 ἀγροῖς
3057 2875 3114 2926 τὸ
3144 2874 3306 2934 σέϐας
3336 2873 3759 2945 προσφέροντες.
3807 2874 3914 2925 Καὶ

2345 2973 2458 3042 μετ’
2482 2971 2638 3036 ὀλίγα
2660 2967 2715 3018 δὲ
2746 2966 2907 3018 πάλιν
2941 2966 2982 2996 ⁸⁷
3019 2963 3185 3034 φησί’
3219 2982 3237 3014 ι
3275 2965 3408 3016 Τότε
3439 2963 3804 3032 μεταστρέψαι
3826 2964 3914 3014 επὶ

2341 3063 2501 3122 λαοὺς
2522 3058 2770 3127 γλῶσσαν
2793 3058 2870 3118 είς
2893 3053 3084 3123 γενεὰν
3110 3055 3312 3114 αὐτοῖς,
3339 3053 3433 3105 τοῦ
3459 3054 3844 3105 ἐπικαλεῖσθαι
3872 3048 3912 3084 ⁸³

2341 3153 2401 3204 τὸ
2432 3151 2600 3218 όνομα
2631 3147 2856 3216 Κυρίου,
2885 3146 2978 3198 τοῦ
3003 3145 3270 3196 δουλεύειν
3292 3144 3440 3213 αύτῷ
3468 3145 3572 3196 ύπδ
3604 3143 3765 3210 ζυγὸν
3798 3144 3908 3196 ἕνα·

2343 3245 2405 3294 ὲκ
2423 3241 2672 3311 περάτων
2707 3237 2965 3307 ποταμῶν
2998 3235 3280 3298 Αἰθιοπίας
3301 3235 3506 3287 οἴσουσι
3539 3235 3735 3296 θυσίας
3765 3253 3906 3304 μοι.)

2343 3330 2453 3401 Τὴν
2487 3332 2594 3400 γὰρ
2623 3330 2686 3398 δὴ
2729 3329 2856 3398 μίαν
2905 3326 3012 3380 τῶν
3061 3325 3373 3378 ἀποστόλων
3430 3325 3677 3391 γλῶτταν
3705 3364 3720 3387 ,
3757 3325 3913 3378 Γαλι-

2341 3424 2499 3476 λαίαν
2529 3424 2572 3454 ⁶⁹
2596 3419 2780 3484 οὖσαν,
2819 3421 2896 3481 είς
2919 3418 3016 3480 τάς
3045 3419 3302 3471 ἀπάντων
3335 3417 3441 3470 τῶν
3480 3416 3649 3470 ἐθνῶν
3675 3416 3911 3484 κατεμέ-

2346 3529 2463 3582 ρισε
2493 3510 2754 3577 γλώττας,
2781 3509 2872 3559 ml
2900 3508 3299 3577 προσενήνοχεν
3326 3506 3497 3560 ἀπασι
3525 3506 3624 3574 τὴν
3646 3507 3910 3575 σωτήριον

2345 3603 2534 3672 κλῆσιν
2581 3601 2644 3651 ⁷ο.
2696 3599 2803 3655 Καὶ
2838 3598 3018 3666 μέντοι
3048 3597 3144 3648 ml
3192 3595 3281 3648 διὰ
3330 3594 3600 3664 Ζαχαρίου
3647 3595 3910 3665 σύμφωνα

2346 3690 2729 3763 προθεσπίζειο
2797 3708 2816 3740 ι
2856 3689 3069 3757 Τέρπου
3133 3688 3226 3740 ml
3285 3689 3611 3758 εὐφραίνου,
3677 3686 3910 3755 θύγατερ

2345 3781 2481 3834 Σιών
2501 3799 2514 3810 ο
2543 3781 2673 3833 διότι
2709 3781 2817 3832 ἰδοὺ
2845 3780 2956 3846 ἐγὼ
2980 3779 3211 3848 ἔρχομαι
3232 3817 3246 3841 ,
3282 3780 3377 3832 ml
3411 3778 3820 3846 κατασκηνώσω
3855 3780 3910 3828 έν

2348 3872 2497 3942 μέσῳ
2547 3887 2676 3933 σου,
2713 3869 2859 3936 λέγει
2906 3869 3139 3940 Κύριος·
3186 3872 3280 3924 καὶ
3322 3870 3750 3940 καταφεύξονται
3784 3870 3908 3938 ἔθνη

2348 3958 2514 4010 πολλά
2543 3957 2634 4009 ἐπὶ
2663 3958 2752 4009 τὸν
2775 3957 2978 4027 Κύριον
2998 3961 3054 4010 ὲν
3081 3961 3146 4027 τῇ
3179 3960 3361 4029 ἡμέρᾳ.
3408 3960 3614 4033 ἐκείνῃ,
3653 3961 3746 4013 καὶ
3768 3961 3909 4012 ἔσον-

2347 4066 2438 4102 ται
2458 4048 2604 4118 αύτῷ
2632 4051 2711 4110 είς
2733 4048 2859 4101 λαόν
2885 4065 2898 4078 ο
2923 4051 3016 4100 ml
3034 4046 3448 4119 κατασκηνώσει
3472 4052 3512 4082 τι
3538 4053 3598 4104 ὲν
3627 4052 3772 4121 μέσῳ
3797 4068 3901 4103 σου·

2348 4143 2442 4194 καὶ
2475 4139 2658 4210 γνώσῃ
2699 4141 2779 4192 ὅτι
2813 4141 3016 4209 Κύριος
3065 4143 3454 4212 παντοκράτωρ
3487 4143 3794 4194 ἀπέσταλκέ
3843 4159 3903 4210 με

2348 4232 2482 4302 πρὸς
2521 4232 2600 4284 σέ.
2640 4250 2658 4283 ι
2710 4230 2800 4283 Ἑν
2820 4231 2875 4283 δὲ
2901 4232 3110 4294 τούτοις
3137 4234 3166 4284 6
3195 4232 3504 4303 Μονογενὴς
3532 4234 3628 4285 καὶ
3645 4234 3706 4285 τὸ
3720 4236 3902 4285 οἰκεῖον

2349 4322 2444 4374 ml
2480 4321 2540 4373 τὸ
2559 4321 2653 4373 τοῦ
2683 4321 2892 4392 Πατρός
2923 4321 3163 4388 ἐπέδειξε
3187 4322 3228 4353 τ’
3258 4323 3565 4393 πρόσωπον.
3619 4324 3900 4376 Ἀπεστάλο

674 4413 1032 4483 dissipabitur
1060 4431 1220 4490 arcus
1242 4416 1390 4478 belli,
1427 4428 1483 4470 et
1504 4416 1799 4469 multitudo
1830 4419 1980 4486 pacis
2007 4435 2074 4472 ex
2109 4436 2236 4490 gen-

2349 4413 2435 4465 θαι
2464 4414 2519 4466 δὲ
2539 4415 2781 4482 εἴρηκεν,
2819 4413 3120 4483 ἐπειδήπερ
3153 4416 3252 4484 οὐχ
3281 4415 3357 4478 ὡς
3387 4415 3550 4477 Θεὸς,
3582 4415 3697 4466 ἀλλ’
3721 4415 3793 4477 ὡς
3820 4418 3902 4469 ἀν-

677 4506 840 4560 tibus.
871 4506 940 4560 Et
970 4507 1343 4560 dominabitur
1382 4524 1410 4560 a
1441 4509 1576 4562 mari
1605 4525 1777 4577 usque
1820 4509 1884 4562 ad
1923 4526 2090 4576 mare,
2130 4521 2186 4565 et
2211 4527 2236 4566 a

2350 4506 2564 4576 θρωπος
2583 4507 2826 4574 ἐπεφάνη
2846 4521 2860 4536 ⁸
2887 4507 3086 4576 πρέπει
3122 4507 3179 4559 δὲ
3208 4507 3356 4576 αύτῷ
3378 4507 3475 4576 τὴν
3516 4507 3658 4577 ὑπὲρ
3698 4507 3798 4559 τῶν
3821 4507 3901 4558 ἀν-

675 4597 998 4652 ﬂuminibus
1025 4579 1197 4666 usque
1229 4597 1294 4651 ad
1326 4597 1463 4653 ﬁnes
1489 4608 1645 4653 terra:
1668 4612 1724 4653 ω.
1768 4620 1785 4650 ›
1819 4601 1886 4655 Ει
1915 4617 2103 4656 rursus
2120 4611 2236 4672 post

2351 4596 2581 4667 θρώπων
2602 4597 2947 4668 δικαιοσύνην
2970 4595 3398 4668 παραγενομένῳ
3421 4597 3729 4667 πληρῶσαι,
3749 4597 3901 4660 δεῖξαι

677 4690 888 4743 multa:
926 4707 944 4740 ι
990 4688 1058 4742 Ει
1083 4689 1344 4742 Dominus
1377 4691 1481 4742 erit
1523 4706 1616 4744 rex
1643 4707 1807 4760 super
1837 4691 2004 4764 978
2024 4709 2236 4748 omnem

2349 4689 2405 4741 δὲ
2435 4690 2527 4742 καὶ
2579 4690 2626 4722 ⁷³
2661 4689 2758 4759 τὴν
2802 4690 3203 4760 ἐπαινουμένην
3253 4691 3522 4760 ὑπακοήν.
3573 4690 3686 4742 Καὶ
3728 4688 3896 4741 πάλιν·

677 4789 902 4832 terram.
932 4779 1028 4832 Die
1059 4778 1152 4831 illo
1188 4778 1293 4831 erit
1324 4779 1586 4833 Dominus
1614 4795 1775 4843 unus,
1801 4791 1856 4833 et
1885 4796 2085 4834 nomen
2124 4784 2236 4852 ejus

2357 4795 2377 4828 ι
2412 4779 2581 4847 Χαῖρε
2619 4779 2855 4848 σφόδρα,
2898 4780 3133 4850 θύγατερ
3180 4779 3351 4831 Σιών·
3381 4780 3641 4848 κήρυσσε,
3684 4777 3900 4845 θύγατερ

682 4884 871 4932 unum,
894 4869 1142 4922 ambiens
1165 4869 1220 4922 in
1242 4869 1475 4924 circuitu
1503 4886 1717 4924 omnem
1743 4879 1944 4926 terram
1975 4882 2030 4927 et
2059 4874 2236 4927 deser-

2363 4869 2744 4941 Ἰερουσαλήμσ
2793 4871 2922 4924 Ἰδοὺ
2962 4873 2990 4923 ό
3025 4871 3273 4939 βασιλεύς
3326 4888 3418 4923 σου
3458 4871 3679 4942 ἔρχεταί
3721 4888 3797 4923 σοι
3844 4871 3901 4921 δί-

679 4967 796 5013 ιιιιιι
816 4967 864 5012 ιι.
895 4979 914 5010 ι
951 4957 1220 5024 Quidnam
1243 4959 1461 5023 horum,
1488 4961 1662 5025 oviri,
1692 4971 1777 5015 est
1808 4962 2123 5026 obscurum,
2152 4971 2236 5016 aul

2353 4977 2506 5024 καιος
2532 4961 2626 5013 ml
2659 4959 2874 5026 σώζωνο
2910 4960 3070 5024 αὐτὸς
3099 4960 3304 5030 πραῢς,
3339 4961 3432 5014 καὶ
3463 4957 3799 5028 ἐπιϐεϐηκὼς
3819 4957 3899 5008 ἐπὶ

679 5049 1027 5102 enarratione
1075 5047 1323 5117 indiget?
1371 5047 1518 5106 Aut'
1553 5049 1684 5119 quid
1714 5065 1902 5104 eorum
1939 5067 2060 5121 qua:
2101 5052 2236 5106 dicta

2356 5051 2647 5121 ὑποζύγιον
2673 5053 2768 5105 ml
2801 5051 2978 5104 πῶλον
2995 5052 3133 5104 νέον.
3168 5052 3280 5105 Καὶ
3303 5051 3674 5121 έξολοθρεύσει
3700 5051 3898 5122 ἅρματα

755 5204 781 5242 Β
808 5202 974 5274 Amos
992 5216 1064 5274 ιζ.
1086 5198 1137 5254 9.
1215 5200 1242 5240 h
1269 5199 1514 5274 ibid._ll,
1543 5203 1626 5274 lg.
1685 5202 1719 5274 _i
1751 5203 1907 5256 Joan.
1948 5219 1988 5274 ι,
2015 5204 2110 5274 Η.
2182 5203 2196 5253 i
2234 5211 2236 5257 ξ

2337 5203 2477 5260 ιίιοι).
2504 5220 2561 5269 ιι,
2592 5205 2678 5258 11.
2760 5200 2784 5241 ¹ι
2813 5163 3054 5274 Sophon.
3080 5220 3158 5270 ιιι,
3191 5204 3246 5270 9,
3281 5203 3366 5258 10.
3455 5202 3720 5258 l‘Zachar.
3745 5217 3794 5261 ιι.
3822 5202 3895 5270 10,

685 5272 772 5326 11.
844 5283 884 5311 ιιι
916 5271 1139 5326 Zachar.
1167 5286 1240 5335 ix,
1278 5271 1331 5335 9,
1363 5269 1447 5324 10.
1528 5281 1553 5307 η
1577 5271 1802 5325 Zachar.
1833 5289 1941 5338 xxv,
1971 5273 2025 5337 9,
2056 5271 2144 5325 10.

1984 5363 2214 5418 vitam
2233 5345 2660 5424 ,LECTIONES.’

758 5478 822 5548 “_
837 5477 929 5530 ml
953 5476 1831 5548 ἀνοικοδομήσω-ἀνοικοδομήσω
1855 5493 1964 5532 om.
1983 5478 2081 5540 Va,
2111 5480 2236 5530 ἀνοιτ

2337 5477 2518 5548 >μήσω
2552 5492 2662 5548 qm.
2694 5476 2736 5529 Β
2781 5483 2904 5545 post
2932 5475 3364 5548 κατεσκζαύτῆς.
3443 5477 3486 5548 f"
3521 5476 3695 5548 πάντα
3719 5491 3816 5548 om.
3846 5481 3892 5532 Β.

689 5549 734 5581 ⁸³
761 5549 789 5599 ό
812 5546 982 5612 λόγος.
1015 5550 1108 5600 ml
1142 5550 1169 5599 6
1202 5545 1270 5599 λ.⁷
1287 5547 1346 5600 Β.
1421 5547 1464 5578 ⁸⁸
1490 5545 1715 5609 οἰκείαις
1738 5545 1904 5602 Sirm.
1998 5549 2041 5578 ⁸⁷
2068 5548 2123 5599 δὲ
2146 5547 2236 5599 πά]

2337 5545 2443 5600 om.
2486 5545 2546 5599 B.
2575 5547 2712 5600 Tum
2751 5548 2842 5598 ἐπὶ
2871 5545 3094 5608 πολλοὺς
3131 5545 3191 5606 Β,
3228 5548 3317 5596 ἐπὶ
3349 5545 3510 5608 λαοὺς
3535 5545 3633 5599 Vb.
3722 5546 3762 5576 ⁸³
3793 5547 3895 5596 tm-

690 5616 987 5671 καλεῖσθαι.
1023 5615 1396 5669 ἐπικαλεῖσθαι
1444 5617 1648 5680 πάντας
1671 5617 1739 5670 Β.
1836 5619 1879 5649 θ’
1915 5617 2220 5671 Γαλιλαίαν.
2271 5615 2548 5669 Γαλιλαῖον
2576 5616 2635 5669 Β.
2733 5616 2777 5646 ’θ
2808 5615 3016 5684 κλῆσιν.
3047 5615 3221 5684 κλίσιν
3252 5614 3310 5667 Β.
3419 5615 3459 5645 ⁷¹
3495 5614 3892 5684 κατασκηνώσει.

2733 5616 2777 5646 ’θ
2808 5615 3016 5684 κλῆσιν.
3047 5615 3221 5684 κλίσιν
3252 5613 3310 5667 Β.

697 5685 1101 5754 κατασκηνώσω
1129 5686 1184 5738 Β.
1292 5686 1332 5714 τ’
1361 5685 1619 5749 ἐπέδειξε.
1673 5686 1832 5751 ἔδειξε
1867 5689 1923 5741 Β.
1982 5687 2288 5753 ἐπεδείξατο
2317 5685 2376 5739 C.

2477 5687 2520 5716 ’³
2545 5685 2597 5736 δὲ
2622 5686 2732 5738 καί.
2777 5685 2832 5737 δὲ
2862 5700 2970 5737 om.
3011 5685 3068 5748 Β,
3091 5683 3151 5738 C.
