4080 6370
116 434 254 501 1089
784 433 1224 494 GR/ECARUM
1264 430 1564 490 AFFECT.
1607 429 1727 490 CUI

1774 408 2041 511 mog
2069 433 2140 490 Χ.
2188 433 2283 491 DE
2315 430 2709 492 onacuus.
2801 491 2804 494 ,
3254 429 3385 501 1090

109 549 173 616 ἐξ
208 546 357 620 [HQ]
398 547 654 618 Ἐφρατμ,
695 547 790 600 καὶ
842 548 1009 600 ἵππον
1053 545 1111 609 ἐξ
1151 545 1546 615 Ἰερουσαλήμ·
1596 543 1690 595 καὶ

1796 553 1943 606 sunt,
1978 559 2160 598 rerum
2198 545 2443 614 ipsarum
2485 544 2863 601 testimonium
2894 560 3002 598 non
3041 544 3244 600 habet?
3271 548 3385 600 Au-

113 637 630 708 ὲξολοθρευθήσεται
657 635 808 700 τόξον
837 635 1158 705 πολεμικόν·
1190 638 1285 689 καὶ
1315 636 1520 705 πλῆθος
1552 634 1697 704 εἰρή-

1803 633 1916 686 dite
1947 649 2046 702 per
2070 650 2132 688 os
2176 635 2456 690 Malaehia:
2500 636 2674 689 Deum
2712 637 3098 690 universorum
3123 637 3385 691 lsraelcm

113 747 217 798 νης
247 729 302 796 ἐξ
330 729 497 782 ἐθνῶν
521 743 536 758 ⁶
570 728 661 780 καὶ
695 725 957 796 κατάρξει
987 727 1094 780 ἀπὸ
1140 727 1417 794 θαλάσσης
1467 725 1570 786 ἕως
1600 724 1696 777 θα-

1801 725 2224 792 compellantem
2258 745 2269 779 :
2314 746 2331 778 ι
2363 727 2483 782 Non
2511 736 2596 784 est
2637 727 2772 781 mihi
2819 729 3074 783 voluntas
3106 729 3162 782 in
3205 729 3383 794 vobis,

113 823 346 891 λάσσης,
369 821 462 872 καὶ
480 819 586 872 ἀπὸ
616 817 876 887 ποταμῶν
906 817 1010 880 ἕως
1042 817 1336 870 διεκϐολῶν
1369 816 1493 886 γῆς.
1534 833 1552 866 ι
1585 814 1694 867 Καὶ

1802 813 1940 870 dicit
1961 815 2230 870 Dominus
2265 835 2277 870 :
2306 833 2488 886 neque
2518 819 2850 873 sacrificium
2885 819 3149 888 accipiam
3177 819 3245 873 de
3267 835 3385 873 ma-

120 914 263 981 μετά
294 915 545 965 πλεῖστα·
584 928 601 961 ι
639 910 744 962 Καὶ
782 909 932 973 ἔσται
977 909 1179 981 Κύριος
1223 910 1302 969 εἰς
1346 907 1568 976 βασιλέα
1598 907 1692 960 επὶ

1800 905 1966 960 nibus
2006 909 2243 973 vestris,
2274 909 2536 978 quoniam
2577 910 2646 963 ab
2688 919 2816 963 ortu
2858 911 2989 964 solis
3026 920 3081 963 et
3114 925 3286 978 usque
3318 909 3386 963 ad

117 1007 302 1058 πᾶσαν
333 1003 428 1072 τὴν
457 1001 594 1070 γῆν·
630 1001 688 1052 ἐν
735 1003 802 1070 τῇ
838 1000 1023 1071 ἡμέρᾳ
1057 999 1242 1071 ἐκείνῃ
1290 997 1440 1050 ἔσται
1490 998 1694 1068 Κύριος

1784 1013 2077 1062 occasum,
2095 1014 2295 1055 nomen
2323 1016 2506 1056 meum
2524 1000 2884 1071 gloriﬁcatum
2917 1001 3076 1055 estin
3101 1000 3383 1070 gentibus:

117 1093 226 1158 εἷς,
255 1095 348 1147 καὶ
374 1093 434 1145 τὸ
465 1093 637 1160 ὄνομα
665 1090 826 1144 αὐτοῦ
861 1090 946 1155 ἒν,
984 1089 1212 1142 κυκλοῦν
1259 1090 1436 1142 πᾶσαν
1459 1088 1555 1157 τὴν
1589 1087 1694 1155 γῆν

1800 1096 1857 1142 et
1888 1089 1943 1142 in
1973 1090 2123 1142 omni
2160 1089 2281 1144 loco
2319 1090 2616 1161 thymiama
2644 1091 2876 1145 otl'ertur
2908 1091 3117 1145 nomini
3155 1105 3299 1153 meo,
3331 1097 3387 1144 et

120 1187 218 1238 καὶ
245 1187 341 1253 τὴν
369 1184 598 1253 ἔρημον.
629 1201 647 1232 ι
670 1183 736 1234 Τί
757 1182 983 1246 τούτων,
1008 1176 1280 1249 ὧᾰνδρες.
1311 1176 1697 1246 ξυνεσκιασμέο

1803 1177 2132 1232 sacrificium
2164 1195 2387 1247 purum,
2419 1180 2548 1248 quia
2583 1195 2839 1244 magnum
2867 1188 2950 1233 est
2977 1195 3174 1232 nomen
3202 1193 3386 1231 meum

120 1297 237 1343 νον,
263 1279 296 1348 ἢ
331 1279 629 1346 σαφηνείας
655 1277 939 1346 δεόμενον;
966 1273 1119 1326 Ποῖον
1152 1272 1208 1325 δὲ
1239 1271 1281 1302 ⁷⁵
1317 1272 1425 1323 τῶν
1474 1269 1694 1339 εἰρημέο

1805 1266 1861 1320 ἰιι
1894 1267 2171 1335 gentibus,
2198 1266 2334 1321 dicit
2362 1267 2628 1321 Dominus
2651 1266 3002 1335 omnipotens
3037 1281 3050 1316 :
3075 1279 3170 1318 vos
3203 1272 3385 1317 autem

119 1385 232 1419 νων
256 1367 353 1419 οὐκ
378 1365 489 1435 ἔχει
518 1365 727 1434 βοῶσαν
743 1365 851 1416 τῶν
869 1362 1208 1432 πραγμάτων
1238 1359 1334 1428 τὴν
1365 1357 1694 1428 μαρτυρίαν;

796 1366 851 1415 ὒν
869 1362 1208 1432 πραγμάτων
1238 1359 1334 1428 τὴν
1365 1357 1694 1428 μαρτυρίαν;
1804 1356 2105 1426 profanatis
2143 1357 2278 1411 illud
2301 1366 2347 1410 °.
2389 1377 2407 1407 ι

134 1454 429 1506 Ἀκούσατε
453 1455 518 1522 δὴ
553 1455 646 1506 καὶ
675 1454 760 1506 διὰ
790 1451 1070 1521 Μαλαχίου
1109 1449 1203 1502 τοῦ
1246 1448 1381 1502 Θεοῦ
1414 1449 1524 1501 τῶν
1557 1447 1693 1500 ὅλων
1731 1448 1870 1516 πρὸς
1911 1447 2000 1500 τὸν
2024 1447 2242 1518 Ἰσραὴλ
2294 1448 2576 1515 λέγοντος*
2610 1467 2629 1497 ι
2668 1447 2782 1499 Οὐκ
2850 1446 2965 1498 ἔστι
3036 1463 3125 1514 μοι
3176 1445 3390 1515 θέλημα

121 1548 180 1596 ἐν
205 1547 353 1615 ὑμῖν,
407 1545 553 1613 λέγει
598 1544 798 1609 Κύριος
819 1559 832 1573 ·
871 1543 964 1595 καὶ
1017 1541 1206 1594 θυσίαν
1269 1541 1330 1593 οὐ
1398 1538 1763 1609 προσδέξομαι
1805 1539 1869 1590 ἐκ
1897 1538 2005 1590 τῶν
2027 1538 2226 1608 χειρῶν
2248 1538 2400 1609 ὑμῶν
2421 1555 2435 1569 ·
2464 1539 2600 1592 διότι
2621 1538 2729 1590 ἀπὸ
2750 1537 3025 1591 ἀνατολῶν
3042 1537 3190 1605 ἡλίου
3217 1539 3311 1590 καὶ
3341 1537 3384 1570 ⁷⁸

120 1638 233 1701 ἕως
263 1639 478 1707 δυσμῶν
504 1639 565 1691 τὸ
586 1639 754 1708 ὄνομά
785 1654 885 1706 μου
914 1637 1227 1702 δεδόξασται
1257 1637 1315 1689 ἐν
1344 1637 1456 1698 τοῖς
1496 1633 1694 1686 ἔθνεσι·
1740 1633 1834 1685 καὶ
1869 1633 1925 1684 ἐν
1958 1633 2122 1686 παντὶ
2185 1634 2333 1704 τόπῳ
2397 1633 2646 1703 θυμίαμα
2680 1631 3045 1702 προσφέρεται
3067 1631 3142 1700 τῷ
3164 1632 3389 1702 ὀνόματί

125 1748 254 1798 μου,
279 1734 372 1783 καὶ
403 1731 559 1783 θυσία
587 1730 821 1799 καθαρά.
883 1730 1026 1782 Διότι
1065 1729 1206 1798 μέγα
1247 1729 1306 1780 τὸ
1373 1726 1545 1796 δνομά
1581 1741 1684 1796 μου
1716 1725 1773 1776 ἐν
1810 1727 1924 1787 τοῖς
1947 1725 2144 1789 ἔθνεσι,
2167 1725 2318 1792 λέγει
2343 1725 2547 1796 Κύριος
2580 1724 2972 1794 παντοκράτωρ
2994 1738 3005 1750 ·
3030 1724 3187 1792 ὑμεῖς
3214 1722 3269 1775 δὲ
3303 1723 3390 1792 βεο

123 1819 358 1890 δηλοῦτε
386 1822 534 1875 αὑτό.
574 1841 592 1872 ι

198 1913 501 1984 Παράθετε,
529 1907 574 1965 ὦ
594 1912 834 1982 φιλότης,
861 1911 990 1975 τοὺς
1006 1910 1198 1978 λόγους
1250 1911 1362 1968 τοῖς
1386 1907 1695 1979 πράγμασι,
1736 1910 1776 1964 Β

1774 1943 1776 1954 ι
1877 1903 2225 1974 Comparate,
2277 1905 2461 1971 amici,
2515 1906 2682 1960 verba
2717 1905 2832 1962 haec
2860 1921 2984 1961 cum
3031 1907 3198 1961 rebus
3233 1905 3385 1976 ipsis,

123 2002 222 2054 καλ⁵
254 1997 476 2069 βλέπετε
501 2001 594 2054 καὶ
620 1999 716 2070 τὴν
744 2000 1011 2053 Ἰουδαίων
1027 1999 1354 2066 ἀντιλογίαν,
1377 1998 1470 2052 καὶ
1482 1997 1579 2068 τὴν
1597 1995 1706 2048 τῶν

1807 2013 1870 2052 ac
1896 1998 2081 2053 videte
2121 2007 2238 2052 tum
2268 1999 2580 2055 Judaaorum
2619 2002 3021 2056 contumaciam
3046 2041 3060 2066 ,
3091 2012 3207 2055 tum
3252 2018 3387 2072 gen-

51 2102 56 2106 ‘
123 2093 298 2145 ἐθνῶν
312 2092 618 2162 ὁμολογίαν,
637 2092 730 2144 καὶ
746 2091 843 2163 τὴν
864 2091 1111 2160 πανταχῆ
1129 2091 1174 2122 ⁷⁸
1190 2091 1290 2160 γῆς
1320 2089 1412 2142 καὶ
1438 2087 1662 2142 θαλάτττ

1809 2089 1945 2143 tium
1983 2089 2384 2144 confessionem
2412 2132 2426 2155 ,
2473 2100 2530 2145 et
2560 2091 2764 2161 ubique
2790 2101 2935 2146 terra
2969 2107 3033 2146 ac
3053 2093 3192 2146 mari
3223 2093 3387 2162 spiri-

122 2186 584 2256 προσφερομένην
619 2181 810 2237 Θυσίαν
849 2183 926 2250 τῷ
961 2183 1080 2252 Θεῷ
1112 2181 1221 2234 τῶν
1244 2180 1380 2234 ὅλων
1408 2195 1706 2248 πνευματι-

1810 2183 1955 2236 tuale
1996 2181 2227 2236 Domino
2264 2181 2594 2236 sacrificium
2622 2183 2809 2237 offerri
2841 2201 2852 2236 :
2881 2199 3118 2253 eumque
3146 2183 3386 2246 laudate,

123 2277 250 2345 κὴν,
287 2277 381 2328 καὶ
418 2276 695 2344 ὑμνήσατε
733 2273 824 2327 τὸν
857 2272 1028 2336 οὕτως
1063 2272 1307 2342 ἐναργῶς
1359 2269 1536 2325 ταῦτα
1575 2287 1708 2340 προ-

1808 2275 1901 2344 qui
1923 2274 2037 2328 haec
2066 2282 2175 2328 tam
2220 2274 2509 2329 manifeste
2551 2272 2824 2345 praedixit.
2855 2273 3013 2340 Quod
3037 2276 3082 2328 si
3115 2275 3303 2338 vultis,
3333 2284 3391 2330 et

122 2364 580 2434 αγορεύσαντα⁷¹.
604 2363 664 2416 Εἰ
684 2363 740 2414 δὲ
768 2361 1149 2432 βούλεσθε,κα“ι
1165 2360 1253 2413 τοῦ
1270 2359 1484 2428 Δανιὴλ,
1505 2356 1704 2411 καὶτοῦ

1809 2364 2071 2428 Danielis,
2125 2374 2182 2417 et
2231 2363 2559 2428 Ezechielis,
2614 2373 2671 2418 et
2703 2364 2894 2428 Joelis,
2945 2373 2999 2418 et
3034 2365 3290 2429 Michaate,
3334 2376 3391 2419 et

135 2455 400 2524 Ἰεζεκιὴλ
416 2462 510 2507 καὶ
524 2452 618 2506 τοῦ
649 2453 802 2523 ἰωὴλ
817 2451 885 2510 ⁷⁸.
906 2459 998 2504 καὶ
1013 2452 1272 2521 Μιχαίου,
1292 2449 1385 2503 καὶ
1408 2448 1589 2517 Ὠσηὲ,
1609 2449 1706 2502 καὶ

1808 2452 1982 2519 Osca,
2010 2452 2356 2522 aliorumque
2389 2455 2784 2524 prophetarum
2815 2455 3056 2508 oraculis
3086 2457 3274 2510 oculos
3296 2457 3392 2510 ad-

121 2542 231 2596 τῶν
244 2544 421 2597 ἄλλων
442 2543 732 2614 προφητῶν
747 2543 1019 2608 ἁνάγνωτε
1034 2541 1100 2593 τὰ
1123 2540 1483 2609 θεσπίσματα.
1502 2539 1707 2590 Ἀπαν-

1807 2554 2042 2599 movete.
2078 2545 2282 2600 Omnes
2310 2547 2458 2600 enim
2489 2546 2734 2616 gentium
2783 2546 3012 2600 salutem
3063 2547 3386 2615 prmdieunt.

121 2652 214 2698 τες
244 2636 356 2705 γάρ
376 2652 459 2687 τοι
476 2635 519 2665 τ’
536 2633 756 2704 τὴντῶν
773 2631 941 2684 ἐθνῶν
961 2630 1388 2702 προαγορεύουσι
1410 2628 1703 2699 σωτηρίαν.

1808 2633 1952 2700 Quin
1995 2642 2050 2688 et
2082 2636 2227 2688 Deus
2269 2635 2384 2704 ipse
2416 2651 2541 2690 cum
2574 2637 2886 2705 patriarcha
2911 2636 3223 2692 Abrahamo
3257 2638 3393 2692 insi-

124 2726 166 2776 Κ
178 2727 237 2777 αἱ
261 2725 446 2793 μέντοι
464 2725 556 2776 καὶ
574 2723 710 2792 πρὸς
726 2724 814 2774 τὸν
829 2721 1172 2790 πατριάρχην
1200 2719 1453 2788 Ἀϐραὰμ
1470 2718 1564 2780 τὰς
1584 2735 1708 2770 συν-

1818 2739 1912 2796 gne
1953 2725 2086 2779 illud
2117 2724 2297 2781 foedus
2319 2727 2658 2795 percutiens,
2692 2727 2747 2781 in
2772 2729 2979 2784 semine
3026 2730 3201 2798 ipsius
3227 2731 3390 2785 datu-
3428 2769 3429 2772 η

125 2815 303 2884 θήκας
350 2813 695 2883 ποιούμενος,
743 2813 832 2864 διὰ
857 2811 950 2864 τοῦ
985 2813 1294 2882 σπέρματος
1319 2809 1482 2862 αὐτοῦ
1515 2808 1707 2883 δώσει-ν

1810 2831 1935 2870 rum
1980 2830 2036 2869 se
2071 2817 2328 2886 gentibus
2355 2816 2802 2873 benedictionem
2845 2821 3114 2888 promisit.
3161 2839 3178 2871 ι
3211 2821 3389 2876 Bene-

123 2911 236 2969 τοῖς
266 2905 443 2958 ἔθνεσι
476 2906 575 2974 τὴν
605 2903 851 2970 εὐλογίαν
905 2903 1188 2972 ὑπέσχετο.
1231 2921 1249 2952 ι
1279 2901 1570 2970 Εὐλογήσω
1599 2901 1707 2968 γάρ

1809 2906 1988 2974 dicam
2021 2906 2142 2970 tibi,
2175 2907 2372 2976 inquit,
2405 2916 2461 2962 ct
2503 2909 2864 2978 magniﬁcabo
2897 2926 3097 2965 nomen
3132 2921 3306 2977 tuum,
3335 2923 3394 2968 et

125 3015 210 3061 σε,
241 2997 372 3068 ἔφη,
392 2995 488 3048 καὶ
509 2995 794 3066 μεγαλυνῶ
822 2995 882 3046 τὸ
905 2995 1074 3063 ὄνομά
1100 3010 1214 3057 σου,
1248 2994 1341 3044 καὶ
1365 2991 1464 3063 ἔσῃ
1487 2990 1708 3061 εὐλογη-

1809 3000 1921 3054 eris
1949 3000 2276 3055 benedictus
2304 3018 2317 3054 :
2348 3010 2403 3055 et
2429 3001 2752 3057 benedicam
2786 3003 3247 3060 benedicentibus
3267 3006 3389 3073 tibi,

132 3089 322 3159 μένος,
355 3088 450 3140 καὶ
483 3086 766 3155 εὐλογήσω
804 3087 928 3147 τοὺς
954 3082 1305 3152 εὐλογοῦντάς
1341 3099 1421 3147 σε,
1459 3083 1554 3134 καὶ
1583 3080 1708 3144 τοὺς

1808 3089 1975 3161 979
2005 3099 2060 3146 et
2089 3090 2544 3149 maledicentibus
2582 3094 2682 3149 tibi
2718 3096 3040 3152 maledicam
3078 3116 3091 3151 :
3133 3108 3189 3154 et
3219 3099 3393 3155 bene—

126 3177 556 3246 καταρωμένους
572 3191 633 3228 σε
654 3175 1057 3244 καταράσομαι,
1076 3174 1169 3225 καὶ
1190 3171 1707 3242 ἐνευλογηθήσονται
1735 3257 1737 3261 ι

1774 3182 2066 3260 Idicentur
2112 3183 2169 3237 in
2222 3183 2432 3240 semine
2479 3193 2576 3240 tuo
2631 3203 2823 3243 omnes
2856 3199 3049 3261 gentes
3102 3199 3263 3248 terra:
3280 3202 3328 3246 P.
3367 3211 3385 3244 ι

129 3268 186 3319 ἐν
227 3236 308 3334 τῶ
351 3236 628 3333 σπέρματί
671 3279 766 3315 σου
797 3236 972 3315 πάντα
997 3261 1067 3314 τὰ
1095 3260 1220 3332 ἔθνη
1245 3261 1343 3331 τῆς
1542 3279 1560 3310 ι
1599 3250 1740 3314 Καί⁴

1885 3236 1890 3237 ,
1942 3236 1990 3238 _,
2116 3236 2122 3237 ,
2485 3236 2568 3240 __-
2635 3236 2822 3243 νη---
2857 3236 3048 3261 ομην-
3105 3236 3328 3248 mw.-.
3367 3236 3384 3244 -

1779 3280 1780 3285 ‘
1810 3269 2001 3340 Neque
2033 3271 2137 3326 hoc
2171 3273 2249 3326 illi
2282 3275 2475 3340 semel,
2504 3291 2698 3332 verum
2723 3280 2925 3350 saepius
2951 3291 3036 3337 est
3068 3282 3347 3352 pollicitus
3376 3299 3390 3337 :

130 3354 338 3423 ταύτην
361 3353 510 3422 αὐτῷ
539 3355 635 3422 οὐχ
661 3351 830 3418 ἅπαξ,
859 3350 994 3404 ἀλλὰ
1023 3351 1116 3404 καὶ
1149 3352 1196 3383 ⁸ο
1223 3350 1480 3414 πολλάκις
1509 3351 1708 3404 δέδωκε

1811 3362 1944 3431 quin
1973 3371 2026 3416 et
2066 3377 2133 3417 eo
2163 3362 2444 3429 defuncto,
2474 3369 2724 3423 eamdem
2765 3350 3211 3428 benedictionem
3240 3372 3396 3428 dedit

129 3446 232 3518 τὴν
275 3445 596 3515 ὑπόσχεσιν
632 3444 724 3496 καὶ
763 3442 945 3513 μέντοι
972 3443 1063 3496 καὶ
1094 3442 1231 3512 μετὰ
1259 3443 1355 3512 τὴν
1388 3443 1594 3495 ἐκείνου
1619 3461 1709 3496 τε-

1811 3449 1924 3505 filio
1947 3452 2065 3522 ejus
2095 3451 2297 3516 lsaaco,
2329 3462 2562 3524 postque
2602 3457 2757 3511 illum
2802 3459 3025 3515 Jacobo.
3061 3460 3201 3528 Quia
3242 3464 3395 3518 enim

127 3538 324 3608 λευτὴν
511 3537 554 3568 θ’
582 3537 752 3607 αὐτὴν
780 3535 1019 3606 παρέσχε
1049 3535 1140 3588 καὶ
1163 3533 1240 3604 τῷ
1283 3535 1467 3588 Ἰσαὰκ
1495 3532 1638 3605 [τὴν]
1663 3535 1708 3567 ⁸⁸

1907 3543 2124 3599 illorum
2161 3547 2371 3600 semine
2407 3559 2687 3619 assumpta
2723 3559 2919 3606 natura
2958 3553 3220 3620 humana,
3256 3555 3394 3611 Uni-
3491 3602 3492 3605 η

131 3631 404 3698 εὐλογίαν,
437 3631 530 3683 καὶ
562 3630 677 3699 μετ’
706 3630 910 3681 ἐκεῖνον
939 3627 1100 3682 πάλιν
1131 3627 1208 3697 τῷ
1241 3626 1452 3681 Ἰακώϐ.
1490 3627 1710 3699 Ἐπειδὴ

1811 3636 2029 3705 genitus
2052 3637 2228 3692 factus
2263 3649 2348 3694 est
2375 3641 2583 3705 homo,-
2605 3649 2661 3695 et
2693 3642 2859 3697 homo
2883 3643 3080 3709 factus,
3106 3645 3393 3714 dispensa-

130 3723 240 3792 γὰρ
277 3723 343 3774 ἐκ
378 3720 474 3773 τοῦ
529 3721 843 3790 σπέρματος
892 3718 987 3771 τοῦ
1035 3717 1083 3750 ⁸⁸
1113 3718 1337 3770 ἐκείνων
1365 3717 1463 3788 τὴν
1494 3717 1708 3788 ἀνθρω-

1812 3727 2070 3798 tioneque
2109 3731 2352 3798 perfecta
2375 3773 2388 3796 ,
2425 3733 2483 3786 in
2512 3748 2730 3788 omnem
2763 3742 2964 3788 terram
2993 3736 3268 3804 apostolos
3295 3737 3398 3790 mi-

131 3813 292 3866 πείαν
337 3811 498 3880 φύσιν
550 3810 729 3863 λαϐὼν
775 3812 803 3863 ὁ
845 3808 1156 3879 Μονογενὴς
1193 3809 1611 3880 ἐνηνθρὼπησεν
1639 3810 1707 3874 ⁸⁸,

1811 3819 1904 3883 sit,
1951 3829 2250 3891 gentesque
2296 3839 2490 3878 omnes
2524 3825 2724 3878 docere
2770 3829 3052 3895 praecepit,
3100 3837 3155 3883 et
3207 3829 3312 3884 illa:
3341 3829 3396 3885 in

132 3903 562 3974 ἐνανθρωπήσας
612 3901 691 3965 δὲ,
751 3903 847 3954 καὶ
880 3901 981 3969 τὴν
1018 3901 1327 3969 οἰκονομίαν
1356 3899 1601 3965 τελέσας,
1631 3903 1710 3967 εἰς

1883 3908 2034 3962 ιιηίηο
2068 3909 2269 3972 Patris,
2307 3921 2362 3964 et
2393 3911 2537 3974 Filii,
2561 3919 2616 3964 et
2641 3910 2880 3979 Spiritus
2903 3915 3076 3967 sancti
3107 3915 3399 3970 credentes
3489 3921 3494 3928 '

132 3993 350 4047 ἃπασαν
394 3992 493 4062 τὴν
551 3991 875 4060 οἰκουμένην
902 3993 1027 4053 τοὺς
1058 3991 1386 4052 ἀποστόλους
1412 3991 1707 4060 ἐξέπεμψε,

1813 3996 2044 4052 salutem
2080 4007 2390 4054 consecuta
2420 4012 2547 4054 sunt
2572 4012 2620 4064 ς,
2645 4003 2769 4071 jure
2805 4012 2859 4055 et
2893 4004 3208 4058 Abrahamo
3240 4014 3296 4057 et
3331 4005 3399 4058 iis

132 4085 225 4136 καί¹
275 4080 576 4154 προσέταξε
639 4080 976 4151 μαθητεῦσαι
1036 4081 1212 4134 πάντα
1256 4080 1324 4131 τὰ
1376 4080 1501 4150 ἔθνη
1543 4083 1623 4143 εἰς
1650 4082 1709 4134 τὸ

1813 4085 1908 4154 qui
1945 4101 2011 4139 ex
2044 4101 2111 4141 eo
2151 4096 2281 4141 sunt
2309 4090 2512 4158 geniti,
2558 4088 2998 4144 benedictionem
3053 4093 3193 4146 hanc
3223 4092 3395 4157 dedit,

130 4177 301 4246 ὄνομα
356 4174 451 4226 τοῦ
499 4173 732 4243 Πατρὸς,
787 4173 881 4224 καὶ
935 4172 1027 4225 τοῦ
1068 4171 1222 4235 Υἰοῦ,
1279 4175 1371 4225 καὶ
1413 4174 1507 4226 τοῦ
1553 4173 1707 4242 ἁγίου

1810 4175 2131 4247 eisdemque
2159 4178 2343 4232 futura
2371 4179 3225 4251 praenuntians,magnitudinem
3262 4199 3399 4251 prm-

131 4266 471 4336 Πνεύματος,
495 4265 861 4317 πιστεύσαντα
890 4264 947 4315 δὲ
974 4263 1042 4316 τὰ
1076 4263 1200 4332 ἔθνη
1242 4264 1289 4296 ⁸⁸
1318 4265 1413 4334 τῆς
1438 4265 1709 4337 σωτηρίας

1810 4269 1906 4322 mii
1934 4269 2196 4335 ostendit,
2226 4285 2290 4324 ac
2319 4270 2636 4324 divinorum
2666 4272 2966 4326 verborum
2989 4273 3270 4327 auditores
3303 4290 3398 4344 spe

132 4357 446 4410 ἀπέλαυσεν
501 4355 585 4387 ⁸⁸⁸
638 4354 863 4417 εἰκότως
915 4354 1023 4425 ἄρα
1058 4355 1152 4407 καὶ
1203 4354 1278 4425 τῷ
1324 4355 1573 4426 Ἀϐραὰμ
1615 4358 1710 4411 καὶ

1811 4361 2006 4414 salutis
2046 4362 2365 4416 consolatus
2403 4371 2506 4416 est.
2554 4363 2792 4418 Jacobus
2843 4364 3009 4417 etiam
3063 4365 3394 4434 patriarcha,

130 4449 241 4508 τοῖς
297 4444 360 4510 ἐξ
419 4444 628 4497 ἐκείνου
666 4443 824 4513 τήνδε
883 4441 1125 4513 παρέσχε
1177 4442 1274 4512 τὴν
1309 4443 1577 4511 εὐλογίαν,
1617 4445 1710 4498 καὶ

1812 4466 1938 4506 cum
1980 4451 2133 4506 Juda:
2172 4451 2544 4516 benediceret,
2578 4453 2646 4508 de
2696 4454 2942 4524 gentium
3005 4455 3397 4511 benedictione

131 4536 314 4598 αὐτοῖς
360 4533 497 4603 δῆλα
539 4532 709 4585 ποιῶν
741 4532 809 4585 τὰ
842 4533 1095 4603 ἐσόμενα,
1124 4536 1218 4586 καὶ
1255 4536 1315 4586 τὸ
1355 4535 1585 4604 μέγεθος
1615 4536 1708 4588 τού
1741 4573 1742 4581 η

1783 4556 1924 4620 ,ῃοη
1956 4542 2144 4596 tacuit.
2185 4561 2202 4592 ι
2231 4542 2350 4596 Non
2381 4542 2603 4598 deﬁciet
2631 4545 2798 4607 enim,
2835 4543 3051 4614 inquit,
3099 4548 3358 4618 princeps
3379 4598 3394 4625 ,

129 4623 308 4693 γέρως
359 4622 407 4674 ⁸⁷
459 4621 785 4699 ἐπιδεικνὺς,
827 4621 1066 4684 καὶτοὺς
1098 4622 1204 4674 τῶν
1233 4622 1391 4675 θείων
1421 4625 1710 4687 ἐπαΐοντας
1739 4623 1740 4628 “

1812 4646 1880 4683 ex
1916 4629 2075 4694 Juda,
2107 4647 2285 4700 neque
2333 4630 2445 4684 dux
2491 4631 2559 4686 de
2601 4631 2903 4703 femoribus
2933 4634 3074 4703 ejus,
3108 4635 3283 4689 donec
3309 4621 3401 4689 ve:-

131 4714 328 4782 λογίων
375 4715 440 4783 τῇ
495 4697 594 4781 τῆς
654 4713 927 4781 σωτηρίας
981 4712 1157 4764 ἑλπίδι
1199 4712 1564 4783 ψυχαγωγῶν.
1601 4717 1710 4769 Καὶ

1806 4721 1923 4773 niat
1961 4721 2050 4774 ille
2078 4721 2170 4774 cui
2194 4697 2500 4789 repositum
2529 4731 2635 4788 est,
2669 4731 2723 4776 et
2763 4697 2879 4793 ips'e
2909 4727 3242 4794 exspectatio
3265 4743 3399 4797 gen-

144 4799 337 4854 Ἰακὼὸ
379 4801 434 4854 δέ
487 4803 516 4854 ό
564 4801 928 4872 πατριάρχης,
960 4801 1196 4870 εὐλογῶν
1229 4803 1318 4856 τὸν
1353 4805 1572 4870 Ἰούδαν,
1611 4806 1709 4876 τῆς

1806 4814 1943 4866 tium
1970 4823 2012 4866 τ.
2047 4831 2064 4863 ι
2119 4812 2343 4883 Magnus
2391 4814 2522 4869 item
2576 4815 2750 4869 Moses
2802 4817 3071 4871 exclamat
3112 4836 3124 4871 :
3165 4838 3182 4869 ι
3225 4819 3399 4874 Laeta-

130 4892 236 4945 τῶν
277 4891 452 4945 ἐθνῶν
493 4892 897 4962 ἐμνημόνευσεν
939 4894 1205 4962 εὐλογίας.
1269 4913 1287 4945 ι
1318 4896 1432 4947 υύκ
1472 4896 1708 4965 ἐκλείψει

1818 4906 1977 4970 mini,
2024 4895 2392 4976 gentesfcum
2443 4908 2646 4976 populo
2696 4909 2816 4978 ejus
2841 4916 2886 4960 ³.
2937 4928 2953 4960 ι
2992 4909 3172 4963 Divini
3217 4923 3401 4965 autem

131 4983 257 5052 γὰρ,
312 4982 440 5052 ἔφη,
497 4983 680 5050 ἄρχων
725 4983 785 5046 ἐξ
835 4982 1023 5069 Ἰούδα,
1066 4985 1158 5037 καὶ
1190 4984 1488 5054 ἡγούμενος
1515 4987 1709 5040 ἐκτῶν

1822 4993 2052 5048 Davidis
2079 4994 2399 5063 prophetias
2423 4997 2548 5064 quis
2579 4997 2736 5052 facile
2765 4999 3021 5069 colliget?
3068 5000 3126 5054 ln
3160 5003 3402 5057 secundo

134 5070 326 5144 μηρῶν
351 5071 540 5136 αὐτοῦ,
574 5073 677 5136 ἕως
702 5073 920 5144 ἃνέλθῃ
948 5067 992 5140 ᾧ
1019 5075 1066 5106 ⁸⁸
1090 5075 1372 5130 ἀπόκειται
1395 5094 1406 5106 ·
1434 5079 1527 5130 καὶ
1548 5079 1710 5143 αὐτὸς

1817 5085 1965 5138 enim
1996 5087 2208 5154 psalmo
2233 5086 2531 5142 Salvatoris
2560 5088 2735 5142 nostri
2759 5105 3048 5159 personam
3075 5107 3360 5148 assumens
3385 5111 3398 5146 :

135 5164 433 5234 προσδοκία
498 5162 687 5216 ἐθνῶν.
729 5183 746 5214 ι
805 5166 913 5218 Καὶ
978 5168 1006 5218 ό
1056 5167 1298 5236 Μωῦσῆς
1357 5168 1413 5220 δὲ
1465 5173 1493 5222 ό
1539 5171 1708 5238 μέγας

1826 5193 1844 5227 ι
1875 5177 2157 5243 Dominus,
2185 5178 2384 5247 inquit,
2423 5177 2560 5231 dixit
2588 5179 2656 5232 ad
2687 5195 2772 5234 me
2808 5198 2819 5232 :
2854 5181 3022 5252 980
3051 5183 3222 5239 Filius
3249 5200 3402 5239 meus

201 5323 226 5352 °
249 5317 481 5372 Malach.
513 5335 552 5383 ι,
588 5317 772 5372 10-12.
852 5329 878 5366 P
907 5318 1043 5374 Gen.
1071 5335 1165 5384 xu,
1204 5319 1257 5384 2,
1287 5321 1340 5374 ὅ.
1418 5332 1445 5371 q
1473 5323 1663 5378 Matth.
1704 5342 1812 5388 xxvi

1575 5325 1663 5378 .th.
1704 5342 1886 5392 xxviii,
1926 5329 2010 5382 l9.
2089 5339 2111 5366 τ
2148 5328 2283 5387 Gen.
2316 5345 2459 5394 xm,
2495 5329 2582 5384 10.
2661 5342 2682 5369 ι
2714 5333 2873 5386 Deut.
2908 5350 3074 5399 xxm,
3098 5336 3186 5390 43.

1445 5433 1683 5492 VARle
1724 5437 2131 5498 LECTIONES.

171 5521 254 5604 _"
286 5511 656 5612 Traiani
674 5525 1109 5612 pgpcopfzvobx
1143 5526 1253 5608 ἔχει
1281 5527 1386 5579 τῶν
1415 5529 1720 5598 εἰρημένων
1750 5532 1958 5612 βοῶσαν
2206 5534 2596 5612 [καλέ-ἔθνεσι]
2626 5551 2750 5612 ριιιζ
2773 5538 2832 5592 C.
2856 5540 2938 5612 _7"°
2961 5542 3052 5592 καὶ
3085 5542 3181 5610 τὴν
3208 5562 3412 5597 παντα-

137 5592 222 5660 Χῆ·
246 5592 351 5689 ‘33:}.
384 5593 662 5689 πανταχού
817 5594 877 5689 ⁸⁷⁷
902 5592 1421 5689 προαῖιγοιριεέύσσιντσιὶ
1436 5592 1954 5689 προσαγορεύσαντα
1981 5604 2040 5658 C.
2077 5606 2161 5689 n7”
2397 5597 2496 5658 ’τοῦ
2533 5592 2683 5689 Ίὲὴλ
2855 5610 2897 5640 ⁷⁹
2922 5615 3028 5679 γάρ
3048 5592 3149 5663 τοιί
3182 5614 3287 5682 γὰρ
3310 5620 3402 5671 οὗ.

136 5661 326 5752 ξοιδδ
351 5675 382 5713 e
423 5663 566 5752 copj.
602 5671 660 5752 ut
688 5661 923 5752 videtur.
946 5661 968 5752 ',
1027 5661 1248 5752 δοιάλλά.
1287 5665 1422 5752 ἀλλά
1452 5661 1639 5752 κάὶΛΒξ
1689 5661 1748 5752 ’.εί
1776 5671 1919 5752 [τὴν]
1939 5690 2048 5752 om,
2073 5674 2142 5752 ρ,
2166 5675 2256 5752 “8!
2288 5661 2405 5746 μὴν
2435 5692 2543 5752 om.
2710 5676 2878 5752 εἶτα,
2906 5661 3018 5752 idm:
3046 5661 3104 5733 Βξ
3182 5661 3405 5752 ἑινξνήζμ

140 5729 1374 5831 916‘s“eiseis}?rexisse-fuesse”?
1403 5729 1815 5831 έιειντορξαξίσαξ
1849 5729 1919 5799 Cf
1986 5745 2031 5777 ευ
2063 5745 2129 5797 τά
2164 5729 2307 5816 εονηι
2471 5746 2531 5811 Β,
2569 5729 2663 5801 va-
2742 5749 2786 5782 σο
2800 5729 3140 5820 M15663-
3170 5729 3405 5808 ἀττέλεβ-

142 5815 229 5850 σεν
252 5799 313 5863 Β,
351 5799 655 5853 άπόλαύσεν
679 5801 738 5854 V.
789 5799 832 5831 ⁸⁷
857 5799 1052 5872 γέρως.
1085 5799 1271 5874 γ’ήρως
1296 5806 1363 5859 (ἶ.
1440 5807 1483 5838 ⁸⁸
1509 5799 1623 5875 ᾦίὸ
1653 5808 1712 5862 Β.
