4088 6318
623 347 751 418 illi

1480 355 1488 364 ”
1596 353 2080 420 THEODORETI
2123 354 2453 420 EPISCOPI
2498 356 2860 420 CYRENSIS

3731 351 3864 421 illi

623 470 821 526 celum
859 462 1076 537 quidem
1112 479 1206 522 eas
1239 481 1359 538 quae
1409 467 1546 522 bene
1592 468 1848 528 vixerint,
1888 484 2013 538 quae
2052 484 2184 523 vero

2305 490 2312 522 ι
2353 471 2637 540 Ἀντύλλῳ,
2678 469 2830 539 φησι,
2881 467 3056 537 τούτῳ
3103 468 3196 522 κάει
3244 469 3391 523 αὐτοὶ
3455 469 3713 542 παρῆμεν
3751 471 3868 540 ἀμα

625 558 898 614 contraria
927 559 1304 626 pratoptarint,
1346 559 1412 611 ad
1479 557 1706 619 inferos,
1749 569 1808 612 ut
1836 557 2184 615 manifestum

626 648 716 710 sit,
738 649 839 701 alia
872 649 1024 701 illum
1062 651 1208 718 joco,
1257 648 1371 703 haec
1401 659 1584 702 autem
1626 651 1771 703 serio
1816 650 2022 704 dicere.
2058 650 2185 704 Plu-

625 737 844 791 tarchus
874 753 1113 808 quoque,
1152 739 1207 792 in
1240 740 1308 792 iis
1348 755 1470 808 quae
1510 739 1578 793 de
1627 741 1806 794 anima
1839 742 2077 810 scripsit,
2132 748 2188 796 et

619 827 858 898 judicem
890 831 1151 895 ostendit,
1178 840 1234 886 et
1249 832 1440 901 judicii
1477 832 1779 895 ministros,
1817 835 2188 888 narrationem

627 916 768 974 hanc
819 923 970 990 operi
1024 938 1125 976 suo
1185 923 1435 977 intexens
1467 923 1690 992 (Euseb.
1749 923 1813 976 P.
1861 924 1926 977 E.
1982 940 2036 993 p.
2089 925 2189 978 565

625 1001 728 1077 D):
782 1029 800 1060 ι
828 1009 984 1075 Huic,
1014 1013 1212 1080 inquit,
1257 1013 1472 1081 Antyllo
1510 1023 1567 1066 et
1612 1029 1712 1067 nos
1739 1015 1982 1068 narranti
2023 1015 2190 1068 inter-

625 1096 851 1163 fuimus,
908 1117 1034 1154 cum
1077 1098 1308 1155 Sositele
1334 1110 1389 1155 et
1428 1101 1784 1157 Ileracleone.
1819 1103 1869 1157 ls
1891 1103 2036 1156 enim
2065 1117 2189 1155 cum

628 1188 856 1243 medicis
901 1192 1010 1260 jam
1086 1193 1356 1245 exanimis
1385 1193 1686 1255 videretur,
1734 1193 1953 1262 paulum
2006 1193 2071 1246 ad
2130 1207 2187 1245 se

629 1293 880 1334 reversus
902 1296 969 1334 ex
996 1282 1232 1350 quadam
1265 1298 1371 1336 non
1403 1299 1593 1352 parum
1620 1284 1890 1352 profunda
1923 1283 2186 1336 dormita-

627 1369 798 1434 tione,
829 1372 964 1426 nihil
992 1388 1120 1427 sane
1167 1373 1314 1427 aliud
1347 1375 1477 1428 fecit
1508 1383 1603 1428 aut
1636 1374 1793 1438 dixit,
1823 1374 1966 1444 quod
1995 1383 2188 1428 emota

630 1461 833 1515 mentis
881 1463 1095 1530 signum
1151 1473 1314 1516 esset.
1369 1464 1638 1518 Narrabat
1694 1474 1876 1518 autem
1949 1481 2006 1518 se
2074 1466 2185 1519 vita

2297 561 2579 614 Σωσιτέλει
2623 560 2715 612 καὶ
2763 557 3090 627 Ἡρακλέωνι
3148 559 3490 630 διηγουμένῳ
3523 560 3590 612 ”.
3647 560 3735 622 Ὠς
3757 561 3867 631 γὰρ

2295 651 2542 711 ἀϐιώτως
2567 650 2708 720 ἔχειν
2730 648 2899 700 ἱδόκει
2935 651 3041 711 τοῖς
3074 649 3293 718 ίατροῖς,
3328 649 3638 718 ἀνενεχθεὶς
3673 651 3870 720 μικρὸν

2295 740 2358 792 έκ
2411 755 2554 800 τινος
2608 736 2668 790 οὐ
2723 736 2894 806 βιαίου
2944 733 2987 767 ⁷⁸
3039 739 3374 807 καταφορᾶς,
3421 737 3548 790 ἄλλο
3595 738 3694 804 μὲν
3741 739 3868 791 οὔτε

2295 827 2548 899 ἔπραξεν,
2571 827 2694 880 οὔτε
2722 823 2840 880 εἷπε
2859 827 3286 898 παρακινητικὸν
3332 827 3482 893 ἔλεγε
3506 827 3563 880 δὲ
3587 827 3865 890 τεθνάναι,

2297 920 2388 972 καὶ
2416 917 2577 972 πάλιν
2609 917 2862 986 ἀφεῖσθαι
2890 914 2956 981 τ’,
2987 918 3080 970 καὶ
3111 918 3184 987 μὴ
3210 916 3562 987 τεθνήξεσθαι
3597 919 3660 970 τὸ
3691 919 3870 987 παρά-

2297 1023 2405 1063 παν
2446 1009 2552 1062 ὑπὸ
2587 1008 2685 1078 τῆς
2723 1009 3033 1079 ἀρρωστίας
3061 1009 3291 1079 ἐκείνης,
3314 1009 3446 1062 ἀλλά
3477 1011 3572 1062 καὶ
3604 1010 3651 1041 ⁸⁸
3683 1010 3869 1072 κακῶς

2297 1100 2595 1170 ἀκηκοέναι
2617 1101 2742 1162 τοὺς
2768 1098 3072 1166 ἀγαγόντας
3105 1099 3147 1131 ⁶¹
3187 1099 3347 1152 αὐτὸν
3373 1101 3476 1152 ὑπὸ
3508 1099 3606 1153 τοῦ
3653 1101 3866 1171 κυρίου*

2297 1189 2642 1260 πεμφθέντας
2696 1189 2801 1259 γάρ
2853 1189 2944 1241 ἐπὶ
2995 1189 3285 1255 Νικανδᾶν,
3339 1192 3498 1245 αὐτὸν
3544 1194 3704 1262 ἥκειν
3751 1195 3867 1246 ἀντ’

2297 1283 2502 1335 ἐκείνου
2539 1277 2862 1350 κομίζοντας
2880 1299 2892 1311 ·
2927 1282 2956 1333 ό
2983 1281 3038 1333 δὲ
3060 1282 3331 1345 Νικανδᾶς
3349 1279 3415 1352 ἦν
3459 1287 3815 1354 σκυτοτόμος.
3844 1303 3864 1334 ι

2295 1373 2456 1440 Λέγει
2505 1371 2562 1423 δὲ
2610 1370 2700 1422 καὶ
2750 1370 2824 1432 ὼς
2869 1370 2960 1422 τοῦ
3006 1369 3247 1423 Νικανδᾶ
3276 1371 3703 1441 τελευτήσαντος
3731 1390 3869 1442 παρ-

2294 1464 2489 1516 αυτίκα
2513 1465 2540 1515 ὁ
2579 1457 2863 1522 Ἀντυλλος
2896 1459 3165 1531 ὲρῤὡσθη.

629 1549 875 1606 funcwm
923 1554 1120 1608 iterum
1158 1552 1212 1606 in
1253 1553 1418 1606 vitam
1467 1555 1678 1624 1000
1724 1557 1978 1619 rediisse,
2029 1572 2208 1626 neque
2260 1571 2485 1625 prorsus
2538 1570 2602 1607 ex
2655 1569 2718 1608 ea
2761 1550 3086 1622 aegritudine
3136 1552 3459 1606 moriturum
3496 1572 3506 1605 :
3543 1554 3654 1607 imo
3706 1553 3867 1608 mini-

633 1649 795 1704 stros,
823 1642 915 1709 qui
943 1643 1118 1712 ipsum
1147 1643 1212 1696 ad
1247 1643 1450 1699 inferos
1474 1643 1838 1711 deduxerant,
1873 1648 1941 1702 ab
1972 1649 2214 1718 ipsorum
2244 1649 2471 1718 praeside
2500 1647 2796 1715 increpitos
2820 1645 2985 1702 fuisse
3014 1648 3214 1711 aiebat,
3251 1650 3343 1718 qui
3379 1666 3475 1718 pro
3504 1647 3771 1710 Nicanda,
3802 1645 3869 1700 ad

631 1742 790 1794 quem
823 1729 1205 1787 deducendum
1253 1733 1404 1788 missi
1451 1733 1688 1801 fuerant,
1733 1738 1910 1806 ipsum
1958 1737 2333 1793 adduxissent.
2377 1739 2508 1792 Erat
2552 1751 2718 1806 porro
2766 1736 3034 1792 Nicandas
3073 1747 3227 1792 sutor
3265 1739 3556 1792 coriarius.
3593 1758 3610 1789 ι
3674 1737 3870 1791 Narrat

633 1811 814 1874 autem
856 1832 1142 1891 praeterea,
1179 1840 1303 1879 cum
1345 1827 1620 1881 Nicandas
1642 1829 1963 1893 interiisset,
1993 1831 2268 1901 Antyllum
2300 1844 2420 1882 mox
2453 1829 2817 1883 convaluisse.

700 1912 890 1976 Qualia
919 1913 1028 1966 sint
1054 1913 1219 1984 igitur
1240 1916 1688 1986 philosophorum
1716 1918 1988 1988 dogmata,
2020 1931 2190 1989 utque
2225 1926 2264 1982 Β

633 2002 873 2070 ipsorum
911 2005 1002 2056 alii
1048 2006 1267 2073 quidem
1309 2015 1500 2060 ventre
1541 2007 1835 2062 humanam
1874 2009 2190 2064 felicitatem

631 2093 802 2146 mensi
837 2095 962 2157 sint,
983 2096 1068 2149 alii
1095 2097 1392 2165 perfectius
1405 2099 1663 2168 quiddam
1687 2101 1752 2155 de
1774 2117 1836 2156 ea
1858 2103 1967 2156 sint
1988 2104 2152 2157 locuti
2176 2121 2188 2156 :

633 2193 796 2254 utque
827 2186 917 2240 alii
950 2187 1244 2242 humanam
1279 2191 1443 2244 vitam
1471 2193 1848 2261 sepulcrorum
1881 2203 2040 2250 tenus
2070 2211 2190 2249 esse

630 2278 982 2341 censuerint,
1029 2279 1120 2332 alii
1150 2293 1333 2334 rerum
1385 2282 1438 2334 in
1481 2285 1588 2338 vita
1628 2294 1903 2355 gestarum
1950 2287 2194 2340 retribu-

631 2367 810 2421 tiones
831 2371 1173 2434 somnlarint,
1191 2383 1244 2426 et
1267 2373 1573 2439 horribilia,
1592 2386 1855 2445 quantum
1873 2381 2091 2431 valuere
2115 2378 2197 2430 di-

630 2459 822 2521 cendo,
839 2460 1229 2528 suppliciorum
1250 2463 1368 2516 loca
1391 2464 1748 2535 designarint,
1766 2483 1832 2520 ne
1850 2468 1961 2521 h:ec
1977 2467 2196 2536 quidem

629 2548 827 2603 fabulis
848 2551 1020 2604 libera
1044 2553 1438 2621 relinquentes,
1459 2558 1616 2610 ex-iis
1636 2571 1758 2626 qua
1774 2560 2029 2626 superius
2053 2558 2196 2611 dixi-

630 2648 748 2690 mus
775 2639 1116 2706 percepistis.
1139 2640 1497 2712 Tempusjam
1517 2651 1620 2706 est,
1637 2651 1694 2696 ut
1716 2644 1826 2698 Deo
1844 2643 2198 2712 congruentia

631 2735 911 2776 sacrorum
959 2724 1374 2795 Evangeliorum
1425 2730 1675 2798 dogmata
1730 2730 2195 2800 contemplemini.

631 2806 851 2864 initium
880 2828 1008 2881 ergo
1033 2807 1307 2868 bonorum
1340 2832 1458 2870 esse
1489 2818 1644 2870 aiunt
1673 2819 2000 2872 laudabilem
2033 2818 2190 2872 timo-

633 2913 751 2952 rem
769 2901 861 2953 Dei
887 2918 898 2952 :
938 2921 954 2951 ι
980 2901 1197 2956 Initium
1226 2907 1371 2958 enim
1406 2907 1687 2975 sapientiae
1717 2910 1880 2962 timor
1912 2909 2150 2975 Domini,
2177 2928 2194 2959 ι

632 2995 693 3041 ut
739 2987 993 3043 Salomon
1037 3001 1092 3044 et
1136 2993 1253 3062 ejus
1302 3006 1456 3064 pater
1493 2997 1722 3061 docent;
1766 2995 1794 3035 λ
1828 2999 1990 3053 finem
2034 3015 2199 3064 vero,

631 3077 800 3131 vitam
822 3079 1022 3135 divinis
1042 3082 1253 3152 legibus
1271 3087 1537 3141 cxcultam
1561 3105 1571 3140 :
1606 3108 1622 3137 ι
1647 3088 1795 3142 Beati
1821 3091 1985 3152 enim,
2003 3089 2198 3160 inquit,

632 3161 962 3222 immaculati
985 3170 1037 3223 in
1063 3173 1274 3240 via,qui
1293 3176 1573 3231 ambulant
1595 3178 1645 3232 in
1667 3179 1782 3247 lege
1798 3179 2026 3234 Domini.
2052 3181 2202 3234 Beati

2375 1920 2562 1973 Ὀποῖα
2620 1920 2718 1989 μὲν
2761 1915 2854 1972 οῦν
2885 1919 2994 1972 τῶν
3027 1919 3330 1987 φιλοσόφων
3379 1919 3745 1988 τάδόγματα,
3780 1923 3872 1971 tul.

2296 2009 2370 2071 ὡς
2403 2011 2450 2062 οἱ
2481 2011 2578 2077 μὲν
2609 2008 2787 2060 αὐτῶν
2821 2011 2886 2078 τῇ
2923 2012 3119 2078 γαστρὶ
3141 2012 3237 2076 τὴν
3268 2009 3608 2078 εὐδαιμονίαν
3641 2011 3872 2078 ἐμέτρη-

2302 2115 2418 2158 σαν,
2449 2099 2497 2150 οἱ
2526 2097 2581 2149 δὲ
2614 2098 2706 2148 καὶ
2736 2097 3078 2167 τελειοτέρων
3100 2096 3304 2165 ἥψαντο
3335 2098 3529 2162 λόγων,
3561 2098 3654 2150 καὶ
3693 2099 3742 2148 οἱ
3776 2098 3870 2166 μὲν

2303 2187 2460 2256 μέχρι
2487 2186 2594 2236 τῶν
2637 2186 2820 2254 τάφων
2859 2187 3113 2255 ἐνόμισαν
3145 2181 3283 2238 εῖναι
3325 2187 3429 2238 τῶν
3453 2187 3757 2257 ἀνθρώπων
3783 2187 3871 2238 τὸν

2303 2277 2434 2346 βίον,
2468 2278 2517 2328 οἱ
2558 2277 2613 2329 δὲ
2651 2279 2744 2330 καὶ
2776 2279 2874 2338 τάς
2902 2278 3009 2329 τῶν
3044 2277 3389 2345 βεδιωμένων
3428 2276 3870 2347 ὠνειροπόλησαν

2303 2369 2612 2432 ἀντιδόσεις,
2645 2372 2737 2421 καὶ
2768 2369 3068 2432 ὑπέδειξαν,
3095 2367 3169 2431 ὼς
3192 2369 3316 2438 ὲνῆν
3345 2368 3421 2437 τῷ
3454 2369 3620 2436 λόγῳ,
3649 2369 3720 2421 τὰ
3751 2370 3871 2438 φρίσ

2305 2478 2402 2528 κης
2452 2461 2688 2527 γέμοντα
2735 2460 3083 2528 κολαστήρια,
3134 2459 3254 2511 οὐδὲ
3302 2459 3471 2511 ταῦτα
3527 2459 3635 2511 τῶν
3691 2460 3872 2528 μύθων

2274 2564 2276 2566 ·
2304 2550 2748 2612 καταλελοιπὸτες
2775 2551 3048 2619 ἐλεύθερα,
3079 2550 3146 2601 δι’
3177 2544 3251 2602 ὧν
3279 2551 3578 2619 εἰρήκαμεν
3621 2552 3868 2620 μεμαθή-

2307 2659 2456 2695 κατε.
2485 2643 2623 2710 Ὥρα
2673 2641 2727 2692 δὲ
2769 2639 2915 2712 [160]
2959 2640 3140 2691 λοιπὸν
3175 2641 3316 2710 ὑμᾶς
3357 2643 3449 2692 καὶ
3491 2641 3558 2694 τά
3594 2642 3870 2713 θεοπρεπῆ

2305 2734 2411 2786 τῶν
2448 2733 2604 2803 ἱερῶν
2628 2733 2969 2799 Εὐαγγελίων
2993 2733 3037 2762 ⁸⁸
3064 2732 3308 2800 δόγματα
3339 2733 3634 2801 θεωρῆσαι.
3677 2735 3873 2805 Ἀρχὴν

2308 2828 2480 2879 τοίνυν
2500 2826 2605 2878 τῶν
2638 2825 2853 2891 ἀγαθῶν
2884 2819 3026 2877 οὗτοί
3059 2839 3121 2890 γε
3165 2819 3300 2876 εἶναί
3329 2842 3457 2892 φασι
3491 2825 3581 2878 τδν
3617 2827 3871 2880 ἐπαινοῦ-

2313 2935 2466 2988 μενον
2498 2917 2678 2983 φόϐον
2715 2938 2732 2968 ‹
2773 2916 2936 2986 Ἀρχὴ
2965 2918 3069 2986 γὰρ
3125 2917 3331 2985 σοφίας,
3384 2917 3546 2985 φόϐος
3587 2919 3809 2986 Κυρίου,
3847 2938 3863 2970 ι

2312 3007 2451 3059 κατά
2472 3025 2532 3074 γε
2555 3007 2644 3059 τὸν
2671 3006 2987 3076 Σολομῶντα
3018 3008 3111 3060 καὶ
3136 3007 3226 3060 τὸν
3244 3007 3448 3059 ἐκείνου
3469 3009 3700 3076 πατέρα·
3725 3009 3872 3070 τέλος

2310 3099 2385 3161 δὲ,
2417 3097 2505 3149 τὸν
2527 3099 2636 3160 τοῖς
2663 3098 2827 3159 θείοις
2848 3097 3030 3166 νόμοις
3050 3098 3516 3168 διακοσμούμενον
3552 3097 3683 3166 βίον·
3714 3117 3732 3149 ι
3753 3100 3867 3152 Μα.⁸

2314 3193 2492 3262 κάριοι
2515 3192 2584 3257 γὰ
2595 3207 2644 3258 ρ,
2659 3192 2840 3259 φησὶν,
2859 3192 2908 3242 οἱ
2932 3190 3152 3260 ἄμωμοι
3174 3192 3229 3242 ὲν
3247 3188 3369 3258 ὀδῷ,
3383 3192 3432 3241 οἱ
3451 3192 3802 3259 πορευόμενοι
3817 3191 3874 3241 ὲν

634 3259 727 3328 qui
752 3269 1066 3316 scrutantur
1102 3265 1410 3319 testimonia
1438 3269 1576 3336 ejus,
1601 3278 1712 3323 toto
1735 3269 1898 3324 corde
1921 3283 2166 3340 quaerent

2305 3259 2449 3352 νόμῳ
2473 3281 2696 3351 Κυρίου.
2721 3281 2996 3351 Μακάριοι
3018 3259 3070 3333 οἶ
3095 3280 3476 3350 ἐξερευνῶντες
3507 3280 3574 3332 τὰ
3598 3281 3873 3352 μαρτύρια

635 3363 761 3403 eum
801 3348 842 3403 ί.
885 3371 899 3402 ;
943 3352 1054 3408 Hoc
1079 3354 1222 3408 idem
1250 3372 1350 3411 nos
1382 3359 1435 3411 in
1469 3361 1639 3412 sacris
1671 3357 1979 3431 Evangeliis
2011 3363 2199 3416 docuit

638 3441 1020 3498 universorum
1052 3445 1332 3502 Servator.
1364 3450 1555 3503 Beatos
1581 3451 1726 3504 enim
1762 3462 1940 3515 vocat,
1975 3470 2081 3507 non
2112 3455 2198 3508 di-

637 3529 800 3593 vites,
829 3541 884 3585 et
910 3530 1124 3589 deliciis
1145 3535 1411 3601 fruentes,
1439 3548 1494 3592 et
1517 3541 1717 3608 quibus
1743 3558 2003 3610 prospere
2026 3543 2203 3598 ﬂuunt

641 3622 846 3685 omnia,
888 3623 983 3676 sed
1025 3639 1293 3694 pauperes
1332 3628 1549 3695 Spiritu,
1587 3637 1641 3684 et
1677 3632 1854 3693 mites,
1896 3641 1950 3685 et
1984 3628 2201 3687 miseri-

641 3711 856 3776 cordes,
887 3721 941 3766 et
963 3715 1055 3783 qui
1080 3716 1331 3770 esuriunt
1353 3718 1654 3788 sitiuntque
1682 3721 1887 3790 1001
1908 3724 2200 3792 justitiam,

640 3802 844 3871 quique
867 3803 936 3858 ob
957 3805 1182 3874 aliquod
1210 3805 1414 3861 bonum
1439 3809 1656 3864 adversi
1682 3812 1960 3880 quidpiam
1988 3815 2205 3882 patiun-

643 3897 752 3955 tur,
787 3893 842 3944 et
869 3889 935 3946 iis
969 3895 1062 3962 qui
1101 3895 1154 3947 in
1188 3895 1272 3950 his
1312 3895 1542 3965 aliisque
1588 3899 1856 3967 ejusmodi
1889 3901 2103 3955 naviter
2147 3917 2204 3956 se

643 3981 932 4048 gesserint,
963 3984 1225 4038 cmlorum
1257 4003 1483 4056 regnum
1515 3990 1827 4058 pollicetur.
1861 3990 1902 4044 E
1931 4007 1989 4044 re
2022 4000 2204 4046 autem

645 4067 890 4123 futurum
930 4072 1187 4128 existimo
1209 4115 1223 4138 ,
1269 4077 1315 4130 si
1349 4078 1492 4145 ipsas
1525 4079 1682 4132 vobis
1715 4080 1816 4134 sub
1850 4080 2210 4136 beatitudinis

646 4161 826 4228 specie
864 4175 1157 4234 conceptas
1201 4167 1346 4237 leges
1379 4170 1602 4223 recitem
1639 4188 1651 4223 :
1697 4190 1713 4221 ι
1754 4171 1904 4225 Beati
1942 4187 2210 4243 pauperes

646 4251 867 4319 spiritu,
921 4255 1179 4322 quoniam
1230 4257 1476 4327 ipsorum
1524 4269 1608 4315 est
1648 4277 1879 4331 regnum
1923 4264 2207 4318 cmlorum.

593 4416 595 4418 η
648 4339 1024 4408 Beati-mites,
1077 4348 1334 4415 quoniam
1385 4350 1489 4419 ipsi
1532 4352 1936 4406 btereditabunt
1983 4360 2207 4409 terram.

654 4431 803 4485 Beati
843 4435 936 4502 qui
983 4436 1235 4491 esuriunt
1278 4449 1334 4492 et
1375 4441 1568 4494 sitiunt
1609 4443 1901 4512 justitiam,
1950 4445 2210 4512 quoniam

2317 3373 2501 3426 αὐτοῦ·
2529 3375 2585 3424 ἐν
2615 3373 2708 3443 ὅλῃ
2740 3373 2934 3443 καρδίᾳ
2957 3371 3348 3442 ὲκζητήσουσιν
3377 3373 3554 3426 αὐτόν.
3580 3390 3597 3422 ι
3636 3371 3874 3424 Τοῦτοδὲ

2303 3465 2404 3516 κάν
2441 3466 2553 3524 τοῖς
2584 3463 2748 3526 θείοις
2779 3463 3131 3530 Εὐαγγελίοις
3174 3464 3202 3515 ὁ
3252 3461 3359 3514 τῶν
3401 3462 3536 3515 ὅλων
3568 3463 3760 3531 Σωτὴρ
3792 3461 3874 3524 t5-

2305 3554 2620 3605 επαίδευσερ
2637 3553 2943 3621 Μακαρίζει
2977 3551 3084 3622 γάρ
3120 3553 3181 3604 οὐ
3215 3553 3341 3613 τοὺς
3370 3550 3751 3613 πλουτοῦντας.
3781 3551 3876 3603 καὶ

2305 3643 2641 3712 τρυφῶντας,
2687 3643 2778 3694 καὶ
2822 3643 2960 3695 κατὰ
3010 3641 3135 3711 ῥοῦν
3189 3641 3540 3710 φερομένους,
3570 3641 3704 3693 ἀλλά
3752 3643 3876 3702 τοὺς

2308 3733 2556 3801 πτωχοὺς
2590 3732 2668 3800 τῷ
2700 3731 2988 3801 πνεύματι,
3037 3731 3128 3784 καὶ
3181 3732 3306 3794 τοὺς
3360 3734 3574 3802 πραεῖς,
3617 3733 3705 3784 καὶ
3752 3733 3874 3793 τοὶς

2250 3856 2258 3866 -
2307 3822 2625 3892 ἐλεήμονας,
2669 3823 2762 3877 καὶ
2789 3824 2912 3884 τοὺς
2944 3821 3242 3885 πεινῶντας
3287 3822 3381 3875 καὶ
3410 3821 3679 3890 διψῶντας
3706 3823 3754 3853 ⁸³
3783 3821 3875 3890 τὴν

2307 3911 2670 3981 δικαιοσύνην,
2711 3912 2804 3963 καὶ
2830 3912 2953 3973 τοὺς
2982 3911 3118 3980 ὑπὲρ
3150 3909 3351 3978 ἀγαθοῦ
3384 3927 3524 3973 τινος
3567 3910 3749 3972 κακῶς
3777 3911 3876 3961 πά·

2312 4018 2457 4070 σχειν
2483 4002 2861 4070 ἀνεχομένους,
2904 4002 2998 4052 καὶ
3038 4004 3151 4062 τοῖς
3188 4000 3360 4053 ταῦτα
3408 4001 3500 4054 καὶ
3546 4003 3613 4054 τά
3657 4000 3879 4054 τοιαῦτα

2311 4091 2660 4161 κατορθοῦσιν
2688 4093 3025 4162 ὑπισχνεῖται
3050 4091 3147 4162 τὴν
3176 4091 3286 4144 τῶν
3313 4093 3558 4163 οὐρανῶν
3585 4092 3875 4162 βασιλείαν.

2313 4182 2590 4253 Προύργου
2623 4183 2677 4235 δὲ
2705 4179 2855 4251 οἶμαι
2890 4183 2983 4235 καὶ
3007 4183 3202 4245 αὐτοὺς
3225 4182 3352 4252 ὑμῖν
3374 4183 3499 4245 τοὺς
3529 4184 3584 4235 ὲν
3609 4183 3882 4253 εὐφημίας

2313 4273 2440 4326 εἴδει
2497 4274 2802 4345 γραφέντας
2855 4274 3162 4341 ἀναγνῶναι
3213 4274 3430 4341 νόμους’
3477 4292 3492 4323 ι
3527 4274 3801 4342 Μακάριοι
3833 4275 3880 4325 οἱ

2315 4365 2518 4434 πτωχοὶ
2550 4365 2626 4434 τῷ
2648 4365 2931 4433 πνεύματι,
2961 4365 3041 4417 ὅτι
3073 4364 3252 4416 αὐτῶν
3280 4363 3424 4415 ἐστιν
3449 4365 3480 4433 ὴ
3512 4364 3754 4431 βασιλεία
3779 4364 3880 4416 τῶν

2314 4450 2575 4522 οὐρανῶν.
2610 4450 2880 4520 Μακάριοι
2905 4452 2954 4503 οἱ
2986 4454 3200 4521 πραεῖς,
3235 4453 3317 4504 ὅτι
3355 4450 3504 4504 αὐτοὶ
3549 4453 3882 4522 κληρονομή·

649 4521 753 4589 ipsi
787 4525 1203 4581 saturabuntur.
1237 4529 1389 4582 Beati
1424 4531 1656 4598 pacifici,
1693 4534 1949 4601 quoniam
1988 4534 2086 4588 filii
2114 4536 2199 4590 Dei

2320 4555 2470 4591 σουσι
2508 4540 2606 4608 τὴν
2638 4539 2761 4608 γῆν.
2793 4541 3067 4611 Μακάριοι
3089 4542 3138 4592 οἱ
3175 4540 3463 4622 πειρῶ-,ντες
3505 4544 3595 4594 καὶ
3629 4542 3882 4610 διιιρῶντες

649 4613 1012 4668 vocabuntur.
1038 4617 1187 4672 Beati
1207 4621 1300 4688 qui
1327 4624 1763 4689 persecutionem
1787 4627 2068 4693 patiuntur
2088 4643 2199 4696 pro.

2320 4632 2416 4700 τὴν
2438 4631 2801 4701 δικαιοσύνην,
2829 4632 2908 4684 δτι
2930 4635 3082 4687 αὐτοὶ
3114 4601 3575 4703 χορτασθήσονται
3603 4635 3668 4687 ⁸⁵.
3702 4635 3882 4687 Μακά-

649 4705 771 4771 pter
795 4704 1090 4775 justitiam,
1124 4712 1381 4779 quoniam
1409 4713 1649 4782 ipsorum
1679 4725 1764 4770 est
1792 4732 2016 4787 regnum
2043 4721 2212 4774 coelo-

652 4807 791 4845 rum.
830 4793 978 4849 Beati
1024 4797 1432 4864 misericordes,
1472 4804 1728 4872 quoniam
1766 4806 1868 4875 ipsi
1902 4808 2214 4862 misericor-

654 4881 797 4936 diam
834 4899 1260 4958 consequentur.
1295 4892 1444 4947 Beati
1488 4896 1679 4949 mundi
1721 4897 1907 4962 corde,
1954 4901 2215 4967 quoniam

657 4973 760 5042 ipsi
786 4976 953 5031 Deum
985 4980 1249 5035 videbunt
1276 4982 1319 5035 ἑ.
1357 5001 1375 5033 ι
1415 4985 1534 5039 Alia
1565 4985 1717 5052 item,
1751 5003 1784 5041 ο
1815 4988 1941 5053 viri,
1981 4989 2035 5042 in
2064 5005 2215 5044 eam-

655 5059 779 5117 dem
814 5069 1043 5123 tendunt
1081 5074 1428 5127 sententiam.
1482 5075 1588 5129 Sed
1635 5077 1750 5131 haec
1793 5079 1927 5134 satis
1962 5089 2124 5132 erunt
2157 5089 2217 5134 ut

655 5156 1010 5214 ostendamus
1036 5160 1386 5232 Legislatoris
1433 5165 1815 5231 intentionem,
1846 5178 1902 5222 et
1939 5169 2004 5222 ad
2051 5185 2213 5238 quem

729 5262 757 5298 δ
788 5263 956 5333 Eccli.
990 5284 1026 5333 ι,
1057 5269 1153 5330 16;
1191 5270 1332 5324 Psal.
1361 5287 1446 5333 cx,
1476 5274 1558 5325 l0.

668 5329 841 5401 dine).
1013 5329 1021 5333 ⁷
1116 5389 1122 5393 _

1642 5276 1654 5314 ί
1701 5276 1840 5329 Psal.
1886 5293 2077 5340 cxvm,
2140 5279 2198 5342 l,
2243 5279 2295 5332 2.

2322 4739 2425 4791 ριοι
2457 4723 2506 4774 οἱ
2529 4722 2878 4791 είρηνοποιοὶ,
2912 4723 2994 4777 ὃτι
3021 4725 3174 4778 αὐτοὶ
3199 4725 3305 4778 utet
3335 4724 3469 4778 Θεοῦ
3502 4726 3878 4794 κληθήσονται.

2323 4813 2594 4882 Μακάριοι
2627 4815 2674 4866 oi
2703 4812 3048 4884 δεδιωγμένοι
3070 4815 3256 4869 ἕνεκεν
3275 4816 3642 4887 δικαιοσύνης,
3672 4820 3751 4870 ὅτι
3787 4819 3880 4870 αὐ-

2323 4901 2428 4953 τῶν
2485 4903 2629 4956 ἐστιν
2679 4903 2711 4970 ἡ
2772 4901 3014 4972 βασιλεία
3054 4906 3164 4958 τῶν
3203 4907 3464 4978 οὐρανῶν.
3516 4909 3790 4978 Μακάριοι
3837 4910 3882 4960 οἱ

2322 4989 2627 5060 ἐλεήμονες,
2673 4993 2752 5044 ὅτι
2785 4993 2936 5047 αὐτοὶ
2971 4994 3373 5066 ἐλεηθήσονται.
3400 4999 3678 5067 Μακάριοι
3711 5001 3761 5052 ot
3792 5015 3884 5051 κα-

2323 5079 2478 5148 θαροὶ
2509 5083 2573 5150 τῇ
2605 5080 2820 5150 καρδίᾳ,
2859 5083 2942 5134 ὅτι
2971 5083 3126 5135 αὐτοὶ
3150 5084 3241 5137 τὸν
3271 5085 3402 5138 Θεὸν
3443 5085 3684 5154 ὄψονται.
3725 5105 3742 5136 ι
3783 5087 3884 5137 Καὶ

2326 5169 2392 5222 τά
2425 5170 2558 5222 ἄλλα
2583 5170 2661 5235 δὲ,
2684 5165 2728 5222 ὦ
2749 5171 2958 5242 ἄνδρες,
2989 5172 3085 5242 τὴν
3109 5174 3280 5245 αὐτὴν
3312 5175 3422 5245 ἔχει
3455 5177 3711 5229 διάνοιαν.
3753 5175 3882 5228 Ἀλλ’

2395 5290 2408 5326 l
2456 5276 2647 5332 Matth.
2679 5296 2732 5346 v,
2794 5281 2928 5335 5-10
2993 5282 3109 5352 (sed
3164 5293 3374 5339 mutato
3425 5296 3755 5340 commatum
3794 5300 3882 5339 or-

1921 5406 2156 5464 VARIE
2199 5408 2497 5469 LECTION
2507 5417 2608 5471 ES.

661 5608 706 5712 ἓξ

734 5541 776 5570 ⁷⁷
805 5541 1134 5664 Ἦιςακλέωνι
1186 5540 1540 5617 διηγουμένῳ.
1607 5545 2005 5620 Ἠρακλεωνίδῃ
2054 5554 2334 5624 ἡγουμένῳ
2388 5554 2447 5620 C,
2513 5555 2882 5625 Ἡρακλεονίδι

734 5609 837 5662 ιίου
910 5609 1108 5664 .Slrm.
1140 5613 1261 5664 Mox
1290 5616 1492 5664 ἔπραξέ
1525 5635 1575 5664 τι
1615 5619 1716 5664 Vh.
1754 5620 1796 5650 τ’
1831 5621 2104 5664 ἀφεῖσθαι,
2145 5623 2425 5664 mmmam
2459 5623 2538 5664 vn
2601 5626 2641 5664 n
2691 5625 2806 5664 tu...

701 5609 837 5694 ιαίου
946 5609 1108 5694 Sirm:
1140 5609 1269 5668 Mox'
1288 5609 1575 5694 ἔπραξέ-τι
1615 5609 1716 5672 Vb.
1754 5609 2560 5694 τ’’ἀφεῖσθαὶῘ-ᾲῲίξεοθαίγὶ),
2584 5609 2661 5678 Ἰ).
2691 5625 2810 5678 Mox
2839 5628 2910 5694 μὴ

728 5679 1045 5765 ξζςζόγτας-
1076 5682 1304 5765 ἆγογτας
1325 5679 1387 5765 (ξ,
1413 5679 1473 5739 Π.
1503 5685 1622 5765 ΜΨ(
1655 5679 1992 5765 πεμφθέντες
2015 5690 2073 5744 C.
2111 5679 2559 5765 ’δ’-Εὐαγγελίιρν,⁷
2579 5695 2785 5765 ἀνδρῶν
2960 5697 3005 5728 ⁸³
3033 5679 3320 5765 διψῶντας.

2933 5556 3024 5678 Ἐγ.
3063 5556 3159 5612 Va.
3243 5556 3284 5591 "
3301 5559 3360 5611 οὐ
3385 5559 3580 5627 βιαίου.
3607 5561 3666 5612 οὐ
3695 5560 3880 5630 μικρὸν

2977 5629 3001 5678 ὲ
3031 5627 3134 5678 Vb.
3170 5629 3215 5660 ”
3250 5628 3382 5678 ἀλλὰ
3409 5631 3521 5678 καί.
3555 5630 3646 5678 καὶ
3679 5644 3785 5678 om.
3816 5629 3874 5678 C.

2977 5629 3001 5679 ὲ
3031 5627 3134 5682 Vb.
3170 5629 3215 5660 ”
3250 5628 3382 5682 ἀλλά
3409 5631 3521 5682 καί.
3555 5630 3646 5682 καὶ
3679 5627 3874 5683 όωζϐ.

662 5747 755 5819 qui
789 5747 927 5802 infra
953 5747 1146 5818 νόμους
1173 5747 1490 5822 ἀναγνῶναι.
1572 5756 1611 5786 3"
1646 5747 2117 5828 χορτασθήσονται.
2147 5761 2270 5816 Post
2304 5747 2358 5815 i1:
2393 5779 2442 5816 ν.
2478 5747 2737 5817 inscribi)
2762 5747 3109 5836 Mattﬁptoaoi
