4080 6370
261 402 398 468 i113

786 404 1222 467 GRxECAIiUM
1260 404 1561 465 AFFECT.
1601 403 1841 464 CURA'I

1943 407 2135 468 .-XI.
2177 409 2275 470 DE
2313 408 2494 469 FINE
2531 407 2626 466 ET
2663 405 2980 466 JUDICIO.

3375 397 3508 466 11M

258 518 425 587 ἀρκεῖ
453 517 548 570 καὶ
584 514 753 569 ταῦτα
783 515 1021 587 δηλῶσαι
1047 519 1138 570 τὸν
1161 518 1253 571 τοῦ
1279 516 1568 587 νομοθέτου
1607 514 1828 576 σκοπδν,

1943 533 2035 573 nos
2062 529 2313 590 spectare
2353 519 2515 572 ﬁnem
2548 516 2855 572 edocuerit.
2885 513 3076 582 Neque
3107 511 3254 566 enim
3286 509 3510 565 divitias

260 605 357 659 καὶ
384 605 524 676 πρὸς
552 608 701 659 ποῖον
724 609 870 678 ἡμᾶς
895 608 1103 680 ἀφορᾷν
1129 605 1331 673 ἐδίδαξε
1352 607 1525 671 τέλος.
1559 605 1697 659 Οὔτε
1724 606 1834 676 γὰρ

260 696 496 750 πλοῦτον
531 699 856 769 καραδοκεῖν
889 699 1192 763 ἐκέλευσεν,
1237 698 1360 752 οὔτε
1392 698 1642 769 σώματος
1683 696 1831 768 ὥραν

261 791 361 844 καὶ
409 792 614 858 ὑγείαν,
665 790 798 842 ἀλλὰ
846 791 970 853 τοὺς
1010 792 1107 861 τῆς
1137 790 1338 861 ἀρετῆς
1370 791 1415 822 ⁸⁸
1447 789 1697 860 ἱδρῶτας,
1739 787 1835 840 καὶ

261 881 391 944 τοὺς
423 881 562 951 ὑπὲρ
600 880 800 950 ταύτης
834 881 1128 946 κινδύνους,
1165 880 1258 940 καὶ
1293 880 1361 932 τὰ
1405 879 1636 948 μέγιστα
1665 878 1833 948 αὐτῆς

263 963 404 1021 ἆθλα
439 970 528 1020 καὶ
553 968 784 1038 ἄρῤητα.
810 969 902 1032 Τίς
926 970 1033 1038 γὰρ
1070 969 1251 1030 ίκανδς
1277 968 1433 1036 λόγος
1456 965 1833 1036 τεκμηριῶσαι

265 1057 546 1127 βασιλείαν
586 1047 832 1128 οὐρανῶν
876 1059 1180 1128 ἀνώλεθρόν
1221 1076 1280 1112 τε
1324 1060 1418 1112 καὶ
1459 1060 1706 1130 ἄπειρον,
1738 1057 1836 1109 καὶ

265 1147 382 1216 βίον
409 1148 629 1220 ἀγήρων
665 1149 711 1182 ⁸⁸
743 1147 838 1203 καὶ
873 1151 1097 1216 ἄλυπον,
1141 1149 1235 1203 καὶ
1288 1147 1583 1219 φροντίδων
1630 1144 1837 1200 ἐλεύθε-

155 1267 157 1274 ι
263 1251 398 1303 ρον;
443 1239 578 1306 Περὶ
628 1237 829 1291 τούτων
877 1240 904 1290 6
957 1237 1240 1302 θεσπέσιος
1294 1236 1499 1301 Παῦλος
1555 1235 1670 1307 βοᾷ·
1713 1253 1731 1286 ι
1770 1235 1837 1287 Ἀ

258 1326 542 1396 ὀφθαλμὸς
568 1330 669 1381 οὐκ
700 1325 828 1393 εἶδε,
864 1329 958 1382 καὶ
987 1326 1080 1392 οὖς
1127 1329 1228 1381 οὐκ
1269 1328 1492 1398 ἤκουσε,
1539 1329 1632 1381 καὶ
1670 1329 1762 1379 ἐπὶ
1789 1328 1836 1360 ⁸⁷

261 1415 495 1485 καρδίαν
546 1416 829 1486 ἀνθρώπου
865 1418 964 1471 οὐκ
993 1416 1182 1486 ἀνέϐη,
1222 1417 1270 1471 ἃ
1304 1418 1597 1488 ἡτοίμασεν
1641 1420 1669 1470 6
1705 1416 1834 1480 Θεὸς

258 1507 380 1568 τοῖς
422 1507 705 1574 ἀγαπῶσιν
750 1509 932 1562 αὐτόν.
965 1527 982 1559 ι
1018 1509 1082 1561 Ei
1122 1509 1178 1560 δὲ
1222 1510 1250 1562 6
1281 1509 1487 1562 τούτων
1525 1509 1765 1579 ἐπόπτης
1791 1509 1837 1540 ⁸⁸

259 1596 365 1649 οὐκ
396 1596 610 1667 ἴσχυσεν
634 1601 808 1652 εἰπεῖν
836 1600 978 1667 ειπερ
1004 1600 1130 1652 ἰδεῖν
1162 1596 1207 1632 ⁸⁸
1237 1598 1467 1669 ἠξιώθη,
1498 1599 1658 1670 σχολῇ
1695 1600 1745 1666 γ’
1772 1599 1838 1652 ἂν

258 1687 426 1751 ἄλλος
479 1689 584 1742 τῶν
632 1690 924 1759 άφράστων
963 1689 1457 1761 κατατολμήσοιθθ.
1495 1691 1618 1743 Ὀτι
1661 1690 1838 1743 δὲκαὶ

259 1778 428 1842 αὐτὸς
458 1781 610 1844 τέλος
639 1781 874 1852 ὡρίσατο
899 1784 1008 1834 τῶν
1029 1781 1248 1850 ἀγαθῶν
1276 1782 1375 1851 τὴν
1402 1781 1546 1853 ζωὴν
1579 1782 1677 1851 τὴν
1708 1781 1838 1833 αἰώ-

259 1887 403 1933 νιον,
441 1871 707 1925 ἀκούσατε
762 1871 926 1925 αὐτοῦ
989 1870 1282 1942 Ῥωμαίοις
1309 1872 1631 1943 γράφοντος·
1665 1891 1683 1922 ‹
1707 1872 1836 1924 Ὅτε

258 1959 376 2028 γὰρ
405 1952 501 2028 ἦτε
530 1958 700 2013 δοῦλοι
736 1960 836 2029 τῆς
879 1961 1173 2031 ἁμαρτίας,
1201 1961 1475 2032 ἐλεύθεροι
1522 1957 1620 2032 ἦτε
1656 1964 1721 2033 τῇ
1761 1960 1838 2013 δι-

259 2052 546 2119 καιοσύνῃ.
572 2052 703 2104 Τίνα
746 2047 838 2104 οὖν
879 2052 1088 2121 καρπὸν
1122 2053 1296 2123 εἴχετε
1346 2052 1467 2104 τότε
1506 2048 1594 2122 ἐφ’
1623 2045 1704 2114 οἷς
1742 2050 1837 2104 νῦν

258 2141 692 2211 ἐπαισχύνεσθες
748 2143 818 2194 Τὸ
857 2143 954 2212 μὲν
984 2143 1094 2215 γὰρ
1135 2144 1286 2204 τέλος
1331 2143 1554 2197 ἐκείνων
1577 2144 1644 2208 θί,
1678 2142 1840 2197 θάνα-

259 2247 376 2294 τος·
411 2234 527 2284 νυνὶ
550 2231 626 2292 δὲ,
657 2232 1108 2301 ἐλευθερωθέντες
1147 2231 1308 2303 [ἅμα]
1339 2233 1384 2263 ⁹¹
1410 2232 1516 2286 ἀπὸ
1547 2232 1647 2302 τῆς
1670 2233 1840 2302 ἅμαρ-

256 2322 405 2386 τίας,
455 2323 809 2385 δουλωθέντες
859 2323 914 2375 δὲ
962 2323 1036 2392 τῷ
1081 2323 1219 2393 Θεῷ,
1274 2323 1426 2394 ἔχετε
1483 2324 1575 2375 τὸν
1622 2323 1840 2395 καρπὸν

258 2412 418 2482 ὑμῶν
447 2415 526 2476 είς
555 2414 822 2482 άγιασμδν
852 2416 918 2480 ’⁸,
944 2415 1004 2466 τὸ
1031 2415 1088 2466 δὲ
1114 2414 1286 2479 τέλος,
1319 2415 1463 2487 ζωὴν
1494 2415 1731 2471 αίώνιον.
1760 2415 1842 2467 Τὰ

256 2502 374 2579 γὰρ
409 2502 611 2570 ὀψώνια
654 2503 753 2572 τῆς
785 2505 1077 2574 ἁμαρτίας,
1119 2505 1367 2568 θάνατος’
1407 2507 1468 2560 τὸ
1508 2506 1565 2560 δὲ
1594 2507 1839 2576 χάρισμα

255 2590 358 2644 τοῦ
391 2592 548 2657 Θεοῦ,
581 2592 693 2663 ζωὴ
729 2593 945 2657 αἰώνιος
989 2597 1045 2647 ὲν
1073 2595 1289 2666 Χριστῷ
1326 2596 1498 2666 Ἰησοῦ
1529 2597 1620 2668 ⁸τῷ
1653 2597 1841 2667 Κυρίῳ

257 2684 445 2754 ἡμῶν.
483 2703 500 2735 ι
549 2687 734 2754 Ἀρκεῖ
757 2686 877 2754 μὲν,
919 2688 1071 2757 φησὶ,
1106 2686 1256 2756 [161]
1288 2688 1380 2740 καὶ
1405 2672 1560 2758 αὕτη
1586 2686 1707 2741 καθ’
1744 2688 1842 2741 αὑ·

255 2777 362 2844 τὴν
417 2778 445 2845 ἡ
482 2777 579 2846 τῆς
616 2777 929 2847 ἐλευθερίας
979 2775 1159 2848 δωρεά
1210 2777 1299 2831 τὸν
1345 2776 1444 2848 τῆς
1487 2777 1770 2841 εὐσεϐείας
1796 2777 1842 2811 ⁸⁸

260 2866 393 2935 ὑμῖν
421 2868 466 2899 9³
490 2867 750 2931 ἐπιδεῖξαι
781 2866 1010 2938 καρπὸν,
1065 2870 1128 2920 ἐκ
1161 2868 1470 2938 φιλοτιμίας
1514 2868 1570 2921 δὲ
1619 2870 1770 2940 ὅμως
1812 2870 1840 2922 ὁ

264 2956 563 3027 φιλόδωρος
601 2958 692 3009 καὶ
722 2958 1094 3029 μεγαλόδωρος
1129 2958 1334 3029 Κύριος
1367 2959 1461 3012 καὶ
1494 2960 1591 3030 τὴν
1625 2959 1842 3013 αἰώνιον

268 3048 402 3117 ὑμῖν
442 3048 694 3115 δωρεῖται
729 3048 873 3118 ζωὴν
897 3051 964 3111 ⁸⁸,
997 3051 1083 3101 ἵνα,
1125 3049 1393 3119 ἁμαρτίας
1427 3049 1522 3102 καὶ
1567 3049 1842 3103 δικαιοσύ-

1933 618 2253 678 exspectare
2283 623 2386 663 nos
2419 607 2603 678 jussit,
2644 620 2749 660 nec
2788 600 3261 674 pulchritudinem
3300 598 3506 654 sanita-

1935 708 2155 768 temque
2179 699 2449 768 corporis,
2474 697 2570 755 sed
2591 695 2815 751 virtutis
2841 695 3098 759 sudores,
3121 701 3176 746 et
3200 689 3508 759 suscipien-

1934 789 2001 844 da
2033 790 2104 844 ob
2145 791 2290 844 illam
2335 790 2677 852 discrimina,
2723 787 3072 854 maximaque
3117 792 3173 836 et
3204 779 3507 849 inexplica-

1935 881 2067 936 bilia
2092 882 2240 936 illius
2269 882 2511 951 praemia.
2538 879 2672 944 Qua:
2693 878 2844 932 enim
2879 875 3096 944 assequi
3126 873 3301 944 possit
3331 869 3509 924 oratio

1936 971 2241 1024 immortale
2269 970 2401 1024 illud
2426 968 2813 1035 inﬁnitumque
2841 979 3069 1034 regnum
3097 961 3384 1021 caelorum,
3421 958 3507 1011 vi-

1936 1069 2155 1131 tamque
2179 1062 2353 1124 senio,
2381 1061 2530 1115 euris
2567 1068 2623 1113 et
2651 1058 2936 1112 doloribus
2957 1053 3279 1111 carentem?
3319 1052 3394 1105 De
3423 1050 3510 1105 his

1936 1151 2096 1206 divus
2117 1152 2316 1206 Paulus
2335 1151 2603 1206 exclamat
2631 1166 2643 1202 :
2674 1168 2691 1199 ι
2719 1149 2852 1214 Qua;
2873 1147 3065 1202 oculus
3086 1161 3195 1199 non
3223 1142 3382 1207 vidit,
3408 1155 3512 1197 nec

1935 1240 2088 1294 auris
2117 1241 2345 1305 audivit,
2372 1255 2478 1294 nec
2505 1239 2560 1292 in
2587 1253 2682 1292 cor
2715 1235 2955 1290 hominis
2978 1232 3364 1294 ascenderunt,
3389 1242 3512 1299 qua:

1935 1334 2148 1403 paravit
2169 1333 2315 1386 Deus
2342 1331 2699 1402 diligentibus
2731 1342 2858 1383 eum
2908 1327 2954 1378 ιι.
2998 1344 3016 1375 ›
3058 1323 3213 1389 Quod
3259 1322 3304 1376 si
3341 1322 3386 1376 is
3415 1320 3512 1391 qui

1937 1430 2212 1494 spectator
2251 1422 2375 1486 fuit,
2429 1437 2653 1475 narrare
2710 1419 2802 1473 illa
2850 1431 2962 1470 non
3013 1414 3215 1484 potuit,
3275 1425 3512 1483 quorum

1937 1514 2251 1584 spectaculo
2269 1513 2468 1582 dignus
2491 1520 2576 1566 est
2599 1511 2793 1574 factus,
2819 1523 2963 1579 aegre
2988 1506 3128 1561 alius
3182 1521 3246 1558 ea
3280 1502 3514 1558 tentabit

1938 1622 2058 1676 quae
2101 1605 2362 1675 explicari
2404 1620 2517 1658 non
2552 1603 2764 1672 1002
2803 1608 3053 1670 possunt.
3097 1597 3254 1663 Quod
3296 1611 3423 1650 vero
3457 1602 3516 1650 et

1939 1700 2054 1769 ipse
2085 1699 2249 1754 tinem
2282 1699 2560 1752 bonorum
2596 1697 2763 1750 vitam
2795 1705 3055 1747 mternam
3080 1705 3202 1745 esse
3236 1689 3510 1752 statuerit,

1940 1789 2126 1846 audite
2158 1789 2225 1844 ad
2263 1789 2540 1843 Romanos
2571 1788 2687 1841 hate
2719 1784 3055 1840 scribentem
3092 1800 3102 1833 :
3147 1801 3164 1831 ι
3196 1780 3332 1834 Cum
3365 1778 3513 1833 enim

1939 1880 2080 1935 servi
2105 1878 2300 1933 essetis
2319 1877 2552 1947 peccati,
2571 1875 2731 1929 liberi
2753 1874 2936 1927 fuistis
2954 1872 3056 1941 ipsi
3075 1870 3319 1942 iustitiae.
3341 1868 3511 1935 Quem

1938 1985 2066 2041 ergo
2094 1970 2333 2024 fructum
2370 1966 2643 2021 habuistis
2670 1976 2800 2020 tunc
2833 1966 2887 2018 in
2917 1964 3046 2026 illis,
3089 1976 3324 2031 quorum
3353 1974 3515 2014 causa

1937 2075 2086 2114 nunc
2119 2057 2485 2113 erubescitis?
2513 2072 2636 2109 nam
2665 2055 2790 2109 ﬁnis
2811 2055 3029 2108 illorum
3055 2067 3201 2106 mors
3230 2059 3335 2105 est.
3356 2050 3524 2104 Nunc.

1939 2158 2124 2205 autem
2171 2149 2391 2203 liberati
2429 2164 2458 2201 a
2494 2155 2738 2216 peccato,
2790 2145 2935 2199 servi
2979 2154 3162 2197 autem
3214 2141 3341 2196 facti
3378 2139 3512 2203 Deo,

1940 2240 2156 2294 habetis
2189 2239 2428 2294 fructum
2451 2247 2698 2291 vestrum
2739 2237 2791 2289 in
2810 2234 3322 2296 sanctiﬁcationem,
3350 2231 3516 2285 ﬁnem

1939 2347 2073 2386 vero
2124 2331 2291 2384 vitam
2343 2338 2626 2385 aeternam.
2677 2314 2961 2396 Stipendia
3007 2325 3155 2379 enim
3220 2323 3452 2393 peccati,
3497 2325 3516 2343 θ

1940 2438 2089 2476 mors
2115 2441 2126 2476 :
2154 2422 2325 2492 gratia
2347 2429 2530 2475 autem
2554 2421 2671 2483 Dei,
2701 2419 2810 2473 vita
2833 2428 3038 2473 :eterna
3067 2419 3122 2471 in
3143 2415 3364 2470 Christo
3386 2415 3515 2469 Jesu

1940 2514 2172 2568 Domino
2203 2522 2395 2567 nostro
2433 2511 2475 2565 ι.
2510 2531 2527 2562 ι»
2561 2510 2705 2565 Satis
2731 2517 2836 2574 est,
2877 2508 3078 2578 inquit,
3116 2507 3296 2576 ipsum
3329 2521 3427 2575 per
3457 2519 3517 2559 se

1941 2604 2212 2658 libertatis
2228 2604 2455 2666 donum,
2477 2612 2538 2656 ut
2556 2601 2792 2656 fructum
2812 2600 2968 2654 vobis
2990 2599 3211 2668 pietatis
3229 2596 3515 2651 ostendat:

1941 2703 2125 2748 tamen
2152 2710 2220 2748 ex
2261 2710 2358 2748 sua
2385 2693 2719 2747 liberalitate
2764 2689 3061 2744 muniﬁcus
3096 2696 3153 2742 et
3196 2688 3520 2757 magniﬁcus

1941 2786 2207 2872 Dominus
2260 2795 2519 2839 aeternam
2569 2783 2728 2837 vobis
2785 2782 3158 2852 superingerit
3214 2780 3404 2841 vitam,
3461 2787 3523 2832 ut

1931 2869 2151 2948 peccati
2175 2892 2239 2930 ac
2255 2876 2483 2946 jUstitize
2507 2874 2874 2929 differentiam
2901 2869 3246 2942 cognoscatis
3274 2889 3286 2924 :
3320 2885 3521 2940 pecca-

1942 2976 2058 3022 tum
2081 2967 2226 3021 cnim
2255 2965 2414 3019 ﬁnem
2445 2965 2638 3018 habuit
2663 2971 2926 3027 mortem;
2948 2963 3159 3032 justitia
3184 2976 3334 3024 vero,
3354 2960 3523 3013 vitam

1942 3066 2224 3114 aeternam.
2261 3055 2470 3110 Deinde
2505 3061 2630 3123 post
2660 3055 2766 3108 alia
2797 3053 3054 3122 plurima,
3085 3052 3385 3105 maximum
3420 3050 3521 3104 do-

261 3153 360 3207 νης
390 3137 450 3190 τὸ
478 3139 730 3209 διάφορον
756 3138 1126 3210 καταμάθητε.
1171 3140 1235 3192 Ἥ
1271 3140 1370 3208 μὲν
1404 3141 1510 3209 γὰρ
1541 3141 1692 3204 τέλος
1717 3141 1841 3211 ἔσχε

1946 3165 2142 3204 norum
2167 3148 2412 3203 ostendit
2445 3167 2458 3199 :
2502 3166 2518 3198 ι
2536 3145 2862 3215 Quicunque
2888 3147 3058 3209 enim,
3087 3144 3289 3213 inquit,
3315 3142 3524 3212 Spiritu

261 3228 357 3281 τὸν
391 3228 640 3294 θάνατον,
677 3232 710 3300 ἡ
738 3230 815 3294 δὲ,
851 3230 949 3299 τὴν
975 3229 1118 3300 ζωὴν
1141 3229 1240 3299 τὴν
1269 3231 1505 3284 αἰώνιον,
1541 3227 1676 3283 Εἶτα
1702 3231 1838 3300 μετὰ

261 3321 495 3373 πλεῖστα
546 3322 636 3374 καὶ
680 3321 740 3374 τὸ
792 3320 1045 3390 μέγιστον
1075 3320 1406 3374 ἐπιδείκνυσι
1455 3321 1560 3374 τῶν
1607 3320 1842 3392 δωρεῶν.

269 3429 288 3462 ι
321 3411 475 3463 Ὅσοι
497 3412 623 3480 γὰρ,
661 3412 816 3480 φησὶ,
846 3411 1121 3483 Πνεύματι
1151 3413 1286 3466 Θεοῦ
1313 3413 1556 3481 ἄγονται,
1584 3407 1732 3467 οὗτοί
1765 3417 1844 3467 εἰ-

266 3519 353 3555 σιν
376 3503 478 3555 υἱοὶ
500 3501 652 3566 Θεοῦ·
679 3502 738 3554 οὐ
778 3503 885 3572 γὰρ
909 3503 1128 3557 ἐλάϐετε
1167 3504 1382 3574 πνεῦμα
1410 3505 1654 3569 δουλείας
1686 3507 1845 3561 πάλιν

263 3595 347 3655 είς
378 3591 563 3680 φόϐον,
588 3593 701 3645 ἀλλ’
735 3593 956 3647 ἐλάϐετε
982 3596 1201 3666 Πνεῦμα
1235 3597 1531 3661 υἱοθεσίας,
1563 3599 1623 3667 ἐν¹
1645 3591 1688 3665 ᾧ
1714 3599 1847 3669 κρά-

264 3683 452 3754 ζομεν·
489 3683 675 3746 ’A66i,
702 3687 728 3736 6
754 3686 960 3756 Πατήρ
985 3688 1114 3740 αὐτὸ
1131 3688 1189 3740 τὸ
1215 3687 1436 3757 Πνεῦμα
1464 3690 1848 3758 συμμαρτυρεῖ

263 3773 348 3844 τῷ
383 3773 650 3842 πνεύματι
689 3763 866 3844 ἡμῶν,
894 3776 975 3828 ὅτι
1009 3778 1172 3846 ἐσμὲν
1204 3777 1370 3830 τέκνα
1398 3778 1552 3830 Θεοῦ.
1586 3780 1646 3831 El
1675 3779 1732 3832 δὲ
1758 3779 1845 3832 τέ·

264 3880 372 3916 κνα
399 3862 467 3926 ’⁷,
493 3863 585 3915 καὶ
613 3863 960 3934 κληρονόμον
1008 3865 1330 3936 κληρονόμοι
1381 3867 1480 3937 μὲν
1526 3868 1684 3932 Θεοῦ,
1713 3884 1847 3936 συγ-

267 3951 595 4021 κληρονόμοι
621 3952 677 4004 δὲ
704 3952 960 4022 Χριστοῦο
997 3956 1153 4025 είπερ
1183 3958 1598 4027 συμπάσχομεν,
1639 3959 1725 4011 ἵνα
1754 3959 1847 4013 καὶ

268 4043 737 4128 συνδοξασθῶμεν.
779 4064 796 4094 ι
837 4047 945 4098 Καὶ
994 4047 1261 4111 Γαλάταις
1304 4050 1360 4103 δὲ
1405 4051 1734 4104 ἐπιστέλλων
1778 4053 1847 4106 τὰ

268 4133 629 4203 παραπλήσια
655 4134 779 4204 ἔφη·
819 4154 836 4186 t
865 4137 1027 4190 Ὥστε
1051 4140 1231 4191 οὐκέτι
1255 4134 1307 4192 εἷ
1332 4140 1536 4206 δοῦλος,
1569 4141 1682 4195 ἀλλ’
1709 4143 1843 4205 υἱός’

267 4226 320 4278 εἰ
353 4225 408 4278 δὲ
442 4226 571 4289 υίὸς,
615 4227 706 4278 καὶ
731 4227 1062 4298 κληρονόμος
1096 4229 1230 4282 Θεοῦ
1262 4231 1604 4303 διὰίίησοῦ]
1638 4235 1682 4265 ⁸⁸
1711 4235 1845 4305 Χρι-

266 4315 386 4369 τοῦ.
418 4318 527 4370 Καὶ
565 4319 814 4389 Τιμοθέῳ
855 4321 912 4373 δὲ
954 4320 1052 4390 τὴν
1099 4324 1266 4392 αὐτὴν
1309 4324 1546 4377 διάνοιαν
1577 4308 1843 4396 γέγραφε*

275 4429 295 4461 ι
327 4409 522 4473 Πιστὸς
543 4413 570 4463 6
593 4411 768 4477 λόγος·
802 4413 849 4463 εἰ
880 4413 986 4483 γὰρ
1019 4412 1156 4486 [καὶ]
1187 4416 1232 4447 θ’
1258 4417 1722 4487 συναπεθάνομεν,
1753 4421 1846 4473 καὶ

1948 3240 2042 3294 Dei
2079 3246 2336 3308 aguntur,
2358 3236 2416 3290 hi
2451 3241 2580 3288 sunt
2614 3232 2713 3287 ﬁlii
2750 3232 2866 3287 Dei.
2903 3232 3024 3287 Non
3056 3232 3203 3286 enim
3235 3231 3528 3301 accepistis

1948 3331 2202 3400 spiritum
2234 3326 2518 3382 servitutis
2552 3325 2750 3378 iterum
2783 3324 2839 3377 in
2865 3324 3143 3387 timorem,
3179 3323 3272 3377 sed
3309 3322 3527 3392 accepi-

1947 3420 2047 3475 stis
2072 3418 2335 3488 Spiritum
2353 3413 2671 3484 adoptionis
2695 3411 2934 3466 ﬁliorum
2961 3413 3081 3475 Dei,
3116 3414 3170 3466 in
3197 3429 3308 3482 quo
3328 3413 3530 3467 clama-

1946 3527 2090 3574 mus,
2127 3509 2299 3572 Abba,
2337 3508 2515 3561 Pater.
2544 3505 2666 3575 Ipse
2698 3504 2846 3558 enim
2883 3503 3123 3572 Spiritus
3152 3503 3527 3557 testimonium

1948 3600 2130 3658 reddit
2167 3614 2292 3654 cum
2319 3596 2520 3667 spiritu
2551 3603 2764 3657 nostro,
2793 3594 2941 3664 quod
2976 3594 3150 3647 simus
3194 3593 3288 3646 lilii
3315 3592 3408 3646 Dei
3441 3591 3528 3646 :si

1948 3701 2131 3747 autem
2155 3691 2271 3753 ﬁlii,
2299 3699 2354 3742 et
2382 3687 2650 3750 ltmredes,
2688 3683 2935 3740 hazredes
2957 3683 3177 3753 quidem
3206 3684 3325 3748 Dei,
3347 3683 3531 3738 cohae-
3577 3710 3580 3717 ι

1948 3783 2107 3837 redes
2141 3790 2326 3834 autem
2358 3778 2589 3840 Christi,
2619 3777 2663 3830 si
2689 3791 2796 3829 una
2818 3774 3080 3844 patimur,
3115 3783 3176 3826 ut
3200 3783 3256 3827 et
3283 3789 3388 3827 una
3414 3773 3532 3844 glo-

1947 3869 2229 3926 riticemur
2261 3880 2322 3921 ω.
2359 3887 2377 3919 ι
2413 3866 2496 3921 Ad
2522 3865 2741 3920 Galatas
2771 3876 2992 3933 quoque
3023 3864 3298 3926 scribens,
3331 3864 3419 3917 his
3453 3864 3530 3917 si-

1947 3962 2097 4018 milia
2124 3959 2258 4015 dicit
2292 3977 2304 4013 :
2341 3978 2359 4010 ι
2397 3958 2584 4027 Itaque
2605 3958 2717 4028 jam
2747 3971 2857 4010 non
2879 3969 2940 4009 es
2961 3970 3178 4019 servus,
3215 3956 3309 4010 sed
3338 3954 3484 4010 ﬁlius
3510 3973 3526 4021 ;

1948 4055 1992 4110 si
2041 4052 2249 4124 1003
2291 4035 2475 4104 autem
2530 4047 2697 4111 ﬁlius,
2747 4054 2803 4101 et
2849 4045 3024 4099 haeres
3070 4044 3165 4099 Dei
3210 4061 3310 4115 per
3344 4045 3532 4100 Jesum

1947 4146 2228 4202 Christum
2265 4152 2312 4195 ιι.
2342 4160 2358 4192 ι
2400 4140 2460 4193 ln
2484 4138 2732 4194 eamdem
2766 4150 2987 4206 quoque
3014 4137 3346 4189 sententiam
3377 4144 3432 4190 et
3463 4137 3533 4191 ad

1949 4232 2300 4290 Timotheum
2325 4227 2521 4284 scribit
2561 4244 2574 4278 :
2615 4245 2632 4275 ‹
2669 4224 2804 4279 Fide
2840 4225 3039 4294 dignus
3065 4239 3267 4288 sermo,
3304 4225 3346 4278 si
3384 4225 3533 4278 enim

1948 4339 2059 4380 una
2083 4321 2286 4377 mortui
2318 4333 2530 4381 sumus,
2561 4331 2668 4371 una
2711 4330 2930 4385 quoque
2958 4313 3209 4367 vivemus
3240 4331 3252 4365 :
3287 4314 3332 4368 si
3358 4316 3529 4368 susti-

1948 4430 2164 4477 nemus,
2187 4427 2295 4465 una
2325 4410 2494 4463 etiam
2528 4406 2886 4477 regnabimus
2917 4413 2965 4456 ο.
3000 4424 3018 4456 ›
3054 4403 3159 4459 Sed
3188 4411 3246 4458 et
3273 4404 3435 4457 aliam
3464 4404 3532 4458 ad

271 4499 600 4571 συξήσομενο
635 4504 682 4554 εί
714 4503 1075 4574 ὑπομένομεν,
1114 4506 1207 4558 καὶ
1251 4507 1780 4578 συμϐασιλεύσομεν.
1823 4529 1840 4561 ι

1951 4521 2078 4562 eum
2106 4503 2355 4558 scribens
2377 4499 2704 4569 Epistolam,
2726 4497 2843 4551 haec
2872 4511 3094 4566 quoque
3127 4495 3181 4548 in
3208 4511 3270 4550 ea
3301 4495 3487 4565 posuit
3517 4515 3531 4551 :

267 4593 385 4645 Καὶ
414 4592 577 4662 ἄλλην
621 4594 679 4646 δὲ
720 4595 935 4665 γράψας
985 4597 1133 4666 αὐτῷ
1170 4597 1186 4628 ¹
1219 4599 1507 4670 ἐπιστολὴν
1543 4601 1638 4654 καὶ
1676 4601 1848 4654 ταῦτα

269 4680 578 4736 ἐντέθεικεν
601 4684 621 4714 ’
645 4700 658 4713 ·
697 4702 714 4733 σ
753 4683 894 4751 Ἐγὼ
919 4686 1026 4755 γὰρ
1055 4688 1155 4758 ἤδη
1185 4689 1479 4759 σπένδομαι
1499 4707 1512 4721 '
1545 4693 1638 4744 καὶ
1675 4694 1703 4744 ό
1729 4710 1847 4745 καιο

275 4769 368 4840 ρδς
393 4769 490 4839 τῆς
514 4771 653 4841 ὲμῆς
674 4771 983 4835 ἀναλύσεως
1002 4775 1022 4805 ⁸
1045 4775 1336 4843 ἐφέστηκε.
1356 4776 1457 4832 Τὸν
1481 4779 1642 4831 καλὸν
1663 4781 1848 4847 ἀγῶνα

166 4902 172 4905 η
270 4859 604 4931 ἠγώνισμαι,
635 4863 724 4915 τὸν
743 4862 942 4934 δρόμον
969 4865 1377 4938 τετέλεκα,·τὴν
1408 4868 1588 4921 πίστιν
1619 4873 1851 4941 τετήρη-

271 4967 367 5003 κα·
389 4950 573 5004 λοιπὸν
601 4953 888 5006 ἀπόκειταί
916 4971 1006 5024 μοι
1030 4957 1058 5008 6
1076 4957 1173 5025 τῆς
1196 4957 1542 5030 δικαιοσύνης
1570 4960 1850 5029 στέφανος·

266 5040 333 5094 ὃν
367 5041 632 5096 ἀποδώσει
661 5061 752 5113 μοι
780 5043 853 5116 [ὁ]
881 5045 1086 5115 Κύριος
1118 5047 1176 5100 ὲν
1199 5047 1382 5120 ἐκείνῃ
1408 5052 1473 5121 τῇ
1507 5050 1708 5121 ἡμέρᾳ,
1733 5051 1857 5104 ὁδί-

347 5193 372 5267 ‘f
405 5195 579 5267 [ϐυτ.
612 5213 684 5263 tt,
725 5198 778 5253 9.
855 5198 876 5236 ι
908 5199 1066 5256 Rom.
1123 5217 1210 5267 vt,
1258 5201 1445 5258 20-25.

275 5265 370 5319 PII
417 5265 655 5321 Timoth.
686 5283 756 5334 tv,
797 5267 909 5322 6-8.

1560 5215 1598 5243 ω
1630 5205 1791 5259 Rom.
1825 5221 1966 5281 vui,
2016 5204 2206 5259 14-17.

1961 4619 1980 4650 ‹
2013 4599 2126 4668 Ego
2151 4595 2298 4650 enim
2329 4594 2440 4664 jam
2475 4591 2640 4655 libor,
2678 4597 2735 4643 ct
2773 4597 2987 4659 tempus
3019 4603 3152 4641 mea:
3182 4586 3538 4642 resolutionis

1955 4690 2142 4743 instat.
2182 4686 2393 4739 Bonum
2433 4688 2712 4736 certamen
2741 4679 2969 4743 certavi,
3006 4693 3230 4733 cursum
3275 4693 3523 4732 consum-

1956 4780 2123 4843 mavi,
2155 4777 2317 4832 ﬁdem
2353 4773 2565 4830 servavi
2602 4792 2613 4825 :
2645 4772 2792 4843 quod
2825 4769 3102 4841 reliquum
3136 4778 3254 4834 est,
3293 4769 3537 4840 reposita

1958 4879 2042 4926 est
2058 4867 2193 4923 mihi
2214 4881 2417 4920 corona
2438 4863 2687 4934 justitiae,
2710 4877 2872 4932 quam
2897 4860 3092 4915 reddet
3113 4861 3247 4914 mihi
3271 4860 3540 4915 Dominus

1960 4961 2016 5013 in
2046 4958 2140 5012 illo
2166 4956 2254 5010 die
2271 4956 2454 5026 justus
2475 4952 2643 5022 judex
2667 4992 2682 5015 ,
2707 4965 2817 5004 non
2842 4949 3020 5003 solum
3047 4958 3231 5003 autem
3255 4935 3413 5014 mihi,
3440 4949 3537 5004 sed

1959 5059 2018 5105 et
2046 5047 2304 5104 omnibus
2343 5045 2413 5099 iis
2449 5043 2545 5113 qui
2594 5041 2911 5095 dilexerunt
2944 5038 3242 5093 adventum
3280 5040 3401 5110 ejus
3429 5047 3476 5091 ιι.
3511 5057 3529 5088 ι

2317 5198 2546 5255 υϐδιθῐ.
2592 5211 2681 5261 ιν,
2734 5194 2788 5248 7.
2847 5177 2849 5179 ’
2904 5200 2930 5229 ο
2959 5193 3006 5250 II
3049 5194 3291 5251 Timoth.
3333 5210 3405 5262 ιι,
3447 5193 3535 5250 ts.

1550 5357 1788 5414 VARle
1828 5358 2124 5416 LECTION
2133 5358 2234 5414 ES.

346 5496 392 5528 ⁸⁸
419 5497 544 5560 τοὺς
566 5496 660 5566 τῆς
693 5496 1039 5617 ἀρξτῆςκτης
1065 5496 1266 5581 αρετῆς
1292 5497 1416 5558 τοὺς
1439 5497 1502 5552 D.
1567 5499 1613 5532 ⁸³
1636 5500 1877 5569 ἀγήρων.
1916 5500 2109 5570 ἀγήρω
2139 5498 2201 5552 Ι).
2261 5499 2306 5530 ⁸⁷
2335 5498 2428 5550 καὶ
2452 5499 2563 5550 ἐπί.
2598 5499 2718 5552 οὐδὲ
2743 5500 2834 5552 ἐπὶ
2869 5499 2931 5552 D.
2990 5499 3036 5531 ⁸⁸
3067 5498 3328 5565 ἐπόπτης,
3388 5497 3521 5550 αὑτ-

346 5583 446 5617 πτηε
477 5567 541 5617 Ι).
597 5567 640 5597 ⁸⁸
678 5566 824 5617 ίδειν.
883 5565 944 5617 δη
1015 5577 1119 5617 οειν
1169 5567 1232 5617 Ι).
1317 5566 1360 5597 ⁸³
1394 5569 1816 5617 κατατολμήσοι.
1868 5569 2275 5617 κατατολμήσαι
2332 5567 2430 5617 D..
2480 5567 2523 5597 ⁹¹
2550 5569 2774 5617 ἐκείνων
2819 5570 2969 5617 τέλος
3006 5568 3069 5617 D.
3125 5577 3180 5617 et
3247 5582 3372 5617 mox
3410 5564 3521 5617 νῦν.

273 5568 380 5619 όπτ
422 5584 446 5628 ς
477 5567 541 5620 D.
597 5565 640 5597 ⁸⁸
678 5566 824 5617 ἰδεῖν.
851 5565 858 5567 ⁷
883 5565 945 5632 δὴ

275 5638 325 5706 ξ’
357 5585 515 5706 [ἒμα]
537 5651 646 5688 om.
683 5633 747 5706 (ξ,
776 5634 875 5706 DL
898 5635 944 5666 ⁸⁸

1043 5564 1119 5639 εῖν
1169 5564 1232 5620 Ι).
1295 5566 1360 5639 _’°
1394 5564 1816 5639 κατατολμήσοι.
1868 5564 2297 5639 κειτέιίξολμείγσαιΔ
2332 5567 2430 5639 1)..
2480 5567 2774 5639 θξᾼέκεᾼίνων
2819 5570 2969 5639 τέλος
3006 5568 3070 5630 D,
3125 5577 3180 5621 et
3247 5564 3372 5620 mox
3410 5564 3524 5618 νῦν.

415 5634 515 5720 μα]
537 5651 653 5720 om;
683 5633 747 5720 (ξξ
776 5634 875 5720 D.“
898 5635 1046 5720 "'sig
1069 5636 1468 5720 dftuyliémﬁt?
1486 5652 1604 5720 9m.
1757 5638 1802 5669 ⁸⁸
1823 5633 2124 5720 εὑξεόείῆαςζ
2153 5633 2465 5720 ξλευθερίας
2499 5637 2601 5720 γι),
2760 5641 2804 5670 ’⁸
2836 5638 2984 5720 ὑμῖν.
3013 5639 3242 5720 mit).
3300 5636 3351 5720 ff
3383 5635 3529 5720 ζωῂν

273 5703 682 5793 eaeaeae»,
705 5704 800 5793 0;.
831 5703 1079 5793 iter:
1119 5704 1427 5793 estP-.1?
1439 5705 1470 5793 t
1484 5706 1686 5793 πισοῦ]
1713 5722 1841 5793 ,ωειλ
1871 5708 1933 5793 1?-
1981 5707 2048 5793 .”f’
2072 5706 2214 5777 [καὶ]
2242 5721 2356 5793 9m;
2380 5706 2442 5789 Ρ·
2490 5708 2535 5790 ,ί
2565 5707 2783 5793 γράψεις
2805 5703 2997 5793 ,εὖτῷο
3030 5703 3178 5777 MP
3212 5705 3428 5777 γράψας
3461 5703 3526 5793 12v

277 5772 427 5844 αὐτῷ
454 5772 688 5833 οωζγιι.
738 5774 758 5802 ³
781 5773 1101 5828 ἐντέθεικεν.
1130 5775 1188 5827 ὲν
1212 5772 1490 5828 σύνθεικέν
1518 5772 1580 5828 D.

1659 5775 1683 5809 ³
1709 5778 1847 5848 ἐμῆς
1875 5775 2210 5838 ἀναλύσεως.
2233 5775 2544 5839 ἀναλύσεώς
2574 5775 2676 5847 μου
2702 5777 2766 5844 D,

2805 5776 2972 5833 Sirm‘.
