4080 6370
333 426 473 490 ΗΠ

862 425 1299 487 ϐΒίΕΟΑΡιΗΜ
1337 425 1638 490 AFFECT.
1678 430 1905 492 CURA'J

2007 428 2216 490 h—XI.
2256 429 2355 490 DE
2389 425 2571 490 FINE
2608 427 2706 488 ET
2738 425 3062 488 JUDICIO.

3466 428 3598 488 1113

331 557 428 610 με.
459 555 478 588 ι
529 533 781 588 Ἐκείνων
814 533 872 586 δὲ
917 532 1133 601 φάντων
1168 532 1333 602 μηδὲν
1366 534 1573 588 τούτων
1613 534 1834 589 πώποτε
1863 538 1905 568 ¹¹

2013 535 2102 591 his
2127 536 2374 591 minimis
2408 536 2678 591 fratribus
2702 533 2861 599 meis,
2895 534 2992 605 qui
3022 533 3078 587 in
3103 547 3192 588 me
3214 531 3596 592 crediderunt.

327 624 647 696 δεδρακέναι
675 623 826 693 (ἴδιον
851 622 962 692 γὰρ
998 619 1059 674 τὸ
1086 620 1401 690 μετριάζειν
1431 620 1540 673 τῶν
1580 622 1682 691 τῆς
1705 622 1908 693 ἀρετῆς

326 716 667 786 ἀθλητῶν¹⁸,
699 715 792 769 καὶ
826 712 1235 783 κατακρύπτειν
1278 712 1368 765 τὸν
1416 713 1646 766 πλοῦτον
1677 712 1764 783 ι⁸),
1793 715 1912 785 ἐρεῖ

325 807 530 873 τοίνυν,
555 807 740 876 φησὶν,
773 805 912 876 πρὸς
930 804 1127 863 αὐτοὺς
1153 806 1181 856 ό
1202 801 1484 865 Βασιλεύςο
1517 822 1535 854 ι
1557 805 1614 856 ’Δ
1624 805 1730 874 μὴν
1763 805 1908 873 λέγω

327 899 483 966 ὑμῖν,
519 896 607 965 ἐφ’
636 897 760 949 ὅσον
804 895 1092 965 ἐποιήσατε
1142 894 1224 946 ἐνὶ
1267 892 1474 948 τούτων
1511 895 1622 949 τῶν
1663 896 1908 965 ἀδελφῶν

330 1007 436 1059 μου
501 990 609 1043 τῶν
659 989 957 1058 ἐλαχίστων
1015 987 1125 1039 τῶν
1174 987 1538 1040 πιστευόντων
1583 989 1626 1020 ¹⁸
1675 990 1752 1050 είς
1785 989 1906 1058 ἐμὲ,

323 1081 447 1149 ἐμοὶ
501 1081 817 1147 ἐποιήσατε.
855 1096 874 1128 ι
932 1076 1087 1130 Οὕτω
1122 1076 1343 1139 τούτους
1396 1078 1770 1147 ἀνακηρύξας,
1815 1080 1907 1133 καὶ

321 1170 573 1234 δεδωκὼς
619 1170 688 1222 τὰ
718 1169 856 1239 γέρα
891 1169 999 1222 τῶν
1035 1169 1234 1230 πόνων,
1286 1169 1421 1238 ἐρεῖ,
1465 1169 1622 1240 φησὶ,
1659 1171 1754 1223 καὶ
1794 1173 1930 1234 τοῖς,

322 1263 389 1328 ἐξ
436 1261 754 1331 εὐωνύμων·
807 1278 826 1310 ι
874 1257 1172 1331 Πορεύεσθε
1207 1259 1301 1310 ἀπ’
1327 1255 1485 1327 ἐμοῦ,
1512 1260 1560 1311 oi
1592 1261 1910 1330 zampapé-

320 1371 428 1414 νοι,
459 1355 539 1416 είς
572 1353 632 1404 τὸ
664 1349 774 1422 πῦρ
801 1351 860 1402 τὸ
892 1348 1130 1411 αίὼνιον,
1155 1348 1217 1401 τὸ
1248 1349 1652 1419 ἡτοιμασμένον
1687 1351 1764 1420 τῷ
1800 1352 1912 1406 δια.

320 1445 469 1515 σόλῳ
497 1444 590 1496 καὶ
610 1445 722 1506 τοῖς
744 1441 998 1510 ἀγγέλοις
1027 1438 1212 1493 αὐτοῦ.
1248 1457 1266 1489 ι
1301 1439 1476 1509 Δήλας
1502 1440 1559 1493 δὲ
1585 1441 1678 1494 καὶ
1701 1443 1912 1506 τούτοις

327 1536 446 1588 τῶν
481 1532 762 1604 τιμωριῶν
790 1533 888 1593 τὰς
925 1529 1106 1592 αίτίας
1138 1531 1315 1582 ποιεῖ·
1351 1529 1527 1592 οὐδεὶς
1550 1531 1658 1600 γὰρ
1687 1529 1911 1601 ἔδρασεν

2015 627 2151 682 mihi
2176 627 2386 682 fecistis
2416 636 2465 681 γ.
2499 647 2517 678 ι
2562 628 2631 681 Et
2663 636 2955 698 postquam
2990 627 3093 680 hos
3133 623 3286 680 vocis
3315 639 3428 680 sua
3460 640 3602 695 pne-

2014 719 2179 774 eonio
2213 719 2578 788 laborumque
2618 719 2862 787 praemiis
2899 716 3228 778 honestarit,
3265 715 3415 771 dicet
3446 724 3503 771 et
3531 716 3601 769 iis

2013 809 2111 878 qui
2137 809 2364 862 stabunt
2383 824 2411 860 a
2443 807 2684 861 sinistris
2710 825 2722 859 :
2760 826 2777 856 ‹
2806 805 3082 861 Discedite
3107 819 3136 858 a
3161 818 3268 868 me,
3296 802 3597 865 maledicti,

2016 901 2073 954 in
2105 904 2120 919 ”
2150 900 2330 971 ignem
2353 908 2646 962 aeternum,
2679 898 2772 967 qui
2803 906 3028 967 paratus
3057 903 3143 950 est
3169 895 3389 949 diabolo
3416 903 3473 948 et
3497 910 3596 946 an-

2015 989 2151 1060 gelis
2172 991 2293 1058 ejus
2318 999 2362 1041 ι.
2394 1008 2412 1039 ι
2438 988 2685 1057 Explicat
2713 995 2898 1042 autem
2930 986 3017 1040 his
3045 999 3263 1055 quoque
3293 982 3595 1052 supplicio-

2016 1093 2138 1132 rum
2165 1093 2359 1133 causas
2385 1095 2397 1129 :
2423 1077 2571 1146 quod
2610 1076 2795 1129 nullus
2824 1091 3015 1130 eorum
3041 1090 3104 1127 ea
3126 1072 3452 1143 praestiterit
3473 1085 3596 1140 qua-

2009 1171 2285 1240 justorum
2315 1169 2522 1222 chorus
2553 1165 2829 1237 prmstitit,
2852 1180 3033 1233 neque
3074 1179 3343 1219 summam
3371 1162 3594 1216 illorum

2011 1261 2338 1314 modestiam
2370 1260 2568 1315 imitati
2602 1258 2829 1328 fuerint.
2859 1256 2940 1311 Illi
2962 1255 3111 1310 enim
3134 1255 3300 1309 etiam
3325 1254 3468 1308 bona
3494 1268 3595 1307 nc-

2011 1350 2215 1421 gabant
2249 1365 2308 1404 se
2340 1350 2535 1406 fecisse
2565 1364 2687 1420 quae
2720 1347 2968 1402 fecerant
3005 1363 3018 1400 :
3056 1346 3113 1399 hi
3140 1359 3296 1407 vero,
3328 1357 3450 1412 quae
3484 1357 3592 1394 non

2011 1445 2285 1510 fecerunt,
2324 1460 2384 1500 se
2413 1444 2611 1499 fecisse
2643 1442 3011 1497 mentiuntur.
3050 1439 3184 1494 Jure
3220 1452 3353 1507 ergo
3381 1434 3596 1505 1006

2014 1536 2440 1599 convincentur,
2462 1542 2520 1588 et
2544 1532 2724 1603 pmnis
2752 1530 3150 1600 suppliciisque
3176 1527 3488 1582 tradentur.

319 1625 549 1678 ἐκείνων
572 1623 609 1676 ἃ
638 1622 746 1688 τῶν
778 1621 1002 1674 δικαίων
1044 1621 1360 1673 ἐπετέλεσεν
1382 1621 1412 1673 ό
1452 1620 1643 1691 χορὸς,
1678 1623 1774 1674 καὶ
1803 1623 1926 1676 οὐδὲ
1965 1625 2067 1697 τὴν
2101 1627 2337 1697 ἐσχάτην
2380 1625 2606 1678 ἐκείνων
2639 1624 2683 1654 ¹⁶
2714 1621 2970 1693 ζηλοῦσιν
3010 1619 3317 1673 εὑλάσειαν.
3366 1616 3594 1668 Ἐκεῖνοι

320 1715 428 1783 μὲν
449 1715 578 1786 γὰρ.
610 1715 787 1768 πάντα
813 1713 999 1765 ἐκεῖνα
1026 1712 1405 1781 πεποιηκότες,
1442 1712 1779 1783 ἠρνήθησαν
1811 1709 1955 1770 οὗτοι
1976 1717 2056 1782 δὲ,
2086 1720 2182 1772 καὶ
2206 1718 2283 1790 μὴ
2305 1719 2349 1749 ³⁷
2371 1719 2712 1789 δεδρακότες,
2741 1712 3099 1786 πεποιηκέναι
3126 1710 3309 1781 φασίν⁶
3336 1707 3470 1762 ἀλλὰ
3498 1704 3595 1760 καὶ

317 1806 416 1858 τὸν
448 1805 672 1876 ἔλεγχον
696 1803 959 1870 δέξονται,
980 1804 1077 1856 καὶ
1105 1806 1171 1875 τῇ
1198 1803 1438 1875 τιμωρίᾳ
1461 1804 1948 1877 παραδοθήσονται.

394 1896 600 1959 Ταῦτα,
635 1887 680 1946 ὦ
707 1893 919 1964 ἄνδρες,
959 1893 1308 1965 παρασάλετε
1340 1895 1453 1957 τοῖς
1485 1896 1898 1966 ἐπαινουμένοις

2078 1901 2207 1957 Haec
2232 1917 2350 1966 vos,
2377 1917 2410 1956 ο
2444 1901 2576 1964 viri,
2603 1899 2852 1956 conferte
2887 1913 3011 1953 cum
3042 1896 3288 1952 Platonis
3319 1892 3590 1948 sermoni-

315 1987 420 2042 τοῦ
454 1987 742 2050 Πλάτωνος
788 1985 988 2052 λόγοις.
1027 1986 1083 2038 '0
1111 1985 1218 2055 γάρ
1267 2003 1349 2039 τοι
1401 1984 1562 2049 ἄλλος
1608 1985 1773 2058 λῆρος
1811 1989 1905 2042 καὶ

313 2079 474 2133 τοῦδε
505 2079 600 2130 καὶ
623 2077 730 2130 τῶν
766 2076 942 2131 ἄλλων
973 2075 1065 2129 τοῦ
1120 2077 1347 2140 σκότους
1393 2076 1605 2130 ἐκείνου
1634 2095 1696 2146 γε
1725 2079 1909 2145 ἀξιού-

317 2170 434 2222 σθω
459 2169 530 2201 ’⁸⁸
553 2167 590 2221 ἃ
614 2167 670 2221 δέ
697 2185 761 2235 γε
792 2167 886 2220 καὶ
905 2169 1071 2237 ἡμεῖς
1109 2167 1464 2238 ἐπῃνέσαμεν
1483 2166 1596 2239 ἔχει
1619 2169 1743 2222 τινὰ
1770 2171 1909 2239 πρὸς

313 2261 496 2316 ταῦτα
542 2259 881 2328 ξυγγένειαν.
926 2260 1041 2322 Τὰς
1095 2260 1204 2330 γάρ
1243 2277 1326 2312 τοι
1357 2260 1634 2325 κολάσεις,
1667 2262 1764 2314 καὶ
1806 2263 1907 2326 τὰς

297 2341 432 2405 ’τῶν
454 2349 675 2418 ἀγαθῶν
699 2349 1021 2416 ἀντιδόσεις,
1039 2350 1288 2412 κάκεῖνος
1309 2345 1450 2403 εἶναι
1467 2349 1904 2420 ξυνωμολόγησε,

315 2444 417 2497 καὶ
439 2442 505 2496 τὶι
535 2442 655 2496 θεῖα
686 2441 928 2506 ἐπέδειξε
962 2443 1005 2473 ¹⁹
1023 2441 1215 2510 Λόγια,
1259 2442 1353 2495 καὶ
1392 2441 1460 2494 τὰ
1493 2442 1656 2496 καινὰ
1706 2444 1801 2497 καὶ
1837 2444 1906 2497 τὰ

315 2534 555 2588 παλαιά·
581 2534 840 2597 δικαστὰς
881 2533 938 2586 δὲ
985 2534 1192 2597 ἐκεῖνος
1237 2534 1336 2603 μὲν
1363 2535 1461 2587 καὶ
1523 2534 1748 2604 ἐτέρους
1793 2537 1905 2588 είσ-

315 2627 521 2696 ἡγαγε,
573 2625 666 2677 τὸν
713 2623 935 2690 Αἰακὸν,
981 2625 1076 2678 καὶ
1106 2624 1197 2676 τὸν
1233 2625 1410 2687 Μίνω,
1457 2625 1548 2676 καὶ
1577 2625 1668 2678 τὸν
1715 2627 1904 2680 Ῥαδά-

317 2717 550 2787 μανθυν.
575 2717 775 2786 ἄνδρας
800 2717 922 2769 οὐδὲ
952 2716 1020 2768 τὰ
1051 2716 1229 2768 πάντα
1249 2715 1296 2745 ’⁸
1327 2716 1772 2785 ἐπαινουμένους,
1801 2715 1900 2769 τοῦ

326 2807 388 2858 δὲ
420 2806 574 2858 Μίνω
606 2809 702 2858 καὶ
743 2805 913 2857 πολλὰ
945 2804 1080 2857 ἄττα
1120 2804 1485 2875 κατηγοροῦσί
1522 2823 1700 2868 τινες·
1743 2808 1904 2878 ἡμεῖς

317 2897 382 2950 δὲ
408 2895 793 2966 προσμένομεν
822 2895 1087 2965 δικαστὴν
1109 2894 1204 2947 τὸν
1225 2897 1493 2964 ἡμέτερον
1530 2897 1780 2966 ποιητὴν,
1813 2899 1904 2950 τὸν

315 2987 417 3038 καὶ
455 2987 554 3054 τὴν
623 2986 785 3053 φύσιν
833 2987 900 3055 ῆν
948 2985 1186 3038 ἔπλασεν
1232 2985 1477 3054 ἀκριϐῶς
1514 2987 1901 3057 ἐπιστάμενον,

318 3081 418 3130 καὶ
444 3077 650 3147 ταύτης
710 3078 770 3130 οὗ
805 3078 965 3148 μόνον
995 3075 1095 3140 τὰς
1139 3075 1370 3147 πράξεις
1418 3078 1512 3130 καὶ
1546 3079 1674 3140 τοὺς
1713 3077 1904 3146 λόγους

316 3168 682 3236 γινώσκοντα,
717 3167 851 3221 ἀλλὰ
901 3168 995 3220 καὶ
1048 3167 1188 3220 αὐτὰ
1233 3167 1301 3221 τὰ
1334 3166 1486 3239 [165]
1531 3167 1632 3237 τῆς
1691 3169 1904 3231 ἐννοίας

2010 1993 2137 2057 bus,
2155 1993 2249 2063 qui
2271 1993 2506 2048 maxime
2523 1993 2842 2048 laudantur.
2864 1991 3088 2047 Caetera:
3103 1990 3248 2044 enim
3267 1997 3383 2042 tum
3404 1985 3590 2056 hujus,

2011 2093 2127 2139 tum
2159 2084 2393 2139 aliorum
2421 2101 2601 2154 nugae,
2643 2085 2888 2139 tenebris
2919 2082 3028 2137 illis
3068 2081 3248 2152 digna:
3285 2085 3436 2133 sunt.
3462 2077 3594 2144 Quae

2008 2191 2141 2230 vero
2175 2191 2277 2229 nos
2303 2174 2670 2240 laudavimus,
2702 2176 2911 2231 habent
2943 2175 3181 2244 aliquam
3209 2186 3334 2225 cum
3363 2169 3452 2223 his
3479 2167 3595 2222 alii-

2008 2267 2260 2321 nitatem.
2290 2264 2571 2337 Supplicia
2593 2265 2741 2321 enim
2787 2281 2852 2319 ac
2872 2264 3145 2318 honorum
3197 2258 3596 2315 retributiones

2007 2351 2064 2413 et
2093 2357 2184 2411 ille
2207 2356 2493 2411 confessus
2521 2363 2626 2420 est,
2657 2365 2714 2411 et
2745 2371 2901 2410 sacra
2924 2353 3086 2408 nobis
3109 2361 3223 2406 tum
3255 2357 3443 2404 vetera
3475 2355 3590 2402 tum

2006 2463 2148 2502 nova
2164 2446 2394 2517 Eloquia
2411 2446 2730 2501 ostendunt.
2751 2444 2976 2502 Iudices
2997 2459 3128 2498 vero
3151 2443 3241 2497 ille
3265 2441 3403 2495 alios
3425 2440 3590 2494 etiam

2008 2540 2245 2605 induxit,
2278 2538 2507 2595 Iliacum
2527 2580 2542 2604 ,
2569 2547 2626 2594 et
2658 2539 2894 2594 Minoem
2919 2579 2934 2602 ,
2973 2545 3029 2592 et
3069 2533 3551 2591 Rhadamanthum
3575 2573 3588 2594 ,

2005 2632 2261 2686 homines
2311 2647 2421 2685 non
2461 2646 2858 2701 usquequaque
2907 2628 3257 2692 laudandos;
3301 2626 3358 2678 in
3409 2624 3590 2678 Minoe

2005 2728 2190 2774 autem
2224 2729 2354 2775 sunt
2390 2727 2447 2774 et
2492 2719 2588 2789 qui
2632 2719 2803 2772 multa
2843 2718 3227 2772 criminentur.
3255 2715 3366 2768 Nos
3404 2721 3589 2767 autem

2002 2812 2250 2883 judicem
2282 2821 2669 2882 exspectamus
2697 2825 2825 2866 eum
2851 2811 2944 2880 qui
2979 2825 3078 2864 nos
3103 2809 3251 2871 fecit,
3281 2807 3375 2877 qui
3409 2816 3464 2859 et
3489 2820 3589 2859 na-

2007 2910 2186 2957 turam
2223 2905 2430 2971 optime
2469 2903 2624 2956 novit
2661 2918 2824 2971 quam
2865 2901 2982 2970 ipse
3019 2900 3194 2964 finxit,
3254 2915 3432 2969 neque
3470 2897 3593 2967 ejus

2005 2993 2150 3046 facta
2193 2993 2370 3046 solum
2400 2992 2659 3060 dictaque
2701 2993 2885 3056 callet,
2929 2991 3026 3045 sed
3062 2992 3212 3061 ipsos
3251 3005 3471 3060 quoque
3504 2990 3590 3042 in«

2008 3094 2177 3140 ternm
2207 3083 2560 3156 cogitationis
2585 3093 2788 3140 motus.
2812 3085 3093 3140 Judicabit
3118 3094 3304 3139 autem
3338 3100 3458 3146 nos,
3483 3085 3587 3137 hu-

2007 3177 2288 3230 manitatis
2302 3186 2503 3232 nostrzc
2527 3185 2736 3231 vestem
2766 3177 2994 3232 indutus
3019 3196 3031 3230 :
3057 3177 3363 3232 divinitatis
3387 3177 3590 3246 quippe

319 3261 624 3330 κινήματα.
662 3261 884 3312 Δικὰσει
933 3258 1012 3324 δὲ,
1045 3256 1145 3338 τὴν
1201 3259 1301 3327 τῆς
1357 3257 1636 3328 ἡμετέρας
1687 3259 1902 3327 φύσεως

2007 3275 2203 3321 natura
2255 3268 2430 3322 oculis
2479 3269 2632 3324 cerni
2689 3286 2797 3321 non
2844 3277 3046 3337 potest.
3077 3267 3218 3322 Hinc
3252 3277 3307 3322 et
3345 3269 3588 3337 scipsum

322 3350 522 3420 στολὴν
573 3350 959 3420 περικείμενος
980 3366 994 3380 ο
1037 3350 1270 3419 ἀόρατος
1298 3349 1408 3418 γὰρ
1438 3351 1471 3418 ἡ
1504 3351 1603 3418 τῆς
1649 3349 1900 3421 θεότητος

314 3439 509 3508 φύσις.
541 3439 630 3508 Τῷ
664 3456 747 3491 τοι
792 3440 886 3491 καὶ
918 3438 1048 3490 Υίὺν
1080 3435 1368 3508 ἀνθρώπου
1401 3438 1592 3490 ἑαυτὸν
1631 3438 1904 3510 προσηγόο

317 3545 517 3600 ρευσεν
540 3547 552 3559 ·
586 3529 774 3600 ἐπειδὴ
805 3529 1010 3598 ταύτην
1041 3530 1090 3581 οί
1136 3529 1454 3598 κρινόμενοι
1499 3529 1765 3600 θεωροῦσι
1805 3532 1902 3601 τὴν

313 3620 504 3687 φύσιν.
521 3619 612 3672 Διὸ
638 3620 702 3688 δὴ
727 3621 820 3672 καὶ
848 3620 876 3671 ὁ
898 3620 1041 3683 θεῖ-ος
1079 3620 1401 3683 ’Λπόστολος
1429 3622 1486 3672 ὲν
1527 3623 1615 3674 ‘AC
1627 3623 1833 3692 ηναίοις
1856 3625 1898 3654 ²¹

311 3709 645 3780 δημηγορῶν
678 3708 854 3771 οὕτως
889 3709 992 3778 ἔφη
1025 3725 1038 3739 ·
1073 3728 1091 3758 ι
1124 3710 1263 3769 Τοὺς
1293 3710 1392 3778 μὲν
1425 3706 1518 3762 οὖν
1549 3711 1778 3781 χρόνους
1803 3713 1903 3782 τῆς

312 3799 543 3867 ἀγνοίας
591 3797 870 3868 ὑπεριδὼν
909 3799 938 3851 ό
981 3796 1114 3859 Θεὸς
1141 3795 1306 3848 τανῦν
1341 3799 1710 3866 παραγγέλλει
1769 3801 1902 3851 πᾶσι

316 3885 598 3954 πανταχοῦ
658 3888 961 3955 μετανοεῖν,
1008 3885 1197 3937 καθότι
1232 3883 1460 3954 ἔστησεν
1511 3885 1726 3957 ἡμέραν
1771 3887 1830 3939 ὲν

315 3975 506 4045 μέλλει
551 3976 755 4045 κρίνειν
801 3975 901 4044 τὴν
953 3975 1300 4044 οἰκουμένην,
1357 3976 1416 4026 ἐν
1445 3975 1805 4046 δικαιοσύνῃ,
1845 3977 1902 4028 ὲν

311 4065 475 4136 ἀνδρὶ
504 4059 548 4132 ᾧ
572 4065 766 4134 ὥρισε,
794 4065 976 4117 πίστιν
999 4064 1298 4135 παρασχὼν
1322 4063 1533 4137 [πᾶσιν]
1565 4066 1635 4133 ¹¹,
1664 4067 1902 4138 ἀναστή-

315 4172 421 4218 σας
452 4155 611 4210 αὐτὸν
642 4156 708 4208 ὲκ
738 4154 969 4226 νεκρῶν.
999 4173 1017 4204 ι

391 4247 457 4299 Et
478 4246 535 4298 δέ
567 4263 649 4309 τις
675 4247 897 4299 ἀπιστεῖ
929 4249 1042 4309 τοῖς
1069 4245 1403 4317 λεγομένοις,
1431 4249 1525 4300 κοιλ⁵
1557 4247 1724 4319 λῆρον
1753 4250 1901 4319 ἡγεῖ-

316 4357 414 4392 ται
459 4338 568 4391 τῶν
625 4337 939 4392 ἀποστόλων
979 4338 1049 4391 τὰ
1088 4340 1331 4410 ῥήματα,
1364 4340 1490 4409 τῇδε
1542 4339 1762 4410 μαθέτω
1805 4339 1902 4411 τὴν

313 4428 526 4483 τούτων
557 4428 837 4499 ἀλήθειαν.
872 4428 1051 4482 Πολλὰ
1081 4430 1129 4460 ’⁸
1175 4431 1304 4499 περὶ
1337 4429 1431 4482 τοῦ
1471 4430 1758 4499 μέλλοντος
1786 4431 1901 4501 βίου

316 4524 417 4578 καὶ
454 4523 484 4574 ό
511 4522 790 4590 Δεσπότης
834 4519 1068 4592 Χριστὸς
1099 4521 1196 4573 καὶ
1236 4520 1286 4572 οῖ
1325 4519 1518 4573 τούτου
1552 4537 1615 4588 γε
1662 4523 1903 4592 κήρυκες

2002 3359 2226 3411 hominis
2263 3357 2452 3410 Filium
2495 3359 2766 3426 appellat,
2803 3359 2934 3427 quia
2968 3358 3111 3414 hanc
3161 3358 3421 3412 videlicet
3493 3359 3588 3427 qui

1998 3448 2397 3518 judicabuntur
2459 3457 2714 3502 naturam
2793 3449 3080 3503 videbunt.
3137 3449 3292 3505 Unde
3367 3448 3591 3502 divinus

2005 3539 2321 3609 Apostolus,
2341 3555 2466 3594 cum
2491 3541 2633 3610 apud
2651 3541 3014 3596 Athenienses
3037 3542 3482 3601 concionaretur,
3509 3540 3589 3593 sic

2005 3630 2082 3683 ait
2115 3648 2128 3683 :
2169 3649 2187 3680 ι
2215 3630 2486 3699 Tempora
2520 3631 2684 3700 hujus
2716 3632 3036 3701 ignorantiae
3080 3632 3392 3699 despiciens
3421 3631 3585 3693 Deus,

2004 3732 2154 3770 nunc
2179 3711 2471 3770 annuntiat
2502 3718 2759 3772 omnibus
2785 3718 2990 3787 ubique
3017 3718 3356 3782 hominibus,
3385 3728 3445 3771 ut
3469 3733 3587 3787 pa:-

2004 3806 2292 3860 nitentiam
2319 3816 2484 3875 agant
2513 3826 2525 3860 :
2552 3823 2619 3862 eo
2651 3807 2799 3877 quod
2825 3810 3020 3864 statuit
3051 3810 3220 3872 diem,
3243 3809 3587 3878 quojudica-

2005 3903 2166 3949 turus
2189 3903 2274 3950 est
2303 3895 2495 3950 orbem
2522 3897 2574 3949 in
2603 3898 2883 3966 mquitate,
2923 3913 3022 3966 per
3048 3899 3226 3950 virum
3265 3899 3316 3950 in
3342 3913 3452 3966 quo
3480 3907 3588 3950 sta-

2006 3988 2134 4052 tnit,
2158 3987 2320 4042 ﬁdem
2344 3990 2594 4057 praebens
2617 3989 2897 4054 omnibus,
2921 3991 3193 4044 suscitans
3223 3991 3431 4060 1007
3459 4005 3586 4044 eum

2005 4093 2036 4131 a
2061 4078 2298 4132 mortuis
2327 4090 2375 4130 α.
2419 4098 2436 4128 ι

2077 4255 2134 4309 Si
2159 4256 2286 4324 quis
2310 4266 2495 4312 autem
2527 4256 2614 4311 his
2642 4257 2871 4312 minime
2900 4257 3098 4322 credit,
3123 4265 3388 4328 putatque
3414 4272 3586 4324 nugas

2003 4361 2126 4401 esse
2157 4348 2535 4415 apostolorum
2570 4349 2760 4414 verba,
2800 4350 3018 4404 illorum
3045 4350 3334 4404 veritatem
3369 4348 3471 4402 hac
3501 4365 3586 4404 ra-

2005 4435 2154 4489 tione
2205 4436 2506 4505 perdiscat.
2537 4438 2705 4492 Multa
2745 4440 2814 4492 de
2859 4439 3062 4494 futura:
3097 4439 3222 4494 vita:
3253 4449 3422 4503 statu,
3466 4446 3585 4493 tum

2003 4525 2257 4581 Christus
2283 4528 2570 4590 Dominus,
2599 4538 2712 4584 tum
2731 4531 2850 4600 ejus
2881 4530 3137 4599 discipuli
3169 4530 3581 4599 pra‘dixerunt:

313 4615 770 4686 προηγόρευσαν’
806 4612 1100 4666 ἑθέσπισαν
1132 4611 1190 4664 δὲ
1243 4613 1336 4665 καὶ
1385 4613 1520 4666 ἄλλα
1574 4613 1898 4680 ἄττα,ὲκεί-

2007 4617 2175 4670 multa
2199 4624 2255 4671 et
2289 4617 2396 4671 alia
2429 4595 2897 4687 pranuntiarunt,
2923 4595 3045 4689 quae
3074 4595 3210 4674 nihil
3236 4621 3302 4674 ad
3330 4621 3474 4674 illam
3500 4619 3578 4674 fu-

310 4725 394 4778 νῳ
427 4708 526 4777 μὲν
562 4704 835 4775 οὐδαμῶς,
874 4703 953 4772 τῷ
1003 4703 1060 4756 δὲ
1105 4703 1206 4774 βίῳ
1256 4703 1430 4773 τούτῳ
1449 4703 1494 4733 ’⁵
1523 4707 1891 4774 προσήκοντα.

327 4795 652 4858 Ἑξετάσατε
685 4793 889 4855 τοίνυν,
919 4786 966 4846 ὦ
1002 4791 1219 4863 ἄνδρες,
1257 4792 1355 4856 τὰς
1378 4792 1553 4864 ’τοῦδε
1587 4793 1712 4864 πέρι
1747 4810 1900 4863 γεγεο

313 4885 575 4956 νημένας.
593 4886 928 4956 προρρήσεις
950 4899 966 4912 ⁸
1000 4861 1113 4936 κᾶν
1145 4882 1344 4955 εὕρητε
1377 4861 1624 4954 ὶληθεῖς.
1663 4861 1759 4938 καὶ
1786 4861 1897 4948 τοῖς

312 4976 638 5046 πράγμασιν
686 4973 936 5046 ἐναργῶς
981 4973 1407 5045 ξυμϐαινοὺσας,
1440 4975 1668 5042 δέξασθε
1709 4976 1900 5046 ἀδηρί-

312 5084 426 5130 τως
453 5067 636 5121 ὲγ.εἶνα
662 5068 707 5098 ’³
734 5067 801 5120 τὰ
830 5067 960 5136 περὶ
984 5065 1095 5120 τῶν
1130 5065 1432 5136 μελλόντων
1467 5065 1893 5136 τεθεσπισμένα.

315 5157 490 5211 Τοῦτο
521 5157 580 5210 δὲ
622 5152 725 5212 ὧδέ
765 5174 839 5228 πη
875 5157 1233 5210 διασκεπτέον
1261 5173 1277 5188 ·
1305 5156 1418 5227 Τὴν
1454 5155 1564 5208 τῶν
1596 5152 1898 5226 Ἱεροσολὺ-

390 5280 422 5322 y
447 5271 638 5326 Iattb.
671 5287 796 5338 xxv,
827 5270 916 5325 to.
996 5281 1019 5308 ι
1052 5270 1190 5325 ibid.
1221 5271 1311 5326 ιι.

1389 5283 1413 5310 ι
1446 5271 1566 5325 Act.
1598 5287 1728 5336 xm,
1760 5271 1851 5334 30,
1883 5270 1972 5325 5|.

2003 4717 2184 4762 turam
2230 4709 2422 4774 vitam,
2472 4711 2567 4765 sed
2609 4711 2675 4765 ad
2726 4712 2871 4766 hanc
2911 4713 3176 4768 duntaxat
3220 4714 3584 4783 pertinerent.

2003 4800 2311 4870 Expendite
2347 4801 2535 4872 igitur,
2569 4819 2602 4857 o
2632 4803 2759 4865 viri.
2801 4813 3114 4874 spectantes
3143 4805 3209 4858 ad
3238 4805 3381 4859 hanc
3416 4804 3583 4858 vitam
3623 4807 3628 4811 ’

2003 4890 2389 4959 praedictiones
2424 4910 2437 4945 :
2464 4898 2480 4913 '
2504 4899 2559 4947 et
2591 4893 2636 4947 si
2659 4893 2830 4948 fuisse
2859 4910 3021 4948 veras
3055 4894 3348 4949 invenietis
3398 4910 3461 4949 ac
3493 4910 3583 4948 re-

2005 4996 2128 5034 rum
2161 4990 2362 5036 eventu
2395 4985 2799 5054 comprobatas,
2823 5001 2888 5040 ea
2915 5002 3033 5055 qua:
3065 4987 3132 5041 de
3176 4986 3380 5041 futuris
3418 4987 3586 5041 rebus

2003 5069 2262 5140 praedicta
2295 5082 2443 5136 sunt,
2480 5073 2600 5127 sine
2633 5074 3034 5144 disceptatione
3063 5077 3320 5146 accipite.
3360 5076 3419 5130 Id
3450 5091 3584 5129 vero

2003 5159 2106 5215 hac
2123 5161 2356 5216 maxime
2376 5164 2588 5219 ratione
2605 5165 3049 5235 perspiciendum
3061 5174 3172 5221 est:
3191 5167 3584 5237 Hierosolyma:

1557 5407 1794 5462 unm:
1832 5408 2238 5479 LECTIONES.

379 5523 436 5596 “_
455 5521 660 5596 τούτων
693 5521 932 5596 πώποτε.
951 5522 1172 5596 πώποτε
1206 5521 1408 5596 ⁸τούτων
1443 5521 1504 5574 D.
1559 5521 1603 5553 ¹³
1626 5520 2093 5596 τῶν-ἀθλητῶν.
2127 5523 2342 5596 τοὺς-
2367 5521 2605 5596 deme;
2635 5523 2697 5596 (ἶ,
2719 5523 2818 5591 τῆς
2846 5524 3047 5596 αρετῆς
3093 5523 3202 5596 τῶν
3243 5523 3491 5594 ἀθλητῶν
3516 5528 3579 5581 1).

323 5592 370 5624 ιδ
390 5592 765 5646 τδνεπλοῦτον.
811 5592 873 5644 τὸ
913 5593 1162 5645 πλουτεῖν
1215 5593 1279 5652 D.
1315 5599 1372 5645 et
1419 5605 1529 5643 οιιι.
1581 5591 1783 5644 τοίνυν.

323 5661 425 5732 ἐμὲ
456 5661 557 5717 Vb.
637 5663 680 5693 “
710 5661 952 5732 ἐκείνων.
979 5663 1194 5732 ἐκείνην
1222 5663 1346 5732 Va.“
1393 5661 1554 5732 "neat
1586 5663 1678 5731 μή.
1718 5677 1794 5732 μη

1878 5593 1921 5623 ¹⁸
1943 5592 2326 5643 πιστευόντων.
2362 5592 2807 5645 πεπιστευκότων
2843 5592 2940 5658 γε,
2971 5594 3334 5646 πιστευόντων
3357 5592 3473 5649 sine
3501 5600 3581 5659 είς

1797 5661 1886 5712 δὲν
1919 5663 2020 5716 Vb.

2114 5661 2155 5692 ¹⁸
2186 5661 2475 5725 ἀξιούσθω.
2511 5661 2658 5725 ἄξιος
2690 5664 2747 5716 D.
2833 5665 2874 5694 ¹⁹
2911 5662 3173 5725 ἐπέδειξε.
3219 5663 3469 5728 ἀπέδειξε
3513 5667 3575 5719 ι).

324 5729 373 5764 ⁸⁸
560 5731 630 5802 τὰ
659 5731 860 5802 πᾲντα.
903 5733 1024 5802 οὐχὶ
1051 5729 1390 5802 πάνταςΑγΙ).
1430 5729 1608 5802 supra
1648 5729 1973 5802 notho”;
2005 5732 2069 5784 D.
2152 5732 2193 5760 ²¹
2232 5731 2555 5797 Ἀθηναίοις.
2610 5732 2862 5802 Ἀθήναις
2898 5735 2957 5787 D.
3049 5733 3094 5763 "
3119 5729 3299 5802 [πᾶσι]
3334 5746 3445 5788 om.
3479 5735 3573 5789 Va.

324 5802 377 5834 “
413 5800 602 5856 πολλὰ.
641 5801 812 5855 πολλὰ
853 5800 963 5872 γὰρ
991 5802 1094 5860 Vb.

1187 5801 1232 5832 ﬂ
1261 5799 1362 5872 βιῳ
1401 5799 1596 5871 τούτῳ.
1621 5799 1699 5871 τῷ
1729 5800 1828 5871 βίῳ
1854 5799 1948 5855 Va.
2040 5802 2084 5832 "
2115 5802 2314 5854 ἐκεῖνα.
2342 5802 2565 5855 κάκεῖνα
2591 5801 2691 5856 Vb.
