4080 6370
581 354 716 426 1119

1559 361 2043 422 THEODORETI
2082 361 2416 421 EPISCOPI
2455 360 2814 424 CYRENSIS

3679 366 3816 432 1120

579 471 736 530 urbis
755 467 1096 525 obsidionem
1118 466 1372 525 Christus
1390 470 1661 540 predixit,
1689 475 2059 545 templumque
2081 474 2140 527 il-

2249 489 2364 541 μων
2391 476 2419 527 6
2462 475 2737 545 Δεσπότης
2772 473 3005 544 Χριστὸς
3051 476 3278 544 προεῖπε
3330 475 3670 546 πολιορκίαν,
3718 483 3816 537 καὶ

576 563 673 619 lud
723 560 1144 618 celeberrimum
1196 561 1446 616 funditus
1495 564 1876 632 evertendum,
1926 566 2144 622 Judaeos

577 654 764 716 etiam,
807 651 900 722 qui
947 652 1126 722 ipsum
1175 653 1491 709 cruciﬁxuri
1534 666 1712 721 erant,
1740 667 1984 713 extorres
2031 668 2145 715 toto

577 743 710 798 orbe
735 742 1151 814 dispergendos.
1178 743 1474 800 Videamus
1503 745 1668 815 igitur
1701 762 1768 801 an
1805 749 1921 803 haec
1940 750 2144 818 praedi—

576 832 685 887 ctio
721 833 789 886 ad
814 841 1076 887 eventum
1111 834 1447 903 pervenerit.
1476 834 1553 889 Ac
1588 835 1654 888 de
1676 836 1884 892 ludatis
1920 840 2143 909 quidem

576 940 676 980 vos
708 925 1060 1003 dubitaturos
1099 945 1208 983 non
1251 937 1385 999 puto
1420 947 1432 982 :
1467 930 1536 984 ab
1565 932 1655 985 illa
1694 934 1842 986 enim
1883 935 2018 989 urbe
2043 950 2140 988 ex-

577 1019 720 1088 pulsi
776 1028 923 1084 sunt,
974 1029 1029 1074 et
1076 1029 1345 1074 terrarum
1403 1024 1650 1077 omnium
1695 1023 1824 1078 facti
1865 1025 2139 1094 inquilini.

578 1110 789 1179 Templi
819 1126 947 1164 vero
974 1111 1345 1175 solitudinem,
1369 1121 1423 1166 et
1446 1126 1476 1166 a
1507 1112 1876 1168 fundamentis
1899 1115 2142 1169 eversio-

576 1215 721 1262 nem,
771 1199 866 1268 qui
915 1200 1016 1268 ipsi
1050 1201 1285 1264 vidistis,
1324 1203 1673 1258 contitemini
1713 1220 1724 1258 :
1766 1205 1960 1274 reliqui
2010 1220 2144 1260 vero

575 1289 927 1345 narrantibus
948 1291 1173 1347 credite.
1201 1293 1312 1363 Ego
1334 1293 1479 1348 enim
1506 1295 1655 1351 hisce
1677 1298 1850 1352 oculis
1871 1298 1983 1351 vidi
2010 1298 2142 1353 soli--

577 1371 824 1431 tudinem
879 1379 1025 1432 illam
1068 1388 1123 1434 et
1157 1382 1590 1450 praedictionem,
1633 1402 1796 1455 quam
1828 1386 2017 1442 auditu
2047 1404 2141 1443 ac-

577 1481 852 1536 ceperam,
906 1469 1081 1523 oculis
1122 1487 1240 1525 sum
1281 1474 1534 1538 intuitus,
1575 1470 1976 1547 veritatemque
2019 1479 2141 1533 lau-

578 1557 698 1612 davi
743 1569 905 1628 atque
950 1560 1193 1616 adoravi.
1251 1564 1545 1620 Veritatem
1590 1583 1722 1638 ergo
1769 1570 2143 1637 praedictionis

576 1647 739 1717 hujus
781 1665 868 1703 res
907 1651 1036 1719 ipsa:
1082 1652 1382 1708 clarissima
1423 1672 1557 1712 voce
1606 1666 1895 1714 testantur.
1939 1660 2044 1716 Sed
2088 1671 2144 1717 et

2243 560 2319 622 ὼς
2350 560 2378 611 6
2408 560 2540 624 νεὼς
2563 563 2768 623 ἐκεῖνος
2793 561 2821 613 6
2873 559 3198 632 περιϐόητος
3229 560 3399 632 ἄρδην
3443 563 3817 635 καταλυθήσε-

2241 667 2351 714 ται,
2382 654 2475 706 καὶ
2527 655 2602 716 ὼς
2661 653 2741 716 εἰς
2792 652 3010 707 ἃπασαν
3063 653 3164 723 τὴν
3215 652 3541 723 οἰκουμένην
3588 653 3652 706 τὺ
3703 653 3820 708 τῶν

2242 744 2668 813 ὲσταυρωκότων
2744 742 2908 795 αὑτὸν
2981 744 3468 813 κατασπαρήσεται
3531 742 3576 775 ⁸⁸
3631 743 3813 810 γένος.

2245 835 2474 902 ἰδωμεν
2505 834 2681 886 τοίνυν
2711 833 2758 885 εἰ
2799 833 2871 904 μὴ
2908 832 2970 886 1:6
3005 833 3175 905 πέρας
3203 834 3230 884 6
3260 833 3414 901 λόγος
3448 833 3822 897 ὲδέξατο.Καὶ

2243 925 2371 993 περὶ
2402 924 2498 992 μὲν
2535 923 2801 976 Ἰουδαίων
2836 923 2934 975 οὐκ
2971 919 3125 991 οἶμαι
3156 925 3299 992 ὑμᾶς
3338 923 3811 992 ἀμφισϐητήσειν*

2243 1018 2458 1086 ἐκείνης
2509 1032 2568 1068 τε
2618 1017 2726 1087 γὰρ
2772 1017 2873 1085 τῆς
2903 1015 3106 1077 πόλεως
3157 1013 3527 1086 ἐξελήλανται,
3573 1017 3668 1068 καὶ
3713 1017 3816 1085 τῆς

2241 1106 2567 1176 οἰκουμένης
2603 1109 2916 1178 γεγένηνται
2957 1107 3196 1176 μέτοικοι
3215 1126 3227 1137 ·
3265 1107 3357 1160 τοῦ
3385 1107 3488 1160 νεὼ
3516 1109 3570 1161 δὲ
3595 1109 3690 1160 καὶ
3711 1109 3815 1178 τὴν

2243 1196 2476 1266 ἐρημίαν
2505 1197 2599 1248 καὶ
2625 1200 2722 1266 τὴν
2751 1198 2814 1249 ἐκ
2841 1196 3058 1266 βάθρων
3089 1197 3383 1250 κατάλυσιν
3407 1199 3456 1248 οἰ
3497 1197 3594 1266 μὲν
3620 1197 3814 1250 τεθεα-

2245 1288 2397 1356 μένοι
2435 1287 2741 1358 φιλαλήθως
2780 1287 3172 1358 όμολογήσατε,
3198 1289 3249 1339 οἱ
3281 1288 3336 1344 δὲ
3367 1286 3543 1339 λοιποὶ
3584 1291 3696 1349 τοῖς
3733 1288 3818 1340 δι-

2242 1377 2565 1449 ηγουμένοις
2615 1377 2972 1430 πιστεύσατεο
3017 1376 3294 1447 αὐτόπτης
3345 1376 3454 1447 γάρ
3509 1395 3612 1430 που
3657 1379 3818 1446 κάγὼ

2243 1466 2341 1535 τῆς
2381 1467 2617 1538 ἐρημίας
2655 1467 2870 1537 ἐκείνης
2910 1466 3234 1537 γεγένημαι.
3286 1468 3380 1520 καὶ
3411 1467 3506 1538 τὴν
3562 1471 3817 1538 πρόῤῥηο

2244 1575 2328 1612 σιν
2353 1559 2398 1589 ⁸⁷
2430 1560 2496 1630 ἢν
2533 1562 2654 1623 ταῖς
2687 1561 2877 1623 ἀκοαῖς
2923 1559 3212 1630 ἐδεξάμην,
3258 1560 3572 1631 ἐθεασάμην
3612 1561 3658 1593 ⁸⁸
3699 1563 3819 1622 τοῖς

2242 1645 2564 1716 ὀφθαλμοῖς,
2596 1647 2690 1700 καὶ
2727 1648 2827 1718 τὴν
2865 1648 3120 1720 ἀλήθειαν
3154 1647 3375 1719 ’ύμνησά
3404 1667 3463 1701 τε
3497 1650 3592 1702 καὶ
3639 1667 3816 1721 προσ-

574 1740 878 1816 prophetiae
933 1743 1159 1799 alterius
1209 1746 1417 1800 exitum
1469 1750 1829 1819 inquiramus.
1886 1753 2140 1809 Praediin

2245 1737 2504 1806 εκύνησα.
2537 1739 2657 1790 Ὀτι
2691 1738 2786 1808 μὲν
2815 1733 2909 1792 οὖν
2932 1740 3170 1808 ἀψευδὴς
3209 1734 3360 1803 οὗτος
3398 1741 3427 1792 6
3460 1740 3637 1808 λόγος.
3671 1738 3818 1810 [καὶ]

576 1815 793 1901 ιωε
840 1836 1101 1901 apostolis
1142 1837 1398 1894 Christus
1438 1815 1701 1897 Dominus
1747 1845 2044 1900 certamina
2088 1855 2140 1901 et

2244 1828 2313 1879 τὰ
2341 1827 2640 1897 πράγματα
2679 1827 2799 1898 βοᾷ,
2864 1829 3097 1900 μεγίστῃ
3145 1830 3460 1901 κεχρημένα
3507 1834 3574 1900 τῇ
3622 1834 3815 1900 φωνῇ·

576 1920 822 1987 pericula
851 1938 972 1992 quae
1001 1926 1235 1980 subituri
1267 1940 1444 1993 erant,
1489 1947 1613 1985 cum
1644 1932 1848 1989 Judaais
1877 1943 1932 1988 et
1964 1936 2139 2005 genti-

576 2007 678 2064 bus
703 2012 1008 2067 ductrinam
1033 2016 1291 2072 afferrent
1319 2037 1330 2071 :
1365 2040 1382 2070 ι
1413 2021 1552 2075 Ecce
1581 2023 1748 2088 enim,
1778 2025 1855 2078 ait
1881 2026 2008 2091 illis,
2039 2043 2140 2097 ego

574 2099 733 2155 mitto
785 2118 881 2157 vos
929 2105 1070 2159 sicut
1109 2122 1238 2163 oves
1282 2109 1335 2163 in
1378 2112 1561 2166 medio
1607 2114 1860 2183 luporum
1898 2116 1945 2170 ιδ.
1994 2136 2011 2167 ι
2073 2119 2140 2172 Et

576 2191 816 2246 iterum:
862 2215 879 2245 ι
916 2195 1158 2278 Trad_ent
1202 2216 1298 2254 vos
1341 2204 1612 2268 conciliis,
1657 2215 1714 2260 et
1760 2207 1814 2261 in
1854 2211 2140 2279 synagogis

574 2280 692 2334 suis
733 2281 1086 2351 ﬂagellabant
1121 2302 1237 2348 vos.
1276 2298 1332 2343 et
1371 2292 1436 2345 ad
1482 2293 1740 2360 prmsides
1781 2305 1835 2350 et
1879 2297 1944 2351 ad
1984 2314 2141 2367 reges

574 2369 849 2426 ducemini
878 2385 1101 2443 propter
1130 2394 1235 2442 me,
1271 2381 1325 2433 in
1352 2384 1721 2438 testimonium
1750 2387 1858 2441 illis
1882 2398 1936 2441 et
1959 2390 2139 2458 genti-

572 2461 677 2515 bus
719 2473 764 2516 ο.
811 2483 828 2514 ι
883 2465 1159 2535 Pauloque
1207 2477 1332 2536 post
1374 2487 1386 2522 :
1431 2490 1448 2520 ι
1494 2471 1695 2527 Tradet
1737 2485 1919 2528 autem
1975 2477 2140 2531 frater

571 2553 794 2608 fratrem
820 2556 886 2610 ad
917 2567 1175 2628 mortem,
1195 2571 1249 2615 et
1276 2569 1429 2631 pater
1462 2563 1623 2629 filios,
1651 2575 1706 2619 et
1732 2577 2019 2638 assurgent
2041 2570 2136 2625 ﬁlii

573 2653 759 2700 contra
801 2657 1078 2716 parentes,
1118 2660 1174 2704 et
1214 2661 1390 2708 morte
1424 2670 1519 2710 eos
1558 2656 1793 2712 afficient
1832 2678 1842 2711 :
1884 2669 1939 2714 et
1982 2661 2138 2715 eritis

573 2734 701 2788 odio
747 2738 1002 2793 omnibus
1048 2740 1364 2797 hominibus
1406 2757 1630 2816 prepter
1678 2764 1876 2803 nomen
1931 2766 2134 2804 meum.

572 2824 676 2892 Qui
700 2836 882 2882 autem
918 2835 1355 2898 perseveraverit
1390 2852 1563 2904 usque
1602 2839 1654 2891 in
1695 2838 1876 2902 finem,
1918 2841 2006 2895 hic
2031 2842 2138 2896 sal-

573 2932 677 2970 vus
711 2920 815 2972 erit
849 2918 898 2972 ἀ.
939 2939 958 2970 ι
1011 2921 1295 2992 Itemque:
1333 2943 1349 2974 ι
1390 2925 1446 2980 Si
1488 2926 1702 2981 Patrem
1724 2929 1958 2984 familias
1983 2932 2138 2985 Beel-

575 3007 749 3061 zebub
765 3020 1118 3075 vocaverunt,
1138 3021 1343 3073 quanto
1361 3016 1534 3085 magis
1552 3017 1884 3074 domesticos
1896 3023 2014 3090 ejus
2033 3023 2094 3074 οἳ
2113 3039 2130 3072 ι

2245 1916 2666 1988 ὲπιζητήσωμεν
2698 1919 2755 1972 δὲ
2802 1920 2895 1972 καὶ
2939 1921 3104 1988 ἄλλης
3147 1922 3479 1992 προφητείας
3520 1922 3582 1975 τὸ
3613 1923 3816 1992 πέρας·

2242 2011 2478 2078 Προεῖπε
2522 2015 2634 2074 τοῖς
2664 2012 2984 2074 ἀποστόλοις
3031 2015 3059 2064 6
3102 2013 3380 2079 Δεσπότης
3419 2014 3657 2083 Χριστὸς
3687 2015 3820 2076 τοὺς

2241 2101 2457 2167 ἀγῶνας
2489 2101 2582 2154 καὶ
2629 2103 2754 2165 τοὺς
2788 2104 3086 2168 κινδύνους,
3117 2103 3209 2167 οὒς
3247 2104 3486 2174 Euclio?
3505 2105 3814 2167 πείσεσθαι,

2241 2194 2336 2245 καὶ
2369 2196 2477 2256 τοῖς
2512 2194 2688 2247 ἔθνεσι
2717 2195 2811 2248 καὶ
2855 2195 3127 2260 Ἰουδαίοις
3150 2197 3249 2267 τὴν
3271 2197 3619 2250 διδασκαλίαν
3644 2214 3820 2266 προσ-

2242 2284 2520 2354 φέροντες.
2561 2306 2578 2336 ι
2617 2286 2746 2338 Ἰδοὺ
2778 2286 2908 2355 γὰρ,
2943 2286 3043 2357 ἔφη
3074 2287 3210 2357 πρὸς
3249 2289 3465 2352 αὐτοὺς,
3493 2287 3819 2341 ἀποστέλλω

2241 2375 2384 2444 ὑμᾶς
2434 2375 2511 2438 ὡς
2558 2377 2806 2446 πρόϐατα
2856 2381 2913 2429 ὲν
2962 2380 3111 2448 μέσῳ
3150 2379 3348 2432 λύκων.
3388 2399 3404 2430 ι
3456 2380 3565 2431 Καὶ
3605 2380 3771 2432 πάλιν
3799 2397 3815 2409 ·

2238 2487 2264 2517 1
2301 2467 2715 2537 Παραδὼσουσιν
2749 2470 2896 2539 ὑμᾶς
2917 2471 2996 2532 εἰς
3025 2471 3296 2540 συνέδρια,
3325 2472 3418 2523 καὶ
3447 2472 3502 2522 ὲν
3530 2473 3651 2532 ταῖς
3686 2487 3819 2523 συν-

2239 2560 2484 2626 αγωγαῖς
2525 2560 2704 2612 αὐτῶν
2749 2561 3184 2630 μαστιγώσουσιν
3222 2564 3385 2631 ὑμᾶς,
3423 2562 3515 2613 καὶ
3549 2563 3641 2613 ἐπὶ
3683 2565 3814 2629 ἡγε-

2242 2649 2408 2718 μόνας
2438 2652 2532 2703 καὶ
2556 2649 2790 2718 βασιλεῖς
2824 2650 3128 2720 ἀχθήσεσθε
3165 2653 3352 2704 ἕνεκεν
3385 2652 3516 2722 ἐμοῦ
3557 2654 3636 2713 εἰς
3672 2669 3824 2720 μαρσ

2237 2741 2421 2811 τύριον
2467 2741 2648 2802 αὐτοῖς
2694 2741 2788 2793 καὶ
2834 2743 2944 2804 τοῖς
2989 2741 3218 2794 ἔθνεσιν.
3253 2758 3272 2793 ι
3307 2741 3416 2792 Καὶ
3454 2743 3571 2810 μετ’
3619 2741 3779 2806 ὀλίγα
3806 2763 3827 2777 ο

2247 2853 2263 2883 ι
2296 2831 2612 2902 Παραδώσει
2649 2833 2704 2885 δὲ
2744 2832 2967 2900 ἀδελφὸς
3018 2831 3243 2901 ἀδελφὸν
3295 2835 3373 2895 εἰς
3418 2832 3668 2892 θάνατον,
3719 2837 3826 2888 καὶ

2240 2925 2422 2993 πατὴρ
2443 2922 2606 2976 τέκνα
2625 2940 2638 2953 ·
2668 2924 2760 2976 καὶ
2805 2924 3240 2994 ἐπαναστήσεται
3269 2923 3434 2976 τέκνα
3478 2924 3569 2976 ἐπὶ
3611 2928 3827 2991 γονεῖς.

2240 3017 2332 3069 καὶ
2377 3014 2780 3068 θανατώσουσιν
2822 3015 3055 3078 αὐτούς·
3115 3017 3210 3068 καί⁵
3259 3014 3447 3068 ἔσεσθε
3497 3013 3828 3084 μισούμενοι

573 3099 818 3168 Itemque
851 3117 864 3154 :
897 3121 914 3151 ι
943 3094 1121 3157 Νοιὶιο
1157 3105 1413 3160 arbitrari
1437 3124 1523 3162 me
1555 3108 1769 3165 venisse
1787 3113 2137 3169 utmitterem

2242 3105 2347 3159 ὑπὸ
2377 3107 2594 3158 πάντων
2623 3105 2709 3158 διὰ
2740 3106 2801 3158 τὸ
2837 3106 3009 3176 δνομόι
3051 3123 3177 3175 μου.
3221 3108 3280 3158 ὐ
3307 3105 3360 3158 δὲ
3399 3105 3698 3175 ὑπομείνας
3735 3111 3826 3166 εἰς

573 3206 760 3260 pacem
787 3192 841 3246 in
872 3201 1093 3248 terram.
1122 3197 1239 3250 Non
1267 3199 1391 3252 veni
1423 3200 1638 3256 mittere
1665 3218 1876 3273 pacem,
1902 3207 1997 3262 sed
2022 3208 2138 3278 gla-

573 3279 746 3334 dium.
792 3283 924 3337 Veni
964 3286 1111 3338 enim
1156 3294 1216 3340 ut
1255 3288 1525 3343 concitem
1560 3291 1838 3347 hominem
1875 3295 2139 3352 adversus

572 3379 784 3441 patrem
817 3389 999 3438 suum,
1034 3383 1090 3429 et
1125 3377 1289 3433 tiliam
1317 3380 1580 3436 adversus
1608 3392 1837 3440 matrem
1869 3402 2045 3452 suam,
2084 3397 2141 3443 et

571 3477 775 3516 nurum
821 3464 1085 3523 adversus
1123 3483 1341 3524 socrum
1379 3486 1555 3536 suam,
1579 3482 1635 3527 et
1667 3474 1875 3530 inimici
1901 3478 2141 3535 hominis

572 3550 861 3608 domestici
897 3556 1017 3626 ejus
1060 3556 1102 3612 τ.
1142 3577 1160 3610 ι
1210 3559 1337 3614 Hec
1382 3568 1567 3615 autem
1606 3564 1840 3634 singula,
1883 3582 1916 3621 ο
1954 3569 2139 3634 amici,

574 3642 754 3712 reipsa
773 3646 1053 3702 cernimus
1077 3648 1346 3703 evenisse.
1368 3650 1504 3705 Cum
1530 3651 1614 3706 his
1636 3653 1782 3706 enim
1805 3657 2067 3724 periculis
2087 3667 2142 3713 et

574 3736 806 3802 apostoli
835 3735 1014 3791 lucem
1045 3739 1165 3792 orbi
1195 3749 1466 3796 terrarum
1492 3744 1815 3810 attulerunt,
1841 3756 1897 3801 et
1922 3749 2138 3803 illorum

575 3836 920 3881 successores
967 3829 1284 3899 religionem
1339 3833 1408 3887 ab
1451 3833 1534 3887 eis
1586 3846 1861 3904 acceptam
1913 3853 2141 3894 conser-

571 3926 791 3971 varunl.
808 3917 975 3990 Cujus
995 3921 1073 3974 rei
1095 3921 1254 3976 fidem
1273 3922 1482 3979 faciunt
1503 3927 1521 3945 ⁴
1543 3928 1792 3996 sepulcra
1814 3939 2139 4000 martyrum,

573 4023 694 4078 quae
711 4010 917 4080 ubique
935 4021 1082 4066 terra
1097 4014 1342 4084 marique
1361 4018 2142 4092 resplendent,_veritalemque

573 4099 876 4168 praedicant
920 4103 1230 4157 divinarum
1274 4107 1714 4175 praedictionum.
1761 4111 1949 4180 Neque
1992 4114 2140 4167 enim

575 4190 684 4244 illis
713 4193 827 4246 sola
871 4194 1081 4264 1009
1111 4195 1450 4264 discrimina,
1483 4201 1578 4255 sed
1613 4203 1896 4258 victoriam
1922 4221 2142 4275 quoque

573 4281 846 4350 praedixit.
891 4302 909 4334 ι
941 4284 1115 4354 Super
1143 4286 1284 4342 hanc
1315 4289 1486 4354 enim,
1524 4291 1720 4359 inquit,
1744 4302 1951 4361 petram
1974 4295 2144 4349 adiﬁ-

573 4371 711 4426 cabo
726 4374 1025 4429 Ecclesiam
1060 4392 1256 4442 meam,
1287 4388 1342 4434 et
1362 4390 1533 4450 porta
1558 4383 1718 4438 inferi
1745 4401 1854 4439 non
1881 4388 2141 4455 prmvale-

2240 3197 2412 3262 τέλος,
2437 3193 2593 3262 οὗτος
2617 3195 2944 3266 σωθήσεται.
2988 3215 3005 3247 ›
3036 3199 3146 3249 Καὶ
3179 3192 3333 3259 αὖθις
3356 3212 3370 3225 °
3408 3215 3425 3247 ι
3449 3198 3512 3249 Εἰ
3541 3195 3630 3248 τὸν
3669 3197 3828 3247 οἰκο-

2239 3287 2501 3355 δεσπότην
2529 3287 2857 3350 Βεελςεὸοὺλ
2878 3287 3236 3351 ἐπεκάλεσαν,
3266 3287 3415 3356 πόσῳ
3436 3285 3582 3357 [164]
3614 3283 3826 3354 μᾶλλον

2240 3381 2364 3444 τοὺς
2387 3381 2663 3442 οἰκιακοὺς
2692 3379 2736 3409 ²⁹
2767 3376 2952 3432 αὑτοῦ.
2983 3395 3000 3429 ι
3031 3379 3140 3431 Καὶ
3167 3377 3357 3430 πάλιν·
3392 3395 3409 3428 ι
3439 3376 3531 3447 Μὴ
3552 3375 3827 3444 νομίσητε

2241 3471 2323 3524 ὅτι
2357 3467 2519 3538 ἦλθον
2568 3469 2756 3540 βαλεῖν
2801 3470 3023 3539 εἰρήνην
3066 3471 3158 3521 ἐπὶ
3193 3470 3292 3539 τὴν
3323 3469 3446 3538 γῆν.
3499 3469 3608 3522 Οὐκ
3647 3463 3828 3537 ἦλθον

2244 3561 2428 3630 βαλεῖν
2475 3563 2719 3632 εἰρήνην,
2763 3559 2901 3613 ἀλλά
2948 3559 3245 3630 μάχαιραν.
3276 3555 3480 3612 Ἦλθον
3510 3560 3616 3628 γὰρ
3662 3559 3831 3628 διχά-

2245 3670 2332 3705 σαι
2359 3653 2403 3685 ³⁰
2437 3651 2724 3721 ἄνθρωπον
2759 3653 2902 3705 κατά
2922 3652 3014 3703 τοῦ
3041 3653 3246 3722 πατρὸς
3281 3652 3469 3714 αὑτοῦ,
3509 3652 3602 3702 καὶ
3641 3651 3826 3719 θυγα-

2240 3743 2373 3813 τέρα
2406 3744 2547 3796 κατά
2578 3743 2677 3811 τῆς
2720 3742 2922 3812 μητρὸς
2957 3743 3145 3811 αὐτῆς,
3179 3743 3272 3796 καί
3307 3742 3522 3813 νύμφην
3554 3744 3696 3795 κατά
3724 3745 3828 3811 τῆς

2241 3837 2512 3907 πενθερᾶς
2541 3837 2712 3906 αὐτῆς
2735 3851 2749 3866 ·
2782 3837 2876 3889 καὶ
2899 3836 3081 3906 ὲχθροὶ
3116 3835 3210 3888 τοῦ
3241 3835 3527 3906 ἀνθρώπου
3551 3835 3600 3886 οἰ
3635 3837 3824 3888 οἰκιαο

2242 3930 2327 3983 κοί
2352 3927 2538 3980 αὑτοῦ.
2571 3946 2590 3979 ›
2626 3926 2842 3979 Τούτων
2876 3926 3126 3990 ἕκαστον,
3165 3921 3210 3979 ὦ
3257 3925 3500 3996 φιλότης,
3536 3925 3684 3996 ἔργῳ
3728 3943 3828 3978 πε-

2243 4015 2601 4084 πληρωμένον
2642 4015 2787 4066 ἐστιν
2831 4014 2976 4066 ἰδεῖν.
3011 4013 3166 4066 Μετὰ
3196 4013 3302 4085 γάρ
3349 4013 3511 4067 τῶνδε
3560 4013 3667 4065 τῶν
3703 4031 3825 4066 κιν-

2242 4107 2412 4160 δύνων
2440 4107 2533 4159 καὶ
2578 4107 2626 4159 οἰ
2661 4106 2948 4158 ἀπόστολοι
3001 4107 3099 4176 τὴν
3147 4107 3488 4175 οἰκουμένην·
3521 4105 3822 4172 ἐφώτισαν,

2245 4199 2340 4252 καὶ
2365 4199 2415 4249 οἰ
2453 4199 2570 4266 μετ’
2603 4197 2863 4257 ἐκείνους,
2897 4197 2964 4266 ἢν
3009 4197 3343 4266 παρέλαϐον,
3378 4195 3702 4263 διεφύλαξαν
3737 4199 3828 4249 πί-

2245 4303 2392 4342 στιν’
2421 4289 2514 4341 καί.
2545 4286 2877 4357 μαρτυροῦσι
2901 4286 3008 4339 τῶν
3042 4286 3334 4358 μαρτύρων
3370 4288 3426 4339 αἱ
3463 4287 3646 4354 θῆκαι,
3683 4304 3827 4339 πανο

2242 4380 2408 4450 ταχοῦ
2430 4381 2530 4450 γῆς
2553 4379 2647 4431 καὶ
2671 4377 2942 4447 θαλάττης
2966 4378 3392 4448 ἀστράπτουσαι,
3415 4377 3507 4428 καὶ
3528 4377 3631 4426 τῶν
3654 4374 3830 4429 θείων

573 4462 714 4518 bunt
735 4466 997 4522 adversus
1020 4485 1139 4523 eam
1177 4473 1221 4524 8.
1258 4491 1276 4522 ι
1302 4473 1418 4527 Jam
1444 4475 1608 4528 etiam
1637 4476 1824 4531 videre
1855 4486 1960 4541 est,
1994 4480 2140 4548 quod

2247 4473 2605 4543 προρρήσεων
2650 4468 3018 4540 κηρύττουσαι
3062 4470 3161 4539 τὴν
3190 4467 3464 4538 ἀλήθειαν.
3507 4467 3578 4519 Οὐ
3609 4466 3720 4536 γὰρ
3761 4468 3827 4537 δὴ

575 4553 691 4608 fore
711 4551 983 4624 praediiit,
1012 4559 1204 4615 domos
1229 4560 1575 4632 familiasque
1608 4564 1831 4618 divisas.
1857 4566 1965 4620 Aut
1996 4569 2140 4622 enim

2248 4565 2406 4634 μόνον
2447 4565 2572 4626 τοὺς
2605 4561 2906 4626 κινδύνους,
2952 4562 3090 4616 ἀλλά
3145 4548 3244 4613 καλ
3290 4560 3389 4630 τὴν
3442 4558 3596 4627 νίκην
3635 4559 3828 4625 αὐτοῖς

574 4643 706 4707 viri,
735 4646 861 4701 lidei
891 4663 1089 4719 sagena
1117 4650 1281 4720 capti,
1309 4667 1433 4708 cum
1466 4653 1729 4708 uxoribus
1763 4655 1943 4710 adhuc
1968 4658 2140 4713 incre-

2244 4658 2673 4730 προηγόρευσεν.
2707 4676 2725 4708 ι
2749 4655 2876 4708 Ἐπὶ
2907 4655 3085 4728 ταύτῃ
3110 4655 3220 4724 γὰρ
3249 4652 3352 4720 ἔφη
3377 4656 3443 4724 τῇ
3466 4652 3638 4723 πέτρᾳ
3670 4655 3820 4707 οἰκο⁴

577 4735 724 4790 dulis
753 4736 1064 4807 depugnant
1091 4759 1102 4793 :
1129 4749 1223 4793 aut
1246 4754 1464 4804 uxores,
1490 4752 1715 4813 accepto
1744 4745 1966 4814 pietatis
1995 4747 2140 4816 jugo,

2246 4750 2464 4821 δομήσω
2489 4765 2590 4817 μου
2615 4746 2713 4817 τὴν
2752 4747 3100 4815 Ἐκκλησίαν,
3131 4746 3224 4798 καὶ
3259 4745 3423 4798 πύλαι
3457 4743 3582 4815 ᾅδου
3607 4745 3666 4796 οὐ
3691 4763 3830 4798 κατ-

579 4825 725 4881 viros
757 4828 937 4881 adhuc
961 4839 1209 4885 errantes
1247 4831 1465 4888 irretire
1497 4835 1858 4899 contendunt,
1890 4851 2140 4891 necessa-

2250 4838 2562 4908 ισχύσουσιν
2615 4836 2807 4905 αὐτῆς.
2848 4856 2866 4887 ι
2911 4838 3066 4890 Ἐστι
3107 4836 3164 4888 δὲ
3215 4835 3340 4889 ἰδεῖν
3380 4837 3477 4889 καὶ
3526 4835 3662 4888 κατὰ
3726 4839 3829 4907 τὴν

585 4917 772 4986 riaque
800 4919 867 4973 ad
901 4921 1131 4976 salutem
1159 4922 1427 4979 dissensio
1467 4925 1797 4980 laudabilem
1830 4928 1974 4996 parit
2005 4944 2140 4983 con-

2244 4929 2552 5001 πρόρρησιν
2601 4929 3008 4997 μεμερισμένας
3063 4925 3208 4999 [τὰς]
3255 4925 3464 4989 οἰκίας·
3511 4927 3544 4996 ἢ
3602 4926 3715 4996 γὰρ
3777 4931 3829 4980 οἰ

580 5009 937 5065 "unctionem.
1001 5013 1178 5083 Atque
1234 5024 1295 5070 ut
1348 5017 1734 5085 praedictiones
1771 5019 1903 5074 alias
1953 5022 2140 5077 missas

2247 5021 2438 5092 ἄνδρες
2482 5019 2586 5074 ὑπὸ
2635 5019 2734 5084 τῆς
2779 5019 3012 5081 πίστεως
3045 5018 3422 5089 ζωγρηθέντες
3466 5018 3829 5082 ἀπιστούσαις

583 5099 798 5164 faciam,
827 5103 1021 5156 mulier
1050 5106 1297 5172 quadam
1333 5108 1399 5162 ad
1441 5117 1660 5164 sanctos
1690 5111 1808 5180 ejus
1844 5112 2013 5180 pedes
2047 5130 2140 5167 un-

2252 5113 2332 5165 ἔτι
2361 5113 2478 5175 ταῖς
2507 5109 2723 5178 γυναιξὶ
2759 5108 3138 5180 διαμάχονται,
3163 5108 3197 5179 ἢ
3225 5109 3282 5162 αἰ
3325 5111 3578 5176 γυναῖκες
3608 5107 3700 5160 τδν
3726 5112 3830 5176 τῆς

519 5185 523 5188 ’
581 5199 844 5260 guentum
887 5194 1068 5249 attulit
1103 5213 1114 5246 :
1151 5196 1307 5266 cujus
1339 5196 1496 5252 fidem
1539 5201 1878 5269 suscipiens,
1916 5205 2140 5275 astanti-

2253 5206 2531 5266 εὐσεϐείας
2576 5202 2864 5271 δεξάμεναι
2899 5200 3062 5268 ζυγὸν
3108 5200 3422 5270 ἀλωμένους
3461 5198 3540 5251 ἔτι
3571 5199 3696 5260 τοὺς
3728 5199 3828 5251 ἀν-

582 5279 687 5334 bus
711 5280 999 5350 discipulis
1017 5285 1191 5339 dixit:
1226 5306 1243 5335 ι
1278 5286 1450 5341 Amen
1473 5289 1599 5344 dico
1624 5291 1804 5355 vobis,
1833 5292 2140 5363 ubicunque

2253 5295 2384 5365 δρας
2413 5289 2736 5363 σαγηνεύειν
2769 5289 3150 5352 σπουδάζουσι.
3194 5289 3305 5342 Καὶ
3334 5291 3368 5357 η
3393 5288 3662 5355 ἀναγκαία
3692 5288 3827 5341 διαί·

656 5435 682 5475 ιι
712 5435 900 5491 Matth.
934 5455 987 5504 ι,
1024 5441 1104 5495 16.
1186 5453 1205 5480 ε
1245 5442 1376 5499 ibid.
1415 5446 1498 5511 17,
1533 5447 1617 5502 18.
1695 5448 1720 5488 ά
1756 5449 1890 5503 ibid.
1924 5449 2016 5513 21,
2045 5448 2131 5502 22.

2271 5447 2405 5502 ibid.
2437 5448 2528 5503 15.
2596 5448 2630 5485 ’τ
2668 5446 3026 5505 1ῠ1ι1.·34-δὸ.
3111 5448 3136 5488 ε
3166 5446 3355 5501 Matth.
3387 5462 3496 5510 va,
3531 5444 3616 5499 18.

1828 5581 2061 5635 ΥΑΒΙᾸΞ
2105 5581 2500 5638 LECTIONES.

665 5680 709 5764 ’ξ
740 5685 1238 5764 κατασπαρήσεται.
1259 5687 1825 5764 διασπαρήσεταιινιξ.
1865 5694 1908 5725 ⁸⁷
1933 5694 2134 5764 καίτήν
2162 5711 2220 5747 τε
2246 5713 2304 5748 π.
2339 5697 2462 5758 παῖς
2492 5694 2548 5747 ἀ.
2572 5695 2618 5745 ὲ.
2649 5693 2741 5746 καὶ
2777 5693 2856 5748 ιθ.
2885 5694 2989 5749 Vb.
3047 5695 3091 5725 ³⁸
3124 5692 3454 5763 ἐθεασάμην.
3490 5691 3582 5745 καὶ
3627 5689 3684 5744 ἐθ
3725 5691 3833 5747 νδ.

592 5752 635 5784 ⁸⁸
659 5751 952 5818 οἰκιακούς.
977 5751 1283 5821 οἰκειακοὺς
1308 5757 1368 5813 C.
1456 5751 1501 5794 δ’
1521 5751 1755 5831 διχάσαι.
1783 5751 2133 5835 διχοτομῆσαι
2155 5765 2218 5818 1).
