4088 6318
296 373 437 440 1121

843 369 1281 434 ΟΒιΕΟΛΡιΗΜ
1315 364 1617 426 AFFECT.
1654 362 1888 424 CURA’I

1995 359 2190 419 .—Xl.
2228 357 2326 418 DE
2363 358 2544 420 FINE
2582 357 2678 417 ET
2715 356 3040 419 IUDlCIO.

3430 346 3609 408 1122-

298 502 456 557 ρεσις
506 483 701 537 ἕνωσιν
752 481 1069 547 ἀξιέπαινον
1123 475 1598 550 πραγματεύεται.
1642 472 1753 525 Καὶ
1801 470 1887 523 ἵνα

1990 458 2351 537 praedicatum
2391 465 2563 522 fuerit
2586 466 2945 537 Evangelium
2973 467 3078 521 hoc
3110 465 3286 538 regni,
3313 465 3577 535 praedica-

294 577 401 639 τάς
433 574 600 638 ἄλλας
642 574 934 629 καταλίπω
967 573 1028 604 ³¹λ
1055 570 1413 641 προρρήσεις,
1452 566 1590 636 γυνή
1633 579 1720 625 τις
1749 562 1880 616 ἀλά-

296 652 539 738 ϐαστρον
565 664 737 736 μύρου
776 665 890 725 τοῖς
920 663 1097 730 ἁγίοις
1133 658 1297 713 αὐτοῦ
1325 656 1458 740 ποσὶ
1496 653 1879 725 προσενήνοχε.

297 757 522 829 Ταύτης
553 757 652 828 τὴν
704 756 885 808 πίστιν
930 751 1328 822 ἀποδεχόμενος
1373 749 1417 782 ⁸⁸
1462 747 1601 818 πρὸς
1646 744 1738 798 τὸν
1775 743 1883 796 τῶν

302 848 566 919 μαθητῶν
605 848 707 916 ἔτη
746 845 938 915 χορόν·
974 862 993 893 ι
1033 843 1203 914 Ἀμὴν
1238 841 1381 909 λέγω
1428 839 1577 908 ὑμῖν,
1611 836 1695 889 ὅτι
1745 835 1882 887 ὅπου

1989 558 2141 613 bitur
2173 567 2229 611 et
2251 557 2399 627 quod
2434 557 2635 613 fecerit
2667 558 2804 618 haec.
2827 559 2880 612 in
2908 558 3285 613 testimonium
3319 557 3441 627 ejus
3463 557 3515 610 ιι.
3544 569 3567 607 ι

1990 649 2144 704 Hanc
2170 664 2301 703 vero
2322 632 2736 718 przedictionem
2760 649 2871 718 jam
2907 664 3055 703 nunc
3081 648 3359 717 impletam
3386 646 3577 701 videre

1988 750 2090 796 est.
2121 740 2336 810 Ubique
2358 741 2507 794 enim
2532 748 2684 795 terra
2719 741 2969 810 marique
2998 748 3055 794 et
3081 754 3300 795 sacrum
3329 740 3573 807 Evange-

1990 835 2128 888 lium
2160 833 2382 903 legitur,
2408 841 2465 889 et
2491 834 2742 888 mulieris
2770 834 2935 905 hujus
2961 832 3097 887 ﬁdes
3124 832 3479 905 praedicatur.

297 942 366 993 ἂν
397 937 645 1008 κηρυχθῇ
678 937 740 988 τὸ
774 934 1106 1003 Εὑαγγέλιον
1137 932 1294 985 τοῦτο
1324 930 1425 999 τῆς
1461 926 1761 999 βασιλείας,
1793 924 2202 995 κηρυχθήσεται
2238 941 2333 976 και
2388 923 2418 976 ὃ
2461 925 2719 995 ἐποίησεν
2785 926 2819 995 ἡ
2869 925 3007 993 γυνὴ
3046 924 3184 994 αὓτη
3210 925 3256 956 ³⁸
3282 925 3363 986 είς
3431 940 3571 993 μαρ-

295 1028 485 1099 τύριον
526 1027 719 1095 αὐτῆς.
759 1045 778 1078 ι
806 1025 1022 1095 Ταύτην
1062 1024 1120 1076 δὲ
1161 1022 1259 1092 τὴν
1306 1021 1612 1092 πρόρρησιν
1678 1018 1773 1070 καὶ
1824 1014 1920 1068 νῦν
1958 1014 2072 1067 ἐστι
2125 1014 2542 1084 περατουμένην
2618 1015 2767 1068 ἰδεῖν.
2819 1014 3104 1084 Πανταχοῦ
3152 1014 3263 1086 γάρ
3327 1014 3432 1084 γῆς
3482 1012 3575 1066 καὶ

296 1119 576 1188 θαλάττης
601 1117 777 1170 καὶτὸ
796 1116 1134 1184 Εύαγγέλιον
1161 1114 1223 1166 τὸ
1256 1111 1399 1166 θεῖον
1427 1107 1882 1177 ἀναγινώσκεται,
1916 1105 2011 1158 καὶ
2039 1105 2139 1174 τῆς
2170 1106 2432 1174 γυναικὸς
2456 1107 2489 1175 ή
2526 1105 2710 1167 πίστις
2739 1105 3196 1175 ἀνακηρύττεται.

382 1208 605 1279 Ἐπειδὴ
637 1207 818 1261 τοίνυν
866 1205 1163 1261 καὶταῦτα
1208 1206 1468 1275 προεῖπεν
1509 1203 1538 1254 ό
1582 1199 1885 1268 Δεσπότης,

296 1299 396 1353 καὶ
422 1295 536 1370 [τὰ]
574 1301 632 1352 ὲν
682 1298 877 1369 ἐκείνῳ
908 1315 973 1365 γε
1023 1296 1102 1366 τῷ
1161 1293 1262 1373 βίω
1293 1293 1338 1326 ³⁸
1373 1290 1713 1361 γενησόμενα
1755 1304 1892 1359 προ-

298 1390 853 1461 ηγόρευσεν,όρῶμεν
875 1389 930 1441 δὲ
946 1384 1361 1457 ἀναφανδδντὴν
1381 1384 1586 1437 τούτων
1609 1379 1886 1452 ἀλήθειαν,

294 1480 807 1551 ἀναμφισϐητήτως
843 1481 1073 1532 κάκεῖνα
1090 1479 1141 1529 ³⁵
1165 1474 1471 1546 δεξώμεθα,
1503 1472 1612 1539 ἀπὸ
1648 1469 1758 1525 τῶν
1784 1469 1885 1540 ήδη

295 1571 690 1642 γεγενημένων
724 1568 1123 1639 ποδηγούμενοι
1164 1567 1302 1639 πρὸς
1340 1567 1525 1620 ἐκεῖνα
1558 1564 1653 1616 καὶ
1682 1576 1884 1631 κεχρη’

2060 1195 2291 1263 Quando
2329 1197 2495 1267 igitur
2523 1204 2579 1251 et
2614 1198 2731 1253 hac
2763 1198 3029 1252 Dominus
3057 1196 3329 1266 praedixit,
3361 1205 3419 1251 et
3452 1213 3576 1267 qua

1992 1288 2048 1341 in
2067 1288 2162 1342 illo
2178 1290 2378 1344 saeculo
2394 1289 2579 1343 futura
2597 1296 2778 1353 erant,
2795 1288 3204 1359 praenuntiavit,
3227 1303 3352 1343 cum
3375 1288 3576 1343 horum

1989 1381 2337 1450 perspicuam
2374 1376 2662 1435 videamus
2705 1381 3020 1445 veritatem,
3062 1379 3155 1433 illa
3198 1393 3422 1449 quoque
3455 1379 3574 1434 sine

1993 1473 2377 1527 controversia
2402 1472 2755 1543 recipiamus,
2782 1472 2851 1527 ab
2872 1472 2941 1526 iis
2967 1486 3090 1541 quae
3109 1472 3222 1542 jam
3254 1456 3397 1525 facta
3423 1478 3575 1535 sunt,

1990 1565 2220 1635 gradum
2259 1565 2326 1620 ad
2370 1565 2462 1620 illa
2505 1565 2791 1628 facientes,
2828 1575 2884 1619 et
2918 1564 3007 1619 his
3042 1568 3304 1634 tanquam
3354 1564 3577 1618 illorum

300 1663 457 1732 μένοι
501 1660 715 1724 τούτοις
756 1660 1080 1733 τεκμηρίοις
1131 1659 1375 1713 ἐκείνων.
1424 1655 1628 1709 Τούτου
1668 1653 1777 1724 γὰρ
1820 1650 1885 1721 δὴ

1990 1658 2329 1727 argumentis
2362 1667 2600 1713 utentes.
2625 1658 2737 1731 Hac
2762 1658 2913 1712 enim
2936 1672 3101 1713 causa
3139 1658 3352 1727 1010
3368 1668 3426 1713 et
3454 1659 3577 1714 hac

297 1754 491 1807 εῖνεκα
519 1752 615 1805 καὶ
653 1753 843 1806 ταῦτα.
869 1753 1099 1805 κάκεῖνα
1131 1750 1485 1823 προείρηκεν,
1521 1749 1609 1801 ἵνα
1640 1745 1730 1799 διά
1761 1743 1885 1800 τού-

295 1862 409 1898 των
431 1844 727 1916 ὲμπεδώσῃ
754 1844 1003 1896 κάκεῖνα.
1037 1842 1148 1896 Καὶ
1183 1840 1349 1912 τιμάς
1386 1840 1453 1903 ἀς
1488 1839 1587 1908 ούχ
1618 1839 1889 1906 ὑπέσχετο

296 1938 413 1998 τοῖς
441 1938 521 1997 εἰς
552 1935 716 1987 αὐτὸν
755 1934 1149 1987 πεπιστευκόσι
1205 1931 1505 2001 φιλοτίμως
1549 1930 1883 1999 ἀπένειμεν·

297 2025 399 2079 καὶ
428 2026 489 2078 ού
521 2026 680 2095 μόνον
703 2026 748 2058 ⁸⁸
782 2027 893 2087 τοῖς
920 2022 1055 2087 ζῶσι
1098 2024 1427 2094 παμπόλλην
1458 2022 1626 2075 ἔδωκε
1659 2020 1890 2090 περιφά-

299 2134 477 2181 νειαν,
516 2115 657 2169 ἁλλά
686 2116 780 2168 καὶ
807 2118 922 2178 τοῖς
953 2116 1152 2185 ἄριστα
1178 2113 1593 2182 τετελευτηκόσι
1638 2112 1888 2165 πλεῖστον

302 2208 685 2277 ξυνεκλήρωσε
718 2208 761 2239 ³⁷
796 2207 983 2270 σέϐας,
1022 2207 1107 2259 ἴνα
1134 2205 1197 2259 δι’
1229 2200 1304 2259 ὧν
1333 2207 1431 2275 οὐχ
1469 2204 1735 2273 ὑπέσχετο
1766 2202 1886 2271 μὲν,

303 2299 479 2352 ἔδωκε
498 2298 577 2362 δὲ,
616 2298 1001 2368 πιστεύσωμεν
1042 2292 1123 2360 οἷς
1155 2297 1199 2329 ⁸⁸
1236 2295 1523 2365 ὑπέσχετο.
1572 2294 1631 2347 ’0
1668 2294 1772 2364 γάρ
1806 2310 1888 2345 τοι

298 2389 374 2443 τά
399 2393 520 2452 ταῖς
563 2389 856 2459 συνθήκαις
905 2389 1005 2442 ούκ
1042 2388 1333 2457 έγκείμενα
1357 2385 1768 2455 δωρησάμενος,
1795 2384 1889 2438 καὶ

302 2480 593 2550 φιλοτιμίᾳ
625 2479 724 2542 τὰς
757 2479 1078 2549 ὑποσχέσεις
1110 2476 1455 2548 ὑπερϐαλὼν,
1497 2478 1656 2530 δώσει
1685 2478 1730 2509 ³⁸
1754 2477 1890 2530 πάν-

302 2586 414 2633 τως
450 2569 594 2639 ἅπερ
621 2568 913 2637 ὑπέσχετο,
941 2567 1060 2639 [καὶ
1096 2567 1130 2622 ἀ
1163 2571 1276 2631 τοῖς
1309 2554 1735 2637 ἀγωνιζομένοις
1796 2568 1890 2619 έπ-

303 2659 511 2723 έόειξεν
560 2656 1025 2730 ἆθλα].Σχέτλιον
1059 2660 1167 2730 γὰρ
1223 2660 1350 2722 τοὺς
1399 2660 1497 2728 μὲν
1549 2657 1891 2728 γυμνασιάρ-

304 2768 438 2822 χους
474 2750 522 2782 ⁸ο
551 2751 815 2821 παρέχειν
850 2752 962 2812 τοῖς
998 2748 1259 2819 ἀθληταῖς
1293 2749 1385 2803 τὸν
1433 2750 1814 2820 ὑπεσχημένον
1843 2750 1886 2781 ⁸⁸

307 2841 524 2909 μισθὸν,
568 2843 662 2892 καὶ
703 2840 828 2903 τοὺς
867 2841 958 2892 ἐπί
995 2856 1074 2911 τῳ
1122 2840 1274 2902 τινὰς
1315 2838 1711 2909 μισθουμένους
1752 2842 1889 2910 μετὰ

302 2930 401 2983 τὸν
436 2933 597 2983 πόνον
637 2931 879 3000 πληροῦν
910 2933 979 2982 τά
1013 2930 1364 2998 ξυγκείμενα·
1401 2931 1491 2983 τὸν
1520 2932 1576 2983 δὲ
1614 2931 1723 2984 τῶν
1754 2932 1890 2984 ὅλων

303 3020 668 3095 Δημιουργὸν,
700 3020 758 3082 ὃς
784 3019 859 3073 δι’
909 3018 1059 3090 [165]
1094 3019 1405 3090 ἀγαθότητα
1435 3022 1603 3091 μόνην
1634 3022 1728 3075 καὶ
1777 3024 1890 3085 τοῖς

312 3108 392 3179 μὴ
426 3104 545 3161 οὖσι
584 3108 647 3161 τὸ
680 3105 819 3162 εἶναι
865 3109 1103 3178 παρέσχε
1129 3108 1198 3173 δ’,
1230 3110 1322 3163 καὶ
1357 3110 1416 3163 τὸ
1454 3112 1551 3179 τῆς
1581 3112 1890 3179 οἰκονομίας

1986 1756 2047 1803 et
2078 1749 2169 1804 illa
2197 1749 2451 1805 Christus
2472 1750 2749 1820 praedixit,
2784 1758 2843 1804 ut
2865 1766 2962 1820 per
2988 1750 3106 1804 bzec
3141 1750 3233 1804 illa
3260 1750 3533 1804 stabiliret
3560 1768 3583 1833 :p

1918 1874 1962 1929 Β
1990 1849 2047 1896 et
2077 1841 2342 1905 honores,
2373 1857 2512 1911 quos
2542 1842 2598 1895 in
2630 1855 2688 1894 se
2717 1841 3077 1895 credentibus
3106 1856 3218 1895 non
3245 1850 3332 1895 est
3357 1841 3575 1911 pollici-

1992 1939 2117 1996 tus,
2167 1931 2477 1986 liberaliter
2506 1940 2691 1987 tamcn
2735 1931 2909 1985 dedit.
2962 1931 3154 2000 Neque
3197 1931 3339 1986 vivis
3394 1933 3575 1987 solum

1991 2022 2307 2093 splendoris
2347 2023 2581 2078 multum
2629 2022 2847 2087 tribuit,
2891 2022 2985 2077 sed
3036 2023 3244 2092 optime
3284 2021 3577 2078 defunctos

1990 2112 2232 2183 plurimo
2259 2112 2469 2167 honore
2497 2112 2703 2177 affecit,
2766 2123 2827 2167 ut
2860 2130 2925 2168 ex
2962 2114 3031 2167 iis
3056 2129 3179 2183 qua:
3206 2129 3315 2168 non
3359 2115 3576 2184 pollici-

1991 2212 2079 2258 tus
2098 2204 2269 2266 dedit,
2291 2213 2559 2259 eventura
2574 2203 2863 2259 credamus
2876 2218 2999 2273 quae
3016 2212 3099 2258 est
3117 2204 3418 2273 pollicitus.
3438 2205 3576 2259 Nam

1993 2294 2088 2363 qui
2115 2309 2179 2347 ea
2204 2291 2434 2348 donavit
2456 2309 2578 2364 quae
2603 2310 2669 2349 ex
2690 2294 3156 2349 conventionibus
3182 2311 3295 2350 non
3317 2295 3574 2362 debebat,

1990 2392 2046 2438 et
2073 2384 2408 2439 liberalitate
2438 2400 2536 2439 sua
2558 2385 2957 2454 promissiones
2975 2386 3233 2451 excessit,
3259 2386 3413 2443 dabit
3445 2403 3577 2458 pro.

1992 2472 2080 2524 cnl
2130 2470 2300 2526 dubio
2351 2488 2485 2541 qum
2531 2473 2819 2542 promisit,
2875 2489 3106 2545 quasque
3158 2475 3577 2533 decertantibus

1991 2562 2219 2630 praemia
2235 2560 2497 2615 ostendit.
2514 2562 2698 2631 Turpe
2722 2561 2869 2616 enim
2893 2563 2964 2616 sit
3002 2564 3408 2633 gymnasiorum
3434 2580 3579 2636 prte-

1990 2647 2167 2704 fectos
2213 2650 2439 2705 athletis
2480 2652 2811 2721 promissam
2849 2653 3160 2708 mercedem
3200 2655 3481 2725 przebere,
3520 2665 3581 2712 et

1990 2742 2083 2811 qui
2114 2742 2399 2821 operarios
2434 2759 2796 2813 quoscunque
2834 2745 3225 2810 conduxerint,
3261 2762 3425 2817 opera
3454 2760 3584 2818 pcr-
3682 2737 3696 2743 ’

1991 2829 2197 2884 functis
2223 2830 2487 2885 exhibere
2523 2847 2645 2900 quae
2682 2833 2827 2901 pacti
2865 2842 2996 2888 sunt
3029 2852 3040 2887 :
3073 2834 3265 2888 mundi
3316 2850 3450 2891 vero
3488 2846 3574 2890 to-

1993 2921 2105 2975 tius
2143 2922 2427 2991 Upiﬁcem,
2456 2939 2484 2976 a
2516 2939 2625 2991 quo
2659 2940 2759 2993 per
2784 2925 2956 2978 solam
2986 2925 3289 2980 bonitatem
3314 2927 3479 2981 etiam
3513 2941 3581 2985 ea

1994 3028 2115 3082 qua:
2140 3028 2250 3066 non
2276 3021 2434 3067 crant
2469 3022 2655 3067 creata
2688 3023 2839 3079 sunt,
2864 3016 3072 3085 quique
3095 3016 3396 3073 salutiferae
3424 3021 3438 3037 ‘
3467 3018 3581 3074 dis-

1992 3104 2333 3174 pensationis
2398 3106 2720 3175 mysterium
2776 3110 3224 3173 consummavit,
3286 3118 3345 3163 et
3397 3111 3580 3166 lucem

308 3198 610 3269 μυστήριον
649 3198 956 3262 ἐπετέλεσε,
993 3199 1225 3260 καὶτοῖς
1266 3198 1363 3269 ούχ
1404 3198 1571 3268 ὁρῶσι
1602 3200 1661 3251 τὸ
1705 3200 1819 3266 φῶς
1848 3199 1888 3231 ⁸³

1998 3209 2107 3247 non
2141 3195 2500 3249 cernentibus
2533 3197 2732 3251 divina:
2765 3199 3102 3268 cognitionis
3127 3201 3319 3256 lumen
3354 3201 3578 3269 infudit,

304 3285 373 3339 τὺ
401 3287 498 3355 τῆς
520 3285 852 3354 θεογνωσίας
890 3286 1186 3356 ἐχαρίσατο
1216 3286 1352 3354 φῶς,
1380 3286 1571 3338 τοῦτον
1599 3288 1765 3355 φάναι
1793 3286 1893 3351 τὰς

304 3377 519 3440 οἰκείας
566 3378 642 3448 μὴ
688 3375 1003 3448 πληρώσειν
1042 3376 1399 3444 ἐπαγγελίας.
1452 3377 1514 3429 Εἰ
1564 3376 1618 3430 δὲ
1665 3377 1890 3447 ἀληθὴς,

300 3468 501 3541 ὥσπερ
530 3465 623 3522 οὖν
654 3468 857 3538 ἀληθὴς
900 3467 1041 3527 (θεία
1068 3469 1175 3538 γὰρ
1197 3472 1230 3539 ή
1270 3469 1609 3537 ὑπόσχεσις),
1639 3470 1739 3521 οὐκ
1766 3469 1890 3522 ἀνό-

307 3578 474 3631 νητα,
498 3555 543 3615 ὦ
584 3560 729 3629 φίλοι
754 3561 967 3630 ἄνδρες,
1005 3560 1071 3611 τὰ
1101 3560 1199 3627 τῆς
1236 3558 1384 3621 θείας
1407 3559 1756 3619 διδασκαλίας
1790 3577 1893 3627 μα-

308 3652 556 3723 θήματα.
585 3652 845 3722 Ούρανῶν
869 3653 977 3721 γὰρ
1002 3650 1307 3721 βασιλείαν,
1346 3650 1440 3703 καὶ
1474 3649 1617 3720 ζωὴν
1647 3651 1802 3712 τέλος
1828 3651 1889 3702 ού

306 3744 630 3813 δεχομένην,
684 3746 778 3796 καὶ
814 3741 928 3810 φῶς
979 3741 1164 3809 νοερὸν
1190 3739 1260 3803 ⁸³,
1292 3741 1388 3793 καὶ⁸
1448 3740 1548 3799 τὴν
1608 3739 1747 3809 μετά
1782 3739 1891 3792 τῶν

310 3835 624 3904 ἀσωμάτων
687 3832 942 3903 χορείαν,
1008 3835 1120 3895 τοῖς
1182 3829 1528 3900 πειθομένοις
1581 3830 1890 3900 ὑπέσχετο,

308 3926 504 3995 ὥσπερ
533 3921 599 3976 αὖ
634 3926 857 3978 κόλασιν
906 3922 1122 3975 αἰώνιον
1162 3924 1276 3985 τοῖς
1309 3920 1628 3974 ἀπιστοῦσιν
1657 3921 1891 3991 ἠπείλη-

310 4034 435 4070 σενο
470 4016 629 4068 τοῦτο
668 4015 777 4085 γὰρ
805 4015 869 4083 δὴ
904 4014 1000 4067 καὶ
1025 4017 1090 4085 τῇ
1143 4013 1427 4083 παραϐολῇ
1476 4012 1584 4066 τῶν
1637 4013 1892 4077 ζιζανίων

305 4105 601 4175 δεδήλωκε.
636 4104 854 4174 Ταύτην
883 4105 992 4173 γὰρ
1027 4102 1373 4172 ἑρμηνεύσας
1399 4104 1706 4174 ἐπήγαγεν·
1735 4121 1753 4153 ε
1781 4101 1890 4155 Oﬁ-

308 4213 419 4259 τως
448 4196 599 4248 ἔσται
639 4196 696 4247 έν
726 4197 792 4265 τῇ
826 4194 1107 4263 συντελείᾳ
1142 4191 1235 4244 τοῦ
1271 4192 1465 4255 αἰῶνος
1500 4192 1688 4244 τούτου
1710 4207 1722 4220 ·
1756 4192 1893 4244 ἀπο-

308 4288 494 4340 στελεῖ
533 4288 561 4340 ό
591 4287 715 4347 Υἱὸς
756 4285 849 4338 τοῦ
896 4285 1187 4355 ἀνθρώπου
1230 4286 1356 4347 τοὺς
1399 4283 1661 4353 ἀγγέλους
1700 4281 1890 4349 αὑτοῦ,

305 4378 408 4431 καὶ
436 4378 754 4442 συνάξουσιν
800 4379 866 4429 ὲκ
910 4377 1010 4446 τῆς
1052 4376 1330 4447 βασιλείας
1377 4374 1543 4428 αὑτοῦ
1598 4374 1777 4427 πάντα
1824 4372 1894 4427 τὰ

210 4511 219 4516 ,
308 4467 590 4520 σκάνδαλα
618 4466 713 4520 καὶ
750 4466 877 4529 τοὺς
918 4465 1204 4539 ποιοῦντας
1231 4466 1329 4534 τὴν
1372 4464 1623 4532 ἀνομίαν,
1655 4463 1751 4517 καὶ
1792 4462 1889 4531 βα-

1995 3283 2143 3337 hunc
2185 3284 2435 3339 dicamus
2485 3302 2549 3340 ea
2599 3303 2723 3355 quae
2768 3290 3022 3357 promisit
3070 3308 3183 3346 non
3225 3294 3578 3350 effecturum.

1992 3371 2149 3438 Quod
2171 3374 2217 3428 si
2244 3388 2372 3428 vera
2396 3382 2499 3438 est,
2534 3374 2695 3430 sicuti
2732 3393 2858 3432 vera
2884 3387 2969 3433 est
2998 3381 3114 3451 (Dei
3142 3385 3293 3437 enim
3322 3394 3407 3439 est
3448 3403 3580 3456 pro-

1995 3464 2229 3532 missio),
2257 3480 2367 3519 non
2393 3466 2605 3520 inutilis
2627 3476 2731 3527 est.
2761 3469 2866 3522 viri
2898 3470 3233 3537 charissimi,
3264 3474 3466 3529 divinae
3499 3476 3581 3530 in-

1994 3554 2302 3609 stitutionis
2322 3556 2634 3626 disciplina.
2650 3558 3021 3617 Credentibus
3052 3565 3200 3617 enim
3228 3582 3454 3636 regnum
3472 3582 3584 3623 cae-

1994 3647 2196 3712 lorum,
2218 3648 2499 3718 vitamque
2524 3651 2735 3705 nullum
2763 3652 2923 3707 linem
2947 3654 3283 3721 habituram,
3309 3666 3367 3712 et
3391 3658 3579 3713 lumen
3610 3701 3629 3705 -7

1995 3736 2390 3802 intellectuale,
2411 3748 2468 3793 et
2494 3742 2742 3810 corporis
2764 3744 3075 3812 expertium
3102 3747 3426 3802 societatem
3455 3748 3579 3818 pol-

1993 3828 2215 3895 licetur,
2260 3828 2424 3884 sicuti
2461 3846 2493 3887 e
2535 3834 2816 3887 contrario
2854 3834 3158 3891 incredulis
3193 3846 3397 3892 aztcrna
3447 3855 3579 3909 sup-

1995 3920 2161 3989 plicia
2208 3922 2600 3977 comminatur.
2640 3922 2755 3979 Hoc
2800 3926 2949 3979 enim
3004 3926 3184 3995 ipsum
3220 3928 3277 3981 in
3318 3929 3580 3997 parabola

1994 4009 2332 4064 zizaniorum
2382 4013 2645 4071 ostendit.
2702 4013 2877 4080 Quam
2923 4030 3049 4069 cum
3090 4016 3578 4087 interpretaretur,

1992 4102 2202 4157 addidit
2233 4119 2245 4155 :
2279 4120 2297 4152 ‹
2330 4102 2420 4158 Sic
2442 4105 2548 4158 erit
2576 4106 2630 4158 in
2663 4107 2869 4175 1011
2894 4108 3371 4163 consummatione
3393 4113 3580 4165 saeculi

1993 4194 2177 4265 hujus.
2205 4196 2381 4251 Mittet
2399 4196 2572 4252 Filius
2584 4197 2827 4253 hominis
2842 4199 3065 4269 angelos
3083 4215 3231 4263 suos,
3256 4200 3583 4271 ctcolligent

1993 4286 2062 4341 de
2082 4302 2250 4357 regno
2271 4289 2398 4359 ejus
2423 4291 2609 4345 omnia
2627 4291 2905 4354 scandala,
2927 4301 2982 4346 et
3007 4307 3102 4346 eos
3131 4292 3225 4361 qui
3247 4290 3457 4347 faciunt
3482 4290 3583 4344 ini-

1994 4376 2285 4445 quitatem,
2310 4384 2365 4431 ct
2396 4377 2731 4435 mittenteos
2759 4380 2817 4434 in
2847 4381 3127 4435 caminum
3154 4382 3297 4451 ignis
3323 4399 3335 4434 :
3366 4382 3438 4436 ibi
3471 4381 3583 4437 erit

1996 4466 2160 4523 ﬂetus
2178 4478 2235 4522 et
2257 4468 2463 4523 stridor
2486 4469 2759 4525 dentium.
2795 4470 2951 4526 Tunc
2966 4472 3097 4542 justi
3120 4471 3413 4542 fulgebunt
3439 4472 3584 4527 sicut

304 4557 495 4612 λοῦσιν
525 4558 725 4620 αὐτοὺς
756 4559 835 4621 εἰς
862 4556 961 4627 τὴν
987 4558 1216 4626 κάμινον
1241 4555 1336 4609 τοῦ
1358 4556 1529 4627 πυρός
1550 4571 1564 4585 ·
1594 4556 1713 4609 ἐκεῖ
1738 4554 1888 4617 ἔσται

1998 4558 2076 4613 sol
2123 4558 2179 4613 in
2216 4574 2384 4629 regno
2422 4559 2603 4618 Patris
2652 4574 2869 4615 eorum.
2912 4580 2929 4612 ι
3000 4560 3214 4631 Quibus
3269 4560 3435 4615 dictis
3489 4559 3585 4614 ad—

303 4651 338 4703 ό
373 4647 651 4717 κλαυύμδς
686 4648 780 4702 καὶ
813 4651 841 4700 ό
873 4647 1119 4720 βρυγμὸς
1144 4646 1253 4700 τῶν
1280 4646 1528 4704 ὀδόντων.
1559 4646 1694 4700 Τότε
1728 4646 1778 4699 οί
1814 4644 1892 4702 δί-

1991 4647 2128 4719 jecit
2154 4665 2167 4700 :
2201 4666 2218 4697 ι
2248 4646 2534 4713 Quihabet
2554 4663 2717 4704 aures
2738 4649 3024 4716 audiendi,
3044 4650 3233 4704 audiat
3260 4651 3304 4703 ί.
3331 4668 3350 4702 ι
3378 4648 3583 4704 Eadem

305 4756 455 4795 καιοι
488 4740 861 4808 ἐκλάμψουσιν
902 4738 979 4801 ώς
1024 4739 1053 4790 ό
1098 4739 1249 4808 ἥλιος
1284 4741 1341 4826 ὲν
1372 4741 1436 4809 τῇ
1498 4737 1744 4809 βασιλείᾳ
1796 4736 1888 4794 τοῦ

1997 4746 2057 4794 et
2075 4739 2255 4806 vobis,
2282 4755 2316 4795 o
2338 4740 2524 4806 amici,
2549 4741 2909 4798 adhortantes
2934 4742 3193 4799 dicimus.
3215 4743 3405 4811 Neque
3432 4741 3585 4796 enim

308 4832 525 4901 Πατρός
594 4831 794 4886 αὐτῶν.
846 4851 865 4883 ι
927 4831 1111 4884 Ταῦτα
1171 4832 1342 4884 εἰπὼν
1391 4832 1705 4902 ἐπήγαγεν
1759 4851 1777 4882 ι
1832 4831 1888 4884 '0

2000 4831 2205 4886 invitos
2239 4832 2488 4903 cogimus
2518 4832 2705 4887 divina
2732 4833 2879 4888 dona
2907 4834 3218 4904 percipere,
3255 4833 3351 4889 sed
3385 4832 3587 4891 adhor-

306 4921 452 4991 ἔχων
496 4916 612 4975 ὦτα
663 4922 904 4990 ἀκούειν,
966 4922 1231 4977 ἀκουέτω.
1266 4941 1284 4973 ι
1329 4922 1515 4975 Ταῦτα
1572 4923 1666 4975 καὶ
1732 4922 1888 4992 ἡμεῖς

2004 4928 2204 4986 tantes,
2250 4929 2308 4977 et
2340 4922 2720 4988 obsecrantes,
2762 4922 3076 4994 horumque
3111 4922 3270 4978 vobis
3315 4921 3587 4993 magnitu.

309 5015 465 5085 ὑμῖν,
497 5008 544 5069 ὦ
586 5015 727 5084 φίλοι
758 5015 972 5087 ἄνδρες,
1017 5013 1408 5087 παραινοῦντὲς
1450 5030 1650 5085 φαμεν.
1680 5015 1756 5067 Ού
1786 5014 1888 5083 γάρ

2004 5015 2193 5074 dinem
2217 5017 2683 5075 demonstrantes.
2730 5017 2921 5089 Itaque
2948 5033 3075 5073 cum
3110 5018 3218 5073 hoc
3240 5014 3463 5072 Domini
3486 5013 3585 5071 Dei

385 5152 415 5195 ιι
444 5151 637 5210 Matth.
666 5167 815 5219 nu,
848 5152 934 5209 l5.
1020 5153 1034 5191 ί
1071 5151 1262 5209 Matth.
1296 5167 1411 5220 xm,
1442 5151 1637 5207 40-45.
2206 5202 2209 5205 .

1601 5258 2295 5335 VARIE‘LECTIONES.

383 5450 429 5483 ³⁸
458 5448 763 5504 καταλίπω.
788 5447 1106 5503 καταλείπω
1136 5446 1202 5502 D.
1290 5445 1336 5477 “
1365 5442 1785 5512 ἀποδεχόμενος.
1825 5440 2229 5565 ἀποδεξάμενος
2253 5442 2383 5499 Vb.
2454 5443 2501 5476 ³⁸
2533 5442 2723 5514 αὐτῆς.
2750 5442 2989 5565 αὐτηλι).
3086 5444 3131 5477 ³⁵
3157 5446 3253 5498 καὶ
3278 5442 3349 5499 τὰ
3388 5442 3588 5518 ἐκείνῳ

395 5518 475 5565 τῶ
505 5517 603 5565 Βῖω
625 5519 723 5565 Va-
800 5519 847 5551 ³³
877 5520 1126 5565 κάκεῖνα.
1167 5516 1389 5565 κάκεῖνο
1414 5512 1516 5565 Vb.
1581 5513 1625 5544 ⁸⁸
1660 5512 1839 5565 μόνον.
1867 5511 2035 5565 μόνην
2103 5526 2155 5565 a.
2214 5513 2257 5544 ³⁷
2289 5513 2689 5565 ευνεκλήοωσε.
2719 5511 2886 5565 ευνεπ
2920 5514 3105 5565 nomen
3133 5514 3239 5565 Vb-
3263 5515 3325 5565 D.
3402 5514 3448 5547 ⁸⁸
3480 5506 3581 5565 οἷς.

309 5517 770 5651 ξιῗιῖῗῖὲἊῩῗάιί
800 5512 1516 5651 ἒῖιέέίέἕὲξῖκέἀὲῗέ⁰ίιῖξίί
1544 5513 1625 5637 οἷ’
1659 5512 1888 5635 μῗῖ⁰ἔιίὲ

1990 5506 2035 5582 ,ν
2057 5506 2160 5593 Va:
2214 5513 2257 5544 ³⁷
2289 5506 2689 5634 ξυνεκλήςωσὲ.
2719 5506 3105 5615 ξυνεπλήρωσε
3133 5514 3325 5581 Vb,,D.
3402 5514 3448 5547 ⁸⁸
3480 5506 3581 5579 οἷς.

1992 5580 2171 5651 πολλῳ
2201 5581 2375 5651 δήπου
2424 5584 2532 5651 μᾶ).
2566 5600 2625 5635 ον
2653 5583 2700 5638 δ.
2734 5582 2834 5638 Vb.
2910 5584 2931 5614 ⁸
2990 5585 3454 5651 γυμνασιάρχους.
3484 5599 3583 5651 γυ,

311 5590 412 5644 καὶ
432 5584 521 5667 οἷς
547 5584 652 5652 Vb,
674 5588 770 5658 qui
800 5602 965 5689 supra
985 5587 1206 5640 δέδωκε.
1237 5584 1351 5639 Hoc
1383 5584 1513 5638 item
1544 5584 1609 5637 D.
1709 5584 1755 5614 "
1779 5584 1961 5682 6:268!"
1992 5584 2171 5651 πολλῷ
2201 5584 2375 5651 δήπου
2424 5584 2625 5653 μᾶλλον
2653 5584 2834 5685 δλγι).
2910 5584 2965 5666 “1
2990 5585 3454 5671 γυμνασιάρχους.
3484 5599 3580 5651 γυ.

312 5657 819 5800 μνῗὲἔῗὲἔαξοξὲἑν
844 5657 1011 5783 ζτθτδν
1043 5657 1314 5779 ὑπεσχ.-
1338 5652 1479 5723 μετά
1511 5667 1622 5708 om.
1664 5652 1727 5707 D.
1895 5650 2163 5727 παρέσχε.
2198 5651 2505 5723 παρέσχετο
2540 5651 2635 5708 Va.
2740 5654 2760 5685 ³
2795 5652 2855 5706 τὸ
2890 5670 3025 5723 φως.
3056 5654 3176 5707 τόοε
3219 5652 3281 5707 τδ
3322 5670 3437 5727 φως
3477 5650 3580 5711 Vb.

401 5742 606 5799 νοερον.
630 5742 819 5799 νοητον
856 5742 946 5783 va.
1096 5776 1101 5779 _
