4088 6318
268 346 415 408 1125

804 341 1244 404 ΟΚᾹΞΟΛΙΠΙΜ
1274 339 1577 399 AFFECT.
1613 338 1839 399 CURA'l

1942 337 2182 397 ι.--ΧΙΙ.
2222 334 2319 395 DE
2354 334 2690 397 VIRTUTE
2727 332 3017 394 ACTIVA.

3396 332 3529 394 1126

277 478 299 513 ι
321 457 547 512 Γίνεσθε
568 454 784 516 τέλειοι,
819 452 1001 516 καθὼς
1035 450 1176 505 καλὸ
1219 449 1407 520 Πατὴρ
1435 448 1588 518 ὑμῶν
1622 450 1649 501 ὁ
1687 446 1839 517 οὐρά·

1956 446 2221 499 Dominus
2254 445 2370 515 ipsc
2411 444 2592 514 diligit
2623 452 2680 498 et
2718 442 2847 497 odio
2891 441 3076 495 habet.
3111 440 3242 507 Quae
3278 456 3411 497 vero
3448 442 3528 520 illi

272 563 385 609 νιος
409 544 614 607 τέλειός
647 546 783 596 ἐστι.
813 561 829 592 ι
860 543 1127 611 Μιμεῖται
1166 540 1240 598 δὲ.
1280 540 1354 601 ὡς
1386 538 1584 601 ἔνεστι,
1619 536 1710 588 τὸν
1740 534 1849 587 τῶν

275 637 417 688 ὅλων
448 634 582 688 Θεὸν
628 636 655 687 ὁ
693 630 875 685 ποθῶν
909 633 1091 683 ἐκεῖνα
1144 630 1239 683 καὶ
1280 628 1579 699 ἐχθραίνων
1626 625 1846 695 ὁμοίως,

270 726 418 798 άπερ
456 726 550 778 καὶ
593 722 755 785 αὐτὸς
784 725 812 775 ὁ
851 721 1130 789 Δεσπότης
1161 719 1434 789 ἐχθραίνει
1462 718 1507 749 ⁸⁸
1534 734 1592 769 τε
1625 716 1719 767 καὶ
1757 733 1849 784 φι-

268 806 373 873 λεῖ.
401 819 443 871 Τ
452 819 536 872 ινα
588 817 644 870 δὲ
677 815 825 885 αὐτῷ
871 815 1131 885 δυσμενῆ,
1163 816 1255 867 καὶ
1300 814 1420 868 τίνα
1449 808 1515 865 αὖ
1550 811 1846 881 προσφιλῆ,

269 907 417 980 [καὶ]
444 910 489 942 ⁸⁸
516 906 817 978 διαρῤήδην
840 908 887 958 οί
920 904 1051 958 θεῖοι
1080 905 1390 959 διδάσκουσι
1416 904 1591 973 νόμοι.
1611 900 1850 973 ’Λκούω-

270 1016 376 1070 μιν
421 998 530 1066 γάρ
558 997 652 1049 τοῦ
706 995 993 1048 Θεσπεσίου
1028 994 1257 1063 βοῶντος
1288 993 1485 1046 Δαόίδ·
1526 1014 1542 1044 ι
1574 993 1698 1045 Ὅτι
1727 993 1849 1062 οὐχὶ

264 1088 402 1151 Θεὸς
431 1088 598 1142 θέλων
624 1088 857 1156 ἀνομίαν
882 1086 927 1119 ⁸⁷
958 1085 1023 1139 σὺ
1054 1081 1103 1138 εἷ
1127 1102 1140 1116 ο
1166 1085 1226 1137 οὺ
1264 1084 1591 1154 παροικήσει
1630 1100 1713 1137 σοι
1746 1101 1846 1136 πο-

264 1168 671 1250 νήρευὸμενος·
726 1176 848 1230 οὐδὲ
896 1177 941 1208 ⁸⁸
989 1173 1303 1244 διαμενοῦσι
1361 1175 1667 1244 παράνομοι
1718 1190 1847 1227 κατ-

264 1268 449 1323 έναντι
476 1267 587 1321 τῶν
629 1267 923 1337 ὀφθαλμῶν
951 1283 1043 1318 σου
1069 1282 1080 1297 ·
1115 1265 1383 1335 ἐμίσησας
1415 1265 1623 1327 πάντας
1646 1265 1688 1296 ⁸⁸
1720 1266 1845 1328 τοὺς

263 1357 671 1429 ἐργαζομένους
718 1354 815 1425 τὴν
860 1353 1130 1423 ἀνομίαν⁹
1173 1352 1394 1416 ἀπολεῖς
1456 1351 1662 1416 πάντας
1719 1354 1845 1416 τοὺς

262 1446 566 1508 λαλοῦντας
620 1446 677 1498 τὸ
718 1444 934 1513 ψεῦδος.
985 1444 1188 1513 Ἀνδρα
1239 1445 1488 1514 αἱμάτων
1520 1444 1612 1496 καὶ
1673 1444 1844 1496 δόλιον

263 1537 625 1608 βδελύσσεται
674 1535 879 1607 Κύριος
907 1535 976 1587 ⁸ο.
1011 1552 1028 1583 ι
1079 1534 1169 1586 Ἐν
1206 1534 1415 1597 τούτοις
1459 1534 1513 1587 δὲ
1548 1536 1676 1604 ἡμῖν
1722 1536 1843 1587 ἐπι-

256 1628 440 1695 δείξας
462 1630 554 1696 τὴν
586 1625 680 1680 τοῦ
710 1625 999 1695 νομοθέτου
1026 1625 1287 1689 διάθεσιν,
1322 1626 1378 1677 ἐν
1412 1622 1574 1694 ἐτέρᾳ
1608 1624 1845 1694 μελῳδίᾳ

259 1719 562 1789 πρόσωπον
618 1718 880 1787 είσήγαγε
934 1717 1157 1780 τούτους
1199 1717 1240 1748 ⁶¹
1295 1717 1420 1779 τοὺς
1488 1716 1844 1787 χαρακτῆρας

257 1772 511 1881 ἀκριϐῶς
552 1772 955 1879 ἐκμαέάμενον,
990 1810 1080 1861 καὶ
1240 1772 1519 1879 νομοθνέτηὶ
1544 1772 1842 1876 προσεύχνᾶἐ
1878 1772 1914 1829 Β

261 1916 429 1969 μενον
466 1899 559 1951 καὶ
599 1898 859 1966 λέγοντα’
898 1916 917 1949 ι
944 1897 1346 1967 Διεπορευόμην
1387 1898 1444 1947 ἐν
1484 1896 1692 1967 ἀκακία
1740 1895 1842 1963 τῆς

254 1990 492 2059 καρδίας
513 1990 556 2021 ⁶²
594 2006 695 2058 μου
731 1990 789 2041 ἐν
827 1990 974 2058 μέσῳ
1010 1987 1102 2039 τοῦ
1152 1988 1300 2040 οίκου
1336 2004 1427 2039 σου
1451 2004 1464 2016 ·
1509 1987 1568 2039 οὐ
1620 2002 1841 2057 προετι-

257 2078 318 2131 Ol
328 2096 436 2150 μην
457 2079 563 2147 πρὸ
587 2078 880 2149 ὀφθαλμῶν
900 2095 1000 2147 μου
1022 2079 1255 2149 πρᾶγμα
1276 2079 1591 2147 παράνομον
1622 2076 1843 2129 Ποιοῦν-

254 2186 358 2232 τας
404 2169 747 2240 παραϐάσεις
807 2169 1066 2239 ἐμίσησα.
1108 2171 1219 2221 Οὐκ
1270 2169 1532 2238 ἐκολλήθη
1583 2186 1669 2237 μοι
1706 2184 1841 2236 καρ-

253 2261 347 2314 δία
383 2260 603 2331 σκαμϐή
628 2275 642 2289 ⁸
692 2260 1030 2323 ἐκκλίνοντος
1070 2260 1116 2291 ⁸⁸
1148 2262 1240 2313 ἀπ’
1293 2259 1427 2329 ἐμοῦ
1470 2259 1562 2312 τοῦ
1600 2256 1837 2328 πονηροῦ

253 2351 361 2405 οὐκ
393 2351 711 2418 ἐγίνωσκον.
762 2350 866 2403 Τὸν
896 2349 1301 2403 καταλαλοῦντα
1344 2349 1520 2417 λάθρα
1563 2349 1653 2401 τὸν
1705 2349 1839 2418 πλη-

258 2441 378 2495 σίον
405 2440 449 2473 ⁸⁵
474 2440 662 2505 αὑτοῦ,
689 2441 879 2494 τοῦτον
902 2440 1183 2505 ὲξεδίωκον
1206 2456 1220 2469 ⁸
1262 2440 1598 2510 ὑπερηφάνῳ
1638 2440 1839 2507 ὀφθαλ-

259 2531 373 2604 μῷ,
413 2534 508 2585 καὶ
540 2531 805 2602 ἀπλήστῳ
852 2530 1067 2601 καρδίᾳ,
1097 2530 1305 2591 τούτοις
1339 2530 1382 2559 ⁸⁸
1423 2529 1483 2580 οὐ
1527 2529 1834 2599 συνήσθιον.

255 2624 321 2677 Oi
351 2621 620 2692 ὀφθαλμοί
671 2637 775 2690 μου
827 2622 917 2673 ἐπὶ
964 2621 1090 2683 τοὺς
1128 2622 1324 2689 πραεῖς
1353 2621 1396 2651 ⁸⁸
1432 2618 1530 2688 τῆς
1583 2620 1705 2688 γῆς,
1742 2619 1835 2671 τοῦ

257 2712 640 2781 συγκαθῆσθαι
668 2712 864 2775 αὐτοὺς
900 2712 1017 2781 μετ’
1048 2710 1181 2781 ἐμοῦ
1205 2729 1219 2742 ο
1259 2712 1621 2782 πορευόμενος
1650 2714 1706 2763 ἐν
1734 2710 1837 2781 ὀδῷ

253 2801 497 2871 ἀμώμῳ,
532 2796 683 2865 οὗτός
718 2818 809 2872 μοι
844 2800 1198 2869 ἐλειτούργει·
1224 2800 1283 2853 ού
1322 2798 1556 2869 κατῴκει
1592 2802 1648 2851 ἐν
1686 2800 1835 2869 μέσῳ

252 2889 358 2957 τῆς
385 2888 561 2952 οἰκίας
588 2906 688 2958 μου
719 2888 889 2941 ποιῶν
916 2888 1315 2959 ὑπερηφανίαν.
1359 2887 1552 2941 Λαλῶν
1580 2886 1739 2941 ἄδικα
1769 2889 1831 2940 οὗ

252 2978 590 3035 κατεύθυνεν
637 2976 868 3033 ἐνώπιον
907 2976 1014 3031 τῶν
1062 2978 1355 3048 ὀφθαλμῶν
1402 2994 1527 3048 μου.
1574 2996 1592 3030 ι
1642 2977 1739 3030 Διά
1772 2976 1829 3030 δέ

250 3069 464 3124 τούτων
494 3070 551 3123 οὐ
597 3070 754 3139 μόνον
782 3070 929 3140 ἡμᾶς
967 3066 1203 3133 ἐδίδαξεν
1251 3069 1333 3121 ὅτι
1366 3066 1708 3139 μιμήσασθαι
1739 3067 1829 3121 δυ-

251 3160 419 3215 νατὸν
444 3161 533 3214 τὸν
570 3159 820 3229 παναλκῆ
854 3159 945 3213 καὶ
988 3158 1260 3228 πάνσοφον
1291 3158 1517 3225 Κύριον,
1562 3156 1698 3209 ἀλλά
1743 3156 1834 3209 καὶ

252 3251 419 3307 αὐτὸν
450 3254 581 3322 ⁴ἡμῖν
632 3250 879 3317 ὑπέδειξε
910 3249 1001 3303 τὸν
1034 3250 1129 3318 τῆς
1176 3249 1461 3319 μιμήσεως
1504 3248 1727 3318 τρόπον.
1756 3248 1831 3299 Οὐ

253 3343 368 3415 γάρ
399 3359 478 3396 τοι
508 3341 737 3413 οὐρανὸν
768 3343 915 3412 ἡμᾶς
960 3341 1056 3394 καὶ
1089 3341 1193 3407 γῆν
1224 3339 1317 3392 καὶ
1363 3338 1514 3408 ἥλιον
1549 3338 1644 3391 καὶ
1677 3338 1833 3407 σελή-

252 3451 355 3505 νην
386 3434 479 3487 καὶ
509 3433 576 3485 τὰ
609 3432 745 3487 ἄλλα
772 3431 1123 3503 δημιουργεῖν
1154 3430 1463 3495 ἐκέλευσεν,
1496 3430 1616 3482 ούδέ
1655 3429 1833 3498 ἁπλῆν

251 3524 398 3595 ἔχειν
423 3525 516 3577 καὶ
543 3523 922 3595 άπερίγραφον
952 3521 1111 3590 φύσιν
1139 3521 1213 3585 ⁸⁷,
1248 3520 1382 3574 ἀλλὰ
1414 3520 1572 3588 μόνον
1609 3519 1829 3590 ἐχθραί-

249 3633 365 3669 νειν
386 3615 529 3686 ἅπερ
562 3616 766 3677 ἐκεῖνος
792 3613 1084 3683 μεμίσηκε,
1111 3612 1204 3664 καὶ
1239 3611 1411 3681 φιλεῖν
1448 3605 1591 3680 ἅπερ
1624 3611 1828 3673 ἐκεῖνος

248 3708 312 3779 δὴ
354 3707 499 3777 μάλα
542 3705 831 3774 πεφίληκε.
866 3701 1016 3775 [167]
1063 3702 1278 3771 Ταύτην
1324 3699 1676 3770 κατορθώσας
1731 3699 1828 3769 τὴν

248 3796 454 3868 ἀρετὴν
489 3798 516 3849 ὁ
564 3795 852 3865 προφήτης
887 3791 1021 3862 πρὸς
1053 3790 1142 3844 τὸν
1187 3790 1463 3860 Δεσπότην
1495 3789 1590 3855 ξὺν
1615 3791 1829 3861 παρρη-

250 3885 344 3955 σίᾳ
374 3884 501 3954 βοᾷ·
540 3901 555 3933 ι
600 3880 756 3950 Ἐμοὶ
792 3881 848 3934 δὲ
879 3879 999 3932 λίαν
1048 3876 1387 3947 ἐτιμήθησαν
1430 3879 1477 3930 οἱ
1523 3876 1667 3945 φίλοι
1708 3894 1823 3937 σου,

245 3978 275 4030 ὁ
304 3974 438 4036 Θεός
458 3990 471 4003 ⁸
502 3973 622 4026 λίαν
652 3969 1102 4041 ἐκραταιώθησαν
1139 3972 1195 4023 att
1226 3969 1391 4039 ἀρχα).
1421 3968 1620 4022 αὐτῶν.
1661 3987 1677 4018 ι
1721 3968 1827 4021 Καὶ

247 4065 370 4136 μετ’
402 4063 594 4131 ὀλίγα·
643 4080 661 4113 ι
696 4062 831 4131 Οὐχὶ
863 4062 988 4123 τοὺς
1035 4059 1329 4129 μισοῦντας
1362 4075 1439 4123 σε,
1473 4059 1667 4128 Κύριε,
1704 4059 1825 4129 ἐμί-

246 4172 412 4225 σησα,
442 4155 537 4207 καὶ
565 4154 656 4206 ἐπὶ
689 4156 803 4214 τοῖς
840 4152 1050 4222 ἐχθροῖς
1083 4169 1174 4205 σου
1214 4148 1583 4219 ἐξετηκόμην;
1621 4150 1826 4203 τέλειον

250 4250 413 4317 μῖσος
449 4245 673 4316 ἐμίσουν
716 4241 911 4306 αὐτούς
937 4258 951 4272 °
994 4242 1071 4303 είς
1097 4240 1325 4311 ἐχθροὺς
1371 4239 1620 4307 ἐγένοντό
1654 4257 1760 4309 μοι.
1802 4259 1819 4290 ι

245 4340 359 4393 Καὶ
384 4338 545 4390 πάλιν
568 4352 579 4365 ·
606 4333 863 4405 «Ἄνδρες
893 4334 1161 4403 αἱμάτων,
1192 4331 1472 4385 ἐκκλίνατε
1502 4332 1596 4385 ἀπ’
1628 4330 1783 4400 ἐμοῦ.
1801 4348 1818 4381 ι

1956 537 2154 599 invisa,
2197 550 2386 605 quaeve
2424 545 2579 605 grata
2622 534 2754 599 sint,
2804 532 3006 587 divina:
3044 532 3192 601 leges
3240 532 3529 589 manifeste

1953 626 2171 681 decent.
2208 625 2548 680 Clamantem
2578 625 2726 678 cnim
2754 623 3009 678 audimus
3040 622 3291 676 divinum
3319 624 3487 679 David
3514 643 3526 677 :

1961 735 1979 767 ‹
2018 715 2289 781 Quoniam
2340 731 2453 770 non
2500 717 2645 769 Deus
2687 717 2878 770 volens
2933 701 3293 783 iniquitatem.
3342 723 3398 769 tu
3446 731 3529 770 es.

1951 810 2139 878 Neque
2165 808 2436 863 habitabit
2453 809 2608 878 juxta
2631 817 2685 862 te
2710 805 3003 876 malignus,
3035 821 3217 874 neque
3238 821 3532 876 permane-

1952 900 2092 954 bunt
2141 899 2329 969 injusti
2370 907 2496 952 ante
2541 898 2733 952 oculos
2780 905 2923 952 tuos.
2956 895 3130 952 Odisti
3164 911 3357 951 omnes
3394 911 3528 967 ope-

1952 1000 2139 1046 rantcs
2177 990 2551 1060 iniquitatem,
2595 989 2795 1058 perdes
2837 1004 3030 1045 omnes
3077 990 3172 1060 qui
3224 990 3530 1060 loquuntur

1954 1083 2327 1137 mendacium.
2360 1082 2553 1137 Virum
2586 1081 2915 1151 sanguinum
2951 1088 3007 1134 et
3036 1080 3289 1134 dolosum
3317 1080 3532 1135 abomi-

1951 1174 2465 1248 nabitur_Dominus
2493 1182 2584 1225 ’.ι
2621 1171 2872 1241 Cumque
2904 1170 3260 1242 Legislatoris
3288 1171 3302 1190 ‘
3335 1169 3527 1240 dispo-

1952 1264 2207 1319 sitionem
2230 1273 2398 1333 atque
2414 1250 2679 1319 affectum
2703 1262 2760 1316 in
2787 1263 2875 1316 his
2901 1262 3086 1317 verbis
3109 1262 3382 1327 ostendat,
3416 1262 3527 1318 alio

1950 1355 2004 1409 in
2040 1354 2249 1425 psalmo
2283 1368 2574 1424 personam
2605 1354 2726 1422 ejus
2758 1352 2969 1407 inducit
3002 1353 3096 1421 qui
3126 1353 3225 1409 has
3256 1361 3416 1408 notas
3443 1352 3529 1408 di-

1948 1446 2181 1517 ligenter
2207 1444 2561 1514 expresserit,
2592 1445 2885 1498 Dominum
2913 1445 2966 1499 in
2990 1446 3106 1500 haec
3130 1445 3301 1499 verba
3325 1444 3526 1513 depre-

1948 1536 2126 1591 cantis
2164 1554 2226 1588 :1
2258 1535 2715 1590 Perambulabam
2744 1535 2798 1589 in
2834 1536 3145 1591 innocentia
3171 1534 3357 1590 cordis
3392 1534 3524 1597 mei,

1949 1627 2005 1679 in
2045 1626 2229 1685 medio
2282 1625 2479 1680 domus
2516 1636 2639 1680 ture.
2686 1626 2807 1682 Non
2856 1626 3128 1696 ponebam
3170 1634 3295 1680 ante
3332 1624 3526 1680 oculos

1948 1733 2100 1772 meos
2114 1733 2227 1769 rem
2247 1717 2503 1787 injustam
2531 1733 2543 1768 :
2570 1716 2835 1770 facientes
2853 1716 3333 1786 praevaricationes
3350 1714 3522 1791 odivi.

1944 1807 2064 1861 Non
2089 1807 2318 1861 adhaesit
2360 1807 2493 1860 mihi
2526 1822 2622 1861 cor
2660 1823 2886 1877 pravum
2918 1826 2930 1860 :
2966 1807 3337 1865 declinantem
3374 1822 3404 1860 a
3433 1821 3524 1861 me

1946 1898 2244 1967 malignum
2276 1915 2383 1952 non
2425 1899 2846 1968 cognoscebam.
2880 1898 3270 1952 Detrahentem
3308 1904 3523 1951 secreto

1943 1990 2194 2060 proximo
2233 2003 2354 2053 suo,
2398 1989 2613 2061 1014
2639 1989 2789 2045 hunc
2823 1988 3215 2060 persequebar.
3255 1985 3393 2042 Cum
3425 2001 3522 2040 su-

1943 2066 2117 2148 perbo
2144 2078 2307 2133 oculo
2336 2086 2391 2132 et
2422 2078 2719 2133 insatiabili
2754 2077 2942 2142 corde,
2971 2094 3097 2132 cum
3128 2078 3233 2131 hoc
3255 2092 3367 2130 non
3393 2075 3524 2131 ede-

1943 2169 2090 2223 bam.
2114 2166 2269 2223 Oculi
2292 2168 2399 2222 mei
2420 2166 2487 2221 ad
2514 2176 2833 2222 mansuetos
2862 2175 3042 2231 terrae,
3068 2175 3128 2220 ut
3148 2165 3378 2220 sedeant
3402 2178 3521 2219 me-

1942 2276 2103 2325 cum;
2169 2259 2459 2313 ambulans
2522 2258 2575 2312 in
2635 2259 2719 2312 via
2782 2258 3155 2321 immaculata,
3225 2256 3318 2311 hic
3382 2254 3516 2312 mihi

1941 2350 2311 2406 ministrabat.
2353 2350 2473 2405 Non
2522 2348 2809 2403 habitabat
2848 2350 2903 2402 in
2939 2348 3121 2403 medio
3147 2330 3345 2402 donius
3384 2361 3523 2401 mea:

1940 2441 2147 2495 faciens
2183 2441 2499 2510 superbiam
2538 2457 2550 2493 :
2588 2440 2683 2509 qui
2713 2440 2961 2509 loquitur
2984 2440 3207 2509 injusta,
3247 2453 3356 2493 non
3388 2451 3518 2508 pro-
3604 2504 3607 2511 λ

1940 2531 2266 2598 sperabatur
2287 2530 2340 2584 in
2365 2536 2665 2598 conspectu
2684 2530 2969 2583 oculorum
2994 2544 3243 2584 meorum
3262 2539 3311 2582 η.
3346 2548 3363 2581 ι
3390 2528 3520 2595 Qui-

1940 2616 2043 2672 bus
2080 2632 2210 2671 sane
2249 2618 2436 2672 verbis
2468 2633 2575 2671 non
2613 2618 2791 2672 solum
2826 2634 2925 2673 nos
2963 2618 3171 2683 docuit,
3216 2634 3376 2687 posse
3416 2632 3520 2673 nos

1940 2706 2140 2762 imitari
2188 2707 2635 2776 potentissimum
2689 2722 2753 2761 ac
2794 2709 3261 2778 sapientissimum
3320 2707 3514 2771 Deum,

1938 2800 2034 2854 sed
2064 2801 2241 2870 ipsum
2267 2802 2432 2856 etiam
2461 2801 2786 2856 imitationis
2812 2800 3035 2855 modum
3063 2799 3227 2854 nobis
3249 2799 3513 2855 ostendit.

1937 2889 2124 2958 Neque
2156 2891 2303 2943 enim
2335 2891 2500 2960 jussit
2527 2906 2629 2945 nos
2663 2891 2885 2951 caelum,
2914 2899 2969 2944 et
3001 2890 3195 2955 solem,
3223 2898 3280 2945 et
3306 2890 3514 2954 lunam,

1937 2986 1993 3034 et
2029 2996 2119 3035 res
2148 2981 2283 3035 alias
2308 2996 2497 3035 creare
2536 2998 2550 3032 :
2580 2995 2758 3051 neque
2786 2990 2849 3036 ut
2883 2980 3120 3050 simplici
3153 2995 3405 3035 essemus
3432 2981 3517 3035 in-

1939 3070 2465 3140 circumscriptaque
2489 3077 2691 3125 natura
2725 3087 2737 3122 :
2773 3070 2865 3125 sed
2902 3070 3019 3125 haec
3046 3072 3221 3126 solum
3258 3070 3387 3125 odio
3421 3070 3519 3125 ha-

1939 3160 2107 3226 bere,
2146 3177 2267 3231 qua:
2308 3161 2385 3215 illi
2430 3177 2597 3216 exosa
2640 3161 2885 3225 fuerunt,
2924 3170 2979 3216 et
3016 3177 3200 3217 amare
3235 3178 3356 3232 qua:
3418 3162 3519 3218 ad-

1938 3250 2169 3305 amavit.
2217 3251 2299 3305 Ad
2348 3252 2513 3321 hujus
2539 3251 2763 3306 virtutis
2788 3253 2997 3321 apicem
3041 3263 3339 3321 provectus
3376 3252 3515 3307 Pro-

1936 3343 2102 3411 pheta
2149 3342 2216 3397 ad
2261 3344 2554 3397 Dominum
2616 3344 2962 3400 conﬁdenter
3006 3347 3205 3401 clamat
3252 3364 3264 3399 :
3317 3366 3334 3396 ι
3380 3345 3512 3402 Mihi

1941 3446 2126 3489 autem
2149 3435 2309 3489 valde
2336 3436 2589 3491 honorati
2629 3446 2760 3492 sunt
2808 3436 2971 3491 amici
3005 3439 3105 3502 tui,
3144 3438 3291 3492 Deus
3316 3455 3330 3491 :
3353 3438 3514 3494 valde

1933 3523 2277 3579 confortatus
2309 3534 2394 3580 est
2422 3527 2769 3596 principatus
2792 3542 2986 3581 eorum
3016 3534 3060 3579 ο.
3100 3546 3115 3577 ι
3160 3527 3229 3582 Et
3262 3528 3462 3583 iterum
3495 3548 3511 3583 :

1941 3632 1959 3663 ‹
1988 3613 2180 3667 Nonne
2211 3616 2303 3683 qui
2338 3616 2578 3671 oderunt
2614 3626 2687 3682 te,
2717 3618 2967 3682 Domine,
2995 3617 3239 3683 oderam,
3260 3628 3317 3673 et
3348 3634 3515 3688 super

1932 3699 2187 3753 inimicos
2229 3710 2354 3755 tuos
2393 3702 2779 3757 tabescebam?
2826 3706 3078 3761 Perfecto
3119 3707 3248 3762 odio
3286 3708 3509 3762 oderam

1933 3788 2077 3853 illos,
2102 3790 2366 3846 ethostes
2391 3792 2517 3847 lacti
2543 3803 2671 3849 sunt
2692 3796 2825 3849 mihi
2864 3806 2908 3848 ρ.
2947 3816 2962 3846 ι
2991 3797 3060 3851 Et
3082 3813 3273 3852 rursus
3300 3816 3311 3852 :
3346 3818 3363 3848 ε
3395 3798 3509 3853 Viri

1931 3882 2285 3951 sanguinum,
2322 3883 2594 3938 declinate
2626 3902 2656 3940 a
2692 3902 2777 3941 me
2801 3897 2849 3941 (ι.
2886 3908 2905 3939 ι
2948 3888 3016 3942 Ει
3049 3907 3060 3942 :
3101 3908 3119 3941 ‹
3154 3890 3436 3945 Declinate
3475 3906 3507 3946 a

1931 3989 2038 4038 me,
2067 3973 2309 4044 maligni,
2335 3982 2392 4029 ct
2421 3976 2712 4030 scrutabor
2744 3976 2999 4032 mandata
3032 3978 3127 4032 Dei
3162 3979 3269 4033 mei
3299 3989 3343 4033 ι’.
3383 3999 3400 4031 ι
3442 3980 3510 4035 Et

1932 4064 2132 4119 iterum
2169 4082 2182 4117 :
2219 4084 2236 4115 ‹
2272 4065 2497 4136 Iniquos
2542 4066 2672 4120 odio
2711 4064 2903 4131 habui,
2939 4077 2994 4121 et
3033 4068 3209 4137 legem
3242 4076 3391 4123 tuam
3422 4068 3511 4124 di-

1928 4154 2034 4208 lexi
2052 4165 2095 4207 ι.
2125 4174 2141 4205 ι
2166 4154 2229 4209 Et
2261 4172 2272 4207 :
2309 4175 2325 4206 ‹
2358 4155 2644 4222 Quomodo
2664 4156 2829 4211 dilexi
2849 4157 3024 4227 legem
3048 4167 3220 4224 tuam,
3241 4159 3501 4215 Domine!

1930 4254 2041 4299 tota
2082 4246 2171 4302 die
2203 4247 2489 4302 meditatio
2512 4263 2633 4302 mea
2664 4257 2748 4302 est
2784 4251 2822 4301 ι.
2865 4269 2882 4300 ι
2917 4249 3024 4304 Et:
3064 4267 3083 4299 ς
3118 4248 3292 4315 Quam
3322 4250 3505 4307 dulcia

1928 4334 2183 4389 faucibus
2213 4338 2351 4392 meis
2383 4336 2601 4404 eloquia
2635 4338 2765 4391 tua!
2796 4353 2964 4407 super
2997 4338 3103 4393 mel
3132 4339 3215 4392 ori
3244 4354 3368 4393 meo
3392 4351 3440 4394 ιι.
3476 4360 3494 4392 ι

246 4430 359 4483 Καὶ
390 4423 549 4490 αὖθις
571 4444 584 4458 ·
614 4446 630 4478 ι
654 4424 968 4479 Ἐκκλίνατε
1004 4424 1098 4477 ἀπ’
1130 4422 1267 4494 ἐμοῦ
1296 4423 1340 4455 ⁸⁸
1372 4423 1821 4493 πονηρευόμενοι,

1942 4426 2048 4480 Μία
2094 4426 2181 4480 his
2223 4426 2398 4480 multo
2443 4427 2603 4496 plura
2646 4429 2699 4482 in
2756 4428 2948 4483 eodem
3004 4430 3212 4499 psalmo
3256 4430 3501 4500 reperire

244 4520 345 4575 καὶ
378 4519 716 4589 ἐξερευνήσω
746 4517 840 4579 τὰς
879 4515 1100 4579 ἐντολὰς
1151 4513 1243 4568 τοῦ
1302 4513 1436 4567 Θεοῦ
1492 4530 1615 4583 μου.
1652 4533 1669 4564 ›
1714 4514 1824 4567 Καὶ

1942 4523 2010 4569 ist
2040 4533 2052 4569 :
2079 4515 2239 4585 plena
2279 4523 2363 4569 est
2402 4516 2548 4570 enim
2587 4518 2876 4587 prophetia
2918 4518 3128 4589 1015
3162 4519 3267 4574 hoc
3303 4536 3501 4591 genere

245 4610 413 4666 πάλιν
440 4612 483 4643 ⁸⁹
510 4628 522 4641 ·
554 4628 571 4661 ι
599 4607 957 4679 Παρανόμους
1005 4607 1265 4676 ἐμίσησα,
1296 4606 1385 4658 τὸν
1418 4604 1473 4657 δὲ
1522 4606 1685 4675 νόμον
1729 4620 1820 4657 σου

1942 4607 2205 4664 Ιοριτίιιω.
2238 4606 2414 4662 Moses
2443 4623 2663 4678 quoque
2682 4608 2966 4679 legislator
2992 4609 3045 4662 in
3072 4610 3287 4681 legibus
3310 4621 3499 4667 osten-

240 4704 527 4775 ἠγάπησα.
564 4722 581 4753 ι
632 4701 739 4754 Καὶ
772 4701 963 4753 πάλιν·
1005 4720 1021 4752 ι
1076 4698 1161 4763 Ὠς
1209 4700 1475 4770 ἠγάπησα
1522 4700 1615 4753 τὸν
1658 4699 1820 4768 νόμον

1942 4700 2001 4754 lit
2043 4699 2177 4771 quid
2204 4700 2317 4754 Deo
2348 4700 2733 4755 universorum
2766 4702 3001 4771 placeat,
3040 4710 3095 4756 et
3133 4701 3265 4772 quid
3307 4716 3499 4757 rursus

244 4772 365 4855 σου,
398 4772 606 4862 Κύριεί
648 4791 775 4862 ὅλην
823 4790 924 4860 τὴν
979 4790 1190 4861 ἡμέραν
1225 4789 1424 4861 μελέτη
1471 4807 1574 4859 μου
1622 4789 1757 4841 ἐστί.
1794 4806 1811 4838 ι

1942 4791 2045 4846 ιάίο
2070 4790 2293 4845 habeat.
2313 4790 2394 4845 Ad
2417 4791 2533 4846 haec
2555 4790 2742 4857 Isaias,
2761 4791 3119 4856 etJeremias,
3141 4800 3198 4845 et
3215 4791 3495 4857 Ezechiel,

241 4887 385 4939 Καί·
417 4885 543 4947 «Ὡς
594 4883 801 4952 γλυκέα
842 4882 917 4953 τῷ
961 4880 1193 4952 λάρυγγί
1241 4899 1343 4951 μου
1384 4882 1451 4934 τὰ
1492 4881 1647 4950 λὸγιά
1686 4878 1813 4933 ceu!

1942 4892 1974 4938 ιι
2003 4882 2212 4943 Daniel,
2244 4892 2300 4940 et
2324 4882 2504 4937 omnis
2532 4883 2925 4953 prophetarum
2958 4879 3170 4938 chorus
3184 4884 3289 4939 hoc
3310 4898 3493 4939 rerum

305 5060 346 5090 ⁸³
382 5060 524 5117 Psal.
556 5076 609 5126 ν,
641 5060 753 5116 5-7.
825 5068 859 5130 κη
888 5060 1030 5130 Psal.
1065 5076 1113 5122 ε,
1146 5059 1259 5114 2-7.
1339 5071 1360 5092 °
1392 5062 1532 5118 Psal.
1566 5078 1825 5130 cxxxvm,

1942 5108 1943 5113 η
2022 5073 2047 5113 τ’
2078 5063 2211 5119 ibid.
2244 5062 2335 5128 2|,
2366 5063 2456 5118 29..
2532 5073 2558 5113 τι
2592 5062 2726 5118 ibid.
2762 5063 2849 5118 l9.
2933 5074 2953 5100 τ
2984 5064 3125 5120 Psal.
3158 5078 3341 5129 cxvni,
3370 5063 3488 5116 H5.

236 5130 259 5160 '
288 5130 425 5186 ibid.
461 5132 582 5184 “3.
669 5134 686 5167 ι
726 5129 862 5184 ibid.
894 5129 961 5182 97
1070 5138 1093 5165 ιι
1128 5130 1263 5184 ibid.
1299 5130 1417 5185 105.

1494 5259 1498 5263 ’
1559 5267 1791 5325 VARUE
1832 5266 2233 5325 LECTIONES.

344 5407 390 5438 ³⁸
423 5399 946 5474 ἐχθραίνειςμρμοίως
994 5401 1157 5474 ἐχθρΣ
1278 5470 1288 5474 _
1324 5401 1380 5474 ⁸Ϋέ
1410 5398 1688 5474 [_xalLom.
1862 5403 1906 5435 ⁸⁷
1936 5403 2185 5474 ἀνομίαν.
2218 5400 2432 5474 ἀδικίμν
2452 5401 2529 5474 _D.
2606 5402 2651 5434 ⁸⁸
2673 5402 2754 5456 οὐ.
2796 5401 2915 5474 ούδέ
2940 5402 3025 5474 _D.
3089 5402 3134 5435 ⁸⁸
3163 5402 3390 5474 πάντας.
3423 5420 3487 5459 κε

236 5467 562 5543 adnue-1).
697 5467 920 5543 Ιςύριος.
953 5467 1174 5543 additi)
1200 5470 1310 5539 ἐγὼ
1327 5471 1396 5543 Αθέ
1413 5467 1480 5525 ’ἐν
1630 5472 1824 5543 πλήθει
1877 5473 1969 5525 τοῦ
1997 5467 2178 5535 ἐλέους
2215 5488 2307 5524 σου
2345 5467 2635 5543 ἐλεύσομαι
2683 5474 2761 5543 είς
2786 5467 3058 5543 τὸνλοῖκόν
3096 5489 3206 5525 σου.
3248 5542 3253 5543 ν
3294 5472 3335 5504 ⁶¹
3367 5473 3489 5527 τού-

235 5562 380 5607 τους.
415 5541 603 5612 τούσδε
632 5541 696 5612 D.
725 5540 890 5612 Sirm.
1000 5540 1043 5571 ⁶¹
1078 5541 1177 5612 τῆς
1211 5541 1456 5612 καρδίας.
1499 5540 1594 5610 τῆς
1616 5540 1735 5595 om.
1760 5542 1874 5596 D."
1904 5543 2260 5605 ἐκκλίνοντος.
2322 5540 2663 5612 ἐκκλίνοντας
2701 5541 2789 5612 οη
2876 5541 3039 5612 “_cbv
3093 5542 3336 5611 πλησίον.
3380 5543 3489 5595 τῶν

234 5614 461 5682 πλησίον
500 5611 577 5682 1).
625 5681 633 5682 7
676 5611 720 5682 ⁶Α⁸
744 5609 982 5682 τούτοις.
1010 5609 1191 5682 Δτούτῳ
1226 5609 1481 5682 Ι),”8ἱι“πι,
1562 5612 1855 5682 ⁸⁸πρσεῖς.
1892 5614 2115 5675 πιστοὺς
2142 5612 2204 5666 D.
2317 5612 2361 5643 ⁶⁷
2398 5611 2577 5679 φύσιν.
2604 5611 2700 5682 τὴν
2726 5610 2884 5679 φύσιν
2919 5610 2983 5674 1),
3014 5612 3105 5680 qui
3126 5609 3194 5682 _v.
3228 5626 3345 5682 seq.
3372 5626 3483 5682 om.

233 5678 463 5745 ἐκεῖνος.
538 5680 583 5713 ⁸³
612 5678 706 5733 ἀπ’
737 5678 1073 5750 ἐμοῦ.Αι1(1ἱι
1098 5680 1140 5734 D
1166 5678 1364 5745 πάντες
1399 5684 1446 5734 οἱ
1474 5678 1827 5753 ἐργαζόμενοι
1854 5684 1950 5753 τὴν
1975 5683 2223 5753 ἀνομίαν.
2252 5682 2342 5735 καὶ
2371 5678 2550 5736 πάλιν·
2582 5678 2861 5735 summa
2899 5682 2993 5736 ἀπ’
3017 5678 3172 5751 ἐμοῦ.
3251 5678 3488 5737 "eam

233 5767 345 5807 om.
376 5752 419 5807 D
455 5760 513 5807 et
536 5750 662 5807 ὃλην
694 5779 763 5790 -
785 5766 883 5807 μου
918 5751 1053 5804 ἐστι.

233 5767 345 5810 om.
376 5752 419 5807 D
455 5760 513 5807 et
536 5751 662 5821 ὃλην
694 5779 763 5790 -
784 5766 883 5821 μου
918 5751 1053 5804 ἐστι.
