4088 6318
676 321 701 385 1
712 320 814 385 127

1664 320 2147 381 THEODORETI
2186 320 2521 381 EPISCOPI
2560 318 2923 379 CYRENSIS

3774 322 3927 384 1128

670 422 967 482 discrimen
996 440 1096 481 nos
1140 425 1347 481 docuit.
1392 423 1519 495 ipse
1547 424 1715 479 etiam
1747 425 1965 479 illorum
2003 426 2146 480 Deus
2174 424 2228 479 in

2336 424 2474 495 ὑπὲρ
2518 424 2639 495 μέλι
2672 424 2716 455 ⁷⁹
2746 423 2823 493 τῷ
2865 423 3093 492 στόματί
3121 441 3243 494 μου.
3283 444 3302 474 ι
3340 425 3454 478 Kal
3503 424 3669 497 ἕτερα
3700 427 3762 480 δὲ
3808 446 3923 482 των

672 515 981 586 Evangeliis
1011 517 1088 570 ait
1120 533 1132 569 :
1166 536 1183 567 ι
1216 516 1335 571 Non
1360 515 1539 570 omnis
1567 516 1658 584 qui
1681 514 1881 570 dixerit
1903 519 1919 537 '
1946 517 2104 582 mihi,
2130 519 2234 573 Do-

674 605 844 669 mine,
899 604 1149 664 Domine.
1202 605 1429 661 intrabit
1473 606 1529 659 in
1576 620 1802 676 regnum
1833 607 1950 671 Dei,
1997 607 2091 663 sed
2140 608 2234 677 qui

673 694 868 748 fecerit
902 696 1239 749 voluntatem
1266 696 1442 750 Patris
1473 696 1579 749 mei
1622 695 1715 764 qui
1747 696 1801 750 in
1828 698 1982 752 cmlis
2010 708 2095 754 est
2120 707 2167 755 '.
2207 718 2225 751 ι

673 784 740 837 Et
770 801 783 835 :
823 802 842 834 ι
880 782 983 850 Qui
1021 786 1213 839 fecerit
1242 794 1299 839 et
1329 784 1598 849 docuerit,
1641 786 1731 840 hic
1762 802 1989 858 magnus
2017 789 2235 844 vocabi-

674 881 762 925 tur
796 872 852 927 in
893 889 1062 944 regno
1102 873 1366 929 coriorum
1406 882 1451 927 ι.
1485 892 1503 924 ι
1565 874 1634 932 Ει
1665 900 1677 927 .
1715 893 1733 925 ι
1767 873 1870 941 Qui
1908 876 2087 947 diligit
2123 893 2230 944 me,

672 965 927 1018 mandata
957 980 1075 1018 mea
1111 964 1351 1019 servabit
1373 974 1421 1020 1.
1457 985 1474 1015 ι
1504 966 1564 1019 In
1592 967 1850 1035 parabola
1871 969 2035 1023 etiam
2060 969 2233 1023 talen-

672 1060 852 1106 torum
886 1062 1112 1107 testatus
1138 1059 1221 1106 est
1255 1061 1300 1114 ³.
1336 1069 1394 1107 se
1423 1068 1533 1107 non
1563 1056 1740 1109 solum
1772 1055 2000 1110 totidem
2027 1056 2233 1125 repeti-

672 1151 855 1196 turum
898 1143 1043 1212 quod
1090 1142 1266 1208 dedit,
1327 1145 1421 1199 sed
1466 1144 1623 1199 fenus
1660 1147 1825 1201 etiam
1867 1156 2229 1201 exacturum:

668 1232 813 1301 quod
849 1233 942 1301 qui
973 1233 1201 1288 reddere
1237 1249 1346 1289 non
1379 1236 1642 1305 potuerit,
1692 1237 1841 1290 hunc
1880 1237 2043 1291 sortis
2088 1237 2235 1292 dono

594 1314 599 1317 ’
669 1324 943 1393 privatum
966 1324 1320 1393 vinctumque
1338 1324 1393 1378 in
1418 1325 1670 1379 tenebras
1692 1326 2235 1393 demissurum.Quin

669 1424 727 1468 et
766 1414 1008 1484 virgines
1044 1415 1162 1468 illas
1191 1431 1312 1484 qua:
1352 1414 1627 1471 sufﬁciens
1673 1419 1854 1470 oleum
1882 1432 1993 1471 non
2030 1418 2231 1473 attule-

671 1512 811 1564 rant,
850 1511 1001 1556 extra
1032 1503 1328 1559 thalamum
1356 1504 1599 1573 reliquit,
1640 1506 1803 1574 idque
1832 1522 1958 1561 cum
1992 1508 2234 1579 virgines

668 1605 763 1645 eas
787 1602 1010 1645 vocaret
1035 1604 1081 1645 α.
1112 1592 1269 1646 illum
1297 1593 1462 1647 etiam
1491 1595 1585 1663 qui
1616 1594 1841 1649 indutus
1874 1606 1994 1651 erat
2022 1606 2233 1652 vestem

669 1681 875 1750 nuptiis
909 1682 1131 1738 minime
1160 1692 1576 1753 congruentem,
1598 1685 1809 1755 nuptiis
1830 1688 2066 1743 exclusit
2098 1703 2233 1743 con-

2335 515 2639 585 εἰρημένων
2663 513 3040 567 πολλαπλάσια
3062 514 3212 584 εὖροι
3242 531 3325 577 τις
3349 515 3415 568 ἂν
3444 516 3503 566 ἐν
3519 517 3647 585 τῇδε
3670 520 3736 586 τῇ
3778 518 3899 587 uel.

2333 607 2500 677 ῳδίᾳο
2533 606 2785 676 ἔμπλεως
2845 606 2954 676 γὰρ
2987 606 3019 675 ἠ
3065 590 3371 677 προφητεία
3400 607 3502 676 τῆς
3536 609 3804 678 τοιαύτης
3836 609 3922 662 δι-

2333 696 2649 759 δασκαλίας.
2672 695 2783 748 Καὶ
2820 696 3061 766 Μωῦσῆς
3083 695 3139 749 δὲ
3160 696 3188 748 δ
3220 695 3515 767 νομοθέτης
3542 697 3827 751 δείκνυσιν
3862 702 3921 752 ἓν

2332 789 2445 850 τοῖς
2489 790 2675 857 νόμοις
2717 786 2771 838 τί
2820 786 2917 855 μὲν
2966 786 3196 857 ἀρέσκει
3248 786 3326 856 τῷ
3358 787 3466 842 τιῖιν
3510 788 3650 841 ὅλων
3682 787 3834 858 Θεῷ,
3868 790 3922 840 τί

2333 876 2377 930 δ’
2409 873 2477 931 αὗ
2526 876 2689 932 πάλιν
2737 875 3015 947 ἑχθραίνει
3041 876 3109 931 ⁷⁸.
3138 877 3249 929 Καὶ
3293 876 3475 946 μέντοι
3521 879 3616 931 καὶ
3658 878 3919 943 Ἡσαΐας,

2334 967 2429 1021 καὶ
2464 967 2759 1037 Ἱερεμίας,
2788 966 2881 1021 καὶ
2919 965 3203 1036 Ἰεζεκιὴλ,
3234 962 3328 1021 καὶ
3356 967 3576 1039 Δανιὴλ,
3608 969 3708 1023 καὶ
3743 972 3866 1033 πᾶς
3892 973 3921 1023 ὁ

2335 1057 2445 1112 τῶν
2480 1056 2774 1127 προφητῶν
2807 1056 2967 1127 χορὸς
2998 1058 3205 1127 ταύτην
3227 1059 3377 1127 ἡμᾶς
3401 1060 3499 1127 τὴν
3527 1058 3802 1129 διαφορὰν
3832 1061 3921 1124 ἑξ-

2335 1148 2644 1204 επαίδευσε.
2704 1148 2813 1204 Καὶ
2851 1147 3015 1210 αὐτὸς
3068 1147 3124 1201 δὲ
3153 1149 3181 1200 ὁ
3208 1142 3413 1202 τούτων
3446 1148 3579 1212 Θεὸς
3613 1150 3660 1180 ’³
3693 1152 3751 1202 εν
3800 1154 3919 1214 τοῖς

2335 1236 2689 1305 Εὑαγγελίοις
2723 1236 2825 1307 ἔφη
2851 1253 2866 1268 ο
2922 1254 2940 1286 ι
2980 1237 3053 1289 Ub
3088 1240 3197 1300 πᾶς
3241 1240 3270 1291 6
3314 1235 3487 1305 λέγων
3537 1256 3651 1309 μοι.
3707 1238 3922 1309 Κύριε.

2334 1329 2539 1400 Κύριε,
2585 1326 2951 1382 εἰσελεύσεται
2991 1328 3071 1391 είς
3115 1328 3215 1397 τὴν
3260 1326 3535 1397 βασιλείαν
3570 1328 3705 1406 [τοᾷ
3742 1330 3914 1396 Θεοῦ,

2332 1420 2447 1473 ἀλλ’
2480 1422 2509 1474 ὀ
2531 1419 2698 1473 ποιῶν
2719 1419 2779 1472 τὸ
2800 1418 3015 1489 θέλημα
3040 1417 3135 1470 τοῦ
3165 1418 3375 1488 Πατρός
3400 1435 3500 1489 μου
3528 1420 3627 1472 τοῦ
3661 1421 3719 1471 ὲν
3742 1422 3918 1490 adpa-

2334 1512 2462 1573 νοῖς.
2492 1528 2510 1560 ι
2550 1511 2657 1563 Καὶ
2690 1508 2885 1563 πάλιν·
2930 1528 2948 1560 ι
3000 1509 3058 1561 '0
3087 1510 3319 1579 ποιήσας
3349 1510 3441 1561 καί
3462 1508 3702 1573 διδάξας.
3733 1512 3920 1581 μέγα-ς

2333 1599 2667 1670 κληθήσεται
2718 1602 2775 1652 ὲν
2828 1602 2895 1670 τῇ
2952 1598 3239 1671 βασιλείᾳ]
3276 1599 3385 1651 τῶν
3427 1600 3698 1670 οὐρανῶν.
3731 1620 3749 1651 ι
3805 1603 3919 1656 Kal.

2334 1692 2497 1748 πάλιν
2518 1708 2533 1723 υ
2553 1710 2570 1741 ι
2594 1690 2651 1743 '0
2678 1690 2909 1757 ἀγαπῶν
2940 1707 3006 1760 με
3027 1689 3128 1752 τὰς
3159 1689 3380 1752 ἐντολάς
3406 1706 3507 1760 μου
3538 1692 3769 1761 τηρήσει
3794 1692 3866 1743 ⁷³.
3889 1709 3909 1743 ι

666 1772 926 1843 vivioque
952 1773 1134 1843 abegit
1160 1774 1223 1839 b;
1255 1784 1311 1828 et
1347 1782 1526 1829 tamen
1568 1776 1657 1831 ille
1693 1793 1801 1831 non
1832 1788 2025 1848 sponte
2052 1796 2110 1835 se
2146 1779 2231 1833 in-

2336 1782 2442 1834 Kal.
2474 1779 2656 1848 μέντοι
2680 1781 2784 1833 κάν
2806 1781 2873 1848 τῇ
2891 1778 3197 1850 ,παραϐολῇ
3234 1778 3344 1830 τῶν
3376 1778 3655 1832 ταλάντων
3683 1778 3914 1845 ἔδειξεν,

668 1878 883 1933 gerens,
910 1864 1003 1918 sed
1029 1873 1253 1918 vocatus
1278 1865 1556 1934 ingressus
1580 1875 1665 1920 est
1701 1884 1714 1921 :
1743 1868 1838 1922 sed
1863 1870 1990 1938 quia
2021 1884 2088 1923 ex
2119 1870 2233 1924 sola

670 1955 855 2024 sponsi
892 1955 1223 2009 liberalitate
1258 1956 1558 2009 accersitus
1592 1966 1799 2011 vestem
1837 1974 1947 2011 non
1981 1960 2231 2023 mutavit,

671 2044 875 2099 idcirco
898 2061 961 2099 ea
985 2059 1276 2114 perpessus
1296 2054 1381 2100 est
1424 2062 1543 2116 qua:
1566 2062 1859 2116 perpessus
1881 2057 1984 2105 est.
2001 2048 2150 2123 'Hinc
2177 2057 2234 2103 et

670 2133 967 2202 Apostolus
999 2151 1010 2184 :
1043 2152 1060 2185 ι
1091 2134 1429 2199 Voluntarie,
1475 2136 1674 2205 inquit,
1701 2136 2057 2205 peccantibus
2074 2137 2235 2192 nobis

670 2233 795 2293 post
819 2232 1097 2293 acceptam
1131 2225 1387 2281 notitiam
1415 2225 1543 2281 doni
1571 2226 1765 2290 divini,
1796 2228 1905 2297 jam
1933 2243 2041 2281 non
2070 2229 2235 2283 relin-

670 2314 861 2383 quitur
907 2328 1006 2382 pro
1051 2323 1275 2383 peccato
1322 2314 1647 2370 sacriﬁcium
1686 2333 1699 2368 :
1736 2318 1996 2372 terribilis
2050 2330 2235 2374 autem

668 2402 916 2470 quaedam
953 2403 1164 2473 1016
1196 2402 1532 2472 exspectatio
1551 2402 1768 2473 judicii,
1794 2412 1849 2458 et
1872 2404 2011 2475 ignis
2029 2405 2232 2470 fervor,

669 2492 764 2561 qui
825 2501 1252 2562 consumpturus
1295 2502 1380 2547 est
1427 2492 1773 2548 adversarios
1814 2503 1859 2546 ο.
1904 2512 1922 2545 ι
1975 2494 2111 2548 Tum
2165 2495 2233 2550 ab

670 2582 921 2651 exemplo
942 2582 1106 2636 verba
1140 2582 1471 2636 conﬁrmans
1506 2600 1517 2634 :
1562 2601 1579 2633 ι
1619 2582 1854 2647 lrritam,
1878 2583 1973 2646 ait,
1996 2583 2120 2652 quis
2151 2582 2232 2637 fa-

670 2671 823 2726 ciens
842 2673 1015 2741 legem
1042 2672 1225 2737 Mosis,
1249 2673 1367 2727 sine
1391 2674 1768 2728 misericordia
1793 2675 2010 2730 duobus
2033 2676 2117 2729 vel
2142 2676 2235 2729 tri-

674 2758 781 2812 bus
809 2761 1042 2815 testibus
1092 2761 1324 2814 moritur
1358 2779 1369 2813 :
1402 2770 1607 2829 quanto
1638 2763 1810 2832 magis
1850 2764 2056 2831 putatis
2080 2763 2234 2817 dete-

673 2848 818 2902 riora
839 2850 1034 2902 mereri
1060 2850 1347 2920 supplicia,
1367 2851 1461 2919 qui
1482 2852 1576 2904 Dei
1598 2852 1790 2905 Filium
1809 2854 2232 2917 conculcaverit,

671 2945 727 2997 ct
760 2938 853 3006 qui
884 2940 1201 3008 sanguinem
1226 2939 1561 2999 Testamenti
1606 2941 1871 3010 pollutum
1903 2941 2142 3006 duxerit,
2178 2944 2234 2997 in

670 3042 779 3095 quo
802 3030 1172 3085 sanctilicatus
1193 3036 1296 3094 est,
1316 3038 1370 3083 et
1394 3030 1620 3098 Spiritui
1645 3031 1830 3100 gratia:
1850 3033 2234 3088 contumeliam

672 3118 899 3173 fecerit?
923 3118 1135 3173 Scimus
1164 3121 1309 3174 enim
1340 3097 1446 3191 qui
1466 3122 1603 3175 dixit
1632 3097 1809 3179 {Mihi
1840 3124 2238 3195 vindicta,ego
2265 3097 2310 3155 ε

674 3209 1009 3272 retribuam,
1060 3209 1192 3264 dicit
1243 3210 1535 3274 Dominus;
1588 3218 1643 3263 et
1692 3211 1890 3266 iterum
1922 3228 1933 3268 :
1968 3212 2244 3266 Judicabit

679 3300 944 3353 Dominus
975 3300 1235 3370 populum
1268 3315 1426 3354 suum
1456 3301 1503 3355 ἀ.
1539 3321 1557 3352 ι
1605 3301 1741 3355 Tum
1777 3309 1833 3355 et
1864 3303 2072 3357 otiosos
2097 3304 2245 3357 iner-

677 3400 866 3458 tesque
892 3398 1185 3457 perterret,
1210 3390 1399 3444 dicens
1426 3408 1437 3443 :
1472 3410 1489 3441 ι
1519 3392 1865 3448 llorrendum
1888 3370 1971 3447 est
2001 3393 2244 3447 incidere

672 3480 729 3535 in
786 3494 982 3533 manus
1032 3480 1128 3532 Dei
1178 3480 1415 3534 viventis
1462 3492 1505 3532 ε.
1559 3501 1575 3531 ι
1630 3482 1698 3535 Ει
1761 3496 1958 3536 rursus
2004 3483 2243 3541 clamat:

680 3591 698 3621 ι
730 3570 932 3626 Omnes
959 3572 1217 3625 sistemur
1256 3581 1382 3626 ante
1423 3573 1661 3629 tribunal
1693 3572 1917 3637 Christi,
1949 3581 2009 3626 ut
2037 3572 2237 3631 referat

674 3682 1049 3751 unusquisque
1072 3681 1291 3749 propria
1317 3682 1572 3751 corporis
1596 3690 1759 3754 prout
1787 3682 1974 3751 gessit,
1997 3683 2111 3737 sive
2136 3682 2235 3736 bo-

673 3787 826 3833 num,
861 3772 976 3826 sive
1008 3772 1208 3825 malum
1248 3772 1289 3825 ί.
1324 3790 1341 3822 ι

2334 1870 2408 1932 ὡς
2429 1870 2491 1922 ού
2534 1872 2694 1939 μόνον
2746 1863 2823 1922 ὧν
2876 1868 3107 1922 δέδωκεν
3164 1870 3459 1939 ἀπαιτήσει
3492 1868 3583 1921 τὸν
3643 1870 3913 1940 ἀριθμὸν,

2335 1960 2473 2014 ἀλλά
2501 1961 2596 2013 καὶ
2620 1961 2719 2030 τὴν
2761 1959 3024 2031 ἐργασίαν
3048 1959 3094 2017 ⁷ξ
3120 1957 3473 2030 εἰσπράξεται
3495 1974 3509 1988 ’
3542 1959 3640 2012 καὶ
3666 1960 3759 2011 τὸν
3784 1960 3918 2012 ταύ-

2334 2073 2433 2126 την
2481 2057 2581 2109 οὐκ
2628 2056 2843 2126 ἔχοντα.
2870 2053 3166 2124 γυμνώσας
3214 2057 3313 2124 τῆς
3360 2055 3607 2124 χάριτος,
3651 2055 3728 2125 τῷ
3759 2055 3917 2123 ζόςῳ

2336 2149 2651 2221 παραδώσει
2682 2149 3077 2218 πεπεδημένον.
3114 2148 3225 2201 Καὶ
3262 2149 3359 2211 τὰς
3389 2148 3696 2219 παρθένους
3728 2150 3786 2201 δὲ
3817 2148 3916 2212 τάς

2336 2240 2541 2311 ἀρκοῦν
2572 2242 2671 2293 οὐκ
2700 2240 2993 2310 ἐσχηκυίας
3033 2240 3094 2292 τὸ
3132 2238 3312 2292 ἔλαιον
3345 2239 3452 2303 ἐξω
3496 2239 3593 2293 τοῦ
3620 2240 3917 2307 νυμφῶνος

2336 2333 2596 2390 κατέλιπε
2624 2333 2691 2396 ⁷⁸,
2728 2332 2824 2384 καὶ
2870 2330 3043 2384 ταῦτα
3082 2329 3383 2401 παρθένους
3426 2330 3629 2384 καλῶν.
3664 2332 3776 2383 Καὶ
3824 2330 3917 2383 τὸν

2335 2423 2539 2492 ἐσθῆτα
2562 2421 3030 2492 περιϐεϐλημένον
3064 2422 3160 2489 οὐχ
3194 2420 3573 2490 ἁρμόττουσαν
3603 2422 3770 2489 γάμῳ
3805 2421 3916 2473 τῶν

2334 2512 2671 2582 δαιτυμόνων
2696 2510 2949 2581 ἐχώρισε,
2984 2512 3080 2565 καὶ
3107 2512 3205 2582 τῆς
3233 2512 3467 2582 εὐωχίας
3494 2511 3726 2582 ἐξήλασε
3745 2530 3758 2542 ·
3797 2513 3917 2565 καί-

2334 2617 2417 2653 τοι
2450 2599 2671 2669 κληθεὶς
2700 2600 2744 2632 "
2785 2599 3302 2669 εἱσελήλυθεν,.ἀλλ’
3333 2601 3435 2652 ούκ
3463 2601 3772 2669 αὐτόματος
3804 2603 3917 2653 είσ-

2337 2692 2643 2761 επήδησενο
2682 2689 2797 2743 ἀλλ’
2842 2692 3028 2762 ἐπειδὴ
3055 2691 3144 2744 διὰ
3184 2692 3349 2760 μόνην
3378 2690 3474 2762 τὴν
3519 2692 3611 2744 τοῦ
3668 2694 3907 2762 νυμφίου

2338 2780 2649 2849 φιλοτιμίαν
2674 2780 2993 2841 ἀπολαύσας
3027 2783 3125 2849 τῆς
3156 2780 3399 2852 κλήσεως
3430 2782 3529 2833 οὐκ
3575 2783 3778 2851 ήμειψε
3812 2783 3910 2854 τὴν

2338 2872 2552 2940 στολὴν,
2587 2872 2787 2925 ἔπαθεν
2837 2872 2980 2942 ἅπερ
3015 2872 3205 2927 ἔπαθε.
3256 2872 3355 2925 Διὰ
3384 2872 3540 2926 τοῦτο
3568 2876 3664 2925 καὶ
3713 2877 3741 2925 ὁ
3771 2875 3914 2939 θεῖος

2350 2962 2667 3022 ’Λπόστολος
2696 2962 2939 3033 κέκραγε
2973 2962 3145 3031 λέγων
3166 2977 3178 2990 ·
3212 2980 3229 3012 ι
3252 2963 3556 3026 Ἑκουσίως
3585 2966 3695 3035 γὰρ
3734 2966 3917 3034 ἁμαρ,

2339 3050 2605 3103 τανόντων
2638 3050 2795 3119 ἡμῶν
2830 3051 2967 3121 μετά
3003 3051 3064 3103 τὸ
3113 3050 3297 3105 λαϐεῖν
3330 3052 3428 3123 τὴν
3477 3053 3776 3120 ιπίγνωσιν
3819 3056 3917 3123 τῆς

2342 3138 2490 3202 θείας
2520 3141 2725 3210 δωρεᾶς
2748 3141 2813 3207 ⁷⁷,
2853 3142 3035 3195 οὐκέτι
3067 3143 3197 3213 περὶ
3245 3143 3516 3213 ἁμαρτίας
3554 3144 3918 3198 ἀπολείπεται

2340 3230 2518 3293 θυσία,
2557 3230 2765 3301 φοϐερὰ
2821 3230 2877 3283 δέ
2933 3248 3015 3293 τις
3058 3232 3251 3301 ἐκδοχὴ
3300 3232 3553 3301 κρίσεως,
3601 3234 3695 3286 καὶ
3745 3234 3919 3305 πυρὸς

2340 3320 2499 3389 ζῆλος
2535 3321 2734 3373 ἐσθίειν
2774 3320 2983 3391 μέλλων
3022 3322 3067 3353 ⁷⁸
3106 3323 3233 3385 τοὺς
3286 3323 3667 3386 ὑπεναντίους.
3714 3344 3732 3376 ι
3784 3323 3918 3380 Εἶτα

2292 3428 2296 3433 ·
2341 3411 2404 3461 ὲκ
2434 3408 2875 3479 παραδείγματος
2899 3407 3048 3461 τόνδε
3085 3407 3341 3477 κρατύνει
3374 3407 3466 3461 τὸν
3496 3408 3653 3477 λόγον
3672 3424 3688 3439 ο
3720 3429 3738 3461 ι
3761 3409 3918 3463 ’Δθεο

2341 3502 2514 3570 τήσας
2561 3518 2643 3563 τις
2696 3501 2858 3569 νόμον
2918 3500 3201 3563 Μωῦσέως
3254 3492 3423 3570 χωρὶς
3466 3501 3771 3570 οίκτιρμῶν
3826 3502 3918 3554 ἐπὶ

2342 3592 2494 3644 δυσὶν
2527 3591 2560 3659 ἢ
2592 3592 2739 3659 τρισὶ
2794 3592 3059 3662 μάρτυσιν
3106 3592 3460 3663 ἀποθνήσκει.
3513 3592 3674 3661 Πόσῳ
3708 3592 3917 3645 δοκεῖτε

2343 3680 2585 3750 χείρονος
2615 3680 2979 3749 ἀξιωθήσεται
3005 3681 3273 3751 τιμωρίας
3302 3684 3330 3733 ὁ
3360 3682 3449 3735 τὸν
3494 3681 3622 3733 Υἰδν
3648 3680 3746 3735 τοῦ
3779 3681 3917 3734 θεοῦ

2344 3771 2756 3837 καταπατήσας,
2789 3771 2882 3822 καὶ
2908 3769 2968 3821 τὸ
2998 3764 3134 3839 αἷμα
3160 3772 3257 3841 τῆς
3286 3771 3547 3841 διαθήκης
3571 3771 3748 3824 κοινὸν
3773 3772 3915 3841 ἡγη-

678 3865 934 3933 σάμενος,
960 3869 1016 3918 ὲν
1042 3860 1085 3933 ᾧ
1110 3864 1368 3935 ἡγιάσθη,
1406 3864 1499 3916 καὶ
1534 3864 1592 3915 τὸ
1638 3862 1861 3933 Πνεῦμα
1886 3866 1983 3932 τῆς
2012 3865 2233 3934 χάριτος
2271 3864 2589 3935 ὲνυϐρίσαςς
2656 3864 2891 3932 Οἶδαμεν
2927 3862 3037 3933 γὰρ
3102 3864 3190 3915 τὸν
3228 3865 3479 3917 εἰπόντα·
3516 3866 3670 3935 Ἐμοὶ
3702 3865 3919 3934 ἐκδίκη-

679 3971 781 4017 σις,
856 3955 965 4022 ἐγὼ
1023 3951 1418 4016 ἀνταποδώσω,
1459 3954 1605 4020 λέγει
1654 3955 1877 4024 Κύριος.
1905 3974 1923 4008 ι
1950 3955 2059 4008 Kal
2097 3954 2289 4007 πάλιν·
2337 3953 2439 4025 [ὅτι
2463 3952 2555 4024 ⁷⁸],
2590 3972 2608 4003 ι
2646 3952 3059 4024 ΚρινεῖΚύριος
3079 3954 3169 4006 τὸν
3191 3954 3315 4007 λαὸν
3353 3956 3538 4009 αὑτοῦ.
3585 3975 3602 4006 ι
3630 3951 3765 4009 Εἶτα
3791 3957 3918 4019 τοὺς

678 4044 927 4115 ῥᾳστώνῃ
952 4043 1219 4107 ξυζῶντας
1241 4042 1528 4095 δεδίττεταί
1553 4060 1610 4095 τε
1640 4044 1729 4096 καί
1762 4061 1925 4113 φησι*
1989 4042 2261 4112 «Φοϐερδν
2300 4042 2359 4093 τὸ
2399 4042 2657 4110 ἐμπεσεῖν
2707 4043 2785 4102 εἰς
2842 4044 3030 4112 χεῖρας
3079 4040 3215 4094 Θεοῦ
3289 4041 3438 4114 [168]
3480 4042 3704 4107 ζῶντος.
3741 4064 3759 4095 ι
3806 4044 3919 4097 Kal.

677 4135 901 4206 ἑτέρωθι
954 4135 1081 4204 βοᾷο
1127 4151 1145 4183 ι
1184 4135 1390 4197 Πάντες
1443 4134 1593 4205 [γάρι
1654 4135 2121 4205 παραστησόμεθα
2162 4132 2241 4203 τῷ
2281 4134 2483 4203 βήματι
2512 4129 2608 4183 τοῦ
2655 4131 2915 4202 Χριστοῦ,
2948 4132 3047 4185 ἵνα·
3099 4132 3393 4202 κομίσηται
3449 4132 3683 4199 ἕκαστος
3718 4133 3789 4187 τὰ
3830 4135 3915 4190 διὰ

676 4229 769 4284 τοῦ
824 4229 1075 4297 σώματος
1142 4227 1277 4298 πρὸς
1327 4227 1362 4280 ἃ
1412 4228 1673 4297 ἔπραξεν,
1720 4229 1831 4280 εἴτε
1880 4228 2117 4297 ἀγαθὸν,
2165 4231 2275 4283 εἴτε
2314 4228 2503 4282 κακόν.
2538 4246 2556 4279 ι

747 4319 998 4388 indigere
1036 4318 1219 4385 itaque
1251 4317 1533 4371 scientiam
1562 4319 1801 4387 practica
1836 4318 2061 4383 virtute,
2104 4318 2239 4374 satis

681 4409 817 4474 haec,
840 4409 1054 4479 opinor,
1078 4416 1308 4476 possunt
1328 4407 1639 4461 ostendere.
1657 4408 1763 4461 Sed
1784 4408 2069 4464 videamus
2109 4408 2245 4478 quid

2422 4318 2539 4370 Ὅτι
2570 4316 2667 4386 μὲν
2696 4311 2787 4371 οὖν
2818 4316 2987 4370 δεῖται
3019 4318 3050 4388 ή
3083 4316 3284 4385 γνῶσις
3311 4317 3409 4387 τῆς
3440 4319 3752 4389 πρακτικῆς
3786 4322 3916 4392 ἀρε-

2351 4409 2447 4479 τῆς
2470 4408 2629 4462 ἱκανά
2655 4409 2750 4462 καὶ
2794 4407 2969 4462 ταῦτα
2993 4408 3039 4439 ⁸⁸
3078 4407 3314 4478 δηλῶσαι
3339 4423 3377 4489 2.
3398 4408 3601 4479 ἴδωμεν
3630 4410 3688 4465 δὲ
3720 4412 3842 4464 τίνα
3871 4411 3913 4445 ⁸⁸

683 4500 750 4555 de
801 4501 888 4555 his
923 4514 1140 4569 quoque
1180 4498 1347 4553 rebus
1391 4500 1663 4552 senserint
1707 4499 2017 4555 Graecorum
2063 4498 2237 4568 philo-

2353 4498 2445 4549 καὶ
2472 4496 2637 4550 τῶνδε
2682 4497 2817 4579 πέρι
2847 4500 2962 4559 τοῖς
3012 4495 3164 4569 [τῶν]
3212 4497 3485 4579 Ἐλλήνων
3528 4497 3673 4562 εδοξε
3709 4499 3919 4567 φιλοσό-

682 4591 863 4660 sophi.
904 4591 1252 4644 Inveniemus
1293 4590 1439 4645 cnim
1474 4590 1776 4653 Platonem,
1822 4590 2067 4657 aliosque
2108 4604 2247 4644 non-

682 4683 883 4745 nullos,
910 4682 1000 4751 qui
1030 4683 1149 4751 ejus
1171 4681 1573 4750 philosophiam
1598 4683 1790 4735 sectati
1813 4681 2099 4744 sunt,huic
2122 4696 2246 4735 ser-

681 4770 830 4828 muni
853 4770 1279 4845 consentientes.
1298 4769 1349 4823 Is
1381 4769 1527 4829 enim
1563 4770 1617 4823 in
1642 4770 1863 4840 Legibus
1890 4772 1970 4830 sic
1999 4770 2245 4839 loquitur

686 4865 761 4932 (p.
789 4859 891 4914 716
912 4858 974 4929 C)
1007 4877 1019 4912 :
1058 4876 1075 4909 ι
1115 4858 1226 4911 Deo
1259 4857 1443 4927 itaque
1471 4868 1685 4930 gratum
1717 4860 2066 4929 amicumque
2098 4861 2115 4878 ‘
2142 4859 2244 4911 ho-

751 5020 780 5051 ν
810 5011 997 5066 Matth.
1029 5028 1131 5077 vn,
1160 5012 1249 5065 2|.

684 5081 714 5122 ι»
746 5080 880 5135 ibid.
910 5097 1001 5148 xx,
1050 5082 1111 5136 11
1147 5097 1299 5151 seqq.

1360 5020 1387 5048 ι
1418 5011 1604 5071 Matth.
1637 5028 1703 5077 v,
1737 5011 1822 5067 19.

1933 5018 1961 5058 1
1993 5010 2147 5065 Joan.
2205 5024 2293 5063 xlv
2315 5050 2330 5074 ,
2364 5008 2548 5065 15-25.

1393 5093 1416 5119 ε
1451 5080 1615 5137 Hebr.
1648 5098 1701 5143 χ,
1732 5082 1820 5141 ‘27.
1913 5080 1939 5119 δ
1974 5080 2108 5139 ibid.
2138 5078 2324 5135 28-30.

2350 4604 2486 4656 φοις.
2539 4578 2817 4657 Ὀψόμεθα
2853 4590 2961 4658 γάρ
2993 4604 3075 4639 τοι
3108 4587 3199 4641 τὸν
3228 4574 3493 4641 Πλάτωνα
3516 4588 3612 4641 καί
3643 4604 3797 4650 τινας
3828 4589 3918 4644 ω..

2346 4676 2490 4740 λους,
2522 4676 2621 4748 τὴν
2666 4676 2860 4731 τούτου
2904 4678 2951 4755 ξ’
2999 4676 3316 4747 φιλοσοφίαν
3368 4677 3731 4746 εζηλωκότας,
3784 4678 3917 4748 τῷδε

2349 4767 2767 4838 ξυμφωνοῦντας
2807 4767 2886 4839 τῷ
2913 4766 3084 4839 λόγῳ·
3118 4770 3212 4825 καὶ
3268 4767 3378 4839 γὰρ
3429 4768 3487 4822 ὲν
3538 4770 3650 4831 τοῖς
3705 4768 3921 4837 Νόμοις

2346 4856 2489 4914 οὕτω
2518 4858 2566 4891 ⁸⁸
2596 4858 2727 4927 φησί
2748 4874 2763 4891 ν
2799 4874 2817 4907 ι
2861 4857 2963 4911 Τὸν
3001 4853 3093 4912 οὖν
3123 4857 3202 4928 τῷ
3242 4855 3362 4927 Θεῷ
3395 4857 3664 4928 προσφιλῆ
3698 4857 3922 4927 γενόμαν

2661 5017 2683 5045 ι
2718 4972 2907 5064 Matth.
2940 5024 3046 5078 xxv
3069 5050 3083 5075 ,
3116 4982 3184 5064 l4
3212 5023 3365 5078 seqq.

2434 5008 2548 5065 -ἳό,
2661 5017 2683 5045 ³
2718 5007 2907 5064 Matth.
2940 5024 3046 5063 xxv
3069 5050 3083 5075 ,
3116 5009 3184 5064 14
3212 5023 3365 5078 seqq.
3469 5019 3494 5051 ι
3527 5008 3664 5063 ibid.
3693 5007 3718 5060 1
3755 5024 3905 5081 seqq.

2434 5088 2458 5116 ο
2489 5075 2624 5131 ibid.
2655 5078 2745 5132 21.
2859 5077 2876 5116 ί
2909 5078 2955 5132 ιι
2983 5076 3109 5132 Cor.
3142 5096 3196 5132 v.
3228 5079 3330 5132 10:
3359 5078 3487 5132 coll.
3522 5095 3639 5132 xtv.
3678 5079 3764 5132 10.

2859 5077 2876 5116 ί
2909 5078 2955 5134 ιι
2983 5076 3109 5135 Cor.
3142 5096 3196 5145 v,
3228 5076 3487 5145 10*;‘coil.
3522 5095 3639 5143 xtv,
3678 5079 3764 5132 10.

2036 5248 2267 5309 VARIA‘I
2297 5247 2697 5309 LECTIONES.

762 5397 808 5431 "
845 5396 1061 5467 paup
1093 5393 1247 5467 addit
1279 5394 1391 5467 _xal
1429 5392 1637 5467 κηρίον.
1713 5392 1755 5467 ’ξ
1790 5390 2083 5467 ἐχθραίνει.
2130 5373 2507 5467 εἰσεγθραίνιι.
2574 5386 3189 5467 ’τίτούτωνιθεόςηθεδς
3218 5389 3421 5447 τούτων
3448 5390 3514 5467 D.
3603 5395 3647 5426 "
3674 5393 3919 5467 τηρήσει.

689 5456 1089 5541 τιληρῶσειήγσ.
1166 5464 1209 5541 ’ξ
1240 5456 1653 5541 τὴν-ἔργασίσεν.
1686 5460 1792 5541 ’τὰς
1814 5456 2097 5541 ςξργασίας
2125 5456 2475 5541 -D,q‘ui'.mox
2519 5456 2676 5537 addit
2712 5457 2811 5539 τῂν
2834 5458 3140 5541 ,ιργασίαχ
3164 5470 3289 5541 post
3331 5460 3652 5541 γυμνῴσας.
3684 5456 3923 5541 ξξζκατέ.

690 5535 833 5591 λιπε.
865 5536 1148 5590 κατέλειπε
1176 5535 1238 5589 D.

691 5606 917 5675 δωρεᾶς.
969 5606 1223 5674 ἀληθείας
1252 5604 1319 5682 D_.
1427 5602 1471 5634 "
1511 5599 1737 5725 μέλλων,
1790 5600 2069 5670 μέλλοντος
2099 5599 2159 5654 D.

694 5676 906 5725 lacuna.
1014 5674 1059 5706 '°
1089 5676 1180 5725 καὶ
1216 5689 1405 5725 ταυτα.
1442 5688 1515 5725 κα
1556 5685 1666 5725 om.
1695 5670 1757 5724 D.
1834 5670 1876 5701 ⁸³
1911 5685 2051 5722 τινα.
2083 5685 2152 5720 κα

694 5676 906 5758 Lacuna.
1014 5674 1059 5706 '°
1089 5676 1180 5729 καὶ
1216 5674 1405 5727 ταῦτα.
1442 5675 1515 5725 κα

692 5741 885 5802 ὦδιι).

1350 5527 1658 5603 π’κληθείς.
1686 5532 1730 5585 D
1764 5527 1921 5603 addit
1964 5530 2059 5582 καὶ
2087 5530 2185 5603 qh):
2216 5527 2541 5603 αύτρματος,
2569 5527 2789 5603 omissis
2833 5527 2976 5582 inl’ra
3026 5527 3269 5603 (inﬁgat
3297 5527 3423 5584 aut.
3466 5533 3571 5603 cla.

3684 5530 3731 5561 τ’
3755 5530 3920 5601 θείας,

2237 5597 2279 5629 το
2308 5595 2435 5667 ‘53.]
2464 5610 2575 5649 om.
2614 5596 2677 5667 DA,
2709 5603 2765 5667 et
2805 5612 2937 5667 mox
2973 5612 3082 5652 om.
3130 5598 3421 5651 δεδίττεται
3451 5628 3521 5640 -
3554 5602 3757 5666 ζῶντος
3797 5595 3916 5665 cuni

1556 5685 1666 5726 om.
1695 5670 1757 5724 D.
1790 5663 1803 5670 ’
1834 5670 1876 5701 ⁸³
1911 5685 2051 5722 τινα.
2083 5668 2175 5720 καί
2203 5663 2323 5719 τινα
2348 5663 2486 5730 Ι),“ει
2513 5679 2623 5719 om.
2657 5663 2833 5740 [τῶνᾷ
2941 5667 2986 5700 ⁸⁸
3016 5667 3227 5723 τούτου.
3262 5667 3465 5722 τούτων
3499 5663 3596 5728 Vi,
3686 5669 3734 5703 ⁸³
3756 5663 3914 5730 οὕτω,
