4080 6370
188 437 326 508 lli")

714 436 1148 499 GRiECARUM
1186 432 1488 495 AFFECT.
1529 426 2094 490 CURATIO.—XII.
2132 427 2230 486 DE
2267 425 2605 489 VIRTUTE
2641 427 2933 490 ACTIVA.

3307 425 3444 498 1130

179 577 271 613 νον
292 559 362 625 ⁸⁵,
394 557 472 620 εἰς
502 555 730 625 δύναμιν
769 554 849 606 ὅτι
897 553 1135 622 μάλιστα
1161 549 1257 602 καὶ
1287 547 1478 601 ἑαυτὸν
1519 543 1758 598 τοιοῦτον

1863 541 2088 609 minem,
2123 555 2350 597 necesse
2374 549 2458 595 est
2481 555 2648 610 quam
2669 547 2843 609 queat
2867 538 3104 595 maxime
3128 540 3294 597 talem
3317 556 3448 599 eva-

176 651 478 720 ἀναγκατον
504 645 782 726 γίγνεσθαι
804 663 816 675 ο
842 645 937 698 καὶ
967 643 1106 696 κατὰ
1135 631 1440 692 τοῦτοντὸν
1469 637 1624 704 λόγον
1659 634 1704 666 ⁸⁵
1731 634 1757 687 ό

181 744 289 814 μὲν
316 740 543 810 σώφρων
575 736 750 807 ἡμῶν,
792 735 908 804 Θεῷ
931 734 1082 802 φίλος
1107 749 1119 761 ·
1150 733 1334 802 ὅμοιος
1376 730 1482 798 γάρ
1506 746 1517 758 ·
1544 731 1571 780 ὁ
1594 727 1650 780 δὲ
1684 726 1758 797 μὴ

177 832 441 902 σώφρων,
476 826 730 894 ἀνόμοιός
761 842 820 877 τε
844 825 938 878 καὶ
961 823 1214 892 διάφορος
1242 821 1310 873 ⁸⁸.
1349 840 1367 871 ι
1399 818 1564 872 Οὐδὲν
1581 817 1759 870 τοίνυν

175 925 394 978 ἀλλοῖον
442 919 562 973 οὐδὲ
596 909 748 979 οὗτος
793 916 1014 986 εἴρηκεν
1039 953 1054 978 ,
1101 911 1236 966 ἀλλὰ
1274 909 1622 979 ξυνομολογεῖ
1664 907 1760 961 καὶ

177 1014 367 1076 αὐτὸς,
398 1013 472 1074 ὡς
498 1007 743 1071 δυνατὸν,
783 1008 840 1058 ὲν
874 1007 995 1066 ταῖς
1041 1004 1169 1075 περὶ
1201 999 1443 1071 τάγαθοῦ
1487 997 1758 1053 διαθέσεσι

175 1105 270 1156 τὸν
306 1099 642 1168 πεποιηκότα
663 1093 1116 1167 μιμεῖσθαιΘεόν.
1149 1091 1412 1146 Ἐνταῦθα
1443 1091 1626 1161 μέντοι
1641 1088 1759 1142 σώ-

176 1207 378 1261 sopora
403 1190 462 1242 οὑ
486 1188 594 1242 τῶν
612 1187 658 1219 ⁸⁷
689 1185 894 1256 ἡδονῶν
920 1185 1146 1238 ἐκάλεσε
1177 1181 1482 1252 κρείττονα,
1512 1179 1648 1234 ἀλλὰ
1671 1179 1760 1232 τὸν

178 1285 321 1336 σῶον
355 1281 449 1334 καὶ
481 1279 665 1349 ἄρτιον
698 1277 757 1331 τὸ
795 1275 1012 1344 λογικὸν
1046 1270 1409 1326 διασώσαντα.
1460 1269 1760 1340 Παραπλήο

176 1388 271 1429 σια
301 1374 358 1427 δὲ
407 1372 512 1426 κάν
561 1369 641 1440 τῷ
690 1367 986 1436 Θεαιτήτῳ
1016 1365 1396 1433 ξυγγέγραφεν
1419 1377 1430 1391 °
1484 1361 1587 1431 ἔφη
1616 1361 1721 1433 γάρ
1744 1376 1757 1390 ⁶

180 1486 200 1518 ι
239 1465 388 1518 Ἀλλ’
419 1461 544 1516 οὔτε
570 1456 908 1514 ἀπόλλυσθαι
938 1457 1006 1510 τὰ
1035 1456 1183 1508 κακὰ
1206 1452 1453 1515 δυνατὸν,
1477 1446 1522 1508 ὦ
1557 1452 1761 1505 Θεόδω-

177 1574 239 1628 ρε
261 1571 274 1584 ·
305 1552 624 1609 ὑπεναντίον
652 1549 763 1622 γάρ
782 1566 834 1600 τι
854 1546 930 1617 τῷ
955 1544 1147 1616 ἀγαθῷ
1164 1545 1252 1599 ἀεὶ
1278 1545 1322 1578 ⁸⁸
1354 1540 1493 1596 εἶναι
1521 1543 1756 1611 ἀνάγκη’

175 1645 304 1700 οὔτε
343 1648 402 1696 ὲν
436 1643 578 1706 θεοῖς
608 1641 653 1672 ⁸⁸
677 1637 817 1692 αὐτὰ
851 1635 1119 1707 ῐδρύσθαι,
1144 1634 1242 1705 τὴν
1275 1633 1332 1687 δὲ
1366 1633 1567 1703 θνητὴν
1597 1632 1760 1700 φύσιν

177 1738 272 1790 καὶ
299 1734 449 1789 τόνδε
487 1733 578 1785 τὸν
597 1730 763 1784 τόπον
788 1727 1074 1800 περιπολεῖ
1098 1726 1143 1758 ’°
1173 1725 1232 1789 ἐξ
1255 1726 1503 1794 ἀνάγκης
1525 1740 1536 1752 ·
1562 1723 1642 1777 διὸ
1667 1725 1762 1776 καὶ

178 1823 478 1897 πειρᾶσθαι
503 1822 608 1893 χρὴ
645 1819 858 1874 ἐνθένδε
911 1818 1089 1869 ἐκεῖσε
1143 1816 1366 1883 φεύγειν
1390 1813 1472 1867 ὅτι
1507 1811 1757 1882 τάχιστα.

177 1883 331 1985 Φυγὴ
367 1914 446 1979 δὲ,
476 1883 735 1980 ὁμοίωσις
768 1906 889 1979 Θεῷ
920 1903 1064 1960 κατὰ
1094 1906 1154 1958 τὸ
1184 1903 1435 1958 δυνατόν.
1473 1901 1761 1972 Ὀμοίωσις
1792 1883 1835 1942 Β

175 2004 256 2067 δὲ,
289 2004 501 2056 δίκαιον
532 2001 624 2053 καὶ
672 2002 818 2053 ὅσιον
871 1995 1010 2066 μετὰ
1057 1994 1372 2065 φρονήσεως
1417 1991 1691 2060 γενέσθαι.
1737 2010 1754 2042 ι

177 2095 343 2149 Μάλα
372 2093 428 2146 δὲ
449 2093 542 2145 καὶ
565 2090 750 2158 σαφῶς
776 2089 820 2121 ⁸³
846 2086 942 2140 καὶ
981 2083 1160 2154 σοφῶς
1197 2086 1255 2137 ὲν
1298 2081 1508 2144 τούτοις
1546 2082 1636 2135 τὸν
1664 2083 1760 2151 τῆς

181 2186 474 2256 μιμήσεως
497 2180 846 2246 ὲξεπαίδευσε
869 2179 1092 2248 τρόπον.
1125 2175 1348 2246 Πρῶτον
1389 2175 1488 2244 μὲν
1517 2173 1624 2243 γὰρ
1664 2189 1762 2240 φυ-

177 2279 297 2344 γεῖν
327 2274 399 2326 τὰ
432 2274 557 2343 τῇδε
600 2271 908 2333 ἐκέλευσεν,
961 2269 1060 2322 οὐκ
1098 2267 1218 2340 ,ἐξω
1244 2267 1345 2336 τῆς
1367 2267 1470 2335 γῆς
1509 2264 1761 2334 γιγνόμε-

178 2382 267 2418 νον
292 2366 364 2428 θ’,
393 2364 527 2417 ἀλλὰ
548 2362 655 2416 τῶν
682 2361 977 2432 περιγειων
1000 2359 1256 2414 ἁπάντων
1285 2357 1332 2389 ⁸³
1353 2355 1757 2425 ἀπαλλαττόμε-

177 2472 298 2508 νον·
327 2453 487 2508 τοῦτο
511 2451 947 2524 γὰροδεδήλωκεν
977 2448 1083 2522 [ὲν]
1108 2443 1189 2513 οἷς
1213 2448 1482 2518 ἐπήγαγε.
1537 2466 1554 2499 ι
1582 2447 1762 2517 Φυγὴν

177 2549 286 2617 γὰρ
307 2585 324 2608 ,
366 2547 560 2615 φησὶν,
602 2544 833 2598 ἐκάλεσα
862 2544 960 2613 τὴν
990 2542 1126 2611 πρὸς
1148 2539 1210 2593 τδ
1235 2539 1388 2592 Θεῖον
1419 2537 1694 2610 ὁμοίωσιν.
1727 2557 1755 2613 γι

191 2641 246 2690 Ἀ
259 2637 534 2701 ξιέπαινος
561 2634 616 2687 δὲ
634 2635 728 2687 καὶ
751 2635 784 2704 ἡ
804 2633 1090 2705 προσθήκη
1116 2647 1129 2661 ·
1155 2631 1214 2683 οὐ
1239 2631 1348 2702 γὰρ
1370 2629 1555 2695 ἁπλῶς
1574 2633 1764 2702 ὁμοιω-

181 2728 340 2798 θῆναι
368 2724 810 2794 νενομοθέτηκεν,
828 2723 942 2776 ἀλλ’
963 2725 1038 2786 ὼς
1055 2723 1364 2792 ἀνθρώποις
1382 2721 1497 2774 ἐστὶ
1513 2721 1759 2777 δυνατόν.

180 2816 316 2873 Εἶτα
348 2819 411 2870 τὺ
438 2817 535 2886 τῆς
563 2813 874 2886 ὁμοιώσεως
903 2813 1176 2880 ἐπέδειξεν
1197 2809 1357 2877 εἶδος.
1402 2832 1421 2865 ι
1469 2811 1763 2883 Ὀμοίωσιν

181 2911 316 2980 γάρ,
356 2909 488 2978 φησὶ
512 2947 527 2972 ,
579 2905 1018 2976 προσηγόρευσα,
1071 2905 1132 2958 τὸ
1161 2906 1305 2959 ὅσιον
1335 2906 1430 2958 καὶ
1479 2907 1683 2959 δίκαιον
1716 2904 1762 2938 ⁸⁵

179 2997 433 3064 γενέσθαι
468 2995 604 3066 μετὰ
634 2995 966 3064 φρονήσεως.
1007 3012 1024 3044 ι
1054 2991 1164 3046 καὶ
1192 2987 1329 3063 αὕτη
1355 2994 1411 3048 δὲ
1435 2993 1761 3061 άξιάγαστος

182 3091 215 3160 ἠ
246 3087 554 3159 προσθήκη.
583 3085 702 3138 Εἰσὶ
720 3083 829 3154 γὰρ
843 3083 954 3155 [δή]
972 3101 1116 3147 τινες
1153 3084 1414 3154 πλείστην
1445 3083 1544 3153 μὲν
1577 3083 1670 3136 τοῦ
1688 3083 1763 3136 δι-

185 3177 339 3232 καίου
361 3173 619 3248 φροντίδα
645 3173 975 3242 ποιούμενοι,
1007 3173 1286 3242 σκαιότητι
1318 3172 1375 3224 δὲ
1400 3170 1477 3242 τῷ
1506 3172 1599 3224 τοῦ
1635 3185 1763 3226 κατ-

185 3267 497 3339 ορθώματος
524 3262 910 3334 λυμαινόμενοι
927 3262 1129 3316 κάλλει.
1159 3262 1390 3315 Ἔπειτα
1411 3261 1454 3293 ⁸³
1476 3261 1566 3314 δια
1583 3262 1763 3315 πλειό-

183 3371 291 3410 νων
319 3360 374 3410 ἐν
405 3355 552 3425 αύτῴ
578 3371 644 3423 γε
670 3353 747 3424 τῷ
774 3352 1008 3424 διαλόγῳ
1049 3353 1148 3423 τὴν
1180 3353 1496 3424 τελειότητα
1521 3353 1762 3407 διδάσκει

187 3453 283 3518 τῆς
313 3447 534 3518 ἀρετῆς,
555 3439 656 3499 ὧδέ
689 3462 764 3515 πη
795 3442 1021 3514 γράφων
1042 3457 1055 3472 ·
1093 3461 1110 3494 ι
1141 3434 1404 3512 Λέγωμεν
1420 3442 1483 3512 δὴ
1508 3442 1764 3512 περὶτῶν

190 3540 519 3610 κορυφαίων.
550 3537 614 3589 ΤΞ
642 3538 750 3606 γὰρ
774 3537 837 3590 ἄν
867 3551 946 3598 τις
961 3535 1088 3598 τοὺς
1107 3535 1438 3606 παρανόμως
1463 3534 1520 3587 ὲν
1554 3533 1764 3604 φιλοσο-

191 3631 288 3698 φίᾳ
317 3627 683 3697 διατρίϐοντας
708 3625 888 3692 λέγοις
921 3619 1076 3678 Οὗτοι
1092 3624 1148 3677 δέ
1183 3641 1285 3677 που
1318 3621 1440 3678 οὕτε
1459 3626 1537 3686 εἰς
1558 3624 1763 3695 ἀγορὰν

191 3723 332 3772 ι’σασι
362 3720 460 3786 τὴν
475 3718 609 3780 ὁδὸν,
624 3716 746 3769 οὔτε
769 3719 901 3768 ὅπου
920 3714 1334 3784 δικαστήριον,ἢ
1354 3713 1760 3787 βουλευτήριον,

189 3811 223 3880 ι)
248 3827 300 3863 τι
325 3809 498 3862 κοινὸν
533 3808 661 3861 ἄλλο
682 3808 781 3876 τῆς
811 3796 1015 3865 πόλεως
1036 3803 1303 3874 ξυνέδριον
1323 3820 1337 3834 ·
1373 3805 1568 3875 νόμους
1592 3805 1645 3858 δὲ
1673 3806 1765 3858 καὶ

189 3901 511 3970 ψηφίσματα
533 3896 804 3967 λεγόμενα
827 3896 859 3966 ἢ
895 3895 1217 3966 γραφόμενα
1250 3893 1374 3949 οὔτε
1397 3895 1615 3966 ὁρῶσιν,
1639 3895 1762 3949 οὔτε

189 3989 478 4043 ἀκούουσιν
498 4002 511 4018 ⁸
542 3988 768 4040 σπουδαὶ
790 3986 847 4040 δὲ
867 3986 1150 4057 ἑταιρειῶν
1172 3988 1257 4039 ἐπ’
1288 3988 1485 4057 ἀρχάς,
1518 3989 1611 4042 καὶ
1642 3977 1764 4052 ξύν-

189 4080 313 4144 οδοι,
342 4079 438 4132 καὶ
467 4077 678 4141 δεῖπνα,
714 4076 814 4128 καὶ
856 4075 904 4127 οἱ
939 4069 1090 4145 [169]
1129 4075 1221 4138 ξὺν
1243 4075 1530 4146 αὐλητρίσι
1573 4072 1618 4106 ⁹⁶
1656 4075 1765 4129 κῶ-

192 4188 302 4239 μοι,
328 4171 448 4224 οὐδὲ
477 4169 606 4240 δναρ
640 4170 903 4238 πράττειν
932 4168 1287 4238 προσίσταται
1321 4167 1368 4199 ⁸⁷
1397 4167 1578 4230 αὐτοῖς
1601 4183 1614 4196 ⁸
1644 4167 1764 4221 οὐδὲ

190 4266 236 4315 εἰ
259 4261 426 4324 κακός
455 4262 500 4293 ’⁸
533 4278 616 4323 τις
654 4260 878 4327 γέγονεν
917 4261 976 4312 ὲν
1017 4259 1190 4323 πόλει,
1240 4261 1274 4330 ἡ
1305 4259 1358 4312 τί
1403 4277 1480 4329 τῳ
1516 4261 1561 4292 ⁸⁵
1594 4261 1764 4314 κακόν

188 4356 334 4406 ἐστιν
367 4354 431 4405 ὲκ
454 4351 732 4422 προγόνων
755 4350 973 4419 γεγονὸς
1009 4351 1142 4421 πρὸς
1168 4349 1377 4421 ἀνδρῶν
1401 4351 1432 4422 ἢ
1462 4351 1758 4417 γυναικῶν,

191 4445 388 4512 μᾶλλον
403 4443 562 4496 αὐτὸν
577 4442 849 4511 λέληθενῆ
872 4444 918 4493 οἱ
933 4443 1028 4511 τῆς
1045 4441 1311 4512 θαλάττης
1328 4441 1604 4511 λεγόμενοι
1616 4443 1757 4512 χόες.

187 4537 295 4588 Καὶ
321 4533 498 4588 ταῦτα
527 4533 704 4586 πάντα
747 4533 855 4585 οὐδ’
890 4533 971 4585 ὃτι
1006 4533 1106 4585 οὐκ
1148 4527 1334 4603 [οἶδεν]
1365 4527 1506 4585 οἶδεν

1861 631 1994 688 dere
2026 633 2206 703 qualis
2237 632 2310 687 sit
2338 628 2487 687 Deus
2517 651 2529 683 :
2560 632 2775 701 hacque
2813 629 3164 701 potissimum
3204 633 3441 700 ratione,

1861 723 2115 792 quisquis
2146 733 2398 778 nostrum
2438 722 2581 793 frugi
2627 723 2795 777 homo
2853 731 3302 794 temperatusque
3336 730 3442 791 est,

1860 815 1972 870 Deo
1997 823 2083 869 est
2113 815 2315 869 charus
2343 831 2354 866 :
2383 815 2580 869 similis
2612 813 2758 868 enim
2794 813 2872 868 illi
2902 823 3005 868 est.
3042 812 3147 881 Qui
3174 830 3306 868 vero
3332 831 3444 870 non

1860 913 1946 958 est
1976 912 2335 973 temperatus,
2373 903 2643 957 absimilis
2686 911 2742 957 et
2773 903 3038 958 diﬂerens
3071 904 3231 973 plane
3268 913 3372 958 est.
3415 923 3435 956 ι

1866 994 2077 1064 1017
2106 995 2254 1049 Nihil
2276 1010 2408 1066 ergo
2458 995 2700 1049 alienum
2745 993 2837 1047 hic
2856 1007 3077 1063 quoque
3118 993 3298 1046 dixit:
3333 993 3445 1047 imo

1859 1084 2064 1139 fatetur
2084 1093 2140 1139 et
2162 1085 2279 1154 ipse
2324 1099 2487 1154 posse
2507 1100 2610 1139 nos
2630 1085 2686 1138 in
2705 1083 2866 1138 bonis
2886 1082 3275 1137 aﬂ‘ectionibus
3290 1096 3444 1136 crea-

1860 1182 2034 1229 torem
2070 1175 2243 1230 Deum
2278 1173 2503 1229 imitari.
2533 1172 2900 1243 Temperatum
2926 1179 3112 1226 autem
3146 1170 3444 1240 appellavit

1860 1267 1967 1321 hoc
1993 1267 2135 1332 loco,
2167 1283 2278 1322 non
2306 1276 2433 1322 eum
2466 1267 2562 1336 qui
2594 1265 2976 1335 voluptatibus
3009 1263 3354 1332 superiorem
3381 1275 3443 1316 se

1859 1354 2123 1423 praebeat,
2158 1355 2252 1408 sed
2287 1356 2383 1424 qui
2407 1355 2735 1409 rationalem
2771 1355 2968 1408 anima:
2995 1361 3210 1422 partem
3236 1352 3442 1406 salvam
3505 1427 3507 1429 ι

1861 1450 2026 1512 atque
2073 1443 2343 1514 integram
2397 1454 2710 1500 conservet.
2764 1435 3224 1510 Quibusisimilia
3273 1451 3330 1497 et
3385 1439 3443 1495 in

1863 1535 2118 1590 Theaeteto
2140 1537 2366 1607 scripsit
2397 1537 2474 1608 (p.
2503 1536 2648 1608 176).
2686 1556 2704 1588 ι
2734 1535 2842 1592 Sed
2866 1535 3120 1600 interire,
3149 1533 3351 1604 inquit,
3378 1549 3443 1589 ac

1861 1627 2001 1692 tolli,
2037 1641 2071 1682 ο
2105 1627 2416 1692 Theodore,
2445 1628 2587 1681 mala
2625 1641 2853 1700 prorsus
2893 1639 3005 1680 non
3039 1631 3272 1695 possunt
3301 1642 3313 1676 :
3340 1639 3443 1679 ne-

1860 1733 2013 1774 cesse
2053 1729 2137 1774 est
2178 1719 2328 1774 enim
2354 1734 2572 1787 semper
2603 1732 2725 1772 esse
2756 1717 2904 1786 quod
2928 1718 3075 1771 bono
3099 1715 3443 1771 contrarium

1862 1809 1954 1864 sit.
1976 1810 2167 1878 Neque
2189 1817 2372 1864 tamen
2395 1808 2451 1862 in
2471 1808 2578 1863 diis
2601 1808 2784 1863 locum
2805 1807 3010 1862 habere
3030 1807 3149 1861 haec
3169 1814 3402 1877 possunt
3425 1824 3438 1860 :

1862 1899 2152 1954 mortalem
2167 1912 2300 1954 vero
2316 1910 2572 1953 naturam
2589 1908 2645 1954 et
2664 1897 2847 1955 locum
2863 1899 3012 1952 hunc
3032 1897 3331 1953 circumire
3351 1897 3445 1952 illa

1862 2006 2091 2048 necesse
2145 2000 2250 2047 est.
2280 1991 2628 2061 QuaprOpter
2665 1991 2991 2045 tentandum
3018 2000 3104 2045 est
3131 1998 3192 2043 ut
3221 1990 3351 2044 hinc
3377 2003 3445 2044 eo

1863 2100 2029 2154 quam
2075 2084 2329 2139 ocissime
2389 2084 2664 2154 fugiamus
2711 2102 2723 2136 :
2769 2082 2897 2154 fuga
2942 2091 3129 2138 autem
3179 2091 3298 2146 est,
3345 2081 3444 2136 Dei

1863 2181 2130 2245 quantum
2156 2175 2211 2228 in
2240 2172 2402 2227 nobis
2422 2181 2507 2227 est
2538 2173 2860 2228 similitudo.
2892 2173 3213 2229 Similitudo
3235 2180 3442 2237 autem,

1864 2273 1924 2317 ut
1956 2278 2080 2318 cum
2107 2263 2402 2334 prudentia
2432 2263 2608 2318 sancti
2633 2279 2698 2317 ac
2715 2265 2848 2333 justi
2879 2264 3069 2319 simus.
3106 2282 3124 2316 ι
3154 2265 3447 2335 Sapienter

1863 2367 2049 2414 autem
2091 2374 2156 2412 ac
2189 2355 2480 2412 manifeste
2524 2357 2612 2412 his
2637 2353 2824 2412 verbis
2856 2357 3182 2413 imitationis
3218 2357 3445 2411 modum

1862 2448 2108 2505 edocuit.
2136 2448 2386 2504 Primum
2412 2449 2562 2503 enim
2584 2449 2866 2505 mundana
2888 2450 3005 2505 haec
3031 2449 3221 2520 fugere
3237 2450 3402 2520 jussit
3427 2467 3443 2502 :

1863 2555 1974 2595 non
2009 2549 2068 2593 ut
2095 2535 2256 2594 extra
2280 2547 2487 2595 terram
2513 2540 2712 2611 migret
2738 2541 3034 2611 quispiam,
3060 2540 3157 2596 sed
3191 2550 3305 2594 uta
3337 2547 3448 2593 ter-

1864 2631 2135 2686 restribus
2165 2634 2316 2686 curis
2343 2631 2632 2687 liberetur.
2655 2632 2771 2687 Hoc
2798 2632 2944 2687 enim
2974 2648 3073 2702 per
3100 2647 3164 2686 ea
3191 2647 3311 2701 quat
3346 2631 3446 2686 ad-

1864 2723 2022 2788 didit,
2049 2723 2366 2779 declaravit.
2413 2742 2431 2775 ι
2458 2725 2665 2796 Fugam
2687 2727 2858 2792 enim,
2890 2725 3091 2796 inquit,
3119 2725 3313 2781 vocavi
3348 2725 3448 2780 ho-

1864 2816 2031 2872 minis
2052 2832 2178 2872 cum
2204 2816 2318 2872 Deo
2342 2817 2787 2874 similitudinem.
2818 2836 2836 2871 ι
2864 2818 3183 2873 Laudabilis
3205 2833 3341 2873 vero
3364 2826 3450 2873 est

1864 2903 1983 2960 haec
2021 2905 2251 2961 additio.
2295 2907 2484 2978 Neque
2509 2907 2659 2963 enim
2687 2904 2949 2978 pracepit
2990 2916 3050 2962 ut
3087 2907 3338 2965 absolute
3374 2908 3450 2963 si-

1863 2994 2023 3048 miles
2041 2993 2155 3049 Deo
2179 2995 2372 3060 simus,
2394 2998 2488 3052 sed
2506 2998 2688 3065 quoad
2711 2998 2999 3052 hominum
3021 2999 3172 3056 vires
3195 3007 3445 3068 possunt.

1866 3082 2007 3137 Tum
2051 3092 2108 3138 et
2145 3083 2526 3141 similitudinis
2556 3086 2788 3142 formam
2825 3087 3085 3142 Ostendit.
3127 3105 3146 3138 ι
3181 3086 3450 3142 Similitu-

1868 3171 2076 3238 dinem,
2106 3165 2307 3245 inquit,
2346 3191 2506 3241 voco,
2547 3185 2795 3232 sanctum
2831 3193 2896 3233 ac
2917 3178 3126 3249 justum
3160 3192 3286 3232 cum
3320 3193 3453 3248 pru-

1866 3262 2052 3318 dentia
2104 3262 2224 3318 ﬁeri
2262 3281 2274 3316 :
2319 3283 2338 3315 ι
2387 3281 2510 3334 qua
2543 3275 2600 3321 et
2637 3266 2754 3337 ipsa
2789 3283 3011 3338 quoque
3052 3267 3292 3338 adjectio
3328 3269 3452 3322 lau—

1866 3349 2046 3405 danda
2073 3360 2176 3406 est.
2201 3350 2342 3406 Sunt
2365 3352 2534 3417 enim,
2559 3353 2654 3422 qui
2679 3368 2950 3409 summam
2979 3356 3202 3425 quidem
3221 3348 3450 3427 justiti'te

1867 3456 2055 3495 curam
2077 3437 2304 3506 habent,
2334 3442 2432 3498 sed
2457 3442 2761 3499 stoliditate
2787 3444 3002 3514 1018
3023 3446 3192 3499 animi
3218 3448 3450 3517 egregiae

1866 3533 2099 3588 actionis
2122 3535 2593 3603 pulchritudinem
2617 3544 3004 3607 corrumpunt.
3032 3539 3163 3594 Post
3191 3540 3307 3593 haec
3327 3531 3450 3594 fuse

1866 3625 1924 3680 in
1971 3624 2167 3680 eodem
2209 3625 2425 3696 dialogo
2475 3625 2873 3696 perfectionem
2916 3629 3140 3683 virtutis
3182 3629 3445 3684 ostendit.

1875 3733 1893 3766 ι
1916 3714 2250 3784 Loquamur,
2271 3716 2451 3785 inquit
2469 3715 2544 3786 (p.
2569 3717 2713 3786 175),
2734 3718 2802 3772 de
2822 3718 3053 3774 summis
3069 3720 3447 3790 philos’ophis;

1867 3805 1992 3875 quis
2019 3805 2168 3860 enim
2197 3805 2265 3859 de
2291 3805 2360 3860 ils
2380 3806 2532 3876 loqui
2560 3816 2740 3872 curet,
2773 3809 2870 3877 qui
2894 3809 3155 3864 aberrant
3181 3826 3210 3865 a
3236 3810 3449 3881 legibus

1865 3895 2270 3966 philosophiae?
2307 3895 2374 3951 lli
2397 3912 2550 3961 vero,
2577 3911 2756 3966 neque
2786 3899 2932 3952 viam
2968 3910 3176 3955 norunt
3218 3917 3340 3971 qua:
3378 3903 3447 3958 ad

1865 3986 2049 4042 forum
2094 3987 2267 4052 ducit,
2321 4002 2502 4057 neque
2553 3988 2648 4043 ubi
2685 3989 2960 4061 judicium
3003 3987 3298 4049 senatusve
3352 3994 3447 4062 sit,

1867 4075 2074 4134 aliusve
2097 4079 2355 4149 publicus
2385 4080 2626 4136 civitatis
2653 4096 2964 4137 consessus.
2984 4066 3159 4154 Leges
3179 4094 3450 4154 praeterea

1865 4177 1919 4224 et
1954 4168 2198 4235 decreta,
2239 4185 2337 4225 seu
2387 4171 2573 4227 verbis
2613 4170 2884 4238 ferantur,
2930 4189 3028 4230 seu
3067 4176 3272 4246 scripta
3307 4177 3443 4244 sint,

1866 4273 2045 4328 neque
2079 4258 2335 4323 audiunt,
2361 4275 2543 4329 neque
2566 4261 2902 4332 inspiciunt:
2928 4262 3109 4319 studia
3129 4255 3265 4320 vero
3288 4266 3448 4322 soda—

1864 4347 2110 4403 litiorum
2131 4349 2199 4405 ad
2223 4354 2237 4369 '
2259 4351 2528 4405 creandos
2552 4351 2926 4422 magistratus,
2954 4363 3009 4408 et
3035 4366 3363 4421 conventus,
3389 4366 3448 4412 et

1866 4440 2138 4505 convivia,
2181 4445 2238 4495 et
2285 4457 2412 4496 cum
2459 4442 2706 4498 tibicinis
2743 4445 3198 4512 comessationes,
3241 4463 3312 4502 ne
3349 4462 3449 4518 per

1545 4535 1561 4563 ί
1587 4548 1598 4562 ο
1637 4531 1758 4586 οὑδὲ
1793 4537 1837 4593 Ι)
1866 4531 2140 4586 somnium
2173 4532 2394 4601 quidem
2419 4533 2529 4589 illis
2554 4535 2945 4590 obversantur.
2977 4535 3123 4593 Bene
3161 4547 3346 4592 autem
3374 4555 3446 4594 an

186 4626 292 4694 γὰρ
317 4625 497 4678 αὐτῶν
524 4623 787 4692 ἀπέχεται
829 4623 921 4675 τοῦ
960 4622 1266 4691 εὐδοκιμεῖν
1309 4623 1490 4693 χάριν.
1524 4622 1610 4692 Τῷ
1648 4623 1761 4676 ὄντι

1867 4624 2009 4677 male
2042 4623 2252 4693 aliquid
2290 4623 2498 4679 factum
2531 4625 2603 4680 sit
2641 4625 2699 4679 in
2727 4625 2975 4692 civitate,
3014 4635 3108 4681 aut
3141 4628 3277 4697 quid
3312 4630 3443 4683 mali

184 4714 240 4766 δὲ
268 4716 328 4767 τὸ
364 4715 523 4783 σῶμα
552 4714 710 4783 μόνον
740 4714 758 4743 ¹
785 4716 840 4764 ὲν
863 4715 928 4782 τῇ
955 4713 1106 4765 πόλει
1136 4715 1310 4765 κεῖται
1341 4710 1505 4765 αὑτοῦ
1528 4714 1621 4766 καὶ
1643 4714 1761 4765 ὲπι-

1867 4712 2111 4782 cuipiam
2139 4715 2433 4784 contigerit
2459 4731 2489 4768 a
2515 4715 2844 4785 majoribus,
2883 4715 2998 4770 sive
3024 4732 3054 4770 a
3081 4718 3240 4783 viris,
3269 4718 3384 4772 sive
3414 4734 3446 4773 a

185 4803 366 4875 δημεῖ,
398 4807 429 4872 ἡ
452 4803 508 4856 δὲ
528 4803 754 4868 διάνοια,
782 4804 952 4855 ταῦτα
975 4802 1151 4855 πάντα
1176 4802 1500 4871 ἡγησαμένη
1528 4801 1758 4872 σμικρὰ,

1863 4803 2107 4868 fentinis,
2136 4806 2308 4876 magis
2330 4807 2511 4875 ipsum
2533 4807 2690 4872 latet,
2719 4823 2884 4876 quam
2908 4815 3046 4876 quot
3075 4807 3186 4862 sint
3209 4823 3363 4878 aqua:
3390 4809 3444 4863 in

189 4893 323 4967 [καὶ]
365 4897 439 4957 ὡς
473 4895 623 4947 οὐδὲν
645 4895 982 4963 ἀτιμάσασα,
1016 4894 1268 4963 πανταχῆ
1291 4894 1519 4947 πέταται
1548 4895 1588 4959 ³,
1613 4893 1755 4946 κατὰ

1864 4895 2004 4950 mari
2027 4912 2322 4951 mensurae.
2360 4896 2540 4967 Atque
2572 4897 2688 4952 haec
2723 4897 2891 4951 etiam
2925 4898 3110 4951 omnia
3135 4897 3353 4953 nescire
3386 4914 3444 4953 se

187 4981 472 5056 Πίνδαρον,
504 4985 573 5038 τά
601 5001 659 5037 τε
706 4987 808 5056 γῆς
860 4983 1155 5054 ὑπένερθεν
1189 4983 1230 5051 δ,
1279 4985 1374 5038 καὶ
1410 4985 1478 5037 τὰ
1524 4986 1758 5039 ἐπίπεδα

1868 4988 2062 5043 nescit.
2099 4989 2220 5043 Non
2254 4990 2404 5044 enim
2437 5006 2504 5044 eo
2539 4990 2773 5044 consilio
2803 4989 2891 5044 his
2925 4989 3184 5055 abstinet,
3232 4999 3293 5044 ut
3321 4990 3444 5044 lau-

186 5072 591 5146 γεωμετροῦσα,
643 5075 908 5145 οὐρανούς
944 5091 1006 5126 τε
1046 5073 1630 5146 ὑπεραστρονομοῦσα,
1664 5076 1758 5129 καὶ

1866 5079 1993 5134 dem
2014 5089 2218 5150 captet.
2247 5080 2355 5136 Sed
2383 5096 2580 5137 revera
2607 5081 2785 5151 ipsius
2817 5089 3030 5136 tantum
3052 5094 3256 5148 corpus
3281 5082 3336 5134 in
3369 5080 3447 5134 ci-

188 5169 366 5221 πᾶσαν
396 5168 572 5237 πάντη
609 5166 769 5235 φύσιν
803 5166 1219 5237 διερευνωμένη.
1256 5185 1275 5218 ι
1330 5165 1419 5219 Ἐν
1457 5166 1514 5219 δὲ
1548 5165 1757 5229 τούτοις

1867 5170 2040 5225 vitate
2082 5180 2378 5227 versatur:
2411 5187 2568 5227 mens
2609 5180 2795 5226 autem
2842 5171 2960 5226 haec
3003 5186 3174 5241 parva
3213 5171 3444 5240 ducens,

1487 5281 1724 5337 VARUE
1765 5279 2164 5340 LECTIONES.

253 5400 297 5433 “
321 5397 935 5468 vevdpevov.ytv6psyo~a
963 5395 1022 5451 ϐ.
1054 5397 1151 5468 _"_
1169 5396 1344 5468 λόγον.
1374 5396 1574 5468 τρόπον
1622 5395 1684 5460 C,
1737 5396 1801 5451 D.
1880 5397 1925 5430 ”
1958 5399 2230 5467 διάφορος.
2283 5399 2327 5453 D
2375 5399 2432 5454 ni
2487 5398 2645 5453 fallor
2687 5397 2995 5468 ἀδιάφορος.
3044 5392 3118 5468 7"
3168 5395 3320 5468 nva
3353 5389 3445 5468 't_bv

253 5416 297 5433 ’ν
321 5416 629 5520 γενόμενον.
655 5416 935 5466 γινομενον
963 5416 1145 5479 (1.,"
1172 5416 1344 5464 Αογον.
1374 5416 1574 5468 τροπον
1622 5416 1684 5460 υ,
1743 5416 1801 5451 υ.
1880 5416 1925 5430 σν
1958 5416 2230 5467 οιαφορος.
2284 5416 2327 5453 υ
2375 5416 2432 5454 ιιι
2487 5416 2645 5453 Iauor
2687 5416 2995 5468 αοιαφορος.
3071 5416 3110 5428 υ·
3168 5416 3299 5448 των.
3353 5416 3421 5447 το¹

191 5469 250 5525 D.
321 5469 367 5503 ⁸³
387 5472 448 5522 ἀε
496 5483 606 5524 om.
631 5467 695 5522 Ι).
770 5467 814 5498 ⁸³
839 5467 998 5525 θεοῖς.
1023 5483 1104 5525 οις
1123 5466 1185 5521 C.
1261 5467 1306 5497 9°
1327 5466 1661 5525 περιπολεῖν.
1694 5468 1978 5525 περιπολεῖ
2004 5468 2065 5524 C.
2098 5469 2160 5523 D.
2192 5471 2314 5525 Mox
2351 5469 2598 5525 ἀνάγκης
2626 5469 2707 5521 δεῖ
2738 5467 2826 5522 ed.
2865 5467 3014 5525 Svlb.
3036 5467 3117 5520 δεῖ
3145 5481 3255 5519 om.
3280 5463 3340 5520 C.
3377 5465 3421 5518 D

193 5483 250 5525 υ.
321 5483 367 5503 ’⁵
387 5483 475 5522 ast
496 5483 606 5524 om.
631 5483 695 5522 υ.
770 5483 814 5498 θ’
839 5483 998 5528 υεοις.
1023 5483 1104 5529 οις
1123 5483 1185 5521 υ.
1263 5483 1305 5497 "
1327 5483 1661 5535 περιποΑειν.
1694 5483 1976 5537 περιποΑει
2004 5483 2065 5524 υ.
2098 5483 2160 5523 υ.
2192 5483 2314 5525 mox
2351 5483 2598 5538 αναγκης
2626 5483 2704 5521 σει
2738 5483 2826 5522 ea.
2865 5483 3014 5537 byw.
3036 5483 3113 5520 οει
3145 5483 3255 5519 om.
3280 5483 3340 5520 υ.
3377 5483 3440 5518 υ.

193 5541 236 5616 ff
261 5541 354 5616 καὶ
385 5538 570 5616 σαφῶς
599 5535 831 5616 om.__C._‘
887 5537 1305 5616 "qudpsyov.
1344 5537 1635 5616 γενόμενον
1753 5605 1813 5616 m
1834 5537 1881 5616 ξ³
1912 5539 2186 5616 άπάντωχ.
2222 5540 2563 5616 πραγμάτων
2595 5538 2658 5592 Ι).
2747 5536 3052 5616 -θξῃδίκσλιρν
3080 5537 3346 5616 καίβσιον
3377 5534 3440 5587 D.

192 5608 236 5640 ”
262 5604 478 5684 ἔπειτα.⁷
500 5607 688 5684 Exitu
796 5606 857 5661 D.
900 5675 914 5684 ι
934 5604 1286 5684 “diripiat.
1316 5605 1623 5684 αὑλιστρίσι
1652 5604 1711 5660 C.
1753 5605 2081 5684 Vid.‘i_3_asti.i
2112 5604 2319 5684 gotum.
2360 5604 2626 5684 ξαιωορζ.
2663 5623 2717 5676 p.
2960 5604 3440 5684 °'_n&oa£mavzat.

194 5676 628 5756 προσίσταται-(ξε
707 5667 1187 5756 ’κα-κόςριακῶξ
1209 5676 1270 5729 C.
1304 5673 1494 5756 κακῶς
1513 5667 1597 5745 ’(ος
1619 5689 1787 5756 διψιέ
1807 5676 1904 5756 (of)
1924 5675 1990 5732 Ι).
2017 5673 2090 5756 εξ,
2108 5676 2221 5756 διε-ἢ
2253 5674 2439 5756 κακῶς
2465 5693 2515 5727 τι
2545 5667 2760 5756 sirm.“
2789 5667 2834 5707 "
2864 5693 2960 5756 τῳ.
2988 5675 3047 5756 τὸ
3078 5667 3141 5732 C.
3167 5673 3231 5727 D.
3313 5671 3348 5756 ⁸.
3365 5667 3442 5756 οἷ-

193 5743 295 5803 δίν.
322 5743 480 5801 ὀὐδὲν
512 5747 568 5799 δὲ
585 5745 647 5809 C,
672 5745 822 5796 οὐδὲν
846 5745 908 5798 D.
985 5745 1003 5773 ³
1037 5746 1192 5811 μόνον
1229 5761 1337 5798 om.
1375 5743 1436 5803 C,
1457 5743 1706 5812 D,'supra
1740 5744 1803 5814 δὴ
1838 5743 2005 5816 1η)Γο
2038 5746 2114 5798 δέ.
2148 5743 2269 5800 Mox
2307 5747 2483 5798 πάντα
2516 5746 2685 5799 ταῦτα
2723 5745 2786 5800 D.
2881 5743 3182 5798 [πέταται.
3214 5744 3441 5795 ποτᾶται

197 5817 256 5870 D.
324 5819 345 5850 ⁵
371 5815 682 5870 ὑπένερθεν.
715 5814 946 5870 ὕπερθεν
968 5812 1029 5867 C.
1056 5814 1176 5866 Mox
1211 5816 1303 5865 καὶ
1337 5815 1475 5870 ὑπὲρ
1502 5816 1698 5870 ἄστρον
1728 5814 1789 5867 D.

241 5857 256 5872 .
324 5829 345 5850 '
371 5829 682 5885 ὑπένερθεν.
715 5829 946 5883 υπερυεν
968 5829 1029 5867 ι..
1056 5829 1176 5866 mox
1211 5829 1303 5865 και
1337 5829 1475 5883 υπερ
1502 5829 1698 5883 αστρον
1728 5829 1789 5867 υ.

463 5914 732 5974 Ριιτωι.
777 5912 893 5972 Gn.
939 5910 1248 5972 LXXXIII.
2098 5993 2104 5997 _
3007 5901 3083 5964 36
