  <div class='ocr_page' id='page_1' title='image "/cluster/home/n/w/nwhite01/storage/ocr_20150623/83/pst.000005712823/573.png"; bbox 0 0 4088 6318; ppageno 0'>
   <div class='ocr_carea' id='block_1_1' title="bbox 640 338 769 409">
    <p class='ocr_par' dir='ltr' id='par_1_1' title="bbox 640 338 769 409">
     <span class='ocr_line' id='line_1_1' title="bbox 640 338 769 409; baseline -0.047 0"><span class='ocrx_word' id='word_1_1' title='bbox 640 338 769 409; x_wconf 73' lang='grc'><strong>1131</strong></span> 
     </span>
    </p>
   </div>
   <div class='ocr_carea' id='block_1_2' title="bbox 1625 313 2891 415">
    <p class='ocr_par' dir='ltr' id='par_1_2' title="bbox 1625 313 2891 415">
     <span class='ocr_line' id='line_1_2' title="bbox 1625 313 2891 415; baseline -0.011 -28"><span class='ocrx_word' id='word_1_2' title='bbox 1625 320 2111 415; x_wconf 77' lang='lat' dir='ltr'><strong>THEODOREII</strong></span> <span class='ocrx_word' id='word_1_3' title='bbox 2150 313 2491 379; x_wconf 76' lang='lat' dir='ltr'><strong>El‘ISCOPI</strong></span> <span class='ocrx_word' id='word_1_4' title='bbox 2529 314 2891 375; x_wconf 77' lang='lat' dir='ltr'><strong>CYRENSIS</strong></span> 
     </span>
    </p>
   </div>
   <div class='ocr_carea' id='block_1_3' title="bbox 3774 300 3923 367">
    <p class='ocr_par' dir='ltr' id='par_1_3' title="bbox 3774 300 3923 367">
     <span class='ocr_line' id='line_1_3' title="bbox 3774 300 3923 367; baseline 0 0"><span class='ocrx_word' id='word_1_5' title='bbox 3774 300 3923 367; x_wconf 69' lang='lat' dir='ltr'><strong>113i</strong></span> 
     </span>
    </p>
   </div>
   <div class='ocr_carea' id='block_1_4' title="bbox 640 410 2238 514">
    <p class='ocr_par' dir='ltr' id='par_1_4' title="bbox 640 412 2214 514">
     <span class='ocr_line' id='line_1_4' title="bbox 640 412 2214 514; baseline -0.018 -8"><span class='ocrx_word' id='word_1_6' title='bbox 640 465 704 508; x_wconf 87' lang='lat' dir='ltr'><strong>ac</strong></span> <span class='ocrx_word' id='word_1_7' title='bbox 733 445 891 504; x_wconf 82' lang='lat' dir='ltr'><strong>nihili</strong></span> <span class='ocrx_word' id='word_1_8' title='bbox 924 440 1108 514; x_wconf 87' lang='lat' dir='ltr'><strong>potius</strong></span> <span class='ocrx_word' id='word_1_9' title='bbox 1141 436 1444 508; x_wconf 63' lang='lat' dir='ltr'><strong>aestimans,</strong></span> <span class='ocrx_word' id='word_1_10' title='bbox 1476 445 1671 488; x_wconf 83' lang='lat' dir='ltr'><strong>omnes</strong></span> <span class='ocrx_word' id='word_1_11' title='bbox 1694 431 1754 486; x_wconf 90' lang='lat' dir='ltr'><strong>in</strong></span> <span class='ocrx_word' id='word_1_12' title='bbox 1790 412 1979 501; x_wconf 85' lang='lat' dir='ltr'><strong>partes</strong></span> <span class='ocrx_word' id='word_1_13' title='bbox 2010 424 2214 487; x_wconf 83' lang='lat' dir='ltr'><strong>evolat,</strong></span> 
     </span>
    </p>
   </div>
   <div class='ocr_carea' id='block_1_5' title="bbox 2341 410 3929 514">
    <p class='ocr_par' dir='ltr' id='par_1_5' title="bbox 2341 410 3929 488">
     <span class='ocr_line' id='line_1_5' title="bbox 2341 410 3929 488; baseline -0.007 -15"><span class='ocrx_word' id='word_1_14' title='bbox 2341 424 2351 473; x_wconf 73' lang='grc' dir='ltr'><strong>ί</strong></span> <span class='ocrx_word' id='word_1_15' title='bbox 2380 420 2607 475; x_wconf 81' lang='grc' dir='ltr'><strong>Πλάτων</strong></span> <span class='ocrx_word' id='word_1_16' title='bbox 2632 420 2734 486; x_wconf 72' lang='grc' dir='ltr'>τὴν</span> <span class='ocrx_word' id='word_1_17' title='bbox 2757 418 2865 471; x_wconf 82' lang='grc' dir='ltr'>τῶν</span> <span class='ocrx_word' id='word_1_18' title='bbox 2890 414 3174 488; x_wconf 77' lang='grc' dir='ltr'><strong>ἡμετέρων</strong></span> <span class='ocrx_word' id='word_1_19' title='bbox 3203 410 3513 484; x_wconf 72' lang='grc' dir='ltr'>φιλοσόφων</span> <span class='ocrx_word' id='word_1_20' title='bbox 3545 410 3929 482; x_wconf 68' lang='grc' dir='ltr'>ἒξωγράφησε</span> 
     </span>
    </p>
   </div>
   <div class='ocr_carea' id='block_1_6' title="bbox 642 514 2217 608">
    <p class='ocr_par' dir='ltr' id='par_1_6' title="bbox 642 514 2217 608">
     <span class='ocr_line' id='line_1_6' title="bbox 642 514 2217 608; baseline -0.019 -11"><span class='ocrx_word' id='word_1_21' title='bbox 642 551 702 598; x_wconf 90' lang='lat' dir='ltr'><strong>ut</strong></span> <span class='ocrx_word' id='word_1_22' title='bbox 729 537 972 608; x_wconf 84' lang='lat' dir='ltr'><strong>loquitur</strong></span> <span class='ocrx_word' id='word_1_23' title='bbox 991 529 1291 594; x_wconf 80' lang='lat' dir='ltr'><strong>Pindarus,</strong></span> <span class='ocrx_word' id='word_1_24' title='bbox 1312 524 1531 598; x_wconf 72' lang='lat'><strong>1019</strong></span> <span class='ocrx_word' id='word_1_25' title='bbox 1552 531 1608 580; x_wconf 90' lang='lat' dir='ltr'><strong>et</strong></span> <span class='ocrx_word' id='word_1_26' title='bbox 1630 537 1752 594; x_wconf 69' lang='lat' dir='ltr'><strong>qua:</strong></span> <span class='ocrx_word' id='word_1_27' title='bbox 1772 521 1877 576; x_wconf 97' lang='lat' dir='ltr'><strong>sub</strong></span> <span class='ocrx_word' id='word_1_28' title='bbox 1896 530 2044 575; x_wconf 88' lang='lat' dir='ltr'><strong>terra</strong></span> <span class='ocrx_word' id='word_1_29' title='bbox 2066 514 2217 608; x_wconf 80' lang='lat' dir='ltr'><strong>sunt,</strong></span> 
     </span>
    </p>
   </div>
   <div class='ocr_carea' id='block_1_7' title="bbox 640 606 2221 703">
    <p class='ocr_par' dir='ltr' id='par_1_7' title="bbox 640 606 2221 703">
     <span class='ocr_line' id='line_1_7' title="bbox 640 606 2221 703; baseline -0.017 -15"><span class='ocrx_word' id='word_1_30' title='bbox 640 644 697 701; x_wconf 77' lang='lat' dir='ltr'><strong>et</strong></span> <span class='ocrx_word' id='word_1_31' title='bbox 739 606 860 703; x_wconf 69' lang='lat' dir='ltr'><strong>quae</strong></span> <span class='ocrx_word' id='word_1_32' title='bbox 893 640 1065 697; x_wconf 81' lang='lat' dir='ltr'><strong>super</strong></span> <span class='ocrx_word' id='word_1_33' title='bbox 1106 631 1316 679; x_wconf 77' lang='lat' dir='ltr'><strong>terram</strong></span> <span class='ocrx_word' id='word_1_34' title='bbox 1366 618 1687 682; x_wconf 89' lang='lat' dir='ltr'><strong>dimetiens,</strong></span> <span class='ocrx_word' id='word_1_35' title='bbox 1723 622 2118 681; x_wconf 79' lang='lat' dir='ltr'><strong>astrorumque</strong></span> <span class='ocrx_word' id='word_1_36' title='bbox 2161 606 2221 663; x_wconf 90' lang='lat' dir='ltr'><strong>in</strong></span> 
     </span>
    </p>
   </div>
   <div class='ocr_carea' id='block_1_8' title="bbox 641 705 2224 788">
    <p class='ocr_par' dir='ltr' id='par_1_8' title="bbox 641 705 2224 788">
     <span class='ocr_line' id='line_1_8' title="bbox 641 705 2224 788; baseline -0.02 -4"><span class='ocrx_word' id='word_1_37' title='bbox 641 727 782 785; x_wconf 64' lang='lat' dir='ltr'><strong>calo</strong></span> <span class='ocrx_word' id='word_1_38' title='bbox 823 721 1072 779; x_wconf 83' lang='lat' dir='ltr'><strong>rationes</strong></span> <span class='ocrx_word' id='word_1_39' title='bbox 1116 716 1422 788; x_wconf 78' lang='lat' dir='ltr'><strong>explicans,</strong></span> <span class='ocrx_word' id='word_1_40' title='bbox 1458 720 1516 768; x_wconf 93' lang='lat' dir='ltr'><strong>et</strong></span> <span class='ocrx_word' id='word_1_41' title='bbox 1555 724 1745 767; x_wconf 90' lang='lat' dir='ltr'><strong>rerum</strong></span> <span class='ocrx_word' id='word_1_42' title='bbox 1778 705 2028 787; x_wconf 87' lang='lat' dir='ltr'><strong>omnium</strong></span> <span class='ocrx_word' id='word_1_43' title='bbox 2058 708 2224 757; x_wconf 88' lang='lat' dir='ltr'><strong>natu-</strong></span> 
     </span>
    </p>
   </div>
   <div class='ocr_carea' id='block_1_9' title="bbox 640 790 2223 883">
    <p class='ocr_par' dir='ltr' id='par_1_9' title="bbox 640 790 2223 883">
     <span class='ocr_line' id='line_1_9' title="bbox 640 790 2223 883; baseline -0.016 -14"><span class='ocrx_word' id='word_1_44' title='bbox 640 828 760 869; x_wconf 86' lang='lat' dir='ltr'><strong>ram</strong></span> <span class='ocrx_word' id='word_1_45' title='bbox 783 808 1188 883; x_wconf 83' lang='lat' dir='ltr'><strong>pervestigans.</strong></span> <span class='ocrx_word' id='word_1_46' title='bbox 1214 822 1233 857; x_wconf 80' lang='lat'><strong>|</strong></span> <span class='ocrx_word' id='word_1_47' title='bbox 1257 804 1357 860; x_wconf 80' lang='lat' dir='ltr'><strong>His</strong></span> <span class='ocrx_word' id='word_1_48' title='bbox 1381 810 1567 858; x_wconf 89' lang='lat' dir='ltr'><strong>autem</strong></span> <span class='ocrx_word' id='word_1_49' title='bbox 1588 798 1773 856; x_wconf 82' lang='lat' dir='ltr'><strong>verbis</strong></span> <span class='ocrx_word' id='word_1_50' title='bbox 1795 795 1947 869; x_wconf 53' lang='lat' dir='ltr'><strong>[alato</strong></span> <span class='ocrx_word' id='word_1_51' title='bbox 1972 790 2223 883; x_wconf 77' lang='lat' dir='ltr'><strong>philoso-</strong></span> 
     </span>
    </p>
   </div>
   <div class='ocr_carea' id='block_1_10' title="bbox 639 880 2225 975">
    <p class='ocr_par' dir='ltr' id='par_1_10' title="bbox 639 880 2225 975">
     <span class='ocr_line' id='line_1_10' title="bbox 639 880 2225 975; baseline -0.016 -17"><span class='ocrx_word' id='word_1_52' title='bbox 639 880 879 975; x_wconf 78' lang='lat' dir='ltr'><strong>phorum</strong></span> <span class='ocrx_word' id='word_1_53' title='bbox 932 904 1255 953; x_wconf 86' lang='lat' dir='ltr'><strong>nostrorum</strong></span> <span class='ocrx_word' id='word_1_54' title='bbox 1309 892 1479 947; x_wconf 88' lang='lat' dir='ltr'><strong>vitam</strong></span> <span class='ocrx_word' id='word_1_55' title='bbox 1534 886 1748 944; x_wconf 74' lang='lat' dir='ltr'><strong>cﬂlnxit</strong></span> <span class='ocrx_word' id='word_1_56' title='bbox 1786 903 1799 938; x_wconf 90' lang='lat'>:</span> <span class='ocrx_word' id='word_1_57' title='bbox 1836 895 2021 954; x_wconf 88' lang='lat' dir='ltr'><strong>neque</strong></span> <span class='ocrx_word' id='word_1_58' title='bbox 2071 880 2225 975; x_wconf 80' lang='lat' dir='ltr'><strong>enim</strong></span> 
     </span>
    </p>
   </div>
   <div class='ocr_carea' id='block_1_11' title="bbox 641 970 2225 1065">
    <p class='ocr_par' dir='ltr' id='par_1_11' title="bbox 641 970 2225 1065">
     <span class='ocr_line' id='line_1_11' title="bbox 641 970 2225 1065; baseline -0.014 -17"><span class='ocrx_word' id='word_1_59' title='bbox 641 970 790 1065; x_wconf 72' lang='lat' dir='ltr'><strong>apud</strong></span> <span class='ocrx_word' id='word_1_60' title='bbox 837 989 962 1045; x_wconf 88' lang='lat' dir='ltr'><strong>illos</strong></span> <span class='ocrx_word' id='word_1_61' title='bbox 1009 984 1135 1041; x_wconf 85' lang='lat' dir='ltr'><strong>talis</strong></span> <span class='ocrx_word' id='word_1_62' title='bbox 1180 984 1328 1039; x_wconf 90' lang='lat' dir='ltr'><strong>ullus</strong></span> <span class='ocrx_word' id='word_1_63' title='bbox 1367 978 1601 1037; x_wconf 80' lang='lat' dir='ltr'><strong>exstitit.</strong></span> <span class='ocrx_word' id='word_1_64' title='bbox 1640 976 1901 1033; x_wconf 86' lang='lat' dir='ltr'><strong>Socrates</strong></span> <span class='ocrx_word' id='word_1_65' title='bbox 1943 973 2096 1031; x_wconf 89' lang='lat' dir='ltr'><strong>enim</strong></span> <span class='ocrx_word' id='word_1_66' title='bbox 2132 970 2225 1027; x_wconf 91' lang='lat' dir='ltr'><strong>ille</strong></span> 
     </span>
    </p>
   </div>
   <div class='ocr_carea' id='block_1_12' title="bbox 643 1062 2225 1156">
    <p class='ocr_par' dir='ltr' id='par_1_12' title="bbox 643 1062 2225 1156">
     <span class='ocr_line' id='line_1_12' title="bbox 643 1062 2225 1156; baseline -0.015 -16"><span class='ocrx_word' id='word_1_67' title='bbox 643 1062 1103 1156; x_wconf 83' lang='lat' dir='ltr'><strong>philosophorum</strong></span> <span class='ocrx_word' id='word_1_68' title='bbox 1156 1074 1501 1147; x_wconf 65' lang='lat' dir='ltr'><strong>coryphaus,</strong></span> <span class='ocrx_word' id='word_1_69' title='bbox 1542 1078 1600 1126; x_wconf 89' lang='lat' dir='ltr'><strong>et</strong></span> <span class='ocrx_word' id='word_1_70' title='bbox 1636 1070 1691 1125; x_wconf 92' lang='lat' dir='ltr'><strong>in</strong></span> <span class='ocrx_word' id='word_1_71' title='bbox 1730 1064 2051 1140; x_wconf 75' lang='lat' dir='ltr'><strong>gymnasiis,</strong></span> <span class='ocrx_word' id='word_1_72' title='bbox 2078 1073 2136 1119; x_wconf 87' lang='lat' dir='ltr'><strong>et</strong></span> <span class='ocrx_word' id='word_1_73' title='bbox 2169 1062 2225 1117; x_wconf 90' lang='lat' dir='ltr'><strong>in</strong></span> 
     </span>
    </p>
   </div>
   <div class='ocr_carea' id='block_1_13' title="bbox 642 1156 2225 1233">
    <p class='ocr_par' dir='ltr' id='par_1_13' title="bbox 642 1156 2225 1233">
     <span class='ocr_line' id='line_1_13' title="bbox 642 1156 2225 1233; baseline -0.013 -3"><span class='ocrx_word' id='word_1_74' title='bbox 642 1172 921 1231; x_wconf 80' lang='lat' dir='ltr'><strong>artiﬁcum</strong></span> <span class='ocrx_word' id='word_1_75' title='bbox 942 1167 1200 1233; x_wconf 85' lang='lat' dir='ltr'><strong>ollicinis,</strong></span> <span class='ocrx_word' id='word_1_76' title='bbox 1223 1164 1450 1222; x_wconf 81' lang='lat' dir='ltr'><strong>assidue</strong></span> <span class='ocrx_word' id='word_1_77' title='bbox 1468 1160 1820 1233; x_wconf 72' lang='lat' dir='ltr'><strong>disputabat;</strong></span> <span class='ocrx_word' id='word_1_78' title='bbox 1846 1156 2011 1213; x_wconf 89' lang='lat' dir='ltr'><strong>modo</strong></span> <span class='ocrx_word' id='word_1_79' title='bbox 2038 1163 2225 1211; x_wconf 89' lang='lat' dir='ltr'><strong>autem</strong></span> 
     </span>
    </p>
   </div>
   <div class='ocr_carea' id='block_1_14' title="bbox 641 1248 2226 1324">
    <p class='ocr_par' dir='ltr' id='par_1_14' title="bbox 641 1248 2226 1324">
     <span class='ocr_line' id='line_1_14' title="bbox 641 1248 2226 1324; baseline -0.015 0"><span class='ocrx_word' id='word_1_80' title='bbox 641 1274 701 1324; x_wconf 88' lang='lat' dir='ltr'><strong>et</strong></span> <span class='ocrx_word' id='word_1_81' title='bbox 728 1267 787 1322; x_wconf 91' lang='lat' dir='ltr'><strong>in</strong></span> <span class='ocrx_word' id='word_1_82' title='bbox 809 1264 1037 1321; x_wconf 90' lang='lat' dir='ltr'><strong>civitate</strong></span> <span class='ocrx_word' id='word_1_83' title='bbox 1061 1276 1275 1318; x_wconf 88' lang='lat' dir='ltr'><strong>moram</strong></span> <span class='ocrx_word' id='word_1_84' title='bbox 1302 1256 1579 1320; x_wconf 88' lang='lat' dir='ltr'><strong>trahebat,</strong></span> <span class='ocrx_word' id='word_1_85' title='bbox 1611 1253 1777 1309; x_wconf 89' lang='lat' dir='ltr'><strong>modo</strong></span> <span class='ocrx_word' id='word_1_86' title='bbox 1807 1261 1864 1307; x_wconf 88' lang='lat' dir='ltr'><strong>et</strong></span> <span class='ocrx_word' id='word_1_87' title='bbox 1894 1250 1961 1305; x_wconf 89' lang='lat' dir='ltr'><strong>ad</strong></span> <span class='ocrx_word' id='word_1_88' title='bbox 1988 1248 2226 1304; x_wconf 61' lang='lat' dir='ltr'><strong>Piraeum</strong></span> 
     </span>
    </p>
   </div>
   <div class='ocr_carea' id='block_1_15' title="bbox 642 1336 2231 1425">
    <p class='ocr_par' dir='ltr' id='par_1_15' title="bbox 642 1336 2231 1425">
     <span class='ocr_line' id='line_1_15' title="bbox 642 1336 2231 1425; baseline -0.016 -11"><span class='ocrx_word' id='word_1_89' title='bbox 642 1354 991 1413; x_wconf 82' lang='lat' dir='ltr'><strong>descendens</strong></span> <span class='ocrx_word' id='word_1_90' title='bbox 1021 1367 1256 1425; x_wconf 81' lang='lat' dir='ltr'><strong>pompas</strong></span> <span class='ocrx_word' id='word_1_91' title='bbox 1283 1346 1600 1420; x_wconf 80' lang='lat' dir='ltr'><strong>spectabat;</strong></span> <span class='ocrx_word' id='word_1_92' title='bbox 1629 1341 1858 1398; x_wconf 88' lang='lat' dir='ltr'><strong>armatis</strong></span> <span class='ocrx_word' id='word_1_93' title='bbox 1888 1339 2056 1395; x_wconf 81' lang='lat' dir='ltr'><strong>etiam</strong></span> <span class='ocrx_word' id='word_1_94' title='bbox 2080 1336 2231 1392; x_wconf 89' lang='lat' dir='ltr'><strong>mili-</strong></span> 
     </span>
    </p>
   </div>
   <div class='ocr_carea' id='block_1_16' title="bbox 646 1428 2228 1516">
    <p class='ocr_par' dir='ltr' id='par_1_16' title="bbox 646 1428 2228 1516">
     <span class='ocr_line' id='line_1_16' title="bbox 646 1428 2228 1516; baseline -0.013 -13"><span class='ocrx_word' id='word_1_95' title='bbox 646 1449 795 1505; x_wconf 86' lang='lat' dir='ltr'><strong>tibus</strong></span> <span class='ocrx_word' id='word_1_96' title='bbox 842 1446 1138 1516; x_wconf 87' lang='lat' dir='ltr'><strong>ascriptus,</strong></span> <span class='ocrx_word' id='word_1_97' title='bbox 1183 1450 1241 1497; x_wconf 88' lang='lat' dir='ltr'><strong>et</strong></span> <span class='ocrx_word' id='word_1_98' title='bbox 1286 1441 1344 1495; x_wconf 90' lang='lat' dir='ltr'><strong>in</strong></span> <span class='ocrx_word' id='word_1_99' title='bbox 1367 1437 1635 1501; x_wconf 69' lang='lat' dir='ltr'><strong>Potidaea,</strong></span> <span class='ocrx_word' id='word_1_100' title='bbox 1686 1443 1743 1490; x_wconf 92' lang='lat' dir='ltr'><strong>et</strong></span> <span class='ocrx_word' id='word_1_101' title='bbox 1785 1434 1842 1489; x_wconf 91' lang='lat' dir='ltr'><strong>in</strong></span> <span class='ocrx_word' id='word_1_102' title='bbox 1876 1431 2010 1488; x_wconf 89' lang='lat' dir='ltr'><strong>Delo</strong></span> <span class='ocrx_word' id='word_1_103' title='bbox 2048 1428 2228 1485; x_wconf 86' lang='lat' dir='ltr'><strong>insula</strong></span> 
     </span>
    </p>
   </div>
   <div class='ocr_carea' id='block_1_17' title="bbox 644 1521 2230 1604">
    <p class='ocr_par' dir='ltr' id='par_1_17' title="bbox 644 1521 2230 1604">
     <span class='ocr_line' id='line_1_17' title="bbox 644 1521 2230 1604; baseline -0.013 -9"><span class='ocrx_word' id='word_1_104' title='bbox 644 1527 925 1596; x_wconf 83' lang='lat' dir='ltr'><strong>militavit.</strong></span> <span class='ocrx_word' id='word_1_105' title='bbox 951 1536 1095 1604; x_wconf 86' lang='lat' dir='ltr'><strong>Quin</strong></span> <span class='ocrx_word' id='word_1_106' title='bbox 1122 1542 1179 1591; x_wconf 92' lang='lat' dir='ltr'><strong>et</strong></span> <span class='ocrx_word' id='word_1_107' title='bbox 1200 1529 1453 1589; x_wconf 85' lang='lat' dir='ltr'><strong>convivia</strong></span> <span class='ocrx_word' id='word_1_108' title='bbox 1478 1529 1863 1599; x_wconf 81' lang='lat' dir='ltr'><strong>frequentans,</strong></span> <span class='ocrx_word' id='word_1_109' title='bbox 1906 1521 2230 1593; x_wconf 80' lang='lat' dir='ltr'><strong>AriStopha—</strong></span> 
     </span>
    </p>
   </div>
   <div class='ocr_carea' id='block_1_18' title="bbox 643 1614 2232 1687">
    <p class='ocr_par' dir='ltr' id='par_1_18' title="bbox 643 1614 2232 1687">
     <span class='ocr_line' id='line_1_18' title="bbox 643 1614 2232 1687; baseline -0.013 0"><span class='ocrx_word' id='word_1_110' title='bbox 643 1630 733 1687; x_wconf 87' lang='lat' dir='ltr'><strong>nis</strong></span> <span class='ocrx_word' id='word_1_111' title='bbox 767 1628 978 1685; x_wconf 87' lang='lat' dir='ltr'><strong>comica</strong></span> <span class='ocrx_word' id='word_1_112' title='bbox 1016 1623 1259 1680; x_wconf 89' lang='lat' dir='ltr'><strong>ludibria</strong></span> <span class='ocrx_word' id='word_1_113' title='bbox 1288 1621 1620 1686; x_wconf 85' lang='lat' dir='ltr'><strong>sustinebat,</strong></span> <span class='ocrx_word' id='word_1_114' title='bbox 1652 1627 1710 1675; x_wconf 90' lang='lat' dir='ltr'><strong>et</strong></span> <span class='ocrx_word' id='word_1_115' title='bbox 1735 1614 2041 1672; x_wconf 80' lang='lat' dir='ltr'><strong>Alcibiadis</strong></span> <span class='ocrx_word' id='word_1_116' title='bbox 2072 1619 2232 1684; x_wconf 89' lang='lat' dir='ltr'><strong>petu-</strong></span> 
     </span>
    </p>
   </div>
   <div class='ocr_carea' id='block_1_19' title="bbox 643 1706 2226 1787">
    <p class='ocr_par' dir='ltr' id='par_1_19' title="bbox 643 1706 2226 1787">
     <span class='ocr_line' id='line_1_19' title="bbox 643 1706 2226 1787; baseline -0.012 -10"><span class='ocrx_word' id='word_1_117' title='bbox 643 1722 871 1778; x_wconf 84' lang='lat' dir='ltr'><strong>lantiam</strong></span> <span class='ocrx_word' id='word_1_118' title='bbox 917 1735 933 1773; x_wconf 88' lang='lat'><strong>:</strong></span> <span class='ocrx_word' id='word_1_119' title='bbox 974 1718 1086 1772; x_wconf 89' lang='lat' dir='ltr'><strong>hoc</strong></span> <span class='ocrx_word' id='word_1_120' title='bbox 1127 1714 1277 1771; x_wconf 88' lang='lat' dir='ltr'><strong>enim</strong></span> <span class='ocrx_word' id='word_1_121' title='bbox 1331 1713 1495 1769; x_wconf 85' lang='lat' dir='ltr'><strong>docet</strong></span> <span class='ocrx_word' id='word_1_122' title='bbox 1548 1709 1797 1787; x_wconf 84' lang='lat' dir='ltr'><strong>Platonis</strong></span> <span class='ocrx_word' id='word_1_123' title='bbox 1854 1706 2226 1780; x_wconf 79' lang='lat' dir='ltr'><strong>Symposium.</strong></span> 
     </span>
    </p>
   </div>
   <div class='ocr_carea' id='block_1_20' title="bbox 2324 502 3931 581">
    <p class='ocr_par' dir='ltr' id='par_1_20' title="bbox 2324 502 3931 581">
     <span class='ocr_line' id='line_1_20' title="bbox 2324 502 3931 581; baseline -0.009 -13"><span class='ocrx_word' id='word_1_124' title='bbox 2324 512 2601 568; x_wconf 72' lang='grc' dir='ltr'>πολιτείαν</span> <span class='ocrx_word' id='word_1_125' title='bbox 2624 527 2639 542; x_wconf 80' lang='grc' dir='ltr'><strong>ο</strong></span> <span class='ocrx_word' id='word_1_126' title='bbox 2674 511 2735 565; x_wconf 74' lang='grc' dir='ltr'><strong>οὗ</strong></span> <span class='ocrx_word' id='word_1_127' title='bbox 2762 513 2872 581; x_wconf 75' lang='grc' dir='ltr'><strong>γὰρ</strong></span> <span class='ocrx_word' id='word_1_128' title='bbox 2898 510 2964 580; x_wconf 82' lang='grc' dir='ltr'>δή</span> <span class='ocrx_word' id='word_1_129' title='bbox 2994 525 3078 574; x_wconf 88' lang='grc' dir='ltr'><strong>τις</strong></span> <span class='ocrx_word' id='word_1_130' title='bbox 3108 509 3240 579; x_wconf 76' lang='grc' dir='ltr'>παρ’</span> <span class='ocrx_word' id='word_1_131' title='bbox 3264 506 3498 569; x_wconf 70' lang='grc' dir='ltr'>ἐκείνοις</span> <span class='ocrx_word' id='word_1_132' title='bbox 3524 502 3777 562; x_wconf 78' lang='grc' dir='ltr'>τοιοῦτος</span> <span class='ocrx_word' id='word_1_133' title='bbox 3800 505 3931 570; x_wconf 76' lang='grc' dir='ltr'><strong>ἐγέ-</strong></span> 
     </span>
    </p>
   </div>
   <div class='ocr_carea' id='block_1_21' title="bbox 2324 594 3931 673">
    <p class='ocr_par' dir='ltr' id='par_1_21' title="bbox 2324 594 3931 673">
     <span class='ocr_line' id='line_1_21' title="bbox 2324 594 3931 673; baseline -0.009 -14"><span class='ocrx_word' id='word_1_134' title='bbox 2324 620 2467 659; x_wconf 89' lang='grc' dir='ltr'>νετο.</span> <span class='ocrx_word' id='word_1_135' title='bbox 2503 604 2563 658; x_wconf 89' lang='lat'><strong>&#39;0</strong></span> <span class='ocrx_word' id='word_1_136' title='bbox 2597 602 2694 673; x_wconf 68' lang='grc' dir='ltr'>μιν</span> <span class='ocrx_word' id='word_1_137' title='bbox 2725 602 2829 673; x_wconf 78' lang='grc' dir='ltr'><strong>γὰρ</strong></span> <span class='ocrx_word' id='word_1_138' title='bbox 2856 599 3176 670; x_wconf 75' lang='grc' dir='ltr'><strong>Σωκράτης,</strong></span> <span class='ocrx_word' id='word_1_139' title='bbox 3209 596 3319 651; x_wconf 85' lang='grc' dir='ltr'><strong>τῶν</strong></span> <span class='ocrx_word' id='word_1_140' title='bbox 3354 594 3668 666; x_wconf 73' lang='grc' dir='ltr'>φιλοσόφων</span> <span class='ocrx_word' id='word_1_141' title='bbox 3695 595 3725 647; x_wconf 87' lang='grc' dir='ltr'><strong>δ</strong></span> <span class='ocrx_word' id='word_1_142' title='bbox 3748 609 3931 664; x_wconf 69' lang='grc' dir='ltr'>κορο-</span> 
     </span>
    </p>
   </div>
   <div class='ocr_carea' id='block_1_22' title="bbox 2325 682 3933 766">
    <p class='ocr_par' dir='ltr' id='par_1_22' title="bbox 2325 682 3933 766">
     <span class='ocr_line' id='line_1_22' title="bbox 2325 682 3933 766; baseline -0.009 -15"><span class='ocrx_word' id='word_1_143' title='bbox 2325 697 2507 766; x_wconf 76' lang='grc' dir='ltr'>φαῖος,</span> <span class='ocrx_word' id='word_1_144' title='bbox 2536 682 2665 750; x_wconf 17' lang='grc' dir='ltr'>νίκάν</span> <span class='ocrx_word' id='word_1_145' title='bbox 2703 696 2814 757; x_wconf 86' lang='grc' dir='ltr'>τοῖς</span> <span class='ocrx_word' id='word_1_146' title='bbox 2860 690 3188 763; x_wconf 73' lang='grc' dir='ltr'><strong>γυμνασίοις</strong></span> <span class='ocrx_word' id='word_1_147' title='bbox 3219 690 3323 743; x_wconf 80' lang='grc' dir='ltr'><strong>κάν</strong></span> <span class='ocrx_word' id='word_1_148' title='bbox 3359 690 3472 751; x_wconf 79' lang='grc' dir='ltr'>τοῖς</span> <span class='ocrx_word' id='word_1_149' title='bbox 3522 686 3933 759; x_wconf 68' lang='grc' dir='ltr'><strong>ἐργαστηρίοις</strong></span> 
     </span>
    </p>
   </div>
   <div class='ocr_carea' id='block_1_23' title="bbox 2325 775 3937 857">
    <p class='ocr_par' dir='ltr' id='par_1_23' title="bbox 2325 775 3937 857">
     <span class='ocr_line' id='line_1_23' title="bbox 2325 775 3937 857; baseline -0.008 -17"><span class='ocrx_word' id='word_1_150' title='bbox 2325 785 2707 857; x_wconf 82' lang='grc' dir='ltr'>διαλεγόμενος</span> <span class='ocrx_word' id='word_1_151' title='bbox 2731 784 2960 840; x_wconf 78' lang='grc' dir='ltr'><strong>διετέλει</strong></span> <span class='ocrx_word' id='word_1_152' title='bbox 2978 796 2993 813; x_wconf 80' lang='grc'>⁶</span> <span class='ocrx_word' id='word_1_153' title='bbox 3016 780 3115 838; x_wconf 68' lang='grc' dir='ltr'>καὶ</span> <span class='ocrx_word' id='word_1_154' title='bbox 3137 782 3268 836; x_wconf 73' lang='grc' dir='ltr'>ποτε</span> <span class='ocrx_word' id='word_1_155' title='bbox 3309 779 3408 851; x_wconf 72' lang='grc' dir='ltr'>μὲν</span> <span class='ocrx_word' id='word_1_156' title='bbox 3434 780 3493 833; x_wconf 77' lang='grc' dir='ltr'>ἐν</span> <span class='ocrx_word' id='word_1_157' title='bbox 3532 778 3690 831; x_wconf 80' lang='grc' dir='ltr'>ἄστει</span> <span class='ocrx_word' id='word_1_158' title='bbox 3714 775 3937 848; x_wconf 81' lang='grc' dir='ltr'>διέτρι-</span> 
     </span>
    </p>
   </div>
   <div class='ocr_carea' id='block_1_24' title="bbox 2328 868 3931 949">
    <p class='ocr_par' dir='ltr' id='par_1_24' title="bbox 2328 868 3931 949">
     <span class='ocr_line' id='line_1_24' title="bbox 2328 868 3931 949; baseline -0.007 -18"><span class='ocrx_word' id='word_1_159' title='bbox 2328 876 2415 942; x_wconf 78' lang='grc' dir='ltr'><strong>δε,</strong></span> <span class='ocrx_word' id='word_1_160' title='bbox 2443 876 2577 931; x_wconf 76' lang='grc' dir='ltr'>ποτὲ</span> <span class='ocrx_word' id='word_1_161' title='bbox 2609 877 2667 933; x_wconf 75' lang='grc' dir='ltr'>δὲ</span> <span class='ocrx_word' id='word_1_162' title='bbox 2691 879 2771 942; x_wconf 87' lang='grc' dir='ltr'><strong>είς</strong></span> <span class='ocrx_word' id='word_1_163' title='bbox 2791 876 3027 949; x_wconf 79' lang='grc' dir='ltr'>Πειραιά</span> <span class='ocrx_word' id='word_1_164' title='bbox 3049 874 3254 931; x_wconf 85' lang='grc' dir='ltr'>κατιὼν</span> <span class='ocrx_word' id='word_1_165' title='bbox 3274 872 3374 937; x_wconf 78' lang='grc' dir='ltr'><strong>τὰς</strong></span> <span class='ocrx_word' id='word_1_166' title='bbox 3403 869 3634 942; x_wconf 72' lang='grc' dir='ltr'>πομπᾶς</span> <span class='ocrx_word' id='word_1_167' title='bbox 3668 868 3931 939; x_wconf 67' lang='grc' dir='ltr'>ἐθεώρει·</span> 
     </span>
    </p>
   </div>
   <div class='ocr_carea' id='block_1_25' title="bbox 2328 958 3934 1037">
    <p class='ocr_par' dir='ltr' id='par_1_25' title="bbox 2328 958 3934 1037">
     <span class='ocr_line' id='line_1_25' title="bbox 2328 958 3934 1037; baseline -0.007 -15"><span class='ocrx_word' id='word_1_168' title='bbox 2328 968 2423 1022; x_wconf 71' lang='grc' dir='ltr'>καὶ</span> <span class='ocrx_word' id='word_1_169' title='bbox 2447 969 2560 1033; x_wconf 79' lang='grc' dir='ltr'>τοῖς</span> <span class='ocrx_word' id='word_1_170' title='bbox 2586 967 2832 1032; x_wconf 75' lang='grc' dir='ltr'><strong>ὁπλίταις</strong></span> <span class='ocrx_word' id='word_1_171' title='bbox 2860 967 2919 1021; x_wconf 73' lang='grc' dir='ltr'>δὲ</span> <span class='ocrx_word' id='word_1_172' title='bbox 2947 966 3394 1037; x_wconf 81' lang='grc' dir='ltr'>ξυνταττόμενος,</span> <span class='ocrx_word' id='word_1_173' title='bbox 3416 960 3559 1035; x_wconf 75' lang='grc' dir='ltr'>[καὶ]</span> <span class='ocrx_word' id='word_1_174' title='bbox 3578 964 3638 1015; x_wconf 70' lang='grc' dir='ltr'><strong>ὲν</strong></span> <span class='ocrx_word' id='word_1_175' title='bbox 3659 958 3934 1030; x_wconf 66' lang='grc' dir='ltr'>Ποτιδαίᾳ</span> 
     </span>
    </p>
   </div>
   <div class='ocr_carea' id='block_1_26' title="bbox 2329 1051 3929 1132">
    <p class='ocr_par' dir='ltr' id='par_1_26' title="bbox 2329 1051 3929 1132">
     <span class='ocr_line' id='line_1_26' title="bbox 2329 1051 3929 1132; baseline -0.007 -18"><span class='ocrx_word' id='word_1_176' title='bbox 2329 1063 2422 1115; x_wconf 75' lang='grc' dir='ltr'>καὶ</span> <span class='ocrx_word' id='word_1_177' title='bbox 2453 1061 2513 1113; x_wconf 71' lang='grc' dir='ltr'>ὲν</span> <span class='ocrx_word' id='word_1_178' title='bbox 2544 1062 2700 1132; x_wconf 81' lang='grc' dir='ltr'><strong>Δήλῳ</strong></span> <span class='ocrx_word' id='word_1_179' title='bbox 2729 1059 3121 1132; x_wconf 80' lang='grc' dir='ltr'>παρετάττετο.</span> <span class='ocrx_word' id='word_1_180' title='bbox 3154 1059 3266 1112; x_wconf 76' lang='grc' dir='ltr'><strong>Καὶ</strong></span> <span class='ocrx_word' id='word_1_181' title='bbox 3309 1057 3493 1128; x_wconf 75' lang='grc' dir='ltr'>μέντοι</span> <span class='ocrx_word' id='word_1_182' title='bbox 3544 1054 3643 1108; x_wconf 77' lang='grc' dir='ltr'>καὶ</span> <span class='ocrx_word' id='word_1_183' title='bbox 3680 1053 3763 1117; x_wconf 74' lang='grc' dir='ltr'>εἰς</span> <span class='ocrx_word' id='word_1_184' title='bbox 3794 1051 3929 1115; x_wconf 78' lang='grc' dir='ltr'>ξυσ-</span> 
     </span>
    </p>
   </div>
   <div class='ocr_carea' id='block_1_27' title="bbox 2332 1141 3933 1219">
    <p class='ocr_par' dir='ltr' id='par_1_27' title="bbox 2332 1141 3933 1219">
     <span class='ocr_line' id='line_1_27' title="bbox 2332 1141 3933 1219; baseline -0.005 -17"><span class='ocrx_word' id='word_1_185' title='bbox 2332 1149 2480 1203; x_wconf 88' lang='grc' dir='ltr'>σίτια</span> <span class='ocrx_word' id='word_1_186' title='bbox 2509 1148 2687 1203; x_wconf 86' lang='grc' dir='ltr'>ἀπιὼν</span> <span class='ocrx_word' id='word_1_187' title='bbox 2708 1149 2958 1219; x_wconf 74' lang='grc' dir='ltr'><strong>ἠνείχετο</strong></span> <span class='ocrx_word' id='word_1_188' title='bbox 2987 1148 3085 1204; x_wconf 75' lang='grc' dir='ltr'><strong>καὶ</strong></span> <span class='ocrx_word' id='word_1_189' title='bbox 3134 1146 3558 1218; x_wconf 74' lang='grc' dir='ltr'>’Δριστοφάνους</span> <span class='ocrx_word' id='word_1_190' title='bbox 3591 1141 3933 1215; x_wconf 70' lang='grc' dir='ltr'>κωμῳδοῦν-</span> 
     </span>
    </p>
   </div>
   <div class='ocr_carea' id='block_1_28' title="bbox 2328 1234 3932 1311">
    <p class='ocr_par' dir='ltr' id='par_1_28' title="bbox 2328 1234 3932 1311">
     <span class='ocr_line' id='line_1_28' title="bbox 2328 1234 3932 1311; baseline -0.004 -17"><span class='ocrx_word' id='word_1_191' title='bbox 2328 1256 2443 1304; x_wconf 86' lang='grc' dir='ltr'>τος,</span> <span class='ocrx_word' id='word_1_192' title='bbox 2478 1241 2577 1294; x_wconf 70' lang='grc' dir='ltr'><strong>καὶ</strong></span> <span class='ocrx_word' id='word_1_193' title='bbox 2625 1238 2963 1293; x_wconf 76' lang='grc' dir='ltr'>Ἀλκιϐιάδου</span> <span class='ocrx_word' id='word_1_194' title='bbox 3008 1238 3391 1311; x_wconf 73' lang='grc' dir='ltr'>κωμάζοντος·</span> <span class='ocrx_word' id='word_1_195' title='bbox 3435 1236 3599 1290; x_wconf 75' lang='grc' dir='ltr'>τοῦτο</span> <span class='ocrx_word' id='word_1_196' title='bbox 3639 1237 3661 1268; x_wconf 85' lang='grc'>⁸</span> <span class='ocrx_word' id='word_1_197' title='bbox 3699 1235 3821 1305; x_wconf 78' lang='grc' dir='ltr'><strong>τάρ</strong></span> <span class='ocrx_word' id='word_1_198' title='bbox 3848 1234 3932 1302; x_wconf 81' lang='grc' dir='ltr'>δι-</span> 
     </span>
    </p>
   </div>
   <div class='ocr_carea' id='block_1_29' title="bbox 2330 1326 3934 1400">
    <p class='ocr_par' dir='ltr' id='par_1_29' title="bbox 2330 1326 3934 1400">
     <span class='ocr_line' id='line_1_29' title="bbox 2330 1326 3934 1400; baseline -0.003 -17"><span class='ocrx_word' id='word_1_199' title='bbox 2330 1330 2519 1386; x_wconf 87' lang='grc' dir='ltr'>δάσκει</span> <span class='ocrx_word' id='word_1_200' title='bbox 2545 1329 2641 1385; x_wconf 74' lang='grc' dir='ltr'>τοῦ</span> <span class='ocrx_word' id='word_1_201' title='bbox 2664 1330 2950 1393; x_wconf 82' lang='grc' dir='ltr'>Πλάτωνος</span> <span class='ocrx_word' id='word_1_202' title='bbox 2968 1331 3027 1384; x_wconf 80' lang='grc' dir='ltr'>τὸ</span> <span class='ocrx_word' id='word_1_203' title='bbox 3056 1330 3436 1400; x_wconf 78' lang='grc' dir='ltr'>Συμπόσιον·</span> <span class='ocrx_word' id='word_1_204' title='bbox 3465 1328 3561 1381; x_wconf 74' lang='lat' dir='ltr'><strong>xa‘t</strong></span> <span class='ocrx_word' id='word_1_205' title='bbox 3591 1329 3676 1391; x_wconf 87' lang='grc' dir='ltr'><strong>είς</strong></span> <span class='ocrx_word' id='word_1_206' title='bbox 3695 1326 3934 1397; x_wconf 81' lang='grc' dir='ltr'>θέατρον</span> 
     </span>
    </p>
   </div>
   <div class='ocr_carea' id='block_1_30' title="bbox 2332 1418 3934 1492">
    <p class='ocr_par' dir='ltr' id='par_1_30' title="bbox 2332 1418 3934 1492">
     <span class='ocr_line' id='line_1_30' title="bbox 2332 1418 3934 1492; baseline -0.005 -15"><span class='ocrx_word' id='word_1_207' title='bbox 2332 1421 2640 1477; x_wconf 76' lang='grc' dir='ltr'>ἀναϐαίνων</span> <span class='ocrx_word' id='word_1_208' title='bbox 2668 1420 2956 1488; x_wconf 77' lang='grc' dir='ltr'>ξυνεθεᾶτο</span> <span class='ocrx_word' id='word_1_209' title='bbox 2986 1422 3064 1491; x_wconf 86' lang='grc' dir='ltr'>τῷ</span> <span class='ocrx_word' id='word_1_210' title='bbox 3092 1422 3267 1492; x_wconf 81' lang='grc' dir='ltr'>δήμῳ.</span> <span class='ocrx_word' id='word_1_211' title='bbox 3292 1420 3531 1474; x_wconf 84' lang='grc' dir='ltr'>Ἥκιστα</span> <span class='ocrx_word' id='word_1_212' title='bbox 3564 1418 3753 1471; x_wconf 82' lang='grc' dir='ltr'>τοίνυν</span> <span class='ocrx_word' id='word_1_213' title='bbox 3779 1418 3934 1487; x_wconf 66' lang='grc' dir='ltr'>αὐτῷ</span> 
     </span>
    </p>
   </div>
   <div class='ocr_carea' id='block_1_31' title="bbox 2333 1508 3933 1585">
    <p class='ocr_par' dir='ltr' id='par_1_31' title="bbox 2333 1508 3933 1585">
     <span class='ocr_line' id='line_1_31' title="bbox 2333 1508 3933 1585; baseline -0.004 -19"><span class='ocrx_word' id='word_1_214' title='bbox 2333 1513 2598 1585; x_wconf 85' lang='grc' dir='ltr'>προσήκει</span> <span class='ocrx_word' id='word_1_215' title='bbox 2629 1513 2699 1567; x_wconf 84' lang='grc' dir='ltr'><strong>τά</strong></span> <span class='ocrx_word' id='word_1_216' title='bbox 2725 1512 2876 1582; x_wconf 85' lang='grc' dir='ltr'><strong>παρά</strong></span> <span class='ocrx_word' id='word_1_217' title='bbox 2902 1511 3191 1576; x_wconf 80' lang='grc' dir='ltr'>Πλάτωνος</span> <span class='ocrx_word' id='word_1_218' title='bbox 3215 1510 3503 1583; x_wconf 77' lang='grc' dir='ltr'>εἰρημένα.</span> <span class='ocrx_word' id='word_1_219' title='bbox 3533 1510 3596 1563; x_wconf 81' lang='grc' dir='ltr'><strong>Εἰ</strong></span> <span class='ocrx_word' id='word_1_220' title='bbox 3614 1509 3674 1562; x_wconf 76' lang='grc' dir='ltr'>δὲ</span> <span class='ocrx_word' id='word_1_221' title='bbox 3703 1511 3726 1542; x_wconf 79' lang='grc'>⁸</span> <span class='ocrx_word' id='word_1_222' title='bbox 3752 1508 3933 1577; x_wconf 68' lang='grc' dir='ltr'>τούτῳ</span> 
     </span>
    </p>
   </div>
   <div class='ocr_carea' id='block_1_32' title="bbox 2333 1600 3933 1678">
    <p class='ocr_par' dir='ltr' id='par_1_32' title="bbox 2333 1600 3933 1678">
     <span class='ocr_line' id='line_1_32' title="bbox 2333 1600 3933 1678; baseline -0.004 -19"><span class='ocrx_word' id='word_1_223' title='bbox 2333 1606 2394 1660; x_wconf 84' lang='grc' dir='ltr'><strong>οὐ</strong></span> <span class='ocrx_word' id='word_1_224' title='bbox 2417 1604 2689 1678; x_wconf 82' lang='grc' dir='ltr'>προσῆκε,</span> <span class='ocrx_word' id='word_1_225' title='bbox 2739 1605 2902 1677; x_wconf 74' lang='grc' dir='ltr'>σχολῇ</span> <span class='ocrx_word' id='word_1_226' title='bbox 2936 1604 2988 1673; x_wconf 79' lang='grc' dir='ltr'><strong>γ’</strong></span> <span class='ocrx_word' id='word_1_227' title='bbox 3028 1604 3095 1658; x_wconf 82' lang='grc' dir='ltr'><strong>ἂν</strong></span> <span class='ocrx_word' id='word_1_228' title='bbox 3122 1601 3267 1674; x_wconf 74' lang='grc' dir='ltr'>ἄλλῳ</span> <span class='ocrx_word' id='word_1_229' title='bbox 3314 1620 3392 1675; x_wconf 81' lang='grc' dir='ltr'>τῳ</span> <span class='ocrx_word' id='word_1_230' title='bbox 3425 1602 3740 1674; x_wconf 81' lang='grc' dir='ltr'>ἁρμόσειεν.</span> <span class='ocrx_word' id='word_1_231' title='bbox 3777 1600 3847 1654; x_wconf 86' lang='grc' dir='ltr'>Οἱ</span> <span class='ocrx_word' id='word_1_232' title='bbox 3877 1601 3933 1652; x_wconf 73' lang='grc' dir='ltr'>δὲ</span> 
     </span>
    </p>
   </div>
   <div class='ocr_carea' id='block_1_33' title="bbox 2334 1698 3933 1771">
    <p class='ocr_par' dir='ltr' id='par_1_33' title="bbox 2334 1698 3933 1771">
     <span class='ocr_line' id='line_1_33' title="bbox 2334 1698 3933 1771; baseline -0.001 -18"><span class='ocrx_word' id='word_1_233' title='bbox 2334 1698 2436 1769; x_wconf 81' lang='grc' dir='ltr'>τῆς</span> <span class='ocrx_word' id='word_1_234' title='bbox 2459 1698 2826 1771; x_wconf 58' lang='grc' dir='ltr'>εὐαγγᾱικῆς</span> <span class='ocrx_word' id='word_1_235' title='bbox 2846 1699 3175 1771; x_wconf 68' lang='grc' dir='ltr'>δρασθέντες</span> <span class='ocrx_word' id='word_1_236' title='bbox 3202 1698 3525 1769; x_wconf 78' lang='grc' dir='ltr'>φιλοσοφίας</span> <span class='ocrx_word' id='word_1_237' title='bbox 3554 1698 3749 1770; x_wconf 78' lang='grc' dir='ltr'>πόρῤω</span> <span class='ocrx_word' id='word_1_238' title='bbox 3783 1698 3806 1727; x_wconf 86' lang='lat'>&#39;</span> <span class='ocrx_word' id='word_1_239' title='bbox 3833 1700 3933 1770; x_wconf 77' lang='grc' dir='ltr'>μὲν</span> 
     </span>
    </p>
   </div>
   <div class='ocr_carea' id='block_1_34' title="bbox 647 1774 2238 1869">
    <p class='ocr_par' dir='ltr' id='par_1_34' title="bbox 647 1774 2230 1869">
     <span class='ocr_line' id='line_1_34' title="bbox 647 1774 2230 1869; baseline -0.013 0"><span class='ocrx_word' id='word_1_240' title='bbox 647 1813 952 1869; x_wconf 85' lang='lat' dir='ltr'><strong>Theatrum</strong></span> <span class='ocrx_word' id='word_1_241' title='bbox 998 1810 1164 1864; x_wconf 87' lang='lat' dir='ltr'><strong>etiam</strong></span> <span class='ocrx_word' id='word_1_242' title='bbox 1207 1804 1591 1862; x_wconf 87' lang='lat' dir='ltr'><strong>conscendens</strong></span> <span class='ocrx_word' id='word_1_243' title='bbox 1640 1786 1805 1857; x_wconf 89' lang='lat' dir='ltr'><strong>ludos</strong></span> <span class='ocrx_word' id='word_1_244' title='bbox 1844 1774 2230 1868; x_wconf 43' lang='lat' dir='ltr'><strong>cum—populo</strong></span> 
     </span>
    </p>
   </div>
   <div class='ocr_carea' id='block_1_35' title="bbox 2341 1774 3931 1869">
    <p class='ocr_par' dir='ltr' id='par_1_35' title="bbox 2341 1790 3931 1864">
     <span class='ocr_line' id='line_1_35' title="bbox 2341 1790 3931 1864; baseline -0.003 -19"><span class='ocrx_word' id='word_1_245' title='bbox 2341 1790 2440 1845; x_wconf 81' lang='grc' dir='ltr'><strong>τῶν</strong></span> <span class='ocrx_word' id='word_1_246' title='bbox 2462 1790 2756 1846; x_wconf 82' lang='grc' dir='ltr'>πολιτικῶν</span> <span class='ocrx_word' id='word_1_247' title='bbox 2779 1791 3027 1864; x_wconf 76' lang='grc' dir='ltr'>θορύϐων</span> <span class='ocrx_word' id='word_1_248' title='bbox 3044 1793 3372 1863; x_wconf 75' lang='grc' dir='ltr'>γεγένηνται</span> <span class='ocrx_word' id='word_1_249' title='bbox 3397 1809 3413 1823; x_wconf 75' lang='grc' dir='ltr'><strong><em>ο</em></strong></span> <span class='ocrx_word' id='word_1_250' title='bbox 3440 1790 3541 1855; x_wconf 76' lang='grc' dir='ltr'><strong>τὰς</strong></span> <span class='ocrx_word' id='word_1_251' title='bbox 3566 1791 3625 1845; x_wconf 80' lang='grc' dir='ltr'>δὲ</span> <span class='ocrx_word' id='word_1_252' title='bbox 3650 1790 3762 1843; x_wconf 82' lang='grc' dir='ltr'><strong>τῶν</strong></span> <span class='ocrx_word' id='word_1_253' title='bbox 3789 1790 3931 1861; x_wconf 66' lang='grc' dir='ltr'>δρῶν</span> 
     </span>
    </p>
   </div>
   <div class='ocr_carea' id='block_1_36' title="bbox 648 1889 2233 1977">
    <p class='ocr_par' dir='ltr' id='par_1_36' title="bbox 648 1889 2233 1977">
     <span class='ocr_line' id='line_1_36' title="bbox 648 1889 2233 1977; baseline -0.012 -14"><span class='ocrx_word' id='word_1_254' title='bbox 648 1906 948 1977; x_wconf 81' lang='lat' dir='ltr'><strong>spectabat.</strong></span> <span class='ocrx_word' id='word_1_255' title='bbox 964 1902 1182 1957; x_wconf 80' lang='lat' dir='ltr'><strong>Minime</strong></span> <span class='ocrx_word' id='word_1_256' title='bbox 1197 1899 1365 1970; x_wconf 88' lang='lat' dir='ltr'><strong>igitur</strong></span> <span class='ocrx_word' id='word_1_257' title='bbox 1375 1895 1587 1952; x_wconf 89' lang='lat' dir='ltr'><strong>Socrati</strong></span> <span class='ocrx_word' id='word_1_258' title='bbox 1600 1892 1936 1950; x_wconf 88' lang='lat' dir='ltr'><strong>conveniunt</strong></span> <span class='ocrx_word' id='word_1_259' title='bbox 1948 1905 2071 1961; x_wconf 65' lang='lat' dir='ltr'><strong>quae</strong></span> <span class='ocrx_word' id='word_1_260' title='bbox 2085 1889 2233 1946; x_wconf 91' lang='lat' dir='ltr'><strong>dicta</strong></span> 
     </span>
    </p>
   </div>
   <div class='ocr_carea' id='block_1_37' title="bbox 650 1980 2231 2065">
    <p class='ocr_par' dir='ltr' id='par_1_37' title="bbox 650 1980 2231 2065">
     <span class='ocr_line' id='line_1_37' title="bbox 650 1980 2231 2065; baseline -0.011 -13"><span class='ocrx_word' id='word_1_261' title='bbox 650 2006 781 2065; x_wconf 77' lang='lat' dir='ltr'><strong>sunt</strong></span> <span class='ocrx_word' id='word_1_262' title='bbox 804 2012 834 2049; x_wconf 89' lang='lat' dir='ltr'><strong>a</strong></span> <span class='ocrx_word' id='word_1_263' title='bbox 856 1995 1105 2049; x_wconf 86' lang='lat' dir='ltr'><strong>Platone.</strong></span> <span class='ocrx_word' id='word_1_264' title='bbox 1144 1987 1299 2055; x_wconf 85' lang='lat' dir='ltr'><strong>Quod</strong></span> <span class='ocrx_word' id='word_1_265' title='bbox 1323 1987 1369 2040; x_wconf 90' lang='lat' dir='ltr'><strong>si</strong></span> <span class='ocrx_word' id='word_1_266' title='bbox 1396 1985 1529 2041; x_wconf 91' lang='lat' dir='ltr'><strong>huic</strong></span> <span class='ocrx_word' id='word_1_267' title='bbox 1551 1998 1663 2038; x_wconf 88' lang='lat' dir='ltr'><strong>non</strong></span> <span class='ocrx_word' id='word_1_268' title='bbox 1698 1980 2053 2045; x_wconf 89' lang='lat' dir='ltr'><strong>conveniant,</strong></span> <span class='ocrx_word' id='word_1_269' title='bbox 2088 1994 2231 2050; x_wconf 65' lang='lat' dir='ltr'><strong>aegre</strong></span> 
     </span>
    </p>
   </div>
   <div class='ocr_carea' id='block_1_38' title="bbox 652 2070 2230 2147">
    <p class='ocr_par' dir='ltr' id='par_1_38' title="bbox 652 2070 2230 2147">
     <span class='ocr_line' id='line_1_38' title="bbox 652 2070 2230 2147; baseline -0.012 -4"><span class='ocrx_word' id='word_1_270' title='bbox 652 2088 750 2143; x_wconf 91' lang='lat' dir='ltr'><strong>ulli</strong></span> <span class='ocrx_word' id='word_1_271' title='bbox 776 2085 937 2141; x_wconf 90' lang='lat' dir='ltr'><strong>alteri</strong></span> <span class='ocrx_word' id='word_1_272' title='bbox 966 2080 1319 2137; x_wconf 85' lang='lat' dir='ltr'><strong>convenient.</strong></span> <span class='ocrx_word' id='word_1_273' title='bbox 1352 2078 1422 2133; x_wconf 87' lang='lat' dir='ltr'><strong>At</strong></span> <span class='ocrx_word' id='word_1_274' title='bbox 1452 2075 1549 2147; x_wconf 89' lang='lat' dir='ltr'><strong>qui</strong></span> <span class='ocrx_word' id='word_1_275' title='bbox 1575 2073 1949 2146; x_wconf 87' lang='lat' dir='ltr'><strong>evangelicam</strong></span> <span class='ocrx_word' id='word_1_276' title='bbox 1981 2070 2230 2142; x_wconf 83' lang='lat' dir='ltr'><strong>philoso-</strong></span> 
     </span>
    </p>
   </div>
   <div class='ocr_carea' id='block_1_39' title="bbox 649 2161 2231 2249">
    <p class='ocr_par' dir='ltr' id='par_1_39' title="bbox 649 2161 2231 2249">
     <span class='ocr_line' id='line_1_39' title="bbox 649 2161 2231 2249; baseline -0.011 -16"><span class='ocrx_word' id='word_1_277' title='bbox 649 2178 838 2249; x_wconf 88' lang='lat' dir='ltr'><strong>phiam</strong></span> <span class='ocrx_word' id='word_1_278' title='bbox 863 2175 1215 2235; x_wconf 88' lang='lat' dir='ltr'><strong>adamarunt,</strong></span> <span class='ocrx_word' id='word_1_279' title='bbox 1245 2167 1441 2242; x_wconf 86' lang='lat' dir='ltr'><strong>procul</strong></span> <span class='ocrx_word' id='word_1_280' title='bbox 1470 2182 1529 2222; x_wconf 90' lang='lat' dir='ltr'><strong>se</strong></span> <span class='ocrx_word' id='word_1_281' title='bbox 1550 2166 1620 2222; x_wconf 88' lang='lat' dir='ltr'><strong>ab</strong></span> <span class='ocrx_word' id='word_1_282' title='bbox 1640 2165 1791 2220; x_wconf 89' lang='lat' dir='ltr'><strong>omni</strong></span> <span class='ocrx_word' id='word_1_283' title='bbox 1821 2161 2063 2219; x_wconf 86' lang='lat' dir='ltr'><strong>civitatis</strong></span> <span class='ocrx_word' id='word_1_284' title='bbox 2088 2169 2231 2217; x_wconf 87' lang='lat' dir='ltr'><strong>stre-</strong></span> 
     </span>
    </p>
   </div>
   <div class='ocr_carea' id='block_1_40' title="bbox 650 2251 2231 2339">
    <p class='ocr_par' dir='ltr' id='par_1_40' title="bbox 650 2251 2231 2339">
     <span class='ocr_line' id='line_1_40' title="bbox 650 2251 2231 2339; baseline -0.011 -16"><span class='ocrx_word' id='word_1_285' title='bbox 650 2268 771 2339; x_wconf 88' lang='lat' dir='ltr'><strong>pitu</strong></span> <span class='ocrx_word' id='word_1_286' title='bbox 815 2270 1171 2335; x_wconf 86' lang='lat' dir='ltr'><strong>receperunt,</strong></span> <span class='ocrx_word' id='word_1_287' title='bbox 1215 2259 1605 2327; x_wconf 86' lang='lat' dir='ltr'><strong>montiumque</strong></span> <span class='ocrx_word' id='word_1_288' title='bbox 1646 2255 1932 2326; x_wconf 88' lang='lat' dir='ltr'><strong>occupatis</strong></span> <span class='ocrx_word' id='word_1_289' title='bbox 1960 2251 2231 2325; x_wconf 58' lang='lat' dir='ltr'><strong>fastigiis,</strong></span> 
     </span>
    </p>
   </div>
   <div class='ocr_carea' id='block_1_41' title="bbox 653 2346 2233 2415">
    <p class='ocr_par' dir='ltr' id='par_1_41' title="bbox 653 2346 2233 2415">
     <span class='ocr_line' id='line_1_41' title="bbox 653 2346 2233 2415; baseline -0.009 -2"><span class='ocrx_word' id='word_1_290' title='bbox 653 2367 748 2414; x_wconf 87' lang='lat' dir='ltr'><strong>aut</strong></span> <span class='ocrx_word' id='word_1_291' title='bbox 766 2355 1033 2413; x_wconf 91' lang='lat' dir='ltr'><strong>solitariis</strong></span> <span class='ocrx_word' id='word_1_292' title='bbox 1052 2351 1261 2409; x_wconf 90' lang='lat' dir='ltr'><strong>inlocis</strong></span> <span class='ocrx_word' id='word_1_293' title='bbox 1280 2351 1618 2415; x_wconf 88' lang='lat' dir='ltr'><strong>habitantes,</strong></span> <span class='ocrx_word' id='word_1_294' title='bbox 1632 2352 1820 2402; x_wconf 80' lang='lat' dir='ltr'><strong>rerum</strong></span> <span class='ocrx_word' id='word_1_295' title='bbox 1842 2362 1901 2402; x_wconf 91' lang='lat' dir='ltr'><strong>se</strong></span> <span class='ocrx_word' id='word_1_296' title='bbox 1918 2346 2233 2402; x_wconf 89' lang='lat' dir='ltr'><strong>divinarum</strong></span> 
     </span>
    </p>
   </div>
   <div class='ocr_carea' id='block_1_42' title="bbox 652 2434 2235 2517">
    <p class='ocr_par' dir='ltr' id='par_1_42' title="bbox 652 2434 2235 2517">
     <span class='ocr_line' id='line_1_42' title="bbox 652 2434 2235 2517; baseline -0.009 -13"><span class='ocrx_word' id='word_1_297' title='bbox 652 2445 1128 2517; x_wconf 87' lang='lat' dir='ltr'><strong>contemplationi,</strong></span> <span class='ocrx_word' id='word_1_298' title='bbox 1164 2458 1230 2497; x_wconf 92' lang='lat' dir='ltr'><strong>ac</strong></span> <span class='ocrx_word' id='word_1_299' title='bbox 1265 2441 1394 2496; x_wconf 73' lang='lat' dir='ltr'><strong>vita:</strong></span> <span class='ocrx_word' id='word_1_300' title='bbox 1419 2454 1541 2510; x_wconf 74' lang='lat' dir='ltr'><strong>quae</strong></span> <span class='ocrx_word' id='word_1_301' title='bbox 1582 2440 1727 2494; x_wconf 88' lang='lat' dir='ltr'><strong>hanc</strong></span> <span class='ocrx_word' id='word_1_302' title='bbox 1765 2437 1959 2493; x_wconf 89' lang='lat' dir='ltr'><strong>deceat</strong></span> <span class='ocrx_word' id='word_1_303' title='bbox 2004 2434 2235 2492; x_wconf 75' lang='lat' dir='ltr'><strong>addixe-</strong></span> 
     </span>
    </p>
   </div>
   <div class='ocr_carea' id='block_1_43' title="bbox 654 2529 2236 2607">
    <p class='ocr_par' dir='ltr' id='par_1_43' title="bbox 654 2529 2236 2607">
     <span class='ocr_line' id='line_1_43' title="bbox 654 2529 2236 2607; baseline -0.01 -12"><span class='ocrx_word' id='word_1_304' title='bbox 654 2549 805 2605; x_wconf 87' lang='lat' dir='ltr'><strong>runt,</strong></span> <span class='ocrx_word' id='word_1_305' title='bbox 839 2538 991 2593; x_wconf 81' lang='lat' dir='ltr'><strong>nulla</strong></span> <span class='ocrx_word' id='word_1_306' title='bbox 1022 2550 1279 2599; x_wconf 77' lang='lat' dir='ltr'><strong>uxorum,</strong></span> <span class='ocrx_word' id='word_1_307' title='bbox 1318 2540 1375 2589; x_wconf 91' lang='lat' dir='ltr'><strong>et</strong></span> <span class='ocrx_word' id='word_1_308' title='bbox 1411 2531 1676 2595; x_wconf 79' lang='lat' dir='ltr'><strong>ﬁliorum,</strong></span> <span class='ocrx_word' id='word_1_309' title='bbox 1710 2529 2058 2607; x_wconf 77' lang='lat' dir='ltr'><strong>honorumve</strong></span> <span class='ocrx_word' id='word_1_310' title='bbox 2099 2540 2236 2580; x_wconf 91' lang='lat' dir='ltr'><strong>cura</strong></span> 
     </span>
    </p>
   </div>
   <div class='ocr_carea' id='block_1_44' title="bbox 655 2616 2234 2694">
    <p class='ocr_par' dir='ltr' id='par_1_44' title="bbox 655 2616 2234 2694">
     <span class='ocr_line' id='line_1_44' title="bbox 655 2616 2234 2694; baseline -0.011 -8"><span class='ocrx_word' id='word_1_311' title='bbox 655 2629 932 2694; x_wconf 81' lang='lat' dir='ltr'><strong>distracti,</strong></span> <span class='ocrx_word' id='word_1_312' title='bbox 956 2626 1053 2683; x_wconf 87' lang='lat' dir='ltr'><strong>sed</strong></span> <span class='ocrx_word' id='word_1_313' title='bbox 1087 2624 1302 2680; x_wconf 87' lang='lat' dir='ltr'><strong>animas</strong></span> <span class='ocrx_word' id='word_1_314' title='bbox 1332 2621 1401 2676; x_wconf 89' lang='lat' dir='ltr'><strong>ad</strong></span> <span class='ocrx_word' id='word_1_315' title='bbox 1432 2620 1749 2675; x_wconf 87' lang='lat' dir='ltr'><strong>divinarum</strong></span> <span class='ocrx_word' id='word_1_316' title='bbox 1778 2618 1962 2689; x_wconf 89' lang='lat' dir='ltr'><strong>legum</strong></span> <span class='ocrx_word' id='word_1_317' title='bbox 1988 2616 2234 2687; x_wconf 89' lang='lat' dir='ltr'><strong>regulam</strong></span> 
     </span>
    </p>
   </div>
   <div class='ocr_carea' id='block_1_45' title="bbox 654 2706 2238 2791">
    <p class='ocr_par' dir='ltr' id='par_1_45' title="bbox 654 2706 2238 2791">
     <span class='ocr_line' id='line_1_45' title="bbox 654 2706 2238 2791; baseline -0.01 -15"><span class='ocrx_word' id='word_1_318' title='bbox 654 2721 980 2791; x_wconf 85' lang='lat' dir='ltr'><strong>dirigentes,</strong></span> <span class='ocrx_word' id='word_1_319' title='bbox 1008 2724 1067 2773; x_wconf 93' lang='lat' dir='ltr'><strong>et</strong></span> <span class='ocrx_word' id='word_1_320' title='bbox 1090 2723 1351 2784; x_wconf 88' lang='lat' dir='ltr'><strong>tanquam</strong></span> <span class='ocrx_word' id='word_1_321' title='bbox 1388 2712 1628 2782; x_wconf 87' lang='lat' dir='ltr'><strong>pictores</strong></span> <span class='ocrx_word' id='word_1_322' title='bbox 1664 2710 1882 2780; x_wconf 89' lang='lat' dir='ltr'><strong>optimi,</strong></span> <span class='ocrx_word' id='word_1_323' title='bbox 1914 2707 1985 2763; x_wconf 89' lang='lat' dir='ltr'><strong>ad</strong></span> <span class='ocrx_word' id='word_1_324' title='bbox 2015 2706 2238 2763; x_wconf 89' lang='lat' dir='ltr'><strong>virtutis</strong></span> 
     </span>
    </p>
   </div>
   <div class='ocr_carea' id='block_1_46' title="bbox 654 2797 2237 2881">
    <p class='ocr_par' dir='ltr' id='par_1_46' title="bbox 654 2797 2237 2881">
     <span class='ocr_line' id='line_1_46' title="bbox 654 2797 2237 2881; baseline -0.011 -13"><span class='ocrx_word' id='word_1_325' title='bbox 654 2813 956 2881; x_wconf 82' lang='lat' dir='ltr'><strong>archetypa</strong></span> <span class='ocrx_word' id='word_1_326' title='bbox 976 2806 1315 2881; x_wconf 90' lang='lat' dir='ltr'><strong>_spirituales</strong></span> <span class='ocrx_word' id='word_1_327' title='bbox 1346 2802 1617 2874; x_wconf 85' lang='lat' dir='ltr'><strong>imagines</strong></span> <span class='ocrx_word' id='word_1_328' title='bbox 1646 2816 1775 2856; x_wconf 89' lang='lat' dir='ltr'><strong>suas</strong></span> <span class='ocrx_word' id='word_1_329' title='bbox 1802 2797 2017 2870; x_wconf 71' lang='lat'><strong>1020</strong></span> <span class='ocrx_word' id='word_1_330' title='bbox 2049 2797 2237 2870; x_wconf 82' lang='lat' dir='ltr'><strong>expri-</strong></span> 
     </span>
    </p>
   </div>
   <div class='ocr_carea' id='block_1_47' title="bbox 657 2878 2241 2965">
    <p class='ocr_par' dir='ltr' id='par_1_47' title="bbox 657 2878 2241 2965">
     <span class='ocr_line' id='line_1_47' title="bbox 657 2878 2241 2965; baseline -0.01 -4"><span class='ocrx_word' id='word_1_331' title='bbox 657 2878 905 2961; x_wconf 54' lang='lat' dir='ltr'><strong>mentes.</strong></span> <span class='ocrx_word' id='word_1_332' title='bbox 943 2878 1101 2965; x_wconf 55' lang='grc' dir='ltr'>δηθά</span> <span class='ocrx_word' id='word_1_333' title='bbox 1138 2894 1287 2952; x_wconf 91' lang='lat' dir='ltr'><strong>enim</strong></span> <span class='ocrx_word' id='word_1_334' title='bbox 1328 2896 1418 2951; x_wconf 87' lang='lat' dir='ltr'><strong>his</strong></span> <span class='ocrx_word' id='word_1_335' title='bbox 1459 2907 1691 2965; x_wconf 86' lang='lat' dir='ltr'><strong>prorsus</strong></span> <span class='ocrx_word' id='word_1_336' title='bbox 1738 2893 2072 2947; x_wconf 87' lang='lat' dir='ltr'><strong>conveniant</strong></span> <span class='ocrx_word' id='word_1_337' title='bbox 2117 2906 2241 2961; x_wconf 66' lang='lat' dir='ltr'><strong>quae</strong></span> 
     </span>
    </p>
   </div>
   <div class='ocr_carea' id='block_1_48' title="bbox 657 2981 2238 3057">
    <p class='ocr_par' dir='ltr' id='par_1_48' title="bbox 657 2981 2238 3057">
     <span class='ocr_line' id='line_1_48' title="bbox 657 2981 2238 3057; baseline -0.011 -6"><span class='ocrx_word' id='word_1_338' title='bbox 657 2996 805 3051; x_wconf 87' lang='lat' dir='ltr'><strong>dicta</strong></span> <span class='ocrx_word' id='word_1_339' title='bbox 826 2999 957 3048; x_wconf 89' lang='lat' dir='ltr'><strong>sunt</strong></span> <span class='ocrx_word' id='word_1_340' title='bbox 975 3006 1007 3046; x_wconf 91' lang='lat' dir='ltr'><strong>a</strong></span> <span class='ocrx_word' id='word_1_341' title='bbox 1033 2987 1281 3053; x_wconf 88' lang='lat' dir='ltr'><strong>Platone,</strong></span> <span class='ocrx_word' id='word_1_342' title='bbox 1305 2988 1539 3057; x_wconf 90' lang='lat' dir='ltr'><strong>ipsemet</strong></span> <span class='ocrx_word' id='word_1_343' title='bbox 1561 2991 1815 3048; x_wconf 88' lang='lat' dir='ltr'><strong>testatur,</strong></span> <span class='ocrx_word' id='word_1_344' title='bbox 1837 2989 1965 3052; x_wconf 89' lang='lat' dir='ltr'><strong>post</strong></span> <span class='ocrx_word' id='word_1_345' title='bbox 1984 2981 2093 3036; x_wconf 87' lang='lat' dir='ltr'><strong>alia</strong></span> <span class='ocrx_word' id='word_1_346' title='bbox 2112 2982 2238 3051; x_wconf 84' lang='lat' dir='ltr'><strong>plu-</strong></span> 
     </span>
    </p>
   </div>
   <div class='ocr_carea' id='block_1_49' title="bbox 2334 1881 3937 1957">
    <p class='ocr_par' dir='ltr' id='par_1_49' title="bbox 2334 1881 3937 1957">
     <span class='ocr_line' id='line_1_49' title="bbox 2334 1881 3937 1957; baseline -0.002 -20"><span class='ocrx_word' id='word_1_347' title='bbox 2334 1881 2682 1955; x_wconf 77' lang='grc' dir='ltr'><strong>ἀκρωνυχίας</strong></span> <span class='ocrx_word' id='word_1_348' title='bbox 2703 1884 3123 1957; x_wconf 79' lang='grc' dir='ltr'><strong>κατειληφότες,</strong></span> <span class='ocrx_word' id='word_1_349' title='bbox 3156 1885 3191 1955; x_wconf 82' lang='grc' dir='ltr'>ῆ</span> <span class='ocrx_word' id='word_1_350' title='bbox 3217 1884 3311 1937; x_wconf 79' lang='grc' dir='ltr'>τὸν</span> <span class='ocrx_word' id='word_1_351' title='bbox 3337 1885 3395 1937; x_wconf 76' lang='grc' dir='ltr'>ὲν</span> <span class='ocrx_word' id='word_1_352' title='bbox 3437 1884 3671 1953; x_wconf 70' lang='grc' dir='ltr'>ἐρήμοις</span> <span class='ocrx_word' id='word_1_353' title='bbox 3708 1884 3937 1953; x_wconf 75' lang='grc' dir='ltr'>χωρίοις</span> 
     </span>
    </p>
   </div>
   <div class='ocr_carea' id='block_1_50' title="bbox 2334 1974 3937 2053">
    <p class='ocr_par' dir='ltr' id='par_1_50' title="bbox 2334 1974 3937 2053">
     <span class='ocr_line' id='line_1_50' title="bbox 2334 1974 3937 2053; baseline -0.001 -25"><span class='ocrx_word' id='word_1_354' title='bbox 2334 1974 2724 2053; x_wconf 72' lang='grc' dir='ltr'><strong>ἀγαπήσαντες</strong></span> <span class='ocrx_word' id='word_1_355' title='bbox 2751 1975 2885 2046; x_wconf 80' lang='grc' dir='ltr'>βίον,</span> <span class='ocrx_word' id='word_1_356' title='bbox 2910 1977 2977 2046; x_wconf 77' lang='grc' dir='ltr'>τῇ</span> <span class='ocrx_word' id='word_1_357' title='bbox 3006 1976 3216 2047; x_wconf 76' lang='grc' dir='ltr'>θεωρίᾳ</span> <span class='ocrx_word' id='word_1_358' title='bbox 3240 1975 3352 2029; x_wconf 85' lang='grc' dir='ltr'>τῶν</span> <span class='ocrx_word' id='word_1_359' title='bbox 3375 1975 3537 2030; x_wconf 82' lang='grc' dir='ltr'>θείων</span> <span class='ocrx_word' id='word_1_360' title='bbox 3563 1974 3661 2028; x_wconf 77' lang='grc' dir='ltr'>καὶ</span> <span class='ocrx_word' id='word_1_361' title='bbox 3692 1975 3776 2045; x_wconf 79' lang='grc' dir='ltr'><strong>τῷ</strong></span> <span class='ocrx_word' id='word_1_362' title='bbox 3802 1976 3937 2028; x_wconf 55' lang='lat' dir='ltr'><strong>cai-</strong></span> 
     </span>
    </p>
   </div>
   <div class='ocr_carea' id='block_1_51' title="bbox 2334 2065 3931 2140">
    <p class='ocr_par' dir='ltr' id='par_1_51' title="bbox 2334 2065 3931 2140">
     <span class='ocr_line' id='line_1_51' title="bbox 2334 2065 3931 2140; baseline 0.003 -23"><span class='ocrx_word' id='word_1_363' title='bbox 2334 2082 2401 2137; x_wconf 81' lang='grc' dir='ltr'>τῃ</span> <span class='ocrx_word' id='word_1_364' title='bbox 2436 2066 2458 2099; x_wconf 80' lang='grc'>⁸</span> <span class='ocrx_word' id='word_1_365' title='bbox 2482 2065 2914 2140; x_wconf 82' lang='grc' dir='ltr'>ξυνηρμοσμένῳ</span> <span class='ocrx_word' id='word_1_366' title='bbox 2950 2069 3093 2137; x_wconf 81' lang='grc' dir='ltr'>σφᾶς</span> <span class='ocrx_word' id='word_1_367' title='bbox 3126 2067 3327 2130; x_wconf 79' lang='grc' dir='ltr'>αὐτοὺς</span> <span class='ocrx_word' id='word_1_368' title='bbox 3347 2066 3759 2137; x_wconf 78' lang='grc' dir='ltr'>ἀπεκλήρωσαν</span> <span class='ocrx_word' id='word_1_369' title='bbox 3801 2067 3931 2137; x_wconf 67' lang='grc' dir='ltr'><strong>βίῳ·</strong></span> 
     </span>
    </p>
   </div>
   <div class='ocr_carea' id='block_1_52' title="bbox 2334 2158 3938 2230">
    <p class='ocr_par' dir='ltr' id='par_1_52' title="bbox 2334 2158 3938 2230">
     <span class='ocr_line' id='line_1_52' title="bbox 2334 2158 3938 2230; baseline -0.001 -17"><span class='ocrx_word' id='word_1_370' title='bbox 2334 2160 2396 2213; x_wconf 78' lang='grc' dir='ltr'><strong>οὐ</strong></span> <span class='ocrx_word' id='word_1_371' title='bbox 2427 2160 2707 2229; x_wconf 80' lang='grc' dir='ltr'>γυναικῶν</span> <span class='ocrx_word' id='word_1_372' title='bbox 2738 2161 2834 2217; x_wconf 72' lang='grc' dir='ltr'><strong>καὶ</strong></span> <span class='ocrx_word' id='word_1_373' title='bbox 2860 2160 3069 2217; x_wconf 81' lang='grc' dir='ltr'>παίδων</span> <span class='ocrx_word' id='word_1_374' title='bbox 3102 2160 3197 2214; x_wconf 76' lang='grc' dir='ltr'>καὶ</span> <span class='ocrx_word' id='word_1_375' title='bbox 3232 2159 3530 2230; x_wconf 81' lang='grc' dir='ltr'>κτημάτων</span> <span class='ocrx_word' id='word_1_376' title='bbox 3562 2158 3938 2229; x_wconf 65' lang='grc' dir='ltr'>ἐπιμελούμε-</span> 
     </span>
    </p>
   </div>
   <div class='ocr_carea' id='block_1_53' title="bbox 2336 2249 3939 2323">
    <p class='ocr_par' dir='ltr' id='par_1_53' title="bbox 2336 2249 3939 2323">
     <span class='ocr_line' id='line_1_53' title="bbox 2336 2249 3939 2323; baseline -0.001 -18"><span class='ocrx_word' id='word_1_377' title='bbox 2336 2269 2437 2317; x_wconf 81' lang='grc' dir='ltr'>νοι,</span> <span class='ocrx_word' id='word_1_378' title='bbox 2469 2251 2607 2306; x_wconf 81' lang='grc' dir='ltr'><strong>ἀλλά</strong></span> <span class='ocrx_word' id='word_1_379' title='bbox 2636 2250 2739 2316; x_wconf 83' lang='grc' dir='ltr'><strong>τάς</strong></span> <span class='ocrx_word' id='word_1_380' title='bbox 2764 2250 2942 2323; x_wconf 84' lang='grc' dir='ltr'>ψυχὰς</span> <span class='ocrx_word' id='word_1_381' title='bbox 2979 2253 3125 2307; x_wconf 81' lang='grc' dir='ltr'>κατά</span> <span class='ocrx_word' id='word_1_382' title='bbox 3152 2266 3218 2319; x_wconf 75' lang='grc' dir='ltr'>γε</span> <span class='ocrx_word' id='word_1_383' title='bbox 3264 2250 3357 2304; x_wconf 81' lang='grc' dir='ltr'>τὸν</span> <span class='ocrx_word' id='word_1_384' title='bbox 3397 2250 3601 2303; x_wconf 81' lang='grc' dir='ltr'>κανόνα</span> <span class='ocrx_word' id='word_1_385' title='bbox 3628 2249 3741 2302; x_wconf 80' lang='grc' dir='ltr'><strong>τῶν</strong></span> <span class='ocrx_word' id='word_1_386' title='bbox 3775 2249 3939 2303; x_wconf 77' lang='grc' dir='ltr'>θείων</span> 
     </span>
    </p>
   </div>
   <div class='ocr_carea' id='block_1_54' title="bbox 2336 2337 3940 2414">
    <p class='ocr_par' dir='ltr' id='par_1_54' title="bbox 2336 2337 3940 2414">
     <span class='ocr_line' id='line_1_54' title="bbox 2336 2337 3940 2414; baseline -0.002 -17"><span class='ocrx_word' id='word_1_387' title='bbox 2336 2342 2705 2408; x_wconf 85' lang='grc' dir='ltr'>διευθύνοντες</span> <span class='ocrx_word' id='word_1_388' title='bbox 2741 2342 2947 2414; x_wconf 86' lang='grc' dir='ltr'>νόμων,</span> <span class='ocrx_word' id='word_1_389' title='bbox 2978 2342 3076 2395; x_wconf 75' lang='grc' dir='ltr'>καὶ</span> <span class='ocrx_word' id='word_1_390' title='bbox 3101 2337 3214 2396; x_wconf 75' lang='grc' dir='ltr'>οἷόν</span> <span class='ocrx_word' id='word_1_391' title='bbox 3240 2359 3386 2407; x_wconf 87' lang='grc' dir='ltr'>τινες</span> <span class='ocrx_word' id='word_1_392' title='bbox 3403 2341 3615 2413; x_wconf 75' lang='grc' dir='ltr'>ἄριστοι</span> <span class='ocrx_word' id='word_1_393' title='bbox 3651 2341 3940 2412; x_wconf 66' lang='grc' dir='ltr'>ζωγράφοι</span> 
     </span>
    </p>
   </div>
   <div class='ocr_carea' id='block_1_55' title="bbox 2340 2428 3941 2506">
    <p class='ocr_par' dir='ltr' id='par_1_55' title="bbox 2340 2428 3941 2506">
     <span class='ocr_line' id='line_1_55' title="bbox 2340 2428 3941 2506; baseline -0.003 -20"><span class='ocrx_word' id='word_1_394' title='bbox 2340 2432 2479 2505; x_wconf 74' lang='grc' dir='ltr'>πρὸς</span> <span class='ocrx_word' id='word_1_395' title='bbox 2524 2434 2594 2487; x_wconf 80' lang='grc' dir='ltr'>τὰ</span> <span class='ocrx_word' id='word_1_396' title='bbox 2630 2431 2919 2506; x_wconf 81' lang='grc' dir='ltr'>ἀρχέτυπα</span> <span class='ocrx_word' id='word_1_397' title='bbox 2954 2430 3055 2503; x_wconf 80' lang='grc' dir='ltr'>τῆς</span> <span class='ocrx_word' id='word_1_398' title='bbox 3098 2429 3304 2500; x_wconf 78' lang='grc' dir='ltr'>ἀρετῆς</span> <span class='ocrx_word' id='word_1_399' title='bbox 3358 2429 3459 2493; x_wconf 76' lang='grc' dir='ltr'>τὰς</span> <span class='ocrx_word' id='word_1_400' title='bbox 3502 2428 3701 2500; x_wconf 71' lang='grc' dir='ltr'>νοερᾶς</span> <span class='ocrx_word' id='word_1_401' title='bbox 3752 2428 3941 2482; x_wconf 69' lang='grc' dir='ltr'>αὐτῶν</span> 
     </span>
    </p>
   </div>
   <div class='ocr_carea' id='block_1_56' title="bbox 2339 2518 3942 2594">
    <p class='ocr_par' dir='ltr' id='par_1_56' title="bbox 2339 2518 3942 2594">
     <span class='ocr_line' id='line_1_56' title="bbox 2339 2518 3942 2594; baseline -0.001 -19"><span class='ocrx_word' id='word_1_402' title='bbox 2339 2520 2759 2594; x_wconf 79' lang='grc' dir='ltr'>ζωγραφοῦντες</span> <span class='ocrx_word' id='word_1_403' title='bbox 2779 2520 3015 2584; x_wconf 71' lang='grc' dir='ltr'>εἰκόνας.</span> <span class='ocrx_word' id='word_1_404' title='bbox 3046 2521 3169 2574; x_wconf 87' lang='grc' dir='ltr'>Ὅτι</span> <span class='ocrx_word' id='word_1_405' title='bbox 3199 2522 3310 2591; x_wconf 81' lang='grc' dir='ltr'><strong>γὰρ</strong></span> <span class='ocrx_word' id='word_1_406' title='bbox 3338 2520 3403 2593; x_wconf 78' lang='grc' dir='ltr'>δὴ</span> <span class='ocrx_word' id='word_1_407' title='bbox 3426 2519 3640 2584; x_wconf 81' lang='grc' dir='ltr'>τούτοις</span> <span class='ocrx_word' id='word_1_408' title='bbox 3668 2518 3942 2589; x_wconf 77' lang='grc' dir='ltr'>ἁρμόττει</span> 
     </span>
    </p>
   </div>
   <div class='ocr_carea' id='block_1_57' title="bbox 2338 2610 3943 2684">
    <p class='ocr_par' dir='ltr' id='par_1_57' title="bbox 2338 2610 3943 2684">
     <span class='ocr_line' id='line_1_57' title="bbox 2338 2610 3943 2684; baseline 0 -18"><span class='ocrx_word' id='word_1_409' title='bbox 2338 2612 2408 2668; x_wconf 84' lang='grc' dir='ltr'><strong>τὰ</strong></span> <span class='ocrx_word' id='word_1_410' title='bbox 2457 2611 2610 2683; x_wconf 85' lang='grc' dir='ltr'><strong>παρά</strong></span> <span class='ocrx_word' id='word_1_411' title='bbox 2658 2612 2950 2677; x_wconf 83' lang='grc' dir='ltr'>Πλάτωνος</span> <span class='ocrx_word' id='word_1_412' title='bbox 2980 2610 3273 2683; x_wconf 74' lang='grc' dir='ltr'><strong>εἰρημένα,</strong></span> <span class='ocrx_word' id='word_1_413' title='bbox 3315 2611 3526 2684; x_wconf 80' lang='grc' dir='ltr'>μάρτυς</span> <span class='ocrx_word' id='word_1_414' title='bbox 3577 2612 3743 2672; x_wconf 78' lang='grc' dir='ltr'>αὐτὸς</span> <span class='ocrx_word' id='word_1_415' title='bbox 3802 2614 3943 2684; x_wconf 74' lang='grc' dir='ltr'>μετᾶ</span> 
     </span>
    </p>
   </div>
   <div class='ocr_carea' id='block_1_58' title="bbox 2341 2701 3941 2775">
    <p class='ocr_par' dir='ltr' id='par_1_58' title="bbox 2341 2701 3941 2775">
     <span class='ocr_line' id='line_1_58' title="bbox 2341 2701 3941 2775; baseline 0.001 -18"><span class='ocrx_word' id='word_1_416' title='bbox 2341 2703 2565 2757; x_wconf 83' lang='grc' dir='ltr'>πλείστα</span> <span class='ocrx_word' id='word_1_417' title='bbox 2596 2701 2767 2756; x_wconf 86' lang='grc' dir='ltr'>είπών</span> <span class='ocrx_word' id='word_1_418' title='bbox 2792 2718 2807 2735; x_wconf 76' lang='grc' dir='ltr'><strong>ο</strong></span> <span class='ocrx_word' id='word_1_419' title='bbox 2843 2721 2863 2755; x_wconf 82' lang='grc' dir='ltr'><strong>ι</strong></span> <span class='ocrx_word' id='word_1_420' title='bbox 2891 2702 3188 2775; x_wconf 82' lang='grc' dir='ltr'>’Δγροικον</span> <span class='ocrx_word' id='word_1_421' title='bbox 3235 2701 3292 2755; x_wconf 70' lang='grc' dir='ltr'>δὲ</span> <span class='ocrx_word' id='word_1_422' title='bbox 3320 2702 3437 2757; x_wconf 68' lang='grc' dir='ltr'>ικαὶ</span> <span class='ocrx_word' id='word_1_423' title='bbox 3486 2704 3825 2758; x_wconf 73' lang='grc' dir='ltr'>ἀπαίδευτον</span> <span class='ocrx_word' id='word_1_424' title='bbox 3852 2706 3941 2759; x_wconf 66' lang='grc' dir='ltr'><strong>ὑπ’</strong></span> 
     </span>
    </p>
   </div>
   <div class='ocr_carea' id='block_1_59' title="bbox 2339 2788 3944 2867">
    <p class='ocr_par' dir='ltr' id='par_1_59' title="bbox 2339 2788 3944 2867">
     <span class='ocr_line' id='line_1_59' title="bbox 2339 2788 3944 2867; baseline 0.001 -17"><span class='ocrx_word' id='word_1_425' title='bbox 2339 2794 2599 2866; x_wconf 81' lang='grc' dir='ltr'>ἀσχολίας</span> <span class='ocrx_word' id='word_1_426' title='bbox 2618 2795 2772 2849; x_wconf 77' lang='grc' dir='ltr'>οὐδὲν</span> <span class='ocrx_word' id='word_1_427' title='bbox 2794 2788 2961 2867; x_wconf 81' lang='grc' dir='ltr'>ἦττον</span> <span class='ocrx_word' id='word_1_428' title='bbox 2987 2794 3097 2849; x_wconf 82' lang='grc' dir='ltr'><strong>τῶν</strong></span> <span class='ocrx_word' id='word_1_429' title='bbox 3127 2796 3339 2866; x_wconf 85' lang='grc' dir='ltr'>νομέων</span> <span class='ocrx_word' id='word_1_430' title='bbox 3366 2797 3460 2850; x_wconf 82' lang='grc' dir='ltr'>τὸν</span> <span class='ocrx_word' id='word_1_431' title='bbox 3486 2795 3737 2851; x_wconf 80' lang='grc' dir='ltr'>τοιοῦτον</span> <span class='ocrx_word' id='word_1_432' title='bbox 3769 2800 3944 2865; x_wconf 71' lang='grc' dir='ltr'>ἀναγ-</span> 
     </span>
    </p>
   </div>
   <div class='ocr_carea' id='block_1_60' title="bbox 2342 2884 3946 2960">
    <p class='ocr_par' dir='ltr' id='par_1_60' title="bbox 2342 2884 3946 2960">
     <span class='ocr_line' id='line_1_60' title="bbox 2342 2884 3946 2960; baseline -0.001 -21"><span class='ocrx_word' id='word_1_433' title='bbox 2342 2888 2496 2940; x_wconf 86' lang='grc' dir='ltr'>καῖον</span> <span class='ocrx_word' id='word_1_434' title='bbox 2522 2885 2830 2955; x_wconf 81' lang='grc' dir='ltr'>γίγνεσθαι,</span> <span class='ocrx_word' id='word_1_435' title='bbox 2858 2886 3026 2957; x_wconf 82' lang='grc' dir='ltr'>σηκὸν</span> <span class='ocrx_word' id='word_1_436' title='bbox 3063 2888 3121 2941; x_wconf 82' lang='grc' dir='ltr'><strong>έν</strong></span> <span class='ocrx_word' id='word_1_437' title='bbox 3158 2884 3276 2958; x_wconf 76' lang='grc' dir='ltr'>ὄρει</span> <span class='ocrx_word' id='word_1_438' title='bbox 3315 2888 3375 2941; x_wconf 82' lang='grc' dir='ltr'><strong>τὺ</strong></span> <span class='ocrx_word' id='word_1_439' title='bbox 3424 2890 3602 2959; x_wconf 86' lang='grc' dir='ltr'>τεῖχος</span> <span class='ocrx_word' id='word_1_440' title='bbox 3624 2888 3655 2920; x_wconf 69' lang='grc'>⁸</span> <span class='ocrx_word' id='word_1_441' title='bbox 3674 2887 3946 2960; x_wconf 67' lang='grc' dir='ltr'>περιϐαλ-</span> 
     </span>
    </p>
   </div>
   <div class='ocr_carea' id='block_1_61' title="bbox 2342 2972 3947 3052">
    <p class='ocr_par' dir='ltr' id='par_1_61' title="bbox 2342 2972 3947 3052">
     <span class='ocr_line' id='line_1_61' title="bbox 2342 2972 3947 3052; baseline 0.001 -23"><span class='ocrx_word' id='word_1_442' title='bbox 2342 2976 2588 3046; x_wconf 86' lang='grc' dir='ltr'>λόμενον.</span> <span class='ocrx_word' id='word_1_443' title='bbox 2621 2977 2730 3047; x_wconf 87' lang='grc' dir='ltr'><strong>Γῆς</strong></span> <span class='ocrx_word' id='word_1_444' title='bbox 2758 2976 2815 3031; x_wconf 74' lang='grc' dir='ltr'>δὲ</span> <span class='ocrx_word' id='word_1_445' title='bbox 2847 2972 2977 3033; x_wconf 75' lang='grc' dir='ltr'>ὅταν</span> <span class='ocrx_word' id='word_1_446' title='bbox 3014 2978 3186 3051; x_wconf 87' lang='grc' dir='ltr'>μυρία</span> <span class='ocrx_word' id='word_1_447' title='bbox 3222 2978 3435 3052; x_wconf 82' lang='grc' dir='ltr'>πλέθρα</span> <span class='ocrx_word' id='word_1_448' title='bbox 3466 2981 3499 3051; x_wconf 80' lang='grc' dir='ltr'>ἢ</span> <span class='ocrx_word' id='word_1_449' title='bbox 3526 2979 3581 3033; x_wconf 87' lang='grc' dir='ltr'><strong>εί</strong></span> <span class='ocrx_word' id='word_1_450' title='bbox 3604 2982 3651 3012; x_wconf 74' lang='grc'>³⁸</span> <span class='ocrx_word' id='word_1_451' title='bbox 3684 2998 3738 3033; x_wconf 91' lang='grc' dir='ltr'><strong>τι</strong></span> <span class='ocrx_word' id='word_1_452' title='bbox 3775 2981 3947 3034; x_wconf 77' lang='grc' dir='ltr'>πλέον</span> 
     </span>
    </p>
   </div>
   <div class='ocr_carea' id='block_1_62' title="bbox 660 3068 2238 3168">
    <p class='ocr_par' dir='ltr' id='par_1_62' title="bbox 660 3070 2238 3149">
     <span class='ocr_line' id='line_1_62' title="bbox 660 3070 2238 3149; baseline -0.011 -9"><span class='ocrx_word' id='word_1_453' title='bbox 660 3085 801 3141; x_wconf 90' lang='lat' dir='ltr'><strong>rima</strong></span> <span class='ocrx_word' id='word_1_454' title='bbox 818 3082 939 3137; x_wconf 66' lang='lat' dir='ltr'><strong>haec</strong></span> <span class='ocrx_word' id='word_1_455' title='bbox 957 3078 1169 3136; x_wconf 89' lang='lat' dir='ltr'><strong>addens</strong></span> <span class='ocrx_word' id='word_1_456' title='bbox 1184 3078 1259 3149; x_wconf 74' lang='grc' dir='ltr'>(ι).</span> <span class='ocrx_word' id='word_1_457' title='bbox 1277 3075 1402 3146; x_wconf 68' lang='grc'>174)</span> <span class='ocrx_word' id='word_1_458' title='bbox 1424 3092 1438 3127; x_wconf 90' lang='lat'>:</span> <span class='ocrx_word' id='word_1_459' title='bbox 1462 3073 1709 3129; x_wconf 67' lang='lat' dir='ltr'><strong>«Rudem</strong></span> <span class='ocrx_word' id='word_1_460' title='bbox 1726 3086 1859 3127; x_wconf 89' lang='lat' dir='ltr'><strong>vero</strong></span> <span class='ocrx_word' id='word_1_461' title='bbox 1880 3080 1936 3126; x_wconf 88' lang='lat' dir='ltr'><strong>et</strong></span> <span class='ocrx_word' id='word_1_462' title='bbox 1955 3070 2238 3124; x_wconf 88' lang='lat' dir='ltr'><strong>indoctum</strong></span> 
     </span>
    </p>
   </div>
   <div class='ocr_carea' id='block_1_63' title="bbox 2341 3068 3952 3168">
    <p class='ocr_par' dir='ltr' id='par_1_63' title="bbox 2344 3068 3952 3145">
     <span class='ocr_line' id='line_1_63' title="bbox 2344 3068 3952 3145; baseline 0.003 -23"><span class='ocrx_word' id='word_1_463' title='bbox 2344 3068 2554 3141; x_wconf 76' lang='grc' dir='ltr'>ἀκούσῃ</span> <span class='ocrx_word' id='word_1_464' title='bbox 2582 3068 2658 3133; x_wconf 82' lang='grc' dir='ltr'>ὥς</span> <span class='ocrx_word' id='word_1_465' title='bbox 2690 3087 2775 3134; x_wconf 91' lang='grc' dir='ltr'><strong>τις</strong></span> <span class='ocrx_word' id='word_1_466' title='bbox 2802 3070 2912 3141; x_wconf 77' lang='grc' dir='ltr'>ἄρα</span> <span class='ocrx_word' id='word_1_467' title='bbox 2939 3072 3279 3144; x_wconf 82' lang='grc' dir='ltr'>κεκτημένος</span> <span class='ocrx_word' id='word_1_468' title='bbox 3305 3070 3597 3144; x_wconf 82' lang='grc' dir='ltr'>θαυμαστὰ</span> <span class='ocrx_word' id='word_1_469' title='bbox 3631 3072 3824 3145; x_wconf 80' lang='grc' dir='ltr'>πλήθη</span> <span class='ocrx_word' id='word_1_470' title='bbox 3854 3075 3952 3128; x_wconf 81' lang='grc' dir='ltr'>κέ-</span> 
     </span>
    </p>
   </div>
   <div class='ocr_carea' id='block_1_64' title="bbox 658 3162 2237 3247">
    <p class='ocr_par' dir='ltr' id='par_1_64' title="bbox 658 3162 2237 3247">
     <span class='ocr_line' id='line_1_64' title="bbox 658 3162 2237 3247; baseline -0.009 -18"><span class='ocrx_word' id='word_1_471' title='bbox 658 3189 773 3247; x_wconf 67' lang='lat' dir='ltr'><strong>prae</strong></span> <span class='ocrx_word' id='word_1_472' title='bbox 800 3172 889 3228; x_wconf 88' lang='lat' dir='ltr'><strong>sui</strong></span> <span class='ocrx_word' id='word_1_473' title='bbox 919 3169 1125 3241; x_wconf 89' lang='lat' dir='ltr'><strong>negotii</strong></span> <span class='ocrx_word' id='word_1_474' title='bbox 1161 3166 1493 3230; x_wconf 88' lang='lat' dir='ltr'><strong>attentione,</strong></span> <span class='ocrx_word' id='word_1_475' title='bbox 1524 3165 1689 3219; x_wconf 87' lang='lat' dir='ltr'><strong>talem</strong></span> <span class='ocrx_word' id='word_1_476' title='bbox 1721 3162 1845 3218; x_wconf 82' lang='lat' dir='ltr'><strong>ﬁeri</strong></span> <span class='ocrx_word' id='word_1_477' title='bbox 1882 3177 2110 3217; x_wconf 91' lang='lat' dir='ltr'><strong>necesse</strong></span> <span class='ocrx_word' id='word_1_478' title='bbox 2132 3168 2237 3224; x_wconf 88' lang='lat' dir='ltr'><strong>est,</strong></span> 
     </span>
    </p>
   </div>
   <div class='ocr_carea' id='block_1_65' title="bbox 659 3250 2244 3331">
    <p class='ocr_par' dir='ltr' id='par_1_65' title="bbox 659 3250 2244 3331">
     <span class='ocr_line' id='line_1_65' title="bbox 659 3250 2244 3331; baseline -0.011 -10"><span class='ocrx_word' id='word_1_479' title='bbox 659 3280 773 3321; x_wconf 89' lang='lat' dir='ltr'><strong>non</strong></span> <span class='ocrx_word' id='word_1_480' title='bbox 807 3276 971 3320; x_wconf 90' lang='lat' dir='ltr'><strong>secus</strong></span> <span class='ocrx_word' id='word_1_481' title='bbox 997 3275 1062 3316; x_wconf 92' lang='lat' dir='ltr'><strong>ac</strong></span> <span class='ocrx_word' id='word_1_482' title='bbox 1082 3268 1359 3331; x_wconf 88' lang='lat' dir='ltr'><strong>pastores,</strong></span> <span class='ocrx_word' id='word_1_483' title='bbox 1384 3258 1401 3278; x_wconf 78' lang='grc'>⁶</span> <span class='ocrx_word' id='word_1_484' title='bbox 1426 3263 1621 3325; x_wconf 91' lang='lat' dir='ltr'><strong>utpote</strong></span> <span class='ocrx_word' id='word_1_485' title='bbox 1654 3254 1750 3325; x_wconf 91' lang='lat' dir='ltr'><strong>qui</strong></span> <span class='ocrx_word' id='word_1_486' title='bbox 1777 3254 2012 3325; x_wconf 89' lang='lat' dir='ltr'><strong>perinde</strong></span> <span class='ocrx_word' id='word_1_487' title='bbox 2045 3250 2244 3308; x_wconf 67' lang='lat' dir='ltr'><strong>maeni-</strong></span> 
     </span>
    </p>
   </div>
   <div class='ocr_carea' id='block_1_66' title="bbox 658 3342 2245 3420">
    <p class='ocr_par' dir='ltr' id='par_1_66' title="bbox 658 3342 2245 3420">
     <span class='ocr_line' id='line_1_66' title="bbox 658 3342 2245 3420; baseline -0.01 -9"><span class='ocrx_word' id='word_1_488' title='bbox 658 3355 765 3413; x_wconf 88' lang='lat' dir='ltr'><strong>bus</strong></span> <span class='ocrx_word' id='word_1_489' title='bbox 788 3360 850 3409; x_wconf 92' lang='lat' dir='ltr'><strong>ut</strong></span> <span class='ocrx_word' id='word_1_490' title='bbox 869 3352 946 3408; x_wconf 88' lang='lat' dir='ltr'><strong>illi</strong></span> <span class='ocrx_word' id='word_1_491' title='bbox 981 3351 1152 3408; x_wconf 65' lang='lat' dir='ltr'><strong>caulae</strong></span> <span class='ocrx_word' id='word_1_492' title='bbox 1182 3356 1339 3420; x_wconf 89' lang='lat' dir='ltr'><strong>septo</strong></span> <span class='ocrx_word' id='word_1_493' title='bbox 1366 3348 1421 3402; x_wconf 91' lang='lat' dir='ltr'><strong>in</strong></span> <span class='ocrx_word' id='word_1_494' title='bbox 1453 3352 1643 3402; x_wconf 86' lang='lat' dir='ltr'><strong>monte</strong></span> <span class='ocrx_word' id='word_1_495' title='bbox 1672 3344 2069 3401; x_wconf 86' lang='lat' dir='ltr'><strong>circumdetur.</strong></span> <span class='ocrx_word' id='word_1_496' title='bbox 2103 3342 2245 3399; x_wconf 87' lang='lat' dir='ltr'><strong>Cum</strong></span> 
     </span>
    </p>
   </div>
   <div class='ocr_carea' id='block_1_67' title="bbox 660 3434 2245 3511">
    <p class='ocr_par' dir='ltr' id='par_1_67' title="bbox 660 3434 2245 3511">
     <span class='ocr_line' id='line_1_67' title="bbox 660 3434 2245 3511; baseline -0.008 -10"><span class='ocrx_word' id='word_1_497' title='bbox 660 3459 797 3501; x_wconf 87' lang='lat' dir='ltr'><strong>vero</strong></span> <span class='ocrx_word' id='word_1_498' title='bbox 819 3444 1014 3499; x_wconf 89' lang='lat' dir='ltr'><strong>decem</strong></span> <span class='ocrx_word' id='word_1_499' title='bbox 1047 3440 1222 3497; x_wconf 89' lang='lat' dir='ltr'><strong>millia</strong></span> <span class='ocrx_word' id='word_1_500' title='bbox 1250 3440 1510 3511; x_wconf 74' lang='lat' dir='ltr'><strong>iugerum</strong></span> <span class='ocrx_word' id='word_1_501' title='bbox 1532 3445 1628 3494; x_wconf 91' lang='lat' dir='ltr'><strong>aut</strong></span> <span class='ocrx_word' id='word_1_502' title='bbox 1652 3437 1814 3507; x_wconf 91' lang='lat' dir='ltr'><strong>plura</strong></span> <span class='ocrx_word' id='word_1_503' title='bbox 1842 3434 2119 3492; x_wconf 86' lang='lat' dir='ltr'><strong>nominari</strong></span> <span class='ocrx_word' id='word_1_504' title='bbox 2142 3448 2245 3489; x_wconf 91' lang='lat' dir='ltr'><strong>au-</strong></span> 
     </span>
    </p>
   </div>
   <div class='ocr_carea' id='block_1_68' title="bbox 664 3529 2249 3605">
    <p class='ocr_par' dir='ltr' id='par_1_68' title="bbox 664 3529 2249 3605">
     <span class='ocr_line' id='line_1_68' title="bbox 664 3529 2249 3605; baseline -0.005 -12"><span class='ocrx_word' id='word_1_505' title='bbox 664 3538 770 3601; x_wconf 92' lang='lat' dir='ltr'><strong>dit,</strong></span> <span class='ocrx_word' id='word_1_506' title='bbox 798 3549 1041 3605; x_wconf 84' lang='lat' dir='ltr'><strong>eumque</strong></span> <span class='ocrx_word' id='word_1_507' title='bbox 1062 3533 1159 3603; x_wconf 88' lang='lat' dir='ltr'><strong>qui</strong></span> <span class='ocrx_word' id='word_1_508' title='bbox 1183 3532 1276 3586; x_wconf 89' lang='lat' dir='ltr'><strong>illa</strong></span> <span class='ocrx_word' id='word_1_509' title='bbox 1289 3531 1576 3601; x_wconf 88' lang='lat' dir='ltr'><strong>possideat</strong></span> <span class='ocrx_word' id='word_1_510' title='bbox 1589 3529 2087 3601; x_wconf 89' lang='lat' dir='ltr'><strong>locupletissimum</strong></span> <span class='ocrx_word' id='word_1_511' title='bbox 2106 3544 2249 3597; x_wconf 69' lang='lat' dir='ltr'><strong>pra:—</strong></span> 
     </span>
    </p>
   </div>
   <div class='ocr_carea' id='block_1_69' title="bbox 664 3618 2249 3693">
    <p class='ocr_par' dir='ltr' id='par_1_69' title="bbox 664 3618 2249 3693">
     <span class='ocr_line' id='line_1_69' title="bbox 664 3618 2249 3693; baseline -0.008 -10"><span class='ocrx_word' id='word_1_512' title='bbox 664 3625 861 3691; x_wconf 90' lang='lat' dir='ltr'><strong>dicari,</strong></span> <span class='ocrx_word' id='word_1_513' title='bbox 882 3623 1043 3679; x_wconf 91' lang='lat' dir='ltr'><strong>valde</strong></span> <span class='ocrx_word' id='word_1_514' title='bbox 1062 3622 1263 3693; x_wconf 81' lang='lat' dir='ltr'><strong>exigua</strong></span> <span class='ocrx_word' id='word_1_515' title='bbox 1281 3620 1390 3675; x_wconf 89' lang='lat' dir='ltr'><strong>sibi</strong></span> <span class='ocrx_word' id='word_1_516' title='bbox 1412 3619 1609 3676; x_wconf 89' lang='lat' dir='ltr'><strong>audire</strong></span> <span class='ocrx_word' id='word_1_517' title='bbox 1629 3618 1876 3686; x_wconf 91' lang='lat' dir='ltr'><strong>videtur,</strong></span> <span class='ocrx_word' id='word_1_518' title='bbox 1901 3618 1998 3690; x_wconf 88' lang='lat' dir='ltr'><strong>qui</strong></span> <span class='ocrx_word' id='word_1_519' title='bbox 2022 3618 2249 3673; x_wconf 84' lang='lat' dir='ltr'><strong>univer-</strong></span> 
     </span>
    </p>
   </div>
   <div class='ocr_carea' id='block_1_70' title="bbox 665 3707 2248 3782">
    <p class='ocr_par' dir='ltr' id='par_1_70' title="bbox 665 3707 2248 3782">
     <span class='ocr_line' id='line_1_70' title="bbox 665 3707 2248 3782; baseline -0.007 -9"><span class='ocrx_word' id='word_1_520' title='bbox 665 3731 789 3773; x_wconf 81' lang='lat' dir='ltr'><strong>sum</strong></span> <span class='ocrx_word' id='word_1_521' title='bbox 811 3722 975 3770; x_wconf 68' lang='lat' dir='ltr'><strong>terrae</strong></span> <span class='ocrx_word' id='word_1_522' title='bbox 997 3713 1189 3768; x_wconf 90' lang='lat' dir='ltr'><strong>orbem</strong></span> <span class='ocrx_word' id='word_1_523' title='bbox 1210 3718 1461 3782; x_wconf 87' lang='lat' dir='ltr'><strong>spectare</strong></span> <span class='ocrx_word' id='word_1_524' title='bbox 1487 3710 1561 3765; x_wconf 91' lang='lat' dir='ltr'><strong>sit</strong></span> <span class='ocrx_word' id='word_1_525' title='bbox 1578 3710 1794 3766; x_wconf 88' lang='lat' dir='ltr'><strong>solitus.</strong></span> <span class='ocrx_word' id='word_1_526' title='bbox 1826 3729 1845 3761; x_wconf 72' lang='grc' dir='ltr'><strong>ι</strong></span> <span class='ocrx_word' id='word_1_527' title='bbox 1877 3707 2035 3775; x_wconf 85' lang='lat' dir='ltr'><strong>Quod</strong></span> <span class='ocrx_word' id='word_1_528' title='bbox 2060 3714 2248 3763; x_wconf 89' lang='lat' dir='ltr'><strong>autem</strong></span> 
     </span>
    </p>
   </div>
   <div class='ocr_carea' id='block_1_71' title="bbox 664 3798 2252 3868">
    <p class='ocr_par' dir='ltr' id='par_1_71' title="bbox 664 3798 2252 3868">
     <span class='ocr_line' id='line_1_71' title="bbox 664 3798 2252 3868; baseline -0.003 -10"><span class='ocrx_word' id='word_1_529' title='bbox 664 3802 851 3858; x_wconf 88' lang='lat' dir='ltr'><strong>nullus</strong></span> <span class='ocrx_word' id='word_1_530' title='bbox 898 3799 1217 3855; x_wconf 65' lang='lat' dir='ltr'><strong>Graecorum</strong></span> <span class='ocrx_word' id='word_1_531' title='bbox 1258 3798 1719 3868; x_wconf 74' lang='lat' dir='ltr'><strong>philosophorum</strong></span> <span class='ocrx_word' id='word_1_532' title='bbox 1767 3806 2093 3854; x_wconf 89' lang='lat' dir='ltr'><strong>montanum</strong></span> <span class='ocrx_word' id='word_1_533' title='bbox 2139 3806 2252 3854; x_wconf 82' lang='lat' dir='ltr'><strong>sta-</strong></span> 
     </span>
    </p>
   </div>
   <div class='ocr_carea' id='block_1_72' title="bbox 664 3889 2249 3955">
    <p class='ocr_par' dir='ltr' id='par_1_72' title="bbox 664 3889 2249 3955">
     <span class='ocr_line' id='line_1_72' title="bbox 664 3889 2249 3955; baseline -0.006 -4"><span class='ocrx_word' id='word_1_534' title='bbox 664 3893 861 3951; x_wconf 88' lang='lat' dir='ltr'><strong>bulum</strong></span> <span class='ocrx_word' id='word_1_535' title='bbox 890 3891 1177 3955; x_wconf 89' lang='lat' dir='ltr'><strong>habitarit,</strong></span> <span class='ocrx_word' id='word_1_536' title='bbox 1203 3889 1339 3944; x_wconf 89' lang='lat' dir='ltr'><strong>satis</strong></span> <span class='ocrx_word' id='word_1_537' title='bbox 1372 3897 1624 3943; x_wconf 88' lang='lat' dir='ltr'><strong>veterum</strong></span> <span class='ocrx_word' id='word_1_538' title='bbox 1662 3897 2021 3943; x_wconf 87' lang='lat' dir='ltr'><strong>monumenta</strong></span> <span class='ocrx_word' id='word_1_539' title='bbox 2055 3896 2249 3942; x_wconf 77' lang='lat' dir='ltr'><strong>osten-</strong></span> 
     </span>
    </p>
   </div>
   <div class='ocr_carea' id='block_1_73' title="bbox 667 3980 2250 4062">
    <p class='ocr_par' dir='ltr' id='par_1_73' title="bbox 667 3980 2250 4062">
     <span class='ocr_line' id='line_1_73' title="bbox 667 3980 2250 4062; baseline -0.004 -22"><span class='ocrx_word' id='word_1_540' title='bbox 667 3984 828 4041; x_wconf 82' lang='lat' dir='ltr'><strong>dunt.</strong></span> <span class='ocrx_word' id='word_1_541' title='bbox 876 3983 1028 4062; x_wconf 70' lang='lat' dir='ltr'><strong>idem</strong></span> <span class='ocrx_word' id='word_1_542' title='bbox 1066 3996 1200 4035; x_wconf 89' lang='lat' dir='ltr'><strong>vero</strong></span> <span class='ocrx_word' id='word_1_543' title='bbox 1234 3988 1291 4035; x_wconf 91' lang='lat' dir='ltr'><strong>et</strong></span> <span class='ocrx_word' id='word_1_544' title='bbox 1328 3996 1427 4035; x_wconf 89' lang='lat' dir='ltr'><strong>vos</strong></span> <span class='ocrx_word' id='word_1_545' title='bbox 1482 3981 1782 4046; x_wconf 87' lang='lat' dir='ltr'><strong>testamini,</strong></span> <span class='ocrx_word' id='word_1_546' title='bbox 1832 3980 1927 4051; x_wconf 90' lang='lat' dir='ltr'><strong>qui</strong></span> <span class='ocrx_word' id='word_1_547' title='bbox 1973 3981 2081 4035; x_wconf 92' lang='lat' dir='ltr'><strong>hoc</strong></span> <span class='ocrx_word' id='word_1_548' title='bbox 2124 3980 2250 4034; x_wconf 70' lang='lat' dir='ltr'><strong>vitae</strong></span> 
     </span>
    </p>
   </div>
   <div class='ocr_carea' id='block_1_74' title="bbox 668 4072 2251 4148">
    <p class='ocr_par' dir='ltr' id='par_1_74' title="bbox 668 4072 2251 4148">
     <span class='ocr_line' id='line_1_74' title="bbox 668 4072 2251 4148; baseline -0.001 -19"><span class='ocrx_word' id='word_1_549' title='bbox 668 4090 844 4148; x_wconf 86' lang='lat' dir='ltr'><strong>genus</strong></span> <span class='ocrx_word' id='word_1_550' title='bbox 887 4072 1223 4128; x_wconf 89' lang='lat' dir='ltr'><strong>docentibus</strong></span> <span class='ocrx_word' id='word_1_551' title='bbox 1266 4072 1508 4141; x_wconf 84' lang='lat' dir='ltr'><strong>graviter</strong></span> <span class='ocrx_word' id='word_1_552' title='bbox 1559 4073 1920 4139; x_wconf 88' lang='lat' dir='ltr'><strong>succensetis,</strong></span> <span class='ocrx_word' id='word_1_553' title='bbox 1964 4087 2092 4127; x_wconf 89' lang='lat' dir='ltr'><strong>cum</strong></span> <span class='ocrx_word' id='word_1_554' title='bbox 2143 4072 2251 4127; x_wconf 90' lang='lat' dir='ltr'><strong>hoc</strong></span> 
     </span>
    </p>
   </div>
   <div class='ocr_carea' id='block_1_75' title="bbox 667 4152 2250 4221">
    <p class='ocr_par' dir='ltr' id='par_1_75' title="bbox 667 4152 2250 4221">
     <span class='ocr_line' id='line_1_75' title="bbox 667 4152 2250 4221; baseline -0.003 0"><span class='ocrx_word' id='word_1_555' title='bbox 667 4175 852 4221; x_wconf 87' lang='lat' dir='ltr'><strong>tamen</strong></span> <span class='ocrx_word' id='word_1_556' title='bbox 881 4165 1036 4220; x_wconf 87' lang='lat' dir='ltr'><strong>Plato</strong></span> <span class='ocrx_word' id='word_1_557' title='bbox 1064 4163 1226 4217; x_wconf 89' lang='lat' dir='ltr'><strong>valde</strong></span> <span class='ocrx_word' id='word_1_558' title='bbox 1246 4152 1585 4217; x_wconf 77' lang='lat' dir='ltr'><strong>laudandum</strong></span> <span class='ocrx_word' id='word_1_559' title='bbox 1610 4161 1831 4218; x_wconf 79' lang='lat' dir='ltr'><strong>dixerit.</strong></span> <span class='ocrx_word' id='word_1_560' title='bbox 1863 4161 2250 4218; x_wconf 84' lang='lat' dir='ltr'><strong>Cons&#39;entanea</strong></span> 
     </span>
    </p>
   </div>
   <div class='ocr_carea' id='block_1_76' title="bbox 667 4252 2249 4324">
    <p class='ocr_par' dir='ltr' id='par_1_76' title="bbox 667 4252 2249 4324">
     <span class='ocr_line' id='line_1_76' title="bbox 667 4252 2249 4324; baseline -0.003 -15"><span class='ocrx_word' id='word_1_561' title='bbox 667 4272 803 4312; x_wconf 87' lang='lat' dir='ltr'><strong>vero</strong></span> <span class='ocrx_word' id='word_1_562' title='bbox 824 4265 883 4310; x_wconf 86' lang='lat' dir='ltr'><strong>ct</strong></span> <span class='ocrx_word' id='word_1_563' title='bbox 898 4255 955 4308; x_wconf 90' lang='lat' dir='ltr'><strong>in</strong></span> <span class='ocrx_word' id='word_1_564' title='bbox 981 4253 1225 4310; x_wconf 85' lang='lat' dir='ltr'><strong>secundo</strong></span> <span class='ocrx_word' id='word_1_565' title='bbox 1243 4252 1565 4324; x_wconf 71' lang='lat' dir='ltr'><strong>Reipublicae</strong></span> <span class='ocrx_word' id='word_1_566' title='bbox 1581 4252 1725 4307; x_wconf 90' lang='lat' dir='ltr'><strong>libro</strong></span> <span class='ocrx_word' id='word_1_567' title='bbox 1744 4253 1937 4307; x_wconf 89' lang='lat' dir='ltr'><strong>scribit</strong></span> <span class='ocrx_word' id='word_1_568' title='bbox 1952 4252 2027 4324; x_wconf 90' lang='lat' dir='ltr'><strong>(p.</strong></span> <span class='ocrx_word' id='word_1_569' title='bbox 2046 4253 2142 4307; x_wconf 81' lang='lat' dir='ltr'><strong>&#39;56l</strong></span> <span class='ocrx_word' id='word_1_570' title='bbox 2164 4252 2249 4323; x_wconf 86' lang='grc' dir='ltr'><strong>Β).</strong></span> 
     </span>
    </p>
   </div>
   <div class='ocr_carea' id='block_1_77' title="bbox 677 4344 2249 4423">
    <p class='ocr_par' dir='ltr' id='par_1_77' title="bbox 677 4344 2249 4423">
     <span class='ocr_line' id='line_1_77' title="bbox 677 4344 2249 4423; baseline -0.002 -23"><span class='ocrx_word' id='word_1_571' title='bbox 677 4370 694 4400; x_wconf 82' lang='grc' dir='ltr'><strong>ι</strong></span> <span class='ocrx_word' id='word_1_572' title='bbox 724 4348 840 4402; x_wconf 86' lang='lat' dir='ltr'><strong>Tali</strong></span> <span class='ocrx_word' id='word_1_573' title='bbox 864 4346 1090 4400; x_wconf 85' lang='lat' dir='ltr'><strong>homine</strong></span> <span class='ocrx_word' id='word_1_574' title='bbox 1114 4344 1285 4400; x_wconf 85' lang='lat' dir='ltr'><strong>semel</strong></span> <span class='ocrx_word' id='word_1_575' title='bbox 1312 4360 1341 4399; x_wconf 91' lang='lat' dir='ltr'><strong>a</strong></span> <span class='ocrx_word' id='word_1_576' title='bbox 1374 4344 1534 4399; x_wconf 88' lang='lat' dir='ltr'><strong>nobis</strong></span> <span class='ocrx_word' id='word_1_577' title='bbox 1561 4344 1762 4414; x_wconf 88' lang='lat' dir='ltr'><strong>posito,</strong></span> <span class='ocrx_word' id='word_1_578' title='bbox 1796 4345 1997 4423; x_wconf 81' lang='lat' dir='ltr'><strong>inquit,</strong></span> <span class='ocrx_word' id='word_1_579' title='bbox 2036 4346 2249 4414; x_wconf 89' lang='lat' dir='ltr'><strong>justum</strong></span> 
     </span>
    </p>
   </div>
   <div class='ocr_carea' id='block_1_78' title="bbox 2346 3162 3951 3233">
    <p class='ocr_par' dir='ltr' id='par_1_78' title="bbox 2346 3162 3951 3233">
     <span class='ocr_line' id='line_1_78' title="bbox 2346 3162 3951 3233; baseline 0.004 -19"><span class='ocrx_word' id='word_1_580' title='bbox 2346 3177 2566 3232; x_wconf 87' lang='grc' dir='ltr'>κτηται,</span> <span class='ocrx_word' id='word_1_581' title='bbox 2598 3162 2743 3215; x_wconf 84' lang='grc' dir='ltr'>πάνυ</span> <span class='ocrx_word' id='word_1_582' title='bbox 2766 3163 2978 3233; x_wconf 81' lang='grc' dir='ltr'>σμικρὰ</span> <span class='ocrx_word' id='word_1_583' title='bbox 3007 3164 3156 3217; x_wconf 78' lang='grc' dir='ltr'>δοκεῖ</span> <span class='ocrx_word' id='word_1_584' title='bbox 3192 3163 3436 3233; x_wconf 81' lang='grc' dir='ltr'>ἀκούειν,</span> <span class='ocrx_word' id='word_1_585' title='bbox 3459 3167 3541 3228; x_wconf 85' lang='grc' dir='ltr'><strong>είς</strong></span> <span class='ocrx_word' id='word_1_586' title='bbox 3571 3166 3801 3220; x_wconf 79' lang='grc' dir='ltr'>ἃπασαν</span> <span class='ocrx_word' id='word_1_587' title='bbox 3824 3167 3951 3221; x_wconf 68' lang='lat' dir='ltr'><strong>etm-</strong></span> 
     </span>
    </p>
   </div>
   <div class='ocr_carea' id='block_1_79' title="bbox 2346 3250 3953 3331">
    <p class='ocr_par' dir='ltr' id='par_1_79' title="bbox 2346 3250 3953 3331">
     <span class='ocr_line' id='line_1_79' title="bbox 2346 3250 3953 3331; baseline 0.006 -28"><span class='ocrx_word' id='word_1_588' title='bbox 2346 3250 2456 3315; x_wconf 87' lang='grc' dir='ltr'>θὼς</span> <span class='ocrx_word' id='word_1_589' title='bbox 2484 3250 2582 3321; x_wconf 80' lang='grc' dir='ltr'><strong>τὴν</strong></span> <span class='ocrx_word' id='word_1_590' title='bbox 2619 3252 2725 3323; x_wconf 84' lang='grc' dir='ltr'><strong>γῆν</strong></span> <span class='ocrx_word' id='word_1_591' title='bbox 2763 3251 3004 3322; x_wconf 82' lang='grc' dir='ltr'>βλέπειν.</span> <span class='ocrx_word' id='word_1_592' title='bbox 3042 3272 3061 3306; x_wconf 74' lang='grc' dir='ltr'><strong>ι</strong></span> <span class='ocrx_word' id='word_1_593' title='bbox 3105 3254 3230 3309; x_wconf 84' lang='grc' dir='ltr'><strong>Ὀτι</strong></span> <span class='ocrx_word' id='word_1_594' title='bbox 3277 3254 3335 3309; x_wconf 80' lang='grc' dir='ltr'>δὲ</span> <span class='ocrx_word' id='word_1_595' title='bbox 3382 3255 3493 3309; x_wconf 83' lang='grc' dir='ltr'><strong>τῶν</strong></span> <span class='ocrx_word' id='word_1_596' title='bbox 3532 3257 3664 3327; x_wconf 75' lang='grc' dir='ltr'>παρ’</span> <span class='ocrx_word' id='word_1_597' title='bbox 3715 3257 3953 3331; x_wconf 79' lang='grc' dir='ltr'>Ἕλλησι</span> 
     </span>
    </p>
   </div>
   <div class='ocr_carea' id='block_1_80' title="bbox 2350 3342 3953 3423">
    <p class='ocr_par' dir='ltr' id='par_1_80' title="bbox 2350 3342 3953 3423">
     <span class='ocr_line' id='line_1_80' title="bbox 2350 3342 3953 3423; baseline 0.005 -26"><span class='ocrx_word' id='word_1_598' title='bbox 2350 3342 2869 3417; x_wconf 79' lang='grc' dir='ltr'>πεφιλοσοφηκότων</span> <span class='ocrx_word' id='word_1_599' title='bbox 2910 3347 3088 3412; x_wconf 77' lang='grc' dir='ltr'>οὐδεὶς</span> <span class='ocrx_word' id='word_1_600' title='bbox 3128 3348 3188 3402; x_wconf 74' lang='grc' dir='ltr'>ἐν</span> <span class='ocrx_word' id='word_1_601' title='bbox 3218 3348 3336 3421; x_wconf 66' lang='lat' dir='ltr'><strong>spe:</strong></span> <span class='ocrx_word' id='word_1_602' title='bbox 3391 3349 3561 3421; x_wconf 76' lang='grc' dir='ltr'>σηκὸν</span> <span class='ocrx_word' id='word_1_603' title='bbox 3607 3350 3953 3423; x_wconf 67' lang='grc' dir='ltr'>δειμάμενος</span> 
     </span>
    </p>
   </div>
   <div class='ocr_carea' id='block_1_81' title="bbox 2346 3434 3954 3514">
    <p class='ocr_par' dir='ltr' id='par_1_81' title="bbox 2346 3434 3954 3514">
     <span class='ocr_line' id='line_1_81' title="bbox 2346 3434 3954 3514; baseline 0.006 -26"><span class='ocrx_word' id='word_1_604' title='bbox 2346 3434 2583 3508; x_wconf 78' lang='grc' dir='ltr'>ᾤκησεν,</span> <span class='ocrx_word' id='word_1_605' title='bbox 2622 3438 2780 3493; x_wconf 78' lang='grc' dir='ltr'>ίκανὰ</span> <span class='ocrx_word' id='word_1_606' title='bbox 2808 3439 2907 3509; x_wconf 85' lang='grc' dir='ltr'>μὲν</span> <span class='ocrx_word' id='word_1_607' title='bbox 2932 3438 3028 3492; x_wconf 77' lang='grc' dir='ltr'>καὶ</span> <span class='ocrx_word' id='word_1_608' title='bbox 3052 3439 3121 3492; x_wconf 85' lang='grc' dir='ltr'><strong>τά</strong></span> <span class='ocrx_word' id='word_1_609' title='bbox 3148 3437 3357 3493; x_wconf 82' lang='grc' dir='ltr'>παλαιά</span> <span class='ocrx_word' id='word_1_610' title='bbox 3378 3439 3617 3511; x_wconf 82' lang='grc' dir='ltr'>δηλῶσαι</span> <span class='ocrx_word' id='word_1_611' title='bbox 3648 3441 3954 3514; x_wconf 72' lang='grc' dir='ltr'>ξυγγράμο</span> 
     </span>
    </p>
   </div>
   <div class='ocr_carea' id='block_1_82' title="bbox 2352 3530 3954 3603">
    <p class='ocr_par' dir='ltr' id='par_1_82' title="bbox 2352 3530 3954 3603">
     <span class='ocr_line' id='line_1_82' title="bbox 2352 3530 3954 3603; baseline -0.019 6"><span class='ocrx_word' id='word_1_612' title='bbox 2352 3546 2518 3599; x_wconf 47' lang='lat' dir='ltr'><strong>“an,</strong></span> <span class='ocrx_word' id='word_1_613' title='bbox 2552 3532 2882 3602; x_wconf 78' lang='grc' dir='ltr'>μαρτυρεῖτε</span> <span class='ocrx_word' id='word_1_614' title='bbox 2920 3530 2979 3584; x_wconf 64' lang='grc' dir='ltr'><strong>δὲ</strong></span> <span class='ocrx_word' id='word_1_615' title='bbox 3002 3530 3097 3585; x_wconf 56' lang='grc' dir='ltr'>καῖ</span> <span class='ocrx_word' id='word_1_616' title='bbox 3127 3531 3309 3603; x_wconf 78' lang='grc' dir='ltr'>ὑμεῖς,</span> <span class='ocrx_word' id='word_1_617' title='bbox 3338 3533 3455 3596; x_wconf 84' lang='grc' dir='ltr'>τοῖς</span> <span class='ocrx_word' id='word_1_618' title='bbox 3478 3531 3670 3586; x_wconf 80' lang='grc' dir='ltr'>τοῦτον</span> <span class='ocrx_word' id='word_1_619' title='bbox 3702 3534 3743 3563; x_wconf 77' lang='grc'><strong>¹¹</strong></span> <span class='ocrx_word' id='word_1_620' title='bbox 3813 3552 3954 3603; x_wconf 71' lang='grc' dir='ltr'>μετ-</span> 
     </span>
    </p>
   </div>
   <div class='ocr_carea' id='block_1_83' title="bbox 2350 3618 3957 3691">
    <p class='ocr_par' dir='ltr' id='par_1_83' title="bbox 2350 3618 3957 3691">
     <span class='ocr_line' id='line_1_83' title="bbox 2350 3618 3957 3691; baseline 0.004 -18"><span class='ocrx_word' id='word_1_621' title='bbox 2350 3618 2492 3673; x_wconf 79' lang='grc' dir='ltr'>ιοῦσι</span> <span class='ocrx_word' id='word_1_622' title='bbox 2516 3621 2854 3691; x_wconf 79' lang='grc' dir='ltr'>νεμεσῶντες</span> <span class='ocrx_word' id='word_1_623' title='bbox 2904 3621 2998 3674; x_wconf 85' lang='grc' dir='ltr'>τὸν</span> <span class='ocrx_word' id='word_1_624' title='bbox 3051 3619 3189 3691; x_wconf 87' lang='grc' dir='ltr'>βίον.</span> <span class='ocrx_word' id='word_1_625' title='bbox 3258 3622 3445 3676; x_wconf 81' lang='grc' dir='ltr'>Ἀλλ’ὁ</span> <span class='ocrx_word' id='word_1_626' title='bbox 3480 3622 3707 3677; x_wconf 77' lang='grc' dir='ltr'>Πλάτων</span> <span class='ocrx_word' id='word_1_627' title='bbox 3750 3624 3957 3679; x_wconf 77' lang='grc' dir='ltr'>τοῦτον</span> 
     </span>
    </p>
   </div>
   <div class='ocr_carea' id='block_1_84' title="bbox 2348 3708 3955 3785">
    <p class='ocr_par' dir='ltr' id='par_1_84' title="bbox 2348 3708 3955 3785">
     <span class='ocr_line' id='line_1_84' title="bbox 2348 3708 3955 3785; baseline 0.004 -21"><span class='ocrx_word' id='word_1_628' title='bbox 2348 3711 2571 3782; x_wconf 72' lang='grc' dir='ltr'>εἴρηκεν</span> <span class='ocrx_word' id='word_1_629' title='bbox 2604 3710 3069 3781; x_wconf 78' lang='grc' dir='ltr'>ἀξιαγαστότατον</span> <span class='ocrx_word' id='word_1_630' title='bbox 3127 3712 3280 3785; x_wconf 78' lang='grc'><strong>[170]</strong></span> <span class='ocrx_word' id='word_1_631' title='bbox 3336 3708 3494 3768; x_wconf 79' lang='grc' dir='ltr'>εἶναι.</span> <span class='ocrx_word' id='word_1_632' title='bbox 3544 3715 3839 3785; x_wconf 67' lang='grc' dir='ltr'>Ξύμςξωνα</span> <span class='ocrx_word' id='word_1_633' title='bbox 3896 3720 3955 3771; x_wconf 74' lang='grc' dir='ltr'>δὲ</span> 
     </span>
    </p>
   </div>
   <div class='ocr_carea' id='block_1_85' title="bbox 2348 3800 3958 3877">
    <p class='ocr_par' dir='ltr' id='par_1_85' title="bbox 2348 3800 3958 3877">
     <span class='ocr_line' id='line_1_85' title="bbox 2348 3800 3958 3877; baseline 0.004 -22"><span class='ocrx_word' id='word_1_634' title='bbox 2348 3801 2453 3855; x_wconf 86' lang='grc' dir='ltr'><strong>κάν</strong></span> <span class='ocrx_word' id='word_1_635' title='bbox 2470 3800 2549 3873; x_wconf 80' lang='grc' dir='ltr'><strong>τῷ</strong></span> <span class='ocrx_word' id='word_1_636' title='bbox 2586 3802 2825 3873; x_wconf 81' lang='grc' dir='ltr'>δευτέρῳ</span> <span class='ocrx_word' id='word_1_637' title='bbox 2852 3803 2950 3873; x_wconf 81' lang='grc' dir='ltr'>τῆς</span> <span class='ocrx_word' id='word_1_638' title='bbox 2967 3804 3283 3870; x_wconf 77' lang='grc' dir='ltr'>Πολιτείας</span> <span class='ocrx_word' id='word_1_639' title='bbox 3304 3803 3430 3875; x_wconf 76' lang='grc' dir='ltr'>ἔφη·</span> <span class='ocrx_word' id='word_1_640' title='bbox 3456 3822 3475 3856; x_wconf 80' lang='grc' dir='ltr'><strong>ι</strong></span> <span class='ocrx_word' id='word_1_641' title='bbox 3504 3806 3607 3859; x_wconf 81' lang='grc' dir='ltr'><strong>Τὸν</strong></span> <span class='ocrx_word' id='word_1_642' title='bbox 3634 3805 3745 3877; x_wconf 73' lang='grc' dir='ltr'><strong>γὰρ</strong></span> <span class='ocrx_word' id='word_1_643' title='bbox 3774 3810 3958 3861; x_wconf 80' lang='grc' dir='ltr'><strong>τοιοῦ-</strong></span> 
     </span>
    </p>
   </div>
   <div class='ocr_carea' id='block_1_86' title="bbox 2347 3880 3955 3972">
    <p class='ocr_par' dir='ltr' id='par_1_86' title="bbox 2347 3880 3955 3972">
     <span class='ocr_line' id='line_1_86' title="bbox 2347 3880 3955 3972; baseline 0.004 -26"><span class='ocrx_word' id='word_1_644' title='bbox 2347 3908 2463 3958; x_wconf 88' lang='grc' dir='ltr'>τον,</span> <span class='ocrx_word' id='word_1_645' title='bbox 2490 3880 2645 3962; x_wconf 72' lang='grc' dir='ltr'>φησὶ,</span> <span class='ocrx_word' id='word_1_646' title='bbox 2678 3893 2883 3956; x_wconf 84' lang='grc' dir='ltr'>θέντες,</span> <span class='ocrx_word' id='word_1_647' title='bbox 2906 3894 2998 3955; x_wconf 66' lang='grc' dir='ltr'>τὸν</span> <span class='ocrx_word' id='word_1_648' title='bbox 3026 3894 3237 3949; x_wconf 85' lang='grc' dir='ltr'>δίκαιον</span> <span class='ocrx_word' id='word_1_649' title='bbox 3261 3891 3328 3949; x_wconf 76' lang='grc' dir='ltr'>αὖ</span> <span class='ocrx_word' id='word_1_650' title='bbox 3352 3895 3484 3966; x_wconf 79' lang='grc' dir='ltr'>παρ’</span> <span class='ocrx_word' id='word_1_651' title='bbox 3508 3897 3669 3949; x_wconf 57' lang='lat' dir='ltr'><strong>eam</strong></span> <span class='ocrx_word' id='word_1_652' title='bbox 3702 3900 3955 3972; x_wconf 73' lang='grc' dir='ltr'>ἱστῶμεν</span> 
     </span>
    </p>
   </div>
   <div class='ocr_carea' id='block_1_87' title="bbox 2349 3982 3952 4062">
    <p class='ocr_par' dir='ltr' id='par_1_87' title="bbox 2349 3982 3952 4062">
     <span class='ocr_line' id='line_1_87' title="bbox 2349 3982 3952 4062; baseline 0.007 -27"><span class='ocrx_word' id='word_1_653' title='bbox 2349 3982 2427 4053; x_wconf 84' lang='grc' dir='ltr'>τῷ</span> <span class='ocrx_word' id='word_1_654' title='bbox 2446 3982 2614 4054; x_wconf 80' lang='grc' dir='ltr'>λόγῳ,</span> <span class='ocrx_word' id='word_1_655' title='bbox 2642 3984 2813 4055; x_wconf 80' lang='grc' dir='ltr'>ἄνδρα</span> <span class='ocrx_word' id='word_1_656' title='bbox 2845 3984 3053 4053; x_wconf 78' lang='grc' dir='ltr'>ἀπλοῦν</span> <span class='ocrx_word' id='word_1_657' title='bbox 3085 3986 3180 4040; x_wconf 81' lang='grc' dir='ltr'><strong>καὶ</strong></span> <span class='ocrx_word' id='word_1_658' title='bbox 3204 3990 3471 4055; x_wconf 80' lang='grc' dir='ltr'>γενναῖον,</span> <span class='ocrx_word' id='word_1_659' title='bbox 3507 3988 3622 4042; x_wconf 80' lang='grc' dir='ltr'>κατ’</span> <span class='ocrx_word' id='word_1_660' title='bbox 3647 3991 3952 4062; x_wconf 75' lang='grc' dir='ltr'>Αἰσχύλον,</span> 
     </span>
    </p>
   </div>
   <div class='ocr_carea' id='block_1_88' title="bbox 2350 4072 3953 4155">
    <p class='ocr_par' dir='ltr' id='par_1_88' title="bbox 2350 4072 3953 4155">
     <span class='ocr_line' id='line_1_88' title="bbox 2350 4072 3953 4155; baseline 0.008 -29"><span class='ocrx_word' id='word_1_661' title='bbox 2350 4074 2413 4127; x_wconf 83' lang='grc' dir='ltr'><strong>οὐ</strong></span> <span class='ocrx_word' id='word_1_662' title='bbox 2444 4074 2621 4128; x_wconf 85' lang='grc' dir='ltr'>δοκεῖν</span> <span class='ocrx_word' id='word_1_663' title='bbox 2676 4076 2792 4128; x_wconf 78' lang='grc' dir='ltr'>ἀλλ’</span> <span class='ocrx_word' id='word_1_664' title='bbox 2822 4072 2961 4131; x_wconf 82' lang='grc' dir='ltr'>εἶναι</span> <span class='ocrx_word' id='word_1_665' title='bbox 3011 4079 3216 4148; x_wconf 80' lang='grc' dir='ltr'>ἀγαθὸν</span> <span class='ocrx_word' id='word_1_666' title='bbox 3262 4080 3538 4137; x_wconf 77' lang='grc' dir='ltr'>ἐθέλοντα.</span> <span class='ocrx_word' id='word_1_667' title='bbox 3589 4082 3953 4155; x_wconf 73' lang='grc' dir='ltr'>Ἀφαιρετέον</span> 
     </span>
    </p>
   </div>
   <div class='ocr_carea' id='block_1_89' title="bbox 2352 4162 3952 4237">
    <p class='ocr_par' dir='ltr' id='par_1_89' title="bbox 2352 4162 3952 4237">
     <span class='ocr_line' id='line_1_89' title="bbox 2352 4162 3952 4237; baseline 0.009 -22"><span class='ocrx_word' id='word_1_668' title='bbox 2352 4162 2409 4215; x_wconf 77' lang='grc' dir='ltr'>δὲ</span> <span class='ocrx_word' id='word_1_669' title='bbox 2440 4163 2507 4216; x_wconf 81' lang='grc' dir='ltr'>τὸ</span> <span class='ocrx_word' id='word_1_670' title='bbox 2539 4163 2761 4217; x_wconf 80' lang='grc' dir='ltr'>δοκεῖν.</span> <span class='ocrx_word' id='word_1_671' title='bbox 2796 4165 2859 4218; x_wconf 78' lang='lat' dir='ltr'><strong>Ei</strong></span> <span class='ocrx_word' id='word_1_672' title='bbox 2886 4168 2995 4237; x_wconf 77' lang='grc' dir='ltr'><strong>γὰρ</strong></span> <span class='ocrx_word' id='word_1_673' title='bbox 3024 4166 3167 4232; x_wconf 80' lang='grc' dir='ltr'>δόξει</span> <span class='ocrx_word' id='word_1_674' title='bbox 3195 4170 3240 4201; x_wconf 80' lang='grc'><strong>¹²</strong></span> <span class='ocrx_word' id='word_1_675' title='bbox 3269 4169 3477 4233; x_wconf 87' lang='grc' dir='ltr'>δίκαιος</span> <span class='ocrx_word' id='word_1_676' title='bbox 3520 4166 3681 4237; x_wconf 80' lang='grc' dir='ltr'>εἶναι,</span> <span class='ocrx_word' id='word_1_677' title='bbox 3729 4173 3952 4230; x_wconf 73' lang='grc' dir='ltr'>ἔσονται</span> 
     </span>
    </p>
   </div>
   <div class='ocr_carea' id='block_1_90' title="bbox 2354 4250 3951 4335">
    <p class='ocr_par' dir='ltr' id='par_1_90' title="bbox 2354 4250 3951 4335">
     <span class='ocr_line' id='line_1_90' title="bbox 2354 4250 3951 4335; baseline 0.009 -31"><span class='ocrx_word' id='word_1_678' title='bbox 2354 4250 2501 4321; x_wconf 83' lang='grc' dir='ltr'><strong>αὐτῷ</strong></span> <span class='ocrx_word' id='word_1_679' title='bbox 2523 4254 2679 4321; x_wconf 74' lang='grc' dir='ltr'>τιμαὶ</span> <span class='ocrx_word' id='word_1_680' title='bbox 2707 4254 2797 4307; x_wconf 73' lang='grc' dir='ltr'><strong>καὶ</strong></span> <span class='ocrx_word' id='word_1_681' title='bbox 2820 4255 3040 4325; x_wconf 77' lang='grc' dir='ltr'>δωρεαὶ,</span> <span class='ocrx_word' id='word_1_682' title='bbox 3062 4257 3307 4312; x_wconf 80' lang='grc' dir='ltr'>δοκοῦντι</span> <span class='ocrx_word' id='word_1_683' title='bbox 3328 4259 3555 4331; x_wconf 75' lang='grc' dir='ltr'>τοιούτῳ</span> <span class='ocrx_word' id='word_1_684' title='bbox 3582 4256 3743 4316; x_wconf 78' lang='grc' dir='ltr'>εἶναι.</span> <span class='ocrx_word' id='word_1_685' title='bbox 3776 4263 3951 4335; x_wconf 74' lang='grc' dir='ltr'>Ἀδη-</span> 
     </span>
    </p>
   </div>
   <div class='ocr_carea' id='block_1_91' title="bbox 2300 4340 3949 4426">
    <p class='ocr_par' dir='ltr' id='par_1_91' title="bbox 2300 4340 3949 4426">
     <span class='ocr_line' id='line_1_91' title="bbox 2300 4340 3949 4426; baseline 0.007 -31"><span class='ocrx_word' id='word_1_686' title='bbox 2300 4374 2303 4377; x_wconf 56' lang='grc' dir='ltr'><strong>λ</strong></span> <span class='ocrx_word' id='word_1_687' title='bbox 2354 4343 2444 4397; x_wconf 86' lang='grc' dir='ltr'>λον</span> <span class='ocrx_word' id='word_1_688' title='bbox 2477 4340 2591 4406; x_wconf 77' lang='grc' dir='ltr'>οὖν,</span> <span class='ocrx_word' id='word_1_689' title='bbox 2624 4346 2734 4397; x_wconf 80' lang='grc' dir='ltr'>εἴτε</span> <span class='ocrx_word' id='word_1_690' title='bbox 2762 4347 2859 4401; x_wconf 76' lang='grc' dir='ltr'><strong>τοῦ</strong></span> <span class='ocrx_word' id='word_1_691' title='bbox 2879 4348 3113 4415; x_wconf 77' lang='grc' dir='ltr'>δικαίου,</span> <span class='ocrx_word' id='word_1_692' title='bbox 3135 4350 3244 4402; x_wconf 76' lang='grc' dir='ltr'>εἴτε</span> <span class='ocrx_word' id='word_1_693' title='bbox 3271 4350 3380 4403; x_wconf 85' lang='grc' dir='ltr'>τῶν</span> <span class='ocrx_word' id='word_1_694' title='bbox 3400 4351 3614 4422; x_wconf 82' lang='grc' dir='ltr'>δωρεῶν</span> <span class='ocrx_word' id='word_1_695' title='bbox 3642 4355 3949 4426; x_wconf 59' lang='grc' dir='ltr'>καιτιμῶν</span> 
     </span>
    </p>
   </div>
   <div class='ocr_carea' id='block_1_92' title="bbox 669 4433 2238 4516">
    <p class='ocr_par' dir='ltr' id='par_1_92' title="bbox 669 4433 2238 4507">
     <span class='ocr_line' id='line_1_92' title="bbox 669 4433 2238 4507; baseline -0.002 -16"><span class='ocrx_word' id='word_1_696' title='bbox 669 4453 865 4493; x_wconf 82' lang='lat' dir='ltr'><strong>rursus</strong></span> <span class='ocrx_word' id='word_1_697' title='bbox 893 4438 1047 4507; x_wconf 81' lang='lat' dir='ltr'><strong>juxta</strong></span> <span class='ocrx_word' id='word_1_698' title='bbox 1076 4436 1224 4489; x_wconf 89' lang='lat' dir='ltr'><strong>hunc</strong></span> <span class='ocrx_word' id='word_1_699' title='bbox 1263 4443 1593 4499; x_wconf 84' lang='lat' dir='ltr'><strong>statuamus,</strong></span> <span class='ocrx_word' id='word_1_700' title='bbox 1624 4434 1806 4488; x_wconf 88' lang='lat' dir='ltr'><strong>virum</strong></span> <span class='ocrx_word' id='word_1_701' title='bbox 1848 4433 2155 4503; x_wconf 84' lang='lat' dir='ltr'><strong>simplicem</strong></span> <span class='ocrx_word' id='word_1_702' title='bbox 2193 4445 2238 4488; x_wconf 79' lang='lat' dir='ltr'><strong>el</strong></span> 
     </span>
    </p>
   </div>
   <div class='ocr_carea' id='block_1_93' title="bbox 2341 4433 3951 4516">
    <p class='ocr_par' dir='ltr' id='par_1_93' title="bbox 2355 4435 3951 4516">
     <span class='ocr_line' id='line_1_93' title="bbox 2355 4435 3951 4516; baseline 0.008 -29"><span class='ocrx_word' id='word_1_703' title='bbox 2355 4435 2540 4490; x_wconf 75' lang='grc' dir='ltr'>ἕνεκεν</span> <span class='ocrx_word' id='word_1_704' title='bbox 2570 4437 2809 4511; x_wconf 81' lang='grc' dir='ltr'>τοιοῦτος</span> <span class='ocrx_word' id='word_1_705' title='bbox 2849 4440 2959 4510; x_wconf 87' lang='grc' dir='ltr'>είη.</span> <span class='ocrx_word' id='word_1_706' title='bbox 2988 4440 3307 4510; x_wconf 83' lang='grc' dir='ltr'>Γυμνωτέος</span> <span class='ocrx_word' id='word_1_707' title='bbox 3335 4441 3399 4511; x_wconf 82' lang='grc' dir='ltr'>δὴ</span> <span class='ocrx_word' id='word_1_708' title='bbox 3447 4444 3663 4496; x_wconf 82' lang='grc' dir='ltr'>πάντων</span> <span class='ocrx_word' id='word_1_709' title='bbox 3690 4445 3841 4516; x_wconf 75' lang='grc' dir='ltr'>πλὴν</span> <span class='ocrx_word' id='word_1_710' title='bbox 3873 4448 3951 4499; x_wconf 78' lang='grc' dir='ltr'>δι-</span> 
     </span>
    </p>
   </div>
   <div class='ocr_carea' id='block_1_94' title="bbox 669 4523 2252 4599">
    <p class='ocr_par' dir='ltr' id='par_1_94' title="bbox 669 4523 2252 4599">
     <span class='ocr_line' id='line_1_94' title="bbox 669 4523 2252 4599; baseline -0.003 -16"><span class='ocrx_word' id='word_1_711' title='bbox 669 4542 1022 4599; x_wconf 86' lang='lat' dir='ltr'><strong>generosum,</strong></span> <span class='ocrx_word' id='word_1_712' title='bbox 1060 4526 1179 4594; x_wconf 87' lang='lat' dir='ltr'><strong>qui,</strong></span> <span class='ocrx_word' id='word_1_713' title='bbox 1212 4534 1275 4577; x_wconf 92' lang='lat' dir='ltr'><strong>ut</strong></span> <span class='ocrx_word' id='word_1_714' title='bbox 1310 4525 1387 4577; x_wconf 89' lang='lat' dir='ltr'><strong>ait</strong></span> <span class='ocrx_word' id='word_1_715' title='bbox 1426 4523 1742 4595; x_wconf 68' lang='lat' dir='ltr'><strong>Aiscbylus,</strong></span> <span class='ocrx_word' id='word_1_716' title='bbox 1773 4540 1883 4578; x_wconf 91' lang='lat' dir='ltr'><strong>non</strong></span> <span class='ocrx_word' id='word_1_717' title='bbox 1919 4524 2115 4589; x_wconf 83' lang='lat' dir='ltr'><strong>videri,</strong></span> <span class='ocrx_word' id='word_1_718' title='bbox 2153 4524 2252 4579; x_wconf 87' lang='lat' dir='ltr'><strong>scd</strong></span> 
     </span>
    </p>
   </div>
   <div class='ocr_carea' id='block_1_95' title="bbox 669 4614 2247 4685">
    <p class='ocr_par' dir='ltr' id='par_1_95' title="bbox 669 4614 2247 4685">
     <span class='ocr_line' id='line_1_95' title="bbox 669 4614 2247 4685; baseline -0.004 -11"><span class='ocrx_word' id='word_1_719' title='bbox 669 4633 789 4675; x_wconf 82' lang='lat' dir='ltr'><strong>esse</strong></span> <span class='ocrx_word' id='word_1_720' title='bbox 810 4618 989 4671; x_wconf 89' lang='lat' dir='ltr'><strong>bonus</strong></span> <span class='ocrx_word' id='word_1_721' title='bbox 1008 4623 1247 4685; x_wconf 81' lang='lat' dir='ltr'><strong>appetat.</strong></span> <span class='ocrx_word' id='word_1_722' title='bbox 1276 4614 1412 4669; x_wconf 91' lang='lat' dir='ltr'><strong>Illud</strong></span> <span class='ocrx_word' id='word_1_723' title='bbox 1433 4615 1578 4669; x_wconf 86' lang='lat' dir='ltr'><strong>enim</strong></span> <span class='ocrx_word' id='word_1_724' title='bbox 1606 4616 1768 4668; x_wconf 83' lang='lat' dir='ltr'><strong>videri</strong></span> <span class='ocrx_word' id='word_1_725' title='bbox 1784 4630 2017 4685; x_wconf 87' lang='lat' dir='ltr'><strong>prorsus</strong></span> <span class='ocrx_word' id='word_1_726' title='bbox 2049 4616 2247 4669; x_wconf 86' lang='lat' dir='ltr'><strong>tollen-</strong></span> 
     </span>
    </p>
   </div>
   <div class='ocr_carea' id='block_1_96' title="bbox 670 4705 2246 4776">
    <p class='ocr_par' dir='ltr' id='par_1_96' title="bbox 670 4705 2246 4776">
     <span class='ocr_line' id='line_1_96' title="bbox 670 4705 2246 4776; baseline -0.001 -13"><span class='ocrx_word' id='word_1_727' title='bbox 670 4708 803 4763; x_wconf 90' lang='lat' dir='ltr'><strong>dum</strong></span> <span class='ocrx_word' id='word_1_728' title='bbox 847 4721 1067 4762; x_wconf 82' lang='lat' dir='ltr'><strong>censeo.</strong></span> <span class='ocrx_word' id='word_1_729' title='bbox 1117 4706 1252 4759; x_wconf 77' lang='lat' dir='ltr'><strong>Nam</strong></span> <span class='ocrx_word' id='word_1_730' title='bbox 1301 4705 1349 4759; x_wconf 90' lang='lat' dir='ltr'><strong>sl</strong></span> <span class='ocrx_word' id='word_1_731' title='bbox 1382 4707 1566 4776; x_wconf 87' lang='lat' dir='ltr'><strong>justus</strong></span> <span class='ocrx_word' id='word_1_732' title='bbox 1604 4706 1927 4761; x_wconf 89' lang='lat' dir='ltr'><strong>hominibus</strong></span> <span class='ocrx_word' id='word_1_733' title='bbox 1968 4706 2246 4772; x_wconf 85' lang='lat' dir='ltr'><strong>videatur,</strong></span> 
     </span>
    </p>
   </div>
   <div class='ocr_carea' id='block_1_97' title="bbox 670 4796 2248 4867">
    <p class='ocr_par' dir='ltr' id='par_1_97' title="bbox 670 4796 2248 4867">
     <span class='ocr_line' id='line_1_97' title="bbox 670 4796 2248 4867; baseline 0.001 -15"><span class='ocrx_word' id='word_1_734' title='bbox 670 4798 912 4853; x_wconf 89' lang='lat' dir='ltr'><strong>honores</strong></span> <span class='ocrx_word' id='word_1_735' title='bbox 929 4796 1083 4850; x_wconf 87' lang='lat' dir='ltr'><strong>illum</strong></span> <span class='ocrx_word' id='word_1_736' title='bbox 1109 4805 1166 4851; x_wconf 93' lang='lat' dir='ltr'><strong>et</strong></span> <span class='ocrx_word' id='word_1_737' title='bbox 1188 4811 1420 4851; x_wconf 89' lang='lat' dir='ltr'><strong>munera</strong></span> <span class='ocrx_word' id='word_1_738' title='bbox 1446 4798 1832 4867; x_wconf 71' lang='lat' dir='ltr'><strong>insequentur;</strong></span> <span class='ocrx_word' id='word_1_739' title='bbox 1856 4797 1951 4867; x_wconf 92' lang='lat' dir='ltr'><strong>qui</strong></span> <span class='ocrx_word' id='word_1_740' title='bbox 1975 4798 2102 4853; x_wconf 88' lang='lat' dir='ltr'><strong>talis</strong></span> <span class='ocrx_word' id='word_1_741' title='bbox 2124 4814 2248 4854; x_wconf 88' lang='lat' dir='ltr'><strong>esse</strong></span> 
     </span>
    </p>
   </div>
   <div class='ocr_carea' id='block_1_98' title="bbox 668 4889 2249 4961">
    <p class='ocr_par' dir='ltr' id='par_1_98' title="bbox 668 4889 2249 4961">
     <span class='ocr_line' id='line_1_98' title="bbox 668 4889 2249 4961; baseline 0.001 -18"><span class='ocrx_word' id='word_1_742' title='bbox 668 4889 943 4944; x_wconf 89' lang='lat' dir='ltr'><strong>videatur.</strong></span> <span class='ocrx_word' id='word_1_743' title='bbox 961 4889 1240 4944; x_wconf 85' lang='lat' dir='ltr'><strong>Incertum</strong></span> <span class='ocrx_word' id='word_1_744' title='bbox 1262 4890 1449 4958; x_wconf 87' lang='lat' dir='ltr'><strong>itaque</strong></span> <span class='ocrx_word' id='word_1_745' title='bbox 1473 4890 1603 4955; x_wconf 90' lang='lat' dir='ltr'><strong>erit,</strong></span> <span class='ocrx_word' id='word_1_746' title='bbox 1621 4897 1809 4944; x_wconf 88' lang='lat' dir='ltr'><strong>utrum</strong></span> <span class='ocrx_word' id='word_1_747' title='bbox 1836 4890 1883 4944; x_wconf 87' lang='lat' dir='ltr'><strong>is</strong></span> <span class='ocrx_word' id='word_1_748' title='bbox 1898 4890 2148 4961; x_wconf 70' lang='lat' dir='ltr'><strong>iustitiae,</strong></span> <span class='ocrx_word' id='word_1_749' title='bbox 2178 4905 2249 4944; x_wconf 91' lang='lat' dir='ltr'><strong>an</strong></span> 
     </span>
    </p>
   </div>
   <div class='ocr_carea' id='block_1_99' title="bbox 669 4966 2252 5051">
    <p class='ocr_par' dir='ltr' id='par_1_99' title="bbox 669 4966 2252 5051">
     <span class='ocr_line' id='line_1_99' title="bbox 669 4966 2252 5051; baseline 0.001 -16"><span class='ocrx_word' id='word_1_750' title='bbox 669 4982 1021 5051; x_wconf 63' lang='lat' dir='ltr'><strong>praemiorum</strong></span> <span class='ocrx_word' id='word_1_751' title='bbox 1050 4996 1116 5035; x_wconf 92' lang='lat' dir='ltr'><strong>ac</strong></span> <span class='ocrx_word' id='word_1_752' title='bbox 1137 4980 1469 5051; x_wconf 86' lang='lat' dir='ltr'><strong>dignitatum</strong></span> <span class='ocrx_word' id='word_1_753' title='bbox 1490 4996 1657 5035; x_wconf 87' lang='lat' dir='ltr'><strong>causa</strong></span> <span class='ocrx_word' id='word_1_754' title='bbox 1680 4981 1751 5036; x_wconf 89' lang='lat' dir='ltr'><strong>sit</strong></span> <span class='ocrx_word' id='word_1_755' title='bbox 1773 4981 1919 5036; x_wconf 87' lang='lat' dir='ltr'><strong>talis.</strong></span> <span class='ocrx_word' id='word_1_756' title='bbox 1946 4966 2252 5037; x_wconf 85' lang='lat' dir='ltr'><strong>Nudandus</strong></span> 
     </span>
    </p>
   </div>
   <div class='ocr_carea' id='block_1_100' title="bbox 670 5072 2253 5144">
    <p class='ocr_par' dir='ltr' id='par_1_100' title="bbox 670 5072 2253 5144">
     <span class='ocr_line' id='line_1_100' title="bbox 670 5072 2253 5144; baseline 0.001 -17"><span class='ocrx_word' id='word_1_757' title='bbox 670 5073 834 5143; x_wconf 87' lang='lat' dir='ltr'><strong>plane</strong></span> <span class='ocrx_word' id='word_1_758' title='bbox 878 5083 963 5128; x_wconf 88' lang='lat' dir='ltr'><strong>est</strong></span> <span class='ocrx_word' id='word_1_759' title='bbox 993 5073 1162 5128; x_wconf 90' lang='lat' dir='ltr'><strong>rebus</strong></span> <span class='ocrx_word' id='word_1_760' title='bbox 1190 5072 1476 5140; x_wconf 89' lang='lat' dir='ltr'><strong>omnibus,</strong></span> <span class='ocrx_word' id='word_1_761' title='bbox 1511 5081 1744 5143; x_wconf 81' lang='lat' dir='ltr'><strong>excepta</strong></span> <span class='ocrx_word' id='word_1_762' title='bbox 1780 5073 2018 5144; x_wconf 85' lang='lat' dir='ltr'><strong>justitia,</strong></span> <span class='ocrx_word' id='word_1_763' title='bbox 2065 5082 2123 5128; x_wconf 92' lang='lat' dir='ltr'><strong>et</strong></span> <span class='ocrx_word' id='word_1_764' title='bbox 2148 5072 2253 5127; x_wconf 81' lang='lat' dir='ltr'><strong>lin-</strong></span> 
     </span>
    </p>
   </div>
   <div class='ocr_carea' id='block_1_101' title="bbox 671 5166 2253 5239">
    <p class='ocr_par' dir='ltr' id='par_1_101' title="bbox 671 5166 2253 5239">
     <span class='ocr_line' id='line_1_101' title="bbox 671 5166 2253 5239; baseline 0.001 -19"><span class='ocrx_word' id='word_1_765' title='bbox 671 5166 886 5237; x_wconf 85' lang='lat' dir='ltr'><strong>gendus</strong></span> <span class='ocrx_word' id='word_1_766' title='bbox 920 5166 1199 5221; x_wconf 91' lang='lat' dir='ltr'><strong>contrario</strong></span> <span class='ocrx_word' id='word_1_767' title='bbox 1224 5166 1666 5239; x_wconf 80' lang='lat' dir='ltr'><strong>modoaﬂ‘ectus</strong></span> <span class='ocrx_word' id='word_1_768' title='bbox 1694 5182 1864 5236; x_wconf 88' lang='lat' dir='ltr'><strong>quam</strong></span> <span class='ocrx_word' id='word_1_769' title='bbox 1901 5166 2077 5237; x_wconf 89' lang='lat' dir='ltr'><strong>prior.</strong></span> <span class='ocrx_word' id='word_1_770' title='bbox 2112 5166 2253 5222; x_wconf 88' lang='lat' dir='ltr'><strong>Cum</strong></span> 
     </span>
    </p>
   </div>
   <div class='ocr_carea' id='block_1_102' title="bbox 671 5256 2252 5330">
    <p class='ocr_par' dir='ltr' id='par_1_102' title="bbox 671 5256 2252 5330">
     <span class='ocr_line' id='line_1_102' title="bbox 671 5256 2252 5330; baseline 0.001 -18"><span class='ocrx_word' id='word_1_771' title='bbox 671 5256 857 5329; x_wconf 90' lang='lat' dir='ltr'><strong>itaque</strong></span> <span class='ocrx_word' id='word_1_772' title='bbox 880 5256 1019 5313; x_wconf 89' lang='lat' dir='ltr'><strong>nihil</strong></span> <span class='ocrx_word' id='word_1_773' title='bbox 1037 5258 1239 5313; x_wconf 89' lang='lat' dir='ltr'><strong>habeat</strong></span> <span class='ocrx_word' id='word_1_774' title='bbox 1262 5256 1617 5329; x_wconf 57' lang='lat' dir='ltr'><strong>(iniustitiae),</strong></span> <span class='ocrx_word' id='word_1_775' title='bbox 1646 5265 1831 5313; x_wconf 89' lang='lat' dir='ltr'><strong>tamen</strong></span> <span class='ocrx_word' id='word_1_776' title='bbox 1852 5257 2252 5330; x_wconf 86' lang='lat' dir='ltr'><strong>injustissimus</strong></span> 
     </span>
    </p>
   </div>
   <div class='ocr_carea' id='block_1_103' title="bbox 2357 4528 3947 4607">
    <p class='ocr_par' dir='ltr' id='par_1_103' title="bbox 2357 4528 3947 4607">
     <span class='ocr_line' id='line_1_103' title="bbox 2357 4528 3947 4607; baseline 0.006 -27"><span class='ocrx_word' id='word_1_777' title='bbox 2357 4528 2673 4599; x_wconf 84' lang='grc' dir='ltr'>καιοσύνης,</span> <span class='ocrx_word' id='word_1_778' title='bbox 2706 4529 2801 4583; x_wconf 73' lang='grc' dir='ltr'><strong>κοι)⁵</strong></span> <span class='ocrx_word' id='word_1_779' title='bbox 2828 4531 3079 4599; x_wconf 78' lang='grc' dir='ltr'>ποιητέος</span> <span class='ocrx_word' id='word_1_780' title='bbox 3106 4532 3368 4595; x_wconf 74' lang='grc' dir='ltr'>ἐναντίως</span> <span class='ocrx_word' id='word_1_781' title='bbox 3416 4534 3759 4603; x_wconf 76' lang='grc' dir='ltr'>διακείμενος</span> <span class='ocrx_word' id='word_1_782' title='bbox 3796 4538 3845 4570; x_wconf 75' lang='grc'><em>³³</em></span> <span class='ocrx_word' id='word_1_783' title='bbox 3872 4539 3947 4607; x_wconf 80' lang='grc' dir='ltr'>τῷ</span> 
     </span>
    </p>
   </div>
   <div class='ocr_carea' id='block_1_104' title="bbox 2357 4620 3947 4699">
    <p class='ocr_par' dir='ltr' id='par_1_104' title="bbox 2357 4620 3947 4699">
     <span class='ocr_line' id='line_1_104' title="bbox 2357 4620 3947 4699; baseline 0.008 -28"><span class='ocrx_word' id='word_1_784' title='bbox 2357 4620 2630 4691; x_wconf 84' lang='grc' dir='ltr'>προτέρῳ.</span> <span class='ocrx_word' id='word_1_785' title='bbox 2651 4620 2833 4689; x_wconf 77' lang='grc' dir='ltr'>Μηδὲν</span> <span class='ocrx_word' id='word_1_786' title='bbox 2858 4620 2967 4691; x_wconf 74' lang='grc' dir='ltr'>γὰρ</span> <span class='ocrx_word' id='word_1_787' title='bbox 2988 4621 3128 4692; x_wconf 81' lang='grc' dir='ltr'>ἔχων</span> <span class='ocrx_word' id='word_1_788' title='bbox 3156 4621 3312 4687; x_wconf 77' lang='grc' dir='ltr'>δόξαν</span> <span class='ocrx_word' id='word_1_789' title='bbox 3342 4624 3511 4694; x_wconf 78' lang='grc' dir='ltr'>ἐχέτω</span> <span class='ocrx_word' id='word_1_790' title='bbox 3539 4628 3805 4699; x_wconf 73' lang='grc' dir='ltr'>μεγίστην</span> <span class='ocrx_word' id='word_1_791' title='bbox 3837 4632 3947 4684; x_wconf 77' lang='grc' dir='ltr'>ἀδιο</span> 
     </span>
    </p>
   </div>
   <div class='ocr_carea' id='block_1_105' title="bbox 2357 4710 3943 4792">
    <p class='ocr_par' dir='ltr' id='par_1_105' title="bbox 2357 4710 3943 4792">
     <span class='ocr_line' id='line_1_105' title="bbox 2357 4710 3943 4792; baseline 0.016 -28"><span class='ocrx_word' id='word_1_792' title='bbox 2357 4712 2503 4777; x_wconf 83' lang='grc' dir='ltr'>κίας,</span> <span class='ocrx_word' id='word_1_793' title='bbox 2527 4711 2612 4765; x_wconf 77' lang='grc' dir='ltr'>ἵνα</span> <span class='ocrx_word' id='word_1_794' title='bbox 2640 4710 3155 4787; x_wconf 73' lang='grc' dir='ltr'>βεϐασανισμένοςῇ</span> <span class='ocrx_word' id='word_1_795' title='bbox 3191 4717 3270 4779; x_wconf 70' lang='grc' dir='ltr'><strong>εἰς</strong></span> <span class='ocrx_word' id='word_1_796' title='bbox 3293 4717 3662 4790; x_wconf 61' lang='grc' dir='ltr'>δικαιοσύνην,</span> <span class='ocrx_word' id='word_1_797' title='bbox 3688 4720 3768 4789; x_wconf 73' lang='grc' dir='ltr'><strong>τῷ</strong></span> <span class='ocrx_word' id='word_1_798' title='bbox 3802 4724 3879 4792; x_wconf 70' lang='grc' dir='ltr'>μὴ</span> <span class='ocrx_word' id='word_1_799' title='bbox 3905 4724 3943 4753; x_wconf 69' lang='grc'><strong>⁸⁵</strong></span> 
     </span>
    </p>
   </div>
   <div class='ocr_carea' id='block_1_106' title="bbox 2356 4803 3946 4883">
    <p class='ocr_par' dir='ltr' id='par_1_106' title="bbox 2356 4803 3946 4883">
     <span class='ocr_line' id='line_1_106' title="bbox 2356 4803 3946 4883; baseline 0.006 -26"><span class='ocrx_word' id='word_1_800' title='bbox 2356 4803 2604 4858; x_wconf 83' lang='grc' dir='ltr'>τίθεσθαι</span> <span class='ocrx_word' id='word_1_801' title='bbox 2625 4804 2728 4857; x_wconf 82' lang='grc' dir='ltr'><strong>ὑπὸ</strong></span> <span class='ocrx_word' id='word_1_802' title='bbox 2756 4806 2799 4837; x_wconf 66' lang='grc'><strong>’⁵</strong></span> <span class='ocrx_word' id='word_1_803' title='bbox 2839 4805 3180 4873; x_wconf 81' lang='grc' dir='ltr'>κακοδοξίας,</span> <span class='ocrx_word' id='word_1_804' title='bbox 3216 4809 3311 4863; x_wconf 80' lang='grc' dir='ltr'><strong>καὶ</strong></span> <span class='ocrx_word' id='word_1_805' title='bbox 3341 4808 3451 4863; x_wconf 79' lang='grc' dir='ltr'><strong>τῶν</strong></span> <span class='ocrx_word' id='word_1_806' title='bbox 3501 4811 3597 4864; x_wconf 83' lang='grc' dir='ltr'><strong>ἀπ’</strong></span> <span class='ocrx_word' id='word_1_807' title='bbox 3626 4812 3803 4882; x_wconf 74' lang='grc' dir='ltr'>αὐτῆς</span> <span class='ocrx_word' id='word_1_808' title='bbox 3866 4830 3946 4883; x_wconf 70' lang='grc' dir='ltr'>τι-</span> 
     </span>
    </p>
   </div>
   <div class='ocr_carea' id='block_1_107' title="bbox 2358 4894 3943 4973">
    <p class='ocr_par' dir='ltr' id='par_1_107' title="bbox 2358 4894 3943 4973">
     <span class='ocr_line' id='line_1_107' title="bbox 2358 4894 3943 4973; baseline 0.009 -27"><span class='ocrx_word' id='word_1_809' title='bbox 2358 4895 2672 4965; x_wconf 85' lang='grc' dir='ltr'>γνομένων·</span> <span class='ocrx_word' id='word_1_810' title='bbox 2712 4894 2833 4949; x_wconf 84' lang='grc' dir='ltr'>ἀλλ’</span> <span class='ocrx_word' id='word_1_811' title='bbox 2868 4896 3011 4951; x_wconf 78' lang='grc' dir='ltr'>ἔστω</span> <span class='ocrx_word' id='word_1_812' title='bbox 3048 4898 3431 4969; x_wconf 81' lang='grc' dir='ltr'>ἀμετάστατος</span> <span class='ocrx_word' id='word_1_813' title='bbox 3470 4900 3631 4973; x_wconf 87' lang='grc' dir='ltr'>μέχρι</span> <span class='ocrx_word' id='word_1_814' title='bbox 3684 4901 3943 4969; x_wconf 76' lang='grc' dir='ltr'>θανάτου,</span> 
     </span>
    </p>
   </div>
   <div class='ocr_carea' id='block_1_108' title="bbox 2358 4978 3946 5060">
    <p class='ocr_par' dir='ltr' id='par_1_108' title="bbox 2358 4978 3946 5060">
     <span class='ocr_line' id='line_1_108' title="bbox 2358 4978 3946 5060; baseline 0.009 -23"><span class='ocrx_word' id='word_1_815' title='bbox 2358 4984 2535 5038; x_wconf 84' lang='grc' dir='ltr'>δοκῶν</span> <span class='ocrx_word' id='word_1_816' title='bbox 2561 4980 2699 5040; x_wconf 74' lang='grc' dir='ltr'>εἶναι</span> <span class='ocrx_word' id='word_1_817' title='bbox 2737 4986 2921 5051; x_wconf 75' lang='grc' dir='ltr'>ἄδικος</span> <span class='ocrx_word' id='word_1_818' title='bbox 2950 4987 3039 5042; x_wconf 83' lang='grc' dir='ltr'><strong>διὰ</strong></span> <span class='ocrx_word' id='word_1_819' title='bbox 3072 4978 3211 5060; x_wconf 81' lang='grc' dir='ltr'>βίου.</span> <span class='ocrx_word' id='word_1_820' title='bbox 3255 5008 3275 5042; x_wconf 69' lang='grc' dir='ltr'><strong>ι</strong></span> <span class='ocrx_word' id='word_1_821' title='bbox 3315 4991 3427 5045; x_wconf 69' lang='grc' dir='ltr'><strong>Καὶ</strong></span> <span class='ocrx_word' id='word_1_822' title='bbox 3460 4992 3635 5047; x_wconf 83' lang='grc' dir='ltr'>ταῦτα</span> <span class='ocrx_word' id='word_1_823' title='bbox 3675 4994 3736 5049; x_wconf 75' lang='grc' dir='ltr'>δὲ</span> <span class='ocrx_word' id='word_1_824' title='bbox 3764 4996 3946 5051; x_wconf 74' lang='grc' dir='ltr'><strong>ὡσαὺο</strong></span> 
     </span>
    </p>
   </div>
   <div class='ocr_carea' id='block_1_109' title="bbox 2359 5078 3940 5159">
    <p class='ocr_par' dir='ltr' id='par_1_109' title="bbox 2359 5078 3940 5159">
     <span class='ocr_line' id='line_1_109' title="bbox 2359 5078 3940 5159; baseline 0.01 -31"><span class='ocrx_word' id='word_1_825' title='bbox 2359 5092 2468 5139; x_wconf 88' lang='grc' dir='ltr'><strong>τως</strong></span> <span class='ocrx_word' id='word_1_826' title='bbox 2490 5078 2603 5140; x_wconf 84' lang='grc' dir='ltr'>τοϊς</span> <span class='ocrx_word' id='word_1_827' title='bbox 2631 5078 2922 5149; x_wconf 74' lang='grc' dir='ltr'>ἡμετέροις</span> <span class='ocrx_word' id='word_1_828' title='bbox 2962 5081 3226 5152; x_wconf 80' lang='grc' dir='ltr'>ἁρμόττει</span> <span class='ocrx_word' id='word_1_829' title='bbox 3260 5082 3361 5153; x_wconf 83' lang='grc' dir='ltr'>τῆς</span> <span class='ocrx_word' id='word_1_830' title='bbox 3406 5082 3610 5157; x_wconf 81' lang='grc' dir='ltr'>ἀρετῆς</span> <span class='ocrx_word' id='word_1_831' title='bbox 3656 5087 3940 5159; x_wconf 78' lang='grc' dir='ltr'>ἀθληταῖς.</span> 
     </span>
    </p>
   </div>
   <div class='ocr_carea' id='block_1_110' title="bbox 2358 5166 3944 5248">
    <p class='ocr_par' dir='ltr' id='par_1_110' title="bbox 2358 5166 3944 5248">
     <span class='ocr_line' id='line_1_110' title="bbox 2358 5166 3944 5248; baseline 0.009 -29"><span class='ocrx_word' id='word_1_832' title='bbox 2358 5166 2436 5220; x_wconf 82' lang='grc' dir='ltr'><strong>Οὐ</strong></span> <span class='ocrx_word' id='word_1_833' title='bbox 2474 5166 2584 5240; x_wconf 82' lang='grc' dir='ltr'>γὰρ</span> <span class='ocrx_word' id='word_1_834' title='bbox 2624 5167 2977 5235; x_wconf 78' lang='grc' dir='ltr'>’Δντισθένει,</span> <span class='ocrx_word' id='word_1_835' title='bbox 3008 5172 3105 5224; x_wconf 75' lang='grc' dir='ltr'><strong>καὶ</strong></span> <span class='ocrx_word' id='word_1_836' title='bbox 3126 5172 3392 5241; x_wconf 82' lang='grc' dir='ltr'>Διογένει,</span> <span class='ocrx_word' id='word_1_837' title='bbox 3425 5173 3519 5227; x_wconf 64' lang='grc' dir='ltr'><strong>κα)⁵</strong></span> <span class='ocrx_word' id='word_1_838' title='bbox 3554 5175 3809 5248; x_wconf 81' lang='grc' dir='ltr'>Κράτητι</span> <span class='ocrx_word' id='word_1_839' title='bbox 3843 5195 3944 5232; x_wconf 64' lang='grc' dir='ltr'>παι</span> 
     </span>
    </p>
   </div>
   <div class='ocr_carea' id='block_1_111' title="bbox 2359 5258 3943 5336">
    <p class='ocr_par' dir='ltr' id='par_1_111' title="bbox 2359 5258 3943 5336">
     <span class='ocr_line' id='line_1_111' title="bbox 2359 5258 3943 5336; baseline 0.009 -26"><span class='ocrx_word' id='word_1_840' title='bbox 2359 5258 2679 5331; x_wconf 87' lang='grc' dir='ltr'>ραπλησίως</span> <span class='ocrx_word' id='word_1_841' title='bbox 2714 5261 2881 5331; x_wconf 82' lang='grc' dir='ltr'>κενῆς</span> <span class='ocrx_word' id='word_1_842' title='bbox 2908 5260 3072 5315; x_wconf 71' lang='grc' dir='ltr'>ἕνεκα</span> <span class='ocrx_word' id='word_1_843' title='bbox 3100 5262 3281 5335; x_wconf 76' lang='grc' dir='ltr'>δόξης,</span> <span class='ocrx_word' id='word_1_844' title='bbox 3308 5263 3426 5318; x_wconf 83' lang='grc' dir='ltr'>ἀλλ’</span> <span class='ocrx_word' id='word_1_845' title='bbox 3452 5264 3618 5320; x_wconf 77' lang='grc' dir='ltr'>αὐτοῦ</span> <span class='ocrx_word' id='word_1_846' title='bbox 3663 5284 3732 5336; x_wconf 80' lang='grc' dir='ltr'>γε</span> <span class='ocrx_word' id='word_1_847' title='bbox 3759 5269 3943 5325; x_wconf 68' lang='grc' dir='ltr'>εἵνεκα</span> 
     </span>
    </p>
   </div>
   <div class='ocr_carea' id='block_1_112' title="bbox 1990 5390 2669 5449">
    <p class='ocr_par' dir='ltr' id='par_1_112' title="bbox 1990 5390 2669 5449">
     <span class='ocr_line' id='line_1_112' title="bbox 1990 5390 2669 5449; baseline 0.003 -5"><span class='ocrx_word' id='word_1_848' title='bbox 1990 5390 2222 5446; x_wconf 79' lang='lat' dir='ltr'><strong>VARle</strong></span> <span class='ocrx_word' id='word_1_849' title='bbox 2261 5390 2669 5449; x_wconf 86' lang='lat' dir='ltr'><strong>LECTIONES.</strong></span> 
     </span>
    </p>
   </div>
   <div class='ocr_carea' id='block_1_113' title="bbox 742 5529 3939 5619">
    <p class='ocr_par' dir='ltr' id='par_1_113' title="bbox 742 5529 3939 5619">
     <span class='ocr_line' id='line_1_113' title="bbox 742 5529 3939 5619; baseline 0.007 -39"><span class='ocrx_word' id='word_1_850' title='bbox 742 5529 1361 5619; x_wconf 47' lang='lat' dir='ltr'><strong>Lcoian—mcoprréatov</strong></span> <span class='ocrx_word' id='word_1_851' title='bbox 1390 5546 1501 5619; x_wconf 78' lang='lat' dir='ltr'><strong>om.</strong></span> <span class='ocrx_word' id='word_1_852' title='bbox 1528 5532 1592 5619; x_wconf 62' lang='lat' dir='ltr'><strong>D:</strong></span> <span class='ocrx_word' id='word_1_853' title='bbox 1669 5533 1768 5619; x_wconf 55' lang='grc' dir='ltr'><strong>’ξι</strong></span> <span class='ocrx_word' id='word_1_854' title='bbox 1939 5532 2059 5619; x_wconf 63' lang='grc' dir='ltr'>οὐδὲ</span> <span class='ocrx_word' id='word_1_855' title='bbox 2110 5536 2209 5591; x_wconf 81' lang='lat' dir='ltr'><strong>Va.</strong></span> <span class='ocrx_word' id='word_1_856' title='bbox 2235 5536 2390 5619; x_wconf 77' lang='lat' dir='ltr'><strong>_Mox</strong></span> <span class='ocrx_word' id='word_1_857' title='bbox 2426 5537 2696 5619; x_wconf 56' lang='lat' dir='ltr'><strong>qokﬁ_&amp;&#39;</strong></span> <span class='ocrx_word' id='word_1_858' title='bbox 2732 5538 2797 5594; x_wconf 88' lang='lat' dir='ltr'><strong>D.</strong></span> <span class='ocrx_word' id='word_1_859' title='bbox 2826 5611 2845 5619; x_wconf 29' lang='grc' dir='ltr'><strong><em>ῃ</em></strong></span> <span class='ocrx_word' id='word_1_860' title='bbox 2874 5540 3150 5619; x_wconf 43' lang='grc' dir='ltr'>[πόρρω.</span> <span class='ocrx_word' id='word_1_861' title='bbox 3213 5542 3513 5619; x_wconf 67' lang='grc' dir='ltr'>πόρρωθεὶ</span> <span class='ocrx_word' id='word_1_862' title='bbox 3543 5544 3656 5619; x_wconf 69' lang='lat' dir='ltr'><strong>D.__</strong></span> <span class='ocrx_word' id='word_1_863' title='bbox 3685 5545 3719 5619; x_wconf 81' lang='lat'>&#39;_</span> <span class='ocrx_word' id='word_1_864' title='bbox 3750 5545 3939 5619; x_wconf 71' lang='grc' dir='ltr'>ταύτῃ.</span> 
     </span>
    </p>
   </div>
   <div class='ocr_carea' id='block_1_114' title="bbox 672 5599 3942 5743">
    <p class='ocr_par' dir='ltr' id='par_1_114' title="bbox 672 5599 3942 5743">
     <span class='ocr_line' id='line_1_114' title="bbox 672 5599 3942 5724; baseline 0.004 -70"><span class='ocrx_word' id='word_1_865' title='bbox 672 5599 872 5724; x_wconf 44' lang='grc' dir='ltr'>ἒαύῶης</span> <span class='ocrx_word' id='word_1_866' title='bbox 900 5600 996 5654; x_wconf 81' lang='lat' dir='ltr'><strong>Va.</strong></span> <span class='ocrx_word' id='word_1_867' title='bbox 1029 5599 1168 5653; x_wconf 82' lang='lat' dir='ltr'><strong>Tum</strong></span> <span class='ocrx_word' id='word_1_868' title='bbox 1204 5600 1667 5724; x_wconf 55' lang='grc' dir='ltr'>ξυνηρμοσαόένῳ</span> <span class='ocrx_word' id='word_1_869' title='bbox 1702 5602 1767 5667; x_wconf 89' lang='grc' dir='ltr'>Ι),</span> <span class='ocrx_word' id='word_1_870' title='bbox 1786 5612 1861 5683; x_wconf 75' lang='lat' dir='ltr'><strong>~et</strong></span> <span class='ocrx_word' id='word_1_871' title='bbox 1895 5604 2035 5659; x_wconf 80' lang='lat' dir='ltr'><strong>infra</strong></span> <span class='ocrx_word' id='word_1_872' title='bbox 2071 5608 2366 5685; x_wconf 65' lang='grc' dir='ltr'>κτημάτων</span> <span class='ocrx_word' id='word_1_873' title='bbox 2392 5599 2493 5660; x_wconf 75' lang='grc' dir='ltr'>καῖ</span> <span class='ocrx_word' id='word_1_874' title='bbox 2521 5599 2748 5664; x_wconf 68' lang='grc' dir='ltr'>πᾶίδων.</span> <span class='ocrx_word' id='word_1_875' title='bbox 2826 5611 2845 5641; x_wconf 75' lang='grc'>³</span> <span class='ocrx_word' id='word_1_876' title='bbox 2878 5611 2936 5665; x_wconf 84' lang='grc' dir='ltr'>τὸ</span> <span class='ocrx_word' id='word_1_877' title='bbox 2962 5599 3162 5680; x_wconf 76' lang='grc' dir='ltr'>τέίχος.</span> <span class='ocrx_word' id='word_1_878' title='bbox 3185 5629 3246 5665; x_wconf 87' lang='grc' dir='ltr'><strong>τε</strong></span> <span class='ocrx_word' id='word_1_879' title='bbox 3267 5599 3447 5683; x_wconf 62' lang='grc' dir='ltr'>τεῖχος</span> <span class='ocrx_word' id='word_1_880' title='bbox 3472 5611 3534 5669; x_wconf 91' lang='lat' dir='ltr'><strong>C.</strong></span> <span class='ocrx_word' id='word_1_881' title='bbox 3616 5616 3660 5646; x_wconf 80' lang='grc'>³⁸</span> <span class='ocrx_word' id='word_1_882' title='bbox 3692 5616 3726 5686; x_wconf 72' lang='grc' dir='ltr'><strong>ἢ</strong></span> <span class='ocrx_word' id='word_1_883' title='bbox 3756 5617 3830 5667; x_wconf 83' lang='grc' dir='ltr'>εὶ.</span> 
     </span>
     <span class='ocr_line' id='line_1_115' title="bbox 677 5669 3938 5743; baseline 0.006 -20"><span class='ocrx_word' id='word_1_884' title='bbox 677 5709 734 5743; x_wconf 34' lang='grc' dir='ltr'>Δ.</span> <span class='ocrx_word' id='word_1_885' title='bbox 811 5669 1388 5743; x_wconf 55' lang='lat' dir='ltr'><strong>urn_dtxogcgn;_1§).éov</strong></span> <span class='ocrx_word' id='word_1_886' title='bbox 1410 5688 1494 5743; x_wconf 86' lang='grc' dir='ltr'><strong>τις</strong></span> <span class='ocrx_word' id='word_1_887' title='bbox 1560 5712 1573 5724; x_wconf 92' lang='grc'><strong>.</strong></span> <span class='ocrx_word' id='word_1_888' title='bbox 1640 5673 1694 5743; x_wconf 54' lang='grc' dir='ltr'>έ¹</span> <span class='ocrx_word' id='word_1_889' title='bbox 1720 5690 1927 5727; x_wconf 86' lang='grc' dir='ltr'>τουτον.</span> <span class='ocrx_word' id='word_1_890' title='bbox 1959 5692 2195 5729; x_wconf 74' lang='grc' dir='ltr'>τοιουτον</span> <span class='ocrx_word' id='word_1_891' title='bbox 2253 5677 2316 5731; x_wconf 86' lang='grc' dir='ltr'>Ι).</span> <span class='ocrx_word' id='word_1_892' title='bbox 2393 5677 2434 5706; x_wconf 81' lang='grc'><strong>¹¹</strong></span> <span class='ocrx_word' id='word_1_893' title='bbox 2463 5676 2632 5741; x_wconf 79' lang='grc' dir='ltr'>δόξαι.</span> <span class='ocrx_word' id='word_1_894' title='bbox 2652 5680 2793 5743; x_wconf 77' lang='grc' dir='ltr'>δόξει</span> <span class='ocrx_word' id='word_1_895' title='bbox 2841 5679 2907 5743; x_wconf 83' lang='lat' dir='ltr'><strong>D,</strong></span> <span class='ocrx_word' id='word_1_896' title='bbox 2949 5688 3008 5737; x_wconf 92' lang='lat' dir='ltr'><strong>et</strong></span> <span class='ocrx_word' id='word_1_897' title='bbox 3066 5696 3195 5738; x_wconf 78' lang='lat' dir='ltr'><strong>mox</strong></span> <span class='ocrx_word' id='word_1_898' title='bbox 3235 5681 3421 5738; x_wconf 69' lang='grc' dir='ltr'>ἕνεκα.</span> <span class='ocrx_word' id='word_1_899' title='bbox 3501 5684 3546 5718; x_wconf 83' lang='grc'><strong>¹³</strong></span> <span class='ocrx_word' id='word_1_900' title='bbox 3573 5683 3938 5743; x_wconf 73' lang='grc' dir='ltr'>διακείμενος.</span> 
     </span>
    </p>
   </div>
   <div class='ocr_carea' id='block_1_115' title="bbox 673 5683 3938 5817">
    <p class='ocr_par' dir='ltr' id='par_1_115' title="bbox 673 5683 3938 5817">
     <span class='ocr_line' id='line_1_116' title="bbox 673 5683 3938 5791; baseline 0.006 -68"><span class='ocrx_word' id='word_1_901' title='bbox 673 5683 734 5791; x_wconf 58' lang='grc' dir='ltr'>ξ.</span> <span class='ocrx_word' id='word_1_902' title='bbox 763 5683 901 5722; x_wconf 77' lang='lat' dir='ltr'><strong>‘l&#39;um</strong></span> <span class='ocrx_word' id='word_1_903' title='bbox 934 5683 1205 5733; x_wconf 78' lang='grc' dir='ltr'>ἀκουσίως</span> <span class='ocrx_word' id='word_1_904' title='bbox 1227 5683 1388 5724; x_wconf 76' lang='grc' dir='ltr'>πλέον</span> <span class='ocrx_word' id='word_1_905' title='bbox 1410 5688 1494 5733; x_wconf 92' lang='grc' dir='ltr'><strong>τις</strong></span> <span class='ocrx_word' id='word_1_906' title='bbox 1510 5683 1573 5724; x_wconf 85' lang='grc' dir='ltr'><strong>υ.</strong></span> <span class='ocrx_word' id='word_1_907' title='bbox 1652 5683 1694 5703; x_wconf 79' lang='grc' dir='ltr'><strong>ιι</strong></span> <span class='ocrx_word' id='word_1_908' title='bbox 1720 5690 1928 5756; x_wconf 44' lang='grc' dir='ltr'>τουτονὲ</span> <span class='ocrx_word' id='word_1_909' title='bbox 1959 5683 2195 5729; x_wconf 58' lang='grc' dir='ltr'>τοιοῦτον</span> <span class='ocrx_word' id='word_1_910' title='bbox 2253 5683 2316 5731; x_wconf 89' lang='lat' dir='ltr'><strong>D.</strong></span> <span class='ocrx_word' id='word_1_911' title='bbox 2393 5683 2434 5706; x_wconf 85' lang='lat'><strong>&quot;</strong></span> <span class='ocrx_word' id='word_1_912' title='bbox 2463 5683 2632 5741; x_wconf 77' lang='grc' dir='ltr'>δόξαι.</span> <span class='ocrx_word' id='word_1_913' title='bbox 2652 5683 2793 5743; x_wconf 79' lang='grc' dir='ltr'>δόξει</span> <span class='ocrx_word' id='word_1_914' title='bbox 2841 5683 2907 5748; x_wconf 85' lang='lat' dir='ltr'><strong>D,</strong></span> <span class='ocrx_word' id='word_1_915' title='bbox 2949 5688 3008 5737; x_wconf 93' lang='lat' dir='ltr'><strong>et</strong></span> <span class='ocrx_word' id='word_1_916' title='bbox 3066 5696 3195 5738; x_wconf 79' lang='lat' dir='ltr'><strong>mox</strong></span> <span class='ocrx_word' id='word_1_917' title='bbox 3235 5683 3421 5738; x_wconf 70' lang='grc' dir='ltr'>ἕνεκα.</span> <span class='ocrx_word' id='word_1_918' title='bbox 3501 5684 3546 5718; x_wconf 84' lang='grc'><strong>¹³</strong></span> <span class='ocrx_word' id='word_1_919' title='bbox 3573 5683 3938 5754; x_wconf 51' lang='grc' dir='ltr'>διακείμενος</span> 
     </span>
     <span class='ocr_line' id='line_1_117' title="bbox 704 5736 2831 5817; baseline 0.007 -26"><span class='ocrx_word' id='word_1_920' title='bbox 704 5737 998 5810; x_wconf 81' lang='grc' dir='ltr'>ιακειμένῳ</span> <span class='ocrx_word' id='word_1_921' title='bbox 1021 5736 1087 5805; x_wconf 80' lang='lat' dir='ltr'><strong>G,</strong></span> <span class='ocrx_word' id='word_1_922' title='bbox 1112 5740 1177 5796; x_wconf 88' lang='lat' dir='ltr'><strong>D.</strong></span> <span class='ocrx_word' id='word_1_923' title='bbox 1208 5741 1329 5796; x_wconf 81' lang='lat' dir='ltr'><strong>Mox</strong></span> <span class='ocrx_word' id='word_1_924' title='bbox 1358 5740 1615 5812; x_wconf 82' lang='grc' dir='ltr'>μεγίστης</span> <span class='ocrx_word' id='word_1_925' title='bbox 1640 5741 1705 5797; x_wconf 89' lang='grc'>1).</span> <span class='ocrx_word' id='word_1_926' title='bbox 1783 5744 1828 5776; x_wconf 71' lang='grc'><strong>¹⁵</strong></span> <span class='ocrx_word' id='word_1_927' title='bbox 1859 5760 1938 5815; x_wconf 83' lang='grc' dir='ltr'>τῳ</span> <span class='ocrx_word' id='word_1_928' title='bbox 1961 5746 2058 5816; x_wconf 84' lang='grc' dir='ltr'>μή.</span> <span class='ocrx_word' id='word_1_929' title='bbox 2080 5746 2141 5798; x_wconf 75' lang='grc' dir='ltr'>τδ</span> <span class='ocrx_word' id='word_1_930' title='bbox 2172 5745 2247 5817; x_wconf 84' lang='grc' dir='ltr'>μὴ</span> <span class='ocrx_word' id='word_1_931' title='bbox 2272 5745 2333 5802; x_wconf 87' lang='lat' dir='ltr'><strong>C.</strong></span> <span class='ocrx_word' id='word_1_932' title='bbox 2416 5747 2458 5780; x_wconf 84' lang='lat'><strong>&quot;</strong></span> <span class='ocrx_word' id='word_1_933' title='bbox 2487 5746 2611 5802; x_wconf 85' lang='grc' dir='ltr'>ὑπό.</span> <span class='ocrx_word' id='word_1_934' title='bbox 2631 5748 2739 5803; x_wconf 87' lang='grc' dir='ltr'>ἀπὸ</span> <span class='ocrx_word' id='word_1_935' title='bbox 2771 5748 2831 5806; x_wconf 78' lang='lat' dir='ltr'><strong>C.</strong></span> 
     </span>
    </p>
   </div>
  </div>
