4088 6318
285 346 435 417 1138

822 352 1262 413 GR:ECARUM
1299 353 1602 414 AFFECT.
1640 351 2212 417 CURATIO.—Xll.
2252 355 2352 413 DE
2388 355 2729 416 VIRTUTE
2765 357 3056 420 ACTIVA.

3423 363 3561 430 113$

284 465 390 519 τοῦ
414 463 582 519 καλοῦ
604 464 804 536 δρῶσιν
825 463 862 518 ἃ
885 463 1085 536 δρῶσιν
1111 466 1175 518 ’⁵.
1201 465 1293 517 Διὶ)
1315 465 1382 536 δὴ
1416 465 1512 518 καὶ
1541 464 1750 519 πόλεων
1776 464 1869 518 καὶ

1976 482 2102 522 esse
2120 467 2385 524 credatur
2409 485 2425 523 :
2457 477 2523 524 ut
2539 469 2652 524 hoc
2667 469 2924 525 examine
2948 469 3160 540 1031
3194 473 3460 539 probetur
3487 475 3559 531 ad

287 556 500 627 κωμῶν
521 557 712 627 πόρρω
731 556 1002 624 διάγουσι,
1025 558 1125 629 τὴν
1149 558 1351 628 ἀρετὴν
1372 556 1873 629 κατακρύπτοντες,

287 650 392 710 καὶ
417 648 561 719 μόνῳ
591 665 655 716 γε
683 647 762 718 τῷ
796 647 1003 718 ταύτης
1035 648 1352 720 ἁγωνοθὲτῃ
1377 648 1708 712 δεικνύντες.
1733 647 1875 701 ’Δλλ’

285 742 456 809 ὑμεῖς
478 738 608 809 τους
641 737 743 808 μὲν
769 736 946 801 οὕτως
996 737 1436 809 ἀγωνιζομένους
1478 738 1603 792 οὗτε
1651 738 1876 808 Occuper

277 807 419 881 οὗτε
457 807 764 898 Θαύμάζειν
815 826 1049 881 ἐθέλετε.
1097 827 1164 880 Et
1191 807 1427 890 δέτινας
1470 826 1631 881 ίδοιτε
1679 807 1875 896 τὸμὲν

285 920 592 989 πρόσχημα
621 917 780 970 τοῦτο
806 917 1246 986 περικειμένους,
1267 919 1330 972 οὐ
1353 918 1535 972 πάντα
1554 920 1613 972 δὲ
1643 936 1874 991 συνομο-

283 1009 553 1076 λογοῦντα
580 1007 660 1077 τῷ
690 1008 935 1077 σχήματι
975 1007 1088 1076 βίον
1127 1008 1568 1078 ἀσπαζομένους,
1600 1009 1764 1073 εὐθὺς
1793 1011 1875 1074 είς

285 1096 558 1167 λοιδορίαν
589 1097 791 1148 κινεῖτε
823 1095 922 1166 τὴν
960 1095 1229 1162 γλῶτταν.
1272 1097 1384 1148 Καὶ
1412 1099 1463 1149 εί
1499 1097 1599 1167 μὲν
1631 1097 1873 1162 ἐκείνους

285 1190 550 1242 ὲὸἀλλετε
579 1189 801 1258 μόνους,
824 1184 972 1258 εἶχεν
999 1188 1065 1240 ἀν
1101 1203 1224 1240 τινα
1248 1185 1310 1239 τὸ
1335 1188 1660 1256 γιγνόμενον
1691 1188 1870 1257 λόγον’

285 1277 485 1347 ἐπειδὴ
509 1278 572 1331 δὲ.
599 1281 717 1349 μετ’
765 1279 990 1331 ἐκείνων
1018 1279 1114 1330 καὶ
1159 1281 1287 1342 τοὺς
1327 1281 1586 1351 ἄντικρυς
1617 1282 1873 1346 ἐναντίως

281 1368 666 1438 διακειμένους
694 1369 946 1430 ἐκείνοις,
991 1371 1085 1422 καὶ
1137 1369 1356 1439 ἀληθῶς
1401 1372 1871 1440 φιλοσοφοῦντας,

283 1461 572 1531 κωμῳδεῖν
611 1462 874 1532 πειρᾶσθε
927 1463 1022 1514 καὶ
1072 1463 1374 1534 διασύρειν,
1402 1465 1493 1517 τὸν
1540 1466 1874 1520 ἀδικώτατον

193 1571 196 1573 λ
282 1551 445 1622 ὑμῶν
474 1553 632 1622 δῆλον
662 1555 866 1605 ποιεῖτε
921 1555 1126 1606 σκοπόν
1147 1569 1160 1582 ·
1198 1555 1259 1607 οὐ
1305 1555 1415 1624 γὰρ
1461 1560 1575 1619 τοῖς
1619 1562 1874 1629 πονηροῖς

282 1642 688 1712 ἀπεχθάνεσοε,
723 1643 863 1696 ἀλλά
887 1644 980 1696 τὸν
1020 1645 1334 1709 ἀξιέπαινον
1371 1647 1685 1700 διαϐάλλετε
1721 1649 1834 1718 βίον

281 1733 475 1801 ὅμοιον
500 1732 780 1796 ποιοῦντες
803 1732 994 1804 ὥςπερ
1028 1733 1095 1786 ἂν
1126 1733 1181 1786 εἴ
1216 1753 1304 1798 τις
1349 1736 1584 1806 πίθηκον
1621 1736 1746 1790 ἰδὼν
1780 1756 1873 1808 μι-

1970 559 2267 630 justitiam,
2299 561 2346 616 si
2378 576 2486 617 nec
2514 559 2764 626 infamia,
2794 576 2901 617 nec
2916 561 3087 617 rebus
3111 561 3181 617 iis
3206 579 3329 633 qua:
3351 579 3563 635 prove-

1973 649 2137 704 niunt
2174 651 2245 705 ab
2281 650 2530 717 infamia,
2577 658 2888 717 moveatur,
2930 651 3030 706 sed
3080 651 3447 709 immutabilis
3490 656 3561 711 ad

1973 750 2212 797 mortem
2240 757 2420 812 usque
2447 742 2730 812 persistat,
2754 743 2972 798 tametsi
3005 757 3106 813 per
3133 759 3356 800 omnem
3384 745 3558 802 vitam

1973 831 2237 886 credatur
2258 846 2382 886 esse
2413 832 2677 902 iniustus.
2716 850 2735 882 ι
2766 831 2894 886 llaec
2920 840 3106 886 autem
3133 834 3339 889 nostris
3364 833 3561 890 simili-

1975 931 2060 976 ter
2083 923 2311 976 virtutis
2333 923 2559 978 athletis
2594 929 2933 994 congruunt.
2972 923 3165 993 Neque
3199 923 3375 990 enim,
3413 925 3560 980 sicut

1973 1012 2355 1077 Antisthenes,
2404 1014 2701 1083 Diogenes,
2765 1022 2824 1067 et
2865 1013 3083 1080 Crates,
3139 1014 3325 1070 inanis
3367 1015 3560 1086 glorias

1974 1121 2161 1170 causa,
2194 1105 2291 1161 sed
2327 1113 2555 1176 propter
2585 1105 2764 1175 ipsam
2805 1105 3152 1160 honestatem
3181 1106 3398 1162 faciunt
3434 1122 3562 1178 quae

1975 1195 2202 1249 faciunt.
2227 1193 2475 1264 Eamque
2491 1193 2565 1248 ob
2581 1208 2700 1247 rem
2718 1193 2918 1247 semoti
2934 1208 2967 1246 a
2982 1193 3303 1248 civitatibus
3323 1202 3382 1249 et
3405 1195 3560 1266 pagis

1973 1282 2142 1336 vitam
2163 1289 2353 1352 agunt,
2378 1282 2644 1336 virtutem
2668 1281 3033 1345 occultantes,
3055 1295 3114 1335 et
3138 1281 3242 1336 soli
3271 1283 3441 1353 hujus
3465 1299 3560 1340 re-

1973 1376 2313 1428 muneratori
2329 1388 2449 1428 eam
2470 1373 2847 1428 ostendentes.
2859 1373 2973 1427 Vos
2986 1389 3121 1428 vero
3134 1374 3215 1428 sic
3228 1373 3353 1428 illos
3368 1373 3562 1430 decer-

1976 1473 2155 1520 tantes
2183 1481 2288 1520 nec
2320 1473 2572 1535 spectare
2599 1465 2772 1519 vultis
2790 1505 2807 1529 ,
2836 1480 2941 1519 nec
2971 1465 3232 1520 laudibus
3269 1465 3556 1536 prosequi.

1972 1552 2129 1619 Quod
2152 1553 2197 1608 si
2228 1568 2370 1623 quo;
2397 1552 2544 1608 forte
2573 1553 2832 1617 videatis,
2857 1553 3100 1607 nominis
3125 1553 3292 1624 hujus
3316 1554 3558 1623 speciem

1973 1659 2088 1714 pra:
2111 1660 2171 1698 se
2202 1643 2472 1707 ferentes,
2506 1658 2689 1713 neque
2715 1650 3150 1699 consentancam
3181 1644 3354 1700 cultui
3386 1645 3557 1699 vitam

1972 1736 2246 1800 viventes,
2280 1735 2431 1789 illico
2459 1736 2517 1789 in
2556 1735 2849 1789 maledicta
2887 1735 3134 1805 linguam
3171 1737 3556 1792 commovetis.

285 1821 564 1892 μούμενον
597 1823 909 1895 ἄνθρωπον,
939 1823 1008 1876 δι’
1039 1824 1255 1895 ἐκείνην
1274 1826 1374 1896 τὴν
1396 1805 1628 1898 μίμησιν
1655 1805 1869 1881 καὶτῶν

1973 1825 2053 1881 Ac
2070 1826 2296 1896 quidem
2327 1828 2478 1880 solos
2507 1826 2630 1880 illos
2663 1827 2708 1880 si
2730 1825 3188 1895 proscinderetis,
3218 1827 3432 1882 ratione
3459 1827 3563 1882 ali-

281 1911 593 1982 ἀνθρώπων
623 1915 846 1985 μισήσοι
886 1916 930 1946 ¹⁷
966 1917 1062 1986 τὴν
1096 1916 1280 1984 φύσιν.
1305 1917 1523 1988 Ταύτης
1564 1920 1623 1971 δέ
1661 1937 1745 1971 τοι
1775 1921 1872 1988 τῆς

282 2004 536 2072 γνώμης,
559 2005 662 2057 οὐκ
683 2003 794 2072 ἐγὼ
821 2006 1002 2076 μόνος,
1029 2005 1166 2058 ἀλλά
1187 2005 1283 2059 καὶ
1304 2006 1531 2060 Πλάτων
1553 2011 1869 2079 κατηγορεῖ.

295 2092 394 2146 Ἔν
418 2095 526 2164 γάρ
556 2093 685 2166 [τοι]
732 2094 810 2165 τῷ
853 2095 1150 2164 Θεαιτήτῳ
1193 2097 1358 2166 φησί·
1395 2115 1415 2148 ι
1452 2098 1790 2170 Σκεψώμεθα
1815 2101 1874 2152 δέ

283 2201 369 2254 πη
395 2186 546 2256 τῇδε·
579 2186 743 2256 Φέρε,
778 2188 833 2239 εί
854 2205 940 2251 τις
975 2187 1019 2219 ³⁸
1051 2187 1226 2255 αἰγῶν
1244 2189 1486 2259 τροφὴν,
1530 2189 1706 2243 καὶτὸ
1733 2190 1873 2254 ζῶον

281 2278 445 2340 αὐτὸ,
468 2277 652 2348 κτῆμα
679 2280 754 2342 ὡς
777 2279 942 2332 καλόν
966 2282 1138 2343 ἐστιν,
1169 2282 1386 2334 ἐπαινοῖ
1411 2282 1477 2345 ¹⁹,
1500 2280 1659 2346 ἄλλος
1688 2283 1748 2335 δέ
1767 2300 1870 2348 τις,

282 2369 554 2439 ἑωρακὼς
578 2368 744 2439 αἶγας
767 2371 937 2442 χωρὶς
960 2372 1271 2441 νεμομένας
1312 2372 1539 2425 αἰπόλου
1565 2374 1624 2425 ὲν
1649 2373 1873 2444 ἐργασί-

285 2476 416 2528 μοις
446 2460 668 2530 χωρίοις
690 2461 908 2532 δρώσας
933 2461 1100 2526 κακὰ,
1131 2461 1403 2530 διαψέγοι,
1437 2463 1534 2516 καὶ
1555 2464 1665 2516 πᾶν
1699 2463 1871 2534 θρέμ-

285 2566 371 2618 μα
402 2550 637 2622 ἄναρχον
667 2551 701 2622 ἦ
725 2551 865 2621 μετά
894 2553 1084 2606 κακῶν
1112 2555 1390 2624 ἀρχόντων
1425 2555 1547 2607 ἰδὼν
1569 2554 1712 2608 οὕτω
1729 2555 1871 2626 μέμ-

281 2655 466 2707 φοιτο,
499 2641 589 2692 τδν
637 2641 880 2694 τοιοῦτον
917 2642 1087 2711 ψόγον
1120 2643 1404 2713 ἡγούμεθα
1448 2644 1601 2713 ὑγιὲς
1625 2646 1693 2699 ἄν
1740 2663 1870 2699 ποτε

279 2729 469 2800 ψέξαι,
501 2730 595 2783 καὶ
623 2731 835 2795 ὁτιοῦνς
869 2732 964 2784 καὶ
999 2733 1186 2795 ὅπωςς
1235 2754 1254 2784 ι
1287 2732 1475 2787 Ταῦτα
1505 2733 1603 2786 τοῦ
1639 2736 1863 2789 Πλάτω-

279 2837 401 2883 νος,
429 2815 475 2874 ὧ
501 2821 713 2892 ἄνδρες,
733 2823 834 2875 οὐκ
863 2824 973 2892 ὲμά
1016 2824 1086 2876 τὰ
1131 2827 1373 2895 ῥήματα.
1436 2827 1673 2893 Ἐδῐδαξε
1702 2828 1761 2880 δὲ
1792 2830 1868 2901 μὴ

281 2911 509 2965 ᾶπαντα
531 2913 579 2942 ²⁰
613 2911 889 2966 σκώπτειν
913 2915 982 2967 τά
1013 2916 1304 2986 Θρέμματα
1331 2916 1421 2967 διά
1447 2917 1516 2968 τά
1549 2919 1734 2980 κακῶς
1765 2918 1871 2970 ὑπὸ

280 3003 476 3054 κακῶν
527 3003 804 3072 ἀρχόντων
836 3004 1120 3073 ἀρχόμενα
1149 3007 1219 3068 ¹¹,
1257 3005 1292 3076 ἢ
1322 3005 1585 3076 ἄρχοντος
1635 3008 1870 3077 πάμπαν

278 3094 649 3163 ἐστερημένα.
687 3097 796 3148 Καὶ
835 3097 1072 3167 ἀλλαχοῦ
1101 3098 1168 3180 δὲ.
1190 3100 1352 3153 πάλιν
1383 3102 1681 3172 διαρρήδην
1723 3103 1869 3157 διδά-
1895 3135 1940 3192 c

279 3201 410 3236 σκει
436 3226 451 3248 ,
509 3186 586 3248 ὡς
631 3187 940 3256 φιλοσόφων
1002 3189 1208 3262 πλῆθος
1266 3192 1528 3247 ἀδύνατον
1589 3194 1863 3262 γενέσθαι.

282 3293 305 3325 ι
353 3274 768 3345 Ναρῦηκοφόροι
793 3279 892 3347 μὲν
918 3280 1028 3349 γὰρ
1061 3280 1267 3346 πολλοὶ,
1300 3285 1466 3352 φησιν
1491 3284 1560 3346 ”,
1596 3284 1790 3354 βάκχοι
1811 3284 1869 3338 δέ

275 3381 345 3416 τε
370 3356 589 3434 παῦροι.
626 3386 646 3418 ι
674 3368 847 3422 Τοῦτο
869 3369 926 3420 δὲ
951 3370 1045 3422 καὶ
1071 3370 1101 3420 ὁ
1127 3371 1405 3440 Δεσπότης
1431 3371 1581 3444 [171]
1606 3371 1710 3441 ἔφη
1738 3375 1871 3441 Χρι-

279 3455 413 3518 στός
435 3457 484 3488 ¹³
510 3476 523 3488 ⁸
562 3477 582 3508 ι
626 3459 820 3512 Πολλοὶ
851 3460 983 3529 γὰρ,
1011 3457 1157 3524 εἷπε,
1193 3463 1406 3532 κλητοὶ,
1431 3463 1603 3531 ὀλίγοι
1632 3464 1690 3515 δὲ
1712 3465 1869 3517 ἐκλε-

277 3545 424 3598 κτοί.
468 3565 488 3596 ι
523 3548 744 3619 Συνῳδά
774 3550 878 3622 [δὲ]
899 3551 1111 3614 τούτοις
1141 3554 1171 3604 ὁ
1202 3553 1430 3606 Πλάτων
1463 3555 1566 3608 κάν
1593 3557 1661 3625 τῇ
1704 3555 1867 3609 Ἔπι-

275 3637 483 3704 rapidi.
509 3640 675 3707 φησίν
700 3657 713 3668 ·
753 3660 772 3691 ι
810 3639 884 3693 Οὖ
927 3658 1071 3710 φημι
1099 3636 1241 3694 εῖναι
1285 3642 1596 3714 ἀνθρώποις
1646 3645 1869 3699 δυνατὸν

279 3729 579 3798 μακαρίοις
605 3729 710 3802 [τε]
728 3734 823 3783 καὶ
847 3731 1128 3802 εὐδαίμοσι
1162 3733 1438 3802 γενέσθαι,
1477 3735 1619 3804 πλὴν
1646 3736 1864 3802 ὀλίγων.

276 3817 464 3886 Μέχρι
498 3836 603 3889 περ
629 3820 695 3872 ἂν
721 3820 928 3892 ζῶμεν,
959 3821 1119 3875 τοῦτο
1139 3823 1468 3893 διορίζομαι.
1498 3824 1656 3894 Καλὴ
1684 3825 1743 3877 δὲ
1777 3826 1868 3876 ἑλ-

277 3907 381 3970 πὶς
405 3909 792 3982 τελευτήσαντι
828 3914 1012 3982 τυχεῖν
1036 3913 1315 3968 ἀπάντων.
1359 3933 1380 3965 ι
1423 3914 1491 3966 Τί
1528 3914 1729 3986 δήποτε
1757 3916 1867 3968 τοί-

275 4014 381 4049 νυν
415 3998 773 4066 χαλεπαίνετε
807 4001 942 4069 παρ’
980 4003 1115 4071 ήμίν
1147 4001 1194 4031 ’⁵
1214 4002 1451 4072 ὁρῶντές
1479 4020 1636 4066 τινας
1677 4005 1868 4072 ψευδο-

280 4087 484 4157 μένους
531 4088 593 4141 ὂν
641 4091 1077 4158 ἐπαγγέλλονται
1113 4091 1263 4160 βίον;
1324 4094 1467 4145 ’Λνθ’
1499 4094 1622 4146 ὅτου
1674 4096 1733 4148 δὲ
1790 4098 1866 4167 μὴ

276 4174 598 4244 θαυμάζετε
635 4178 764 4240 τοὺς
799 4177 892 4230 τὸν
925 4178 1183 4248 ὑπερφυᾶ
1211 4178 1328 4247 βξον
1354 4180 1739 4250 ἠγαπηκότας,
1772 4183 1867 4234 καὶ

275 4269 344 4319 ἐν
377 4266 591 4338 σώματι
621 4270 718 4337 μὲν
743 4269 1200 4337 ἀγωνιζομένους,
1230 4269 1329 4339 τὴν
1354 4269 1646 4339 ἀσώματον
1671 4271 1729 4323 δὲ
1763 4287 1865 4324 πο-

273 4359 489 4412 λιτείαν
513 4359 892 4429 ἐζηλωκότας;
915 4359 1030 4412 Πᾶν
1057 4359 1166 4429 γὰρ
1192 4361 1502 4414 τούναντίον
1531 4362 1638 4414 ἔδει
1666 4367 1861 4416 ποιεῖν·

1975 1932 2085 1987 qua
2115 1915 2320 1970 factum
2347 1931 2461 1970 non
2494 1925 2716 1971 careret
2744 1934 2759 1968 :
2787 1917 2918 1985 quia
2957 1931 3094 1971 vero
3134 1933 3244 1971 una
3281 1933 3408 1971 cum
3448 1917 3561 1972 illis

1973 2007 2143 2061 etiam
2176 2023 2274 2061 eos
2295 2007 2390 2076 qui
2424 2006 2647 2061 illorum
2681 2007 2845 2076 longe
2870 2016 3003 2061 sunt
3024 2007 3346 2071 dissimiles,
3371 2022 3438 2062 ac
3467 2022 3560 2061 re-

1973 2115 2107 2152 vera
2125 2097 2613 2168 philosophantur,
2630 2099 2870 2153 irridere
2893 2114 2958 2153 ac
2980 2100 3274 2173 traducere
3297 2099 3557 2162 studetis,

1974 2185 2178 2242 mentis
2226 2194 2422 2241 vestrae
2464 2185 2875 2260 iniquissimum
2918 2188 3215 2242 consilium
3249 2190 3267 2210 ⁹
3295 2187 3556 2257 proditis.

1973 2279 2164 2348 Neque
2183 2277 2334 2333 enim
2345 2277 2506 2332 malis
2521 2275 2724 2332 infensi
2736 2277 2893 2342 estis,
2920 2277 3017 2332 sed
3034 2277 3374 2333 laudabilem
3387 2279 3559 2333 vitam

1973 2367 2252 2427 damnatis
2281 2385 2296 2420 :
2325 2382 2439 2421 non
2477 2381 2642 2421 secus
2667 2364 2959 2432 facientes,
2998 2381 3066 2420 ac
3099 2367 3146 2422 si
3176 2368 3307 2437 quis
3336 2369 3557 2424 simiam

1973 2461 2326 2528 conspicatus
2353 2457 2597 2512 hominis
2624 2467 2811 2528 gestus
2829 2457 3049 2527 aliquos
3077 2457 3306 2525 imitari,
3333 2459 3407 2513 ob
3432 2474 3558 2514 eam

1973 2551 2340 2606 imitationem
2372 2565 2548 2620 genus
2568 2549 2735 2603 etiam
2767 2549 3056 2604 hominum
3089 2549 3222 2604 odio
3250 2565 3559 2620 prosequa-

1971 2649 2086 2696 tur.
2111 2642 2230 2695 Iloc
2247 2656 2379 2695 vero
2405 2640 2658 2709 iniquum
2686 2639 2960 2710 judicium
2987 2656 3098 2695 non
3130 2656 3234 2711 ego
3253 2643 3426 2707 solus,
3457 2642 3556 2697 sed

1972 2733 2128 2786 Plato
2174 2747 2400 2801 quoque
2439 2739 2699 2795 accusat,
2736 2731 2795 2784 in
2831 2730 3091 2786 Thwteto
3128 2733 3326 2789 dicens
3367 2735 3555 2806 (Legg.

1971 2837 2028 2890 p.
2066 2821 2204 2887 639;
2240 2820 2448 2875 Euseb.
2472 2836 2529 2889 p.
2560 2817 2666 2873 609
2695 2817 2761 2888 C)
2793 2837 2807 2871 :
2848 2838 2867 2869 ι
2903 2818 3205 2874 Videamus
3237 2833 3424 2875 autem
3452 2822 3558 2876 hac

1971 2912 2146 2966 ferme
2176 2909 2414 2963 ratione.
2442 2911 2576 2976 Age,
2608 2908 2655 2960 si
2679 2908 2808 2975 quis
2838 2923 3133 2977 caprarum
3165 2910 3554 2976 nutritioncm,

1969 3011 2028 3056 et
2049 3002 2229 3070 ipsum
2264 2999 2477 3067 1032
2508 2997 2734 3062 animal,
2772 2997 2931 3066 quasi
2965 2997 3115 3052 bella
3145 2999 3219 3052 sit
3249 3000 3554 3069 possessio,

1971 3092 2164 3146 laudat
2190 3108 2204 3142 :
2229 3090 2372 3143 alius
2407 3103 2544 3142 vero
2584 3087 2860 3158 quispiam
2898 3103 3096 3158 capras
3137 3089 3260 3145 sine
3301 3092 3558 3161 caprario

1972 3191 2284 3252 pascentes,
2305 3179 2580 3248 cultisque
2601 3180 2741 3233 locis
2769 3179 2969 3233 damna
2999 3179 3301 3235 inferentes
3326 3181 3556 3253 conspi—

1970 3281 2129 3327 catus
2153 3271 2454 3339 vituperet,
2484 3278 2542 3324 et
2560 3284 2724 3324 omne
2751 3285 2943 3338 pecus,
2981 3270 3130 3340 quod
3161 3272 3281 3326 sine
3310 3283 3554 3339 rectore,

1970 3373 2068 3418 aut
2091 3377 2215 3417 cum
2252 3361 2411 3414 malis
2438 3359 2755 3414 rectoribus
2773 3360 2980 3414 viderit
2999 3401 3014 3425 ,
3052 3362 3126 3415 ita
3157 3364 3551 3432 reprehendat,

1969 3454 2242 3528 ejusmodi
2266 3453 2731 3522 vituperationem
2756 3467 2888 3506 sana
2903 3461 3090 3507 mente
3111 3453 3429 3523 vituperare
3451 3457 3554 3510 du-

1969 3547 2169 3608 cimus,
2191 3556 2248 3599 et
2269 3544 2686 3615 quodcunque?
2707 3552 2764 3597 et
2797 3545 3115 3614 quomodo?
3139 3565 3157 3595 ι
3187 3545 3316 3600 llzec
3342 3546 3550 3614 omnia,

1969 3655 2006 3692 ο
2033 3637 2162 3701 viri,
2201 3636 2450 3692 Platonis
2479 3634 2653 3690 verba
2688 3644 2844 3699 sunt,
2878 3651 2992 3690 non
3019 3651 3141 3689 mea
3173 3654 3185 3687 :
3218 3637 3424 3705 quibus
3449 3651 3554 3692 nos

1969 3728 2252 3790 admonet,
2290 3737 2402 3778 non
2437 3723 2646 3777 debere
2675 3737 2878 3791 pecora
2907 3723 3093 3777 omnia
3136 3727 3192 3778 in
3226 3726 3550 3780 universum

1970 3819 2245 3883 damnari,
2287 3817 2361 3871 ob
2398 3831 2461 3870 ea
2497 3830 2621 3884 qua:
2657 3831 2688 3866 a
2724 3815 2887 3868 malis
2925 3817 3245 3883 pastoribus
3287 3826 3574 3890 ιιςιιῐιιιιιι,⁵

1969 3910 2057 3962 vel
2119 3922 2244 3977 qua:
2297 3902 2620 3975 pastoribus
2674 3918 2904 3971 prorsus
2957 3915 3168 3958 carent.
3225 3891 3584 3976 Rursusque

1971 3998 2179 4073 (Phaad.
2214 4013 2270 4067 p.
2299 3998 2368 4051 69
2399 3996 2463 4062 C)
2507 3995 2641 4049 alibi
2675 3996 2968 4050 manifeste
3009 3997 3175 4052 docet
3239 4013 3355 4061 non
3385 4013 3552 4066 posse

1968 4091 2381 4147 multitudinem
2415 4104 2536 4143 esse
2568 4087 3051 4158 philosophorum.
3085 4108 3104 4138 ι
3143 4089 3300 4143 Multi
3320 4091 3547 4158 quidem

1967 4183 2173 4238 ferulas
2213 4173 2451 4250 gestant,
2490 4179 2694 4250 inquit,
2728 4178 2892 4248 pauci
2938 4194 3071 4233 vero
3113 4187 3245 4233 sunt
3271 4181 3488 4234 bacchi.
3519 4201 3539 4232 ι

1968 4276 2118 4330 Idem
2144 4274 2282 4327 dixit
2305 4271 2561 4326 Christus
2593 4269 2861 4323 Dominus
2889 4289 2904 4323 :
2938 4289 2957 4320 ι
2991 4269 3147 4323 Multi
3179 4280 3308 4324 sunt
3339 4270 3544 4333 vocati,

1967 4364 2130 4435 pauci
2169 4375 2304 4415 vero
2343 4360 2506 4414 electi
2551 4360 2597 4411 8.
2634 4377 2653 4408 ι
2716 4358 2930 4424 Quibus
2968 4359 3136 4412 etiam
3175 4368 3543 4414 consentanea.

275 4452 410 4514 τοὺς
445 4450 546 4520 μὲν
586 4449 771 4521 [ἄγαν]
803 4450 1108 4519 Θαυμάζειν
1151 4449 1270 4522 [ὡς]
1309 4452 1783 4522 ὑπεραλλομένονς
1814 4457 1860 4486 ’³

1970 4463 2120 4513 sunt,
2169 4465 2291 4521 quae
2339 4449 2496 4503 Plato
2547 4448 2628 4501 ait
2681 4449 2738 4501 in
2783 4450 3111 4518 Epinomide
3168 4451 3245 4521 (ρ.
3283 4451 3389 4506 975
3431 4451 3497 4519 C)
3529 4469 3548 4506 ε

272 4543 353 4595 τὰ
377 4542 476 4612 τῆς
508 4541 723 4608 φύσεως
756 4544 1076 4611 σκάμματα,
1106 4546 1219 4602 τοῖς
1251 4543 1307 4595 δὲ
1346 4543 1535 4613 νέμειν
1568 4547 1691 4597 τινὰ
1734 4544 1863 4612 ξυγ-

273 4631 527 4701 γνώμην,
713 4631 817 4684 ὐπὺ
841 4630 952 4683 τῶν
980 4631 1237 4700 ἐμφύτων
1268 4636 1730 4705 κατασυρομένοις
1754 4653 1860 4689 πα-

275 4724 412 4780 Θῶν.
451 4723 573 4775 Ὅτι
605 4723 716 4793 γὰρ
760 4721 873 4794 [δὴ]
906 4724 953 4754 ’⁸
981 4723 1158 4776 ταῦτα
1211 4725 1565 4794 παγχάλεπα,
1601 4726 1715 4779 ἴστε
1766 4728 1862 4780 καὶ

277 4815 475 4882 ὑμεῖς
513 4832 532 4864 ι
570 4813 646 4865 Οὐ
680 4813 791 4885 γάρ
828 4813 895 4865 ὲκ
939 4812 1100 4883 δρυὸς
1124 4853 1140 4880 ,
1179 4833 1198 4865 ι
1247 4815 1391 4866 κατά
1442 4817 1535 4868 τὸν
1579 4817 1864 4888 ποιητικὸν

275 4906 463 4974 λόγον,
495 4921 521 4956 ί
552 4905 586 4975 ἢ
613 4905 725 4960 ἀπὸ
774 4905 983 4975 πέτρης
1011 4903 1059 4935 ’⁷
1085 4905 1408 4976 γεγένησθε.
1447 4925 1467 4958 ι
1499 4909 1782 4980 Δεδήλωκε
1806 4910 1862 4963 δὲ

276 4993 442 5047 τοῦτο
481 4995 576 5047 καὶ
611 4997 643 5048 ό
676 4993 903 5048 Πλάτων
952 4995 1011 5047 ὲν
1047 4993 1127 5064 τῷ
1157 4994 1258 5065 τῆς
1307 4998 1622 5064 Πολιτείας
1661 4999 1864 5071 πρώτῳ

277 5083 539 5153 διαλόγῳ,
563 5083 657 5137 τδν
683 5085 936 5155 Κέφαλον
964 5086 1278 5156 εἰσαγαγὼν
1320 5085 1401 5156 τῷ
1427 5088 1710 5158 Σωκράτει
1748 5091 1864 5143 δια-

280 5174 602 5244 λεγόμενον,
629 5179 724 5230 καὶ
770 5176 1034 5245 λέγονται
1077 5198 1097 5230 ι
1131 5175 1208 5233 Εὖ
1253 5179 1363 5232 ῐσθι
1396 5180 1479 5232 ὅτι
1510 5179 1699 5250 ἔμοιγε
1739 5183 1863 5235 ὅσον

356 5305 383 5344 ⁸
409 5297 602 5360 llattb.
631 5323 724 5373 ιι,
756 5307 859 5375 {6;
889 5325 1021 5376 xm,
1057 5310 1146 5369 14.

1975 4568 1994 4599 ι
2030 4547 2390 4614 Nequaquam
2444 4539 2680 4593 dixerim
2734 4555 2896 4609 posse
2939 4541 3197 4596 homines
3243 4542 3432 4598 felices
3482 4560 3548 4598 ac

1967 4641 2157 4694 beatos
2204 4635 2354 4698 ﬁeri,
2407 4641 2772 4702 pneterquam
2828 4632 2883 4686 in
2925 4633 3138 4702 paucis.
3195 4634 3334 4687 Dum
3374 4631 3545 4688 vitam

1965 4733 2110 4786 hanc
2144 4728 2416 4790 vivimus,
2455 4726 2532 4778 ita
2564 4724 2807 4778 decerno
2842 4741 2855 4777 :
2892 4725 3102 4794 optima
3135 4741 3268 4779 vero
3299 4733 3386 4780 est
3418 4742 3546 4795 spes

1959 4821 2263 4881 morienti,
2310 4819 2495 4873 omnia
2537 4819 2828 4888 consequi.
2871 4836 2890 4869 ι
2942 4817 3086 4886 Quid
3131 4819 3302 4889 igitur
3352 4819 3545 4889 iniquo

1963 4915 2148 4969 animo
2168 4912 2348 4977 fertis,
2375 4911 2524 4980 quod
2554 4911 2703 4980 apud
2730 4926 2832 4965 nos
2851 4911 3120 4981 quosdam
3146 4911 3351 4966 videtis
3381 4912 3545 4964 aliam

1962 5019 2129 5074 quam
2183 5002 2517 5072 proﬁtentur
2574 5002 2748 5056 vitam
2807 5000 3062 5054 moribus
3132 5001 3548 5071 exprimentes?

1963 5096 2145 5162 Quare
2177 5102 2369 5149 contra
2401 5108 2499 5148 eos
2529 5107 2642 5146 non
2672 5090 3022 5146 admiramini
3042 5132 3058 5156 ,
3083 5092 3180 5162 qui
3212 5101 3413 5147 natura
3449 5108 3546 5147 su-

1961 5185 2242 5256 periorem
2259 5185 2432 5239 vitam
2462 5191 2593 5239 sunt
2613 5183 2874 5254 amplexi,
2891 5198 2960 5238 ac
2984 5182 3042 5237 in
3066 5198 3300 5255 corpore
3319 5183 3544 5254 quidem

1558 5419 1795 5474 VARIIE
1837 5417 2227 5477 LECTIONES
2247 5456 2262 5477 .

354 5514 399 5597 ‘_'
430 5512 469 5569 ἃ.
489 5515 701 5597 δρῶσιν⁸
714 5530 827 5572 om.
1106 5512 1349 5597 μισῇσοι.
1397 5511 1583 5597 μιοοίη
1625 5511 1792 5597 ὃίζξη.

277 5583 332 5615 ὀ
361 5583 599 5658 annvis:
629 5587 808 5640 πάντα
840 5587 913 5658 _D.
1026 5585 1081 5658 ²¹Α
1091 5583 1392 5658 ἀρχόμενα.
1412 5583 1670 5658 -ἀγόμενα
1697 5583 1761 5636 D.

325 5656 382 5725 ui
411 5656 537 5725 mox
559 5652 658 5725 ἦτε
686 5671 785 5724 pro
813 5652 955 5708 εἶπε.
1066 5653 1110 5684 ’⁸
1137 5649 1294 5723 ημῖν.
1321 5652 1476 5725 ἡμῶν
1497 5649 1563 5725 (3;,
1605 5653 1668 5705 ll.

1918 5513 1964 5545 ¹⁸
2000 5514 2135 5584 φέρε
2179 5512 2234 5569 εί
2262 5530 2367 5577 τις.

1875 5583 1922 5612 ’³
1953 5583 2159 5654 πολλοὶ,
2195 5584 2382 5654 φησίν.
2414 5583 2582 5654 φησιν
2616 5584 2801 5638 πολλοὶ
2823 5584 2895 5639 D.

1785 5653 1831 5684 "
1861 5650 2353 5724 ὑπεραλλομένόυς.
2377 5650 2888 5724 ὑπερϐαλλομένους
2931 5655 2994 5710 D.

2398 5512 2554 5588 φέρει
2584 5513 2756 5588 τις
2778 5584 2789 5588 _
2829 5515 2915 5588 _"
2943 5514 3172 5588 ἔπαινοί.
3201 5516 3452 5588 ἐπαινοίη
3479 5517 3543 5571 D.

3007 5586 3056 5617 ³³
3083 5586 3319 5658 XMth
3349 5586 3454 5658 ἔφή
3479 5588 3542 5658 [νο

3111 5657 3158 5687 ιι
3187 5655 3298 5728 [δὴ]
3332 5655 3451 5711 om;
3478 5657 3538 5710 c.

360 5719 816 5796 πέτρης.’πέτρας
847 5726 890 5780 D
914 5727 993 5796 (et
1015 5725 1094 5780 sic
1126 5719 1417 5790 interpres)
1442 5720 1647 5775 omisso
1680 5738 1805 5778 mox
1829 5719 2007 5776 τοῦτο.
