4080 6370
646 345 780 416 Ηῑιδ

1625 342 2108 404 THEODORETI
2153 338 2482 398 EPISCOPI
2523 339 2888 399 CYRENSIS
3764 332 3897 396 1375

644 465 948 525 decertant,
988 457 1083 514 sed
1133 459 1513 527 incorporcam
1553 456 1636 526 (ac
1673 453 2051 524 Spiritualcm)
2086 453 2209 506 vitae

2326 451 2368 499 ιι
2403 449 2560 503 ἄλλαι
2595 451 2648 502 αἱ
2685 449 2824 500 κατὰ
2853 448 2914 498 τὸ
2949 445 3106 516 σῶμα
3162 445 3347 514 ἡδοναὶ
3403 445 3894 517 ἀπομαραίνοντατ,

647 559 913 612 rationem
955 551 1326 606 aemulantur?
1365 548 1567 602 Contra
1608 548 1754 600 enim
1795 562 1856 601 ac
1900 546 2078 600 facitis
2113 560 2211 598 vos

648 645 826 699 facere
853 647 1156 711 oporteret,
1203 647 1264 692 ut
1291 647 1348 692 et
1376 636 1498 690 illos
1528 635 1848 701 laudaretis,
1885 636 2086 705 quippe
2117 633 2211 702 qui

647 742 856 786 natura:
893 732 1028 782 lines
1062 727 1390 790 transiliam,
1431 733 1487 779 et
1519 725 1606 778 his
1630 717 1845 778 veniam
1877 721 2086 792 1023
2114 721 2214 774 ali-

649 837 812 890 quam
842 818 1180 881 tribucretis,
1216 827 1277 870 ut
1310 815 1403 885 qui
1434 831 1465 869 a
1491 824 1687 868 natura
1715 813 1895 867 insitis
1921 811 2212 881 perturba-

653 911 894 965 tionibus
927 908 1289 978 abripiantur.
1322 905 1495 972 Quam
1519 905 1629 958 sint
1667 903 1813 958 enim
1842 903 1924 956 hze
1953 900 2017 954 ad
2048 914 2212 968 supe—

653 999 881 1052 randum
919 996 1197 1059 difﬁciles,
1228 993 1329 1062 ipsi
1361 1007 1471 1046 non
1506 990 1771 1061 ignoratis
1807 1005 1820 1040 :
1854 1000 2032 1056 neque
2065 985 2214 1038 enim

650 1107 678 1142 ιι
708 1103 937 1158 quercu,
965 1097 1024 1141 ut
1058 1095 1231 1154 poetae
1275 1083 1463 1137 verbis
1506 1090 1649 1144 utar,
1691 1079 1778 1134 vel
1811 1093 1842 1132 e
1883 1078 2017 1146 pinu
2043 1075 2213 1146 geniti

653 1181 955 1253 prodiistis.
991 1179 1104 1232 lloc
1140 1193 1272 1232 vero
1300 1185 1354 1230 et
1383 1176 1536 1230 Plato
1568 1172 1858 1227 manifeste
1892 1169 2131 1226 ostendit
2159 1169 2215 1222 in

650 1275 829 1344 primo
856 1270 1168 1342 Rcipublica:
1193 1270 1356 1334 libro,
1384 1267 1685 1337 Cephalum
1707 1280 1831 1321 cum
1855 1265 2075 1318 Socrate
2103 1262 2216 1316 dis-

652 1373 929 1420 serentem
966 1362 1250 1423 induccns,
1291 1368 1346 1412 et
1369 1359 1641 1412 dicentem
1678 1356 1753 1428 (p.
1785 1355 1888 1412 5'28
1918 1355 1981 1422 D)
2018 1373 2030 1407 :
2075 1373 2092 1406 ι
2134 1354 2216 1407 Tu

653 1456 731 1508 sic
755 1455 954 1508 habeto
978 1471 988 1504 :
1019 1453 1232 1517 Quanto
1256 1455 1271 1470 ‘
1307 1452 1479 1519 magis
1507 1449 1642 1502 mihi
1668 1449 1786 1502 alia:
1816 1461 2093 1515 corporea:
2117 1460 2216 1498 vo-

651 1546 890 1613 luptates
905 1549 1281 1598 cmarccscunt
1303 1541 1358 1593 in
1382 1540 1518 1604 dics,
1543 1538 1822 1607 magisque
1836 1535 2217 1598 debilitantur,

655 1642 804 1687 tanto
845 1633 1014 1702 magis
1052 1631 1295 1701 augescit
1322 1629 1657 1684 desiderium
1704 1625 2076 1695 colloquendi,
2107 1639 2222 1678 ser-

656 1725 938 1794 monisque
986 1724 1261 1792 voluptas.
1302 1743 1318 1774 ι
1376 1722 1515 1776 Tum
1549 1721 1772 1776 Socrate
1822 1719 2218 1787 interrogante,

2311 539 2563 593 τοσοῦτον
2594 539 2847 603 αὔξονται
2874 539 2928 590 αἱ
2960 536 3090 607 περὶ
3126 537 3252 599 τοὺς
3280 538 3468 604 λόγους
3517 538 3808 605 ἐπιθυμίαι
3837 553 3892 587 τε

2315 632 2407 684 καὶ
2433 631 2635 698 ἡδοναί.
2672 650 2688 682 ι
2719 625 2852 682 Εἶτα
2887 626 3192 697 πυθομένου
3227 626 3320 679 τοῦ
3368 628 3690 696 Σωκράτους
3732 631 3782 679 εἰ
3817 628 3894 678 ἔτι

2313 722 2374 774 τὸ
2395 721 2503 774 τῶν
2530 722 2730 791 ἡδονῶν
2763 720 3119 773 ἐπανίσταται
3167 719 3338 781 πάθος
3364 760 3376 782 ,
3414 719 3702 772 ὑπολαϐὼν
3759 719 3894 785 ἔφη·

2320 831 2338 864 ι
2362 813 2634 882 Εὐφήμει,
2659 811 2911 882 ἄνθρωπε
2932 826 2946 840 ο
2969 811 3343 881 ᾀσμενέστατα
3378 809 3474 879 μὲν
3503 812 3568 862 τά
3603 808 3838 860 τοιαῦτα
3853 809 3895 839 ²⁸

2315 902 2616 969 ἀπέφυγον,
2639 900 2786 953 ὥσπε
2795 918 2826 972 ρ
2853 901 2898 932 ’⁸
2921 899 3199 954 λυττῶντά
3229 917 3349 954 τινα
3367 902 3459 953 καὶ
3491 901 3682 970 ἄγριον
3707 901 3898 951 δεσπό-

2315 1011 2414 1062 την
2437 993 2754 1061 ἀποφυγών.
2795 1013 2813 1044 ι
2863 992 3122 1046 Ἐνταῦθα
3148 993 3244 1062 μὲν
3266 988 3358 1046 οὖν
3383 995 3510 1062 περὶ
3535 996 3636 1062 τῆς
3663 995 3791 1060 αἰσχ
3803 993 3897 1061 ρςὶς

2315 1084 2508 1154 ἡδονῆς
2529 1085 2752 1137 τοιαῦτα
2778 1085 3088 1154 διελήλυθεν
3122 1084 3167 1114 ³⁸
3195 1101 3208 1115 ⁸
3236 1087 3292 1136 ἐν
3322 1084 3378 1136 δὲ
3413 1085 3490 1153 τῷ
3514 1086 3740 1151 Γοργίᾳ
3778 1084 3899 1150 περὶ

2317 1177 2659 1245 δικαιοσύνης
2691 1177 2785 1230 καὶ
2825 1177 3037 1240 ἀδικίας
3084 1169 3186 1229 ῶδέ
3240 1192 3405 1248 φησι·
3445 1194 3462 1225 ι
3498 1175 3754 1227 Χαλεπὸν
3807 1172 3902 1241 μὲν

2319 1267 2447 1338 γάρ,
2481 1261 2524 1320 ὦ
2551 1267 2891 1330 Καλλίκλεις,
2919 1269 3014 1319 καὶ
3036 1265 3230 1318 πολλοῦ
3259 1266 3478 1317 ἐπαίνου
3508 1263 3681 1328 ἄξιον,
3719 1265 3778 1315 ἐν
3810 1278 3902 1330 με·

2319 1359 2461 1428 γάλῃ
2487 1359 2701 1428 ἐξουσίᾳ
2725 1357 3012 1427 γενόμενον
3037 1356 3131 1409 τοῦ
3166 1341 3391 1419 ἀδικεῖν,
3417 1357 3644 1418 δικαίως
3676 1355 3904 1408 διαϐιῶ-

2327 1468 2432 1502 ναι.
2476 1449 2672 1517 ὐλίγοι
2698 1450 2752 1502 δὲ
2781 1449 3019 1517 γίνονται
3049 1450 3097 1500 οἱ
3122 1448 3370 1500 τοιοῦτοι.
3415 1447 3570 1499 Ἐπεὶ
3600 1448 3696 1498 καὶ
3719 1445 3900 1497 ἐνθάδε

2323 1541 2415 1592 καὶ
2467 1538 2651 1593 άλλοθι
2704 1539 2991 1606 γεγόνασιν
3019 1579 3032 1604 ,
3079 1532 3232 1606 οἶμαι
3272 1537 3328 1589 δέ
3376 1537 3590 1589 ἔσονται
3629 1535 3790 1588 καλοὶ
3817 1538 3904 1588 καὶ

2321 1626 2516 1693 ἀγαθοὶ
2545 1626 2749 1696 ταύτην
2779 1626 2875 1696 τὴν
2912 1627 3134 1696 ἀρετὴν,
3168 1628 3233 1694 ἢν
3263 1642 3346 1677 τοι
3387 1625 3611 1687 δικαίως
3641 1625 3903 1693 διαχειρίο

2323 1717 2488 1780 ζωσιν
2511 1717 2552 1748 ³¹
2583 1716 2617 1769 ἃ
2642 1718 2706 1770 ἄν
2738 1734 2823 1779 τις
2855 1718 3143 1787 ἐπιτρέπῃ.
3186 1736 3204 1767 ι
3241 1717 3349 1768 Καὶ
3382 1712 3448 1769 αὖ
3490 1715 3655 1769 πάλιν
3677 1732 3688 1744 ·
3721 1733 3740 1765 ι
3767 1715 3902 1765 Ἀλλ’

655 1831 724 1870 an
747 1823 804 1869 et
825 1816 1166 1884 voluptatum
1191 1813 1420 1868 allectus
1444 1812 1623 1866 adhuc
1645 1809 2028 1880 insurgerent?
2049 1786 2081 1858 ί(
2112 1805 2220 1862 Mc-

2326 1810 2380 1862 ἐν
2407 1808 2678 1872 τοσούτοις
2709 1807 2887 1876 λόγοις
3160 1808 3530 1878 ἐλεγχομένων
3563 1809 3727 1877 μόνος
3755 1800 3901 1867 οἶκτος

656 1906 813 1970 liora,
847 1905 1046 1974 inquit,
1087 1904 1332 1973 loquere.
1382 1903 1494 1972 Ego
1533 1903 1679 1955 enim
1719 1899 2082 1953 libentissime
2122 1897 2220 1952 has

657 1997 997 2064 voluptatum
1049 1992 1494 2063 perturbationes
1534 1990 1701 2060 cﬂ'ugi
1742 2007 1753 2041 :
1797 2005 1904 2043 non
1955 2003 2114 2042 secus
2159 2003 2222 2042 ac

658 2084 1029 2137 truculentum
1085 2079 1377 2150 quemdam
1424 2079 1896 2147 saevissimumque
1937 2077 2219 2132 dominum

659 2174 966 2244 eﬂugcrim.
1007 2191 1024 2222 ›
1061 2169 1142 2225 Eo
1165 2179 1348 2224 autem
1375 2170 1496 2223 loco
1529 2169 1595 2222 de
1627 2168 1772 2237 turpi
1801 2169 2076 2236 voluptate
2107 2168 2222 2224 haec

660 2264 816 2317 dixit.
844 2263 900 2316 In
925 2261 1116 2330 Gorgia
1146 2275 1298 2323 vero,
1326 2257 1393 2312 de
1415 2257 1627 2328 justitia
1655 2265 1711 2310 et
1739 2256 2006 2325 injustitia
2035 2255 2115 2309 sic
2141 2255 2222 2309 lo-

660 2349 846 2421 quitur
875 2355 948 2419 (p.
983 2349 1086 2404 526
1113 2348 1176 2417 D)
1220 2365 1232 2400 :
1268 2367 1285 2398 ι
1313 2345 1560 2410 Diﬂicilc,
1599 2361 1631 2399 ο
1656 2345 1926 2409 Callicles,
1957 2361 2020 2399 ac
2061 2345 2224 2400 laude

661 2442 814 2496 valde
861 2441 1086 2510 dignum
1127 2446 1229 2502 est,
1275 2437 1555 2492 hominem
1599 2439 1744 2507 juste
1776 2436 1984 2500 vivere,
2027 2435 2122 2505 qui
2169 2435 2225 2487 in

661 2541 926 2602 potestate
958 2545 1148 2600 magna
1174 2529 1528 2593 constitutus,
1555 2528 1778 2596 impune
1809 2535 1975 2597 queat
1996 2543 2120 2582 esse
2144 2528 2223 2580 in-

657 2628 856 2694 justus.
885 2621 1055 2676 Pauci
1081 2621 1226 2674 enim
1268 2621 1404 2675 tales
1441 2619 1797 2673 inveniuntur
1828 2619 1954 2671 viri.
1999 2618 2135 2671 Nam
2168 2627 2226 2673 et

664 2715 751 2768 hic
788 2721 842 2767 ct
885 2713 1013 2766 alibi
1055 2711 1224 2766 fuisse
1267 2725 1378 2764 non
1413 2723 1574 2780 nego,
1622 2718 1864 2779 putoquc
1888 2708 2054 2761 etiam
2085 2708 2223 2770 fore,

664 2805 865 2858 virtute
889 2804 992 2857 hac
1021 2802 1282 2856 honestos
1303 2800 1586 2868 bonosque
1619 2799 1893 2862 homines,
1929 2799 1973 2852 si
2002 2799 2226 2867 eajuste

663 2896 979 2963 dispensent
1017 2907 1137 2962 qua:
1176 2891 1280 2945 sibi
1321 2890 1610 2945 commissa
1648 2889 1774 2942 sint.
1819 2910 1836 2940 ι
1887 2889 1954 2941 Et
1996 2903 2224 2941 rursus:

673 3006 689 3034 ι
720 2984 825 3038 Sed
863 2983 1032 3047 enim,
1079 2997 1202 3035 cum
1230 2996 1297 3035 ex
1325 2986 1405 3033 tot
1437 2978 1785 3034 sermonibus
1808 2978 1920 3048 jam
1943 2977 2100 3030 multi
2137 2991 2225 3030 re-

666 3072 881 3143 darguti
905 3071 1127 3134 fuerint,
1154 3069 1303 3124 solus
1325 3069 1416 3124 hic
1446 3084 1626 3123 sermo
1654 3069 1815 3122 nobis
1845 3067 2227 3122 honestissime

665 3161 1034 3231 conquiescit,
1088 3173 1197 3228 quo
1256 3158 1606 3212 decernimus
1655 3157 1958 3212 cavendum
2015 3155 2227 3226 1024

665 3252 834 3322 magis
857 3266 976 3304 esse
997 3266 1063 3303 ne
1097 3248 1281 3318 injurii
1316 3248 1436 3302 aliis
1466 3248 1569 3318 ipsi
1605 3248 1798 3312 simus,
1820 3263 1982 3316 quam
2006 3262 2072 3300 ne
2096 3247 2228 3315 quid

664 3343 733 3397 ab
764 3343 887 3395 aliis
924 3339 1136 3411 injuria:
1165 3340 1436 3409 patiamur
1477 3356 1489 3391 :
1531 3353 1749 3408 praeque
1778 3338 1943 3393 rebus
1973 3337 2230 3391 omnibus

666 3434 717 3488 ei
739 3433 832 3502 qui
865 3448 991 3486 vere
1019 3431 1089 3484 sit
1110 3431 1212 3494 vir,
1245 3431 1348 3484 hoc
1371 3429 1679 3484 curandum
1710 3445 1852 3493 esse,
1886 3443 1997 3482 non
2028 3436 2085 3481 ut
2109 3443 2228 3482 esse

665 3523 939 3586 videatur,
969 3521 1064 3576 sed
1089 3532 1148 3574 ut
1176 3521 1352 3589 reipsa
1378 3519 1450 3572 sit
1478 3519 1676 3583 bonus,
1701 3528 1756 3572 et
1786 3517 2002 3587 publice
2032 3527 2086 3570 et
2114 3517 2228 3585 pri-

667 3615 852 3669 vatim.
887 3633 904 3664 ›
939 3612 1173 3666 Eosdem
1204 3625 1396 3665 rursus
1419 3624 1701 3663 sermones
1730 3625 1852 3662 cum
1881 3608 2102 3663 Critone
2127 3607 2229 3661 So-

667 3715 846 3763 crates
889 3703 1098 3760 habuit.
1157 3703 1284 3756 Post
1329 3701 1496 3754 multa
1540 3699 1686 3753 enim
1731 3699 1837 3752 alia
1881 3699 1997 3752 hcce
2032 3698 2232 3767 adjecit

669 3800 745 3868 (p.
763 3797 829 3852 49
854 3797 913 3866 Β)
940 3815 953 3849 :
983 3815 999 3846 ι
1021 3795 1182 3849 Nullo
1207 3794 1373 3863 igitur
1395 3800 1554 3861 pacto
1575 3799 1793 3861 oportet
1821 3791 2022 3861 injuria
2041 3805 2233 3859 quem-

666 3904 829 3959 quam
859 3886 1094 3950 aﬂicere,
1119 3900 1297 3954 neque
1322 3884 1367 3938 si
1395 3883 1495 3938 tibi
1522 3874 1811 3944 inTeratur,
1835 3897 1956 3935 eam
1983 3881 2228 3934 vicissim

668 3978 892 4040 referre,
922 3975 1082 4030 sicuti
1109 3975 1308 4030 multos
1328 3975 1532 4029 sentire
1557 3972 1718 4044 video
1743 3989 1755 4025 :
1783 3971 1934 4026 nullo
1956 3972 2228 4042 siquidem

666 4077 826 4138 pacto
858 4068 1016 4122 decet
1043 4083 1163 4122 esse
1191 4068 1474 4137 injurium.
1508 4065 1650 4130 Quid
1677 4074 1882 4128 autem,
1910 4064 2083 4128 Crito,
2113 4080 2232 4117 ma-

667 4160 791 4212 lone
839 4173 1164 4227 quemquam
1193 4158 1320 4211 licet
1347 4155 1582 4219 allicere,
1631 4170 1700 4207 an
1730 4169 1840 4208 non
1873 4155 2039 4208 licet?
2071 4153 2232 4207 Nullo

670 4247 996 4312 modolicct,
1030 4262 1061 4300 ο
1091 4246 1360 4300 Socrates.
1388 4245 1586 4298 Malum
1610 4245 1821 4315 vero.in
1842 4259 1966 4297 cum
1999 4244 2227 4308 referre,

669 4355 700 4395 a
731 4354 838 4408 quo
876 4339 1026 4408 prior
1061 4330 1253 4406 p'assus
1291 4335 1478 4398 fueris,
1526 4333 1678 4390 fasne
1709 4344 1813 4398 est,
1851 4344 1911 4388 ut
1946 4336 2103 4388 multi
2150 4337 2230 4389 di-

2323 1898 2521 1969 ὴρεμεῖ
2555 1900 2582 1951 ὁ
2610 1899 2786 1966 λόγος,
2819 1899 2893 1960 ὡς
2926 1898 3254 1968 εὐλαϐητέον
3291 1899 3408 1950 ἐστὶ
3435 1901 3495 1950 τὸ
3523 1899 3732 1950 ἀδικεῖν
3770 1897 3901 1967 μᾶλ-

2323 1989 2434 2052 λον,
2460 1992 2492 2060 ἢ
2533 1989 2594 2042 τὸ
2619 1988 2946 2053 ἀδικεῖσθαι,
2979 1989 3074 2041 καὶ
3105 1990 3306 2051 παντὸς
3337 1989 3535 2058 μᾶλλον
3562 1990 3719 2057 ἀνδρὶ
3750 1989 3902 2057 μελε-

2323 2079 2512 2150 τητέον
2563 2079 2623 2131 οὐ
2673 2079 2734 2131 τὸ
2769 2079 2944 2131 δοκεῖν
2990 2075 3128 2131 εἶναι
3160 2076 3383 2144 ἀγαθὸν,
3420 2079 3556 2131 ἀλλὰ
3607 2079 3672 2129 τὸ
3705 2078 3901 2144 ἀγαθὸν

2284 2201 2287 2203 -
2325 2166 2484 2233 εἶναι,
2510 2170 2604 2222 καὶ
2639 2169 2743 2239 ἰδίᾳ
2767 2168 2862 2221 καὶ
2882 2169 3136 2239 δημοσίᾳ.
3166 2189 3182 2220 ι
3213 2169 3322 2221 Καὶ
3345 2171 3567 2232 τούτους
3589 2170 3648 2222 δέ
3677 2171 3837 2222 πάλιν
3859 2169 3900 2202 ³³

2325 2263 2450 2324 τοὺς
2478 2261 2668 2327 λόγους
2712 2263 2740 2313 ό
2788 2260 3084 2329 Σωκράτης
3115 2259 3190 2330 τῷ
3227 2260 3466 2329 Κρίτωνι
3510 2261 3898 2328 προσενήνοχε.

2326 2354 2479 2406 Μετὰ
2509 2354 2616 2422 γὰρ
2665 2351 2889 2414 πολλοὺς
2936 2353 3153 2422 ἐτέρους
3206 2352 3299 2404 καὶ
3329 2351 3450 2404 τάδε
3484 2351 3898 2424 προστέθεικεν·

2331 2463 2349 2492 ι
2388 2441 2653 2510 Οὐδαμῶς
2682 2441 2788 2510 ἄρα
2833 2441 2913 2492 δεῖ
2944 2441 3169 2493 ἀδικεῖν.
3225 2438 3361 2494 Οὐδὲ
3397 2439 3754 2509 ἀδικούμενον
3801 2442 3900 2508 ἄρα

2328 2532 2650 2594 ἀνταδικεῖν,
2679 2529 2753 2593 ὼς
2778 2533 2826 2581 οἱ
2861 2529 3047 2583 πολλοὶ
3077 2530 3302 2582 οτονται’
3328 2531 3624 2599 ἐπειδήπερ
3650 2530 3899 2598 οὐδαμῶς

2327 2623 2406 2676 δεῖ
2433 2624 2656 2676 ἀδικεῖν.
2689 2622 2754 2673 Τί
2782 2621 2837 2674 δὲ
2875 2621 2936 2691 δή
2971 2621 3051 2685 ³³;
3088 2625 3416 2691 κακουργεῖν
3443 2620 3540 2683 δεῖ,
3573 2615 3619 2673 ὧ
3662 2622 3899 2689 Κρίτων,

2329 2715 2362 2785 ἢ
2391 2715 2450 2766 οὐ
2477 2731 2490 2779 ;
2527 2715 2600 2768 Οὐ
2632 2711 2753 2784 [δεῖ]
2779 2712 2948 2780 δήπου
2979 2711 3045 2774 ³⁵,
3074 2705 3117 2764 ὦ
3143 2711 3448 2781 Σώκρατες.
3492 2712 3557 2762 Τί
3597 2711 3658 2763 δέ
3696 2712 3776 2774 ³⁵;
3819 2714 3903 2764 ἀν-

2326 2805 2708 2873 τικακουργεῖν
2737 2801 2920 2863 κακῶς
2961 2802 3259 2870 πάσχοντα,
3297 2801 3371 2862 ὼς
3425 2802 3474 2852 οἱ
3514 2801 3703 2852 πολλοί
3742 2817 3896 2868 φασι,

2329 2895 2552 2958 δίκαιον,
2577 2895 2610 2965 ἢ
2637 2894 2700 2945 οὐ
2743 2891 2983 2957 δίκαιον;
3018 2892 3300 2960 Οὐδαμῶς.
3339 2892 3411 2942 Τὸ
3448 2892 3554 2959 γάρ
3591 2909 3698 2942 που
3741 2891 3904 2943 κακὸν

2330 2991 2500 3040 ποιεῖν
2526 2985 2857 3055 ἀνθρώποις,
2879 2984 2974 3036 τοῦ
2997 2983 3200 3036 ἀδικεῖν
3233 2983 3383 3034 οὐδὲν
3411 2981 3680 3050 διαφέρει.
3714 2982 3905 3044 Καλῶς

2331 3077 2526 3146 λέγεις.
2555 3075 2690 3130 Οῠτε
2725 3071 2816 3129 οὖν
2843 3075 2951 3146 ἄρα
2975 3074 3282 3133 ἀνταδικεῖν
3324 3074 3368 3104 ⁸⁸
3405 3073 3520 3137 δεῖ,
3561 3073 3685 3126 οὐτε
3723 3073 3906 3136 κακῶς

2331 3167 2504 3218 ποιεῖν
2537 3164 2726 3218 οὐδένα
2758 3164 3082 3234 ἀνθρώπων,
3136 3164 3245 3215 οὐδ’
3276 3164 3341 3217 ἀν
3382 3163 3561 3216 ὁτιοῦν
3609 3166 3798 3236 πάσχῃ
3828 3182 3907 3226 τις

2333 3257 2425 3308 ὑπ’
2456 3255 2654 3308 αὐτῶν.
2697 3274 2715 3306 ›
2749 3253 3018 3322 Τοιαύτην
3073 3255 3171 3323 μὲν
3209 3253 3362 3324 [HQ]
3394 3249 3486 3306 οὖν
3521 3255 3737 3316 ἀδικίας
3778 3253 3906 3324 πέρι

2332 3348 2426 3398 καὶ
2457 3345 2802 3418 δικαιοσύνης
2837 3345 3136 3414 Σωκράτης
3168 3345 3262 3397 καὶ
3297 3345 3522 3398 Πλάτων
3562 3346 3908 3398 διδασκαλίαν

2333 3437 2683 3506 ἐποιησάτην,
2718 3436 3032 3502 ἀξιέπαινον
3064 3435 3278 3506 ἀληθῶς
3314 3437 3406 3488 καὶ
3451 3437 3672 3507 λογικὴν
3713 3439 3812 3510 καὶ
3844 3440 3906 3508 τῇ

2334 3527 2492 3594 φύσει
2521 3529 2586 3596 τῇ
2632 3526 2946 3596 ἀνθρωπίνῃ
2993 3525 3419 3596 ξυμϐαίνουσαν·
3474 3527 3542 3579 τὰ
3596 3529 3706 3597 γὰρ
3744 3528 3908 3596 ἠθικά

2337 3617 2636 3687 μαθήματα
2675 3617 2880 3678 πάντας
2935 3617 3253 3686 ἀνθρώπους
3302 3620 3334 3686 ή
3393 3618 3554 3685 φύσις
3595 3619 3904 3672 ἐπαίδευσε.

2333 3709 2644 3769 Διαπλάσας
2673 3707 2780 3776 γάρ
2812 3723 2891 3758 τοι
2919 3707 3024 3759 τῶν
3055 3707 3356 3777 ἀνθρώπων
3383 3709 3443 3759 τὸ
3473 3709 3629 3775 γένος
3660 3712 3688 3761 6
3741 3712 3908 3778 Ποιη-

2334 3799 2450 3869 τὴς,
2493 3798 2757 3850 ἐντέθεικε
2781 3801 2846 3868 τῇ
2875 3797 3032 3865 φύσει
3057 3798 3154 3868 τὴν
3174 3799 3282 3850 τῶν
3301 3799 3520 3864 ἀγαθῶν
3555 3801 3646 3850 καὶ
3679 3801 3779 3870 τὴν
3804 3801 3909 3853 τῶν

2335 3890 2589 3944 ἐναντίων
2641 3890 2928 3956 διάγνωσιν
2987 3890 3051 3940 ³⁷.
3094 3890 3257 3942 Ὅθεν
3307 3891 3368 3942 οὐ
3405 3891 3565 3958 μόνον
3612 3891 3910 3962 Σωκράτης

2334 3982 2424 4035 καὶ
2449 3981 2672 4034 Πλάτων
2703 3982 2796 4033 καὶ
2839 3980 3173 4050 Ἀριστείδης
3206 3983 3233 4033 6
3261 3981 3578 4050 Λυσιμάχου
3613 3983 3708 4033 καὶ
3759 3983 3906 4036 ἄλλοι

2331 4070 2472 4132 τινὲς
2525 4070 2631 4122 τῶν
2685 4069 2950 4138 Ἑλλήνων
2985 4070 3076 4122 τὸν
3129 4069 3310 4123 ἄδικον
3364 4071 3714 4136 ἐϐδελύξαντο
3775 4073 3904 4141 βίον,

2333 4161 2466 4215 ἀλλὰ
2491 4161 2584 4213 καὶ
2618 4160 2725 4213 τῶν
2755 4159 3043 4229 βαρϐάρων
3074 4161 3279 4213 πολλοί.
3315 4162 3423 4214 Καὶ
3448 4163 3556 4231 γὰρ
3599 4164 3905 4227 Ἑλλάνικος

2333 4255 2392 4305 ἐν
2425 4254 2544 4313 ταῖς
2572 4251 2830 4320 ἱστορίαις
2867 4251 2968 4320 ἔφη
2996 4269 3010 4283 ο
3049 4271 3066 4303 ι
3108 4253 3246 4315 Τοὺς
3297 4253 3696 4323 Ὑπερϐορέους
3738 4258 3902 4309 οἰκεῖν

2338 4343 2432 4410 μὲν
2460 4340 2597 4408 ὑπὲρ
2619 4338 2686 4391 τὰ
2727 4337 2946 4391 Ῥίπαια
2967 4341 3088 4410 δρη,
3125 4341 3315 4393 ἀσκεῖν
3343 4339 3397 4393 δὲ
3429 4341 3801 4414 δικαιοσύνην,
3834 4346 3904 4414 μὴ

669 4438 819 4494 cunt,
859 4445 926 4482 an
957 4426 1145 4480 nefas?
1178 4426 1339 4479 Nullo
1369 4424 1590 4494 quidem
1627 4425 1790 4478 modo
1834 4424 1915 4478 fas
1957 4435 2058 4479 cst.
2092 4426 2224 4479 Male

2338 4428 2755 4500 κρηφαγοῦντας
2787 4429 2853 4498 ³⁸,
2889 4428 3003 4481 ἀλλ’
3029 4429 3352 4500 ἀκροδρύοις
3382 4434 3720 4502 χρωμένους.
3759 4455 3777 4487 ι
3803 4438 3903 4489 Καὶ

668 4521 814 4573 cnim
853 4534 1180 4588 quemquam
1217 4517 1442 4580 ailicias,
1476 4532 1544 4569 an
1580 4517 1656 4570 sis
1688 4517 1765 4569 illi
1803 4517 2059 4586 injurius,
2093 4518 2233 4572 nihil

670 4612 874 4667 differt.
910 4611 1076 4664 Recte
1110 4610 1265 4663 dicis.
1303 4608 1490 4676 Neque
1520 4608 1686 4677 igitur
1715 4608 1974 4678 injuriam
2001 4609 2230 4676 referre,

669 4715 846 4770 neque
877 4699 1080 4753 malum
1107 4698 1308 4752 inferre
1352 4697 1636 4750 hominum
1678 4701 1936 4767 cuiquam
1978 4700 2128 4765 licet,
2160 4717 2229 4756 ne

670 4791 892 4862 quidem
923 4790 966 4844 si
996 4790 1062 4843 ab
1104 4790 1183 4843 eis
1217 4788 1508 4858 quisquam
1536 4792 1687 4858 prior
1721 4791 1983 4859 patiatur.
2016 4811 2034 4843 ›
2082 4793 2234 4847 Hanc

669 4880 836 4950 igitur
889 4880 955 4934 de
993 4880 1204 4950 justitia
1253 4887 1308 4931 ct
1357 4879 1626 4948 injuslitia
1668 4878 1923 4932 Socrates
1978 4894 2042 4932 ac
2079 4881 2234 4935 Plato

669 4968 974 5022 doctrinam
1009 4967 1374 5030 tradiderunt,
1430 4965 1759 5019 laudabilem
1805 4967 1950 5019 illam
1981 4982 2232 5033 prorsus,

673 5057 979 5126 rationique
1009 5066 1456 5121 consentaneam,
1483 5065 1537 5109 et
1571 5057 1822 5110 humanm
1854 5066 2061 5112 natura:
2098 5071 2231 5112 con-

668 5155 972 5218 gruentem.
1013 5147 1271 5202 Moralem
1297 5147 1568 5216 siquidem
1603 5147 1945 5216 disciplinam
1976 5149 2236 5203 mortales

2336 4522 2460 4582 τούς
2488 4520 2816 4590 Βραχμᾶνας
2846 4519 3148 4590 ἱστοροῦσιν
3179 4514 3361 4591 ἐτερδι
3383 4524 3439 4575 ἐν
3489 4526 3608 4587 ταῖς
3642 4525 3798 4588 ὕλαις
3825 4526 3898 4579 δι-

2338 4612 2510 4679 άγειν,
2539 4609 2758 4677 φύλλοις
2791 4610 2852 4662 τὸ
2884 4609 3044 4680 σῶμα
3070 4611 3458 4674 καλύπτοντας.
3502 4615 3610 4666 Καὶ
3643 4615 3900 4685 Ἀνάχαρ-

2339 4720 2421 4755 σιν
2442 4703 2496 4755 δέ
2526 4701 2616 4754 τὸν
2646 4700 2858 4770 Σκύθην
2899 4701 3183 4770 φιλόσοφον
3221 4703 3552 4772 γεγενῆσθαί
3588 4724 3773 4775 φασιν.
3801 4709 3898 4762 Οὖ-

2335 4811 2442 4856 τως
2475 4793 2530 4844 δέ
2562 4793 2721 4846 αὐτὸν
2742 4795 2768 4845 6
2789 4793 2885 4860 τῆς
2919 4793 3236 4861 φιλοσοφίας
3269 4796 3650 4866 ἐπυρπόλησεν
3675 4800 3718 4831 ³⁸
3745 4799 3896 4870 ἔρως,

2333 4884 2405 4945 ὡς
2431 4885 2855 4952 ὀνομαστότατον
2880 4883 3133 4951 γενέσθαι
3161 4887 3250 4938 καὶ
3283 4889 3432 4956 παρά
3455 4890 3618 4941 πᾶσιν
3641 4891 3895 4959 ἀοίδιμον.

2335 4973 2408 5024 οὐ
2443 4972 2550 5041 γὰρ
2584 4972 2741 5040 μόνον
2772 4971 3096 5046 ὲγρηγορὼς⁴
3132 4974 3267 5044 πρὸς
3300 4975 3366 5026 τὰ
3395 4975 3495 5043 τῆς
3531 4977 3712 5047 ψυχῆς
3759 4982 3897 5047 ἠγω-

2337 5060 2509 5124 νίζετο
2550 5061 2716 5130 πάθη,
2751 5061 2885 5114 ἀλλὰ
2923 5063 3017 5115 καὶ
3055 5064 3328 5118 καθεύδων
3349 5066 3416 5118 τὰ
3451 5069 3548 5136 τῆς
3576 5069 3894 5138 ἐγκρατείας

2337 5151 2636 5220 παρεδήλου
2666 5156 2900 5222 σημεῖα·
2930 5154 3107 5207 εἰώθει
3127 5155 3234 5226 γὰρ
3260 5159 3324 5227 τῇ
3357 5157 3458 5227 μὲν
3486 5158 3613 5227 λαιᾷ
3643 5159 3710 5210 τὰ
3733 5159 3894 5211 αἰδοῖα

1972 5288 2202 5342 νΑιιιίΕ
2236 5290 2636 5345 LECTIONES.

739 5420 912 5499 "xiv
939 5437 1018 5474 τοι
1046 5421 1203 5499 αὐτά.
1239 5420 1552 5499 τεκτοιαῦτὶα
1583 5421 1646 5499 ρ,
1683 5423 1759 5499 τά⁸
1780 5422 1998 5499 τοιαῦτα
2023 5425 2084 5478 D.
2165 5429 2208 5499 ff
2244 5427 2450 5499 ὥσπερ.
2477 5427 2642 5499 ὼςλΟ.
2722 5430 2763 5459 ³ο
2798 5429 3126 5499 διελήλυθεν.
3153 5433 3518 5499 διεξελήλυθεν
3554 5435 3615 5488 D.

670 5479 1564 5569 Xent‘pltt-QV‘taL..§IQXEtp£;OUO}‘CL
1587 5479 1687 5569 VII),
1735 5492 2143 5569 Sraxuipfgogotv
2163 5479 2280 5559 Va;
2323 5479 2718 5569 διαχειρίζωσιν
2754 5479 2816 5562 1),
3111 5479 3425 5569 ἰέτῖτῖἐὲξιῖ

672 5559 830 5631 πάλιν
857 5559 919 5631 D.
992 5560 1074 5631 _”
1101 5560 1150 5610 τί
1381 5561 1501 5631 τῇδε
1599 5561 1659 5614 D.

671 5626 955 5680 ἀντιδικεῖν
980 5627 1040 5692 C,
1072 5638 1126 5682 et
1153 5629 1286 5682 sicD
1309 5626 1388 5698 pr.
1421 5626 1440 5631 ”
1466 5631 1507 5661 ³⁷
1535 5626 1839 5696 διάγνωσιν.
1873 5631 1920 5683 δι

672 5714 767 5757 τας
814 5697 874 5751 D.
979 5699 1021 5730 "
1052 5699 1443 5757 ἐπυρπόλησεν.
1487 5699 1778 5757 ἐξέκαυσεν
1810 5701 1872 5757 Ι).
1912 5720 1920 5753 ι

3723 5437 3764 5468 ³³
3789 5437 3894 5488 δια-

3519 5504 3564 5535 "
3612 5506 3786 5558 πάλιν.
3830 5500 3890 5558 αὖ

1775 5562 1816 5591 υ
1853 5564 1912 5613 οὐ
1927 5560 2061 5683 Fat]
2082 5564 2272 5634 δήπου.
2307 5567 2367 5617 οὐ
2401 5560 2572 5633 δῆπου
2593 5567 2656 5636 δὴ
2679 5568 2741 5621 D.
2803 5560 2864 5600 ὀυ
2890 5569 2940 5620 τί
2973 5570 3047 5623 δέ.
3080 5572 3157 5622 δεῖ
3191 5560 3326 5633 aé‘c,
3360 5573 3422 5626 ι).
3504 5574 3546 5605 ιι
3575 5574 3886 5628 ἁνταδικεῖν.

1776 5649 1839 5682 ιν.
1873 5631 1920 5683 δι
1963 5650 2136 5683 κοισιν
2161 5636 2376 5683 (γνωσιν
2409 5650 2569 5683 sunra
2599 5639 2798 5683 xanwl
2833 5638 2891 5683 Π,
2974 5641 3016 5672 ⁸⁸
3046 5642 3462 5683 γηηωαγηῦντηρ
3523 5642 3886 5683 νιιειιυῆανηῦν.

979 5636 1040 5730 3,
1072 5638 1126 5682 et
1153 5636 1286 5682 sic!)
1309 5646 1388 5698 pr.
1466 5636 1507 5661 ³⁷
1535 5636 1839 5696 διάγνωσιν.
1873 5636 2136 5712 διάκρισιν
2161 5636 2376 5703 (γνωσιν
2409 5650 2571 5703 supra
2599 5639 2798 5708 κρισιν)
2833 5638 2892 5692 D.
2974 5641 3016 5672 ⁸⁸
3046 5642 3484 5710 κρηςραγούντας.
3523 5642 3889 5714 κρειυφαγοῦνο

1052 5699 1443 5770 ἐπυρπόλησεν.
1487 5699 1778 5764 ἐξέκαυσεν
1810 5701 1872 5766 Ι),
1912 5718 2001 5771 qui
2051 5720 2174 5758 mox
2224 5707 2382 5775 μόνον
2426 5709 2549 5774 γάρ.
