4080 6370
206 462 345 529 H37

734 456 1174 523 GRECARUM
1210 454 1511 531 AFFECT.
1554 450 2121 515 CURATIO.--XII.
2164 456 2263 517 DE
2301 457 2636 519 VIRTUTE
2677 457 2966 519 ACTIVA.

3337 454 3476 524 1138

205 567 485 639 κατέχειν,
520 564 587 639 τῇ
633 565 781 638 δεξιᾷ
805 566 861 620 δὲ
883 564 953 622 τὰ
990 566 1144 637 χείλη
1186 561 1432 633 συνέχειν
1454 579 1468 593 ο
1500 560 1675 630 ταύτῃ
1710 575 1785 629 πη

1903 573 2084 616 >ηιηθε
2134 570 2332 617 natura
2372 564 2490 634 ipsa
2527 564 2838 634 perdocuit.
2876 564 3106 619 Creator
3131 560 3279 616 enim
3305 563 3474 630 Deus,

203 658 405 730 δηλῶν,
442 659 517 723 ὡς
547 658 728 728 πολλῷ
756 658 958 730 μείζων
985 657 1132 710 ἐστὶν
1159 657 1192 726 ή
1243 654 1453 723 ἀγωνίὰ
1480 652 1789 724 τῆςγλώτ-

203 768 330 822 της,
363 751 455 804 καὶ
496 748 741 820 μείζονος
777 747 1096 820 ἐπικουρίας
1132 749 1213 811 είς
1253 746 1556 816 ἀσφάλειαν
1596 745 1788 799 δεῖται.

207 842 324 895 Καὶ
355 840 603 911 Χείρωνα
632 840 687 893 δὲ
719 839 810 898 τὸν
855 839 1168 908 Κένταυρον
1201 836 1520 907 Ἕρμιππός
1563 852 1728 905 φησιν
1764 836 1793 887 6

207 932 475 1004 Βηρύτιος
501 931 848 1000 δικαιοσύνης
868 929 1122 998 γενέσθαι
1146 928 1484 992 διδάσκαλον,
1503 930 1596 981 καὶ
1613 929 1790 998 Ὄμη-

215 1038 314 1091 ρος
337 1023 393 1074 δὲ
421 1023 583 1076 αὑτὸν
610 1041 640 1073 .ι
681 1021 1022 1076 δικαιότατον
1053 1021 1164 1075 τῶν
1195 1019 1526 1093 Κενταύρων
1548 1040 1565 1073 ι
1601 1021 1791 1074 ἐκάλε-

209 1129 325 1164 σεν.
360 1113 431 1165 Οὐ
462 1112 640 1164 τοίνυν
670 1111 814 1181 μάλα
837 1113 1103 1182 προσήκει
1125 1108 1427 1181 θαυμάζειν
1448 1110 1572 1163 οὔτε
1608 1101 1790 1164 Ἡσίο-

204 1203 322 1267 δον,
347 1206 601 1273 τραχεῖαν
633 1203 862 1270 λέγοντα
884 1204 982 1274 τῆς
1011 1203 1214 1274 ἀρετῆς
1235 1202 1333 1274 τὴν
1353 1203 1470 1256 ὁδὸν
1495 1205 1589 1257 καὶ
1620 1221 1791 1274 προσ-

205 1292 344 1362 άντη
395 1293 487 1345 καὶ
518 1293 808 1365 δύσϐατον,
857 1292 980 1346 οὔτε
1035 1293 1336 1363 Σιμωνίδην
1408 1291 1793 1364 [Τὰνὰρετὰν

203 1383 469 1453 εἰρηκότα
489 1384 681 1437 ναίειν
703 1383 749 1415 δ’
784 1382 1106 1448 δυσϐάτοις
1140 1382 1240 1436 ἐπὶ
1265 1381 1555 1454 πέτραις]
1596 1384 1661 1436 'A
1684 1387 1792 1458 γὰρ

203 1472 274 1542 δὴ
306 1472 382 1543 τῷ
419 1465 652 1545 Χείρωνι
681 1474 774 1527 καὶ
803 1475 914 1536 τοῖς
966 1471 1358 1543 Ἰππημολγοίς
1403 1475 1791 1545 προσεμαρτύ-

205 1580 380 1634 ρησεν
403 1565 671 1635 Ὄμηρος,
700 1565 794 1620 καὶ
823 1566 964 1637 ἅπερ
1004 1565 1332 1636 Ἀνάχαρσις
1352 1567 1380 1617 6
1403 1565 1617 1631 Σκύθης
1647 1566 1793 1638 ἔργῳ

209 1654 471 1722 μετῆλθε,
512 1654 684 1708 ταῦτα
735 1655 883 1725 λόγῳ
933 1648 1249 1726 παρῄνεσαν
1303 1658 1352 1708 oi
1410 1657 1792 1727 ἐπαινούμενοι

207 1741 458 1812 ποιηταί.
502 1744 614 1796 Καὶ
668 1735 1012 1815 Ἀντισθένης
1049 1745 1106 1799 δὲ
1142 1748 1169 1798 6
1214 1746 1449 1807 Κυνικὸς
1494 1747 1793 1817 (Σωκρατι-

209 1831 310 1893 κὸς
331 1831 376 1862 ⁸³
409 1831 463 1884 δὲ
501 1834 594 1886 καὶ
623 1827 797 1903 οὗτος)
827 1834 920 1887 τοῦ
949 1835 1174 1906 ἥδεσθαι
1207 1836 1268 1888 τὸ
1298 1836 1579 1905 μαίνεσθαι
1613 1840 1794 1906 κρεῖτ-

205 1937 308 1975 τον
328 1923 546 2000 εἴρηκεν
574 1920 709 1977 εἶναι
730 1941 744 1955 ·
769 1924 850 1977 διὸ
879 1927 969 1978 καὶ
1005 1925 1241 1997 παρῄνει
1268 1926 1314 1956 δ’
1349 1930 1460 1988 τοῖς
1493 1929 1792 1997 γνωρίμοις
1825 1907 1868 1967 Β

213 2001 356 2082 μηδὲ
382 2012 641 2066 δάκτυλον
672 2015 908 2068 ὲκτεῖναί
935 2033 1063 2069 ποτε
1092 2017 1275 2070 εἵνεκα
1299 2016 1508 2087 ἡδονῆς.
1534 2018 1646 2087 Τῆς
1673 2019 1793 2070 τού-

211 2119 311 2155 του
333 2103 677 2170 διδασκαλίας
704 2107 972 2178 τετύχηκε
999 2109 1252 2180 Διογένης
1280 2112 1307 2161 6
1337 2111 1634 2172 Σινωπεὺς,
1652 2109 1792 2179 λόγῳ

215 2197 323 2264 μὲν
367 2197 459 2249 καὶ
503 2198 664 2262 αὐτὸς
699 2199 796 2270 τὴν
832 2202 1148 2268 φιλοσοφίαν
1188 2199 1459 2269 ζηλώσας,
1495 2199 1689 2270 ἡδονῆς
1737 2199 1794 2252 δὲ

212 2284 406 2349 δοῦλος
436 2288 747 2357 γενόμενος,
779 2291 870 2343 καὶ
908 2290 1142 2361 δημοσίᾳ
1167 2293 1286 2353 ταῖς
1328 2289 1570 2360 ἑταίραις
1603 2289 1796 2359 μιγνύ-

1893 668 2020 707 cum
2054 653 2339 709 hominem
2371 655 2687 722 formasset,
2715 667 2932 712 naturae
2965 655 3168 710 indidit
3202 655 3476 712 bonorum

1894 744 2278 815 malorumque
2303 747 2718 805 discretionem.
2756 749 2875 816 Quo
2905 753 3130 814 factum,
3158 755 3218 802 ut
3244 764 3356 803 non
3389 763 3480 803 so-

1894 837 2010 890 lum
2061 836 2344 905 Socrates,
2398 849 2455 894 et
2500 840 2692 905 Plato,
2743 846 2799 894 et
2842 838 3120 894 Aristides
3163 836 3477 909 Lysimachi

1893 927 2060 993 ﬁlius,
2109 938 2166 984 et
2205 931 2298 985 alii
2328 930 2556 1001 quidam
2577 934 2594 952 '
2615 930 2956 996 Graacorum,
2985 929 3312 1000 injustitiam
3340 930 3477 984 abo-

1895 1017 2087 1072 minati
2127 1019 2257 1084 sint,
2301 1020 2396 1075 sed
2435 1020 2800 1074 barbarorum
2813 1021 2980 1075 etiam
3001 1020 3248 1088 plurimi.
3273 1020 3478 1073 Auctor

1893 1110 2042 1165 enim
2063 1120 2148 1166 est
2177 1112 2232 1166 in
2269 1112 2480 1183 1025
2506 1113 2753 1168 historiis
2772 1115 2890 1169 suis
2910 1113 3248 1178 Hellanicus,
3266 1111 3478 1182 Hyper-

1895 1199 2115 1265 boreos,
2138 1200 2232 1270 qui
2260 1201 2406 1255 ultra
2428 1210 2644 1256 montes
2666 1201 2886 1271 Ripaeos
2908 1202 3180 1266 habitant,
3207 1201 3478 1271 justitiam

1894 1291 2099 1356 colere,
2151 1307 2255 1346 nec
2297 1291 2558 1346 carnibus
2601 1291 2772 1356 vesci,
2817 1291 2914 1346 sed
2964 1290 3214 1346 arboreis
3263 1297 3476 1344 tantum

1893 1380 2184 1436 fructibus.
2231 1381 2299 1436 Et
2329 1382 2702 1437 Brachmanas
2742 1381 2835 1436 alii
2869 1390 3098 1435 narrant
3121 1381 3178 1434 in
3207 1380 3360 1435 silvis
3385 1379 3480 1434 dc-

1895 1489 2042 1544 gere,
2069 1489 2273 1544 corpus
2295 1473 2588 1528 frondibus
2608 1474 2928 1528 vestientes.
2957 1471 3319 1528 Anacharsim
3342 1486 3481 1540 quo-

1895 1579 2003 1633 que
2023 1563 2278 1636 Scytham
2296 1564 2688 1634 philosophum
2713 1564 2869 1618 aiunt
2885 1562 3056 1617 fuisse
3081 1580 3093 1614 :
3121 1569 3272 1616 tanto
3295 1567 3478 1614 autem

1896 1657 2050 1710 ilium
2077 1656 2440 1726 philosophia:
2465 1671 2652 1712 amore
2683 1655 2966 1719 inarsisse,
3001 1660 3063 1708 ut
3087 1651 3481 1709 celeberrimus

1893 1749 2152 1814 evaserit,
2191 1757 2247 1803 et
2278 1749 2422 1818 apud
2455 1763 2647 1803 omnes
2680 1747 2931 1801 illustris.
2963 1745 3084 1799 Non
3110 1744 3290 1799 solum
3329 1741 3478 1797 enim

1895 1840 2162 1893 adversus
2197 1839 2364 1893 animi
2400 1839 2848 1909 perturbationes
2876 1834 3157 1907 vigilando
3178 1832 3477 1904 pugnabat,

1900 1944 2093 1983 verum
2129 1929 2296 1983 etiam
2338 1928 2624 1983 dormiens
2676 1926 3033 1982 continentia:
3075 1925 3229 1995 signa
3272 1922 3477 1977 dabat:

1901 2028 2264 2076 consueverat
2287 2020 2434 2074 enim
2465 2021 2689 2076 sinistra
2715 2019 2937 2089 quidem
2962 2017 3145 2072 virilia
3170 2015 3479 2078 continere,

1902 2109 2094 2163 dextra
2153 2124 2285 2163 vero
2335 2109 2490 2163 labra
2545 2110 2913 2178 comprimere
2966 2125 2979 2159 :
3032 2107 3111 2161 sic
3184 2103 3484 2160 ostendens

1903 2199 2128 2268 majoris
2163 2213 2285 2253 esse
2327 2198 2534 2268 negotii
2573 2199 2812 2267 linguam
2855 2212 3134 2262 coercere,
3175 2195 3483 2265 majorique

1900 2289 2104 2344 auxilio
2139 2304 2262 2344 esse
2291 2304 2451 2358 opus,
2479 2296 2539 2342 ut
2570 2289 2638 2342 ab
2655 2303 2724 2342 ea
2752 2288 2854 2342 tuti
2877 2303 2999 2342 esse
3027 2287 3322 2355 possimus.
3349 2283 3481 2338 Chi-

217 2392 406 2444 μενος,
444 2378 538 2429 καὶ
568 2379 828 2432 κάκιστον
857 2384 968 2444 τοῖς
997 2380 1291 2452 θεωμένοις
1338 2382 1661 2451 προσφέρων
1695 2400 1798 2433 πα-

221 2462 510 2532 ράδειγμα.
540 2467 675 2519 Φασὶ
719 2467 775 2520 δὲ
807 2469 968 2522 αὐτὸν
995 2509 1008 2533 ,
1043 2470 1404 2540 μεμψαμένου
1436 2471 1580 2534 τινὸς
1624 2473 1684 2523 τὸ
1717 2489 1790 2539 γι-

1900 2372 2095 2434 τοῖιεῑιι
2119 2394 2338 2448 quoque
2374 2378 2714 2433 Centaurum
2757 2378 3089 2445 Hermippus
3123 2373 3382 2445 Berytius
3409 2373 3486 2428 ait

1897 2470 2128 2542 justitiaa
2192 2470 2517 2540 magistrum
2601 2469 2827 2524 fuisse:
2877 2467 3143 2534 illumque
3211 2464 3484 2518 Homerus

215 2552 504 2622 γνὸμενον,
540 2558 633 2610 καὶ
657 2559 961 2629 εἰρηκότος,
1005 2579 1022 2612 ι
1061 2560 1126 2613 Τί
1177 2564 1368 2625 ποιεῖς,
1400 2555 1445 2613 ὧ
1468 2562 1745 2629 Διόγενες;
1774 2581 1792 2613 ι

1915 2581 1931 2614 ι
1958 2561 2361 2617 Centaurorum
2389 2559 2758 2631 justissimum
2791 2577 2808 2609 ι
2841 2557 3098 2627 appellat.
3137 2555 3292 2610 Haud
3318 2554 3487 2622 igitur

214 2644 391 2711 φριναι
425 2648 651 2712 ἐκεῖνον,
685 2651 749 2718 τῇ
786 2650 1007 2721 συνήθει
1034 2651 1275 2721 λοιδορίᾳ
1297 2653 1672 2723 χρησάμενονο
1698 2649 1798 2704 (Ὦ

1907 2651 2096 2707 mirari
2118 2652 2279 2707 valde
2311 2652 2591 2716 convenit,
2627 2651 2714 2705 vel
2749 2649 3072 2713 Hesiodum,
3107 2647 3201 2717 qui
3231 2660 3488 2716 asperam

215 2730 504 2800 κάθαρμα,
538 2737 585 2786 εξ
610 2737 920 2808 ἐπιτύχοιμι
952 2739 1020 2804 ⁸³,
1051 2739 1358 2808 ἄνθρωπον.
1407 2759 1423 2791 ι
1466 2740 1650 2804 Οὕτως
1678 2741 1799 2794 ἀνέ-

1904 2742 2128 2797 virtutis
2157 2742 2302 2796 viam
2331 2756 2454 2796 esse
2476 2741 2632 2806 dicit,
2675 2749 2732 2795 et
2764 2739 3015 2803 arduam,
3044 2745 3212 2807 atque
3240 2736 3488 2790 inacces-

213 2819 318 2887 δην
364 2821 641 2890 ὲλάγνευε.
695 2825 895 2879 Τούτου
945 2829 1170 2898 Κράτης
1217 2830 1245 2881 6
1288 2828 1521 2900 Θηϐαῖος
1563 2830 1651 2882 τὸν
1684 2830 1797 2899 βίον

1907 2850 2023 2890 sam
2055 2852 2068 2888 :
2097 2834 2180 2889 vel
2215 2833 2577 2897 Simonidem,
2616 2832 2710 2902 qui
2740 2831 3001 2902 (habitare
3030 2829 3280 2883 virtutem
3315 2826 3394 2880 ait
3432 2826 3490 2878 in

216 2912 496 2981 ἐζήλωσε,
548 2916 640 2968 καὶ
681 2919 903 2982 πολλαῖς
955 2920 1054 2989 μὲν
1102 2920 1402 2990 εὐφημίαις
1450 2921 1548 2992 τὴν
1598 2923 1797 2994 ἀρετὴν

1907 2927 2067 2998 petris
2110 2925 2261 2979 inviis
2297 2942 2357 2978 ac
2395 2921 2735 2994 difﬁcilibus.)
2775 2922 2907 2988 Quae
2938 2921 3087 2976 enim
3128 2919 3197 2973 de
3237 2915 3485 2973 Chirone

216 3003 598 3071 ἐστεφάνωσεν
619 3026 631 3038 θ
657 3010 823 3062 αὑτοῦ
848 3012 957 3080 γὰρ
975 3012 1038 3082 δὴ
1072 3013 1156 3064 ὅδε
1178 3015 1206 3065 6
1233 3012 1278 3044 “
1299 3013 1482 3083 λόγος·

1907 3016 2208 3079 Centauro,
2235 3014 2416 3082 deque
2435 3013 2816 3083 Hippomolgis
2834 3013 3106 3066 Homerus
3129 3016 3364 3064 testatus
3385 3015 3491 3071 est,

218 3108 455 3163 quaeque
521 3098 858 3155 Anacharsis
896 3101 1097 3172 Scytha
1142 3104 1319 3173 reipsa
1357 3105 1633 3172 praestitit,
1673 3107 1741 3161 ad
1803 3123 1868 3162 ea
1907 3107 2024 3162 suis
2077 3106 2419 3161 carminibus
2469 3104 2677 3159 hortati
2719 3111 2847 3158 sunt
2896 3100 3246 3157 celeberrimi
3289 3107 3486 3169 poetae.

218 3186 579 3243 Antisthenes
616 3206 748 3246 vero
815 3191 1053 3264 Cynicus
1118 3194 1309 3264 (Clem.
1351 3196 1509 3251 Alex.
1557 3196 1754 3250 Slrom.
1797 3214 1856 3263 ιι,
1900 3215 1955 3268 p.
1994 3197 2142 3267 492),
2186 3197 2279 3266 qui
2317 3204 2373 3250 et
2402 3195 2720 3250 Socraticus
2766 3193 2907 3257 fuit,
2935 3201 3198 3262 praestare
3238 3188 3375 3244 dixit
3411 3188 3494 3241 in-

221 3280 430 3342 sanire,
465 3295 627 3349 quam
654 3281 940 3336 oblectari.
977 3284 1189 3339 Idcirco
1214 3295 1270 3340 et
1303 3285 1515 3340 amicos
1566 3286 1917 3350 hortabatur,
1948 3294 2009 3340 ut
2068 3300 2136 3339 ne
2203 3285 2438 3354 digitum
2475 3283 2699 3352 quidem
2739 3283 3040 3352 voluptatis
3076 3295 3243 3335 causa
3300 3286 3494 3334 exten~

221 3368 441 3423 derent.
504 3372 672 3441 Hujus
737 3372 993 3427 doctrina
1064 3375 1311 3431 imbutus
1365 3377 1466 3430 fuit
1529 3377 1799 3446 Diogenes
1841 3375 2186 3445 Sinopensis,
2227 3374 2440 3444 1026
2479 3373 2574 3441 qui
2614 3372 2786 3426 verbo
2849 3371 3072 3440 quidem
3140 3378 3196 3424 et
3230 3369 3346 3438 ipse
3375 3366 3499 3436 phi-

222 3462 534 3530 losophiam
570 3473 653 3517 est
711 3474 1094 3531 consectatus,
1141 3467 1236 3521 sed
1278 3483 1471 3522 servus
1513 3467 1692 3522 factus
1736 3468 2055 3535 voluptatis,
2085 3465 2306 3534 publice
2364 3479 2488 3517 cum
2551 3461 2943 3517 meretricibus
3009 3458 3495 3530 congrediebatur,

223 3559 639 3629 pessimumque
685 3562 995 3631 exemplum
1050 3565 1458 3632 spectatoribus
1498 3565 1802 3634 prtebebat.
1843 3564 2015 3618 Aiunt
2058 3569 2242 3616 autem
2282 3560 2458 3624 illum,
2507 3573 2634 3612 cum
2700 3558 2818 3628 ejus
2865 3556 3067 3611 factum
3141 3554 3364 3624 quidam
3412 3569 3498 3608 re.

222 3651 578 3722 prehendens
624 3654 835 3710 diceret
865 3674 877 3708 :
922 3677 939 3707 ι
973 3655 1113 3722 Quid
1180 3657 1316 3714 facis
1339 3700 1352 3723 ,
1425 3676 1458 3713 o
1500 3660 1812 3730 Diogenes?
1847 3678 1867 3710 ι
1912 3656 2264 3727 respondisse
2286 3671 2412 3710 cum
2433 3653 2595 3708 solita
2619 3652 2991 3708 contumelia:
3031 3669 3047 3702 ι
3077 3649 3121 3705 Ο
3148 3649 3356 3706 scelus!
3382 3647 3494 3703 Ho-

223 3743 456 3805 minem,
502 3745 547 3798 si
575 3760 820 3812 possum.
870 3764 888 3798 ι
934 3747 1086 3803 Adeo
1124 3749 1473 3818 impudenter
1510 3752 1802 3805 libidinem
1843 3748 2156 3805 exercebat.
2201 3746 2378 3816 Hujus
2412 3745 2580 3799 vitam
2619 3743 2866 3798 imitatus
2928 3741 3118 3798 Crates
3177 3739 3495 3806 Thebanus,

224 3832 418 3887 multis
451 3834 614 3888 etiam
659 3835 919 3892 laudibus
952 3839 1214 3893 virtutem
1281 3840 1514 3894 ornavit.
1552 3840 1839 3910 Siquidem
1879 3839 1999 3908 ejus
2056 3844 2140 3890 est
2171 3835 2288 3889 haec
2313 3835 2588 3890 sententia
2619 3851 2632 3886 :

237 3950 462 4023 Ἦδονῇ
493 3952 935 4020 ἀνδραποδώδει
962 3954 1292 4008 ἀδούλωτοι
1322 3957 1420 4008 καὶ
1438 3955 1733 4023 ᾶκαμπτοι

1912 3953 1958 4007 Α
1989 3949 2164 4006 servili
2190 3950 2475 4020 voluptatis
2503 3949 2724 4020 imperio
2758 3948 2906 4002 liberi
2928 3956 2976 4001 et
3005 3949 3208 4018 inﬂexi,

239 4021 559 4073 Ἀθάνατον
573 4023 901 4085 ,βασιλείαν
924 4024 1274 4092 ἐλευθερίαν
1295 4025 1341 4078 τ’
1365 4021 1698 4094 ἀγαπῶσιν.

1913 4019 2224 4077 Immort’ale
2256 4017 2476 4089 regnum
2509 4017 2904 4089 libertatemque
2933 4017 3138 4074 amant.

227 4125 401 4192 Οὗτος
436 4134 616 4187 εἰώθει
640 4135 840 4202 λέγειν,
886 4136 985 4204 τῆς
1036 4137 1115 4198 εἰς
1163 4136 1232 4188 τὰ
1294 4137 1586 4206 ἀφροδίσια
1631 4138 1801 4208 ὁρμῆς

1913 4133 2015 4188 Hic
2052 4133 2236 4187 dicere
2255 4131 2467 4187 solebat
2488 4131 2712 4185 venerei
2734 4131 3016 4200 appetitus
3040 4131 3349 4185 remedium
3373 4147 3500 4187 esse

229 4224 389 4298 [i731
430 4226 762 4294 κατάπαυμα
808 4226 855 4259 ⁸⁵
881 4227 1042 4297 λιμὸν
1068 4225 1210 4281 εἶναι
1232 4244 1246 4259 ο
1279 4229 1328 4280 εί
1365 4229 1428 4298 δὴ
1461 4228 1554 4298 μὴ,
1591 4228 1804 4299 βρόχον.

1913 4224 2134 4288 famem,
2153 4223 2238 4278 sin
2262 4223 2465 4287 minus,
2488 4223 2767 4291 laqueum.
2782 4221 3075 4289 Caeterum,
3094 4221 3141 4276 is
3161 4221 3390 4276 libidine
3415 4222 3500 4276 in-

242 4314 407 4366 Ἀλλὰ
464 4314 560 4367 τοῦ
608 4316 813 4380 πάθους
866 4319 1288 4383 ἐπαναστάντος,
1328 4321 1653 4392 Ἱππαρχίαν
1709 4322 1801 4392 τὴν

1916 4324 2197 4388 surgente,
2214 4315 2604 4386 Hipparchiam
2629 4314 3012 4369 Maronitidem
3035 4314 3316 4384 propalam
3341 4313 3498 4366 duxit

230 4405 578 4472 Μαρωνεῖτιν
616 4404 662 4438 ⁸⁵
706 4407 940 4477 δημοσίᾳ
968 4409 1163 4478 ἔγημε,
1199 4411 1293 4463 καὶ
1315 4412 1383 4462 τὰ
1417 4413 1722 4482 κυνογὰμια
1753 4413 1801 4466 ἐν

1918 4422 2164 4472 uxorem,
2213 4414 2270 4461 et
2314 4405 2534 4475 cynicas
2561 4406 2783 4475 nuptias
2817 4405 2873 4458 in
2914 4406 3068 4459 varia
3104 4404 3323 4474 porticu
3355 4404 3500 4458 cele-

231 4497 300 4563 τῇ
356 4496 580 4566 Ποικίλη
636 4496 900 4563 ἐτέλεσεν,
959 4500 1236 4570 ἐρρῶσθαι
1289 4501 1460 4554 πολλά
1496 4502 1710 4572 φράσας
1743 4506 1808 4573 τῇ

234 4585 514 4656 ὑψηγορίᾳ
556 4586 662 4639 τῶν
713 4584 906 4655 λόγων.
941 4591 1050 4643 Καὶ
1098 4591 1452 4662 Ἀρίστιππος
1480 4593 1533 4645 δὲ
1563 4595 1590 4646 6
1627 4596 1814 4665 Κυρη-

231 4674 445 4737 ναῖκὸς,
489 4676 876 4744 ὀνειδιζόμενος
918 4679 998 4731 ὅτι
1039 4680 1103 4750 δὴ
1141 4680 1187 4712 ⁸⁷
1221 4680 1372 4749 θαμὰ
1408 4681 1714 4750 ξυνεγίνετο
1744 4686 1810 4754 τῇ

236 4765 432 4835 ἑταίρᾳ
489 4769 554 4835 τῇ
615 4767 912 4836 Κορινθίᾳ,
965 4787 982 4820 ι
1022 4770 1192 4838 Ἔχω,
1244 4770 1418 4838 ἔλεγε,
1467 4771 1662 4834 Λαΐδα,
1720 4772 1815 4826 καὶ

235 4857 341 4910 οὐκ
393 4856 585 4924 ἔχομαι
648 4857 738 4909 ὑπ’
779 4858 969 4928 αὐτῆς.
1011 4878 1030 4910 ι
1064 4861 1175 4914 Καὶ
1207 4862 1254 4921 οἱ
1298 4863 1728 4932 Περιπατητικοὶ
1759 4863 1816 4916 δὲ

236 4946 385 5018 λόγῳ
419 4947 516 5017 μὲν
549 4947 828 5018 εὐφήμουν
876 4949 972 5020 τὴν
1012 4950 1231 5024 ἀρετὴν,
1267 4952 1544 5006 ὲκύδαινον
1577 4954 1633 5005 δὲ
1671 4953 1818 5024 ἔργῳ

237 5037 342 5106 τὴν
373 5037 565 5107 ἡδονήν
589 5055 602 5068 ·
647 5039 739 5091 καὶ
785 5039 957 5093 ταῦτα
1008 5039 1188 5093 αὐτῶν
1236 5042 1336 5095 οὐκ
1385 5041 1534 5095 ἄλλοι
1583 5060 1821 5113 κατηγο-

244 5120 451 5192 ροῦσιν,
497 5123 611 5176 ἀλλ’
657 5124 810 5178 αὐτοὶ
853 5126 982 5196 περὶ
1018 5126 1112 5179 τοῦ
1153 5126 1301 5196 σφῶν
1335 5129 1657 5185 διδασκάλου
1688 5131 1818 5200 ξυγ-

237 5211 568 5280 γράφουσιν.
616 5210 969 5284 Ἀριστοκλῆς
1000 5208 1109 5286 γάρ
1158 5232 1264 5269 που
1302 5218 1330 5270 6
1377 5219 1818 5290 Περιπατητικὸς

1917 4497 2119 4562 bravit,
2145 4496 2450 4567 magnificis
2485 4497 2595 4551 illis
2626 4496 2742 4550 suis
2765 4496 2928 4550 dictis
2964 4495 3281 4550 valedicens
3304 4494 3497 4553 (Clem.

1918 4589 2072 4644 Alex.
2093 4588 2289 4642 Strom.
2311 4605 2384 4653 tv,
2403 4605 2458 4658 p.
2479 4587 2625 4659 619).
2653 4587 2967 4657 Aristippus
2984 4602 3117 4641 vero
3139 4584 3475 4656 Cyrenaicus

1918 4696 2046 4736 eum
2089 4681 2140 4735 ei
2177 4681 2384 4749 probro
2422 4680 2667 4745 daretur,
2709 4678 2858 4749 quod
2890 4679 3124 4733 amicam
3153 4676 3497 4733 Corinthium

1918 4771 2182 4841 frequens
2205 4771 2384 4825 adiret
2419 4788 2433 4824 :
2471 4789 2489 4822 ι
2522 4770 2730 4836 Habeo,
2754 4770 2952 4840 inquit,
2979 4769 3227 4833 Laidem,
3255 4781 3343 4821 me
3367 4778 3502 4820 vero

1919 4863 2048 4918 Lais
2076 4879 2189 4917 non
2218 4863 2385 4917 habet
2413 4862 2604 4935 (Clem.
2638 4862 2793 4916 Alex.
2821 4878 2876 4932 p.
2899 4859 3045 4930 490).
3088 4878 3105 4910 ι
3149 4858 3290 4924 Quin
3315 4856 3502 4931 etipsi

1921 4955 2301 5025 Peripatetici,
2332 4955 2522 5009 verbis
2543 4954 2766 5024 quidem
2795 4953 3058 5008 virtutem
3091 4950 3410 5011 laudabant,
3440 4962 3500 5000 re

1922 5053 2107 5101 autem
2142 5045 2260 5115 ipsa
2290 5045 2562 5115 voluptati
2607 5044 2905 5099 studebant
2940 5061 2952 5097 :
2983 5057 3162 5111 neque
3198 5041 3302 5093 hac
3343 5039 3398 5091 in
3443 5051 3503 5090 re

1924 5134 1994 5190 ab
2025 5133 2149 5189 aliis
2180 5141 2531 5198 accusantur,
2560 5133 2657 5188 sed
2682 5133 2904 5203 ipsimet
2929 5131 2997 5186 de
3038 5138 3377 5201 prmceptore
3400 5140 3503 5181 suo

1925 5225 2194 5280 scribunt.
2238 5224 2537 5282 Aristocles
2591 5225 2740 5280 enim
2790 5223 3191 5293 Peripateticus
3226 5221 3504 5290 Lyconem

236 5299 476 5354 Λύκωνα
507 5301 612 5373 ἔφη
661 5304 754 5357 τὸν
799 5305 1169 5376 Πυθαγόρειον
1216 5308 1344 5378 περὶ
1414 5309 1801 5380 Ἀριστοτέλους

1925 5317 2329 5389 Pythagoreum
2350 5317 2418 5371 de
2441 5317 2735 5371 Aristotele
2763 5315 2955 5370 testari
2979 5315 3058 5368 ait
3091 5311 3314 5384 (Euseb.
3339 5309 3403 5362 P.
3431 5307 3500 5362 E.

241 5389 433 5458 φάναι,
463 5393 546 5445 ὅτι
569 5395 626 5446 ὲν
653 5393 815 5466 ἐλαίῳ
846 5395 1033 5467 θερμῷ
1063 5396 1351 5468 λουόμενος
1382 5399 1559 5465 τοῦτο,
1592 5400 1801 5473 ὕστεροι

1925 5423 1982 5480 p.
2005 5409 2154 5478 792),
2183 5422 2396 5462 morem
2433 5407 2512 5462 illi
2553 5407 2743 5472 fuisse,
2768 5414 2830 5461 ut
2857 5407 3041 5461 oleum
3066 5402 3354 5464 venderet,
3381 5414 3500 5470 quo

1465 5551 1704 5608 VARUS
1739 5553 2147 5616 LECTIONES.

238 5686 305 5795 ιζ
319 5685 506 5740 ναίειν.
541 5685 715 5740 ναίειν
735 5686 804 5771 κδὲ
828 5687 896 5741 D.
967 5686 1009 5718 ⁶¹
1045 5688 1414 5760 Σωκρατικός.
1449 5691 1746 5762 Σωκράτης
1781 5692 1846 5748 D.
1920 5694 1966 5726 δ’
1994 5699 2248 5770 παρῄνει.
2286 5696 2542 5768 παραίνει
2571 5695 2636 5750 1).
2746 5693 2794 5726 ⁸³
2820 5687 3374 5793 ὲπιτύηοιμι-η-βίον.
3409 5684 3498 5737 ktl

241 5775 283 5795 η.
335 5759 484 5795 natm.
513 5756 559 5795 n
656 5755 704 5787 ιι
732 5757 813 5795 ηδε
840 5759 867 5795 Α
917 5757 947 5795 Α
977 5772 1066 5795 nm
1118 5757 1162 5795 n
1258 5757 1306 5792 tu
1340 5762 1676 5795 vm~.{...-....-
1735 5763 2105 5795 ..θνηταὶ-,η-
2141 5768 2228 5795 ι-..
2258 5782 2419 5795 -..λ-η
2444 5767 2548 5795 δ..-
2574 5763 2800 5795 ειη-ςηιηι
2839 5763 2882 5795 n
3026 5763 3046 5795 ι
3076 5758 3498 5795 nummariu—

241 5756 305 5809 τὸ
335 5759 484 5838 ναῖρν
512 5756 578 5812 D.
598 5755 704 5838 __“
732 5757 827 5838 ὅδε-
840 5759 888 5811 6.
917 5757 947 5810 6
977 5772 1088 5812 om.
1118 5755 1212 5838 D._
1258 5757 1306 5792 "
1340 5755 1713 5838 κατάπαυμαξ
1735 5755 2229 5838 κοιτάπλασμαὙαυ
2258 5755 2422 5838 θηρὶ-ο
2444 5767 2548 5820 λασ
2574 5763 2800 5835 scripto)
2838 5763 2900 5817 D.
2984 5755 3046 5795 ’⁸⁸
3073 5755 3502 5827 tramam—

243 5827 574 5899 κυνογάμια.
598 5827 909 5898 Μαρωνϊτιν
928 5828 1324 5898 -κοινογάμια
1355 5829 1418 5885 D.
1489 5831 1536 5863 ⁸⁷
1566 5827 1629 5901 δὴ
1652 5847 1761 5887 om.
1788 5833 1849 5889 D.
