4078 6320
626 302 762 374 1143

1608 305 2094 369 THEODORETI
2133 304 2475 373 EPISCOPI
2509 308 2875 373 CYRENSIS

3742 302 3892 369 ll“

619 430 766 472 rare.
810 414 1092 471 Decimum
1132 430 1265 471 vero
1303 430 1365 471 ac
1415 416 1710 486 septimum
1756 418 1942 489 agenti
1984 430 2188 472 annum

2305 413 2434 472 ιίναι
2473 419 2794 489 παρέλιπον.
2842 417 2935 483 Ἐξ
2960 409 3044 475 ,ὧν
3084 412 3523 486 καταμανθάνειν
3552 411 3764 480 ἔξεστιν
3814 413 3885 475 ’³.

623 508 923 565 accessisse
959 506 1287 562 Archelaum
1328 509 1662 579 Anaxagorae
1707 509 2062 579 discipulum,
2096 506 2192 577 qui

621 612 683 655 se
728 598 937 654 diceret
974 612 1160 653 amore
1194 606 1315 669 ejus
1352 608 1667 668 correptum
1698 598 2016 656 :Socratem
2060 613 2192 653 vero

630 688 835 759 103],
876 689 1139 743 amatoris
1172 703 1462 743 occursum
1509 704 1572 744 ac
1610 688 2042 744 familiaritatem
2085 689 2191 742 mi-

624 780 775 833 nime
797 787 1133 844 aversatum,
1152 780 1355 834 multos
1377 779 1452 834 illi
1476 795 1651 836 annos
1665 780 1993 845 convixisse,
2017 795 2193 849 eoque

630 878 787 940 pacto
802 868 872 922 ab
884 868 1154 928 Archelao
1166 867 1233 925 ad
1251 870 1655 941 philosophiam
1675 871 1989 926 traductum
2014 886 2147 926 esse.
2170 890 2187 922 ι

633 960 832 1015 Deinde
862 968 984 1029 post
1018 976 1193 1031 pauca
1220 980 1233 1015 :
1270 981 1289 1013 ι
1326 962 1476 1019 inter
1504 971 1702 1019 caetera
1734 972 1917 1018 autem
1940 1005 1954 1029 ,
1995 964 2197 1034 quibus

628 1050 883 1106 Socrates
911 1052 1291 1117 accusabatur,
1320 1053 1435 1109 haec
1457 1062 1639 1118 erant,
1666 1054 1817 1125 quod
1858 1054 1914 1107 in
1949 1054 2196 1109 conferta

626 1142 815 1212 populi
868 1142 1029 1197 turba
1074 1142 1505 1209 conﬂictaretur,
1555 1144 1814 1215 quodque
1854 1144 1924 1200 ad
1978 1159 2198 1199 mensas

626 1234 883 1305 ipsosque
904 1234 1137 1290 Hermas
1161 1235 1217 1290 in
1240 1236 1417 1291 triviis
1440 1236 1855 1292 dissertationes
1876 1250 2198 1306 moramque

628 1322 995 1392 protraheret.
1029 1344 1049 1377 ι
1078 1326 1098 1346 ⁶
1124 1326 1248 1381 Haec
1277 1327 1345 1381 de
1372 1326 1599 1383 Socrate
1626 1327 1963 1399 Porphyrius
1987 1333 2195 1391 narrat,

625 1418 680 1466 et
713 1412 817 1466 alia
844 1414 1117 1483 quaedam,
1146 1429 1267 1484 quae
1296 1414 1477 1469 sciens
1516 1416 1816 1487 volensque
1850 1418 2194 1489 praatermisi.

626 1503 707 1557 Ex
748 1504 815 1565 iis
858 1514 1041 1559 autem
1080 1522 1203 1575 quae.
1244 1506 1388 1572 dixi,
1429 1508 1787 1581 intelligitur,
1844 1510 1969 1567 illos
2012 1512 2199 1567 verbis

624 1595 847 1666 quidem
874 1596 1128 1652 laudasse
1156 1598 1439 1662 virtutem,
1468 1616 1527 1654 re
1569 1611 1754 1655 autem
1795 1601 1911 1672 ipsa
1948 1601 2201 1673 volupta-

625 1694 735 1740 tem
762 1693 1001 1741 sectatos
1024 1702 1167 1752 esse,
1192 1688 1668 1760 cupiditatumque
1698 1691 2021 1747 servitutem
2053 1692 2200 1747 ultro

624 1790 937 1847 perpessos.
977 1777 1115 1833 Nam
1153 1778 1223 1845 si,
1250 1788 1312 1833 ut
1346 1779 1686 1852 Porphyrius
1714 1782 1811 1847 ait,
1840 1782 1897 1837 in
1928 1783 2199 1839 Venerem

625 1866 955 1938 propensius
976 1860 1280 1933 ferebatur,
1311 1886 1491 1940 neque
1518 1872 1750 1926 duarum
1776 1873 1941 1927 simul
1967 1888 2199 1927 uxorum

626 1957 993 2013 contubernio
1020 1960 1345 2020 satiabatur.
1375 1961 1471 2015 sed
1509 1961 1748 2030 publicis
1781 1963 1949 2018 etiam
1977 1964 2201 2019 feminis

628 2045 981 2117 impudenter
1008 2048 1290 2113 utebatur,
1319 2050 1709 2121 nudorumque
1741 2053 1797 2107 in
1828 2046 2083 2123 palaestra
2108 2055 2200 2124 ju-

625 2150 825 2191 venum
847 2149 1096 2209 aspectu,
1122 2140 1349 2196 Platone
1368 2150 1532 2207 teste,
1562 2142 1941 2199 delectabatur
1966 2162 1979 2197 :
2006 2145 2052 2199 si
2074 2160 2201 2215 pro-

624 2226 751 2281 nior
804 2239 925 2284 erat
976 2230 1045 2283 ad
1103 2230 1465 2295 iracundiam,
1510 2240 1567 2286 et
1624 2233 2005 2304 insurgentem
2064 2236 2201 2290 iram

626 2320 991 2391 comprimere
1027 2322 1115 2376 vix
1147 2329 1383 2392 poterat,
1425 2323 1471 2377 si
1505 2323 1713 2379 dicacis
1745 2335 1867 2381 erat
1905 2327 2106 2397 lingua:
2140 2342 2204 2382 ac

626 2409 877 2475 infrenis,
914 2410 1190 2481 quodnam
1216 2412 1262 2467 is
1290 2413 1510 2467 tandem
1529 2414 2085 2487 pbi1050phiaegenus
2108 2432 2204 2471 ex-

626 2503 834 2560 coluit?
854 2502 1012 2570 Quod
1036 2520 1169 2560 vero
1192 2505 1479 2561 Platonem
1516 2522 1739 2577 quoque
1772 2519 2037 2565 accusent
2060 2510 2203 2565 anti—

625 2610 864 2665 quorum
887 2596 1162 2661 nonnulli,
1190 2604 1250 2651 ut
1284 2597 1377 2666 qui
1404 2598 1577 2652 multa
1609 2598 1807 2655 fecerit
1828 2614 1951 2669 qua:
1980 2599 2202 2671 indigna

626 2686 738 2741 sint
768 2685 1147 2756 philosophia,
1183 2687 1611 2757 Xenophontem
1645 2689 1834 2744 audite
1865 2691 1922 2743 in
1958 2690 2205 2759 Epistola

624 2773 693 2829 ad
710 2772 1029 2857 ﬁscbinem
1049 2774 1129 2829 sic
1150 2775 1465 2845 loquentem
1485 2776 1711 2847 (Euseb.
1736 2777 1799 2832 P.
1815 2778 1883 2833 Ε.
1909 2794 1964 2849 p.
1981 2779 2085 2833 745
2104 2778 2163 2848 D)
2191 2795 2203 2831 :

633 2883 651 2916 ι
683 2863 973 2935 Ᾱὲεγριιιιη
1003 2866 1158 2919 enim
1191 2866 1537 2932 adamarunt,
1576 2867 1787 2938 1032
1814 2878 2209 2923 monstrosam-

623 2972 733 3027 que
770 2956 1091 3027 Pythagorae
1135 2957 1566 3027 philosophiam.
1612 2958 1860 3024 Quorum
1904 2960 2203 3025 luxuriam,

2294 510 2369 573 ὡς
2402 511 2579 579 λόγοις
2608 512 2842 583 ἐπῄνουν
2867 511 3065 563 ἐκείνοι
3087 510 3187 581 τὴν
3214 508 3438 579 ἀρετὴν,
3478 506 3797 576 ἠσπάζοντο

2294 601 2395 675 τὴν
2449 604 2662 676 ἡδονὴν,
2691 581 2789 658 καὶ
2816 605 2930 667 τοῖς
2952 603 3148 657 πάθεσι
3174 600 3450 655 δουλεύειν
3473 598 3785 669 ἠνείχοντο.
3819 581 3884 649 εἰ

2296 695 2405 766 γὰρ
2433 694 2497 766 δὴ
2521 695 2659 751 κατά
2686 696 2773 748 τὸν
2809 694 3117 767 Πορφύριον
3168 694 3263 747 καὶ
3300 693 3430 763 περὶ
3485 690 3555 744 τά
3588 689 3885 761 ἀφροδίσια

2296 787 2611 858 ὁρμητικῶς
2671 782 2805 856 εἶχε,
2861 786 2956 839 καὶ
2999 783 3094 837 δύο
3150 782 3367 851 γυναιξὶ
3401 782 3546 836 κατά
3590 780 3794 835 ταυτὸν
3842 778 3887 811 ’⁸

2299 878 2502 949 ὁμιλῶν
2551 878 2651 931 οὐκ
2695 876 2967 947 ὲλάμσανε
3013 874 3196 947 κόρον,
3227 875 3363 928 ἀλλά
3386 875 3483 929 καὶ
3515 876 3636 934 ταῖς
3675 870 3887 932 κοιναῖς

2298 969 2491 1039 ἀνέδην
2515 967 2733 1038 εχρῆτο,
2755 968 2848 1021 καὶ
2873 967 2983 1020 τῶν
3010 968 3067 1020 ὲν
3095 968 3214 1039 ταῖς
3246 964 3610 1035 παλαίστραις
3649 976 3888 1031 γυμνου-

2302 1060 2479 1131 μένων
2504 1059 2639 1114 νέων
2655 1098 2670 1123 ,
2704 1058 2843 1111 κατά
2868 1057 2957 1110 τὸν
2985 1056 3267 1120 Πλάτωνα,
3303 1054 3400 1126 τὴν
3423 1054 3554 1106 θέαν
3580 1051 3885 1121 ἠσπάζετο,

2298 1151 2394 1205 καὶ
2432 1150 2763 1220 δυσόργητος
2789 1149 2834 1179 ⁷⁷
2870 1144 2958 1219 ἦν,
3003 1150 3095 1202 καὶ
3148 1148 3305 1217 μόγις
3351 1146 3584 1216 ᾅττοντα
3629 1142 3888 1212 κατέχειν

2298 1239 2530 1310 ἠδύνατο
2570 1238 2661 1292 τὸν
2695 1239 2888 1309 θυμὸν,
2924 1240 3017 1292 καὶ
3049 1239 3286 1307 λοίδορον
3330 1233 3443 1307 εἶχε
3490 1236 3592 1305 τὴν
3636 1235 3888 1303 γλῶτταν

2300 1332 2397 1384 καὶ
2435 1329 2788 1398 ἀχαλίνωτον,
2828 1333 2978 1383 ποῖον
3008 1332 3113 1399 ἀρα
3141 1324 3278 1391 εἶδος
3311 1314 3633 1396 φιλοσοφίας
3661 1325 3886 1397 perﬂet;

2304 1422 2425 1475 Ὅτι
2454 1420 2508 1474 δὲ
2545 1421 2639 1473 καὶ
2675 1420 2719 1451 ⁷⁸
2751 1420 3033 1482 Πλάτωνος
3078 1417 3444 1489 κατηγοροῦσι
3485 1416 3598 1469 τῶν
3637 1414 3890 1469 παλαιῶν

2300 1529 2463 1575 τινες,
2499 1511 2574 1573 ὡς
2622 1510 2795 1563 πολλὰ
2858 1509 3221 1579 πεποιηκότος
3285 1508 3607 1577 φιλοσοφίας
3668 1506 3888 1571 ἀνάξια,

2300 1603 2567 1657 ἀκούσατε
2596 1601 2938 1669 Ξενοφῶντος
2967 1601 3214 1669 λέγοντος
3243 1602 3301 1653 ἐν
3322 1603 3386 1670 τῇ
3435 1600 3575 1669 πρὸς
3625 1599 3889 1667 Δίσχίνην

2303 1695 2559 1765 ἐπιστολῇ
2582 1710 2593 1722 ’
2639 1714 2655 1744 ι
2688 1692 2967 1761 Δίγύπτου
2999 1692 3109 1763 γὰρ
3161 1690 3481 1760 ἠράσθησαν
3512 1690 3611 1743 καὶ
3641 1692 3748 1759 τῆς
3778 1690 3888 1741 Πυ-

2303 1784 2536 1853 θαγόρου
2554 1781 2892 1853 τερατώδους
2936 1781 3148 1848 σοφίας.
3182 1775 3284 1833 Ὧν
3310 1779 3371 1831 τὸ
3401 1778 3658 1849 περιττὸν
3688 1780 3790 1831 καὶ
3819 1780 3890 1847 μὴ

2306 1876 2532 1947 μόνιμον
2580 1874 2675 1927 ἐπὶ
2712 1873 2991 1945 Σωκράτει
3019 1872 3302 1943 διήλεγχεν
3329 1871 3371 1903 ⁷⁸
3403 1872 3542 1941 ερως
3572 1869 3893 1942 τυραννὼ

2302 1969 2396 2020 καὶ
2415 1966 2535 2020 ἀντῖ⁵
2560 1964 2772 2032 διαίτης
2794 1963 2946 2033 λιτῆς
2967 1962 3280 2025 Σικελιῶτις
3307 1961 3543 2031 γαστρὸς
3564 1961 3821 2031 ἀμέτρου
3846 1960 3892 1992 ⁸⁸

2301 2056 2570 2128 τράπεζα.
2605 2075 2623 2108 ι
2664 2055 2967 2109 Αἰνίττεται
3015 2054 3072 2106 δὲ
3099 2054 3186 2107 διά
3226 2052 3432 2106 τούτων
3461 2052 3559 2123 τὴν
3596 2052 3742 2122 μετά
3775 2055 3891 2105 Διο-

2302 2150 2489 2202 νυσίου
2519 2146 2613 2201 τοῦ
2649 2147 2913 2219 τυράννου
2945 2149 3003 2201 ὲν
3034 2144 3254 2216 Σικελίᾳ
3290 2144 3598 2215 διατριϐήν.
3643 2143 3763 2205 Τὰς
3787 2142 3894 2211 γὰρ

2316 2239 2545 2310 Ἀθήνας
2576 2236 2892 2292 καταλιπὼν
2923 2238 3114 2307 ἐκείνῳ
3137 2236 3319 2305 ξυνῆν,
3351 2234 3733 2304 Συρακουσίας
3756 2234 3891 2287 ἀπο-

2303 2330 2485 2383 λαύων
2510 2329 2726 2400 χλιδῆς’
2760 2331 2854 2383 καὶ
2890 2328 3031 2399 μετά
3072 2330 3176 2399 τὴν
3224 2330 3434 2380 ἐκείνου
3483 2325 3773 2395 τελευτὴν,
3818 2322 3893 2392 τῷ

2305 2421 2513 2475 ἐκείνου
2547 2422 2716 2475 παιδί.
2754 2421 3019 2474 Τοσοῦτον
3069 2420 3127 2472 δὲ
3168 2418 3450 2487 παραινῶν
3488 2416 3581 2470 τὸν
3626 2415 3893 2485 τύραννον

2305 2509 2535 2579 ὤνησεν,
2559 2509 2634 2573 ὡς
2677 2508 2771 2562 καλ⁵
2819 2509 3040 2579 δεθῆναι
3075 2508 3178 2561 κάν
3230 2509 3353 2569 ταῖς
3402 2505 3750 2575 λιθοτομίαις
3782 2505 3893 2574 είρ·

2305 2601 2521 2671 χθῆναι,
2575 2598 2804 2668 ὕστερον
2862 2598 2918 2650 δὲ
2968 2598 3011 2631 ⁸⁸
3065 2598 3158 2651 καὶ
3186 2596 3262 2660 ὡς
3302 2597 3637 2667 ἀνδράποδον
3662 2596 3895 2649 ἀπέδοτο

2309 2691 2599 2762 βάρϐαρον.
2629 2692 2742 2744 Καὶ
2769 2694 2796 2745 ό
2820 2692 3167 2761 Πλούταρχος
3211 2691 3268 2744 δέ
3309 2707 3475 2760 φησιν
3509 2692 3693 2744 ἔλαιον
3732 2691 3893 2745 αὐτὸν

2306 2785 2387 2846 είς
2410 2783 2505 2852 τὴν
2540 2784 2813 2850 Αἴγυπτον
2840 2784 3113 2852 ἐμπορίας
3134 2783 3294 2852 χάριν
3330 2782 3720 2853 μετακομίσαι.
3756 2782 3890 2836 Ἀλλ’

2306 2871 2455 2939 ὅμως
2486 2870 2583 2923 καὶ
2624 2869 2730 2922 τῶν
2776 2868 3031 2922 τοιούτων
3074 2868 3257 2937 ψόγων
3292 2869 3582 2931 ἀκούοντες
3618 2866 3892 2938 θαυμάζο-

2312 2977 2411 3030 μεν
2469 2958 2633 3013 αὑτοῦ
2680 2959 2749 3013 τά
2798 2959 2977 3021 καλῶς
3010 2958 3299 3031 είρημένα,
3337 2959 3433 3011 καὶ
3461 2959 3560 3029 τὴν
3593 2957 3661 3011 ὲκ
3688 2943 3891 3011 τούτων

624 3050 1142 3118 inconstantemque
1196 3050 1441 3103 animum
1494 3050 1638 3120 apud
1677 3049 1959 3105 Socratem
1997 3051 2201 3121 perdu-

2309 3049 2581 3119 ὼφέλειαν
2625 3050 2718 3102 καὶ⁵
2766 3049 2909 3115 ὑμᾶς
2950 3047 3207 3118 ἀξιοῦμεν
3242 3047 3532 3113 ξυλλέγειν.
3562 3046 3676 3098 Καὶ
3697 3045 3807 3117 γάρ
3831 3044 3891 3113 δὴ

625 3140 809 3203 randi,
839 3140 1083 3195 ostendit
1112 3155 1266 3194 amor
1295 3141 1386 3196 ille
1425 3156 1536 3211 quo
1571 3149 1863 3213 tyrannum
1898 3158 2200 3213 proseque-

2311 3142 2406 3195 καὶ
2436 3142 2700 3210 γυναῖκας
2728 3139 3055 3209 γεγενῆσθαι
3088 3141 3217 3211 παρ’
3248 3138 3506 3207 Ἕλλησιν
3546 3136 3893 3201 ἀξιεπαίνους

626 3231 814 3296 batur,
850 3245 1063 3301 proque
1102 3230 1248 3302 frugi
1294 3246 1359 3287 ac
1391 3246 1560 3302 parco
1589 3235 1738 3287 victu
1789 3233 1971 3289 Sicula
2012 3250 2201 3290 mensa

2305 3232 2593 3301 ἀκούομεν.
2621 3231 2882 3300 Λυσιδίκη
2912 3232 3010 3301 μὲν
3039 3232 3169 3301 γὰρ,
3193 3228 3267 3291 ὥς
3295 3246 3481 3298 φασιν,
3504 3226 3729 3280 ἐλούετο
3755 3228 3828 3297 μὴ
3845 3224 3891 3258 ⁸⁸

624 3321 767 3393 gula:
800 3330 964 3391 atque
995 3320 1286 3377 edacitatis
1315 3322 1624 3378 immodicas
1661 3324 1925 3393 appetita.
1967 3345 1985 3376 ›
2019 3326 2201 3381 Iunuit

2305 3325 2394 3377 τὸν
2426 3322 2747 3393 χιτωνίσκον
2778 3321 3099 3391 ὲκδυομένη,
3132 3318 3283 3391 [176]
3310 3319 3399 3371 διὰ
3445 3319 3543 3388 τὴν
3588 3315 3892 3387 ὑπερϐολὴν

628 3422 815 3467 autem
849 3412 938 3467 his
970 3412 1156 3469 verbis
1195 3428 1321 3471 cum
1342 3414 1604 3485 Dionysio
1645 3426 1879 3486 tyranno
1920 3416 1975 3471 in
2014 3416 2201 3472 Sicilia

2308 3416 2406 3485 τῆς
2454 3413 2657 3477 αἰδοῦς.
2702 3413 2763 3466 Ἢ
2790 3414 2847 3466 δὲ
2872 3412 3147 3480 Φιλωτέρα
3164 3410 3211 3442 ⁸⁸
3235 3408 3494 3464 κατιοῦσα
3521 3410 3602 3471 εἰς
3633 3408 3735 3478 τὴν
3765 3406 3891 3458 πύε-

630 3503 1111 3560 consuetudinem.
1149 3504 1384 3559 Athenis
1422 3506 1571 3561 enim
1608 3507 1839 3570 relictis,
1875 3507 2021 3576 apud
2050 3508 2201 3561 illum

2307 3508 2396 3559 λον
2426 3506 2470 3538 ⁸⁵
2520 3505 2660 3559 κατά
2688 3505 2860 3574 βραχὺ
2904 3503 2965 3555 τὸ
2995 3503 3071 3573 τῷ
3095 3502 3247 3556 ὕδατι
3304 3500 3714 3569 καλυπτόμενον
3767 3496 3892 3565 ὲγύυ

620 3592 866 3664 degebat
902 3591 1262 3665 Syracusanis
1303 3593 1493 3648 fruens
1529 3594 1768 3658 deliciis,
1801 3604 1858 3649 et
1898 3604 2024 3665 post
2060 3596 2201 3651 illius

2315 3615 2447 3668 μνου
2468 3598 2513 3628 ⁸³
2538 3594 2631 3649 τοῦ
2659 3594 2931 3665 σώματος,
2957 3593 3354 3646 ἀναστέλλουσα
3369 3590 3489 3645 κατ’
3508 3590 3689 3657 ὀλίγον
3704 3587 3795 3641 τδν
3817 3605 3894 3658 χι·

630 3693 889 3750 mortem,
928 3684 1074 3753 apud
1102 3684 1223 3755 ejus
1258 3683 1455 3739 filium.
1492 3683 1729 3740 Tantum
1760 3701 1895 3741 vero
1922 3686 2038 3740 suis
2060 3687 2201 3756 apud

2310 3688 2475 3743 τῶνα*
2493 3689 2587 3742 καὶ
2604 3682 2669 3740 αὗ
2686 3688 2847 3740 πάλιν
2863 3684 3087 3740 ἀνιοῦσα
3103 3679 3891 3760 παραπλησίωςὴμπέσχετοκ.

632 3786 928 3847 tyranuum
951 3775 1436 3837 adhortationibus
1461 3778 1715 3848 profecit,
1746 3788 1806 3834 ut
1838 3780 2059 3835 vinctus
2092 3780 2211 3834 fuc-

633 3868 727 3932 rit,
749 3867 1142 3939 aclapicidinis
1160 3868 1415 3924 addictus
1441 3887 1453 3923 :
1475 3869 1697 3925 tandem
1716 3885 1867 3934 vero,
1889 3887 1989 3925 ceu
2017 3871 2213 3925 barba-

635 3973 761 4013 rum
785 3959 1145 4029 mancipium,
1174 3960 1242 4013 ad
1263 3962 1589 4017 servitutem
1614 3972 1699 4018 est
1723 3959 2096 4020 venundatus.
2123 3967 2213 4020 Ait

636 4064 802 4120 porro
878 4049 1208 4107 Plutarchus
1285 4051 1440 4107 illum
1513 4055 1836 4109 venalitium
1892 4056 2075 4111 oleum
2143 4057 2212 4111 ad

635 4138 920 4213 Egyptios
946 4141 1230 4197 detulisse.
1254 4141 1503 4213 Cumque
1530 4145 1649 4200 haec
1675 4145 1745 4200 de
1768 4147 1862 4201 illo
1882 4147 2084 4217 probra
2114 4163 2215 4203 διι-

638 4237 877 4302 diamus,
919 4250 983 4293 ea
1017 4244 1201 4292 tamen
1226 4253 1348 4307 qua:
1370 4246 1518 4294 recte
1557 4239 1626 4293 ab
1655 4239 1903 4316 eo.dicta
1936 4247 2064 4294 sunt
2101 4239 2219 4293 lau-

634 4329 857 4393 damus,
888 4342 954 4384 ac
990 4341 1051 4384 ut
1085 4344 1185 4384 vos
1209 4329 1377 4385 etiam
1412 4344 1480 4384 ex
1502 4330 1591 4386 bis
1626 4330 1923 4385 utilitatem
1963 4330 2214 4400 capiatis,

2311 3777 2499 3832 Θεανὼ
2520 3779 2574 3831 δὲ
2590 3779 2623 3847 ἡ
2638 3777 2893 3847 Πυθαγορ
2905 3776 3014 3845 exin,
3033 3775 3438 3845 ἀποϐλέψαντὸς
3457 3791 3601 3837 τινος
3618 3774 3695 3834 είς
3706 3771 3890 3841 αὐτὴν,

2314 3872 2405 3924 καὶ
2432 3870 2693 3932 εἰπόντος,
2714 3868 2911 3933 Καλὸς
2928 3871 2959 3922 ὁ
2973 3868 3195 3936 πῆχυς,
3216 3898 3284 3905 —
3308 3867 3464 3920 Ἀλλ’
3487 3867 3557 3919 οὺ
3583 3863 3888 3933 δημόσιος,

2314 3958 2671 4029 ἁπεκρίνατο.
2712 3956 3077 4035 Ἔρωτηθεῖσι
3131 3957 3188 4008 δὲ
3234 3956 3418 4016 πάλιν,
3470 3952 3707 4007 ποσταία
3761 3951 3892 4027 γυνὴ

2317 4050 2425 4103 ἀπὸ
2448 4048 2637 4118 ἀνδρὸς
2668 4048 2747 4110 εἰς
2780 4048 2839 4100 τὸ
2867 4047 3236 4118 Θεσμοφόρων
3262 4048 3509 4100 κάτεισιν
3530 4088 3544 4111 ,
3577 4064 3595 4096 ι
3641 4044 3773 4097 Ἀπὸ
3800 4043 3892 4112 μὲν

2317 4139 2411 4199 τοῦ
2455 4140 2585 4193 ίδίου
2634 4139 2996 4208 παραχρῆμα,
3040 4138 3143 4207 ἔφη
3167 4156 3178 4167 ·
3218 4138 3325 4189 ἀπὸ
3366 4138 3423 4189 δὲ
3464 4135 3559 4189 τοῦ
3592 4132 3888 4204 ἀλλοτρίου,

2317 4232 2587 4286 οὐδέποτε.
2626 4250 2643 4281 ι
2694 4229 2903 4294 Ταῦτα,
2937 4230 3032 4283 καὶ
3089 4229 3190 4281 ὅσα
3226 4227 3472 4289 τοιαῦτα,
3508 4226 3604 4279 καὶ
3646 4222 3890 4287 ἐπαινοῦ-

2325 4342 2443 4396 μεν,
2472 4324 2563 4377 καὶ
2586 4321 2903 4390 φιλοσοφίας
2928 4316 3067 4373 εῖναι
3093 4319 3221 4385 ἄξιά
3253 4334 3455 4387 φαμεν.
3500 4318 3612 4370 Kal.
3644 4313 3892 4385 ἀποδεχό-

643 4427 919 4492 optamus.
966 4416 1102 4473 Nam
1149 4425 1205 4471 et
1244 4417 1505 4472 mulieres
1548 4432 1767 4487 quoque
1812 4415 1955 4487 apud
1999 4416 2201 4471 Graecos

2326 4416 2465 4488 μεθα
2482 4416 2573 4469 τὸν
2588 4412 2851 4468 Πλάτωνα
2865 4414 2976 4476 τοῖς
2996 4412 3223 4479 ἀγαθοῖς
3239 4410 3329 4462 τὸν
3357 4411 3533 4479 γάμον
3549 4408 3890 4473 ξυντάξαντα,

642 4510 803 4571 laude
829 4508 1022 4581 dignas
1042 4508 1324 4565 exstitisse
1343 4510 1676 4579 accepimus.
1712 4508 1963 4579 Lysidice
1993 4508 2195 4577 quippe

2326 4508 2419 4561 καὶ
2446 4505 2746 4567 ἀθανασίας
2781 4503 3023 4556 ἐπίνοιαν
3049 4502 3143 4555 καὶ
3172 4492 3430 4570 διαμὸνὴν
3460 4501 3554 4553 τοῦ
3587 4500 3781 4568 γένους
3800 4515 3891 4553 κα-

645 4606 707 4654 ut
730 4599 937 4665 ferunt,
964 4600 1035 4655 ob
1061 4599 1322 4655 eximium
1352 4592 1639 4670 pudorem,
1663 4600 1902 4655 tunicam
1923 4614 2048 4654 cum
2072 4600 2201 4653 lavat

2324 4596 2573 4648 λέσαντα.
2611 4592 2938 4663 Δημοκρίτῳ
2963 4591 3018 4643 δὲ
3047 4590 3141 4643 καὶ
3185 4587 3496 4659 Ἐπικούρῳ
3542 4587 3665 4641 λίαν
3697 4588 3893 4658 μεμφό-

644 4698 801 4757 retur
821 4706 933 4746 non
962 4691 1218 4749 exuebat.
1242 4691 1521 4750 Philotera
1546 4699 1751 4757 autem,
1775 4706 1901 4745 cum
1926 4691 1981 4745 in
2005 4690 2201 4745 labrun

2330 4688 2489 4758 μεθα,
2518 4681 2900 4755 παραιτεῖσθαι
2935 4681 3028 4734 καὶ
3052 4681 3142 4734 τὸν
3178 4681 3357 4750 γάμον
3383 4679 3475 4732 καὶ
3512 4676 3613 4749 τὴν
3646 4677 3894 4743 παιδογο-

644 4783 902 4849 balneare
929 4773 1311 4849 descenderet,
1338 4792 1553 4853 partem
1577 4782 1727 4837 illam
1758 4782 2028 4853 corporis,
2055 4797 2201 4851 quan

2326 4779 2447 4831 viav
2466 4776 2511 4808 ⁸⁷
2557 4774 2861 4830 κελεύουσι.
2912 4772 3023 4843 Τὴν
3073 4770 3181 4841 γάρ
3228 4787 3312 4822 τοι
3358 4767 3552 4840 ἡδονὴν
3590 4768 3896 4839 ὁρισάμενοι

646 4889 789 4944 aqua
839 4881 1069 4945 tegeret,
1118 4874 1321 4929 sensim
1362 4873 1628 4940 nudabat,
1673 4875 1917 4928 tunicam
1957 4872 2201 4943 paulatin

2326 4871 2499 4933 τέλος,
2526 4868 2593 4921 τὰ
2631 4864 2921 4938 φροντίδας
2946 4863 3137 4934 ἔχοντα
3172 4860 3265 4914 καί
3297 4877 3448 4923 τινας
3485 4858 3678 4928 ἀηδίας
3709 4873 3893 4911 παντε·

648 4958 922 5029 reduCens
949 4984 962 5019 :
986 4973 1045 5020 et
1067 4981 1262 5021 rursus
1281 4966 1472 5021 exiens
1494 4965 1662 5020 simili
1683 4965 1848 5020 modo
1865 4964 2200 5020 induebatur

2329 4961 2437 5024 λῶς
2463 4955 2839 5029 ἀπεκήρυξαν.
2865 4954 3005 5015 Οἱλδὲ
3024 4954 3123 5023 τῆς
3148 4952 3405 5020 Ποικίλης
3442 4950 3614 5019 μέσην
3638 4950 3763 5002 τινά
3790 4947 3897 5002 ὁδὸν

649 5055 1012 5129 Pythagorica
1054 5058 1073 5077 ‘
1121 5072 1340 5127 quoque
1374 5057 1621 5122 Theano,
1658 5073 1784 5112 cum
1832 5071 1953 5112 eam
1998 5056 2201 5126 quidan

2329 5053 2570 5111 ὥδευσαν
2596 5068 2609 5082 ’
2649 5051 2763 5111 τοῖς
2802 5047 2910 5118 γὰρ
2952 5044 3270 5116 ἀδιαφόροις
3312 5042 3403 5095 τὸν
3444 5040 3623 5110 γάμον
3675 5040 3770 5093 καὶ
3810 5038 3898 5107 τὴν

650 5132 887 5204 intuitus
924 5148 1166 5204 diceret:
1199 5148 1487 5203 Pulchrum
1537 5149 1830 5215 brachium,
1872 5146 2201 5217 reSpondisa

2335 5142 2682 5211 παιδογονίαν
2719 5136 3060 5204 ξυνέξευξαν.
3116 5136 3177 5188 Oi
3226 5134 3283 5188 δὲ
3317 5132 3450 5185 θεῖοι
3491 5131 3643 5199 λόγοι
3677 5129 3776 5200 τὴν
3809 5129 3898 5199 μὲν

648 5238 851 5305 fertur,
881 5238 949 5294 At
989 5240 1206 5311 1033.
1232 5256 1337 5295 non
1366 5238 1651 5312 publicum.
1696 5239 1765 5295 Et
1794 5247 1983 5310 rogata
2010 5253 2201 5293 rursus

2333 5238 2423 5291 διὰ
2454 5231 2772 5305 φιλοσοφίαν
2815 5227 3210 5299 επινοουμένην
3250 5224 3471 5294 ἁγνείαν
3516 5220 3799 5292 ὑμνοῦσιν,
3827 5223 3896 5285 ὡς

1944 5384 2182 5441 VARIA‘I
2236 5380 2639 5440 LECTIONES.

726 5515 772 5547 "
797 5514 1235 5585 καταμανθάνειν
1258 5510 1483 5576 ἔξεστιν.
1528 5510 1866 5582 καταμαθεῖν
1905 5508 2113 5561 ἔνεστιν
2140 5505 2205 5561 D.
2300 5505 2344 5535 ⁷⁸
2368 5501 2589 5584 ταυτόν.
2612 5497 2780 5554 ταυτδ
2804 5496 2867 5551 D.
2968 5494 3012 5525 ⁷⁷
3043 5492 3268 5562 δυσόργ.
3291 5489 3478 5611 εὺὲίῖγ.
3513 5484 3681 5567 εἱιπξ.
3770 5553 3783 5573 ο

737 5584 753 5611 ι
810 5586 897 5611 ...Α
930 5600 1014 5611 Α...
1068 5585 1111 5611 n
1248 5582 1292 5611 το
1323 5582 1602 5611 κάρηνα...
1687 5578 1963 5611 κέλευε...
2028 5578 2072 5611 n
2206 5575 2250 5608 se
2291 5574 2529 5611 Animum
2587 5586 2695 5611 nm_
2725 5566 2785 5611 Π-
2811 5567 2873 5611 D.
2982 5564 3026 5597 ⁸³
3061 5562 3288 5611 ὕστερον
3413 5597 3427 5611 .
3459 5558 3503 5611 Ῐ)
3533 5554 3691 5611 add“
3722 5570 3783 5607 αι

659 5584 773 5639 καί.
799 5554 1230 5640 ἱέἱ“ὄ”ιῆἷ“ὗ’.””
1248 5554 2127 5651 *‘Hii'sixEI'WiéieéViiii-
2141 5554 2175 5561 ⁷
2193 5554 2250 5608 ’⁸³
2284 5554 2555 5651 saepe».
2582 5566 2789 5651 ὀπικίέν
2811 5567 2912 5651 οση
2974 5564 3026 5651 .‘3
3061 5554 3895 5651 522%??th9.2995151“:

658 5621 1131 5725 ῗῗὶὶήῗῖἱήῖἑ¹ὺῗ⁹
1164 5651 1212 5686 ⁸³
1239 5621 1960 5776 οιλῖαέἓξξῖῗ
1998 5621 2176 5717 1’δ’ίτὴν
2226 5621 2846 5699 πύελόν.ΓΪτδν”πύελον
2872 5634 2935 5699 C,
2974 5634 3035 5689 ῐ).
3114 5633 3159 5665 ⁸⁸
3194 5621 3452 5702 ἐγύμνου.
3498 5621 3799 5701 ιγυμνοῦτο
3839 5621 3894 5685 D.

661 5723 707 5767 ε’
741 5724 1052 5776 harenato
1103 5723 1407 5776 ἣμπίσνετο
1486 5763 1498 5774 .
1608 5721 1652 5753 ⁸⁷
1683 5720 2023 5775 παιδοποιίαν
2048 5717 2255 5776 (γονίαν
2279 5729 2443 5776 supra
2483 5709 2681 5776 ποιίαν)
2718 5708 2778 5762 D-

588 5767 591 5771 «
661 5723 707 5767 9‘
1103 5723 1407 5794 ἠμπίσχετο
1431 5708 1498 5776 ἶ).
1608 5721 1652 5753 ⁸⁷
1683 5708 2023 5775 παίδοποιίκν
2048 5708 2255 5790 (γονίαν
2279 5729 2443 5784 supra
2483 5709 2681 5781 ποιίαν)
2718 5708 2778 5762 D-

3789 5481 3897 5535 "Si
