  <div class='ocr_page' id='page_1' title='image "/cluster/home/n/w/nwhite01/storage/ocr_20150623/83/pst.000005712823/580.png"; bbox 0 0 4078 6320; ppageno 0'>
   <div class='ocr_carea' id='block_1_1' title="bbox 220 356 3505 433">
    <p class='ocr_par' dir='ltr' id='par_1_1' title="bbox 220 356 3505 433">
     <span class='ocr_line' id='line_1_1' title="bbox 220 356 3505 433; baseline 0.006 -25"><span class='ocrx_word' id='word_1_1' title='bbox 220 356 365 426; x_wconf 61' lang='lat'><strong>11.55</strong></span> <span class='ocrx_word' id='word_1_2' title='bbox 750 356 1194 420; x_wconf 65' lang='lat' dir='ltr'><strong>GRECARUM</strong></span> <span class='ocrx_word' id='word_1_3' title='bbox 1223 357 1533 423; x_wconf 76' lang='lat' dir='ltr'><strong>AFFECT.</strong></span> <span class='ocrx_word' id='word_1_4' title='bbox 1573 358 2007 423; x_wconf 78' lang='lat' dir='ltr'><strong>CURATIO.-</strong></span> <span class='ocrx_word' id='word_1_5' title='bbox 2020 361 2163 433; x_wconf 82' lang='grc' dir='ltr'><strong>ΧΙΙ.¹</strong></span> <span class='ocrx_word' id='word_1_6' title='bbox 2202 361 2301 423; x_wconf 84' lang='lat' dir='ltr'><strong>DE</strong></span> <span class='ocrx_word' id='word_1_7' title='bbox 2338 361 2676 425; x_wconf 81' lang='lat' dir='ltr'><strong>VIRTUTE</strong></span> <span class='ocrx_word' id='word_1_8' title='bbox 2714 364 2981 427; x_wconf 83' lang='lat' dir='ltr'><strong>ACTIVA</strong></span> <span class='ocrx_word' id='word_1_9' title='bbox 3368 360 3505 433; x_wconf 74' lang='lat' dir='ltr'><strong>U46</strong></span> 
     </span>
    </p>
   </div>
   <div class='ocr_carea' id='block_1_2' title="bbox 222 470 1832 549">
    <p class='ocr_par' dir='ltr' id='par_1_2' title="bbox 222 470 1815 549">
     <span class='ocr_line' id='line_1_2' title="bbox 222 470 1815 549; baseline -0.004 -16"><span class='ocrx_word' id='word_1_10' title='bbox 222 480 343 547; x_wconf 74' lang='grc' dir='ltr'>βίον</span> <span class='ocrx_word' id='word_1_11' title='bbox 400 473 767 549; x_wconf 80' lang='grc' dir='ltr'>προξενοῦσαν</span> <span class='ocrx_word' id='word_1_12' title='bbox 813 471 1109 542; x_wconf 77' lang='grc' dir='ltr'><strong>φροντίδων</strong></span> <span class='ocrx_word' id='word_1_13' title='bbox 1162 470 1443 541; x_wconf 66' lang='grc' dir='ltr'>ἐλεύθερον</span> <span class='ocrx_word' id='word_1_14' title='bbox 1464 471 1511 505; x_wconf 80' lang='grc'><strong>⁸⁸</strong></span> <span class='ocrx_word' id='word_1_15' title='bbox 1538 489 1556 506; x_wconf 73' lang='grc' dir='ltr'><strong><em>ο</em></strong></span> <span class='ocrx_word' id='word_1_16' title='bbox 1604 471 1706 526; x_wconf 76' lang='grc' dir='ltr'><strong>τὸν</strong></span> <span class='ocrx_word' id='word_1_17' title='bbox 1757 472 1815 526; x_wconf 72' lang='grc' dir='ltr'>δὲ</span> 
     </span>
    </p>
   </div>
   <div class='ocr_carea' id='block_1_3' title="bbox 1894 470 3504 549">
    <p class='ocr_par' dir='ltr' id='par_1_3' title="bbox 1917 471 3504 545">
     <span class='ocr_line' id='line_1_3' title="bbox 1917 471 3504 545; baseline -0.001 -16"><span class='ocrx_word' id='word_1_18' title='bbox 1917 483 2088 545; x_wconf 85' lang='lat' dir='ltr'><strong>quoto</strong></span> <span class='ocrx_word' id='word_1_19' title='bbox 2128 474 2221 531; x_wconf 88' lang='lat' dir='ltr'><strong>die</strong></span> <span class='ocrx_word' id='word_1_20' title='bbox 2266 490 2298 531; x_wconf 90' lang='lat' dir='ltr'><strong>a</strong></span> <span class='ocrx_word' id='word_1_21' title='bbox 2336 474 2445 529; x_wconf 88' lang='lat' dir='ltr'><strong>viri</strong></span> <span class='ocrx_word' id='word_1_22' title='bbox 2477 490 2781 545; x_wconf 87' lang='lat' dir='ltr'><strong>congressu</strong></span> <span class='ocrx_word' id='word_1_23' title='bbox 2814 475 3013 530; x_wconf 81' lang='lat' dir='ltr'><strong>mulier</strong></span> <span class='ocrx_word' id='word_1_24' title='bbox 3051 471 3504 544; x_wconf 82' lang='lat' dir='ltr'><strong>Thesmophoriis</strong></span> 
     </span>
    </p>
   </div>
   <div class='ocr_carea' id='block_1_4' title="bbox 221 562 1831 642">
    <p class='ocr_par' dir='ltr' id='par_1_4' title="bbox 221 562 1810 642">
     <span class='ocr_line' id='line_1_4' title="bbox 221 562 1810 642; baseline -0.004 -18"><span class='ocrx_word' id='word_1_25' title='bbox 221 571 482 642; x_wconf 77' lang='grc' dir='ltr'>σώφρονα</span> <span class='ocrx_word' id='word_1_26' title='bbox 504 568 681 638; x_wconf 82' lang='grc' dir='ltr'><strong>γάμον</strong></span> <span class='ocrx_word' id='word_1_27' title='bbox 709 562 1113 635; x_wconf 77' lang='grc' dir='ltr'><strong>νομοθετοῦσιν,</strong></span> <span class='ocrx_word' id='word_1_28' title='bbox 1146 563 1222 628; x_wconf 84' lang='grc' dir='ltr'>ὡς</span> <span class='ocrx_word' id='word_1_29' title='bbox 1246 565 1341 618; x_wconf 78' lang='grc' dir='ltr'>καὶ</span> <span class='ocrx_word' id='word_1_30' title='bbox 1366 564 1427 618; x_wconf 86' lang='grc' dir='ltr'><strong>τὺ</strong></span> <span class='ocrx_word' id='word_1_31' title='bbox 1457 564 1613 632; x_wconf 80' lang='grc' dir='ltr'>γένος</span> <span class='ocrx_word' id='word_1_32' title='bbox 1640 563 1810 631; x_wconf 77' lang='grc' dir='ltr'>αὐξά-</span> 
     </span>
    </p>
   </div>
   <div class='ocr_carea' id='block_1_5' title="bbox 1892 562 3502 642">
    <p class='ocr_par' dir='ltr' id='par_1_5' title="bbox 1918 565 3502 638">
     <span class='ocr_line' id='line_1_5' title="bbox 1918 565 3502 638; baseline -0.002 -17"><span class='ocrx_word' id='word_1_33' title='bbox 1918 566 2137 622; x_wconf 74' lang='lat' dir='ltr'><strong>intersit</strong></span> <span class='ocrx_word' id='word_1_34' title='bbox 2171 583 2183 620; x_wconf 92' lang='lat'><strong>:</strong></span> <span class='ocrx_word' id='word_1_35' title='bbox 2222 583 2241 618; x_wconf 79' lang='grc' dir='ltr'><strong>ι</strong></span> <span class='ocrx_word' id='word_1_36' title='bbox 2271 566 2317 621; x_wconf 83' lang='grc' dir='ltr'>Α</span> <span class='ocrx_word' id='word_1_37' title='bbox 2338 566 2572 638; x_wconf 85' lang='lat' dir='ltr'><strong>proprii,</strong></span> <span class='ocrx_word' id='word_1_38' title='bbox 2594 567 2794 637; x_wconf 81' lang='lat' dir='ltr'><strong>inquit,</strong></span> <span class='ocrx_word' id='word_1_39' title='bbox 2818 566 3026 627; x_wconf 84' lang='lat' dir='ltr'><strong>statim,</strong></span> <span class='ocrx_word' id='word_1_40' title='bbox 3051 565 3120 620; x_wconf 88' lang='lat' dir='ltr'><strong>ab</strong></span> <span class='ocrx_word' id='word_1_41' title='bbox 3144 565 3331 627; x_wconf 79' lang='lat' dir='ltr'><strong>alieni,</strong></span> <span class='ocrx_word' id='word_1_42' title='bbox 3354 579 3502 625; x_wconf 89' lang='lat' dir='ltr'><strong>nun-</strong></span> 
     </span>
    </p>
   </div>
   <div class='ocr_carea' id='block_1_6' title="bbox 218 655 1828 727">
    <p class='ocr_par' dir='ltr' id='par_1_6' title="bbox 218 655 1811 727">
     <span class='ocr_line' id='line_1_6' title="bbox 218 655 1811 727; baseline -0.006 -9"><span class='ocrx_word' id='word_1_43' title='bbox 218 679 388 717; x_wconf 83' lang='grc' dir='ltr'>νοντα</span> <span class='ocrx_word' id='word_1_44' title='bbox 405 661 473 725; x_wconf 76' lang='grc'><strong>⁸⁸,</strong></span> <span class='ocrx_word' id='word_1_45' title='bbox 519 659 617 713; x_wconf 75' lang='grc' dir='ltr'>καὶ</span> <span class='ocrx_word' id='word_1_46' title='bbox 654 656 912 725; x_wconf 80' lang='grc' dir='ltr'>λαγνείας</span> <span class='ocrx_word' id='word_1_47' title='bbox 950 656 1078 718; x_wconf 75' lang='grc' dir='ltr'>τοὺς</span> <span class='ocrx_word' id='word_1_48' title='bbox 1119 657 1418 727; x_wconf 79' lang='grc' dir='ltr'>σωφρονεῖν</span> <span class='ocrx_word' id='word_1_49' title='bbox 1453 655 1811 726; x_wconf 71' lang='grc' dir='ltr'><strong>βουλομένους</strong></span> 
     </span>
    </p>
   </div>
   <div class='ocr_carea' id='block_1_7' title="bbox 1894 655 3504 727">
    <p class='ocr_par' dir='ltr' id='par_1_7' title="bbox 1917 656 3504 727">
     <span class='ocr_line' id='line_1_7' title="bbox 1917 656 3504 727; baseline -0.002 -15"><span class='ocrx_word' id='word_1_50' title='bbox 1917 672 2105 727; x_wconf 76' lang='lat' dir='ltr'><strong>quam.</strong></span> <span class='ocrx_word' id='word_1_51' title='bbox 2140 676 2158 708; x_wconf 75' lang='grc' dir='ltr'><strong>ι</strong></span> <span class='ocrx_word' id='word_1_52' title='bbox 2192 656 2319 713; x_wconf 73' lang='lat' dir='ltr'><strong>Haec</strong></span> <span class='ocrx_word' id='word_1_53' title='bbox 2343 666 2399 712; x_wconf 90' lang='lat' dir='ltr'><strong>et</strong></span> <span class='ocrx_word' id='word_1_54' title='bbox 2423 674 2545 727; x_wconf 70' lang='lat' dir='ltr'><strong>qua:</strong></span> <span class='ocrx_word' id='word_1_55' title='bbox 2579 666 2710 712; x_wconf 92' lang='lat' dir='ltr'><strong>sunt</strong></span> <span class='ocrx_word' id='word_1_56' title='bbox 2743 658 2831 712; x_wconf 91' lang='lat' dir='ltr'><strong>his</strong></span> <span class='ocrx_word' id='word_1_57' title='bbox 2861 658 3063 712; x_wconf 85' lang='lat' dir='ltr'><strong>similia</strong></span> <span class='ocrx_word' id='word_1_58' title='bbox 3096 656 3407 720; x_wconf 82' lang='lat' dir='ltr'><strong>laudamus,</strong></span> <span class='ocrx_word' id='word_1_59' title='bbox 3444 665 3504 711; x_wconf 85' lang='lat' dir='ltr'><strong>et</strong></span> 
     </span>
    </p>
   </div>
   <div class='ocr_carea' id='block_1_8' title="bbox 219 745 1829 823">
    <p class='ocr_par' dir='ltr' id='par_1_8' title="bbox 219 746 1809 823">
     <span class='ocr_line' id='line_1_8' title="bbox 219 746 1809 823; baseline -0.006 -17"><span class='ocrx_word' id='word_1_60' title='bbox 219 750 613 823; x_wconf 63' lang='grc' dir='ltr'>ἐλευθεροῦντα</span> <span class='ocrx_word' id='word_1_61' title='bbox 638 764 653 779; x_wconf 76' lang='grc' dir='ltr'><strong>ο</strong></span> <span class='ocrx_word' id='word_1_62' title='bbox 686 747 942 819; x_wconf 82' lang='grc' dir='ltr'>πορνείας</span> <span class='ocrx_word' id='word_1_63' title='bbox 966 746 1027 800; x_wconf 71' lang='grc' dir='ltr'>δὲ</span> <span class='ocrx_word' id='word_1_64' title='bbox 1055 746 1150 802; x_wconf 81' lang='grc' dir='ltr'>καὶ</span> <span class='ocrx_word' id='word_1_65' title='bbox 1178 749 1276 817; x_wconf 80' lang='grc' dir='ltr'>τῆς</span> <span class='ocrx_word' id='word_1_66' title='bbox 1315 746 1483 818; x_wconf 78' lang='grc' dir='ltr'>ἄλλης</span> <span class='ocrx_word' id='word_1_67' title='bbox 1515 746 1809 810; x_wconf 82' lang='grc' dir='ltr'>ἀκολασίας</span> 
     </span>
    </p>
   </div>
   <div class='ocr_carea' id='block_1_9' title="bbox 1895 745 3505 823">
    <p class='ocr_par' dir='ltr' id='par_1_9' title="bbox 1916 745 3505 823">
     <span class='ocr_line' id='line_1_9' title="bbox 1916 745 3505 823; baseline -0.001 -22"><span class='ocrx_word' id='word_1_68' title='bbox 1916 746 2268 823; x_wconf 75' lang='lat' dir='ltr'><strong>philosophia</strong></span> <span class='ocrx_word' id='word_1_69' title='bbox 2296 748 2463 819; x_wconf 87' lang='lat' dir='ltr'><strong>digna</strong></span> <span class='ocrx_word' id='word_1_70' title='bbox 2484 763 2799 812; x_wconf 82' lang='lat' dir='ltr'><strong>censemus,</strong></span> <span class='ocrx_word' id='word_1_71' title='bbox 2831 749 3230 819; x_wconf 76' lang='lat' dir='ltr'><strong>Platonemque</strong></span> <span class='ocrx_word' id='word_1_72' title='bbox 3258 745 3505 817; x_wconf 36' lang='lat' dir='ltr'><strong>admitti:-</strong></span> 
     </span>
    </p>
   </div>
   <div class='ocr_carea' id='block_1_10' title="bbox 219 838 1829 911">
    <p class='ocr_par' dir='ltr' id='par_1_10' title="bbox 219 838 1810 911">
     <span class='ocr_line' id='line_1_10' title="bbox 219 838 1810 911; baseline -0.004 -12"><span class='ocrx_word' id='word_1_73' title='bbox 219 845 304 910; x_wconf 79' lang='grc' dir='ltr'>ὡς</span> <span class='ocrx_word' id='word_1_74' title='bbox 342 843 577 905; x_wconf 82' lang='grc' dir='ltr'>συώδους</span> <span class='ocrx_word' id='word_1_75' title='bbox 623 838 1007 911; x_wconf 78' lang='grc' dir='ltr'>κατηγοροῦσι.</span> <span class='ocrx_word' id='word_1_76' title='bbox 1044 858 1064 891; x_wconf 77' lang='grc' dir='ltr'><strong>ι</strong></span> <span class='ocrx_word' id='word_1_77' title='bbox 1092 839 1284 908; x_wconf 83' lang='grc' dir='ltr'>Τίμιος</span> <span class='ocrx_word' id='word_1_78' title='bbox 1315 840 1424 911; x_wconf 71' lang='grc' dir='ltr'><strong>γὰρ</strong></span> <span class='ocrx_word' id='word_1_79' title='bbox 1473 842 1501 893; x_wconf 87' lang='grc' dir='ltr'><strong>ό</strong></span> <span class='ocrx_word' id='word_1_80' title='bbox 1543 840 1721 909; x_wconf 81' lang='grc' dir='ltr'>γάμος</span> <span class='ocrx_word' id='word_1_81' title='bbox 1752 841 1810 893; x_wconf 84' lang='grc' dir='ltr'>ὲν</span> 
     </span>
    </p>
   </div>
   <div class='ocr_carea' id='block_1_11' title="bbox 1893 838 3503 911">
    <p class='ocr_par' dir='ltr' id='par_1_11' title="bbox 1916 838 3503 909">
     <span class='ocr_line' id='line_1_11' title="bbox 1916 838 3503 909; baseline 0.001 -17"><span class='ocrx_word' id='word_1_82' title='bbox 1916 854 2042 893; x_wconf 90' lang='lat' dir='ltr'><strong>mus</strong></span> <span class='ocrx_word' id='word_1_83' title='bbox 2076 840 2299 909; x_wconf 82' lang='lat' dir='ltr'><strong>nuptias</strong></span> <span class='ocrx_word' id='word_1_84' title='bbox 2341 839 2484 894; x_wconf 90' lang='lat' dir='ltr'><strong>inter</strong></span> <span class='ocrx_word' id='word_1_85' title='bbox 2514 838 2659 894; x_wconf 89' lang='lat' dir='ltr'><strong>bona</strong></span> <span class='ocrx_word' id='word_1_86' title='bbox 2698 840 3085 904; x_wconf 86' lang='lat' dir='ltr'><strong>collocantem,</strong></span> <span class='ocrx_word' id='word_1_87' title='bbox 3121 839 3503 894; x_wconf 87' lang='lat' dir='ltr'><strong>immortalita-</strong></span> 
     </span>
    </p>
   </div>
   <div class='ocr_carea' id='block_1_12' title="bbox 219 928 1829 1003">
    <p class='ocr_par' dir='ltr' id='par_1_12' title="bbox 219 930 1809 1003">
     <span class='ocr_line' id='line_1_12' title="bbox 219 930 1809 1003; baseline -0.006 -11"><span class='ocrx_word' id='word_1_88' title='bbox 219 939 384 1000; x_wconf 76' lang='grc' dir='ltr'>πᾶσι,</span> <span class='ocrx_word' id='word_1_89' title='bbox 414 935 506 988; x_wconf 75' lang='grc' dir='ltr'>καὶ</span> <span class='ocrx_word' id='word_1_90' title='bbox 536 935 569 1003; x_wconf 80' lang='grc' dir='ltr'>ἠ</span> <span class='ocrx_word' id='word_1_91' title='bbox 608 931 765 1001; x_wconf 89' lang='grc' dir='ltr'>κοίτη</span> <span class='ocrx_word' id='word_1_92' title='bbox 792 931 1075 1000; x_wconf 89' lang='grc' dir='ltr'>ἀμίαντος,</span> <span class='ocrx_word' id='word_1_93' title='bbox 1106 931 1271 1000; x_wconf 78' lang='grc' dir='ltr'>φησὶν</span> <span class='ocrx_word' id='word_1_94' title='bbox 1303 932 1330 983; x_wconf 98' lang='lat'><strong>6</strong></span> <span class='ocrx_word' id='word_1_95' title='bbox 1363 930 1504 992; x_wconf 89' lang='grc' dir='ltr'>θεῖος</span> <span class='ocrx_word' id='word_1_96' title='bbox 1547 931 1809 983; x_wconf 81' lang='grc' dir='ltr'>Ἀπόστο-</span> 
     </span>
    </p>
   </div>
   <div class='ocr_carea' id='block_1_13' title="bbox 1894 928 3504 1003">
    <p class='ocr_par' dir='ltr' id='par_1_13' title="bbox 1917 928 3504 1001">
     <span class='ocr_line' id='line_1_13' title="bbox 1917 928 3504 1001; baseline 0.001 -19"><span class='ocrx_word' id='word_1_97' title='bbox 1917 929 2099 999; x_wconf 91' lang='lat' dir='ltr'><strong>tisque</strong></span> <span class='ocrx_word' id='word_1_98' title='bbox 2135 930 2391 999; x_wconf 71' lang='lat' dir='ltr'><strong>parandae</strong></span> <span class='ocrx_word' id='word_1_99' title='bbox 2431 930 2741 995; x_wconf 91' lang='lat' dir='ltr'><strong>inventum,</strong></span> <span class='ocrx_word' id='word_1_100' title='bbox 2780 940 2835 986; x_wconf 88' lang='lat' dir='ltr'><strong>et</strong></span> <span class='ocrx_word' id='word_1_101' title='bbox 2886 928 3504 1001; x_wconf 85' lang='lat' dir='ltr'><strong>stabilitatem-generis</strong></span> 
     </span>
    </p>
   </div>
   <div class='ocr_carea' id='block_1_14' title="bbox 216 1010 1826 1096">
    <p class='ocr_par' dir='ltr' id='par_1_14' title="bbox 216 1021 1810 1096">
     <span class='ocr_line' id='line_1_14' title="bbox 216 1021 1810 1096; baseline -0.006 -12"><span class='ocrx_word' id='word_1_102' title='bbox 216 1034 368 1094; x_wconf 72' lang='grc' dir='ltr'>λος·</span> <span class='ocrx_word' id='word_1_103' title='bbox 408 1024 638 1096; x_wconf 81' lang='grc' dir='ltr'>πόρνους</span> <span class='ocrx_word' id='word_1_104' title='bbox 674 1023 731 1076; x_wconf 81' lang='grc' dir='ltr'>δὲ</span> <span class='ocrx_word' id='word_1_105' title='bbox 776 1022 871 1076; x_wconf 72' lang='grc' dir='ltr'>καὶ</span> <span class='ocrx_word' id='word_1_106' title='bbox 918 1023 1139 1091; x_wconf 84' lang='grc' dir='ltr'>μοιχοὺς</span> <span class='ocrx_word' id='word_1_107' title='bbox 1170 1023 1344 1089; x_wconf 86' lang='grc' dir='ltr'>κρινεῖ</span> <span class='ocrx_word' id='word_1_108' title='bbox 1382 1022 1409 1073; x_wconf 91' lang='lat'><strong>6</strong></span> <span class='ocrx_word' id='word_1_109' title='bbox 1448 1021 1605 1083; x_wconf 82' lang='grc' dir='ltr'>Θεός.</span> <span class='ocrx_word' id='word_1_110' title='bbox 1650 1041 1669 1072; x_wconf 76' lang='grc' dir='ltr'><strong>ι</strong></span> <span class='ocrx_word' id='word_1_111' title='bbox 1700 1022 1810 1075; x_wconf 77' lang='grc' dir='ltr'><strong>Καὶ</strong></span> 
     </span>
    </p>
   </div>
   <div class='ocr_carea' id='block_1_15' title="bbox 1894 1010 3504 1096">
    <p class='ocr_par' dir='ltr' id='par_1_15' title="bbox 1917 1010 3504 1094">
     <span class='ocr_line' id='line_1_15' title="bbox 1917 1010 3504 1094; baseline 0 -20"><span class='ocrx_word' id='word_1_112' title='bbox 1917 1021 2323 1090; x_wconf 89' lang='lat' dir='ltr'><strong>appellantem;</strong></span> <span class='ocrx_word' id='word_1_113' title='bbox 2355 1010 2741 1075; x_wconf 84' lang='lat' dir='ltr'><strong>Democritum</strong></span> <span class='ocrx_word' id='word_1_114' title='bbox 2757 1038 2891 1077; x_wconf 89' lang='lat' dir='ltr'><strong>vero</strong></span> <span class='ocrx_word' id='word_1_115' title='bbox 2922 1030 2977 1077; x_wconf 89' lang='lat' dir='ltr'><strong>et</strong></span> <span class='ocrx_word' id='word_1_116' title='bbox 3000 1023 3301 1094; x_wconf 83' lang='lat' dir='ltr'><strong>Epicurum</strong></span> <span class='ocrx_word' id='word_1_117' title='bbox 3335 1021 3504 1075; x_wconf 84' lang='lat' dir='ltr'><strong>vehe—</strong></span> 
     </span>
    </p>
   </div>
   <div class='ocr_carea' id='block_1_16' title="bbox 216 1110 1826 1183">
    <p class='ocr_par' dir='ltr' id='par_1_16' title="bbox 216 1111 1807 1183">
     <span class='ocr_line' id='line_1_16' title="bbox 216 1111 1807 1183; baseline -0.004 -10"><span class='ocrx_word' id='word_1_118' title='bbox 216 1119 417 1173; x_wconf 81' lang='grc' dir='ltr'>πάλιν·</span> <span class='ocrx_word' id='word_1_119' title='bbox 464 1133 483 1167; x_wconf 75' lang='grc' dir='ltr'><strong>ι</strong></span> <span class='ocrx_word' id='word_1_120' title='bbox 509 1116 666 1182; x_wconf 81' lang='grc' dir='ltr'>Λέγω</span> <span class='ocrx_word' id='word_1_121' title='bbox 702 1113 764 1166; x_wconf 67' lang='grc' dir='ltr'>δὲ</span> <span class='ocrx_word' id='word_1_122' title='bbox 788 1115 899 1175; x_wconf 83' lang='grc' dir='ltr'>τοῖς</span> <span class='ocrx_word' id='word_1_123' title='bbox 926 1113 972 1145; x_wconf 78' lang='grc'><strong>⁹⁰</strong></span> <span class='ocrx_word' id='word_1_124' title='bbox 1015 1112 1252 1181; x_wconf 80' lang='grc' dir='ltr'>ἀγάμοις</span> <span class='ocrx_word' id='word_1_125' title='bbox 1303 1111 1396 1165; x_wconf 51' lang='grc' dir='ltr'><strong>καὶ⁸</strong></span> <span class='ocrx_word' id='word_1_126' title='bbox 1433 1114 1552 1176; x_wconf 74' lang='grc' dir='ltr'>ταῖς</span> <span class='ocrx_word' id='word_1_127' title='bbox 1585 1114 1807 1183; x_wconf 74' lang='grc' dir='ltr'><strong>χήραις⁸</strong></span> 
     </span>
    </p>
   </div>
   <div class='ocr_carea' id='block_1_17' title="bbox 1890 1110 3500 1183">
    <p class='ocr_par' dir='ltr' id='par_1_17' title="bbox 1918 1110 3500 1181">
     <span class='ocr_line' id='line_1_17' title="bbox 1918 1110 3500 1181; baseline -0.001 -15"><span class='ocrx_word' id='word_1_128' title='bbox 1918 1118 2134 1166; x_wconf 85' lang='lat' dir='ltr'><strong>menter</strong></span> <span class='ocrx_word' id='word_1_129' title='bbox 2180 1110 2526 1179; x_wconf 82' lang='lat' dir='ltr'><strong>damnamus,</strong></span> <span class='ocrx_word' id='word_1_130' title='bbox 2576 1112 2672 1181; x_wconf 91' lang='lat' dir='ltr'><strong>qui</strong></span> <span class='ocrx_word' id='word_1_131' title='bbox 2721 1119 2777 1165; x_wconf 90' lang='lat' dir='ltr'><strong>et</strong></span> <span class='ocrx_word' id='word_1_132' title='bbox 2815 1113 3059 1181; x_wconf 83' lang='lat' dir='ltr'><strong>nuptias,</strong></span> <span class='ocrx_word' id='word_1_133' title='bbox 3093 1120 3151 1166; x_wconf 87' lang='lat' dir='ltr'><strong>et</strong></span> <span class='ocrx_word' id='word_1_134' title='bbox 3196 1112 3500 1166; x_wconf 90' lang='lat' dir='ltr'><strong>liberorum</strong></span> 
     </span>
    </p>
   </div>
   <div class='ocr_carea' id='block_1_18' title="bbox 216 1198 1826 1273">
    <p class='ocr_par' dir='ltr' id='par_1_18' title="bbox 216 1202 1811 1273">
     <span class='ocr_line' id='line_1_18' title="bbox 216 1202 1811 1273; baseline -0.003 -11"><span class='ocrx_word' id='word_1_135' title='bbox 216 1207 405 1262; x_wconf 78' lang='grc' dir='ltr'>Καλὸν</span> <span class='ocrx_word' id='word_1_136' title='bbox 434 1205 618 1267; x_wconf 79' lang='grc' dir='ltr'>αὐτοῖς</span> <span class='ocrx_word' id='word_1_137' title='bbox 647 1206 797 1257; x_wconf 75' lang='grc' dir='ltr'>ἐστιν</span> <span class='ocrx_word' id='word_1_138' title='bbox 828 1203 922 1255; x_wconf 85' lang='grc' dir='ltr'><strong>ὲάν</strong></span> <span class='ocrx_word' id='word_1_139' title='bbox 952 1202 1206 1273; x_wconf 85' lang='grc' dir='ltr'>μείνωσιν</span> <span class='ocrx_word' id='word_1_140' title='bbox 1232 1202 1307 1266; x_wconf 83' lang='grc' dir='ltr'>ὼς</span> <span class='ocrx_word' id='word_1_141' title='bbox 1341 1202 1496 1271; x_wconf 87' lang='grc' dir='ltr'>κάγώ</span> <span class='ocrx_word' id='word_1_142' title='bbox 1520 1220 1532 1233; x_wconf 87' lang='grc'><strong>·</strong></span> <span class='ocrx_word' id='word_1_143' title='bbox 1560 1205 1608 1256; x_wconf 87' lang='grc' dir='ltr'><strong>εί</strong></span> <span class='ocrx_word' id='word_1_144' title='bbox 1628 1205 1682 1257; x_wconf 80' lang='grc' dir='ltr'>δὲ</span> <span class='ocrx_word' id='word_1_145' title='bbox 1710 1205 1811 1258; x_wconf 85' lang='grc' dir='ltr'>οὐκ</span> 
     </span>
    </p>
   </div>
   <div class='ocr_carea' id='block_1_19' title="bbox 1893 1198 3503 1273">
    <p class='ocr_par' dir='ltr' id='par_1_19' title="bbox 1918 1198 3503 1271">
     <span class='ocr_line' id='line_1_19' title="bbox 1918 1198 3503 1271; baseline 0.001 -20"><span class='ocrx_word' id='word_1_146' title='bbox 1918 1198 2359 1269; x_wconf 84' lang='lat' dir='ltr'><strong>procreationem</strong></span> <span class='ocrx_word' id='word_1_147' title='bbox 2399 1200 2564 1254; x_wconf 83' lang='lat' dir='ltr'><strong>vitari</strong></span> <span class='ocrx_word' id='word_1_148' title='bbox 2597 1200 2815 1271; x_wconf 89' lang='lat' dir='ltr'><strong>jnbent.</strong></span> <span class='ocrx_word' id='word_1_149' title='bbox 2865 1199 2971 1266; x_wconf 85' lang='lat' dir='ltr'><strong>Qui</strong></span> <span class='ocrx_word' id='word_1_150' title='bbox 3007 1200 3155 1265; x_wconf 82' lang='lat' dir='ltr'><strong>enim</strong></span> <span class='ocrx_word' id='word_1_151' title='bbox 3200 1199 3503 1253; x_wconf 83' lang='lat' dir='ltr'><strong>humanam</strong></span> 
     </span>
    </p>
   </div>
   <div class='ocr_carea' id='block_1_20' title="bbox 216 1289 1826 1370">
    <p class='ocr_par' dir='ltr' id='par_1_20' title="bbox 216 1294 1804 1370">
     <span class='ocr_line' id='line_1_20' title="bbox 216 1294 1804 1370; baseline -0.004 -16"><span class='ocrx_word' id='word_1_152' title='bbox 216 1298 647 1370; x_wconf 67' lang='grc' dir='ltr'>ἐγκρατεύονται</span> <span class='ocrx_word' id='word_1_153' title='bbox 678 1334 693 1358; x_wconf 84' lang='grc'><strong>,</strong></span> <span class='ocrx_word' id='word_1_154' title='bbox 774 1294 1203 1363; x_wconf 83' lang='grc' dir='ltr'>γαμησάτωσαν.</span> <span class='ocrx_word' id='word_1_155' title='bbox 1251 1312 1269 1344; x_wconf 76' lang='grc' dir='ltr'><strong>ι</strong></span> <span class='ocrx_word' id='word_1_156' title='bbox 1333 1295 1444 1347; x_wconf 70' lang='grc' dir='ltr'><strong>Καὶ</strong></span> <span class='ocrx_word' id='word_1_157' title='bbox 1519 1294 1745 1365; x_wconf 81' lang='grc' dir='ltr'>ἑτέρωθι</span> <span class='ocrx_word' id='word_1_158' title='bbox 1792 1311 1804 1324; x_wconf 94' lang='grc'><strong>·</strong></span> 
     </span>
    </p>
   </div>
   <div class='ocr_carea' id='block_1_21' title="bbox 1894 1289 3504 1370">
    <p class='ocr_par' dir='ltr' id='par_1_21' title="bbox 1916 1289 3504 1361">
     <span class='ocr_line' id='line_1_21' title="bbox 1916 1289 3504 1361; baseline 0.001 -18"><span class='ocrx_word' id='word_1_159' title='bbox 1916 1289 2237 1344; x_wconf 86' lang='lat' dir='ltr'><strong>felicitatem</strong></span> <span class='ocrx_word' id='word_1_160' title='bbox 2254 1291 2534 1360; x_wconf 88' lang='lat' dir='ltr'><strong>voluptate</strong></span> <span class='ocrx_word' id='word_1_161' title='bbox 2551 1292 2943 1356; x_wconf 87' lang='lat' dir='ltr'><strong>metiebantur,</strong></span> <span class='ocrx_word' id='word_1_162' title='bbox 2962 1290 3232 1361; x_wconf 83' lang='lat' dir='ltr'><strong>quidquid</strong></span> <span class='ocrx_word' id='word_1_163' title='bbox 3245 1304 3504 1345; x_wconf 88' lang='lat' dir='ltr'><strong>curarum</strong></span> 
     </span>
    </p>
   </div>
   <div class='ocr_carea' id='block_1_22' title="bbox 222 1381 1832 1460">
    <p class='ocr_par' dir='ltr' id='par_1_22' title="bbox 222 1383 1809 1460">
     <span class='ocr_line' id='line_1_22' title="bbox 222 1383 1809 1460; baseline -0.002 -17"><span class='ocrx_word' id='word_1_164' title='bbox 222 1409 243 1443; x_wconf 73' lang='grc' dir='ltr'><strong>ι</strong></span> <span class='ocrx_word' id='word_1_165' title='bbox 276 1389 516 1460; x_wconf 87' lang='grc' dir='ltr'>Πορνεία</span> <span class='ocrx_word' id='word_1_166' title='bbox 554 1386 610 1440; x_wconf 83' lang='grc' dir='ltr'>δὲ</span> <span class='ocrx_word' id='word_1_167' title='bbox 658 1385 752 1439; x_wconf 71' lang='grc' dir='ltr'>καὶ</span> <span class='ocrx_word' id='word_1_168' title='bbox 799 1384 1115 1454; x_wconf 82' lang='grc' dir='ltr'>ἀκαθαρσία</span> <span class='ocrx_word' id='word_1_169' title='bbox 1171 1383 1245 1454; x_wconf 80' lang='grc' dir='ltr'>μὴ</span> <span class='ocrx_word' id='word_1_170' title='bbox 1269 1386 1313 1415; x_wconf 78' lang='grc'><strong>⁹¹</strong></span> <span class='ocrx_word' id='word_1_171' title='bbox 1370 1384 1722 1455; x_wconf 79' lang='grc' dir='ltr'>ὀνομαζέσθω</span> <span class='ocrx_word' id='word_1_172' title='bbox 1754 1388 1809 1440; x_wconf 77' lang='grc' dir='ltr'>ἐν</span> 
     </span>
    </p>
   </div>
   <div class='ocr_carea' id='block_1_23' title="bbox 1897 1381 3507 1460">
    <p class='ocr_par' dir='ltr' id='par_1_23' title="bbox 1917 1381 3507 1453">
     <span class='ocr_line' id='line_1_23' title="bbox 1917 1381 3507 1453; baseline 0.001 -18"><span class='ocrx_word' id='word_1_173' title='bbox 1917 1381 2126 1451; x_wconf 82' lang='lat' dir='ltr'><strong>aliquid</strong></span> <span class='ocrx_word' id='word_1_174' title='bbox 2150 1383 2234 1437; x_wconf 87' lang='lat' dir='ltr'><strong>vel</strong></span> <span class='ocrx_word' id='word_1_175' title='bbox 2274 1382 2477 1436; x_wconf 79' lang='lat' dir='ltr'><strong>fastidii</strong></span> <span class='ocrx_word' id='word_1_176' title='bbox 2519 1383 2717 1437; x_wconf 79' lang='lat' dir='ltr'><strong>aﬂ‘erre</strong></span> <span class='ocrx_word' id='word_1_177' title='bbox 2747 1392 2985 1453; x_wconf 86' lang='lat' dir='ltr'><strong>poterat,</strong></span> <span class='ocrx_word' id='word_1_178' title='bbox 3005 1383 3231 1438; x_wconf 89' lang='lat' dir='ltr'><strong>omnino</strong></span> <span class='ocrx_word' id='word_1_179' title='bbox 3247 1382 3507 1452; x_wconf 83' lang='lat' dir='ltr'><strong>repudia-</strong></span> 
     </span>
    </p>
   </div>
   <div class='ocr_carea' id='block_1_24' title="bbox 216 1472 1826 1549">
    <p class='ocr_par' dir='ltr' id='par_1_24' title="bbox 216 1473 1808 1549">
     <span class='ocr_line' id='line_1_24' title="bbox 216 1473 1808 1549; baseline -0.001 -18"><span class='ocrx_word' id='word_1_180' title='bbox 216 1480 371 1549; x_wconf 78' lang='grc' dir='ltr'>ὑμῖν,</span> <span class='ocrx_word' id='word_1_181' title='bbox 418 1474 604 1539; x_wconf 86' lang='grc' dir='ltr'>καθὼς</span> <span class='ocrx_word' id='word_1_182' title='bbox 653 1473 854 1545; x_wconf 77' lang='grc' dir='ltr'>πρέπει</span> <span class='ocrx_word' id='word_1_183' title='bbox 900 1474 1099 1541; x_wconf 84' lang='grc' dir='ltr'>ἁγίοις.</span> <span class='ocrx_word' id='word_1_184' title='bbox 1131 1473 1307 1547; x_wconf 33' lang='grc' dir='ltr'><strong>»ἒΚαὶ</strong></span> <span class='ocrx_word' id='word_1_185' title='bbox 1347 1473 1619 1543; x_wconf 80' lang='grc' dir='ltr'>ἀλλαχοῦ·</span> <span class='ocrx_word' id='word_1_186' title='bbox 1666 1495 1685 1526; x_wconf 78' lang='grc' dir='ltr'><strong>ι</strong></span> <span class='ocrx_word' id='word_1_187' title='bbox 1716 1477 1808 1545; x_wconf 82' lang='grc' dir='ltr'><strong>Μή</strong></span> 
     </span>
    </p>
   </div>
   <div class='ocr_carea' id='block_1_25' title="bbox 1898 1472 3508 1549">
    <p class='ocr_par' dir='ltr' id='par_1_25' title="bbox 1920 1472 3508 1543">
     <span class='ocr_line' id='line_1_25' title="bbox 1920 1472 3508 1543; baseline 0 -17"><span class='ocrx_word' id='word_1_188' title='bbox 1920 1481 2068 1526; x_wconf 90' lang='lat' dir='ltr'><strong>runt.</strong></span> <span class='ocrx_word' id='word_1_189' title='bbox 2094 1474 2162 1526; x_wconf 76' lang='lat' dir='ltr'><strong>At</strong></span> <span class='ocrx_word' id='word_1_190' title='bbox 2187 1472 2355 1528; x_wconf 89' lang='lat' dir='ltr'><strong>Stoici</strong></span> <span class='ocrx_word' id='word_1_191' title='bbox 2381 1474 2560 1527; x_wconf 90' lang='lat' dir='ltr'><strong>media</strong></span> <span class='ocrx_word' id='word_1_192' title='bbox 2586 1473 2826 1543; x_wconf 84' lang='lat' dir='ltr'><strong>quadam</strong></span> <span class='ocrx_word' id='word_1_193' title='bbox 2850 1474 2938 1528; x_wconf 89' lang='lat' dir='ltr'><strong>via</strong></span> <span class='ocrx_word' id='word_1_194' title='bbox 2965 1474 3336 1529; x_wconf 87' lang='lat' dir='ltr'><strong>incesserunt.</strong></span> <span class='ocrx_word' id='word_1_195' title='bbox 3360 1472 3508 1529; x_wconf 88' lang='lat' dir='ltr'><strong>Con-</strong></span> 
     </span>
    </p>
   </div>
   <div class='ocr_carea' id='block_1_26' title="bbox 214 1558 1824 1637">
    <p class='ocr_par' dir='ltr' id='par_1_26' title="bbox 214 1558 1810 1637">
     <span class='ocr_line' id='line_1_26' title="bbox 214 1558 1810 1637; baseline -0.001 -18"><span class='ocrx_word' id='word_1_196' title='bbox 214 1583 305 1630; x_wconf 88' lang='grc' dir='ltr'><strong>τις</strong></span> <span class='ocrx_word' id='word_1_197' title='bbox 330 1565 527 1637; x_wconf 88' lang='grc' dir='ltr'>πόρνος</span> <span class='ocrx_word' id='word_1_198' title='bbox 565 1563 659 1616; x_wconf 68' lang='grc' dir='ltr'>καὶ</span> <span class='ocrx_word' id='word_1_199' title='bbox 691 1561 916 1632; x_wconf 70' lang='grc' dir='ltr'>βέϐηλος</span> <span class='ocrx_word' id='word_1_200' title='bbox 933 1562 999 1625; x_wconf 78' lang='grc'><strong>⁸³,</strong></span> <span class='ocrx_word' id='word_1_201' title='bbox 1051 1560 1127 1623; x_wconf 82' lang='grc' dir='ltr'>ὡς</span> <span class='ocrx_word' id='word_1_202' title='bbox 1179 1560 1373 1615; x_wconf 84' lang='grc' dir='ltr'>Ἡσαῦ.</span> <span class='ocrx_word' id='word_1_203' title='bbox 1406 1581 1424 1613; x_wconf 70' lang='grc' dir='ltr'><strong>ι</strong></span> <span class='ocrx_word' id='word_1_204' title='bbox 1472 1562 1538 1616; x_wconf 86' lang='grc' dir='ltr'><strong>Οί</strong></span> <span class='ocrx_word' id='word_1_205' title='bbox 1585 1558 1810 1632; x_wconf 78' lang='grc' dir='ltr'>μὲνοῦν</span> 
     </span>
    </p>
   </div>
   <div class='ocr_carea' id='block_1_27' title="bbox 1894 1558 3504 1637">
    <p class='ocr_par' dir='ltr' id='par_1_27' title="bbox 1912 1558 3504 1632">
     <span class='ocr_line' id='line_1_27' title="bbox 1912 1558 3504 1632; baseline 0.004 -20"><span class='ocrx_word' id='word_1_206' title='bbox 1912 1558 2065 1629; x_wconf 85' lang='lat' dir='ltr'><strong>jugia</strong></span> <span class='ocrx_word' id='word_1_207' title='bbox 2103 1560 2273 1624; x_wconf 90' lang='lat' dir='ltr'><strong>enim,</strong></span> <span class='ocrx_word' id='word_1_208' title='bbox 2312 1575 2377 1616; x_wconf 93' lang='lat' dir='ltr'><strong>ac</strong></span> <span class='ocrx_word' id='word_1_209' title='bbox 2415 1560 2721 1616; x_wconf 90' lang='lat' dir='ltr'><strong>liberorum</strong></span> <span class='ocrx_word' id='word_1_210' title='bbox 2752 1563 3188 1632; x_wconf 86' lang='lat' dir='ltr'><strong>susceptionem,</strong></span> <span class='ocrx_word' id='word_1_211' title='bbox 3229 1563 3376 1617; x_wconf 89' lang='lat' dir='ltr'><strong>inter</strong></span> <span class='ocrx_word' id='word_1_212' title='bbox 3416 1564 3504 1618; x_wconf 89' lang='lat' dir='ltr'><strong>in-</strong></span> 
     </span>
    </p>
   </div>
   <div class='ocr_carea' id='block_1_28' title="bbox 212 1650 1822 1729">
    <p class='ocr_par' dir='ltr' id='par_1_28' title="bbox 212 1652 1809 1729">
     <span class='ocr_line' id='line_1_28' title="bbox 212 1652 1809 1729; baseline 0.001 -20"><span class='ocrx_word' id='word_1_213' title='bbox 212 1657 477 1729; x_wconf 82' lang='grc' dir='ltr'>ήμέτεροι</span> <span class='ocrx_word' id='word_1_214' title='bbox 514 1652 826 1709; x_wconf 86' lang='grc' dir='ltr'>διδάσκαλοι</span> <span class='ocrx_word' id='word_1_215' title='bbox 854 1652 946 1706; x_wconf 81' lang='grc' dir='ltr'><strong>τὸν</strong></span> <span class='ocrx_word' id='word_1_216' title='bbox 974 1653 1212 1721; x_wconf 79' lang='grc' dir='ltr'>λογικοῖς</span> <span class='ocrx_word' id='word_1_217' title='bbox 1233 1654 1511 1725; x_wconf 82' lang='grc' dir='ltr'>πρέποντα</span> <span class='ocrx_word' id='word_1_218' title='bbox 1527 1655 1809 1727; x_wconf 84' lang='grc' dir='ltr'>διεθεσμο-</span> 
     </span>
    </p>
   </div>
   <div class='ocr_carea' id='block_1_29' title="bbox 1896 1650 3506 1729">
    <p class='ocr_par' dir='ltr' id='par_1_29' title="bbox 1917 1650 3506 1709">
     <span class='ocr_line' id='line_1_29' title="bbox 1917 1650 3506 1709; baseline 0.003 -5"><span class='ocrx_word' id='word_1_219' title='bbox 1917 1650 2228 1705; x_wconf 75' lang='lat' dir='ltr'><strong>differentia</strong></span> <span class='ocrx_word' id='word_1_220' title='bbox 2298 1665 2720 1708; x_wconf 86' lang='lat' dir='ltr'><strong>recensuerunt.</strong></span> <span class='ocrx_word' id='word_1_221' title='bbox 2787 1653 2968 1709; x_wconf 63' lang='lat' dir='ltr'><strong>Sacrae</strong></span> <span class='ocrx_word' id='word_1_222' title='bbox 3027 1663 3215 1709; x_wconf 88' lang='lat' dir='ltr'><strong>autem</strong></span> <span class='ocrx_word' id='word_1_223' title='bbox 3282 1654 3506 1709; x_wconf 60' lang='lat' dir='ltr'><strong>Littera</strong></span> 
     </span>
    </p>
   </div>
   <div class='ocr_carea' id='block_1_30' title="bbox 215 1738 1825 1819">
    <p class='ocr_par' dir='ltr' id='par_1_30' title="bbox 215 1738 1807 1819">
     <span class='ocr_line' id='line_1_30' title="bbox 215 1738 1807 1819; baseline -0.001 -16"><span class='ocrx_word' id='word_1_224' title='bbox 215 1750 457 1819; x_wconf 84' lang='grc' dir='ltr'>θέτησαν</span> <span class='ocrx_word' id='word_1_225' title='bbox 495 1748 609 1819; x_wconf 88' lang='grc' dir='ltr'>βίον</span> <span class='ocrx_word' id='word_1_226' title='bbox 643 1763 658 1778; x_wconf 78' lang='grc' dir='ltr'><strong><em>ο</em></strong></span> <span class='ocrx_word' id='word_1_227' title='bbox 690 1738 741 1800; x_wconf 82' lang='grc' dir='ltr'>οἱ</span> <span class='ocrx_word' id='word_1_228' title='bbox 771 1745 828 1799; x_wconf 69' lang='grc' dir='ltr'>δὲ</span> <span class='ocrx_word' id='word_1_229' title='bbox 860 1744 965 1799; x_wconf 81' lang='grc' dir='ltr'><strong>τῶν</strong></span> <span class='ocrx_word' id='word_1_230' title='bbox 996 1745 1303 1815; x_wconf 86' lang='grc' dir='ltr'>φιλοσόφων</span> <span class='ocrx_word' id='word_1_231' title='bbox 1339 1746 1551 1815; x_wconf 80' lang='grc' dir='ltr'>ἄριστοι</span> <span class='ocrx_word' id='word_1_232' title='bbox 1581 1748 1676 1801; x_wconf 71' lang='grc' dir='ltr'>καὶ</span> <span class='ocrx_word' id='word_1_233' title='bbox 1706 1750 1807 1801; x_wconf 86' lang='grc' dir='ltr'><strong>αὐ-</strong></span> 
     </span>
    </p>
   </div>
   <div class='ocr_carea' id='block_1_31' title="bbox 1897 1738 3507 1819">
    <p class='ocr_par' dir='ltr' id='par_1_31' title="bbox 1917 1740 3507 1815">
     <span class='ocr_line' id='line_1_31' title="bbox 1917 1740 3507 1815; baseline 0.003 -20"><span class='ocrx_word' id='word_1_234' title='bbox 1917 1740 2299 1803; x_wconf 84' lang='lat' dir='ltr'><strong>castimoniam</strong></span> <span class='ocrx_word' id='word_1_235' title='bbox 2355 1744 2579 1812; x_wconf 87' lang='lat' dir='ltr'><strong>quidem</strong></span> <span class='ocrx_word' id='word_1_236' title='bbox 2622 1744 2851 1799; x_wconf 89' lang='lat' dir='ltr'><strong>laudant</strong></span> <span class='ocrx_word' id='word_1_237' title='bbox 2904 1746 3269 1815; x_wconf 74' lang='lat' dir='ltr'><strong>philosophiae</strong></span> <span class='ocrx_word' id='word_1_238' title='bbox 3320 1744 3507 1799; x_wconf 89' lang='lat' dir='ltr'><strong>studio</strong></span> 
     </span>
    </p>
   </div>
   <div class='ocr_carea' id='block_1_32' title="bbox 210 1835 1820 1909">
    <p class='ocr_par' dir='ltr' id='par_1_32' title="bbox 210 1835 1805 1909">
     <span class='ocr_line' id='line_1_32' title="bbox 210 1835 1805 1909; baseline -0.001 -16"><span class='ocrx_word' id='word_1_239' title='bbox 210 1838 302 1893; x_wconf 76' lang='grc' dir='ltr'>τοὶ</span> <span class='ocrx_word' id='word_1_240' title='bbox 327 1841 445 1901; x_wconf 84' lang='grc' dir='ltr'>ταῖς</span> <span class='ocrx_word' id='word_1_241' title='bbox 488 1838 705 1909; x_wconf 81' lang='grc' dir='ltr'>ἡδοναῖς</span> <span class='ocrx_word' id='word_1_242' title='bbox 751 1835 1146 1906; x_wconf 75' lang='grc' dir='ltr'>ἐδουλώθησαν,</span> <span class='ocrx_word' id='word_1_243' title='bbox 1184 1836 1276 1889; x_wconf 77' lang='grc' dir='ltr'>καὶ</span> <span class='ocrx_word' id='word_1_244' title='bbox 1313 1837 1511 1907; x_wconf 87' lang='grc' dir='ltr'>νόμους</span> <span class='ocrx_word' id='word_1_245' title='bbox 1558 1838 1805 1908; x_wconf 78' lang='grc' dir='ltr'>ἔγραψαν</span> 
     </span>
    </p>
   </div>
   <div class='ocr_carea' id='block_1_33' title="bbox 1893 1835 3503 1909">
    <p class='ocr_par' dir='ltr' id='par_1_33' title="bbox 1909 1835 3503 1905">
     <span class='ocr_line' id='line_1_33' title="bbox 1909 1835 3503 1905; baseline 0.002 -20"><span class='ocrx_word' id='word_1_246' title='bbox 1909 1841 2243 1901; x_wconf 89' lang='lat' dir='ltr'><strong>susceptam,</strong></span> <span class='ocrx_word' id='word_1_247' title='bbox 2278 1841 2338 1887; x_wconf 91' lang='lat' dir='ltr'><strong>ut</strong></span> <span class='ocrx_word' id='word_1_248' title='bbox 2367 1849 2489 1903; x_wconf 72' lang='lat' dir='ltr'><strong>qua:</strong></span> <span class='ocrx_word' id='word_1_249' title='bbox 2521 1836 2690 1889; x_wconf 88' lang='lat' dir='ltr'><strong>vitam</strong></span> <span class='ocrx_word' id='word_1_250' title='bbox 2712 1836 2954 1905; x_wconf 69' lang='lat' dir='ltr'><strong>praebeat</strong></span> <span class='ocrx_word' id='word_1_251' title='bbox 2984 1852 3014 1890; x_wconf 91' lang='lat' dir='ltr'><strong>a</strong></span> <span class='ocrx_word' id='word_1_252' title='bbox 3042 1837 3193 1891; x_wconf 89' lang='lat' dir='ltr'><strong>curis</strong></span> <span class='ocrx_word' id='word_1_253' title='bbox 3218 1835 3453 1890; x_wconf 86' lang='lat' dir='ltr'><strong>liberam</strong></span> <span class='ocrx_word' id='word_1_254' title='bbox 3489 1856 3503 1887; x_wconf 87' lang='lat'><strong>:</strong></span> 
     </span>
    </p>
   </div>
   <div class='ocr_carea' id='block_1_34' title="bbox 208 1926 1818 1999">
    <p class='ocr_par' dir='ltr' id='par_1_34' title="bbox 208 1926 1809 1999">
     <span class='ocr_line' id='line_1_34' title="bbox 208 1926 1809 1999; baseline 0 -16"><span class='ocrx_word' id='word_1_255' title='bbox 208 1927 516 1984; x_wconf 70' lang='grc' dir='ltr'>ἀκολασίαν</span> <span class='ocrx_word' id='word_1_256' title='bbox 554 1926 903 1991; x_wconf 78' lang='grc' dir='ltr'>διδάσκοντας</span> <span class='ocrx_word' id='word_1_257' title='bbox 934 1942 948 1955; x_wconf 89' lang='grc'><strong>·</strong></span> <span class='ocrx_word' id='word_1_258' title='bbox 984 1926 1216 1980; x_wconf 81' lang='grc' dir='ltr'>τοιοῦτοι</span> <span class='ocrx_word' id='word_1_259' title='bbox 1240 1926 1352 1997; x_wconf 86' lang='grc' dir='ltr'><strong>γὰρ</strong></span> <span class='ocrx_word' id='word_1_260' title='bbox 1377 1929 1427 1981; x_wconf 82' lang='grc' dir='ltr'>οἱ</span> <span class='ocrx_word' id='word_1_261' title='bbox 1462 1930 1589 1999; x_wconf 73' lang='grc' dir='ltr'>περὶ</span> <span class='ocrx_word' id='word_1_262' title='bbox 1614 1931 1809 1999; x_wconf 92' lang='grc' dir='ltr'>γάμων</span> 
     </span>
    </p>
   </div>
   <div class='ocr_carea' id='block_1_35' title="bbox 1897 1926 3507 1999">
    <p class='ocr_par' dir='ltr' id='par_1_35' title="bbox 1913 1927 3507 1998">
     <span class='ocr_line' id='line_1_35' title="bbox 1913 1927 3507 1998; baseline 0.003 -20"><span class='ocrx_word' id='word_1_263' title='bbox 1913 1933 2094 1978; x_wconf 85' lang='lat' dir='ltr'><strong>castas</strong></span> <span class='ocrx_word' id='word_1_264' title='bbox 2135 1940 2265 1980; x_wconf 89' lang='lat' dir='ltr'><strong>vero</strong></span> <span class='ocrx_word' id='word_1_265' title='bbox 2317 1927 2541 1994; x_wconf 86' lang='lat' dir='ltr'><strong>nuptias</strong></span> <span class='ocrx_word' id='word_1_266' title='bbox 2581 1927 2700 1997; x_wconf 89' lang='lat' dir='ltr'><strong>lege</strong></span> <span class='ocrx_word' id='word_1_267' title='bbox 2744 1928 3022 1991; x_wconf 84' lang='lat' dir='ltr'><strong>sanciunt,</strong></span> <span class='ocrx_word' id='word_1_268' title='bbox 3068 1938 3130 1982; x_wconf 91' lang='lat' dir='ltr'><strong>ut</strong></span> <span class='ocrx_word' id='word_1_269' title='bbox 3173 1944 3297 1998; x_wconf 66' lang='lat' dir='ltr'><strong>qum</strong></span> <span class='ocrx_word' id='word_1_270' title='bbox 3332 1943 3507 1997; x_wconf 86' lang='lat' dir='ltr'><strong>genus</strong></span> 
     </span>
    </p>
   </div>
   <div class='ocr_carea' id='block_1_36' title="bbox 208 2016 1818 2090">
    <p class='ocr_par' dir='ltr' id='par_1_36' title="bbox 208 2016 1807 2090">
     <span class='ocr_line' id='line_1_36' title="bbox 208 2016 1807 2090; baseline 0.001 -16"><span class='ocrx_word' id='word_1_271' title='bbox 208 2019 315 2075; x_wconf 74' lang='grc' dir='ltr'>καὶ</span> <span class='ocrx_word' id='word_1_272' title='bbox 350 2018 742 2090; x_wconf 86' lang='grc' dir='ltr'>παιδεραστίας</span> <span class='ocrx_word' id='word_1_273' title='bbox 790 2017 885 2071; x_wconf 80' lang='grc' dir='ltr'><strong>τοῦ</strong></span> <span class='ocrx_word' id='word_1_274' title='bbox 926 2016 1215 2081; x_wconf 85' lang='grc' dir='ltr'>Πλάτωνος</span> <span class='ocrx_word' id='word_1_275' title='bbox 1252 2018 1428 2087; x_wconf 83' lang='grc' dir='ltr'>νόμοι.</span> <span class='ocrx_word' id='word_1_276' title='bbox 1479 2018 1588 2072; x_wconf 73' lang='grc' dir='ltr'><strong>Καὶ</strong></span> <span class='ocrx_word' id='word_1_277' title='bbox 1625 2020 1807 2089; x_wconf 84' lang='grc' dir='ltr'>μέντοι</span> 
     </span>
    </p>
   </div>
   <div class='ocr_carea' id='block_1_37' title="bbox 1897 2016 3507 2090">
    <p class='ocr_par' dir='ltr' id='par_1_37' title="bbox 1913 2018 3507 2090">
     <span class='ocr_line' id='line_1_37' title="bbox 1913 2018 3507 2090; baseline 0.004 -21"><span class='ocrx_word' id='word_1_278' title='bbox 1913 2026 2174 2086; x_wconf 79' lang='lat' dir='ltr'><strong>augeant,</strong></span> <span class='ocrx_word' id='word_1_279' title='bbox 2209 2026 2265 2071; x_wconf 89' lang='lat' dir='ltr'><strong>et</strong></span> <span class='ocrx_word' id='word_1_280' title='bbox 2288 2035 2318 2071; x_wconf 90' lang='lat' dir='ltr'><strong>a</strong></span> <span class='ocrx_word' id='word_1_281' title='bbox 2344 2018 2575 2074; x_wconf 87' lang='lat' dir='ltr'><strong>libidine</strong></span> <span class='ocrx_word' id='word_1_282' title='bbox 2596 2020 2835 2075; x_wconf 89' lang='lat' dir='ltr'><strong>liberent</strong></span> <span class='ocrx_word' id='word_1_283' title='bbox 2857 2036 2954 2075; x_wconf 90' lang='lat' dir='ltr'><strong>eos</strong></span> <span class='ocrx_word' id='word_1_284' title='bbox 2976 2022 3072 2090; x_wconf 91' lang='lat' dir='ltr'><strong>qui</strong></span> <span class='ocrx_word' id='word_1_285' title='bbox 3100 2021 3237 2075; x_wconf 91' lang='lat' dir='ltr'><strong>casti</strong></span> <span class='ocrx_word' id='word_1_286' title='bbox 3266 2035 3388 2075; x_wconf 90' lang='lat' dir='ltr'><strong>esse</strong></span> <span class='ocrx_word' id='word_1_287' title='bbox 3410 2036 3507 2074; x_wconf 86' lang='lat' dir='ltr'><strong>vo-</strong></span> 
     </span>
    </p>
   </div>
   <div class='ocr_carea' id='block_1_38' title="bbox 209 2104 1819 2181">
    <p class='ocr_par' dir='ltr' id='par_1_38' title="bbox 209 2104 1807 2181">
     <span class='ocr_line' id='line_1_38' title="bbox 209 2104 1807 2181; baseline -0.001 -16"><span class='ocrx_word' id='word_1_288' title='bbox 209 2104 473 2181; x_wconf 66' lang='grc' dir='ltr'>καῖπερὶ</span> <span class='ocrx_word' id='word_1_289' title='bbox 498 2111 680 2179; x_wconf 79' lang='grc' dir='ltr'>φιλίας</span> <span class='ocrx_word' id='word_1_290' title='bbox 722 2110 1052 2178; x_wconf 80' lang='grc' dir='ltr'>Ἱππόδαμος</span> <span class='ocrx_word' id='word_1_291' title='bbox 1079 2112 1107 2162; x_wconf 88' lang='lat'><strong>6</strong></span> <span class='ocrx_word' id='word_1_292' title='bbox 1139 2109 1511 2179; x_wconf 85' lang='grc' dir='ltr'>Πυθαγόρειος</span> <span class='ocrx_word' id='word_1_293' title='bbox 1542 2110 1685 2164; x_wconf 78' lang='grc' dir='ltr'>οὕτω</span> <span class='ocrx_word' id='word_1_294' title='bbox 1713 2112 1807 2179; x_wconf 84' lang='grc' dir='ltr'>γέ-</span> 
     </span>
    </p>
   </div>
   <div class='ocr_carea' id='block_1_39' title="bbox 1896 2104 3506 2181">
    <p class='ocr_par' dir='ltr' id='par_1_39' title="bbox 1912 2104 3506 2174">
     <span class='ocr_line' id='line_1_39' title="bbox 1912 2104 3506 2174; baseline 0.004 -14"><span class='ocrx_word' id='word_1_295' title='bbox 1912 2107 2054 2161; x_wconf 90' lang='lat' dir='ltr'><strong>lunt.</strong></span> <span class='ocrx_word' id='word_1_296' title='bbox 2086 2107 2532 2163; x_wconf 87' lang='lat' dir='ltr'><strong>Fornicationem</strong></span> <span class='ocrx_word' id='word_1_297' title='bbox 2572 2127 2725 2174; x_wconf 89' lang='lat' dir='ltr'><strong>vero,</strong></span> <span class='ocrx_word' id='word_1_298' title='bbox 2764 2120 2822 2165; x_wconf 91' lang='lat' dir='ltr'><strong>et</strong></span> <span class='ocrx_word' id='word_1_299' title='bbox 2852 2112 3015 2166; x_wconf 87' lang='lat' dir='ltr'><strong>aliam</strong></span> <span class='ocrx_word' id='word_1_300' title='bbox 3049 2104 3271 2166; x_wconf 82' lang='lat' dir='ltr'><strong>omnem</strong></span> <span class='ocrx_word' id='word_1_301' title='bbox 3312 2111 3506 2166; x_wconf 83' lang='lat' dir='ltr'><strong>incon-</strong></span> 
     </span>
    </p>
   </div>
   <div class='ocr_carea' id='block_1_40' title="bbox 207 2184 1817 2273">
    <p class='ocr_par' dir='ltr' id='par_1_40' title="bbox 207 2198 1809 2273">
     <span class='ocr_line' id='line_1_40' title="bbox 207 2198 1809 2273; baseline -0.001 -19"><span class='ocrx_word' id='word_1_302' title='bbox 207 2218 432 2273; x_wconf 83' lang='grc' dir='ltr'>γραφεν</span> <span class='ocrx_word' id='word_1_303' title='bbox 471 2217 483 2230; x_wconf 90' lang='grc'><strong>·</strong></span> <span class='ocrx_word' id='word_1_304' title='bbox 534 2218 555 2252; x_wconf 76' lang='grc' dir='ltr'><strong>ι</strong></span> <span class='ocrx_word' id='word_1_305' title='bbox 593 2201 655 2253; x_wconf 78' lang='grc' dir='ltr'><strong>Ἀ</strong></span> <span class='ocrx_word' id='word_1_306' title='bbox 688 2200 811 2270; x_wconf 80' lang='grc' dir='ltr'>μὲν,</span> <span class='ocrx_word' id='word_1_307' title='bbox 841 2198 903 2264; x_wconf 72' lang='grc' dir='ltr'>ἐξ</span> <span class='ocrx_word' id='word_1_308' title='bbox 935 2199 1247 2268; x_wconf 69' lang='grc' dir='ltr'>ἑπιστάμας</span> <span class='ocrx_word' id='word_1_309' title='bbox 1270 2199 1316 2231; x_wconf 75' lang='grc'>³³</span> <span class='ocrx_word' id='word_1_310' title='bbox 1355 2199 1492 2253; x_wconf 83' lang='grc' dir='ltr'>θεῶν</span> <span class='ocrx_word' id='word_1_311' title='bbox 1518 2217 1531 2230; x_wconf 90' lang='grc'><strong>·</strong></span> <span class='ocrx_word' id='word_1_312' title='bbox 1575 2201 1611 2253; x_wconf 87' lang='grc' dir='ltr'><strong>ἀ</strong></span> <span class='ocrx_word' id='word_1_313' title='bbox 1642 2199 1716 2263; x_wconf 77' lang='grc' dir='ltr'>δὲ,</span> <span class='ocrx_word' id='word_1_314' title='bbox 1744 2200 1809 2253; x_wconf 83' lang='grc' dir='ltr'>ἐκ</span> 
     </span>
    </p>
   </div>
   <div class='ocr_carea' id='block_1_41' title="bbox 1895 2184 3505 2273">
    <p class='ocr_par' dir='ltr' id='par_1_41' title="bbox 1913 2184 3505 2272">
     <span class='ocr_line' id='line_1_41' title="bbox 1913 2184 3505 2272; baseline 0.004 -21"><span class='ocrx_word' id='word_1_315' title='bbox 1913 2196 2202 2251; x_wconf 89' lang='lat' dir='ltr'><strong>tinentiam</strong></span> <span class='ocrx_word' id='word_1_316' title='bbox 2244 2184 2531 2263; x_wconf 86' lang='lat' dir='ltr'><strong>damnant,</strong></span> <span class='ocrx_word' id='word_1_317' title='bbox 2565 2208 2627 2253; x_wconf 90' lang='lat' dir='ltr'><strong>ut</strong></span> <span class='ocrx_word' id='word_1_318' title='bbox 2650 2201 2847 2256; x_wconf 87' lang='lat' dir='ltr'><strong>suibus</strong></span> <span class='ocrx_word' id='word_1_319' title='bbox 2871 2210 3294 2272; x_wconf 78' lang='lat' dir='ltr'><strong>congruentem.</strong></span> <span class='ocrx_word' id='word_1_320' title='bbox 3342 2220 3360 2252; x_wconf 78' lang='grc' dir='ltr'><strong>ι</strong></span> <span class='ocrx_word' id='word_1_321' title='bbox 3389 2200 3505 2256; x_wconf 82' lang='lat' dir='ltr'><strong>Ho-</strong></span> 
     </span>
    </p>
   </div>
   <div class='ocr_carea' id='block_1_42' title="bbox 210 2279 1820 2367">
    <p class='ocr_par' dir='ltr' id='par_1_42' title="bbox 210 2289 1807 2367">
     <span class='ocr_line' id='line_1_42' title="bbox 210 2289 1807 2367; baseline -0.004 -18"><span class='ocrx_word' id='word_1_322' title='bbox 210 2294 467 2367; x_wconf 77' lang='grc' dir='ltr'>παροχᾶς</span> <span class='ocrx_word' id='word_1_323' title='bbox 503 2290 806 2363; x_wconf 84' lang='grc' dir='ltr'>ἀνθρώπων</span> <span class='ocrx_word' id='word_1_324' title='bbox 826 2306 841 2323; x_wconf 75' lang='grc'><strong><em>⁸</em></strong></span> <span class='ocrx_word' id='word_1_325' title='bbox 885 2291 922 2344; x_wconf 86' lang='grc' dir='ltr'><strong>ἀ</strong></span> <span class='ocrx_word' id='word_1_326' title='bbox 954 2289 1032 2349; x_wconf 83' lang='grc' dir='ltr'>δὲ,</span> <span class='ocrx_word' id='word_1_327' title='bbox 1064 2290 1121 2355; x_wconf 75' lang='grc' dir='ltr'><strong>ἐξ</strong></span> <span class='ocrx_word' id='word_1_328' title='bbox 1157 2289 1351 2353; x_wconf 81' lang='grc' dir='ltr'>ἁδονᾶς</span> <span class='ocrx_word' id='word_1_329' title='bbox 1382 2289 1557 2353; x_wconf 77' lang='grc' dir='ltr'>ζώων.</span> <span class='ocrx_word' id='word_1_330' title='bbox 1589 2308 1608 2341; x_wconf 75' lang='grc' dir='ltr'><strong>ι</strong></span> <span class='ocrx_word' id='word_1_331' title='bbox 1664 2289 1723 2345; x_wconf 83' lang='grc' dir='ltr'>Ὀ</span> <span class='ocrx_word' id='word_1_332' title='bbox 1752 2289 1807 2342; x_wconf 82' lang='grc' dir='ltr'>δὲ</span> 
     </span>
    </p>
   </div>
   <div class='ocr_carea' id='block_1_43' title="bbox 1898 2279 3508 2367">
    <p class='ocr_par' dir='ltr' id='par_1_43' title="bbox 1912 2279 3508 2359">
     <span class='ocr_line' id='line_1_43' title="bbox 1912 2279 3508 2359; baseline 0.004 -16"><span class='ocrx_word' id='word_1_333' title='bbox 1912 2291 2161 2345; x_wconf 89' lang='lat' dir='ltr'><strong>norabile</strong></span> <span class='ocrx_word' id='word_1_334' title='bbox 2215 2293 2363 2346; x_wconf 91' lang='lat' dir='ltr'><strong>enim</strong></span> <span class='ocrx_word' id='word_1_335' title='bbox 2416 2279 2758 2348; x_wconf 89' lang='lat' dir='ltr'><strong>connubium</strong></span> <span class='ocrx_word' id='word_1_336' title='bbox 2802 2295 2861 2349; x_wconf 89' lang='lat' dir='ltr'><strong>in</strong></span> <span class='ocrx_word' id='word_1_337' title='bbox 2905 2284 3189 2359; x_wconf 86' lang='lat' dir='ltr'><strong>omnibus,</strong></span> <span class='ocrx_word' id='word_1_338' title='bbox 3241 2302 3298 2350; x_wconf 90' lang='lat' dir='ltr'><strong>et</strong></span> <span class='ocrx_word' id='word_1_339' title='bbox 3350 2302 3508 2350; x_wconf 84' lang='lat' dir='ltr'><strong>torus</strong></span> 
     </span>
    </p>
   </div>
   <div class='ocr_carea' id='block_1_44' title="bbox 209 2381 1819 2457">
    <p class='ocr_par' dir='ltr' id='par_1_44' title="bbox 209 2381 1802 2456">
     <span class='ocr_line' id='line_1_44' title="bbox 209 2381 1802 2456; baseline -0.004 -17"><span class='ocrx_word' id='word_1_340' title='bbox 209 2385 498 2456; x_wconf 74' lang='grc' dir='ltr'>Δεσπότης</span> <span class='ocrx_word' id='word_1_341' title='bbox 514 2382 749 2455; x_wconf 75' lang='grc' dir='ltr'>Χριστὸς</span> <span class='ocrx_word' id='word_1_342' title='bbox 782 2383 840 2434; x_wconf 75' lang='grc' dir='ltr'>ὲν</span> <span class='ocrx_word' id='word_1_343' title='bbox 875 2382 990 2443; x_wconf 84' lang='grc' dir='ltr'>τοῖς</span> <span class='ocrx_word' id='word_1_344' title='bbox 1032 2382 1198 2450; x_wconf 84' lang='grc' dir='ltr'>ίεροῖς</span> <span class='ocrx_word' id='word_1_345' title='bbox 1237 2381 1758 2451; x_wconf 69' lang='grc' dir='ltr'>Εὐαγγελίοιςι-φησί</span> <span class='ocrx_word' id='word_1_346' title='bbox 1789 2397 1802 2411; x_wconf 90' lang='grc'><strong>·</strong></span> 
     </span>
    </p>
   </div>
   <div class='ocr_carea' id='block_1_45' title="bbox 1897 2381 3507 2457">
    <p class='ocr_par' dir='ltr' id='par_1_45' title="bbox 1913 2382 3507 2457">
     <span class='ocr_line' id='line_1_45' title="bbox 1913 2382 3507 2457; baseline 0.004 -21"><span class='ocrx_word' id='word_1_347' title='bbox 1913 2382 2329 2449; x_wconf 89' lang='lat' dir='ltr'><strong>immaculatus,</strong></span> <span class='ocrx_word' id='word_1_348' title='bbox 2373 2386 2450 2438; x_wconf 89' lang='lat' dir='ltr'><strong>ait</strong></span> <span class='ocrx_word' id='word_1_349' title='bbox 2496 2384 2717 2441; x_wconf 90' lang='lat' dir='ltr'><strong>divinus</strong></span> <span class='ocrx_word' id='word_1_350' title='bbox 2766 2388 3094 2457; x_wconf 86' lang='lat' dir='ltr'><strong>Apostolus;</strong></span> <span class='ocrx_word' id='word_1_351' title='bbox 3144 2387 3507 2443; x_wconf 78' lang='lat' dir='ltr'><strong>fornicatores</strong></span> 
     </span>
    </p>
   </div>
   <div class='ocr_carea' id='block_1_46' title="bbox 215 2470 1825 2549">
    <p class='ocr_par' dir='ltr' id='par_1_46' title="bbox 215 2470 1809 2542">
     <span class='ocr_line' id='line_1_46' title="bbox 215 2470 1809 2542; baseline -0.003 -15"><span class='ocrx_word' id='word_1_352' title='bbox 215 2494 238 2527; x_wconf 74' lang='grc' dir='ltr'><strong>ε</strong></span> <span class='ocrx_word' id='word_1_353' title='bbox 264 2473 505 2539; x_wconf 77' lang='grc' dir='ltr'>Μείζονα</span> <span class='ocrx_word' id='word_1_354' title='bbox 530 2473 734 2542; x_wconf 79' lang='grc' dir='ltr'>ταύτης</span> <span class='ocrx_word' id='word_1_355' title='bbox 764 2471 986 2539; x_wconf 82' lang='grc' dir='ltr'>ἀγάπην</span> <span class='ocrx_word' id='word_1_356' title='bbox 1014 2470 1187 2533; x_wconf 76' lang='grc' dir='ltr'>οὐδεὶς</span> <span class='ocrx_word' id='word_1_357' title='bbox 1232 2471 1456 2524; x_wconf 78' lang='grc' dir='ltr'>δύναται</span> <span class='ocrx_word' id='word_1_358' title='bbox 1486 2472 1677 2535; x_wconf 82' lang='grc' dir='ltr'>δεῖξαι,</span> <span class='ocrx_word' id='word_1_359' title='bbox 1723 2471 1809 2525; x_wconf 74' lang='grc' dir='ltr'>ἵνα</span> 
     </span>
    </p>
   </div>
   <div class='ocr_carea' id='block_1_47' title="bbox 1892 2470 3502 2549">
    <p class='ocr_par' dir='ltr' id='par_1_47' title="bbox 1913 2476 3502 2549">
     <span class='ocr_line' id='line_1_47' title="bbox 1913 2476 3502 2549; baseline 0.004 -22"><span class='ocrx_word' id='word_1_360' title='bbox 1913 2482 2098 2529; x_wconf 87' lang='lat' dir='ltr'><strong>autem</strong></span> <span class='ocrx_word' id='word_1_361' title='bbox 2126 2484 2180 2529; x_wconf 91' lang='lat' dir='ltr'><strong>et</strong></span> <span class='ocrx_word' id='word_1_362' title='bbox 2204 2476 2488 2531; x_wconf 89' lang='lat' dir='ltr'><strong>adulteros</strong></span> <span class='ocrx_word' id='word_1_363' title='bbox 2511 2478 2786 2546; x_wconf 81' lang='lat' dir='ltr'><strong>jndicabit</strong></span> <span class='ocrx_word' id='word_1_364' title='bbox 2822 2479 2970 2533; x_wconf 86' lang='lat' dir='ltr'><strong>Deus</strong></span> <span class='ocrx_word' id='word_1_365' title='bbox 3006 2482 3049 2532; x_wconf 73' lang='grc' dir='ltr'><strong>ί.</strong></span> <span class='ocrx_word' id='word_1_366' title='bbox 3086 2498 3102 2530; x_wconf 76' lang='grc' dir='ltr'><strong>ι</strong></span> <span class='ocrx_word' id='word_1_367' title='bbox 3137 2480 3502 2549; x_wconf 78' lang='lat' dir='ltr'><strong>Rursusque:</strong></span> 
     </span>
    </p>
   </div>
   <div class='ocr_carea' id='block_1_48' title="bbox 206 2560 1816 2639">
    <p class='ocr_par' dir='ltr' id='par_1_48' title="bbox 206 2560 1807 2637">
     <span class='ocr_line' id='line_1_48' title="bbox 206 2560 1807 2637; baseline -0.004 -17"><span class='ocrx_word' id='word_1_368' title='bbox 206 2584 303 2630; x_wconf 86' lang='grc' dir='ltr'><strong>τις</strong></span> <span class='ocrx_word' id='word_1_369' title='bbox 331 2566 397 2637; x_wconf 77' lang='grc' dir='ltr'>θῇ</span> <span class='ocrx_word' id='word_1_370' title='bbox 426 2567 526 2636; x_wconf 81' lang='grc' dir='ltr'>τὴν</span> <span class='ocrx_word' id='word_1_371' title='bbox 553 2564 731 2634; x_wconf 77' lang='grc' dir='ltr'>ψυχὴν</span> <span class='ocrx_word' id='word_1_372' title='bbox 761 2562 928 2616; x_wconf 79' lang='grc' dir='ltr'>αὐτοῦ</span> <span class='ocrx_word' id='word_1_373' title='bbox 954 2562 1094 2631; x_wconf 80' lang='grc' dir='ltr'>ὑπὲρ</span> <span class='ocrx_word' id='word_1_374' title='bbox 1121 2560 1230 2616; x_wconf 85' lang='grc' dir='ltr'><strong>τῶν</strong></span> <span class='ocrx_word' id='word_1_375' title='bbox 1258 2561 1429 2630; x_wconf 82' lang='grc' dir='ltr'>φίλων</span> <span class='ocrx_word' id='word_1_376' title='bbox 1452 2562 1639 2616; x_wconf 81' lang='grc' dir='ltr'>αὑτοῦ.</span> <span class='ocrx_word' id='word_1_377' title='bbox 1675 2582 1693 2614; x_wconf 73' lang='grc' dir='ltr'><strong>ι</strong></span> <span class='ocrx_word' id='word_1_378' title='bbox 1726 2561 1807 2615; x_wconf 86' lang='grc' dir='ltr'><strong>Τά</strong></span> 
     </span>
    </p>
   </div>
   <div class='ocr_carea' id='block_1_49' title="bbox 1898 2560 3508 2639">
    <p class='ocr_par' dir='ltr' id='par_1_49' title="bbox 1921 2565 3508 2639">
     <span class='ocr_line' id='line_1_49' title="bbox 1921 2565 3508 2639; baseline 0.006 -24"><span class='ocrx_word' id='word_1_379' title='bbox 1921 2584 1939 2615; x_wconf 76' lang='grc' dir='ltr'><strong>ι</strong></span> <span class='ocrx_word' id='word_1_380' title='bbox 1961 2565 2094 2619; x_wconf 86' lang='lat' dir='ltr'><strong>Dico</strong></span> <span class='ocrx_word' id='word_1_381' title='bbox 2130 2575 2315 2622; x_wconf 92' lang='lat' dir='ltr'><strong>autem</strong></span> <span class='ocrx_word' id='word_1_382' title='bbox 2350 2582 2460 2621; x_wconf 89' lang='lat' dir='ltr'><strong>non</strong></span> <span class='ocrx_word' id='word_1_383' title='bbox 2497 2570 2683 2639; x_wconf 87' lang='lat' dir='ltr'><strong>nuptis</strong></span> <span class='ocrx_word' id='word_1_384' title='bbox 2713 2578 2771 2625; x_wconf 91' lang='lat' dir='ltr'><strong>et</strong></span> <span class='ocrx_word' id='word_1_385' title='bbox 2792 2569 2978 2623; x_wconf 88' lang='lat' dir='ltr'><strong>viduis</strong></span> <span class='ocrx_word' id='word_1_386' title='bbox 3004 2588 3016 2623; x_wconf 89' lang='lat'><strong>:</strong></span> <span class='ocrx_word' id='word_1_387' title='bbox 3038 2570 3251 2625; x_wconf 89' lang='lat' dir='ltr'><strong>Bonum</strong></span> <span class='ocrx_word' id='word_1_388' title='bbox 3279 2578 3366 2625; x_wconf 90' lang='lat' dir='ltr'><strong>est</strong></span> <span class='ocrx_word' id='word_1_389' title='bbox 3396 2568 3508 2625; x_wconf 80' lang='lat' dir='ltr'><strong>illis</strong></span> 
     </span>
    </p>
   </div>
   <div class='ocr_carea' id='block_1_50' title="bbox 206 2652 1816 2734">
    <p class='ocr_par' dir='ltr' id='par_1_50' title="bbox 206 2652 1808 2724">
     <span class='ocr_line' id='line_1_50' title="bbox 206 2652 1808 2724; baseline -0.001 -13"><span class='ocrx_word' id='word_1_390' title='bbox 206 2656 526 2713; x_wconf 76' lang='grc' dir='ltr'>τελεώτατα</span> <span class='ocrx_word' id='word_1_391' title='bbox 553 2656 893 2710; x_wconf 81' lang='grc' dir='ltr'>ὲκπαιδεύων</span> <span class='ocrx_word' id='word_1_392' title='bbox 915 2655 960 2688; x_wconf 75' lang='grc'><strong>⁸⁸</strong></span> <span class='ocrx_word' id='word_1_393' title='bbox 983 2655 1077 2708; x_wconf 71' lang='grc' dir='ltr'>καὶ</span> <span class='ocrx_word' id='word_1_394' title='bbox 1101 2654 1229 2717; x_wconf 79' lang='grc' dir='ltr'>τοὺς</span> <span class='ocrx_word' id='word_1_395' title='bbox 1263 2652 1490 2724; x_wconf 70' lang='grc' dir='ltr'>ἐχθροὺς</span> <span class='ocrx_word' id='word_1_396' title='bbox 1520 2654 1808 2709; x_wconf 79' lang='grc' dir='ltr'>ἐκέλευσεν</span> 
     </span>
    </p>
   </div>
   <div class='ocr_carea' id='block_1_51' title="bbox 1896 2652 3506 2734">
    <p class='ocr_par' dir='ltr' id='par_1_51' title="bbox 1917 2657 3506 2734">
     <span class='ocr_line' id='line_1_51' title="bbox 1917 2657 3506 2734; baseline 0.004 -23"><span class='ocrx_word' id='word_1_397' title='bbox 1917 2657 2131 2729; x_wconf 65' lang='grc'><strong>1034</strong></span> <span class='ocrx_word' id='word_1_398' title='bbox 2152 2658 2196 2712; x_wconf 91' lang='lat' dir='ltr'><strong>si</strong></span> <span class='ocrx_word' id='word_1_399' title='bbox 2224 2658 2304 2713; x_wconf 84' lang='lat' dir='ltr'><strong>sic</strong></span> <span class='ocrx_word' id='word_1_400' title='bbox 2328 2663 2750 2729; x_wconf 87' lang='lat' dir='ltr'><strong>permanserint,</strong></span> <span class='ocrx_word' id='word_1_401' title='bbox 2778 2664 2991 2718; x_wconf 89' lang='lat' dir='ltr'><strong>sicutet</strong></span> <span class='ocrx_word' id='word_1_402' title='bbox 3019 2679 3123 2734; x_wconf 83' lang='lat' dir='ltr'><strong>ego</strong></span> <span class='ocrx_word' id='word_1_403' title='bbox 3151 2680 3163 2715; x_wconf 90' lang='lat'>:</span> <span class='ocrx_word' id='word_1_404' title='bbox 3195 2662 3344 2732; x_wconf 89' lang='lat' dir='ltr'><strong>quod</strong></span> <span class='ocrx_word' id='word_1_405' title='bbox 3373 2662 3419 2716; x_wconf 87' lang='lat' dir='ltr'><strong>si</strong></span> <span class='ocrx_word' id='word_1_406' title='bbox 3446 2676 3506 2717; x_wconf 85' lang='lat' dir='ltr'><strong>se</strong></span> 
     </span>
    </p>
   </div>
   <div class='ocr_carea' id='block_1_52' title="bbox 210 2744 1820 2823">
    <p class='ocr_par' dir='ltr' id='par_1_52' title="bbox 210 2744 1810 2820">
     <span class='ocr_line' id='line_1_52' title="bbox 210 2744 1810 2820; baseline -0.004 -16"><span class='ocrx_word' id='word_1_407' title='bbox 210 2750 470 2820; x_wconf 77' lang='grc' dir='ltr'>ἀγαπᾷν·</span> <span class='ocrx_word' id='word_1_408' title='bbox 506 2750 533 2801; x_wconf 92' lang='lat'><strong>6</strong></span> <span class='ocrx_word' id='word_1_409' title='bbox 560 2747 617 2801; x_wconf 73' lang='grc' dir='ltr'>δὲ</span> <span class='ocrx_word' id='word_1_410' title='bbox 645 2748 744 2817; x_wconf 84' lang='grc' dir='ltr'>τὴν</span> <span class='ocrx_word' id='word_1_411' title='bbox 775 2745 1147 2815; x_wconf 84' lang='grc' dir='ltr'>Πυθαγόρειον</span> <span class='ocrx_word' id='word_1_412' title='bbox 1190 2744 1573 2807; x_wconf 76' lang='grc' dir='ltr'>ὲκπαιδευθεὶς</span> <span class='ocrx_word' id='word_1_413' title='bbox 1613 2762 1810 2817; x_wconf 85' lang='grc' dir='ltr'>τετρα-</span> 
     </span>
    </p>
   </div>
   <div class='ocr_carea' id='block_1_53' title="bbox 1894 2744 3504 2823">
    <p class='ocr_par' dir='ltr' id='par_1_53' title="bbox 1912 2750 3504 2823">
     <span class='ocr_line' id='line_1_53' title="bbox 1912 2750 3504 2823; baseline 0.003 -21"><span class='ocrx_word' id='word_1_414' title='bbox 1912 2764 2025 2803; x_wconf 92' lang='lat' dir='ltr'><strong>non</strong></span> <span class='ocrx_word' id='word_1_415' title='bbox 2054 2750 2360 2815; x_wconf 88' lang='lat' dir='ltr'><strong>continent,</strong></span> <span class='ocrx_word' id='word_1_416' title='bbox 2397 2753 2613 2823; x_wconf 88' lang='lat' dir='ltr'><strong>nubant</strong></span> <span class='ocrx_word' id='word_1_417' title='bbox 2654 2752 2701 2807; x_wconf 69' lang='grc' dir='ltr'>ἱ.</span> <span class='ocrx_word' id='word_1_418' title='bbox 2741 2774 2758 2806; x_wconf 72' lang='grc' dir='ltr'><strong>ι</strong></span> <span class='ocrx_word' id='word_1_419' title='bbox 2809 2756 2878 2809; x_wconf 87' lang='lat' dir='ltr'><strong>Et</strong></span> <span class='ocrx_word' id='word_1_420' title='bbox 2915 2755 3047 2810; x_wconf 89' lang='lat' dir='ltr'><strong>alibi</strong></span> <span class='ocrx_word' id='word_1_421' title='bbox 3085 2772 3097 2808; x_wconf 92' lang='lat'><strong>:</strong></span> <span class='ocrx_word' id='word_1_422' title='bbox 3135 2753 3504 2808; x_wconf 81' lang='lat' dir='ltr'><strong>rFornicatio</strong></span> 
     </span>
    </p>
   </div>
   <div class='ocr_carea' id='block_1_54' title="bbox 209 2835 1819 2911">
    <p class='ocr_par' dir='ltr' id='par_1_54' title="bbox 209 2835 1806 2911">
     <span class='ocr_line' id='line_1_54' title="bbox 209 2835 1806 2911; baseline -0.003 -17"><span class='ocrx_word' id='word_1_423' title='bbox 209 2842 353 2894; x_wconf 78' lang='grc' dir='ltr'>κτὺν</span> <span class='ocrx_word' id='word_1_424' title='bbox 374 2839 473 2908; x_wconf 78' lang='grc' dir='ltr'>τὴν</span> <span class='ocrx_word' id='word_1_425' title='bbox 503 2836 655 2911; x_wconf 70' lang='grc'><strong>[177]</strong></span> <span class='ocrx_word' id='word_1_426' title='bbox 686 2837 1039 2907; x_wconf 83' lang='grc' dir='ltr'>ἀνθρωπίνην</span> <span class='ocrx_word' id='word_1_427' title='bbox 1064 2835 1249 2904; x_wconf 84' lang='grc' dir='ltr'>φιλίαν</span> <span class='ocrx_word' id='word_1_428' title='bbox 1284 2837 1349 2888; x_wconf 81' lang='grc' dir='ltr'>ὲκ</span> <span class='ocrx_word' id='word_1_429' title='bbox 1382 2837 1631 2907; x_wconf 79' lang='grc' dir='ltr'>παροχῆς</span> <span class='ocrx_word' id='word_1_430' title='bbox 1666 2837 1806 2908; x_wconf 66' lang='grc' dir='ltr'>ὡρίη</span> 
     </span>
    </p>
   </div>
   <div class='ocr_carea' id='block_1_55' title="bbox 1898 2835 3508 2911">
    <p class='ocr_par' dir='ltr' id='par_1_55' title="bbox 1913 2844 3508 2909">
     <span class='ocr_line' id='line_1_55' title="bbox 1913 2844 3508 2909; baseline 0.004 -14"><span class='ocrx_word' id='word_1_431' title='bbox 1913 2849 2121 2904; x_wconf 90' lang='lat' dir='ltr'><strong>autem,</strong></span> <span class='ocrx_word' id='word_1_432' title='bbox 2140 2852 2196 2896; x_wconf 91' lang='lat' dir='ltr'><strong>et</strong></span> <span class='ocrx_word' id='word_1_433' title='bbox 2223 2844 2594 2909; x_wconf 89' lang='lat' dir='ltr'><strong>immunditia,</strong></span> <span class='ocrx_word' id='word_1_434' title='bbox 2615 2861 2717 2900; x_wconf 92' lang='lat' dir='ltr'><strong>nec</strong></span> <span class='ocrx_word' id='word_1_435' title='bbox 2740 2848 3059 2901; x_wconf 90' lang='lat' dir='ltr'><strong>nominetur</strong></span> <span class='ocrx_word' id='word_1_436' title='bbox 3079 2847 3135 2900; x_wconf 92' lang='lat' dir='ltr'><strong>in</strong></span> <span class='ocrx_word' id='word_1_437' title='bbox 3157 2846 3337 2909; x_wconf 91' lang='lat' dir='ltr'><strong>vobis,</strong></span> <span class='ocrx_word' id='word_1_438' title='bbox 3360 2846 3508 2901; x_wconf 78' lang='lat' dir='ltr'><strong>sicut</strong></span> 
     </span>
    </p>
   </div>
   <div class='ocr_carea' id='block_1_56' title="bbox 213 2926 1823 3007">
    <p class='ocr_par' dir='ltr' id='par_1_56' title="bbox 213 2926 1810 2997">
     <span class='ocr_line' id='line_1_56' title="bbox 213 2926 1810 2997; baseline -0.003 -13"><span class='ocrx_word' id='word_1_439' title='bbox 213 2946 352 2984; x_wconf 89' lang='grc' dir='ltr'>σατο</span> <span class='ocrx_word' id='word_1_440' title='bbox 380 2926 862 2996; x_wconf 76' lang='grc' dir='ltr'>κατορθοῦσθαιπ.</span> <span class='ocrx_word' id='word_1_441' title='bbox 894 2927 970 2980; x_wconf 82' lang='grc' dir='ltr'><strong>Οὐ</strong></span> <span class='ocrx_word' id='word_1_442' title='bbox 1006 2926 1166 2994; x_wconf 90' lang='grc' dir='ltr'>μόνον</span> <span class='ocrx_word' id='word_1_443' title='bbox 1195 2926 1252 2978; x_wconf 85' lang='grc' dir='ltr'>δὲ</span> <span class='ocrx_word' id='word_1_444' title='bbox 1283 2926 1510 2997; x_wconf 81' lang='grc' dir='ltr'>ἀπᾴδων</span> <span class='ocrx_word' id='word_1_445' title='bbox 1542 2926 1627 2979; x_wconf 83' lang='grc' dir='ltr'>ὅδε</span> <span class='ocrx_word' id='word_1_446' title='bbox 1663 2926 1691 2977; x_wconf 88' lang='lat'><strong>6</strong></span> <span class='ocrx_word' id='word_1_447' title='bbox 1722 2926 1810 2979; x_wconf 85' lang='grc' dir='ltr'><strong>λό⁴</strong></span> 
     </span>
    </p>
   </div>
   <div class='ocr_carea' id='block_1_57' title="bbox 1894 2926 3504 3007">
    <p class='ocr_par' dir='ltr' id='par_1_57' title="bbox 1913 2932 3504 3007">
     <span class='ocr_line' id='line_1_57' title="bbox 1913 2932 3504 3007; baseline 0.003 -21"><span class='ocrx_word' id='word_1_448' title='bbox 1913 2932 2075 2987; x_wconf 90' lang='lat' dir='ltr'><strong>decet</strong></span> <span class='ocrx_word' id='word_1_449' title='bbox 2121 2942 2340 2987; x_wconf 90' lang='lat' dir='ltr'><strong>sanctos</strong></span> <span class='ocrx_word' id='word_1_450' title='bbox 2377 2935 2424 2987; x_wconf 70' lang='grc' dir='ltr'>ιι.</span> <span class='ocrx_word' id='word_1_451' title='bbox 2464 2955 2481 2985; x_wconf 77' lang='grc' dir='ltr'><strong>ι</strong></span> <span class='ocrx_word' id='word_1_452' title='bbox 2537 2937 2605 2989; x_wconf 82' lang='grc' dir='ltr'>Ει</span> <span class='ocrx_word' id='word_1_453' title='bbox 2635 2936 2766 2990; x_wconf 87' lang='lat' dir='ltr'><strong>alibi</strong></span> <span class='ocrx_word' id='word_1_454' title='bbox 2804 2955 2817 2990; x_wconf 87' lang='lat'><strong>:</strong></span> <span class='ocrx_word' id='word_1_455' title='bbox 2860 2956 2878 2988; x_wconf 88' lang='grc'><em>‹</em></span> <span class='ocrx_word' id='word_1_456' title='bbox 2925 2938 3003 2991; x_wconf 88' lang='lat' dir='ltr'><strong>Ne</strong></span> <span class='ocrx_word' id='word_1_457' title='bbox 3033 2939 3157 3007; x_wconf 87' lang='lat' dir='ltr'><strong>quis</strong></span> <span class='ocrx_word' id='word_1_458' title='bbox 3196 2937 3504 2991; x_wconf 80' lang='lat' dir='ltr'><strong>fornicator</strong></span> 
     </span>
    </p>
   </div>
   <div class='ocr_carea' id='block_1_58' title="bbox 209 3016 1819 3100">
    <p class='ocr_par' dir='ltr' id='par_1_58' title="bbox 209 3016 1810 3090">
     <span class='ocr_line' id='line_1_58' title="bbox 209 3016 1810 3090; baseline 0 -20"><span class='ocrx_word' id='word_1_459' title='bbox 209 3036 333 3090; x_wconf 84' lang='grc' dir='ltr'>γος,</span> <span class='ocrx_word' id='word_1_460' title='bbox 365 3018 501 3072; x_wconf 86' lang='grc' dir='ltr'>ἀλλὰ</span> <span class='ocrx_word' id='word_1_461' title='bbox 541 3018 636 3071; x_wconf 72' lang='grc' dir='ltr'>καὶ</span> <span class='ocrx_word' id='word_1_462' title='bbox 694 3016 929 3087; x_wconf 80' lang='grc' dir='ltr'>πάμπαν</span> <span class='ocrx_word' id='word_1_463' title='bbox 950 3016 997 3048; x_wconf 75' lang='grc'><strong>’⁸</strong></span> <span class='ocrx_word' id='word_1_464' title='bbox 1036 3016 1363 3079; x_wconf 83' lang='grc' dir='ltr'>ἀσύστατος.</span> <span class='ocrx_word' id='word_1_465' title='bbox 1412 3016 1649 3079; x_wconf 83' lang='grc' dir='ltr'>Πολλοὺς</span> <span class='ocrx_word' id='word_1_466' title='bbox 1699 3017 1810 3088; x_wconf 82' lang='grc' dir='ltr'><strong>γὰρ</strong></span> 
     </span>
    </p>
   </div>
   <div class='ocr_carea' id='block_1_59' title="bbox 1891 3016 3501 3100">
    <p class='ocr_par' dir='ltr' id='par_1_59' title="bbox 1914 3023 3501 3100">
     <span class='ocr_line' id='line_1_59' title="bbox 1914 3023 3501 3100; baseline 0.005 -23"><span class='ocrx_word' id='word_1_467' title='bbox 1914 3031 2009 3077; x_wconf 90' lang='lat' dir='ltr'><strong>aut</strong></span> <span class='ocrx_word' id='word_1_468' title='bbox 2034 3023 2299 3092; x_wconf 86' lang='lat' dir='ltr'><strong>profanus</strong></span> <span class='ocrx_word' id='word_1_469' title='bbox 2325 3024 2633 3080; x_wconf 50' lang='lat' dir='ltr'><strong>sicut&#39;Esau</strong></span> <span class='ocrx_word' id='word_1_470' title='bbox 2667 3026 2707 3081; x_wconf 79' lang='grc' dir='ltr'>ι.</span> <span class='ocrx_word' id='word_1_471' title='bbox 2752 3048 2768 3077; x_wconf 73' lang='grc' dir='ltr'><strong>ι</strong></span> <span class='ocrx_word' id='word_1_472' title='bbox 2801 3029 3068 3084; x_wconf 88' lang='lat' dir='ltr'><strong>Doctores</strong></span> <span class='ocrx_word' id='word_1_473' title='bbox 3101 3030 3289 3100; x_wconf 84' lang='lat' dir='ltr'><strong>itaque</strong></span> <span class='ocrx_word' id='word_1_474' title='bbox 3322 3029 3501 3085; x_wconf 88' lang='lat' dir='ltr'><strong>nostri</strong></span> 
     </span>
    </p>
   </div>
   <div class='ocr_carea' id='block_1_60' title="bbox 213 3106 1823 3190">
    <p class='ocr_par' dir='ltr' id='par_1_60' title="bbox 213 3106 1809 3183">
     <span class='ocr_line' id='line_1_60' title="bbox 213 3106 1809 3183; baseline -0.004 -18"><span class='ocrx_word' id='word_1_475' title='bbox 213 3110 431 3183; x_wconf 69' lang='grc' dir='ltr'>ἐχθρῶν</span> <span class='ocrx_word' id='word_1_476' title='bbox 448 3110 741 3179; x_wconf 76' lang='grc' dir='ltr'>εὐεργέτας</span> <span class='ocrx_word' id='word_1_477' title='bbox 761 3108 1163 3179; x_wconf 81' lang='grc' dir='ltr'>γεγενημένους</span> <span class='ocrx_word' id='word_1_478' title='bbox 1188 3106 1515 3176; x_wconf 71' lang='grc' dir='ltr'>εὑρίσκομεν</span> <span class='ocrx_word' id='word_1_479' title='bbox 1540 3124 1553 3137; x_wconf 76' lang='grc' dir='ltr'><strong>ο</strong></span> <span class='ocrx_word' id='word_1_480' title='bbox 1580 3107 1809 3170; x_wconf 80' lang='grc' dir='ltr'>πολλοὺς</span> 
     </span>
    </p>
   </div>
   <div class='ocr_carea' id='block_1_61' title="bbox 1895 3106 3505 3190">
    <p class='ocr_par' dir='ltr' id='par_1_61' title="bbox 1914 3113 3505 3190">
     <span class='ocr_line' id='line_1_61' title="bbox 1914 3113 3505 3190; baseline 0.005 -25"><span class='ocrx_word' id='word_1_481' title='bbox 1914 3113 2130 3167; x_wconf 87' lang='lat' dir='ltr'><strong>ratione</strong></span> <span class='ocrx_word' id='word_1_482' title='bbox 2169 3114 2417 3183; x_wconf 68' lang='lat' dir='ltr'><strong>praeditis</strong></span> <span class='ocrx_word' id='word_1_483' title='bbox 2452 3117 2875 3173; x_wconf 89' lang='lat' dir='ltr'><strong>convenientem</strong></span> <span class='ocrx_word' id='word_1_484' title='bbox 2916 3120 3085 3175; x_wconf 86' lang='lat' dir='ltr'><strong>vitam</strong></span> <span class='ocrx_word' id='word_1_485' title='bbox 3131 3120 3248 3175; x_wconf 88' lang='lat' dir='ltr'><strong>suis</strong></span> <span class='ocrx_word' id='word_1_486' title='bbox 3288 3120 3505 3190; x_wconf 84' lang='lat' dir='ltr'><strong>legibus</strong></span> 
     </span>
    </p>
   </div>
   <div class='ocr_carea' id='block_1_62' title="bbox 211 3171 1821 3285">
    <p class='ocr_par' dir='ltr' id='par_1_62' title="bbox 211 3171 1804 3272">
     <span class='ocr_line' id='line_1_62' title="bbox 211 3171 1804 3272; baseline -0.004 -15"><span class='ocrx_word' id='word_1_487' title='bbox 211 3171 282 3257; x_wconf 63' lang='grc' dir='ltr'><strong>δὲ’</strong></span> <span class='ocrx_word' id='word_1_488' title='bbox 318 3171 377 3256; x_wconf 75' lang='grc' dir='ltr'>εὖ</span> <span class='ocrx_word' id='word_1_489' title='bbox 419 3202 519 3271; x_wconf 80' lang='grc' dir='ltr'>μὲν</span> <span class='ocrx_word' id='word_1_490' title='bbox 543 3171 722 3269; x_wconf 46' lang='grc' dir='ltr'>’παρά</span> <span class='ocrx_word' id='word_1_491' title='bbox 752 3171 1328 3272; x_wconf 14' lang='grc' dir='ltr'>,τινωνίπεπονθόταφ</span> <span class='ocrx_word' id='word_1_492' title='bbox 1374 3171 1705 3267; x_wconf 77' lang='grc' dir='ltr'>ἀχαρίστους</span> <span class='ocrx_word' id='word_1_493' title='bbox 1746 3198 1804 3251; x_wconf 85' lang='grc' dir='ltr'>δὲ</span> 
     </span>
    </p>
   </div>
   <div class='ocr_carea' id='block_1_63' title="bbox 1896 3171 3506 3285">
    <p class='ocr_par' dir='ltr' id='par_1_63' title="bbox 1915 3171 3506 3285">
     <span class='ocr_line' id='line_1_63' title="bbox 1915 3171 3506 3285; baseline 0.007 -29"><span class='ocrx_word' id='word_1_494' title='bbox 1915 3202 2297 3260; x_wconf 87' lang='lat' dir='ltr'><strong>instituerunt.</strong></span> <span class='ocrx_word' id='word_1_495' title='bbox 2340 3207 2410 3285; x_wconf 85' lang='lat' dir='ltr'><strong>At</strong></span> <span class='ocrx_word' id='word_1_496' title='bbox 2452 3208 2910 3278; x_wconf 74' lang='lat' dir='ltr'><strong>phil050phorum</strong></span> <span class='ocrx_word' id='word_1_497' title='bbox 2944 3171 3405 3281; x_wconf 45' lang='lat' dir='ltr'><strong>przestantissiniji,</strong></span> <span class='ocrx_word' id='word_1_498' title='bbox 3448 3220 3506 3267; x_wconf 86' lang='lat' dir='ltr'><strong>et</strong></span> 
     </span>
    </p>
   </div>
   <div class='ocr_carea' id='block_1_64' title="bbox 219 3286 1829 3371">
    <p class='ocr_par' dir='ltr' id='par_1_64' title="bbox 219 3286 1806 3365">
     <span class='ocr_line' id='line_1_64' title="bbox 219 3286 1806 3365; baseline -0.004 -17"><span class='ocrx_word' id='word_1_499' title='bbox 219 3295 369 3365; x_wconf 85' lang='grc' dir='ltr'>μάλα</span> <span class='ocrx_word' id='word_1_500' title='bbox 401 3295 529 3363; x_wconf 72' lang='grc' dir='ltr'>περὶ</span> <span class='ocrx_word' id='word_1_501' title='bbox 561 3294 688 3355; x_wconf 79' lang='grc' dir='ltr'>τοὺς</span> <span class='ocrx_word' id='word_1_502' title='bbox 726 3290 1021 3365; x_wconf 83' lang='grc' dir='ltr'>εὐεργέτας</span> <span class='ocrx_word' id='word_1_503' title='bbox 1049 3286 1474 3357; x_wconf 73' lang='grc' dir='ltr'>γεγενημένους.</span> <span class='ocrx_word' id='word_1_504' title='bbox 1518 3289 1594 3340; x_wconf 68' lang='lat' dir='ltr'><strong>UO</strong></span> <span class='ocrx_word' id='word_1_505' title='bbox 1624 3288 1806 3342; x_wconf 88' lang='grc' dir='ltr'>τοίνυν</span> 
     </span>
    </p>
   </div>
   <div class='ocr_carea' id='block_1_65' title="bbox 1889 3286 3499 3371">
    <p class='ocr_par' dir='ltr' id='par_1_65' title="bbox 1916 3294 3499 3371">
     <span class='ocr_line' id='line_1_65' title="bbox 1916 3294 3499 3371; baseline 0.004 -24"><span class='ocrx_word' id='word_1_506' title='bbox 1916 3294 2020 3363; x_wconf 88' lang='lat' dir='ltr'><strong>ipsi</strong></span> <span class='ocrx_word' id='word_1_507' title='bbox 2059 3295 2437 3368; x_wconf 85' lang='lat' dir='ltr'><strong>voluptatibus</strong></span> <span class='ocrx_word' id='word_1_508' title='bbox 2472 3298 2807 3363; x_wconf 88' lang='lat' dir='ltr'><strong>servierunt,</strong></span> <span class='ocrx_word' id='word_1_509' title='bbox 2846 3312 2902 3354; x_wconf 88' lang='lat' dir='ltr'><strong>et</strong></span> <span class='ocrx_word' id='word_1_510' title='bbox 2940 3302 3089 3371; x_wconf 76' lang='lat' dir='ltr'><strong>leges</strong></span> <span class='ocrx_word' id='word_1_511' title='bbox 3134 3302 3499 3371; x_wconf 75' lang='lat' dir='ltr'><strong>scripserunt,</strong></span> 
     </span>
    </p>
   </div>
   <div class='ocr_carea' id='block_1_66' title="bbox 176 3381 1786 3457">
    <p class='ocr_par' dir='ltr' id='par_1_66' title="bbox 176 3381 1786 3457">
     <span class='ocr_line' id='line_1_66' title="bbox 176 3381 1786 3457; baseline -0.002 -18"><span class='ocrx_word' id='word_1_512' title='bbox 176 3386 469 3457; x_wconf 17' lang='grc' dir='ltr'>,παροχῆς</span> <span class='ocrx_word' id='word_1_513' title='bbox 513 3384 734 3450; x_wconf 75' lang='grc' dir='ltr'>ἔκγονος</span> <span class='ocrx_word' id='word_1_514' title='bbox 778 3385 811 3454; x_wconf 82' lang='grc' dir='ltr'>ὴ</span> <span class='ocrx_word' id='word_1_515' title='bbox 866 3382 1038 3450; x_wconf 89' lang='grc' dir='ltr'>φιλία,</span> <span class='ocrx_word' id='word_1_516' title='bbox 1090 3381 1228 3435; x_wconf 89' lang='grc' dir='ltr'><strong>ἀλλά</strong></span> <span class='ocrx_word' id='word_1_517' title='bbox 1278 3383 1485 3450; x_wconf 74' lang='grc' dir='ltr'>καρπὸς</span> <span class='ocrx_word' id='word_1_518' title='bbox 1542 3383 1727 3451; x_wconf 80' lang='grc' dir='ltr'>φιλίας</span> <span class='ocrx_word' id='word_1_519' title='bbox 1772 3385 1786 3435; x_wconf 70' lang='lat'><strong>1‘</strong></span> 
     </span>
    </p>
   </div>
   <div class='ocr_carea' id='block_1_67' title="bbox 1894 3381 3504 3457">
    <p class='ocr_par' dir='ltr' id='par_1_67' title="bbox 1917 3385 3504 3456">
     <span class='ocr_line' id='line_1_67' title="bbox 1917 3385 3504 3456; baseline 0.004 -18"><span class='ocrx_word' id='word_1_520' title='bbox 1917 3400 2040 3456; x_wconf 68' lang='lat' dir='ltr'><strong>quae</strong></span> <span class='ocrx_word' id='word_1_521' title='bbox 2070 3385 2528 3441; x_wconf 88' lang='lat' dir='ltr'><strong>incontinentiam</strong></span> <span class='ocrx_word' id='word_1_522' title='bbox 2573 3388 2794 3443; x_wconf 90' lang='lat' dir='ltr'><strong>docent.</strong></span> <span class='ocrx_word' id='word_1_523' title='bbox 2842 3390 3002 3445; x_wconf 90' lang='lat' dir='ltr'><strong>Tales</strong></span> <span class='ocrx_word' id='word_1_524' title='bbox 3046 3392 3193 3445; x_wconf 89' lang='lat' dir='ltr'><strong>enim</strong></span> <span class='ocrx_word' id='word_1_525' title='bbox 3236 3401 3385 3455; x_wconf 88' lang='lat' dir='ltr'><strong>sunt,</strong></span> <span class='ocrx_word' id='word_1_526' title='bbox 3435 3391 3504 3445; x_wconf 86' lang='lat' dir='ltr'><strong>do</strong></span> 
     </span>
    </p>
   </div>
   <div class='ocr_carea' id='block_1_68' title="bbox 216 3478 3500 3553">
    <p class='ocr_par' dir='ltr' id='par_1_68' title="bbox 216 3478 3500 3553">
     <span class='ocr_line' id='line_1_68' title="bbox 216 3478 3500 3553; baseline 0.002 -23"><span class='ocrx_word' id='word_1_527' title='bbox 216 3478 462 3547; x_wconf 85' lang='grc' dir='ltr'>παροχή.</span> <span class='ocrx_word' id='word_1_528' title='bbox 1916 3478 2209 3549; x_wconf 71' lang='lat' dir='ltr'><strong>coniugiis,</strong></span> <span class='ocrx_word' id='word_1_529' title='bbox 2258 3487 2314 3533; x_wconf 91' lang='lat' dir='ltr'><strong>et</strong></span> <span class='ocrx_word' id='word_1_530' title='bbox 2350 3478 2419 3533; x_wconf 88' lang='lat' dir='ltr'><strong>de</strong></span> <span class='ocrx_word' id='word_1_531' title='bbox 2455 3496 2757 3548; x_wconf 89' lang='lat' dir='ltr'><strong>puerorum</strong></span> <span class='ocrx_word' id='word_1_532' title='bbox 2803 3497 3010 3545; x_wconf 92' lang='lat' dir='ltr'><strong>amore,</strong></span> <span class='ocrx_word' id='word_1_533' title='bbox 3043 3482 3289 3537; x_wconf 91' lang='lat' dir='ltr'><strong>Platonis</strong></span> <span class='ocrx_word' id='word_1_534' title='bbox 3331 3482 3500 3553; x_wconf 87' lang='lat' dir='ltr'><strong>leges.</strong></span> 
     </span>
    </p>
   </div>
   <div class='ocr_carea' id='block_1_69' title="bbox 212 3567 3503 3645">
    <p class='ocr_par' dir='ltr' id='par_1_69' title="bbox 212 3567 3503 3645">
     <span class='ocr_line' id='line_1_69' title="bbox 212 3567 3503 3645; baseline 0.002 -24"><span class='ocrx_word' id='word_1_535' title='bbox 212 3567 364 3635; x_wconf 80' lang='lat' dir='ltr'><strong>Quin</strong></span> <span class='ocrx_word' id='word_1_536' title='bbox 403 3576 461 3622; x_wconf 89' lang='lat' dir='ltr'><strong>et</strong></span> <span class='ocrx_word' id='word_1_537' title='bbox 501 3567 570 3623; x_wconf 90' lang='lat' dir='ltr'><strong>de</strong></span> <span class='ocrx_word' id='word_1_538' title='bbox 624 3568 868 3623; x_wconf 89' lang='lat' dir='ltr'><strong>amicitia</strong></span> <span class='ocrx_word' id='word_1_539' title='bbox 914 3570 1290 3640; x_wconf 82' lang='lat' dir='ltr'><strong>Hippodamus</strong></span> <span class='ocrx_word' id='word_1_540' title='bbox 1323 3570 1700 3640; x_wconf 75' lang='lat' dir='ltr'><strong>Pythagoreus</strong></span> <span class='ocrx_word' id='word_1_541' title='bbox 1748 3568 1803 3622; x_wconf 93' lang='lat' dir='ltr'><strong>in</strong></span> <span class='ocrx_word' id='word_1_542' title='bbox 1844 3570 1995 3624; x_wconf 91' lang='lat' dir='ltr'><strong>hunc</strong></span> <span class='ocrx_word' id='word_1_543' title='bbox 2020 3571 2250 3643; x_wconf 69' lang='lat' dir='ltr'><strong>modum</strong></span> <span class='ocrx_word' id='word_1_544' title='bbox 2281 3572 2524 3641; x_wconf 88' lang='lat' dir='ltr'><strong>scripsit.</strong></span> <span class='ocrx_word' id='word_1_545' title='bbox 2566 3592 2583 3623; x_wconf 83' lang='grc' dir='ltr'><strong>ι</strong></span> <span class='ocrx_word' id='word_1_546' title='bbox 2622 3574 2744 3627; x_wconf 84' lang='lat' dir='ltr'><strong>Alia</strong></span> <span class='ocrx_word' id='word_1_547' title='bbox 2808 3574 3032 3643; x_wconf 86' lang='lat' dir='ltr'><strong>quidem</strong></span> <span class='ocrx_word' id='word_1_548' title='bbox 3104 3575 3404 3645; x_wconf 80' lang='lat' dir='ltr'><strong>gignuntur</strong></span> <span class='ocrx_word' id='word_1_549' title='bbox 3434 3589 3503 3627; x_wconf 85' lang='lat' dir='ltr'><strong>ex</strong></span> 
     </span>
    </p>
   </div>
   <div class='ocr_carea' id='block_1_70' title="bbox 215 3661 3502 3735">
    <p class='ocr_par' dir='ltr' id='par_1_70' title="bbox 215 3661 3502 3735">
     <span class='ocr_line' id='line_1_70' title="bbox 215 3661 3502 3735; baseline 0 -19"><span class='ocrx_word' id='word_1_550' title='bbox 215 3661 451 3721; x_wconf 80' lang='lat' dir='ltr'><strong>deorum</strong></span> <span class='ocrx_word' id='word_1_551' title='bbox 482 3663 742 3727; x_wconf 89' lang='lat' dir='ltr'><strong>scientia;</strong></span> <span class='ocrx_word' id='word_1_552' title='bbox 789 3663 893 3717; x_wconf 90' lang='lat' dir='ltr'><strong>alia</strong></span> <span class='ocrx_word' id='word_1_553' title='bbox 937 3678 1186 3726; x_wconf 80' lang='lat' dir='ltr'><strong>vero,&#39;ex</strong></span> <span class='ocrx_word' id='word_1_554' title='bbox 1228 3662 1513 3716; x_wconf 89' lang='lat' dir='ltr'><strong>hominum</strong></span> <span class='ocrx_word' id='word_1_555' title='bbox 1552 3664 1567 3682; x_wconf 82' lang='grc'><strong><em>⁵</em></strong></span> <span class='ocrx_word' id='word_1_556' title='bbox 1598 3662 1963 3731; x_wconf 72' lang='lat' dir='ltr'><strong>praebitione;</strong></span> <span class='ocrx_word' id='word_1_557' title='bbox 2011 3663 2117 3716; x_wconf 88' lang='lat' dir='ltr'><strong>alia</strong></span> <span class='ocrx_word' id='word_1_558' title='bbox 2180 3680 2248 3716; x_wconf 86' lang='lat' dir='ltr'><strong>ex</strong></span> <span class='ocrx_word' id='word_1_559' title='bbox 2310 3665 2630 3719; x_wconf 87' lang='lat' dir='ltr'><strong>animalium</strong></span> <span class='ocrx_word' id='word_1_560' title='bbox 2661 3666 2966 3735; x_wconf 87' lang='lat' dir='ltr'><strong>voluptate.</strong></span> <span class='ocrx_word' id='word_1_561' title='bbox 3005 3684 3022 3716; x_wconf 70' lang='grc' dir='ltr'><strong>ι</strong></span> <span class='ocrx_word' id='word_1_562' title='bbox 3087 3664 3343 3719; x_wconf 90' lang='lat' dir='ltr'><strong>Christus</strong></span> <span class='ocrx_word' id='word_1_563' title='bbox 3365 3678 3502 3718; x_wconf 90' lang='lat' dir='ltr'><strong>vero</strong></span> 
     </span>
    </p>
   </div>
   <div class='ocr_carea' id='block_1_71' title="bbox 213 3749 3499 3824">
    <p class='ocr_par' dir='ltr' id='par_1_71' title="bbox 213 3749 3499 3824">
     <span class='ocr_line' id='line_1_71' title="bbox 213 3749 3499 3824; baseline 0.001 -20"><span class='ocrx_word' id='word_1_564' title='bbox 213 3749 486 3806; x_wconf 86' lang='lat' dir='ltr'><strong>Dominus</strong></span> <span class='ocrx_word' id='word_1_565' title='bbox 523 3753 580 3806; x_wconf 91' lang='lat' dir='ltr'><strong>in</strong></span> <span class='ocrx_word' id='word_1_566' title='bbox 608 3754 778 3808; x_wconf 90' lang='lat' dir='ltr'><strong>sacris</strong></span> <span class='ocrx_word' id='word_1_567' title='bbox 806 3754 1120 3824; x_wconf 87' lang='lat' dir='ltr'><strong>Evangeliis</strong></span> <span class='ocrx_word' id='word_1_568' title='bbox 1150 3753 1285 3809; x_wconf 90' lang='lat' dir='ltr'><strong>dicit</strong></span> <span class='ocrx_word' id='word_1_569' title='bbox 1317 3772 1329 3806; x_wconf 91' lang='lat'><strong>:</strong></span> <span class='ocrx_word' id='word_1_570' title='bbox 1371 3773 1387 3804; x_wconf 80' lang='grc' dir='ltr'><strong>ι</strong></span> <span class='ocrx_word' id='word_1_571' title='bbox 1426 3753 1685 3823; x_wconf 85' lang='lat' dir='ltr'><strong>Majorem</strong></span> <span class='ocrx_word' id='word_1_572' title='bbox 1722 3754 1824 3808; x_wconf 89' lang='lat' dir='ltr'><strong>hac</strong></span> <span class='ocrx_word' id='word_1_573' title='bbox 1862 3753 2187 3808; x_wconf 88' lang='lat' dir='ltr'><strong>charitatem</strong></span> <span class='ocrx_word' id='word_1_574' title='bbox 2219 3769 2384 3809; x_wconf 89' lang='lat' dir='ltr'><strong>nemo</strong></span> <span class='ocrx_word' id='word_1_575' title='bbox 2412 3764 2595 3824; x_wconf 82' lang='lat' dir='ltr'><strong>potest</strong></span> <span class='ocrx_word' id='word_1_576' title='bbox 2627 3756 2941 3816; x_wconf 86' lang='lat' dir='ltr'><strong>ostendere.</strong></span> <span class='ocrx_word' id='word_1_577' title='bbox 2985 3767 3044 3809; x_wconf 87' lang='lat' dir='ltr'><strong>ut</strong></span> <span class='ocrx_word' id='word_1_578' title='bbox 3084 3757 3323 3810; x_wconf 87' lang='lat' dir='ltr'><strong>animam</strong></span> <span class='ocrx_word' id='word_1_579' title='bbox 3345 3768 3499 3808; x_wconf 91' lang='lat' dir='ltr'><strong>suam</strong></span> 
     </span>
    </p>
   </div>
   <div class='ocr_carea' id='block_1_72' title="bbox 212 3842 3500 3915">
    <p class='ocr_par' dir='ltr' id='par_1_72' title="bbox 212 3842 3500 3915">
     <span class='ocr_line' id='line_1_72' title="bbox 212 3842 3500 3915; baseline 0 -19"><span class='ocrx_word' id='word_1_580' title='bbox 212 3850 387 3915; x_wconf 88' lang='lat' dir='ltr'><strong>ponat</strong></span> <span class='ocrx_word' id='word_1_581' title='bbox 415 3844 542 3913; x_wconf 90' lang='lat' dir='ltr'><strong>quis</strong></span> <span class='ocrx_word' id='word_1_582' title='bbox 571 3859 670 3913; x_wconf 88' lang='lat' dir='ltr'><strong>pro</strong></span> <span class='ocrx_word' id='word_1_583' title='bbox 696 3843 890 3899; x_wconf 90' lang='lat' dir='ltr'><strong>amicis</strong></span> <span class='ocrx_word' id='word_1_584' title='bbox 916 3844 1032 3898; x_wconf 90' lang='lat' dir='ltr'><strong>suis</strong></span> <span class='ocrx_word' id='word_1_585' title='bbox 1056 3852 1117 3897; x_wconf 77' lang='grc' dir='ltr'>ω.</span> <span class='ocrx_word' id='word_1_586' title='bbox 1151 3862 1169 3895; x_wconf 86' lang='grc'><strong>›</strong></span> <span class='ocrx_word' id='word_1_587' title='bbox 1203 3843 1272 3897; x_wconf 87' lang='lat' dir='ltr'><strong>Et</strong></span> <span class='ocrx_word' id='word_1_588' title='bbox 1300 3843 1365 3897; x_wconf 85' lang='lat' dir='ltr'><strong>ad</strong></span> <span class='ocrx_word' id='word_1_589' title='bbox 1400 3843 1801 3912; x_wconf 88' lang='lat' dir='ltr'><strong>perfectissima</strong></span> <span class='ocrx_word' id='word_1_590' title='bbox 1840 3843 2123 3908; x_wconf 87' lang='lat' dir='ltr'><strong>erudiens,</strong></span> <span class='ocrx_word' id='word_1_591' title='bbox 2159 3843 2325 3897; x_wconf 89' lang='lat' dir='ltr'><strong>etiam</strong></span> <span class='ocrx_word' id='word_1_592' title='bbox 2352 3842 2608 3896; x_wconf 90' lang='lat' dir='ltr'><strong>inimicos</strong></span> <span class='ocrx_word' id='word_1_593' title='bbox 2648 3842 2883 3913; x_wconf 88' lang='lat' dir='ltr'><strong>diligere</strong></span> <span class='ocrx_word' id='word_1_594' title='bbox 2917 3842 3082 3913; x_wconf 85' lang='lat' dir='ltr'><strong>jussit</strong></span> <span class='ocrx_word' id='word_1_595' title='bbox 3110 3853 3157 3895; x_wconf 76' lang='grc' dir='ltr'><strong>ιι.</strong></span> <span class='ocrx_word' id='word_1_596' title='bbox 3186 3843 3280 3896; x_wconf 82' lang='lat' dir='ltr'><strong>llle</strong></span> <span class='ocrx_word' id='word_1_597' title='bbox 3316 3854 3500 3897; x_wconf 88' lang='lat' dir='ltr'><strong>autem</strong></span> 
     </span>
    </p>
   </div>
   <div class='ocr_carea' id='block_1_73' title="bbox 212 3931 3503 4003">
    <p class='ocr_par' dir='ltr' id='par_1_73' title="bbox 212 3931 3503 4003">
     <span class='ocr_line' id='line_1_73' title="bbox 212 3931 3503 4003; baseline 0.002 -19"><span class='ocrx_word' id='word_1_598' title='bbox 212 3932 310 4001; x_wconf 87' lang='lat' dir='ltr'><strong>qui</strong></span> <span class='ocrx_word' id='word_1_599' title='bbox 379 3932 803 4003; x_wconf 84' lang='lat' dir='ltr'><strong>Pythagoricum</strong></span> <span class='ocrx_word' id='word_1_600' title='bbox 874 3934 1296 4003; x_wconf 89' lang='lat' dir='ltr'><strong>quaternarium</strong></span> <span class='ocrx_word' id='word_1_601' title='bbox 1341 3932 1632 3997; x_wconf 88' lang='lat' dir='ltr'><strong>didicerat,</strong></span> <span class='ocrx_word' id='word_1_602' title='bbox 1709 3934 2007 3989; x_wconf 84' lang='lat' dir='ltr'><strong>humanam</strong></span> <span class='ocrx_word' id='word_1_603' title='bbox 2090 3932 2389 3988; x_wconf 88' lang='lat' dir='ltr'><strong>amicitiam</strong></span> <span class='ocrx_word' id='word_1_604' title='bbox 2442 3931 2718 4001; x_wconf 81' lang='lat' dir='ltr'><strong>proficisci</strong></span> <span class='ocrx_word' id='word_1_605' title='bbox 2778 3933 2854 3987; x_wconf 90' lang='lat' dir='ltr'><strong>ait</strong></span> <span class='ocrx_word' id='word_1_606' title='bbox 2905 3947 2936 3987; x_wconf 91' lang='lat' dir='ltr'><strong>a</strong></span> <span class='ocrx_word' id='word_1_607' title='bbox 2979 3932 3325 4001; x_wconf 65' lang='lat' dir='ltr'><strong>praebitione.</strong></span> <span class='ocrx_word' id='word_1_608' title='bbox 3372 3934 3503 3999; x_wconf 66' lang='lat' dir='ltr'><strong>Quae</strong></span> 
     </span>
    </p>
   </div>
   <div class='ocr_carea' id='block_1_74' title="bbox 211 4023 3503 4099">
    <p class='ocr_par' dir='ltr' id='par_1_74' title="bbox 211 4023 3503 4099">
     <span class='ocr_line' id='line_1_74' title="bbox 211 4023 3503 4099; baseline 0.002 -20"><span class='ocrx_word' id='word_1_609' title='bbox 211 4023 398 4089; x_wconf 73' lang='lat' dir='ltr'><strong>oratio</strong></span> <span class='ocrx_word' id='word_1_610' title='bbox 425 4040 539 4080; x_wconf 90' lang='lat' dir='ltr'><strong>non</strong></span> <span class='ocrx_word' id='word_1_611' title='bbox 561 4027 727 4081; x_wconf 88' lang='lat' dir='ltr'><strong>modo</strong></span> <span class='ocrx_word' id='word_1_612' title='bbox 754 4034 839 4082; x_wconf 90' lang='lat' dir='ltr'><strong>est</strong></span> <span class='ocrx_word' id='word_1_613' title='bbox 869 4027 1101 4091; x_wconf 88' lang='lat' dir='ltr'><strong>absona,</strong></span> <span class='ocrx_word' id='word_1_614' title='bbox 1135 4027 1230 4082; x_wconf 91' lang='lat' dir='ltr'><strong>sed</strong></span> <span class='ocrx_word' id='word_1_615' title='bbox 1259 4028 1423 4082; x_wconf 91' lang='lat' dir='ltr'><strong>etiam</strong></span> <span class='ocrx_word' id='word_1_616' title='bbox 1458 4028 1612 4081; x_wconf 92' lang='lat' dir='ltr'><strong>nullo</strong></span> <span class='ocrx_word' id='word_1_617' title='bbox 1637 4028 1803 4083; x_wconf 91' lang='lat' dir='ltr'><strong>modo</strong></span> <span class='ocrx_word' id='word_1_618' title='bbox 1844 4030 2151 4084; x_wconf 88' lang='lat' dir='ltr'><strong>consistere</strong></span> <span class='ocrx_word' id='word_1_619' title='bbox 2215 4037 2421 4099; x_wconf 87' lang='lat' dir='ltr'><strong>potest.</strong></span> <span class='ocrx_word' id='word_1_620' title='bbox 2485 4025 2688 4083; x_wconf 82' lang='lat' dir='ltr'><strong>Multos</strong></span> <span class='ocrx_word' id='word_1_621' title='bbox 2710 4029 2859 4082; x_wconf 89' lang='lat' dir='ltr'><strong>enim</strong></span> <span class='ocrx_word' id='word_1_622' title='bbox 2900 4029 3157 4083; x_wconf 91' lang='lat' dir='ltr'><strong>inimicos</strong></span> <span class='ocrx_word' id='word_1_623' title='bbox 3186 4027 3503 4085; x_wconf 84' lang='lat' dir='ltr'><strong>invenimus</strong></span> 
     </span>
    </p>
   </div>
   <div class='ocr_carea' id='block_1_75' title="bbox 211 4114 3502 4190">
    <p class='ocr_par' dir='ltr' id='par_1_75' title="bbox 211 4114 3502 4190">
     <span class='ocr_line' id='line_1_75' title="bbox 211 4114 3502 4190; baseline 0.002 -19"><span class='ocrx_word' id='word_1_624' title='bbox 211 4114 487 4172; x_wconf 82' lang='lat' dir='ltr'><strong>beneﬁcia</strong></span> <span class='ocrx_word' id='word_1_625' title='bbox 515 4118 817 4174; x_wconf 89' lang='lat' dir='ltr'><strong>contulisse</strong></span> <span class='ocrx_word' id='word_1_626' title='bbox 849 4136 862 4171; x_wconf 93' lang='lat'><strong>:</strong></span> <span class='ocrx_word' id='word_1_627' title='bbox 897 4120 1104 4173; x_wconf 85' lang='lat' dir='ltr'><strong>multos</strong></span> <span class='ocrx_word' id='word_1_628' title='bbox 1129 4135 1347 4183; x_wconf 89' lang='lat' dir='ltr'><strong>rursus,</strong></span> <span class='ocrx_word' id='word_1_629' title='bbox 1378 4122 1473 4189; x_wconf 90' lang='lat' dir='ltr'><strong>qui</strong></span> <span class='ocrx_word' id='word_1_630' title='bbox 1496 4120 1682 4175; x_wconf 80' lang='lat' dir='ltr'><strong>aﬂ‘ecti</strong></span> <span class='ocrx_word' id='word_1_631' title='bbox 1736 4120 2044 4184; x_wconf 81' lang='lat' dir='ltr'><strong>beneficiis,</strong></span> <span class='ocrx_word' id='word_1_632' title='bbox 2081 4121 2282 4190; x_wconf 86' lang='lat' dir='ltr'><strong>ingrati</strong></span> <span class='ocrx_word' id='word_1_633' title='bbox 2337 4135 2567 4190; x_wconf 86' lang='lat' dir='ltr'><strong>prorsus</strong></span> <span class='ocrx_word' id='word_1_634' title='bbox 2599 4135 2727 4190; x_wconf 80' lang='lat' dir='ltr'><strong>erga</strong></span> <span class='ocrx_word' id='word_1_635' title='bbox 2794 4119 3190 4174; x_wconf 79' lang='lat' dir='ltr'><strong>beneficiorum</strong></span> <span class='ocrx_word' id='word_1_636' title='bbox 3249 4130 3502 4177; x_wconf 76' lang='lat' dir='ltr'><strong>auctores</strong></span> 
     </span>
    </p>
   </div>
   <div class='ocr_carea' id='block_1_76' title="bbox 210 4210 3075 4284">
    <p class='ocr_par' dir='ltr' id='par_1_76' title="bbox 210 4210 3075 4284">
     <span class='ocr_line' id='line_1_76' title="bbox 210 4210 3075 4284; baseline -0.001 -17"><span class='ocrx_word' id='word_1_637' title='bbox 210 4210 466 4268; x_wconf 81' lang='lat' dir='ltr'><strong>fuerunt.</strong></span> <span class='ocrx_word' id='word_1_638' title='bbox 514 4210 726 4281; x_wconf 77' lang='lat'><strong>1035</strong></span> <span class='ocrx_word' id='word_1_639' title='bbox 760 4211 879 4265; x_wconf 88' lang='lat' dir='ltr'><strong>Non</strong></span> <span class='ocrx_word' id='word_1_640' title='bbox 926 4212 1094 4282; x_wconf 88' lang='lat' dir='ltr'><strong>igitur</strong></span> <span class='ocrx_word' id='word_1_641' title='bbox 1124 4212 1467 4282; x_wconf 66' lang='lat' dir='ltr'><strong>praebitionis</strong></span> <span class='ocrx_word' id='word_1_642' title='bbox 1499 4220 1691 4284; x_wconf 89' lang='lat' dir='ltr'><strong>partus</strong></span> <span class='ocrx_word' id='word_1_643' title='bbox 1720 4223 1807 4268; x_wconf 89' lang='lat' dir='ltr'><strong>est</strong></span> <span class='ocrx_word' id='word_1_644' title='bbox 1845 4213 2109 4276; x_wconf 80' lang='lat' dir='ltr'><strong>amicitia,</strong></span> <span class='ocrx_word' id='word_1_645' title='bbox 2133 4213 2230 4267; x_wconf 89' lang='lat' dir='ltr'><strong>sed</strong></span> <span class='ocrx_word' id='word_1_646' title='bbox 2265 4214 2523 4268; x_wconf 72' lang='lat' dir='ltr'><strong>amicitia:</strong></span> <span class='ocrx_word' id='word_1_647' title='bbox 2551 4214 2766 4268; x_wconf 90' lang='lat' dir='ltr'><strong>fructus</strong></span> <span class='ocrx_word' id='word_1_648' title='bbox 2798 4212 3075 4282; x_wconf 59' lang='lat' dir='ltr'><strong>praebitio,</strong></span> 
     </span>
    </p>
   </div>
   <div class='ocr_carea' id='block_1_77' title="bbox 286 4299 1896 4376">
    <p class='ocr_par' dir='ltr' id='par_1_77' title="bbox 286 4299 1809 4376">
     <span class='ocr_line' id='line_1_77' title="bbox 286 4299 1809 4376; baseline -0.001 -15"><span class='ocrx_word' id='word_1_649' title='bbox 286 4304 475 4361; x_wconf 79' lang='grc' dir='ltr'>Ταῦτα</span> <span class='ocrx_word' id='word_1_650' title='bbox 500 4305 681 4370; x_wconf 86' lang='grc' dir='ltr'>πάλιν,</span> <span class='ocrx_word' id='word_1_651' title='bbox 700 4299 745 4357; x_wconf 78' lang='grc' dir='ltr'><strong>ὦ</strong></span> <span class='ocrx_word' id='word_1_652' title='bbox 773 4305 989 4376; x_wconf 76' lang='grc' dir='ltr'>ἄνδρες,</span> <span class='ocrx_word' id='word_1_653' title='bbox 1021 4306 1510 4374; x_wconf 78' lang='grc' dir='ltr'>παρεξετάσαντες,</span> <span class='ocrx_word' id='word_1_654' title='bbox 1536 4306 1631 4359; x_wconf 55' lang='grc' dir='ltr'><strong>καὶ⁵</strong></span> <span class='ocrx_word' id='word_1_655' title='bbox 1654 4307 1809 4374; x_wconf 87' lang='grc' dir='ltr'>γνόν-</span> 
     </span>
    </p>
   </div>
   <div class='ocr_carea' id='block_1_78' title="bbox 1892 4299 3502 4376">
    <p class='ocr_par' dir='ltr' id='par_1_78' title="bbox 1986 4301 3502 4375">
     <span class='ocr_line' id='line_1_78' title="bbox 1986 4301 3502 4375; baseline 0.001 -16"><span class='ocrx_word' id='word_1_656' title='bbox 1986 4306 2114 4361; x_wconf 60' lang='lat' dir='ltr'><strong>llaec</strong></span> <span class='ocrx_word' id='word_1_657' title='bbox 2163 4306 2385 4367; x_wconf 84' lang='lat' dir='ltr'><strong>iterum,</strong></span> <span class='ocrx_word' id='word_1_658' title='bbox 2444 4321 2477 4360; x_wconf 93' lang='grc' dir='ltr'><strong>ο</strong></span> <span class='ocrx_word' id='word_1_659' title='bbox 2530 4301 2655 4371; x_wconf 89' lang='lat' dir='ltr'><strong>virl,</strong></span> <span class='ocrx_word' id='word_1_660' title='bbox 2707 4307 2945 4360; x_wconf 89' lang='lat' dir='ltr'><strong>invicem</strong></span> <span class='ocrx_word' id='word_1_661' title='bbox 2989 4308 3393 4375; x_wconf 75' lang='lat' dir='ltr'><strong>comparantes,</strong></span> <span class='ocrx_word' id='word_1_662' title='bbox 3443 4312 3502 4363; x_wconf 89' lang='lat' dir='ltr'><strong>et</strong></span> 
     </span>
    </p>
   </div>
   <div class='ocr_carea' id='block_1_79' title="bbox 208 4397 1818 4471">
    <p class='ocr_par' dir='ltr' id='par_1_79' title="bbox 208 4397 1804 4471">
     <span class='ocr_line' id='line_1_79' title="bbox 208 4397 1804 4471; baseline -0.002 -17"><span class='ocrx_word' id='word_1_663' title='bbox 208 4417 309 4463; x_wconf 82' lang='grc' dir='ltr'><strong>τες</strong></span> <span class='ocrx_word' id='word_1_664' title='bbox 341 4399 465 4450; x_wconf 85' lang='grc' dir='ltr'>ὅσον</span> <span class='ocrx_word' id='word_1_665' title='bbox 497 4397 655 4449; x_wconf 86' lang='grc' dir='ltr'>θείων</span> <span class='ocrx_word' id='word_1_666' title='bbox 688 4398 781 4471; x_wconf 69' lang='grc' dir='ltr'>καὶ</span> <span class='ocrx_word' id='word_1_667' title='bbox 813 4397 1171 4469; x_wconf 86' lang='grc' dir='ltr'>ἀνθρωπίνων</span> <span class='ocrx_word' id='word_1_668' title='bbox 1204 4397 1265 4450; x_wconf 81' lang='grc' dir='ltr'>τὸ</span> <span class='ocrx_word' id='word_1_669' title='bbox 1307 4399 1490 4467; x_wconf 80' lang='grc' dir='ltr'>μέσον,</span> <span class='ocrx_word' id='word_1_670' title='bbox 1536 4399 1603 4451; x_wconf 78' lang='grc' dir='ltr'>δι’</span> <span class='ocrx_word' id='word_1_671' title='bbox 1654 4399 1804 4451; x_wconf 81' lang='grc' dir='ltr'>ὲκεί-</span> 
     </span>
    </p>
   </div>
   <div class='ocr_carea' id='block_1_80' title="bbox 1887 4397 3497 4471">
    <p class='ocr_par' dir='ltr' id='par_1_80' title="bbox 1912 4397 3497 4469">
     <span class='ocr_line' id='line_1_80' title="bbox 1912 4397 3497 4469; baseline 0.001 -16"><span class='ocrx_word' id='word_1_672' title='bbox 1912 4407 2179 4469; x_wconf 82' lang='lat' dir='ltr'><strong>quantum</strong></span> <span class='ocrx_word' id='word_1_673' title='bbox 2237 4398 2382 4452; x_wconf 86' lang='lat' dir='ltr'><strong>inter</strong></span> <span class='ocrx_word' id='word_1_674' title='bbox 2423 4398 2609 4453; x_wconf 90' lang='lat' dir='ltr'><strong>divina</strong></span> <span class='ocrx_word' id='word_1_675' title='bbox 2661 4406 2717 4453; x_wconf 89' lang='lat' dir='ltr'><strong>et</strong></span> <span class='ocrx_word' id='word_1_676' title='bbox 2762 4398 3011 4453; x_wconf 88' lang='lat' dir='ltr'><strong>humana</strong></span> <span class='ocrx_word' id='word_1_677' title='bbox 3072 4397 3145 4452; x_wconf 90' lang='lat' dir='ltr'><strong>sit</strong></span> <span class='ocrx_word' id='word_1_678' title='bbox 3192 4397 3497 4455; x_wconf 86' lang='lat' dir='ltr'><strong>discrimen</strong></span> 
     </span>
    </p>
   </div>
   <div class='ocr_carea' id='block_1_81' title="bbox 208 4483 1818 4572">
    <p class='ocr_par' dir='ltr' id='par_1_81' title="bbox 208 4483 1805 4557">
     <span class='ocr_line' id='line_1_81' title="bbox 208 4483 1805 4557; baseline -0.003 -12"><span class='ocrx_word' id='word_1_679' title='bbox 208 4507 347 4553; x_wconf 87' lang='grc' dir='ltr'>νων,</span> <span class='ocrx_word' id='word_1_680' title='bbox 379 4483 491 4541; x_wconf 76' lang='grc' dir='ltr'>οἷόν</span> <span class='ocrx_word' id='word_1_681' title='bbox 534 4504 699 4541; x_wconf 88' lang='grc' dir='ltr'>τινων</span> <span class='ocrx_word' id='word_1_682' title='bbox 746 4487 1045 4557; x_wconf 84' lang='grc' dir='ltr'>στοιχείων,</span> <span class='ocrx_word' id='word_1_683' title='bbox 1077 4488 1170 4541; x_wconf 75' lang='grc' dir='ltr'><strong>ἐπὶ</strong></span> <span class='ocrx_word' id='word_1_684' title='bbox 1214 4488 1315 4557; x_wconf 71' lang='grc' dir='ltr'>τὴν</span> <span class='ocrx_word' id='word_1_685' title='bbox 1349 4488 1555 4541; x_wconf 84' lang='grc' dir='ltr'>τούτων</span> <span class='ocrx_word' id='word_1_686' title='bbox 1582 4489 1805 4541; x_wconf 80' lang='grc' dir='ltr'>ὁδεύσα-</span> 
     </span>
    </p>
   </div>
   <div class='ocr_carea' id='block_1_82' title="bbox 1884 4483 3494 4572">
    <p class='ocr_par' dir='ltr' id='par_1_82' title="bbox 1912 4487 3494 4558">
     <span class='ocr_line' id='line_1_82' title="bbox 1912 4487 3494 4558; baseline 0.001 -17"><span class='ocrx_word' id='word_1_687' title='bbox 1912 4495 2291 4557; x_wconf 86' lang='lat' dir='ltr'><strong>agnoscentes,</strong></span> <span class='ocrx_word' id='word_1_688' title='bbox 2329 4504 2429 4557; x_wconf 90' lang='lat' dir='ltr'><strong>per</strong></span> <span class='ocrx_word' id='word_1_689' title='bbox 2448 4488 2576 4555; x_wconf 86' lang='lat' dir='ltr'><strong>‘illa,</strong></span> <span class='ocrx_word' id='word_1_690' title='bbox 2605 4490 2758 4544; x_wconf 90' lang='lat' dir='ltr'><strong>velut</strong></span> <span class='ocrx_word' id='word_1_691' title='bbox 2791 4505 2891 4558; x_wconf 92' lang='lat' dir='ltr'><strong>per</strong></span> <span class='ocrx_word' id='word_1_692' title='bbox 2921 4489 3196 4543; x_wconf 88' lang='lat' dir='ltr'><strong>elementa</strong></span> <span class='ocrx_word' id='word_1_693' title='bbox 3222 4487 3494 4558; x_wconf 68' lang='lat' dir='ltr'><strong>quazdam,</strong></span> 
     </span>
    </p>
   </div>
   <div class='ocr_carea' id='block_1_83' title="bbox 206 4577 1816 4651">
    <p class='ocr_par' dir='ltr' id='par_1_83' title="bbox 206 4577 1803 4651">
     <span class='ocr_line' id='line_1_83' title="bbox 206 4577 1803 4651; baseline -0.004 -15"><span class='ocrx_word' id='word_1_694' title='bbox 206 4580 333 4636; x_wconf 59' lang='lat' dir='ltr'><strong>cs&quot;</strong></span> <span class='ocrx_word' id='word_1_695' title='bbox 357 4579 689 4651; x_wconf 85' lang='grc' dir='ltr'>τελειότητα,</span> <span class='ocrx_word' id='word_1_696' title='bbox 719 4579 812 4632; x_wconf 75' lang='lat' dir='ltr'><strong>xal.</strong></span> <span class='ocrx_word' id='word_1_697' title='bbox 855 4598 873 4630; x_wconf 80' lang='grc' dir='ltr'><strong>ι</strong></span> <span class='ocrx_word' id='word_1_698' title='bbox 904 4578 995 4648; x_wconf 86' lang='grc' dir='ltr'><strong>Μὴ</strong></span> <span class='ocrx_word' id='word_1_699' title='bbox 1030 4578 1442 4648; x_wconf 79' lang='grc' dir='ltr'>προφασίζεσθε</span> <span class='ocrx_word' id='word_1_700' title='bbox 1497 4577 1803 4647; x_wconf 86' lang='grc' dir='ltr'>προφάσεις</span> 
     </span>
    </p>
   </div>
   <div class='ocr_carea' id='block_1_84' title="bbox 1888 4577 3498 4651">
    <p class='ocr_par' dir='ltr' id='par_1_84' title="bbox 1908 4577 3498 4649">
     <span class='ocr_line' id='line_1_84' title="bbox 1908 4577 3498 4649; baseline 0.002 -18"><span class='ocrx_word' id='word_1_701' title='bbox 1908 4577 1978 4631; x_wconf 84' lang='lat' dir='ltr'><strong>ad</strong></span> <span class='ocrx_word' id='word_1_702' title='bbox 2003 4578 2202 4632; x_wconf 88' lang='lat' dir='ltr'><strong>horum</strong></span> <span class='ocrx_word' id='word_1_703' title='bbox 2220 4578 2616 4648; x_wconf 86' lang='lat' dir='ltr'><strong>perfectionem</strong></span> <span class='ocrx_word' id='word_1_704' title='bbox 2642 4580 2996 4635; x_wconf 89' lang='lat' dir='ltr'><strong>contendite:</strong></span> <span class='ocrx_word' id='word_1_705' title='bbox 3024 4600 3041 4630; x_wconf 88' lang='grc'>‹</span> <span class='ocrx_word' id='word_1_706' title='bbox 3066 4594 3266 4648; x_wconf 90' lang='lat' dir='ltr'><strong>neque,</strong></span> <span class='ocrx_word' id='word_1_707' title='bbox 3294 4588 3354 4633; x_wconf 92' lang='lat' dir='ltr'><strong>ut</strong></span> <span class='ocrx_word' id='word_1_708' title='bbox 3372 4578 3498 4649; x_wconf 90' lang='lat' dir='ltr'><strong>Spi-</strong></span> 
     </span>
    </p>
   </div>
   <div class='ocr_carea' id='block_1_85' title="bbox 207 4668 1817 4745">
    <p class='ocr_par' dir='ltr' id='par_1_85' title="bbox 207 4668 1800 4745">
     <span class='ocr_line' id='line_1_85' title="bbox 207 4668 1800 4745; baseline -0.001 -20"><span class='ocrx_word' id='word_1_709' title='bbox 207 4675 275 4726; x_wconf 77' lang='grc' dir='ltr'>ὲν</span> <span class='ocrx_word' id='word_1_710' title='bbox 324 4671 644 4745; x_wconf 78' lang='grc' dir='ltr'>ἁμαρτίαις,</span> <span class='ocrx_word' id='word_1_711' title='bbox 679 4689 696 4722; x_wconf 75' lang='grc' dir='ltr'><strong>ι</strong></span> <span class='ocrx_word' id='word_1_712' title='bbox 746 4671 909 4740; x_wconf 75' lang='grc' dir='ltr'>φησὶν</span> <span class='ocrx_word' id='word_1_713' title='bbox 950 4670 981 4739; x_wconf 88' lang='grc' dir='ltr'><strong>ἡ</strong></span> <span class='ocrx_word' id='word_1_714' title='bbox 1037 4671 1271 4739; x_wconf 82' lang='grc' dir='ltr'>μελῳδία</span> <span class='ocrx_word' id='word_1_715' title='bbox 1309 4668 1403 4722; x_wconf 78' lang='grc' dir='ltr'>τοῦ</span> <span class='ocrx_word' id='word_1_716' title='bbox 1459 4670 1800 4739; x_wconf 80' lang='grc' dir='ltr'>Πνεύματος.</span> 
     </span>
    </p>
   </div>
   <div class='ocr_carea' id='block_1_86' title="bbox 1889 4668 3499 4745">
    <p class='ocr_par' dir='ltr' id='par_1_86' title="bbox 1907 4669 3499 4735">
     <span class='ocr_line' id='line_1_86' title="bbox 1907 4669 3499 4735; baseline 0.002 -13"><span class='ocrx_word' id='word_1_717' title='bbox 1907 4669 2049 4723; x_wconf 88' lang='lat' dir='ltr'><strong>ritus</strong></span> <span class='ocrx_word' id='word_1_718' title='bbox 2070 4671 2246 4725; x_wconf 89' lang='lat' dir='ltr'><strong>sancti</strong></span> <span class='ocrx_word' id='word_1_719' title='bbox 2270 4671 2507 4725; x_wconf 81' lang='lat' dir='ltr'><strong>melodia</strong></span> <span class='ocrx_word' id='word_1_720' title='bbox 2537 4674 2799 4735; x_wconf 46' lang='lat' dir='ltr'><strong>monet“,</strong></span> <span class='ocrx_word' id='word_1_721' title='bbox 2829 4670 3220 4725; x_wconf 89' lang='lat' dir='ltr'><strong>excusationes</strong></span> <span class='ocrx_word' id='word_1_722' title='bbox 3239 4678 3499 4725; x_wconf 85' lang='lat' dir='ltr'><strong>excusate</strong></span> 
     </span>
    </p>
   </div>
   <div class='ocr_carea' id='block_1_87' title="bbox 208 4760 1818 4832">
    <p class='ocr_par' dir='ltr' id='par_1_87' title="bbox 208 4760 1804 4832">
     <span class='ocr_line' id='line_1_87' title="bbox 208 4760 1804 4832; baseline -0.001 -17"><span class='ocrx_word' id='word_1_723' title='bbox 208 4762 388 4815; x_wconf 53' lang='grc' dir='ltr'>ὀταν</span> <span class='ocrx_word' id='word_1_724' title='bbox 424 4761 534 4832; x_wconf 84' lang='grc' dir='ltr'><strong>γὰρ</strong></span> <span class='ocrx_word' id='word_1_725' title='bbox 576 4761 703 4824; x_wconf 79' lang='grc' dir='ltr'>τοὺς</span> <span class='ocrx_word' id='word_1_726' title='bbox 748 4760 1139 4829; x_wconf 82' lang='grc' dir='ltr'>εὐαγγελικοὺς</span> <span class='ocrx_word' id='word_1_727' title='bbox 1200 4760 1562 4830; x_wconf 75' lang='grc' dir='ltr'>ἐπιδείξωμεν</span> <span class='ocrx_word' id='word_1_728' title='bbox 1602 4762 1804 4832; x_wconf 79' lang='grc' dir='ltr'>νόμους</span> 
     </span>
    </p>
   </div>
   <div class='ocr_carea' id='block_1_88' title="bbox 1891 4760 3501 4832">
    <p class='ocr_par' dir='ltr' id='par_1_88' title="bbox 1906 4760 3501 4832">
     <span class='ocr_line' id='line_1_88' title="bbox 1906 4760 3501 4832; baseline 0.002 -18"><span class='ocrx_word' id='word_1_729' title='bbox 1906 4760 1962 4815; x_wconf 83' lang='grc' dir='ltr'>ἱη</span> <span class='ocrx_word' id='word_1_730' title='bbox 1980 4761 2241 4831; x_wconf 89' lang='lat' dir='ltr'><strong>peccatis.</strong></span> <span class='ocrx_word' id='word_1_731' title='bbox 2270 4780 2289 4813; x_wconf 72' lang='grc' dir='ltr'><strong>ι</strong></span> <span class='ocrx_word' id='word_1_732' title='bbox 2308 4762 2542 4828; x_wconf 78' lang='lat' dir='ltr'><strong>Quando</strong></span> <span class='ocrx_word' id='word_1_733' title='bbox 2561 4763 2708 4817; x_wconf 91' lang='lat' dir='ltr'><strong>enim</strong></span> <span class='ocrx_word' id='word_1_734' title='bbox 2724 4762 2884 4817; x_wconf 88' lang='lat' dir='ltr'><strong>vobis</strong></span> <span class='ocrx_word' id='word_1_735' title='bbox 2901 4761 3246 4816; x_wconf 88' lang='lat' dir='ltr'><strong>ostendimus</strong></span> <span class='ocrx_word' id='word_1_736' title='bbox 3267 4777 3501 4832; x_wconf 89' lang='lat' dir='ltr'><strong>evange-</strong></span> 
     </span>
    </p>
   </div>
   <div class='ocr_carea' id='block_1_89' title="bbox 206 4850 1816 4931">
    <p class='ocr_par' dir='ltr' id='par_1_89' title="bbox 206 4850 1799 4931">
     <span class='ocr_line' id='line_1_89' title="bbox 206 4850 1799 4931; baseline 0 -26"><span class='ocrx_word' id='word_1_737' title='bbox 206 4851 397 4921; x_wconf 75' lang='grc' dir='ltr'>πολλῷ</span> <span class='ocrx_word' id='word_1_738' title='bbox 411 4852 511 4922; x_wconf 78' lang='grc' dir='ltr'>τῆς</span> <span class='ocrx_word' id='word_1_739' title='bbox 543 4851 865 4923; x_wconf 83' lang='grc' dir='ltr'>Ἑλληνικῆς</span> <span class='ocrx_word' id='word_1_740' title='bbox 882 4850 1202 4920; x_wconf 82' lang='grc' dir='ltr'>φιλοσοφίας</span> <span class='ocrx_word' id='word_1_741' title='bbox 1228 4851 1387 4931; x_wconf 67' lang='grc' dir='ltr'>ὄντας</span> <span class='ocrx_word' id='word_1_742' title='bbox 1411 4851 1799 4931; x_wconf 72' lang='grc' dir='ltr'>ὑψηλοτέρους,</span> 
     </span>
    </p>
   </div>
   <div class='ocr_carea' id='block_1_90' title="bbox 1887 4850 3497 4931">
    <p class='ocr_par' dir='ltr' id='par_1_90' title="bbox 1908 4850 3497 4924">
     <span class='ocr_line' id='line_1_90' title="bbox 1908 4850 3497 4924; baseline 0 -20"><span class='ocrx_word' id='word_1_743' title='bbox 1908 4850 2045 4907; x_wconf 88' lang='lat' dir='ltr'><strong>licas</strong></span> <span class='ocrx_word' id='word_1_744' title='bbox 2076 4851 2224 4922; x_wconf 84' lang='lat' dir='ltr'><strong>leges</strong></span> <span class='ocrx_word' id='word_1_745' title='bbox 2247 4868 2369 4907; x_wconf 89' lang='lat' dir='ltr'><strong>esse</strong></span> <span class='ocrx_word' id='word_1_746' title='bbox 2394 4852 2712 4908; x_wconf 66' lang='lat' dir='ltr'><strong>Graecanica</strong></span> <span class='ocrx_word' id='word_1_747' title='bbox 2738 4853 3089 4924; x_wconf 88' lang='lat' dir='ltr'><strong>philosophia</strong></span> <span class='ocrx_word' id='word_1_748' title='bbox 3118 4852 3293 4906; x_wconf 91' lang='lat' dir='ltr'><strong>multo</strong></span> <span class='ocrx_word' id='word_1_749' title='bbox 3320 4850 3497 4905; x_wconf 78' lang='lat' dir='ltr'><strong>subli-</strong></span> 
     </span>
    </p>
   </div>
   <div class='ocr_carea' id='block_1_91' title="bbox 206 4930 1816 5013">
    <p class='ocr_par' dir='ltr' id='par_1_91' title="bbox 206 4930 1801 5013">
     <span class='ocr_line' id='line_1_91' title="bbox 206 4930 1801 5013; baseline 0.001 -18"><span class='ocrx_word' id='word_1_750' title='bbox 206 4941 516 5013; x_wconf 81' lang='grc' dir='ltr'>τηνικαῦτα</span> <span class='ocrx_word' id='word_1_751' title='bbox 541 4944 698 5013; x_wconf 81' lang='grc' dir='ltr'>ὑμεῖς</span> <span class='ocrx_word' id='word_1_752' title='bbox 730 4943 856 5006; x_wconf 82' lang='grc' dir='ltr'>τοὺς</span> <span class='ocrx_word' id='word_1_753' title='bbox 892 4942 991 5013; x_wconf 78' lang='grc' dir='ltr'>μὲν</span> <span class='ocrx_word' id='word_1_754' title='bbox 1020 4942 1217 5012; x_wconf 87' lang='grc' dir='ltr'>νόμους</span> <span class='ocrx_word' id='word_1_755' title='bbox 1250 4930 1543 5007; x_wconf 77' lang='grc' dir='ltr'>ἐπαινεῖτε,</span> <span class='ocrx_word' id='word_1_756' title='bbox 1580 4945 1708 5006; x_wconf 80' lang='grc' dir='ltr'>τοὺς</span> <span class='ocrx_word' id='word_1_757' title='bbox 1744 4930 1801 4997; x_wconf 83' lang='grc' dir='ltr'>δὲ</span> 
     </span>
    </p>
   </div>
   <div class='ocr_carea' id='block_1_92' title="bbox 1884 4930 3494 5013">
    <p class='ocr_par' dir='ltr' id='par_1_92' title="bbox 1910 4941 3494 5013">
     <span class='ocr_line' id='line_1_92' title="bbox 1910 4941 3494 5013; baseline 0 -19"><span class='ocrx_word' id='word_1_758' title='bbox 1910 4941 2136 5005; x_wconf 89' lang='lat' dir='ltr'><strong>miores,</strong></span> <span class='ocrx_word' id='word_1_759' title='bbox 2168 4958 2264 4997; x_wconf 89' lang='lat' dir='ltr'><strong>eas</strong></span> <span class='ocrx_word' id='word_1_760' title='bbox 2293 4942 2517 5013; x_wconf 89' lang='lat' dir='ltr'><strong>quidem</strong></span> <span class='ocrx_word' id='word_1_761' title='bbox 2547 4944 2808 5009; x_wconf 87' lang='lat' dir='ltr'><strong>laudatis,</strong></span> <span class='ocrx_word' id='word_1_762' title='bbox 2838 4943 2933 4998; x_wconf 89' lang='lat' dir='ltr'><strong>sed</strong></span> <span class='ocrx_word' id='word_1_763' title='bbox 2970 4958 3161 4998; x_wconf 87' lang='lat' dir='ltr'><strong>earum</strong></span> <span class='ocrx_word' id='word_1_764' title='bbox 3188 4951 3494 5012; x_wconf 87' lang='lat' dir='ltr'><strong>transgres-</strong></span> 
     </span>
    </p>
   </div>
   <div class='ocr_carea' id='block_1_93' title="bbox 206 5026 1816 5107">
    <p class='ocr_par' dir='ltr' id='par_1_93' title="bbox 206 5026 1796 5105">
     <span class='ocr_line' id='line_1_93' title="bbox 206 5026 1796 5105; baseline 0 -18"><span class='ocrx_word' id='word_1_765' title='bbox 206 5026 439 5097; x_wconf 81' lang='grc' dir='ltr'>τοῦτους</span> <span class='ocrx_word' id='word_1_766' title='bbox 473 5032 911 5104; x_wconf 73' lang='grc' dir='ltr'>παραϐαίνοντας</span> <span class='ocrx_word' id='word_1_767' title='bbox 934 5032 1107 5096; x_wconf 85' lang='grc' dir='ltr'>ἀδεῶς</span> <span class='ocrx_word' id='word_1_768' title='bbox 1138 5034 1218 5095; x_wconf 85' lang='grc' dir='ltr'><strong>είς</strong></span> <span class='ocrx_word' id='word_1_769' title='bbox 1246 5033 1409 5102; x_wconf 85' lang='grc' dir='ltr'>μέσον</span> <span class='ocrx_word' id='word_1_770' title='bbox 1434 5036 1796 5105; x_wconf 84' lang='grc' dir='ltr'>προσφέρετε,</span> 
     </span>
    </p>
   </div>
   <div class='ocr_carea' id='block_1_94' title="bbox 1885 5026 3495 5107">
    <p class='ocr_par' dir='ltr' id='par_1_94' title="bbox 1908 5033 3495 5107">
     <span class='ocr_line' id='line_1_94' title="bbox 1908 5033 3495 5107; baseline 0 -19"><span class='ocrx_word' id='word_1_771' title='bbox 1908 5050 2063 5090; x_wconf 84' lang='lat' dir='ltr'><strong>seres</strong></span> <span class='ocrx_word' id='word_1_772' title='bbox 2101 5036 2453 5106; x_wconf 90' lang='lat' dir='ltr'><strong>impudenter</strong></span> <span class='ocrx_word' id='word_1_773' title='bbox 2484 5036 2747 5107; x_wconf 85' lang='lat' dir='ltr'><strong>objicitis,</strong></span> <span class='ocrx_word' id='word_1_774' title='bbox 2777 5036 3114 5105; x_wconf 80' lang='lat' dir='ltr'><strong>illorumque</strong></span> <span class='ocrx_word' id='word_1_775' title='bbox 3153 5049 3318 5090; x_wconf 87' lang='lat' dir='ltr'><strong>causa</strong></span> <span class='ocrx_word' id='word_1_776' title='bbox 3348 5033 3495 5103; x_wconf 76' lang='lat' dir='ltr'><strong>leges</strong></span> 
     </span>
    </p>
   </div>
   <div class='ocr_carea' id='block_1_95' title="bbox 188 5123 1798 5197">
    <p class='ocr_par' dir='ltr' id='par_1_95' title="bbox 188 5123 1797 5197">
     <span class='ocr_line' id='line_1_95' title="bbox 188 5123 1797 5197; baseline -0.002 -16"><span class='ocrx_word' id='word_1_777' title='bbox 188 5125 312 5181; x_wconf 50' lang='grc' dir='ltr'>οιαὶ</span> <span class='ocrx_word' id='word_1_778' title='bbox 336 5124 402 5179; x_wconf 89' lang='grc' dir='ltr'><strong>δι’</strong></span> <span class='ocrx_word' id='word_1_779' title='bbox 428 5126 475 5160; x_wconf 76' lang='grc'><strong>’⁸</strong></span> <span class='ocrx_word' id='word_1_780' title='bbox 502 5124 731 5181; x_wconf 69' lang='grc' dir='ltr'>ἐκείνων</span> <span class='ocrx_word' id='word_1_781' title='bbox 760 5124 1025 5197; x_wconf 76' lang='grc' dir='ltr'>πειρᾶσθε</span> <span class='ocrx_word' id='word_1_782' title='bbox 1062 5123 1372 5179; x_wconf 77' lang='grc' dir='ltr'>διαϐάλλειν</span> <span class='ocrx_word' id='word_1_783' title='bbox 1404 5124 1533 5188; x_wconf 82' lang='grc' dir='ltr'>τοὺς</span> <span class='ocrx_word' id='word_1_784' title='bbox 1574 5125 1797 5195; x_wconf 86' lang='grc' dir='ltr'>νόμους.</span> 
     </span>
    </p>
   </div>
   <div class='ocr_carea' id='block_1_96' title="bbox 1885 5123 3495 5197">
    <p class='ocr_par' dir='ltr' id='par_1_96' title="bbox 1907 5124 3495 5197">
     <span class='ocr_line' id='line_1_96' title="bbox 1907 5124 3495 5197; baseline -0.001 -16"><span class='ocrx_word' id='word_1_785' title='bbox 1907 5126 2232 5182; x_wconf 87' lang='lat' dir='ltr'><strong>calumniari</strong></span> <span class='ocrx_word' id='word_1_786' title='bbox 2261 5128 2562 5183; x_wconf 90' lang='lat' dir='ltr'><strong>conamini.</strong></span> <span class='ocrx_word' id='word_1_787' title='bbox 2590 5128 2797 5184; x_wconf 87' lang='lat' dir='ltr'><strong>Contra</strong></span> <span class='ocrx_word' id='word_1_788' title='bbox 2831 5135 3040 5194; x_wconf 88' lang='lat' dir='ltr'><strong>autem,</strong></span> <span class='ocrx_word' id='word_1_789' title='bbox 3085 5124 3495 5197; x_wconf 85' lang='lat' dir='ltr'><strong>reprehendere</strong></span> 
     </span>
    </p>
   </div>
   <div class='ocr_carea' id='block_1_97' title="bbox 266 5264 1876 5394">
    <p class='ocr_par' dir='ltr' id='par_1_97' title="bbox 266 5266 1849 5394">
     <span class='ocr_line' id='line_1_97' title="bbox 296 5266 1849 5337; baseline 0.001 -15"><span class='ocrx_word' id='word_1_790' title='bbox 296 5269 315 5309; x_wconf 76' lang='grc' dir='ltr'><strong>ι</strong></span> <span class='ocrx_word' id='word_1_791' title='bbox 350 5267 517 5323; x_wconf 80' lang='lat' dir='ltr'><strong>Hebr.</strong></span> <span class='ocrx_word' id='word_1_792' title='bbox 547 5283 645 5334; x_wconf 85' lang='lat' dir='ltr'><strong>xv,</strong></span> <span class='ocrx_word' id='word_1_793' title='bbox 670 5268 724 5323; x_wconf 86' lang='lat'><strong>4.</strong></span> <span class='ocrx_word' id='word_1_794' title='bbox 804 5268 819 5319; x_wconf 86' lang='grc' dir='ltr'><strong>Ι</strong></span> <span class='ocrx_word' id='word_1_795' title='bbox 856 5269 881 5324; x_wconf 90' lang='grc' dir='ltr'>Ι</span> <span class='ocrx_word' id='word_1_796' title='bbox 908 5266 1035 5324; x_wconf 87' lang='lat' dir='ltr'><strong>Cor.</strong></span> <span class='ocrx_word' id='word_1_797' title='bbox 1073 5283 1163 5334; x_wconf 85' lang='lat' dir='ltr'><strong>vn,</strong></span> <span class='ocrx_word' id='word_1_798' title='bbox 1195 5266 1248 5334; x_wconf 92' lang='lat'><strong>8,</strong></span> <span class='ocrx_word' id='word_1_799' title='bbox 1281 5266 1335 5322; x_wconf 86' lang='lat'><strong>9.</strong></span> <span class='ocrx_word' id='word_1_800' title='bbox 1415 5267 1439 5306; x_wconf 77' lang='grc' dir='ltr'>ιι</span> <span class='ocrx_word' id='word_1_801' title='bbox 1472 5267 1677 5337; x_wconf 84' lang='lat' dir='ltr'><strong>Ephes.</strong></span> <span class='ocrx_word' id='word_1_802' title='bbox 1708 5283 1763 5334; x_wconf 93' lang='lat' dir='ltr'><strong>v,</strong></span> <span class='ocrx_word' id='word_1_803' title='bbox 1796 5269 1849 5323; x_wconf 79' lang='grc'>5.</span> 
     </span>
     <span class='ocr_line' id='line_1_98' title="bbox 266 5338 1751 5394; baseline -0.007 0"><span class='ocrx_word' id='word_1_804' title='bbox 266 5338 413 5394; x_wconf 85' lang='lat' dir='ltr'><strong>Psal.</strong></span> <span class='ocrx_word' id='word_1_805' title='bbox 442 5355 563 5394; x_wconf 71' lang='grc' dir='ltr'>οτι..</span> <span class='ocrx_word' id='word_1_806' title='bbox 594 5339 649 5392; x_wconf 89' lang='lat'><strong>4.</strong></span> <span class='ocrx_word' id='word_1_807' title='bbox 1743 5338 1751 5345; x_wconf 86' lang='lat'><strong><em>‘</em></strong></span> 
     </span>
    </p>
   </div>
   <div class='ocr_carea' id='block_1_98' title="bbox 1879 5264 3489 5394">
    <p class='ocr_par' dir='ltr' id='par_1_98' title="bbox 1934 5264 3489 5336">
     <span class='ocr_line' id='line_1_99' title="bbox 1934 5264 3489 5336; baseline -0.005 -12"><span class='ocrx_word' id='word_1_808' title='bbox 1934 5267 1949 5307; x_wconf 80' lang='grc'><strong>¹</strong></span> <span class='ocrx_word' id='word_1_809' title='bbox 1987 5269 2156 5324; x_wconf 81' lang='lat' dir='ltr'><strong>Hebr.</strong></span> <span class='ocrx_word' id='word_1_810' title='bbox 2190 5286 2284 5336; x_wconf 84' lang='lat' dir='ltr'><strong>xu,</strong></span> <span class='ocrx_word' id='word_1_811' title='bbox 2318 5268 2405 5325; x_wconf 76' lang='grc'>16.</span> <span class='ocrx_word' id='word_1_812' title='bbox 2481 5278 2520 5306; x_wconf 75' lang='grc' dir='ltr'>ω</span> <span class='ocrx_word' id='word_1_813' title='bbox 2552 5268 2709 5324; x_wconf 86' lang='lat' dir='ltr'><strong>Joan.</strong></span> <span class='ocrx_word' id='word_1_814' title='bbox 2742 5283 2832 5332; x_wconf 81' lang='lat' dir='ltr'><strong>xv,</strong></span> <span class='ocrx_word' id='word_1_815' title='bbox 2866 5269 2954 5323; x_wconf 78' lang='lat' dir='ltr'><strong>l5.</strong></span> <span class='ocrx_word' id='word_1_816' title='bbox 3031 5274 3058 5303; x_wconf 71' lang='grc' dir='ltr'><strong><em>π</em></strong></span> <span class='ocrx_word' id='word_1_817' title='bbox 3090 5264 3283 5320; x_wconf 82' lang='lat' dir='ltr'><strong>Matth.</strong></span> <span class='ocrx_word' id='word_1_818' title='bbox 3314 5281 3369 5331; x_wconf 90' lang='lat' dir='ltr'><strong>v,</strong></span> <span class='ocrx_word' id='word_1_819' title='bbox 3401 5264 3489 5318; x_wconf 86' lang='lat'><strong>44.</strong></span> 
     </span>
    </p>
   </div>
   <div class='ocr_carea' id='block_1_99' title="bbox 209 5347 1819 5404">
    <p class='ocr_par' dir='ltr' id='par_1_99' title="bbox 209 5347 649 5404">
     <span class='ocr_line' id='line_1_100' title="bbox 209 5347 649 5404; baseline -0.009 -9"><span class='ocrx_word' id='word_1_820' title='bbox 209 5347 238 5372; x_wconf 82' lang='grc'><strong><em>⁸</em></strong></span> <span class='ocrx_word' id='word_1_821' title='bbox 266 5347 413 5394; x_wconf 84' lang='lat' dir='ltr'><strong>Psal.</strong></span> <span class='ocrx_word' id='word_1_822' title='bbox 440 5355 563 5404; x_wconf 71' lang='lat' dir='ltr'><strong>ext,</strong></span> <span class='ocrx_word' id='word_1_823' title='bbox 594 5347 649 5392; x_wconf 89' lang='lat'><strong>4.</strong></span> 
     </span>
    </p>
   </div>
   <div class='ocr_carea' id='block_1_100' title="bbox 437 5347 2047 5404">
    <p class='ocr_par' dir='ltr' id='par_1_100' title="bbox 440 5347 2047 5404">
     <span class='ocr_line' id='line_1_101' title="bbox 440 5347 2047 5404; baseline -0.001 -12"><span class='ocrx_word' id='word_1_824' title='bbox 440 5355 563 5404; x_wconf 71' lang='lat' dir='ltr'><strong>ext,</strong></span> <span class='ocrx_word' id='word_1_825' title='bbox 594 5347 649 5392; x_wconf 88' lang='lat'><strong>4.</strong></span> 
     </span>
    </p>
   </div>
   <div class='ocr_carea' id='block_1_101' title="bbox 1502 5423 2189 5517">
    <p class='ocr_par' dir='ltr' id='par_1_101' title="bbox 1502 5423 2189 5517">
     <span class='ocr_line' id='line_1_102' title="bbox 1502 5423 2189 5517; baseline 0.003 -36"><span class='ocrx_word' id='word_1_826' title='bbox 1502 5425 1742 5517; x_wconf 63' lang='lat' dir='ltr'><strong>VABIIE</strong></span> <span class='ocrx_word' id='word_1_827' title='bbox 1782 5423 2189 5483; x_wconf 83' lang='lat' dir='ltr'><strong>LECTIONES.</strong></span> 
     </span>
    </p>
   </div>
   <div class='ocr_carea' id='block_1_102' title="bbox 284 5529 3487 5640">
    <p class='ocr_par' dir='ltr' id='par_1_102' title="bbox 284 5529 3487 5640">
     <span class='ocr_line' id='line_1_103' title="bbox 284 5529 3487 5640; baseline -0.007 0"><span class='ocrx_word' id='word_1_828' title='bbox 284 5563 1000 5640; x_wconf 53' lang='grc' dir='ltr'><strong>’ἷφλοοντὲβωνέλεῠβερρνκ</strong></span> <span class='ocrx_word' id='word_1_829' title='bbox 1035 5566 1323 5640; x_wconf 63' lang='grc' dir='ltr'>ἐλεύβερον</span> <span class='ocrx_word' id='word_1_830' title='bbox 1340 5566 1636 5640; x_wconf 69' lang='grc' dir='ltr'>φροντίδων</span> <span class='ocrx_word' id='word_1_831' title='bbox 1673 5568 1737 5622; x_wconf 76' lang='grc' dir='ltr'><strong>Ι)-</strong></span> <span class='ocrx_word' id='word_1_832' title='bbox 1787 5639 1791 5640; x_wconf 56' lang='lat'><strong><em>,</em></strong></span> <span class='ocrx_word' id='word_1_833' title='bbox 1838 5567 1885 5600; x_wconf 85' lang='lat'><strong>&quot;</strong></span> <span class='ocrx_word' id='word_1_834' title='bbox 1910 5566 2227 5640; x_wconf 60' lang='grc' dir='ltr'>αέξάνονταο</span> <span class='ocrx_word' id='word_1_835' title='bbox 2283 5565 2513 5640; x_wconf 64' lang='grc' dir='ltr'>ᾳβξοντα</span> <span class='ocrx_word' id='word_1_836' title='bbox 2569 5529 2755 5640; x_wconf 43' lang='lat' dir='ltr'><strong>D.._’°</strong></span> <span class='ocrx_word' id='word_1_837' title='bbox 2805 5566 2959 5640; x_wconf 61' lang='lat' dir='ltr'><strong>gate.</strong></span> <span class='ocrx_word' id='word_1_838' title='bbox 3003 5563 3130 5640; x_wconf 59' lang='grc' dir='ltr'>ταῖς</span> <span class='ocrx_word' id='word_1_839' title='bbox 3161 5561 3225 5619; x_wconf 89' lang='lat' dir='ltr'><strong>D.</strong></span> <span class='ocrx_word' id='word_1_840' title='bbox 3304 5559 3348 5592; x_wconf 79' lang='grc' dir='ltr'><strong><em>ἰ</em></strong></span> <span class='ocrx_word' id='word_1_841' title='bbox 3389 5561 3487 5631; x_wconf 73' lang='grc' dir='ltr'>μὴ.</span> 
     </span>
    </p>
   </div>
   <div class='ocr_carea' id='block_1_103' title="bbox 260 5581 3486 5742">
    <p class='ocr_par' dir='ltr' id='par_1_103' title="bbox 260 5581 3486 5742">
     <span class='ocr_line' id='line_1_104' title="bbox 284 5581 3486 5640; baseline -0.001 -24"><span class='ocrx_word' id='word_1_842' title='bbox 284 5581 335 5599; x_wconf 67' lang='grc'><strong>’⁵</strong></span> <span class='ocrx_word' id='word_1_843' title='bbox 361 5582 397 5631; x_wconf 81' lang='grc' dir='ltr'><strong>φ</strong></span> <span class='ocrx_word' id='word_1_844' title='bbox 466 5581 656 5619; x_wconf 68' lang='grc' dir='ltr'>ντιοίυν</span> <span class='ocrx_word' id='word_1_845' title='bbox 683 5581 866 5620; x_wconf 72' lang='grc' dir='ltr'><strong>ελευυε</strong></span> <span class='ocrx_word' id='word_1_846' title='bbox 935 5584 982 5623; x_wconf 72' lang='grc' dir='ltr'>ν.</span> <span class='ocrx_word' id='word_1_847' title='bbox 1035 5581 1323 5640; x_wconf 68' lang='grc' dir='ltr'><strong>ελευυερον</strong></span> <span class='ocrx_word' id='word_1_848' title='bbox 1340 5581 1636 5639; x_wconf 75' lang='grc' dir='ltr'>φροντίδων</span> <span class='ocrx_word' id='word_1_849' title='bbox 1675 5581 1737 5622; x_wconf 82' lang='lat' dir='ltr'><strong>D.</strong></span> <span class='ocrx_word' id='word_1_850' title='bbox 1838 5581 1884 5600; x_wconf 65' lang='lat' dir='ltr'><strong>u</strong></span> <span class='ocrx_word' id='word_1_851' title='bbox 1910 5581 2227 5634; x_wconf 67' lang='grc' dir='ltr'>αῡξᾱνοντα.</span> <span class='ocrx_word' id='word_1_852' title='bbox 2283 5581 2513 5631; x_wconf 67' lang='grc' dir='ltr'><strong>αῡζοντα</strong></span> <span class='ocrx_word' id='word_1_853' title='bbox 2570 5581 2634 5621; x_wconf 83' lang='lat' dir='ltr'><strong>U.</strong></span> <span class='ocrx_word' id='word_1_854' title='bbox 2712 5581 2755 5598; x_wconf 65' lang='grc'><strong>⁷*</strong></span> <span class='ocrx_word' id='word_1_855' title='bbox 2805 5581 2937 5627; x_wconf 76' lang='grc' dir='ltr'><strong>τοις.</strong></span> <span class='ocrx_word' id='word_1_856' title='bbox 3003 5581 3124 5625; x_wconf 82' lang='grc' dir='ltr'>ταις</span> <span class='ocrx_word' id='word_1_857' title='bbox 3162 5581 3225 5619; x_wconf 70' lang='grc' dir='ltr'><strong>υ.</strong></span> <span class='ocrx_word' id='word_1_858' title='bbox 3304 5581 3348 5592; x_wconf 81' lang='grc'><em>”</em></span> <span class='ocrx_word' id='word_1_859' title='bbox 3389 5581 3486 5631; x_wconf 74' lang='grc' dir='ltr'><strong>μη.</strong></span> 
     </span>
     <span class='ocr_line' id='line_1_105' title="bbox 260 5581 3486 5742; baseline -0.002 -53"><span class='ocrx_word' id='word_1_860' title='bbox 260 5634 358 5720; x_wconf 61' lang='grc' dir='ltr'><strong>ηδξ</strong></span> <span class='ocrx_word' id='word_1_861' title='bbox 382 5581 475 5717; x_wconf 43' lang='lat'><strong>.</strong></span> <span class='ocrx_word' id='word_1_862' title='bbox 523 5635 567 5667; x_wconf 83' lang='grc'><strong><em>⁹²</em></strong></span> <span class='ocrx_word' id='word_1_863' title='bbox 600 5635 693 5689; x_wconf 78' lang='grc' dir='ltr'>καὶ</span> <span class='ocrx_word' id='word_1_864' title='bbox 729 5585 1103 5742; x_wconf 64' lang='grc' dir='ltr'>βέ6.ἢρὲές.υ.</span> <span class='ocrx_word' id='word_1_865' title='bbox 1167 5637 1215 5673; x_wconf 84' lang='grc'><strong><em>⁸³</em></strong></span> <span class='ocrx_word' id='word_1_866' title='bbox 1242 5640 1570 5728; x_wconf 71' lang='grc' dir='ltr'>ἐπιστήμας.</span> <span class='ocrx_word' id='word_1_867' title='bbox 1604 5639 1918 5742; x_wconf 65' lang='grc' dir='ltr'>ὲπιστάμας</span> <span class='ocrx_word' id='word_1_868' title='bbox 1936 5637 2003 5702; x_wconf 77' lang='grc' dir='ltr'><strong>ν,</strong></span> <span class='ocrx_word' id='word_1_869' title='bbox 2036 5645 2092 5692; x_wconf 90' lang='lat' dir='ltr'><strong>et</strong></span> <span class='ocrx_word' id='word_1_870' title='bbox 2126 5637 2471 5722; x_wconf 61' lang='grc' dir='ltr'>ηιρχηὰδονᾷς</span> <span class='ocrx_word' id='word_1_871' title='bbox 2505 5651 2630 5691; x_wconf 91' lang='lat' dir='ltr'><strong>cum</strong></span> <span class='ocrx_word' id='word_1_872' title='bbox 2806 5633 2852 5667; x_wconf 77' lang='lat'><strong>“</strong></span> <span class='ocrx_word' id='word_1_873' title='bbox 2874 5632 3234 5721; x_wconf 62' lang='grc' dir='ltr'>ἐκπαιδεύων.</span> <span class='ocrx_word' id='word_1_874' title='bbox 3268 5646 3486 5733; x_wconf 50' lang='grc' dir='ltr'>τεὴπαιτ</span> 
     </span>
     <span class='ocr_line' id='line_1_106' title="bbox 260 5702 3486 5742; baseline 0 0"><span class='ocrx_word' id='word_1_875' title='bbox 260 5718 388 5742; x_wconf 68' lang='lat' dir='ltr'><strong>Iul-au</strong></span> <span class='ocrx_word' id='word_1_876' title='bbox 418 5704 565 5742; x_wconf 55' lang='grc' dir='ltr'><strong>ειν-πὶ</strong></span> <span class='ocrx_word' id='word_1_877' title='bbox 665 5706 711 5738; x_wconf 70' lang='grc' dir='ltr'>η</span> <span class='ocrx_word' id='word_1_878' title='bbox 735 5723 906 5742; x_wconf 62' lang='grc' dir='ltr'><strong>νηί-ΑΛ</strong></span> <span class='ocrx_word' id='word_1_879' title='bbox 941 5709 1125 5742; x_wconf 66' lang='lat' dir='ltr'><strong>mmn...</strong></span> <span class='ocrx_word' id='word_1_880' title='bbox 1186 5706 1596 5742; x_wconf 61' lang='grc' dir='ltr'><strong>διηριΛΛΩΛιιρΩηο</strong></span> <span class='ocrx_word' id='word_1_881' title='bbox 1636 5707 1681 5742; x_wconf 70' lang='grc' dir='ltr'><strong>η</strong></span> <span class='ocrx_word' id='word_1_882' title='bbox 1774 5707 1797 5741; x_wconf 66' lang='grc' dir='ltr'><strong>ο</strong></span> <span class='ocrx_word' id='word_1_883' title='bbox 1850 5724 2082 5742; x_wconf 62' lang='lat' dir='ltr'><strong>nan-mu</strong></span> <span class='ocrx_word' id='word_1_884' title='bbox 2126 5724 2347 5742; x_wconf 60' lang='lat' dir='ltr'><strong>Ruina—nu</strong></span> <span class='ocrx_word' id='word_1_885' title='bbox 2375 5708 2429 5742; x_wconf 60' lang='grc' dir='ltr'><strong>Ιδ-</strong></span> <span class='ocrx_word' id='word_1_886' title='bbox 2510 5705 2559 5740; x_wconf 62' lang='grc'><strong>,7</strong></span> <span class='ocrx_word' id='word_1_887' title='bbox 2589 5706 2840 5742; x_wconf 53' lang='lat' dir='ltr'><strong>menter-1&#39;:</strong></span> <span class='ocrx_word' id='word_1_888' title='bbox 2893 5703 3163 5742; x_wconf 65' lang='grc' dir='ltr'><strong>ιιιδειισηηξι</strong></span> <span class='ocrx_word' id='word_1_889' title='bbox 3192 5702 3237 5742; x_wconf 67' lang='grc' dir='ltr'><em>Π</em></span> <span class='ocrx_word' id='word_1_890' title='bbox 3394 5717 3486 5742; x_wconf 68' lang='lat' dir='ltr'><strong>sun</strong></span> 
     </span>
    </p>
   </div>
   <div class='ocr_carea' id='block_1_104' title="bbox 213 5702 3491 5836">
    <p class='ocr_par' dir='ltr' id='par_1_104' title="bbox 213 5702 3491 5836">
     <span class='ocr_line' id='line_1_107' title="bbox 213 5702 3491 5836; baseline -0.001 -79"><span class='ocrx_word' id='word_1_891' title='bbox 213 5702 644 5836; x_wconf 40' lang='lat' dir='ltr'><strong>get&#39;amv‘ﬁirm.c</strong></span> <span class='ocrx_word' id='word_1_892' title='bbox 665 5706 711 5738; x_wconf 83' lang='grc'><strong><em>⁸⁸</em></strong></span> <span class='ocrx_word' id='word_1_893' title='bbox 730 5702 1150 5779; x_wconf 78' lang='grc' dir='ltr'>κατορθοῦσθαι.</span> <span class='ocrx_word' id='word_1_894' title='bbox 1186 5702 1602 5788; x_wconf 77' lang='grc' dir='ltr'>κατωρθόῦσθαι</span> <span class='ocrx_word' id='word_1_895' title='bbox 1636 5707 1701 5764; x_wconf 86' lang='lat' dir='ltr'><strong>D.</strong></span> <span class='ocrx_word' id='word_1_896' title='bbox 1774 5702 1821 5742; x_wconf 77' lang='lat'>&quot;</span> <span class='ocrx_word' id='word_1_897' title='bbox 1850 5707 2102 5787; x_wconf 86' lang='grc' dir='ltr'>πάμπαν.</span> <span class='ocrx_word' id='word_1_898' title='bbox 2126 5708 2347 5779; x_wconf 84' lang='grc' dir='ltr'>σύμπαν</span> <span class='ocrx_word' id='word_1_899' title='bbox 2374 5708 2434 5762; x_wconf 59' lang='grc' dir='ltr'>[κ</span> <span class='ocrx_word' id='word_1_900' title='bbox 2510 5705 2559 5740; x_wconf 78' lang='grc'><strong>’⁷</strong></span> <span class='ocrx_word' id='word_1_901' title='bbox 2589 5704 2863 5762; x_wconf 83' lang='grc' dir='ltr'>ὁδεύσατε.</span> <span class='ocrx_word' id='word_1_902' title='bbox 2893 5702 3165 5759; x_wconf 81' lang='grc' dir='ltr'>ὼδεύσατε</span> <span class='ocrx_word' id='word_1_903' title='bbox 3192 5702 3257 5763; x_wconf 82' lang='grc' dir='ltr'>ι).</span> <span class='ocrx_word' id='word_1_904' title='bbox 3322 5702 3368 5733; x_wconf 86' lang='grc'><strong>⁹¹¹</strong></span> <span class='ocrx_word' id='word_1_905' title='bbox 3394 5702 3491 5755; x_wconf 74' lang='grc' dir='ltr'>κοίι</span> 
     </span>
     <span class='ocr_line' id='line_1_108' title="bbox 250 5788 1572 5831; baseline 0.014 -6"><span class='ocrx_word' id='word_1_906' title='bbox 250 5789 268 5825; x_wconf 91' lang='grc' dir='ltr'><strong>ι</strong></span> <span class='ocrx_word' id='word_1_907' title='bbox 292 5812 308 5831; x_wconf 91' lang='grc'><strong>.</strong></span> <span class='ocrx_word' id='word_1_908' title='bbox 336 5790 430 5829; x_wconf 82' lang='grc' dir='ltr'><strong>και</strong></span> <span class='ocrx_word' id='word_1_909' title='bbox 461 5789 573 5831; x_wconf 89' lang='lat' dir='ltr'><strong>om.</strong></span> <span class='ocrx_word' id='word_1_910' title='bbox 657 5816 673 5831; x_wconf 91' lang='lat'><strong>.</strong></span> <span class='ocrx_word' id='word_1_911' title='bbox 1564 5788 1572 5793; x_wconf 63' lang='grc'><strong>⁷</strong></span> 
     </span>
    </p>
   </div>
  </div>
