4078 6320
648 349 782 417 114⁸1
1624 348 2110 413 THEODORETI
2148 348 2490 414 EPISCOP‘I
2528 347 2892 412 CYRENSIS
3754 347 3904 417 1N8

643 459 866 532 quidem
890 458 1010 515 illos
1033 457 1342 530 Oportebat,
1385 457 1533 530 leges
1565 467 1748 514 autem
1781 460 2010 519 minime
2037 476 2199 518 accu-
2230 465 2253 523 Δ

2309 461 2457 517 Ἔδει
2487 460 2544 516 δὲ
2572 461 2760 532 ψέγειν
2793 459 2895 531 μὶν
2927 455 3190 523 ικείνους,
3222 454 3358 512 ἀλλά
3388 450 3464 530 μὴ
3491 453 3670 510 τῶνη
3701 457 3897 530 νόμων

643 566 793 608 sare.
809 550 996 620 Neque
1017 549 1166 603 enim
1188 557 1410 620 propter
1429 547 1597 603 malas
1617 548 1757 604 vites
1773 562 1805 605 a
1825 549 1985 607 bonis
2006 551 2205 606 abhor-

2313 556 2655 625 κατηγορεῐν.
2678 551 2813 607 Οὐδὲ
2843 551 2947 622 γὰρ
2971 549 3058 605 διὰ
3080 549 3178 615 τάς
3205 547 3414 619 φαύλας
3436 547 3722 620 ἀμπέλους
3753 549 3866 618 φεύ
3885 579 3899 590 -

647 656 835 698 remus
866 660 880 695 :
910 655 1090 710 neque
1117 639 1190 695 ob
1235 654 1450 696 amaras
1478 639 1788 710 amygdalae
1817 641 1984 696 etiam
2019 641 2208 697 dulces

2312 663 2483 718 γομεν
2501 644 2601 710 τὰς
2632 644 2911 718 ἀρίστους,
2939 642 3060 698 οὐδὲ
3085 641 3174 697 διά
3203 641 3301 706 τὰς
3334 640 3538 711 πικρὰς
3563 640 3901 711 ἀμυγδωκ

647 743 963 785 aversamur
993 746 1009 784 :
1043 744 1226 800 neque
1256 729 1329 784 ob
1359 743 1556 784 aurum
1585 728 1940 795 subet-stum,
1976 730 2033 786 id
2060 729 2208 802 quod

2312 739 2406 792 καὶ
2432 737 2532 802 τάς
2563 735 2821 806 γλυκείας
2849 732 3326 807 ἀποστρεφόμεθα,
3354 733 3473 787 οὐδὲ
3495 733 3587 786 διὰ
3627 732 3726 787 τὸν
3751 732 3897 786 ὀπό-

646 833 849 889 purum
875 827 960 874 est
989 818 1312 874 damnamus
1348 835 1362 872 :
1395 833 1575 889 neque
1623 818 1694 874 ob
1721 818 2038 874 ementitam
2072 837 2208 890 pur-

2312 829 2509 900 χαλκον
2535 828 2736 900 χρυσὸν
2770 825 2863 883 καὶ
2899 826 2990 880 τὸν
3025 824 3318 896 ἀκίϐδηλον
3349 823 3737 893 διαϐάλλομεν,
3771 821 3901 876 οὐδ

647 924 841 981 puram
862 911 1027 966 etiam
1049 909 1234 967 vera'm
1256 910 1648 981 vituperamus.
1672 911 1859 982 Neque
1883 920 2106 983 propter
2129 913 2211 968 in-

2313 919 2400 973 διὰ
2454 917 2554 990 τὴν
2607 916 2946 988 ἐψευσμένην
3001 912 3290 986 πορφύραν
3334 912 3428 967 καὶ
3469 911 3572 983 τὴν
3625 908 3899 980 ἀληθινὴν

647 1007 804 1069 eptos
825 1000 1083 1070 pictores,
1113 1000 1278 1054 etiam
1302 999 1511 1070 peritos
1539 1014 1861 1055 accusamus
1893 1019 1905 1054 :
1935 1015 2114 1072 neque
2139 1001 2209 1056 ob

2317 1013 2672 1084 σκώπτομεν,
2706 1011 2828 1065 οὐδὲ
2862 1009 2970 1063 τῶν
2997 1006 3226 1078 ἀμαθῶν
3253 1007 3414 1061 ἕνεκα
3451 1005 3768 1076 ζωγράφων
3805 1004 3901 1058 καὶ

649 1093 928 1164 improbos
974 1094 1244 1162 homines,
1301 1098 1466 1150 etiam
1517 1093 1692 1150 bonus
1743 1095 1872 1150 odio
1922 1096 2205 1152 habemus.

2313 1104 2421 1158 τῶν
2447 1104 2711 1175 ἐντέχνων
2733 1099 3162 1172 κατηγοροῦμεν,
3191 1097 3313 1152 οὐδὲ
3341 1098 3429 1152 διὰ
3455 1098 3584 1159 τοὺς
3609 1095 3897 1166 πονηροὺς

646 1183 837 1255 Neque
862 1186 909 1239 si
939 1184 1190 1256 ignarum
1221 1185 1495 1241 medicum
1522 1185 1833 1256 quempiam
1866 1187 2011 1242 nacti
2036 1186 2207 1241 fueri-

2314 1193 2632 1266 ἀνθρώπους
2682 1193 2774 1247 καὶ
2801 1192 2926 1256 τοὺς
2956 1189 3274 1253 σπουδαίως
3305 1187 3594 1260 μισοῦμεν,
3641 1185 3772 1239 οὐδὲ
3803 1186 3900 1239 th

649 1291 792 1341 mus,
834 1275 1090 1332 medendi
1128 1286 1302 1332 artem
1344 1278 1491 1334 illico
1530 1277 1906 1348 repudiamus.
1939 1279 2140 1346 Verum
2179 1293 2210 1334 ο

2315 1308 2434 1344 τινα
2458 1288 2706 1360 εὕρωμεν
2738 1285 3146 1356 ἀνεπιστήμονα
3179 1280 3493 1353 mpm-935:.
3542 1280 3640 1334 καὶ
3669 1279 3772 1349 τὴν
3815 1279 3901 1330 ία-

648 1366 972 1436 pictoribus,
1003 1375 1061 1422 et
1092 1367 1339 1434 medicis,
1375 1376 1434 1422 et
1453 1369 1757 1435 sutoribus,
1790 1378 1848 1424 et
1885 1368 2054 1423 fabris
2079 1384 2212 1423 mra-

2315 1381 2510 1451 τρικὴν
2538 1377 2954 1448 ἀπαγορεύομεν
2981 1375 3199 1447 τέχνην,
3227 1371 3366 1428 ἀλλὰ
3411 1371 3508 1426 καὶ
3531 1371 3645 1424 τῶν
3678 1367 3901 1439 ζωγρά-

651 1457 768 1523 riis,
803 1458 1162 1528 aurariisque,
1194 1473 1290 1513 eos
1314 1458 1409 1529 qui
1437 1467 1565 1514 sunt
1588 1459 1801 1533 1036
1830 1460 2056 1532 egregii,
2090 1460 2211 1514 lau—

2318 1485 2455 1537 φων,
2486 1467 2580 1520 καὶ
2617 1465 2724 1519 τῶν
2768 1462 2985 1534 ίατρῶν,
3032 1462 3128 1517 καὶ
3160 1463 3344 1532 μέντοι
3371 1459 3466 1514 καὶ
3495 1457 3608 1512 τῶν
3639 1455 3903 1511 σκυτοτό-

651 1546 842 1603 damus
866 1555 1029 1618 atque
1053 1548 1404 1620 suspicimus,
1426 1550 1709 1620 imperitos
1733 1566 1866 1605 vero
1887 1566 1998 1606 suae
2017 1567 2212 1622 quem-

2322 1576 2457 1629 μων,
2499 1559 2590 1611 καὶ
2612 1556 2720 1610 τῶν
2747 1553 3123 1626 χαλκοτύπων,
3159 1550 3255 1606 καὶ
3278 1549 3386 1604 τῶν
3416 1546 3739 1621 χρυσοχόων
3766 1545 3897 1606 τοὺς

649 1653 757 1708 que
779 1639 914 1693 artis
949 1655 1179 1711 carpere
1209 1640 1618 1697 consuevimus.
1645 1641 1834 1712 Neque
1858 1649 2039 1698 tamen
2066 1650 2214 1700 artes

2323 1651 2421 1722 μὲν
2452 1649 2706 1720 ἀρίστους
2740 1647 3114 1718 θαυμάζομεν,
3162 1644 3290 1709 τοὺς
3326 1643 3384 1698 δὲ
3416 1642 3516 1714 τὴν
3556 1639 3763 1710 τέχνην
3799 1637 3900 1691 οὐκ

649 1731 815 1800 ipsas,
865 1733 1082 1788 tametsi
1118 1734 1330 1788 nullum
1362 1735 1458 1806 qui
1491 1748 1593 1791 eas
1630 1744 1815 1792 teneat
1840 1739 1987 1793 nacti
2019 1738 2211 1803 simus,

2323 1739 2682 1813 ἀκριϐοῦντας
2704 1741 2721 1770 ί
2748 1737 3017 1791 σκώπτειν
3044 1735 3313 1814 εἰώθαμεν
3329 1751 3345 1768 ο
3371 1734 3471 1797 τὰς
3493 1731 3553 1786 δέ
3577 1749 3645 1801 γε
3671 1731 3899 1802 τέχνας,

652 1820 764 1874 ullo
782 1829 941 1890 pacto
970 1821 1308 1878 accusandas
1329 1833 1608 1894 putamus.
1638 1823 1720 1880 Sit
1751 1825 1899 1880 enim
1926 1826 2031 1883 hoc
2052 1832 2064 1847 '
2087 1843 2216 1897 pro-
2247 1817 2262 1872 Ι

2317 1831 2416 1886 κᾶν
2481 1831 2685 1901 μηδένα
2723 1828 3060 1897 ἐπιστήμονα
3100 1826 3382 1898 εῦρωμεν,
3431 1822 3750 1877 διαϐάλλειν
3799 1821 3901 1875 οὐκ

649 1908 794 1965 tecto
821 1911 1268 1979 insulsissimum,
1296 1912 1367 1968 ob
1398 1913 1612 1984 aliquos
1631 1915 2000 1979 caecutientes,
2029 1917 2218 1971 oculos

2318 1917 2618 1990 ἀνεχόμεθα
2641 1920 2682 1970 ⁸.
2706 1916 2826 1970 Τῶν
2847 1915 2957 1986 γὰρ
2985 1914 3350 1968 ἀτοπωτάτων
3374 1910 3462 1965 διά
3487 1910 3618 1973 τοῦς
3646 1908 3902 1977 τυφλώτ-

650 2008 812 2071 atque
840 2002 1018 2072 ipsum
1041 2003 1263 2058 videndi
1300 2019 1522 2058 sensum
1563 2013 1820 2075 tanquam
1853 2004 2107 2060 inutilem
2139 2005 2217 2059 vi-

2316 2025 2506 2072 τοντας
2530 2009 2655 2071 τοὺς
2678 2005 2989 2077 ὀφθαλμοὺς
3015 2004 3110 2058 καὶ
3132 2001 3302 2073 αὐτὴν
3347 2001 3448 2073 τὴν
3482 1997 3722 2070 ὀπτικήν
3744 1999 3767 2032 ³
3819 1998 3902 2052 αῖ-

649 2099 905 2161 tuperare
943 2110 956 2145 :
987 2092 1072 2148 vel
1114 2101 1344 2164 propter
1381 2109 1478 2149 eos
1513 2097 1607 2164 qui
1650 2093 1815 2150 blaesa
1855 2103 1983 2151 sunt
2008 2097 2215 2166 lingua,

2318 2099 2510 2168 σθησιν
2547 2097 2822 2168 διαψιγειν
2859 2095 2932 2160 ὡς
2952 2091 3343 2166 ἀχρηστον,καὶ
3363 2091 3450 2146 διὰ
3465 2093 3594 2154 τοὺς
3608 2090 3713 2161 τὴν
3728 2089 3902 2159 γλῶτ-

648 2178 801 2236 vocis
821 2194 1023 2251 organa
1045 2189 1305 2250 tanquam
1329 2181 1554 2236 minime
1579 2183 1889 2237 necessaria
1913 2182 2214 2238 damnare:

2315 2201 2412 2238 ταν
2455 2183 2864 2255 πεπεδημένους
2893 2183 3001 2236 τῶν
3035 2182 3132 2252 τῆς
3161 2181 3345 2251 φωνῆς
3375 2179 3626 2251 ὀργάνων
3671 2179 3752 2242 ('0;
3791 2179 3891 2232 οὐκ

648 2280 706 2327 et
735 2277 958 2342 propter
992 2271 1302 2327 obstructas
1341 2287 1522 2337 aures,
1563 2272 1824 2327 audiendi
1876 2288 2097 2328 sensum
2129 2289 2222 2328 su-

2318 2275 3021 2346 ἀναγκαίωνικατηγορεῖν,
3061 2273 3154 2328 καὶ
3191 2272 3279 2326 διὰ
3320 2270 3391 2325 τὰ
3435 2271 3748 2342 βεϐυσμὲνα
3788 2265 3901 2338 ὦτα

652 2375 1051 2430 pervacaneum
1068 2359 1272 2416 dicere.
1299 2361 1568 2432 Pariergo
1591 2361 1773 2428 modo,
1797 2361 2060 2417 miserum
2085 2372 2218 2418 sane

2318 2364 2416 2437 τὴν
2441 2366 2770 2436 ἀκουστικὴν
2798 2365 3052 2434 αἴσθησιν
3092 2364 3352 2434 περιττὴν
3393 2361 3707 2434 ὀνομάζειν.
3743 2362 3897 2416 Οῦτω

648 2460 818 2523 atque
857 2451 1105 2523 iniquum
1143 2453 1236 2519 sit,
1268 2451 1340 2508 ob
1369 2468 1468 2508 eos
1497 2453 1592 2523 qni
1622 2454 1770 2525 leges
1805 2454 2218 2525 transgrediun-

2316 2453 2495 2508 τοίνυν
2529 2452 2748 2523 ἀληθῶς
2787 2453 3030 2525 σχέτλιόν
3070 2469 3130 2506 τε
3169 2452 3262 2506 καὶ
3302 2452 3489 2506 ἄδικον
3515 2452 3626 2506 τῶν
3651 2453 3783 2515 τοὺς
3813 2453 3897 2504 νό-

653 2551 762 2607 tur,
792 2543 937 2614 ipsas
960 2558 1221 2599 accusare
1253 2551 1422 2614 leges,
1445 2559 1568 2599 cum
1590 2544 1658 2600 iis
1682 2545 1775 2614 qui
1806 2560 1899 2600 eas
1923 2546 2216 2601 observare

2321 2561 2455 2614 μους
2501 2543 2949 2612 παραϐαινόντων
2997 2543 3162 2598 ἕνεκα
3200 2543 3294 2597 καὶ
3334 2542 3514 2596 αὐτῶν
3557 2543 3668 2597 τῶν
3720 2543 3897 2616 νόμων

650 2633 897 2690 student.
938 2634 1126 2704 Neque
1157 2635 1329 2701 enim,
1363 2635 1409 2690 si
1451 2634 1606 2690 faber
1647 2634 1917 2705 quispiam
1955 2636 2220 2706 lignarius

2317 2637 2660 2706 κατηγορεῖν,
2710 2635 2803 2689 καὶ
2833 2633 2939 2690 τῶν
2970 2636 3196 2701 τούτους
3220 2636 3512 2705 φυλάττειν
3558 2637 3897 2690 ἐσπουδακό-

651 2725 849 2782 lineam
899 2726 1121 2797 quidem
1171 2735 1319 2782 reete
1362 2727 1617 2791 duxerit,
1655 2727 1795 2780 male
1843 2735 2033 2780 autem
2069 2727 2220 2781 ascia

2317 2744 2443 2782 των.
2471 2727 2606 2781 Οὐδὲ
2633 2726 2742 2798 γὰρ
2780 2725 2936 2790 εἴτις
2961 2721 3168 2780 τέκτων
3197 2728 3259 2781 οὐ
3303 2726 3477 2782 κατάδ
3501 2725 3661 2795 λόγον
3689 2727 3789 2798 μὶν
3816 2728 3899 2780 εὐ-

652 2824 836 2880 utens,
872 2817 1161 2872 atramenti
1188 2818 1342 2888 signa
1375 2825 1707 2886 corrumpat,
1738 2817 1825 2872 vel
1849 2817 1991 2872 ultra
2019 2817 2220 2872 lineam

2320 2816 2466 2872 θύνοι
2512 2817 2612 2888 τὴν
2651 2817 2922 2887 στάθμην,
2974 2816 3336 2889 παραλόγως³
3382 2817 3439 2870 δὲ
3479 2816 3558 2889 τῷ
3603 2818 3897 2888 σκεπάρνῳ

652 2906 860 2975 aliquid
891 2905 958 2961 de
983 2907 1338 2964 interioribus
1360 2907 1607 2973 demens,
1633 2908 1718 2962 vel
1752 2909 1892 2963 citra
1919 2908 2070 2962 illam
2095 2923 2219 2979 quae

2318 2904 2598 2978 χρώμενος
2652 2905 2954 2977 διαφθείροι
3009 2905 3079 2958 τά
3141 2909 3342 2978 σημεῖα
3395 2907 3491 2960 τοῦ
3544 2906 3813 2976 μέλανος,
3863 2907 3894 2977 ἢ

650 3011 990 3066 supervacua
1018 3005 1145 3053 sunt
1169 2999 1504 3070 relinquens,
1537 2998 1745 3055 idcirco
1772 2997 1917 3054 linea
1948 2999 2219 3070 culpanda

2319 2998 2628 3068 περαιτέρω
2697 2995 2898 3066 ταύτης
2972 2997 3120 3050 τῶν⁶
3168 2996 3315 3054 ἔνδον
3379 2998 3805 3070 ἀφαιρούμενος,
3864 2997 3897 3067 ἢ

649 3097 755 3152 est,
801 3104 923 3158 quas
963 3099 1172 3144 rectum
1219 3090 1498 3146 ostendit:
1529 3090 1670 3145 fabri
1709 3090 1858 3145 enim
1911 3088 2218 3160 ignorantia
2244 3140 2259 3160 Α

2319 3083 2550 3156 περιττὰ
2579 3084 2649 3139 τά
2694 3084 2893 3150 ἔξωθεν
2921 3085 3259 3148 καταλιπὼν,
3303 3087 3402 3158 τὴν
3442 3087 3692 3158 στάθμην
3723 3090 3899 3141 αίττα-

648 3137 940 3245 peccatum
972 3170 1075 3233 est.
1102 3179 1275 3251 Leges
1298 3180 1482 3252 itaque
1515 3180 1674 3235 lineae
1706 3137 2013 3251 cujusdain,
2047 3188 2104 3236 et
2124 3195 2215 3237 re-
2244 3141 2258 3198 ε

2285 3142 2288 3195 ί
2321 3137 2462 3242 τεέν,
2491 3137 2806 3246 η’τεειᾱέέ
2839 3137 3392 3250 ιέτιὲέιένᾷέίῗίι-ιὲῄ
3421 3137 3777 3249 τὲιῖέῖιξτξέ
3794 3137 3895 3231 ἷξε

650 3266 810 3334 καὶαι,
843 3275 898 3321 et
933 3267 1130 3324 indicis
1163 3271 1342 3324 locum
1394 3269 1666 3324 obtinent.
1703 3269 1909 3324 Eorum
1945 3283 2079 3323 vero
2124 3269 2219 3339 qui

2321 3267 2572 3334 τέκτονος
2600 3265 2837 3338 ἀμαθίας
2859 3269 2892 3338 ἠ
2914 3267 3158 3340 ἁμαρτία
3178 3270 3219 3326 ".
3244 3268 3452 3324 Οὐκοῦν
3488 3269 3538 3322 oi
3582 3270 3738 3339 νόμοι
3772 3268 3898 3323 στά-

650 3358 863 3428 legibus
897 3368 1151 3427 utuntur,
1176 3361 1267 3415 alii
1294 3361 1498 3431 optime
1521 3347 1691 3414 vitam
1719 3373 1876 3414 suam
1898 3357 2216 3426 instituunt,

2323 3357 2469 3428 θμης
2481 3357 2624 3422 τινος
2648 3359 2742 3412 καὶ
2759 3359 2982 3424 κανόνος
3004 3360 3097 3415 καὶ
3106 3359 3383 3432 γνὼμονος
3396 3360 3418 3394 ⁸
3439 3359 3698 3431 ὶπὲχουσι
3723 3361 3893 3427 τάξιν·

650 3451 744 3506 alii
767 3452 1008 3523 jucunda
1035 3453 1244 3524 1037
1266 3453 1586 3508 melioribus
1616 3458 2040 3521 anteponentes,
2063 3457 2221 3507 extra

2321 3447 2430 3501 τῶν
2457 3447 2513 3500 δὲ
2535 3447 2747 3512 τούτοις
2770 3450 3070 3519 χρωμένων
3111 3451 3159 3504 oi
3191 3451 3289 3520 μὲν
3324 3450 3521 3523 ἄριστα
3555 3451 3651 3505 τὸν
3699 3455 3897 3506 οἰκεῖον

652 3551 858 3598 rectam
887 3544 1084 3599 barum
1115 3545 1316 3600 lineam
1347 3544 1621 3600 feruntur.
1653 3542 1718 3597 Hi
1743 3557 1874 3613 ergo
1903 3549 2032 3606 sunt
2051 3557 2222 3598 accu-

2322 3535 2655 3590 διευθύνουσι
2691 3537 2825 3608 βίον,
2854 3541 2902 3593 oi
2935 3540 2992 3594 δὲ
3022 3540 3093 3594 τὰ
3125 3542 3297 3612 ῥᾷστα
3329 3541 3447 3595 ἀντὶ
3469 3541 3576 3594 τῶν
3604 3541 3897 3611 βελτίστων

652 3631 830 3697 sandi,
861 3633 1008 3703 leges
1039 3649 1171 3688 vero
1198 3633 1501 3690 laudandae.
1530 3634 1716 3703 Neque
1739 3633 1908 3701 enim,
1937 3634 1982 3689 si
2009 3635 2224 3705 peritus

2324 3627 2746 3700 προαιρούμενοι
2771 3628 2878 3696 ἔξω
2916 3630 3016 3701 τῆς
3056 3629 3258 3687 τούτων
3296 3631 3591 3705 εὐθύτητος
3631 3632 3892 3703 βαίνουσι.

654 3723 902 3778 medicus
921 3725 1205 3794 egrotanti
1226 3725 1522 3796 praecipiat,
1549 3724 1672 3780 aliis
1693 3724 1915 3794 quidem
1952 3725 2120 3790 vesci,
2152 3727 2222 3782 ab

2324 3717 2614 3795 Τοιγάρτοι
2662 3720 2906 3775 τούτων’
2939 3721 3036 3793 μὲν
3086 3723 3508 3797 κατηγορητέον,
3552 3727 3680 3790 τοὺς
3712 3727 3772 3780 δὲ
3814 3726 3897 3781 νό-

654 3812 778 3868 aliis
809 3821 992 3868 autem
1021 3814 1244 3884 penitus
1267 3814 1567 3878 abstinere,
1603 3813 1693 3868 ille
1722 3827 1854 3868 vero
1889 3813 2221 3884 cortemptis

2326 3827 2459 3882 μους
2497 3813 2830 3868 ἐπαινετέον.
2882 3811 3020 3868 Οὐδὲ
3065 3814 3174 3886 γὰρ
3217 3815 3273 3869 εί
3309 3833 3393 3880 τις
3439 3816 3659 3886 ἀριστος
3713 3819 3896 3890 ίατρδς

654 3903 940 3960 medicinae
959 3906 1263 3977 praeceptis,
1292 3905 1564 3962 curationi
1589 3905 1923 3976 voluptatem
1945 3904 2218 3975 praeferat,

2323 3900 2568 3968 επιτάξοι
2607 3901 2688 3972 τῷ
2719 3902 2982 3973 κάμνοντι
3025 3902 3134 3957 τῶν
3180 3903 3280 3975 μὶν
3326 3906 3662 3976 μεταλαϐεῖν,
3699 3909 3809 3963 τῶν
3841 3907 3898 3962 δι

652 4005 712 4051 et
734 3995 903 4051 vetita
946 3996 1117 4052 edens
1143 4012 1205 4052 ac
1237 3997 1453 4061 bibens,
1483 3995 1734 4051 morbum
1774 3994 1974 4051 efﬁciat
2007 3996 2223 4067 gravio-

2326 3993 2401 4064 μὴ
2447 3994 2736 4065 μετασχεῖν
2774 3994 3075 4060 παντελῶς,
3111 3989 3234 4050 εἶτα
3274 3997 3503 4060 ἐκεῖνος,
3529 3990 3692 4068 ἧττον
3710 3998 3757 4068 ³-⁸
3790 3997 3893 4052 τῶν

653 4100 791 4151 rem,
828 4094 1120 4157 propterea
1147 4086 1423 4141 medicum
1456 4101 1556 4141 ceu
1591 4084 1970 4139 insidiatorem
1998 4100 2222 4141 accusa-

2325 4063 2582 4156 ίατρικῶν
2605 4063 2897 4157 ὐποθηκῶν
2919 4086 3231 4159 φροντίσας,
3258 4086 3358 4158 τῆς
3387 4063 3684 4158 θεραπείας
3709 4063 3891 4160 προτι-

653 4191 776 4232 mus
810 4195 823 4230 :
851 4177 1296 4248 quandoquidem
1331 4191 1400 4232 ex
1432 4176 1736 4231 laborantis
1774 4175 2218 4246 intemperantia,

2326 4177 2488 4249 μήσοι
2524 4177 2622 4248 τὴν
2643 4177 2854 4249 ἡδονὴν,
2881 4181 2974 4232 καὶ
3004 4177 3075 4236 τὰ
3096 4178 3446 4250 ἀπειρημένα
3473 4177 3666 4248 φαγὼν
3693 4181 3730 4252 ἢ
3760 4181 3893 4236 πιὼν

651 4277 764 4321 non
785 4279 852 4320 ex
873 4265 1211 4321 consulentis
1237 4264 1580 4336 providentia
1608 4263 1839 4333 invaluit
1860 4264 2148 4334 aegritudo.

2323 4264 2547 4336 αὐξήσοι
2579 4264 2678 4337 τὴν
2710 4264 2884 4331 νόσον,
2919 4265 3012 4320 τὸν
3060 4265 3244 4338 ίατρόν
3283 4266 3362 4330 ὡς
3394 4266 3681 4321 επιϐουλον
3715 4269 3891 4324 αίτιῶ·

655 4357 814 4427 μεθα.
859 4357 954 4413 Ἐκ
983 4360 1093 4431 γὰρ
1121 4359 1184 4431 δὴ
1215 4362 1317 4431 τῆς
1369 4359 1463 4413 τοῦ
1505 4359 1802 4429 κάμνοντος
1866 4358 2154 4429 ἀκρασίας,
2177 4358 2279 4412 οὐκ
2319 4361 2382 4414 εκ
2426 4361 2526 4431 τῆς
2571 4358 2665 4414 τοῦ
2707 4357 3210 4429 συμϐουλεύσαντος
3259 4358 3624 4431 προμηθείας,
3658 4363 3691 4431 ἡ
3744 4362 3892 4427 νόσος

650 4446 889 4522 ηὐξήθηο
2997 4501 3000 4503 Α
3327 4512 3344 4533 .

721 4541 848 4597 Haec
885 4541 1074 4612 igitur,
1105 4558 1333 4612 quaeque
1377 4552 1506 4599 sunt
1538 4545 1623 4599 bis
1655 4544 1874 4609 simdia,
1919 4542 2216 4598 ratiocina-
2251 4546 2295 4601 ῐ)

2277 4550 2295 4600 )
2398 4542 2582 4598 Ταῦτα
2651 4544 2830 4598 τοίνυν
2888 4539 3356 4615 συλλογισάμενοί,
3397 4544 3490 4597 καὶ
3545 4543 3647 4598 ὅσα
3690 4545 3887 4610 τούτοις

654 4629 802 4685 tione
822 4629 1157 4700 colligentes,
1171 4631 1492 4686 salutarium
1514 4632 1691 4703 legum
1710 4632 1941 4687 latorem
1964 4629 2221 4685 laudibus

2321 4634 2644 4705 προσόμοια,
2683 4634 2777 4688 τὸν
2814 4633 2914 4704 μιν
2961 4635 3072 4688 τῶν
3123 4633 3411 4706 σωτηρίων
3446 4634 3629 4707 νόμων
3673 4637 3886 4708 νομοθέ-

651 4721 946 4788 celebrate,
976 4723 1264 4792 legumque
1300 4722 1544 4792 ipsarum
1587 4722 1928 4779 commodam
1963 4722 2219 4777 humanae

2321 4738 2420 4792 την
2446 4723 2487 4754 “
2541 4722 2843 4794 ύμνήσατε,
2878 4720 3056 4776 αὐτῶν
3093 4722 3150 4777 δὲ
3199 4721 3306 4777 τῶν
3347 4723 3528 4794 νόμων
3581 4723 3886 4796 θαυμάσατε

651 4811 778 4868 vita:
806 4812 1102 4867 utilitatem
1127 4812 1408 4883 suspicite.
1445 4815 1520 4868 Ac
1544 4813 1711 4869 veluti
1737 4820 2075 4883 spectatores
2100 4812 2221 4883 qui-

2322 4815 2382 4867 τὸ
2409 4812 2669 4884 βιωφελὲς
2687 4813 2781 4867 καὶ
2805 4814 3067 4886 ὀνήσιμον
3095 4831 3110 4846 ο
3135 4814 3232 4869 καὶ
3253 4808 3367 4869 οἷον
3395 4813 3589 4886 θεωροί
3623 4832 3768 4882 τινες
3789 4817 3888 4872 τῶν

653 4903 778 4958 dam
824 4902 1182 4959 laudabilium
1227 4905 1588 4960 certaminum
1638 4904 1944 4970 constituti,
1987 4919 2082 4960 eos
2122 4904 2218 4975 qui

2324 4904 2652 4970 ἀξιεπαίνων
2669 4903 2895 4973 ἀγώνων
2915 4905 3247 4978 γιγνόμενοι,
3273 4907 3400 4970 τοὺς
3425 4906 3524 4978 μὲν
3542 4907 3635 4961 τού
3643 4925 3746 4970 των
3764 4910 3886 4963 ἀνα-

649 4993 799 5063 leges
826 5002 1046 5048 servant
1068 4993 1364 5050 celebrate.
1400 4993 1856 5066 Transgressores
1886 5003 2073 5050 autem
2105 5007 2218 5048 non

2327 4991 2599 5064 κηρύξατε
2626 4992 2894 5062 φύλακας.
2928 4992 3071 5048 κατά
3096 4992 3153 5047 δὲ
3184 4991 3291 5048 τῶν
3322 4994 3791 5068 παραϐεϐηκότων
3820 4998 3887 5068 μὴ

650 5083 848 5153 aequali
887 5098 1078 5140 omnes
1101 5086 1311 5142 calculo
1332 5085 1693 5142 condemnate
1728 5103 1741 5139 :
1772 5083 2218 5156 quandoquidem

2323 5082 2424 5155 τὴν
2451 5083 2573 5155 ἴσην
2605 5082 2928 5155 ἰξενόγκητε
2947 5085 2993 5117 ⁸³
3017 5083 3220 5156 ψῆφον.
3249 5085 3324 5140 ού
3347 5084 3456 5158 γὰρ
3479 5087 3582 5159 ῐσῳ
3617 5104 3682 5156 γε
3713 5088 3885 5157 σκοπῷ

653 5187 764 5230 non
789 5175 984 5247 aequali
1024 5190 1217 5231 omnes
1249 5176 1477 5231 consilio
1505 5177 2007 5247 transgrediuntur.
2045 5173 2212 5230 Multa

2324 5174 2754 5246 παραϐαίνουσιν
2796 5175 3051 5241 ἅπαντες.
3097 5176 3277 5232 Πολλὰ
3327 5177 3436 5249 γὰρ
3484 5178 3550 5250 δὴ
3599 5181 3696 5234 καὶ
3751 5181 3886 5251 παρὰ

1927 5329 2168 5387 VARUS
2208 5328 2611 5398 LECTIONES.

720 5444 880 5570 ”
901 5445 1030 5524 τῶν.
1088 5445 1161 5515 μὴ
1217 5460 1327 5501 om.
1370 5444 1436 5502 C.
1511 5446 1529 5478 ⁸
1562 5445 1940 5516 ἀκριϐοῦντας.
1993 5445 2285 5518 ἀκριϐότας
2327 5445 2397 5512 ν,
2434 5460 2560 5502 cum
2622 5445 2999 5518 ἠκριϐωκότας
3051 5462 3154 5519 pro
3191 5451 3336 5521 conj.
3391 5451 3449 5505 in
3496 5465 3670 5522 marg.
3710 5450 3886 5508 nescio

720 5535 726 5568 ι
809 5529 966 5568 rstnl.
1074 5513 1451 5570 'dvtyémea'
1515 5515 1836 5570 ἀνεγὼιιεθα
1863 5516 1928 5570 Ι).
2043 5516 2340 5570 ’ὀπτικήψ
2397 5516 2498 5570 τὴν
2553 5515 2677 5570 ὀπτ.
2716 5514 2780 5570 C.
2817 5516 2883 5570 ν.
2923 5517 2986 5570 Ι).
3096 5517 3206 5570 ιοὺ
3253 5519 3416 5570 κατά.
3461 5520 3665 5570 auom.
3713 5520 3774 5570 C.
3825 5521 3882 5570 ι).

652 5527 726 5568 an
758 5514 966 5570 Ursini.
1074 5514 1451 5636 ’ἀνεχόμεθω
1515 5514 1836 5586 ἀνεχὼμεθα
1863 5516 1928 5571 Ι).
2043 5514 2340 5586 ³⁷όπτικήν.
2397 5516 2498 5586 τὴν
2553 5514 2780 5580 mgc,
2817 5516 2883 5581 ν,
2923 5517 2986 5572 Ι).
3051 5514 3206 5573 πού
3253 5514 3416 5574 κατά.
3461 5514 3665 5576 auom.
3713 5520 3774 5581 ϐ,
3825 5521 3882 5576 D.

654 5581 681 5657 ξ
708 5584 1048 5657 παραλόγως.
1076 5601 1225 5657 παρα
1260 5601 1400 5657 ογων
1437 5584 1528 5657 (ov_
1542 5592 1598 5641 et
1618 5602 1645 5649 ς
1668 5599 1943 5657 suprascr.
1973 5594 2033 5640 ut
2075 5585 2206 5641 fiant
2227 5584 2658 5657 _mpg_).o_70v9c)
2688 5586 2750 5640 D.
2791 5586 2844 5657 _f
2880 5587 2997 5657 τήν.
3028 5586 3136 5642 τῶν
3169 5587 3318 5657 Sylb.
3343 5589 3464 5645 Mox
3494 5591 3563 5643 τὰ
3593 5604 3706 5646 om.
3731 5589 3885 5646 Sirm.

655 5600 678 5616 ν
708 5600 1048 5705 παίαλογως.
1076 5600 1400 5654 παραλογων
1437 5600 1516 5656 (ον
1542 5600 1598 5641 et
1618 5602 1645 5649 ς
1668 5600 1943 5657 suprascr.
1973 5600 2033 5640 ut
2075 5600 2206 5641 nant
2250 5600 2658 5657 mp&).o7ovwc)
2689 5600 2750 5640 υ.
2823 5600 2844 5619 ’
2880 5600 2997 5657 την.
3028 5600 3136 5642 τῶν
3169 5600 3208 5644 δ
3243 5600 3318 5645 ID.
3343 5600 3464 5645 mox
3494 5600 3563 5643 τά
3593 5604 3706 5646 om.
3731 5600 3885 5646 Sirm.

655 5650 681 5682 '
711 5653 744 5723 ἡ
785 5652 1033 5778 ομαρτία.
1064 5654 1463 5756 τξφάμάρτημα
1498 5653 1561 5708 D.
1673 5653 1695 5688 ⁸
1730 5655 2026 5778 γνώδιονος.
2064 5655 2331 5726 ἡγεμόνος
2368 5654 2409 5711 ν
2453 5655 2517 5709 Ι).
2557 5653 2894 5758 Τξξωεσάξιν
2929 5605 3285 5759 ἐπόχρέωι
3396 5659 3417 5692 ⁹
3447 5659 3672 5746 τούτων.
3696 5659 3886 5713 τούτων

659 5721 757 5778 μὲν
832 5762 845 5778 .
877 5723 939 5778 Ι).
1030 5723 1073 5756 ¹⁰
1095 5740 1268 5778 η..ον.
1294 5723 1474 5778 ὀλίγον
1499 5724 1561 5778 D.
1639 5725 1680 5756 “
1708 5741 1839 5778 νομο
1876 5725 2000 5778 ἐτην
2021 5725 2283 5778 -ο-νόαων
2314 5739 2423 5778 om.
2448 5724 2506 5778 C.
2647 5725 2986 5778 .ὲ..ςνέγκη.ε
3065 5729 3404 5778 saevium-rs.
3436 5727 3501 5778 C.
3527 5729 3591 5778 ι.
3627 5729 3691 5778 ι).

659 5721 757 5790 μὲν
785 5721 845 5787 C,
877 5721 939 5779 Ι).
1030 5723 1073 5756 ³ο
1095 5721 1474 5796 inmisit?”
1499 5724 1561 5780 Ι).
1639 5725 1680 5756 “
1708 5721 2000 5797 νομοθέτην
2021 5721 2283 5798 -ο-’νόμων
2314 5739 2423 5780 om.
2448 5724 2506 5780 C.
2599 5721 2986 5797 ¹¹.ὲξενέγκητε
3007 5742 3020 5759 ⁶
3039 5721 3404 5793 ’ἱξενέγκατε
3436 5727 3501 5792 C.
3527 5729 3592 5786 ν.
3627 5729 3691 5786 D.
