4080 6370
684 331 815 402 1151
1665 331 2148 394 THEODORETI
2186 332 2242 392 Εἴ

2348 328 2525 391 LCOPI
2564 329 2927 391 CYRENSIS
3812 317 3947 387 115i

680 447 846 513 teris.
872 452 929 501 et
961 444 1150 500 mundi
1185 444 1408 509 fabrica,
1444 451 1500 501 et
1526 444 1594 500 de
1626 444 1827 499 virtute
1862 458 1927 497 ac
1959 444 2093 499 vitio
2126 458 2242 498 sen~

2354 440 2488 494 Θεοῦ
2525 441 2618 494 καὶ
2644 439 2775 510 ὕλης
2796 438 2891 493 κο.)⁸
2914 437 3142 500 κτίσεως
3166 436 3262 491 καὶ
3289 432 3470 506 μέντοι
3492 430 3589 486 καὶ
3610 432 3824 502 ἀρετῆς
3852 432 3943 486 καὶ

680 535 1039 592 εει-ἰηιϐτωοὶ
1066 534 1398 604 philosophi,
1426 542 1481 589 et
1507 548 1751 603 quaenam
1778 531 1974 586 iisdem
1991 532 2059 586 de
2085 533 2242 587 rebus

2353 532 2552 595 κακίας
2576 534 2689 594 τοῖς
2719 529 2828 583 τῶν
2861 527 3133 584 Ἑλλήνων
3157 525 3302 592 ἔδοξε
3324 524 3659 593 φιλοσόφοις,
3695 524 3794 575 καὶ
3822 524 3941 577 τίνα

677 642 849 682 sacras
872 642 970 680 nos
1001 624 1225 678 Littera:
1257 624 1578 685 docuerint;
1614 632 1671 677 et
1700 638 1808 691 quo
1837 632 1997 691 pacto
2030 623 2261 689 illorum

678 716 901 785 cuidem
934 717 1043 785 jam
1071 716 1343 770 exstincta
1370 714 1481 767 sint
1507 714 1712 777 omnia,
1752 721 1809 768 et
1835 715 2128 769 oblivionis
2155 728 2248 769 ca-

678 807 844 876 ligine
866 806 1129 871 involuta,
1154 815 1339 860 nostra
1369 819 1501 859 vero
1530 805 1646 858 haec
1667 802 1898 859 floreant
1917 819 1982 859 ac
2008 805 2246 873 vigeant,

679 898 1092 965 innumerlsque
1139 912 1235 965 per
1277 895 1521 965 singulas
1552 896 1805 950 civitates
1848 901 1903 948 et
1939 895 2249 963 provincias

676 986 1024 1041 auditoribus
1059 986 1498 1054 frequententur,
1535 998 1599 1039 ac
1632 984 1925 1052 magistris,
1963 984 2243 1038 Platonica

675 1076 894 1146 quidem
928 1076 1246 1130 carentibus
1264 1075 1599 1144 eloquentia,
1621 1073 1716 1129 sed
1740 1074 1985 1128 veritatis
2015 1074 2245 1129 medici-

675 1183 798 1222 nam
841 1166 1210 1236 praebentibus
1261 1184 1274 1219 :
1317 1175 1372 1221 et
1420 1166 1682 1220 falsorum
1741 1165 1964 1235 quidem
2013 1164 2246 1221 deorum

675 1256 963 1325 depulsum
982 1270 1250 1320 errorem,
1266 1254 1577 1310 Servatoris
1596 1263 1778 1309 autem
1799 1255 1971 1309 nostri
1993 1255 2246 1325 dogmata

675 1349 1039 1417 promulgata.
1072 1347 1184 1402 Hoc
1214 1348 1360 1401 enim
1393 1356 1449 1401 et
1492 1345 1707 1418 1050
1745 1347 2078 1417 Porphyrius
2104 1347 2242 1417 ipse,

675 1437 729 1492 in
770 1439 837 1492 iis
863 1455 983 1507 quae
1009 1446 1197 1493 contra
1225 1454 1327 1491 nos
1365 1438 1604 1507 scripsit,
1637 1446 1867 1493 testatus
1892 1445 1995 1492 est.
2038 1456 2057 1486 ο
2089 1436 2245 1492 Nune

675 1537 878 1592 autem,
915 1528 1110 1596 inquit,
1144 1528 1412 1581 mirantur
1443 1544 1543 1597 per
1581 1535 1661 1581 tot
1690 1528 1799 1597 jam
1842 1542 2015 1582 annos
2052 1525 2244 1581 civita-

674 1628 783 1673 tem
827 1618 1020 1671 morbo
1062 1628 1369 1688 correptam
1418 1620 1613 1684 teneri,
1659 1634 1782 1674 cum
1826 1633 2004 1688 neque
2045 1616 2241 1673 Αἰδου-

672 1708 824 1777 lapii,
860 1720 1040 1777 neque
1068 1710 1299 1763 aliorum
1339 1708 1501 1763 deum
1532 1711 1603 1763 sit
1637 1710 1874 1779 amplius
1908 1710 1963 1762 in
2001 1724 2123 1764 eam
2148 1724 2241 1763 ac-

2350 622 2497 691 ήμᾶς
2517 621 2569 673 οί
2598 621 2730 674 θεῖοι
2758 619 3144 686 ὲξεπαίδευσαν
3166 614 3213 647 ⁸⁸
3238 615 3423 683 λόγοι·
3451 616 3543 667 καὶ
3573 613 3650 676 ὡς
3683 613 3939 665 ἓσῧεσται
4040 660 4041 663 η

2354 715 2458 781 μὶν
2508 712 2577 764 τά
2624 712 2848 765 ἐκείνων
2887 710 3107 764 ᾶπαντα
3148 709 3243 761 καὶ
3276 707 3641 775 παραδέδοται
3676 705 3757 775 τῷ
3788 706 3938 775 ζόφῳ

2347 802 2445 871 τῆς
2481 801 2677 871 λήθης,
2721 802 2873 854 ἀνθεῖ
2902 801 2959 856 δε
2993 798 3164 852 ταῦτα
3202 799 3299 851 καὶ
3338 798 3552 865 τέθηλε,
3597 799 3695 850 καὶ
3740 798 3937 852 πολλὰς

2347 889 2459 959 ἔχει
2507 890 2627 943 καθ’
2653 892 2915 961 ἑκάστην,
2941 891 3037 943 καὶ
3087 887 3240 942 πόλιν
3275 888 3368 941 καὶ
3410 888 3595 959 χώραν
3644 888 3933 956 ἀκροατῶν

2350 982 2621 1051 μυριάδας
2650 984 2746 1036 καὶ
2785 981 3156 1045 διδασκάλους,
3186 979 3285 1049 τὴν
3316 979 3413 1050 μὲν
3447 980 3811 1049 Πλατωνικὴν
3846 978 3931 1030 εὖ·

2347 1074 2507 1125 επίαν
2544 1073 2645 1125 οὐκ
2694 1073 2937 1144 ἔχοντας,
2988 1071 3087 1140 τὴν
3134 1070 3191 1123 δὲ
3228 1070 3326 1139 τῆς
3374 1068 3634 1137 ἀληθείας
3689 1069 3930 1137 ἰατρείαν

2346 1163 2785 1235 προσφέροντας·
2832 1163 2925 1217 καὶ
2968 1162 3080 1215 τῶν
3127 1162 3227 1232 μὲν
3250 1160 3624 1230 ψευδωνύμων
3660 1160 3801 1212 θεῶν
3846 1160 3929 1212 τὸν

2349 1254 2547 1309 πλάνον
2588 1253 2923 1324 ἐληλαμένον
2946 1254 3015 1318 ⁸⁸,
3072 1252 3158 1306 τοῦ
3190 1252 3245 1304 δὲ
3277 1251 3545 1321 ἡμετέρου
3580 1250 3839 1319 Σωτῆρος
3865 1249 3930 1302 τά

2345 1346 2593 1413 δόγματα
2637 1344 3019 1416 κηρυττόμενα
3047 1358 3061 1371 ’
3090 1343 3248 1397 τοῦτο
3277 1342 3388 1412 γὰρ
3422 1342 3487 1413 δὴ
3522 1343 3617 1395 καὶ
3645 1344 3675 1394 ὁ
3717 1342 3929 1411 Πορφύ-

2346 1454 2461 1508 ριος
2481 1438 2537 1489 ἐν
2560 1430 2639 1499 οἷς
2669 1436 2789 1489 καθ’
2818 1435 2975 1506 ἡμῶν
3008 1434 3341 1504 ξυνέγραψεν
3367 1436 3584 1504 είρηκε.
3636 1451 3655 1483 ι
3691 1433 3833 1485 Νυνὶ
3852 1432 3923 1499 δὲ,

2346 1529 2498 1596 φησὶ,
2531 1527 2915 1607 θαυμάζουσιν⁸
2937 1528 2987 1579 εί
3029 1526 3298 1581 τοσούτων
3327 1525 3468 1579 ἑτῶν
3514 1525 3817 1595 κατείληφε
3847 1527 3926 1579 νό-

2346 1635 2438 1680 σος
2467 1618 2563 1688 τὴν
2604 1619 2776 1683 πόλιν,
2820 1618 3165 1690 ,Ἀσκληπιοῦ
3200 1618 3301 1689 μὲν
3345 1617 3641 1689 ἐπιδημίας
3692 1618 3788 1670 καὶ¹
3824 1616 3925 1668 τῶν

2345 1708 2519 1763 ἄλλων
2551 1708 2688 1763 θεῶν
2736 1710 2838 1763 οὐκ
2878 1710 2957 1764 ἔτι
2990 1709 3177 1781 οὔσης.
3223 1710 3397 1780 Ἰησοῦ
3440 1708 3549 1780 γὰρ
3589 1707 3923 1779 τιμωμένου,

673 1814 882 1853 cessus.
914 1800 992 1853 Ex
1025 1816 1134 1869 quo
1175 1800 1320 1854 enim
1351 1800 1509 1855 Jcsus
1532 1800 1637 1855 coli
1680 1809 1895 1869 emptus
1914 1808 2018 1865 est,
2060 1801 2242 1855 nullus

2348 1799 2467 1852 οὐδὲ
2516 1802 2642 1869 μιᾶς
2699 1800 2960 1872 δημοσίας
3008 1819 3093 1864 τις
3141 1802 3277 1855 θεῶν
3325 1800 3593 1869 ὠφελείας
3642 1799 3864 1870 ᾔσθετο.
3900 1818 3917 1847 ι

673 1889 947 1957 publicam
978 1890 1205 1943 deorum
1240 1889 1530 1943 utilitatem
1566 1890 1857 1958 persensit.
1890 1903 1909 1939 ι
1946 1888 2070 1943 Ηωο
2103 1889 2239 1943 Por-

675 1980 900 2049 phyrius
937 1980 1182 2033 omnium
1218 1980 1379 2033 nobis
1422 1979 1823 2034 infensissimus
1861 1979 2034 2045 dixit,
2076 1995 2238 2050 aper-

674 2075 835 2138 teque
882 2069 1165 2123 confessus
1209 2078 1293 2123 est
1329 2070 1534 2135 Jesum,
1573 2085 1639 2123 ex
1679 2086 1787 2139 quo
1829 2070 1883 2123 in
1928 2085 2055 2124 eum
2088 2069 2238 2124 credi

671 2171 912 2229 emptum
930 2169 1032 2223 est,
1054 2160 1185 2214 deos
1204 2170 1469 2229 potestate
1482 2176 1671 2216 cassos
1698 2161 2022 2215 reddidisse.
2048 2161 2237 2230 Itaque

672 2260 795 2320 post
818 2267 1037 2306 crucem
1071 2260 1126 2305 et
1156 2252 1448 2305 salutarem
1484 2251 1811 2319 passionem,
1842 2265 1957 2305 non
2001 2252 2237 2321 amplius

673 2340 905 2410 imponit
938 2341 1251 2395 hominibus
1276 2340 1639 2409 Esculapius,
1666 2356 1767 2395 nec
1790 2341 1929 2394 alius
1951 2341 2239 2410 quisquam

672 2446 863 2485 eorum
895 2432 987 2499 qui
1027 2431 1101 2484 dii
1140 2439 1546 2500 nuncupantur.
1577 2430 1807 2485 Omnem
1840 2432 1987 2484 enim
2019 2431 2239 2485 illorum

673 2528 895 2584 emtum,
913 2536 1021 2573 non
1047 2536 1204 2574 secus
1230 2536 1293 2574 ac
1314 2530 1543 2574 noctuas
1563 2520 1823 2589 quasdam
1852 2521 1945 2573 lux
1963 2521 2236 2587 exoriens,

674 2611 730 2666 in
762 2611 1017 2665 tenebras
1050 2612 1332 2681 compulit.
1361 2610 1534 2680 Hujus
1564 2611 1704 2665 lucis
1734 2620 1789 2665 et
1816 2626 1913 2665 vos
1944 2611 2240 2680 participes

677 2701 795 2756 ﬁeri
848 2717 1061 2771 precor.
1125 2702 1332 2757 Idcirco
1383 2702 1529 2755 enim
1575 2709 1629 2755 et
1668 2701 1944 2755 scribendi
1998 2702 2239 2756 laborem

2349 1887 2533 1943 Ταῦτα
2566 1894 2594 1943 ὁ
2636 1891 2851 1944 πάντων
2898 1893 3028 1962 ἡμῖν
3078 1892 3325 1962 ἔχθιστος
3357 1891 3669 1961 Πορφύριος
3719 1892 3921 1959 εἴρηκε,

2347 1981 2441 2033 καὶ
2474 1982 2776 2050 ἀναφανδὸν
2813 1983 3188 2055 ὡμολόγησεν,
3247 1984 3323 2047 ὡς
3373 1984 3766 2054 πιστευόμενος
3826 1982 3923 2053 Ἰη-

2348 2070 2473 2134 σοῦς
2519 2073 2782 2141 φρούδονς
2829 2075 3078 2145 ἀπέφηνε
3126 2077 3252 2139 τοὺς
3296 2076 3472 2138 θεοὺς,
3524 2075 3620 2129 καὶ
3669 2075 3809 2144 μετά
3837 2075 3923 2127 τὸν

2348 2162 2584 2234 σταυρὸν
2631 2165 2724 2217 καὶ
2755 2164 2814 2218 τὸ
2842 2167 3106 2237 σωτήριον
3133 2167 3301 2230 πάθος
3330 2167 3429 2220 οὐκ
3462 2166 3541 2219 ἔτι
3582 2165 3923 2235 φενακίζειίσ

2348 2253 2473 2315 τοὺς
2508 2253 2831 2324 ἀνθρώπους
2869 2259 2897 2309 ὁ
2942 2257 3301 2328 Ἀσκληπιὸς,
3341 2259 3462 2312 οὐδὲ
3502 2258 3658 2321 ἄλλος
3708 2276 3792 2319 τις
3821 2257 3923 2309 τῶν

2349 2344 2698 2414 καλουμένων
2748 2345 2906 2401 θεῶν.
2959 2347 3208 2401 Ἀπαντα
3254 2349 3365 2419 γὰρ
3415 2350 3594 2401 αὐτῶν
3642 2348 3791 2418 [1801
3838 2349 3922 2399 τὴν

2348 2434 2607 2507 ὀρμαθὸν,
2636 2430 2747 2488 οἷόν
2779 2453 2929 2498 τινας
2957 2438 3296 2508 νυκτερίδας,
3331 2438 3406 2508 τῷ
3430 2438 3607 2508 σκότῳ
3633 2439 3919 2507 παρέπεμ-

2347 2526 2447 2593 ψεν
2481 2527 2769 2581 άνατεῖλαν
2797 2528 2859 2581 τὸ
2886 2528 3021 2597 φῶς.
3047 2528 3265 2597 Ταύτης
3287 2530 3377 2582 καὶ
3411 2531 3555 2599 ὑμᾶς
3579 2530 3679 2597 τῆς
3705 2530 3921 2590 ἀκτῖνος

2354 2616 2679 2687 μεταλαχεῖν
2735 2617 2890 2683 ἀξιῶ.
2935 2613 3101 2672 Τοῦδε
3132 2619 3239 2689 γὰρ
3286 2618 3447 2690 χάριν
3484 2612 3583 2673 ὶιαὶ
3624 2619 3718 2671 τὸν
3768 2617 3922 2670 πένον

2350 2706 2707 2778 ἀνεδεξάμην,
2743 2708 2836 2760 καὶ
2860 2704 2969 2761 οἶόν
2998 2726 3152 2772 τινας
3184 2710 3411 2779 βοτάνας
3438 2708 3777 2778 πανταχόθεν
3808 2706 3922 2761 συλ-

677 2790 825 2845 bunc
855 2791 1089 2860 suscepi,
1121 2800 1177 2845 et
1204 2798 1459 2859 tanquam
1489 2789 1676 2844 herbis
1708 2790 2039 2860 quibusdam
2068 2791 2242 2846 unde-

675 2895 889 2951 cunque
913 2882 1179 2947 collectis,
1204 2882 1439 2938 salutare
1465 2880 1621 2935 vobis
1641 2880 1997 2950 pharmacum
2029 2882 2239 2950 paravi.

2350 2795 2530 2863 λέξας,
2552 2797 2613 2850 τὸ
2630 2797 2951 2864 ἀλεξίκακον
2979 2799 3105 2871 ὑμῖν
3135 2800 3513 2854 κατεσκεύασα
3536 2800 3848 2871 φάρμακον.

1979 3036 2212 3092 VARUS
2251 3034 2656 3095 LECTIONES.

737 3150 784 3181 ’δ
810 3147 1192 3227 ἐξεπαίδεσανυ
1222 3164 1341 3227 οιιξζ
1372 3150 1458 3227 D.._
1478 3166 1599 3205 cum
1624 3151 1836 3206 lacuna.
1908 3220 1921 3227 _
1948 3152 1994 3184 “
2029 3150 2381 3223 ἐληλαμένον.
2423 3152 2792 3223 ἐληλασμένον
2823 3152 2887 3207 D.
2920 3152 3015 3224 qui
3050 3169 3178 3209 mox
3215 3153 3459 3224 σωτῆρος
3500 3154 3598 3207 τοῦ
3634 3151 3921 3227 ἡμετέρου.

679 3217 726 3251 ³⁸
755 3219 1077 3286 φαινακίζει.
1114 3219 1391 3287 φενακίζει
1425 3220 1487 3283 D,
1521 3229 1577 3276 et
1603 3236 1724 3274 mox
1753 3236 1866 3275 om.
1900 3220 1946 3273 ὁ.

682 3410 3892 3445 W

1679 3557 1883 3639 10421.
1921 3558 2343 3620 ADMONITIO
2374 3558 2469 3619 AD
2500 3558 2924 3621 LECTOREM.

748 3924 831 3982 Ex
863 3922 1174 3992 Appendice
1208 3929 1357 3977 torno
1382 3928 1579 3991 quarto
1605 3920 1863 3976 editionis
1888 3918 2165 3975 Sirmondi
2192 3920 2435 3991 subjecta
2463 3934 2576 3974 non
2607 3918 2715 3973 nisi
2746 3917 2901 3973 Liber
2959 3927 3144 3974 contra
3194 3918 3515 3989 Nestorium,
3546 3937 3645 3979 seu
3680 3923 3913 3996 Epistula

682 4018 754 4073 ad
779 4016 1110 4086 Sporacium,
1138 4021 1195 4070 et
1214 4013 1489 4067 Librorum
1518 4028 1660 4067 xxvu
1687 4012 1931 4066 adversus
1959 4012 2309 4083 Eutychianos
2340 4015 2651 4081 argumenta
2681 4006 2747 4062 ad
2782 4007 2931 4064 hunc
2956 4010 3219 4067 editionis
3248 4026 3404 4068 nova:
3434 4020 3643 4071 tomum
3666 4029 3912 4086 quartum

683 4113 969 4167 accedunt.
1006 4110 1187 4165 Oratio
1215 4111 1279 4162 de
1316 4110 1494 4163 divina
1524 4116 1573 4162 et
1597 4116 1782 4186 sa'ncta
1806 4109 2061 4169 charitate
2092 4107 2275 4161 locum
2312 4106 2369 4161 in
2408 4104 2653 4161 editione
2678 4111 2867 4159 nostra
2899 4113 3058 4161 nacta
3092 4114 3178 4162 est
3211 4117 3360 4169 torno
3388 4109 3479 4174 lli,
3518 4126 3574 4181 p.
3618 4111 3773 4176 1296,
3801 4122 3914 4183 post

684 4205 981 4261 Historiam
1012 4203 1339 4273 religiosam.
1375 4202 1623 4273 Epistula:
1655 4202 1710 4256 in
1740 4200 2053 4271 Appendice
2098 4200 2494 4255 Sirmondianae
2537 4198 2798 4254 editionis
2838 4198 3015 4255 obviae
3045 4214 3148 4257 suo
3184 4202 3307 4259 loco
3337 4204 3652 4262 inserentur
3680 4208 3913 4278 epistolis

686 4295 930 4364 reliquis.
965 4294 1308 4363 Reprehensio
1335 4294 1570 4362 denique
1606 4287 2176 4349 Anath'ematismorum
2206 4292 2394 4364 Cyrilli
2423 4292 2660 4363 primum
2701 4290 2914 4346 tenebit
2942 4292 3125 4348 locum
3163 4296 3221 4351 in
3250 4280 3397 4355 tonio
3428 4298 3623 4371 quinto
3645 4286 3911 4356 etultimo

685 4388 851 4461 hujus
881 4390 1159 4457 editionis,
1188 4406 1258 4447 ne
1284 4391 1456 4446 moles
1481 4391 1646 4463 hujus
1675 4390 1806 4446 tomi
1835 4391 2065 4446 nimium
2092 4399 2375 4463 augeatur.
