4080 6370
112 448 268 521 1153

1182 439 1551 503 LIBELLUS
1586 435 1886 499 CONTRA
1922 432 2396 495 NES’J‘ORIUM.

3265 380 3403 496 1151

106 646 3370 686 Ν

1128 806 2294 950 ΘΕΟΔΩΡΗΤΟΥ
2354 792 2438 874 (³)

1448 1024 1852 1119 Εηιεκοιιογ
1878 1057 2117 1112 κΥΡογ

971 1252 1450 1373 ΚΑΤΑ
1570 1241 2603 1361 ΝΕΣΤΟΡΙΟΥ

1236 1478 1530 1625 ΠΡΟΣ
1628 1490 2310 1579 ΣΠΟΡΑΚΙΟΝ.

1128 1845 2391 2002 THEODORETI

1488 2114 1828 2177 EPISCOPI
1885 2116 2063 2176 CYRI

996 2280 1580 2419 CONTRA
1685 2284 2574 2445 NESTOBIUM,

1286 2536 1440 2626 AD
1535 2532 2261 2627 SPORACIUM.

1759 2736 1833 2749 ’.-

222 2865 449 2937 Ἐπειδὴ
485 2863 543 2919 δὲ
584 2860 679 2917 τοῦ
730 2860 940 2931 κόσμου
980 2857 1056 2929 (2)
1091 2858 1291 2921 παντὸς
1340 2858 1483 2912 κατὰ
1539 2858 1733 2930 μικρὸν
1763 2868 1791 2924 Α

1908 2858 2205 2928 Postquam
2252 2856 2460 2913 mundo
2491 2857 2754 2928 paulatim
2794 2856 3038 2921 labente,
3080 2861 3137 2910 et
3167 2855 3235 2911 ad
3271 2856 3439 2927 huius

136 2960 529 3033 ὑπορρέοντος,
548 2954 645 3009 καὶ
675 2954 810 3025 πρὸς
848 2952 948 3022 τὴν
975 2949 1129 3004 τοῦδε
1152 2950 1247 3003 τοῦ
1284 2949 1485 3013 παντὸς
1515 2951 1734 3019 ἐπειγο-

141 3053 315 3125 μένου
347 3050 503 3103 λύσιν
528 3086 543 3111 ,
593 3047 701 3109 πᾶς
750 3062 836 3108 τις
869 3043 1064 3097 ἑαυτὸν
1117 3042 1414 3112 ἀξιόχρεων
1464 3036 1603 3095 εἶναι
1641 3042 1738 3113 τῆς

138 3141 438 3205 εὐσεϐείας
468 3136 785 3192 διδάσκαλον
816 3133 973 3205 ᾤετο,
993 3132 1081 3187 διὰ
1100 3133 1190 3186 τὸν
1210 3131 1270 3197 ἐξ
1308 3132 1545 3203 ἀμαθίας
1571 3133 1738 3202 τῦφον

138 3232 367 3295 οὐδενὸς
402 3228 695 3301 μανθάνειν
725 3224 1091 3297 ἀνεχομένου,
1126 3223 1311 3277 οὐκέτι
1353 3223 1539 3276 λοιπὸν
1580 3225 1608 3277 ὁ
1644 3225 1736 3277 dv-

137 3320 528 3397 θρωποκτόνος
561 3318 792 3389 δαίμων,
822 3319 851 3370 ὁ
898 3317 993 3370 τοῦ
1034 3315 1264 3385 ψεύδους
1308 3315 1493 3387 πατὴρ
1522 3357 1536 3378 ,
1567 3317 1595 3369 ὁ
1624 3316 1734 3369 τῶν

140 3414 406 3481 ζιζανίων
441 3413 697 3483 σπορεὺς,
734 3412 847 3471 τοῖς
885 3406 1087 3474 ἔξωθεν
1114 3407 1208 3459 καὶ
1247 3408 1501 3476 φανεροῖς
1531 3407 1607 3477 (5)
1639 3423 1735 3459 πο-

138 3504 357 3576 λεμίοις
391 3502 530 3555 κατὰ
562 3501 662 3571 τῆς
708 3498 1035 3569 Ἐκκλησίας
1069 3495 1340 3561 ὡπλίζετο
1364 3514 1376 3528 ·
1409 3496 1526 3550 ἀλλ’
1561 3496 1738 3567 εὑρὼν

140 3596 402 3668 δργανον,
437 3597 617 3649 πᾶσαν
648 3593 724 3655 ὡς
747 3593 922 3644 εἰπεῖν
962 3589 1173 3659 ἀθρόως
1207 3588 1372 3642 αὐτοῦ
1415 3589 1514 3660 τὴν
1544 3589 1739 3660 τέχνην

142 3685 573 3755 ὑποδεχόμενον,
604 3685 662 3735 ὲν
691 3680 769 3752 τῷ
797 3681 896 3751 τῆς
923 3680 1233 3751 ὀρθοδοξίας
1263 3683 1612 3752 προσχήματι
1639 3682 1739 3749 τὴν

142 3778 378 3849 ἄρνησιν
397 3778 497 3847 τῆς
515 3774 766 3846 θεότητος
792 3775 926 3843 ὁμοῦ
951 3772 1046 3825 καὶ
1072 3772 1484 3841 φιλανθρωπίας
1509 3773 1605 3825 τοῦ
1625 3774 1738 3826 Μο-

143 3866 404 3939 νογενοῦς
430 3869 776 3938 παρεισάγει,
820 3865 880 3918 τὺ
923 3863 1127 3918 άπλοῦν
1173 3866 1268 3917 καὶ
1317 3864 1739 3934 ἀτεχνολὸγητον

146 3960 248 4030 τῆς
282 3958 519 4022 πίστεως
564 3956 723 4029 ἡμῶν
781 3954 1114 4027 Ἑλληνικοῖς
1164 3954 1548 4025 συνταράττων
1589 3954 1741 4020 σοφί-

149 4068 344 4123 σμασι.
371 4050 663 4118 Νεστόριόν
694 4066 800 4101 που
820 4050 1037 4110 πάντως
1067 4047 1293 4100 ἀκούετε
1314 4062 1327 4078 ο
1354 4047 1449 4099 καὶ
1480 4047 1588 4116 γὰρ
1619 4045 1741 4098 ἐπί-

148 4158 329 4213 σημος
362 4142 390 4193 ὁ
421 4141 578 4209 ἀνήρ.
610 4133 776 4201 Οὗτος
815 4140 879 4191 ὲκ
916 4138 1016 4209 τῆς
1069 4137 1452 4207 Γερμανικὲων
1483 4135 1739 4206 πολίχνης

1840 2950 2085 3005 universi
2136 2949 2557 3004 dissolutionem
2601 2949 2917 3014 festinante,
2959 2947 3339 3016 unusquisque
3377 2962 3439 3002 se

1840 3041 2105 3099 idoneum
2120 3040 2341 3111 pietatis
2362 3040 2684 3110 magistrum
2705 3039 2914 3110 1042
2930 3039 3284 3101 existimavit,
3312 3053 3440 3093 cum

1841 3141 2069 3203 propter
2093 3131 2416 3203 ignorantiae
2444 3130 2646 3184 fastum
2673 3145 2838 3184 nemo
2870 3130 3085 3184 discere
3114 3130 3437 3195 sustineret,

1834 3224 2116 3290 homicida
2145 3224 2380 3287 daemon,
2408 3223 2681 3276 mendacii
2708 3232 2883 3292 pater,
2907 3222 3243 3275 zizaniorum
3270 3219 3440 3275 semi-

1839 3326 2023 3381 nator,
2046 3332 2155 3370 non
2178 3315 2414 3384 amplius
2436 3330 2533 3384 per
2549 3323 2808 3369 externos
2829 3324 2886 3369 et
2910 3313 3230 3368 manifestos
3252 3312 3443 3367 hostes

1841 3411 2107 3465 adversus
2134 3409 2435 3463 Ecclesiam
2464 3424 2616 3462 arma
2646 3409 2815 3462 movit
2842 3426 2853 3461 :
2881 3409 2977 3463 sed
3010 3409 3440 3487 instrumentpm

1841 3510 2056 3565 nactus,
2074 3500 2222 3571 quod
2238 3510 2558 3565 omnem,ut
2584 3500 2657 3554 ita
2683 3500 3083 3564 dieam,suhito
3110 3500 3230 3570 ejus
3260 3510 3437 3554 artem

1843 3594 2167 3662 susciperet,
2214 3593 2317 3647 sub
2366 3602 2529 3647 recta:
2569 3592 2847 3661 opinionis
2894 3590 3097 3661 specie,
3135 3591 3443 3646 divinitatis

1843 3686 2008 3742 simul
2032 3694 2087 3739 et
2113 3685 2476 3739 humanitatis
2507 3683 2785 3754 Unigeniti
2817 3685 3169 3754 negationem
3205 3684 3440 3749 inducit,

1843 3777 2149 3846 simplicem
2176 3785 2232 3829 et
2253 3776 2489 3831 artiﬁcio
2515 3786 2795 3831 carentem
2830 3775 2994 3830 (idem
3025 3784 3269 3829 nostram
3299 3774 3445 3829 Gne-

1843 3867 2051 3921 canicis
2098 3866 2438 3920 conturbans
2486 3867 2737 3935 argutiis.
2788 3868 2865 3921 De
2912 3867 3168 3921 Nestorio
3217 3880 3444 3935 prorsus

1844 3955 2151 4011 audivistis.
2196 3954 2294 4009 Vir
2334 3955 2481 4009 enim
2526 3964 2610 4009 est
2637 3955 2883 4009 illustris.
2920 3956 3022 4009 Hie
3058 3971 3123 4009 ex
3158 3954 3447 4009 Germani-

1844 4048 2093 4102 censium
2124 4046 2592 4116 ortusoppidulo,
2626 4047 2814 4101 nescio
2844 4048 3153 4117 cujusmodi
3186 4047 3254 4100 ab
3286 4048 3445 4102 initio

1843 4138 2043 4192 studiis
2081 4137 2370 4199 educatus,
2410 4137 2569 4191 aliam
2605 4150 2674 4189 ex
2712 4135 2817 4189 alia
2863 4135 3143 4205 regionem
3187 4151 3440 4190 commu-

146 4232 493 4305 ὁρμώμενος,
519 4232 621 4283 οὐκ
644 4224 760 4283 οἴδα
784 4229 1043 4290 ποδαποῖς
1072 4228 1133 4281 τὸ
1158 4227 1215 4291 ἐξ
1244 4228 1417 4297 ἀρχῆς
1440 4227 1740 4297 ἑντεθραμ-
1772 4218 1791 4271 1

1847 4238 1986 4291 tans,
2012 4236 2071 4281 ut
2095 4228 2368 4297 ﬂagellum
2389 4226 2663 4295 quoddam
2685 4225 3089 4296 Egyptiacum,
3108 4227 3161 4280 in
3186 4243 3439 4297 magnam

152 4321 318 4389 μένος
350 4317 797 4388 ἐπιτηδεύμασιν,
840 4316 1007 4387 ἄλλην
1044 4316 1103 4382 ὲξ
1144 4316 1308 4386 ἄλλης
1350 4316 1593 4385 ἀμείϐων
1628 4316 1740 4388 χώ-

152 4427 280 4482 ραν,
314 4408 567 4478 καθάπερ
594 4408 942 4480 Αἰγυπτιακὴ
979 4408 1214 4478 μάστιξ,
1259 4411 1327 4479 τῇ
1384 4409 1594 4480 μεγάλῃ
1634 4408 1739 4462 τῶν

161 4500 490 4569 ’Δντιοχέων
523 4498 789 4568 ἐνέσκηψε
813 4498 986 4552 πόλει.
1039 4500 1127 4553 Ἐν
1168 4498 1340 4570 ταύτῃ
1377 4499 1551 4566 λόγων
1585 4500 1738 4551 ἐλευ-

149 4590 355 4664 θερίων
380 4591 613 4661 μετρίως
639 4590 1013 4661 μετεσχηκὼς,
1050 4592 1233 4661 φωνήν
1261 4608 1319 4643 τε
1342 4591 1423 4644 ὅτι
1447 4591 1739 4662 καλλίστην

150 4685 249 4738 καὶ
278 4684 542 4753 μεγίστην
564 4684 832 4751 ἀσκήσας,
851 4684 915 4753 τῇ
953 4683 1249 4752 Ἐκκλησία
1279 4683 1374 4735 τοῦ
1401 4682 1536 4735 Θεοῦ
1566 4700 1737 4752 προσ-

150 4775 248 4828 ιὼν
290 4773 366 4843 (ι)
416 4772 737 4843 είσεφθάρη,
768 4773 863 4826 καὶ
890 4773 968 4843 τῷ
998 4773 1283 4843 καταλόγῳ
1304 4772 1413 4825 τῶν
1441 4773 1740 4842 πρεσϐυτέ-

151 4882 264 4937 ρων
298 4865 609 4935 ἐναρίθμιος
648 4866 907 4933 γεγονὼς,
942 4865 1032 4917 τόν
1052 4882 1110 4940 τε
1145 4865 1238 4918 τοῦ
1272 4864 1409 4917 Θεοῦ
1437 4864 1564 4918 λαὸν
1588 4864 1737 4917 διδά-

151 4974 309 5011 σκειν
336 4956 412 5027 (5)
432 4956 885 5027 πεπιστευμένος,
917 4955 1116 5021 ἔδειξεν
1146 4956 1310 5020 εὐθὺς
1332 4959 1391 5009 ὲν
1408 4958 1735 5027 προοιμίοις,

149 5042 265 5110 οἷος
297 5047 446 5118 παρὰ
486 5048 663 5101 πάντα
720 5048 812 5101 τὸν
867 5047 979 5118 βίον
1018 5049 1328 5119 γενήσεται.
1384 5048 1459 5101 Οὐ
1502 5048 1610 5118 γὰρ
1646 5047 1738 5100 τὸν

152 5138 351 5208 εὐγενῆ
400 5139 495 5191 καὶ
539 5139 799 5209 γόνιμον,
854 5139 946 5194 καὶ
994 5139 1310 5210 γεωργῆσαι
1332 5138 1511 5209 ψυχὰς
1536 5136 1740 5208 ἀνθρὼ-

153 5246 274 5283 πων
325 5228 621 5299 δυνάμενον
646 5268 661 5293 ,
698 5223 941 5298 ἐζήλωσε
999 5230 1325 5301 χαρακτῆρα
1381 5230 1490 5282 τῶν
1531 5230 1736 5298 λόγωνο

152 5318 291 5371 ἀλλὰ
332 5319 470 5389 πρὸς
514 5319 575 5372 τὸ
628 5319 967 5391 δημοτερπὲς
1021 5320 1317 5383 ἀποκλίνας
1342 5362 1357 5387 ,
1393 5321 1490 5373 καὶ
1527 5322 1635 5374 τῶν
1660 5322 1740 5382 είς

153 5410 292 5482 ἀέρα
337 5409 616 5481 λυομένωθ
661 5412 874 5482 κρότων
911 5410 1202 5482 θηρευτὴς,
1238 5413 1287 5464 εἰ
1317 5411 1411 5465 καί
1438 5428 1522 5475 τις
1556 5411 1735 5477 ἄλλος,

225 5561 305 5635 (i)
341 5561 630 5644 maximam
673 5563 1057 5644 huj‘us_libelli.
1081 5572 1299 5644 partem
1338 5563 1588 5644 ejusdem
1618 5578 1741 5644 esse
1770 5570 1812 5628 c

154 5632 465 5757 agdmenti
486 5646 611 5686 cum
636 5632 813 5715 capite
829 5632 1302 5715 duodecimolibri
1326 5634 1509 5703 quarti
1539 5634 1739 5688 eret.

157 5702 184 5757 Ι
246 5701 485 5757 alarum.
513 5710 572 5757 et
608 5702 777 5757 fuisse
807 5718 903 5757 om
949 5703 1100 5757 hunc
1145 5703 1347 5757 librum
1390 5703 1739 5757 Theodoreto

156 5701 485 5773 Iuniarum,
513 5710 572 5757 et
608 5701 777 5758 fuisse
807 5701 903 5773 qui
949 5703 1100 5757 hunc
1145 5701 1359 5757 librum
1390 5703 1742 5757 Theodoreto

155 5771 503 5844 suppositum
528 5771 892 5844 esseteme're
936 5773 1378 5840 pronuntiarent,
1424 5788 1589 5844 supra
1628 5773 1740 5843 jam

158 5840 495 5902 monuimus.
524 5854 577 5909 p.
611 5840 734 5898 568.

1840 4320 2310 4375 Antiochenorum
2342 4319 2621 4373 civitatem
2662 4318 2881 4387 irrupit.
2914 4318 2973 4372 In
3014 4317 3117 4372 hac
3142 4334 3268 4371 cum
3305 4318 3443 4373 libe-

1841 4411 2052 4464 ralibus
2092 4409 2402 4479 disciplinis
2449 4409 2806 4464 mediocriter
2846 4417 2994 4464 esset
3040 4409 3308 4474 imbutus,
3338 4425 3439 4466 vo-

1840 4516 2069 4570 cemque
2106 4500 2535 4569 pulcherrimam
2570 4509 2627 4554 et
2658 4500 2949 4555 maximam
2986 4502 3347 4565 exercuisset,
3380 4502 3437 4557 in

1838 4590 2143 4664 Ecclesiam
2170 4592 2266 4645 Dei
2311 4607 2369 4646 se
2402 4592 2650 4662 ingessit,
2682 4600 2737 4646 et
2768 4592 2823 4645 in
2873 4608 3165 4647 numerum
3210 4593 3411 4664 preshy

1839 4692 2084 4737 tororum
2138 4684 2345 4738 relatus
2389 4694 2506 4747 est,
2560 4683 2908 4753 docendique
2961 4684 3151 4753 populi
3207 4699 3437 4739 munere

1841 4772 2119 4841 imposito,
2164 4773 2347 4827 statim
2398 4773 2454 4826 in
2497 4773 2729 4827 exordio
2768 4773 2949 4843 qualis
2989 4782 3101 4827 tota
3139 4760 3255 4827 vita
3288 4772 3436 4828 esset

1836 4863 2060 4918 futurus
2103 4864 2364 4918 ostendit.
2397 4864 2586 4933 Neque
2629 4864 2778 4918 enim
2814 4879 3143 4934 generosum
3187 4873 3239 4917 et
3278 4864 3428 4932 geni-

1840 4955 2027 5018 talem,
2069 4955 2274 5024 quique
2323 4955 2609 5008 hominum
2662 4955 2873 5009 animas
2924 4954 3176 5008 excolere
3220 4961 3432 5023 ponet,

1839 5046 2060 5101 dicendi
2095 5047 2472 5100 characterem
2518 5055 2745 5100 secutus
2774 5054 2878 5099 est.
2916 5043 3023 5098 Sed
3058 5060 3182 5098 cum
3230 5045 3298 5097 ad
3329 5060 3430 5113 po-

1839 5139 1955 5208 puli
2007 5138 2428 5192 delectationem
2472 5138 2777 5192 orationem
2827 5150 2981 5191 suam
3030 5137 3336 5198 conferret,
3380 5137 3443 5193 et.

1841 5231 2036 5285 inanes
2067 5232 2296 5301 plausus
2322 5239 2383 5285 ut
2410 5232 2505 5300 qui
2538 5232 2773 5285 maxime
2797 5236 3190 5299 aucuparetur,
3225 5225 3434 5298 ιω

1840 5321 2227 5376 turbulentum
2256 5332 2313 5376 et
2339 5321 2596 5375 instabile
2624 5320 2821 5391 vulgus
2865 5318 2935 5374 ad
2970 5320 3054 5374 sui
3096 5316 3433 5373 desiderium

1840 5412 2123 5478 excitavit,
2149 5412 2301 5468 fusca
2326 5421 2479 5468 veste
2507 5412 2757 5479 indutus,
2785 5412 2960 5467 tristis
2990 5410 3270 5477 incedens,
3295 5416 3434 5466 stre-

1942 5564 1997 5635 2)
2032 5565 2251 5628 παντός.
2285 5566 2408 5621 Des.
2439 5580 2625 5635 supra,
2666 5567 2704 5621 l.
2746 5581 2795 5621 c.

1944 5635 1998 5702 5)
2033 5635 2172 5689 Ibid.
2210 5636 2477 5704 φανερῶς.

1943 5704 1998 5775 4)
2033 5704 2228 5774 Supra,
2256 5721 2309 5775 p.
2345 5707 2465 5761 569.
2496 5704 2722 5775 προϊών.

1846 5843 1862 5896 1
1921 5774 1997 5896 £5)
2034 5774 2325 5830 διδάσκειν.
2360 5774 2675 5846 Supplenda
2703 5774 2937 5832 fuitvox
2965 5775 3089 5835 ista.
3116 5789 3237 5844 qum
3255 5777 3433 5830 exstat

1872 5859 1969 5898 .C.
