4078 6320
643 282 780 349 1155

1621 283 2107 345 ΤΗΕΟΒΟΠΕΤΙ
2146 282 2487 346 EPISCOPI
2524 284 2892 346 CYRENSIS

3775 274 3918 340 1155

637 394 786 466 pitu:
825 395 1072 451 forenses
1117 395 1430 460 declinans,
1479 397 1686 466 pallore
1739 397 1992 467 corporis
2031 396 2210 452 conti—

2330 400 2626 469 γενόμενος,
2674 401 2737 453 τδ
2782 396 3126 469 συρφετῶδες
3157 397 3254 452 καὶ
3299 395 3656 465 ἀστάθμητον
3699 392 3919 461 πλῆθος

638 503 777 544 nens
807 487 980 543 videri
1013 486 1296 551 aﬂectans,
1325 486 1482 542 libris
1522 486 1668 541 domi
1699 496 1761 540 ut
1787 487 2086 557 plurimum
2126 487 2211 540 in-

639 579 924 641 cumbens,
952 593 1016 633 ac
1055 577 1112 632 in
1139 578 1253 633 otio
1280 587 1338 634 et
1364 577 1548 647 quiete
1576 592 1760 632 secum
1795 577 2067 632 habitans.
2100 577 2215 631 [loc

641 671 828 725 habitu
855 678 912 724 et
945 670 1048 723 hac
1077 671 1424 726 simulatione
1459 669 1721 738 populum
1755 668 2028 734 ineseans,
2063 684 2212 739 mag-

640 774 767 813 nam
815 758 992 814 aetatis
1041 768 1251 828 partem
1300 759 1595 828 transegit,
1642 757 1990 813 Christianus
2038 758 2214 813 videri

641 849 827 918 potius
854 864 1020 917 quam
1052 863 1173 903 esse
1204 848 1450 914 studens,
1479 858 1536 903 et
1569 848 1774 903 Christi
1800 851 1816 867 ‘
1845 849 2032 919 gloriae
2060 864 2214 903 suam

639 939 955 1009 praeferens.
1004 940 1274 1006 Quoniam
1318 950 1524 1002 autem,
1565 948 1626 994 ut
1668 954 1700 992 a
1742 939 1976 994 Domino
2004 939 2213 994 dictum

641 1039 744 1095 est,
793 1049 810 1081 ι
844 1031 990 1085 Nihil
1029 1039 1114 1086 est
1147 1031 1420 1085 occultum
1469 1030 1613 1100 quod
1642 1046 1750 1084 non
1783 1030 2008 1095 sciatur,
2037 1046 2215 1100 neque

641 1133 892 1192 opertum
927 1123 1073 1192 quod
1100 1124 1154 1178 in
1179 1124 1360 1178 lucem
1398 1139 1508 1178 non
1534 1122 1722 1176 veniat
1752 1123 1800 1187 ¹;
1835 1141 1854 1174 ι
1883 1132 1940 1177 et
1967 1141 1979 1176 :
2017 1142 2035 1173 ι
2068 1123 2214 1177 Bona

641 1232 808 1286 opera
851 1216 1140 1270 manifesta
1180 1225 1330 1280 sunt,
1363 1224 1419 1270 et
1444 1231 1564 1284 qua:
1589 1215 1749 1269 aliter
1783 1231 1842 1269 se
1885 1215 2089 1268 habent
2121 1228 2214 1268 ce-

641 1307 743 1360 lari
789 1323 896 1360 non
948 1307 1251 1375 possunt’,
1297 1325 1316 1356 ι
1371 1321 1466 1375 per
1517 1305 2068 1376 impervcstigabilem
2118 1305 2215 1358 Dei

636 1400 971 1472 judiciorum
1004 1400 1279 1470 abyssum,
1319 1398 1607 1452 Nestorius
1639 1413 1830 1452 eorum
1859 1397 1951 1467 qui
1982 1398 2037 1450 in
2064 1397 2218 1466 pala-

642 1493 723 1546 tio
748 1491 1077 1560 sedibusqne
1103 1489 1508 1559 pontiﬁcalibus
1539 1491 1924 1553 versabantur,
1954 1497 2010 1542 et
2042 1488 2215 1557 ipsius

641 1581 737 1650 qui
764 1580 918 1634 orbis
945 1588 1217 1634 terrarum
1253 1589 1467 1649 sceptra
1495 1586 1626 1632 tunc
1653 1577 1894 1647 regebat,
1931 1577 2212 1646 suﬁ‘ragio,

642 1671 923 1725 catholicae
976 1671 1406 1724 orthodoxorum
1449 1668 2066 1738 ConstantinOpolitanaa
2108 1667 2213 1722 Ec-

2317 493 2453 562 πρὸς
2476 493 2569 546 τὸν
2597 493 2796 547 οἰκεῖον
2823 489 3180 555 ἐξεκαλέσατο
3221 488 3386 542 πόθον
3409 529 3426 551 ,
3477 485 3641 557 φαιὸν
3675 482 3918 540 names-

2311 584 2582 655 βλημένος
2624 585 2859 655 ίμάτιον,
2903 580 3254 650 ἑστυγνακὼς
3297 579 3548 648 βαδίζων,
3599 578 3735 638 τοὺς
3784 575 3918 639 ἀτο-

2319 674 2505 745 ραίους
2533 674 2796 728 ἐκκλίνων
2831 672 3118 744 θορύϐους,
3147 671 3421 743 ὠχρότητι
3446 669 3705 736 σώματος
3739 666 3808 718 τὸ
3836 665 3924 717 δο-

2315 767 2437 818 κεῖν
2493 764 2769 836 ἐγκρατὴς
2806 759 2949 816 εἶναι
3008 762 3368 834 θηρώμενος,
3420 759 3555 812 οἷκοι
3599 759 3684 809 τά.
3741 755 3919 807 πολλὰ

2316 854 2542 924 βιϐλίοις
2567 854 2941 924 προσανέχων,
2974 852 3069 906 καὶ⁵
3090 851 3213 905 καθ’
3242 851 3475 922 ἡσυχίαν
3501 847 3688 917 ἑαυτῷ
3717 862 3919 914 συγγι-

2315 947 2560 1016 νόμενος.
2611 944 2888 1006 Τοιούτοις
2936 943 3181 1014 σχήμασί
3212 959 3273 995 τε
3316 943 3410 994 καὶ
3445 940 3742 1007 πλάσμασι
3795 939 3921 998 τοὺς

2319 1032 2544 1096 πολλοὺς
2588 1031 2875 1096 δελεάζων,
2930 1031 3094 1104 μέχρι
3143 1032 3332 1102 πόρῤω
3376 1028 3618 1099 προῆλθε
3654 1029 3762 1096 τῆς
3797 1026 3918 1096 ἠλι-

2318 1121 2464 1184 κίας,
2496 1121 2558 1172 τδ
2585 1121 2761 1175 δοκεῖν
2791 1121 3116 1192 Χριστιανὸς
3147 1117 3289 1174 εἶναι
3322 1121 3427 1191 πρὸ
3467 1119 3561 1171 τοῦ
3596 1113 3748 1171 εἶναι
3790 1117 3920 1170 διώ-

2318 1227 2447 1261 κων.
2481 1212 2575 1264 καὶ
2610 1213 2709 1280 τῆς
2737 1211 2831 1263 τοῦ
2874 1209 3114 1278 Χριστοῦ
3137 1208 3296 1278 δόξης
3334 1207 3434 1276 τὴν
3468 1205 3673 1259 εαυτοῦ
3719 1223 3918 1273 προτι-

2321 1302 2458 1371 μῶν.
2527 1302 2680 1354 Ἐπεὶ
2733 1303 2824 1361 δὲ,
2883 1303 3023 1354 κατά
3057 1301 3118 1354 τὸ
3167 1300 3454 1370 είρημένον
3512 1298 3590 1368 τῷ
3641 1297 3918 1366 Arma.

2324 1411 2343 1442 ι
2376 1392 2543 1444 Οὐδὲν
2579 1392 2842 1461 κρυπτὸν,
2865 1392 2893 1445 ὃ
2919 1394 2980 1444 ού
3016 1390 3545 1460 γνωσθήσεται,ὠᾶ
3566 1389 3917 1459 ἀπόκρυφον.

2315 1483 2345 1535 ὃ
2364 1483 2425 1534 ού
2460 1483 2535 1553 μὴ
2560 1485 2639 1545 είς
2659 1483 2894 1553 φανερὸν
2909 1483 3070 1556 ἔλθῃ·
3103 1501 3120 1532 ι
3147 1482 3266 1546 καὶ,
3292 1501 3312 1533 ‹
3344 1482 3423 1534 Τά
3439 1481 3580 1533 καλά
3612 1480 3758 1550 ἔργα
3785 1478 3918 1547 πρό-

2317 1580 2452 1650 δηλά
2484 1581 2618 1642 ἐστι,
2649 1578 2744 1632 καὶ
2772 1580 2842 1632 τά
2881 1578 3057 1642 ἄλλως
3093 1579 3285 1648 ἔχοντα
3336 1576 3604 1647 κρυϐῆναι
3647 1575 3712 1627 ού
3758 1573 3918 1626 δύνα-

2318 1687 2440 1723 ται·
2483 1689 2500 1719 ι
2527 1670 2667 1723 κατά
2704 1669 2803 1740 τὴν
2829 1669 3238 1739 ἀνεξιχνίαστον
3263 1667 3340 1738 (6)
3362 1668 3470 1720 τῶν
3503 1667 3596 1718 τοῦ
3624 1666 3768 1718 Θεοῦ
3792 1683 3916 1736 κρι-

643 1760 842 1824 clesize,
874 1758 1133 1828 orbisque
1173 1759 1310 1814 adeo
1350 1759 1591 1812 universi
1631 1733 1996 1828 principatum
2037 1757 2216 1827 adipi-

2330 1761 2515 1830 μάτων
2543 1733 2804 1823 ἄϐυσσον,
2837 1733 2948 1811 καὶί
2971 1733 3286 1829 ἧεστόριος,
3323 1733 3496 1826 ’ψήφῳ
3538 1755 3649 1807 τῶν
3686 1733 3920 1825 περιττὰ.

643 1851 836 1905 scitur.
875 1850 955 1903 lbi
999 1849 1258 1919 deinceps
1294 1857 1412 1903 acta
1448 1857 1575 1903 sunt
1618 1849 1728 1911 illa,
1760 1865 1882 1918 qua:
1921 1857 2120 1902 terram
2160 1856 2218 1902 et

644 1955 794 1994 mare
825 1938 1224 2008 propemodum
1254 1938 1639 2007 impleverunt.
1661 1939 1731 1993 Ut
1753 1939 1898 1992 enim
1925 1939 2214 1992 maximam

643 2031 790 2084 illam
839 2030 1024 2084 sedem
1069 2029 1300 2099 accepit,
1343 2038 1401 2082 et
1440 2027 1792 2098 pontiﬁcatus
1839 2027 2214 2096 pmfccturam

643 2122 794 2174 velut
839 2120 1181 2192 tyrannidem
1229 2118 1520 2188 quamdam
1563 2118 1814 2186 arripuit.
1855 2117 2254 2186 impietatem,-

649 2212 865 2284 1044
901 2226 1063 2281 quam
1104 2211 1464 2280 parturiebat,
1513 2209 1748 2278 amplius
1794 2211 2077 2263 continere
2108 2225 2217 2263 non

644 2305 865 2374 potuit:
896 2302 990 2357 sed
1035 2319 1101 2356 ex
1150 2309 1418 2370 potestate
1456 2316 1622 2369 quam
1668 2301 1924 2362 habebat,
1966 2301 2218 2353 stolidam

645 2409 930 2448 assumens
961 2392 1260 2453 licentiam,
1295 2390 1504 2460 profert
1549 2390 1603 2442 in
1649 2390 1912 2453 medium,
1938 2391 2222 2443 omnibus—

643 2502 753 2555 que
780 2485 1024 2555 exponit,
1059 2499 1222 2552 quam
1251 2482 1362 2552 jam
1393 2482 1524 2535 olim
1563 2481 1828 2535 adversus
1869 2479 2220 2549 Unigenitum

644 2584 971 2644 conceperat
1022 2572 1450 2642 blasphemiam,
1498 2571 1811 2640 bellumque
1856 2581 2047 2626 contra
2089 2571 2220 2640 dog-

646 2675 793 2722 mata
814 2666 1113 2736 apostolica
1141 2665 1320 2734 palam
1340 2665 1480 2735 gerit
1511 2682 1524 2716 :
1553 2671 1608 2718 et
1631 2677 1940 2717 sanctorum
1971 2664 2218 2726 Patrum,

644 2751 742 2819 qui
791 2765 856 2803 ex
903 2764 1013 2818 quo
1061 2747 1444 2802 annuntiatum
1492 2758 1576 2800 est
1622 2747 1998 2816 Evangelium,
2038 2746 2224 2800 ortho-

646 2843 914 2894 doxorum
951 2838 1072 2891 ﬁdei
1104 2837 1456 2906 praefuerant,
1483 2837 1631 2891 dicta
1667 2837 1892 2907 rejicere
1918 2837 2220 2902 contendit,

649 2931 812 2999 regia:
867 2929 1018 2984 urbis
1067 2928 1297 2983 turbans
1347 2928 1669 2993 Ecclesiam,
1710 2929 2013 2998 orbemque
2059 2929 2222 2983 simul

650 3021 880 3075 turbans
907 3021 1257 3081 universum;
1290 3018 1537 3072 divinum
1561 3019 1788 3072 Paulum
1813 3019 1970 3072 nihili
1995 3019 2221 3083 faciens,

650 3119 745 3186 qui
787 3116 986 3170 clamat
1032 3133 1044 3166 :
1086 3135 1103 3165 ι
1144 3113 1245 3179 Qui
1287 3121 1468 3168 autem
1509 3113 1802 3167 conturbat
1834 3129 1951 3177 vos,
1987 3115 2229 3182 portabit

645 3206 937 3276 judicium,
967 3205 1284 3274 quicunque
1319 3202 1391 3256 sit
1415 3203 1505 3257 ille
1528 3203 1569 3256 ³.
1597 3222 1616 3252 ι
1651 3201 1757 3257 Sed
1785 3218 1950 3273 super
1974 3204 2230 3257 candela-

651 3300 814 3353 brum
862 3297 1034 3350 divini
1080 3295 1403 3366 pontiﬁcum
1448 3303 1754 3365 suggestus,
1788 3310 1901 3348 non
1949 3296 2228 3348 lucernam

651 3388 920 3451 veritatis,
950 3388 1044 3441 sed
1071 3388 1325 3442 tenebras
1349 3388 1504 3457 ponit
1534 3387 1850 3456 impietatis.
1889 3381 2107 3439 Primus
2133 3401 2232 3439 au-

653 3487 766 3532 tem
797 3479 948 3532 initae
978 3478 1240 3531 novitatis
1267 3478 1471 3547 gradus
1502 3476 1626 3540 fuit,
1665 3492 1775 3529 non
1815 3484 2070 3545 oportere
2101 3491 2230 3528 san-

653 3579 796 3623 ctam
834 3569 1128 3638 virginem,
1158 3584 1278 3638 qua:
1321 3570 1418 3622 Dei
1451 3567 1693 3621 Verbum
1728 3568 1961 3637 peperit,
1990 3567 2136 3636 quod
2163 3583 2231 3621 ex

654 3675 718 3713 ea
741 3673 964 3712 carnem
987 3660 1248 3727 suscepit,
1274 3657 1560 3725 Deiparam
1589 3655 1859 3720 conﬁteri,
1885 3656 1980 3710 sed
2002 3655 2235 3710 Christi-

654 3739 855 3819 param.
882 3749 1147 3804 duntaxat
1189 3767 1202 3801 :
1245 3763 1369 3802 cum
1410 3755 1595 3802 tamen
1633 3747 2001 3816 antiquissimi
2038 3750 2232 3803 ortho-

656 3839 810 3892 doxae
847 3837 971 3891 ﬁdei
1003 3837 1411 3907 praadicatores,
1438 3837 1593 3906 juxta
1631 3835 1981 3890 traditionem
2017 3847 2234 3906 aposto-

660 3929 855 3992 licam,
899 3928 1190 3997 Deiparam
1241 3926 1531 3980 docuerint
1577 3925 1858 3978 nominare
1902 3935 1959 3978 et
2006 3927 2234 3981 credere

660 4021 878 4076 Domini
917 4029 1169 4075 matrem.
1207 4019 1319 4088 Age
1355 4032 1504 4071 nunc
1533 4032 1665 4071 vero
1699 4017 2078 4087 blasphemum
2106 4019 2236 4072 arti-

660 4112 846 4166 ﬁcium
883 4121 938 4166 et
981 4110 1420 4165 observationem
1457 4108 1594 4161 nulli
1643 4117 1802 4162 antea
1853 4110 2125 4178 cognitam
2179 4110 2232 4163 in

659 4204 901 4256 medium
932 4201 1320 4270 producamus.

2327 1851 2575 1921 βασίλεια
2606 1855 2699 1904 καὶ
2737 1850 2864 1914 τοὺς
2888 1849 3134 1920 θρόνους.
3166 1851 3262 1902 καὶ
3295 1847 3459 1902 αὐτοῦ
3481 1847 3576 1900 τοῦ
3609 1847 3919 1916 τηνικαῦτα

2323 1945 2423 2013 τῆς
2453 1942 2781 2012 οἰκουμένης
2812 1943 2881 1995 τά
2914 1942 3170 2012 σκῆπτρα
3203 1941 3505 2001 διέποντος,
3527 1940 3626 2007 τὴν
3658 1939 3739 2006 (7)
3776 1939 3918 1990 κατά

2325 2032 2733 2085 Κωνσταντινού
2745 2031 2895 2082 πολιν
2915 2029 3023 2083 τῶν
3047 2029 3342 2100 όρθοδόξων
3365 2028 3666 2095 καὼλικῆς
3680 2026 3918 2094 Ἐκκλη-

2325 2121 2448 2184 σίας
2480 2121 2580 2192 τὴν
2617 2121 2906 2191 προεδρίαν
2940 2121 3291 2184 πιστεύεται,
3338 2119 3493 2172 οὐδὲν
3524 2119 3580 2171 δὲ
3617 2113 3792 2188 ἦττον
3825 2118 3920 2171 καὶ

2324 2213 2423 2280 τῆς
2444 2209 2782 2280 οἰκουμένης
2808 2211 3051 2280 ἀπάσης.
3093 2208 3363 2264 Ἐνταῦθά
3389 2226 3476 2277 μοι
3503 2207 3696 2260 λοιπὸν
3717 2207 3824 2259 καὶ
3853 2206 3921 2257 τά

2326 2303 2599 2370 δράματα,
2622 2294 2697 2354 ὧν
2723 2300 2920 2371 μικροῦ
2943 2301 3160 2372 πλήρης
3180 2301 3325 2353 πᾶσα
3351 2299 3421 2368 γῆ
3442 2316 3500 2351 τε
3532 2299 3627 2351 καλ
3648 2297 3918 2352 θάλασσα.

2339 2391 2424 2453 Ὠς
2448 2392 2556 2460 γὰρ
2579 2391 2670 2443 τὸν
2694 2391 2950 2460 μέγιστον
2971 2392 3180 2443 ἐκεῖνον
3211 2389 3477 2442 κατέλαϐε
3497 2387 3715 2456 θρόνον,
3751 2390 3921 2442 καθάο

2329 2497 2433 2548 περ
2460 2480 2583 2531 τινὰ
2611 2479 2904 2549 τυραννίδα
2929 2479 3028 2547 τῆς
3083 2478 3494 2548 ἀρχιερωσύνης
3538 2479 3640 2547 τὴν
3681 2495 3920 2548 προστα-

2331 2569 2452 2623 σίαν
2485 2570 2755 2640 ἀρπάσας,
2777 2569 2963 2621 οὐκέτι
3002 2569 3252 2638 κατέχειν
3295 2570 3354 2622 ἐν
3390 2569 3568 2638 ἑαυτῷ
3607 2569 3712 2640 τὴν
3755 2569 3920 2622 ὠδῖνα

2327 2661 2426 2728 τῆς
2450 2661 2704 2723 ἀσεϐείας
2730 2655 2844 2724 οἷός
2872 2677 2933 2713 τε
2951 2657 3043 2732 ἦν,
3070 2660 3188 2713 ἀλλ’
3215 2661 3324 2714 ἀπὸ
3344 2661 3444 2731 τῆς
3468 2661 3725 2725 ἐξουσίας
3749 2678 3920 2732 προσ-

2329 2749 2513 2803 λαϐὼν
2542 2751 2730 2822 ἀμαθῆ
2761 2751 3098 2822 παρρησίαν,
3134 2753 3216 2816 είς
3247 2752 3414 2822 μέσον
3442 2751 3568 2821 ἄγει
3595 2752 3698 2806 καὶ
3729 2753 3920 2823 προτί-

2333 2841 2491 2911 θησιν
2524 2845 2747 2909 ἀπασιν,
2777 2844 2844 2913 ἢν
2865 2843 3033 2897 πάλαι
3063 2843 3321 2896 συνέλαϐε
3347 2844 3428 2914 (8)
3451 2844 3596 2897 κατὰ
3624 2844 3722 2897 τοῦ
3745 2846 3920 2898 Μονο-

2331 2935 2522 2999 γενοΰς
2555 2933 2905 3004 βλασφημίαν
2922 2952 2936 2963 ·
2963 2935 3059 2987 καὶ
3087 2935 3324 3005 πόλεμον
3352 2933 3614 3004 ἄντικρυς
3644 2933 3795 2987 κατά
3817 2935 3922 2986 τῶν

2332 3024 2714 3078 ἀποστολικῶν
2737 3027 2973 3096 αἱρεῖται
2998 3026 3305 3096 δογμάτων,
3341 3025 3567 3080 καὶτῶν
3600 3026 3780 3092 ἁγίων
3821 3044 3924 3078 παι

2338 3117 2536 3186 τέρων,
2572 3117 2680 3170 τῶν
2706 3117 2798 3186 ἀφ’
2821 3113 2882 3171 οὗ
2906 3118 3219 3189 κατηγγέλη
3264 3117 3339 3188 (9)
3373 3116 3432 3170 τὸ
3460 3117 3803 3184 Εὖαγγέλιον
3831 3117 3926 3184 τῆς

2339 3206 2447 3259 τῶν
2493 3207 2789 3277 ὀρθοδόξων
2837 3207 3314 3278 καθηγησαμένων
3363 3210 3618 3272 πίστεως,
3671 3207 3926 3260 ἐκϐαλεῖν

2338 3299 2596 3367 πειρᾶται
2619 3299 2746 3359 τοὺς
2775 3297 2967 3365 λόγους
2991 3311 3008 3327 ⁶
3040 3299 3324 3368 ταράττων
3365 3299 3466 3368 μὲν
3495 3299 3596 3367 τῆς
3653 3298 3926 3367 βασιλίδος

2339 3387 2547 3450 πόλεως
2572 3388 2671 3458 τὴν
2715 3386 3067 3457 Ἐκκλησίαν,
3090 3387 3376 3458 ταράττων
3403 3387 3461 3440 δὲ
3496 3387 3592 3438 καὶ
3622 3386 3725 3456 τὴν
3745 3387 3914 3439 οἰκου-

2342 3479 2512 3546 μένην
2545 3481 2795 3544 ἀπασαν,
2837 3479 2992 3534 οὐδὲν
3024 3478 3121 3555 τοῦ
3147 3479 3435 3533 θεσπεσίου
3469 3476 3687 3531 Παύλου
3722 3494 3925 3547 κεκρα-

2342 3571 2499 3637 γότος
2541 3572 3040 3641 ἐπιστρεφόμενος·
3077 3589 3096 3622 ι
3135 3571 3196 3623 '0
3223 3570 3280 3621 δὲ
3315 3570 3602 3639 ταράσσων
3649 3569 3799 3638 ὖμᾶς
3829 3568 3926 3637 βας

2337 3661 2524 3714 στάσει
2547 3662 2610 3714 τὸ
2637 3663 2830 3733 κρῖμα,
2860 3665 3010 3725 ὅστις
3035 3661 3102 3715 ἂν
3231 3681 3250 3713 ι
3278 3661 3418 3714 Ἀλλ’
3442 3662 3534 3713 ἐπὶ
3563 3659 3665 3728 τὴν
3699 3659 3926 3729 λυχνίαν

2334 3752 2430 3804 τοῦ
2467 3753 2612 3806 θείου
2637 3753 2746 3804 τῶν
2775 3751 3078 3823 ἀρχιερέων
3109 3750 3374 3821 βήματος,
3406 3751 3469 3804 οὐ
3494 3751 3588 3804 τὸν
3607 3749 3809 3819 λύχνον
3827 3750 3926 3817 τῆς

2339 3850 2616 3922 ἀληθείας,
2658 3850 2793 3902 ἀλλά
2835 3849 2928 3902 τὸν
2974 3848 3138 3916 ζόφον
3167 3846 3351 3916 τίθησι
3375 3848 3474 3917 τῆς
3501 3845 3754 3907 ἀσεϐείας
3784 3843 3919 3913 (10).

2340 3941 2553 3992 Γίνεται
2577 3937 2632 3990 δὲ
2664 3936 2812 4008 αύτῷ
2843 3937 3060 4008 πρῶτον
3087 3936 3191 4004 τῆς
3219 3935 3570 4004 καινοτομίας
3587 3932 3919 4004 ἐγχείρημα,

2339 4029 2400 4081 τὸ
2441 4029 2517 4098 μὴ
2544 4029 2653 4080 δεῖν
2691 4027 2790 4097 τὴν
2823 4028 2989 4095 ἁγίαν
3036 4027 3333 4097 Παρθένον,
3363 4027 3464 4097 τὴν
3506 4024 3600 4079 τοῦ
3638 4023 3777 4078 Θεοῦ
3810 4022 3921 4093 (ll)

2342 4119 2516 4187 Λόγου
2545 4119 2686 4171 κατά
2711 4119 2890 4189 σάρκα
2921 4119 3154 4190 μητέρα,
3179 4118 3442 4171 θεοτόκον
3459 4117 3765 4186 ὁμολογεῖν,
3781 4116 3916 4186 Χριο

2343 4210 2594 4262 στοτόκον
2625 4209 2683 4261 δὲ
2716 4211 2899 4278 μόνον,
2932 4210 3040 4262 τῶν
3071 4209 3240 4264 πάλαι
3265 4210 3360 4262 καὶ
3401 4208 3681 4278 πρόπαλαι
3704 4207 3806 4275 τῆς
3829 4205 3916 4274 ὀρ-

662 4293 874 4358 θοδάξου
928 4293 1162 4353 πίστεως
1216 4289 1474 4359 κηρύκων
1528 4287 1670 4341 κατᾶ
1704 4285 1804 4357 τῆν
1859 4289 2224 4364 ἀποστολικὴν
2265 4299 2566 4365 παράδοσιν
2613 4299 2874 4352 Θεοτόκον
2902 4298 3226 4361 διδαξάντων
3263 4297 3552 4367 ὀνομάζειν
3591 4313 3663 4347 τε»
3693 4293 3806 4364 (12)
3831 4297 3916 4347 καὶ

662 4384 939 4434 πιστεύειν
971 4383 1066 4451 τὴν
1101 4379 1196 4433 τοῦ
1263 4379 1467 4450 Κυρίου
1512 4378 1743 4450 μητέρα.
1776 4378 1913 4447 Φέρε
1950 4381 2014 4452 δὴ
2079 4379 2172 4436 οὖν
2213 4403 2306 4454 μοι
2343 4387 2530 4440 λοιπὸν
2557 4387 2658 4459 τὴν
2691 4387 3010 4460 βλάσφημον
3047 4386 3392 4458 τεχνολογίαν
3415 4427 3430 4451 ,
3467 4387 3566 4440 καὶ
3596 4386 3918 4455 παρατήρη-

665 4490 748 4525 σιν
778 4475 950 4525 οὐδενὶ
983 4475 1246 4543 πρότερον
1279 4473 1648 4542 ἐγνωσμένην,
1673 4474 1752 4532 εἰς
1777 4473 1940 4540 μέσον
1970 4476 2081 4542 (15)
2102 4477 2426 4546 ἀγάγωμεν.

740 4561 950 4633 1045
1000 4562 1202 4617 Christi
1255 4561 1580 4631 appellatio,
1635 4563 1841 4631 inquit,
1894 4564 2030 4618 duas
2077 4576 2240 4621 natu-
2275 4572 2318 4624 D

666 4665 753 4703 ras
791 4649 1093 4718 signiﬁcat,
1132 4649 1473 4704 divinitatem
1510 4649 1822 4720 Unigeniti,
1872 4661 1928 4705 et
1978 4653 2238 4708 humani-

666 4746 831 4793 tatem
865 4757 874 4790 :
905 4739 999 4791 Dei
1034 4746 1212 4792 autem
1250 4755 1354 4793 vox
1381 4741 1629 4794 absolute
1667 4743 1898 4809 prolata,
1928 4745 2235 4813 simplicem

663 4837 720 4882 et
785 4828 1163 4896 incorpoream
1224 4830 1319 4882 Β(ιὶ
1375 4829 1538 4883 Verbi
1609 4831 1971 4886 substantiam
2033 4851 2237 4904 reprae-

667 4927 844 4974 sentat
885 4937 898 4972 :
937 4921 1174 4974 hominis
1228 4937 1392 4986 vero,
1461 4923 1633 4976 solam
1689 4922 1985 4978 humanam
2023 4929 2040 4943 ’
2079 4938 2240 4982 natu-

666 5026 782 5066 ram
850 5011 1106 5066 ostendit.
1161 5012 1461 5081 Propterea
1531 5013 1966 5083 Christiparam,
2027 5017 2236 5088 inquit,

665 5110 723 5155 et
753 5117 862 5154 non
907 5100 1191 5170 Deiparam
1238 5102 1516 5172 Virginem
1565 5102 1724 5157 fateri
1759 5120 1984 5160 necesse
2020 5118 2124 5173 est,
2169 5127 2240 5166 ne

739 5236 754 5264 '
788 5236 954 5290 Marc.
990 5251 1062 5302 Iv,
1087 5235 1178 5290 22.
1255 5240 1276 5271 ⁸
1304 5237 1327 5291 1
1358 5237 1499 5292 Tim.
1534 5255 1588 5305 v,
1617 5239 1707 5294 25.
1784 5241 1805 5273 ⁸
1831 5241 2005 5298 Galat.
2039 5261 2092 5309 v,
2120 5245 2212 5301 l0.

744 5347 817 5415 (6)
851 5345 1023 5428 supra
1047 5363 1171 5428 pag.
1207 5350 1344 5428 δῖα,
1365 5351 1469 5428 leg.
1516 5353 1876 5423 ἀνιχνίαστον.
1921 5353 2028 5412 Alii
2063 5357 2244 5423 ἀνεξίο

670 5434 858 5468 κακον.
891 5417 1084 5478 Vide,l.
1113 5417 1160 5473 (Ξ.
1196 5421 1369 5475 schol.
1399 5417 1486 5477 9—5.

743 5484 817 5539 (7)
850 5486 986 5539 Ibid.
1021 5489 1143 5539 τῆς.

765 5489 794 5535 7
850 5489 986 5539 Ibid.
1021 5489 1143 5611 τῖς.

765 5489 818 5636 ἓξ
849 5555 1079 5636 συνέλᾼ
1123 5556 1195 5611 id.
1237 5569 1357 5628 post
1383 5560 1642 5636 mesico?)
1670 5565 1872 5633 Μονογ.
1903 5555 2143 5635 ponitur.

742 5624 819 5762 29)
852 5624 988 5678 Ibid.
1025 5626 1119 5708 dep:
1150 5644 1212 5681 ου
1238 5624 1607 5712 κατηγγέλθη.

770 5691 856 5762 10)
890 5694 979 5747 ἀσ.
1009 5694 1138 5762 Alii,
1169 5696 1452 5762 ἀσαφείας.
1477 5699 1598 5757 Vld.

770 5691 856 5764 l0)
890 5694 979 5747 ἀσ.
1009 5691 1138 5764 Alii,
1169 5691 1452 5767 ἀσαφείας.
1477 5691 1598 5757 νίἆ.
1628 5717 1748 5774 pag.
1785 5705 1908 5770 571,
1938 5705 2108 5759 schol.
2141 5705 2230 5759 97.

2430 4570 2495 4624 ’Π
2513 4570 2608 4624 τοῦ
2635 4572 2873 4642 Χριστοῦ
2902 4572 3264 4643 προσηγορία,
3291 4573 3446 4642 φησὶ,
3469 4572 3579 4624 τῶν
3593 4571 3689 4623 δύο
3708 4571 3914 4638 φύεεών

2345 4658 2462 4711 ἐστι
2501 4661 2834 4730 σημαντικὴ,
2882 4662 2982 4729 τῆς
3020 4679 3077 4714 τε
3127 4663 3380 4734 θεότητος
3415 4661 3511 4714 τοῦ
3557 4663 3914 4728 Μονογενοῷ,

2342 4751 2559 4822 καὶτῆς
2585 4751 3002 4821 ἀνθρωπότητος
3025 4768 3040 4782 ο
3071 4755 3104 4822 ή
3134 4753 3192 4805 δὲ
3221 4753 3315 4806 τοῦ
3342 4753 3478 4807 Θεοῦ
3512 4752 3798 4816 ἀπολύτως
3830 4755 3912 4807 λε-

2341 4841 2546 4912 γομένη
2562 4843 2713 4912 φωνὴ
2731 4843 2867 4913 (14),
2892 4842 2991 4913 τὴν
3022 4844 3202 4913 ἁπλῆν
3233 4844 3325 4897 καὶ
3353 4843 3645 4914 ἀσώματον
3666 4843 3762 4896 τοῦ
3786 4845 3916 4897 Θεοῦ

2341 4931 2516 5000 Λόγου
2540 4933 2870 5004 παρίστησιν
2901 4934 3090 4986 οὐσίαν
3109 4948 3122 4962 °
3156 4937 3190 5004 ἡ
3214 4935 3272 4988 δὲ
3301 4933 3397 4988 τοῦ
3414 4935 3732 5006 ἀνθρώπου,
3754 4936 3917 5004 μόνην

2341 5024 2439 5092 τὴν
2467 5023 2815 5093 ἀνθρωπείαν
2853 5025 3202 5080 ὑποδείκνυσι
3239 5027 3432 5095 φύσιν·
3470 5028 3557 5080 διὰ
3592 5029 3754 5081 τοῦτο
3785 5031 3916 5099 Χρι-

2343 5116 2596 5170 στατόκον
2630 5116 2818 5186 φησὶν,
2855 5117 2970 5172 ἀλλ’
2998 5118 3060 5171 ού
3080 5117 3342 5173 Θεοτόκον
3365 5120 3466 5192 τὴν
3493 5118 3768 5190 Παρθένον
3789 5122 3914 5191 ὁμο-

2420 5363 2531 5445 (11)
2577 5366 2714 5445 Ibid.
2761 5367 3000 5445 eum
3037 5368 3130 5445 ⁸τοῦ
3171 5369 3308 5445 Θεοῦ
3343 5371 3527 5445 ᾈΔόγον
3562 5371 3828 5445 τεκοῦσαν
3859 5370 3916 5437 ἐξ

2553 5437 2731 5505 σάρκα
2761 5434 3018 5502 λαϐόντα,
3045 5439 3306 5493 Θεοτόκον
3333 5434 3636 5508 ὁμολογεῖν.

2417 5503 2529 5577 (l2)
2556 5503 2637 5577 τεᾷ
2671 5509 2796 5560 Des.
2824 5523 3010 5577 supra,
3037 5509 3075 5562 l.
3100 5524 3149 5562 c.

2417 5573 2529 5706 (13¢
2558 5576 2740 5644 μέσον.
2770 5573 2909 5630 Ibid.
2942 5594 3130 5647 prtem.
3157 5579 3239 5631 τό.

2417 5645 2505 5706 (14
2569 5648 2740 5706 φωνή.
2774 5647 3070 5703 Inserenda
3105 5648 3202 5702 fuit

2339 5725 2376 5777 Ρ
2569 5648 2740 5716 φωνή.
2774 5645 3070 5703 inserenda
3105 5648 3202 5702 l'uit
3256 5649 3370 5704 haec
3405 5665 3531 5716 vox,
3580 5667 3702 5720 qur
3747 5659 3912 5707 exstat
