4080 6370
277 404 418 469 12ὺῖ

1355 405 1731 468 LIBELLUS
1768 400 2074 464 CONTRA
2111 397 2589 462 NESTORIUM.

3456 405 3595 473 1158

274 523 463 598 λογεῖν
494 523 812 590 ἀναγκαῖον,
848 522 1061 592 μήποτε
1097 521 1354 592 λάθωμεν
1388 519 1565 593 ἀρχὴν
1604 518 1704 573 τοῦ
1734 513 1854 572 εῖνα

1983 512 2369 586 imprudentes
2421 513 2678 570 dicamus
2727 514 2902 570 Deum
2958 515 3203 572 Verbum
3259 518 3481 577 initium
3521 538 3593 580 ex

270 612 530 681 λέγοντες
556 610 647 665 τὸν
668 612 804 665 Θεὸν
829 614 1005 683 Λόγον
1042 616 1105 667 ἐκ
1130 613 1229 685 τῆς
1252 611 1416 681 ἁγίας
1439 610 1722 683 εἰληφέναι
1762 608 1874 682 (15)

270 700 583 772 Παρθένου,
612 702 705 756 καὶ
741 700 889 756 οὕτω
916 702 1353 774 προγενεστέραν
1388 699 1488 771 τὴν
1526 699 1742 770 μητέρα
1778 697 1873 752 τοῦ

270 794 632 867 γεννηθέντος
661 796 720 863 ἐξ
765 796 939 867 αὐτῆς
971 796 1115 851 κατὰ
1155 796 1219 850 τὸ
1263 793 1558 849 ἀκόλουθον
1588 793 1875 864 ὁμολογεῖν

273 886 613 960 βωθῶμεν.
650 888 768 943 Ἵνα
793 888 852 943 δὲ
887 888 963 961 μὴ
987 887 1125 954 δόξω
1150 887 1441 961 λοιδορίαις
1480 886 1665 947 κεναῖς
1698 882 1874 939 ταῦτα

268 980 369 1034 τοῦ
398 980 595 1052 ἀνδρὸς
633 982 987 1053 κατηγορεῖν,
1034 980 1200 1035 αὐτὸν
1238 979 1450 1034 ἐκεῖνον
1490 971 1575 1042 οἷς
1614 973 1737 1030 εἷπε
1770 975 1874 1047 τῆς

266 1070 480 1134 οἰκείας
508 1068 766 1134 ἀσεϐείας
792 1071 1091 1143 ποιήσομαι
1124 1069 1399 1141 μάρτυρα.
1432 1066 1556 1121 Τῶν
1588 1066 1698 1139 γὰρ
1731 1067 1871 1121 ἀπο-

270 1162 540 1216 πολικῶν
570 1158 944 1235 διδαγρζὰτων,
970 1163 1064 1218 καὶ
1095 1162 1299 1226 παντὸς
1334 1159 1489 1230 ἁγίου
1521 1160 1745 1232 μνήμην
1771 1158 1872 1229 τῆς

265 1253 471 1309 ἑαυτοῦ
515 1254 759 1320 διανοίας
810 1255 1171 1328 ύπερορίσας,
1215 1256 1275 1309 ἐν
1307 1256 1374 1327 τῇ
1420 1253 1531 1309 τῶν
1572 1250 1870 1323 ὀρθοδόξων

299 1346 583 1420 Εκκλησίᾳ
616 1348 818 1415 πολλὰς
869 1349 1133 1412 τοιαύτας
1174 1346 1434 1417 ἐξεϐόησε
1474 1343 1695 1414 φωνάς·
1744 1342 1869 1395 Οὐκ

262 1437 456 1493 ἔτεκεν
491 1438 643 1509 (16),
676 1433 722 1493 ὧ
752 1439 1001 1510 βέλτιστε
1028 1478 1042 1504 ,
1077 1439 1271 1511 Μαρία
1320 1438 1478 1500 Θεὸν,
1515 1436 1634 1491 ἀλλ’
1683 1435 1868 1489 ἔτεκεν

262 1528 580 1601 ἄνθρωπον,
610 1531 864 1598 θεότητος
886 1531 1139 1604 ὄργανον.
1167 1531 1278 1585 Καὶ
1298 1536 1356 1583 ἐν
1386 1528 1599 1599 ἑτέροις
1621 1527 1677 1581 δὲ
1706 1527 1867 1581 πάλιν

261 1619 600 1692 φληνάφοις·
640 1623 1001 1695 Ἀνέγκλητος
1024 1622 1249 1694 Ἕλλην,
1280 1621 1495 1693 μητέρα
1513 1620 1658 1684 θεοῖς
1686 1620 1868 1673 ἐπεισ-

255 1713 436 1781 άγων.
468 1712 655 1769 Ταῦτα
679 1715 780 1787 μὲν
808 1714 886 1780 ὡς
910 1715 1021 1770 ἀπὸ
1045 1714 1259 1769 πολλῶν
1283 1714 1441 1783 ὀλίγα
1472 1730 1563 1783 μοι
1590 1711 1700 1765 τῶν
1718 1710 1863 1764 ἐκεί-

256 1819 358 1857 νου
404 1803 545 1868 τέως
600 1806 861 1877 εἰρήσθω,
910 1806 1051 1878 πρὸς
1084 1806 1151 1860 τὰ
1183 1804 1313 1875 ἑξῆς
1359 1803 1721 1873 ἐπειγομένου
1767 1801 1861 1856 τοῦ

257 1894 445 1963 λόγου.
477 1894 643 1951 Ὅθεν
658 1872 863 1968 ’ἐπειδὴ
896 1872 1115 1969 θανάτῳ
1138 1872 1361 1968 ἐξαισίῳ
1390 1872 1720 1949 ἀπολοῦνται
1757 1910 1861 1947 πα-
1899 1872 1942 1927 Β

260 1984 514 2059 ρὰνομοι,
530 1988 630 2060 τῆς
659 2004 722 2041 τε
759 1988 1173 2060 ἀρχιερωσύνης
1196 1989 1287 2043 διὰ
1312 1986 1422 2041 τῶν
1442 1990 1501 2041 ἐν
1514 1986 1729 2057 Ἐφέσῳ
1747 1986 1859 2059 (17)

257 2078 765 2151 συναθροισθέντων
796 2082 971 2151 ἁγίων
997 2082 1104 2135 ὑπὸ
1127 2081 1227 2152 τῆς
1261 2079 1415 2144 θείας
1445 2078 1737 2146 ἐξεϐάλετο
1756 2080 1862 2150 ψή-

255 2186 388 2239 φου,
422 2170 515 2223 καὶ
541 2169 807 2241 βασιλικῷ
834 2170 1068 2243 νεύματι
1095 2171 1195 2243 τῆν
1216 2173 1412 2226 Ὄασιν
1436 2169 1861 2234 καταδικασθεὶς

254 2262 452 2328 οἰκεῖν,
479 2262 578 2333 τῆς
598 2264 903 2336 μελλούσης
930 2264 1041 2318 τῶν
1063 2264 1281 2319 ἀσεϐῶν
1303 2263 1580 2328 κολάσεως
1604 2261 1861 2317 ἐντεῦθεν

255 2354 480 2420 ἐδέξατο
496 2355 565 2410 τὰ
598 2357 887 2429 προοίμια,
932 2357 1319 2431 παρανάλωμα
1354 2357 1453 2428 τῆς
1486 2357 1695 2420 οἰκείας
1728 2372 1860 2426 φρε-

255 2446 581 2513 νοϐλαϐείας
624 2451 939 2523 γενόμενος,
971 2452 1067 2505 καί
1109 2452 1196 2521 ἐφ’
1229 2449 1409 2520 ἐαυτῷ
1450 2447 1751 2519 πληρώσας
1797 2447 1859 2500 τὸ

253 2539 620 2595 ἁποστολικὸν
674 2542 855 2596 ἐκεῖνο
910 2543 1115 2612 λόγιον,
1158 2543 1240 2596 ὅτι
1278 2561 1297 2594 ι
1328 2539 1505 2593 Τινῶν
1554 2537 1860 2609 ἀνθρώπων

255 2632 315 2684 αἱ
355 2632 622 2705 ἁμαρτίαι
658 2635 922 2706 πρόδηλοί
945 2638 1107 2701 είσιν,
1132 2635 1477 2707 προάγουσαι
1504 2634 1585 2695 εἰς
1616 2631 1852 2701 κρίσιν.»

270 2721 434 2776 Ἀλλὰ
462 2724 636 2779 ταῦτα
661 2726 783 2797 μὲν,
805 2727 881 2790 ὡς
910 2727 1006 2782 καί
1037 2726 1221 2790 ἄλλοις
1250 2726 1466 2788 πολλοῖς
1490 2723 1856 2795 ἐξητασμένα,

1980 617 2171 664 sancta
2194 607 2419 679 Virgine
2445 606 2769 679 sumpsisse,
2791 618 2955 679 atque
2978 608 3052 664 ita
3074 610 3445 682 antiquiorem
3469 629 3559 670 ma
3578 647 3592 657 -

1983 710 2129 757 trem
2163 716 2232 757 eo
2255 700 2353 773 qui
2381 717 2450 757 ex
2490 716 2555 757 ea
2589 709 2758 757 natus
2796 708 2901 765 est,
2942 717 3011 758 ex
3049 705 3417 775 consequenti
3458 720 3593 762 con-

1979 789 2126 846 ﬁteri
2155 804 2439 861 cogamur.
2471 790 2551 847 Ne
2580 791 2771 845 videar
2805 800 2990 847 autem
3033 791 3295 850 inanibus
3313 796 3591 853 conviciis

1977 882 2097 938 haec
2143 883 2200 937 in
2245 882 2400 938 illum
2428 883 2663 955 jactare,
2697 883 2850 937 illum
2888 883 3069 954 ipsum
3112 886 3232 941 suis
3275 887 3466 943 verbis
3500 897 3589 945 te—

1977 981 2118 1028 stem
2169 973 2495 1044 producam.
2527 972 2976 1043 Apostolieorum
3023 974 3174 1029 enim
3219 974 3587 1035 documento-

1975 1081 2121 1131 rum,
2161 1073 2219 1121 et
2263 1073 2585 1121 sanctorum
2629 1080 3093 1137 quorumcunque
3135 1068 3462 1123 memoriam
3516 1084 3589 1127 ex

1974 1153 2310 1226 cogitatione
2347 1170 2446 1209 sua
2478 1154 2879 1219 exterminans,
2910 1154 2963 1209 in
3003 1156 3446 1213 orthodoxorum
3475 1159 3582 1215 Ec-

1969 1237 2140 1300 clesia
2171 1247 2373 1302 multas
2409 1246 2726 1301 istiusmodi
2765 1262 2931 1303 voces
2959 1247 3138 1303 edidit
3182 1266 3196 1303 :
3241 1249 3368 1305 Non
3408 1266 3581 1322 pepe—

1972 1338 2065 1405 rit,
2092 1340 2290 1410 optimi
2319 1340 2451 1405 viri,
2477 1340 2647 1395 Maria
2682 1341 2879 1407 Deum,
2922 1340 3018 1397 sed
3052 1342 3337 1399 hominem
3364 1344 3585 1416 peperit

1971 1431 2284 1489 divinitatis
2310 1434 2770 1489 instrumentum.
2806 1434 2876 1489 Et
2904 1432 2960 1488 in
2987 1435 3112 1492 aliis
3142 1452 3338 1492 rursus
3366 1438 3540 1509 magis
3564 1456 3579 1492 :

1968 1525 2141 1597 Culpa
2173 1524 2333 1583 vacat
2362 1527 2605 1597 gentilis,
2636 1525 2732 1597 qui
2764 1524 2873 1581 diis
2909 1536 3146 1582 matrem
3180 1527 3417 1586 inducit.
3451 1530 3583 1587 Haec

1968 1634 1996 1673 a
2022 1635 2107 1673 me
2142 1636 2315 1689 pauca
2353 1620 2421 1675 de
2450 1619 2641 1674 multis
2664 1618 2813 1673 dicta
2857 1619 2991 1685 sint,
3029 1619 3161 1675 dum
3193 1620 3261 1676 ad
3290 1622 3581 1692 sequentia

1966 1711 2192 1767 festinat
2217 1713 2417 1769 oratio.
2442 1712 2602 1769 Unde
2629 1711 2895 1783 quoniam
2921 1711 3199 1768 horrenda
3238 1723 3419 1770 morte
3455 1730 3583 1786 per-

1967 1805 2131 1860 ibunt
2162 1805 2343 1877 impii,
2381 1804 2709 1876 pontiﬁcatu
2736 1821 2836 1875 per
2862 1813 3085 1861 sanctos
3113 1806 3319 1876 Ephesi
3344 1821 3577 1877 congre-

1969 1907 2124 1969 gatos
2150 1896 2367 1971 1046
2398 1897 2589 1952 divino
2630 1898 2895 1968 sull'ragio
2921 1897 3171 1967 dejeetus
3206 1906 3313 1963 est,
3339 1907 3396 1954 et
3416 1898 3576 1970 jussu

1971 1990 2325 2060 imperatoris
2362 1988 2547 2045 Oasim
2588 1989 2843 2045 habitare
2889 1990 3101 2061 jussus,
3146 1989 3323 2046 futuri
3370 1988 3575 2062 impio-

1969 2098 2092 2136 rum
2138 2082 2398 2153 supplicii
2432 2082 2587 2137 illinc
2622 2082 2861 2153 sumpsit
2888 2082 3205 2147 exordium,
3247 2098 3362 2138 sua:
3399 2082 3579 2155 ipsius

1968 2176 2227 2231 amentiae
2267 2176 2445 2231 factus
2482 2176 2815 2241 ludibrium,
2846 2186 2904 2231 et
2956 2177 3011 2231 in
3066 2192 3124 2232 se
3160 2176 3384 2233 dictum
3433 2177 3575 2233 illud

1968 2268 2255 2337 complens
2288 2266 2535 2337 Apostoli
2580 2286 2592 2321 :
2639 2286 2657 2319 ι
2698 2266 3078 2334 Quorumdam
3120 2266 3411 2330 hominum
3441 2284 3573 2339 pee-

1965 2367 2087 2413 eata
2119 2356 2411 2412 manifesta
2444 2365 2595 2423 sunt,
2630 2357 3003 2429 prmeedentia
3048 2355 3118 2412 ad
3158 2355 3432 2429 judicium
3464 2358 3505 2412 ⁵.
3546 2376 3564 2407 υ

1964 2446 2072 2503 Sed
2102 2449 2219 2503 haec
2251 2448 2500 2518 quidem,
2534 2455 2595 2501 ut
2620 2463 2744 2517 quae
2774 2446 2843 2501 ab
2871 2447 2997 2501 aliis
3032 2447 3227 2502 multis
3258 2446 3571 2501 examinata

1964 2548 2117 2605 sunt,
2151 2540 2436 2611 praeterire
2483 2547 2922 2594 consentaneum
2964 2546 3071 2594 est.
3123 2539 3426 2609 Pergamus
3469 2538 3573 2610 igi-

1930 2612 1943 2626 ’
1964 2640 2056 2686 tur
2094 2631 2161 2685 ad
2204 2630 2515 2701 sequentia,
2551 2638 2609 2684 et
2642 2628 2710 2683 ad
2743 2638 3067 2684 sanctorum
3095 2629 3321 2685 Patrum
3354 2628 3559 2685 confes-

1964 2724 2176 2778 sionem
2213 2724 2520 2778 veniamus.

254 2817 644 2891 παραδραμεῖν
674 2823 997 2893 ἀναγκαῖον.
1038 2822 1166 2879 Ἑπί
1193 2824 1307 2897 (18)
1346 2823 1403 2878 δὲ
1433 2821 1503 2876 τά
1539 2820 1665 2891 ἑξῆς
1690 2820 1881 2890 ἴωμεν,
1924 2822 2017 2874 καὶ
2045 2823 2121 2885 εἰς
2152 2822 2252 2892 τὴν
2290 2820 2400 2875 τῶν
2452 2821 2625 2889 ἁγίων
2653 2822 2919 2893 Πατέρων
2953 2820 3249 2893 ὁμολογίαν
3290 2818 3567 2891 μετέλθω-

256 2923 383 2976 μεν.

337 3004 534 3076 Ἡμεῖς
565 3007 680 3071 τοῖς
715 3007 1094 3077 εύαγγελικοῖς
1134 3009 1231 3067 καὶ
1278 3010 1664 3071 ἁποστολικοῖς
1712 3024 1855 3059 παν-

2036 3002 2170 3064 Nos,
2201 3000 2533 3070 evangelicis
2570 3008 2629 3054 et
2678 2999 2999 3069 apostolicis
3043 2999 3249 3071 ubique
3296 3002 3569 3075 dogmati-

248 3096 422 3168 ταχοῦ
452 3098 768 3169 πειθόμενοι
794 3099 1051 3169 δόγμασι,
1086 3099 1230 3153 κατὰ
1264 3100 1361 3171 τὴν
1386 3102 1694 3173 παράδοσιν
1742 3098 1855 3152 τῶν

1969 3094 2074 3148 bus
2102 3092 2496 3160 obsequentes,
2517 3092 2672 3161 juxta
2699 3098 3018 3145 sanctorum
3050 3092 3279 3147 Patrum
3310 3097 3567 3154 traditio-

250 3188 430 3261 ἁγίων
464 3190 750 3261 Πατέρων,
781 3190 874 3244 τὸν
900 3191 1031 3244 Θεὸν
1053 3191 1247 3259 Λόγον,
1278 3192 1370 3245 τὸν
1396 3171 1553 3246 τούδε
1590 3194 1684 3247 τοῦ
1716 3212 1855 3247 παν-

1964 3196 2112 3245 nem,
2138 3181 2311 3235 Deum
2336 3180 2603 3245 Verbum,
2630 3180 2875 3236 universi
2910 3182 3076 3253 hujus
3114 3182 3472 3243 Conditorem
3499 3206 3566 3247 ac

252 3279 350 3344 τὸς
399 3282 745 3353 Δημιουργιύν
779 3300 839 3337 τε
873 3285 977 3339 ,καὶ
1022 3283 1262 3356 Κύριον,
1311 3285 1401 3342 τὸν
1451 3288 1713 3358 μονογενῆ
1758 3287 1852 3342 τοῦ

251 3358 473 3441 Πατρὸς
500 3373 646 3438 Υίδν,
668 3373 761 3428 τὸν
786 3374 1136 3444 προαιώνιον,
1159 3378 1252 3431 τὸν
1279 3379 1454 3448 ἀμιγῆ
1485 3378 1738 3448 σώματος
1759 3385 1854 3435 καὶ

251 3464 477 3519 πάντων
532 3465 633 3518 ὅσα
678 3464 955 3536 σώματος,
1008 3468 1098 3523 τὸν
1136 3469 1320 3524 πάντα
1352 3468 1483 3523 ὄντα
1535 3472 1639 3524 ὅσα
1691 3477 1787 3526 καὶ
1824 3474 1853 3527 ό

251 3553 467 3624 Πατὴρ,
508 3553 641 3626 πλὴν
672 3556 790 3619 ἐνὸς
823 3556 989 3627 μόνου
1020 3556 1114 3610 τοῦ
1149 3553 1292 3612 εἰναι
1324 3558 1516 3630 Πατὴρ
1538 3602 1552 3626 ,
1601 3562 1853 3616 πιστεύο-

253 3662 358 3715 μεν
386 3647 475 3699 ἐπ⁹
507 3647 755 3717 ἐσχάτων
786 3647 897 3702 τῶν
918 3651 1176 3721 ἡμερῶν,
1214 3651 1321 3705 ύπὺ
1360 3652 1461 3722 τῆς
1499 3654 1663 3707 αὑτοῦ
1700 3674 1851 3727 κινη-

250 3735 419 3792 θέντα
448 3738 882 3810 φιλανθρωπίας,
909 3741 1127 3813 εὐδοκία
1175 3740 1270 3795 τοῦ
1295 3742 1432 3795 Θεοῦ
1480 3746 1575 3798 καὶ
1609 3748 1847 3817 Πατρὸς,

248 3828 319 3882 ἐκ
344 3829 443 3899 τῆς
463 3830 625 3899 ἁγίας
651 3831 953 3902 Παρθένου,
980 3832 1267 3903 όμοούσιον
1287 3836 1354 3905 τῇ
1376 3835 1637 3907 τικτούσῃ
1670 3838 1849 3908 σάρκα

247 3920 485 3976 λαϐόντα
517 3923 613 4001 καί
646 3924 943 3995 γενόμενον
993 3924 1305 3996 ἄνθρωπον,
1345 3928 1674 3999 γεννηθῆναι
1714 3928 1848 3983 Θεὸν

251 4012 396 4083 μετὰ
421 4012 514 4066 τοῦ
554 4016 1024 4087 προσλήμματος,
1076 4016 1175 4087 οὐχ
1215 4017 1353 4089 ὅπερ
1389 4014 1457 4090 ἦν
1501 4019 1848 4075 ἀποϐαλόντα

249 4100 487 4173 (τροπῆς
511 4102 621 4174 γὰρ
654 4106 836 4175 πάσης
859 4105 921 4157 τὸ
937 4104 1081 4160 θεῖον
1114 4106 1439 4178 ἐλεύθερον),
1462 4108 1601 4163 ἁλλὰ
1621 4127 1845 4181 προσει-

246 4191 462 4264 ληφότα
484 4194 546 4247 τὸ
578 4195 835 4263 γενέσθαι
871 4197 965 4250 καὶ
986 4197 1298 4269 ἄνθρωπον.
1330 4200 1552 4265 Τοῦτον,
1589 4203 1731 4255 κατὰ
1754 4190 1845 4257 τόν

245 4280 609 4336 ἀποστολικὸν
639 4282 822 4351 λόγον,
849 4286 1183 4356 πειραθῆναι
1210 4288 1304 4341 καὶ
1342 4288 1450 4342 τῶν
1481 4290 1844 4362 ἀνθρωπίνων

244 4370 441 4426 παθῶν
480 4374 621 4429 κατὰ
657 4378 838 4430 πάντα
860 4417 875 4445 ,
914 4377 1039 4431 καθ’
1069 4378 1364 4451 ὁμοιότητα
1407 4381 1506 4435 καὶ
1553 4385 1719 4455 νόμον
1751 4385 1844 4440 τὸν

242 4462 611 4535 ἀνθρώπειον,
639 4468 811 4539 χωρὶς
835 4469 1114 4540 ἁμαρτίας
1133 4486 1146 4499 ⁸
1186 4472 1246 4527 τὸ
1292 4473 1402 4545 γάρ
1432 4475 1711 4547 πεινῆσαι,
1748 4479 1843 4531 καὶ

242 4556 532 4623 κοπιάσαι,
583 4558 680 4610 καί
711 4557 1006 4631 δακρύσαι,
1042 4563 1138 4615 καί
1179 4563 1282 4617 ὅσα
1313 4564 1564 4631 τοιαῦτα,
1616 4568 1717 4637 τῆς
1747 4570 1843 4622 ἀν-

242 4646 527 4715 θρωπείας
556 4648 773 4717 φύσεως
795 4650 1096 4723 παρίστησι
1123 4653 1223 4725 τὴν
1253 4654 1517 4726 ἀλήθειαν
1536 4674 1549 4687 ·
1587 4674 1839 4729 σταυρω-

240 4731 407 4801 θῆναί
432 4750 493 4786 τε
522 4736 616 4787 ἐπὶ
645 4736 873 4791 Ποντίου
902 4737 1138 4793 Πιλάτου
1162 4784 1177 4809 ,
1228 4744 1324 4797 καί
1378 4744 1673 4800 ἀποθανεῖν
1697 4788 1711 4813 ,
1744 4749 1839 4802 καὶ

238 4826 504 4894 ταφῆναι,
538 4828 633 4880 καί⁵
666 4827 962 4901 ἀναστῆναι
996 4833 1062 4903 τῇ
1089 4832 1247 4905 τρίτῃ
1272 4834 1475 4908 ἡμέρᾳ,
1511 4838 1607 4891 καὶ
1637 4842 1836 4912 ἀναλη-

238 4918 447 4988 φθῆναι
467 4920 547 4984 είς
576 4922 699 5010 τούς
718 4924 982 4995 οὐρανοὺς
1008 4964 1022 4988 ,
1048 4926 1127 4997 τῷ
1157 4929 1344 5001 οἰκείῳ
1372 4931 1549 5005 Πατρί
1580 4950 1837 5005 συμπρο-

235 5012 743 5084 σκυνούμενον,καί
770 5016 1227 5089 συνδοξαξόμενον
1254 5022 1407 5093 παρὰ
1428 5011 1610 5095 πάσης
1640 5028 1839 5098 νοητῆς

229 5118 302 5156 τε
333 5102 427 5155 καὶ
459 5103 727 5176 αἰσθητῆς
748 5106 966 5177 φύσεως
984 5124 998 5138 ·
1026 5111 1121 5163 καὶ
1141 5111 1306 5165 αὑτὸν
1328 5114 1493 5168 πάλιν
1514 5116 1836 5172 ἐλεύσεσθαι

229 5194 425 5264 κρῖναι
450 5194 663 5260 ζῶντας
690 5199 787 5253 καί
812 5200 1065 5271 νεκροὺς,
1090 5204 1244 5259 οὐδὲν
1274 5206 1379 5259 ύπὸ
1396 5207 1495 5277 τῆς
1522 5207 1615 5261 τοῦ
1642 5208 1833 5263 δούλου

231 5284 463 5357 μορφῆς
498 5288 579 5352 εἰς
617 5288 716 5362 τὴν
746 5289 897 5345 θείαν
929 5293 1304 5369 ἐλαττωθὲντα
1341 5297 1540 5367 φύσινο
1582 5300 1698 5353 ἀλλ’
1735 5301 1832 5356 ἕνα

226 5374 374 5431 Θεὸν
404 5380 670 5452 μονογενῆ
724 5383 819 5437 καί
870 5383 1078 5455 Κύριον
1129 5384 1226 5440 τοῦ
1276 5388 1515 5456 παντὸς,
1551 5391 1692 5459 μετά
1726 5391 1831 5463 τῆς

313 5534 335 5565 ⁸
362 5534 383 5589 1
415 5536 559 5591 Tim.
590 5554 645 5605 v,
674 5539 769 5595 24.
846 5542 867 5573 ⁸
898 5541 1067 5598 Hebr.
1093 5560 1167 5610 Iv,
1196 5545 1286 5601 15.

455 5690 658 5770 _Sup_r_a.
686 5694 725 5749 l.
762 5695 945 5770 c.__leg.
962 5698 1261 5770 εἰληφότα.

335 5760 420 5827 16)
453 5760 729 5840 Eva—sirm.
755 5760 926 5821 editio
960 5760 1164 5840 h.l.'et
1189 5777 1313 5839 post
1346 5784 1516 5840 pauca
1538 5768 1668 5825 hab.
1705 5769 1825 5825 ἐτο-

229 5847 355 5901 κεν,
393 5843 492 5903 pro
540 5833 782 5901 τέτοκεν,
835 5845 895 5892 ιιι
944 5833 1206 5894 videtur:
1235 5833 1529 5896 Maluimus
1576 5840 1826 5899 scribere

1876 4531 1919 4588 D

1964 3272 2281 3337 Dominum,
2319 3271 2667 3343 unigenitum
2698 3274 2881 3328 Patris
2914 3274 3137 3342 Filium,
3168 3278 3385 3333 saeculis
3409 3288 3567 3337 ante-

1964 3369 2192 3429 riorem,
2234 3366 2485 3435 corporis
2529 3375 2587 3419 et
2635 3367 2884 3421 omnium
2936 3356 3060 3437 quae
3107 3379 3239 3425 sunt
3284 3377 3561 3445 corporis,

1960 3466 2267 3529 expertem,
2294 3458 2349 3513 in
2376 3474 2487 3528 quo
2511 3464 2640 3513 sunt
2670 3457 2856 3512 omnia
2885 3474 3009 3529 qua:
3048 3462 3104 3514 in
3128 3462 3311 3529 Patre,
3336 3475 3562 3535 prater.

1960 3565 2124 3619 quam
2151 3564 2275 3603 esse
2305 3549 2546 3614 Patrem,
2579 3548 2860 3604 credimus
2900 3549 2954 3604 in
2991 3551 3309 3610 novissimis
3336 3556 3557 3626 diebus,

1958 3658 2059 3695 sua
2112 3640 2287 3709 ipsius
2331 3640 2674 3710 benignitate
2730 3650 3069 3710 permotum,
3118 3643 3328 3716 Deique
3378 3648 3561 3707 Patris
3666 3682 3671 3687 ο

1958 3730 2103 3784 bona
2144 3732 2451 3793 voluntate,
2483 3745 2552 3784 ex
2598 3740 2788 3785 sancta
2828 3731 3057 3801 Virgine
3095 3736 3557 3795 consubstantiali

1956 3832 2119 3876 carne
2149 3830 2367 3891 sumpta
2396 3822 2680 3876 hominem
2712 3822 2941 3889 factum,
2983 3824 3158 3880 Deum
3191 3843 3301 3883 una
3326 3844 3454 3886 cum
3489 3850 3558 3888 eo

1956 3914 2104 3985 quod
2147 3914 2447 3984 assumpsit
2490 3924 2682 3968 natum
2724 3930 2869 3981 esse,
2902 3932 3014 3972 non
3049 3933 3116 3974 eo
3155 3920 3372 3992 abjecto
3406 3928 3555 3995 quod

1954 4016 2078 4061 erat
2123 4007 2291 4077 (Deus
2338 4006 2544 4076 quippe
2590 4006 2660 4060 ab
2704 4006 2855 4061 omni
2900 4011 3208 4067 mutatione
3245 4014 3389 4069 liber
3423 4016 3553 4087 est),

1954 4099 2053 4154 sed
2099 4099 2207 4153 hoc
2266 4098 2549 4169 adjuncto,
2588 4096 2740 4165 quod
2792 4098 2961 4154 homo
3020 4101 3186 4155 etiam
3231 4102 3411 4161 factus
3459 4109 3552 4164 sit.

1955 4191 2147 4253 Hunc,
2205 4190 2351 4245 sicut
2416 4190 2494 4243 ait
2548 4190 2851 4259 Apostolus
2901 4190 2957 4257 ⁸,
3017 4191 3277 4250 humanis
3332 4213 3555 4268 quoque

1932 4281 2169 4354 ,1047
2216 4281 2609 4336 aﬂ‘ectionibus
2660 4288 2931 4335 tentatum
2987 4284 3157 4340 fuisse
3206 4302 3305 4356 per
3344 4292 3551 4358 omnia,

1952 4391 2055 4445 pro
2084 4374 2449 4430 similitudine
2478 4377 2491 4393 ⁶
2517 4382 2572 4429 et
2601 4373 2720 4443 lege
2756 4374 3021 4441 humana,
3056 4378 3268 4449 absque
3302 4394 3551 4450 peccato.

1950 4468 2228 4525 Esuriissc
2263 4468 2433 4531 enim,
2470 4455 2527 4522 et
2562 4467 2848 4537 fatigatum
2898 4484 2960 4523 ae
3006 4470 3366 4543 lacrymatum
3403 4492 3548 4543 esse,

1947 4569 2004 4616 et
2050 4560 2156 4615 alia
2210 4560 2503 4631 ejusmodi,
2554 4560 2810 4617 humana:
2858 4569 3073 4616 natura:
3124 4565 3412 4621 veritatem
3456 4568 3552 4624 dc-

1950 4661 2260 4708 monstrant
2289 4670 2302 4706 :
2341 4652 2781 4723 crueilixumque
2811 4669 2932 4708 esse
2968 4654 3073 4708 sub
3122 4655 3316 4709 Pontio
3349 4657 3545 4727 Pilato,

1946 4752 2003 4798 et
2037 4753 2321 4798 mortuum
2354 4759 2418 4798 ac
2459 4746 2737 4814 sepultum
2778 4760 2922 4808 esse,
2962 4753 3017 4798 et
3048 4747 3211 4801 tertio
3236 4747 3326 4803 die
3358 4765 3547 4805 resur-

1946 4839 2177 4903 rexisse,
2213 4849 2377 4909 atque
2411 4838 2465 4892 in
2494 4840 2665 4893 oculos
2688 4847 3033 4909 assumptum
3056 4854 3199 4905 esse,
3230 4856 3353 4895 cum
3384 4843 3546 4899 Patre

1945 4931 2111 4986 simul
2146 4931 2434 4986 adoratum
2475 4940 2531 4986 et
2568 4931 2934 5003 gloriﬁcatum
2970 4932 3040 4987 ab
3084 4933 3341 4988 universa
3378 4936 3543 4991 intel-

1939 5021 2089 5077 lectu
2130 5037 2408 5091 sensuque
2456 5022 2686 5091 praedita
2734 5031 2931 5076 natura
2970 5039 2984 5075 :
3023 5030 3081 5077 et
3127 5023 3306 5093 ipsum
3348 5042 3543 5083 rursus

1938 5123 2237 5169 venturum
2285 5113 2353 5168 ad
2380 5113 2711 5184 iudicandos
2743 5114 2901 5169 vivos
2948 5120 3005 5168 et
3057 5126 3338 5181 mortuos,
3386 5118 3540 5173 nullo

1937 5214 2101 5276 pacto
2133 5220 2199 5259 ex
2235 5205 2380 5261 servi
2413 5204 2589 5260 forma
2620 5205 2978 5262 imminutum
3009 5224 3039 5262 a
3074 5208 3261 5263 divina
3290 5216 3487 5265 natura
3519 5227 3535 5263 :

1935 5302 2035 5357 sed
2063 5319 2234 5357 unum
2266 5303 2441 5358 Deum
2470 5302 2819 5373 unigenitum
2851 5311 2910 5360 et
2939 5304 3235 5359 Dominum
3266 5304 3535 5371 universi,

1935 5409 2063 5449 cum
2106 5395 2332 5466 propria
2385 5410 2583 5462 carne,
2630 5410 2808 5466 quem
2849 5410 3047 5453 omnes
3097 5397 3433 5454 conﬁtentur
3476 5404 3535 5453 et

1932 5700 2141 5778 ἔτεκε-ν,
2158 5712 2228 5778 ut
2251 5718 2439 5778 supra,
2468 5722 2531 5778 p._
2550 5705 2677 5769 572,
2711 5706 2933 5778 legitur.

2004 5772 2116 5848 (1⁸])
2155 5774 2275 5848 ῘΕφ.
2308 5772 2452 5848 Loco
2468 5772 2592 5848 _cit._
2604 5772 2802 5848 prmm'.
2831 5782 2919 5848 τῇ.

2004 5774 2116 5916 (l7;
2158 5774 2275 5842 Ἐφ.
2308 5774 2802 5901 ΙιοορίείῑῊρτωπῖ.
2831 5782 2919 5848 τῇ.

2001 5842 2093 5913 (18
2152 5844 2244 5897 ἐπὶ
2269 5846 2548 5916 -ηίωμεεθ,
2624 5863 2703 5902 ωε
2735 5858 2868 5904 sunt
2904 5847 3117 5911 ultima,
3150 5863 3203 5918 p.
3238 5844 3366 5903 373.
