4078 6320
672 343 806 411 1159

1646 340 2128 407 THEODORETI
2167 339 2508 405 EPISCOPI
2544 345 2908 408 CYRENSIS

3788 341 3922 411 1160

669 470 888 527 semper
931 455 1177 515 adorant.
1222 450 1335 509 Bac
1376 453 1444 509 de
1483 468 1647 509 causa
1674 452 1926 523 Deipara,
1954 450 2041 506 vir
2071 450 2231 514 bone,

2342 449 2475 515 ίδίας
2506 454 2706 524 σαρκὸς
2737 452 3166 525 ὁμολογούμενόν
3208 452 3278 507 τέ’
3310 454 3404 507 καὶ
3429 454 3511 516 είς
3558 453 3651 507 ἀεὶ
3677 468 3922 525 προσω-

670 550 741 603 ab
767 548 843 603 iis.
868 549 959 617 qui
990 546 1266 600 Christum
1302 552 1561 618 tanquam
1591 545 1762 600 Deum
1786 544 2037 607 adorant;
2073 543 2235 611 Virgo

673 642 999 711 praedicatur
1040 656 1053 691 :
1101 653 1211 691 non
1263 638 1419 707 quasi
1474 637 1659 691 divina
1716 646 1911 692 natura
1960 634 2234 705 Unigeniti

672 733 922 786 essentia:
970 744 1081 783 suae
1124 729 1454 798 principium
1493 743 1565 785 ex
1604 742 1670 782 ea
1718 727 2044 797 sumpserit;
2094 726 2236 779 Deus

672 820 816 873 enim
850 828 905 872 et
944 832 1089 872 nunc
1112 827 1214 882 est,
1241 829 1295 873 et
1330 818 1454 881 erit,
1486 826 1542 872 et
1576 826 1695 873 erat
1727 818 1782 871 in
1814 816 2105 887 principio,
2135 831 2235 871 ne-

671 924 777 979 que
810 909 879 963 ab
908 910 1021 963 ullo
1058 924 1295 977 unquam
1334 918 1394 963 ut
1425 917 1570 963 esset
1595 909 1924 978 principium
1950 909 2182 977 sumpsit
2220 924 2233 961 :

672 998 767 1053 sed
804 1014 929 1052 cum
966 1000 1076 1068 jam
1118 998 1408 1052 exsisteret
1440 999 1585 1053 Deus
1601 998 1864 1063 Verbum,
1902 999 2234 1053 incarnatio-

671 1087 779 1150 nis,
813 1088 1345 1157 dispensationisque
1387 1105 1513 1158 erga
1556 1103 1657 1143 nos
1702 1104 1815 1143 sua;
1856 1089 2074 1144 initium
2108 1089 2237 1145 fecit

671 1177 902 1247 virginei
942 1187 997 1232 et
1035 1178 1365 1233 immaculati
1412 1178 1555 1233 uteri
1601 1180 2013 1235 habitationem.
2058 1180 2235 1250 Atque

672 1268 836 1339 hujus
860 1268 939 1322 rei
966 1269 1121 1322 testis
1139 1256 1232 1323 est.
1244 1270 1524 1339 apostolus
1543 1270 1765 1334 Paulus,
1792 1271 1944 1324 testis
1964 1278 2047 1325 est
2068 1270 2233 1324 etiam

671 1359 893 1415 divinus
928 1360 1258 1430 evangelista
1289 1360 1541 1415 Joannes.
1574 1360 1806 1417 Sanctus
1833 1362 2052 1431 quidem
2095 1361 2235 1415 Pan:-

670 1448 759 1503 lus
782 1449 860 1504 sic
883 1449 1192 1504 exclamans
1225 1466 1238 1502 ε
1278 1469 1295 1500 ι
1317 1450 1461 1504 Misit
1480 1451 1623 1505 Deus
1657 1452 1857 1506 Filium
1875 1467 2056 1517 suum,
2092 1471 2109 1501 ι
2138 1451 2233 1521 qui

669 1552 792 1595 erat
830 1540 1085 1594 videlicet
1120 1538 1318 1609 (neque
1361 1541 1507 1595 enim
1548 1543 1787 1596 mittitur
1808 1542 1951 1612 quod
1982 1556 2090 1596 non
2127 1550 2230 1607 est,

675 1629 888 1700 1M8
902 1631 994 1684 sed
1012 1629 1112 1699 ﬁt),
1127 1649 1157 1685 ἰ(
1176 1630 1377 1685 factum
1398 1647 1465 1687 ex
1482 1634 1731 1697 muliere,
1750 1633 1852 1703 legi
1870 1634 2195 1705 subjectum.
2208 1652 2227 1685 ι

668 1718 772 1785 Qui
819 1731 1001 1773 autem
1054 1720 1198 1774 illius
1243 1723 1469 1785 tonitru,
1502 1732 1725 1793 propter
1759 1724 2085 1795 grandisona
2119 1739 2231 1779 coss

668 1810 935 1880 lestiaque
974 1810 1247 1881 dogmata,
1284 1828 1316 1867 a
1358 1800 1593 1869 Domino
1630 1816 1937 1885 appellatus
1962 1822 2046 1871 est
2068 1813 2234 1870 Joan-

668 1917 788 1967 nes,
814 1917 937 1957 cum
965 1902 1192 1959 dixisset
1214 1905 1258 1970 ',
1292 1906 1463 1960 Deum
1490 1922 1610 1962 esse
1632 1906 1894 1973 Verbum,
1921 1916 1978 1964 et
2006 1907 2059 1963 in
2084 1909 2236 1978 prin-

668 1994 850 2063 cipio,
901 2002 955 2049 et
998 1995 1141 2064 apud
1185 1997 1354 2050 Deum
1393 1996 1591 2061 fuisse,
1642 2006 1697 2053 et
1750 2015 1963 2069 semper
1999 2015 2139 2065 esse,
2179 2009 2236 2055 et

669 2086 852 2139 omnia
893 2102 991 2155 per
1048 2088 1224 2154 ipsum
1284 2086 1424 2141 facta
1483 2103 1624 2155 esse,
1677 2098 1735 2144 et
1777 2090 2066 2145 Dominum
2112 2107 2233 2147 esse

668 2177 916 2230 omnium
950 2192 962 2230 :
994 2187 1051 2230 et
1078 2193 1201 2232 cum
1236 2178 1585 2245 ostendisset,
1613 2182 1730 2236 sine
1758 2182 2029 2253 principio
2063 2184 2235 2254 ipsius

669 2269 961 2322 essentiam
990 2283 1131 2332 esse,
1158 2275 1212 2323 et
1240 2271 1754 2327 consubstantialem
1785 2273 1951 2337 Patri,
1978 2284 2231 2345 tanquam

672 2357 948 2427 Unigeniti
994 2375 1007 2411 :
1055 2367 1169 2413 tum
1217 2360 1282 2415 ad
1338 2377 1569 2417 arcanos
1620 2363 1783 2417 etiam
1847 2365 2234 2420 incarnationis

670 2462 952 2509 sermones
976 2448 1335 2515 descendens,
1369 2453 1444 2505 ait
1482 2470 1495 2505 :
1542 2472 1560 2503 ‹
1593 2454 1662 2507 Et
1694 2454 1932 2508 Verbum
1966 2469 2095 2510 caro
2118 2455 2233 2533 fac;

670 2545 784 2591 tum
842 2547 946 2600 est,
973 2546 1027 2593 et
1062 2538 1326 2593 habitavit
1374 2541 1431 2594 in
1462 2541 1622 2595 nobis
1640 2540 1682 2595 ⁸.
1721 2561 1739 2593 ι
1778 2542 2060 2608 Quomodo
2101 2559 2234 2615 ergo

671 2642 781 2680 non
815 2627 1065 2695 Deipara,
1100 2642 1132 2682 ο
1169 2628 1479 2683 mortalium
1517 2629 1783 2695 omnium,
1833 2638 1893 2684 ut
1934 2639 2115 2701 putas,
2150 2649 2234 2688 sa-

672 2717 1030 2787 pientissime,
1056 2732 1176 2787 quae
1210 2720 1380 2773 Deum
1410 2721 1670 2785 Verbum,
1694 2731 1750 2777 et
1782 2722 1838 2777 in
1875 2733 2029 2779 utero
2058 2735 2233 2795 gesta-

672 2808 752 2860 vit
797 2807 1077 2863 hominem
1128 2808 1365 2874 factum,
1410 2820 1466 2865 et
1498 2812 1740 2880 peperit,
1795 2822 1852 2867 et
1896 2823 2071 2868 mater
2115 2816 2234 2884 ejus

666 2912 829 2966 quem
877 2899 1119 2967 peperit,
1173 2900 1485 2954 necessario
1536 2901 1813 2955 creditur?
1855 2902 1961 2957 Sed
2006 2912 2062 2959 et
2103 2918 2229 2975 pro-

663 2989 841 3058 phetae
870 3005 1060 3045 omnes
1096 2991 1210 3045 haec
1240 2992 1555 3061 praedicant.
1582 2993 1665 3046 An
1697 2994 1888 3047 Isaiam
1924 2995 2230 3050 vociferan-

2338 542 2599 612 νούμενον
2618 559 2632 574 ·
2656 543 2746 598 διὰ
2770 544 2929 599 τοῦτο
2959 544 3241 608 Θεοτόκος.
3264 539 3311 599 ὧ
3341 543 3610 614 βέλτιστε,
3634 547 3794 617 παρά
3815 547 3923 603 τῶν

2337 632 2427 685 τὸν
2476 632 2710 703 Χριστὸν
2770 634 2847 695 ὼς
2886 632 3018 686 Θεὸν
3066 631 3517 704 προσκυνούντων
3559 636 3593 705 ἠ
3638 634 3923 705 Παρθένος

2338 722 2698 794 κηρύττεται·
2730 724 2827 793 οὐχ
2857 723 2932 787 ὡς
2968 724 3072 794 τῆς
3109 724 3259 788 θείας
3299 725 3518 795 φύσεως
3551 727 3649 780 τοῦ
3680 730 3926 797 Μονογτ-

2337 812 2462 876 νοῦς
2487 816 2662 885 ἀρχὴν
2692 814 2786 868 τοῦ
2815 809 2952 868 εἶναι
2976 814 3244 885 λαϐούσης
3284 815 3345 880 ἐξ
3380 816 3555 886 αὐτῆς
3575 834 3588 846 ·
3636 818 3778 880 Θεὸς
3817 818 3923 887 γὰρ

2336 904 2455 957 εστι
2480 922 2539 959 τε
2567 907 2661 959 καὶ
2689 905 2952 960 {mutual
2970 902 3039 977 ἦν
3074 910 3133 961 ἑν
3171 908 3335 979 ἀρχῇ,
3383 908 3643 962 οὐδέποτε
3668 910 3807 981 παρ’
3833 913 3924 964 οὐ·

2335 996 2485 1059 δινὸς
2512 997 2685 1068 ἀρχὴν
2710 998 2806 1051 τοῦ
2834 993 2969 1051 εἶναι
3002 997 3213 1052 λαϐὼν
3244 998 3359 1052 ἀλλ’
3380 998 3456 1053 ὣν
3475 1000 3602 1071 ἤδη,
3630 1000 3737 1070 τῆς
3763 1002 3919 1055 ἔναν-

2336 1085 2670 1157 θρωπήσεως
2700 1089 2791 1142 καὶ
2819 1088 2916 1157 τῆς
2937 1090 3065 1160 περὶ
3081 1092 3233 1160 ἡμᾶς
3256 1090 3571 1158 οἰκονομίας
3600 1092 3630 1144 ό
3646 1090 3744 1144 τοῦ
3781 1082 3917 1145 Θεοῦ

2336 1174 2509 1242 Λόγος
2532 1175 2706 1247 ἀρχὴν
2731 1178 3024 1249 ἐποιήσατο
3044 1178 3143 1248 τῆς
3164 1178 3494 1249 παρθενικῆς
3520 1181 3615 1232 καὶ
3641 1179 3917 1250 ἀχράντου

2336 1265 2527 1336 νηδύος
2555 1268 2653 1337 τὴν
2690 1266 2924 1341 οἴκησιν.
2967 1270 3077 1323 Kal
3107 1269 3297 1323 τούτου
3329 1270 3543 1340 μάρτυς
3582 1269 3690 1341 μὲν
3729 1274 3759 1325 ό
3784 1269 3920 1324 ἀπό-

2338 1358 2521 1420 στολος
2551 1358 2789 1422 Παῦλος
2819 1361 3030 1430 μάρτυς
3054 1359 3111 1413 δὲ
3140 1361 3183 1419 όῖ
3197 1360 3483 1424 θεσπέσιος
3516 1360 3916 1431 εὐαγγελιστὴς

2348 1447 2617 1519 Ἰωάννης.
2666 1450 2723 1502 Ὀ
2767 1450 2865 1520 μὲν
2914 1450 3066 1519 ἅγιος
3099 1449 3310 1514 Παῦλος
3354 1451 3555 1505 οὑτωσὶ
3580 1452 3906 1523 κεκραγώς·

2342 1556 2363 1591 ι
2415 1538 2822 1604 Ἐξαπέστειλεν
2861 1543 2891 1594 ό
2924 1540 3057 1604 Θεὸς
3081 1541 3174 1595 τὸν
3205 1541 3331 1595 Υίὸν
3356 1542 3517 1595 αὑτοῦ
3540 1558 3557 1574 ο
3587 1562 3608 1595 ι
3652 1544 3747 1597 τὸν
3788 1543 3915 1595 δντα

2335 1628 2576 1699 δηλονότι
2600 1644 2613 1658 ·
2643 1630 2705 1683 οὐ
2746 1628 2853 1700 γὰρ
2879 1630 3268 1684 ἀποστέλλεται
3298 1633 3359 1684 τὸ
3385 1631 3461 1701 μὴ
3485 1629 3568 1696 ὃν,
3598 1630 3740 1685 ἀλλά
3768 1630 3914 1699 γίνε-

2335 1733 2425 1774 ται
2447 1739 2462 1752 ⁸
2498 1740 2518 1773 ι
2554 1722 2845 1793 γενόμενον
2888 1722 3001 1791 (19)
3042 1723 3106 1777 bc
3133 1712 3428 1790 γυναικὸς,
3473 1722 3771 1793 γενόμενον
3811 1722 3914 1776 ὑπὸ

2265 1773 2309 1829 ⁸
2335 1812 2515 1882 νόμον,
2548 1773 2578 1862 »⁸
2600 1773 3157 1881 ..{.t‘te;,;1'.a'at
3180 1773 3428 1884 tata;
3456 1773 3701 1876 υἷιξὲέᾶ
3719 1773 3784 1865 ‘s
3820 1773 3916 1883 ᾧ-

2334 1904 2643 1971 γαλόφωνον
2665 1902 2759 1956 καὶ
2790 1896 3037 1971 οὐράνιον
3057 1904 3165 1956 τῶν
3185 1903 3469 1973 δογμάτων
3501 1904 3658 1973 παρά
3691 1902 3789 1956 τοῦ
3817 1907 3914 1955 Δε-

2336 1995 2533 2047 σπότου
2575 1994 2792 2064 κληθεὶς
2835 1995 3106 2064 Ἰωάννης,
3136 1993 3399 2065 πρότερον
3429 1994 3622 2057 είπὼν,
3657 1995 3743 2046 ὅτι
3780 1993 3914 2057 Θεὸς

2331 2080 2401 2153 ἦν
2419 2087 2447 2137 ὁ
2472 2085 2664 2153 Λόγος,
2692 2086 2783 2139 καὶ
2808 2085 2867 2137 ἐν
2898 2087 3062 2157 ἀρχῇ,
3104 2084 3200 2138 καὶ
3230 2083 3366 2155 πρὸς
3390 2084 3484 2137 τὸν
3518 2084 3654 2138 Θεὸν
3685 2080 3755 2155 ἦν
3774 2124 3791 2148 ,
3818 2080 3914 2137 καὶ

2332 2177 2419 2229 ἀεὶ
2444 2172 2533 2247 ἦν,
2559 2176 2653 2230 καὶ
2679 2177 2761 2229 δτι
2784 2176 2961 2230 πάντα
2989 2176 3055 2229 δι’
3086 2174 3251 2229 αὐτοῦ
3284 2176 3522 2244 ἐγένετο,
3551 2179 3646 2230 καὶ
3676 2179 3759 2229 ὅτι
3786 2177 3914 2230 πάν-

2332 2283 2439 2320 των
2468 2268 2583 2319 ἐστὶ
2607 2266 2811 2337 Κύριος
2842 2266 3027 2329 αὐτὸς,
3060 2267 3154 2319 καὶ
3182 2265 3361 2330 δείξας
3386 2268 3626 2339 ἄναρχον
3658 2267 3831 2320 αὑτοῦ
3855 2271 3912 2319 τὸ

2334 2352 2473 2410 εἶναι
2507 2356 2602 2410 καὶ
2626 2357 2909 2427 όμοούσιον
2936 2356 3016 2427 τῷ
3038 2358 3235 2429 Πατρὶ,
3266 2358 3514 2429 καθάπερ
3544 2359 3907 2427 Μονογενοῦς’

2334 2448 2455 2501 τότε
2477 2449 2572 2501 καὶ
2611 2448 2748 2517 πρὸς
2786 2449 2909 2512 τοὺς
2937 2450 3285 2520 ἀπορρήτους
3319 2451 3419 2519 τῆς
3455 2450 3775 2520 οἰκονομίας
3812 2467 3909 2501 κα-

2334 2539 2603 2593 ταϐαίνων
2652 2539 2844 2607 λόγους
2866 2578 2881 2603 ,
2915 2540 3080 2609 φησιν
3100 2556 3112 2570 ·
3152 2558 3171 2590 ι
3203 2540 3314 2593 Καὶ
3342 2542 3370 2592 ὁ
3397 2538 3571 2603 Λόγος
3609 2540 3749 2611 σὰρξ
3785 2539 3906 2607 ἐγέ-

2334 2646 2474 2695 νετο,
2513 2630 2608 2683 καὶ
2629 2631 2944 2701 ἐσκήνωσεν
2974 2631 3033 2707 ὲν
3068 2631 3216 2699 ἡμῖν.
3261 2648 3280 2681 s
3330 2629 3458 2694 Πῶς
3494 2625 3588 2684 οὖν
3623 2631 3686 2683 οὗ
3720 2629 3906 2683 Θεοτό-

2332 2738 2446 2787 κος,
2475 2714 2521 2774 ὦ
2550 2722 2767 2775 πάντων
2798 2720 3121 2793 ἀνθρώπων,
3162 2722 3238 2785 ὡς
3265 2723 3386 2785 οἴει,
3418 2723 3727 2793 σοφώτατε,
3750 2725 3785 2791 ἡ
3819 2722 3904 2776 τὸν

2332 2810 2463 2864 Θεὸν
2510 2812 2682 2879 Λόγον
2726 2812 3118 2883 κυοφορήσασά
3161 2829 3220 2865 τε
3254 2813 3548 2883 γενόμενον
3597 2814 3902 2883 ἄνθρωπον,

2332 2902 2428 2955 καὶ
2481 2904 2789 2972 γεννήσασα
2816 2942 2831 2965 ,
2869 2905 2962 2955 καὶ⁵
2998 2904 3180 2974 μήτηρ
3226 2897 3364 2956 εἶναι
3409 2902 3503 2956 τοῦ
3552 2904 3904 2973 γεννηθέντος

2332 2991 2643 3059 ἀναγκαίως
2682 2989 3084 3063 πιστευομένης
3132 2994 3243 3047 Kal
3282 2995 3484 3057 πάντες
3532 2995 3585 3046 οί
3628 2996 3903 3064 προφῆται

664 3086 773 3132 tem
813 3096 921 3161 non
948 3081 1149 3135 audisti
1179 3097 1192 3135 :
1237 3100 1255 3132 ι
1290 3082 1431 3137 Ecce
1453 3082 1606 3154 virgo
1632 3084 1921 3153 concipiet,
1961 3094 2016 3141 et
2053 3087 2228 3155 pariet

2330 3081 2499 3135 ταῦτα
2529 3082 2908 3152 κηρύττουσιν.
2937 3083 3006 3136 Ἦ
3028 3084 3128 3136 οὐκ
3158 3084 3396 3155 ἤκουσας
3414 3084 3508 3138 τοῦ
3545 3087 3645 3155 μὲν
3684 3086 3903 3139 Ἡσαΐου

664 3170 861 3235 ﬁlium,
884 3158 941 3225 et
967 3173 1252 3227 vocabitur
1278 3188 1479 3229 nomen
1502 3175 1620 3243 ejus
1648 3174 1967 3231 Emmanuel
1984 3180 2024 3230 '.
2061 3195 2080 3229 ›
2110 3178 2228 3232 Non

657 3261 810 3331 juxta
858 3268 929 3325 te,
966 3271 1027 3315 et‘
1056 3262 1258 3317 deliras
1302 3272 1423 3318 tuas
1460 3280 1653 3333 nugas,
1697 3280 1958 3334 organum
2003 3266 2229 3321 Deitatis

666 3352 907 3422 (pariet),
942 3353 1038 3407 sed
1069 3354 1240 3410 Deum
1266 3356 1281 3375 ⁵
1313 3355 1619 3420 nobiscum,
1644 3356 1919 3411 hominem
1955 3357 2097 3412 sicut
2128 3372 2229 3413 nos

664 3442 886 3496 factum.
924 3444 991 3497 Et
1013 3444 1324 3508 Jeremiam,
1355 3447 1447 3515 qui
1475 3457 1530 3502 et
1562 3447 1676 3517 ipse
1713 3448 1949 3503 Verbum
1981 3448 2229 3503 incarna-

665 3540 781 3589 tum
804 3533 973 3587 Deum
997 3550 1114 3589 esse
1136 3535 1423 3604 proﬁtetur
1443 3538 1527 3592 his
1562 3539 1747 3593 verbis
1771 3556 1783 3591 :
1812 3558 1829 3589 ι
1860 3540 1959 3593 Hic
1982 3548 2064 3593 est
2085 3540 2229 3594 Deus

662 3632 871 3688 noster,
887 3634 943 3677 et
964 3641 1073 3679 non
1096 3626 1455 3680 aestimabitur
1474 3628 1613 3682 alius
1639 3629 1707 3682 ad
1728 3644 1852 3683 eum
1880 3646 1891 3681 :
1912 3630 2002 3683 hic
2022 3630 2229 3684 invenit

661 3730 881 3769 omnem
904 3716 1045 3768 viam
1069 3717 1369 3786 disciplinae
1390 3719 1452 3771 ¹⁶.
1483 3737 1501 3769 ι
1533 3719 1743 3789 1049
1773 3720 1842 3773 Ει
1869 3729 1991 3789 post
2013 3735 2184 3789 pauca
2212 3739 2223 3773 :

670 3823 691 3857 ι
723 3806 850 3859 Post
894 3806 1009 3860 haec
1053 3807 1108 3860 in
1142 3808 1304 3862 terris
1336 3809 1487 3863 visus
1517 3818 1619 3872 est,
1658 3818 1713 3864 et
1754 3825 1878 3863 cum
1911 3810 2227 3867 hominibus

662 3906 1015 3951 conversatus
1057 3903 1143 3951 cst
1183 3898 1245 3948 ".
1286 3916 1303 3947 ι
1346 3896 1417 3949 Et
1460 3898 1819 3951 Prtecursoris
1867 3908 2095 3952 matrem
2156 3898 2225 3953 ab

660 3984 938 4038 adoranda
986 3985 1191 4054 Spiritu
1249 3986 1565 4055 prophetice
1611 3986 1908 4051 incitatam,
1949 3996 2005 4042 et
2042 3988 2224 4042 excla-

659 4085 897 4129 mantetn
929 4092 942 4127 :
979 4094 995 4125 ι
1035 4075 1189 4131 Unde
1229 4076 1332 4130 hoc
1376 4077 1532 4141 mihi,
1577 4086 1638 4130 ut
1679 4078 1864 4131 veniat
1902 4088 2076 4131 mater
2114 4079 2221 4133 Do-

658 4166 793 4218 mini
834 4166 940 4220 mei
979 4165 1047 4219 ad
1089 4181 1175 4219 me
1207 4158 1281 4218 "7?
1321 4186 1338 4217 ›
1394 4167 1515 4221 llaec
1553 4182 1673 4235 qua:
1704 4183 1735 4221 a
1766 4169 1953 4222 multis
1992 4170 2224 4223 antehac

659 4252 803 4317 dicta
848 4262 996 4317 sunt,
1044 4260 1100 4308 et
1137 4269 1283 4307 nunc
1326 4254 1512 4308 itidem
1550 4254 1828 4319 dicuntur,
1874 4256 2224 4326 praetergredi

658 4356 882 4396 necesse
920 4351 1022 4401 est.
1074 4342 1228 4407 Quod
1267 4358 1395 4412 ergo
1443 4342 1669 4412 Deipara
1707 4346 1776 4408 sit
1813 4354 1998 4399 sancta
2035 4346 2219 4415 Virgo,

2333 3166 2563 3237 βοῶντος
2582 3182 2595 3197 ·
2640 3186 2659 3219 ι
2706 3168 2838 3222 Ἰδοὺ
2869 3170 2902 3239 ὴ
2930 3170 3199 3241 παρθένος
3218 3173 3275 3224 ὲν
3306 3174 3503 3241 γαστρὶ
3531 3172 3789 3242 λήψεται,
3814 3174 3907 3226 καὶ

2330 3256 2542 3321 τέξεται
2576 3256 2710 3321 υἱὸν,
2738 3260 2832 3312 καὶ
2866 3257 3153 3311 καλέσουσι
3184 3259 3244 3311 τὸ
3275 3259 3447 3328 ὄνομα
3478 3259 3645 3313 αὐτοῦ
3694 3260 3903 3330 Ἐμμα-

2330 3348 2527 3417 νουήλ;
2568 3367 2587 3401 ι
2622 3350 2705 3414 οὐ,
2739 3348 2881 3403 κατά
2909 3349 2987 3414 σὲ,
3026 3350 3121 3403 καὶ
3157 3350 3299 3402 κατά
3334 3349 3432 3412 τὰς
3475 3350 3573 3413 σὰς
3610 3348 3901 3419 ληρῳδξας,

2330 3436 2582 3508 θεότητος
2604 3438 2835 3509 ὄργανον
2858 3480 2871 3504 ,
2914 3438 3048 3492 ἀλλά
3074 3438 3205 3493 Θεὸν
3240 3438 3356 3509 μεθ’
3386 3439 3565 3509 ἡμῶν,
3598 3440 3723 3493 καθ’
3757 3441 3902 3509 ἡμᾶς

2328 3527 2619 3598 γενόμενον
2652 3528 2955 3599 ἄνθρωπον.
2996 3528 3100 3581 Τόῦ
3132 3526 3190 3582 δὲ
3249 3525 3511 3600 Ἱερεμίου
3534 3568 3550 3593 ,
3609 3530 3704 3582 καὶ
3738 3530 3903 3584 αὐτοῦ

2330 3616 2704 3685 θεολογοῦντος
2728 3618 2820 3671 τὸν
2841 3618 3337 3689 ἑνανθρωπήσαντα
3378 3620 3568 3686 Λόγον,
3597 3619 3656 3671 ἐν
3687 3614 3769 3681 οἷς
3795 3636 3907 3688 φη·

2330 3725 2413 3761 σιν
2434 3725 2446 3739 ’
2489 3728 2505 3760 ι
2540 3701 2708 3772 Οὗτος
2750 3708 2778 3762 ό
2806 3708 2938 3772 Θεὸς
2970 3708 3148 3779 ἡμῶν,
3179 3710 3241 3763 οὑ
3287 3709 3667 3780 λογισθήσεται
3715 3710 3904 3779 ἕτερος

2330 3799 2473 3869 πρὸς
2502 3799 2696 3853 αὐτόν⁸
2734 3799 2922 3870 ἐξεῦρε
2972 3801 3153 3852 πᾶσαν
3196 3800 3313 3853 ὁδὸν
3350 3801 3684 3869 ἐπιστήμης.
3726 3818 3745 3851 ι
3790 3799 3901 3853 Καὶ

2329 3890 2447 3961 μετ’
2474 3890 2629 3959 ὀλίγα
2653 3908 2667 3921 ”
2710 3910 2728 3942 ι
2760 3890 2915 3945 Μετά
2959 3888 3129 3945 ταῦτα
3175 3891 3268 3944 ἐπὶ
3310 3892 3411 3961 τῆς
3443 3894 3546 3963 γῆς
3592 3889 3773 3961 ὤφθη,
3806 3892 3901 3944 καὶ

2324 3985 2437 4045 τοῖς
2478 3981 2787 4054 ἀνθρώποις
2836 3984 3270 4053 συνανεστράφη.
3301 4002 3320 4036 ι
3355 3983 3466 4036 Kal
3496 3984 3597 4053 τῆς
3629 3981 3725 4035 τοῦ
3765 3999 3899 4053 προσ

2324 4079 2524 4148 δρόμου
2564 4079 2620 4132 δὲ
2656 4078 2859 4150 μητρὸς
2890 4077 2992 4131 ὑπὸ
3023 4076 3117 4131 τοῦ
3166 4074 3545 4148 προσκυνητοῦ
3582 4074 3896 4143 Πνεύματος

2326 4167 2681 4239 προφητικῶς
2716 4168 3044 4238 κινουμένης
3075 4184 3135 4221 τε
3157 4168 3249 4221 καὶ
3281 4166 3492 4236 βοώσης
3512 4181 3526 4195 ·
3561 4184 3581 4217 ι
3616 4166 3785 4220 Πόθεν
3808 4182 3895 4235 μοι

2324 4259 2501 4324 τοῦτο,
2526 4260 2614 4313 ἵνα
2637 4259 2766 4332 ἔλθῃ
2797 4261 2829 4329 ὴ
2867 4261 3048 4330 μήτηρ
3078 4258 3173 4312 τοῦ
3206 4259 3413 4329 Κυρίου
3439 4275 3540 4328 μου
3570 4259 3705 4327 πρός
3732 4275 3835 4328 με;
3870 4274 3893 4310 s

2325 4352 2509 4405 Ταῦτα
2538 4351 2749 4413 πολλοῖς
2782 4352 3043 4421 πρότερον
3080 4349 3367 4420 είρημένα,
3410 4350 3507 4403 καὶ
3543 4348 3641 4401 νῦν
3667 4348 3724 4401 δὲ
3749 4346 3895 4401 οὐδὲν

658 4433 805 4485 sanis
834 4432 1105 4487 mentibus
1133 4432 1408 4487 sulIiciunt
1435 4450 1553 4503 quze
1581 4436 1817 4491 diximus
1847 4453 1857 4489 :
1884 4438 1978 4492 sed
2009 4437 2222 4492 doctam

2330 4439 2486 4515 ἦττον
2530 4443 2796 4513 λεγόμενα
2822 4481 2836 4506 ,
2871 4440 3249 4512 παραδραμεῖν
3294 4441 3613 4508 ἀναγκαῖον.
3647 4441 3771 4493 Ὀτι
3801 4438 3894 4510 μὲν

656 4519 774 4588 ejus
802 4520 1324 4590 argumentationem
1359 4522 1547 4589 paucis
1574 4532 1821 4579 evertere
1854 4525 2111 4580 conabor.

728 4804 894 4859 Paulo
942 4804 1125 4874 itaque
1174 4806 1446 4875 superius,
1484 4806 1693 4873 Christi,
1736 4810 1934 4874 aiebat,
1975 4811 2217 4881 appella-

656 4895 735 4951 tio
770 4895 903 4949 duas
938 4903 1158 4949 naturas
1198 4894 1463 4965 designat,
1496 4895 1636 4950 Deus
1666 4913 1793 4951 vero
1826 4898 2127 4967 simplicem
2164 4907 2220 4952 et

657 4984 1091 5054 incompositam,
1140 4984 1305 5039 Homo
1351 4996 1533 5041 autem
1577 4986 1871 5041 humanam
1917 5003 2217 5057 repraesen-

658 5084 739 5131 tat
762 5085 1031 5131 naturam.
1053 5076 1190 5143 Quid
1216 5077 1333 5131 ais?
1362 5078 1504 5148 Ergo
1531 5094 1653 5133 cum
1679 5078 1943 5134 Dominus
1967 5080 2022 5133 in
2046 5080 2220 5134 Evan-

657 5166 811 5237 geliis
845 5165 1134 5225 diviniora,
1175 5174 1250 5230 et,
1274 5175 1351 5220 ut
1390 5167 1505 5235 ipse
1542 5168 1807 5237 loquitur,
1837 5170 2079 5224 coelestia
2118 5171 2219 5225 do-

656 5270 805 5319 cens,
841 5254 1135 5309 Nicodemo
1169 5254 1378 5310 diceret
1412 5258 1691 5326 (tanquam
1728 5260 1873 5313 enim
1914 5276 2037 5315 cum
2076 5261 2218 5314 divi-

624 5359 850 5403 narum
899 5344 1227 5401 Litterarum
1280 5348 1459 5417 perito
1505 5356 1687 5404 tecum
1732 5352 1950 5423 agam):
1993 5372 2009 5403 ι
2051 5353 2220 5408 Nemo

2325 4530 2417 4590 οὖν
2442 4534 2699 4599 Θεοτόκος
2730 4537 2762 4603 ἠ
2789 4533 2918 4601 ἁγία
2951 4532 3244 4603 Παρθένος,
3271 4530 3431 4619 ίξανὰ
3452 4533 3561 4593 τοῖς
3591 4529 3894 4600 εὐγνώμοσι

2324 4627 2394 4681 τὰ
2417 4626 2701 4699 εἰρημένα.
2747 4626 2859 4696 Τὴν
2910 4625 2965 4678 δὲ
2992 4626 3159 4693 σοφὴν
3208 4622 3374 4677 αὐτὸῦ
3427 4621 3774 4691 τεχνολογίαν
3812 4619 3892 4674 διὰ

2326 4717 2571 4787 βραχέων
2608 4717 2909 4788 ἀνατρέψαι
2940 4716 3293 4785 πειράσομαι.

2397 4809 2606 4878 Μικρὸν
2643 4807 2698 4861 δὲ
2736 4805 2962 4871 ἀνωθεν,
2989 4809 3023 4878 ή
3062 4806 3333 4876 Χριστὸς,
3369 4799 3524 4877 φησὶ,
3556 4802 3893 4876 προσηγορία

2325 4897 2433 4951 τῶν
2472 4898 2566 4950 δύο
2604 4896 2818 4966 φύσεών
2868 4900 2983 4951 ἔστι
3032 4896 3371 4967 σημαντικήο
3420 4896 3454 4965 ἡ
3494 4894 3551 4947 δὲ
3587 4896 3763 4959 Θεὸς,
3801 4893 3891 4962 τῆς

2327 4990 2501 5060 ἁπλῆς
2532 4990 2625 5044 xal
2662 4988 2950 5043 ἀσυνθέτου
2972 5003 2985 5017 ⁸
3016 4989 3050 5057 ὴ
3088 4987 3147 5040 δὲ
3187 4986 3515 5055 ἄνθρωπος,
3552 4984 3653 5054 τὴν
3688 4983 3890 5053 ἀνθρω-

2325 5081 2485 5134 πείαν
2516 5080 2811 5150 παρίστησι
2838 5078 3017 5146 φύσιν.
3054 5077 3120 5131 Τί
3149 5076 3360 5145 λέγεις;
3400 5075 3569 5129 Ὅταν
3596 5072 3690 5128 οὖν
3726 5076 3757 5128 ό
3786 5074 3893 5128 Κό-

2330 5188 2441 5241 ριος
2472 5173 2530 5226 ὲν
2564 5174 2677 5233 τοῖς
2707 5168 3062 5239 Εὐαγγελίοις
3090 5167 3159 5221 τὰ
3189 5166 3436 5237 θειότερα
3457 5205 3474 5231 ,
3507 5164 3606 5219 καὶ
3636 5166 3711 5228 ὡς
3738 5166 3891 5228 αὐτὸς

2326 5259 2478 5316 εἴπεν
2529 5262 2828 5332 ἐπουράνια
2887 5261 3190 5323 διδάσκων,
3242 5259 3378 5329 πρὸς
3434 5258 3529 5310 τὸν
3585 5256 3891 5326 Νικόδημον

2324 5355 2459 5427 λέγῃ
2501 5355 2594 5425 (ὼς
2627 5354 2735 5425 γὰρ
2757 5352 2917 5406 εἰδότι
2958 5368 3041 5406 σοι
3078 5351 3177 5415 τὰς
3207 5350 3355 5415 θείας
3389 5347 3706 5419 διαλέξομαι
3752 5348 3889 5418 Γρα-

725 5499 1151 5577 ξ-(ᾗᾳιδξ.Αιν,έ.-
1202 5502 1621 5577 ’Joan_._t,l-5.
1701 5505 1871 5560 'ibid.
1932 5507 2019 5561 Μ.
2096 5508 2245 5562 ’lsn.
2311 5509 2486 5577 ι,14;
2543 5508 2669 5564 coll.
2716 5504 3081 5574 Matth.,l,23.
3160 5507 3204 5538 ιθ
3232 5504 3464 5561 Barucb.
3532 5519 3613 5569 tn,
3648 5501 3741 5569 56,
3804 5501 3887 5558 57.

660 5570 697 5601 “
732 5568 862 5623 ibid.
903 5568 988 5623 58.
1069 5570 1261 5627 “Luc.
1295 5588 1332 5638 ι,
1363 5572 1451 5625 45.

726 5723 836 5792 (19)
870 5724 1051 5797 γενόμ.
1084 5733 1122 5778 ι.
1172 5725 1261 5781 Ill.
1294 5741 1412 5797 pag.
1443 5726 1566 5794 382,
1597 5728 1699 5797 leg.
1747 5728 2102 5797 γεννώμενον,
2138 5739 2341 5784 natum.
