4078 6320
187 384 321 450 1161

1250 382 1622 446 LIBELLUS
1658 380 1961 446 CONTRA
1997 386 2450 447 NESTORIUM

3339 380 3477 444 1162

182 492 323 559 qni;-
360 510 382 544 σ
413 490 601 553 υύδεὶς
644 488 980 560 λναϐὶϐηκεν
1012 492 1091 553 είς
1121 490 1211 543 τὸν
1242 492 1469 560 οὐρανὸν
1489 532 1507 558 ,
1556 494 1604 545 εἰ
1643 493 1717 562 μὴ
1745 491 1773 543 6

1879 495 2127 547 ascendit
2183 493 2238 547 in
2287 492 2509 557 coelum,
2548 492 2656 564 nisi
2709 491 2803 561 qui
2854 490 3142 546 descendit
3188 491 3257 545 de
3309 494 3473 556 caelo,

181 586 255 638 ὲκ
285 584 379 638 τοῦ
410 582 644 652 οὐρανοῦ
675 581 945 645 καταϐὰς,
968 585 996 636 6
1025 583 1153 646 Υἱὸς
1172 584 1267 638 τοῦ
1296 586 1609 655 ἀνθρώπου,
1642 588 1672 639 6
1698 584 1773 638 ὢν

185 673 251 727 ὲν
273 674 349 743 τῷ
380 671 615 741 οὐρανῷ.
654 690 673 723 ι
730 671 953 742 Ἐπειδὴ
986 672 1116 725 Τίον
1149 672 1439 743 ἀνθρώπου
1472 674 1661 743 σαφῶς
1700 668 1776 726 εἶ·-

178 779 306 828 πεν,
338 760 449 834 ἆρα
483 764 580 835 τὴν
601 761 953 833 ἀνθρωπείαν
995 764 1158 833 φύσιν
1184 764 1417 836 ἐροῦμεν
1455 767 1517 818 ἐκ
1545 766 1654 819 τῶν
1684 767 1775 819 οὐ-

180 855 363 925 ρανῶν
392 852 817 923 κατεληλυθέναι
842 853 983 907 κατά
1003 855 1104 926 τὴν
1132 855 1304 923 ἀσεϐῆ
1328 857 1424 909 καὶ
1448 857 1651 927 ἄσοφόν
1679 876 1772 912 σου

176 948 414 1015 σοφίαν;
451 947 577 1008 Τοῖς
605 945 715 1016 γὰρ
748 947 863 1009 σοῖς
901 946 1042 1000 κατὰ
1074 948 1168 1000 σοῦ
1198 950 1479 1020 χρήσομαι
1505 950 1776 1023 σοφίσμα-

177 1053 287 1090 σιν.
328 1036 545 1102 Ἄπαγε
576 1035 678 1103 τῆς
706 1033 1077 1104 βλασφημίας.
1118 1037 1194 1090 Οὐ
1227 1036 1334 1106 γὰρ
1373 1038 1407 1105 ή
1439 1037 1534 1090 τοῦ
1570 1039 1775 1091 Δεσπό-

172 1144 274 1179 του
328 1125 465 1195 σὰρξ
510 1127 576 1179 ἐκ
606 1124 715 1179 τῶν
759 1126 1007 1194 οὐρανῶν
1057 1126 1447 1199 κατελήλυθεν,
1497 1130 1530 1201 ἢ
1565 1129 1679 1201 (20)
1705 1130 1773 1183 τὰ

173 1219 364 1271 πάντα
386 1218 603 1286 πληροῖ.
642 1216 787 1269 Ἀλλ’
811 1216 1047 1270 ἐνταῦθα
1071 1220 1317 1290 περὶτῆς
1347 1219 1602 1291 θεότητός
1626 1222 1775 1276 ἐστιν

170 1313 201 1361 ό
240 1309 399 1377 λόγος
427 1310 506 1379 τῷ
533 1308 784 1381 Δεσπότῃ
811 1310 1037 1379 Χριστῷ
1061 1326 1075 1340 ⁸
1105 1313 1134 1363 6
1158 1312 1267 1381 γὰρ
1299 1312 1549 1375 καταϐὰς
1576 1315 1640 1367 ἐκ
1666 1314 1775 1367 τῶν

170 1400 446 1470 οὐρανῶν,
482 1400 578 1454 καὶ
615 1400 794 1453 πάντα
826 1399 1072 1469 πληρῶν,
1108 1402 1203 1455 καὶ
1247 1402 1322 1473 μὴ
1375 1403 1774 1473 ἀπολιμπάνων

170 1493 366 1544 ἐκεῖνα
404 1491 527 1545 ὅθεν
552 1491 785 1561 κατέϐη,
817 1493 845 1545 6
877 1490 1013 1554 Θεός
1039 1495 1155 1546 ἐστι
1180 1493 1372 1560 Λόγος,
1401 1492 1491 1546 διὰ
1519 1492 1615 1546 τοῦ
1640 1510 1774 1565 προ-

170 1584 350 1653 φήτου
384 1583 559 1651 βοῶν’
604 1602 625 1634 ‹
659 1584 797 1652 Οὐχὶ
843 1583 937 1637 τὸν
982 1584 1213 1654 οὐρανὸν
1257 1586 1353 1639 καὶ
1386 1586 1484 1656 τὴν
1519 1585 1624 1656 γῆν
1662 1583 1775 1654 ἐγὼ

171 1673 402 1743 πληρῶ;
436 1673 586 1741 λέγει
608 1673 835 1745 Κύριος.
872 1692 892 1727 ι
919 1674 1031 1728 Καὶ
1061 1674 1225 1728 πάλιν
1246 1692 1263 1707 ο
1319 1695 1338 1727 ι
1368 1676 1463 1739 Τίς
1495 1677 1772 1748 ὲμέτρησε

167 1766 242 1836 τῇ
278 1765 421 1835 χειρὶ
448 1765 510 1818 τὸ
537 1765 702 1835 ὕδωρ,
737 1767 833 1820 καὶ
862 1766 953 1819 τὸν
978 1767 1212 1838 οὐρανὸν
1239 1768 1514 1840 σπιθαμῇ,
1536 1771 1633 1822 καὶ
1664 1771 1773 1823 πᾶ·-

168 1835 278 1909 σαν
306 1857 407 1926 τὴν
431 1857 535 1926 γῆν
562 1855 722 1926 δρακί
747 1874 762 1923 ;
808 1877 827 1909 ι
848 1857 970 1910 καί’
1012 1877 1029 1909 ι
1051 1835 1059 1838 ⁷
1079 1858 1140 1913 '0
1162 1860 1394 1930 οὐρανός
1418 1835 1522 1931 pot
1558 1860 1773 1931 θρόνος,
1807 1835 1849 1891 Β

166 1950 203 2017 ἡ
240 1947 299 2000 δὲ
330 1948 404 2017 γῆ
429 1948 720 2003 ὑποπόδιον
741 1950 850 2002 τῶν
879 1950 1057 2003 ποδῶν
1091 1968 1214 2021 μου.
1258 1971 1278 2004 ›
1316 1940 1470 2005 Καθὸ
1520 1952 1635 2023 (2|)
1678 1953 1778 2023 μὲν

166 2038 332 2103 Θεὸς,
372 2040 430 2093 ὲν
459 2040 677 2112 οὐρανῷ
706 2058 766 2093 τε
800 2040 899 2105 ὢν,
930 2042 1025 2095 καὶ
1056 2042 1265 2097 κατιὼν
1304 2044 1443 2114 πρὸς
1475 2046 1645 2114 ἡμᾶς,
1684 2044 1779 2099 καὶ

168 2131 248 2183 τὰ
280 2130 457 2183 πάντα
479 2130 706 2200 πληρῶν
730 2146 743 2160 ’
776 2131 900 2185 καθ’
930 2132 1032 2186 ὅδὲ
1066 2133 1356 2205 ἄνθρωπος
1390 2136 1606 2204 γέγονε,
1639 2135 1779 2206 μετά

169 2223 278 2293 τὴν
306 2222 445 2293 πρὸς
492 2224 642 2292 ἡμᾶς
684 2224 1123 2291 συγκατάϐασιν,
1159 2226 1329 2281 ἀνιών
1370 2245 1429 2281 τε
1485 2230 1567 2292 είς
1612 2230 1780 2300 οὐρα-

172 2316 325 2378 νούς,
348 2317 443 2368 καὶ
469 2314 548 2386 τῷ
568 2316 753 2386 οἰκείῳ
772 2317 946 2387 Πατρὶ
978 2316 1455 2389 συνδοξαζόμενος.
1480 2320 1653 2373 Τοῦτο
1669 2320 1779 2392 γὰρ

171 2405 333 2476 δηλοί
366 2408 459 2459 καὶ
491 2406 553 2459 τδ
582 2408 874 2479 εἰρημένον
898 2408 979 2479 τῷ
1012 2411 1307 2482 ίεροψάλτῃ
1338 2412 1504 2466 Δαϐίδ
1526 2452 1540 2466 .
1580 2410 1778 2466 ιΕἶπεν

169 2498 431 2569 ὁΚύριος
481 2498 560 2570 τῷ
602 2502 796 2571 Κυρίῳ
829 2516 970 2572 μου·
1007 2502 1196 2557 Κάθου
1244 2506 1308 2557 ὲκ
1352 2504 1544 2572 δεξιῶν
1589 2523 1713 2576 μου.
1753 2525 1773 2559 ι

185 2588 324 2642 Ἰδοὺ
360 2590 459 2660 τῆς
513 2590 776 2661 περιττῆς
819 2609 912 2645 σου
950 2594 1059 2646 τῶν
1087 2594 1262 2663 λόγων
1297 2596 1491 2664 σοφίας
1544 2596 1780 2667 ἀκριϐὴς

169 2679 401 2749 ἐλεγχος
434 2683 467 2750 ὴ
520 2682 616 2735 τοῦ
653 2684 863 2753 Κυρίου
904 2668 1095 2753 ¹φωνή.
1150 2685 1283 2739 Υίὸν
1324 2686 1433 2755 γὰρ
1485 2687 1779 2759 ἀνθρώπου

170 2772 457 2842 προτάξας
491 2773 892 2829 καταϐαίνοντα
928 2778 993 2830 ὲκ
1010 2775 1120 2829 τῶν
1143 2778 1412 2848 οὐρανῶν,
1448 2780 1542 2833 καὶ
1564 2780 1692 2834 ὄντα
1720 2782 1780 2835 ὲν

170 2867 413 2930 ἐκείνοις
450 2867 572 2920 ὅθεν
625 2868 834 2941 κατέϐη
855 2886 870 2901 ·
900 2870 1059 2924 τοῦτο
1110 2872 1219 2943 γὰρ
1247 2872 1519 2942 ἐδήλωσεν
1566 2874 1736 2928 sit:th
1760 2892 1775 2907 ο

180 2977 201 3010 ι
236 2956 299 3011 Ὀ
323 2957 399 3009 ὢν
438 2960 496 3011 ὲν
522 2958 600 3029 τῷ
625 2959 842 3031 οὐρανῷ
860 2976 874 2989 ⁸
920 2980 939 3012 ι
978 2962 1080 3034 τὴν
1109 2962 1264 3017 θείαν
1290 2965 1385 3017 καὶ
1416 2966 1594 3020 πάντα
1622 2984 1777 3039 περι-

171 3045 413 3117 έχουσαν
444 3048 713 3118 ἐδήλωσεν
746 3051 961 3117 οὐσίαν,
987 3053 1125 3125 πρὸς
1156 3042 1303 3125 ἡμᾶς
1333 3055 1412 3127 τῷ
1446 3058 1544 3128 τῆς
1569 3060 1778 3113 οἰκονο-

178 3139 316 3208 μίας
349 3139 644 3193 κατιοῦσαν
689 3141 864 3212 λόγῳ,
901 3144 994 3196 καὶ
1043 3146 1143 3215 τὴν
1181 3148 1455 3217 ἡμετέραν
1504 3150 1561 3201 ἐν
1608 3150 1775 3222 ἑαυτῇ
1806 3165 1849 3222 c

180 3230 353 3298 φύσιν
382 3229 519 3299 πρὸς
567 3230 659 3284 τὸν
690 3233 963 3303 πατρικὸν
989 3234 1231 3301 ἄγουσαν
1266 3236 1478 3303 θρόνον,
1532 3240 1675 3293 κατὰ
1717 3240 1779 3292 τὸ

172 3321 471 3389 εἰρημένον
498 3321 576 3388 τῷ
613 3321 888 3393 θεσπεσίῳ
922 3323 1151 3395 Παύλῳ·
1189 3340 1210 3378 t
1246 3329 1357 3381 Καὶ
1408 3328 1572 3383 αὐτὸν
1623 3331 1779 3401 ἤγει-

178 3424 274 3478 ρεν
303 3410 399 3461 τὸν
442 3409 675 3480 Χριστὸν
714 3412 778 3464 ὲκ
809 3412 919 3465 τῶν
952 3413 1069 3483 (22)
1108 3417 1353 3487 νεκρῶν,
1390 3419 1487 3472 καὶ
1525 3420 1779 3474 ἐκάθισεν

173 3498 237 3549 ὲν
270 3496 418 3568 δεξιᾷ
449 3499 612 3552 αὐτοῦ
662 3498 774 3568 (9.5)
801 3539 816 3562 ,
862 3502 1122 3572 ὑπεράνω
1158 3506 1353 3575 πάσης
1404 3506 1627 3576 Ἀρχῆς,
1683 3510 1779 3561 καὶ

188 3586 495 3653 Ὲξουσίας,
530 3593 627 3644 καὶ
654 3592 968 3661 Δυνάμεως,
997 3595 1091 3648 καὶ
1122 3595 1482 3667 Κυριότητος,
1520 3600 1613 3651 καὶ
1638 3617 1778 3651 παν-

172 3680 268 3741 τὸς
320 3680 587 3750 ὀνόματος
634 3683 1040 3753 ὀνομαζομένου
1070 3727 1081 3745 ,
1115 3686 1176 3738 οὐ
1217 3687 1379 3755 μόνον
1411 3690 1471 3741 ὲν
1515 3689 1593 3758 τῷ
1620 3690 1777 3743 αἰῶνι

172 3772 376 3842 τούτῳ,
413 3773 548 3825 ἀλλὰ
602 3775 698 3828 καὶ
732 3777 789 3826 ὲν
834 3776 910 3845 τῷ
942 3777 1211 3846 μέλλοντι.
1254 3797 1273 3830 ι
1327 3778 1403 3834 Οὐ
1446 3780 1508 3851 δή
1544 3798 1647 3834 που
1678 3784 1779 3853 τῆς

174 3863 331 3925 θείας
386 3862 482 3917 τοῦ
523 3864 867 3931 Μονογενοῦς
917 3866 1103 3930 οὐσίας
1150 3868 1291 3937 μετὰ
1324 3869 1423 3940 τὴν
1466 3871 1531 3925 ὲκ
1567 3872 1779 3942 νεκρῶν

171 3958 475 4010 ἀνάστασιν
512 3958 611 4026 τῆς
646 3957 738 4009 τοῦ
760 3958 973 4028 Πατρός
1012 3958 1172 4028 δόξης
1212 3960 1581 4037 ἀξιουμένης·
1639 3962 1779 4018 ἀλλὰ

169 4048 319 4109 τότε,
353 4048 490 4117 μετᾶ
528 4049 629 4119 τὴν
662 4051 742 4111 είς
767 4049 1033 4118 οὐρανοὺς
1064 4050 1275 4114 ἄνοδον,
1306 4050 1402 4104 τοῦ
1432 4051 1567 4105 Θεοῦ
1599 4054 1776 4123 Λόγου

170 4143 242 4211 τῇ
276 4140 373 4193 τοῦ
404 4140 618 4211 Πατρὸς
640 4140 767 4211 δόξῃ
789 4140 1107 4209 τιμωμένου
1139 4157 1199 4193 τε
1240 4142 1335 4193 καὶ
1366 4146 1780 4215 προσκυνουμέο

170 4250 268 4285 νου
304 4231 443 4300 μετὰ
464 4232 561 4300 τῆς
594 4231 731 4294 ίδίας
764 4229 986 4305 σαρκός.
1042 4231 1154 4285 Καὶ
1192 4232 1423 4304 ἑτέρωθι
1463 4234 1521 4287 δὲ
1551 4236 1581 4289 6
1613 4235 1778 4303 αὐτὸς

168 4323 477 4386 ἀπόστολος
517 4321 728 4386 Παῦλος
766 4322 1022 4376 ἐκϐάλλει
1055 4340 1149 4377 σου
1180 4325 1387 4395 ταύτην
1408 4325 1506 4397 τὴν
1538 4346 1779 4397 κενοφω-

169 4412 318 4466 νίαν.
348 4410 656 4484 Κορινθίοις
684 4410 793 4481 γὰρ
828 4412 1162 4466 ἐπιστέλλων
1191 4416 1356 4484 φησίν
1376 4432 1389 4444 ·
1419 4436 1437 4468 ι
1479 4418 1538 4471 Ὁ
1562 4418 1778 4489 πρῶτος

1878 584 2052 639 Filius
2083 584 2347 649 hominis,
2391 585 2486 654 qui
2536 590 2623 637 est
2660 584 2715 636 in
2771 582 2913 637 caelo
2940 583 3005 647 ’³,
3046 599 3064 633 ι
3106 581 3235 652 quia
3275 580 3478 635 Filium

1877 674 2122 729 hominis
2168 684 2357 743 aperte
2419 674 2579 737 dixit,
2620 689 2689 726 an
2740 673 3043 725 humanam
3100 680 3355 723 naturam
3408 668 3481 724 de

1877 767 2034 821 caelis
2062 767 2418 822 descendisse
2447 765 2718 827 dicemus.
2743 765 2898 834 juxta
2925 763 3151 833 impiam
3177 771 3234 816 ct
3256 761 3482 816 stultam

1876 860 2208 929 sapientiam
2256 858 2442 913 tuam?
2488 857 2623 912 Tuis
2674 856 2822 912 enim
2869 863 3064 911 contra
3116 860 3171 907 te
3219 862 3347 907 utar
3386 867 3480 908 so-

1876 952 2187 1022 phismatis.
2249 950 2505 1005 Facessat
2535 948 2897 1019 blasphemia.
2937 947 3050 1003 Nec
3082 946 3230 1001 enim
3263 945 3333 1000 de
3363 960 3481 1001 cm-

1876 1044 1946 1098 lis
1966 1043 2255 1099 descendit
2273 1043 2490 1097 Domini
2513 1056 2664 1106 caro,
2682 1056 2787 1095 nec
2810 1040 3002 1109 implet
3022 1038 3208 1093 omnia
3228 1057 3241 1091 :
3267 1036 3485 1107 1050

1878 1136 1976 1191 sed
2021 1136 2090 1190 de
2131 1136 2423 1190 divinitate
2455 1133 2678 1211 Christo
2731 1131 2968 1186 Domino
3006 1129 3101 1186 hic
3145 1143 3331 1183 sermo
3374 1136 3480 1182 est.

1877 1227 1983 1294 Qui
2022 1228 2169 1282 enim
2201 1226 2269 1281 de
2306 1226 2465 1281 ccelis
2497 1225 2807 1281 descendit.
2835 1233 2891 1278 ct
2920 1222 3115 1293 implet
3138 1220 3347 1285 omnia,
3378 1234 3485 1275 nec

1877 1319 1971 1374 illa
2010 1319 2219 1375 deserit
2251 1319 2400 1373 unde
2439 1318 2748 1383 descendit,
2778 1318 2926 1372 Deus
2968 1325 3051 1371 est
3086 1316 3353 1379 Verbum,
3384 1330 3485 1385 per

1876 1410 2205 1482 prOphetam
2259 1409 2508 1464 clamans
2548 1425 2563 1460 :
2613 1426 2632 1458 ‹
2672 1408 2868 1462 Nonne
2918 1407 3122 1461 cmlum
3168 1413 3227 1460 et
3275 1414 3483 1461 terram

1878 1516 1982 1571 ego
2015 1499 2258 1569 impleo?
2290 1498 2428 1553 dicit
2458 1498 2727 1555 Dominus
2749 1496 2812 1550 “.
2850 1516 2867 1549 ι
2909 1497 2979 1551 Et
3009 1511 3205 1551 rursus
3234 1513 3247 1549 :
3289 1514 3307 1545 ι
3347 1494 3487 1561 Quis

1877 1606 2104 1646 mensus
2140 1599 2227 1645 est
2264 1605 2437 1660 aquas
2475 1605 2665 1653 manu,
2696 1597 2753 1644 et
2792 1589 2995 1644 caelum
3040 1587 3244 1657 palmo,
3277 1596 3335 1641 et
3367 1602 3486 1641 om-

1877 1697 2006 1736 nem
2040 1691 2243 1735 terram
2276 1681 2485 1751 pugillo
2517 1681 2596 1735 u?
2627 1700 2644 1732 ι
2680 1681 2749 1735 Et
2784 1697 2797 1733 :
2844 1700 2862 1730 ι
2898 1679 3113 1735 Οωιυιη
3145 1678 3306 1733 sedes
3337 1693 3483 1743 mea,

1879 1780 2024 1826 terra
2054 1779 2238 1825 autem
2274 1771 2578 1826 scabellum
2607 1771 2810 1840 pedum
2839 1784 3095 1823 meorum
3120 1768 3186 1821 ".
3219 1787 3237 1815 ι
3279 1766 3487 1834 Quate-

1878 1879 1986 1918 nus
2024 1864 2171 1918 Deus
2204 1873 2309 1926 est,
2341 1863 2397 1917 in
2432 1862 2574 1918 coelo
2608 1861 2903 1926 exsistens,
2927 1869 2985 1915 et
3007 1861 3075 1915 ad
3108 1875 3212 1914 nos
3250 1858 3484 1914 descen-

1879 1954 2039 2017 dens,
2079 1964 2137 2008 et
2181 1953 2368 2007 omnia
2416 1953 2653 2023 implens
2693 1969 2706 2005 :
2746 1943 3264 2022 quatenus'autem
3316 1949 3486 2005 homo

1878 2043 2058 2099 factus
2086 2051 2191 2107 est,
2212 2052 2341 2112 post
2372 2042 2458 2097 sui
2496 2043 2567 2097 ad
2603 2059 2705 2098 nos
2727 2032 3144 2108 demissionem,
3180 2049 3236 2096 et
3273 2041 3341 2096 ad
3368 2056 3485 2097 cce-

1879 2136 1965 2189 los
2004 2134 2279 2199 sublatus,
2319 2142 2376 2188 et
2418 2148 2544 2188 cum
2579 2134 2741 2189 Patre
2776 2134 3139 2204 glorilicatus.
3182 2131 3300 2187 Hoc
3332 2132 3485 2187 enim

1881 2224 1937 2278 id
1959 2239 2181 2294 quoque
2207 2223 2502 2295 signiﬁcat,
2529 2225 2677 2295 quod
2706 2239 2863 2279 sacer
2887 2223 3100 2278 Psaltes
3125 2223 3203 2277 ait
3233 2240 3246 2276 :
3282 2242 3305 2274 ι
3338 2223 3490 2279 Dixit

1880 2315 2149 2370 Dominus
2188 2314 2425 2369 Domino
2459 2330 2629 2369 meo:
2674 2314 2819 2370 Sede
2857 2329 2886 2368 a
2923 2313 3137 2369 dextris
3176 2313 3318 2368 meis
3351 2314 3415 2366 ".
3461 2332 3481 2365 ι

1880 2407 2024 2461 Ecce
2068 2405 2251 2461 inanis
2292 2408 2593 2461 verborum
2640 2416 2864 2462 tuorum
2911 2405 3197 2476 sapientia:
3236 2420 3343 2460 vox
3374 2405 3485 2461 Do-

1881 2497 2019 2551 mini
2068 2498 2250 2553 valida
2301 2507 2389 2552 est
2444 2498 2725 2553 refutatio.
2784 2498 2983 2552 Filium
3039 2498 3190 2552 enim
3244 2497 3489 2552 hominis

1880 2589 1899 2607 ‘
1927 2602 2055 2642 cum
2093 2588 2250 2659 prius
2291 2588 2543 2652 dixisset,
2577 2588 3009 2643 descendentem
3048 2588 3118 2643 de
3150 2588 3293 2644 coelo
3321 2595 3379 2644 et
3428 2576 3489 2642 in

1867 2678 1993 2733 illis
2034 2689 2351 2734 manentem
2386 2679 2533 2734 unde
2564 2678 2854 2735 descendit
2894 2680 3022 2745 (hoc
3062 2679 3269 2750 quippe
3297 2671 3487 2734 decla-

1882 2769 2025 2825 ravit
2056 2769 2249 2825 dicens
2276 2787 2287 2823 :
2317 2789 2335 2821 ι
2358 2770 2463 2836 Qui
2490 2779 2575 2825 est
2603 2771 2659 2824 in
2690 2771 2830 2826 coelo
2860 2770 3193 2841 :),divinam
3218 2778 3275 2825 et
3297 2771 3485 2826 omnia

1883 2862 2263 2918 continentem
2313 2863 2683 2917 substantiam
2726 2862 3056 2933 designavit,
3105 2878 3229 2932 qua:
3264 2862 3333 2917 ad
3372 2877 3489 2917 \nos

1882 2971 1983 3025 per
2040 2955 2478 3010 incarnationem
2529 2954 2819 3011 descendit
2878 2964 3239 3025 nostramque
3319 2955 3373 3008 in
3424 2969 3488 3010 se

1881 3056 2140 3099 naturam
2176 3046 2242 3099 ad
2280 3054 2574 3115 paternum
2615 3046 2878 3101 thronum
2907 3046 3127 3111 extulit,
3159 3047 3304 3101 sicut
3334 3062 3365 3101 a
3396 3046 3486 3101 di-

1883 3138 2015 3191 vino
2042 3138 2212 3191 Paulo
2243 3137 2452 3192 dictum
2489 3146 2575 3193 est
2604 3157 2618 3191 :
2669 3156 2689 3189 ι
2719 3138 2789 3193 Ει
2820 3137 2976 3192 illum
3009 3138 3301 3193 suscitavit
3326 3137 3489 3193 Chri-

1883 3235 2029 3281 stum
2068 3244 2097 3281 a
2143 3224 2353 3298 1051
2389 3230 2644 3292 mortuis,
2676 3240 2733 3283 et
2778 3230 3069 3283 constituit
3102 3229 3169 3284 ad
3203 3230 3487 3285 dexteram

1881 3333 2038 3372 suam
2074 3333 2241 3387 supra
2282 3334 2503 3372 omnem
2532 3319 2928 3389 principatum,
2961 3328 3017 3374 et
3044 3328 3398 3390 potestatem.
3429 3328 3490 3377 et

1880 3411 2164 3473 virtutem,
2202 3418 2258 3464 et
2293 3410 2754 3473 dominationem,
2784 3418 2841 3464 ct
2876 3426 3039 3465 omne
3076 3426 3300 3474 nomen,
3335 3411 3484 3481 quod

1881 3499 2225 3563 nominatur,
2276 3515 2388 3553 non
2437 3500 2614 3554 solum
2657 3500 2712 3553 in
2753 3499 2860 3554 hoc
2900 3499 3123 3564 saeculo,
3174 3499 3268 3554 sed
3316 3501 3486 3555 etiam

1881 3591 1939 3642 in
1977 3589 2169 3643 futuro
2199 3591 2261 3644 ¹⁸.
2297 3609 2315 3642 ι
2360 3590 2481 3645 Non
2531 3592 2724 3661 utique
2774 3591 2922 3661 quod
2969 3591 3159 3645 divina
3202 3590 3487 3661 Unigeniti

1881 3680 2213 3742 substantia,
2254 3691 2378 3750 post
2421 3684 2892 3737 resurrectionem
2940 3698 2971 3736 a
3014 3682 3271 3748 mortuis,
3307 3683 3486 3738 Patris

1881 3771 2110 3840 gloriam
2157 3771 2229 3825 sit
2271 3782 2567 3826 consecuta
2599 3791 2611 3825 :
2644 3773 2740 3827 sed
2772 3774 2923 3842 quod
2957 3784 3107 3838 tunc,
3138 3785 3265 3844 post
3295 3790 3487 3830 ascen-

1880 3879 2005 3923 sum
2034 3865 2089 3918 in
2126 3865 2318 3928 caelos,
2346 3865 2444 3919 Dei
2472 3864 2715 3919 Verbum
2754 3882 2880 3920 eum
2924 3866 3151 3936 propria
3182 3882 3349 3921 carne
3381 3866 3488 3920 Pa-

1880 3961 1983 4015 tris
2022 3960 2194 4031 gloria
2236 3961 2568 4014 honoratum
2611 3960 2799 4025 fuerit;
2834 3970 2891 4015 et
2921 3962 3235 4023 adoratum.
3278 3964 3347 4019 Et
3378 3964 3488 4017 alio

1879 4050 2005 4104 loco
2048 4050 2215 4103 etiam
2272 4048 2433 4104 idem"
2469 4049 2673 4104 Paulus
2716 4050 3005 4119 apostolus
3057 4049 3271 4104 [utilem
3324 4052 3487 4106 istam
3522 4086 3539 4097 ς

1880 4139 2188 4195 orationem
2223 4148 2370 4193 tuam
2412 4139 2633 4194 refellit.
2682 4138 2764 4192 Ad
2804 4138 3128 4193 Corinthios
3166 4140 3315 4193 enim
3344 4123 3489 4195 scri-

1880 4230 2058 4286 hens:
2097 4250 2115 4281 ‹
2148 4230 2389 4294 Primus,
2425 4229 2628 4299 inquit,
2674 4228 2841 4283 homo
2878 4228 2949 4285 de
2985 4238 3151 4293 terra,
3185 4238 3442 4283 terrenus
3471 4248 3486 4295 ;

1881 4320 2163 4378 secundis
2196 4308 2363 4376 homo
2394 4321 2662 4376 Dominus
2702 4320 2772 4376 de
2804 4321 2947 4375 coelo
2977 4321 3041 4374 η.
3080 4342 3097 4370 ι
3140 4320 3283 4375 Ecce
3315 4320 3489 4374 solius

1881 4414 2127 4468 hominis
2152 4427 2287 4469 voce
2318 4413 2625 4483 praemissa,
2653 4412 2913 4483 subjecit,
2945 4411 3205 4465 Dominus
3238 4411 3303 4465 de
3333 4410 3485 4475 εωίο,

166 4503 461 4572 ἄνθρωπος
489 4504 555 4554 ὲκ
581 4502 686 4573 γῆς
714 4502 916 4572 χοῖκὸς,
947 4504 977 4554 ὀ
1007 4502 1261 4573 δεύτερος
1290 4506 1580 4577 ἄνθρωπος
1607 4511 1637 4563 ό
1662 4510 1775 4563 Κύ-

1880 4504 2127 4559 divinam
2167 4518 2268 4572 per
2305 4502 2357 4555 id
2399 4501 2545 4571 quod
2585 4502 2648 4555 de
2684 4502 2825 4557 cazlis
2861 4500 3075 4554 dixerat
3116 4502 3491 4570 interpretans

171 4611 291 4664 ριος
324 4591 384 4657 ἐξ
413 4592 669 4663 οὐρανοῦ.
714 4611 732 4643 ι
781 4594 914 4647 ’1δού
944 4595 1113 4665 μόνον
1144 4600 1521 4670 προσηγορίαν
1554 4600 1771 4673 ἀνθρὼ-

168 4700 277 4737 που
304 4682 618 4754 προτάξας,
665 4678 991 4753 ἐπήγαγενέῦ
1020 4686 1086 4739 Ὀ
1132 4690 1348 4755 Κύριος
1387 4687 1458 4753 ἐξ
1484 4691 1769 4759 οὐρανοῦ,

163 4778 269 4846 τὴν
298 4774 452 4837 θείαν
470 4774 559 4828 διὰ
592 4774 685 4853 τοῖς
724 4775 783 4840 ἒξ
821 4769 1070 4847 οὐρανῶν
1112 4779 1289 4831 είπεῖν
1321 4780 1647 4850 ἑρμηνεύων
1678 4785 1771 4837 οὐ-

167 4866 316 4920 σίαν.
355 4866 466 4920 Καὶ
489 4865 693 4920 Θεδνόὲ
722 4867 984 4930 πολλάκις
1014 4868 1269 4937 λέγοντες
1292 4871 1343 4924 οί
1368 4871 1617 4945 θεοφόροι
1640 4893 1772 4947 προ-

166 4956 344 5026 φῆται
381 4957 478 5010 καὶ
520 4957 851 5022 ἀπόστολοι,
894 4958 996 5030 τὴν
1024 4959 1373 5031 ἀνθρωπείαν
1419 4963 1770 5021 ὑποτίθενται

167 5047 360 5117 φύσιν.
403 5046 466 5103 '0
484 5047 584 5119 μὲν
615 5050 891 5121 Ἱερεμίας
922 5049 1062 5120 βοῶν
1082 5067 1095 5082 ο
1128 5071 1146 5103 ι
1174 5046 1347 5117 Οὗτος
1374 5055 1404 5106 6
1433 5054 1569 5117 Θεὸς
1589 5058 1768 5127 ήμῶν,

166 5143 232 5195 οὐ
262 5137 651 5209 λογισθήσεται
676 5139 865 5210 ἕτερος
899 5142 1039 5210 πρὸς
1075 5143 1261 5196 αὐτόν.
1311 5162 1329 5193 ι
1369 5140 1528 5210 Εἶτα,
1560 5146 1650 5200 ἵνα
1692 5148 1769 5221 μὴ

165 5229 238 5284 τὰ
263 5229 390 5283 καθ’
420 5230 651 5283 εκαστον
676 5230 854 5299 λέγω*
899 5250 918 5283 ‹
955 5231 1110 5286 Μετὰ
1162 5232 1335 5285 ταῦτα
1389 5234 1484 5286 ἐπὶ
1528 5236 1627 5305 τῆς
1665 5236 1771 5305 γῆς

164 5320 353 5394 ὤφθη,
383 5321 479 5375 καὶ
508 5323 623 5385 τοῖς
646 5320 956 5393 ἀνθρώποις
986 5322 1423 5393 συνανεστράφη.
1456 5342 1475 5375 ι
1500 5326 1575 5378 Οὐ
1598 5325 1771 5398 δήπου

1880 4594 2281 4652 substantiam.
2313 4592 2423 4647 Sed
2476 4604 2535 4647 et
2579 4592 2757 4646 Deum
2810 4606 2953 4662 saepe
3000 4591 3353 4645 nominantes
3402 4590 3488 4647 di-

1880 4689 1997 4742 vini
2027 4685 2314 4757 prophette
2342 4694 2399 4740 et
2430 4685 2687 4754 apostoli,
2721 4684 3020 4739 humanam
3051 4684 3354 4756 subjiciunt
3382 4700 3485 4739 na-

1881 4788 2085 4833 turam.
2117 4775 2386 4831 Jeremias
2410 4775 2726 4830 exclamans
2756 4792 2768 4827 :
2810 4793 2828 4826 ι
2862 4774 2964 4829 Hic
2985 4782 3069 4829 est
3102 4774 3251 4829 Deus
3274 4779 3484 4842 noster,

1880 4880 1936 4923 et
1980 4884 2089 4923 non
2116 4867 2485 4935 mstimabitur
2530 4867 2673 4921 alius
2711 4865 2778 4920 ad
2810 4882 2937 4920 cum
2972 4866 3055 4931 ’°;
3095 4884 3117 4918 ι
3158 4881 3225 4921 ac
3261 4865 3483 4930 deinde,

1879 4977 1950 5017 ne
1984 4961 2201 5030 singula
2236 4960 2473 5015 referam
2510 4977 2525 5013 ι
2566 4979 2584 5010 ι
2620 4959 2750 5014 Post
2782 4959 2901 5014 haec
2927 4958 2982 5012 in
3009 4959 3175 5014 terris
3202 4959 3355 5029 visus
3377 4966 3484 5023 est,

1878 5061 1936 5107 et
1980 5067 2109 5107 cum
2151 5050 2474 5106 hominibus
2530 5060 2895 5105 conversatus
2928 5049 2995 5103 ἰ.
3046 5068 3066 5101 ι
3122 5048 3244 5104 Non
3291 5046 3488 5119 utique

1882 5145 2170 5201 hominum
2211 5144 2388 5199 oculis
2430 5142 2845 5214 percipiendam
2890 5141 3183 5213 Unigeniti‘
3219 5140 3488 5198 divinita-

1876 5244 1986 5291 tem
2034 5235 2344 5290 vaticinans
2376 5252 2389 5287 :
2430 5234 2643 5305 1052
2674 5234 2770 5290 sed
2797 5234 2854 5289 in
2903 5248 2971 5288 eo
3009 5233 3158 5304 quod
3214 5233 3313 5297 ait,
3344 5233 3489 5287 visu:

1877 5336 1976 5393 est,
2010 5328 2109 5383 Dei
2153 5327 2318 5382 Verbi
2358 5342 2580 5382 carnem
2635 5336 2825 5397 aperte
2874 5326 3281 5381 demonstrans.
3324 5324 3486 5395 Ejus.

239 5474 478 5549 {'joan.
512 5474 716 5549 md?»
746 5475 1056 5549 J‘LJerem.
1080 5476 1585 5549 nnbfi-Lh‘ﬂisa.
1618 5494 1708 5549 an,
1742 5479 1830 5534 12.
1912 5480 2089 5536 “'lsa.
2120 5497 2263 5545 uri,
2288 5480 2349 5534 i.‘
2406 5481 2448 5513 "’
2482 5479 2624 5534 Psal.
2651 5495 2758 5545 cxx,
2784 5478 2834 5534 ί.
2900 5479 2943 5512 ¹⁸
2968 5477 3176 5549 Ephes.
3201 5493 3241 5540 ι.
3265 5477 3358 5544 ΞΟ,
3390 5448 3483 5533 2i.

169 5546 213 5579 ⁸⁵
244 5542 419 5602 lCor.
448 5562 539 5612 xv,
563 5547 655 5602 47.
740 5545 786 5578 ⁸⁸
814 5544 1051 5612 Barueh,
1082 5563 1162 5614 tn,
1186 5547 1277 5603 36.
1357 5547 1399 5579 "
1438 5547 1577 5603 ibid.
1611 5548 1682 5605 38

238 5703 358 5850 βίη
389 5704 445 5773 ἦ.
474 5701 615 5759 Edit.
657 5701 911 5827 δίε-πλη,
935 5703 1033 5760 sed
1065 5704 1421 5764 scribendum
1452 5708 1558 5765 fuit
1582 5710 1636 5781 ἧ.

305 5776 327 5828 ί
386 5772 543 5828 καθὸ.
579 5773 687 5827 Aut
719 5776 821 5826 καθ
908 5814 921 5837 ,
956 5783 1016 5829 ut
1038 5784 1161 5845 post
1191 5792 1381 5846 pauca.

305 5772 358 5846 i)
386 5772 543 5828 καθὸ.
579 5773 687 5827 Aut
719 5775 840 5826 καθ’
872 5772 921 5837 6,
956 5783 1016 5829 ut
1038 5784 1161 5845 post
1191 5792 1381 5846 pauca.

496 5867 770 5929 l’nnoa.
818 5867 934 5929 Gn.
978 5867 1295 5941 LXXXIII.

2100 5710 2231 5764 τῶν.
2264 5712 2391 5768 Des.
2426 5721 2474 5796 ι..
2505 5713 2598 5779 ΠΙ,
2624 5731 2679 5786 p.

2100 5782 2224 5835 αὐτ.
2253 5782 2401 5837 Loco
2428 5795 2524 5840 ett.
2583 5795 2804 5852 sequitu

2100 5782 2224 5835 αὐτ.
2253 5782 2401 5837 Loco
2428 5784 2524 5858 cit.
2583 5781 2837 5855 sequitur
2862 5786 2921 5839 tv
2951 5787 3064 5848 τοῖς
3103 5784 3474 5857 ἐπουρανίοις.

2994 5877 3069 5939 37
