4080 6370
110 414 253 481 1165
1066 408 1466 475 ADVERSUS
1499 408 1776 471 VARIAS
1812 408 2435 484 PROPOSITIONES.
3259 428 3399 496 1166

104 532 395 604 ἀπαρχὴν,
426 528 519 586 καὶ
549 528 963 601 προσάπτοντας
986 528 1057 583 τά
1091 528 1240 601 πάθη
1268 531 1338 602 τῇ
1363 527 1603 600 θεότητι.
1642 524 1699 580 ’0

1813 528 2100 603 primitias,
2152 545 2210 593 et
2254 540 2352 611 qui
2404 540 2695 612 passiones
2739 540 3059 600 attribuunt
3094 542 3397 600 divinitati.

101 625 166 680 δὲ
192 626 479 693 Δεύτερος
519 623 656 694 πρὸς
686 624 814 687 τοὺς
847 621 1049 686 αὐτοὺς
1091 621 1516 693 γραφικώτερον
1560 636 1701 690 συμ-

105 717 472 788 πλεκόμενος.
509 717 620 771 Καὶ
658 717 687 770 ό
744 715 944 783 Τρίτος
977 713 1110 786 περὶ
1146 715 1246 784 τῆς
1287 712 1463 784 αὐτῆς
1503 710 1703 766 ὑποθέ-

106 827 270 874 σεως.
317 809 377 864 '0
402 808 461 863 δέ
497 807 784 877 Τέταρτος
810 806 1163 870 διδασκαλίας
1184 806 1293 860 τῶν
1317 804 1492 874 ἁγίων
1519 802 1702 857 Πατέο
1763 818 1767 822 ’

108 919 228 973 ρων
250 902 501 974 περιέχει
533 898 665 971 περὶ
696 898 802 969 τῆς
839 898 1056 965 ἐνδόξου
1103 896 1421 969 οἰκονομίας
1468 894 1565 950 τοῦ
1600 896 1704 948 Δε-

107 993 327 1048 σπότου
362 992 522 1063 ἡμῶν
549 989 924 1061 Χριστοῦ,τοῦ
950 989 1082 1044 Υἱοῦ
1112 988 1210 1043 τοῦ
1245 986 1402 1043 Θεοῦ.
1427 987 1486 1043 '0
1516 986 1703 1059 μὶντοι
1728 1022 1735 1023 κ

105 1085 389 1156 Πέμπτος
415 1083 713 1156 αίρετικῶν
741 1079 901 1149 δόξας
928 1080 1194 1154 ἀθροίζει,
1211 1079 1310 1135 καὶ
1334 1078 1706 1151 παρατίθησιν

104 1175 284 1241 αὕτάς
310 1178 377 1247 τῇ
422 1176 551 1248 δόξῃ
583 1175 698 1230 τῶν
729 1176 806 1248 μὴ
857 1172 1277 1247 ὁμολογούντων
1314 1173 1409 1226 ἐπὶ
1460 1169 1704 1243 Χριστοῦ

101 1268 208 1322 δύο
233 1254 466 1337 φύσειςό
497 1268 590 1322 καὶ
618 1267 862 1323 δείκνυσι
889 1266 1096 1337 πολλὴν
1122 1254 1269 1337 πρὸς
1283 1263 1552 1335 ἀλλήλους
1584 1263 1706 1317 δια·-

108 1357 391 1424 σώζοντας
421 1357 524 1430 τὴν
559 1357 899 1427 συγγένειαν.
940 1358 999 1412 '0
1020 1357 1080 1411 δέ
1107 1357 1323 1422 Ἕκτος
1349 1353 1707 1425 διαλαμϐάνει

102 1452 197 1504 ὅτι
228 1446 307 1515 εἷς
338 1448 466 1514 Υἱὸς
498 1452 528 1504 ό
557 1449 764 1522 Κύριος
793 1449 951 1523 ἡμῶν
990 1447 1200 1520 Ἰησοῦς
1218 1447 1465 1519 Χριστός
1497 1446 1598 1519 (4).
1648 1445 1706 1500 '0
1774 1449 1779 1458 '

105 1542 411 1612 Ἕϐδομος
434 1541 729 1611 ἐπιπολῆς
761 1542 951 1612 ἐπέχει
976 1542 1144 1595 τόπον
1166 1556 1182 1574 ο
1207 1541 1268 1595 ἐν
1286 1534 1371 1603 οἷς
1395 1539 1457 1593 τδ
1488 1537 1708 1610 πρῶτον

106 1632 539 1706 συμπληροῦται
590 1632 821 1704 βιϐλίον.
883 1632 943 1685 '0
987 1631 1043 1685 δέ
1084 1647 1150 1700 γε
1199 1630 1279 1703 (5)
1333 1630 1579 1700 Ὄγδοος
1611 1628 1706 1683 καὶ

104 1726 252 1797 πρὸς
287 1728 414 1789 τοὺς
443 1724 642 1796 πλήθει
674 1724 824 1795 μόνῳ
853 1724 1145 1794 κρίνοντας
1177 1723 1278 1793 τὴν
1320 1722 1604 1793 ἀλήθειαν.
1647 1722 1707 1775 Ὀ

109 1820 414 1883 Ἕννατος
448 1817 588 1888 πρὸς
634 1818 763 1880 τοὺς
811 1816 1110 1884 λέγοντας,
1150 1815 1225 1889 μὴ
1265 1816 1378 1870 δεῖν
1433 1814 1545 1869 ἀπὸ
1593 1813 1705 1867 τῶν

1804 621 2077 683 Secundus
2112 644 2240 684 cum
2269 631 2479 689 eisdem
2512 649 2582 689 ex
2634 632 2925 706 Scriptura
2974 634 3223 706 pressius
3267 650 3404 691 con-

1803 715 2074 785 greditur.
2134 717 2338 775 Tertius
2393 720 2464 776 de
2513 721 2707 778 eadem
2755 739 2816 778 re
2859 724 3128 796 disputat.
3164 722 3402 789 Quartus

1804 816 2123 864 sanctorum
2163 810 2389 867 Patrum
2424 813 2737 870 doctrinam
2785 816 3037 871 continet
3065 814 3136 871 de
3161 816 3403 887 gloriosa

1804 894 2187 957 incarnatione
2230 900 2451 957 Domini
2501 903 2678 959 nostri
2717 903 2846 960 Iesu
2874 904 3085 961 Christi
3120 905 3249 962 Filii
3279 905 3398 961 Dei.

1805 986 2035 1055 Quintus
2061 990 2453 1049 haereticorum
2479 990 2729 1069 cangerit
2752 997 3067 1069 opiniones,
3090 1013 3229 1070 quas
3248 1013 3403 1055 com—

1805 1075 1963 1146 ponit
2018 1092 2145 1133 cum
2198 1080 2463 1151 opinione
2523 1098 2717 1140 eorum
2764 1088 2861 1157 qui
2902 1088 3044 1144 duas
3091 1088 3149 1144 in
3177 1087 3404 1144 Christo

1804 1174 2038 1225 naturas
2092 1185 2204 1227 non
2240 1183 2567 1245 agnoscunt,
2604 1184 2661 1233 et
2710 1179 2958 1234 ostendit
3005 1193 3259 1252 magnam
3307 1194 3406 1235 eos

1808 1256 1956 1315 inter
1996 1276 2057 1317 se
2091 1262 2410 1320 afﬁnitatem
2441 1267 2668 1325 habere.
2710 1269 2923 1342 1055
2969 1268 3162 1326 Sextus
3196 1269 3408 1342 colligit

1807 1364 1982 1408 unum
2032 1368 2155 1410 esse
2219 1355 2421 1411 Filium
2480 1360 2779 1417 Dominum
2834 1367 2851 1385 ‘
2905 1371 3161 1420 nostrum
3212 1363 3405 1421 Iesum

1807 1440 2109 1501 Christum.
2140 1444 2408 1518 Septimus
2445 1450 2695 1521 epistolae
2735 1452 2921 1508 locum
2960 1460 3154 1509 tenet:
3199 1455 3408 1524 quibus

1808 1534 2069 1591 volumen
2111 1538 2354 1607 primum
2406 1540 2736 1598 absolvitur.
2792 1542 3018 1599 Octavus
3059 1552 3252 1600 contra
3308 1560 3409 1602 eos

1809 1628 1908 1698 qui
1976 1629 2333 1697 multitudine
2392 1633 2661 1689 duntaxat
2715 1634 3010 1691 veritatem
3073 1634 3405 1707 diiudicant.

1809 1719 1996 1776 Nonus
2032 1720 2087 1775 in
2119 1734 2216 1778 eos
2247 1722 2342 1795 qui
2375 1724 2533 1781 aiunt
2560 1740 2672 1781 non
2698 1735 2961 1797 oportere
3001 1742 3068 1782 ex
3101 1726 3414 1799 Scripturis

1813 1825 2061 1880 quaerere
2119 1820 2216 1868 aut
2257 1812 2435 1884 loqui,
2477 1816 2574 1871 sed
2604 1828 2761 1871 suam
2798 1816 2907 1873 sibi
2933 1814 3098 1873 ﬁdem
3125 1815 3403 1872 suﬁlcere.

104 1865 348 1982 ιῖοᾷξρξτζν
377 1865 642 1983 ξητέῖννῆ
685 1865 903 1976 lavish;
945 1865 1071 1963 an:
1093 1865 1411 1981 ’ἀρκεῖσθαι
1459 1909 1529 1978 τῇ
1564 1905 1697 1973 παρ’

1813 1865 2054 1957 Decimus
2091 1865 2907 1976 ’ᾠρίὲῖιᾷἇίέίὲῖιιέἷῇἶυᾞῖ
2933 1865 3239 1965 Ϊνῗᾶιξιῖω
3272 1922 3407 1963 caro

105 2006 330 2067 ἑαυτοῖς
363 2005 565 2056 πίστει,
616 2002 675 2054 '0
714 2000 974 2067 Δέκατος
1020 1999 1158 2071 πρὸς
1194 2000 1324 2062 τοὺς
1366 1996 1701 2068 ⁸προϐάλλων-

102 2112 213 2158 τας
253 2093 543 2164 κακοήθως
592 2092 688 2159 τὸ,
733 2111 750 2144 ι
802 2092 863 2146 '0
890 2092 1064 2159 Λόγος
1099 2091 1237 2163 σὰρξ
1291 2090 1528 2159 ἐγένετο.
1572 2108 1591 2141 ι
1641 2088 1700 2141 '0

122 2184 485 2250 Ἐνδέκατος
536 2182 674 2253 πρὸς
707 2184 836 2246 τοὺς
884 2179 1200 2243 κωλύοντας
1233 2178 1328 2234 δύο
1368 2178 1562 2249 φύσεις
1607 2177 1702 2231 ἐπὶ

104 2278 213 2347 τῆς
262 2275 733 2345 ἐνανθρωπήσεως
784 2270 1175 2342 ἐκλαμϐάνειν.
1238 2272 1297 2325 '0
1361 2269 1703 2334 Δωδέκιιτος

108 2367 257 2439 πρὸς
282 2369 408 2429 τοὺς
441 2366 700 2434 λέγοντας
721 2408 737 2431 ,
768 2365 851 2419 ὅτι
879 2369 909 2419 ὁ
937 2364 1114 2432 λέγων
1162 2363 1293 2417 ἄλλο
1326 2362 1425 2435 μὲν
1461 2360 1552 2414 τὸν
1600 2361 1703 2414 Λό-

108 2479 233 2530 γον,
258 2460 384 2514 ἄλλο
406 2460 461 2514 δέ
481 2459 580 2526 τὴν
610 2461 816 2531 σάρκα,
836 2458 930 2513 δύο
955 2460 1108 2523 υίοὺς
1138 2458 1306 2527 λέγει.
1350 2460 1408 2513 '0
1436 2462 1704 2527 Τρισκαι-

107 2550 367 2616 δέκατος
398 2550 534 2620 πρὸς
574 2550 700 2613 τοὺς
728 2549 991 2618 λέγοντας
1015 2590 1030 2614 ,
1067 2552 1151 2603 ὃτι
1189 2551 1249 2603 τὺ
1280 2550 1374 2603 καὶ
1416 2547 1704 2620 ἄνθρωπον

107 2643 410 2713 γινώσκειν
452 2641 544 2695 τὸν
572 2641 831 2711 Χριστὸν,
866 2640 1063 2695 ταυτόν
1103 2641 1220 2694 ἐστι
1246 2640 1325 2710 τῷ
1364 2644 1459 2694 καὶ
1491 2642 1571 2702 είς
1606 2638 1705 2692 ἄν·-

111 2734 336 2808 θρωπον
374 2734 521 2805 ἔχειν
548 2733 648 2796 τάς
682 2732 925 2796 ἐλπίδας.
944 2734 1002 2785 '0
1042 2729 1708 2801 Τεσσαρεσωιδέκατος

110 2828 256 2899 πρὸς
296 2827 425 2890 τοὺς
459 2825 740 2894 λέγοντας,
777 2822 1022 2879 Ἔπαθεν
1085 2822 1333 2887 ἀπαθῶς.
1388 2823 1447 2875 '0
1491 2826 1708 2876 Πεντε-

112 2917 475 2981 καιδέκατος
501 2915 638 2985 πρὸς
661 2916 789 2978 τοὺς
822 2914 1104 2981 λέγοντας,
1140 2912 1383 2967 Ἐπαθεν
1416 2910 1492 2973 ὡς
1508 2908 1708 2979 ἠθέλη-

116 3025 235 3063 σιν.
277 3008 337 3060 '0
376 3004 837 3069 Ἐκκαιδέκατος
868 3002 1005 3074 πρὸς
1025 3003 1154 3067 τοὺς
1185 3002 1471 3071 λέγοντας,
1493 3002 1576 3053 ὅτι
1600 2998 1710 3070 χρὴ

117 3096 377 3169 δέχεσθαι
405 3096 504 3160 τὰς
533 3095 753 3164 φωνὰς,
797 3094 894 3148 καὶ
933 3094 1008 3164 μὴ
1046 3096 1274 3148 σκοπεῖν
1315 3093 1386 3147 τά
1422 3095 1492 3148 δι’
1526 3093 1710 3147 αὐτῶν

118 3188 511 3261 σημαινόμενα
534 3227 549 3252 ,
583 3185 659 3251 ὡς
689 3186 900 3249 πάντας
944 3184 1369 3254 ὑπερϐαίνοντα.
1416 3185 1475 3238 '0
1512 3185 1714 3241 Ἐπτα-
1740 3214 1785 3273 C

117 3280 478 3345 καιδέκατος
506 3276 643 3348 πρὸς
680 3276 808 3338 τοὺς
842 3274 1127 3342 λέγοντας,
1159 3274 1404 3329 Ἐπαθεν
1428 3274 1601 3342 Λόγος
1634 3274 1723 3349 ((3)⁸

120 3370 310 3444 σαρκί.
354 3369 413 3423 '0
470 3352 1013 3431 Ὀκτωκαιδέκατος
1039 3404 1055 3431 ,
1088 3365 1228 3438 πρὸς
1260 3366 1390 3428 τοὺς
1414 3365 1677 3433 λέγοντας
1696 3406 1711 3429 ,

122 3462 295 3516 Ποίαν
325 3458 589 3513 δώσουσιν
609 3458 661 3511 οί
694 3458 939 3511 Ἰουδαῖοι
968 3457 1147 3528 δίκην,
1182 3458 1230 3510 εί
1257 3457 1332 3527 μὴ
1355 3455 1490 3509 Θεὸν
1515 3457 1715 3511 ἐσταύ-

124 3565 350 3622 ρωσαν;
385 3549 443 3603 '0
481 3547 1074 3613 Ἐννεακαιδέκατος,
1107 3547 1248 3619 πρὸς
1277 3549 1407 3611 τοὺς
1430 3544 1713 3617 λέγοντας,

134 3641 389 3704 Ἰουδαῖός
429 3642 578 3695 ἐστιν
620 3641 649 3693 ὁ
701 3640 777 3711 μὴ
816 3639 953 3693 Θεὸν
1000 3639 1386 3709 ἐσταυρῶσθαι
1419 3640 1616 3707 λέγων.
1657 3642 1716 3694 Ὀ

125 3730 428 3795 Εικοστὸς
461 3728 599 3801 πρὸς
643 3732 771 3793 τοὺς
804 3729 1098 3798 λέγοντας,
1139 3730 1221 3782 ὅτι
1253 3731 1350 3784 καὶ
1377 3730 1600 3799 ἄγγελοι
1624 3730 1717 3784 ἐπὶ¹

120 3823 220 3877 τοῦ
268 3820 527 3895 Ἀϐραὰμ
572 3821 848 3885 ἐσθίοντες
876 3863 889 3887 ,
931 3822 993 3874 οὐ
1047 3820 1267 3885 πάντως
1316 3823 1519 3895 σαρκὸς
1555 3823 1717 3892 φύσιν

122 3913 481 3984 ἐπεφέροντο.
530 3909 590 3965 '0
634 3909 933 3976 Είκοστὸς
958 3910 1226 3980 πρῶτος,
1260 3912 1396 3982 πρὸς
1426 3912 1553 3976 τοὺς
1600 3929 1720 3983 σμι-

125 4001 429 4075 κρύνοντας
462 4002 696 4055 ἕκαστον
730 4001 916 4072 θαῦμα
939 4001 1019 4072 τῷ
1048 4003 1334 4073 ἀρνεῖσθαι
1378 4004 1476 4076 τὴν
1511 4004 1711 4076 σάρκα.

134 4095 196 4149 '0
220 4094 517 4159 Είκοστὸς
547 4093 850 4160 δεύτερος,
886 4094 1024 4166 πρὸς
1046 4094 1173 4156 τοὺς
1203 4094 1541 4166 ζημιοῦντας
1560 4098 1591 4167 ἡ
1601 4096 1719 4167 μῶν

121 4186 187 4241 τδ
213 4184 396 4254 γένος,
435 4183 514 4254 τῷ
552 4182 629 4254 μὴ
656 4183 858 4252 λέγειν,
894 4186 959 4238 ἐκ
989 4186 1090 4256 τῆς
1118 4184 1533 4256 φύσεωςήμῶν
1564 4187 1716 4257 είλῆ-

123 4277 263 4348 φθαι
310 4275 410 4344 τὴν
450 4275 727 4345 ἀπαρχήν.
782 4274 839 4328 '0
869 4274 1168 4341 Εἰκοστός
1196 4276 1394 4344 τρίτος
1424 4276 1561 4347 πρὸς
1591 4278 1720 4340 τοὺς

120 4368 407 4437 λέγοντας,
444 4364 730 4420 Πιστεύειν
762 4366 950 4431 ἁπλῶς
994 4361 1075 4429 οἷς
1114 4367 1189 4437 (7)
1222 4367 1466 4436 λέγουσι,
1501 4369 1599 4422 καὶ
1642 4366 1719 4441 μὴ

124 4461 417 4516 κατανοεῖν
453 4460 513 4513 τὺ
553 4457 632 4529 (8)
675 4457 953 4529 πρέπονῆ
1005 4460 1280 4529 ἀπρεπές.
1322 4460 1383 4512 '0
1418 4462 1719 4529 Είκοστὸς

1809 1988 2014 2045 factum
2063 2000 2148 2047 est
2194 1992 2234 2046 ι.
2268 2010 2287 2045 ι
2354 1993 2671 2050 Undecimus
2724 1997 2990 2055 adversus
3041 1996 3409 2068 prohibentes

1809 2080 1949 2136 duas
1991 2096 2192 2153 capere
2236 2083 2293 2138 in
2348 2083 2730 2143 incarnatione
2767 2096 3016 2145 naturas.
3050 2088 3407 2144 Duodecimus

1811 2177 1869 2231 in
1936 2192 2036 2233 eos
2072 2176 2169 2247 qui
2225 2176 2421 2238 dicunt
2471 2192 2599 2232 eum
2653 2178 2749 2249 qui
2782 2176 3018 2233 aiﬁrmat
3073 2178 3227 2234 aliud
3282 2194 3408 2236 esse

1810 2268 2077 2333 Verbum,
2127 2268 2277 2323 aliud
2324 2284 2459 2324 vero
2514 2283 2760 2333 carnem,
2795 2269 2937 2324 duos
2965 2270 3111 2324 ﬁlios
3136 2268 3405 2339 proﬁteri.

1809 2360 2057 2416 Decimus
2093 2362 2278 2415 tertius
2312 2362 2364 2416 in
2416 2376 2514 2418 eos
2564 2362 2659 2432 qui
2690 2361 2883 2417 dicunt
2923 2361 3069 2417 idem
3099 2375 3221 2417 esse
3242 2360 3409 2417 Chri~

1811 2458 1957 2505 stum
1978 2450 2144 2506 etiam
2180 2451 2461 2507 hominem
2485 2468 2805 2523 agnoscere,
2829 2467 2896 2509 ac
2923 2453 2980 2508 in
2999 2452 3223 2510 homine
3242 2453 3409 2509 etiam

1812 2558 1967 2612 spem
1998 2543 2293 2599 collocare.
2334 2544 2582 2599 Decimus
2602 2551 2824 2615 quartus
2849 2544 2905 2599 in
2926 2560 3024 2601 eos
3046 2545 3143 2615 qui
3168 2543 3362 2601 dicunt
3392 2563 3406 2599 :

1812 2632 2015 2688 Passus
2073 2642 2160 2689 est
2211 2634 2330 2689 sine
2361 2635 2637 2704 passione.
2700 2634 2942 2691 Decimus
2974 2636 3188 2706 quintus
3214 2635 3410 2692 adver-

1814 2738 1911 2779 sus
1971 2738 2067 2779 eos
2108 2727 2204 2794 qui
2237 2725 2466 2779 dicunt:
2520 2726 2723 2782 Passus
2743 2735 2831 2783 est
2854 2727 2999 2783 sicut
3030 2728 3226 2783 voluit.
3260 2726 3412 2782 Deci-

1816 2832 1933 2868 mus
1985 2823 2164 2869 sextus
2204 2814 2259 2869 in
2290 2830 2387 2870 eos
2425 2816 2520 2886 qui
2548 2816 2744 2873 dicunt
2769 2824 3030 2887 oportere
3074 2832 3243 2875 voces
3267 2817 3416 2873 acci-

1816 2918 1970 2972 pere,
2024 2918 2134 2958 non
2184 2912 2371 2958 autem
2423 2920 2618 2960 earum
2670 2905 3000 2978 signiﬁcata,
3034 2915 3097 2963 ut
3143 2923 3267 2978 qua:
3292 2922 3416 2963 om-

1817 2993 1973 3047 nium
2052 3004 2273 3064 captum
2339 2995 2651 3060 excedant,
2721 2996 3098 3054 considerare.
3163 2997 3413 3054 Decimus

1817 3088 2069 3157 septimm
2112 3086 2377 3143 adversus
2431 3087 2681 3149 dicentes
2719 3106 2732 3142 :
2772 3090 3013 3146 Verbum
3056 3106 3159 3161 per
3187 3106 3414 3147 carnem

1821 3192 2042 3247 passum
2088 3187 2193 3235 est.
2229 3178 2478 3235 Decimus
2524 3188 2740 3236 octavus
2797 3190 2994 3238 contra
3048 3197 3144 3239 eos
3182 3184 3279 3254 qui
3329 3181 3417 3239 di-

1817 3275 1952 3323 cunt
1983 3285 1994 3319 :
2028 3266 2179 3335 Quas
2212 3285 2406 3340 pmnas
2437 3270 2650 3327 dabunt
2665 3271 2863 3335 Judaei,
2884 3272 2928 3328 si
2948 3273 3124 3329 Deum
3143 3289 3257 3330 non
3280 3289 3416 3330 cru-

1815 3361 2151 3417 cillxerunt?
2175 3361 2422 3417 Decimus
2457 3379 2627 3418 nonus
2658 3365 2715 3419 in
2744 3380 2841 3420 eos
2885 3365 2982 3436 qui
3032 3365 3269 3421 dicunt:
3312 3367 3417 3424 Ju-

1817 3453 1971 3508 daeus
2017 3453 2064 3508 is
2108 3462 2194 3509 est
2224 3454 2319 3524 qui
2344 3455 2518 3510 Deum
2556 3455 2783 3512 minime
2805 3456 3131 3512 cruciﬁxum
3156 3455 3413 3513 afﬁrmat.

1819 3543 2103 3599 Vicesimus
2148 3545 2205 3600 in
2274 3560 2375 3601 eos
2417 3548 2513 3617 qui
2558 3547 2754 3604 dicunt
2806 3548 3031 3620 angelos
3079 3548 3267 3615 etiam,
3319 3549 3415 3619 qui

1818 3638 1964 3709 apud
1984 3638 2364 3695 Abrahamum
2390 3640 2579 3695 cibum
2601 3650 2981 3712 sumpserunt,
3007 3656 3122 3697 non
3150 3642 3418 3698 continuo

1816 3730 2001 3782 carnis
2053 3739 2310 3785 naturam
2356 3732 2629 3787 attulisse.
2671 3731 2951 3788 Vicesimus
2983 3738 3185 3806 primus
3234 3733 3293 3788 in
3320 3750 3419 3791 eos

1819 3818 1913 3887 qui
1960 3818 2175 3889 singula
2213 3822 2479 3877 miracula
2529 3834 2856 3889 extenuant,
2901 3824 3034 3881 dum
3067 3840 3291 3882 carnem
3312 3840 3417 3882 ne-

1819 3918 1968 3979 gant.
2022 3907 2305 3963 Vicesimus
2344 3910 2605 3967 secundus
2639 3912 2908 3968 adversus
2936 3928 3033 3969 eos
3066 3914 3290 3987 1058
3319 3916 3416 3987 qui

1819 3998 2085 4053 damnum
2130 4000 2382 4071 irrogant
2434 4002 2623 4073 generi
2676 4014 2893 4069 nostro,
2931 4003 3063 4059 dum
3107 4006 3418 4063 concedere

1820 4092 2039 4159 nolunt,
2089 4108 2158 4146 ex
2212 4103 2402 4150 nostra
2452 4106 2650 4152 natura
2683 4105 2933 4168 sumptas
2969 4112 3094 4154 esse
3120 4098 3418 4168 primitias.

1823 4182 2105 4239 Vicesimus
2151 4187 2338 4241 tertius
2406 4188 2461 4242 in
2506 4204 2604 4244 eos
2648 4190 2746 4261 qui
2780 4189 2994 4255 dicunt,
3031 4191 3260 4247 credere
3282 4192 3419 4248 sim-

1820 4274 2041 4345 pliciter
2063 4277 2131 4331 iis
2149 4293 2272 4347 quae
2292 4279 2507 4345 dicunt,
2534 4290 2589 4335 et
2608 4296 2721 4336 non
2744 4282 3033 4337 attendere
3054 4282 3188 4353 quid
3212 4283 3421 4353 decens

1823 4366 1895 4421 sit
1953 4368 2036 4423 vel
2093 4368 2381 4426 indecens.
2443 4370 2730 4426 Vicesimus
2773 4380 2999 4442 quartus
3032 4371 3298 4428 adversus
3320 4389 3420 4429 eos

1822 4457 1917 4527 qui
1954 4464 2079 4527 post
2113 4459 2427 4529 passionem
2455 4470 2513 4516 et
2542 4462 2927 4517 ascensionem
2960 4470 3284 4518 naturarum
3310 4464 3417 4520 lol-

123 4554 410 4619 τέταρτος
438 4590 452 4614 ,
483 4551 623 4621 πρὸς
654 4551 781 4613 τοὺς
816 4550 1178 4621 ἀναιροῦντας
1220 4554 1320 4622 τὴν
1350 4553 1460 4607 τῶν
1496 4552 1714 4623 φύσεων

1822 4547 1946 4603 lunt
1988 4548 2379 4606 diﬁerentiam.
2416 4551 2699 4607 Vicesimus
2720 4553 2935 4623 quintus
2982 4554 3299 4609 summatim
3352 4570 3421 4611 ea

123 4644 393 4715 διαφορὰν
426 4641 567 4715 μετά
593 4644 652 4696 τὸ
677 4643 847 4707 πάθος
873 4643 968 4696 καὶ
995 4643 1093 4715 τὴν
1115 4644 1405 4715 ἀνάληψιν.
1456 4644 1515 4698 '0
1541 4648 1710 4699 Είκο-

122 4738 280 4805 στὸς
329 4736 600 4805 πέμπτος
627 4775 643 4800 ,
685 4732 1171 4803 ἀνακεφαλαίωσις
1206 4734 1318 4790 τῶν
1362 4736 1506 4791 κατά
1549 4736 1717 4809 μέρος

125 4827 433 4899 ῥηθέντων.
481 4826 539 4880 '0
588 4825 884 4891 Εἱκοστὸς
934 4824 1108 4893 ἕκτος
1132 4867 1147 4891 ,
1175 4828 1309 4898 περὶ
1350 4828 1452 4897 τῆς
1488 4827 1716 4899 ὕστερον

126 4918 467 4991 μηνυθείσης
496 4916 805 4979 συνθέσεως
833 4917 955 4986 ἦτοι
987 4918 1418 4983 συνουσιώσεως.
1462 4919 1524 4974 '0
1552 4921 1721 4975 Elaeo-

122 5011 277 5077 στύς
300 5010 550 5079 ἕϐδομος
575 5049 591 5073 ,
621 5010 752 5080 περὶ
785 5008 880 5063 τοῦ
918 5009 1061 5062 κατά
1091 5011 1181 5063 τδν
1209 5012 1389 5066 κοινὸν
1425 5011 1715 5083 ἄνθρωπον

124 5100 552 5171 ὑποδείγματος.
603 5100 776 5171 Δῆλον
820 5100 881 5153 δέ
910 5101 1005 5153 καὶ
1055 5100 1120 5153 ἐκ
1176 5101 1347 5171 μόνης
1383 5101 1564 5155 αὐτῶν
1615 5104 1715 5173 τῆς

124 5189 444 5254 ὑποθέσεως
464 5232 478 5256 ,
512 5192 657 5244 ποῖοι
686 5190 798 5242 τῶν
832 5189 1140 5260 είρημένων
1186 5190 1364 5259 λόγων
1401 5191 1462 5245 τὸ
1494 5191 1715 5263 όρθόδο-

125 5282 215 5347 509
253 5280 582 5355 κρατύνουσι
611 5282 889 5352 φρόνημα,
939 5283 1034 5335 καὶ
1059 5282 1206 5346 τίνες
1234 5282 1577 5365 ἐκκλίνουσιν
1613 5283 1712 5353 (9).

197 5448 219 5481 ¹
246 5445 405 5503 Joan.
436 5460 477 5511 ι,
511 5444 597 5500 l-l.

132 5699 136 5703 -
198 5674 279 5744 (5)
311 5674 371 5731 δι
396 5691 482 5744 γε.
507 5674 648 5729 Ibid.
674 5674 750 5728 δέ.

222 5744 279 5815 6)
306 5746 441 5815 A67.
468 5744 605 5800 Ibid.
633 5761 823 5815 praem.
846 5746 893 5799 ὀ.

219 5606 258 5664 ι
308 5605 563 5675 Χριστός.
585 5604 725 5659 Ibid.
762 5620 950 5674 ιιι-ειη.
988 5606 1037 5660 ό.

219 5672 258 5735 5
311 5676 369 5731 δι
396 5691 482 5744 γε.
507 5674 648 5729 Ibid.
674 5674 750 5728 δέ.

222 5605 279 5817 ϐξ
306 5744 605 5817 AﬁnIbid.
633 5761 823 5817 praem.
846 5746 893 5799 ὀ.

224 5808 278 5893 7)
305 5808 565 5883 οἷςξῐδίει.
600 5808 714 5879 οὓς,
751 5815 804 5870 in
837 5831 1009 5887 marg.
1042 5808 1142 5879 οἷς.

197 5604 221 5876 Ξ

1823 4642 2025 4712 repetit
2058 4658 2180 4713 qua:
2208 4658 2308 4712 per
2331 4652 2515 4713 partes
2547 4643 2695 4699 dicta
2725 4653 2874 4698 sunt.
2923 4644 3203 4700 Vicesimus
3238 4654 3419 4702 sextus

1823 4732 1893 4788 de
1942 4732 2387 4804 compositione,
2450 4749 2546 4790 seu
2599 4735 3168 4793 consubstantiatione
3225 4748 3416 4809 postea

1805 4816 2193 4881 manifestata.
2222 4824 2504 4879 Vicesimus
2546 4830 2800 4899 septimus
2830 4827 2900 4883 de
2932 4842 3001 4884 eo
3035 4830 3184 4900 quod
3212 4846 3414 4886 secun-

1825 4916 1959 4970 dum
2003 4931 2354 4973 communem
2401 4918 2682 4974 hominem
2738 4927 2824 4976 est
2868 4923 3141 4992 exemplo.
3190 4921 3415 4978 Clarum

1825 5024 1979 5075 vero,
2004 5010 2091 5065 vel
2116 5026 2184 5065 ex
2213 5011 2331 5065 solo
2354 5021 2702 5082 argumento,
2733 5013 2961 5082 quinam
2982 5029 3049 5068 ex
3081 5014 3419 5085 supradictis

1824 5102 1985 5158 libris
2028 5102 2393 5159 orthodoxam
2448 5105 2813 5160 corroborcnt
2840 5103 3171 5172 doctrinam,
3206 5105 3415 5176 quique

1826 5195 1895 5249 ab
1918 5210 1981 5250 ea
2009 5194 2318 5249 discedant.

1917 5608 1949 5663 8
2008 5607 2085 5663 τό.
2128 5606 2267 5663 Ibid.
2297 5602 2369 5663 τί.
2714 5644 2719 5655 ι
3059 5662 3064 5667 .

1896 5606 1975 5747 ξθζ
2010 5679 2154 5742 τίνες
2181 5677 2334 5731 ἐκκλ.
2369 5678 2408 5732 li
2450 5674 2662 5732 scilicet
2694 5676 2789 5746 qui
2815 5674 3095 5747 oppositas
3126 5686 3424 5734 recensent

1827 5751 2147 5814 sententias,
2181 5756 2237 5803 ut
2272 5747 2411 5803 liber
2443 5747 2691 5819 quintus.

4008 104 4035 327 ἶ

4004 328 4021 551 ἱ
