4080 6370
167 541 668 610 multiprincipium
714 544 957 614 alligavit
983 546 1081 617 (7).
1124 546 1223 601 Est
1265 558 1449 604 autem
1489 553 1669 607 media
1704 563 1761 611 et

162 644 299 683 vere
328 630 525 699 regalis
556 632 663 696 via,
715 642 773 687 et
795 634 864 689 ab
888 635 995 690 hoc
1036 645 1093 691 et
1114 639 1183 692 ab
1210 640 1305 693 illo
1333 642 1632 697 abstinere.
1670 644 1763 699 Ait

161 719 315 772 enim
347 737 359 771 :
398 740 415 771 ‹
436 722 558 777 Non
583 724 888 780 declinabis
919 727 985 781 ad
1018 727 1302 785 dexteram
1334 742 1429 785 aut
1454 733 1757 789 sinistram.

161 809 269 865 Via
299 814 462 883 regali
490 817 749 885 perge'.»
786 818 1005 888 Regalis
1033 832 1217 875 autem
1244 823 1333 876 via
1354 832 1461 887 est,
1494 834 1552 878 ut
1576 841 1759 895 neque

163 900 394 957 Sabellii
422 907 767 962 continuatio
798 910 950 965 velut
980 913 1233 966 confusio
1261 915 1620 985 suscipiatur,
1657 933 1759 972 ne-

162 1008 279 1062 que
295 995 408 1048 Arii
431 997 633 1050 divisio
655 1016 667 1050 :
688 998 784 1052 sed
810 1000 1111 1055 credantur
1134 1011 1247 1057 tres
1262 1004 1489 1072 quidem
1508 1006 1762 1060 substan-

162 1084 262 1139 tia
308 1086 422 1139 sive
461 1103 733 1157 persona,
783 1106 894 1147 non
932 1101 1116 1145 autem
1159 1108 1268 1149 una
1299 1093 1587 1155 Trinitatis
1625 1098 1759 1153 sub—-

160 1177 444 1242 sistentia,
490 1182 800 1238 secundum
831 1184 1129 1239 Sabellium
1153 1226 1167 1251 ,
1221 1196 1280 1242 et
1303 1192 1420 1242 una
1448 1190 1759 1248 substantia

158 1280 266 1324 seu
292 1278 489 1325 natura
518 1272 904 1340 conﬁteantur,
940 1287 998 1331 et
1025 1292 1135 1331 non
1168 1285 1280 1332 tres
1309 1287 1524 1335 natura
1557 1297 1759 1336 secun-

157 1356 298 1412 dum
344 1363 555 1416 Arium.
596 1361 735 1429 Quia
762 1380 893 1420 vero
943 1366 1155 1423 incerta
1203 1378 1334 1425 sunt
1372 1370 1760 1440 ignorantibus

158 1461 291 1515 qua
333 1447 620 1514 dicuntur,
673 1452 821 1520 quod
873 1463 959 1508 est
1000 1464 1200 1512 natura
1234 1466 1291 1512 et
1316 1459 1625 1514 substantia
1660 1476 1759 1516 seu

157 1550 401 1606 persona
449 1540 535 1593 vel
582 1542 978 1610 subsistentia;
1032 1548 1409 1602 necessarium
1436 1558 1522 1604 est
1574 1551 1641 1605 de
1672 1551 1760 1606 his

159 1627 413 1683 breviter
439 1632 756 1702 explanare.
798 1634 1079 1691 lnerudite
1102 1655 1339 1708 namque
1373 1642 1531 1695 multi
1566 1658 1623 1697 se
1656 1644 1756 1697 ha-

161 1717 365 1773 bentes
389 1720 721 1792 delinquunt
741 1724 889 1780 circa
911 1736 1155 1782 sanctam
1178 1729 1510 1785 Trinitatem
1538 1734 1758 1789 etcirca

160 1810 505 1868 incarnatam
542 1815 1007 1887 dispensationem
1039 1821 1206 1876 unius
1242 1822 1309 1877 de
1353 1823 1624 1880 Trinitate
1662 1826 1757 1882 Dei

161 1900 359 1967 Verbi,
395 1906 707 1962 nescientes
743 1909 876 1977 quid
905 1918 990 1964 est
1019 1920 1218 1966 natura
1255 1923 1313 1966 et
1338 1914 1668 1982 substantia,
1702 1927 1757 1971 et
1793 1922 1829 1975 Β
1859 1928 2012 1984 aliud

158 2084 243 2139 tia
286 2085 344 2140 in
372 2088 523 2142 nullo
548 2089 1040 2160 signiﬁcativorum
1067 2094 1335 2151 diﬂ‘erunt
1371 2096 1477 2150 nisi
1507 2098 1751 2156 nomine.

154 2175 368 2231 Natura
414 2182 561 2235 enim
605 2183 911 2238 substantia
949 2193 1058 2239 est.
1114 2186 1435 2242 Substantia
1469 2197 1526 2243 et
1555 2198 1753 2244 natura

155 2267 222 2324 in
274 2271 427 2328 nullo
480 2272 970 2343 signiﬁcativorum
1020 2276 1286 2333 differunt
1342 2281 1449 2338 nisi
1503 2282 1749 2337 nomine.

154 2360 481 2419 Substantia
517 2366 662 2421 enim
697 2378 782 2422 est
820 2384 1075 2438 persona.
1134 2368 1241 2424 Sed
1289 2378 1485 2426 natura
1526 2373 1744 2443 quidem
1829 2379 1832 2383 ’

150 2460 217 2506 et
264 2454 571 2533 substantia
626 2456 733 2513 hoc
778 2460 922 2530 quod
957 2469 1043 2515 est
1073 2476 1363 2517 commune
1417 2464 1749 2533 signiﬁcant.

151 2543 399 2599 Persona
421 2532 563 2601 vero,
582 2558 639 2601 et
664 2549 975 2605 substantia
996 2551 1070 2623 (8)
1101 2553 1249 2621 quod
1274 2532 1561 2625 pr0prium
1582 2559 1753 2628 signi-

151 2634 341 2691 ficant.
381 2637 544 2693 Velut
584 2655 693 2694 una
740 2650 799 2696 et
836 2645 1148 2698 communis
1177 2647 1425 2699 omnium
1461 2647 1748 2705 hominum

151 2735 354 2781 natura
398 2736 484 2782 est
538 2740 702 2798 atque
744 2732 1086 2799 substantia;
1126 2734 1489 2791 subsistentia
1516 2755 1653 2794 vero
1693 2750 1751 2796 et

149 2832 426 2887 persona,
484 2821 898 2894 uniuscujusvis
927 2826 1167 2884 hominis
1199 2833 1508 2900 proprium.
1546 2833 1614 2887 Et
1638 2850 1749 2890 non

148 2910 418 2979 quoniam
470 2912 908 2972 innumerabiles
960 2934 1214 2989 persona
1266 2933 1324 2978 et
1374 2926 1749 2982 subsistentia

150 3008 286 3054 sunt
321 3001 629 3069 hominum,
666 3017 960 3077 propterea
991 3010 1427 3069 innumerabiles
1455 3023 1511 3069 et
1537 3025 1749 3074 natura

150 3091 272 3146 sive
301 3093 643 3150 substantia.
699 3097 817 3153 Una
849 3114 1087 3170 namque
1134 3114 1189 3157 et
1220 3106 1413 3159 eadem
1438 3108 1746 3164 substantia

150 3190 321 3252 atque
368 3192 567 3238 natura
620 3187 767 3256 apud
816 3188 1106 3256 homines,
1170 3202 1226 3246 et
1272 3210 1384 3249 non
1429 3197 1603 3251 altera
1640 3208 1744 3253 est.

152 3272 225 3329 Et
250 3291 444 3330 rursus
475 3293 584 3332 non
610 3281 872 3348 quoniam
902 3298 1013 3338 una
1039 3293 1096 3339 et
1125 3285 1321 3341 eadem
1352 3299 1547 3345 natura
1576 3302 1745 3362 atque
1775 3264 1817 3321 Ο

150 3366 463 3423 substantia
492 3369 739 3424 omnium
772 3372 1059 3428 hominum
1080 3384 1185 3439 est,
1214 3389 1506 3449 propterea
1532 3398 1638 3436 una
1663 3395 1749 3438 est

149 3456 269 3510 sola
316 3472 553 3526 persona
607 3475 705 3515 seu
741 3461 1099 3519 subsistentia
1152 3464 1403 3522 ninnium
1434 3470 1743 3527 hominum.

150 3546 373 3603 Scimus
413 3551 564 3605 enim
617 3552 866 3609 diversas
899 3571 1166 3625 personas
1200 3560 1509 3629 hominum,
1545 3573 1602 3618 et
1635 3582 1746 3620 non

150 3651 340 3691 unam.
407 3638 605 3694 Petrus
632 3640 781 3697 enim
837 3652 893 3697 et
920 3645 1161 3702 Iacobus
1209 3658 1264 3702 ct
1296 3650 1539 3707 Joannes
1577 3670 1746 3710 unum

148 3727 378 3796 quidem
426 3739 623 3788 natura
653 3742 709 3787 et
742 3735 1083 3803 substantia,
1123 3742 1431 3797 secundum
1458 3746 1606 3814 quod
1643 3746 1746 3800 ho-

149 3819 333 3875 mines
386 3832 547 3889 sunt;
613 3840 725 3878 non
780 3836 965 3885 autem
1016 3845 1188 3885 unum
1252 3833 1613 3892 subsistentia
1658 3839 1748 3892 vel

149 3927 410 3981 persona.
454 3915 746 3986 Proprium
774 3920 922 3973 enim
950 3930 1081 3977 sunt
1109 3923 1332 3995 singuli.
1372 3927 1572 3981 Petrus
1596 3928 1747 3983 enim

149 4016 267 4059 non
292 4012 378 4059 est
400 4005 638 4061 Iacobus
662 4018 759 4063 aut
777 4010 1039 4066 Joannes.
1071 4013 1339 4071 Similiter
1361 4028 1547 4073 autem
1568 4030 1627 4075 et
1648 4021 1748 4075 ho~

148 4108 281 4148 rum
311 4095 510 4166 singuli
560 4112 671 4153 non
699 4109 830 4154 sunt
854 4102 1001 4172 quod
1027 4104 1185 4160 alius.
1241 4106 1470 4177 Propria
1490 4110 1638 4164 enim
1662 4119 1747 4171 est

148 4184 564 4256 uniuscujusvis
595 4204 828 4257 persona
880 4208 977 4253 seu
1027 4193 1411 4253 subsistentia.
1468 4200 1618 4257 Idem
1644 4218 1745 4256 au-

150 4282 268 4329 tem
311 4274 759 4334 immutabiiitate
802 4290 1017 4337 natura
1049 4284 1167 4339 sive
1192 4285 1534 4345 substantia.
1586 4291 1744 4361 Quod

144 4363 304 4418 enim
338 4374 422 4419 est
446 4366 643 4421 Petrus
670 4377 889 4436 natura,
924 4372 1028 4426 hoc
1057 4382 1113 4429 et
1137 4375 1378 4431 Iacobus
1406 4388 1463 4432 et
1483 4380 1743 4443 Ioannes.

147 4451 312 4518 Quod
338 4464 519 4509 autem
551 4467 636 4511 est
665 4459 860 4514 Petrus
886 4462 1266 4528 subsistentia,
1302 4472 1482 4538 neqUe
1508 4470 1744 4527 Iacobus

147 4558 337 4613 neque
370 4546 611 4605 Ioannes
637 4561 741 4606 est.
784 4555 938 4609 Alter
966 4557 1115 4611 enim
1150 4567 1235 4613 est
1265 4560 1480 4624 Petrus,
1519 4572 1571 4617 et
1602 4564 1741 4621 alter
1775 4593 1818 4647 Β

142 4631 431 4698 Iacobus,
489 4639 736 4711 alterque
786 4645 1047 4701 Ioannes.
1119 4648 1416 4703 Probatum
1447 4660 1533 4707 est
1573 4654 1743 4724 igitUr

143 4726 412 4795 quoniam
437 4746 545 4785 non
570 4732 714 4788 idem
738 4745 823 4790 est
846 4746 1043 4792 natura
1068 4749 1124 4794 et
1148 4741 1529 4808 subsistentia,
1561 4761 1738 4815 neque

143 4817 299 4871 idem
326 4820 634 4879 substantia
664 4835 827 4895 atque
856 4843 1111 4897 persona.
1151 4831 1300 4890 idem
1328 4844 1512 4890 autem
1542 4846 1737 4895 natura

142 4915 211 4961 et
230 4908 534 4967 substantia
556 4916 704 4984 quod
721 4932 1015 4974 commune
1035 4928 1091 4975 et
1111 4938 1221 4977 non
1253 4926 1537 4995 proprium
1566 4927 1738 4998 signi-

144 5000 300 5064 ficat,
328 5011 383 5056 et
406 5004 550 5059 idem
575 5022 806 5076 persona
828 5020 883 5065 et
898 5010 1257 5068 subsistentia
1283 5016 1430 5085 quod
1455 5021 1741 5088 prOprium

142 5100 210 5146 et
234 5107 345 5147 non
367 5109 657 5153 commune
684 5100 946 5157 declarat.
989 5104 1220 5159 Educati
1244 5106 1520 5189 siquidem
1550 5119 1606 5165 et
1631 5114 1741 5167 sic-

143 5182 232 5237 uti
260 5182 454 5240 dicunt
480 5190 794 5260 exemplum
820 5195 1125 5250 secundum
1153 5184 1432 5255 hominem
1459 5213 1742 5261 sumentes

1523 444 1614 501 DE
1653 444 2071 513 TRINITATE
2090 486 2103 501 -

3354 472 3453 537 170

1790 577 1833 631 Α
1863 564 2227 624 ascendamus
2252 568 2321 622 ad
2349 571 2829 632 ratiocinationem
2848 580 3092 637 divinam
3116 594 3318 659 sancta
3333 585 3457 642 Tri-

1862 652 2052 708 nitatis
2076 659 2333 715 universa
2367 663 2748 722 transilientis.
2780 669 2929 725 Nihil
2954 674 3102 728 enim
3124 686 3451 734 naturarum

1861 745 2172 812 aquabitur
2198 747 2479 818 Creatori,
2542 757 2673 812 licet
2703 759 2927 831 aliquod
2958 779 3151 819 eorum
3179 782 3303 837 qua
3324 778 3454 823 sunt

1861 830 2005 889 faeta
2051 849 2301 894 sumatur
2332 846 2643 915 exemplum
2705 830 2930 921 propter
2983 856 3310 913 brevitatem
3346 875 3451 915 no-

1861 932 2030 980 stram
2065 927 2121 982 in
2166 940 2309 987 terra
2332 935 2636 1004 jacentium
2678 948 2735 995 et
2764 944 3138 1000 crudientium
3173 949 3326 1003 velut
3354 966 3455 1020 per

1860 1014 2125 1081 quasdam
2152 1018 2438 1091 imagines.
2478 1025 2569 1080 Ait
2596 1027 2745 1091 enim
2769 1028 3131 1103 Cantiloquus
3166 1052 3178 1087 :
3220 1054 3241 1086 σ
3271 1014 3463 1094 Etiam

1861 1101 1919 1157 in
1949 1102 2186 1177 imagine
2213 1111 2457 1170 ambulet
2479 1114 2647 1171 homo
2664 1118 2737 1184 ’,ι
2769 1136 2880 1176 non
2906 1132 2967 1179 ut
2987 1101 3253 1182 consistat
3275 1118 3450 1202 usque

1861 1194 1919 1249 in
1959 1196 2084 1262 hoc,
2141 1201 2238 1255 sed
2282 1204 2562 1274 iaculatur
2591 1208 2667 1279 (9)
2702 1221 2886 1271 mente
2929 1230 2957 1269 a
2990 1194 3452 1278 sensibilibus-ad

1861 1284 2254 1358 intelligibilia.
2312 1293 2528 1352 Sancta
2555 1299 2724 1369 igitur
2755 1301 3044 1361 Trinitatis
3091 1324 3199 1365 una
3225 1311 3451 1379 quidem

1860 1387 1947 1435 est
1998 1390 2195 1438 natura
2249 1395 2415 1457 atque
2461 1390 2790 1450 substantia.
2854 1396 3160 1456 Commune
3188 1413 3274 1459 est
3299 1408 3451 1463 enim

1863 1469 2030 1525 trium
2077 1474 2408 1544 substantia,
2470 1497 2582 1537 non
2629 1493 2813 1541 autem
2866 1506 2973 1544 una
3007 1493 3312 1552 substantia
3352 1515 3452 1556 seu

1861 1576 2221 1631 personarum
2270 1570 2461 1626 Patris.
2501 1582 2558 1628 et
2603 1576 2730 1632 Filii
2767 1588 2824 1635 et
2856 1580 3096 1651 Spiritus
3123 1590 3298 1646 sancti
3335 1600 3451 1648 tres

1861 1652 2253 1714 subsistentia.
2288 1659 2518 1732 Oportet
2541 1664 2709 1736 igitur
2738 1669 3146 1731 desiderantem
3173 1681 3451 1749 spiritales

1861 1742 2084 1801 divitias
2139 1757 2196 1804 et
2239 1751 2514 1808 volentem
2562 1756 3005 1820 Christianorum
3038 1742 3293 1839 dogmata
3325 1775 3449 1829 vin—

1860 1834 2080 1903 dicare,
2131 1856 2317 1895 rerum
2353 1860 2462 1900 non
2500 1846 2751 1918 ignorare
2782 1855 3005 1924 proprie
3030 1873 3174 1925 esse,
3211 1878 3280 1917 ne
3304 1863 3451 1927 forte

1856 2017 2006 2071 enim
2039 2029 2291 2077 naturam
2327 2035 2383 2080 et
2408 2042 2701 2095 personam
2728 2032 2879 2089 idem
2904 2052 3025 2093 esse
3051 2039 3327 2114 intelligit,
3356 2058 3452 2109 aut

1856 2110 1912 2165 in
1937 2112 2053 2166 Arii
2079 2113 2406 2172 divisionem
2432 2120 2645 2188 incidit,
2662 2137 2757 2180 aut
2779 2127 2833 2181 in
2855 2108 3236 2190 confusionem
3264 2137 3453 2199 Sabel~

1853 2202 1935 2257 lii.
1968 2204 2132 2261 Arius
2157 2208 2329 2273 enim,
2360 2218 2471 2265 tres
2492 2215 2884 2274 subsistentias
2907 2221 3121 2291 dicens,
3146 2236 3260 2284 tres
3278 2231 3458 2293 etiam

1854 2293 1991 2349 dicit
2044 2306 2291 2355 naturas.
2373 2302 2664 2362 Sabellius'
2699 2316 2915 2377 autem,
2974 2331 3139 2373 unam
3192 2332 3460 2383 naturam.

1855 2383 2067 2452 dicens,
2125 2405 2291 2445 unam
2341 2392 2490 2451 dicet
2541 2406 2598 2452 et
2638 2400 3077 2468 subsistentiam.
3136 2412 3284 2467 Idem
3314 2431 3472 2489 ergo.

1854 2475 1977 2530 dua
2003 2477 2241 2535 harcses
2266 2492 2395 2537 sunt
2420 2491 2669 2558 perpessi
2696 2492 2838 2565 (10),
2888 2501 3149 2566 quoniam
3190 2475 3447 2563 naturain

1853 2573 1910 2619 et
1934 2568 2349 2628 subsistentiam
2375 2575 2521 2631 idem
2544 2595 2667 2635 esse
2691 2593 3047 2658 putaverunt,
3076 2592 3207 2649 licet
3229 2608 3448 2654 eontra-

1853 2655 1949 2710 ria
2003 2659 2289 2715 alterutris
2335 2655 2841 2736 dogmatibusvesse
2878 2678 3188 2738 videantur.
3248 2686 3453 2751 Saan

1852 2762 1983 2802 vero
2006 2750 2269 2847 E‘cclesia,
2308 2758 2516 2827 optime
2541 2761 2797 2834 dogmata
2832 2784 2862 2821 a
2891 2770 3167 2843 principio
3192 2792 3443 2847 servans,

2618 2827 2642 2834 _
2891 2827 2907 2839 .
3074 2827 3157 2843 ,η
3195 2827 3271 2832 η-
3298 2827 3443 2847 -—----.

1851 2827 2160 2896 certissime
2203 2846 2358 2900 novit
2405 2865 2602 2907 causas
2643 2855 2963 2915 discernere
2988 2905 3001 2929 ,
3062 2881 3229 2921 unam
3256 2870 3449 2929 dicens

1852 2940 2055 2987 sancta
2100 2934 2390 2995 Trinitatis
2444 2958 2566 2999 esse
2607 2956 2899 3018 naturam,
2967 2970 3081 3011 non
3118 2975 3282 3014 unam
3311 2963 3447 3018 sub~

1852 3022 2161 3081 sistentiam
2196 3028 2360 3086 sicuti
2390 3032 2702 3106 Sabellius;
2740 3043 2835 3097 sed
2863 3053 2978 3101 tres
3001 3049 3227 3117 quidem
3256 3053 3456 3113 dicens.

1850 3115 2259 3187 subsistentias,
2314 3140 2427 3179 non
2480 3136 2594 3184 tres
2636 3142 2882 3203 naturas,
2939 3115 3085 3196 sicut
3130 3144 3315 3201 Arius.
3378 3148 3448 3203 Et

1852 3222 2017 3263 unam
2042 3220 2296 3269 naturam
2323 3219 2497 3284 novit,
2524 3223 2671 3290 quod
2699 3241 2992 3285 commune
3012 3243 3116 3298 est,
3142 3236 3457 3295 subsistcna

1852 3299 1985 3353 tiam
2004 3317 2138 3357 vero
2170 3320 2280 3360 non
2310 3324 2496 3374 unam,
2521 3306 2667 3382 quod
2697 3322 3004 3390 pr0prium.
3032 3324 3277 3384 Dicendo
3297 3332 3449 3388 enim

1850 3407 2016 3446 unam
2047 3403 2322 3465 naturam,
2368 3400 2873 3465 indivisibilitatem
2907 3416 3173 3483 pradicat
3202 3419 3447 3479 Trinitav

1852 3482 1921 3536 tis
1956 3500 1968 3536 :
2002 3485 2237 3541 dicendo
2264 3499 2447 3546 autem
2482 3502 2594 3551 tres
2626 3498 3039 3572 subsistentias,
3070 3507 3445 3568 inconfusibi-

1850 3572 2063 3627 litatem
2115 3576 2406 3638 Trinitatis
2437 3588 2705 3656 agnoscit.
2770 3592 2927 3649 Multi
2968 3605 3153 3657 autem
3185 3600 3447 3666 Ecclesia

1849 3660 2111 3731 ﬁliorum,
2126 3679 2352 3740 propter
2370 3678 2846 3737 revcrentiamseu
2864 3683 3217 3745 formidinem
3231 3691 3445 3749 discere

1848 3750 2214 3825 declinantes,
2243 3777 2311 3815 ex
2339 3764 2645 3833 ignorantia
2673 3785 2905 3845 peccant
2934 3780 3081 3835 circa
3113 3782 3443 3841 Trinitatem

1847 3851 1904 3897 et
1950 3845 2095 3902 circa
2150 3850 2497 3912 inearnatam
2527 3861 3018 3930 dispensationem.
3076 3874 3443 3935 Christianis-

1849 3934 2022 3992 simus
2064 3939 2211 4011 (ll)
2261 3954 2444 4001 autem
2492 3965 2621 4011 vere
2664 3964 2749 4010 est
2787 3958 3017 4015 scientia
3060 3963 3445 4025 inenarrabilis

1847 4036 2051 4084 sancta
2082 4031 2370 4098 Trinitatis
2428 4057 2439 4091 :
2491 4056 2589 4109 per
2619 4043 2762 4099 hanc
2786 4059 3029 4105 sanctam
3058 4055 3343 4113 scientiam
3374 4061 3446 4115 ab

1848 4114 2157 4186 ignorantia
2214 4125 2484 4184 liberatur
2521 4132 2654 4204 (12).
2716 4136 2889 4194 Homo
2945 4146 3120 4212 gratia
3170 4150 3315 4203 lilius

1848 4221 2097 4278 vocatur,
2138 4215 2438 4290 detergens
2468 4228 2715 4283 maculas
2743 4244 3099 4298 peccatorum
3152 4256 3251 4310 per
3274 4258 3452 4314 opera,

1848 4299 2012 4367 bona,
2036 4319 2103 4359 ex
2129 4308 2333 4377 quibus
2359 4317 2636 4386 praecipue
2660 4334 2889 4393 purgata
2915 4344 3071 4384 mens
3095 4333 3155 4385 lit
3176 4299 3443 4408 suscepti-

1847 4390 1979 4447 bilis
2009 4406 2225 4453 sancta-
2247 4401 2537 4463 Trinitatis
2566 4417 2621 4463 et
2650 4390 2901 4474 unitatis.
2939 4418 3264 4478 Trinitatem
3289 4390 3442 4482 nam~

1847 4494 1955 4548 que
2002 4499 2369 4551 personarum.
2410 4495 2831 4558 subsistentium
2906 4506 3223 4577 hnjusmodi
3260 4530 3435 4583 mens,

1849 4568 1902 4623 id
1934 4584 2020 4627 est
2075 4585 2131 4631 et
2159 4578 2213 4631 in
2234 4580 2397 4638 Patre
2450 4596 2507 4641 et
2528 4588 2668 4645 Filio
2716 4603 2773 4648 et
2796 4568 3003 4669 Spiritu
3027 4596 3219 4658 sancto
3245 4622 3440 4663 susse-

1849 4661 1931 4733 pit
1968 4682 1980 4716 :
2024 4685 2041 4715 ι
2070 4666 2373 4728 Veniemus
2395 4677 2566 4745 enim,
2604 4680 2785 4757 inquit
2811 4686 3074 4753 Trinitas.
3109 4702 3164 4748 et
3196 4698 3437 4754 mansio~

1848 4771 1975 4810 nem
2004 4758 2273 4819 faciemus
2316 4770 2461 4838 apud
2499 4787 2625 4828 eum
2648 4777 2711 4835 ‘°.
2743 4798 2761 4829 ι
2824 4780 2924 4835 Ubi
2952 4784 3099 4839 enim
3133 4789 3323 4856 Filius,
3358 4793 3435 4848 ibi

1845 4857 1903 4901 et
1946 4849 2108 4906 Pater
2155 4862 2211 4911 et
2256 4856 2498 4931 Spiritus
2540 4879 2783 4922 sanctus.
2850 4870 2933 4927 Sit
2968 4884 3152 4933 autem
3183 4849 3438 4947 nobisin

1843 4944 2097 5013 exemplo
2133 4945 2300 5001 homo
2356 4951 2424 5005 ad
2469 4952 2761 5026 imaginem
2792 4962 2888 5017 Dei
2931 4974 2987 5019 et
3014 4944 3434 5033 similitudinem

1843 5029 2039 5085 factus.
2100 5034 2297 5092 Servat
2320 5044 2467 5095 enim
2500 5045 2555 5100 in
2577 5050 2936 5120 semetipsum
2974 5065 3229 5127 tanquam
3255 5063 3434 5137 imago

1841 5121 1963 5189 ejus
1990 5126 2149 5195 cujus
2169 5138 2252 5183 est
2284 5130 2463 5204 imago
2489 5136 2931 5198 similitudinem.
2966 5147 3071 5203 Sed
3087 5121 3328 5209 inferior
3350 5121 3437 5216 est

1843 5219 2104 5282 tanquam
2153 5218 2364 5278 factura
2418 5236 2474 5285 et
2526 5240 2803 5291 creatura.
2852 5235 2975 5300 Non
3012 5240 3227 5298 alienus
3250 5256 3433 5307 autem

227 5366 431 5425 'Num.
467 5388 578 5437 χχι,
610 5374 700 5432 22.
778 5380 799 5410 ⁸
823 5380 966 5436 Psal.
998 5400 1219 5451 xxxviii,
1253 5388 1307 5441 7.
1387 5389 1432 5420 '°
1459 5391 1627 5447 Ioan.-
1652 5411 1761 5463 xw,
1789 5398 1879 5454 225.

220 5498 301 5637 i7;
335 5500 612 5585 [illigavit]
635 5507 770 5588 .Leg.
798 5510 1069 5584 allegavit.
1114 5517 1189 5570 In.
1221 5518 1355 5575 ibid.

242 5567 279 5623 8
334 5567 720 5637 Subsistenuai
785 5581 864 5635 Ita
901 5585 1075 5637 codex
1102 5584 1355 5637 Corbeim

242 5567 299 5637 8)
334 5567 864 5651 submigpiiarna
901 5567 1075 5639 suae:
1102 5567 1473 5647 Cb'riiéiéiisis.
1547 5595 1727 5651 Bello-

145 5639 509 5735 ει
527 5639 728 5735 ρξςᾼεῖ
748 5649 809 5735 in
837 5654 1097 5710 omnibus
1120 5639 1299 5713 fierine
1327 5639 1465 5719 locis
1492 5680 1728 5735 sequen-

146 5707 300 5762 tibus
330 5708 496 5765 habet
521 5714 838 5773 substantia.

330 5758 1137 5927 .Iaculetur.
1181 5795 1254 5850 In.
1278 5758 1506 5923 giidfb.

221 5845 339 5919 (l0)
380 5849 620 5923 Perpessi
712 5857 890 5924 Forte,
938 5878 1215 5927 perpessis.
1328 5878 1342 5921 t
1395 5875 1506 5927 nan}

221 5845 339 5919 (l0)
380 5845 655 5927 Perpessi]
712 5845 890 5924 Forte,
938 5845 1554 5940 perpessiﬂﬁmpaulo
1584 5886 1733 5943 ante,

1841 5551 2006 5589 unam
2037 5537 2182 5591 dicit.

1912 5603 2023 5690 (ll)
2063 5606 2585 5687 Christianissimus]
2646 5617 2776 5686 Leg.
2827 5620 3282 5683 Christianismus.
3351 5633 3426 5690 In.

1837 5674 1972 5728 ibid.

1910 5743 2021 5848 (If?)
2060 5746 2358 5848 Igi'b'eraﬁir.
2401 5752 2568 5848 Homo
2628 5758 2920 5848 e'tc.julfe_g.
2959 5764 3211 5821 liberatur
3238 5770 3427 5848 homo;

1844 5816 2038 5880 gratia,
2072 5815 2216 5883 ﬁlius
2251 5820 2343 5876 Dei
2374 5832 2606 5881 rocatur.
2652 5815 2891 5889 Infibidc.
