4078 6320
651 389 707 457 15
720 393 784 456 71
1621 390 2106 456 THEODORETI
2145 389 2483 450 EPISCOPI
2521 387 2885 450 CYRENSIS
3793 383 3955 448 1173

646 521 678 558 ι
730 504 828 560 Dei
868 503 1182 574 cognitione
1210 512 1325 572 est,
1390 505 1520 560 licet
1551 519 1662 559 non
1683 505 2080 562 exsistentibus
2109 504 2222 578 (l5)
2253 512 2299 568 Α
2329 510 2420 558 tur
2465 500 2874 568 subsistentiis,
2939 517 3071 558 vere
3111 502 3350 559 trinitas.
3406 501 3735 558 Secundum
3775 505 3950 572 quod

646 595 886 650 donante
912 595 1194 652 Creatore.
1231 595 1547 652 intellectus
1565 604 1772 661 autem,
1805 607 1863 652 et
1891 599 1992 652 iste
2016 612 2218 653 secun-
2322 612 2432 652 non
2461 604 2745 668 separatur
2774 595 3107 660 substantia,
3151 609 3283 650 vere
3310 595 3493 650 unitas
3517 604 3625 650 est.
3673 594 3797 661 Qui
3829 611 3946 650 au-

645 687 776 739 dum
802 685 1124 742 interiorem
1151 689 1451 754 hominem,
1487 702 1599 743 non
1621 696 1777 743 extra
1802 690 2069 744 rationem
2092 704 2221 758 gen-
2322 697 2431 742 tem
2463 688 2628 760 hujus
2653 687 2758 742 favi
2783 687 3097 742 suavissimi
3126 693 3347 756 gustum
3373 702 3486 740 non
3509 684 3754 748 habent,
3787 685 3946 739 divi—

646 775 939 845 tibus(ii).
978 776 1223 848 Namque
1245 787 1331 832 est
1358 779 1670 834 intellectus
1693 780 1946 834 rationis.
1985 778 2090 835 Sed
2119 793 2219 834 ne-
2319 794 2404 833 nat
2460 777 2897 834 ratiocinationis
2956 777 3272 846 inexpertes
3319 778 3697 840 exsistentes,
3771 776 3940 830 illnas'

643 881 750 934 que
775 875 928 921 extra
951 868 1241 937 Spiritum.
1266 869 1362 925 Est
1381 870 1530 924 enim
1555 869 1867 925 intellectus
1886 871 2215 940 intelligens,
2317 870 2560 924 humano
2592 871 2813 940 spiritu,
2852 877 3110 938 tanquam
3138 867 3424 933 animales,
3456 883 3566 922 non
3593 868 3941 936 suscipiunt

642 967 698 1011 et
731 959 1130 1025 ratiocinatrix,
1185 970 1241 1014 et
1265 961 1494 1030 spiritus
1521 961 1699 1031 palam
1725 961 1950 1025 faciens,
2003 969 2057 1016 et
2083 976 2214 1015 con-
2316 977 2438 1032 qua
2472 961 2715 1031 Spiritus
2755 959 2851 1016 Dei
2895 959 3106 1014 sunt".
3145 958 3393 1014 Stultitia
3417 959 3565 1012 enim
3599 960 3684 1014 eis
3713 967 3838 1022 est,
3873 969 3938 1012 et

643 1049 938 1118 templatur
976 1049 1122 1120 (i5)
1172 1059 1228 1105 et
1273 1052 1582 1108 substantia
1632 1054 1736 1108 tria
1760 1053 2211 1124 proprietatibus.
2315 1052 2458 1105 scire
2488 1066 2599 1106 non
2629 1058 2879 1122 possunt.
2933 1048 3104 1103 Aiunt
3123 1048 3274 1104 enim
3307 1065 3322 1098 ε
3359 1047 3417 1102 Si
3454 1049 3578 1111 tria,
3627 1047 3935 1117 quomodo

638 1135 792 1191 Mens
820 1138 967 1192 enim
996 1153 1092 1194 seu
1124 1140 1585 1213 intellectus(i6),
1618 1152 1776 1213 pater
1805 1143 1996 1208 verbi;
2047 1141 2214 1198 habet
2314 1141 2522 1196 unum?
2571 1148 2628 1196 et
2672 1139 2719 1196 si
2761 1154 2957 1205 unum,
2993 1137 3275 1210 quomodo
3301 1138 3442 1193 tria?
3474 1139 3798 1209 incongrua
3833 1153 3932 1192 ra-

637 1224 784 1278 cnim
808 1226 1037 1280 verbum
1069 1228 1355 1299 proprium
1391 1230 1446 1284 in
1473 1229 1796 1286 abscondito
1822 1247 1928 1286 una
1949 1245 2074 1285 cum
2099 1231 2212 1302 spi-
2315 1233 2464 1288 tione
2512 1247 2684 1287 unum
2735 1231 3112 1302 percipientes
3161 1237 3220 1285 et
3257 1230 3381 1285 tria.
3436 1229 3495 1283 Si
3527 1243 3704 1282 unum
3737 1229 3930 1294 enim,

637 1315 748 1370 ritu
798 1319 1043 1388 proprio.
1106 1318 1353 1374 Movetur
1390 1320 1538 1374 enim
1583 1329 1640 1374 et
1669 1321 2028 1376 ratiocinatur
2056 1337 2212 1378 mens
2313 1322 2512 1392 inquit,
2549 1338 2658 1377 una
2681 1321 2792 1393 (i9)
2836 1321 3218 1386 subsistentia,
3253 1329 3311 1376 et
3346 1334 3460 1375 non
3487 1329 3643 1384 tres;
3695 1321 3751 1375 si
3786 1334 3929 1376 vero

639 1405 696 1459 in
733 1406 951 1475 spiritu.
1007 1407 1158 1462 lens
1177 1419 1360 1464 autem
1393 1409 1542 1465 aliud
1565 1420 1651 1466 est
1692 1419 1890 1481 prater
1916 1413 2208 1467 rationem.
2313 1413 2450 1475 tria,
2505 1415 2628 1468 tres‘
2661 1411 2997 1468 omnimodis
3024 1412 3365 1477 substantia,
3397 1419 3453 1466 et
3475 1425 3589 1465 non
3619 1426 3759 1465 una.
3803 1409 3926 1464 Non

635 1495 708 1551 Et
731 1496 929 1551 iterum
975 1498 1117 1552 ratio
1147 1514 1257 1553 non
1288 1507 1373 1554 est
1396 1516 1572 1567 mens,
1613 1502 1916 1557 secundum
1940 1503 2088 1573 quod
2118 1521 2209 1558 ra—
2311 1505 2456 1560 enim
2487 1505 2751 1574 possibile
2779 1513 2885 1571 est,
2939 1505 3138 1574 inquit,
3186 1518 3358 1557 unum
3391 1517 3518 1557 esse
3542 1505 3672 1568 tria,
3724 1517 3923 1572 neque

635 1587 714 1642 tio
737 1597 840 1642 est.
879 1588 986 1644 Sed
1009 1591 1222 1662 singula
1259 1592 1572 1663 singulatim
1593 1602 2019 1664 cognoscuntur.
2056 1595 2208 1651 luse-
2311 1610 2528 1650 rursum
2580 1596 2684 1649 tria
2731 1609 2905 1649 unum
2960 1613 2974 1648 :
3025 1609 3135 1648 non
3179 1595 3621 1664 contemplantes
3651 1592 3920 1648 subtilis-

632 1677 903 1747 parabiiia
927 1695 1057 1733 vero
1084 1689 1214 1734 sunt
1245 1681 1442 1736 horum
1467 1683 1681 1754 singula
1707 1684 2055 1739 naturaliter.
2091 1685 2208 1741 Una
2308 1687 2462 1742 simis
2489 1686 2745 1742 sensibus
2766 1685 2877 1756 (ΞΟ)
2907 1672 3348 1741 scelestissimam
3366 1684 3478 1756 (2i)
3506 1683 3767 1738 scientia
3787 1699 3920 1753 pro-

630 1768 779 1823 enim
807 1769 1130 1826 substantia.
1164 1769 1272 1826 Sed
1296 1785 1428 1836 non,
1458 1774 1719 1843 quoniam
1745 1789 1855 1828 una
1878 1773 2202 1840 substantia,
2307 1775 2658 1832 iunditatem.
2712 1775 3027 1830 Secundum
3059 1775 3194 1846 quid
3221 1790 3390 1831 unum
3413 1775 3519 1828 tria
3547 1784 3606 1828 et
3630 1773 3774 1843 quid
3797 1774 3915 1844 (Ἠ)

634 1874 741 1913 una
769 1875 988 1930 quoque
1029 1865 1356 1932 proprietas.
1415 1863 1535 1919 Non
1573 1865 1741 1931 enim,
1791 1866 2051 1936 quoniam
2093 1874 2206 1923 tres
2239 1860 2279 1915 Β
2309 1867 2413 1921 tria
2450 1881 2655 1932 unum;
2715 1865 3021 1921 secundum
3069 1865 3219 1935 quod
3268 1863 3694 1920 immntabilitcr
3735 1864 3917 1919 habet

628 1949 1025 2018 proprietates,
1091 1960 1201 2008 tres
1243 1969 1463 2023 quoque
1513 1955 1854 2010 substantia.
1908 1957 2030 2010 Non
2052 1957 2199 2011 enim
2308 1955 2375 2012 ad
2408 1957 2761 2027 semetipsam
2793 1955 3041 2010 Trinitas
3077 1971 3186 2010 una
3213 1965 3414 2010 natura
3438 1955 3736 2017 exsistens,
3774 1969 3912 2024 pro-

625 2047 784 2095 erant
827 2041 928 2096 tria
970 2058 1160 2106 unum,
1211 2043 1256 2098 si
1281 2052 1392 2098 tres
1413 2055 1599 2100 essent
1626 2045 1981 2113 substantias;
2019 2062 2199 2117 neque
2305 2056 2429 2118 pter
2473 2047 2579 2102 hoc
2617 2061 2788 2102 unum
2829 2044 3091 2101 Trinitas.
3150 2045 3327 2102 Porro
3384 2045 3694 2102 secundum
3751 2046 3911 2115 quod

627 2144 798 2185 unum
829 2130 952 2197 tria,
988 2131 1035 2187 si
1066 2148 1173 2187 una
1202 2134 1526 2204 proprietas.
1562 2135 1808 2190 Aseende
1835 2137 1945 2206 jam
1977 2151 2199 2192 sumens
2306 2150 2417 2190 non
2443 2151 2549 2189 una
2576 2149 2813 2205 persona
2845 2135 2944 2189 sed
2971 2143 3084 2190 tres
3108 2134 3330 2189 trinitas
3353 2174 3368 2199 ,
3421 2148 3553 2189 vere
3573 2141 3664 2188 est
3685 2133 3908 2199 unitas,

621 2220 925 2277 scabellnm
954 2231 1206 2278 nostrum
1225 2225 1534 2294 exemplum
1561 2226 1629 2280 ad
1653 2226 1801 2282 illam
1820 2234 2060 2281 mentem
2077 2243 2200 2296 qua:
2304 2224 2522 2281 trinitas
2545 2224 2798 2295 personis
2817 2241 2928 2279 non
2951 2225 3281 2291 substantia,
3299 2233 3357 2279 et
3377 2225 3563 2280 unitas
3581 2224 3909 2280 substantia

622 2311 767 2370 ultra
794 2313 981 2368 omnia
1012 2323 1120 2378 est,
1142 2313 1236 2384 qui
1269 2331 1398 2370 vere
1427 2315 1590 2370 Pater
1615 2326 1700 2371 est
1723 2326 1780 2372 et
1799 2317 2040 2372 Verbum
2063 2317 2198 2389 (i7).
2295 2330 2408 2371 non
2457 2317 2728 2384 personis.
2791 2315 3111 2371 Secundum
3149 2315 3302 2370 aliud
3325 2330 3462 2370 vero
3486 2315 3710 2370 trinitas
3729 2357 3745 2382 ,
3793 2315 3902 2371 tri-

618 2399 702 2456 ibi
741 2402 890 2456 enim
938 2417 1067 2457 vere
1091 2411 1178 2458 est
1204 2404 1388 2460 unitas
1417 2405 1718 2471 trinitatis,
1772 2413 1829 2462 et
1859 2407 2074 2461 trinitas
2101 2422 2199 2462 ve-
2297 2414 2442 2468 nitas
2465 2454 2481 2477 ,
2515 2419 2573 2468 et
2601 2410 2909 2466 secundum
2951 2409 3105 2466 aliud
3138 2411 3344 2474 unitas,
3379 2411 3568 2464 unitas
3585 2417 3696 2464 est.
3734 2407 3907 2464 Alii!

619 2505 680 2546 re
704 2501 790 2546 est
815 2493 1062 2549 unitatis.
1094 2495 1390 2564 Propterea
1413 2496 1561 2550 enim
1585 2497 1766 2560 Pater,
1791 2497 2062 2552 exsistens
2086 2496 2197 2567 (i8)
2295 2502 2445 2557 enim
2497 2510 2556 2555 et
2596 2499 2738 2556 alius
2788 2508 2844 2554 et
2888 2500 3051 2555 alius.
3112 2499 3253 2554 Tres
3295 2500 3443 2554 enim
3495 2498 3900 2554 subsistentia.

619 2581 980 2643 subsistentia
1007 2624 1022 2647 ,
1079 2585 1520 2654 inseparabiliter
1557 2585 1722 2642 habet
1758 2586 1957 2642 Filium
1985 2595 2044 2642 et
2072 2586 2198 2657 Spi-
2296 2590 2416 2646 Non
2437 2599 2623 2660 autem
2655 2589 2806 2645 aliud
2833 2597 2890 2645 et
2920 2590 3070 2646 aliud
3099 2599 3158 2645 et
3178 2589 3349 2645 aliud.
3377 2588 3499 2646 Una
3520 2588 3672 2644 enim
3695 2598 3900 2643 natura

618 2671 812 2726 ritum.
841 2671 909 2727 Et
930 2671 1121 2737 Filius,
1146 2673 1318 2729 Filius
1340 2675 1613 2730 exsistens
1635 2675 2015 2739 subsistentia,
2047 2675 2195 2731 inse-
2295 2688 2459 2750 atque
2500 2679 2809 2734 substantia
2845 2688 2953 2735 est.
2997 2697 3016 2731 ι
3038 2678 3199 2735 Clare
3243 2693 3378 2733 vero
3411 2676 3660 2732 ostendit
3689 2686 3898 2732 senet-

616 2761 938 2832 parabiliter
967 2763 1136 2818 habet
1165 2763 1382 2821 Patrem
1420 2775 1478 2820 et
1502 2765 1791 2836 Spiritum.
1856 2766 1926 2821 Et
1956 2766 2197 2836 Spiritus
2293 2773 2469 2842 ipsam
2495 2771 2706 2827 veritas
2741 2771 3104 2827 credentibus
3123 2772 3188 2824 “.
3217 2769 3506 2826 invenitur
3533 2770 3686 2824 enim
3709 2769 3784 2822 ab
3813 2769 3897 2824 eis

615 2860 861 2917 sanctus,
915 2851 1154 2923 Spiritus
1185 2854 1458 2911 exsistens
1485 2855 1864 2920 subsistentia,
1911 2855 2198 2926 insepara-
2295 2861 2390 2932 qui
2431 2878 2544 2917 non
2588 2870 2806 2918 tentant
2850 2877 3011 2927 eam,
3046 2869 3105 2917 et
3133 2868 3363 2932 apparet
3405 2874 3521 2914 non
3560 2857 3895 2914 discreden-

616 2941 805 2999 biliter
827 2942 995 2999 habet
1019 2943 1238 2999 Patrem
1262 2955 1319 3000 et
1339 2945 1560 3000 Filium.
1597 2946 1666 3001 Et
1686 2955 1976 3017 separatur
1997 2959 2200 3000 unum-
2295 2953 2445 3009 tibus
2465 2952 2570 3008 sibi
2591 2953 2650 3005 ⁸³.
2666 2971 2686 3004 s

616 3033 898 3106 quodque,
919 3043 976 3090 et
991 3049 1103 3091 non
1125 3045 1436 3107 separatur.
1467 3035 1782 3094 Secundum
1803 3037 1953 3110 quod
1975 3053 2197 3109 separa-

688 3186 730 3219 "
762 3185 785 3243 1
815 3185 941 3244 Cor.
976 3203 1035 3256 It,
1069 3188 1156 3246 ﬂ.
1234 3189 1278 3224 ⁸³
1309 3189 1440 3262 Sap.
1471 3204 1545 3256 π,
1578 3191 1664 3246 17.
1747 3189 1793 3223 ⁸³
1819 3190 1947 3263 Sap.
1981 3206 2021 3260 ι,
2047 3191 2103 3247 9.

685 3339 798 3428 (13)
833 3341 954 3398 Non
996 3341 1216 3416 mist]
1272 3343 1403 3416 Leg.
1451 3360 1516 3400 ac
1544 3360 1652 3399 non
1678 3346 2063 3402 assistentibus.
2112 3345 2189 3403 in.
2220 3348 2268 3414 ο
2368 3343 2482 3428 (18)
2523 3343 2822 3428 Propterea
2837 3345 2978 3428 enim
2992 3342 3158 3428 Pater
3177 3341 3455 3428 easiness]

612 3410 751 3468 ibid.
778 3410 787 3413 ’
1195 3410 1216 3416 ⁷
1354 3410 1378 3416 ⁷
2234 3410 2263 3414 ⁷
2297 3429 2363 3470 ea
2377 3410 2531 3470 enim
2560 3410 2744 3480 Pa'ter,
2775 3413 2940 3469 Pater
2968 3415 3239 3469 assistens.
3280 3415 3354 3472 ln.
3381 3410 3516 3469 ibid.

710 3480 800 3556 if)
841 3480 1110 3556 gentibus]
1139 3483 1270 3556 Leg.
1304 3483 1598 3556 agentibus.
1634 3483 1712 3538 in.
1745 3483 1880 3538 ibid.
2020 3552 2030 3556 Α
2375 3486 2486 3556 (19)
2531 3483 2673 3556 [Ino]
2701 3484 2888 3556 Codex
2917 3484 3354 3556 B_ei_lovac._du.

713 3549 800 3622 i5)
839 3549 909 3605 Et
941 3549 1492 3636 contemplatar'eth
1529 3551 1741 3636 Lepus}
1768 3552 2142 3636 contemplato:
2169 3571 2189 3616 ε
2521 3549 2981 3636 ξειέέεξξωξπιαηι]
3002 3551 3881 3636 ιίεεειιὰιεωλεξοειιεπιίξαηιςε.

611 3629 664 3674 st
689 3619 1214 3694 ᾔνεᾲηξ-ηὸιιαηιὶὶι,
1393 3619 1818 3694 ρνᾱρῂεἱᾳιὶὺμε.
1859 3624 1935 3678 In.
1969 3619 2103 3677 ibid.
2124 3639 2185 3694 Ac.
2369 3619 2481 3694 (21)
2522 3619 2984 3694 Scelestissimum]
3017 3619 3148 3694 Le'g.
3179 3621 3715 3694 “lectissima-ntlln.
3740 3619 3879 3675 ibid.

689 3641 856 3674 unum
887 3641 1214 3687 uastanua,
1258 3641 1362 3677 ιηα
1429 3641 1488 3676 νο
1528 3641 1818 3676 netaunus.
1859 3641 1935 3678 ID.
1969 3641 2103 3677 IDIO.
2135 3641 2185 3678 c.
2390 3641 2452 3678 τι
2522 3641 2984 3694 δοειαιηευηαπι]
3017 3641 3148 3694 ιιθς.
3179 3641 3596 3677 σειεειωπιισπι.
3640 3641 3715 3675 ID.
3740 3641 3879 3675 uno.

685 3687 796 3775 (id)
984 3691 1285 3775 enimnetc]
1316 3641 1451 3748 Vide
1473 3641 2187 3764 ’igheodoritum,qua:st.20
2522 3691 2594 3775 ξε
2621 3690 2786 3764 quid]
2841 3692 2971 3775 Leg.
3004 3693 3372 3775 etsecunda:
3399 3691 3544 3761 quid.
3605 3689 3673 3775 ‘Et
3704 3705 3831 3743 mox
3865 3705 3880 3775 ξ

612 3755 672 3814 in
696 3755 970 3815 Genesim.
1010 3760 1084 3815 in.
1119 3755 1285 3816 ibid.’
1878 3755 1888 3761 ’
1927 3755 1945 3764 “

681 3826 796 3899 (17)
836 3826 938 3894 Qui
965 3829 1108 3902 vers]
1135 3830 1266 3903 Leg.
1299 3833 1425 3903 quia
1453 3848 1592 3890 vere.
1633 3833 1710 3888 In.
1742 3833 1876 3890 ibid.

2295 3755 2512 3834 propter
2538 3755 2821 3816 Ιιοούηκῖη
2876 3779 2895 3816 :
2921 3755 3166 3844 'trinitas
3197 3777 3374 3844 porro,
3413 3755 3713 3840 secundum
3740 3759 3884 3828 quod

2297 3849 2403 3887 non
2424 3849 2532 3887 una
2549 3846 2798 3902 persona,
2815 3832 2908 3886 sed
2921 3839 3048 3886 tres.
3063 3830 3294 3886 Tmtttas
3309 3845 3429 3884 scre
3452 3839 3528 3884 est
3552 3839 3750 3894 uastas,
3769 3837 3878 3884 etc.

2368 3487 2391 3765 ἐ

1139 4228 1798 4411 ΒΕΑΤΙ
1923 4229 3348 4414 ΤΗΕΟΒΟΒΕΤΙ

1962 4528 2300 4591 EPISCOPI
2338 4529 2515 4590 CYRI

1806 4715 2672 4844 EPISTOLZE.

625 4019 3855 4064 W

1081 5072 1546 5148 1057-1059
1583 5074 1672 5130 DE
1723 5071 1980 5129 LATINA
2023 5068 2366 5127 VERSIONE
2423 5066 2911 5125 EPISTOLARUM
2954 5065 3400 5126 THEODORETI

1697 5212 2122 5275 ADMONITIO
2162 5212 2311 5274 JAC.
2366 5211 2759 5289 SIRMONDI.

689 5331 962 5404 Epistolas
984 5327 1316 5386 Theodoreti
1347 5329 1608 5385 Vaticano
1645 5344 1712 5385 ex
1735 5331 1924 5386 codice
1969 5329 2322 5400 depromptas
2354 5327 2650 5384 Latinitate
2700 5327 2932 5382 donarat
2977 5328 3278 5384 Federicus
3329 5327 3549 5391 Metius,
3602 5329 3658 5382 in
3711 5342 3857 5383 usum

619 5437 676 5486 et
705 5427 933 5498 gratiam
965 5423 1260 5479 cardinalis
1293 5423 1535 5487 Baronii,
1568 5423 1662 5491 qui
1693 5423 1888 5477 harum
1932 5421 2143 5490 aliquot
2187 5421 2340 5491 juxta
2392 5419 2683 5476 Metianam
2729 5417 2878 5474 illam
2924 5418 3242 5474 versionem
3289 5418 3480 5473 retulit
3523 5418 3579 5471 in
3627 5417 3857 5474 Annales

619 5517 1042 5575 ecclesiasticos.
1070 5512 1212 5582 Quid
1246 5531 1309 5570 ea
1337 5515 1522 5570 Romae
1555 5523 1746 5583 postea
1783 5513 1986 5568 factum
2025 5513 2099 5567 sit
2148 5512 2444 5574 nescimus,
2503 5510 2610 5564 nisi
2666 5509 2811 5578 quod
2867 5509 2924 5563 in
2977 5509 3160 5565 lucem
3214 5517 3429 5565 constat
3475 5524 3590 5564 non
3646 5510 3853 5566 exiisse.

621 5607 885 5674 Quocirca
919 5622 1041 5661 cum
1069 5604 1318 5660 Grazcum
1352 5605 1629 5674 exemplar
1651 5605 1887 5658 alterum
1915 5602 2108 5658 eodem
2138 5617 2205 5656 ex
2230 5601 2380 5656 fonte
2402 5600 2668 5656 Vaticano
2689 5599 3046 5654 illustrissimi
3075 5599 3491 5670 doctissimique
3520 5599 3852 5654 Arelatensis

623 5695 1024 5766 archiepiscopi
1046 5695 1314 5750 beneﬁcio
1339 5694 1485 5750 nacti
1510 5710 1777 5758 essemus,
1815 5695 1961 5765 quod
2001 5695 2057 5749 in
2090 5694 2192 5749 hac
2246 5693 2487 5751 editione
2533 5699 3015 5763 repraesentamus,
3049 5706 3120 5748 ne
3161 5690 3352 5747 Latina
3396 5690 3580 5747 versio
3629 5689 3852 5750 deesset.

632 5789 759 5856 quia
782 5787 1011 5845 hietiana
1042 5788 1388 5854 carebamus,
1425 5795 1666 5842 nostram
1702 5787 2103 5843 substituimus.
