4078 6320
595 288 733 357 1175
1595 300 2082 359 THEODORETI
2123 300 2462 363 EPISCOPI
2501 304 2868 364 CYRENSIS
3736 299 3893 365 ιιτθ

1070 407 1278 478 ιω]
1315 408 1380 462 ll.
1395 439 1462 447 ——
1482 408 1689 462 Eidem.
2207 424 2254 479 Α

2207 424 2254 479 Α
2813 410 2890 465 B’.
2923 440 2992 451 —-—
3028 411 3114 476 Τῷ
3144 411 3320 476 αὐτῷ.

664 522 785 577 Non
844 529 977 590 puto
1028 536 1126 575 eos
1185 523 1281 592 qui
1336 523 1597 577 ardenter
1627 532 1815 577 amant
1848 522 1917 577 de
1949 522 2169 577 illorum

2345 522 2460 574 Οὐκ
2487 517 2644 589 οἶμαι
2669 522 2793 583 τοὺς
2815 519 3035 589 θερμῶς
3072 521 3404 589 ἀγαπῶντας
3430 522 3551 584 ταῖς
3580 521 3694 574 τῶν
3726 520 3889 588 ἀγαμ-

594 616 751 677 partu
800 610 895 677 qui
944 618 1201 663 amantur
1248 622 1400 666 recte
1443 612 1715 682 judicare.
1748 611 1995 682 Subripit
2022 610 2171 666 enim

2275 611 2545 681 τεκομένων
2572 612 2726 665 ὠδῖσι
2762 610 2969 681 κρίνειν
2992 612 3169 683 ὀρθῶς
3191 629 3204 641 ·
3241 612 3465 665 κλέπτει
3494 613 3605 680 γὰρ
3636 613 3665 663 ὁ
3686 611 3880 674 πόθος

588 711 748 750 amor
793 697 1083 767 justitiam.
1135 698 1269 752 Nam
1301 710 1358 754 et
1379 709 1563 770 patres
1587 698 1762 753 forma
1798 710 2058 770 praestare
2079 700 2175 753 de-

2280 703 2335 757 τδ
2359 702 2589 757 δίκαιον.
2612 704 2720 758 Καὶ
2751 703 2859 774 γάρ
2887 705 2937 757 οί
2962 702 3199 773 πατέρες
3220 703 3338 775 ὥρα
3362 704 3606 775 λάμπειν
3637 702 3710 755 τά
3741 702 3890 755 806-

592 786 798 841 formes
850 785 993 841 filios
1043 788 1380 852 existimant,
1433 797 1489 843 et
1534 788 1632 843 ﬁlii
1665 790 1921 844 similiter
1957 798 2173 860 patrum

2280 797 2388 868 ειδῆ
2445 798 2635 852 παιδία
2690 797 2968 868 νομίζουσι
2994 814 3007 827 ·
3066 799 3163 851 καὶ
3223 798 3415 862 παῖδες
3473 796 3754 859 ὡσαύτως
3820 794 3890 849 τὸ

593 874 995 931 deformitatem
1052 893 1164 931 non
1219 878 1425 933 vident.
1476 878 1567 933 Sic
1618 888 1675 932 et
1725 877 1898 933 frater
1950 878 2175 933 fratrem

2277 886 2385 939 τῶν
2424 887 2681 957 πατέρων
2710 886 2949 957 εἰδεχθὲς
2975 888 3075 957 οὐχ
3108 887 3342 959 ὁρῶσιν·
3394 887 3540 941 οὕτω
3564 890 3665 941 καὶ
3706 886 3887 941 ἀδελσ

592 967 791 1030 cernit,
844 982 957 1021 non
1002 968 1221 1037 qualem
1278 978 1493 1031 natura,
1546 968 1643 1024 sed
1693 970 1913 1039 qualem
1945 968 2176 1023 aﬂ'ectus

2278 976 2376 1045 φὺς
2403 976 2633 1047 ἀδελφὸν
2663 977 2870 1047 βλέπει,
2896 978 2995 1048 οὐχ
3022 978 3095 1041 ὥς
3131 978 3376 1045 ήεφύσις,
3406 977 3524 1030 ἀλλ’
3557 978 3639 1040 ὡς
3683 980 3716 1049 ὴ
3750 977 3886 1031 διά-

593 1058 854 1111 ostendit.
906 1058 989 1114 Ad
1042 1058 1187 1113 hunc
1228 1074 1331 1129 ego
1381 1060 1603 1113 modum
1662 1059 1730 1113 de
1783 1060 2004 1129 scriptis
2037 1058 2177 1113 meis

2278 1068 2427 1131 θεσις
2457 1068 2749 1123 δείκνυσιν.
2791 1068 2947 1122 Οὕτω
2968 1071 3068 1140 τὴν
3104 1071 3203 1139 σὴν
3236 1069 3491 1139 θειότητα
3525 1072 3713 1140 κρῖναι
3758 1068 3886 1131 τοῖς

591 1145 867 1215 judicasse
927 1146 1272 1201 sanctitatem
1330 1154 1478 1201 tuam
1532 1148 1795 1212 arbitror,
1847 1148 2175 1203 sententiam

2278 1161 2433 1229 ἐμοῖς
2477 1158 2752 1229 ὑπείληφα
2785 1160 2963 1228 λόγοις
2984 1202 2999 1224 ,
3032 1159 3125 1213 τοῦ
3154 1160 3377 1231 φίλτρου
3409 1159 3509 1227 τὴν
3542 1158 3728 1228 ψῆφον
3782 1159 3877 1225 ἑξ-

593 1237 836 1291 dictante
871 1238 1277 1293 benevolentia.
1323 1240 1553 1294 Maxima
1582 1242 1731 1295 enim
1760 1256 1953 1295 revera
1976 1239 2059 1292 vis
2092 1249 2178 1293 est

2279 1250 2613 1319 ενεγκόντος.
2631 1252 2877 1322 Μεγίστη
2898 1252 3006 1321 γάρ
3026 1251 3243 1322 άληθῶς
3264 1254 3299 1321 ἡ
3319 1252 3419 1320 τῆς
3436 1250 3663 1320 ἀγάπης
3689 1252 3883 1322 ἶς’χῦςν

595 1326 903 1392 charitatis,
948 1328 1364 1399 amicorumque
1419 1328 1669 1384 defectus
1700 1344 1943 1399 persaepe
1969 1327 2179 1397 obtegit

2281 1345 2379 1396 καὶ
2409 1344 2695 1407 συσκιάζει
2738 1343 3003 1405 πολλάκις
3027 1343 3139 1396 τῶν
3162 1343 3331 1411 φίλων
3372 1342 3435 1395 οὐ
3464 1345 3644 1413 μικρὰ
3682 1344 3881 1413 πλημο

597 1432 707 1471 non
738 1418 904 1473 leves.
942 1417 1115 1489 Hujus
1148 1428 1205 1473 tu
1226 1420 1427 1489 opibus
1448 1420 1698 1484 aﬂluens,
1739 1436 1773 1473 ο
1800 1418 1994 1484 amice,
2035 1416 2177 1472 scri-

2288 1434 2592 1505 μελήματα.
2635 1435 2854 1507 Ταύτης
2884 1435 3024 1506 ἔχων
3068 1435 3160 1488 τὸν
3206 1434 3457 1498 πλοῦτον,
3506 1429 3553 1487 ὦ
3592 1435 3728 1504 φίλη
3782 1453 3898 1488 ατε-ε

596 1519 689 1578 pta
728 1518 915 1563 nostra
950 1510 1205 1564 laudibus
1235 1510 1462 1565 ornasti.
1500 1512 1569 1564 At
1599 1526 1699 1581 ego
1726 1527 1755 1564 a
1792 1508 2054 1579 religione
2086 1516 2180 1561 tua

2284 1524 2451 1596 φαλὴ,
2486 1526 2784 1596 εὐφημίαις
2814 1528 2941 1590 τοὺς
2962 1527 3268 1597 ἡμετέρους
3290 1526 3609 1590 ἐταινίασας
3640 1527 3880 1593 λόγουςο

597 1607 745 1669 peto,
793 1600 1000 1667 bonum
1029 1609 1091 1654 ut
1122 1601 1417 1656 Dominum
1448 1617 1664 1665 exores.
1699 1618 1810 1671 quo
1842 1603 2179 1671 scriptorum

2282 1616 2392 1684 ἐγὼ
2418 1616 2475 1670 δέ
2501 1634 2593 1669 σου
2620 1617 2719 1689 τὴν
2755 1617 3062 1671 θεοσέϐειαν
3098 1618 3429 1686 ἀπαγγέλλω
3460 1620 3539 1690 (1)
3566 1619 3661 1671 τὸν
3730 1621 3883 1685 ἁγα-

597 1688 818 1743 laudem
876 1697 1048 1743 ratam
1095 1689 1317 1756 habeat,
1352 1690 1745 1759 laudatumque
1767 1691 1932 1745 talem
1960 1686 2176 1751 reddat,

2284 1706 2376 1759 θὸν
2413 1686 2763 1779 ἀντιϐολῆσαι
2811 1710 3112 1777 Δεσπότην,
3161 1686 3478 1779 βεϐαιῶσαι.
3520 1686 3639 1773 τοῖς
3689 1709 3883 1777 λόγοις

596 1778 817 1851 qualem
854 1780 1199 1837 laudantium
1224 1780 1393 1837 verba
1428 1781 1753 1853 depingunt.

2283 1799 2383 1868 τὴν
2408 1774 2709 1869 εὐφημίαν,
2760 1805 2856 1855 καὶ
2885 1774 3059 1867 δεῖξαι
3105 1774 3194 1855 τὸν
3232 1802 3654 1873 ἐπαινούμενον,
3686 1774 3882 1858 ὁποῖον

2282 1890 2391 1947 τῶν
2428 1893 2793 1946 ἐπαινούντων
2820 1893 3208 1964 ζωγραφοῦσιν
3228 1897 3279 1948 οξ
3304 1895 3476 1962 λόγοι.

1053 2004 1138 2059 ΙΙΙ.
1162 2035 1231 2044 --
1246 2004 1450 2059 [remeo
1474 2007 1730 2075 episcopo.
2632 2004 2663 2056 r

2632 2004 2705 2056 I".
2739 2034 2807 2042 —
2836 2005 3134 2071 Εἰρηναίῳ
3154 2005 3490 2070 ὲπισκόπῳ.

670 2114 995 2187 Hujusmodi
1047 2118 1486 2187 comparationes
1534 2116 1757 2171 divinus
1782 2114 2006 2185 quidem
2036 2113 2180 2183 Apo-

2362 2114 2423 2166 ‘O
2455 2115 2552 2183 μὲν
2582 2113 2726 2177 θεῖος
2768 2115 3092 2177 Ἀπόστολος
3122 2116 3220 2179 τάς
3234 2114 3497 2179 ,τοιαύτας
3534 2115 3882 2188 ἀπαγορεύει

599 2208 776 2263 ιιοΙιιε
800 2209 1097 2267 interdicit.
1131 2210 1393 2265 Scribens
1416 2214 1565 2268 enim
1588 2209 1656 2264 ad
1678 2206 2056 2274 Romanos.ch
2080 2206 2175 2260 ait:

2284 2205 2625 2275 συγκρίσεις.
2674 2202 2968 2275 Ῥωμαίοις
3000 2206 3109 2276 γὰρ
3139 2208 3474 2261 ἐπιστέλλων
3512 2207 3691 2271 οὕτως
3717 2209 3828 2281 ἔςαη
3860 2225 3877 2243 ·

606 2318 627 2350 ι
666 2299 853 2369 Itaque
881 2301 1050 2355 nolite
1086 2311 1212 2356 ante
1242 2311 1461 2372 tempus
1483 2301 1755 2373 judicare,
1789 2298 1970 2369 quoad
2004 2312 2178 2365 usque

2288 2315 2307 2347 ι
2349 2297 2511 2348 Ὥστε
2555 2295 2630 2366 μὴ
2680 2297 2787 2366 πρὸ
2814 2296 3009 2367 καιροῦ
3038 2294 3097 2350 τι
3131 2300 3369 2368 κρίνετε,
3408 2299 3516 2362 ἕως
3562 2299 3630 2352 ἂν
3670 2299 3806 2370 ἔλθῃ
3855 2297 3886 2348 δ

597 2390 785 2444 veniat
839 2390 1124 2456 Dominus,
1157 2392 1251 2461 qui
1273 2400 1330 2446 et
1370 2391 1707 2446 illuminabit
1741 2388 2064 2443 abscondita
2095 2394 2179 2441 te-

2284 2387 2508 2457 Κύριος,
2553 2389 2610 2450 ὃς
2646 2389 2742 2441 καὶ
2772 2389 2997 2456 φωτίσει
3028 2389 3096 2440 τά
3127 2392 3345 2458 κρυπτά
3372 2389 3468 2443 τοῦ
3498 2390 3747 2453 σκότους,
3777 2392 3876 2444 καὶ

600 2481 919 2547 nebrarum,
945 2491 1003 2537 et
1027 2482 1399 2541 manifestabit
1421 2482 1652 2539 consilia
1677 2481 1950 2544 cordium,
1972 2488 2030 2533 ct
2052 2486 2182 2531 tunc

2284 2480 2590 2550 φανερώσει
2614 2481 2713 2542 τὰς
2749 2468 2947 2549 βουλὰς
2968 2480 3075 2534 τῶν
3097 2499 3164 2533 κα
3175 2481 3357 2551 ρδιῶν.
3381 2482 3479 2534 καὶ
3508 2481 3631 2535 τότε
3655 2484 3684 2535 ὁ
3714 2482 3878 2535 Errat.

564 2571 721 2626 ‘laus
769 2574 878 2627 erit
924 2574 1221 2643 unicuique
1275 2590 1306 2627 a
1337 2574 1449 2628 Deo
1480 2577 1527 2629 ’.
1556 2593 1574 2624 ι
1612 2573 1744 2628 Jure
1766 2582 1948 2627 autem
1978 2586 2041 2624 ac
2068 2584 2174 2622 me-

2284 2590 2371 2636 vo;
2410 2574 2699 2642 γενήσεται
2742 2573 2957 2643 ἑκάστῳ
3006 2575 3113 2627 ἀπὸ
3163 2573 3258 2626 τοῦ
3298 2552 3455 2627 Θεού.
3520 2593 3539 2625 ι
3597 2575 3764 2628 Μάλα
3816 2575 3876 2628 δὲ

600 2664 711 2719 rito
772 2664 826 2720 id
873 2664 1021 2721 facit.
1085 2664 1196 2720 Nos
1246 2665 1518 2735 siquidem
1571 2681 1660 2719 res
1684 2665 1829 2719 solas
1852 2663 2177 2718 cernimus:

2284 2662 2510 2725 εἰκότως
2562 2661 2721 2714 τοῦτο
2768 2662 3091 2731 πεποίηκεν.
3160 2662 3347 2731 Ἡμεῖς
3404 2662 3504 2731 μὲν
3570 2663 3682 2735 γὰρ
3738 2666 3877 2733 μόνα

600 2756 986 2809 universorum
1046 2772 1180 2810 vero
1229 2757 1377 2811 Deus
1433 2757 1615 2827 ipsum
1662 2756 1828 2810 etiam
1859 2769 2050 2809 eorum
2085 2753 2183 2822 qui

2283 2754 2499 2825 ὁρῶμεν
2532 2753 2601 2805 τὰ
2636 2752 2937 2822 πράγματα
2959 2769 2970 2780 ’
3008 2756 3035 2805 ὁ
3072 2753 3127 2805 δὲ
3160 2753 3269 2805 τῶν
3295 2754 3433 2805 ὅλων
3470 2754 3607 2818 Θεὸς
3638 2756 3735 2808 καὶ
3762 2755 3876 2807 τῶν

600 2861 693 2901 res
736 2857 935 2917 gerunt
982 2857 1331 2917 perspectum
1366 2848 1536 2903 habet
1578 2848 1890 2911 consilium,
1921 2855 2085 2915 atque
2114 2860 2183 2899 ex

2284 2841 2457 2895 ταῦτα
2496 2840 2750 2912 δρώντων
2789 2841 3083 2894 ἐπίσταται
3127 2842 3222 2894 τὸν
3274 2842 3499 2907 σκοπὸν,
3552 2845 3653 2896 καὶ
3692 2845 3873 2915 τούτῳ

599 2938 705 2994 hoc
754 2940 937 3009 potius
978 2955 1141 3010 quam
1186 2956 1254 2994 ex
1314 2941 1578 3010 operibus
1608 2939 1881 3011 judicans.
1914 2938 2184 2993 fertsen-

2280 2933 2575 3004 μᾶλλονῆ⁵
2600 2934 2710 2995 τοῖς
2745 2931 2925 3003 ἔργοις
2966 2931 3206 2995 δικάζων
3244 2933 3472 3002 ἐκφέρει
3516 2933 3619 3003 τὴν
3663 2936 3868 3003 ψῆφον.

604 3030 854 3086 tentiam.
890 3030 968 3084 [ta
1008 3031 1255 3085 divinum
1300 3031 1625 3100 Apostolum
1648 3030 1939 3086 coronabit
1972 3029 2177 3083 factum

2289 3025 2447 3078 Οὕτω
2500 3023 2836 3091 στεφανώσει
2876 3022 2969 3076 τὸν
3020 3022 3165 3075 θεῖον
3212 3023 3534 3077 Ἀπόστολον
3578 3026 3876 3095 γενόμενον

600 3121 806 3177 Iudaeis
855 3123 1069 3195 1062
1127 3131 1386 3192 tanquam
1417 3121 1689 3186 Judaeum,
1717 3130 1773 3176 et
1805 3122 1872 3175 iis
1901 3121 1995 3190 qui
2023 3127 2181 3175 erant
2208 3129 2210 3148 '

2288 3118 2397 3179 τοῖς
2450 3115 2727 3177 Ἰουδαίοις
2768 3113 2843 3176 ὡς
2886 3113 3164 3177 Ἰουδαῖον,
3200 3114 3295 3167 καὶ
3341 3116 3456 3177 τοῖς
3512 3115 3660 3167 κατὰ
3706 3116 3873 3186 νόμον

601 3211 707 3266 sub
755 3212 874 3282 lege
910 3212 1070 3282 quasi
1111 3211 1214 3266 sub
1262 3213 1399 3283 lege,
1438 3220 1496 3267 et
1533 3212 1602 3266 iis
1646 3212 1741 3282 qui
1769 3212 1889 3266 sine
1914 3212 2032 3282 lege
2059 3220 2181 3264 tan-

2287 3206 2364 3269 ὼς
2395 3205 2500 3259 ὑπὸ
2527 3205 2714 3274 νόμου,
2755 3203 2850 3259 καὶ
2886 3206 3002 3267 τοῖς
3037 3205 3261 3273 ἀνόμοις
3276 3203 3356 3266 ὡς
3389 3202 3614 3275 ἇνυμον.
3636 3206 3739 3257 Διὰ
3764 3206 3875 3275 γὰρ

601 3318 767 3371 quam
802 3303 922 3357 sine
953 3303 1072 3373 lege
1108 3305 1147 3356 ³.
1180 3303 1365 3357 Multis
1407 3303 1556 3359 enim
1586 3311 1649 3362 ut
1690 3303 1981 3372 prodesset
2030 3301 2186 3356 fictas

2287 3296 2387 3368 τὴν
2405 3296 2515 3348 τῶν
2532 3294 2745 3349 πολλῶν
2766 3294 3037 3363 ὠφέλειαν
3064 3296 3177 3357 τοῖς
3207 3293 3306 3361 τῆς
3330 3295 3677 3364 ὑποκρίσεως
3708 3312 3880 3367 προα-

605 3407 873 3463 personas
911 3394 1110 3457 induit,
1143 3409 1255 3448 non
1293 3393 1595 3449 adulatoris
1627 3394 1964 3463 amplectens
1992 3393 2183 3457 vitam,

2285 3387 2508 3450 ωπείοις
2557 3387 2868 3457 ἐχρήσατο·
2902 3386 2964 3438 οὐ
3022 3378 3258 3449 κόλακος
3300 3386 3687 3454 ἀσπαζόμενος
3736 3386 3873 3456 βίον,

605 3496 710 3537 nec
736 3482 1062 3543 damnosum
1094 3483 1201 3539 sibi
1225 3484 1443 3538 lucrum
1478 3492 1727 3553 captans,
1775 3484 1869 3538 sed
1898 3492 1958 3536 ut
1994 3497 2188 3536 eorum

2289 3481 2386 3532 καὶ
2415 3477 2605 3547 κέρδος
2635 3476 2926 3547 ἐπιζήμιον
2954 3478 3133 3547 ἑαυτῷ
3164 3477 3562 3548 μηχανώμνος
3589 3493 3603 3507 ·
3642 3476 3759 3529 ἀλλ’
3792 3473 3878 3540 οἷς

604 3587 747 3641 quos
768 3574 1001 3628 docebat
1023 3574 1249 3628 utilitati
1274 3575 1606 3630 consuleret.
1625 3574 1855 3628 Divinus
1873 3572 2017 3643 ergo
2049 3574 2189 3627 Pauo

2291 3568 2389 3638 τὴν
2426 3566 2775 3620 διδασκαλίαν
2809 3568 3120 3637 προσέφερε
3153 3568 3253 3637 τὴν
3289 3567 3563 3637 ὠφέλειαν
3601 3585 3875 3639 πραγμα·

602 3662 712 3727 lus,
737 3664 919 3734 utjam
950 3664 1084 3728 dixi,
1111 3664 1645 3735 divinumjudicium
1675 3664 1982 3735 exspectari
2007 3664 2187 3734 jubet.

2292 3660 2604 3730 τευόμενος.
2642 3660 2703 3713 ’0
2746 3660 2843 3729 μὲν
2887 3656 2982 3712 οὖν
3019 3659 3307 3719 θεσπέσιος
3355 3659 3599 3722 Παῦλος,
3632 3659 3709 3722 ὡς
3740 3660 3875 3729 ἔφην

604 3755 995 3811 Verumtamen
1049 3754 1146 3824 qui
1198 3756 1404 3823 majora
1444 3754 1732 3817 audemus,
1767 3763 1823 3809 et
1856 3742 2188 3824 thedlogiam

2291 3751 2416 3821 ἤδη,
2455 3752 2516 3803 τὸ
2552 3751 2698 3803 θεῖον
2725 3751 3021 3819 ἀναμένειν
3050 3750 3264 3803 κελεύει
3295 3750 3603 3821 κριτήριον.
3650 3749 3872 3819 Ἐπειδὴ

604 3847 991 3918 cogitationem
1026 3861 1089 3901 ac
1124 3847 1291 3901 verba
1330 3845 1813 3901 transcendentem
1843 3844 2185 3915 attingimus,

2291 3842 2349 3896 δὲ
2384 3842 2480 3895 καὶ
2522 3830 2632 3897 τῶν
2664 3841 2929 3910 μειζόνων
2963 3842 3423 3911 κατατολμῶμεν,
3458 3841 3551 3893 καὶ
3590 3840 3874 3906 θεολογίας

604 3953 717 3994 non
744 3938 1100 4007 blasphemiae
1118 3946 1441 4007 argumenta
1470 3937 1765 4007 impiorum
1796 3936 2188 3991 haereticorum

2292 3934 2391 4004 τῆς
2426 3934 2566 4003 ὑπὲρ
2595 3932 2721 3986 νοῦν
2763 3934 2857 3986 καὶ
2885 3932 3045 3999 λόγον
3085 3933 3397 4001 ἁπτόμεθα,
3431 3934 3492 3985 ού
3522 3932 3872 4002 βλασφημίας

605 4045 761 4095 more
790 4035 1152 4098 aucupantes,
1184 4027 1280 4082 sed
1304 4036 1365 4081 ut
1414 4027 1632 4081 illorum
1678 4027 2013 4097 impietatem
2054 4041 2189 4080 con-

2293 4023 2551 4095 ἀφορμάς
2589 4023 2731 4078 κατὰ
2769 4026 2897 4086 τοὺς
2936 4023 3184 4087 ἀνοσίους
3230 4023 3621 4093 ἐπιζητοῦντες
3669 4023 3873 4093 αἱρετι-

603 4120 912 4181 vincamus,
967 4102 1025 4173 et
1068 4118 1319 4173 Creatori
1376 4117 1569 4172 laudes
1615 4132 1716 4187 pro
1777 4127 1942 4187 captu
1997 4126 2189 4171 nostro

2293 4116 2443 4179 κοὺς,
2478 4112 2619 4167 ἀλλὰ
2648 4113 2743 4183 τὴν
2771 4112 2994 4184 ἐκείνων
3046 4112 3307 4166 ἀσέϐειαν
3339 4112 3719 4181 ἐξελέγχοντες
3737 4152 3751 4174 ,
3778 4111 3871 4164 καὶ

606 4212 1008 4282 persolvamus,
1039 4204 1433 4277 absurdinihil
1456 4210 1632 4264 acturi
1651 4226 1868 4277 sumus,
1902 4209 1947 4263 si
1990 4207 2058 4264 ad
2102 4208 2189 4267 in-

2292 4206 2369 4269 ὡς
2394 4204 2681 4276 χωροῦμεν
2710 4204 2799 4257 τὸν
2844 4204 3084 4274 Ποιητὴν
3109 4202 3501 4273 άνυμνοῦντες,
3538 4204 3691 4284 ούδὲν
3716 4203 3870 4255 am:-

608 4300 1033 4372 terrogationem
1068 4307 1308 4355 vestram
1348 4300 1803 4375 respondeamus.

2296 4294 2390 4371 κδς
2433 4293 2690 4365 δρῲημεν
2727 4293 2793 4348 ἂν
2828 4295 2964 4364 πρὸς
3006 4294 3103 4365 τὴν
3144 4294 3415 4365 ὑμετέραν
3450 4294 3867 4365 ἀποκρινόμενοι

2302 4403 2517 4441 πευσιν.

748 4479 1119 4550 Proposuistis
1164 4481 1412 4536 oratione
1442 4490 1625 4536 vestra
1665 4481 1893 4551 impium
1923 4482 2187 4552 judicem,
2221 4446 2269 4503 θ

2255 4451 2269 4500 ⁵
2378 4476 2675 4530 ’Υπέθεσθε
2720 4476 2800 4546 τῷ
2844 4476 2987 4547 λόγῳ
3031 4476 3271 4547 δυσσεϐῆ
3316 4476 3605 4547 δικαστὴν,
3662 4476 3865 4546 αἵρεσιν

606 4572 702 4639 qui
731 4570 949 4625 duobus
992 4570 1214 4639 pietatis
1244 4570 1467 4625 athletis
1501 4571 1780 4639 Optionem
1840 4571 2076 4633 dederit,
2131 4579 2192 4626 ut

2295 4568 2565 4625 δεδωκότα
2594 4568 2688 4623 δύο
2728 4569 2869 4620 τισὶν
2903 4568 3165 4638 ἀθληταῖς
3207 4569 3519 4633 εὐσεϐείας,
3559 4567 3702 4621 ὥστε
3731 4568 3867 4620 δυοῖν

606 4662 935 4716 alterutrum
967 4662 1232 4727 facerent,
1273 4670 1368 4719 aut
1415 4661 1789 4717 sacrificarent
1823 4662 2187 4724 daemonibus,

2293 4661 2517 4732 θάτερον
2546 4661 2744 4732 δρᾶσαι
2769 4700 2784 4725 ,
2831 4660 2863 4730 ἢ
2910 4659 3073 4713 θῦσαι
3110 4660 3381 4729 δαίμοσιν,
3434 4660 3467 4730 η
3507 4661 3652 4727 σφᾶς
3692 4657 3867 4721 εἰς’τὸ

606 4764 700 4807 aut
732 4768 849 4808 sese
874 4754 930 4808 in
962 4768 1113 4809 mare
1142 4753 1339 4807 darent
1379 4752 1731 4823 praecipites:
1774 4764 1939 4824 atque
1989 4755 2187 4808 borum

2295 4753 2531 4821 πέλαγος
2569 4752 2755 4822 ῥίψαι·
2810 4754 2904 4805 καὶ
2938 4751 3029 4805 τὸν
3063 4752 3161 4823 μὲν
3204 4753 3453 4823 ἁρπάσαι
3497 4753 3558 4803 τὸ
3601 4751 3863 4821 δεύτερον,

611 4860 778 4900 unum
841 4844 1066 4916 quidem
1112 4845 1389 4914 posterius
1441 4844 1762 4914 arripuisse,
1819 4845 2187 4916 alacriterquc

2293 4847 2390 4899 καὶ
2414 4844 2709 4915 προθύμως
2742 4843 2821 4906 είς
2846 4843 2935 4896 τὸν
2962 4844 3123 4913 βυθὸν
3150 4843 3476 4914 κυϐιστῆσαι
3494 4860 3507 4873 ·
3534 4845 3629 4897 τὸν
3651 4842 3708 4897 δὲ
3740 4840 3866 4914 μηδ-

608 4938 665 4992 in
716 4936 1054 5007 profundum
1107 4935 1422 4991 desiliisse:
1464 4936 1701 4990 alterum
1745 4952 1877 4990 vero
1928 4946 2187 4991 neutrum

2293 4936 2478 5007 έτερον
2528 4934 2782 4988 ἑλέσθαι·
2825 4934 2963 4989 ἀλλὰ
3024 4936 3125 5004 τὴν
3180 4935 3288 4988 τῶν
3342 4935 3575 4989 εἰδώλων
3620 4936 3866 5004 λατρείαν

607 5028 873 5098 elegisse,
934 5026 1032 5082 sed
1093 5026 1367 5082 idolorum
1424 5026 1649 5095 quidem
1712 5026 1921 5081 cultum
1986 5026 2191 5095 prioris

2296 5027 2694 5101 παραπλησίως
2717 5027 2796 5099 τῷ
2820 5028 3072 5099 προτέρῳ
3103 5028 3480 5097 βδελύξασθαι,
3505 5031 3698 5083 ἑαυτὸν
3718 5028 3771 5081 δὲ
3799 5026 3864 5098 μὴ

608 5119 860 5188 exemplo
913 5117 1214 5186 respuisse,
1257 5117 1498 5185 seipsum
1552 5125 1733 5192 tamen
1791 5116 2051 5171 fluctibus
2077 5134 2189 5171 non

2299 5120 2635 5191 παραδοῦναι
2672 5122 2784 5182 τοῖς
2814 5119 3077 5189 κύμασιν,
3107 5120 3224 5173 ἀλλ’
3261 5123 3550 5190 ἀναμεῖναι
3593 5120 3685 5192 βία
3721 5120 3867 5173 τοῦτο

610 5210 900 5280 obiecisse,
934 5209 1032 5264 sed
1062 5216 1408 5278 exspectasse
1438 5217 1499 5262 ut
1532 5223 1627 5277 per
1660 5209 1768 5263 vim
1802 5209 1871 5263 ab
1901 5208 2010 5263 alio
2040 5224 2187 5263 mere

2300 5211 2427 5282 παρ’
2457 5211 2644 5281 ἐτέρου
2680 5211 2895 5266 παθεῖν.
2929 5210 3087 5265 υῦτω
3115 5212 3291 5266 ταῦτα
3317 5212 3395 5282 τῷ
3419 5212 3564 5283 λόγῳ
3584 5213 3865 5266 διασκευάο

611 5308 855 5369 geretur.
908 5299 1005 5355 His
1056 5300 1130 5355 ita
1178 5297 1462 5367 expositis,
1516 5299 1747 5367 rogastis
1796 5305 1921 5352 uter
1971 5298 2190 5353 illorum

2304 5318 2529 5365 σαντες,
2565 5302 2766 5373 ἦρεσθε
2799 5303 3031 5372 πότερος
3074 5304 3260 5357 αὑτοῖν
3302 5303 3530 5373 ἄμεινον
3559 5302 3866 5373 δεδρακέναι

614 5392 818 5449 rectius
855 5389 1051 5447 fecisse
1077 5391 1350 5446 videatur.
1388 5391 1503 5461 Ego
1526 5406 1657 5445 vero
1686 5391 1843 5445 vobis
1866 5407 2086 5461 quoque
2109 5407 2196 5446 se-

2301 5392 2467 5446 δοκεῖ.
2487 5391 2627 5461 Ἐγὼ
2655 5392 2712 5446 δὲ
2739 5387 2890 5462 οἶμαι
2925 5393 3019 5447 καὶ
3045 5393 3174 5463 ὑμῖν
3208 5393 3481 5446 συνδοκεῖν
3513 5394 3605 5446 τὸν
3633 5393 3868 5463 δεύτερον

612 5483 860 5543 cundum
904 5483 1067 5538 laude
1114 5482 1425 5551 digniorem
1472 5480 1651 5536 videri
1707 5482 1965 5537 arbitror.
2007 5482 2197 5553 Neque

2306 5484 2764 5555 ἀξιαγαστότερον
2793 5478 2951 5541 εἶναι.
2984 5485 3120 5545 Οὐδὲ
3146 5483 3257 5555 γὰρ
3288 5485 3362 5559 μὴ
3391 5485 3852 5557 προσταττόμενον

680 5638 703 5679 ι’
736 5637 904 5693 lCor.
942 5652 1013 5699 tv,
1044 5637 1094 5690 5.
1177 5636 1195 5665 ³
1220 5635 1241 5690 Ι
1263 5634 1389 5691 Cor.
1428 5652 1499 5697 ix,
1529 5636 1618 5700 20,
1645 5637 1733 5690 2i.

676 5752 766 5826 (-l)
803 5755 1141 5829 ἐπαγγέλλει).
1172 5755 1583 5831 Neapoiitanus,
