4078 6320
289 372 357 435 ττ
1556 350 1925 414 EPISTOLA
1964 352 2075 413 III.

3364 352 3505 421 1178

212 476 331 542 χρὴ,
352 488 477 524 τινα
510 469 703 523 ἑαυτὸν
741 466 1058 536 ὑπεξάγειν,
1091 467 1230 523 ἀλλά
1276 474 1613 540 προσμένειν
1641 468 1675 538 ἢ
1707 466 1798 519 τὸν

1905 467 2055 521 enim
2086 466 2357 536 imussum
2406 478 2743 536 quemquam
2775 472 2994 534 oportet
3021 462 3089 520 de
3116 463 3227 518 vita
3258 465 3502 536 seipsum

212 559 547 632 αὑτὸματον,
581 560 614 630 ἢ
637 559 727 612 τὸν
748 559 921 629 βίαιον
948 558 1197 612 θάνατον.
1229 560 1339 613 Καὶ
1360 558 1518 612 τοῦτο
1540 557 1808 612 διδάσκων

208 654 247 703 ὀ
284 652 580 722 Δεστότης,
609 653 734 714 τοὺς
758 652 815 705 ἐν
843 652 972 720 τῇδε
999 654 1065 721 τῇ
1091 651 1243 704 πόλει
1269 649 1641 719 διωκομένους
1668 647 1799 702 φεύ-

211 758 343 809 γειν
373 743 450 803 εἰς
482 744 676 812 ἑτέραν
701 722 1144 813 παρεκελεύσατο
1164 760 1176 773 ·
1210 743 1304 795 καὶ
1348 737 1502 804 αὖθις
1546 739 1807 809 κάκείνην

216 834 501 903 ἀμείϐειν,
548 836 644 888 καὶ
694 836 775 899 εἰς
824 836 1018 906 ἐτέραν
1052 837 1273 889 ἀπιέναι
1325 834 1478 887 πόλιν
1526 832 1804 885 ἐκέλευσε.

211 926 410 979 Ταῦτα
453 926 883 996 πεπαιδευμένος
914 929 942 980 ὀ
972 928 1113 990 θεῖος
1164 926 1510 990 Ἀπόστολος,
1537 927 1631 979 τοῦ
1688 927 1806 979 ἐθν-

210 1019 393 1087 άρχου
448 1018 548 1081 τὰς
590 1021 779 1089 χεῖρας
833 1020 1079 1087 διέφυγε,
1111 1019 1207 1071 καί⁹
1236 1019 1358 1071 οὑδέ
1388 1019 1487 1088 τῆς
1511 1019 1691 1087 φυγῆς
1715 1019 1807 1072 τὸν

207 1111 423 1181 τρόπον
487 1112 777 1181 ἐσίγησεν·
822 1111 936 1165 ἀλλ’
974 1112 1223 1177 ὑπέδειξε
1260 1112 1359 1181 τὴν
1404 1114 1684 1182 σαργάνην
1729 1111 1807 1182 τῷ

206 1201 383 1272 λόγῳ,
418 1203 510 1256 καὶ
538 1205 599 1256 τὸ
631 1208 827 1274 τεῖχος,
853 1205 947 1257 καὶ
971 1204 1070 1273 τὴν
1100 1203 1314 1273 θυρίδα,
1345 1204 1529 1273 αὐχῶν
1560 1203 1651 1255 ἐπὶ
1683 1202 1807 1255 τού-

205 1310 353 1357 τοις,
388 1290 483 1346 καί⁸
524 1297 942 1365 σεμνυνόμενος.
998 1294 1058 1348 'O
1091 1294 1201 1363 γὰρ
1231 1294 1374 1358 θεῖος
1415 1295 1581 1364 νόμος
1616 1295 1677 1347 τὸ
1716 1294 1805 1347 δο-

206 1384 350 1438 κοῦν
383 1387 610 1456 αἰσχρὸν
654 1389 799 1438 ποιεῖ
832 1385 1050 1455 σεμνόν.
1103 1384 1265 1439 Οὕτω
1315 1386 1447 1437 ποτέ
1489 1386 1586 1456 μὲν
1637 1387 1806 1455 Φαρι-

208 1478 392 1535 σαῖον,
428 1478 559 1529 ποτέ
602 1478 663 1528 δέ
711 1477 981 1545 Ῥωμαῖον
1019 1477 1211 1529 ἑαυτὸν
1263 1478 1705 1548 προσηγόρευεν
1744 1477 1805 1531 οὑ

200 1566 307 1619 τὸν
340 1566 575 1621 θάνατον
605 1569 919 1639 δειμαίνων,
948 1569 1065 1621 ἀλλ’
1098 1570 1342 1639 ἐννόμως
1372 1570 1800 1640 ἀγωνιζόμενος.

202 1655 408 1721 Οὕτως
464 1657 840 1712 ἐπεκαλέσατο
889 1660 1168 1730 Καίσαρα,
1226 1661 1321 1722 τὰς
1357 1660 1464 1713 τῶν
1536 1656 1805 1713 Ἰουδαίων

204 1738 513 1810 ἐπιϐουλὰς
549 1741 884 1819 προμαθών
935 1750 1030 1803 καὶ
1076 1750 1167 1803 τὸν
1213 1748 1529 1818 ἀδελφιδοῦν
1581 1750 1636 1803 δέ
1668 1751 1805 1819 πρὸς

202 1836 306 1889 τον
338 1838 617 1908 χιλίαρχον
639 1839 876 1910 έπεμψε,
900 1841 1078 1893 καὶτὰ
1102 1841 1432 1911 τυρευθέντα
1464 1844 1801 1911 μεμήνυκεν,

202 1929 274 1982 οὑ
306 1928 411 1995 τῆς
442 1931 727 1999 παρούσης
765 1931 949 1999 βιοτῆς
982 1932 1297 2002 ἐφιέμενος,
1328 1932 1466 1985 ἀλλὰ
1502 1936 1615 1995 τοῖς
1638 1933 1806 1995 θείοις

202 2019 401 2088 νόμοις
433 2019 719 2089 ἑπόμενος.
774 2021 847 2073 Οὑ
892 2021 1002 2091 γὰρ
1039 2022 1101 2091 δὴ
1142 2021 1390 2089 βούλεται
1431 2025 1579 2091 ἡμᾶς
1637 2025 1665 2075 ό
1717 2026 1807 2076 Δε-

205 2114 422 2185 σπότης
470 2116 548 2178 εἰς
579 2111 859 2185 προῦπτον
896 2117 1125 2180 ἐαυτοὺς
1157 2116 1468 2186 ἐμϐάλλειν.
1500 2118 1610 2169 Καὶ
1647 2117 1807 2187 τοῦτο

201 2208 361 2275 ἡμᾶς
400 2207 462 2259 οὑ
496 2206 580 2259 διὰ
610 2208 785 2275 λόγων
822 2206 1006 2277 μόνον,
1044 2206 1181 2259 ἀλλά
1216 2207 1310 2260 καὶ
1337 2208 1425 2259 διὰ
1460 2210 1804 2278 πραγμάτων

200 2299 472 2363 ἐδίδαξεν.
500 2299 763 2361 Πολλάκις
785 2300 894 2368 γάρ
919 2298 1016 2360 τὰς
1038 2299 1355 2367 μιαιυόνους
1385 2298 1495 2352 τῶν
1531 2300 1805 2357 Ἰουδαίων

200 2390 452 2455 ἐξέκλινε
482 2394 693 2461 χεῖρας.
728 2391 839 2444 Καὶ
878 2392 906 2442 ό
939 2391 1111 2459 μέγας
1136 2390 1193 2441 δὲ
1236 2390 1448 2462 Πέτρος
1477 2432 1491 2455 ,
1537 2390 1646 2443 τῶν
1668 2392 1805 2443 ἀπο-

202 2477 415 2532 στόλων
450 2482 475 2533 ὁ
508 2480 753 2551 πρῶτος,
787 2480 1079 2543 ἀπολυθεὶς
1117 2480 1226 2533 τῶν
1272 2481 1511 2549 δεσμῶν,
1559 2482 1653 2534 καὶ
1703 2480 1804 2541 τὰς

210 2571 463 2641 Ἡρώδου
493 2575 678 2642 χεῖρας
694 2571 997 2640 διαφυγὼν,
1029 2573 1254 2640 ἀφίκετο
1281 2573 1379 2640 μὲν
1406 2574 1486 2634 εἰς
1503 2571 1600 2641 τὴν
1622 2572 1801 2625 οἰκίαν

194 2663 305 2735 τὴν
353 2664 598 2717 Ἰωάννου
638 2663 733 2717 τοῦ
784 2665 1224 2733 ἐπικαλουμένου
1270 2666 1528 2735 Μάρκου,
1578 2667 1674 2718 καὶ
1701 2666 1802 2737 τὴν

198 2754 431 2808 ἐκείνων
480 2754 732 2824 φροντίδα
786 2754 952 2827 λύσας
988 2757 1053 2826 τῇ
1109 2756 1390 2825 παρουσία
1426 2795 1442 2818 ,
1490 2757 1585 2809 καὶ
1641 2757 1801 2827 σιγὴν

198 2846 363 2912 ἄγειν
417 2844 680 2906 κελεύσας
704 2887 717 2908 ,
756 2846 835 2907 εἰς
881 2844 1057 2897 οἰκίαν
1091 2846 1283 2916 ἑτέραν
1323 2846 1558 2915 μετέστη
1583 2887 1597 2911 ,
1634 2846 1798 2901 πλέον

199 2933 392 2988 λαθεῖν
418 2938 481 3004 τῇ
521 2933 820 3002 μεταϐάσει
854 2933 1215 3004 πειρώμενος.
1253 2935 1427 2987 Τοῦτο
1455 2935 1552 2999 τῆς
1581 2936 1798 3004 φιλοσο-

202 3025 340 3091 φίας
374 3024 435 3077 τὸ
480 3021 617 3087 εἶδος
647 3012 955 3095 εὑρήσομεν
989 3026 1092 3077 κάν
1136 3028 1205 3094 τῇ
1257 3026 1492 3097 Παλαιᾷ.
1536 3028 1647 3080 Καὶ
1690 3028 1800 3098 γὰρ

199 3117 451 3185 Μωῦσῆς
483 3118 687 3179 ἐκεῖνος
732 3119 760 3169 ὁ
826 3115 1228 3187 πολυύμνητος,
1266 3118 1458 3189 ἀνδρίᾳ
1502 3123 1569 3189 τῇ
1602 3137 1796 3191 προτε-

205 3207 342 3277 ραίᾳ
391 3206 531 3259 κατὰ
579 3206 673 3259 τοῦ
713 3208 1015 3272 Αἰγυπτίου
1056 3212 1404 3278 χρησάμενος
1430 3250 1443 3273 ,
1476 3205 1597 3264 εἶτα
1634 3214 1797 3279 γνοὺς

200 3300 271 3368 τῇ
336 3298 600 3368 ὑστεραίᾳ
661 3297 966 3367 κατάδηλον
1028 3299 1119 3352 τὸν
1178 3299 1339 3368 φόνον
1396 3304 1795 3373 γεγενημένον,

202 3387 452 3458 ἀπέδρα,
494 3390 590 3441 καὶ
617 3388 826 3441 πολλῶν
850 3389 969 3445 ὁδὸν
1004 3389 1266 3461 ἐξήνυσεν
1294 3390 1539 3463 ἡμερῶν,
1575 3396 1670 3447 καὶ
1700 3395 1797 3465 τὴν

202 3477 529 3532 Μαδιανῖτιν
560 3476 831 3530 κατέλαϐε
874 3476 1081 3546 χώραν.
1119 3475 1309 3544 Οὕτως
1353 3481 1543 3543 Ἠλίας
1569 3483 1600 3534 ὁ
1655 3483 1796 3539 πάνυ

201 3569 307 3632 τάς
339 3569 437 3645 τῆς
477 3567 718 3631 Ἰεζάϐελ
753 3568 1091 3637 μεμαθηκὼς
1121 3570 1355 3631 ἀπειλὰς
1376 3608 1391 3633 ,
1426 3576 1541 3635 τοῖς
1588 3574 1797 3627 ἀνελεῖν

206 3660 558 3731 βουλομένοις
594 3661 788 3713 ἑαυτὸν
823 3659 923 3712 οὑκ
960 3661 1255 3725 ἐξέδωκεν,
1293 3662 1432 3715 ἀλλὰ
1479 3662 1579 3730 τὴν
1613 3666 1797 3716 οἰκου-

207 3751 381 3822 μένην
426 3750 766 3815 καταλιπὼν,
820 3750 1060 3821 ἔδραμεν
1096 3753 1175 3815 εἰς
1223 3754 1323 3822 τὴν
1372 3752 1601 3823 ἔρημον.
1643 3753 1797 3807 Εἰδέ

202 3841 266 3895 τὸ
296 3844 489 3911 φυγεῖν
514 3840 623 3893 τῶν
652 3841 1038 3912 πολεμούντων
1061 3843 1161 3905 τὰς
1189 3847 1377 3915 χεῖρας
1414 3845 1563 3899 ὅσιόν
1601 3862 1662 3899 τε
1698 3848 1795 3899 καὶ

202 3931 327 4003 Θεῷ
378 3932 713 4003 προσφιλὲς,
756 3933 939 4003 πολλῷ
970 3932 1241 4001 δήπουθεν
1271 3936 1566 4007 όσώτερον
1611 3936 1673 3990 τὸ
1722 3937 1797 4007 μὴ

202 4023 499 4092 πεισθῆναι
527 4023 607 4094 τῷ
633 4023 954 4077 κελεύσαντι
978 4024 1141 4077 αὑτὸν
1188 4026 1384 4080 ἑαυτοῦ
1411 4026 1668 4095 γενέσθαι
1699 4044 1797 4096 φο-

203 4118 322 4171 νέα.
360 4117 493 4170 Οὐδὲ
522 4117 630 4186 γὰρ
658 4120 686 4169 ό
712 4116 915 4187 Κύριος
943 4112 1088 4181 εἶξεν
1119 4118 1369 4188 εἰρηκότι
1412 4119 1490 4189 τῷ
1527 4120 1761 4192 διαϐόλῳ
1779 4136 1793 4152 ·

208 4226 227 4260 ι
265 4207 407 4260 Βάλε
441 4206 669 4259 σεαυτὸν
708 4207 922 4261 ἄνωθεν
967 4208 1137 4271 κάτω.
1195 4228 1213 4260 ι
1259 4210 1476 4273 ὐτεδὲ
1517 4211 1616 4274 τὰς
1668 4212 1797 4265 Ἰου-

199 4297 397 4360 ὼῖκάς
429 4298 550 4350 κατ’
580 4296 746 4349 αὑτοῦ
786 4296 1100 4351 καθώπλισε
1135 4303 1345 4371 χεῖρας,
1380 4303 1470 4355 διὰ
1520 4303 1632 4355 τῶν
1685 4322 1794 4373 μα·-

204 4390 431 4457 στίγων,
477 4388 571 4441 καὶ
600 4388 711 4441 τῶν
746 4389 1002 4443 ἀκανθῶν
1027 4432 1042 4456 ,
1093 4393 1188 4444 καὶ
1218 4393 1326 4445 τῶν
1368 4395 1535 4465 ἥλων,
1571 4398 1667 4450 καὶ
1696 4398 1795 4468 τῆς

1910 559 2172 623 educere,
2200 558 2295 615 sed
2332 566 2566 613 mortem
2598 559 2682 612 vel
2708 568 3067 629 spontaneam
3094 557 3179 611 vel
3202 557 3502 615 violentam

1909 650 2239 721 praestolari.
2287 649 2445 716 Quod
2505 650 2712 705 docens
2741 650 3030 712 Dominus,
3061 664 3157 704 eos
3190 650 3283 720 qui
3315 665 3506 719 perse-

1910 744 2191 798 cutionem
2246 744 2303 797 in
2356 759 2464 797 una
2517 744 2742 797 civitate
2797 743 3101 813 patiantur,
3159 742 3215 796 in
3269 742 3502 797 alteram

1909 835 2099 905 fugere
2134 834 2417 904 praecepit,
2454 843 2620 904 atque
2653 833 2854 888 iterum
2916 848 2984 887 ex
3038 833 3142 887 hac
3181 832 3349 888 etiam
3373 830 3504 886 .mi-

1910 943 2091 996 grare,
2131 937 2187 981 et
2224 928 2281 980 in
2318 926 2479 986 aliam
2516 924 2670 980 abire
2704 925 2871 995 jussit
2915 924 2957 977 ‘.
3002 923 3214 995 1063
3262 921 3379 989 Qua
3434 937 3504 977 ex

1910 1019 2202 1088 disciplina
2267 1018 2490 1073 divinus
2558 1013 2856 1086 Apostolus
2880 1017 2913 1048 "
2992 1015 3270 1086 praepositi
3324 1015 3504 1085 gentis

1909 1124 2108 1164 manus
2139 1108 2353 1178 effugit,
2399 1107 2649 1178 fugaeque
2686 1108 2909 1161 modum
2939 1122 3053 1159 non
3109 1106 3354 1170 reticuit,
3403 1105 3502 1161 sed

1909 1210 1966 1256 et
2024 1210 2264 1271 sportam
2303 1199 2778 1262 commemoravit,
2813 1205 2870 1253 et
2904 1212 3145 1261 murum,
3180 1206 3237 1251 et
3264 1206 3500 1266 portam,

1910 1308 1977 1347 eo
2007 1293 2231 1361 nomine
2259 1292 2506 1362 glorians
2537 1297 2593 1344 et
2639 1290 2944 1344 exsultans.
2998 1286 3113 1348 Lex
3162 1287 3369 1357 quippe
3414 1286 3503 1341 di-

1908 1385 2036 1438 vina
2061 1384 2354 1439 honestum
2395 1382 2450 1436 id
2481 1381 2750 1436 reddebat
2778 1379 2926 1449 quod
2981 1378 3303 1432 indecorum
3345 1377 3504 1432 vide-

1909 1476 2093 1531 batur.
2145 1474 2239 1529 Sic
2284 1484 2342 1528 et
2396 1473 2733 1528 Pharisazum
2769 1487 2828 1526 se
2879 1470 3182 1533 interdum,
3221 1469 3503 1524 interdum

1909 1568 2216 1621 Romanum
2248 1565 2530 1635 professus
2558 1573 2664 1628 est,
2696 1579 2804 1617 non
2842 1571 3077 1616 mortem
3108 1560 3499 1625 reformidans,

1908 1656 2004 1711 sed
2052 1656 2295 1726 legitime
2343 1655 2638 1709 decertans
2671 1655 2711 1706 °.
2747 1651 2838 1708 Sic
2868 1651 3141 1706 Cmsarem
3182 1650 3501 1719 appellavit,

1909 1766 2034 1805 cum
2066 1749 2383 1805 Judaeorum
2419 1746 2649 1802 insidias
2682 1744 3065 1816 praesensisset
3099 1743 3143 1808 ’,
3184 1740 3506 1811 sororisque

1838 1810 1879 1864 Β
1910 1844 2084 1898 illium
2139 1842 2291 1896 misit
2328 1840 2395 1895 ad
2432 1810 2740 1900 tribunum,
2789 1843 2846 1890 et
2890 1834 3120 1889 insidias
3164 1810 3425 1903 patefecit
3458 1832 3501 1897 ⁸,

1908 1950 2019 1989 non
2055 1932 2223 1986 vitam
2256 1937 2586 2001 pmsentem
2618 1936 2906 1996 expetens,
2940 1924 3036 1979 sed
3057 1923 3275 1994 legibus
3298 1922 3505 1979 divinis

1908 2026 2317 2092 obtemperans.
2350 2021 2541 2089 Neque
2573 2017 2721 2072 enim
2762 2016 2880 2070 vult
2920 2017 3210 2082 Dominus,
3254 2022 3315 2069 ut
3360 2030 3503 2084 prae-

1907 2115 2104 2185 cipites
2154 2128 2259 2167 nos
2306 2112 2459 2180 ipsos
2512 2124 2759 2179 agamus,
2788 2116 2955 2178 atque
2985 2108 3090 2163 hoc
3116 2123 3219 2162 nos
3247 2108 3363 2178 ipse
3391 2123 3502 2161 non

1906 2209 2092 2264 Verbis
2121 2206 2307 2269 modo,
2344 2204 2442 2259 sed
2477 2202 2636 2257 factis
2654 2200 2821 2256 etiam
2846 2200 3055 2255 docuit.
3092 2201 3307 2269 Smpius
3331 2200 3501 2254 etiam

1905 2307 2169 2353 cruentas
2195 2276 2517 2350 Judaaorum
2547 2306 2744 2346 manus
2774 2289 3094 2344 declinavit.
3144 2290 3214 2343 Et
3267 2302 3502 2359 magnus

1904 2388 2121 2453 Petrus,
2157 2386 2537 2457 apostolorum
2569 2384 2805 2453 primus,
2842 2382 3081 2436 vinculis
3130 2382 3346 2436 solutus
3394 2379 3504 2434 He-

1904 2482 2166 2552 rodisque
2215 2479 2474 2535 manibus
2524 2478 2767 2547 elapsus,
2800 2475 2955 2531 venit
2981 2475 3047 2529 ad
3077 2475 3303 2529 domum
3336 2473 3503 2528 Joan-

1902 2577 2010 2637 nis,
2063 2574 2160 2643 qui
2216 2571 2644 2642 cognominatus
2692 2576 2779 2624 est
2832 2569 3067 2631 Marcus,
3119 2576 3177 2621 et
3224 2582 3351 2621 cum
3389 2565 3502 2621 illis

1904 2664 2332 2739 sollicitudinem
2365 2663 2655 2734 prmsentia
2696 2677 2795 2716 sua
2858 2661 3153 2715 exemisset
3193 2658 3503 2715 silentium-

1902 2775 2010 2830 que
2059 2758 2407 2828 imperasset,
2470 2757 2527 2810 in
2577 2756 2743 2809 aliam
2802 2754 3029 2809 domum
3091 2768 3150 2809 se
3193 2752 3498 2817 transtulit,

1902 2853 2010 2907 hoc
2032 2860 2287 2920 satagens
2310 2858 2371 2904 ut
2404 2848 2567 2903 sedes
2605 2846 2872 2901 mutando
2911 2846 3152 2915 amplius
3203 2845 3423 2911 lateret
3452 2844 3499 2898 σε

1902 2942 2018 2999 Hoc
2051 2940 2418 3012 philosophus
2462 2954 2638 3009 genus
2686 2937 2741 2991 in
2773 2937 2951 2991 veteri
2980 2937 3148 2990 etiam
3189 2935 3308 3005 lege
3345 2949 3502 3004 repe-

1902 3033 2132 3089 riemus.
2169 3031 2303 3086 Nam
2335 3040 2393 3084 et
2416 3030 2593 3084 Moses
2626 3026 3174 3091 illeceleberrimus,
3210 3042 3335 3079 cum
3386 3024 3504 3096 pri-

1901 3123 1991 3177 die
2031 3122 2252 3177 fortiter
2287 3122 2491 3192 egisset
2533 3120 2590 3173 in
2622 3119 2963 3191 .IEgyptium,
3002 3134 3065 3172 ac
3104 3116 3374 3188 postridie
3398 3132 3505 3171 cae-

1900 3215 2027 3269 dem
2064 3230 2187 3269 esse
2220 3213 2550 3283 patefactam
2606 3211 2993 3281 comperisset,
3050 3209 3232 3279 fugam
3285 3208 3432 3271 iniit,
3481 3209 3502 3228 '

1900 3306 2314 3373 multorumque
2381 3303 2598 3357 dierum
2658 3303 2766 3356 iter
2817 3317 3080 3356 emensus
3126 3298 3501 3370 pcrvenit'in

1900 3394 2313 3453 Madianitidem
2377 3394 2659 3464 regionem
2697 3393 2761 3445 ⁸ο.
2796 3392 2865 3446 Ει
2892 3406 3120 3462 magnus
3144 3391 3315 3454 Elias,
3340 3390 3502 3443 Jeza-

1900 3488 2040 3543 belis
2073 3487 2251 3541 minas
2274 3501 2400 3540 cum
2441 3484 2745 3547 didicisset,
2799 3483 2867 3539 iis
2900 3484 2995 3553 qui
3042 3482 3296 3538 occidere
3350 3482 3502 3537 vole-
3532 3552 3533 3555 η

1899 3580 2033 3633 bant
2084 3576 2299 3648 1064
2352 3576 2594 3646 seipsum
2638 3593 2748 3632 non
2793 3576 3042 3639 tradidit,
3080 3574 3177 3631 sed
3209 3573 3500 3629 habitabili

1900 3672 2111 3745 relicta,
2136 3670 2278 3738 fugit
2308 3670 2365 3723 in
2399 3670 2758 3725 solitudinem
2794 3672 2859 3724 “.
2886 3667 3043 3736 Quod
3077 3668 3124 3724 si
3157 3683 3501 3739 persequen-

1901 3763 2039 3816 tium
2098 3776 2298 3814 manus
2354 3761 2598 3831 effugere
2646 3770 2901 3816 sanctum
2953 3762 3179 3830 Deoque
3209 3770 3501 3832 acceptum

1898 3861 2005 3917 est,
2053 3852 2230 3907 multo
2266 3853 2460 3921 utique
2502 3852 2747 3907 sanctius
2768 3854 2820 3908 ei
2857 3854 2953 3924 qui
2985 3854 3071 3908 sui
3102 3854 3278 3923 ipsius
3312 3853 3499 3908 homi-

1900 3945 2077 4000 cidam
2108 3958 2231 3999 esse
2270 3942 2503 3998 suadeat
2533 3960 2645 3998 non
2686 3944 2943 4014 obsequi.
2984 3946 3173 4015 Neque
3198 3947 3349 3999 enim
3374 3961 3499 4002 ces-

1899 4037 1971 4092 sit
1994 4034 2261 4090 Dominus
2282 4033 2504 4087 diabolo
2522 4032 2730 4088 dicenti
2763 4050 2776 4087 :
2811 4052 2828 4083 ι
2855 4034 3007 4089 Mitte
3033 4042 3085 4089 te
3105 4034 3365 4091 deorsum
3389 4036 3453 4087 η.
3473 4053 3491 4087 ι

1899 4126 1969 4182 Ει
1993 4124 2219 4196 quando
2246 4124 2507 4180 Judaicas
2532 4123 2587 4177 in
2608 4139 2737 4179 eum
2762 4138 2960 4179 manus
2981 4125 3219 4179 armavit
3245 4123 3495 4195 ﬂagellis,

1898 4227 1955 4274 et
1985 4218 2181 4289 spinis,
2212 4224 2271 4287 et
2300 4216 2492 4281 clavis,
2524 4226 2861 4287 properante
2889 4226 3151 4272 creatura
3177 4217 3364 4286 impiis
3387 4216 3498 4271 illis

1898 4309 2129 4366 exitium
2161 4308 2390 4373 inferre,
2422 4308 2540 4378 ipse
2569 4317 2828 4385 tanquam
2862 4310 3134 4363 Dominus
3185 4308 3493 4379 prohibuit,

1898 4402 2219 4473 passionem
2276 4415 2432 4455 suam
2484 4399 2668 4455 sciens
2719 4401 2931 4456 mundo
2990 4416 3115 4457 esse
3175 4402 3494 4457 salutarem.

202 4480 439 4543 κτίσεως
471 4480 838 4549 ἐπειγομένης
881 4485 995 4544 τοῖς
1022 4482 1326 4554 ἀλιτηρίοις
1366 4487 1597 4550 ἐκείνοις
1649 4507 1790 4545 παν-

1902 4499 2195 4568 PrOpterea
2242 4495 2347 4551 sub
2388 4494 2579 4564 .ipsam
2634 4495 2949 4563 passionem
2996 4493 3262 4565 apostolis
3303 4492 3442 4547 dixit
3476 4509 3491 4547 :

201 4569 470 4641 ωλεθρίαν
505 4568 1023 4638 ἐπαγαγεῖν,“αὑτὺς
1057 4572 1131 4635 ὼς
1175 4575 1454 4645 Δεσπότης
1495 4577 1793 4645 ἐκώλυσεν,

202 4660 360 4724 εἰδὼς
395 4660 455 4714 τὸ
484 4660 655 4725 πάθος
703 4660 780 4731 τῷ
836 4661 1028 4733 κόσμῳ
1062 4666 1351 4736 σωτήριον.
1394 4667 1495 4720 Διά
1521 4685 1605 4722 τοι
1635 4671 1796 4725 τοῦτο

202 4756 299 4807 καὶ
324 4753 477 4822 παρὰ
497 4753 556 4806 τὸ
574 4753 872 4818 πάθοςτοῖς
896 4757 1219 4819 ἀποστόλοις
1235 4758 1421 4827 ἔλεγεν
1445 4776 1458 4790 ·
1490 4778 1509 4810 ι
1548 4760 1793 4829 Εὑξασθε

205 4847 280 4919 μὴ
312 4845 687 4911 εἰσελθεῖνιείς
723 4849 1056 4919 πειρασμόν.
1097 4869 1115 4903 ι
1149 4852 1259 4904 Καὶ
1290 4855 1439 4924 ἡμᾶς
1469 4854 1648 4924 λέγειν
1684 4857 1795 4912 ἐδίη-

200 4931 395 5005 δαξεν”
434 4959 451 4991 ι
487 4940 596 4993 Καὶ
622 4941 696 5011 μὴ
729 4941 1049 5014 εἰσενέγκῃς
1073 4944 1220 5013 ἡμᾶς
1246 4947 1327 5010 εἰς
1361 4948 1688 5020 πειρασμόν.
1730 4970 1748 5003 ι

270 5032 864 5104 Μετασχηματίσωμεν
902 5034 993 5104 δὲ’,
1020 5037 1069 5087 εἰ
1108 5036 1253 5090 δοκεί
1282 5079 1296 5103 ,
1330 5040 1507 5111 μικρά
1538 5059 1663 5096 τινα
1697 5042 1793 5096 τοῦ

202 5123 613 5195 προϐλήματος,
661 5125 1118 5198 καὶνσαφέστερον
1151 5128 1508 5201 μαθησόμεθα
1533 5133 1629 5204 τὴν
1659 5136 1794 5203 ἀλή-

202 5213 389 5268 θειαν·
422 5216 515 5268 καὶ
545 5216 872 5287 ἀφελόμενοι
902 5218 997 5272 τοῦ
1032 5219 1191 5288 λόγου
1219 5222 1319 5295 τὴν
1353 5222 1647 5292 θάλατταν,
1680 5228 1797 5298 φῶ-

208 5323 306 5373 μεν
348 5306 496 5377 ξίφος
546 5309 850 5381 ἐγχειρίσαι
901 5311 995 5364 τὸν
1052 5311 1327 5388 δικαστὴν»
1370 5317 1630 5389 ἐκατέρῳ
1682 5313 1792 5372 τῶν

204 5396 475 5468 ἀθλητῶν,
509 5402 603 5452 καὶ
628 5401 939 5471 προστάξαι
968 5403 1063 5456 τὸν
1089 5406 1191 5458 οὑκ
1239 5407 1570 5479 ἀνεχόμενον
1602 5411 1787 5479 θῦσαι,

202 5487 301 5561 τὴν
331 5488 541 5544 οἰκείαν
572 5494 830 5563 ἐκτεμεῖν
860 5495 1106 5566 κεφαλήν
1127 5515 1139 5527 ·
1170 5498 1254 5564 τίς
1281 5495 1376 5554 οὖν
1402 5502 1509 5573 ἄρα
1554 5500 1614 5558 εὖ
1662 5523 1795 5576 φρο-

271 5626 295 5702 ξ
342 5625 648 5702 Matth.__x,
704 5629 797 5686 23.
909 5633 930 5664 ⁵
970 5633 1015 5687 Il
1056 5633 1183 5691 Cor.
1236 5653 1295 5702 ιι,
1338 5638 1428 5692 55.

421 5712 515 5789 xli,
544 5697 610 5789 ita
644 5714 821 5771 scqq..
905 5705 947 5735 '°
975 5704 1147 5760 Exod.
1212 5694 1294 5773 ιι,’
1329 5709 1415 5765 ib.

228 5766 247 5797 ‘
275 5765 412 5825 Luc.
452 5782 525 5833 ιι,
556 5767 607 5825 4.

1533 5641 1555 5673 ⁸
1579 5642 1703 5697 Act.
1744 5661 1900 5711 xxxii,
1952 5645 2016 5711 6;
2049 5661 2181 5707 xm,
2214 5640 2304 5695 ‘25.

1522 5712 1562 5743 “
1600 5712 1670 5768 Ill
1696 5714 1828 5787 Reg.
1890 5728 2000 5781 nx,
2072 5717 2094 5771 l
2143 5726 2297 5784 seqq.

1908 4607 1925 4641 ι
1963 4587 2128 4643 Orate
2152 4594 2211 4640 ut
2235 4600 2347 4639 non
2390 4584 2612 4641 intretis
2642 4585 2699 4639 in
2732 4586 3102 4656 tentationem
3130 4585 3194 4638 ".
3234 4603 3251 4634 ι
3290 4584 3359 4638 Et
3393 4598 3494 4639 nos

1900 4681 2086 4737 dicere
2125 4678 2316 4735 docuit
2359 4695 2373 4732 ;
2413 4663 2532 4735 (Et
2567 4693 2637 4732 ne
2684 4692 2788 4732 nos
2815 4677 3051 4736 inducas
3114 4677 3174 4732 in
3237 4661 3497 4733 tentat'io-

1899 4786 2029 4827 nem
2064 4771 2128 4826 “.
2165 4788 2183 4820 ι

1970 5050 2391 5107 Commutemus
2418 5055 2627 5110 autem,
2668 5045 2715 5102 si
2762 5045 2965 5116 placet,
3020 5058 3194 5114 pauca
3241 5042 3497 5113 quaedam

1902 5142 1959 5197 in
2008 5139 2290 5213 proposita
2328 5139 2659 5209 quaestione,
2696 5144 2754 5192 et
2797 5137 3091 5192 veritatem
3116 5144 3365 5207 apertius
3396 5150 3495 5191 co-

1902 5246 2282 5304 gnosccmus:
2339 5245 2425 5295 ac,
2450 5229 2624 5284 maris
2672 5227 2899 5283 nomine
2955 5226 3199 5293 sublato,
3246 5227 3497 5297 dicamus

1894 5324 2142 5394 iudicem
2196 5321 2441 5393 gladium
2494 5320 2719 5391 utrique
2763 5321 2985 5376 athletae
3042 5320 3379 5390 porrexisse,
3431 5334 3498 5383 ac

1895 5415 2152 5488 jussisse,
2204 5422 2266 5468 ut
2298 5412 2393 5483 qui
2425 5412 2742 5468 sacrificare
2772 5411 2968 5476 nollet,
3003 5426 3164 5465 suum
3196 5410 3303 5466 sibi
3330 5417 3499 5482 caput

1902 5506 2215 5578 amputaret
2236 5503 2258 5558 ι
2295 5504 2424 5575 quis
2450 5496 2561 5576 jam
2586 5504 2789 5559 mentis
2817 5519 3045 5575 compos
3068 5503 3339 5559 sustineat
3362 5517 3496 5574 pro-

2402 5639 2423 5670 "
2476 5638 2596 5694 Aet.
2634 5654 2760 5703 xxv,
2815 5637 2902 5693 iO.
3001 5636 3024 5669 ⁸
3054 5637 3180 5691 Act.
3218 5651 3370 5702 χχιιι,
3402 5635 3492 5697 16.

2380 5711 2422 5742 ¹²
2453 5708 2643 5769 Matth.
2678 5725 2751 5777 iv,
2782 5708 2835 5764 6.
2915 5706 2957 5739 ”
2985 5706 3178 5767 Matth.
3205 5722 3353 5771 xm,
3398 5705 3487 5763 41.
