4336 6326
422 411 562 481 1181
1839 414 2208 479 EPISTOLA
2245 417 2320 480 X.
3569 407 3707 480 1182

415 525 681 599 Σωτῆρος
738 524 898 600 ἡμῶν
957 525 1272 600 ὑπόσχεσιν.
1325 526 1591 600 morosa;
1643 527 1756 601 γάρ
1809 532 1839 584 ὁ
1903 529 2127 600 τὴνΛι

1993 533 2084 590 ρΔ
2112 530 2584 615 resurrectionem
2648 532 2938 607 promisit,
2997 534 3111 589 imo
3173 547 3305 589 vero
3365 531 3492 590 fons
3555 531 3705 588 veri-

415 618 726 674 ἀνάστασιν
784 619 1256 690 ἐπαγγειλάμενος
1281 659 1296 686 ,
1366 620 1570 692 μᾶλλον
1624 619 1684 675 δὲ
1745 619 2009 693 ἀληθείας
2112 623 2262 680 tatis.

415 711 598 785 πηγὴο

1839 414 2208 479 EPISTOLA
2245 417 2320 480 X.

948 805 1032 862 ﬂ'.
1060 837 1131 849 —-
1158 809 1486 879 Εὐγραφίᾳ.
1520 860 1522 862 ,
2600 807 2660 863 Vl

1520 860 1522 862 τ
2600 807 2731 863 VIII.
2762 837 2835 848 ——
2865 807 3204 880 Eugraphitz.

495 915 762 990 Περιττὺν
804 921 908 990 μιν
957 915 1113 991 οἶμαι
1161 922 1224 975 τδ
1258 919 1422 976 πάλιν
1470 921 1685 992 έπῳδάς
1739 923 1807 994 τῇ
1858 919 2008 994 λύπῃ
2192 920 2207 973 ε

1987 935 2008 994 ῃ
2192 920 2676 991 Supervacaneum
2707 920 2851 976 duco
2884 920 3197 992 spiritualia
3223 918 3424 975 iterum
3454 920 3699 978 remedia

412 1007 758 1080 προσφέρειν
782 1011 1186 1081 πνευματικὰς.
1217 1009 1460 1082 ’Λπόχρη
1488 1010 1596 1081 γὰρ
1624 1008 1700 1082 (2)
1732 1011 1870 1080 μόνη
1895 1010 2005 1065 τῶν
2106 1012 2124 1065 ‹

1988 1029 2005 1065 ν
2106 1010 2285 1066 dolori
2311 1011 2598 1066 adhibere.
2628 1009 2842 1066 Suﬂicit
2859 1016 3006 1066 enim
3032 1012 3118 1066 vel
3142 1012 3209 1066 ad
3231 1027 3502 1067 summam
3527 1014 3700 1069 tristi-

411 1101 707 1170 σωτηρίων
729 1100 1071 1172 παθημάτων
1093 1103 1128 1172 ἡ
1155 1103 1344 1174 μνήμη
1371 1101 1562 1156 σϐέσαι
1587 1099 1679 1155 καὶ
1707 1101 1805 1172 τὴν
1829 1101 2006 1171 ἀκμά-
2108 1111 2123 1156 1

1985 1130 2006 1143 -
2108 1104 2240 1158 tiam
2277 1103 2677 1175 proﬂigandam
2731 1104 3058 1158 salutarium
3085 1103 3433 1158 cruciatuum
3468 1105 3584 1159 sola
3606 1121 3697 1161 re-

407 1191 619 1257 ζουσαν
647 1192 913 1264 ἀθυμίαν.
943 1193 1118 1265 ’Υπὶρ
1144 1192 1253 1266 γάρ
1279 1196 1378 1265 τῆς
1405 1193 1513 1248 τῶν
1541 1192 1845 1264 ἀνθρώπιον
1866 1191 2000 1247 ταῦ·
2095 1211 2119 1250 .t

1984 1221 2000 1234 -
2095 1195 2377 1250 eordatio.
2439 1194 2548 1249 Pro
2581 1197 2597 1214 '
2643 1204 2844 1250 natura
2870 1195 3074 1264 quippe
3099 1194 3339 1253 humana
3369 1193 3427 1247 bi
3453 1193 3696 1265 suscepti

406 1299 486 1337 τα
512 1281 806 1354 γεγένηται
841 1282 1079 1352 φύσεως.
1112 1282 1216 1337 Τδν
1246 1283 1358 1353 γὰρ
1395 1281 1628 1336 θάνατον
1655 1285 1684 1337 ὁ
1723 1281 2002 1352 Δεσπότης
2105 1301 2118 1341 ε

1982 1298 2002 1348 ς
2105 1295 2255 1342 sunt.
2297 1277 2528 1340 Mortem
2549 1285 2699 1340 enim
2729 1285 2999 1339 Dominus
3018 1285 3312 1348 destruxit.
3337 1300 3450 1339 non
3482 1292 3543 1338 ut
3567 1299 3694 1340 cor-

405 1372 735 1440 κατέλυσεν,
761 1375 860 1444 οὐχ
889 1373 976 1427 ἵνα
1004 1373 1064 1429 έν
1095 1373 1258 1447 σῶμα
1277 1375 1523 1446 κρεῖττον
1546 1375 1804 1446 ἀποφήνῃ
1836 1373 2004 1427 θανά-
2102 1395 2117 1449 ι

1983 1402 2004 1414 -
2102 1394 2209 1449 pus
2249 1392 2424 1433 unum
2476 1378 2545 1432 de
2583 1385 2761 1433 morte
2792 1376 3164 1446 triumphasse
3189 1377 3539 1442 ostenderet,
3598 1377 3695 1432 sed

403 1482 510 1520 του
535 1482 550 1497 ο
585 1465 701 1520 ἀλλ’
733 1467 821 1519 ῐνα
853 1466 921 1518 δι’
943 1465 1156 1519 ἐκείνου
1184 1465 1286 1537 τὴν
1311 1471 1499 1536 κοινὴν
1532 1466 1828 1520 ἀνάστασιν
1853 1482 1998 1537 πρα-
2103 1487 2115 1525 1

1980 1494 1998 1506 -
2103 1479 2165 1525 ut
2192 1483 2546 1524 communem
2581 1484 2682 1538 per
2709 1468 2846 1523 illud
2891 1468 3358 1522 resurrectionem
3386 1474 3692 1538 praestaret,

404 1554 820 1628 γματεύσηται,
856 1557 954 1609 καὶ
997 1555 1208 1627 ταύτην
1239 1557 1372 1627 ἡμῖν
1400 1555 1500 1628 τὴν
1546 1555 1737 1612 ἐλπίδα
1773 1556 2000 1627 βεϐαίαν
2099 1576 2116 1615 ε

1978 1574 2000 1610 υ
2099 1569 2264 1630 atque
2311 1559 2454 1613 hanc
2497 1557 2661 1613 nobis
2688 1571 2842 1627 spem
2874 1555 3088 1610 ﬁrmam
3115 1555 3409 1625 praeberet.
3442 1552 3601 1620 Quod
3621 1553 3690 1619 si,

402 1647 693 1720 παράσχῃ.
737 1648 802 1701 Ei
837 1648 894 1702 δὲ
926 1648 1021 1702 καὶ
1053 1647 1162 1701 τῶν
1202 1647 1365 1702 θείων
1395 1647 1602 1719 έορτῶν
1641 1648 1998 1719 παντοδαπὴν
2098 1666 2114 1704 t

1979 1666 1998 1702 ν
2098 1664 2226 1704 cum
2260 1648 2464 1704 divinae
2487 1647 2818 1704 festivitates
2851 1645 3229 1701 omnimodam
3254 1645 3691 1720 consolationem

399 1717 770 1809 ψυχαγωγίαν
796 1737 1226 1810 προσφερουσῶν
1262 1738 1326 1792 οὐ
1357 1717 1708 1813 καταγωνίζῃ
1731 1741 1834 1811 τῆς
1864 1717 1999 1797 ἀθυ-
2098 1756 2111 1795 t

1976 1771 1999 1784 -
2098 1741 2300 1795 aﬂ‘erre
2345 1741 2598 1805 soleant,
2655 1739 2896 1794 tristitiae
2943 1739 3192 1794 dolorem
3243 1751 3354 1791 non
3385 1717 3688 1806 expugnas,

401 1828 543 1930 μίας
569 1828 633 1882 τδ
678 1828 871 1932 πόθος,
914 1831 1221 1903 παρακαλῶ
1258 1848 1352 1886 σου
1377 1833 1479 1904 τὴν
1515 1834 1988 1906 σεμνοπρέπειαν,
2023 1848 2113 1932 Bs

1980 1875 1988 1898 ,
2023 1870 2069 1932 Β
2097 1831 2305 1932 suadeo
2332 1831 2588 1932 gravitati
2608 1839 2908 1932 ξυμ-,οιαὶ
2930 1831 3141 1932 relegas
3402 1843 3524 1932 quae
3545 1827 3692 1932 dotis

396 1917 503 1972 τοῦ
531 1918 810 1991 προικῴου
844 1921 976 1990 γοῦν
1021 1923 1407 1993 γραμματείου
1450 1925 1519 1979 τά
1561 1927 1703 1996 μετά
1734 1925 1833 1997 τὴν
1873 1925 1995 1979 επί-

396 2008 556 2064 δοσιν
609 2010 945 2080 ἀναγνῶναι,
1004 2014 1099 2068 καὶ⁸
1130 2014 1337 2083 γνῶναι
1368 2016 1580 2085 σαφῶς,
1631 2017 1709 2081 ὡς
1745 2020 1994 2089 ἡγήσατο

396 2100 502 2156 τοῦ
533 2101 717 2173 γάμου
751 2104 846 2158 τοῦ
893 2104 1129 2161 θανάτου
1171 2108 1206 2177 η
1261 2109 1474 2180 μνήμη.
1523 2110 1598 2164 Τδ
1645 2109 1758 2185 γάρ
1796 2109 1994 2182 θνητὸν

395 2194 510 2266 τῆς·
533 2195 750 2266 φύσεως
803 2198 1186 2270 ἄπιστάμενοι,
1241 2201 1337 2254 καὶ
1381 2202 1834 2274 προμηθούμενοι
1887 2204 1993 2274 τῆς

391 2285 514 2340 τῶν
547 2285 630 2340 ιτι
662 2284 884 2350 ζώντων
921 2290 1170 2361 εἰρήνης,
1212 2291 1312 2356 τάς
1354 2291 1702 2363 καλουμένας
1744 2293 1991 2364 αἱρέσεις

394 2376 810 2443 ιωτάττουσιν,
843 2381 940 2434 καὶ
983 2382 1046 2434 οὐ
1081 2382 1498 2454 δυσχεραίνουσι
1529 2384 1639 2455 πρὸ
1681 2386 1782 2456 τῆς
1815 2402 1989 2456 γαμι-

394 2470 509 2550 κῆς
539 2471 841 2538 συναφείας
874 2475 1219 2545 μεμνημένοι
1242 2475 1475 2530 θανάτου
1493 2493 1507 2506 ·
1530 2476 1668 2531 ἀλλά
1691 2476 1989 2550 διαρρήδην

395 2561 618 2632 βοῶσιν,
645 2563 696 2616 εί
730 2563 834 2634 μὲν
862 2566 892 2618 δ
920 2564 1064 2637 ἀνὴρ
1102 2565 1549 2639 προτελευτήσοι,
1583 2568 1832 2634 συνέδοξε
1867 2571 1987 2624 τόδε

392 2651 686 2722 γενέσθαι·
730 2656 780 2708 εί
835 2655 952 2727 δὶή
1005 2656 1146 2728 γυνὴ
1170 2657 1332 2711 τοῦτο
1357 2659 1642 2729 ὑπομείνοι
1683 2661 1746 2714 τὸ
1791 2660 1984 2728 πάθος,

390 2743 519 2799 τόδε
554 2747 844 2818 συνήρεσε.
877 2745 944 2801 Τί
977 2747 1161 2803 τοίνυν
1199 2749 1630 2824 δυσχεραίνομεν
1679 2752 1851 2808 ταῦτα
1879 2755 1987 2828 πρὸ

390 2833 498 2887 τοῦ
543 2835 725 2906 γάμου
773 2837 1176 2908 μεμαθηκότες,
1209 2839 1304 2894 καὶ
1347 2840 1520 2895 ταῦτα
1573 2842 1695 2898 καθ’
1723 2845 1985 2916 ἑκάστην,

391 2922 476 2987 ὡς
502 2923 634 2989 ιπος
656 2926 858 2993 είπεῐν,
887 2927 1106 3000 ἡμέραν
1135 2930 1543 3002 προσμένοντες
1563 2973 1578 2997 ,
1609 2933 1848 3006 ’Δνάγκη
1874 2935 1986 3006 γάρ

390 3015 551 3071 πᾶσα
574 3015 896 3088 διαλυθῆναι
925 3019 1026 3091 τὴν
1054 3019 1342 3089 συζυγίαν,
1369 3022 1402 3093 ἢ
1430 3021 1527 3076 τοῦ
1561 3023 1757 3096 ἀνδρὸς
1786 3043 1986 3098 προτε-

389 3103 716 3174 λευτῶντος,
739 3108 774 3180 ἢ
801 3109 905 3181 τῆς
929 3110 1191 3180 γυναικὸς
1225 3113 1625 3184 προαπιούσης.
1645 3113 1848 3170 Τοῦτον
1872 3115 1984 3188 γάρ

2097 1923 2443 1978 incremento
2497 1921 2555 1976 in
2602 1920 2883 1977 dotalibus
2928 1919 3135 1976 tabulis
3185 1919 3580 1990 subjiciuntur,
3634 1925 3692 1973 et

2094 2021 2286 2085 aperte
2329 2028 2631 2085 cognoscas
2678 2013 2873 2068 mortis
2912 2011 3239 2067 memoriam
3292 2011 3516 2080 nuptias
3543 2025 3688 2079 prae-

2094 2106 2346 2162 cessisse.
2382 2105 2543 2160 Morti
2572 2105 2724 2159 enim
2755 2104 3052 2159 obnoxiam
3076 2117 3200 2157 esse
3229 2109 3485 2156 naturam
3518 2099 3684 2154 intel-

2092 2198 2326 2269 ligentes
2376 2206 2434 2252 et
2480 2197 2666 2252 adhuc
2727 2195 3036 2251 viventium
3090 2192 3213 2264 paci
3261 2193 3686 2263 prospicientes,

2092 2289 2442 2345 conditiones
2463 2303 2602 2360 quas
2622 2297 2822 2344 vocant
2847 2288 3176 2357 imponunt,
3223 2293 3281 2340 et
3306 2291 3433 2338 ante
3461 2282 3687 2353 nuptia-

2090 2381 2199 2435 lem
2246 2382 2501 2453 copulam
2552 2381 2751 2436 mortis
2779 2379 3101 2436 meminisse
3134 2393 3247 2433 non
3278 2376 3552 2440 abnuunt,
3589 2373 3688 2430 sed

2089 2474 2298 2530 diserte
2340 2473 2702 2545 pronuntiant
2737 2491 2751 2528 :
2790 2472 2847 2528 Si
2892 2471 2980 2526 vir
3019 2479 3149 2526 ante
3201 2476 3455 2523 mortuus
3493 2465 3684 2529 fuerit,

2090 2564 2198 2618 hoc
2243 2562 2363 2617 ﬁeri
2407 2571 2746 2618 conventum
2771 2571 2856 2617 est
2885 2579 2899 2616 :
2927 2562 3013 2618 sin
3047 2560 3209 2616 uxori
3238 2560 3394 2629 prius
3423 2556 3478 2612 id
3502 2556 3686 2612 conti-

2089 2653 2263 2723 gerit,
2296 2652 2405 2706 hoc
2432 2652 2506 2707 ita
2537 2652 2892 2724 complacuit.
2930 2650 3076 2718 Quid
3103 2665 3236 2721 ergo
3258 2663 3401 2720 aegre
3430 2647 3684 2712 ferimus,

2086 2746 2182 2817 qui
2214 2746 2334 2801 hac
2363 2752 2492 2800 ante
2518 2744 2740 2815 nuptias
2760 2735 3090 2807 didicimus,
3123 2749 3290 2810 atque
3314 2739 3432 2794 hac
3459 2738 3515 2792 in
3541 2739 3683 2802 dies,

2088 2846 2150 2894 ut
2195 2837 2369 2893 verbo
2411 2837 2631 2902 dicam,
2684 2835 2934 2906 singulos
2973 2833 3393 2905 exspectamus?
3448 2833 3686 2887 Prorsus

2084 2930 2235 2986 enim
2267 2944 2497 2996 necesse
2522 2936 2609 2984 est
2634 2927 2862 2984 dissolvi
2889 2926 3232 2997 coniugium,
3264 2933 3361 2978 aut
3383 2923 3505 2978 viro
3529 2921 3685 2993 prius

2085 3023 2349 3086 obeunte,
2386 3029 2481 3076 aut
2510 3035 2682 3076 uxore
2705 3026 3010 3090 praeeunte.
3046 3015 3148 3072 Hic
3184 3016 3335 3071 enim
3361 3029 3562 3070 cursus
3598 3021 3686 3069 est

2084 3114 2230 3169 vitaz.
2263 3113 2333 3169 Et
2357 3111 2548 3168 divina
2570 3111 2741 3182 igitur
2770 3119 2828 3166 et
2857 3109 3098 3164 humana
3125 3107 3334 3163 callens
3364 3103 3682 3177 praestantia

391 3197 512 3268 ἔχει
540 3197 634 3254 τὸν
658 3199 863 3270 δρόμον
899 3203 930 3256 δ
972 3200 1108 3272 βίος.
1145 3203 1256 3256 Καὶ
1288 3204 1356 3258 τά
1398 3202 1518 3258 θεία
1559 3204 1763 3270 τοίνυν,
1791 3205 1888 3260 καὶ
1912 3206 1984 3260 τὰ
2009 3209 2054 3268 c
2089 3212 2103 3258 t

1969 3215 1984 3260 ι
2009 3209 2054 3268 c
2089 3212 2182 3259 tua
2222 3203 2503 3260 tristitiam
2524 3201 2790 3266 excutiat,
2831 3209 2889 3256 et
2910 3214 3263 3257 communem
3284 3197 3506 3269 piorum
3527 3209 3681 3265 spem

388 3288 718 3362 ἀνθρώπινα
748 3291 939 3362 σαφῶς
962 3294 1140 3350 εἰδυῐά
1164 3311 1260 3349 σου
1291 3296 1325 3366 η
1353 3294 1750 3369 θαυμασιότης,
1784 3297 1981 3353 σκεδα-

389 3377 544 3435 σάτω
564 3379 666 3452 τὴν
695 3379 959 3452 ἀθυμίαν,
988 3383 1086 3438 καὶ
1119 3382 1222 3455 τὴν
1245 3381 1434 3455 κοινὴν
1457 3383 1654 3439 έλπίδα
1679 3384 1790 3439 τῶν
1822 3385 1982 3440 εὐσε-

393 3469 514 3527 ϐῶν
543 3472 950 3544 προσμεινάτω.

861 3586 940 3644 θ’.
968 3617 1036 3629 .-
1072 3588 1382 3662 Ἁνωνύμφ
1405 3591 1506 3665 (ε).

475 3695 672 3769 Ἦ-μιν
709 3696 993 3755 θεοσέϐεια
1026 3700 1182 3772 ὑμῶν
1225 3703 1574 3775 δυσχεραίνει
1612 3706 1705 3762 καὶ
1752 3705 1980 3778 ἄχθεται

385 3787 480 3844 διὰ
506 3788 608 3862 τὴν
635 3789 836 3856 ἀδίκως
870 3793 1007 3864 ἡμίν
1044 3794 1139 3848 καὶ
1169 3793 1293 3866 δίχα
1324 3799 1562 3870 κρίσεως
1593 3798 1981 3870 ἐπενεχθεῖσαν

367 3877 606 3951 ,ψῆφονο
639 3881 743 3952 ιμι
785 3882 844 3935 δὲ
882 3883 1018 3937 αὐτὸ
1055 3885 1217 3939 τοῦτο
1253 3885 1594 3960 ψυχαγωγεῖ.
1637 3891 1701 3944 Εί
1739 3893 1839 3963 μὲν
1869 3892 1980 3966 γὰρ

387 3969 620 4036 δικαίως
681 3974 1055 4047 κατεκρίθην,
1109 3977 1328 4049 ῆλγησα
1396 3979 1484 4043 ἃν,
1545 3982 1622 4046 ὡς
1675 3985 1980 4057 παρασχὼν

387 4061 647 4134 ἀφορμὰς
687 4064 947 4147 εὐλόγους
975 4068 1092 4131 τοῖς
1119 4070 1538 4144 κατακρίνασιν.
1584 4073 1805 4147 Ἐπειδὴ
1833 4075 1890 4129 δὲ
1922 4077 1982 4132 ἐν

388 4152 568 4226 τούτῳ
593 4154 674 4227 τῷ
714 4145 874 4228 μέρι
896 4156 1139 4229 καθαρόν
1170 4177 1276 4231 μου
1301 4160 1364 4216 τὺ
1394 4163 1655 4230 συνειδὸς,
1679 4145 1855 4236 χαίρω
1884 4169 1980 4222 καὶ

391 4247 688 4321 γάννυμαι,
716 4249 813 4303 καὶ
844 4250 1146 4322 προσμένω
1174 4252 1284 4307 τῶν
1317 4253 1496 4309 ἄλλων
1525 4255 1680 4310 λύσιν
1717 4259 1979 4330 ἁμαρτη-

395 4338 586 4411 μάτων
613 4338 703 4394 διά
747 4339 908 4412 τήνδε
950 4341 1050 4412 τὴν
1081 4341 1320 4400 ἀδικίαν.
1366 4345 1499 4399 Οὐδὲ
1528 4348 1686 4419 γάρδ
1729 4350 1980 4406 Ναϐουθὲ

389 4429 460 4485 δι’
485 4429 654 4502 ἀλλην
677 4431 885 4504 ἀρετὴν
920 4431 1380 4505 πολυθρύλλητος,
1409 4437 1523 4491 ἀλλ’
1550 4440 1633 4494 ὄτι
1664 4440 1764 4512 τὴν
1793 4443 1980 4496 ἄδικον

2080 3291 2452 3366 prastoletur.

2619 3587 2714 3646 IX.
2745 3619 2817 3632 —
2844 3588 3141 3660 Anongmo.

2151 3704 2476 3776 Indignatur
2497 3713 2557 3759 et
2574 3720 2719 3775 aegre
2744 3703 2852 3758 fert
2872 3703 3051 3773 pietas
3074 3713 3169 3757 tua
3189 3701 3262 3756 ob
3283 3701 3486 3773 injuste
3505 3701 3560 3756 in
3576 3716 3679 3758 nos

2079 3805 2138 3852 et
2161 3798 2280 3852 sine
2297 3795 2510 3868 judicio
2539 3795 2705 3849 latam
2731 3795 3062 3850 sententiam
3087 3811 3101 3860 ;
3148 3810 3236 3850 me
3258 3809 3392 3848 vero
3419 3793 3470 3847 id
3498 3793 3677 3863 ipsum

2081 3887 2422 3943 consolatur.
2460 3884 2598 3939 Nam
2627 3883 2672 3938 si
2693 3883 2841 3954 justc
2871 3882 3271 3937 condemnatus
3297 3896 3500 3944 essem,
3529 3880 3681 3935 dole-

2081 3993 2200 4033 rem
2231 3978 2422 4049 utique
2447 4018 2462 4043 ,
2498 3976 2683 4051 quasi
2710 3976 2986 4048 legitimas
3007 3988 3201 4030 causas
3225 3973 3510 4046 iudicibus
3533 3987 3677 4043 pra:-

2081 4069 2348 4125 buissem.
2405 4069 2567 4124 Nunc
2606 4082 2763 4132 vero,
2815 4066 2945 4136 quia
2974 4066 3108 4120 mihi
3140 4066 3246 4120 hac
3273 4065 3331 4119 in
3357 4071 3514 4135 parte
3539 4077 3678 4133 pura

2081 4169 2168 4216 est
2196 4158 2560 4224 conscientia,
2597 4157 2814 4229 gaudeo
2842 4165 2898 4212 et
2927 4155 3166 4219 exsulto,
3201 4162 3258 4209 et
3281 4162 3511 4224 propter
3533 4153 3680 4210 hanc

2083 4253 2341 4325 iniuriam
2397 4252 2633 4309 aliorum
2667 4251 2963 4308 criminum
3014 4248 3233 4304 veniam
3263 4263 3447 4319 spero.
3486 4247 3678 4317 Neque

2080 4345 2229 4400 enim
2252 4343 2539 4399 Nabuthes
2564 4344 2605 4374 "
2627 4343 2790 4397 aliam
2824 4341 2897 4397 ob
2927 4342 3200 4396 virtutem
3225 4341 3280 4393 in
3313 4354 3409 4393 ore
3437 4346 3523 4392 est
3553 4352 3676 4391 om-

2081 4436 2257 4499 nium,
2281 4450 2447 4504 quam
2467 4433 2616 4504 quod
2646 4433 2906 4504 injustam
2932 4432 3080 4486 illam
3107 4430 3316 4486 eaedem
3345 4445 3542 4499 passus
3567 4436 3673 4485 est.

389 4521 608 4595 lulvnv
644 4522 908 4594 ὑπέμεινε
963 4527 1201 4598 σφαγήν.
1253 4525 1530 4593 Εῦξασθαι
1556 4529 1614 4584 δὲ
1668 4533 1974 4604 παρακαλῶ
2007 4525 2101 4602 1)(

1951 4533 1974 4586 ’u
2007 4547 2051 4602 ι)
2079 4525 2261 4594 Quare
2284 4541 2403 4590 ora,
2434 4539 2642 4595 quaeso,
2667 4532 2780 4579 uta
2804 4524 2918 4578 Deo
2939 4523 3158 4594 1068
3178 4537 3288 4575 non
3315 4521 3663 4585 deseramur,

391 4614 547 4686 παρά
591 4613 688 4669 τοῦ
736 4614 876 4669 Θεοῦ
929 4616 1006 4688 μὴ
1055 4618 1552 4692 έγκαταλειφθῆναι
1592 4624 1764 4695 ἡμᾶς.
1806 4625 1902 4679 καὶ
1947 4627 1976 4678 ὁ

392 4706 648 4778 πολεμῶν
675 4707 1005 4778 πολεμείτω.
1056 4709 1246 4781 ’Δρκεῐ
1271 4712 1395 4784 γάρ,
1414 4729 1505 4784 μοι
1552 4715 1633 4778 είς
1668 4716 1849 4770 πᾶσαν
1879 4718 1976 4772 θυ-

395 4795 648 4870 μηδίανή
686 4796 782 4851 τοῦ
813 4797 950 4852 Θεοῦ
999 4816 1100 4870 μου
1158 4800 1449 4870 εὐμένεια·
1495 4803 1599 4858 κάν
1644 4804 1808 4869 αὐτὸς
1843 4807 1976 4878 ἡμῖν

391 4889 566 4961 παρῇ,
591 4889 702 4945 τῶν
729 4891 996 4962 λυπηρῶν
1026 4891 1286 4948 ἀπάντων
1312 4893 1388 4958 ὡς
1425 4894 1763 4968 ἀθυρμάτων
1806 4916 1976 4954 κατα-

391 4978 720 5053 φρονοῦμινο
1205 5067 1213 5071 _

782 5094 838 5149 I'.
860 5123 932 5136 -
970 5096 1138 5166 Ἠλίᾳ
1163 5099 1579 5168 σχολαστικῷ.

461 5202 602 5267 Τοὺς
629 5203 836 5274 νόμους
881 5205 962 5270 είς
995 5207 1319 5282 ἐπικουρίαν
1368 5210 1478 5264 τῶν
1518 5212 1892 5286 ἀδικουμένων
1923 5220 1976 5271 oi

393 5294 677 5370 νομῷέται
721 5297 1063 5366 γεγράφασι,
1097 5300 1194 5355 καὶ
1243 5301 1346 5372 τὴν
1399 5305 1698 5376 ῥητορικὴν
1741 5308 1974 5364 ἀσκοῦσι

392 5388 586 5459 τέχνην
613 5389 665 5442 οί
703 5389 798 5444 τὸν
833 5387 1111 5446 δικανικὸν
1141 5393 1516 5465 ἀσπαζόμενοι
1557 5396 1695 5466 βίον,
1743 5399 1832 5454 ἵνα
1861 5404 1974 5466 τοῖς

391 5480 606 5545 δικαίας
639 5480 920 5552 δεομένοις
955 5481 1208 5554 βοηθείας
1253 5488 1620 5560 συνηγορῶσι.
1650 5491 1760 5546 Καὶ
1799 5493 1984 5563 λόγων

463 5637 508 5671 ⁸⁸
534 5637 606 5694 Ill
634 5635 766 5710 Reg.
795 5654 905 5706 ssi,
933 5640 958 5696 l
991 5654 1140 5712 seqq.

575 5773 670 5848 καί
698 5775 852 5848 addit
878 5775 1047 5848 Neap.

2083 4628 2200 4674 tum
2232 4619 2329 4690 qui
2363 4621 2651 4690 impugnat
2681 4617 2986 4688 impugnet.
3010 4614 3223 4670 Sufﬁcit
3251 4614 3403 4669 enim
3436 4613 3570 4668 mihi
3605 4613 3676 4668 ad

2083 4725 2305 4765 omnem
2357 4709 2530 4764 animi
2573 4708 2823 4764 laetitiam
2880 4706 2978 4762 Dei
3023 4703 3411 4761 benevolentia
3468 4721 3484 4760 :
3529 4713 3587 4760 et
3627 4702 3675 4760 si

2084 4799 2202 4870 ipse
2229 4800 2391 4856 nobis
2414 4799 2578 4865 adsit,
2601 4799 2780 4854 tristia
2804 4797 2990 4853 omnia
3017 4805 3079 4851 ut
3103 4795 3318 4850 ludicra
3348 4803 3676 4852 contemne-

2508 5108 2576 5163 Χ.
2611 5139 2683 5148 -
2715 5107 2882 5165 Helia
2910 5106 3242 5163 scholastica.

2153 5219 2331 5292 Leges
2365 5218 2435 5274 ad
2467 5218 2736 5274 auxilium
2765 5233 3159 5290 oppressorum
3209 5216 3482 5288 scripsere
3505 5215 3674 5288 legis-

2089 5313 2328 5376 latnres,
2374 5319 2432 5366 et
2461 5311 2556 5383 qui
2587 5311 2865 5368 forensem
2889 5312 3060 5366 vitam
3085 5316 3419 5381 sequuntur,
3451 5306 3674 5364 dicendi

2083 5415 2256 5461 artem
2283 5407 2300 5426 θ
2351 5412 2636 5466 exercent,
2684 5411 2742 5457 ut
2771 5403 2918 5474 iusta
2943 5417 3048 5473 ope
3079 5400 3458 5473 indigentibus
3480 5406 3672 5469 patro-

2081 5501 2358 5555 cinentur.
2421 5497 2505 5553 Tu
2539 5497 2743 5569 'igitur,
2793 5496 2890 5567 qui
2918 5506 2977 5551 et
3007 5494 3384 5566 eloquentiam
3409 5492 3670 5563 etlegum

573 5773 670 5900 ᾖ(
698 5775 1047 5918 ῗιίίξίίεὲἷῗιῗξι).
1068 5849 1188 5905 urbi
1236 5847 1491 5919 scriptam
1539 5847 1669 5904 citat
1701 5847 1970 5906 Baronius
2001 5850 2201 5908 Annal.
2246 5851 2314 5908 ad
2344 5870 2394 5909 a.
2428 5854 2488 5910 C.
2526 5853 2650 5923 H5,
2690 5861 2854 5922 extra,
2886 5844 3019 5910 tom.
3053 5852 3142 5920 Vl,
3175 5867 3230 5924 p.
3265 5851 3348 5920 16,
3379 5851 3446 5908 1).
