4078 6320
568 333 703 399 1183

1546 334 2029 397 THEODORETI
2070 336 2407 397 EPISCOPI
2446 338 2810 399 CYRENSIS

3704 324 3873 389 118‘

565 430 857 500 scientiam
902 440 1135 510 adeptus
1173 456 1253 505 es,
1286 441 1484 504 amice,
1522 450 1640 495 arte
1678 449 1832 495 utere
1870 450 1929 496 ut
1956 441 2134 496 decet.

2250 447 2419 498 τοίνυν
2468 444 2815 516 ῥητορικῶν,
2868 441 2961 494 καὶ
3002 439 3105 509 τῆς
3136 437 3243 492 τῶν
3278 436 3457 506 νόμων
3508 435 3866 504 ἱπιστήμης

565 536 696 586 Arte
721 531 820 585 feri
852 530 1103 600 injuriam
1128 531 1411 594 facientes,
1448 540 1505 585 et
1532 530 1600 584 ab
1626 529 1712 584 his
1736 530 1893 585 laesos
1921 532 2115 601 adjuva

567 621 715 691 leges
743 630 999 689 tanquam
1027 630 1243 675 scutum
1273 635 1559 690 opponens
1590 639 1603 673 :
1631 620 1818 675 nullus
1840 637 1969 675 vero
2002 622 2144 691 inju-

566 711 703 764 riam
752 708 958 764 faciens
1014 710 1384 778 patrocinium
1432 710 1717 773 obtineat,
1772 710 2024 779 quamvis
2068 711 2141 765 sit

564 800 1045 856 familiarissimus.
1105 800 1217 855 Hoc
1259 811 1442 855 autem
1473 817 1540 855 ex
1573 816 1804 855 numero
1848 808 1934 855 cst
1962 802 2139 856 Abra-

566 904 713 953 mes,
746 889 833 943 vir
863 890 1135 959 pessimus
1171 906 1183 942 :
1219 892 1313 959 qui
1345 898 1633 959 postquam
1656 906 1849 960 agrum
1879 890 2139 944 ecclesia-

565 979 763 1035 sticum
812 980 1029 1035 diutino
1061 989 1304 1050 tempore
1334 980 1599 1046 incoluit,
1652 981 1922 1051 quosdam
1952 989 2140 1050 postea

564 1068 824 1138 nequitiae
865 1069 1051 1145 socios
1094 1069 1221 1123 inde
1262 1070 1566 1134 asciscens,
1619 1084 1684 1123 ea
1712 1078 1797 1124 est
1825 1083 1991 1123 ausus
2019 1080 2141 1137 quae

565 1170 750 1229 aperte
781 1160 958 1214 fassus
982 1169 1085 1215 est.
1117 1161 1235 1214 Misi
1260 1176 1426 1230 porro
1456 1177 1580 1216 cum
1602 1161 1696 1215 illo
1725 1170 1779 1239 et
1801 1169 1939 1223 aeta,
1967 1167 2023 1211 et
2044 1175 2141 1214 eos

564 1250 659 1319 qui
692 1250 893 1320 injuria
924 1260 1053 1305 sunt
1084 1252 1287 1315 aﬂ'eeti,
1335 1268 1397 1306 ac
1426 1252 1899 1322 religiosissimum
1926 1250 2140 1305 Geron-

566 1339 703 1393 tium
730 1342 1128 1397 subdiaconum
1157 1361 1168 1395 :
1195 1358 1304 1396 non
1329 1353 1386 1396 ut
1407 1342 1623 1413 legibus
1648 1341 1870 1396 noxium
1899 1340 2139 1403 tradant,

564 1430 663 1484 sed
693 1442 754 1485 ut
776 1431 845 1485 de
873 1433 942 1487 iis
969 1449 1091 1502 qua
1117 1434 1261 1502 passi
1289 1440 1417 1486 sunt
1446 1433 1697 1501 peritiam
1730 1442 1879 1486 tuam
1908 1431 2145 1485 edocen-

567 1527 669 1581 tes,
694 1529 748 1573 et
770 1521 836 1573 ad
861 1524 1393 1577 commiserationem
1416 1532 1823 1592 permoventes,
1847 1523 2140 1577 scelestum

566 1609 844 1666 hominem
881 1624 941 1667 ut
964 1614 1142 1669 ablata
1173 1615 1366 1668 reddat
1396 1628 1595 1684 cogere
1624 1613 2028 1683 persuadeant.

663 1886 749 1942 XI.
782 1919 852 1927 -—
880 1888 1137 1944 Flaviano
1172 1894 1408 1963 episcopo
1433 1894 2040 1967 Constantinopolitano.

639 2048 848 2103 Lumen
884 2059 935 2104 te
965 2050 1118 2105 orbis
1144 2052 1515 2108 clarissimum
1567 2055 1821 2109 exhibuit
1850 2058 2142 2113 universo—

567 2155 690 2194 rum
719 2142 971 2196 conditor
1009 2151 1065 2197 et
1092 2144 1406 2199 moderator
1431 2187 1445 2209 ,
1496 2147 1897 2218 obscuramque
1926 2159 2144 2205 noctem

567 2230 624 2284 in
660 2244 855 2300 puram
895 2233 1181 2288 meridiem
1211 2238 1505 2291 convertit.
1546 2238 1761 2310 1069
1783 2240 1851 2293 Et
1875 2243 2144 2310 quemad-

567 2324 792 2377 modum
834 2326 987 2394 juxta
1015 2335 1209 2395 portus
1240 2328 1293 2381 in
1324 2331 1543 2397 specula
1572 2333 1785 2400 positus
1809 2333 1950 2402 ignis
1982 2345 2145 2389 nocte

566 2414 954 2483 navigantibus
985 2416 1194 2470 aditum
1225 2429 1419 2487 portus
1442 2422 1701 2484 ostendit,
1734 2424 1813 2476 sic
1838 2426 2147 2482 sanctitatis

567 2511 675 2558 tua:
706 2505 889 2560 radius
919 2508 1137 2575 pietatis
1163 2524 1326 2563 causa
1357 2512 1566 2566 vexatis
1586 2516 1819 2568 maxima
1842 2518 2146 2571 consolatio

568 2593 782 2658 illuxit,
836 2606 891 2650 et
938 2600 1250 2666 apostolicae
1287 2600 1414 2656 fidei
1473 2612 1691 2672 portum
1744 2608 2004 2675 patefecit
2038 2624 2051 2659 ε
2082 2624 2147 2662 ac

567 2686 806 2741 scientes
838 2690 1041 2755 pariter
1071 2690 1259 2744 laetitia
1292 2693 1558 2760 replevit,
1597 2696 1815 2765 ignaros
1847 2714 1875 2749 a
1905 2698 2148 2766 scopulis

568 2773 841 2831 liberavit.
869 2778 981 2849 Ego
1003 2796 1132 2835 vero
1156 2798 1266 2850 pra:
1293 2784 1506 2838 caeteris
1533 2784 1805 2839 bonorum
1828 2787 2146 2858 largitorem

568 2862 767 2931 laudo,
820 2878 1109 2925 strenuum
1149 2885 1345 2928 nactus
1389 2874 1771 2941 defensorem,
1822 2870 1916 2947 qui
1959 2879 2147 2934 divino

2244 536 2589 608 μεταλαχὼν,
2644 530 2688 588 ὦ
2734 536 2863 603 φίλη
2911 530 3153 602 κεφαλὴ,
3200 532 3281 593 είς
3323 528 3442 581 δέον
3498 529 3719 597 χρῆσαι
3784 529 3857 595 τῇ

2239 628 2427 697 τέχνῃ,
2452 628 2545 680 καὶ
2578 626 2739 696 βάλλε
2770 628 2836 695 τῇ
2863 624 3030 694 τέχνῃ
3063 624 3190 682 τοὺς
3212 618 3560 679 ἀδικοῦντας,
3594 620 3699 669 καὶ
3734 620 3861 679 τοῖς

2245 719 2337 770 ὑπ’
2382 718 2609 771 ἐκείνων
2666 715 3018 787 βαλλομένοις
3069 713 3337 781 ἐπάμυνε,
3384 709 3857 780 προϐαλλόμενος

2242 810 2495 880 καθάπερ
2537 810 2740 864 ἀσπίδα
2796 809 2925 869 τοὺς
2962 805 3197 876 νόμους·
3252 803 3347 856 καὶ
3393 802 3588 872 μηδεὶς
3629 801 3859 852 ἀδικῶν

2243 899 2567 952 ἀπολαυέτω
2612 896 2977 969 συνηγορίας,
3022 894 3125 947 κᾶν
3167 893 3502 954 οίκειότατος
3648 884 3763 952 Εἷς
3794 889 3857 942 ϐλ

2242 990 2449 1043 τούτων
2484 989 2769 1061 Ἁϐράμης
2816 989 2846 1041 ό
2897 987 3189 1048 κάκιστος·
3218 984 3276 1047 ὃς
3328 984 3497 1054 ἀγρὸν
3528 982 3857 1050 ἐκκλησια-

2246 1080 2430 1143 στικὸν
2480 1080 2670 1151 χρόνον
2712 1079 2939 1148 οἰκήσας
2978 1072 3199 1145 συχνδν,
3230 1071 3350 1126 εἶτά
3388 1090 3543 1135 τινας
3574 1070 3859 1126 ἐντεῦθεν

2246 1172 2325 1234 είς
2361 1170 2646 1237 κοινωνίαν
2682 1168 2784 1235 τῆς
2815 1166 3157 1236 κακουργίας
3190 1164 3389 1230 λαϐὼν,
3424 1163 3782 1231 τετόλμηκεν
3817 1159 3860 1213 ἃ.

2246 1261 2431 1330 σαφῶς
2460 1260 2833 1331 ὡμολόγησεν.
2878 1258 3204 1311 ’Δπέστειλα
3236 1256 3292 1309 δὲ
3326 1257 3422 1329 «iw
3456 1254 3610 1323 αύτῷ
3646 1255 3752 1307 καὶ
3781 1256 3857 1308 τὰ

2248 1352 2634 1423 πεπραγμένα,
2664 1352 2758 1405 καὶ
2805 1350 2933 1413 τοὺς
2969 1350 3356 1419 ἠδικημένους,
3388 1348 3483 1401 καὶ
3525 1347 3622 1399 τὸν
3670 1346 3859 1397 εὐλα-

2252 1444 2512 1502 ϐέστατον
2543 1444 2827 1513 Γερόντων
2867 1442 2957 1494 τὸν
3010 1440 3396 1494 ύποδιάκονον’
3433 1438 3532 1507 οὐχ
3577 1438 3669 1489 ἵνα
3723 1440 3857 1499 τοῖς

2251 1536 2439 1604 νόμοις
2469 1535 2749 1607 παραδῶσι
2787 1534 2879 1587 τὸν
2936 1534 3238 1603 ἀλιτήριον,
3276 1530 3391 1584 ἀλλ’
3444 1532 3533 1583 ἵνα
3585 1531 3685 1599 τὴν
3740 1530 3856 1597 σὴν

2176 1640 2215 1694 Β
2245 1627 2530 1691 διδάξωσιν
2581 1627 2616 1680 ἀ
2655 1627 2958 1680 πεπόνθασι
3011 1626 3296 1678 παίδευσιν
3348 1624 3442 1676 καὶ
3496 1622 3855 1688 συναλγῆσαι

2248 1720 2761 1788 παρασκευάσαντες
2804 1720 3065 1772 πείσωσιν
3120 1716 3438 1784 ἀναγκάσαι
3490 1714 3584 1767 τὸν
3617 1715 3855 1767 ἀνόσιον

2246 1810 2531 1880 ἄνθρωπον
2574 1809 2865 1862 ἀποδοῦναι
2900 1810 2968 1861 τά
2998 1806 3317 1875 συληθέντα.

2248 1900 2347 1954 IA'.
2398 1930 2467 1943 —-
2516 1898 2834 1966 Φλασιανῷ
2881 1899 3199 2022 έπᾶἷκόπῳ
3250 1893 3852 1951 Κωνσταντινουπδ-

3025 1987 3122 2022 ωε.

3025 1987 3122 2034 ως.

2314 2063 2585 2131 Φωστῆρά
2618 2079 2677 2115 σε
2717 2062 2815 2131 τῆς
2844 2060 3174 2129 οἰκουμένης
3204 2058 3505 2127 φανότατον
3547 2056 3850 2124 ἀπέφηνεν

2245 2155 2273 2205 δ
2300 2152 2409 2205 τῶν
2438 2152 2577 2205 ὅλων
2617 2154 2856 2223 Ποιητής
2894 2168 2963 2204 τεν
2997 2152 3092 2204 καὶ
3122 2149 3419 2221 Πρύτανις,
3462 2149 3558 2201 καὶ⁵
3599 2147 3702 2216 τὴν
3742 2146 3850 2214 βαι

2249 2244 2398 2298 Θείαν
2417 2245 2760 2314 σκοτομήνην
2782 2245 2863 2307 είς
2889 2242 3135 2313 καθαρὰν
3162 2241 3421 2311 μετέϐαλε
3450 2238 3842 2309 μεσημϐρίαν.

2249 2333 2359 2385 Καὶ
2388 2333 2641 2399 καθάπερ
2662 2333 2724 2385 τὸ
2754 2333 2903 2401 παρὰ
2928 2333 3051 2394 τοὺς
3080 2331 3305 2399 λιμένας
3329 2326 3845 2399 φρυκτωρούμανον

2250 2422 2361 2492 πῦρ
2415 2426 2528 2484 τοῖς
2578 2421 3020 2490 ναυτιλλομένοις
3067 2417 3286 2485 νύκτωρ
3338 2416 3683 2469 ἐπιδείκνυσι
3739 2414 3845 2467 τοῦ

2248 2513 2468 2582 λιμένος
2498 2513 2560 2565 τὸ
2588 2512 2783 2581 στόμα,
2818 2511 2993 2573 οὕτως
3024 2513 3057 2581 ἡ
3078 2511 3174 2580 τῆς
3208 2509 3306 2577 σῆς
3334 2506 3651 2575 ἁγιωσύνης
3676 2506 3846 2567 ἀκτὶς

2247 2609 2359 2667 τοῖς
2410 2606 2550 2675 ὑπὲρ
2596 2604 2693 2671 τῆς
2761 2604 3046 2666 εὐσεϐείας
3109 2601 3540 2670 πολεμουμένοις
3588 2598 3844 2667 ἀνεφάνη

2253 2694 2483 2762 μεγίστη
2534 2691 2853 2762 παραψυχὴ,
2904 2693 3134 2761 καὶτῆς
3187 2688 3554 2757 amo-colui];
3593 2688 3843 2749 πίστεως

2250 2783 2493 2849 ἐπέδειξε
2530 2784 2620 2837 τὸν
2660 2784 2876 2853 λιμένα,
2910 2785 3007 2837 καὶ
3050 2784 3176 2846 τούς
3205 2800 3262 2835 τε
3301 2782 3509 2843 είδὸτας
3559 2779 3843 2849 θυμηδίας

2250 2876 2540 2947 ἐνέπλησε,
2563 2875 2689 2938 τούς
2718 2893 2775 2929 τε
2812 2874 3144 2943 ἀγνοοῦντας
3175 2873 3522 2943 ἠλευθέρωσε
3549 2872 3661 2924 τῶν
3698 2888 3836 2923 σκο-

568 2956 769 3014 timore
801 2961 1101 3017 humanum
1134 2973 1401 3020 terrorem
1428 2968 1656 3029 excutit,
1695 2978 1751 3021 et
1779 2985 1879 3041 pro
1906 2986 2143 3040 evange-

2250 2970 2452 3023 πέλων.
2497 2968 2639 3036 Ἐγὼ
2684 2969 2740 3021 δὲ
2774 2968 3144 3039 διαφερόντως
3185 2967 3277 3019 τὸν
3323 2965 3431 3019 τῶν
3466 2964 3692 3032 ἀγαθῶν
3739 2964 3843 3017 ἀν-

567 3048 688 3105 lieis
734 3051 1083 3121 dogmatibus
1134 3057 1388 3112 alacriter
1428 3059 1687 3124 dimicat,
1749 3070 1805 3115 et
1848 3062 2147 3132 apostolica

568 3144 869 3199 certamina
918 3146 1155 3201 libenter
1196 3150 1534 3219 aggreditur.
1594 3151 1784 3221 Itaque
1828 3154 2011 3208 omnis
2029 3155 2145 3224 jam

567 3231 753 3303 lingua
782 3234 836 3287 in
865 3236 1171 3292 sanctitatis
1199 3247 1306 3292 tua:
1332 3239 1525 3293 laudes
1550 3240 1830 3295 incitatur.
1862 3242 1975 3296 Nec
1998 3243 2146 3298 enim

568 3323 671 3377 soli
698 3324 917 3392 pietatis
936 3326 1142 3380 alumni
1170 3330 1441 3383 sinceram
1467 3330 1627 3384 ﬁdem
1652 3338 1797 3385 tuam
1824 3333 2145 3402 praedicant,

572 3413 668 3468 sed
700 3414 801 3483 ipsi
829 3416 993 3470 etiam
1022 3418 1209 3474 hostes
1232 3422 1479 3476 veritatis
1510 3423 1892 3478 fortitudinem
1922 3441 2148 3495 magno-

569 3519 702 3574 pere
732 3510 1134 3563 commendant.
1202 3512 1463 3568 Veritatis
1500 3516 1703 3584 quippe
1765 3517 2152 3585 splendoribus

567 3596 718 3650 cedit
769 3599 1139 3654 mendacium.
1202 3602 1327 3656 Haec
1363 3619 1510 3658 nunc
1546 3607 1749 3669 scribo,
1799 3606 2150 3662 reverendis-

569 3686 769 3740 simum
794 3699 849 3741 et
870 3689 1342 3757 religiosissimum
1369 3692 1660 3763 Hypatium
1686 3695 1948 3748 lectorem
1972 3696 2152 3749 sciens

567 3781 623 3829 et
657 3786 910 3846 prompto
949 3778 1132 3832 animo
1166 3780 1475 3836 sanctitatis
1503 3792 1609 3837 tua;
1641 3784 1870 3837 nutibus
1893 3766 2149 3853 obsequi,

568 3873 626 3918 et
655 3866 998 3934 egregiorum
1030 3867 1336 3921 facinorum
1364 3878 1606 3935 tuorum,
1658 3871 1900 3935 domine,
1951 3888 2151 3942 perpe-

573 3960 719 4007 tuam
754 3954 934 4010 facere
969 3957 1321 4012 mentionem.
1371 3959 1632 4015 Sanctum
1665 3962 1886 4032 Deoque
1922 3964 2151 4018 charum

2253 3060 2407 3130 υμνῶ
2442 3059 2701 3129 χορηγὸν,
2759 3060 3044 3129 πρόμαχον
3075 3060 3323 3126 γενναῖον
3362 3055 3562 3127 εὑρὼν,
3592 3055 3672 3123 τῷ
3703 3053 3844 3123 θείῳ

2254 3150 2406 3219 φόϐῳ
2433 3149 2493 3202 τδ
2518 3148 2860 3219 ἀνθρώπειον
2896 3148 3255 3213 ἐξελαύνοντα
3298 3147 3439 3210 δέος.
3471 3147 3564 3201 καὶ
3606 3146 3717 3198 τῶν
3756 3146 3846 3198 εύ-

2248 3239 2556 3308 αγγελικῶν
2612 3238 2901 3309 δογμάτων
2960 3239 3257 3309 προθύμως
3301 3238 3798 3311 προκινδυνεύοντα
3823 3279 3841 3301 ,

2250 3332 2347 3384 καὶ
2380 3332 2506 3393 τοὺς
2564 3330 2954 3392 ἀποστολικοὺς
2994 3329 3214 3397 ἀγῶνας
3245 3328 3534 3389 ἀσπασίως
3575 3327 3843 3396 ἀναδεχό-

2254 3438 2436 3492 μενον.
2476 3423 2587 3473 Καὶ
2613 3423 2763 3474 πᾶσα
2791 3420 2848 3474 δὲ
2881 3419 3098 3489 γλῶττα
3126 3419 3221 3471 νῦν
3251 3422 3330 3481 είς
3364 3419 3642 3487 εὐφημίαν
3672 3422 3843 3472 κινεῖ-

2251 3530 2343 3565 ται
2375 3513 2475 3581 τῆς
2510 3512 2609 3581 σῆς
2652 3512 2958 3581 ἁγιότητος.
2986 3512 3060 3564 Οὐ
3089 3510 3198 3580 γάρ
3239 3510 3389 3581 μόνοι
3421 3510 3521 3579 τῆς
3550 3508 3840 3574 εὐσεϐείας

2251 3604 2302 3656 oi
2333 3603 2594 3676 τρόφιμοι
2633 3590 2979 3672 θαυμάζουσι
3002 3601 3064 3654 τὸ
3113 3602 3213 3668 τῆς
3245 3601 3483 3662 πίστεως
3509 3600 3839 3669 ἀκραιφνὲς,

2252 3692 2389 3746 ἀλλὰ
2432 3692 2527 3745 καὶ
2552 3693 2598 3744 οί
2627 3692 2725 3757 τῆς
2773 3690 3033 3759 ἀληθείας
3081 3690 3330 3760 πολέμιοι
3360 3688 3482 3741 λίαν
3516 3689 3703 3760 ᾅδουσι
3735 3690 3841 3760 τὴν

2254 3783 2497 3852 ἀνδρίαν.
2531 3784 2666 3845 Ταῖς
2711 3782 2821 3852 γάρ
2849 3782 2947 3851 τῆς
2982 3780 3246 3851 ἀληθείας
3298 3781 3607 3850 ἀστραπαῖς
3656 3796 3840 3851 παρα-

2255 3876 2423 3944 χωρεῖ
2449 3874 2512 3925 τὸ
2540 3871 2754 3941 ψεῦδος.
2790 3872 2976 3925 Ταῦτα
3004 3867 3343 3942 νῦνκγράφω,
3375 3872 3465 3923 τὸν
3506 3871 3841 3941 τιμιώτατον

2260 3968 2355 4020 καὶ
2389 3964 2787 4017 εὐλαϐέστατον
2834 3964 3095 4017 ’Υπάτιον
3127 3963 3220 4015 τὸν
3257 3962 3613 4031 ἀναγνώστην
3658 3962 3836 4027 είδὼς,

568 4054 735 4115 caput
777 4054 931 4101 tuum
973 4051 1385 4118 amplectentes,
1422 4068 1644 4107 oramus
1676 4062 1733 4107 ut
1764 4055 2026 4123 precibus
2054 4072 2146 4112 nos

2258 4060 2355 4110 καὶ
2389 4055 2688 4127 προθύμως
2722 4056 2819 4125 μὲν
2842 4057 2954 4118 τοῖς
2982 4056 3080 4123 τῆς
3123 4054 3223 4123 σῆς
3248 4054 3531 4135 ὁσιότητος
3564 4054 3838 4108 διακονού-

568 4135 785 4201 fulcias,
818 4146 878 4193 ut
907 4141 1055 4209 quod
1086 4142 1357 4212 reliquum
1388 4154 1472 4197 est
1499 4146 1624 4200 vita:
1654 4146 1809 4216 juxta
1837 4147 1984 4217 leges
2006 4148 2152 4201 divi-

570 4239 669 4281 nas
696 4242 1042 4298 peragamus.

2261 4166 2418 4217 μενον
2470 4147 2725 4217 νεύμασι,
2768 4146 3033 4217 διηνεκῶς
3081 4147 3138 4199 δὲ
3189 4146 3300 4200 τῶν
3347 4146 3679 4208 ἀξιεπαίνων
3717 4165 3836 4211 σου,

2258 4238 2514 4299 δέσποτα,
2560 4237 2911 4308 μεμνημένον
2944 4236 3411 4306 κατορθωμάτων.
3465 4237 3574 4289 Καί
3617 4254 3709 4289 σου
3741 4239 3839 4307 τὴν

570 4294 732 4389 ἁγία-ν
780 4294 871 4377 κοῖι
912 4324 1030 4396 Θεῷ
1091 4327 1250 4397 φίλην
1308 4294 1800 4401 περιπτυσσόμενοι
1852 4334 2113 4404 κεφαλὴν,
2152 4336 2271 4397 ταῖς
2316 4294 2647 4404 προσευχαῖς
2675 4294 2851 4403 ⁸ηιῖμίίς
2898 4294 3216 4401 ὑπερείδειν,
3247 4332 3698 4403 παρακαλοῦμεν,
3753 4294 3838 4387 ἵνα

569 4416 633 4471 τὺ
664 4418 794 4487 γοῦν
845 4420 1166 4492 λειπόμενον
1216 4425 1315 4492 τῆς
1367 4426 1511 4495 ζωῆς
1548 4428 1687 4481 κατά
1720 4430 1847 4492 τοὺς
1876 4429 2054 4493 θείους
2084 4431 2371 4501 βιὼσωμεν
2402 4430 2620 4500 νόμους.

992 4535 1107 4589 ΧΠ.
1135 4566 1203 4575 -
1223 4535 1429 4591 Ιγεηωο
1465 4542 1727 4611 episcopo.

642 4626 927 4681 Maximam
978 4628 1126 4682 illam
1174 4636 1231 4683 et
1265 4630 1669 4686 adamantinam
1696 4635 1917 4698 turrim,
1952 4635 2154 4690 Jobum

570 4714 717 4783 dico,
755 4726 1041 4771 strenuum
1071 4718 1294 4773 virtutis
1324 4721 1609 4785 athletam,
1644 4739 1751 4778 nec
1777 4724 2152 4793 frequentium

570 4807 751 4861 omnis
791 4809 1006 4875 generis
1050 4824 1422 4864 aerumnarum
1471 4812 1711 4881 impetus
1748 4814 2005 4883 perculit,
2056 4816 2153 4871 sed

574 4897 909 4952 immobilem
970 4900 1157 4968 potius
1230 4909 1286 4954 et
1350 4902 1827 4973 inexpugnabilem
1888 4907 2150 4961 ostendit.

571 4987 698 5042 Post
736 4988 895 5042 linem
919 5004 1050 5044 vero
1078 4991 1440 5046 certaminum
1467 5034 1480 5054 ,
1535 4996 1900 5049 tentationum
1931 5013 2154 5051 causam

579 5078 796 5150 1070
823 5080 1004 5149 justus
1034 5082 1318 5152 legislator
1348 5086 1567 5153 aperuit
1593 5086 1785 5140 dicens
1820 5104 1831 5139 :
1872 5105 1888 5137 ι
1916 5086 2155 5141 Putasne

572 5182 661 5227 me
708 5168 873 5223 aliter
923 5172 1275 5240 respondisse
1317 5174 1449 5239 tibi,
1505 5190 1668 5244 quam
1700 5178 1959 5246 utjustus
1983 5192 2153 5246 appa-

575 5259 789 5313 reas“?
818 5279 835 5311 ι
892 5260 1018 5317 Haec
1041 5263 1208 5318 verba
1244 5265 1503 5335 pietatem
1525 5283 1743 5337 quoque
1770 5277 1916 5322 tuam
1961 5268 2155 5323 audire

574 5348 840 5417 arbitror,
872 5367 992 5423 qua:
1037 5354 1242 5410 multos
1291 5364 1347 5411 et
1388 5356 1637 5412 diversos
1677 5360 2035 5413 molestarum
2065 5375 2154 5413 re—

648 5507 691 5539 “
713 5508 815 5563 Job
844 5525 930 5573 XL,
970 5511 1019 5562 l.

2185 4526 2232 4582 D

2614 4540 2713 4593 lB'.
2732 4569 2801 4579 —-
2832 4540 3123 4607 Είρηναίῳ
3152 4540 3481 4605 ἑπισκόπῳ.

2332 4634 2435 4687 Τὸν
2464 4632 2721 4703 μέγιστον
2747 4632 2952 4683 ἐκεῖνον
2972 4630 3067 4683 καὶ
3095 4630 3462 4699 ἀδαμάντινον
3496 4630 3723 4699 πύργον,
3748 4631 3837 4684 τὸν

2272 4725 2390 4779 Ἰὼϐ
2422 4743 2585 4796 φημι,
2620 4724 2711 4777 τὸν
2751 4724 2997 4790 γενναῖον
3046 4722 3147 4791 τῆς
3188 4722 3391 4791 ἀρετῆς
3421 4720 3685 4792 ἀθλητὴν,
3717 4724 3835 4776 οὐδὲ

2257 4817 2289 4885 ἡ
2328 4816 2435 4868 τῶν
2464 4815 2677 4883 συχνῶν
2707 4813 2805 4866 καὶ
2854 4812 3211 4867 παντοδαπῶν
3252 4811 3517 4881 λυπηρῶν
3559 4813 3834 4865 κατέσεισε

2260 4906 2567 4975 προσϐολὴ,
2622 4904 2757 4957 ἀλλά
2804 4904 3005 4973 μᾶλλον
3056 4905 3313 4974 ἀκίνητόν
3354 4922 3415 4957 τε
3476 4905 3570 4957 καὶ
3628 4905 3836 4976 ἄμαχον

2256 4995 2475 5058 ἔδειξεν.
2533 4995 2689 5050 Μετὰ
2747 4996 2929 5065 μέντοι
2976 4995 3083 5047 τῶν
3120 4994 3347 5062 ἀγώνων
3398 4997 3459 5048 τὸ
3507 4996 3699 5060 τέλος,
3740 4998 3834 5065 τὴν

2254 5087 2361 5140 τῶν
2398 5085 2722 5157 πειρασμῶν
2764 5085 2943 5139 αἰτίαν
2980 5087 3008 5139 ό
3040 5086 3252 5147 δίκαιος
3298 5086 3599 5157 νομοθέτης
3633 5088 3829 5158 ἐδήλωο

2258 5194 2368 5242 σεν,
2400 5176 2573 5239 οὕτως
2603 5176 2802 5229 εἰπών·
2837 5195 2855 5229 ι
2883 5175 2997 5230 Οἴει
3028 5175 3085 5228 δέ
3120 5194 3187 5243 με
3221 5176 3394 5237 ἄλλως
3431 5194 3511 5229 σοι
3547 5194 3826 5247 κεχρημα-

2254 5268 2544 5338 τικέναι,ἢ
2578 5268 2663 5322 ἴνα
2692 5267 2899 5330 δίκαιος
2942 5268 3255 5337 άναφανῇςς
3289 5287 3305 5317 ι
3350 5268 3569 5320 Τούτων
3624 5268 3830 5321 ἀκούειν

2254 5359 2364 5411 τῶν
2424 5358 2600 5426 λόγων
2656 5360 2751 5413 καὶ
2800 5358 2897 5428 τὴν
2945 5358 3043 5426 σὴν
3098 5358 3473 5427 ὑπολαμϐάνω
3526 5358 3825 5427 φιλοθεῖαν,

648 5643 725 5715 (4)
765 5645 952 5721 Exstat
986 5647 1103 5702 haec
1141 5646 1366 5717 epistola
1397 5663 1426 5701 e
1465 5646 1653 5702 Latina
1698 5649 1839 5703 Metii
1884 5648 2337 5720 interpretatione
2407 5650 2550 5721 apud
2618 5651 2913 5707 Baronium
2948 5651 3147 5707 Annal.
3198 5652 3263 5705 ad
3306 5667 3356 5705 a.
3420 5650 3480 5707 C.
3529 5651 3653 5718 N9,
3704 5658 3823 5707 tom.

576 5715 673 5781 Vl,
706 5732 761 5786 ιν.
800 5716 919 5774 lOl.
