4078 6320
251 382 386 446 1195

243 596 419 666 μένην
462 595 810 666 πραγμάτων
844 593 1089 661 ἐνεγκεῖν
1108 608 1123 623 ’
1154 592 1278 662 οὐχὶ
1311 591 1597 660 φυγοῦσαν
1618 589 1675 642 δὲ
1705 588 1842 641 ταύ.

235 703 368 750 τας,
405 686 547 739 ἀλλὰ
583 685 645 739 τὸ
694 684 795 755 τῆς
833 682 1151 752 οἰκονομίας
1179 682 1256 753 (5)
1290 681 1555 752 σταθερὸν
1592 680 1687 733 καὶ
1719 695 1841 732 στε-

245 778 520 849 ρεώτερον
559 777 876 842 διδάξασαν.
919 775 1140 844 Ταύτην
1186 774 1310 828 ἰδὼν
1349 776 1449 845 τῆς
1497 773 1655 843 ἱερᾶς
1687 769 1843 842 ὑμῶν

238 871 427 941 ψυχῆς
455 869 709 941 ἀνδρείαν
748 872 776 922 ὁ
817 868 1198 938 μεγαλόδωρος
1238 864 1541 933 Δεσπότης.
1589 865 1692 917 οὐκ
1738 864 1839 932 ὴν·

247 961 448 1031 ἔσχετο
512 958 719 1031 κρύψαι
772 958 1094 1033 ἀξιόκτητον
1149 955 1409 1027 ἀθλητὴν,
1441 954 1556 1008 ἀλλ’
1586 955 1666 1017 εἰς
1715 955 1845 1017 τοὺς

240 1053 469 1122 ἀγῶνας
514 1050 846 1122 εισήγαγενο
901 1050 988 1102 ἵνα
1035 1048 1133 1117 τὴν
1171 1048 1271 1119 μὲν
1320 1046 1647 1117 σεϐασμίαν-
1688 1045 1845 1117 ὑμῶν

238 1144 493 1214 κεφαλὴν
512 1141 591 1212 τῷ
625 1140 910 1213 νικηφόρῳ
940 1140 1347 1211 κατακοσμήσῃ
1376 1137 1653 1207 στεφάνῳ,
1674 1136 1843 1207 ἀρχέ-

236 1252 419 1289 τυπον
464 1234 520 1288 δὲ
573 1232 844 1303 ὠφελείας
901 1233 1028 1294 τοὺς
1079 1230 1384 1300 ὑμετέρους
1427 1228 1622 1290 ἄλλους
1667 1243 1842 1297 προσ⁶

237 1328 448 1399 ενέγκῃ
472 1328 587 1389 τοῖς
615 1326 819 1389 ἄλλοις.
850 1322 1107 1394 Συνήθως
1130 1322 1335 1385 τοίνυν,
1368 1313 1412 1373 ὧ
1446 1319 1576 1391 φίλη
1605 1318 1841 1391 κεφαλὴ,

238 1423 340 1473 καὶ
372 1421 522 1473 τόνδε
574 1420 800 1490 νίκησον
852 1416 944 1469 τὸν
990 1414 1204 1483 ἀγῶνα,
1255 1414 1351 1467 καὶ
1404 1413 1538 1487 φέρε
1580 1412 1844 1480 γενναίως

233 1510 339 1565 τοῦ
381 1512 650 1583 ὑμετέρου
693 1510 791 1579 μὲν
844 1507 1127 1580 γαμϐροῦ,
1188 1508 1325 1577 ἐμοῦ
1372 1506 1429 1559 δὲ
1464 1505 1843 1576 γνησιωτάτου

235 1606 403 1673 φίλου
437 1606 537 1673 τὴν
577 1603 857 1671 τελευτήν.
893 1601 1002 1655 Καὶ
1046 1600 1272 1669 νίκησον
1320 1601 1386 1667 τῇ
1420 1596 1713 1668 φιλοσοφίᾳ
1750 1596 1845 1650 καὶ¹

235 1697 573 1764 συγγένειαν
608 1696 703 1749 καὶ
764 1694 989 1763 μνήμην
1032 1690 1181 1762 ἠθῶν
1224 1692 1426 1763 ἄριστα
1482 1688 1845 1761 κεκραμένων

232 1788 338 1839 καὶ
369 1785 717 1856 ἐλευθερίως,
744 1784 986 1837 νικῶσαν
1023 1782 1120 1835 καὶ
1146 1780 1460 1851 ζωγράφων
1496 1780 1714 1850 τέχνην,
1747 1778 1845 1833 καὶ

1634 376 2004 441 EPISTOLA
2035 375 2193 457 xiv.

240 503 449 566 πολλὰς
487 501 583 556 καὶ
612 500 905 573 διαφόρους
940 499 1251 571 προσϐολάς
1296 498 1642 569 σκυθρωπῶν
1675 499 1839 551 δυνα-

1948 510 2072 548 rum
2134 494 2376 563 impetus
2421 491 2654 561 pertulit
2704 510 2715 546 ε

3416 372 3554 439 1186

2766 506 2871 547 nec
2910 491 3090 548 solum
3137 490 3276 548 istos
3323 493 3555 549 minime

1947 585 2283 649 declinavit,
2347 584 2444 641 sed
2490 586 2711 640 ﬁrmum
2761 600 2826 639 ac
2864 584 3106 639 solidum
3161 586 3331 639 animi
3382 586 3555 640 robur

1947 698 2061 752 prae
2098 695 2157 734 se
2207 680 2352 735 tulit.
2412 678 2588 745 Quam
2618 695 2856 736 cernens
2879 695 3051 736 sacra:
3080 680 3283 735 mentis
3306 688 3413 735 tua:
3438 680 3581 737 for-‘

1949 772 2246 828 titudinem
2300 770 2597 826 muniﬁcus
2630 771 2901 827 Dominus
2926 814 2940 837 ,
2993 771 3260 826 eximium
3289 772 3554 827 athletam

1946 867 2230 923 occultare
2253 864 2456 929 noluit,
2494 863 2591 919 sed
2623 862 2693 918 ad
2719 865 3025 918 certamina
3050 863 3337 932 produxit,
3371 870 3433 917 ut
3455 878 3554 917 ve-

1947 957 2259 1014 nerandum
2289 967 2457 1028 caput
2486 956 2706 1011 victrici
2732 971 2938 1011 corona
2966 963 3286 1020 exornaret,
3318 955 3557 1025 aliisque

1947 1051 2013 1107 ad
2041 1049 2298 1106 utilitatis
2321 1049 2636 1127 exemplum
2660 1049 2963 1104 certamina
2987 1056 3170 1104 vestra
3191 1056 3552 1119 proponeret.

1946 1146 2129 1211 Quare
2155 1144 2305 1199 hunc
2326 1143 2517 1206 etiam,
2543 1140 2743 1203 amice,
2769 1155 3001 1211 agonem
3022 1140 3204 1204 vince,
3224 1140 3369 1194 sicut
3385 1140 3553 1206 soles,

1948 1237 2253 1308 generique
2297 1234 2401 1299 tui,
2452 1234 2655 1290 sinceri
2690 1231 2856 1287 amici
2887 1232 3017 1296 mei,
3053 1241 3291 1287 mortem
3320 1230 3405 1291 fer
3437 1230 3554 1286 for-

1950 1329 2102 1382 titer.
2137 1327 2309 1383 Vince
2340 1324 2693 1397 philosophia
2722 1332 2779 1379 ct
2811 1324 3033 1394 generis
3054 1323 3552 1394 propinquitatem,

1947 1426 2004 1473 et
2038 1433 2257 1472 morum
2292 1432 2457 1488 qnam
2489 1416 2699 1486 optime
2732 1424 3172 1486 tcmperatorum
3204 1415 3553 1470 liberalium-

1946 1522 2053 1577 que
2082 1507 2428 1572 memoriam,
2461 1506 2737 1576 pictorum
2760 1514 2879 1560 arte
2902 1514 3301 1576 oratorumque
3320 1505 3554 1560 scientia

1946 1601 2392 1672 praestantiorem
2427 1618 2440 1654 :
2473 1599 2537 1655 ac
2563 1599 2821 1655 mceroris
2842 1599 3110 1669 impetum
3138 1600 3378 1669 reprime
3404 1597 3557 1653 illius

1947 1692 2337 1748 recordatione
2362 1732 2377 1755 ,
2425 1691 2521 1760 qui
2558 1706 2648 1745 res
2678 1699 2896 1745 nostras
2944 1689 3229 1760 sapienter
3255 1688 3553 1759 gubernat,

1947 1795 2004 1840 et
2036 1784 2225 1839 futura
2261 1784 2555 1855 prospicit,
2591 1791 2649 1839 et
2680 1783 2748 1837 ad
2780 1782 3080 1837 utilitatem
3107 1780 3317 1855 dirigit.
3356 1783 3466 1839 Sed
3497 1792 3557 1839 et

234 1878 610 1947 λογογράφων
629 1879 961 1947 ἐπιστήμηνο
989 1876 1080 1927 καὶ
1096 1874 1193 1943 τὴν
1210 1873 1307 1944 τῆς
1327 1872 1565 1942 ἀθυμίας
1591 1872 1841 1926 διάλυσον

1948 1879 2405 1949 congratulemur
2445 1883 2494 1937 ei
2519 1925 2534 1947 ,
2592 1884 2689 1955 qui
2736 1884 3062 1940 decumanis
3094 1884 3264 1957 huius
3294 1885 3421 1941 vita:
3454 1884 3555 1940 llu-

228 1971 549 2042 οτροσϐολὴν
574 1972 639 2039 τῇ
672 1971 867 2041 μνήμῃ
894 1968 989 2021 τοῦ
1014 1967 1081 2019 τὰ
1104 1966 1223 2018 καθ’
1251 1967 1399 2035 ἡμᾶς
1424 1962 1839 2035 οίκονομοῦντος

230 2059 445 2129 σοφῶς,
475 2060 572 2113 καὶ
597 2059 656 2111 τὸ
689 2058 882 2129 μέλλον
914 2056 1282 2128 προορῶντος,
1313 2056 1409 2107 καὶ
1441 2043 1578 2122 πρὸς
1606 2052 1667 2106 τὸ
1699 2070 1839 2121 συμ-

228 2154 407 2223 φέρον
439 2151 732 2215 ίθύνοντος.
772 2150 881 2203 Καὶ
920 2148 1280 2219 συνησθῶμεν
1326 2146 1695 2215 ἀπαλλαγέντι
1729 2146 1838 2199 τῶν

227 2247 332 2300 τοῦ
358 2246 476 2315 βίου
496 2246 807 2317 τρικυμιῶν
829 2263 843 2277 ο
881 2245 1082 2315 μᾶλλον
1112 2244 1169 2297 δὲ
1200 2243 1361 2314 χάριν
1384 2242 1835 2313 ὁμολογήσωμεν,

227 2338 318 2392 ὅτι
348 2338 652 2409 φερόμενος
684 2336 743 2401 ἐξ
768 2336 970 2408 ούρίων
1005 2339 1085 2399 είς
1113 2336 1243 2397 τοὺς
1265 2335 1587 2405 ἀπηνέμους
1617 2334 1837 2405 καθωρ-

234 2432 408 2502 μίσθη
442 2431 690 2501 λιμένας,
739 2432 835 2482 καὶ
885 2432 1081 2499 πεῖραν
1138 2427 1248 2481 τῶν
1280 2428 1496 2499 πικρῶν
1543 2427 1644 2479 οὐκ
1674 2425 1837 2479 ἔλαϐε

227 2514 540 2586 ναυαγίων,
594 2510 670 2569 ὧν
710 2518 799 2569 ὅδε
844 2518 872 2568 ὁ
920 2516 1039 2585 βίος
1086 2516 1306 2587 μεστός.
1360 2516 1521 2569 Ἀλλά
1569 2511 1838 2585 γάρ.οἷδα

227 2613 494 2681 περιττὸν
528 2610 722 2676 ποιῶν,
752 2610 844 2662 τὸν
866 2612 1113 2676 γενναῖον
1138 2609 1237 2677 τῆς
1266 2607 1472 2678 ἀρετῆς
1499 2608 1833 2676 ἀγωνιστὴν,

226 2701 467 2757 καὶτῶν
501 2702 679 2756 ἄλλων
712 2700 966 2769 ἀθλητῶν
1002 2697 1382 2769 παιδοτρίϐην,
1419 2698 1498 2760 είς
1538 2696 1837 2767 καρτερίαν

228 2796 499 2862 ἀλείφων.
520 2794 727 2865 Γράφω
748 2792 804 2845 δὲ
830 2794 1001 2861 ὅμως,
1036 2792 1131 2844 καὶ
1160 2788 1383 2861 ἐμαυτῷ
1412 2788 1502 2842 διά
1530 2789 1699 2843 τῶνδε
1728 2789 1837 2842 τῶν

227 2885 411 2952 λόγων
446 2882 809 2953 ψυχαγωγίαν
868 2882 1222 2951 προσφέρων.
1277 2880 1535 2950 Ἢλγησα
1594 2881 1704 2951 γάρ
1760 2880 1838 2951 τῷ

226 2974 351 3028 ὄντι
385 2974 489 3042 τῆς
524 2972 858 3040 άξιαγάστου
909 2972 1199 3034 συνουσίας
1242 2972 1634 3041 ἀναμνησθείς.
1677 2972 1838 3025 Ἀλλὰ

228 3065 400 3119 πάλιν
436 3063 655 3133 ύμνησα
695 3064 804 3117 τῶν
831 3063 971 3117 ὅλων
1004 3063 1098 3117 τὸν
1144 3064 1444 3132 Πρύτανιν,
1475 3063 1570 3115 καὶ
1603 3062 1665 3115 τὸ
1706 3080 1835 3115 συν-

226 3155 404 3207 οίσειν
440 3154 632 3224 μέλλον
673 3153 873 3216 εἰδότα,
904 3153 999 3206 καὶ
1046 3153 1183 3222 πρὸς
1224 3151 1383 3204 τοῦτο
1414 3151 1486 3203 τὰ
1524 3152 1650 3204 καθ’
1685 3153 1836 3222 ἡμᾶς

1949 1964 2133 2019 ctibus
2158 1977 2387 2038 ereptus
2415 1980 2500 2025 est
2530 1990 2543 2024 :
2577 1971 2659 2027 vel
2691 1973 2881 2043 potius
2898 1974 3108 2047 gratias
3130 1990 3379 2047 agamus,
3403 1975 3553 2045 quod

1947 2057 2211 2113 secundis
2238 2061 2421 2117 ventis
2447 2062 2667 2118 delatus
2692 2064 2762 2120 ad
2795 2066 3125 2136 tranquillos
3157 2075 3354 2137 portus
3378 2082 3556 2138 appu-

1947 2148 2049 2213 lit,
2103 2159 2161 2204 et
2208 2152 2406 2206 acerba
2460 2155 2749 2226 naufragia
2774 2197 2788 2220 ,
2847 2158 3053 2227 quibus
3086 2159 3288 2213 referta
3317 2167 3403 2213 est
3436 2158 3558 2214 btec

1946 2238 2099 2301 vita,
2156 2255 2267 2294 non
2318 2250 2406 2297 est
2454 2253 2738 2313 expertus.
2799 2246 3004 2300 Verum
3076 2261 3553 2316 supervacaneum

1948 2341 2071 2382 esse
2104 2332 2286 2385 sentio
2310 2373 2324 2397 ,
2378 2332 2527 2402 quod
2558 2342 2847 2388 strenuum
2873 2335 3115 2405 pugilem
3144 2335 3397 2401 virtutis,
3443 2352 3553 2391 cte-

1948 2427 2197 2475 terorum
2225 2422 2559 2479 athletarum
2588 2427 2936 2497 magistrum,
2967 2428 3036 2483 ad
3065 2430 3437 2484 constantiam
3459 2444 3557 2484 ex-

1946 2511 2137 2566 citem.
2196 2513 2393 2569 Scribo
2442 2524 2629 2571 tamen
2677 2525 2741 2572 ut
2794 2519 2932 2572 mihi
2969 2519 3075 2589 ipsi
3111 2521 3552 2576 consolationem

1949 2603 2038 2659 his
2070 2605 2261 2660 verbis
2302 2607 2619 2662 conciliem.
2682 2609 2842 2663 Dolui
2867 2609 3014 2664 enim
3044 2626 3238 2666 revera
3262 2611 3555 2668 laudanda:

1947 2709 2164 2749 memor
2201 2697 2645 2751 consuetudinis.
2710 2697 2819 2753 Sed
2848 2700 3099 2754 omnium
3131 2718 3326 2757 rursus
3362 2703 3551 2760 Mode-

1948 2796 2189 2841 ratorem
2245 2787 2455 2857 1071
2505 2789 2764 2844 laudibus
2797 2791 2993 2855 extuli,
3042 2793 3139 2861 qui
3164 2803 3221 2849 et
3253 2794 3387 2850 utile
3417 2796 3551 2866 quid

1947 2877 2197 2932 futurum
2249 2880 2323 2932 sit
2380 2887 2738 2949 perspectum
2783 2881 2992 2947 habet,
3056 2893 3113 2938 et
3141 2885 3210 2939 ad
3238 2886 3345 2940 hoc
3370 2886 3551 2957 ipsum

1949 2984 2037 3023 res
2070 2976 2289 3024 nostras
2321 2969 2573 3025 inﬂectit.
2613 2971 2739 3027 Haec
2766 2988 2869 3044 ego
2904 2975 3232 3046 perscriptis
3254 2979 3365 3048 jam
3395 2980 3551 3049 prio-

1947 3060 2106 3115 ribus
2128 3062 2356 3117 monitis
2381 3061 2608 3129 dictavi,
2624 3078 2754 3118 cum
2780 3067 2902 3137 ejus
2923 3077 3159 3123 mortem
3181 3071 3319 3125 mihi
3338 3072 3554 3128 amicus

1947 3154 2174 3223 quidam
2202 3153 2272 3207 ab
2296 3154 2591 3209 Antiochia
2618 3157 2952 3213 nuntiasset.

230 3244 614 3316 κυϐερνῶντα.
650 3245 839 3298 Ταῦτα
898 3244 1038 3316 μετὰ
1098 3244 1158 3295 τὸ
1213 3243 1424 3314 γράψαι
1472 3242 1543 3296 ’τὰ
1595 3243 1839 3315 πρότερα
1880 3244 2271 3316 ύπομνηστικὰ
2343 3247 2721 3317 ὑπηγόρευσα,
2760 3250 2909 3313 τινός
2978 3268 3067 3323 μοι
3109 3251 3218 3306 τῶν
3247 3253 3305 3307 έν
3346 3256 3552 3309 Ἀντιο-

230 3339 359 3410 χείᾳ
385 3338 558 3407 φίλων
596 3337 978 3409 μεμηνυκότος
1005 3336 1104 3408 τὴν
1132 3336 1416 3408 τελευτήν.

818 3456 916 3509 ΙΓ’.
952 3486 1024 3495 -
1066 3456 1256 3523 Κύρῳ.
1376 3530 1379 3535 _

309 3569 420 3638 Τὴν
455 3570 552 3640 μὲν
577 3569 785 3623 Λέσϐον
807 3567 995 3620 ἀκούω
1012 3567 1111 3638 τὴν
1132 3568 1317 3637 νῆσον,
1361 3569 1456 3621 καὶ
1479 3568 1580 3631 τὰς
1614 3569 1672 3621 ὲν
1699 3567 1838 3639 αὐτῇ

234 3658 442 3724 πόλεις,
478 3661 576 3731 τήν
616 3677 676 3712 τε
715 3657 1034 3727 Μιτυλήνην
1086 3656 1179 3710 καὶ
1229 3657 1559 3727 Μήθυμναν.
1607 3658 1701 3710 καὶ
1738 3657 1839 3721 τὰς

230 3752 437 3816 ἄλλας·
487 3752 721 3820 ἠγνόουν
766 3750 828 3802 δὲ
879 3748 973 3803 τὸν
1001 3751 1101 3818 τῆς
1154 3750 1213 3800 ὲν
1268 3748 1451 3819 ἐκείνῃ
1491 3747 1840 3819 τρεφομένης

232 3844 488 3913 ἀμπέλου
520 3845 757 3914 καρπόν.
792 3840 905 3893 Νῦν
934 3841 993 3894 δὲ
1030 3839 1221 3893 τοῦτον
1246 3839 1334 3893 διὰ
1356 3840 1453 3909 τῆς
1492 3841 1591 3909 σῆς
1613 3840 1840 3909 φιλοποσ

232 3937 357 3999 νίας
383 3935 686 4007 μεμάθηκα
707 3949 721 3964 ’
745 3934 856 4008 ,καὶ
883 3931 1154 4002 θαυμάζω
1180 3931 1243 3984 τό
1276 3948 1335 3983 τε
1369 3929 1464 3983 τοῦ
1500 3930 1675 3995 εἴδους
1716 3931 1840 3984 λευ-

232 4028 354 4091 κδν,
392 4030 487 4083 καὶ
525 4028 626 4097 τῆς
675 4026 921 4095 γεύσεως
964 4024 1025 4077 τὸ
1068 4022 1299 4075 λεπτόν
1348 4024 1450 4091 τὴν
1475 4023 1533 4074 δὲ
1585 4021 1779 4093 ήδονὴν
1811 4024 1840 4077 ὁ

231 4119 431 4190 χρόνος
462 4119 591 4181 ἴσως
639 4116 964 4188 προσθήσει,
1017 4116 1066 4167 εί
1122 4114 1196 4185 μὴ
1246 4112 1480 4183 τροπίαν
1519 4113 1835 4183 ἐργάσαιτο.

232 4210 499 4265 Λωϐἄται
525 4210 634 4279 γὰρ
675 4210 769 4261 καὶ
794 4206 982 4271 οἴνοις,
1020 4204 1211 4276 ὥσπερ
1248 4201 1316 4258 αὖ
1346 4207 1439 4258 καὶ
1472 4203 1709 4273 σώμασι,
1742 4205 1839 4258 καὶ

233 4302 449 4369 φυτοῖς,
484 4300 581 4352 καὶ
614 4298 951 4368 οἰκοδομαῖς,
994 4296 1088 4350 καὶ
1140 4298 1252 4359 τοῖς
1298 4294 1483 4359 ἄλλοις
1518 4300 1836 4368 χειροποιή-

232 4408 376 4453 τοις.
420 4390 655 4460 Ἐμοὶδὲ
704 4388 977 4459 ἄχρηστός
1010 4388 1129 4440 ἐστι
1162 4386 1467 4451 παντελῶς,
1510 4389 1626 4456 εἴγε
1669 4389 1838 4443 πολυ-

231 4481 491 4556 χρονίους
526 4480 667 4533 κατά
696 4481 789 4531 τὸν
838 4479 930 4531 σὺν
979 4479 1139 4547 λόγον
1174 4480 1349 4532 ποιεῖν
1400 4478 1530 4542 τοὺς
1578 4480 1837 4546 πίνοντας

233 4574 504 4642 πέφυκεν.
548 4571 797 4643 Μακρῶν
820 4572 929 4642 γάρ
957 4570 1138 4639 ἔγωγε
1166 4572 1379 4642 χρόνων
1425 4571 1526 4624 οὐκ
1554 4574 1795 4644 ἐραστής
1818 4590 1832 4606 ο

230 4662 427 4734 ἐπειδὴ
466 4661 639 4716 πολλὰ
699 4661 795 4714 καὶ
845 4660 1060 4730 χαλεπά
1096 4658 1189 4712 τοῦ
1241 4659 1358 4729 βίου
1407 4661 1477 4711 τὰ
1530 4660 1833 4713 κλυδώνιαο

1866 3432 1915 3494 C

2539 3456 2680 3511 xm.
2703 3488 2774 3497 -
2798 3456 2956 3530 Cyro.

2020 3563 2260 3620 Lesbum
2289 3566 2550 3637 equidem
2581 3569 2820 3624 insulam
2848 3570 3194 3639 audiveram,
3222 3583 3279 3629 et
3305 3576 3427 3646 ejus
3451 3594 3549 3632 ur-

1945 3653 2044 3709 bes
2076 3655 2394 3726 Mitylenem
2433 3674 2497 3713 ac
2531 3659 2927 3732 Methymnam,
2964 3672 3021 3716 et
3050 3664 3218 3731 alias,
3260 3667 3389 3722 vitis
3417 3684 3550 3723 vero

1944 3759 2066 3813 qua:
2097 3746 2153 3799 in
2181 3762 2245 3799 ea
2273 3749 2523 3802 nascitur
2550 3749 2791 3806 fructum
2814 3754 3153 3809 nesciebam.
3181 3756 3342 3811 Nunc
3363 3768 3547 3813 autem

1944 3831 2094 3887 hunc
2123 3834 2293 3889 etiam
2334 3850 2401 3889 ex
2430 3836 2710 3892 industria
2742 3848 2833 3893 tua
2859 3841 3027 3896 didici
3060 3883 3074 3908 ,
3128 3846 3549 3919 admiratusque

1943 3940 2065 3978 sum
2115 3933 2173 3979 et
2218 3925 2410 3983 formae
2447 3928 2771 3997 candorem,
2825 3939 2883 3986 et
2913 3935 3128 4003 saporis
3158 3937 3545 4008 subtilitatem,

1942 4016 2272 4071 suavitatem
2295 4033 2428 4074 vero
2465 4029 2683 4091 tempus
2706 4021 2889 4076 forsan
2915 4024 3159 4095 adjiciet,
3182 4028 3289 4082 nisi
3314 4045 3547 4100 vappam

1941 4107 2160 4162 clliciat.
2216 4110 2370 4165 Vinis
2410 4112 2560 4166 enim
2599 4112 2785 4179 ollicit,
2844 4118 3311 4185 quemadmodum
3341 4137 3544 4192 corpo-

1943 4201 2131 4266 ribus,
2185 4211 2241 4257 et
2294 4205 2534 4274 plantis,
2594 4213 2650 4259 et
2680 4206 2961 4274 adificiis,
3018 4211 3346 4281 ueterisque
3376 4229 3545 4269 manu

1939 4291 2121 4349 factis.
2157 4293 2435 4350 Creterum
2463 4297 2662 4352 inutile
2687 4299 2825 4353 mihi
2857 4316 3087 4369 prorsus
3109 4312 3217 4369 est,
3261 4306 3307 4359 si
3335 4305 3543 4377 longa:-

1940 4400 2057 4452 vos,
2110 4394 2171 4440 ut
2200 4388 2307 4452 ais,
2349 4388 2612 4443 bibentes
2639 4390 2824 4445 facere
2851 4392 3010 4447 solet.
3050 4392 3365 4465 Longorum
3391 4396 3543 4451 enim

1940 4486 2257 4548 temporum
2304 4496 2408 4550 ego
2434 4496 2567 4535 sane
2603 4482 2843 4552 cupidus
2868 4499 2979 4537 non
3005 4500 3150 4550 sum,
3207 4503 3331 4541 cum
3358 4488 3545 4545 multa:

1939 4577 1996 4622 et
2015 4585 2209 4639 graves
2236 4571 2364 4627 vita:
2390 4572 2503 4627 sint
2526 4574 2808 4643 procellae.
2836 4574 3188 4631 Exhilaratus
3211 4594 3333 4632 sum
3357 4582 3545 4649 potius

1941 4661 2133 4717 audita
2158 4664 2417 4719 monachi
2446 4666 2802 4735 valetudine;
2838 4686 3033 4725 revera
3055 4672 3203 4724 enim
3237 4672 3352 4728 haec
3375 4675 3543 4730 etiam

235 4756 443 4826 μᾶλλον
471 4754 529 4807 δὲ
552 4753 729 4825 ἥσθην
757 4752 850 4807 τοῦ
896 4752 1219 4823 μονάζοντος
1248 4752 1347 4822 τὴν
1378 4752 1590 4820 ὑγίειαν
1622 4751 1831 4822 μαθών.

1948 4769 2029 4807 me
2049 4771 2182 4810 cura
2206 4758 2507 4827 pungebat,
2528 4766 2585 4813 et
2608 4760 2854 4816 medicos
2876 4761 3158 4817 immerito
3180 4766 3537 4821 accusabam:

196 4870 199 4873 ν
229 4845 328 4915 Τῷ
362 4845 476 4897 ὄντι
503 4847 605 4913 μὲν
628 4842 738 4915 γάρ
765 4838 915 4912 εἶχον
947 4840 1042 4895 καὶ
1077 4841 1291 4912 ταύτην
1312 4856 1381 4911 με
1415 4842 1713 4896 νύττουσαν
1735 4844 1835 4914 τὴν

231 4932 529 5007 φροντίδα·
564 4934 677 4988 τῶν
719 4933 777 4987 δὲ
823 4933 1026 5004 ἰατρῶν
1052 4934 1155 4987 οὐκ
1200 4934 1260 4987 ὲν
1288 4934 1416 5005 δίκῃ
1464 4934 1830 5006 κατηγόρουν.

231 5023 510 5095 Τοιαύτης
534 5024 644 5095 γὰρ
670 5023 731 5076 τὸ
755 5022 927 5087 πάθος
949 5021 1248 5093 θεραπείας
1278 5022 1470 5077 ἐδεῖτο.
1502 5021 1833 5079 ’Δπέστειλά

1941 4847 2070 4917 quia
2106 4849 2339 4905 morbus
2364 4850 2456 4906 hic
2485 4852 2580 4906 tali
2605 4856 2897 4909 curatione
2925 4854 3226 4926 indigebat.
3256 4857 3377 4913 Misi
3399 4859 3468 4914 ad
3490 4869 3543 4914 te

1939 4939 2228 4994 vasculum
2259 4941 2460 5007 mellis,
2518 4943 2680 5013 quale
2703 4943 2912 4999 Cilissa:
2936 4960 3068 5014 apes
3089 4949 3324 5018 styracis
3349 4948 3542 5005 ﬂorem

1940 5030 2256 5090 delibantes
2280 5034 2608 5092 conficiunt.

230 5134 333 5171 σου
362 5119 430 5190 τῇ
455 5117 707 5187 εὐγενείᾳ
740 5116 1002 5187 σταμνίον
1031 5117 1274 5188 μέλιτος,
1305 5110 1418 5169 οἷον
1453 5119 1511 5171 αἱ
1546 5116 1820 5174 Κύλισσαι
1859 5124 2309 5200 μελιττουργοῦσι
2372 5130 2648 5201 μέλιτται,
2710 5132 2804 5186 τοῦ
2842 5108 3116 5206 στύρακος
3158 5135 3541 5207 περισυλῶσαι

229 5211 307 5265 τά
337 5208 496 5282 ἄνθη.

663 5325 763 5378 ur.
787 5351 859 5365 --
900 5322 1271 5394 Ἀλεξάνδρᾳ
1301 5323 1402 5395 (6).

306 5441 369 5494 Εἰ
405 5440 506 5510 μὲν
545 5438 716 5511 μόνην
742 5438 836 5493 τοῦ
865 5439 1277 5511 συμϐεϐηκότος
1306 5440 1437 5512 ὑμῖν
1462 5441 1681 5508 πάθους
1712 5442 1829 5497 ἑλο-
1864 5434 1867 5437 Α

228 5532 471 5604 γιζὸμην
500 5531 601 5603 τὴν
629 5531 815 5600 φύσιν,
848 5532 954 5585 τῶν
981 5531 1464 5603 ψυχαγωγούντων
1499 5534 1568 5589 ἂν
1596 5534 1828 5606 ἐδεήθην

230 5623 411 5695 κάγὼ,
442 5625 502 5677 οὐ
542 5625 703 5695 μόνον
740 5624 820 5695 τῷ
858 5623 927 5677 τά
956 5625 1199 5698 ὑμέτερα
1247 5627 1423 5679 οίκεῑα
1470 5627 1700 5697 κρίνειν,
1730 5628 1827 5682 καὶ

303 5764 384 5901 (ὄζ
412 5764 497 5819 An
531 5766 894 5843 φιλοσοφίαςῖ
919 5775 1015 5821 aut
1044 5766 1350 5837 εὐθυμίαιςῖ

304 5834 363 5901 (6
413 5835 507 5892 Sic
538 5836 838 5894 Camer-ius
867 5847 1104 5901 auctar.,
1132 5853 1187 5901 p.
1226 5836 1350 5892 210.

2430 5338 2572 5394 XIV.
2605 5370 2677 5380 -—
2702 5339 3048 5397 Alexandra.

2011 5448 2068 5505 Si
2122 5466 2287 5507 casus
2344 5453 2441 5523 qui
2491 5454 2591 5509 tibi
2622 5454 2826 5510 accidit
2869 5457 3042 5511 solam
3072 5464 3327 5514 naturam
3360 5461 3541 5517 consi-

1938 5537 2192 5595 derarem
2219 5582 2233 5606 ,
2296 5557 2520 5613 egerem
2551 5552 2607 5599 et
2636 5559 2739 5615 ego
2762 5545 2881 5615 ipse
2909 5548 3375 5616 consolatoribus,
3426 5564 3538 5605 non

1934 5630 2114 5686 solum
2172 5632 2322 5703 quod
2359 5648 2479 5688 mea
2508 5649 2631 5691 esse
2661 5634 2859 5691 ducam
2916 5650 3035 5707 quae
3071 5643 3162 5692 tua
3189 5646 3364 5706 sunt,
3421 5646 3538 5694 tum

304 5834 384 5907 (6)
413 5835 507 5892 Sic
538 5834 838 5894 Camer-ius
867 5847 1104 5907 auctar.,
1132 5834 1195 5909 p.
1226 5836 1352 5892 210.
1392 5836 1559 5894 Sirm.
1605 5836 1967 5915 Ἀλεξανδρίᾳ,

463 5939 503 5968 \,
