4336 6326
744 267 888 340 1187

1770 263 2259 327 THEODORETI
2297 262 2638 326 EPISCOPI
2677 265 3044 328 CYRENSIS

3888 262 4027 329 ΗΞ

747 386 895 451 leta,
926 394 1043 441 tum
1076 384 1183 439 alia
1210 395 1553 453 quaecunque
1572 420 1588 449 ,
1650 377 1863 449 1072
1914 392 2109 432 verum
2140 377 2328 440 etiam,

2433 376 2503 430 τά
2533 376 2783 447 θυμήρη,
2818 380 2911 432 καὶ
2933 378 3002 431 τά
3023 376 3159 432 ἄλλα
3179 372 3340 431 ὁποῖά
3384 374 3500 429 ποτ’
3534 374 3604 431 ἄν
3736 374 3905 430 Ἀλλὰ
3932 375 4027 432 καὶ

746 478 894 549 quod
947 474 1329 545 admirandum
1382 473 1538 528 illum
1592 487 1658 528 ac
1705 472 1831 541 jure
1879 469 2214 525 laudandum
2252 469 2331 523 vi-

745 583 868 623 rum
932 566 1095 621 unice
1159 563 1468 620 dilexerim.
1540 561 1679 618 Cum
1720 570 1905 616 autem
1954 560 2147 616 divino
2199 558 2331 614 hinc

746 652 975 707 dcerem
1026 651 1302 706 abductus
1328 651 1397 705 sit
1434 650 1827 721 melioremque
1853 649 1922 705 ad
1949 650 2118 704 vitam
2147 656 2327 704 trans-

744 744 907 803 latus.
938 750 995 800 et
1022 744 1281 799 mroris
1310 743 1425 815 ipse
1455 743 1659 799 nubem
1696 741 1753 796 in
1779 740 1962 796 anima
1993 756 2115 797 mea
2148 740 2332 797 discu-

670 906 671 909 η
746 835 825 890 tio
848 875 864 901 ,
919 843 977 891 et
1024 844 1174 890 tuam
1198 849 1297 891 oro
1327 834 1674 904 gravitatem,
1727 841 1787 887 ut
1814 832 2055 887 tristitia:
2079 831 2328 887 dolorem

752 927 966 981 ratione
1028 927 1237 987 vincas,
1273 923 1701 993 divinorumque
1728 921 2327 992 eloquiorumcarmen

739 1016 937 1070 anima:
965 1016 1023 1069 in
1052 1022 1303 1085 tempore
1331 1012 1647 1068 admoveas.
1680 1011 1857 1082 Hujus
1879 1012 2030 1066 enim
2051 1011 2131 1066 rei
2151 1010 2325 1082 gratia

739 1107 923 1163 statim
950 1122 979 1160 a
1004 1106 1297 1162 cunabulis
1327 1105 1479 1161 velut
1504 1103 1801 1171 mamillam
1824 1103 2118 1174 quamdam
2142 1116 2327 1158 saera-

737 1215 859 1253 rum
883 1197 1297 1269 Scripturarum
1322 1196 1737 1252 meditationem
1761 1196 2069 1261 haurimus,
2092 1205 2174 1260 ut,
2194 1210 2322 1251 cum

736 1290 967 1345 morbus
996 1306 1098 1345 nos
1121 1290 1404 1354 invaserit,
1454 1288 1693 1344 salutare
1717 1287 2075 1359 pbarmacum
2095 1285 2324 1356 spiritus

736 1376 1086 1447 disciplinam
1118 1376 1501 1432 adhibeamus.
1529 1375 1749 1432 Scimus
1769 1390 1901 1432 sane
1926 1376 2322 1447 permolestum

734 1476 793 1524 et
820 1484 983 1538 grave
1009 1468 1306 1522 admodum
1327 1508 1340 1533 ,
1405 1482 1529 1523 cum
1560 1482 1749 1522 amore
1784 1467 2010 1538 dignum
2036 1465 2321 1538 quidpiam

734 1558 934 1629 aliquis
955 1558 1285 1630 possederit,
1308 1573 1373 1614 eo
1406 1558 1554 1629 quod
1582 1565 1728 1613 amet
1757 1565 1986 1627 repente
2015 1556 2246 1627 privari,
2264 1566 2323 1612 et

733 1665 859 1705 cum
888 1651 1129 1705 secunda
1159 1659 1309 1705 sorte
1344 1666 1477 1705 usus
1506 1649 1674 1704 fuerit
1697 1691 1712 1717 ,
1764 1648 1822 1703 in
1849 1647 2140 1704 adversam
2167 1647 2319 1703 dela-

2430 467 2508 538 τῷ
2655 442 2967 539 θαυμασίαν
2995 466 3213 538 εκείνην
3245 468 3337 521 καὶ
3361 466 3533 531 δντως
3553 442 3879 533 ἀξιέπαινον
3916 481 4014 520 xs-
4100 540 4105 543 τ
4182 442 4183 445 Ἴ

2430 560 2607 632 φαλὴν
2654 559 3020 630 διαφερόντως
3075 559 3449 631 ἠγαπηκέναι.
3508 558 3727 629 Ἐπειδὴ
3781 558 3846 613 δὲ
3896 559 4025 629 ὄρος

2433 648 2599 702 αὐτὸν
2625 649 2769 712 θεῖος
2805 648 3021 702 ἐνθένδε
3055 648 3380 721 μετέστησε,
3420 650 3515 705 καὶ
3541 650 3625 715 είς
3665 649 3768 721 τὴν
3805 650 4023 719 ἀμείνω

2432 739 2702 810 μετέθηκε
2727 738 2933 811 βιοτὴν,
2966 741 3061 795 καὶ
3083 742 3149 795 lx
3172 740 3277 812 τῆς
3301 741 3541 813 ἐμαυτοῦ
3561 742 3740 813 ψυχῆς
3773 743 4020 796 ἀποσκε-

2428 828 2661 899 δάννυμι
2706 828 2809 899 τῆς
2841 829 3084 901 ἀθυμίας
3110 829 3172 883 τὸ
3217 829 3401 899 νέφος,
3433 830 3530 884 καὶ
3565 833 3668 901 τὴν
3708 830 3812 901 σὴν
3841 846 4022 901 mpu—

2428 920 2581 975 καλῶ
2612 922 3060 994 σεμνοπρέπειαν
3089 924 3313 993 νικῆσαι
3342 922 3444 992 τῆς
3474 921 3716 993 ἀθυμίας
3753 921 3822 975 τὸ
3847 921 4021 984 πάθος

2424 1012 2505 1083 τῷ
2543 1013 2813 1085 λογισμῷ,
2840 1016 2936 1069 καὶ
2979 1016 3061 1080 είς
3108 1015 3300 1085 καιρὸν
3345 1017 3740 1086 προσενεγκεῖν
3771 1016 3841 1085 τῇ
3867 1014 4017 1085 ψυχῇ

2425 1106 2535 1159 τῶν
2564 1105 2727 1160 θείων
2763 1107 2940 1176 λόγων
2976 1108 3079 1178 τὴν
3106 1106 3323 1178 ἑπῳδήν
3343 1121 3357 1136 ·
3389 1104 3582 1159 τούτου
3612 1104 3719 1177 γάρ
3751 1104 3820 1175 δὴ
3852 1105 4018 1177 χάριν

2425 1197 2591 1261 εὐθὺς
2642 1198 2710 1251 εκ
2753 1198 3090 1269 σπαργάνων
3129 1190 3241 1252 οἷόν
3268 1214 3396 1252 τινα
3440 1195 3610 1268 θηλὴν
3651 1196 3888 1266 ἕλκομεν
3919 1196 4018 1264 τῆς

2428 1290 2581 1361 ἱεράς
2600 1288 2829 1360 Γραφῆς
2866 1289 2967 1361 τὴν
2998 1287 3249 1360 μελέτην,
3279 1287 3347 1340 ἶν’
3386 1287 3517 1343 ὅταν
3546 1288 3679 1358 ἡμῖν
3722 1287 4016 1358 προσπέσῃ

2423 1380 2619 1445 πάθος,
2643 1381 3108 1453 προσενέγκωμεν
3135 1377 3462 1443 ἀλεξίκακον
3484 1377 3780 1449 φάρμακον
3804 1378 3908 1447 τὴν
3937 1375 4014 1429 δι-

2421 1470 2721 1527 δασκαλίαν
2752 1470 2847 1524 τοῦ
2875 1472 3210 1542 Πνεύματος.
3244 1469 3481 1542 Οἴδαμεν
3521 1469 3580 1523 δὲ
3603 1468 3681 1533 ὡς
3730 1468 4016 1539 παγχάλε-

2421 1579 2544 1624 πον,
2576 1562 2670 1617 xui.
2702 1563 2826 1639 λίαν
2871 1562 3019 1616 εστὶν
3068 1561 3337 1631 ἀλγεινὸν,
3378 1558 3705 1630 ἀξιεράστου
3749 1560 3903 1622 τινος
3956 1559 4016 1612 ἐν

2422 1654 2587 1726 πείρᾳ
2641 1653 3011 1723 γεγενημένον
3072 1652 3279 1724 ἔρημον
3341 1651 3605 1723 ἐξαπίνης
3659 1650 3755 1705 τοῦ
3816 1648 4017 1703 ποθου-

733 1740 813 1796 bi.
841 1740 1112 1798 Caterqu
1147 1742 1215 1797 iis
1245 1742 1341 1811 qui
1375 1750 1559 1797 mente
1591 1714 1721 1797 sunt
1743 1739 1980 1811 praediti,
2006 1739 2321 1811 etpruden-

2430 1714 2590 1817 μένου
2639 1714 2915 1814 θειέσοςιι,
2970 1744 3065 1798 καὶ
3106 1714 3193 1797 ἐξ
3227 1714 3495 1816 εοχλτίριᾳ
3536 1714 3836 1814 γενόμενον
3882 1741 4016 1795 δυσ-

732 1843 819 1889 ter
842 1832 1257 1896 ratiocinantur,
1290 1832 1654 1887 humanarum
1688 1847 1871 1886 rerum
1899 1839 2097 1901 praeter
2125 1844 2319 1899 exspe-

730 1924 1027 1979 ctationem
1049 1924 1187 1978 nihil
1208 1922 1430 1977 accidit.
1455 1922 1604 1976 Nihil
1622 1922 1768 1976 enim
1791 1921 1845 1975 in
1870 1922 1977 1976 illis
1997 1930 2081 1976 est
2098 1920 2315 1988 stabile,

729 2014 869 2069 nihil
903 2012 1119 2070 ﬁrmum
1149 2032 1161 2067 :
1192 2029 1301 2068 non
1330 2012 1531 2077 forma,
1563 2027 1674 2067 non
1705 2026 1858 2083 opes,
1890 2028 2001 2067 non
2023 2014 2039 2033 '
2068 2015 2319 2082 corporis

728 2104 989 2161 valetudo
1012 2148 1026 2171 ,
1084 2121 1194 2161 non
1224 2104 1513 2176 dignitatis
1541 2103 1870 2175 amplitudo,
1908 2104 2046 2159 nihil
2076 2104 2316 2175 denique

728 2212 923 2252 eorum
972 2210 1095 2265 quae
1130 2195 1319 2250 mirari
1351 2193 1577 2264 plurimi
1605 2193 1804 2247 solent.
1840 2191 1947 2247 Alii
1978 2207 2216 2263 namque
2248 2206 2318 2247 ex

729 2288 982 2344 maximis
1003 2286 1211 2341 divitiis
1233 2287 1286 2340 in
1310 2300 1577 2339 summam
1605 2292 1901 2353 egestatem
1925 2282 2130 2337 redacti
2157 2291 2312 2348 sunt;

729 2380 825 2437 alii
876 2379 1076 2434 amissa
1126 2377 1362 2433 sanitate
1412 2376 1582 2431 variis
1612 2391 1738 2431 cum
1772 2375 1984 2430 morbis
2007 2375 2314 2430 colluctan-

728 2481 853 2536 tur;
891 2471 985 2526 alii
1016 2469 1311 2542 splendore
1344 2467 1564 2539 generis
1593 2467 1896 2538 gloriantes
1930 2466 2312 2538 gravissimum

728 2565 1015 2622 servitutis
1036 2566 1230 2635 jugum
1263 2561 1513 2616 trahunt.
1552 2559 1815 2631 Corporis
1837 2574 1970 2615 vero
2000 2559 2311 2631 pulchritu-

728 2659 916 2715 dinem
945 2666 1001 2712 et
1025 2654 1251 2710 morbus
1273 2652 1588 2719 labefactat,
1618 2659 1676 2707 et
1697 2660 1957 2708 senectus
1980 2652 2309 2721 corrumpit.

726 2743 1185 2819 Sapientissimus
1203 2753 1388 2800 autem
1423 2743 1809 2798 universorum
1842 2734 2026 2797 rector
2057 2742 2194 2797 nihil
2216 2741 2315 2798 bo-

728 2850 850 2891 rum
876 2842 1205 2905 perpetuum
1228 2847 1293 2886 ac
1313 2830 1508 2887 stabile
1533 2846 1654 2886 esse
1673 2830 1944 2901 permisit,
1966 2840 2030 2887 ut
2053 2832 2315 2886 mutatio-

728 2941 854 2982 nem
892 2932 1203 2980 metuentes
1254 2923 1351 2993 qui
1389 2923 1496 2977 ista
1536 2930 1667 2978 sunt
1692 2921 1900 2993 adepti,
1950 2922 2309 2994 supercilium

2422 1835 2624 1907 κληρίᾳ
2676 1837 3013 1906 περιπεσεῖν.
3046 1833 3207 1888 ’Δλλά
3240 1837 3354 1899 τοῖς
3394 1851 3460 1904 γε
3499 1833 3625 1889 νοῦν
3660 1832 3870 1906 ἔχουσι,
3916 1833 4015 1886 καὶ

2423 1926 2664 1998 σώφρονι
2718 1926 2965 1997 λογισμῷ
2995 1927 3399 1999 κεχρημένοις,
3451 1926 3607 1982 οὐδὲν
3633 1926 3742 1981 τῶν
3791 1924 4013 1997 ἀνθρω-

2419 2017 2593 2071 πίνων
2641 2018 2910 2089 ἀδόκητον
2932 2036 2945 2049 ·
2977 2018 3131 2072 οὐδὲν
3170 2018 3280 2090 γὰρ
3324 2017 3534 2072 τούτων
3564 2017 3847 2089 σταθερὸν,
3884 2018 4010 2071 οὐδὲ

2423 2108 2644 2180 βέϐαιον
2702 2109 2764 2163 οὐ
2794 2108 3013 2174 κάλλος,
3034 2110 3094 2163 ού
3112 2108 3360 2174 πλοῦτος,
3388 2110 3488 2164 ούκ
3514 2108 3699 2175 εὐεξία
3726 2106 4005 2179 σώματος.

2417 2207 2519 2253 ούκ
2548 2199 2859 2271 ἀξιώματος
2902 2201 3100 2269 ὄγκος·
3145 2202 3247 2255 οὐκ
3289 2200 3419 2255 ἀλλο
3457 2218 3513 2255 τι
3542 2198 3651 2255 τῶν
3694 2200 3850 2271 παρά
3892 2202 4007 2263 τοῖς

2420 2294 2697 2358 πλείστοις
2735 2292 3190 2365 Θαυμαζομένων.
3226 2294 3287 2346 Ol
3320 2293 3421 2363 μὲν
3458 2293 3569 2365 γὰρ
3598 2292 3659 2359 ἐξ
3694 2293 3872 2362 ἄκρας
3910 2292 4003 2344 eti-

2417 2383 2615 2455 πορίας
2658 2385 2740 2447 είς
2788 2385 2985 2437 πενίαν
3023 2384 3261 2454 ισχάτην
3318 2384 3651 2455 μετέπεσον·
3698 2385 3746 2437 οί
3798 2382 3856 2435 δὲ
3903 2384 4007 2455 τὴν

2416 2472 2628 2541 ὑγίειαν
2659 2471 3051 2537 ἀποϐαλόντες,
3089 2474 3456 2537 παντοδαποῖς
3504 2473 3795 2528 παλαίουσι
3830 2474 4004 2529 πάθε-

2417 2582 2500 2619 σιν
2521 2579 2534 2595 °
2594 2564 2747 2620 ἄλλοι
2801 2565 3131 2637 περιφάνεια
3176 2567 3570 2638 σεμνυνόμενοι
3621 2568 3817 2636 γένους
3839 2609 3854 2634 ,
3908 2567 4002 2621 τὸν

2416 2655 2719 2728 βαρύτατον
2741 2655 2963 2711 ἕλκουσι
2993 2656 3093 2727 τῆς
3114 2655 3361 2722 δουλείας
3388 2656 3572 2727 ζυγόν.
3603 2656 3696 2729 Τῷ
3725 2658 3785 2711 δὲ
3809 2658 3999 2714 κάλλει

2413 2746 2508 2803 τοῦ
2547 2747 2800 2818 σώματος
2838 2748 2933 2803 καὶ
2972 2748 3127 2812 νόσος
3150 2748 3413 2813 λωϐᾶται,
3453 2751 3547 2805 καὶ
3581 2751 3763 2822 γῆρας
3796 2751 3998 2823 λυμαί-

2413 2857 2584 2895 νεται.
2627 2840 2790 2895 Μάλα
2839 2840 2897 2894 δὲ
2943 2838 3123 2909 σοφῶς
3158 2840 3268 2894 τῶν
3294 2841 3484 2898 δλωνό
3532 2843 3807 2915 Πρύτανις
3844 2844 3998 2898 οὐδὲν

2410 2928 2619 2983 τούτων
2646 2930 2795 2982 εἴασε
2826 2928 3072 3001 διαρκὲς,
3105 2929 3226 2984 οὐδὲ
3275 2930 3539 3003 μόνιμον·
3575 2932 3662 2986 ῖνα
3698 2934 3801 2995 τὰς
3836 2951 4001 3004 μετα-

728 3017 1060 3081 dcmittant,
1134 3022 1192 3071 et
1241 3015 1441 3069 borum
1494 3012 1899 3069 volubilitatem
1952 3021 2312 3086 agnoscentes

2430 3020 2577 3085 Ξολὰς
2597 3021 2834 3085 δεδιότες
2862 3022 2912 3075 οἱ
2942 3021 3148 3075 τούτων
3173 3022 3560 3093 τετυχηκότες,
3588 3024 3997 3079 καταστέλλωσι

729 3108 955 3164 caducis
987 3122 1097 3162 non
1123 3106 1423 3169 conﬁdant,
1476 3104 1573 3159 sed
1606 3105 1663 3159 in
1689 3105 1967 3159 bonorum
1991 3106 2309 3176 largitorem

727 3214 853 3270 spes
904 3213 1034 3254 suas
1085 3198 1320 3269 erigant.
1410 3195 1543 3262 Quae
1594 3204 1885 3267 perspecta
1934 3210 2061 3252 cum
2109 3196 2311 3251 habeat

730 3292 944 3364 1073
965 3291 1283 3362 prastantia
1307 3299 1419 3355 tua,
1444 3305 1631 3360 quaeso
1655 3276 1718 3344 tit
1737 3289 2033 3343 humanam
2054 3296 2308 3343 naturam

726 3385 1044 3440 consideres
1077 3401 1089 3436 :
1121 3381 1363 3452 reperies
1386 3380 1535 3436 enim
1585 3381 1876 3435 mortalem
1904 3394 2029 3435 esse
2081 3380 2309 3435 mortis-

726 3492 836 3548 que
865 3475 1152 3530 decretum
1181 3475 1250 3529 ab
1277 3481 1404 3529 ortu
1428 3474 1547 3541 ipso
1572 3473 1877 3541 excepisse.
1918 3472 2049 3526 Adae
2071 3486 2310 3541 namque

726 3568 869 3624 dixit
898 3567 1289 3621 universorum
1314 3566 1460 3619 Deus
1507 3605 1520 3617 .
1574 3583 1592 3614 ε
1620 3563 1791 3617 Terra
1818 3577 1899 3627 es,
1935 3570 1992 3616 et
2018 3562 2073 3616 in
2106 3571 2308 3617 terram

726 3657 1020 3714 reverteris
1040 3657 1104 3709 ".
1118 3675 1135 3707 ι
1158 3656 1331 3711 Verax
1350 3669 1514 3725 porro
1529 3653 1725 3723 estqui
1740 3652 2071 3707 sententiam
2090 3652 2235 3715 tulit,
2253 3661 2309 3707 et

727 3751 886 3804 testis
898 3746 1259 3817 experientia.
1284 3765 1303 3796 ι
1330 3744 1485 3800 Unus
1504 3744 1652 3798 enim
1675 3742 1935 3797 introitus
1952 3750 2038 3797 est
2051 3742 2310 3799 omnibus

726 3838 794 3895 ad
816 3840 1010 3903 vitam,
1036 3840 1192 3909 juxta
1215 3850 1399 3892 sacras
1422 3835 1681 3899 Litteras,
1705 3840 1762 3889 et
1786 3834 1985 3889 similis
2003 3835 2185 3889 exitus
2204 3835 2299 3899 “,i

724 3940 783 3992 et
807 3931 1122 4002 quicunque
1149 3937 1317 3991 natus
1336 3934 1423 3983 est
1444 3926 1757 3997 sepulcrum
1781 3933 2081 3996 exspectat.
2118 3925 2308 3996 Neque

724 4037 860 4079 vero
905 4021 1101 4091 aequali
1151 4028 1401 4090 tempore
1445 4019 1643 4073 vivunt
1679 4033 1873 4074 omnes
1906 4035 1918 4071 :
1950 4018 2047 4073 sed
2079 4018 2172 4073 alii
2199 4019 2307 4074 im-

725 4114 926 4170 maturi
976 4112 1317 4175 moriuntur,
1381 4109 1475 4164 alii
1531 4116 1654 4179 post
1687 4110 1903 4164 virilem
1941 4118 2177 4176 aetatem,
2213 4110 2308 4166 alii

725 4203 1029 4263 senectutis
1055 4218 1275 4273 quoque
1306 4201 1591 4257 molestias
1616 4201 1865 4271 experti:
1883 4201 1963 4255 ita
1987 4210 2044 4257 et
2066 4202 2159 4271 qui
2192 4217 2308 4257 ma-

726 4297 1125 4368 trimoniijugo
1155 4294 1279 4349 nexi
1308 4303 1457 4359 sunt,
1494 4288 1931 4364 disiunguntur.
1962 4294 2198 4350 Necesse
2221 4302 2307 4349 est

2410 3109 2510 3182 τὴν
2533 3110 2732 3181 ὀφρὺν,
2773 3111 2870 3165 καὶ
2899 3110 2990 3166 τὸν
3023 3111 3230 3166 τούτων
3260 3110 3487 3184 εὔριπον
3516 3114 3897 3184 ἐπιστάμενοι,
3923 3115 3996 3184 μὴ

2410 3204 2523 3267 τοῖς
2554 3188 2919 3274 προσκαίροις
2946 3203 3241 3275 θαρρῶσιν,
3278 3204 3395 3258 ἀλλ’
3412 3204 3498 3268 είς
3525 3204 3618 3258 τὸν
3636 3206 3747 3260 τῶν
3772 3206 3996 3275 ἀγαθῶν

2410 3295 2646 3366 χορηγὸν
2671 3294 2837 3364 ἔχωσι
2874 3295 2974 3359 τὰς
3010 3295 3255 3359 ἑλπίδας.
3282 3294 3470 3351 Ταῦτα
3518 3296 3619 3368 τὴν
3646 3297 3747 3368 σὴν
3790 3298 3995 3353 etcum

2418 3385 2853 3453 θαυμασιότητα,
2898 3383 2997 3455 τὴν
3034 3383 3385 3454 ἀνθρωπείαν
3434 3385 3601 3453 φύσιν
3650 3388 3993 3458 καταμαθεῖν

2410 3474 2587 3540 ἀξιῶ·
2633 3476 2890 3548 εὑρήσεις
2945 3477 3054 3545 γὰρ
3092 3474 3264 3545 αὐτὴν
3312 3474 3511 3545 θνητὴν
3545 3471 3734 3541 οὖσαν,
3786 3477 3882 3531 καὶ
3933 3479 3995 3544 ἐξ

2410 3566 2585 3636 ἀρχῆς
2612 3565 2919 3635 δεξαμένην
2960 3565 3056 3618 τοῦ
3091 3565 3325 3619 θανάτου
3375 3566 3469 3620 τὸν
3500 3568 3647 3638 ὅρον.
3702 3568 3851 3639 Πρὸς
3882 3570 3995 3638 γάρ

2409 3655 2505 3709 τὸν
2543 3656 2716 3725 Ἀδὰμ
2764 3657 2792 3710 ὁ
2839 3655 2947 3708 τῶν
3000 3654 3137 3710 ὅλων
3166 3656 3272 3727 ἔφη
3317 3656 3483 3721 Θεόςο
3521 3676 3540 3709 ι
3569 3658 3645 3730 Γῆ
3682 3655 3733 3711 εἳ
3772 3661 3870 3714 καὶ
3913 3664 4000 3721 είς

2410 3749 2514 3817 γῆν
2536 3745 2837 3816 ἀπελεύσῃ.
2855 3766 2875 3798 ι
2906 3745 3174 3818 Ἀψευδὴς
3205 3746 3263 3800 δὲ
3284 3748 3314 3801 δ
3330 3746 3431 3818 τὴν
3455 3746 3632 3818 ψῆφον
3660 3749 3990 3819 ἐξενεγκὼν,

2409 3838 2505 3891 καὶ
2542 3837 2753 3908 μάρτυς
2792 3838 2825 3906 ἡ
2854 3840 3041 3908 πεῖρα.
3080 3857 3099 3889 ι
3127 3838 3246 3892 Μία
3268 3838 3379 3906 γάρ
3419 3840 3640 3893 πάντων
3670 3840 3877 3906 είσοδος
3908 3844 3992 3906 εἰς

2408 3926 2499 3980 τὸν
2529 3925 2663 3996 βίον,
2702 3927 2844 3980 κατά
2882 3927 2983 3997 τὴν
3040 3925 3193 3980 θείαν
3241 3926 3487 3999 Γραφὴν,
3514 3929 3691 3995 ἐξοδός
3714 3947 3775 3983 τε
3813 3933 3930 4003 ἴση,
3970 3951 3991 3984 a

2409 4019 2506 4072 atat
2541 4019 2651 4082 πᾶς
2694 4016 3038 4089 γεννώμενος
3092 4018 3397 4089 προσμένει
3466 4020 3557 4073 τὸν
3610 4022 3804 4089 τάφον.
3878 4023 3994 4077 Καὶ

2407 4108 2530 4163 οὐδὲ
2568 4107 2685 4163 ἴσον
2734 4106 2973 4171 άπαντες
3003 4107 3307 4178 βιοτεύουσι
3358 4110 3585 4181 χρόνον·
3634 4110 3751 4165 ἀλλ’
3789 4114 3840 4166 οῖ
3890 4114 3993 4184 μὲν

2409 4199 2649 4271 πρόωροι
2687 4198 3043 4262 τελευτῶσιν,
3087 4199 3137 4251 οί
3167 4197 3223 4251 δὲ
3276 4201 3357 4262 εἰς
3399 4196 3603 4271 ἄνδρας
3638 4201 3989 4265 τελέσαντες,

2407 4291 2457 4344 οί
2488 4290 2545 4344 δὲ
2570 4290 2665 4343 καὶ
2697 4288 2805 4343 τῶν
2836 4286 2929 4342 τοῦ
2951 4289 3135 4361 γήρως
3160 4288 3401 4360 ἀνιαρῶν
3427 4290 3781 4362 πειραθέντες
3803 4309 3818 4323 ·
3846 4293 3992 4348 οὕτω

724 4390 871 4446 enim
925 4397 1021 4442 aut
1070 4388 1251 4442 virum
1305 4386 1459 4456 prius
1503 4386 1695 4449 abire,
1755 4393 1853 4439 aut
1876 4386 2304 4441 uxoremevita

2430 4383 2503 4436 ιαὶ
2536 4383 2584 4435 οἱ
2613 4380 2707 4434 τοῦ
2737 4380 2918 4449 γάμου
2957 4379 3241 4449 δεξάμενοι
3295 4381 3391 4434 τὸν
3426 4381 3589 4455 ζυγὸν
3630 4384 3990 4453 διαζεύγνυνο

724 4481 962 4551 priorem
993 4478 1280 4533 discedere
1314 4494 1329 4542 ;
1400 4485 1565 4546 atque
1593 4476 1685 4531 alii
1710 4478 1931 4547 quidem
1967 4478 2151 4532 statim
2184 4486 2311 4548 post

728 4572 998 4627 thalamos
1047 4571 1115 4626 ad
1162 4570 1400 4625 lamenta
1444 4578 1749 4632 venerunt,
1811 4571 1905 4624 alii
1936 4578 2058 4641 post
2081 4571 2306 4627 brevem

728 4664 1040 4719 communis
1060 4663 1186 4717 vitae
1211 4663 1549 4717 societatem.
1578 4660 1786 4716 Sufﬁcit
1804 4663 1968 4733 igitur
1991 4663 2095 4717 hoc
2112 4680 2303 4733 unum,

726 4752 874 4823 quod
903 4766 1194 4806 commune
1225 4752 1297 4805 sit
1324 4753 1549 4817 malum,
1598 4752 1665 4805 ad
1705 4753 2007 4808 acuendam
2033 4754 2304 4809 rationem

727 4852 791 4898 ut
834 4841 1080 4897 dolorem
1116 4851 1409 4913 expugnet.
1467 4843 1583 4898 Jam
1626 4858 1779 4908 vero,
1828 4843 2065 4897 ﬁliorum
2090 4854 2305 4914 patrem

727 4931 883 4987 iitum
910 4932 1079 4987 fuisse
1109 4931 1204 5002 qui
1228 4931 1339 4987 lato
1369 4932 1588 4989 functus
1609 4944 1712 4999 est,
1743 4944 1908 5005 atque
1940 4935 2041 4990 hos
2066 4937 2307 5006 puberes

728 5024 1038 5095 reliquisse,
1078 5024 1401 5095 apicemque
1439 5025 1766 5095 dignitatum
1808 5028 2216 5093 conscendisse,
2248 5037 2311 5085 et

728 5130 855 5171 cum
884 5116 939 5171 in
965 5116 1258 5185 splendore
1285 5125 1451 5181 esset,
1482 5117 1701 5173 invidia:
1722 5119 1904 5172 locum
1935 5134 2043 5173 non
2067 5121 2308 5187 dedisse,

728 5204 826 5261 sed
856 5206 941 5261 sui
973 5220 1216 5262 amorem
1243 5208 1483 5271 auxisse,
1514 5206 1916 5278 libertatisque,
1944 5219 2002 5263 ct
2026 5209 2310 5281 integrita-

730 5295 823 5363 tis,
856 5304 913 5352 et
945 5295 1270 5361 clementia,
1314 5295 1655 5365 aliarumque
1682 5296 1949 5352 virtutum
1986 5298 2184 5354 famam
2218 5315 2306 5355 re-

803 5499 845 5529 "
880 5497 1017 5555 Gen.
1043 5514 1123 5564 tu,
1150 5495 1233 5553 l9.
1318 5498 1359 5530 ¹⁸
1397 5497 1527 5569 Sap.
1570 5515 1662 5563 vn,
1691 5499 1742 5552 6.

2408 4487 2532 4525 ται’
2577 4471 2790 4541 ἀνάγκη
2827 4469 2933 4539 γὰρ
2977 4468 3010 4541 ἢ
3058 4468 3147 4524 τὸν
3179 4469 3348 4541 ἀνδρα
3385 4465 3775 4543 προαπελθεῖν,
3824 4475 3859 4546 ἢ
3893 4478 3991 4545 τὴν

2410 4564 2643 4633 γυναῖκα
2684 4561 2959 4631 προτέραν
2991 4559 3245 4626 δέξασθαι
3275 4562 3370 4616 τοῦ
3412 4563 3533 4634 βίου
3572 4567 3634 4617 τὸ
3667 4566 3841 4629 τέλος.
3882 4567 3990 4619 Καὶ

2408 4658 2457 4709 οἱ
2496 4658 2595 4727 μὲν
2631 4654 2794 4717 εὐθὺς
2835 4653 2974 4724 μετὰ
3018 4653 3114 4727 τὴν
3144 4656 3396 4710 παστάδα
3426 4658 3551 4721 τοὺς
3589 4657 3827 4731 θρήνους
3874 4661 3989 4715 Lai-

2412 4750 2573 4815 ξαντο
2594 4766 2605 4780 ·
2644 4748 2692 4801 οἱ
2724 4747 2779 4800 δὲ
2814 4747 2997 4815 ὀλίγον
3031 4747 3447 4819 συμϐιώσαντες
3487 4749 3699 4823 χρόνον.
3745 4752 3987 4827 Ἀπόχρη

2413 4840 2594 4895 τοίνυν
2628 4837 2723 4892 καὶ
2765 4837 2825 4890 τὸ
2862 4838 3041 4891 κοινὸν
3077 4839 3172 4892 τοῦ
3208 4839 3415 4903 πάθους
3442 4840 3700 4912 ἀφορμὴν
3729 4841 3811 4911 τῷ
3842 4844 3990 4913 λογι-

2414 4932 2537 5004 σμῷ
2563 4934 2867 5004 παρασχεῖν
2910 4932 2991 4995 εἰς
3018 4931 3076 4985 τὸ
3105 4932 3324 5002 νικῆσαι
3364 4934 3427 4987 τὸ
3466 4933 3659 4998 πάθος.
3712 4936 3824 4988 Καὶ
3859 4940 3989 5009 πρὸς

2408 5025 2621 5089 τούτοις
2651 5024 2713 5077 τὸ
2744 5023 2952 5077 παίδων
2983 5023 3240 5092 γενέσθαι
3273 5023 3488 5095 πατέρα
3526 5025 3618 5079 τὸν
3657 5028 3985 5094 ἀπελθόντα,

2410 5118 2505 5171 καὶ
2527 5116 2749 5180 τούτους
2786 5114 3099 5185 προσήϐους
3120 5115 3197 5185 (7)
3224 5116 3570 5184 καταλιπεῖν,
3598 5120 3694 5172 καὶ
3717 5122 3800 5183 είς
3822 5120 3987 5192 αὐτὴν

2409 5207 2653 5263 ἀνελθεῖν
2684 5207 2794 5260 τῶν
2826 5204 3151 5275 ἀξιωμάτων
3176 5206 3273 5277 τὴν
3302 5209 3546 5280 κορυφήν
3569 5223 3583 5237 ⁵
3612 5210 3710 5263 καὶ
3745 5212 3806 5264 ὲν
3835 5230 3986 5283 περι-

2411 5301 2609 5372 φανείᾳ
2630 5300 2923 5370 γενόμενον
2964 5299 3039 5373 μὴ
3067 5298 3249 5354 δοῦναι
3280 5300 3358 5373 τῷ
3393 5302 3573 5375 φθόνῳ
3620 5302 3828 5377 χώραν,
3858 5304 3985 5360 ἀλλὰ

801 5698 883 5770 (7)
928 5696 1017 5754 Sic
1066 5710 1211 5753 recte
1263 5700 1429 5769 Neap.
1467 5710 1522 5754 et
1566 5699 1729 5756 Garn.
1767 5698 2057 5771 Vulgntum
2096 5699 2420 5770 προσοεκους
2458 5703 2576 5757 sine
2612 5718 2775 5759 sensu
2800 5712 2914 5760 est.
