4078 6320
253 333 395 402 1189

1639 323 2008 389 EPISTOLA
2042 326 2165 387 XV.

3399 319 3537 389 1190

250 446 494 522 αΰξῆσαι
517 448 580 503 τδ
613 448 857 519 φίλτρον,
890 445 986 500 καὶ
1030 443 1357 499 καταλιπεῖν
1408 437 1565 503 κλέος
1612 438 1828 493 ἐλευθε-

1948 439 2164 510 :iquissc
2183 482 2198 507 ,
2257 438 2458 496 idonea
2489 447 2622 495 sunt
2650 436 2870 505 omnia,
2920 454 3044 511 qua
3065 439 3154 495 vel
3183 441 3411 498 mrerori
3433 458 3536 516 pe—

252 541 404 615 ρίας,
457 541 555 595 καὶ
589 537 1018 611 μισοπονηρίας,
1057 536 1154 590 καὶ
1207 535 1551 605 πραότητος,
1599 533 1697 586 καὶ
1740 532 1843 601 τῆς

1948 534 2097 589 nitus
2123 532 2373 590 addictos
2407 532 2789 589 consolentur.

247 633 422 704 ἄλλης
457 631 568 686 τῶν
591 630 739 702 ἠθῶν
760 628 985 701 ἀρετῆς,
1036 628 1195 681 ίκανά
1234 627 1407 681 ταῦτα
1433 624 1841 696 ψυχαγωγῆσαι

248 724 350 778 καὶ
375 724 505 787 τοὺς
530 720 652 775 λίαν
688 721 757 790 τῇ
792 718 941 791 λύπῃ
960 716 1414 787 δεδουλωμένους.

328 818 430 872 “Av
470 814 529 869 δὲ
559 814 626 885 δὴ
670 812 766 866 καὶΙ
795 812 894 874 τὰς
928 809 1083 874 θείας
1107 807 1443 876 ἐπαγγελίας
1476 806 1558 870 είς
1590 805 1717 859 νοῦν
1745 805 1842 859 λά-

251 907 461 978 ϐωμεν,
498 904 597 959 καὶ
626 902 728 966 τάς
754 901 866 955 τῶν
913 897 1260 973 Χριστιανῶν
1295 895 1542 961 ἐλπίδας,
1576 895 1676 967 τὴν
1707 896 1845 950 ἀνά-

252 1012 445 1051 στασιν
470 994 637 1062 λέγω,
681 992 777 1045 καὶ
808 991 911 1064 τὴν
947 989 1171 1045 αἰώνιον
1202 987 1369 1059 ζωὴν,
1407 987 1505 1042 καὶ⁵
1524 988 1627 1059 τὴν
1660 988 1717 1040 ἐν
1748 984 1847 1057 βα-

251 1086 429 1157 σιλεία
451 1084 754 1155 διαγωγὴν,
785 1083 882 1137 καὶ
921 1082 959 1138 ά
986 1079 1267 1152 ὀφθαλμὸς
1291 1080 1394 1134 οὐκ
1427 1074 1590 1145 εἶδεν,
1624 1078 1722 1133 καὶ
1750 1072 1846 1140 οὖς

247 1176 355 1232 οὐκ
382 1174 608 1246 ἤκουσε,
631 1174 725 1227 καὶ
754 1172 848 1227 ἐπὶ
874 1170 1103 1244 καρδίαν
1130 1168 1422 1240 ἀνθρώπου
1455 1167 1557 1222 οὐκ
1587 1167 1780 1237 ἀνέϐη,
1810 1166 1847 1221 ά

248 1264 554 1337 ἡτοίμασεν
579 1264 609 1318 6
638 1261 771 1326 Θεὸς
800 1264 915 1325 τοῖς
954 1259 1247 1334 ἀγαπῶσιν
1300 1258 1488 1325 αὑτὸν,
1532 1257 1617 1321 τίς
1658 1256 1847 1311 λοιπὸν

248 1354 755 1427 καταλειφθήσεται
809 1353 1089 1425 πρόφασις
1135 1349 1415 1421 ἀθυμίας;
1464 1349 1706 1420 μάλιστα
1750 1348 1847 1403 τοῦ

262 1447 594 1503 ’Δποστόλου
642 1444 941 1518 διαρρήδην
994 1441 1263 1514 βοῶντος·
1329 1460 1348 1492 ι
1386 1440 1461 1495 Οὐ
1516 1440 1656 1494 θέλω
1703 1440 1849 1511 ὑμᾶς

247 1540 490 1610 ἀγνοεῖν,
522 1537 764 1607 ἀδελφοὶ,
800 1536 932 1608 περὶ
968 1534 1077 1588 τῶν
1107 1532 1492 1606 κοιμωμένων,
1526 1533 1614 1588 ῐνα
1650 1532 1727 1605 μὴ
1754 1534 1850 1587 λυ-

249 1630 455 1701 πῆσθε,
507 1630 585 1693 ὠς
630 1630 725 1683 καὶ
772 1628 824 1681 οί
882 1626 1066 1681 λοιποὶ
1098 1627 1149 1679 οί
1202 1625 1280 1697 μὴ
1324 1623 1544 1695 ἔχοντες
1573 1624 1787 1680 ἐλπίδα.
1822 1644 1843 1679 ι

259 1721 411 1792 Ἐγὼ
437 1721 497 1775 δὲ
536 1715 656 1775 οῖδα
687 1720 782 1774 καὶ
822 1718 1053 1774 πολλοὺς
1084 1716 1193 1771 τῶν
1238 1715 1341 1771 ούκ
1380 1716 1620 1786 ἐχόντων
1651 1716 1847 1771 ἐλπίδα

248 1790 503 1884 λογισμῷ
530 1811 691 1885 μόνον
729 1809 1196 1883 περιγενομένους
1229 1807 1324 1861 τοῦ
1368 1808 1600 1874 πάθους.
1635 1808 1756 1861 Τῶν
1788 1808 1847 1861 δὲ
1878 1790 1920 1847 Β

246 1904 379 1959 λίαν
412 1903 803 1964 ἀτοπωτάτων,
821 1901 949 1961 τοὺς
981 1899 1077 1952 ἐπὶ
1114 1898 1375 1971 τοιαύτης
1400 1899 1729 1971 ὀχουμένους
1761 1900 1849 1953 ἐλ-

251 1993 415 2058 πίδος
447 1994 667 2066 χείρους
711 1991 1006 2064 εὑρεθῆναι
1052 1991 1162 2046 τῶν
1205 1991 1306 2044 οὐκ
1350 1991 1585 2062 ἐχόντων
1632 1991 1845 2047 ἐλπίδα.

264 2084 604 2156 ’Δποδημίαν
635 2084 817 2139 τοίνυν
862 2080 1174 2154 παρακαλῶ
1209 2080 1429 2153 μακράν
1463 2083 1563 2155 τὴν
1590 2081 1848 2152 τελευτὴν

194 2216 221 2225 ..
247 2176 532 2246 λάϐωμεν,
566 2176 664 2230 καὶ
705 2174 895 2247 ῶσπερ
923 2172 1197 2244 εἰώθαμεν
1235 2172 1647 2245 ἀποδημοῦντος
1676 2173 1845 2229 αὐτοῦ

248 2267 546 2322 λυπεῖσθαι
592 2267 715 2338 μὲν,
754 2264 1086 2338 προσμένειν
1137 2264 1194 2318 δὲ
1241 2265 1342 2336 τὴν
1380 2265 1662 2330 ἐπάνοδον,
1703 2264 1849 2319 οὕτω

250 2360 357 2413 καὶ
406 2357 503 2412 νῦν
541 2358 781 2430 μετρίως
809 2357 909 2429 μὲν
953 2356 982 2410 6
1012 2356 1294 2428 χωρισμὸς
1322 2357 1529 2413 ἀνιάτω
1555 2357 1642 2429 (τῇ
1687 2356 1847 2427 φύσει

249 2448 366 2521 γὰρ
398 2449 691 2521 σύμμετρα
726 2447 1027 2519 παραινῶ),
1059 2447 1137 2518 μὴ
1173 2447 1250 2511 ὡς
1287 2448 1480 2520 νεκρὸν
1529 2448 1589 2502 δέ
1635 2448 1849 2522 θρηνῶν

252 2555 380 2610 μιν,
416 2539 533 2594 ἀλλ’
569 2538 720 2611 αύτῷ
765 2539 866 2611 μὲν
900 2538 1259 2610 συνησθῶμεν
1292 2539 1392 2608 τῆς
1425 2540 1715 2610 ἐκδημίας,
1752 2541 1848 2595 καὶ

247 2630 360 2701 τῆς
380 2629 628 2685 ἐντεῦθεν
654 2629 958 2699 ἀπαγωγῆς
989 2628 1067 2700 (8)
1090 2630 1173 2683 ὅτι
1197 2628 1307 2683 τῶν
1333 2629 1652 2700 ἀμφιϐόλων
1682 2630 1847 2701 ἠλευ-

251 2721 474 2795 θερώθη
529 2721 898 2794 πραγμάτων,
927 2722 1023 2775 καὶ
1052 2720 1312 2791 οὐδεμίαν
1341 2720 1481 2774 δέδιε
1516 2722 1845 2794 μεταϐολὴν,

250 2814 321 2868 οὐ
365 2813 632 2886 ψυχικὴν,
683 2814 745 2866 οὐ
799 2810 1141 2883 σωματικὴν.
1173 2812 1234 2865 οὐ
1267 2811 1373 2865 τῶν
1410 2813 1534 2882 περὶ
1571 2812 1633 2865 τὸ
1665 2812 1845 2883 σῶμα,

249 2904 373 2960 ἁλλ’
420 2904 525 2972 ἔξω
562 2902 673 2958 τῶν
715 2902 945 2971 ἀγώνων
974 2904 1290 2971 γενόμενος.
1326 2901 1396 2955 τά
1426 2900 1660 2971 βραδεῖα
1690 2920 1849 2974 περι-

252 2995 436 3068 μένει.
468 2996 760 3067 Ὀρφανεία
788 2994 952 3049 δὲκαὶ
968 2988 1165 3065 χηρεία
1194 2992 1271 3065 μὴ
1296 2991 1417 3047 λίαν
1438 2993 1585 3064 ὑμᾶς
1613 2994 1845 3047 ἀνιάτω·

252 3086 486 3158 μείζονα
523 3086 631 3158 γὰρ
674 3086 869 3157 ἔχομεν
923 3084 1220 3156 κηδεμόνα,
1274 3082 1333 3148 δς
1367 3082 1463 3137 καὶ
1506 3086 1620 3183 τοῖς
1663 3083 1847 3149 ἄλλοις
1874 3122 1919 3183 c

250 3179 537 3249 νομοθετεῖ
559 3177 816 3251 ὀρφανῶν
835 3177 929 3231 καὶ
949 3176 1137 3248 χηρῶν
1158 3174 1360 3246 πολλὴν
1382 3174 1657 3229 ποιεῖσθαι
1682 3192 1845 3247 φρον-

247 3267 399 3321 τίδαο
435 3267 531 3323 καὶ
587 3267 717 3335 περὶ
767 3264 935 3320 αὐτοῦ
974 3282 1139 3337 φησιν
1176 3267 1204 3320 6
1257 3263 1399 3329 θεῖος
1435 3264 1621 3319 Δαδίδ·
1661 3285 1681 3316 ι
1726 3267 1850 3338 Ὀρ-

249 3357 427 3427 φανδν
455 3358 548 3412 καὶ
582 3361 759 3430 χῆραν
788 3356 1147 3428 ἀναλήψεται,
1187 3355 1282 3409 καὶ
1322 3355 1444 3409 όδδν
1502 3355 1849 3429 ἁμαρτωλῶν

249 3447 696 3519 ἀφανιετ.›Αὒτῷ
722 3448 850 3504 τοὺς
877 3447 1182 3519 ἡμετέρους
1207 3447 1607 3518 ἐγχειρίσωμιν
1631 3446 1846 3511 οἴακας.

248 3540 471 3610 καὶτῆς
518 3537 873 3609 παντοδαπῆς
898 3537 1242 3609 προμηθείας
1280 3537 1613 3607 τευξόμεθα.
1653 3537 1847 3591 Ἔσται

249 3630 369 3702 γὰρ
416 3632 551 3702 ἡμῖν
609 3630 812 3691 παντὸς
854 3627 1051 3697 ἀνδρὸς
1092 3625 1630 3698 κηδεμονικώτεροςο
1679 3625 1847 3680 αὐτοῦ

249 3722 367 3791 γάρ
393 3721 510 3774 ἐστι
542 3722 723 3791 φωνιίγ
773 3738 792 3771 ι
833 3718 927 3790 Μὴ
961 3717 1282 3789 ἐπιλήσεται
1315 3717 1456 3788 γυνὴ
1499 3716 1594 3769 τοῦ
1628 3716 1846 3771 παιδίου

248 3812 450 3885 αὐτῆς,
486 3810 636 3883 ἢτοῦ
672 3812 747 3885 μὴ
785 3811 1013 3882 ἐλεῆσαι
1044 3810 1114 3864 τὰ
1141 3810 1344 3879 ἔκγονα
1373 3810 1474 3880 τῆς
1504 3809 1717 3874 κοιλίας
1746 3809 1849 3863 αὐ-

250 3901 394 3973 τῆς
424 3901 488 3954 Et
523 3900 581 3955 δέ
618 3901 716 3955 καὶ
747 3900 1059 3956 ἐπιλάθοιτο
1094 3899 1233 3971 γυνὴ
1273 3898 1369 3952 τοῦ
1395 3897 1566 3952 ταῦτα
1596 3898 1845 3970 ποιῆσαι,

248 3993 374 4049 ἀλλ’
401 3992 512 4063 ἐγὼ
541 3993 642 4047 οὐκ
669 3993 1028 4064 ἐπιλήσομαι,
1061 3987 1216 4046 εἷπεν
1254 3994 1282 4047 ό
1325 3992 1539 4061 Ἄγιος.
1582 4010 1601 4044 ι
1635 3991 1850 4045 Οίκειό-

249 4101 415 4155 τερος
438 4085 549 4156 γὰρ
578 4084 713 4156 ἡμῖν
759 4085 879 4138 ἐστι
906 4086 1003 4138 καὶ
1032 4083 1241 4154 πατρὸς
1270 4083 1369 4136 καὶ
1411 4082 1640 4155 μητρός·
1682 4082 1847 4145 αὐτὸς

248 4176 365 4247 γὰρ
396 4177 529 4246 ἡμῖν
556 4174 674 4229 ἐστι
708 4175 942 4246 ποιητὴς
976 4175 1071 4229 καὶ
1098 4174 1457 4246 δημιουργός.
1489 4175 1565 4229 Οὐ
1600 4174 1714 4247 γὰρ
1748 4175 1849 4245 γά-

252 4281 358 4336 μος
402 4264 548 4317 ποιεῖ
578 4263 842 4339 πατέρας,
896 4264 1014 4318 ἀλλ’
1052 4263 1221 4319 αὐτοῦ
1251 4264 1501 4328 νεύοντος
1527 4264 1768 4335 γίνονται
1796 4267 1845 4319 οἱ

248 4355 493 4427 πατέρες
544 4340 802 4428 πατέρες.
844 4354 1034 4409 Ταῦτα
1075 4354 1286 4426 γράψαι
1320 4353 1416 4409 νῦν
1464 4356 1842 4427 ἠναγκάσθην,

2013 808 2172 876 Quod
2209 808 2255 863 si
2284 815 2471 863 autem
2502 804 2718 862 divinas
2750 819 2972 876 quoque
2998 801 3451 875 pollicitationes.
3478 811 3539 862 ot

1946 900 2527 973 spes-Christianorum
2545 896 2730 952 animo
2748 895 3150 966 concipiamus,
3174 893 3539 951 resurrectio-

1948 1008 2074 1048 nem
2105 992 2251 1055 dico,
2298 999 2356 1046 et
2396 990 2568 1045 vitam
2617 998 2904 1053 aeternam,
2946 995 3002 1043 et
3037 986 3356 1056 imperium,
3404 995 3457 1041 et
3491 984 3538 1019 ι’

1946 1100 2071 1155 quae
2120 1084 2318 1139 oculus
2362 1098 2474 1137 non
2528 1081 2689 1145 vidit,
2729 1078 2882 1134 auris
2926 1091 3039 1132 non
3085 1077 3315 1141 audivit,
3366 1086 3426 1133 et
3478 1076 3536 1131 in

1952 1174 2169 1247 1074
2198 1191 2293 1230 cor
2322 1173 2569 1228 hominis
2598 1188 2710 1227 non
2737 1168 3133 1232 ascenderunt,
3168 1183 3292 1238 qua
3323 1183 3537 1238 praepa-

1948 1264 2092 1320 ravit
2112 1264 2257 1318 Deus
2280 1261 2642 1333 diligentibus
2668 1275 2819 1326 eum,
2853 1273 3103 1330 quamam
3128 1259 3196 1313 de
3219 1264 3420 1313 caetero
3445 1272 3536 1313 re-

1947 1355 2101 1426 liqua
2142 1354 2249 1409 erit
2282 1367 2449 1408 causa
2473 1350 2746 1415 tristitia),
2776 1353 2793 1371 ‘
2817 1349 3053 1404 maxime
3088 1364 3216 1404 cum
3241 1347 3540 1419 Apostolus

1949 1447 2099 1502 clara
2147 1461 2282 1502 voce
2322 1444 2524 1500 clamet
2558 1460 2572 1497 :
2616 1461 2635 1495 ι
2679 1442 2819 1497 ΝοΙο
2852 1456 2950 1496 vos
2996 1440 3275 1511 ignorare,
3309 1438 3537 1505 fratres,

1949 1538 2020 1594 de
2060 1536 2503 1601 dormientibus,
2560 1542 2622 1590 ut
2675 1549 2788 1588 non
2830 1531 3238 1588 contristemini
3290 1531 3435 1586 sicut
3483 1538 3541 1587 et

1950 1626 2136 1685 caueri
2160 1626 2257 1698 qui
2291 1641 2444 1698 spem
2484 1640 2597 1680 non
2635 1623 2847 1681 habent
2869 1624 2941 1678 "'1
2971 1643 2990 1675 ι
3020 1622 3135 1694 Ego
3170 1637 3303 1677 vero
3336 1622 3542 1679 multos

1950 1735 2172 1792 quoque
2199 1720 2329 1775 novi
2359 1734 2426 1773 ex
2456 1717 2544 1773 his
2576 1718 2673 1789 qui
2702 1732 2858 1788 spem
2889 1732 3000 1773 non
3027 1716 3255 1783 habent,
3293 1716 3387 1787 qui
3423 1715 3541 1770 sola

1950 1813 2155 1867 mentis
2177 1810 2512 1881 cogitatione
2541 1808 2793 1864 dolorem
2826 1809 3202 1878 pervicerunt.
3237 1807 3539 1863 Ahsurdis-

1950 1902 2152 1958 simum
2179 1911 2364 1956 autem
2396 1900 2586 1965 fuerit,
2624 1915 2724 1955 eos
2745 1899 2838 1969 qui
2894 1914 2991 1969 spe
3029 1898 3121 1953 tali
3159 1898 3544 1954 subvehantur

1951 1994 2259 2050 deteriores
2303 1992 2373 2047 iis
2418 1990 2759 2062 deprehendi
2806 1990 2903 2060 qui
2938 1995 3095 2061 spem
3142 2006 3254 2046 non
3310 1990 3538 2048 habent.

1950 2086 2131 2153 Quare
2155 2091 2388 2139 mortem
2411 2096 2533 2150 nos,
2561 2096 2768 2152 quaeso,
2792 2082 3295 2153 peregrinationem
3318 2082 3544 2153 longin-

1949 2187 2115 2244 quam
2136 2172 2468 2242 deputemus
2505 2186 2517 2223 :
2553 2180 2718 2240 atque
2741 2170 3208 2241 utperegrinanle
3235 2171 3328 2227 illo
3352 2170 3544 2226 dolere

1950 2264 2176 2335 quidem
2207 2262 2553 2326 solebamus,
2595 2261 2690 2317 sed
2718 2262 2960 2317 reditum
2992 2263 3298 2333 praestolari
3330 2280 3345 2317 :
3379 2263 3461 2318 sic
3484 2278 3543 2319 et

1949 2372 2101 2411 nunc
2139 2355 2422 2411 moderate
2475 2370 2578 2410 nos
2625 2354 2919 2409 contristet
2980 2356 3258 2425 separatio
3307 2354 3543 2427 (natum

1950 2445 2230 2516 siquidem
2284 2453 2657 2501 consentanea
2700 2443 2955 2515 suadeo),
3014 2444 3110 2501 sed
3157 2461 3227 2500 ne
3279 2456 3541 2516 tanquam
3622 2458 3625 2459 '

1950 2544 2233 2590 mortuum
2272 2536 2583 2604 lugeamus.
2612 2534 2823 2591 Verum
2860 2536 2939 2590 illi
2974 2536 3201 2606 quidem
3232 2537 3540 2593 discessum

1949 2612 2007 2682 et
2040 2625 2454 2683 translationem
2479 2643 2547 2683 ex
2583 2627 2688 2683 hac
2712 2627 2824 2683 vita
2858 2629 3221 2698 gratulemur,
3255 2629 3401 2700 quod
3436 2627 3542 2685 du-

1949 2717 2060 2774 biis
2088 2718 2258 2775 rebus
2282 2727 2576 2790 exemptus
2605 2718 2699 2786 sit,
2726 2728 2784 2775 et
2820 2719 3029 2779 nullam
3060 2720 3253 2775 timeat
3277 2720 3542 2777 mutatio-

1950 2824 2102 2874 nem,
2136 2824 2247 2864 non
2283 2810 2502 2877 animai,
2553 2826 2667 2865 non
2711 2789 2988 2881 corporis,
3033 2826 3147 2866 non
3186 2826 3384 2867 eorum
3421 2828 3544 2883 qua:

1950 2914 2155 2970 corpus
2191 2910 2444 2971 spectant
2470 2917 2485 2953 :
2515 2901 2614 2956 sed
2639 2912 2797 2956 extra
2827 2902 3201 2959 certaminum
3238 2903 3414 2959 aleam
3439 2920 3541 2976 po-

1951 2993 2093 3047 situs
2118 2992 2344 3062 praemia
2373 2999 2677 3063 exspectet.
2706 2991 2927 3050 Orbitas
2948 3009 3084 3050 vero
3111 3004 3169 3052 et
3199 2994 3445 3052 viduitas
3475 3013 3544 3053 ne

1950 3083 2177 3153 gravius
2212 3098 2316 3140 nos
2348 3084 2549 3140 alliciat
2582 3103 2596 3139 :
2624 3084 2755 3155 quia
2782 3086 3046 3157 majorem
3078 3086 3349 3144 habemus
3376 3103 3541 3144 cura-

1950 3181 2148 3239 torem,
2192 3174 2287 3244 qui
2324 3182 2381 3229 et
2414 3174 2540 3229 aliis
2566 3174 2821 3245 praecipit
2864 3182 2925 3230 ut
2960 3176 3298 3246 pupillorum
3342 3176 3542 3232 vidua»

1951 3276 2187 3332 rumque
2230 3278 2484 3335 magnam
2531 3279 2723 3318 curam
2766 3274 2983 3336 gerant,
3024 3274 3077 3321 et
3107 3265 3177 3321 de
3216 3282 3329 3337 quo
3369 3266 3543 3323 David

1949 3354 2173 3412 divinus
2196 3356 2273 3412 ait
2300 3376 2313 3410 :
2348 3376 2367 3409 ι
2399 3357 2680 3427 Pupillum
2709 3367 2766 3413 et
2789 3357 3011 3413 viduam
3034 3360 3322 3430 suscipiet,
3337 3372 3395 3416 et
3427 3362 3545 3417 vias

1948 3456 2306 3518 peccatorum
2350 3447 2640 3519 disperdet
2682 3450 2750 3504 “.
2790 3468 2809 3501 ι
2870 3449 2977 3520 Ipsi
3019 3449 3269 3505 habenas
3322 3460 3544 3507 nostras

1949 3540 2397 3605 committamus,
2439 3547 2497 3596 et
2531 3540 2939 3613 providentiam
2985 3541 3362 3598 omnimodam
3406 3559 3541 3599 con-

1950 3646 2267 3700 sequemur.
2295 3631 2445 3686 Cura
2471 3633 2621 3687 enim
2647 3632 2725 3687 illi
2750 3632 2819 3687 de
2841 3631 3005 3688 nobis
3026 3635 3201 3705 major
3219 3635 3348 3701 erit,
3375 3652 3541 3706 quam

1951 3720 2048 3773 ulli
2079 3720 2152 3775 sit
2182 3720 2524 3776 mortalium.
2559 3722 2740 3791 Ipsius
2766 3721 2973 3792 quippe
3012 3739 3119 3777 vox
3150 3732 3236 3779 est
3264 3742 3278 3779 :
3327 3743 3347 3775 ι
3385 3724 3539 3779 Nun-

1949 3808 2084 3880 quid
2111 3808 2365 3865 ohlivisri
2395 3819 2579 3881 potest
2601 3812 2805 3866 mulier
2828 3812 3095 3867 infantem
3126 3829 3310 3878 suum,
3341 3820 3403 3869 ut
3428 3831 3542 3871 non

1949 3902 2276 3957 misereatur
2296 3901 2537 3957 ﬁliorum
2561 3904 2706 3959 uteri
2731 3904 2944 3975 1075
2960 3904 3083 3959 sui?
3100 3906 3167 3961 Et
3189 3906 3236 3961 si
3257 3905 3349 3961 illa
3370 3906 3541 3962 oblita

1948 3989 2137 4052 fuerit,
2161 4006 2263 4061 ego
2291 3998 2475 4046 tamen
2505 4006 2618 4047 non
2637 3992 2956 4057 obliviscar,
2983 3992 3123 4047 dixit
3154 3992 3392 4050 Sanctus
3415 3997 3483 4049 ”.
3514 4014 3535 4047 ι

1949 4079 2321 4151 Propinquior
2342 4082 2492 4135 enim
2517 4080 2679 4137 nobis
2710 4091 2796 4137 est
2820 4091 2875 4137 et
2896 4092 3054 4154 patre
3080 4094 3136 4139 et
3171 4092 3368 4140 matre.
3391 4082 3540 4141 Con-

1948 4171 2097 4227 ditor
2126 4172 2401 4242 siquidem
2441 4182 2635 4229 noster
2669 4182 2729 4229 et
2762 4183 2980 4229 creator
3020 4184 3125 4231 est.
3159 4175 3351 4247 Neque
3390 4179 3539 4233 enim

1947 4271 2135 4332 patres
2190 4262 2402 4318 faciunt
2432 4264 2662 4335 nuptiae,
2715 4265 2812 4320 sed
2867 4265 2988 4336 ipso
3028 4276 3311 4323 annuente
3355 4278 3542 4339 patres

1947 4363 2136 4426 patres
2177 4354 2333 4410 ﬁunt.
2373 4356 2499 4412 Haec
2538 4371 2644 4428 ego
2682 4358 2738 4412 in
2778 4358 3075 4429 praesentia
3123 4359 3371 4416 scribere
3415 4376 3539 4417 sum

247 4443 441 4516 ἐπειδή
480 4461 549 4513 με
582 4444 813 4514 δραμεῖν
840 4443 979 4514 πρὸς
1001 4444 1145 4514 ὑμᾶς
1172 4444 1272 4497 οὐκ
1306 4443 1372 4514 ἐᾷ
1393 4443 1462 4497 τὰ
1489 4444 1686 4515 δεσμά.
1720 4445 1845 4517 Ἀρ-

1948 4455 2194 4512 coaetus,
2240 4448 2370 4517 quia
2430 4458 2491 4502 ut
2542 4448 2611 4504 ad
2661 4464 2762 4504 vos
2808 4464 3095 4504 occurram
3150 4451 3372 4507 vincula
3427 4468 3541 4508 non

247 4538 344 4589 κεῖ
368 4536 424 4589 δέ
458 4536 552 4589 καὶ
584 4536 744 4605 μόνος
772 4537 801 4587 6
830 4535 1248 4605 θεοφιλέστατος
1272 4536 1367 4589 καὶ
1396 4536 1694 4600 ὁσιώτατος
1722 4537 1843 4592 ἐπί-

247 4642 477 4691 σκοπος,
506 4626 688 4680 πᾶσαν
738 4629 805 4699 τῇ
868 4627 1169 4699 πιστοτάτῃ
1190 4643 1283 4679 σου
1317 4626 1463 4699 ψυχῇ
1508 4628 1840 4699 παραψυχὴν

244 4716 807 4788 πραγματεύσασθαι,
866 4719 964 4770 καὶ
1019 4716 1183 4789 λόγῳ,
1233 4718 1559 4791 καὶᾼεργῳ,
1589 4722 1685 4773 καὶ
1720 4719 1839 4791 θέᾳ,

248 4809 348 4862 καὶ
381 4810 638 4881 κοινωνίᾳ
669 4809 991 4882 φροντίδων,
1036 4810 1132 4863 καὶ
1170 4813 1239 4882 τῇ
1274 4789 1620 4882 πνευματικῇ
1673 4789 1841 4866 αὑτοῦ

246 4902 347 4954 καὶ
398 4899 662 4973 θεοσδότῳ
700 4901 894 4972 σοφία,
957 4902 1022 4954 δι’
1056 4897 1125 4973 ἧς
1181 4902 1725 4973 κατευνασθήσεσθαι
1753 4921 1847 4958 πι·

248 4992 429 5047 στεύω
461 4993 564 5062 τῆς
588 4992 826 5063 ἀθυμίας
853 4992 953 5064 τὴν
988 4993 1182 5064 ζάλην.

570 5104 671 5158 IE’.
710 5133 781 5144 —
810 5102 1085 5168 Σίλϐανῷ
1131 5104 1519 5171 πρωτεύοντι.

321 5210 452 5269 Οἶδα
484 5215 584 5285 μὲν
615 5215 947 5287 ὑστερήσας,
983 5216 1079 5269 καὶ
1122 5215 1253 5287 περὶ
1286 5218 1416 5280 τοὺς
1445 5217 1841 5288 παραμυθητι-

244 5306 381 5370 κοὺς
412 5306 681 5379 μελλήσας
706 5308 918 5376 λόγους
952 5307 1069 5362 ἀλλ’
1092 5308 1215 5378 οὐχὶ
1237 5307 1361 5378 δίχα
1390 5307 1657 5379 λογισμοῦ
1678 5308 1841 5363 τοῦτο

236 5395 503 5463 δέδρακαο
538 5396 785 5451 ἐνδοῦναι
816 5397 926 5469 γὰρ
946 5396 1024 5468 τῷ
1052 5398 1217 5453 πάθει
1246 5397 1463 5470 σφοδρῷ
1490 5398 1605 5451 ὄντι
1637 5397 1843 5470 προύρ-

242 5500 347 5553 γου
386 5482 667 5556 νενόμικα.
725 5488 861 5541 om:
896 5489 1005 5559 γὰρ
1039 5489 1148 5543 τῶν
1191 5490 1392 5560 ἰατρῶν
1434 5493 1483 5545 οἱ
1531 5491 1838 5561 σοφώτατοι

320 5638 554 5696 "lCor.
588 5658 646 5701 ιι.
669 5642 722 5697 9.
800 5644 890 5698 ’⁸1
926 5644 1122 5701 Thess.
1152 5663 1222 5707 ιγ,
1254 5646 1339 5704 12.

318 5755 397 5832 (6)
431 5758 755 5832 ἀπαλλαγῆς
812 5762 981 5833 Neap.

1949 4538 2165 4599 sinunt.
2205 4536 2348 4592 Satis
2374 4546 2559 4593 autem
2592 4555 2738 4595 unus
2768 4548 2856 4595 est
2888 4540 2986 4595 Dei
3031 4542 3447 4599 amantissimus
3484 4556 3543 4599 et

1948 4625 2331 4681 sanctissimus
2347 4626 2662 4698 episcopus,
2677 4639 2739 4684 ut
2753 4645 2974 4685 omnem
2993 4630 3328 4686 ﬁdelissima
3344 4634 3543 4688 animae

1952 4726 2058 4772 tuae
2087 4718 2524 4773 consolationem
2553 4719 2819 4775 adhibeat
2847 4730 2903 4776 et
2934 4736 3209 4787 sermone,
3246 4731 3304 4778 et
3349 4739 3538 4794 opere,

1949 4817 2341 4878 etconspectu,
2362 4819 2418 4865 et
2436 4811 2864 4882 participatione
2884 4829 3167 4881 curarum,
3189 4823 3246 4869 et
3266 4804 3541 4885 spirituaii
3640 4806 3643 4807 ⁷

1946 4917 2069 4971 qua:
2096 4903 2229 4957 illia
2254 4904 2367 4959 Deo
2392 4904 2519 4958 data
2535 4913 2619 4959 est
2638 4906 2929 4974 sapientia,
2965 4922 3066 4976 per
3094 4923 3259 4978 quam
3286 4908 3540 4964 sedatum

1947 4992 2012 5047 iri
2056 4996 2297 5051 tristitia:
2338 5004 2720 5066 tempestatem
2759 4997 3000 5051 conﬁdo.

2384 5105 2499 5161 XV.
2524 5138 2592 5146 —-—
2614 5105 2835 5162 Silvano
2860 5109 3099 5178 primati.

2021 5218 2148 5275 Scio
2179 5234 2268 5274 me
2310 5219 2523 5275 lentum
2570 5234 2635 5301 ac
2672 5220 2891 5275 tardum
2917 5221 3089 5276 fuisse
3122 5220 3189 5275 ad
3237 5222 3539 5279 verborum

1948 5310 2384 5365 consolationem
2431 5328 2445 5365 :
2488 5311 2586 5366 sed
2632 5314 2648 5331 ⁶
2690 5312 2798 5366 hoc
2834 5324 3016 5368 tamen
3071 5312 3385 5368 inconsulto
3427 5331 3540 5371 non

1948 5399 2075 5454 feci.
2110 5402 2296 5457 Dolori
2328 5402 2477 5458 enim
2506 5401 2824 5459 vehementi
2859 5404 3056 5460 cedere
3086 5419 3269 5476 opem
3295 5406 3543 5477 pretium

1947 5483 2281 5547 existimavi.
2309 5493 2447 5550 Nam
2478 5502 2535 5548 et
2560 5494 2908 5550 medicorum
2948 5497 3277 5568 peritissimi
3308 5498 3539 5552 ardente

1420 5648 1461 5679 ²¹
1488 5648 1632 5703 Psal.
1666 5665 1801 5705 cur
1827 5649 2052 5721 (cxm),
2086 5650 2139 5705 9.
2220 5651 2263 5682 ²²
2295 5650 2395 5705 lsa.
2434 5667 2576 5717 χιιι,
2608 5653 2695 5707 l5.
