4078 6320
586 348 719 413 ll91

1579 340 2067 401 THEODORETI
2108 340 2447 400 EPISCOPI
2493 342 2866 402 CYRENSIS

3737 335 3877 404 1191

581 464 725 520 febri
743 459 1031 535 profutura
1052 454 1455 510 medicamenta
1470 466 1578 506 non
1600 450 1887 513 adhibent,
1914 452 2011 507 sed
2032 449 2167 503 artis

2290 470 2327 502 ;ν
2345 453 2408 520 τῇ
2442 450 2552 502 τῶν
2584 451 2833 521 πυρετῶν
2866 448 3018 520 ἀκμῇ
3047 450 3114 502 τὰ
3140 448 3443 513 ἀλεξίκακσ.
3480 452 3871 522 προσφέρουσι

584 571 746 627 Opem
772 558 1079 623 opportuno
1110 557 1357 615 tempore
1388 542 1703 599 conferunt.
1741 542 1854 596 Hac
1878 550 1935 595 et
1964 556 2067 610 ego
2098 539 2168 594 de

584 661 751 701 causa
795 654 1003 713 paucos
1048 640 1182 692 istos
1224 636 1345 690 dies
1387 634 1614 698 indulsi,
1643 632 1851 686 doloris
1890 631 2168 702 magnitu-

586 738 772 793 dinem
812 734 997 787 animo
1041 737 1325 799 reputans.
1372 727 1589 781 Etenim
1627 724 1671 779 si
1724 740 1828 778 nos
1876 731 2165 791 tantopere

587 825 730 881 fama
765 824 880 894 ipsa
936 820 1174 891 perculit
1206 817 1467 886 omnique
1495 814 1725 868 tristitia
1752 813 2004 883 replevit,
2036 812 2171 881 quid

586 916 709 969 viro
730 914 809 968 illi
840 911 1107 967 accidisse
1130 924 1229 979 par
1258 916 1343 961 est
1373 906 1493 977 qui,
1521 907 1713 975 jugum
1742 904 1887 958 idem
1925 904 2168 965 trahens,

588 1021 755 1063 unam
784 1006 841 1059 in
872 1017 1115 1064 carnem,
1147 1002 1300 1072 juxta
1333 1014 1517 1053 sacras
1551 997 1813 1060 Litteras,
1838 996 2172 1065 coniunctus

498 1174 499 1177 η
582 1111 643 1155 et
666 1110 949 1152 connexus
980 1100 1117 1156 erat,
1161 1099 1449 1161 postquam
1484 1088 1538 1142 vi
1582 1088 1793 1143 divulsa
1825 1096 1909 1140 est
1936 1087 2172 1155 conjun-

588 1190 721 1252 ctio,
746 1202 910 1259 quam
939 1194 1158 1254 tempus
1190 1192 1246 1237 et
1270 1197 1424 1236 amor
1450 1178 1813 1249 copularant?
1842 1177 2044 1232 Verum
2075 1174 2174 1229 do-

589 1281 767 1335 lorem
789 1278 1016 1348 quidem
1040 1277 1207 1330 istum
1230 1283 1425 1328 natura
1450 1270 1665 1341 peperit
1694 1287 1707 1322 :
1740 1268 2172 1323 consolationem

591 1386 725 1424 vero
775 1367 1048 1437 excogitet
1102 1365 1265 1427 ratio,
1316 1370 1372 1417 et
1413 1360 1711 1414 obnoxiam
1754 1358 1866 1411 fato
1913 1364 2170 1409 naturam

592 1459 968 1522 considerans,
1001 1456 1213 1527 1076
1233 1464 1289 1511 et
1316 1468 1607 1509 commune
1644 1450 1905 1505 omnibus
1924 1449 2029 1502 hoc
2056 1462 2175 1501 ma-

592 1552 709 1607 lum
742 1567 885 1612 esse,
927 1559 985 1605 et
1010 1564 1162 1618 spem
1201 1545 1653 1609 resurrectionis,
1693 1551 1751 1599 et
1796 1544 1917 1611 ejus
1952 1539 2046 1609 qui
2086 1553 2177 1592 sa-

591 1644 811 1715 pienter
843 1651 1030 1697 nostra
1058 1639 1245 1695 omnia
1287 1637 1430 1708 regit
1477 1646 1673 1691 nutum
1718 1650 1781 1689 ac
1812 1633 2175 1686 voluntatem.

592 1732 865 1790 Adamare
896 1730 1169 1801 siquidem
1208 1736 1429 1798 oportet
1464 1741 1529 1781 ea
1565 1740 1686 1795 qua:
1720 1722 1790 1777 ab
1819 1718 2177 1775 inenarrabili

593 1822 863 1893 sapientia
890 1821 1285 1882 decernuntur,
1312 1826 1476 1887 atque
1508 1816 1623 1870 hazc
1648 1828 1876 1884 prorsus
1906 1809 2177 1865 conduci-
2211 1801 2251 1855 Β

595 1913 727 1968 bilia
760 1912 985 1965 ducere.
1036 1910 1138 1975 Qui
1168 1909 1315 1964 enim
1350 1907 1458 1976 piis
1487 1903 1801 1975 hujusmodi
1826 1900 2178 1973 cogitationi-

595 2004 701 2058 bus
724 2012 976 2067 ntuntur,
1000 2012 1057 2055 et
1078 2001 1301 2071 pietatis
1325 1997 1549 2069 praemia
1576 1996 1839 2057 referent,
1884 2002 1941 2049 et
1972 1991 2041 2046 ab
2074 1992 2180 2045 im—

595 2095 829 2151 modicis
854 2093 1096 2148 luctibus
1130 2092 1293 2146 liberi
1322 2091 1490 2144 vitam
1525 2095 1689 2159 agent
1715 2084 2181 2156 tranquilliorem.

595 2187 669 2243 At
702 2200 834 2241 vero
868 2184 964 2255 qui
1011 2182 1238 2237 maerori
1279 2195 1338 2235 se
1373 2179 1710 2247 mancipant,
1744 2190 1848 2229 nec
1872 2170 2183 2243 plangendo

598 2279 913 2349 proﬁcient,
948 2285 1004 2331 et
1034 2290 1158 2330 cum
1183 2272 1431 2329 cruciatu
1462 2271 1670 2333 vivent,
1705 2278 1762 2322 et
1785 2266 2036 2321 omnium
2074 2262 2181 2316 Mo-

597 2368 913 2423 deratorem
952 2365 1267 2418 irritabunt.
1303 2361 1575 2416 Admittat
1607 2374 1740 2428 ergo
1775 2354 2185 2427 magniﬁcentia

599 2470 693 2516 tua
734 2468 1019 2531 paternam
1057 2454 1523 2515 exhortationem,
1564 2459 1619 2505 et
1655 2449 1973 2519 prmelaram
2033 2446 2184 2500 illam

597 2567 789 2607 vocem
821 2555 1053 2618 usurpet
1082 2564 1096 2598 :
1140 2566 1156 2596 ι
1190 2546 1458 2599 Dominus
1489 2541 1663 2605 dedit,
1698 2540 1968 2595 Dominus
1998 2536 2187 2591 abstu-

599 2639 667 2695 lit
702 2657 715 2693 :
746 2636 1139 2693 sicutDomino
1160 2633 1390 2706 placuit,
1416 2632 1491 2685 ita
1514 2630 1719 2685 factum
1738 2638 1858 2685 est:
1884 2628 1955 2683 sit
1981 2642 2185 2682 nomen

601 2732 820 2789 Domini
844 2729 1200 2785 benedictum
1232 2727 1288 2780 in
1312 2724 1511 2779 saecula
1537 2723 1603 2775 ⁸³.
1636 2742 1656 2773 ›
2126 2726 2127 2729 ‘

1016 3057 1152 3114 XVI.
1188 3086 1259 3096 ——
1282 3055 1485 3111 Irencea
1516 3054 1777 3124 episwpo.

2275 542 2569 613 φάρμακα’
2606 541 2720 594 ἀλλ’
2756 544 2837 603 εἰς
2868 541 3061 611 καιρὸν
3106 540 3204 610 τὴν
3239 540 3347 593 ἀπὸ
3373 541 3471 611 τῆς
3500 540 3711 612 τέχνης
3746 541 3873 613 βοή-

2276 635 2429 688 θειαν
2460 633 2895 703 συνεισφέρουσι.
2932 634 3114 686 Διάτοι
3161 634 3317 686 τοῦτο
3348 633 3505 701 κάγὼ
3540 635 3646 696 τὰς
3686 636 3877 702 ὀλίγας

2272 724 2476 786 ταύτας
2514 723 2723 793 ἡμέρας
2766 722 3057 783 ἑνδέδωκα,
3094 722 3447 793 λογισάμενος
3483 724 3584 794 τὴν
3616 726 3718 794 τῆς
3748 726 3875 778 ὀδύ-

2274 833 2371 886 νης
2415 814 2745 885 ὑπερὸολήν.
2776 815 2837 866 Εἰ
2877 814 2985 885 γὰρ
3014 817 3161 885 ἡμᾶς
3191 816 3363 878 οὕτως
3399 817 3540 883 ἄγαν
3580 817 3816 886 ἠνίασεν
3842 821 3875 889 ἡ

2275 911 2454 977 φήμη,
2489 908 2583 959 καὶ
2623 906 2951 977 παμπόλλης
3000 908 3237 981 ἀθυμίας
3270 909 3557 977 ἐνέπλησε,
3586 911 3643 963 τί
3666 913 3774 963 οὐκ
3812 912 3877 965 ἂν

2274 998 2491 1051 ἔπαθεν·
2511 998 2652 1067 ἀνὴρ
2680 998 2772 1051 τὸν
2796 996 2958 1051 αὑτὸν
2982 1000 3144 1067 ζυγὸν
3173 1001 3368 1065 ⁴ἐλκων,
3407 1002 3504 1054 καὶ
3528 1003 3613 1062 είς
3648 1004 3783 1066 μίαν
3800 1003 3877 1073 (9)

2262 1088 2500 1175 σαρκὸς,
2558 1088 2697 1141 κατὰ
2746 1087 2847 1159 τὴν
2883 1088 3034 1141 θείαν
3075 1090 3320 1160 Γραφὴν,
3351 1092 3657 1160 συνάφειαν
3686 1094 3875 1164 ἁρμο-

2279 1182 2445 1241 σθεὶς,
2481 1181 2579 1249 τῆς
2620 1181 2713 1232 καὶ
2740 1180 2936 1250 χρόνῳ.
2988 1182 3083 1233 καὶ
3128 1182 3276 1251 πόθῳ
3307 1184 3696 1253 γεγενημένης
3742 1200 3879 1236 συν·

2279 1274 2474 1341 αφείας
2524 1271 2617 1342 βίᾳ.
2668 1272 3139 1343 διασπασθείσηςς
3206 1274 3347 1326 Ἀλλ’
3382 1276 3601 1344 ἐκείνην
3640 1278 3747 1344 μὲν
3781 1275 3881 1346 τὴν

2277 1364 2470 1433 ὀδύνην
2505 1366 2536 1433 ἡ
2585 1363 2746 1432 φύσις
2776 1366 3098 1435 εἰργάσατο,
3134 1364 3233 1435 τὴν
3262 1366 3318 1418 δὲ
3357 1367 3693 1437 παραψυχὴν
3728 1368 3761 1418 6
3796 1368 3880 1421 3n-

2279 1456 2477 1527 γισμὸς
2520 1456 2877 1526 μηχανάσθω,
2910 1456 2971 1509 τό
3004 1473 3062 1508 τε
3100 1456 3199 1523 τῆς
3228 1456 3443 1524 φύσεως
3474 1458 3753 1528 ἐπίκηρον
3795 1458 3883 1511 ἔνο

2281 1550 2628 1620 θυμούμενος
2654 1549 2749 1602 καὶ
2778 1547 2872 1601 τοῦ
2905 1548 3112 1612 πάθους
3140 1549 3202 1601 τὸ
3243 1549 3444 1615 κοινδν,
3478 1550 3570 1602 καὶ
3613 1553 3716 1618 τῆς
3750 1551 3883 1603 ἁνα-

2282 1642 2525 1704 στάσεως
2553 1641 2651 1711 τὴν
2692 1640 2904 1701 ἐλπίδα,
2946 1641 3041 1693 καὶ
3085 1640 3178 1693 τοῦ
3233 1641 3411 1711 σοφῶς
3461 1642 3532 1694 τὰ
3566 1642 3694 1693 καθ’
3726 1643 3884 1710 ἡμᾶς

2281 1732 2689 1802 οἶκονομοῦντος
2740 1731 2802 1783 τὸ
2850 1730 3120 1802 βούλημα.
3174 1732 3432 1800 Στέργειν
3484 1731 3595 1803 γὰρ
3646 1732 3760 1802 χρὴ
3815 1732 3886 1783 τὰ

2281 1824 2431 1893 παρὰ
2453 1824 2551 1893 τῆς
2578 1824 2819 1894 ἀρρήτου
2849 1822 3047 1892 σοφίας
3067 1824 3540 1894 πρυτανευόμενα,
3569 1825 3670 1876 καὶ
3700 1823 3886 1876 ταῦτα

2281 1918 2500 1979 πάντως
2532 1914 2774 1985 νομίζειν
2809 1915 3185 1985 συμφέροντα’
3226 1916 3276 1968 οἱ
3324 1916 3434 1987 γὰρ
3478 1917 3593 1979 τοῖς
3626 1915 3887 1996 ερσεϐἐσι

2280 2006 2491 2069 τούτοις
2518 2004 2789 2076 χρώμενοι
2827 2003 3133 2074 λογισμοῖς,
3188 2004 3284 2057 καὶ
3323 2005 3424 2073 τῆς
3468 2005 3761 2068 εὐσεϐείας
3794 2021 3893 2057 τοο-ο

2286 2097 2535 2167 μιοῦνται
2584 2096 2682 2160 τὰς
2727 2096 3046 2160 ἀντιδόσεις,
3086 2097 3178 2149 καὶ
3211 2096 3627 2168 θυμηρέστερον
3671 2097 3891 2167 βιοτεύει

2286 2205 2463 2251 σουσι,
2506 2188 2605 2257 τῆς
2635 2187 2745 2240 τῶν
2797 2188 3009 2258 θρήνων
3041 2188 3309 2258 ἀμετρίας
3344 2190 3787 2257 ἀπαλλαγέντες.
3825 2192 3890 2243 οι

2283 2281 2341 2334 δὲ
2392 2278 2471 2350 τῷ
2523 2278 2689 2332 πάθει
2734 2276 3115 2341 δουλωθέντες,
3163 2278 3316 2331 οὐδὲν
3370 2276 3472 2348 μὲν
3519 2278 3895 2349 κερδανοῦσιν

2284 2370 2714 2442 ὀλοφυρόμενοι,
2766 2367 3006 2438 ἀνιαρῶς
3046 2366 3103 2419 δὲ
3153 2366 3462 2437 βιῶσονται,
3519 2370 3612 2421 καὶ
3648 2366 3897 2437 παροξυι

2286 2462 2435 2516 νοῦσι
2491 2461 2600 2513 τῶν
2639 2460 2775 2523 ὅλων
2820 2460 2911 2512 τὸν
2969 2458 3267 2527 κηδεμόνα.
3313 2458 3571 2523 Δεξάσθω
3630 2460 3825 2510 τοίνυν
3858 2462 3892 2528 ἡ

2290 2548 2739 2619 μεγαλοπρέπεια
2790 2563 2884 2599 σου
2935 2548 3259 2615 παραίνεσιν
3310 2548 3605 2619 πατρικὴν,
3655 2548 3755 2601 καὶ
3793 2548 3897 2618 τὴν

2288 2642 2599 2712 θαυμασίαν
2660 2638 2875 2710 ἐκείνην
2943 2640 3154 2691 εἰπάτω
3207 2640 3411 2707 φωνήν
3473 2658 3491 2690 ι
3547 2639 3605 2692 '0
3676 2640 3898 2709 Κύριος

2290 2734 2510 2795 ἔδωκεν,
2566 2734 2594 2785 6
2636 2731 2841 2801 Κύριος
2870 2730 3141 2796 ἀφείλετο·
3196 2729 3273 2794 ὡς
3321 2730 3399 2800 τῷ
3432 2731 3627 2799 Κυρίῳ
3680 2730 3900 2796 ἔδοξεν,

2289 2826 2433 2879 οὕτω
2472 2826 2566 2878 καὶ
2598 2824 2840 2892 ἐγένετοτ
2869 2824 2955 2893 εἴη
2986 2826 3045 2875 τδ
3070 2822 3241 2893 δνομα
3275 2823 3481 2893 Κυρίου
3514 2824 3906 2894 εὖλογημὲνον

2292 2919 2372 2981 τίς
2400 2918 2526 2979 τοὺς
2547 2916 2768 2978 αἰῶνας.
2815 2934 2834 2965 ι

2647 3029 2835 3095 IC.".—
2854 3025 3153 3096 Εἰρηναίῳ
3192 3027 3523 3094 ἐπισκόπφ.

675 3177 795 3233 Non
822 3183 926 3235 est,
949 3180 1009 3225 ut
1039 3176 1288 3239 apparet,
1315 3164 1463 3235 quod
1499 3164 1626 3218 boni
1663 3162 1963 3231 quidquam
1996 3173 2188 3229 exspe-

2367 3138 2482 3190 Οὐκ
2505 3138 2674 3220 ἔστιν..
2702 3137 2779 3200 ὡς
2803 3138 3007 3201 ἔοικεν,
3037 3139 3191 3191 οὐδὲν
3220 3137 3589 3208 προσδοκῆσαι
3618 3139 3894 3206 χρηστόν.

606 3280 837 3327 ctemus.
860 3266 978 3319 Non
1004 3260 1171 3316 modo
1198 3258 1348 3313 enim
1383 3272 1491 3310 non
1516 3255 1741 3309 sedatur
1763 3252 2024 3306 Ecclesia:
2057 3264 2187 3320 pro-

606 3360 763 3421 cella,
809 3355 906 3410 sed
936 3349 1183 3422 quotidie
1223 3344 1560 3406 intumescit,
1596 3352 1656 3396 ut
1687 3343 1760 3395 ita
1792 3342 1992 3403 dicam,
2036 3347 2092 3394 et
2134 3339 2189 3392 in

607 3462 875 3504 cacumen
918 3442 1212 3497 attollitur.
1246 3438 1535 3491 Venerunt
1581 3441 1765 3485 autem
1808 3439 1865 3484 et
1902 3429 2000 3497 qui
2026 3441 2190 3498 syno-

609 3542 740 3595 dum
769 3538 1156 3593 convocarent,
1192 3536 1247 3582 ct
1284 3523 1628 3581 evocatorias
1664 3522 1875 3575 litteras
1909 3527 2027 3572 tum
2069 3518 2194 3571 aliis

608 3629 942 3703 quibusdam
988 3619 1448 3689 metropolitanis,
1486 3626 1599 3668 tum
1643 3622 1831 3666 nostro
1873 3609 2190 3663 redderent.

609 3702 942 3779 Litterarum
981 3729 1144 3786 porro
1160 3708 1472 3777 exemplum
1502 3704 1568 3758 ad
1605 3713 1657 3757 te
1690 3702 1839 3763 misi,
1889 3710 1948 3753 ut
1982 3712 2192 3769 cogno-

610 3831 752 3877 scas,
774 3811 1017 3870 domine,
1036 3806 1240 3859 malum
1270 3800 1431 3855 malo.
1452 3795 1600 3866 quod
1629 3796 1704 3849 ait
1733 3802 1892 3863 poeta
1912 3788 2197 3855 “,conﬁr-

610 3916 818 3962 matum
848 3916 991 3962 esse,
1040 3897 1266 3962 solaque
1305 3890 1467 3945 nobis
1497 3902 1636 3956 opus
1671 3900 1792 3939 esse
1824 3883 2012 3935 divina
2040 3881 2199 3935 boni-

611 4006 746 4061 tate,
773 4003 833 4048 ut
859 3992 1015 4047 sedet
1045 3992 1451 4055 tempestatem.
1498 3978 1677 4035 Facile
1709 3992 1946 4044 namque
1972 3974 2079 4027 hoc
2115 3973 2195 4026 illi

610 4098 716 4153 cst,
762 4085 858 4141 sed
899 4099 1000 4138 nos
1034 4076 1435 4147 tranquillitate
1467 4088 1660 4127 sumus
1709 4068 1939 4138 indigni.
1987 4064 2199 4120 Sufﬁcit

613 4195 747 4235 vero
793 4175 953 4231 nobis
997 4164 1532 4242 patientiaz'gratia,
1590 4171 1650 4216 ut
1694 4176 1793 4231 per
1836 4159 1975 4212 hanc
2029 4171 2198 4225 supe-

612 4270 790 4324 riores
812 4263 1067 4318 hostibus
1095 4257 1414 4313 evadamus.
1450 4253 1662 4323 1077
1691 4250 1804 4305 llec
1822 4249 1981 4303 .enim
2010 4254 2200 4315 postu-

612 4362 729 4416 lare
752 4373 854 4415 nos
884 4353 1072 4410 docuit
1098 4349 1322 4403 divinus
1346 4344 1662 4414 Apostolus.
1700 4360 1718 4393 ι
1754 4340 1961 4401 Faciet,
1993 4336 2196 4405 inquit,

614 4465 739 4506 cum
778 4446 1082 4503 tentatione
1114 4451 1400 4501 eventum,
1432 4448 1493 4491 ut
1522 4436 1747 4507 possitis
1771 4433 2045 4487 sustinere
2072 4430 2139 4481 ".
2173 4446 2191 4478 ι

613 4542 884 4599 Caeterum
914 4539 1148 4593 obsecro
1186 4534 1446 4603 pietatem
1479 4538 1652 4590 tuam,
1702 4532 1761 4578 ut
1803 4538 1900 4577 ora
1940 4522 2200 4575 obstruas

615 4634 1073 4692 obtrectatorum,
1100 4635 1157 4679 et
1177 4625 1379 4679 doceas
1408 4632 1517 4675 non
1541 4617 1744 4673 debere
1770 4616 1894 4669 illos
1920 4615 2015 4683 qui
2043 4621 2200 4667 extra

617 4725 737 4787 teli,
774 4720 920 4791 quod
949 4720 1124 4781 aiunt,
1153 4718 1360 4785 jactum
1391 4714 1532 4775 sint,
1566 4709 1635 4763 iis
1662 4716 1723 4762 ut
1747 4714 1974 4777 apparet
2004 4704 2198 4759 convi-

621 4812 770 4876 tiari,
802 4810 896 4880 qui
917 4824 971 4863 in
998 4808 1115 4861 acie
1142 4813 1315 4866 stant,
1333 4810 1390 4857 et
1410 4801 1686 4855 feriuntur
1708 4813 1772 4851 ac
1816 4796 2039 4849 feriunt.
2055 4791 2200 4859 Quid

618 4902 767 4957 enim
799 4901 1030 4955 interest
1076 4904 1260 4949 utrum
1287 4892 1383 4961 qui
1420 4898 1625 4960 pugnat
1649 4888 1754 4941 hoc
1784 4900 1986 4957 genere
2022 4898 2203 4937 armo-

621 5006 741 5045 rum
768 5005 839 5043 an
863 4988 959 5042 illo
984 4996 1197 5049 utatur,
1231 4991 1289 5037 et
1313 4982 1531 5036 hostem
1570 4978 1823 5048 dejiciat?
1854 4976 1991 5031 Nam
2022 4988 2203 5043 neque

620 5094 851 5150 magnus
872 5075 1045 5133 David
1080 5074 1231 5129 omni
1272 5078 1554 5126 armatura
1602 5068 1909 5121 instructus
1943 5065 2206 5133 alienige—

620 5184 817 5225 narum
837 5169 1031 5223 duoem
1054 5164 1354 5237 prostravit
1377 5161 1421 5193 “
1442 5178 1456 5228 ;
1481 5171 1537 5216 et
1559 5159 1790 5214 Samson
1819 5156 1960 5211 asini
1984 5156 2206 5210 maxilla

622 5258 772 5317 mille
802 5257 966 5315 simul
994 5256 1292 5331 occidit".
1327 5253 1440 5308 Nec
1466 5250 1758 5321 quisquam
1787 5258 1870 5304 est
1898 5248 1993 5318 qui
2027 5247 2206 5301 victo-

624 5353 763 5411 riam
795 5349 1187 5423 reprehendat,
1216 5354 1312 5403 aut
1338 5346 1608 5401 victorem
1641 5340 1955 5397 timiditatis
1986 5350 2204 5411 arguat,

696 5488 743 5523 "
772 5487 873 5545 Job
916 5502 955 5551 ι,
1016 5485 1107 5541 2|.

626 5559 841 5625 xv,16.

694 5671 770 5741 (9)
806 5671 888 5733 An
917 5670 1088 5741 μιᾶςῖ

696 5730 807 5810 (ιῦ)
835 5730 1132 5810 ἐκκλησίας
1157 5737 1299 5810 male
1333 5734 1555 5810 videtur
1590 5733 1755 5788 fuisse
1794 5735 1845 5810 in
1880 5732 2068 5810 codice
2099 5730 2209 5810 va-

626 5800 823 5877 ticano,
858 5825 889 5867 e
918 5800 1029 5880 quo
1074 5800 1265 5863 Latine
1303 5805 1567 5859 translata
1606 5813 1786 5858 exstat
1832 5804 1945 5859 haec
1977 5800 2208 5875 epistola

1237 5484 1282 5515 "
1315 5480 1611 5543 Homerus,
1668 5476 1829 5532 Iliad.
1889 5490 1997 5539 xvi,
2041 5472 2131 5527 25.

2237 5472 2281 5503 ³⁸
2310 5470 2327 5526 l
2352 5469 2479 5525 Cor.
2510 5484 2565 5533 ι,
2602 5467 2688 5523 l3.

2294 3232 2367 3283 Οὐ
2391 3230 2501 3299 γὰρ
2528 3215 2689 3298 μόνον
2721 3230 2821 3282 οὐκ
2854 3229 3159 3299 ἐλώφησεν,
3192 3229 3332 3282 ἀλλὰ
3370 3230 3461 3281 καὶ
3480 3228 3601 3280 καθ’
3625 3230 3901 3300 ἑκάστην,

2292 3320 2367 3383 ὡς
2399 3320 2527 3382 ἔπος
2556 3322 2754 3383 εἰπεῖν,
2805 3321 3035 3390 ἡμέραν,
3057 3318 3390 3389 κορυφοῦται
3420 3318 3519 3388 τῆς
3563 3319 3905 3390 Ἐκκλησίας

2293 3414 2326 3482 ἡ
2361 3411 2521 3481 ζάλη.
2550 3406 2727 3465 Ἧκον
2757 3411 2813 3464 δὲ
2845 3412 2941 3465 καὶ
2981 3412 3031 3462 oi
3077 3410 3177 3480 τὴν
3210 3411 3428 3464 σύνοδον
3464 3410 3905 3477 συγκαλοῦντες,

2296 3502 2391 3557 καὶ
2423 3503 2716 3557 ἀπέδωκαν
2744 3502 2925 3566 ἄλλοις
2949 3502 3007 3555 τέ
3031 3521 3140 3557 τισι
3166 3503 3273 3557 τῶν
3314 3502 3760 3573 μητροπολιτῶν,
3798 3506 3907 3556 καὶ

2297 3590 2376 3660 τῷ
2406 3592 2678 3661 ἡμετέρῳ,
2710 3592 2779 3645 τὰ
2807 3595 2904 3662 τῆς
2938 3593 3185 3663 κλήσεως
3230 3593 3341 3663 (ill)
3387 3595 3717 3662 γράμματα.
3765 3594 3907 3645 ’Δπο

2299 3683 2519 3736 έστειλα
2559 3683 2615 3735 δὲ
2652 3684 2744 3735 καὶ
2776 3682 2882 3735 τῶν
2912 3683 3257 3751 γραμμάτων
3293 3684 3353 3735 τὸ
3383 3682 3495 3736 ἴσον
3539 3685 3605 3752 τῇ
3645 3685 3713 3751 σῇ
3749 3683 3909 3736 ὁσιό-

2296 3791 2442 3842 τητι,
2505 3773 2593 3825 ἵνα
2649 3772 2815 3841 γνῷς,
2861 3772 3121 3832 δέσποτα,
3170 3773 3248 3835 ὥς
3305 3773 3445 3825 κατὰ
3489 3773 3578 3825 τὸν
3610 3774 3911 3840 ποιητικὸν

2297 3865 2473 3934 λόγον,
2508 3864 2677 3919 κακὸν
2708 3863 2863 3932 κακῷ
2894 3865 3245 3934 ἐστήρικται,
3281 3863 3380 3917 καὶ
3418 3863 3501 3916 δεῖ
3547 3863 3722 3933 μόνης
3758 3866 3909 3933 ἡμῖν

2299 3961 2397 4027 τῆς
2440 3957 2777 4025 Δεσποτικῆς
2814 3956 3176 4025 ἀγαθότητος,
3236 3956 3321 4007 ἵνα
3374 3955 3562 4029 παύσῃ
3612 3956 3707 4008 τὸν
3763 3956 3908 4009 κλύ-

2299 4049 2462 4102 δωνα.
2506 4048 2719 4121 Ῥᾴδιον
2770 4047 2869 4117 μὲν
2900 4046 3009 4117 γὰρ
3045 4045 3195 4117 αὐτῷ
3228 4047 3322 4100 καὶ
3362 4046 3543 4111 τοῦτο,
3731 4050 3909 4116 ήμείς

2299 4140 2401 4208 τῆς
2440 4139 2681 4208 γαλήνης
2732 4136 2971 4202 ἀνάξιοι.
3014 4138 3201 4208 Ἀρκεί
3236 4139 3293 4191 δὲ
3326 4141 3459 4207 ἡμῖν
3486 4138 3588 4207 τῆς
3611 4138 3911 4208 ὑπομονῆς

2299 4234 2333 4301 ἡ
2368 4233 2549 4302 χάρις,
2582 4231 2657 4293 ὡς
2695 4230 2761 4282 ἂν
2792 4230 2881 4281 διὰ
2902 4228 3106 4298 ταύτης
3135 4229 3418 4300 κρείττους
3452 4229 3561 4281 τῶν
3590 4230 3909 4299 πολεμούν-

2300 4340 2410 4378 των
2436 4322 2753 4389 γενοίμεοα.
2807 4321 2981 4375 Τοῦτο
3032 4322 3141 4390 γὰρ
3185 4321 3278 4373 καὶ
3323 4324 3353 4374 6
3396 4321 3536 4384 θεῖος
3569 4323 3913 4388 Ἀπόστολος

2304 4414 2540 4479 ἐδίδαξεν
2570 4414 2717 4483 ἡμᾶς
2753 4412 3007 4489 ἐξαιτεῖν..
3032 4431 3063 4462 ηι
3102 4412 3323 4481 Ποιήσει
3347 4411 3476 4482 γὰρ,
3500 4413 3653 4482 φησι,
3690 4412 3791 4465 σὺν
3828 4412 3913 4484 τῷ

2232 4497 2277 4553 Ῑ)
2307 4505 2599 4577 πειρασμῷ
2629 4506 2724 4558 καὶ
2740 4504 2838 4573 τὴν
2868 4504 3093 4558 ἔκὸασιν
3116 4503 3208 4558 τοῦ
3225 4504 3487 4559 δύνασθαι
3516 4506 3907 4572 ὑπενεγκεῖν..

2307 4602 2419 4669 Τὴν
2470 4601 2530 4653 δὲ
2575 4600 2676 4668 σὴν
2709 4598 2986 4667 φιλοθεῖαν
3024 4598 3333 4667 παρακαλῶ
3361 4597 3737 4668 ἐπιστομίζειν
3772 4601 3914 4663 τοὺς

2315 4691 2721 4762 μωμοσκόπους
2763 4690 2859 4744 καὶ
2889 4689 3101 4741 πείθειν
3133 4689 3211 4752 ὡς
3246 4690 3309 4742 οὐ
3342 4688 3447 4761 χρὴ
3477 4690 3606 4752 τοὺς
3646 4688 3755 4754 ἕξω
3791 4688 3916 4742 τῶν

2312 4783 2507 4853 βελῶν,
2537 4782 2599 4835 τὸ
2627 4782 2690 4851 δὴ
2728 4780 3038 4849 λεγόμενον,
3071 4781 3232 4844 ὄντας
3263 4780 3559 4843 σκώπτειν,
3591 4780 3666 4843 ὡς
3693 4781 3909 4847 ἔοικεν,

2309 4876 2434 4937 τοὺς
2471 4872 3016 4944 παρα-ταττομένους,
3076 4873 3171 4925 καὶ
3214 4870 3577 4941 βαλλομένους
3619 4870 3718 4922 καὶ
3768 4870 3914 4939 βὰλ-

2310 4969 2522 5030 λοντας.
2565 4969 2630 5021 Τί
2678 4967 2788 5037 γὰρ
2830 4968 3077 5038 διαφέρει
3120 4968 3200 5037 τῷ
3237 4968 3427 5039 τοιῷδε
3471 4968 3622 5039 ὅπλῳ
3650 4967 3685 5039 ἢ
3711 4970 3914 5040 τοιῷδε

2310 5061 2401 5114 τὸν
2424 5058 2826 5129 ἀγωνιζόμενον
2853 5059 3181 5129 χρήσασθαι,
3215 5061 3307 5112 καὶ
3343 5057 3666 5112 καταϐαλεῖν
3696 5059 3789 5112 τὸν
3810 5060 3917 5113 ἁν-

2311 5151 2572 5217 τίπαλον;
2629 5149 2765 5204 Οὐδὲ
2797 5150 2907 5220 γὰρ
2951 5152 2979 5203 6
3025 5151 3199 5219 μέγας
3234 5150 3398 5204 Δαόὶδ
3428 5150 3733 5221 παντευχίᾳ
3769 5169 3918 5223 χρη-

2315 5244 2559 5315 σάμενος
2598 5244 2907 5315 κατήνεγκε
2950 5242 3059 5295 τῶν
3106 5243 3425 5311 ἀλλοφύλων
3459 5244 3551 5296 τὸν
3593 5244 3915 5314 πρόμαχον.

2325 5336 2385 5388 ’0
2418 5335 2473 5388 δὲ
2494 5334 2741 5404 ,Σαμψὼν
2762 5333 2886 5387 δνου
2919 5334 3131 5402 σιαγόνι
3154 5336 3500 5407 χρησάμενος
3522 5334 3727 5406 χιλίους
3764 5336 3918 5389 κατὰ

2791 5467 2839 5499 ⁸⁸
2872 5465 2895 5521 1
2930 5464 3063 5540 Reg.
3109 5484 3239 5533 ινιτ,
3293 5467 3316 5521 ι
3376 5481 3530 5539 seqq.
3628 5467 3673 5500 "
3721 5467 3913 5525 ludit.

2317 5658 2461 5785 ggt’id
2496 5658 2790 5714 Baronium
2826 5657 3026 5713 Annal.
3056 5659 3123 5715 ad
3154 5676 3205 5716 a.
3240 5656 3303 5716 C.
3328 5656 3453 5725 ΒΟ,
3493 5668 3624 5714 tom.
3656 5659 3719 5726 Ἴ,
3750 5674 3808 5734 p.
3832 5673 3923 5719 In.
