4336 6326
145 355 287 422 1193

1526 347 1892 409 EPISTULA
1932 345 2065 409 XVI
2074 395 2085 407 .

3296 345 3431 414 ΠΜ

137 469 340 524 ταυτὸν
371 465 750 539 κατηκόντισε.
782 465 891 520 Καὶ
920 463 1101 528 οὐδεὶς
1144 463 1524 535 ἐπιμέμφεται
1554 464 1619 532 τῇ
1651 459 1733 513 νὶ-
1763 469 1807 523 Α
1835 477 1849 516 ι

1715 490 1733 503 -
1763 469 1807 523 Α
1835 461 1985 531 quod
2017 477 2128 515 non
2162 460 2375 515 hastam
2409 461 2687 532 quatiens,
2721 462 3086 537 clypeumque
3118 467 3427 541 objectans,

140 578 238 634 κῃ,
284 561 405 614 οὐδὲ
458 559 659 613 δειλίαν
701 557 797 610 τοῦ
848 556 1119 628 ἀριστέως
1161 555 1483 628 κατηγορεῖ,
1532 553 1613 607 ὅτι
1655 551 1731 624 μὴ

135 654 273 724 δόρυ
298 650 486 713 κινῶν,
516 652 613 705 καὶ
629 649 727 713 τὴν
750 649 953 704 ἀσπίδα
976 647 1440 720 προϐαλλόμενος,
1471 646 1565 699 καὶ
1598 644 1730 697 πολ-

139 745 212 799 λά
263 745 589 808 ἀκοντίζων,
627 744 662 815 ἢ
694 742 827 808 τόξα
858 741 1070 805 τείνων,
1105 741 1230 803 τοὺς
1257 738 1588 800 ἀντιπάλους
1623 735 1731 788 ἐνί-

140 850 312 904 κησεν
340 835 386 906 (l
402 832 475 904 l).
500 831 658 886 Οὕτω
684 829 975 899 τοιγαροῦν
996 828 1092 883 καὶ
1109 828 1235 889 τοὺς
1265 825 1410 897 ὑπὲρ
1442 827 1543 896 τῆς
1573 826 1731 879 εὐσε-

142 925 300 989 εείας
349 922 791 993 ἀγωνιζομένους
837 920 1115 987 ἐξετάζειν
1140 918 1270 989 χρὴ,
1301 912 1397 971 κα)⁵
1439 916 1514 988 μὴ
1546 915 1730 988 ζητεῖν

142 1017 387 1089 ὀνόματα
422 1014 522 1086 τὴν
573 1014 690 1085 ἔριν
733 1014 1041 1085 ἐγείροντα,
1072 1010 1191 1064 ἀλλ’
1239 1000 1605 1081 ἐνθυμήματα
1632 1027 1729 1064 σα-

142 1110 263 1180 φῶς
294 1108 640 1181 κηρύττοντα
670 1106 770 1179 τὴν
805 1106 1092 1177 ἀλήθειαν,
1124 1102 1219 1157 καὶ
1245 1103 1374 1166 τοὺς
1411 1101 1730 1156 ἀντιτείνειν

139 1200 463 1270 τολμῶντας
495 1197 760 1269 αἰσχύνης
780 1194 1232 1265 ἀναπιμπλάντα.
1259 1192 1325 1245 Τί
1353 1192 1462 1262 γὰρ
1480 1191 1729 1263 διαφέρει

138 1293 241 1345 ἀνθ
251 1292 558 1361 ρωποτόκον
582 1288 721 1361 ὁμοῦ
743 1289 837 1341 καὶ
868 1286 1129 1340 Θεοτόκον
1150 1284 1419 1354 ὀνομάσαι
1445 1284 1543 1349 τὴν
1568 1284 1730 1353 ἁγίαν

141 1376 443 1449 Παρθένον.
475 1376 509 1447 ἧ
554 1378 779 1431 καλέσαι
810 1375 981 1445 αὐτὴν
1038 1373 1135 1427 τοῦ
1190 1371 1483 1444 τεχθέντος
1515 1371 1730 1444 μητέρα

140 1472 236 1523 καὶ
265 1469 480 1538 δούλην,
512 1469 608 1522 καί⁷
651 1469 974 1536 ἐπαγαγεῖν,
999 1467 1082 1519 δτι
1116 1465 1303 1537 μήτηρ
1340 1464 1444 1535 μὲν
1478 1463 1627 1517 ἐστιν
1650 1464 1730 1529 ὡς

138 1562 431 1634 ἀνθρώπου
482 1561 577 1614 τοῦ
616 1562 821 1631 Κυρίου
865 1559 1023 1631 ἡμῶν
1060 1557 1235 1628 Ἰησοῦ
1266 1556 1529 1628 Χριστοῦ,
1561 1556 1727 1627 δούλη

134 1655 199 1709 δὲ
227 1654 302 1718 ὡς
327 1654 484 1717 Θεοῦ,
521 1653 616 1707 καὶ
643 1653 744 1724 τὴν
793 1652 892 1723 μὲν
924 1651 1203 1721 πρόφασιν
1241 1648 1613 1718 συκοφαντίας
1646 1665 1728 1701 σι-

138 1747 312 1817 γῆσαι
333 1745 470 1817 (12),
503 1745 603 1818 τὴν
634 1744 805 1816 αὐτὴν
834 1745 890 1799 δὲ
936 1746 1102 1814 φάναι
1135 1742 1395 1805 διάνοιαν,
1428 1741 1592 1813 ἑτέρᾳ
1635 1757 1727 1794 κε·

1838 563 1896 608 et
1950 552 2146 607 crebra
2187 553 2370 623 jacula
2414 553 2737 624 conjiciens,
2786 557 2873 611 vel
2925 573 3088 614 arcus
3136 560 3430 615 intendens

1839 644 2023 699 hostes
2054 644 2352 713 superarit.
2386 644 2476 699 Sic
2522 646 2690 716 igitur
2713 656 2769 701 et
2796 646 2920 701 illos
2950 648 3043 719 qui
3088 664 3187 718 pro
3224 650 3428 719 pietate

1838 736 2121 790 dimicant-
2138 736 2378 807 judicari
2417 744 2660 807 oportet,
2700 753 2805 793 nec
2840 739 3108 795 vocabula
3152 756 3426 811 quaarcre,

1837 845 1962 899 quae
1994 829 2405 884 contentionem
2433 830 2734 894 suscitent,
2783 829 2879 884 sed
2915 833 3432 902 argumentationes

1836 937 1959 992 quae
1985 921 2273 976 veritatem
2315 922 2528 991 liquido
2554 923 2890 993 exprimant,
2930 932 2983 976 et
3027 923 3292 978 reluctari
3324 939 3427 977 ιω-

1837 1012 2033 1066 dentes
2068 1010 2273 1065 rubore
2312 1011 2657 1065 suﬁ'undant.
2680 1011 2828 1078 Quid
2873 1012 3024 1067 enim
3070 1013 3171 1067 ista
3214 1013 3426 1067 discre-

1836 1111 1991 1173 pant,
2040 1102 2445 1173 hominiparam
2492 1103 2657 1157 simul
2710 1118 2776 1157 ac
2820 1103 3114 1172 Deiparam
3152 1103 3427 1174 virginem

1834 1202 2081 1248 sanctam
2117 1195 2417 1262 appellare,
2461 1202 2559 1247 aut
2604 1208 2805 1248 vocare
2845 1192 2995 1246 illam
3022 1192 3146 1246 Filii
3193 1200 3429 1246 matrem

1836 1293 2000 1355 atque
2025 1284 2304 1350 ancillam,
2337 1292 2395 1339 et
2421 1284 2649 1349 addere,
2682 1283 2916 1339 matrem
2943 1282 3168 1353 quidem
3192 1297 3337 1349 esse,
3367 1291 3429 1337 ut

1836 1376 2099 1441 hominis,
2124 1376 2343 1431 Domini
2370 1377 2551 1431 nostri
2572 1376 2704 1433 Jesu
2728 1374 2957 1441 Christi,
2984 1376 3243 1431 ancillam
3266 1391 3424 1443 vero,

1835 1477 1898 1522 ut
1932 1468 2050 1533 Dei,
2098 1467 2499 1538 calumniaeque
2547 1467 2899 1523 occasionem
2949 1467 3176 1523 silentio
3212 1475 3425 1539 tegere,

1831 1566 1892 1614 ct
1920 1558 2191 1615 eamdem.
2214 1559 2543 1614 sententiam
2585 1559 2843 1613 subalio
2882 1558 3106 1614 nomine
3137 1558 3428 1629 proferre?

1833 1651 2038 1707 Adhaec
2069 1651 2203 1707 illud
2226 1651 2392 1706 etiam
2423 1649 2785 1721 spectandum
2818 1662 2926 1714 est,
2956 1650 3154 1706 horum
3182 1651 3425 1706 alterum

1832 1754 2130 1795 commune
2163 1755 2365 1795 nomen
2397 1755 2541 1803 esse,
2572 1739 2809 1794 alterum
2847 1739 3078 1810 virginis
3110 1740 3423 1809 proprium,

139 1838 414 1912 χρημένον
441 1837 827 1909 προσηγορίας
856 1837 995 1908 Πρὸς
1024 1836 1080 1889 δὲ
1107 1834 1342 1898 τούτοις,
1372 1835 1596 1887 κάκεῖνο
1627 1834 1735 1905 χρὴ
1766 1844 1809 1899 Β
1835 1844 1851 1883 ε

1711 1834 1735 1905 η
1766 1844 1809 1899 Β
1835 1837 1892 1883 et
1923 1829 1991 1885 de
2017 1830 2124 1885 hoc
2157 1838 2328 1884 totam
2360 1829 2641 1885 exstitisse
2679 1831 3119 1895 contentionem,
3163 1846 3285 1900 quae
3310 1830 3423 1885 uti-

141 1927 393 1993 συνιδεῖν,
427 1927 504 1991 ὡς
542 1928 604 1980 τὸ
643 1927 744 1998 μὲν
782 1927 961 1980 κοινόν
1000 1927 1149 1979 ἐστιν
1174 1923 1370 1993 ὄνομα,
1406 1922 1468 1976 τό
1505 1923 1561 1976 δὲ
1601 1923 1735 1977 ἴδιον

137 2020 245 2088 τῆς
278 2017 580 2088 Παρθένουο
617 2018 713 2070 καὶ
736 2018 822 2070 ὅτι
848 2017 978 2087 περὶ
1008 2015 1201 2069 τούτου
1243 2016 1392 2069 πᾶσα
1422 2016 1457 2086 ἡ
1489 2014 1731 2085 διαμάχη

137 2107 458 2177 γεγένηται,
486 2107 562 2172 ὡς
607 2108 709 2162 οὐκ
754 2106 984 2177 ῶςρελεν.
1034 2107 1147 2160 Καὶ
1176 2106 1227 2160 οί
1254 2105 1500 2160 πλεῖστοι
1534 2105 1593 2159 δέ
1620 2105 1732 2159 τῶν

136 2199 383 2271 ἀρχαίων
418 2198 531 2267 (13)
562 2199 818 2271 Πατέρων
844 2198 944 2266 τὴν
978 2196 1337 2268 ἐντιμοτέραν
1370 2195 1638 2249 ἐπέθεσαν
1660 2198 1727 2267 τῇ

138 2285 405 2357 Παρθένῳ
436 2286 833 2357 προσηγορίαν⁸
872 2285 1033 2338 τοῦτο
1064 2285 1122 2337 δέ
1152 2285 1247 2347 καὶ
1289 2286 1323 2354 ἠ
1355 2284 1422 2355 σὴ
1452 2283 1722 2354 πεποίηκε

137 2378 419 2432 θεοσέϐεια
467 2379 561 2432 καὶ
607 2380 663 2431 ἐν
715 2377 808 2430 δύο
848 2379 943 2431 καὶ
973 2377 1030 2430 ἐν
1060 2377 1208 2445 τρισὶ
1234 2374 1435 2443 λόγοις.
1471 2373 1620 2445 Ἕχω
1666 2374 1725 2428 δὲ

134 2471 345 2525 τούτων
372 2471 567 2537 ἐνίους,
591 2471 688 2540 τῆς
721 2469 821 2540 σῆς
858 2487 948 2538 μοι
980 2468 1275 2539 πεμψάσης
1300 2467 1600 2537 φιλοθεῖας·
1630 2465 1727 2521 καὶ

134 2563 219 2635 τῷ
256 2564 540 2629 Θεοτόκος
585 2562 646 2613 τὸ
669 2560 1124 2628 ἁνθρωποτόκος
1150 2559 1213 2612 οὐ
1239 2557 1601 2629 παρέζευξας,
1638 2556 1727 2609 δέ-

134 2672 336 2721 σποτα,
368 2654 581 2724 ἐτέροις
611 2652 669 2705 δὲ
690 2652 919 2720 ὀνόμασι
962 2651 1063 2721 τὴν
1086 2648 1277 2703 τούτου
1316 2649 1556 2703 διάνοιαν
1584 2663 1726 2719 παρ-

132 2747 434 2816 εδήλωσας.
480 2736 698 2815 Ἐπειδὴ
723 2742 835 2814 (14)
885 2742 942 2795 δὲ
971 2741 1352 2813 ἐπιμέμφεσθέ
1386 2758 1499 2810 μοι,
1534 2739 1623 2794 καὶ
1651 2741 1726 2803 ὡς

135 2838 266 2900 τοὺς
304 2837 493 2905 ἀγίους
545 2835 642 2889 καὶ
676 2832 983 2905 μακαρίους
1022 2833 1434 2887 καταλελοιπότι
1476 2830 1727 2901 Πατέρας

1831 1936 1958 1976 nam
1980 1937 2093 1975 non
2126 1921 2344 1991 1078
2376 1920 2593 1988 fuisset.
2631 1921 2709 1976 Ac
2744 1921 2971 1993 plurimi
3002 1937 3135 1977 sane
3168 1924 3426 1992 antiquo-

1829 2022 1953 2067 rum
1980 2012 2207 2067 Patrum
2231 2012 2602 2083 appellatione
2637 2028 2761 2083 quae
2795 2013 3122 2069 honoratior
3146 2021 3267 2069 erat
3296 2013 3424 2067 Vir-

1829 2105 2013 2175 ginem
2049 2112 2324 2159 ornarunt
2350 2121 2362 2157 :
2392 2103 2538 2174 quod
2582 2113 2641 2160 et
2683 2092 2965 2161 sanctitas.
2991 2115 3082 2161 tua
3122 2106 3179 2160 in
3204 2105 3426 2161 duabus

1827 2196 2075 2254 tribusve
2092 2196 2441 2253 orationibus
2457 2196 2573 2251 suis
2595 2195 2748 2253 fecit.
2768 2196 2953 2251 Habeo
2970 2199 3088 2267 ipse
3105 2196 3422 2263 nonnullas,

1828 2303 1968 2358 quas
2002 2287 2070 2342 ad
2097 2304 2183 2344 me
2214 2289 2392 2359 pietas
2413 2300 2505 2345 tua
2540 2288 2713 2353 misit,
2747 2289 2803 2343 in
2827 2289 3032 2359 quibus
3062 2288 3423 2359 appellationi

1829 2377 2084 2448 Deipara,
2105 2378 2348 2446 domine,
2369 2380 2704 2451 hominipara
2727 2396 2835 2435 non
2858 2380 3128 2451 adjecisti,
3152 2380 3249 2436 sed
3270 2381 3424 2437 vocis

1830 2470 2000 2542 hujus
2038 2486 2261 2526 sensum
2310 2472 2436 2526 aliis
2474 2472 2763 2527 vocabulis
2799 2473 3112 2528 declarasti.
3141 2472 3420 2539 Quoniam

1830 2568 2017 2615 autem
2057 2577 2144 2615 me
2182 2562 2347 2615 etiam
2400 2563 2834 2630 reprehenditis,
2887 2564 3061 2633 quasi
3097 2574 3319 2620 sanctos
3356 2580 3423 2621 ac

1831 2650 2025 2706 beatos
2048 2651 2238 2706 Patres
2260 2652 2561 2707 Diodorum
2584 2662 2642 2707 et
2665 2653 3018 2710 Theodorum
3046 2656 3102 2710 in
3130 2655 3424 2727 magistro-

1831 2756 1954 2794 rum
1978 2755 2214 2797 numero
2247 2742 2634 2811 praeterierim,
2661 2745 3039 2800 necessarium
3068 2745 3201 2801 duxi
3224 2745 3292 2801 de
3314 2746 3421 2802 hoc

1832 2831 2001 2887 etiam
2028 2848 2203 2902 pauca
2231 2832 2441 2888 dicere.

132 2928 403 2999 Διόδωρον
453 2927 544 2980 καὶ
614 2926 889 2997 Θεόδωρον
933 2927 991 2978 ὲν
1035 2924 1113 2996 τῷ
1146 2924 1436 2995 καταλόγῳ
1471 2921 1584 2977 τῶν
1621 2922 1984 2991 διδασκάλων,
2008 2925 2320 2993 ,ἀναγκαῖον
2387 2926 2687 2998 ἡγησάμην
2749 2926 2845 2980 καὶ
2883 2930 3014 2999 περὶ⁵
3054 2929 3247 2985 τούτου
3282 2930 3420 3005 {ipa-

135 3022 241 3093 χέα
259 3018 572 3085 διεξελθεῖν,

212 3112 433 3184 Πρῶτον
469 3112 570 3180 μὲν
596 3110 725 3182 γάρ,
762 3107 807 3165 ὦ
838 3112 965 3183 φίλη
996 3128 1086 3181 μοι
1121 3110 1352 3182 κεφαλὴ,
1378 3109 1606 3175 πολλοὺς
1631 3112 1727 3165 καὶ

1905 3110 2155 3165 Primum
2180 3110 2350 3178 enim,
2390 3127 2423 3166 ο
2456 3112 2655 3177 amice,
2687 3114 2893 3169 multos
2932 3129 3153 3186 quoque
3183 3116 3323 3173 alios
3353 3118 3418 3173 il-

133 3206 336 3267 ἄλλους
356 3204 681 3273 περιφανεῖς
703 3204 901 3275 ἀνδρας
920 3204 1011 3257 καὶ
1032 3203 1320 3274 λαμπροὺς
1336 3203 1477 3271 ἄγαν
1502 3220 1726 3273 γεγενη-
1755 3200 1798 3257 C
1830 3202 1845 3256 1

1704 3232 1726 3243 -
1755 3200 1798 3257 C
1830 3202 2035 3256 lustres
2062 3203 2213 3257 viros
2236 3204 2417 3269 omisi,
2445 3211 2501 3259 et
2522 3202 2665 3259 fama
2689 3206 3050 3262 clarissimos.
3076 3209 3286 3264 Deinde
3310 3210 3416 3267 hoc

135 3288 353 3368 μένους.
376 3299 610 3351 Ἔπειτα
633 3297 687 3350 δὲ
717 3299 938 3351 κάκεῖνο
958 3298 1064 3368 χρὴ
1090 3297 1337 3362 συνιδεῖν,
1354 3296 1431 3361 ὠς
1458 3296 1548 3350 τὸν
1571 3314 1720 3349 κατ-

127 3389 502 3461 ηγορούμενον
544 3387 1063 3458 ἀναμφισϐητήτως
1106 3386 1391 3457 μάρτυρας
1447 3387 1719 3456 προσήκει

132 3482 431 3551 παράγειν,
464 3474 547 3545 οἷς
587 3480 710 3533 οὐδέ
755 3479 865 3532 τῶν
918 3479 1243 3549 κατηγόρων
1286 3496 1372 3542 τις
1411 3478 1722 3549 ὲπιμέμψα·

135 3573 263 3626 σθαι
290 3573 536 3626 δύναται.
576 3572 639 3624 Et
674 3570 732 3623 δὲ
760 3571 887 3633 τοὺς
920 3568 1074 3639 παρὰ
1099 3570 1210 3622 τῶν
1246 3569 1551 3624 διωκόντων
1588 3589 1720 3623 κατ-

129 3661 549 3734 ηγορουμένους
587 3662 616 3713 ὁ
658 3661 990 3729 διωκόμενος
1014 3659 1094 3721 εἰς
1136 3659 1448 3731 μαρτυρίαν
1478 3661 1716 3725 καλέσοι,

130 3753 255 3805 ούδέ
280 3753 442 3817 αὐτὸς
472 3753 539 3805 ἂν
568 3754 596 3805 ό
634 3750 868 3814 δικάζων
897 3751 1185 3819 ἀνάσχοιτο
1212 3748 1486 3814 δέξασθαι.
1526 3750 1588 3804 Et
1621 3751 1718 3820 μὲν

131 3844 244 3916 γὰρ
302 3844 524 3898 ἔπαινον
612 3842 873 3913 Πατέρων
943 3842 1277 3911 συγγράφων
1337 3842 1526 3896 τούσδε
1593 3845 1719 3905 τοὺς

133 3936 323 4004 ἁγίους
361 3932 685 4002 παρέλιπον,
735 3928 977 4002 ἠδίκησα
1023 3930 1109 3995 ἂν,
1146 3930 1414 4001 ὁμολογῶ,
1468 3934 1561 3986 καὶ
1591 3934 1719 4003 περὶ

129 4031 260 4093 τοὺς
306 4029 660 4091 διδασκάλους
693 4028 987 4098 ἀχάριστος
1021 4028 1306 4099 ἐγενόμην.
1350 4029 1414 4081 Et
1476 4029 1534 4082 δὲ
1580 4046 1715 4083 κατ-

132 4119 508 4190 ηγορούμενος
539 4118 836 4186 ἀπολογίαν
869 4119 1239 4187 προσήνεγκα,
1267 4119 1361 4171 καὶ
1390 4120 1515 4182 τοὺς
1541 4119 1719 4189 ἀναμ-

130 4211 507 4282 φισϐητήτους
535 4214 858 4280 παρήγαγον
889 4208 1197 4279 μάρτυρας,
1226 4208 1277 4261 τί
1311 4208 1486 4279 μάτην
1507 4212 1556 4262 οί
1589 4210 1715 4262 τού-

129 4319 239 4355 των
291 4301 446 4354 οὑδέν
490 4300 618 4352 ἰδεῖν
661 4299 938 4360 ἐθέλοντες
968 4299 1406 4369 ἐπιμέμφονται;
1441 4301 1627 4363 Ὅπως
1659 4301 1715 4354 δὲ

132 4392 280 4446 σέϐω
311 4392 435 4454 τοὺς
466 4389 685 4461 ἄνδρας,
719 4391 985 4460 μάρτυςή
1016 4390 1147 4459 παρ’
1183 4389 1339 4460 ἡμῶν
1363 4390 1501 4460 ὑπὲρ
1535 4391 1715 4444 αὐτῶν

130 4483 514 4554 συγγραφεῖσα
546 4480 748 4551 βίϐλος,
778 4482 835 4533 ἐν
937 4481 1036 4551 τὴν
1062 4480 1182 4533 κατ’
1204 4482 1384 4534 αὐτῶν
1413 4482 1715 4552 γεγενημέ-

1827 3294 1995 3348 etiam
2049 3294 2514 3349 considerandum
2564 3297 2581 3315 '
2628 3301 2734 3361 est,
2781 3311 2911 3349 eum
2969 3298 3064 3366 qui
3121 3310 3416 3355 accusatur

1827 3392 1997 3440 testes
2018 3385 2245 3440 minime
2264 3386 2465 3440 dubios
2490 3386 2798 3456 producere
2819 3395 3099 3456 oportere,
3119 3405 3264 3460 quos
3287 3392 3415 3446 red-

1826 3492 2057 3547 arguere
2092 3492 2197 3533 nec
2223 3485 2607 3532 accusatorum
2640 3478 2932 3548 quisquam
2953 3480 3153 3553 possit.
3183 3480 3340 3548 Quod
3366 3483 3414 3538 si

1826 3569 1892 3622 ad
1921 3569 2298 3623 testimonium
2321 3585 2452 3622 reus
2479 3571 2604 3623 illos
2638 3579 2801 3624 vocet
2823 3585 2965 3640 quos
2999 3579 3216 3628 actores
3244 3589 3415 3630 accu-

1826 3667 1969 3724 sant,
2000 3675 2103 3713 nec
2123 3661 2293 3729 judex
2324 3659 2442 3728 ipse
2476 3661 2849 3716 admittendos
2879 3662 3117 3732 putabit.
3157 3663 3339 3732 Quare
3365 3668 3413 3723 si

1826 3760 2079 3821 suscepta
2101 3752 2326 3806 Palmm
2342 3752 2660 3807 laudatione
2686 3752 2822 3807 istos
2840 3756 3173 3824 omisissem,
3197 3759 3408 3830 inique,

1824 3844 2022 3909 fateor,
2045 3843 2304 3914 egissem,
2328 3852 2386 3898 ct
2413 3842 2467 3896 in
2492 3842 2785 3913 magistros
2806 3842 3032 3917 fuissem
3054 3846 3323 3917 ingratus.
3341 3849 3413 3903 At

1824 3935 1870 3988 si
1914 3949 2040 3988 cum
2080 3949 2376 3990 accusarer
2420 3932 2804 3988 defensionem
2850 3950 2971 3988 sum
3018 3952 3327 4007 aggressus,
3355 3948 3412 3993 et

1824 4035 1995 4081 testes
2020 4021 2365 4081 indubitatos
2392 4028 2651 4097 produxi,
2676 4026 2808 4098 quid
2841 4027 3116 4083 incassum
3138 4045 3241 4084 nos
3265 4031 3412 4085 vitu-

1823 4124 2042 4186 perant,
2071 4116 2167 4185 qui
2198 4117 2395 4171 horum
2419 4118 2611 4173 videre
2633 4119 2773 4173 nihil
2814 4118 3048 4172 volunt?
3076 4118 3197 4186 Quo
3220 4129 3407 4177 autem

1823 4206 1975 4260 cultu
2008 4206 2162 4260 viros
2182 4221 2507 4277 prosequar,
2538 4208 2695 4263 testis
2717 4218 2804 4263 est
2828 4208 2970 4261 liber
2998 4224 3163 4278 quem
3196 4210 3265 4264 de
3298 4211 3410 4265 illis

1823 4297 2131 4365 composui,
2169 4297 2221 4350 in
2256 4313 2366 4367 quo
2403 4299 2696 4353 conﬂatam
2734 4300 2789 4353 in
2835 4300 2958 4354 illos
2996 4301 3407 4356 accusationem

1822 4388 2108 4453 diluimus,
2142 4404 2246 4443 nec
2272 4400 2657 4445 accusatorum
2681 4392 3009 4460 potentiam,
3034 4407 3139 4446 nec
3166 4401 3406 4447 structas

1823 4486 2013 4531 contra
2038 4492 2139 4533 nos
2163 4479 2390 4533 insidias
2417 4479 2866 4536 reformidantes.
2892 4483 3074 4536 Alium
3108 4496 3239 4554 ergo
3266 4501 3405 4554 pra:—

128 4592 228 4643 νην
252 4573 472 4643 γραφὴν
497 4571 843 4642 διελύσαμεν,
867 4573 929 4625 οὐ
959 4572 1235 4634 δείσαντες
1258 4572 1367 4624 τῶν
1392 4573 1716 4642 κατηγόρων
1748 4557 1792 4612 Ῐ)
1822 4586 1840 4624 ε

1687 4591 1716 4626 ν
1748 4557 1792 4612 Ῐ)
1822 4569 2109 4640 stigiarum
2141 4572 2381 4625 colorem
2419 4582 2671 4642 quaram
2707 4589 2847 4643 quos
2880 4576 3094 4644 garrire
3139 4576 3399 4631 delectat.

126 4661 228 4730 τὴν
256 4660 599 4724 δυναστείαν,
633 4660 754 4713 ούδέ
782 4660 880 4723 τάς
912 4660 1034 4713 καθ’
1062 4662 1219 4731 ἡμῶν
1248 4664 1548 4730 γενομένας
1587 4664 1711 4716 ἐπιο

128 4750 353 4815 δουλάς.
384 4751 588 4822 ’Δλλην
618 4750 797 4805 τοίνυν
831 4751 1104 4820 ἐχέτωσαν
1139 4752 1429 4823 τερθρείας
1459 4753 1713 4823 ἀφορμὴν

132 4845 177 4895 εἰ
228 4823 705 4914 τῆν’ἀδολεσχίαν
747 4843 1137 4912 ἀσπαζόμενοι.
1200 4846 1355 4915 Ἐμοὶ
1410 4846 1612 4910 σκοπὸς
1649 4848 1712 4898 ού

133 4936 268 5005 πρὸς
302 4937 467 5007 χάριν
499 4936 592 4988 τοῦ
631 4935 799 4998 δεῖνος
847 4935 943 4988 καὶ
972 4934 1066 4988 τοῦ
1110 4937 1281 4999 δεῖνος
1326 4936 1503 4991 πάντα
1533 4936 1715 5005 λέγειν

130 5026 223 5076 καὶ
254 5026 538 5096 πράττειν’
587 5024 724 5078 ἀ).λά
751 5026 849 5095 τήν
882 5042 940 5078 τε
977 5024 1070 5078 τοῦ
1096 5025 1231 5079 Θεοῦ
1272 5026 1602 5097 Ἐκκλησίαν
1631 5028 1713 5079 ol-

130 5117 399 5186 κοδομεῖν,
432 5116 527 5169 κού⁸
573 5117 652 5185 τῷ
690 5116 896 5185 ταύτης
941 5117 1196 5187 ἀρέσκειν
1250 5118 1472 5189 νυμφίῳ
1527 5136 1585 5171 τε
1616 5118 1712 5171 καὶ

132 5207 403 5279 Δεσπότῃ.
437 5208 557 5260 Ὀτι
588 5208 695 5278 γάρ
742 5208 804 5260 ού
838 5208 1157 5278 σωματικῆς
1199 5207 1360 5260 ἕνεκα
1388 5208 1707 5277 Θεραπείας,

133 5295 251 5349 οὐδὲ
273 5300 373 5368 τῆς
389 5297 807 5367 πολυφρόντιδος
830 5298 996 5368 τιμῆς
1022 5299 1400 5368 ἀντεχόμενος,
1426 5300 1492 5369 ἢν
1517 5299 1713 5369 δύστη-

133 5400 220 5437 νον
261 5387 551 5457 όνομάζειν
584 5388 747 5450 όκνῶ,
792 5387 966 5441 ταῦτα
1013 5386 1170 5450 ποιῶ,
1216 5392 1487 5459 μαρτυρεῖ
1522 5406 1611 5458 μοι
1651 5388 1711 5441 τὸ

231 5563 314 5629 Η)
348 5562 654 5633 νενίκηκεν.
684 5563 851 5631 Neap.

234 5632 315 5704 12)
349 5632 619 5704 παρέσχον
646 5650 767 5704 σιγ.Δ
780 5633 957 5704 _Neap.

206 5701 317 5774 (15)
352 5701 920 5774 ἀρχαιοτέρωνῌΝειιρ.

207 5758 318 5846 (ﬂ)
351 5758 459 5829 ιι·ῑὲ
477 5758 650 5836 locus,
696 5758 911 5842 Ἐπειδὴ
944 5769 1003 5823 δὲ
1046 5783 1219 5838 usque
1248 5768 1315 5823 ad
1346 5771 1509 5825 verba
1538 5788 1550 5825 :
1583 5772 1702 5826 οὐδὲ

404 5954 410 5960 ἱ
456 5867 728 5927 Puncta
772 5866 887 5925 Gn.
929 5864 1245 5926 LXXXIII.

1820 4662 1950 4716 Mihi
1982 4664 2326 4732 propositum
2358 4664 2573 4735 1079
2590 4674 2695 4731 est,
2726 4682 2834 4720 non
2860 4666 2930 4720 ad
2951 4667 3117 4736 hujus
3139 4669 3223 4722 vel
3259 4670 3405 4723 illius

1819 4756 2053 4831 gratiam
2087 4754 2270 4835 omnia
2320 4754 2510 4810 dicere
2531 4755 2812 4820 etfacere,
2850 4758 2944 4812 sed
2975 4759 3069 4812 Dei
3098 4760 3399 4834 Ecclesiam

1818 4841 2113 4907 aediﬁcare,
2137 4852 2193 4897 et
2215 4843 2379 4914 hujus
2406 4860 2607 4914 sponso
2628 4860 2693 4899 ac
2716 4846 2950 4900 Domino
2974 4847 3213 4916 placere.
3243 4848 3398 4915 Quod

1817 4933 1967 4988 enim
2020 4949 2129 4988 non
2181 4935 2501 5004 temporalis
2540 4936 2817 4990 commodi
2870 4953 3057 5002 causa,
3111 4955 3289 5010 neque
3341 4948 3431 4994 ut

1817 5026 2114 5079 multarum
2137 5041 2395 5080 curarum
2430 5026 2700 5080 honorem
2731 5026 2879 5081 hunc
2912 5028 3200 5095 retineam,
3236 5046 3400 5100 quem

1812 5116 2088 5171 infelicem
2137 5116 2306 5186 piget,
2361 5117 2479 5171 haec
2524 5133 2701 5188 agam,
2751 5118 2909 5172 testis
2953 5121 3087 5173 mihi
3123 5131 3207 5176 est
3263 5137 3401 5177 con-

1814 5206 2065 5261 scientia.
2118 5206 2452 5261 Jamdudum
2498 5209 2646 5262 enim
2692 5219 2887 5278 sponte
2952 5226 3070 5266 mea
3118 5212 3400 5269 discessis-

1816 5313 1954 5359 sem,
1983 5298 2089 5352 nisi
2113 5298 2361 5352 divinum
2390 5298 2659 5369 judicium
2689 5302 2900 5356 veritus
2922 5316 3123 5358 essem.
3156 5305 3225 5359 Et
3251 5323 3398 5361 nunc

1818 5389 1979 5453 scito,
2013 5387 2255 5454 domine,
2302 5390 2449 5458 quod
2491 5400 2725 5447 mortem
2766 5405 3100 5463 exspectem.
3146 5396 3395 5451 Vicinam

1813 5560 1913 5623 τὰς
1942 5561 2061 5613 καθ’
2093 5562 2251 5687 ﬁgat-'3‘)
2292 5562 2591 5644 γενομένας
2632 5564 2944 5646 ἐπιϐουλάς,
2987 5575 3082 5650 est
3110 5567 3166 5624 in
3203 5568 3396 5639 synodi

1814 5631 1867 5687 5.
1898 5632 2081 5685 collat.
2154 5674 2167 5687 .
2200 5648 2254 5685 ιη
2282 5632 2451 5687 Mans:
2480 5632 2813 5687 Collectmne
2842 5637 3193 5687 amplissimi.
3230 5649 3269 5687 ι.
3302 5638 3395 5687 lx-

2115 5631 2167 5698 5,
2200 5632 2254 5685 in
2282 5631 2451 5688 Μεηεί
2480 5632 2813 5690 Collectione
2842 5637 3193 5707 amplissimi,
3230 5631 3269 5694 ἰ.
3302 5638 3396 5705 IX,

2887 5872 2959 5934 38
