4078 6320
128 414 254 483 1137

1460 388 1823 451 EPISTOLA
1877 388 2033 446 XXI.

3263 372 3399 440 1198

124 524 242 581 καθ’
268 519 508 590 ἑκάστην
532 516 746 588 ἡμέραν
775 512 1038 583 γινόμενα
1059 507 1114 579 (ἢ
1144 506 1252 577 γὰρ
1282 504 1475 574 ἄνδρες
1510 499 1705 571 πρότε-

1833 474 2061 567 ndrique
2090 492 2339 566 quotidie
2375 491 2723 563 contingunt,
2757 504 2885 546 cum
2918 498 3015 544 aut
3043 488 3261 560 priores
3294 490 3401 545 viri

127 631 216 689 ρον
261 610 356 666 τοῦ
398 610 514 681 βίου
560 605 623 660 τδ
650 594 832 676 τέρμα
879 594 1494 689 καταλαμϐάνουσιν,Δῆ
1524 593 1707 662 γυναῖ-

124 684 218 770 κες
239 703 395 760 τοῦτο
414 700 686 769 πάσχουσι
710 695 1017 767 πρότεραι),
1040 691 1241 753 πολλὰς
1270 684 1519 743 ἐντεῦθεν
1535 686 1709 754 acop—

125 797 236 870 μάς
258 798 339 859 είς
362 789 723 864 ψυχαγωγίαν
749 785 1009 857 εὑρίσκον
1036 782 1173 854 πρὸς
1193 779 1403 841 τούτοις
1427 776 1528 839 τάς
1559 774 1711 845 παρά

125 869 219 945 τοῦ
267 886 405 942 Θεοῦ
440 884 539 939 καὶ
573 881 829 951 Σωτῆρος
871 876 1031 951 ήμῶν
1084 870 1534 945 παρασχεθείσας
1566 869 1712 958 ’ἡμῖν

125 978 367 1040 ἐλπίδας⁸
391 973 587 1027 τούτου
614 969 723 1039 γὰρ
752 968 816 1039 δὴ
845 968 1007 1038 χάριν
1038 962 1101 1017 τὸ
1122 962 1222 1034 τῆς
1248 957 1577 1030 οἰκονομίας
1596 960 1712 1009 ἑτε-

125 1066 290 1137 λὲσθη
328 1065 651 1137 μυστήριον,
694 1060 784 1113 ἵνα
820 1058 914 1111 τοῦ
957 1053 1189 1108 Θανάτου
1222 1052 1322 1123 τήν
1366 1048 1713 1137 παῦλανμε-

129 1135 453 1229 μαθηκότις,
488 1150 580 1222 μὴ-
608 1148 728 1202 λίαν
776 1144 1032 1215 ἀλγῶμεν
1064 1144 1132 1214 τῇ
1185 1137 1297 1193 τῶν
1358 1135 1714 1229 ποθουμένων

127 1244 489 1321 χωριζόμενοι
513 1240 763 1310 τελευτῇ,
798 1235 934 1291 ἀλλά
962 1235 1063 1305 τὴν
1095 1231 1427 1303 τριπόθητον
1453 1228 1555 1321 τῆς
1588 1230 1717 1321 ἀνα-

130 1319 373 1400 στάσεως
411 1333 604 1389 ἐλπίδα
633 1328 1057 1402 προσμένωμεν.
1088 1323 1274 1379 Ταῦτά
1310 1338 1404 1377 σου
1446 1320 1545 1391 τὴν
1584 1319 1715 1372 θαυ-

132 1430 440 1504 μασιότητα
486 1427 585 1481 καὶ
618 1419 941 1491 λογίσασθαι
982 1416 1312 1490 παρακαλῶ,
1356 1414 1452 1467 καὶ
1497 1412 1718 1481 νικῆσαι

126 1503 230 1593 τῆς
279 1519 521 1591 ἀθυμίας
570 1516 631 1571 τὸ
665 1513 858 1577 πάθος·
893 1511 1133 1584 μάλιστα
1179 1508 1288 1562 τῶν
1336 1504 1532 1562 κοινῶν
1563 1503 1719 1574 ὑμῶν

127 1614 343 1671 κλάδων
390 1613 487 1666 καὶ
531 1608 839 1681 παρόντων,
873 1606 968 1658 καὶ
1010 1605 1193 1657 πᾶσαν
1222 1602 1353 1672 ὑμῖν
1380 1597 1719 1670 ποριζόντων

123 1703 465 1777 παμψυχῆς
491 1700 770 1771 ἀφορμήν.
812 1697 1179 1768 Ὑμνήσωμεν
1210 1694 1390 1746 τοίνυν
1419 1691 1512 1744 τὸν
1542 1687 1721 1757 σοφῶς

1812 589 1977 645 finem
2002 589 2129 643 vitae
2165 586 2497 651 sortiuntur,
2524 590 2619 639 aut
2647 581 2913 637 uxoribus
2944 580 3090 637 idem
3122 580 3276 652 prius
3305 596 3405 638 ac-

1811 679 1966 743 cidit,
1990 678 2194 732 multas
2210 675 2337 730 inde
2352 673 2750 729 consolationis
2772 687 2968 727 causas
2987 670 3213 727 invenio
3235 688 3249 737 ;
3278 680 3397 726 tum

1811 771 2012 827 deinde
2046 784 2171 840 spes
2195 766 2357 825 nobis
2382 783 2413 821 a
2445 766 2557 821 Deo
2592 774 2649 820 et
2684 763 2967 819 Salvatore
2995 771 3186 818 nostro
3222 762 3400 818 datas.

1812 863 1992 934 llujus
2042 861 2189 917 enim
2251 859 2331 915 rei
2380 859 2555 931 gratia
2620 855 3018 935 incarnationis
3076 856 3402 927 mysterium

1813 963 2100 1027 peractum
2135 961 2219 1007 est
2242 962 2323 1016 ιιι,
2347 950 2544 1009 mortis
2566 964 2764 1004 occasu
2798 947 3041 1019 cognito,
3067 962 3179 1002 non
3207 947 3405 1001 admo-

1816 1046 1948 1100 dum
1997 1045 2286 1099 doleamus
2318 1057 2445 1097 cum
2484 1040 2538 1094 in
2586 1040 2891 1095 amicorum
2922 1046 3100 1093 morte
3131 1038 3406 1109 disjungi-

1816 1152 1963 1200 mur,
2000 1133 2095 1188 sed
2130 1132 2534 1202 Optatissimam
2561 1134 2577 1149 '
2611 1126 3042 1183 resurrectionis
3074 1142 3226 1197 spem
3263 1143 3405 1197 pra:—

1817 1225 2105 1282 stolemur.
2152 1222 2281 1278 Haec
2326 1235 2429 1275 oro
2476 1229 2538 1274 ut
2582 1219 2901 1290 praestantia
2940 1225 3035 1272 tua
3068 1216 3406 1280 consideret,

1814 1334 1885 1373 ac
1918 1315 2157 1371 tristitiae
2186 1314 2392 1369 malum
2428 1313 2613 1367 vincat
2651 1329 2664 1364 :
2701 1310 3008 1380 pnesertim
3047 1324 3173 1364 cum
3208 1319 3411 1380 prazsto

1819 1408 1931 1463 sint
1957 1411 2280 1467 communes
2304 1404 2441 1459 rami
2469 1401 2658 1469 vestri,
2683 1416 3017 1470 omnemque
3042 1399 3201 1453 vobis
3226 1397 3408 1455 solatii

1820 1498 2170 1554 occasionem
2194 1496 2500 1566 porrigant.
2529 1494 2688 1547 lllum
2710 1507 2843 1563 ergo
2871 1492 3161 1546 laudemus
3189 1491 3283 1561 qui
3320 1505 3410 1544 sa-

1818 1591 2040 1661 pienter
2073 1606 2165 1644 res
2193 1596 2412 1643 nostras
2442 1586 2738 1658 gubernat,
2787 1600 2893 1640 nec
2923 1583 3238 1638 immodicis
3267 1580 3413 1637 ﬁcti-

1822 1681 1929 1736 bus
1959 1680 2264 1735 irritemus.
2300 1677 2658 1739 Novitenim,
2709 1683 2772 1730 ut
2826 1675 3066 1746 sapiens.
3096 1672 3231 1745 quid
3272 1673 3409 1727 utile

128 1798 199 1852 τὰ
212 1768 525 1867 ’καθ”ήμᾶς
546 1768 936 1863 κυϐερνῶντα,
967 1788 1062 1842 καὶ
1104 1787 1181 1859 μὴ
1222 1783 1621 1855 παροξύνωμεν
1654 1783 1720 1852 τῇ

1833 1774 1918 1840 sit,
1954 1783 2119 1844 atque
2143 1773 2199 1827 id
2227 1772 2408 1842 ipsum
2439 1770 2623 1836 nobis,
2655 1778 2716 1825 ut
2749 1768 2950 1834 bonus,
2980 1773 3268 1838 procurat.

126 1889 239 1943 τῶν
279 1886 536 1960 ὀδυρμῶν
566 1883 828 1956 ἀμετρία.
856 1876 977 1953 Οἵδε
1016 1879 1145 1950 γὰρ,
1182 1878 1258 1943 ὡς
1287 1877 1471 1946 σοφὸς,
1492 1876 1554 1928 τὸ
1591 1891 1724 1944 συμ·

133 1979 328 2051 φέρον,
365 1978 463 2033 καὶ
496 1977 572 2039 ὡς
602 1973 808 2044 ἀγαθὸς
827 1971 984 2026 τοῦτο
1010 1972 1142 2043 ήμϊν
1171 1969 1648 2043 πραγματεύεται.

451 2092 565 2146 ιε’.
593 2115 655 2127 --
679 2086 974 2151 Βασιλείῳ
1003 2083 1402 2155 πρεσϐυτέρῳ.

200 2204 460 2260 Τοιοῦτον
489 2205 625 2274 ἡμῖν
668 2202 871 2267 ἔδειξεν
910 2203 943 2272 ή
982 2202 1150 2271 πεῖρα
1176 2199 1267 2253 τὸν
1292 2195 1726 2267 ἐλλογιμώτατον

142 2296 466 2354 Ἀθανάσιον
512 2294 607 2349 τὸν
650 2296 876 2365 ῥήτορα,
916 2294 1098 2347 ὁποῖον
1136 2290 1304 2362 ἔφησε
1339 2289 1436 2359 τῆς
1478 2287 1575 2357 σῆς
1610 2285 1728 2339 θεο-

133 2387 356 2450 σεϐείας
396 2385 468 2439 τὰ
506 2384 834 2456 γράμματα.
891 2386 1106 2453 Κοσμεί
1137 2383 1247 2454 γὰρ
1281 2378 1447 2435 αὑτοῦ
1493 2379 1593 2448 τὴν
1624 2377 1728 2447 μὲν

128 2480 383 2549 γλῶτταν
433 2479 465 2533 6
516 2478 694 2548 λόγος,
736 2480 827 2532 τὸν
866 2477 923 2530 δὲ
968 2476 1128 2545 λόγον
1176 2476 1205 2528 ό
1243 2475 1480 2547 τρόποςο
1506 2472 1644 2544 ὁμοῦ
1671 2471 1729 2524 δὲ

133 2572 319 2627 πάντα
358 2569 669 2640 λαμπρύνει
710 2567 773 2621 τὸ
811 2567 915 2636 τῆς
949 2567 1189 2626 πίστεως
1214 2560 1425 2635 χρῆμα.
1475 2562 1591 2615 Ἀεὶ
1614 2563 1727 2615 τοί-

134 2678 235 2716 νυν
283 2662 418 2732 ἡμῖν
462 2659 690 2713 τοιαῦτα
740 2655 1015 2724 προξὲνει,
1063 2654 1470 2723 θεοφιλέστατε.
1520 2653 1729 2723 Πολλῆς

132 2754 272 2825 γὰρ,
317 2748 377 2806 εὖ
421 2751 551 2815 ἴσθι,
594 2750 680 2805 διά
721 2749 955 2819 ταυτησὶ
986 2747 1089 2818 τῆς
1134 2747 1423 2810 συνουσίας
1459 2745 1730 2817 θυμηδίας

133 2845 289 2916 ἡμᾶς
321 2842 649 2913 ἀνέπλησας.

450 2957 532 3008 κ’.
566 2982 632 2993 -ο-
658 2951 973 3020 Μαρτυρίφ
1009 2951 1402 3019 πρεσϐυτέρῳ.

221 3065 471 3135 Ἦγεῖται
518 3065 619 3136 μὲν
642 3066 675 3135 ή
702 3062 860 3133 φύσις
885 3061 962 3126 ὡς
986 3061 1335 3134 πρεσϐυτέρα
1357 3062 1458 3133 τῆς
1482 3060 1728 3133 γνώμης·

134 3156 272 3227 νικᾷ
304 3154 363 3209 δὲ
404 3154 506 3224 τήν
537 3153 700 3221 φύσιν
733 3154 766 3223 ή
803 3150 1028 3221 γνώμη·
1060 3149 1155 3203 καὶ
1192 3148 1388 3202 τούτου
1425 3152 1729 3220 τεκμήριον

139 3246 378 3318 ἐναργὲς
409 3248 439 3299 ό
473 3242 908 3314 ἐλλογιμώτατος
959 3240 1277 3303 Ἀθανάσιος
1313 3242 1341 3293 6
1380 3241 1583 3310 ῥήτωρ.
1621 3239 1725 3291 Αύ-

140 3335 259 3406 Χῶν
307 3335 415 3406 γὰρ
449 3334 688 3405 πατρίδα
742 3331 843 3403 τὴν
881 3332 1175 3400 Αἴγυπτον,
1216 3330 1277 3383 οὐ
1333 3329 1594 3399 μετέλαϐε
1635 3333 1733 3399 τῆς

139 3426 241 3481 τοῦ
301 3426 486 3489 ἔθνους
526 3424 889 3496 θρασύτητος,
930 3422 1065 3476 ἀλλὰ
1107 3423 1377 3493 πραότητι
1409 3424 1498 3476 τὸν
1530 3421 1734 3492 τρόπον

140 3517 435 3587 ἐκέρασεν.
473 3517 635 3569 Ἐστι
675 3514 733 3568 δὲ
762 3516 858 3568 καὶ
900 3513 1008 3567 τῶν
1050 3514 1211 3566 θείων
1247 3512 1580 3583 θερμότατος
1604 3514 1733 3583 ἐρα-

146 3610 306 3679 στής.
336 3609 437 3661 Διά
468 3624 552 3660 τοι
595 3606 756 3660 τοῦτο
800 3605 895 3659 καὶ
940 3604 1161 3667 πλείους
1198 3593 1334 3674 ἡμῖν
1375 3602 1736 3674 συνδιήγαγεν

142 3700 388 3771 ἡμέρας,
403 3697 588 3769 δνησιν
603 3696 854 3750 ἐντεῦθέν
872 3712 994 3749 τινα
1012 3694 1312 3766 δρέψασθαι
1335 3694 1734 3766 προσδοκήσας.

158 3790 310 3859 Ἐγὼ
322 3790 402 3855 δὲ,
431 3788 506 3852 ὡς
531 3784 710 3854 οἶσθα,
741 3787 1147 3856 θεοφιλέστατε,
1168 3786 1263 3839 καὶ
1287 3786 1416 3855 παρ’
1434 3787 1639 3857 ἐτέρων
1661 3786 1730 3839 τά

140 3881 378 3938 τοιαῦτα
429 3881 708 3950 συλλέγειν
750 3880 896 3933 ὀκνῶ
916 3896 928 3909 ’
970 3877 1224 3932 τοσοῦτον
1255 3878 1474 3932 ἀποδέω
1504 3876 1595 3930 τοῦ
1628 3880 1737 3941 τοῖς

142 3973 495 4044 προθυμοῦσι
546 3970 908 4042 μεταδιδόναι.
970 3971 1046 4025 Ού
1103 3970 1462 4041 σμικρολογία
1523 3968 1739 4039 μέντοις

142 4064 270 4119 ἀλλ’
320 4062 526 4134 ἀπορία
558 4061 719 4115 τοῦτο
748 4059 951 4115 κωλύει
979 4062 1177 4118 ποιεῖν.
1205 4060 1471 4124 Εὑξάσθω
1500 4060 1681 4114 τοίνυν
1706 4060 1739 4131 ἡ

139 4154 367 4226 ὁσιότης
424 4170 518 4208 σου
572 4153 672 4224 τὴν
711 4153 841 4223 περὶ
884 4152 1043 4223 ήμῶν
1079 4151 1236 4217 δόξαν
1266 4150 1648 4223 ἐμπεδωθῆναι
1672 4152 1739 4221 τῇ

140 4243 418 4316 ἀληθεία*
468 4243 558 4298 ῐνα
590 4244 665 4315 μὴ
716 4245 879 4315 μόνον
904 4242 1134 4313 λέγηται
1168 4259 1220 4295 τι
1254 4243 1383 4313 περὶ
1409 4242 1567 4313 ήμῶν
1625 4240 1735 4307 ἀξι-

139 4334 399 4401 έπαινον,
428 4333 568 4388 ἀλλά
598 4337 692 4388 καὶ
725 4335 1196 4407 μαρτυρῆταιτοτς
1216 4333 1421 4404 ἔργοις.

498 4472 629 4525 nA‘.
654 4501 723 4512 —-
739 4471 1011 4537 Εὐσεσίφ
1032 4469 1441 4541 σχολαστικῷ.

216 4585 289 4637 οι
348 4583 447 4653 μὲν
499 4583 602 4653 τὴν
654 4582 920 4654 μεγίστην
990 4584 1201 4654 ταύτην
1275 4582 1740 4654 κατασπείραντες

138 4676 368 4747 φήμην,
404 4674 665 4748 ᾠήθησαν
691 4676 864 4751 ταύτῃ
893 4677 1110 4740 πάντως
1128 4679 1371 4732 ἀνιάσειν
1405 4680 1576 4750 ἡμᾶς,
1617 4679 1746 4732 δυσ-

139 4768 387 4840 άγτιλον
431 4768 603 4841 αὐτὴν
647 4769 787 4839 ἄγαν
842 4752 1225 4841 ύπειληφότές.
1288 4771 1480 4841 Ἡμεῖς
1543 4771 1624 4836 δὲ,
1655 4770 1742 4825 διὰ

138 4862 251 4935 τὴν
278 4860 433 4917 θείαν
444 4862 633 4935 χάριν,
661 4862 757 4917 καὶ
780 4861 879 4935 τήν
903 4862 1093 4934 φήμην
1113 4861 1399 4927 ἀσπασίως
1420 4861 1742 4932 ἐδεξάμεθα,

139 4952 247 5009 καὶ
275 4954 379 5024 τὴν
418 4956 617 5025 πεῖραν
652 4954 906 5024 ἀσμένως
955 4954 1370 5026 προσμένομενζ
1414 4955 1508 5008 καὶ
1564 4954 1748 5007 πᾶνό-

140 5042 307 5098 τιοῦν
343 5042 613 5111 ἀλγεινὸν,
655 5043 797 5115 ὑπὲρ
848 5044 956 5097 τῶν
985 5043 1145 5098 θείων
1174 5044 1460 5115 δογμάτων
1489 5043 1746 5114 ἐπιφερό-

142 5150 342 5205 μενον,
381 5133 503 5188 λίαν
541 5134 672 5206 ἡμῖν
711 5137 859 5189 ἐστιν
903 5134 1241 5207 ἀξιέραστον.
1282 5136 1344 5188 Εί
1392 5136 1501 5207 γάρ
1527 5134 1745 5207 ἀληθῶς

140 5228 274 5293 ταῖς
323 5226 702 5291 Δεσποτικαῖς,
739 5226 1097 5296 ἐπαγγελίαις
1150 5228 1513 5297 πιστεύομεν,
1576 5248 1594 5277 ι
1631 5230 1745 5281 Ούκ

140 5315 284 5382 ἀξια
314 5315 387 5368 τά
419 5316 724 5387 παθήματα
747 5317 841 5371 τοῦ
875 5318 969 5370 νῦν
1003 5317 1197 5384 καιροῦ
1228 5319 1362 5387 πρὸς
1387 5317 1486 5389 τὴν
1520 5318 1746 5389 μέλλου-

143 5425 253 5462 σαν
279 5406 441 5473 δόξαν
476 5400 929 5479 ἀποκαλυφθῆναι
976 5412 1056 5474 είς
1086 5411 1256 5481 ἡμᾶς.
1300 5430 1318 5461 ι
1357 5413 1467 5464 Καὶ
1514 5410 1566 5462 τί
1606 5410 1751 5479 λέγω

142 5496 264 5553 τῶν
293 5496 669 5568 ἐλπιζομένων
695 5500 917 5569 ἀγαθῶν
941 5501 1041 5572 τὴν
1060 5500 1361 5555 ἀπόλαυσιν
1383 5518 1397 5567 ;
1426 5502 1487 5555 Ei
1506 5501 1614 5572 γὰρ
1639 5502 1749 5572 (17)

222 5656 278 5687 ”
313 5658 473 5713 Rom.
506 5674 620 5723 vm,
648 5659 733 5714 i8.

218 5816 345 5883 (ιτ)
378 5800 473 5868 καί
501 5813 651 5870 addit
680 5816 849 5888 Neap.

2212 2092 2356 2147 XIX.
2383 2113 2454 2132 -ι-
2481 2090 2679 2147 Basilio
2706 2091 3024 2161 presbytero.

1897 2205 2086 2260 Talem
2110 2202 2275 2257 nobis
2298 2199 2815 2269 eloquentissimum
2846 2190 3207 2254 Athanasium
3228 2207 3415 2254 orato-

1829 2310 1943 2351 rem
1985 2292 2330 2364 experientia
2377 2290 2727 2355 monstravit,
2776 2290 2993 2359 qualem
3036 2289 3260 2360 pietatis
3309 2300 3417 2345 tuae

1828 2387 2027 2442 litterae
2052 2385 2405 2440 nuntiarunt.
2435 2382 2607 2440 Ornat
2631 2382 2778 2436 enim
2800 2382 2920 2451 ejus
2946 2380 3189 2452 linguam
3213 2381 3413 2445 oratio,

1828 2478 2137 2533 orationem
2173 2491 2306 2531 vero
2346 2490 2532 2530 mores
2571 2491 2586 2527 :
2618 2473 2802 2528 omnia
2840 2481 3024 2527 autem
3070 2471 3234 2527 simul
3279 2471 3417 2527 ﬁdes

1828 2569 2089 2623 illustrat.
2131 2568 2323 2637 Itaque
2368 2565 2499 2620 talia
2542 2579 2761 2635 semper
2803 2563 2966 2618 nobis
3010 2578 3270 2633 procura,
3314 2563 3416 2618 Dei

1829 2660 2228 2715 amantissime.
2256 2658 2448 2727 Magna
2476 2656 2646 2722 enim,
2677 2656 2758 2711 sic
2779 2654 3003 2723 habeto,
3029 2671 3097 2711 ex
3115 2670 3414 2727 congressu

1828 2752 1937 2805 isto
1968 2750 2159 2805 laetitia
2183 2765 2285 2804 nos
2308 2747 2571 2818 implesti.

2184 2945 2304 3001 XX.
2345 2978 2414 2986 —
2442 2928 2707 3019 Martyrio
2730 2946 3053 3019 presbytero.

1901 3060 2195 3115 Antecedit
2220 3059 2467 3130 quidem,
2504 3070 2567 3115 ut
2598 3059 2805 3128 senior,
2832 3067 3033 3116 natura
3052 3061 3416 3130 voluntatem,

1834 3153 2010 3207 vincit
2036 3161 2222 3207 autem
2262 3162 2518 3208 naturam
2549 3153 2807 3208 voluntas
2840 3171 2853 3207 :
2888 3154 3048 3225 cujus
3080 3155 3161 3209 rei
3188 3156 3420 3213 evidens

1834 3253 2218 3314 argumentum
2243 3253 2329 3299 est
2349 3245 2563 3316 1082
2576 3245 3064 3315 eloquentissimus
3087 3246 3422 3304 Athanasius

1835 3344 2043 3389 orator.
2072 3336 2121 3389 ls
2142 3336 2289 3391 enim
2315 3352 2439 3391 cum
2466 3336 2697 3407 patriam
2717 3338 2887 3407 jactet
2906 3337 3219 3410 Egyptum,
3242 3342 3422 3411 gentis

1835 3425 2100 3480 ferociam
2128 3443 2239 3481 non
2266 3427 2466 3492 induit,
2497 3428 2593 3483 sed
2623 3430 3048 3515 mansuetudine
3069 3445 3254 3487 mores
3282 3442 3423 3488 tem-

1835 3518 2069 3588 peravit.
2117 3519 2214 3573 Est
2242 3533 2409 3589 porro
2440 3526 2497 3573 et
2528 3518 2842 3574 divinarum
2876 3535 3062 3576 rerum
3093 3522 3423 3578 ardentissi-

1836 3625 1963 3663 mus
1984 3619 2216 3689 amator.
2234 3608 2351 3675 Qua
2377 3609 2446 3663 de
2470 3624 2636 3665 causa
2656 3609 2776 3665 dies
2798 3612 3113 3681 complures
3134 3613 3424 3669 nobiscum

1838 3702 2124 3771 transegit,
2170 3702 2411 3771 aliquam
2443 3701 2574 3757 inde
2608 3702 2903 3759 utilitatem
2933 3716 3329 3776 percepturum
3363 3722 3423 3763 se

1840 3802 2012 3849 ratus.
2063 3794 2147 3849 Me
2183 3808 2335 3858 vero,
2375 3802 2439 3848 ut
2487 3794 2657 3858 nosti,
2687 3794 2785 3849 Dei
2815 3798 3218 3864 amantissime,
3256 3801 3423 3856 etiam

1840 3885 1910 3940 ab
1935 3883 2058 3940 aliis
2088 3886 2191 3940 ista
2210 3886 2436 3941 haurire
2464 3886 2652 3957 piget:
2690 3894 2906 3941 tantum
2925 3889 3088 3951 abest
3114 3899 3175 3945 ut
3200 3892 3426 3949 deside-

1841 3977 2097 4033 rantibus
2126 3978 2457 4059 impertiam.
2483 3977 2598 4033 Nec
2624 3980 2892 4034 tenacitas
2910 3989 3083 4046 certe,
3113 3985 3209 4037 sed
3239 3983 3423 4055 inopia

1842 4070 1949 4124 hoc
1981 4067 2163 4125 facere
2192 4078 2361 4124 vetat.
2398 4069 2580 4136 Quare
2608 4078 2732 4124 oret
2764 4070 3031 4127 sanctitas
3062 4081 3173 4139 tua,
3216 4082 3275 4128 ut
3303 4090 3426 4144 qua!
3503 4138 3515 4147 ,

1843 4160 1911 4216 de
1949 4161 2112 4216 nobis
2135 4170 2222 4216 est
2252 4162 2394 4217 fama
2416 4163 2647 4218 veritate
2674 4161 3035 4221 conﬁrmetur
3067 4183 3080 4219 :
3110 4175 3170 4220 ut
3192 4182 3302 4222 non
3334 4183 3427 4223 so-

1841 4252 1958 4306 lum
1982 4251 2208 4319 dicatur_
2224 4252 2292 4307 de
2314 4252 2476 4308 nobis
2494 4254 2703 4324 aliquid
2728 4252 3027 4323 laudabile,
3043 4258 3139 4313 sed
3166 4258 3219 4313 id
3246 4259 3426 4329 ipsum

1844 4343 2009 4398 etiam
2043 4342 2184 4398 facta
2217 4352 2516 4403 testentur.

2251 4476 2395 4531 XX].
2433 4477 2660 4531 Eusebio
2688 4476 3020 4532 scholastica.

1915 4588 2021 4656 Qui
2054 4588 2354 4643 maximum
2390 4589 2542 4644 hunc
2568 4604 2848 4645 rumorem
2880 4589 3335 4653 disseminarunt,
3363 4601 3439 4646 ee‘

1844 4695 1903 4734 se
1935 4678 2099 4735 nobis
2123 4679 2203 4734 illi
2251 4678 2478 4749 quidem
2519 4677 2805 4734 tristitiam
2850 4677 3116 4733 allaturos
3141 4686 3432 4749 putarunt,

1844 4771 2147 4843 pessimum
2170 4785 2293 4825 esse
2314 4772 2570 4825 nuntium
2607 4771 3010 4827 existimantes.
3040 4770 3151 4826 Nos
3177 4785 3436 4842 vero.per

1846 4863 2091 4918 divinam
2114 4864 2348 4934 gratiam
2370 4872 2427 4919 et
2447 4879 2723 4919 rumorem
2748 4864 2991 4919 libenter
3013 4864 3353 4934 excepimus,
3379 4871 3436 4917 et

1853 4963 2112 5011 eventum
2141 4956 2265 5010 keto
2294 4956 2481 5009 animo
2507 4964 2893 5025 exspectamus
2929 4972 2942 5006 :
2975 4964 3032 5009 et
3063 4969 3229 5024 grave
3261 4955 3438 5023 quod-

1853 5064 2071 5118 cunque
2094 5063 2197 5117 pro
2225 5047 2432 5102 divinis
2459 5047 2809 5117 dogmatibus
2840 5046 3132 5111 inferatur,
3164 5047 3325 5102 nobis
3352 5056 3433 5103 est

1853 5156 2085 5210 prorsus
2128 5140 2391 5211 Optabile.
2428 5139 2644 5194 Etenim
2694 5140 2741 5193 si
2776 5138 3078 5193 Dominicis
3108 5138 3439 5208 promissio-

1853 5234 2045 5287 nibus’
2064 5247 2257 5287 revera
2275 5231 2578 5293 credimus,
2600 5251 2616 5282 ι
2638 5232 2756 5286 Non
2777 5216 3209 5300 suntmondignae
3227 5230 3443 5299 passio-

1856 5338 1958 5378 nes
1987 5322 2149 5393 hujus
2178 5322 2443 5391 temporis
2457 5322 2526 5376 ad
2560 5322 2800 5377 futuram
2827 5323 3055 5391 gloriam
3084 5337 3207 5390 quae
3225 5321 3438 5374 revela-

1859 5411 2012 5465 bitur
2043 5412 2097 5465 in
2129 5412 2291 5466 nobis
2322 5416 2389 5492 ζθ.
2423 5431 2441 5463 ι
2476 5412 2545 5467 Ει
2576 5412 2709 5482 quid
2744 5412 2983 5467 fructum
3013 5410 3141 5465 dico
3164 5411 3436 5465 bonorum

1861 5518 1985 5572 quae
2019 5503 2350 5572 sperantur?
2380 5504 2449 5558 Et
2474 5503 2520 5559 si
2551 5503 2698 5558 enim
2728 5518 2829 5573 pro
2864 5503 3069 5573 pietate
3098 5500 3441 5557 certantibus
