4078 6320
647 328 780 392 H99

1620 312 2103 375 THEODORETI
2131 311 2469 373 EPISCOPI
2497 313 2861 374 CYRENSIS

3772 298 3917 364 Ῑξύῠ

644 442 851 497 nullum
876 433 1213 508 propositum
1232 437 1379 485 esset
1404 428 1711 499 pmmium,
1741 433 1955 495 poterat
1975 424 2091 495 ipsa
2116 439 2213 494 per

2325 428 2485 496 μηδὲν
2541 427 2678 487 ὅλως
2734 420 2899 481 ἆθλον
2942 424 3086 495 ὑπὲρ
3139 419 3419 485 εὐσεϐείας
3471 414 3916 486 ἀγωνιζομένη-ς

644 547 701 586 se
744 529 947 584 veritas
981 522 1321 579 amatoribus
1365 519 1481 574 suis
1519 516 1875 587 persuadere,
1913 524 1971 568 ut
2019 516 2075 569 in
2114 530 2208 569 su-

645 619 876 677 beundis
902 633 1003 687 pro
1040 615 1130 669 illa
1164 611 1426 683 periculis
1453 623 1719 663 summam
1748 606 1989 660 lanitium
2018 620 2127 675 pra:
2152 619 2210 659 se

642 713 867 769 ferrent.
891 707 1177 775 Testisque
1194 703 1468 757 dictorum
1491 707 1575 754 est
1592 697 1801 768 1m
1830 696 2049 750 divinus
2065 694 2211 764 Apo-

642 803 816 859 stolus
840 800 986 854 clara
1009 812 1143 852 voce
1175 794 1508 849 denuntians
1542 809 1555 844 :
1599 809 1617 840 ‹
1646 789 1781 855 Quis
1806 803 1907 842 nos
1938 785 2215 857 separabit

642 911 671 948 a
694 892 958 947 eharitate
982 886 1228 943 Christi?
1251 882 1555 944 tribulatio,
1582 895 1650 934 an
1680 876 1964 947 angustia?
1994 891 2062 929 an
2086 890 2213 945 per-

644 989 887 1052 secutiu?
929 1003 997 1041 an
1022 986 1229 1039 fames?
1263 997 1330 1037 an
1362 978 1618 1035 nuditas?
1650 993 1719 1032 an
1760 975 2107 1047 periculum?
2145 989 2213 1027 an

642 1080 896 1153 gladius?
918 1080 1060 1133 sicut
1082 1077 1346 1145 scriptum
1372 1082 1477 1135 est,
1502 1071 1632 1141 quia
1663 1070 1895 1138 Propter
1938 1078 1989 1121 te
2021 1066 2213 1120 morti-

650 1174 875 1228 ficamur
908 1168 1176 1240 quotidie,
1211 1162 1462 1220 astimati
1510 1176 1703 1235 sumus
1735 1161 1878 1214 sicut
1909 1174 2041 1223 ores
2068 1157 2214 1211 occi-

644 1264 817 1320 sionis
839 1263 904 1314 ⁸⁸.
934 1281 951 1311 ι
992 1260 1059 1314 Et
1081 1259 1285 1313 docens
1303 1270 1365 1310 se
1386 1268 1495 1308 non
1530 1252 1952 1307 retributionem
1974 1248 2214 1318 aliquam

645 1366 985 1427 exspectare,
1034 1351 1131 1408 sed
1182 1349 1404 1403 unicum
1455 1360 1641 1401 amare
1695 1344 2054 1407 Salvatorem,
2091 1355 2218 1393 mox

644 1448 929 1521 subiunxit
965 1464 977 1499 :
1020 1464 1037 1495 ι
1080 1441 1187 1497 Sed
1221 1440 1277 1495 in
1312 1439 1400 1494 his
1432 1436 1691 1492 omnibus
1732 1446 2061 1503 superamus
2092 1446 2221 1501 pro-

643 1550 767 1613 pter
787 1537 1070 1593 Christum
1095 1532 1189 1602 qui
1220 1528 1412 1584 dilexit
1442 1542 1545 1582 nos
1571 1527 1637 1580 ".
1680 1545 1697 1575 ι
1733 1524 1964 1593 Aliaque
1996 1522 2217 1593 adjecit,

645 1631 847 1703 quibus
867 1638 1110 1681 amorem
1132 1636 1293 1678 suum
1315 1619 1561 1690 apertius
1582 1624 1813 1673 testatus
1836 1624 1940 1670 est.
1974 1632 1992 1665 ι
2024 1613 2223 1669 Certus

646 1702 793 1777 enim
825 1732 969 1783 sum,
1012 1712 1212 1783 inquit,
1256 1709 1406 1780 quod
1438 1722 1620 1779 neque
1661 1718 1832 1771 mors,
1868 1719 2047 1774 neque
2086 1702 2220 1769 vita,

647 1826 825 1881 neque
842 1807 1040 1878 angeli,
1060 1818 1239 1873 neque
1254 1802 1511 1866 virtutes,
1532 1814 1711 1869 neque
1732 1796 2016 1862 instantia,
2040 1808 2220 1865 neque
2252 1788 2293 1842 Β

646 1903 851 1965 futura,
888 1911 1069 1966 neque
1110 1892 1363 1957 altitudo,
1412 1904 1592 1959 neque
1641 1888 1997 1959 profundum,
2041 1900 2221 1954 neque

646 1996 900 2044 creatura
934 1986 1042 2039 alia
1082 1982 1288 2053 poterit
1320 1996 1423 2035 nos
1448 1993 1705 2049 separare
1730 1994 1761 2032 a
1788 1978 2065 2033 charitate
2098 1975 2218 2040 Dei,

648 2094 770 2149 quae
798 2086 877 2133 est
920 2076 974 2129 in
1009 2073 1231 2129 Christo
1261 2072 1389 2127 Jesu
1423 2070 1661 2125 Domino
1702 2076 1896 2123 nostro
1920 2067 1987 2120 ³⁸,
2022 2084 2039 2117 ι
2072 2065 2220 2120 Con-

647 2170 935 2240 templare,
974 2165 1169 2225 amice.
1212 2164 1523 2234 apostolicae
1564 2160 1851 2217 charitatis
1890 2159 2165 2213 flammam
2205 2174 2218 2210 :

645 2275 813 2317 cerne
868 2256 1072 2312 amoris
1123 2253 1319 2309 facem.
1367 2253 1487 2307 Non
1532 2260 1810 2323 exspecto,
1854 2250 2056 2320 inquit,
2101 2263 2223 2318 qua:

648 2351 798 2405 illius
823 2357 973 2411 sunt,
1016 2345 1111 2401 sed
1148 2347 1327 2415 ipsum
1359 2343 1536 2397 solum
1576 2341 1853 2402 desidero,
1898 2349 1954 2394 et
1975 2354 2219 2394 amorem

647 2444 797 2499 hunc
820 2441 1160 2511 restinguere
1180 2449 1424 2506 nequeo:
1444 2434 1578 2504 quin
1599 2432 1833 2504 optarim
1859 2430 2221 2486 libentissime

648 2534 1012 2608 praesentibus
1069 2530 1379 2598 futurisque
1429 2526 1593 2581 bonis
1641 2538 1869 2589 carere,
1922 2538 1987 2577 ac
2045 2521 2219 2578 tristia

646 2627 832 2683 omnia
860 2634 916 2680 et
956 2638 1105 2678 nunc
1148 2620 1382 2693 perpeti,
1440 2629 1496 2673 et
1524 2618 1746 2691 iterum
1794 2615 1999 2680 subire,
2050 2623 2105 2668 ut
2143 2613 2225 2667 in-

646 2718 974 2778 exstinctam
1006 2715 1169 2768 liceat
1189 2712 1464 2765 flammam
1489 2710 1648 2763 istam
1680 2706 2059 2762 circumferre.
2096 2704 2223 2758 ﬂare

646 2826 779 2867 vero
802 2825 910 2864 non
937 2806 1074 2862 dixit
1095 2803 1258 2858 modo
1278 2802 1499 2857 divinus
1520 2800 1611 2855 hic
1630 2799 1733 2864 vir,
1761 2798 1855 2854 sed
1876 2798 2055 2867 reipsa
2080 2812 2223 2866 prae-

646 2902 809 2967 stitit,
839 2906 896 2954 et
926 2896 1128 2970 passim
1161 2902 1307 2949 terra
1333 2892 1580 2962 marique
1614 2898 1967 2946 monumenta
1999 2886 2223 2957 reliquit

647 3006 840 3047 eorum
877 3004 998 3059 quae
1029 3001 1224 3057 passus
1251 2992 1356 3039 est.
1379 2984 1441 3038 In
1466 2983 1615 3037 hunc
1639 2989 1802 3051 atque
1824 2982 1879 3035 in
1913 2980 2049 3034 alios
2080 2994 2222 3049 quo-

648 3098 755 3155 que
778 3083 1018 3140 intuens,
1042 3076 1401 3146 patriarchas,
1419 3073 1737 3144 prophetas,
1764 3072 2061 3142 apostolos,
2081 3087 2235 3125 mar--
2251 3114 2293 3171 ο

648 3185 817 3247 tyres,
857 3169 1194 3234 sacerdotes,
1217 3166 1458 3238 jucunda
1499 3165 1655 3219 valde
1689 3163 1932 3218 arbitror
1966 3179 2089 3233 quae
2121 3163 2221 3217 tri-

648 3264 749 3320 stia
782 3260 1187 3317 existimantur.
1213 3257 1494 3310 Erubesce
1518 3255 1690 3318 enim,
1712 3252 1908 3317 fateor,
1937 3250 2103 3306 etiam
2128 3266 2224 3306 eos

648 3356 744 3427 qui
781 3355 896 3409 haec
914 3352 1138 3406 minime
1171 3348 1501 3413 didicerant,
1523 3347 1619 3403 sed
1645 3362 1675 3401 a
1699 3346 1813 3401 sola
1837 3352 2035 3398 natura
2058 3344 2225 3399 duce-

649 3450 872 3511 bantur,
899 3444 955 3498 in
975 3442 1194 3496 virtutis
1216 3454 1435 3509 quoque
1458 3435 1858 3491 certaminibus
1876 3434 2221 3487 excelluisse.

647 3534 783 3590 Nam
845 3541 901 3587 et
948 3529 1161 3602 1085
1198 3528 1451 3583 Socrates
1499 3526 1592 3579 ille
1638 3523 1997 3593 Sophronisci
2057 3522 2223 3589 ﬁlivs,

648 3639 907 3693 cum'per
928 3620 1252 3676 calumniam
1282 3632 1409 3673 reus
1442 3625 1589 3670 esset
1612 3614 1816 3679 factus,
1843 3622 1898 3667 et
1930 3620 2241 3667 accusato-.

650 3731 773 3770 rum
810 3712 1093 3767 mendacia
1123 3708 1439 3779 spernebat,
1479 3717 1535 3761 et
1571 3707 1625 3760 in
1661 3706 1925 3776 gravibus
1965 3702 2227 3758 aerumnis

652 3806 821 3863 animi
843 3802 1298 3874 tranquillitatem
1327 3799 1652 3855 ostendebat
1678 3798 1945 3852 clamans:
1977 3816 1993 3847 ι
2015 3797 2228 3867 Anytus

651 3909 709 3957 ct
755 3898 971 3954 Melitus
1016 3896 1265 3952 occidere
1317 3893 1539 3963 quidem
1590 3907 1679 3947 me
1735 3898 1982 3961 possunt,
2026 3903 2227 3944 nocere

652 4003 837 4049 autem
872 4006 985 4046 non
1032 3995 1281 4058 possunt.
1326 4005 1343 4036 ι
1396 3986 1463 4037 Et
1497 3982 1835 4037 Paeaniensis
1871 3990 2087 4045 orator,
2131 3981 2225 4051 qui

652 4081 905 4138 oratoriae
949 4077 1194 4132 facultati
1236 4073 1487 4144 adjunxit
1533 4060 1974 4141 philosophiam,
2017 4070 2159 4124 hanc

650 4187 871 4243 quoque
897 4168 1246 4230 sententiam,
1272 4173 1328 4220 et
1347 4166 1447 4219 aevi
1470 4164 1553 4218 sui
1579 4161 1917 4225 hominibus,
1945 4168 1998 4215 et
2028 4160 2229 4214 futuris

651 4263 710 4318 in
748 4270 1039 4337 posterum
1084 4258 1283 4313 etl’atus
1330 4264 1415 4309 est
1449 4272 1461 4307 :
1520 4274 1537 4303 ι
1570 4253 1867 4308 Terminus
1906 4251 2054 4304 enim
2104 4250 2230 4305 vitae

651 4351 910 4406 omnibus
949 4348 1265 4403 hominibus
1306 4361 1455 4400 mors
1483 4353 1588 4409 est,
1632 4343 1763 4398 licet
1802 4343 1857 4396 in
1907 4341 2107 4397 cellula
2138 4356 2227 4395 se-

2313 520 2533 583 ὲδίδοτο,
2574 520 2808 590 ἧρκεσεν
2837 517 2904 569 ἂν
2938 517 3030 568 καὶ
3050 515 3191 585 αὑτὴ
3217 511 3337 568 καθ’
3369 510 3574 580 ἑαυτὴν
3605 510 3642 579 ἡ
3673 504 3915 576 ἀλήθεια

2312 614 2498 663 πεῖσαι
2548 612 2673 672 τοὺς
2738 608 2937 677 ἑαυτῆς
3000 606 3240 679 ἐραστὰς
3293 604 3391 657 σὺν
3440 597 3687 669 εὐθυμία
3761 594 3915 664 πάσῃ

2311 704 2437 765 τοὺς
2473 701 2615 771 ὑπὲρ
2635 701 2803 769 αὐτῆς
2831 698 3109 762 κινδύνους
3138 694 3509 752 ἀσπάσασθαι.
3544 692 3661 746 Καὶ
3689 690 3913 759 μάρτυς

2313 786 2421 840 τῶν
2458 784 2764 855 εἰρημένων
2795 787 2824 837 ό
2855 783 2997 846 θεῖος
3036 780 3359 843 Ἀπόστολος
3393 775 3703 851 διαρρήδην
3738 772 3908 843 βοιῖιν·

2320 897 2338 927 ε
2374 877 2471 939 Τίς
2527 878 2673 947 ἡμᾶς
2728 875 2952 946 χωρίσει
2974 873 3083 927 ἀπὸ
3110 874 3207 945 τῆς
3247 872 3469 947 ἀγάπης
3493 868 3590 922 τοῦ
3622 862 3868 937 Χριστοῦ
3894 881 3914 926 ἱ

2324 965 2533 1035 θλίψις,
2571 965 2605 1036 ἦ
2639 964 2972 1036 στενοχωρία
2994 1003 3009 1029 ,
3042 961 3075 1032 ἢ
3124 959 3398 1031 διωγμὸς,
3433 960 3469 1029 ἢ
3500 957 3693 1027 λιμὸς.
3730 955 3766 1022 ἢ
3815 970 3915 1017 τ’-ιο

2318 1057 2547 1126 μνότης,
2584 1055 2616 1122 ἥ
2650 1055 2892 1117 κίνδυνος
2913 1095 2927 1119 ,
2964 1053 2996 1124 ἢ
3024 1051 3297 1123 μάχαιρας
3330 1048 3516 1112 καθὼς
3554 1047 3874 1117 γέγραπται
3896 1082 3913 1107 ,

2314 1142 2397 1217 ότι
2423 1142 2623 1195 Ἐνεκά
2654 1158 2749 1193 σου
2787 1139 3170 1211 θανατούμεθα
3215 1140 3346 1210 ὅλην
3372 1140 3475 1209 τὴν
3505 1137 3753 1207 ἡμέραν.
3794 1134 3917 1184 ξλε-

2319 1230 2587 1300 γίσθημεν
2642 1230 2718 1293 ὡς
2775 1230 3023 1300 πρόϐατα
3084 1229 3322 1301 σφαγῆς.
3366 1250 3383 1281 ι
3433 1228 3542 1281 Καὶ
3634 1225 3915 1278 διδάσκων

2320 1320 2396 1383 ὡς
2422 1321 2521 1374 οὐκ
2572 1319 2839 1374 ἀντίδοσιν
2892 1320 3190 1390 προσμένει
3234 1317 3377 1383 τινὰ,
3426 1314 3563 1369 ἀλλά
3614 1310 3785 1384 μόνον
3818 1312 3917 1365 τοῦ

2322 1412 2623 1475 σεσωκότος
2676 1412 2798 1483 δρᾷ.
2859 1413 3139 1483 ἐπήγαγεν
3188 1408 3383 1473 εὐθύς·
3429 1427 3447 1460 ι
3497 1406 3643 1460 Ἀλλ’
3675 1406 3741 1457 ιν
3775 1406 3918 1456 πᾶσι

2319 1503 2534 1565 τούτοις
2586 1500 2972 1573 ὑπερνικῶμεν
3026 1500 3117 1554 διά
3174 1498 3267 1553 τοῦ
3324 1498 3717 1568 ἀγαπήσαντος
3764 1495 3921 1562 ἡμεῖς

2320 1592 2579 1665 Χριστοῦ.
2613 1612 2632 1646 ι
2676 1592 2786 1646 Kal
2824 1590 3213 1664 προστέθεικεν
3243 1590 3428 1661 lupa,
3480 1588 3548 1641 δι’
3606 1580 3685 1641 ὧν
3742 1583 3921 1652 βαφι-

2326 1697 2515 1751 στερον
2556 1680 2648 1735 τὸν
2695 1681 2893 1735 οἰκεῖον
2952 1680 3236 1753 ὶγύμνωσε
3292 1679 3455 1734 πόθον
3486 1696 3502 1710 ·
3538 1699 3557 1731 ι
3592 1680 3920 1748 [lammina

2321 1772 2451 1843 γὰρ,
2502 1773 2689 1841 φησὶν,
2734 1773 2815 1825 ὅτι
2843 1771 2968 1826 οὔτε
2991 1772 3245 1837 θάνατος,
3269 1771 3395 1826 οὔτε
3418 1772 3552 1842 ζωὴ,
3583 1770 3713 1825 οὔτε
3746 1772 3923 1837 ἀγγε-

2324 1860 2426 1925 λοι,
2486 1860 2612 1914 οὔτε
2659 1862 2939 1932 δυνάμεις,
2973 1859 3098 1915 οὔτε
3135 1861 3431 1927 ἰνεστῶτα,
3464 1860 3590 1913 οὔτε
3621 1860 3918 1929 μέλλοντα,

2322 1953 2446 2006 οὔτε
2506 1954 2739 2025 ὕψωμα,
2792 1953 2916 2008 οὔτε
2968 1954 3151 2025 βάθος,
3199 1953 3325 2008 οὔτε
3376 1971 3461 2017 τις
3499 1953 3681 2015 κτίσις
3746 1953 3919 2023 ἑτέρα

2321 2046 2617 2117 δυνήσεται
2649 2048 2797 2117 ἡμᾶς
2833 2046 3065 2117 χωρίσαι
3092 2046 3198 2098 ἀπὸ
3223 2046 3324 2116 τῆς
3358 2045 3579 2115 ἀγάπης
3619 2044 3716 2097 τοῦ
3748 2043 3917 2105 Θεοῦ,

2322 2139 2421 2209 τῆς
2472 2140 2528 2192 ἐν
2586 2138 2809 2210 Χριστῷ
2854 2138 3026 2209 Ἰησοῦ
3065 2137 3144 2208 τῷ
3186 2138 3379 2209 Κυρίῳ
3406 2136 3581 2209 ἡμῶν.
3618 2154 3637 2187 ι
3681 2134 3920 2206 Θεώρηο

2327 2247 2438 2295 σον,
2473 2224 2518 2284 ὦ
2547 2232 2793 2301 φιλότης,
2820 2232 2920 2302 τῆς
2948 2230 3316 2300 ἀποστολικῆς
3343 2230 3563 2300 ἀγάπης
3580 2229 3681 2298 τὴν
3700 2228 3916 2297 φλόγιν

2325 2322 2489 2393 βλέπε
2538 2320 2631 2376 τοῦ
2686 2324 2891 2393 ἔρωτος
2936 2322 3029 2375 τὸν
3090 2323 3321 2393 πυρσόν.
3395 2323 3510 2375 Οὐκ
3572 2319 3918 2392 ὀριτνῶμαι.

2325 2415 2476 2484 φησὶ,
2516 2414 2624 2466 τῶν
2658 2413 2847 2477 αὐτοῦ,
2881 2412 2996 2467 ἀλλ’
3021 2413 3184 2467 αὐτὸν
3218 2415 3380 2482 μόνον
3419 2411 3602 2465 ποθῶ.-
3643 2410 3744 2464 καὶ
3792 2411 3920 2464 τοῦ-

2322 2522 2413 2559 τον
2442 2505 2503 2559 οὐ
2543 2505 2776 2575 δύναμαι
2808 2506 3143 2559 κατασϐέσαι
3175 2505 3266 2558 τὸν
3294 2503 3502 2575 ἔρωτα*
3532 2503 3654 2556 ἀλλ’
3682 2502 3922 2573 uelan

2323 2596 2390 2650 ἂν
2444 2597 2657 2668 ἥδιστα,
2713 2598 2805 2650 καὶ
2856 2597 2965 2651 τῶν
3008 2597 3314 2665 παρόντων,
3345 2594 3568 2649 καὶτῶν
3602 2593 3923 2662 μελλόντων

2324 2688 2577 2743 ἐκπεσεῖν
2628 2688 2871 2757 ἀγαθῶν,
2927 2690 3022 2743 καὶ
3059 2691 3167 2743 πᾶν
3193 2688 3370 2742 ὁτιοῦν
3397 2687 3647 2756 ἀλγεινὸν
3685 2686 3794 2740 καὶ
3827 2687 3923 2740 νῦν

2326 2777 2537 2844 παθεῖν,
2576 2779 2669 2831 καὶ
2700 2773 2858 2842 αὖθις
2886 2779 3198 2848 ὑπομεῖναι,
3223 2779 3365 2832 ὥστε
3400 2777 3605 2852 ταύτην
3641 2776 3924 2831 ἄσϐεστον

2325 2871 2643 2941 περιφέρειν
2687 2871 2789 2941 τὴν
2835 2871 3028 2940 φλόγα.
3078 2870 3264 2924 Ταῦτα
3313 2870 3367 2923 δὲ
3410 2872 3472 2923 οὐ
3515 2869 3681 2940 μόνον
3734 2866 3922 2926 εἶπεν.

2324 2961 2461 3014 ἀλλά
2494 2962 2588 3014 καὶ
2609 2962 2864 3032 δέδρακεν
2901 2963 2929 3014 ὁ
2955 2962 3095 3020 θεῖος
3123 2956 3274 3025 οὗτος
3306 2961 3466 3032 ἀνὴρ,
3502 2960 3599 3015 καὶ
3628 2962 3927 3031 πανταχοῦ

2326 3050 2431 3119 γῆς
2487 3052 2581 3103 καὶ
2621 3050 2887 3122 θαλάττης
2926 3053 3166 3121 μνημεῖα
3198 3050 3307 3104 τῶν
3331 3052 3477 3119 παθη
3487 3050 3673 3119 μάτων
3695 3050 3929 3104 κατέλι-

2327 3163 2447 3200 πεν.
2481 3147 2575 3210 El;
2599 3145 2811 3212 τοῦτον,
2847 3146 2938 3199 καὶ
2973 3146 3160 3215 μέντοι
3189 3144 3281 3198 καὶ
3314 3147 3395 3208 είς
3419 3145 3546 3207 τοὺς
3573 3142 3783 3206 ἄλλους
3814 3146 3928 3215 άφο

2325 3238 2487 3309 ορῶν,
2516 3240 2881 3309 πατριάρχας,
2910 3238 3215 3308 προφήτας,
3237 3235 3585 3299 ἀποστόλους,
3623 3236 3953 3308 μάρτυρας,

2330 3329 2528 3399 ἱερέας,
2591 3330 2812 3400 θυμήρη
2861 3329 2983 3382 λίαν
3025 3326 3273 3399 ἡγοῦμαι
3320 3328 3390 3380 τά
3411 3326 3753 3398 νομζόμενα.
3794 3345 3929 3381 σκυ-

2328 3420 2545 3490 θρωπά.
2596 3420 2934 3490 Αἰσχύνομαι
2982 3420 3112 3489 γὰρ,
3140 3418 3406 3490 ὁμολογῶ,
3436 3419 3533 3472 καὶ
3574 3420 3702 3482 τοὺς
3738 3420 3931 3473 tuin

2332 3509 2429 3578 μὲν
2444 3509 2646 3579 ἣκιστα
2685 3509 3087 3580 μεμαθηκότας,
3107 3509 3211 3561 ὑπὸ
3231 3510 3289 3563 δὲ
3314 3512 3481 3581 μόνης
3504 3493 3931 3580 ποδηγηθέντας

2328 3600 2425 3669 τῆς
2478 3603 2715 3671 φύσεως,
2768 3601 2862 3654 καὶ
2891 3602 2949 3653 ἐν
2976 3603 3089 3663 τοῖς
3120 3601 3297 3669 ἀγῶσι
3328 3602 3656 3671 τῆς-ἀρετῆς
3680 3602 3931 3672 διαπρέ-

2326 3693 2557 3763 ψαντας.
2602 3694 2712 3745 Καὶ
2763 3691 2870 3763 γὰρ
2898 3691 3198 3763 Σωκράτης
3222 3692 3429 3756 ἐκεῖνος
3452 3695 3479 3745 ό
3503 3694 3931 3763 Σωφρονίσκου,

2326 3786 2425 3855 τὴν
2452 3786 2549 3855 τῆς
2578 3786 2943 3854 συκοφαντίας
2974 3786 3274 3856 ὑπομείνας
3293 3785 3531 3856 γραφὴν,
3557 3786 3652 3838 καὶ
3676 3786 3789 3855 τῆς
3814 3788 3932 3839 τῶν

2329 3880 2652 3949 κατηγόρων
2698 3878 3022 3949 κατεφρόνει
3047 3863 3424 3949 ψευδολογίας,
3456 3878 3549 3931 καὶ
3579 3877 3681 3947 τὴν
3714 3879 3784 3930 ἰν
3809 3880 3932 3942 τοῖς

2328 3975 2517 4035 δεινοῖς
2556 3972 2821 4045 εὐψυχίαν
2871 3975 3109 4027 ἐδείκνυε
3163 3973 3335 4044 βοῶν’
3397 3992 3416 4025 ι
3454 3974 3680 4036 ’Ἄνυτος
3721 3973 3790 4026 δὲ
3831 3976 3933 4029 καὶ

2329 4064 2562 4129 Μέλιτος
2606 4065 2923 4119 ἀποκτεῖναι
2979 4066 3077 4136 μὲν
3115 4066 3368 4120 δύνανταί
3403 4082 3489 4135 με,
3526 4055 3725 4133 βλὰξκαι
3763 4066 3833 4119 δὲ
3865 4068 3931 4120 οὐ

2328 4156 2605 4210 δύνανται.
2639 4175 2657 4208 ι
2714 4157 2827 4210 Kal
2850 4159 2879 4211 ὁ
2908 4158 3198 4221 Παιανιεὺς
3224 4158 3282 4211 δὲ
3313 4158 3520 4230 ῥήτωρ,
3544 4160 3609 4227 τῇ
3641 4159 3929 4228 ῥητορικῇ

2330 4245 2592 4316 δεινότητι
2619 4246 2939 4315 φιλοσοφίαν
2956 4247 3247 4317 ἀναμίξας,
3270 4247 3364 4300 xal
3385 4247 3541 4318 τήνδε
3561 4247 3659 4313 τὴν
3683 4246 3931 4317 γνώμην

2332 4336 2426 4389 καὶ
2463 4339 2574 4400 τοῖς
2618 4336 2875 4409 τηνικάδε
2929 4337 3258 4409 ἀνθρώποις,
3300 4338 3395 4391 καὶ
3432 4340 3541 4401 τοῖς
3574 4339 3658 4400 εἰς
3683 4337 3929 4410 ὕστερον

652 4444 838 4514 ipsum
881 4440 1153 4511 quispiam
1187 4439 1437 4492 clausum
1486 4434 1782 4490 custodiat.
1816 4433 2047 4503 Oportet
2096 4447 2226 4503 ergo

2334 4427 2615 4494 ἐσομένοις
2683 4428 3096 4499 προσήνεγκεν
3152 4447 3170 4480 ι
3206 4418 3388 4499 Πέρας
3442 4429 3542 4498 μὲν
3594 4429 3704 4498 γάρ
3768 4431 3930 4481 ἐστιν

656 4533 827 4589 bonos
850 4532 999 4589 viros
1022 4530 1163 4585 bona
1192 4529 1376 4584 omnia
1400 4542 1620 4597 semper
1642 4542 1825 4596 agere,
1852 4526 2049 4578 bonam
2076 4539 2229 4593 spem

653 4623 987 4695 propositam
1010 4621 1297 4684 habentes,
1316 4634 1437 4689 qua:
1458 4628 1640 4672 autem
1665 4616 1881 4671 dederit
1900 4616 2046 4669 Deus
2070 4614 2231 4669 forti-

655 4723 737 4769 ter
794 4715 1086 4769 sustinere.
1122 4731 1140 4762 ι
1184 4710 1292 4766 Sed
1324 4719 1381 4765 et
1426 4709 1531 4764 isto
1586 4707 1869 4776 antiquior
1909 4705 2225 4769 historicus,

651 4802 803 4860 Olori
852 4802 1018 4856 tilium
1055 4801 1199 4866 dico,
1239 4816 1363 4856 eum
1402 4800 1537 4854 alias
1576 4798 1779 4852 multas
1825 4795 1987 4850 laude
2037 4796 2230 4865 dignas

652 4895 954 4951 sententias
980 4893 1187 4948 litteris
1214 4892 1507 4955 mandarit,
1556 4899 1671 4945 tum
1721 4889 1862 4943 hanc
1898 4889 2041 4942 inter
2065 4895 2228 4942 caete-

651 5000 744 5040 ras
772 5001 785 5039 :
824 5003 842 5035 ι
870 4984 1115 5038 Ferenda
1141 4993 1268 5038 sunt
1288 4998 1407 5051 qua:
1434 4998 1463 5036 a
1491 4979 1871 5036 diisaecidunt
1892 4978 2227 5041 necessario,

651 5089 776 5147 quae
801 5072 872 5129 ab‘
900 5072 1140 5128 inimicis
1176 5072 1412 5128 fortiter.
1443 5092 1460 5121 ι
1492 5071 1634 5137 Quid
1658 5080 1838 5124 autem
1874 5070 2231 5139 philosophos

650 5180 1044 5231 commemoro,
1087 5170 1143 5218 et
1186 5163 1509 5224 historicos,
1560 5170 1616 5215 et
1663 5161 1950 5215 oratores?
1990 5160 2071 5213 llli
2129 5158 2229 5228 ipsi

650 5257 742 5327 qui
804 5255 1191 5328 mythologiam
1246 5254 1483 5309 veritate
1547 5252 1819 5323 potiorem
1888 5252 2227 5313 habuerunt,

655 5344 853 5399 multas
884 5344 1149 5398 fabulosis
1180 5342 1591 5399 narrationibus
1622 5342 1784 5396 utiles
1814 5340 2233 5395 adhortationes

652 5433 1068 5487 atlmiscuerunt
1099 5447 1111 5483 :
1150 5430 1426 5499 quomodo
1466 5438 1521 5484 et
1556 5428 1828 5483 Homerus
1865 5428 1918 5481 in
1956 5428 2229 5493 carmini-

653 5520 757 5579 bus
790 5522 904 5577 suis
919 5521 1231 5580 Graecorum
1252 5519 1717 5590 sapientissimum
1744 5519 1957 5574 inducit
1986 5520 2230 5590 seipsum

725 5722 768 5754 ³⁸
797 5722 954 5779 Rom.
990 5737 1101 5789 vm,
1128 5723 1214 5791 '55,
1257 5725 1345 5779 56.
1428 5725 1485 5757 ³¹“
1501 5722 1639 5780 ibid.
1667 5720 1760 5778 57.
1835 5721 1879 5754 ³¹
1901 5720 2039 5781 ibid.
2073 5719 2163 5788 38,
2203 5718 2290 5775 59.

2329 4517 2535 4571 ἅπασιν
2558 4518 2867 4589 ἀνθρώποις
2890 4519 2983 4571 τοῦ
3005 4519 3121 4590 βίου
3144 4520 3173 4572 ὁ
3195 4520 3443 4582 θάνατος.
3473 4518 3577 4573 κᾶν
3597 4521 3657 4571 ἐν
3679 4522 3931 4591 οἰκίσκῳ

2330 4626 2412 4671 τις
2458 4610 2621 4662 αὑτὸν
2668 4608 2962 4681 καθείρξας
2993 4613 3156 4682 τηρῇ.
3209 4611 3301 4663 Δεῖ
3342 4610 3441 4681 μὲν
3469 4612 3579 4681 γὰρ
3610 4610 3741 4673 τοὺς
3773 4612 3931 4679 ἀγα·

2332 4699 2458 4762 θοὺς
2491 4700 2691 4769 ἄνδρας
2744 4698 3014 4771 ἐγχειρεῖν
3062 4700 3161 4769 μὲν
3208 4699 3409 4753 ἀπασιν
3440 4699 3527 4752 ἀεὶ
3562 4701 3676 4761 τοῖς
3700 4699 3927 4764 καὶ-οἶς,

2330 4792 2429 4862 τὴν
2479 4791 2687 4861 ἀγαθὴν
2731 4790 3199 4862 προϐαλλομένους
3231 4790 3446 4853 ἐλπίδα,
3484 4790 3671 4860 φέρειν
3698 4790 3747 4842 δ’
3786 4790 3830 4845 ἃ.
3864 4794 3933 4846 ἂν

2330 4883 2358 4933 ό
2416 4881 2547 4943 Θεὸς
2603 4880 2731 4950 διδῷ
2777 4880 3059 4950 γενναίως.
3097 4900 3115 4931 ι
3175 4881 3284 4935 Kal
3335 4881 3516 4946 μέντοι
3545 4880 3641 4933 xal
3671 4881 3929 4935 ότούτου

2332 4966 2699 5041 πρεσϐύτερος
2728 4970 3099 5040 συγγραφεὺς,
3127 4969 3219 5021 τὸν
3262 4967 3477 5037 Ὀλόρου
3501 4967 3667 5032 λέγω,
3712 4966 3931 5031 πολλὰ-ς

2335 5061 2433 5131 μὲν
2473 5062 2565 5113 καὶ
2607 5060 2773 5122 ἄλλας
2806 5059 3154 5123 ἁξιεπαίνους
3192 5057 3395 5129 ἔγραψε
3422 5056 3677 5125 γνώμας⁵
3705 5056 3930 5126 ἔγραψε

2330 5152 2387 5204 δὲ
2429 5152 2523 5203 καὶ
2568 5150 2755 5219 τήνδε·
2805 5168 2823 5201 ι
2857 5148 3044 5217 Φέρειν
3076 5148 3133 5201 δὲ
3159 5148 3357 5219 χρὴτά
3377 5164 3434 5199 τε
3461 5146 3716 5216 δαιμόνια
3748 5159 3932 5215 avar-

2332 5242 2523 5307 καίως,
2582 5242 2652 5295 τά
2702 5257 2761 5293 τε
2803 5240 2910 5294 ἀπὸ
2940 5240 3046 5293 τῶν
3075 5240 3329 5309 πολέμων
3359 5238 3643 5309 ἀνδρείως.
3678 5256 3697 5288 1
3728 5238 3857 5292 K3:
3880 5243 3930 5291 τξ

2332 5332 2478 5399 λέγω
2533 5330 2875 5400 φιλοσόφους,
2922 5329 3019 5382 xal
3076 5326 3447 5397 συγγραφέας,
3496 5325 3593 5379 καὶ
3636 5327 3929 5398 ῥήτορας;

2333 5426 2427 5478 καὶ
2453 5422 2561 5492 γὰρ
2593 5423 2643 5473 oi
2674 5424 2774 5491 τὴν
2805 5420 3129 5491 μυθολογίαν
3168 5421 3265 5489 τῆς
3291 5417 3546 5487 ἀληθείας
3578 5434 3929 5489 προτετιμη-

2333 5516 2510 5579 κότες,
2550 5511 2751 5576 πολλὰς
2810 5512 2928 5574 ταῖς
2987 5504 3330 5582 μυθολογίαις
3367 5507 3728 5579 ὀνησιφόρως
3784 5528 3934 5581 περ-
