4336 6326
207 442 340 508 1201
1566 445 1919 506 EPISTOLA

1752 445 1928 506 [οιΑ
1976 446 2149 505 ΧΧῙ..
3329 439 3464 502 1202

194 555 434 618 αινέσιις
461 551 752 624 ἀνέμιξαν·
784 554 974 625 ὥσπερ
1016 555 1209 627 ἀμέλει
1259 557 1355 612 καὶ
1395 558 1644 638 Ὅμηρος
1677 547 1782 615 tsi"-
1812 563 1858 620 Α
1886 573 1906 611 2

1755 547 1782 596 "-
1812 563 1858 620 Α
1886 557 2030 626 apud
2057 558 2182 611 illos
2204 556 2283 611 ad'
2297 557 2663 613 constantiam
2694 555 3026 610 excitantem
3051 553 3140 608 his
3169 551 3354 607 verbis
3375 550 3418 579 ³³
3452 566 3466 602 :

195 658 357 768 δαξεν
405 662 464 713 ιν
517 662 628 724 τοτς
673 660 873 731 λόγοις,
909 662 1003 716 τὸν
1025 663 1132 716 τῶν
1176 663 1442 736 Ἐλλήνων
1473 665 1782 733 σοφώτατον
1823 665 2013 718 ἑαυτὸν
2043 667 2101 717 ὲν
2125 666 2356 731 ἐκείνοις
2423 667 2560 737 πρὸς
2623 665 2874 735 ἀνδρείαν
2920 663 3202 732 ...είφοντα.
3233 659 3470 729 Λέγειδὲ

191 769 372 817 ουτως
389 771 402 782 ·

199 865 431 942 ζζῆθος
550 869 809 942 πλήξας,
835 872 1087 941 κραδίην
1105 875 1372 942 ἠνίπαπε
1388 874 1558 941 μύθῳ
1575 887 1590 901 ’
1891 873 1911 926 Ι

1891 873 2078 926 Pectus
2110 872 2427 942 percutiens,
2456 879 2696 924 minatum
2727 869 2795 923 ad
2829 886 2917 922 cor
2944 866 3140 942 talibus
3157 865 3289 942 lin)?!
3319 883 3335 919 :

206 934 450 992 muco;
462 937 561 1007 δὴ,
836 934 933 995 κὶα
955 934 1246 1012 tur-tepor
1266 934 1419 997 ἄλλο
1434 934 1565 997 ποτ’
1581 943 1782 1009 ἔτλης.
1893 943 1918 996 ι

1562 943 1782 1009 “sane.
1893 934 2239 1012 Perfer-(cor,
2269 943 2465 1012 perfer,
2499 942 2781 1011 quondam_
2803 939 3054 1009 grauiora
3087 934 3274 990 tulisti.

203 1051 317 1104 Kal.
357 1051 492 1104 ἀλλα
534 1052 591 1106 δὲ
625 1053 838 1118 τούτοις
865 1058 1187 1128 προσόμοια,
1216 1056 1308 1108 καὶ
1337 1056 1488 1127 παρὰ
1519 1055 1782 1125 ποιητῶν,
1892 1055 1915 1109 I

1759 1076 1782 1117 η.
1892 1055 1960 1109 Ει
2012 1056 2117 1108 alia
2164 1055 2388 1124 quidem
2427 1055 2513 1107 his
2545 1052 2745 1106 similia
2791 1051 2950 1106 facile
3006 1057 3092 1104 est
3129 1048 3358 1103 cuilibet
3407 1062 3471 1101 ex

204 1144 300 1195 καὶ
347 1144 617 1214 ῥητόρων,
666 1147 759 1198 καὶ
793 1147 1097 1218 φιλοσόφων
1145 1149 1341 1220 ῥᾳδίως
1389 1148 1452 1201 ἀν
1485 1165 1566 1212 τις
1597 1147 1787 1201 συλλέ-
1897 1162 1916 1215 ι

1761 1175 1787 1185 -
1897 1146 2109 1215 poetis.
2161 1155 2217 1198 et
2258 1144 2602 1208 oratoribus,
2649 1152 2703 1197 et
2737 1141 3083 1212 philosophis
3117 1140 3415 1207 decerpere
3454 1155 3469 1189 :

205 1231 376 1294 ξειεν·
421 1232 535 1286 ἀλλ’
568 1235 699 1305 ἡμῖν
735 1235 786 1288 οἱ
815 1237 946 1290 θεῖοι
976 1238 1124 1306 λόγοι
1150 1238 1284 1309 πρὸς
1314 1241 1495 1292 πᾶσαν
1520 1238 1809 1307 ὠφέλειαν·
1897 1250 1917 1288 s

1897 1235 1991 1288 sed
2027 1235 2187 1287 nobis
2210 1234 2278 1288 ad
2314 1249 2532 1288 omnem
2572 1234 2863 1288 utilitatem
2892 1231 3077 1283 divina
3112 1229 3332 1296 eloquia
3360 1228 3474 1282 suf.
3565 1235 3568 1239 '

202 1321 487 1389 ἀρκοῦσιν.
1901 1325 2109 1381 ﬁcium.

279 1411 386 1462 Καὶ
432 1413 607 1468 ταῦτα
649 1415 705 1468 δὲ
748 1417 984 1482 τέθεικα,
1020 1417 1189 1482 δεῖξαι
1213 1418 1515 1488 βουληθεὶς,
1545 1420 1619 1482 ὼς
1652 1420 1792 1487 ἄγαν
1972 1419 1991 1472 ί

1769 1438 1792 1471 ν
1972 1419 2096 1472 liceo
2114 1432 2245 1471 vero
2279 1432 2451 1486 pauca
2482 1416 2607 1470 ideo
2637 1413 2850 1484 1085
2875 1412 3127 1482 produxi,
3149 1419 3209 1463 ut
3227 1408 3481 1463 ostende-

205 1502 436 1571 αέσχρὸν
486 1505 596 1558 τῶν
649 1508 747 1576 τῆς
801 1507 1014 1574 φύσεως
1071 1509 1328 1579 μαθητῶν
1348 1510 1646 1581 ἡττηθῆναι
1669 1513 1796 1572 τοὺς

208 1598 558 1665 πωφητικῆς
576 1598 670 1651 καὶ
713 1600 1077 1669 ἀποστολικῆς
1111 1603 1515 1671 μετεσχηκότας
1543 1602 1798 1655 διδασκα-

205 1683 353 1751 λίας,
405 1685 482 1755 τῷ
514 1689 765 1759 σωτηρίῳ
822 1690 983 1743 πάθει
1014 1693 1466 1756 πεπιστευκότας,
1499 1694 1593 1746 καὶ
1624 1709 1797 1762 προσ·

210 1773 476 1842 μένοντας
504 1780 781 1847 σωμάτων
831 1780 1154 1844 ἀνάστασιν,
1186 1784 1279 1835 καὶ
1306 1784 1513 1854 φθορᾶς
1547 1784 1794 1838 ἀπαλλα-

1897 1523 2014 1560 rem
2041 1517 2198 1575 turpe
2222 1503 2518 1558 admodum
2557 1516 2701 1568 esse,
2742 1518 2772 1555 a
2797 1508 3007 1555 natura:
3027 1498 3312 1567 discipulis
3336 1497 3480 1550 vinci

1895 1612 2012 1662 eos,
2047 1597 2139 1666 qui
2176 1594 2515 1666 prOphetica:
2553 1602 2610 1647 et
2653 1591 2964 1660 apostolicae
2993 1588 3262 1643 doctrinae
3307 1586 3482 1656 parti-

1898 1689 2050 1760 cipes
2093 1688 2342 1752 fuerunt,
2386 1686 2482 1756 qui
2526 1685 2825 1759 salutarem
2867 1682 3182 1752 passionem
3229 1677 3485 1732 credide-

1899 1791 2049 1845 ruut,
2095 1793 2501 1850 corporumque
2544 1776 3012 1831 resurrectionem
3055 1780 3396 1841 exspectant,
3430 1779 3487 1824 et

208 1865 339 1934 γῆν,
363 1868 456 1920 καὶ
478 1871 740 1939 χορηγίαν
760 1870 1084 1939 ἀθανασίας,
1104 1877 1200 1928 καὶ
1224 1875 1470 1946 οὐρανῶν
1495 1877 1795 1947 βασιλείαν.
1835 1879 1876 1932 Β
1901 1889 1920 1928 (

1772 1894 1795 1932 ι.
1835 1879 1876 1932 Β
1901 1870 2702 1941 corruptionisdepulsionem,
2727 1875 2782 1922 et
2803 1864 3235 1920 immortalitatis
3255 1863 3484 1922 donum,

212 1957 330 2009 Kal.
379 1960 504 2021 τοὺς
555 1959 902 2029 ἀθυμοῦντας
927 1963 1107 2016 τοίνυν
1136 1965 1231 2016 ἐπὶ
1254 1967 1366 2028 τοῖς
1397 1964 1795 2035 θρυλληθετσιν,

211 2044 262 2101 ὦ
297 2049 421 2120 φίλη
450 2052 680 2124 κεφαλὴ,
710 2053 1134 2125 ψυχαγώγησον,
1162 2056 1256 2110 καὶ
1283 2058 1409 2120 τοὺς
1436 2057 1800 2127 ἐφηδομένους

213 2139 377 2209 εἴπερ
403 2158 486 2204 τις
512 2143 617 2214 ἀρα
648 2144 784 2207 ἐστὶ,
819 2143 1029 2207 δίδαξον
1055 2145 1129 2209 ῶς
1155 2146 1491 2216 γεγήθαμεν,
1531 2148 1624 2200 κατ
1669 2164 1802 2216 γαν-

213 2231 452 2300 νύμεθα,
505 2235 594 2286 καὶ
640 2236 958 2306 χορεύομεν,
994 2239 1089 2290 καὶ
1122 2239 1196 2301 ὡς
1224 2238 1394 2308 αὐτὴν
1429 2238 1535 2291 τῶν
1558 2239 1804 2310 οὐρανῶν

216 2323 320 2391 τὴν
376 2321 670 2391 βασιλείαν,
710 2325 808 2395 τὴν
863 2325 1228 2397 νομιζομένην
1277 2325 1683 2398 προσδεχόμεθα
1725 2343 1805 2379 τι-

1901 1973 1962 2020 et
1991 1977 2223 2034 regnum
2268 1960 2557 2017 caelorum.
2605 1957 2877 2024 Quocirca
2912 1972 3008 2011 eos
3045 1955 3140 2024 qui
3187 1953 3362 2022 sparsi
3397 1967 3490 2004 ru-

1903 2056 2074 2109 moris
2104 2069 2268 2108 causa
2300 2062 2431 2108 sunt
2463 2052 2520 2106 in
2553 2065 2814 2115 maerore,
2855 2048 3037 2114 stude,
3058 2047 3255 2108 amice,
3289 2059 3489 2098 conso-

1905 2147 2008 2200 lari
2039 2165 2050 2198 :
2079 2145 2383 2215 gaudentes
2406 2152 2614 2207 autem,
2652 2143 2696 2196 si
2725 2141 2817 2210 qui
2843 2149 2991 2205 sunt,
3028 2121 3164 2196 doce
3198 2152 3299 2191 nos
3318 2135 3490 2191 laetari

1905 2247 1963 2294 et
1985 2239 2284 2302 exsultare,
2317 2235 2651 2306 tripudiare,
2676 2250 2740 2288 ac
2765 2241 3022 2302 tanquam
3060 2232 3238 2301 ipsum
3261 2243 3493 2300 regnum

1908 2331 2197 2394 caelorum,
2241 2328 2388 2384 istud
2420 2327 2571 2400 quod
2630 2324 2970 2398 supplicium
2998 2331 3212 2395 putant,
3263 2328 3494 2391 praesto-

221 2413 462 2483 μωρίαν.
1908 2423 2035 2478 lari.

298 2505 414 2557 Ἵνα
433 2505 486 2558 δὲ
509 2506 604 2557 καὶ
631 2506 870 2579 διδάξῃς,
909 2506 1352 2577 θαυμασιώτατε,
1382 2509 1510 2572 τοὺς
1534 2509 1765 2576 ἀγνοοῦν
1781 2536 1798 2548 ο
1978 2516 2010 2572 C

1785 2536 1798 2548 ·
1978 2516 2274 2581 Caeterum,
2303 2521 2365 2569 ut
2398 2513 2846 2570 certioreseliam
2879 2511 3005 2567 illos
3029 2509 3215 2573 facias,
3240 2506 3325 2560 vir
3359 2519 3497 2576 pra:-

219 2595 501 2697 fc’zgnonw;
552 2596 854 2666 φρονοῦμεν
879 2639 892 2661 ,
931 2597 1038 2649 ίσθι
1073 2598 1353 2650 πιστεύειν
1391 2599 1560 2669 ἡμᾶς,
1600 2598 1675 2661 ὡς
1705 2599 1809 2651 ὲδι-
1912 2623 1931 2662 ε

1786 2629 1809 2638 -
1912 2607 2268 2671 stantissime,
2305 2606 2400 2676 qui
2424 2605 2680 2659 nesciunt
2708 2603 2840 2674 quid
2870 2602 3195 2666 sentiamus,
3227 2599 3365 2652 scito
3395 2610 3498 2649 nos

219 2684 521 2785 δάχθημεν,
540 2688 618 2748 είς
641 2685 729 2739 τὸν
747 2687 989 2756 Πατέρα,
1029 2690 1121 2740 καὶ
1150 2686 1240 2741 τὸν
1266 2688 1415 2754 Υίὸν,
1445 2691 1538 2741 καὶ
1565 2689 1625 2742 τὸ
1649 2689 1808 2757 ἅγιον
1911 2714 1931 2752 (

1783 2707 1808 2742 ν
1911 2697 2163 2764 credere,
2199 2698 2344 2752 sicut
2370 2697 2555 2751 edocti
2579 2710 2794 2759 sumus,
2831 2694 2886 2746 in
2914 2693 3156 2754 Patrem,
3185 2698 3240 2743 et
3272 2687 3495 2750 Filium,

223 2775 472 2875 Πνεῦμα.
518 2778 592 2829 Οὐ
644 2775 751 2847 γὰρ
785 2778 865 2840 είς
907 2777 1000 2851 δύο
1043 2779 1218 2840 υἱοὺς,
1262 2778 1336 2841 ὥς
1375 2796 1519 2842 τινες
1551 2798 1812 2851 συκοφαν-
1914 2807 1935 2845 ε

1789 2800 1812 2824 ι
1914 2801 1970 2845 et
1996 2790 2263 2859 Spiritum
2284 2797 2564 2844 sanctum.
2581 2786 2700 2842 Non
2723 2786 2870 2840 enim
2903 2784 2956 2837 in
2981 2783 3120 2836 duos
3144 2781 3332 2844 Filios,
3358 2779 3501 2832 sicut

221 2865 429 2924 τοῦσιν,
477 2865 511 2936 ἢ
560 2865 1036 2937 ἑμαθητεύθημεν,
1086 2868 1120 2935 ἦ
1170 2866 1673 2940 ὲ6απτίσθημεν,ἦ
1725 2888 1812 2923 πιν
1914 2900 1933 2939 ε

1788 2901 1812 2911 ν
1914 2883 2139 2954 quidam
2176 2881 2604 2944 calumniantur,
2637 2879 2722 2933 vel
2761 2877 3079 2940 didicimus,
3115 2873 3201 2927 vel
3237 2868 3500 2940 baptizati

226 2957 513 3026 στεύομεν,
553 2957 586 3026 ἢ
630 2957 906 3011 πιστεύειν
931 2959 1258 3028 διδάσκομεν
1283 2977 1295 2988 ·
1349 2959 1464 3012 ἀλλ’
1496 2960 1687 3031 ὥσπερ
1717 2963 1811 3014 ἕνα
1916 2991 1938 3028 ε

1787 2979 1811 3014 ι
1916 2988 2129 3038 sumus,
2170 2974 2255 3026 vel
2306 2970 2607 3032 credimus,
2655 2969 2740 3022 vel
2787 2966 3018 3020 credere
3054 2963 3319 3017 docemus
3357 2977 3368 3011 :
3405 2956 3499 3011 sed

225 3048 389 3116 ῑσμεν
421 3047 658 3117 Πατέρα,
694 3050 788 3100 καὶ
813 3046 872 3100 ἓν
895 3047 1047 3116 ἅγιον
1082 3048 1326 3117 Πνεῦμα,
1362 3048 1535 3113 οὓτως
1558 3049 1656 3102 ἕνα
1677 3050 1804 3102 Υἱὸν

222 3137 318 3189 τὸν
375 3137 577 3208 Κύριον
621 3137 778 3206 ἡμῶν
824 3138 1032 3207 Ἰησοῦν
1083 3139 1345 3208 Χριστὸν,
1398 3140 1490 3192 τὸν
1547 3142 1813 3212 μονογενῆ

1917 3065 2293 3118 sicutPatrem
2320 3077 2491 3115 unum
2513 3060 2789 3121 novimus,
2814 3067 2872 3112 et
2894 3071 3062 3111 unum
3087 3052 3355 3123 Spiritum
3381 3066 3504 3103 san-

1918 3163 2091 3218 ctum,
2123 3154 2203 3208 sic
2235 3167 2406 3206 unum
2435 3150 2658 3215 Filium,
2685 3151 2699 3170 ‘
2731 3147 3025 3202 Dominum
3045 3151 3296 3197 nostrum
3315 3140 3506 3194 Jesum

222 3228 323 3280 τοῦ
373 3227 506 3280 Θεοῦ
556 3229 706 3295 Υἱὸν,
754 3229 844 3282 τὸν
893 3229 1392 3301 ἐνανθρωπήσαντα
1437 3209 1572 3284 Θεὸν
1615 3209 1812 3301 Λόγονξ
1843 3209 1934 3301 Ο(

1794 3272 1810 3288 ο
1843 3209 1886 3269 C
1917 3246 2223 3309 Christum,
2256 3243 2600 3314 unigenitum
2629 3239 2728 3294 Dei
2765 3238 2990 3302 Filium,
3024 3235 3370 3288 incarnatum
3407 3229 3502 3284 Dei

225 3323 345 3374 υύκ
381 3322 692 3392 ἀρνούμεθα
739 3322 921 3392 μέντοι
956 3322 1055 3385 τὰς
1093 3322 1201 3375 τῶν
1243 3323 1460 3393 φύσεων
1502 3325 1810 3396 ἰδιότηταςο

225 3413 345 3467 ἀλλ’
369 3413 558 3485 ὥσπερ
582 3413 800 3467 ἀσεϐεῖν
820 3414 1113 3485 νομίζομεν
1135 3415 1261 3478 τοὺς
1293 3419 1373 3480 εἰς
1399 3417 1492 3470 δύο
1509 3419 1658 3480 υἱοὺς
1677 3418 1818 3471 διαιο

229 3508 461 3580 ροῦντας
495 3510 584 3563 τὸν
606 3509 715 3562 ινα
744 3510 949 3580 Κύριον
994 3511 1202 3580 Ἰησοῦν
1229 3511 1464 3581 Χριστόν
1490 3528 1503 3540 ·
1540 3512 1682 3565 οὕτω
1715 3514 1817 3579 τῆς

226 3598 489 3668 ἀληθείας
533 3598 826 3669 πολεμίους
855 3599 1241 3671 ἀποκαλοῦμεν
1278 3603 1405 3666 τοὺς
1439 3603 1690 3673 συγχέειν
1719 3604 1819 3667 τὰς

227 3689 424 3756 φύσεις
456 3689 889 3761 ἐπιχειροῦντας.
935 3692 1264 3761 ’Δσύγχυτον
1299 3693 1408 3765 γὰρ
1434 3694 1628 3748 ἕνωσιν
1657 3712 1816 3764 γεγε-

229 3781 428 3850 νῆσθαι
467 3780 814 3852 πιστεύομεν,
849 3783 939 3836 καὶ
971 3783 1128 3851 ῐσμεν
1155 3783 1280 3837 τίνά
1303 3802 1362 3837 τε
1395 3786 1497 3856 τῆς
1535 3787 1820 3857 ἀνθρωπό-

228 3887 420 3942 τητος,
460 3872 554 3925 καὶ
583 3871 703 3925 τίνα
741 3873 842 3942 τῆς
873 3873 1126 3944 θεότητος
1169 3874 1297 3928 ἴδια.
1335 3876 1603 3948 Καθάπερ
1641 3879 1752 3948 γὰρ
1793 3879 1820 3929 ὁ

231 3961 542 4032 ἅνθρωπος,
577 3963 668 4018 τὸν
711 3965 888 4018 κοινὸν
937 3965 1100 4034 λέγω,
1134 3967 1195 4018 τὸ
1237 3967 1454 4034 λογικὸν
1489 3969 1584 4020 καὶ
1627 3967 1822 4038 θνητὸν

234 4053 398 4116 ζῶον,
429 4052 541 4122 ἔχει
567 4055 665 4124 μὲν
688 4053 888 4124 ψυχὴν,
914 4055 1026 4125 ἔχει
1052 4056 1109 4109 δὲ
1141 4058 1321 4125 σῶμα,
1351 4059 1409 4109 ἓν
1440 4058 1496 4110 δὲ
1523 4058 1660 4122 ζῶον
1689 4063 1825 4113 νοεῖ-

233 4161 364 4198 ται·
407 4148 500 4198 καὶ
535 4149 569 4217 ὴ
612 4146 846 4219 διαφορὰ
894 4147 1004 4200 τῶν
1034 4148 1127 4201 δύο
1175 4152 1392 4218 φύσεων
1449 4151 1550 4204 οὐκ
1593 4153 1672 4214 εἰς
1729 4152 1823 4206 δύο

237 4236 505 4306 πρόσωπα
539 4236 752 4306 μερίζει
778 4238 869 4290 τὴν
902 4239 997 4291 ἕνα
1019 4256 1030 4266 ·
1058 4240 1116 4291 ἐν
1145 4238 1203 4292 δέ
1246 4257 1308 4306 γε
1348 4237 1434 4310 ’τῷ
1479 4241 1559 4293 ἑνὶ
1598 4245 1694 4295 καὶ
1723 4242 1824 4312 τὴν

233 4329 338 4397 τῆς
362 4328 541 4398 ψυχῆς
586 4328 746 4398 ἴσμεν
785 4329 1084 4382 ἀθανασίαν
1107 4369 1122 4393 ,
1180 4335 1275 4383 καὶ
1315 4331 1409 4384 τοῦ
1443 4330 1694 4400 σώματος
1726 4335 1825 4405 τὴν

237 4419 579 4490 θνητότητα’
628 4420 723 4472 καὶ
767 4419 1143 4490 ὁμολογοῦμεν
1185 4422 1286 4491 τὴν
1333 4421 1513 4493 ψυχὴν
1569 4424 1824 4493 ἀόρατον,

1920 3339 2184 3394 Verbum.
2220 3337 2557 3390 Naturarum
2603 3348 2733 3386 sane
2777 3329 3143 3400 proprietates
3183 3340 3292 3378 non
3335 3338 3505 3391 nega-

1920 3444 2045 3484 mus
2082 3446 2094 3481 :
2135 3427 2231 3482 sed
2266 3425 2409 3480 sicut
2435 3423 2604 3492 impie
2627 3422 2754 3474 illos
2775 3434 2939 3489 agere
2970 3423 3283 3479 censemus,
3319 3412 3412 3481 qui
3450 3410 3507 3463 in

1921 3519 2061 3573 duos
2083 3516 2250 3572 Filios
2265 3512 2527 3569 dividunt
2548 3525 2722 3564 unum
2742 3507 3037 3562 Dominum
3054 3513 3306 3559 nostrum
3323 3501 3508 3556 Jesum

1921 3609 2204 3665 Christum
2243 3623 2257 3658 :
2295 3605 2377 3659 sic
2416 3601 2669 3658 veritatis
2709 3600 2898 3654 hostes
2945 3610 3208 3651 vocamus
3242 3607 3360 3657 eos,
3411 3591 3509 3660 qui

1923 3711 2150 3756 naturas
2213 3694 2553 3752 confundere
2618 3699 2911 3746 conantur.
2959 3686 3310 3742 lnconfusam
3361 3681 3509 3738 enim

1924 3793 2184 3847 unionem
2227 3790 2427 3843 factam
2454 3785 2756 3848 credimus,
2793 3790 2844 3838 et
2882 3781 3133 3852 quaedam
3173 3779 3379 3833 scimus
3409 3775 3511 3829 hu~

1924 3877 2206 3933 manitatis
2232 3890 2356 3930 esse
2392 3873 2635 3943 propria,
2667 3871 2917 3940 quaedam
2944 3869 3270 3923 divinitatis.
3306 3865 3511 3932 Quem-

1925 3969 2222 4025 admodum
2251 3966 2400 4021 enim
2433 3965 2620 4027 homo,
2647 3966 2996 4018 communem
3020 3961 3166 4025 dico,
3197 3957 3395 4012 animal
3422 3971 3511 4010 ra-

1927 4062 2097 4116 tionis
2149 4058 2424 4128 particeps
2487 4065 2544 4110 et
2605 4054 2860 4118 mortale,
2913 4053 3153 4106 animam
3213 4049 3401 4111 habet,
3455 4057 3512 4101 et

1928 4167 2129 4221 corpus
2153 4150 2342 4213 habet,
2371 4162 2545 4202 unum
2569 4161 2702 4200 vero
2727 4143 2926 4199 animal
2952 4143 3300 4211 intelligit-ur,
3335 4139 3518 4192 diver‘

1928 4243 2173 4311 sitasque
2206 4247 2530 4294 naturarum
2557 4237 2613 4290 in
2640 4237 2780 4290 duas
2801 4251 2974 4288 unum
3003 4248 3270 4304 personas
3299 4247 3409 4285 non
3435 4230 3518 4285 di-

1929 4333 2103 4397 vidit;
2162 4332 2218 4387 in
2276 4345 2387 4385 uno
2437 4338 2645 4392 autem,
2691 4338 2747 4383 et
2794 4327 2992 4382 animas
3044 4325 3517 4380 immortalitatem

1929 4424 2314 4498 agnoscimus,,
2337 4432 2394 4478 et
2423 4422 2670 4492 corporis
2706 4419 3121 4482 mortalitatem,
3154 4415 3512 4472 confitemur.

235 4509 434 4607 ὁρατὸν
469 4508 620 4608 δὲΔτδ
659 4508 842 4580 σῶμα,
886 4510 944 4562 ἒν
983 4509 1038 4563 δὲ
1085 4510 1244 4576 ζῶον,
1285 4511 1360 4574 ὡς
1404 4512 1562 4584 ἔφην,
1609 4513 1826 4581 λογικὸν
1860 4535 1947 4608 Dr

1808 4534 1826 4567 ν
1860 4555 1902 4608 D
1930 4534 2037 4588 que
2083 4516 2298 4586 1086
2337 4517 2577 4568 animam
2607 4529 2727 4568 esse
2760 4511 3119 4574 invisibilem,
3156 4525 3358 4578 corpus
3387 4508 3520 4562 visi-

237 4596 378 4668 ὁμοῦ
414 4600 504 4650 καὶ
533 4597 725 4669 θνητόν
762 4618 774 4631 ·
813 4598 956 4652 οὕτω
985 4599 1076 4655 τὸν
1115 4601 1318 4671 Κύριον
1351 4603 1506 4672 ἡμῶν
1538 4606 1632 4657 καὶ
1669 4606 1823 4671 Θεὸν,

238 4691 334 4741 τον
352 4689 451 4741 τοῦ
477 4688 613 4741 Θεοῦ
637 4689 783 4758 λέγω
808 4690 954 4756 Υἱὸν,
1002 4691 1093 4743 τὸν
1131 4693 1410 4764 Δεσπότην
1437 4695 1693 4765 Χριστὸν,
1731 4697 1827 4749 καὶ

243 4778 388 4849 μετά
417 4780 513 4850 τὴν
538 4780 951 4851 ὲνανθρώπησιν
978 4783 1075 4835 ’ἐνα
1110 4783 1270 4851 ἴσμεν
1303 4783 1430 4836 Υἰόν
1463 4801 1472 4813 °
1519 4785 1829 4854 ἀδιαίρετος

241 4871 354 4940 γὰρ
389 4873 421 4942 ἡ
451 4873 665 4937 ἓνωσις,
718 4871 908 4942 ῶσπερ
941 4872 1005 4942 δὴ
1044 4874 1137 4927 καὶ
1178 4873 1508 4943 ἁσιὶγχυτος.
1550 4876 1738 4946 Ἴσμεν
1769 4876 1828 4929 δὲ

242 4968 396 5034 ὅμως
431 4965 525 5016 καὶ
555 4963 617 5016 τὺ
649 4966 746 5035 τῆς
778 4965 1030 5035 θεότητος
1077 4964 1334 5035 ἄναρχον,
1371 4968 1464 5019 καὶ
1510 4967 1568 5019 τὸ
1597 4968 1698 5037 τῆς
1732 4969 1827 5020 ἁν-

245 5058 594 5128 θρωπότητος
643 5058 972 5127 πρόσφατον.
1032 5057 1094 5108 'H
1129 5058 1228 5126 μὲν
1258 5058 1365 5128 γὰρ
1409 5060 1474 5111 ὲκ
1516 5060 1830 5129 σπέρματος

258 5149 511 5220 Ἀϐραὰμ
532 5149 626 5202 καὶ
650 5149 814 5201 Δασιδ
845 5149 925 5219 (ἐξ
948 5148 1124 5202 αὐτῶν
1154 5150 1309 5221 γάρή
1334 5151 1462 5215 ἀγὶα
1495 5151 1794 5222 Παρθένος)

245 5244 282 5312 ὴ
313 5241 369 5294 δὲ
419 5241 538 5292 θεία
570 5241 730 5309 φύσις
774 5242 837 5293 ὲκ
880 5241 973 5293 τοῦ
998 5241 1133 5293 Θεοῦ
1175 5243 1270 5294 καὶ
1301 5242 1514 5312 Πατρὸς
1556 5244 1661 5313 πρὸ
1701 5243 1831 5297 αἰώ-

247 5348 377 5396 νων,
418 5330 685 5400 ἀχρόνους,
733 5331 982 5398 ἀπαθῶς,
1027 5333 1288 5402 ἀτμήτως
1336 5335 1621 5404 ἐγεννήθη.
1670 5337 1731 5389 Ei
1774 5337 1830 5389 δὲ

247 5423 560 5494 ἀναιρεθείη
603 5424 806 5494 σαρκὸς
853 5427 945 5477 καὶ
987 5426 1239 5493 θεότητος
1267 5426 1328 5479 τὸ
1369 5425 1645 5499 διάφορον,
1692 5429 1832 5483 τίσιν

247 5517 432 5578 ὅπλοις
463 5517 781 5586 χρησόμεθα
805 5517 946 5570 κατὰ
985 5519 1192 5588 Ἀρείου
1219 5520 1310 5571 καὶ
1347 5520 1612 5590 Εὐνομίου
1648 5540 1832 5592 παρα-

249 5610 607 5679 ταττόμενοι;
643 5611 758 5675 πῶς
783 5612 841 5664 δὲ
870 5612 1048 5664 αὐτῶν
1080 5613 1177 5681 τὴν
1203 5612 1344 5666 κατᾶ
1375 5613 1468 5666 τοῦ
1484 5616 1835 5682 -Μονογενοῦς

253 5699 631 5770 καταλύσομεν
663 5701 1046 5774 βλασφημίανς
1079 5703 1190 5756 Νῦν
1214 5703 1320 5774 γὰρ
1349 5705 1472 5768 τοὺς
1517 5707 1613 5776 μὲν
1643 5723 1832 5759 ταπει-

327 5858 369 5889 ³³
402 5858 596 5929 Odyss.
647 5858 732 5911 HI.

1935 4611 2066 4673 bile,
2104 4623 2274 4662 unum
2308 4622 2438 4660 vero
2467 4605 2689 4671 animal,
2728 4613 2787 4656 ut
2816 4603 2951 4666 dixi,
2979 4601 3247 4655 rationale
3277 4600 3439 4654 simul
3466 4608 3524 4653 et

1937 4701 2200 4755 mortale:
2227 4700 2306 4754 sic
2339 4699 2633 4752 Dominum
2671 4705 2923 4751 nostrum
2962 4703 3019 4750 et
3047 4694 3241 4757 Deum,
3282 4693 3399 4756 Dei,
3436 4693 3514 4746 in-

1937 4808 2123 4862 quam,
2159 4791 2358 4845 Filium
2398 4789 2694 4843 Dominum
2720 4785 3031 4848 Christum,
3067 4784 3235 4839 etiam
3267 4790 3390 4852 post
3436 4782 3524 4834 in-

1938 4886 2313 4940 carnationem
2341 4899 2512 4937 unum
2543 4882 2750 4937 scimus
2769 4896 2889 4937 esse
2916 4881 3138 4934 Filium.
3165 4877 3526 4934 Indivisibilis

1936 4978 2209 5047 siquidem
2235 4983 2318 5031 est
2343 4975 2495 5036 unio,
2519 4974 2664 5027 sicut
2687 4981 2742 5025 et
2766 4969 3073 5025 inconfusa.
3101 4969 3317 5024 Scimus
3341 4970 3524 5022 tamen

1937 5081 1993 5124 et
2031 5068 2304 5138 principio
2347 5082 2539 5121 carere
2573 5064 2951 5125 Divinilatem,
2993 5069 3049 5116 et
3084 5061 3380 5115 novissime
3411 5075 3526 5113 cce-

1939 5163 2086 5231 pisse
2114 5160 2535 5213 humanitatem.
2564 5158 2690 5210 llaec
2709 5156 2856 5210 enim
2887 5171 2954 5208 ex
2979 5152 3191 5207 semine
3212 5135 3447 5205 Abrahae
3471 5159 3528 5203 et

1941 5253 2162 5306 Davidis
2206 5252 2289 5321 (ex
2333 5250 2417 5303 his
2444 5250 2648 5318 quippe
2678 5256 2866 5300 sancta
2908 5245 3120 5315 Virgo),
3166 5244 3352 5298 divina
3390 5257 3528 5295 vero

1943 5353 2136 5396 natura
2169 5357 2232 5395 ex
2267 5341 2378 5394 Deo
2408 5347 2462 5392 et
2494 5339 2673 5399 Patre,
2709 5345 2834 5389 ante
2858 5334 3076 5396 saecula,
3105 5334 3223 5386 sine
3257 5339 3526 5399 tempore,

1942 5435 2058 5488 sine
2090 5431 2363 5502 passione,
2391 5431 2509 5484 sine
2533 5428 2805 5481 division“
2825 5426 3008 5497 genita
3035 5435 3137 5479 est.
3165 5425 3319 5490 Quod
3348 5424 3391 5478 si
3419 5425 3526 5477 tol-

1946 5527 2089 5580 latur
2129 5523 2308 5577 carnis
2350 5531 2406 5575 et
2444 5519 2756 5574 Divinitatis
2806 5517 3143 5580 dill‘crentia,
3195 5516 3529 5584 quibusnam

1945 5617 2112 5671 armis
2145 5615 2412 5669 adversus
2440 5612 2635 5666 Arium
2670 5621 2722 5664 cl
2756 5607 3088 5664 Eunomium
3123 5607 3530 5678 pugnabimns?

1944 5706 2220 5775 quomodo
2252 5705 2471 5759 illorum
2509 5711 2696 5757 contra
2729 5700 3082 5771 Unigcnitum
3124 5699 3524 5768 blasphemiam

4095 287 4124 316 ι

4097 329 4114 376 Ξ⁵

4095 385 4108 418 ξ

4097 423 4112 468 ι,
