4078 6320
227 425 367 491 1905

1535 436 1899 498 EPISTULA
1932 439 2204 502 XXVIII.

3362 438 3501 506 1206

229 556 401 609 μασιν
425 541 668 614 ἐντυχὼν
704 542 807 615 τῆς
838 544 937 614 σῆς
965 543 1274 616 ἁγιότητος,
1305 545 1479 612 δεῖξαι
1515 547 1605 601 διὰ
1633 547 1806 617 λόγων

1921 550 2097 606 verbis
2124 549 2346 620 assequi
2390 563 2502 604 non
2532 563 2781 619 possum.
2826 548 2995 604 Auxit
3035 556 3221 603 autem
3255 545 3503 602 laetitiam

222 632 290 682 οὐ
320 628 583 699 δύναμαι.
622 632 839 705 Ηΰξησε
866 635 923 688 δέ
956 653 1047 708 μοι
1087 636 1185 708 τὴν
1222 636 1491 709 θυμηδίαν
1528 640 1624 693 καὶ
1668 641 1698 691 ό
1730 656 1810 693 τις

228 720 502 795 μιώτατος
550 726 648 781 καὶ
704 726 1103 793 εὐλαϐέστατος
1170 728 1418 793 διάκονος
1482 729 1809 795 Θαλάσσιος,

229 815 377 887 ἅπερ
427 817 619 889 μαθεῖν
650 817 882 873 ἐπόθουν
942 820 1367 892 διηγησάμενος.
1420 821 1486 874 Τί
1543 822 1653 893 γάρ
1694 839 1809 892 μοι,

228 904 487 970 δέσποτα,
531 908 633 976 τῆς
672 907 772 977 σῆς
804 906 1105 979 εὐκληρίας
1162 909 1603 980 ὲρασμιώτερον;
1649 911 1715 963 Τί
1757 910 1813 962 δὲ

229 994 377 1049 οὕτω
403 996 607 1067 ταύτην
630 998 874 1070 μεγάλην
906 1003 1069 1066 ποιεῖ,
1115 1001 1191 1064 ὡς
1232 1002 1344 1054 τῶν
1372 1001 1497 1055 καθ’
1531 1002 1678 1073 ἡμᾶς
1717 1018 1812 1072 με·

232 1086 419 1155 γάλων
458 1088 494 1157 ἡ
533 1086 629 1141 τοῦ
680 1091 1028 1160 φρονήματος
1078 1091 1411 1162 μετριότης;
1467 1091 1659 1164 Ἰατρῷ
1704 1091 1814 1164 γὰρ

232 1176 387 1248 σοφῷ
412 1194 473 1232 τε
497 1179 593 1232 καὶ
639 1180 919 1252 σπουδαίῳ
960 1182 1270 1253 πεποίηκας
1306 1183 1717 1255 παραπλήσιον,
1755 1183 1815 1249 ὃς

228 1268 338 1321 οὐκ
364 1267 617 1339 ἀνέμεινε
646 1269 745 1341 τὴν
773 1270 990 1342 κλῆσιν,
1033 1270 1149 1325 ἀλλ’
1188 1272 1498 1344 αὐτόματος
1528 1274 1666 1344 πρὸς
1689 1276 1816 1338 τοὺς

227 1358 522 1429 δεομένους
553 1360 854 1451 θεραπείας
900 1364 1149 1432 ἀφίκετο.
1193 1363 1365 1419 Τοῦτό
1398 1382 1468 1437 με
1514 1367 1696 1436 πάσης
1728 1368 1816 1421 ἑν-

230 1451 472 1520 ιπλησεν
499 1452 713 1525 ἡδονῆς,
738 1454 835 1510 καὶ
856 1453 937 1516 τὸ.
958 1458 1257 1525 Δακρυόεν
1284 1459 1621 1527 γελάσασα,
1642 1458 1816 1527 ἔγνων

230 1545 303 1613 τῇ
344 1544 528 1616 πείρα,
554 1546 648 1600 καὶ
679 1546 776 1600 τοῦ
812 1546 1038 1618 ποιητοῦ
1085 1549 1394 1619 κατέμαθον
1423 1551 1524 1622 τὴν
1553 1551 1814 1607 διάνοιαν.

234 1635 516 1706 Παράσχοι
553 1636 610 1690 δὲ
640 1637 751 1690 τῶν
783 1638 1003 1708 ἀγαθῶν
1033 1640 1063 1691 ὁ
1106 1640 1391 1711 φιλότιμος
1424 1642 1681 1714 χορηγὸς,
1718 1644 1815 1696 καὶ

232 1724 337 1817 την
363 1726 462 1817 σὴν
490 1727 1113 1817 Ϋδσιότηταᾷδιαπρέπειν
1152 1733 1211 1784 ὲν
1251 1731 1486 1796 τούτοις,
1534 1733 1631 1797 καὶ
1670 1734 1819 1803 ἡμᾶς

230 1813 347 1867 τῶν
406 1816 642 1885 ἀρίστων
686 1813 896 1888 ἀνδρῶν
945 1817 1144 1887 ζηλοῦν
1199 1818 1351 1889 γοῦν
1382 1820 1451 1875 τὰ
1504 1821 1813 1887 άξιέπαινα.

1914 659 2091 699 meam
2125 641 2623 697 reverendissimus
2652 656 2718 697 ac
2743 638 3200 713 religiosissimus
3235 640 3506 695 diaconus

1914 736 2256 802 Thalassius,
2283 751 2349 789 ea
2373 751 2607 790 narrans
2629 734 2753 805 qua:
2774 734 2967 790 audire
3000 734 3319 804 cupiebam.
3351 727 3498 797 Quid

1912 830 2060 889 enim
2097 828 2257 893 mihi,
2292 826 2538 893 domine,
2574 825 2838 881 felicitate
2864 835 2956 880 tua
2987 841 3110 882 esse
3144 824 3321 896 possit
3347 836 3503 877 ama-

1915 920 2120 976 bilius?
2139 919 2281 987 Quid
2310 920 2451 974 hanc
2473 934 2639 989 porro
2664 919 2739 973 ita
2768 934 3019 990 magnam
3041 917 3194 982 facit,
3222 926 3283 971 ut
3304 928 3503 970 eorum

1914 1009 2010 1081 qui
2041 1010 2187 1079 apud
2212 1024 2314 1063 nos
2345 1009 2526 1080 magni
2557 1008 2874 1078 excelsique
2904 1016 3054 1074 sunt,
3088 1006 3259 1061 animi
3293 1004 3505 1060 demis-

1916 1098 2000 1154 sio
2037 1107 2094 1153 et
2124 1099 2440 1154 modestia?
2475 1098 2754 1169 Sapientis
2792 1100 2941 1155 enim
2982 1115 3047 1155 ac
3080 1097 3261 1155 seduli
3300 1095 3506 1152 medici

1916 1188 2167 1258 exemplo
2190 1187 2391 1253 fecisti,
2424 1189 2521 1258 qui
2548 1202 2661 1242 non
2699 1187 3043 1257 exspectavit
3083 1196 3144 1241 ut
3187 1193 3504 1248 vocaretur,

1917 1280 2016 1335 sed
2042 1288 2235 1349 sponte
2262 1296 2360 1335 sua
2383 1280 2508 1335 illos
2527 1279 2665 1335 adiit
2689 1279 2785 1349 qui
2806 1278 3043 1350 egebant
3064 1277 3371 1333 curatione.
3390 1273 3510 1330 Hoc

1920 1386 2009 1427 me
2048 1387 2278 1442 prorsus
2316 1372 2602 1441 voluptate
2647 1370 2905 1440 replevit,
2942 1376 2999 1424 et
3046 1369 3181 1439 quid
3227 1366 3365 1423 illud
3413 1365 3505 1432 sit,

1921 1464 2277 1535 lacrgmosum
2316 1464 2496 1518 ridens
2524 1462 2593 1528 “,
2634 1463 2979 1533 experientia
3016 1462 3209 1528 didici,
3236 1476 3300 1515 ac
3331 1468 3511 1530 poeta

1922 1566 2161 1611 mentem
2204 1556 2447 1626 percepi.
2487 1556 2725 1611 Tribuat
2759 1555 3035 1611 bonorum
3060 1551 3359 1609 muniﬁcus
3377 1551 3510 1607 Lar-

1921 1648 2085 1719 gitor,
2112 1659 2168 1704 et
2204 1650 2486 1704 sanctitati
2531 1657 2639 1703 tute
2687 1648 2746 1702 in
2780 1647 2868 1703 his
2908 1647 3203 1713 excellere,
3246 1654 3303 1702 et
3344 1642 3513 1699 nobis

1920 1738 2168 1795 aemulari
2223 1752 2347 1807 quae
2388 1738 2443 1792 in
2493 1737 2718 1808 optimis
2754 1737 2894 1792 viris
2941 1735 3105 1791 laude
3146 1734 3313 1805 digna
3354 1737 3507 1788 sunt.

1922 1833 2147 1888 Enitere
2184 1830 2371 1901 igitur,
2400 1830 2597 1896 amice,
2623 1830 2786 1900 eique
2820 1829 2914 1900 qui
2945 1828 3079 1885 dare
3107 1833 3291 1899 potest
3322 1831 3387 1881 ut
3416 1822 3513 1881 det

241 1904 585 1975 Ἐπάρκεσον
613 1907 813 1972 τοίνυν,
847 1902 893 1962 ὧ
919 1908 1047 1980 φίλη
1092 1911 1328 1982 κεφαλὴ,
1374 1914 1468 1965 καὶ
1512 1912 1603 1965 τὸν
1635 1912 1818 1965 δοῦναι

1921 1922 2068 1995 quod
2112 1922 2351 1993 petimus
2382 1920 2676 1995 persuade.

227 1995 529 2067 δυνάμενον
566 1997 755 2051 πεῖσον
782 1998 965 2053 δοῦναι
988 2001 1088 2070 τὴν
1115 2001 1353 2071 αἴτησιν.

680 2114 810 2171 κεν.
838 2145 910 2156 -
950 2115 1363 2185 Ἐορταστική.

308 2223 501 2303 ᾝνίκα
526 2226 625 2297 μὲν
645 2229 673 2280 ό
693 2228 1004 2300 Μονογενὴς
1026 2229 1157 2294 Θεὸς
1172 2229 1583 2301 ὲνηνθρὼπησε,
1596 2230 1691 2284 καὶ
1708 2231 1817 2303 (l9)

231 2294 337 2386 civ
382 2294 658 2391 ἡμετέραν
703 2294 1199 2393 ἐπραγματεύσατο
1254 2294 1551 2393 σωτηρίαν,
1588 2294 1821 2394 ὁρῶντες

228 2410 283 2462 oi.
328 2410 582 2480 τηνικάδε
620 2412 898 2484 ἄνθρωποι
940 2415 1048 2468 τῶν
1080 2416 1413 2486 εὐεργεσιῶν
1458 2417 1555 2487 τὴν
1606 2414 1813 2487 πηγὴν,

231 2502 339 2554 οὐκ
362 2502 689 2556 ἐπετέλεσαν
722 2504 939 2576 ἑορτήν.
982 2506 1104 2559 Ἐπὶ
1135 2506 1191 2559 δὲ
1227 2507 1323 2561 τοῦ
1348 2506 1638 2578 παρόντος,
1671 2508 1823 2561 πᾶσα

230 2590 314 2660 γῆ
334 2592 428 2647 καὶ
457 2592 724 2660 θάλασσα,
758 2595 853 2649 καὶ
886 2580 1086 2661 πόλεις,
1117 2588 1213 2651 καὶ
1258 2598 1463 2669 κῶμαι,
1498 2600 1677 2653 καίτοι
1729 2600 1822 2652 τὸν

230 2681 533 2752 εὐεργέτην
561 2683 660 2752 οὐχ
689 2683 894 2757 ὁρῶσαι
922 2689 1036 2750 τοῖς
1062 2688 1343 2757 αἰσθητοῖς
1367 2688 1690 2758 ὀφθαλμοῖς,
1720 2688 1821 2760 τὴν

229 2771 346 2824 τῶν
372 2772 706 2843 εὐεργεσιῶν
743 2774 1060 2845 ἑορτάζουσι
1099 2780 1320 2849 μνήμην
1360 2793 1373 2808 ·
1410 2780 1503 2832 καὶ
1548 2779 1819 2851 τοσαύτην

228 2862 295 2914 αἱ
319 2862 653 2932 πανηγύρεις
678 2862 790 2935 (ἳο)
820 2864 1129 2934 πηγάζουσι
1155 2853 1445 2938 θυμηδίαν,
1477 2869 1553 2933 ὼς
1584 2869 1820 2924 πάντοσε

225 2953 542 3025 διατρὲχειν
563 2955 663 3026 τῆς
690 2957 1071 3027 πνευματικῆς
1107 2958 1447 3031 εὐφροσύνης
1478 2960 1549 3016 τὰ
1578 2961 1817 3033 νάματα.

228 3043 340 3098 Διὰ
367 3046 475 3115 γάρ
497 3063 579 3098 τοι
608 3046 765 3100 τοῦτο
797 3047 893 3101 καὶ
919 3049 1082 3118 ἡμεῖς
1106 3046 1204 3102 νῦν
1234 3048 1331 3121 τὴν
1370 3051 1471 3123 σὴν
1508 3051 1821 3107 θεοσέϐειαν

230 3135 755 3208 προσφθεγγόμεθα,
786 3138 880 3192 καὶ
908 3138 1007 3211 τὴν
1042 3139 1411 3212 ἐγγενομένην
1458 3145 1589 3213 ἡμῖν
1621 3146 1685 3199 ὲκ
1711 3145 1821 3198 τῶν

2382 2115 2548 2205 ΧΧΚῩ.
2579 2146 2648 2156 -
2680 2115 3037 2170 Heortastica.

1992 2228 2223 2296 Quando
2252 2229 2582 2300 Unigenitus
2625 2229 2773 2303 Deus
2809 2229 3131 2284 incarnatus
3178 2234 3286 2293 est,
3326 2231 3386 2282 et
3418 2238 3510 2282 u-

1923 2328 2139 2389 sumpta
2163 2329 2360 2375 natura
2384 2328 2573 2385 nostra
2596 2320 2830 2376 salutem
2856 2310 3102 2375 nostram
3135 2314 3356 2392 1089
3380 2329 3514 2388 οι»-

1921 2419 2077 2465 ratus
2105 2419 2209 2473 est,
2240 2412 2335 2481 qui
2367 2410 2767 2470 beneficiorum
2796 2411 3005 2465 fontem
3034 2409 3340 2464 cernebant
3362 2405 3518 2463 illius

1922 2500 2100 2555 aetatis
2154 2500 2429 2565 homines,
2481 2499 2627 2555 diem
2680 2500 2885 2555 festum
2939 2515 3051 2554 non
3098 2505 3355 2571 egerunt.
3398 2494 3519 2567 Hoc

1923 2608 2056 2648 vero
2089 2601 2362 2662 tempore,
2399 2591 2659 2647 universa
2689 2600 2855 2658 terra,
2886 2602 2943 2646 et
2970 2606 3141 2654 mare,
3167 2598 3224 2645 et
3249 2590 3438 2655 urbes,
3460 2596 3519 2644 et

1923 2683 2062 2753 vici,
2108 2682 2363 2751 quamvis
2422 2682 2832 2737 benefactorem
2879 2681 3057 2738 oculis
3102 2696 3215 2735 non
3268 2679 3514 2744 videant,

1923 2774 2327 2829 beneficiorum
2372 2773 2696 2829 memoriam
2736 2773 2935 2828 diebus
2982 2772 3139 2828 festis
3182 2771 3514 2827 celebrant:

1925 2873 2245 2935 tantamque
2288 2865 2643 2921 celebritates
2676 2865 2796 2922 ista;
2836 2864 3242 2936 jucunditatem
3280 2861 3517 2933 profun-

1923 2957 2081 3022 dunt,
2108 2965 2167 3012 ut
2188 2972 2407 3013 omnem
2432 2957 2488 3011 in
2520 2965 2729 3027 partem
2754 2956 3059 3027 spiritualis
3079 2956 3287 3011 laetitia:
3311 2956 3518 3009 ﬂuenta

1923 3048 2241 3103 decurrant.
2273 3045 2643 3113 Quamobrem
2669 3055 2727 3102 et
2756 3062 2860 3102 nos
2890 3061 3037 3102 nunc
3064 3046 3327 3118 pietatem
3367 3053 3518 3098 tuam

1924 3141 2247 3206 salutamus,
2277 3147 2335 3193 et
2380 3153 2544 3209 quam
2582 3154 2651 3193 ex
2695 3138 2851 3193 festis
2886 3136 3009 3193 istis
3046 3138 3233 3192 animo
3270 3134 3516 3190 laetitiam

231 3225 442 3296 ἑορτῶν
463 3226 819 3297 σημαίνοντες
843 3226 1126 3298 εὐθυμίαν,
1151 3229 1251 3293 τάς
1276 3228 1375 3293 σὰς
1403 3231 1816 3306 ὲπαγγέλλομεν

1922 3229 2172 3299 capimus
2211 3229 2607 3300 significantes,
2657 3245 2853 3301 preces
2882 3240 3005 3286 tuas
3041 3230 3425 3300 imploramus,
3456 3234 3521 3283 ut

234 3319 568 3391 προσευχάς,
595 3318 683 3372 ἵνα
706 3317 913 3390 ταύτην
944 3321 1024 3384 είς
1048 3319 1201 3387 τέλος
1232 3322 1582 3393 φυλάξωμεν.
1624 3315 1635 3324 ’

556 3515 702 3583 KQ”.
729 3547 800 3557 -
832 3516 1025 3583 ’Ἄλλη
1070 3515 1449 3588 ἐορταστική.

314 3625 589 3697 Διηνεκῶς
641 3625 739 3697 μὲν
782 3627 839 3680 ai
880 3626 981 3696 τῆς
1027 3627 1366 3696 Δεσποτικῆς
1413 3627 1825 3698 φιλανθρωπίας

236 3720 421 3788 πηγαὶ
440 3721 553 3782 τοῖς
582 3718 897 3772 πιστεύουσι
930 3717 1277 3783 διαδλύζουσι
1311 3718 1527 3786 τάγαθά
1548 3736 1560 3748 ·
1596 3719 1825 3793 φέρουσι

237 3810 302 3865 δέ
329 3827 382 3863 τι
420 3809 582 3863 πλέον
616 3811 672 3863 αί
715 3810 824 3863 τῶν
864 3809 1134 3881 μεγίστων
1178 3808 1511 3880 εὐεργεσιῶν
1558 3808 1657 3880 τὴν
1691 3810 1825 3882 μνή-

240 3916 356 3972 μην
392 3898 611 3969 ἔχουσαι
640 3899 998 3969 πανηγύρεις,
1024 3900 1139 3961 τοῖς
1176 3898 1315 3968 μετᾶ
1359 3898 1603 3963 πλείονος
1636 3900 1827 3973 ἑορτά-

238 3990 396 4056 ζουσι
425 3990 753 4062 προθυμίας.
784 3990 1000 4053 Ταύτας
1025 3990 1118 4042 ἐπὶ
1146 3990 1241 4042 τοῦ
1275 3990 1543 4059 παρόντος
1584 3989 1834 4045 ἐπιτελέ-

240 4099 459 4145 σαντες,
485 4084 579 4136 καὶ
603 4084 702 4147 τὴν
727 4083 931 4136 τούτων
958 4082 1206 4149 εὐλογίαν
1235 4082 1631 4155 τρυγήσαντες,
1656 4100 1825 4154 προσ-

1927 3318 2177 3373 eamdem
2208 3317 2277 3373 ad
2307 3317 2471 3373 finem
2504 3322 2677 3388 usque
2711 3334 3128 3375 conservemus.

2317 3515 2507 3571 XXVI.
2532 3545 2602 3554 —
2627 3514 2753 3569 Alia
2780 3501 3123 3568 heartasticn.

2000 3631 2229 3701 Semper
2245 3628 2470 3699 quidem
2493 3628 2795 3683 Dominicae
2810 3626 3171 3699 benignitatis
3191 3627 3373 3683 fontes
3396 3642 3520 3683 crc-

1927 3723 2186 3779 dentibus
2221 3722 2363 3776 bona
2393 3721 2751 3791 suppeditant
2789 3738 2802 3773 :
2839 3721 2935 3775 sed
2975 3720 3211 3790 amplius
3253 3719 3517 3791 quiddam

1927 3810 2167 3867 afferunt
2204 3824 2327 3879 quae
2356 3809 2720 3863 maximorum
2760 3807 3156 3864 beneﬁciorum
3191 3809 3519 3865 memoriam

1926 3902 2215 3958 continent
2256 3900 2609 3956 celebritates
2661 3899 2730 3953 iis
2776 3899 2873 3969 qui
2919 3901 3126 3970 majore
3171 3917 3297 3955 cum
3344 3901 3518 3956 animi

1928 3992 2213 4048 alacritate
2242 3991 2363 4046 dies
2395 3991 2564 4045 festos
2592 3994 2781 4060 agunt.
2801 3988 3017 4055 Quibus
3042 3991 3097 4045 in
3116 4006 3362 4062 praesens
3390 4006 3520 4062 per-

1928 4083 2088 4146 actis,
2129 4092 2186 4137 et
2230 4082 2430 4136 horum
2499 4079 3213 4152 benedictione'percepta.
3252 4082 3517 4153 pietatem

240 4173 596 4245 φθεγγόμεθα
652 4189 748 4227 σου
800 4174 899 4245 τὴν
945 4173 1253 4227 εὐλάὸειαν.
1295 4173 1467 4227 Τοῦτο
1511 4160 1617 4245 γὰρ
1655 4176 1683 4227 ὁ
1726 4173 1818 4244 τῆς

1930 4184 2078 4230 tuam
2116 4173 2439 4227 salutamus.
2468 4170 2585 4225 Hoc
2615 4170 2765 4225 enim
2791 4177 2849 4225 et
2871 4170 2996 4225 festi
3027 4180 3085 4227 et
3110 4172 3399 4229 cbaritatis
3427 4156 3519 4228 let

238 4265 439 4335 ἑορτῆς
466 4265 557 4320 καὶ
585 4265 613 4317 ό
643 4266 741 4336 τῆς
766 4265 988 4349 ἀγάπης
1018 4264 1458 4336 παρακελεύεται
1492 4266 1675 4336 νόμος.

239 4377 372 4433 KZ'.
403 4408 473 4418 ——
539 4347 854 4445 ‘Axv.lt'rqi
895 4376 1154 4445 διακόνῳ
1211 4378 1311 4430 καί
1374 4346 1841 4449 ἁρχιμιινδρίτῃῗ

317 4491 503 4554 Οὐδεὶς
551 4490 813 4561 ὀρφανίαν
876 4489 1125 4560 ὀδύρεται
1194 4490 1293 4562 τῆς
1352 4490 1503 4557 θείας
1550 4491 1825 4555 υἱοθεσίας

1930 4265 2145 4320 suadet.

2036 4375 2248 4431 XXVII.
2271 4406 2341 4415 —
2359 4374 2609 4446 Aquilino
2634 4378 2860 4432 diacono
2891 4388 2939 4432 et
2963 4378 3421 4432 archimandriw.

2000 4488 2197 4542 Nullus
2228 4487 2524 4544 orbitatem
2557 4489 2724 4545 deflet
2756 4492 2850 4561 qui
2884 4491 3127 4547 divinam
3161 4489 3515 4561 adoptionem

242 4582 569 4652 ἠξιωμένος.
602 4581 667 4634 Ἱί
708 4579 817 4651 γάρ
840 4579 932 4634 τοῦ
964 4582 1078 4637 άνω
1107 4579 1321 4650 Has-pb;
1360 4582 1393 4652 ἢ
1430 4581 1818 4655 δυνατώτερον,

1929 4586 2013 4635 est
2046 4578 2277 4649 adeptus
2316 4596 2329 4633 :
2365 4580 2499 4649 quid
2534 4581 2682 4636 enim
2732 4599 2975 4653 superno
3002 4584 3165 4637 Patre
3196 4582 3283 4637 vel
3317 4590 3516 4652 poten-

244 4675 278 4743 ἢ
309 4672 845 4745 κηδεμονικώτερονς
880 4673 957 4725 Δι’
992 4672 1153 4726 αὑτὸν
1183 4672 1290 4745 γὰρ
1313 4674 1411 4726 καὶ
1441 4678 1489 4725 οἱ
1527 4674 1679 4726 κάτω
1720 4692 1818 4727 πα-

1927 4659 2058 4733 tius,
2089 4669 2175 4724 vel
2202 4671 2620 4738 providentius?
2649 4672 2752 4727 Per
2781 4674 2932 4727 illum
2965 4672 3110 4727 enim
3135 4672 3301 4727 etiam
3332 4671 3436 4742 qui-
3460 4669 3519 4725 in

242 4765 421 4834 τέρες,
450 4763 701 4835 πατέρες.
731 4760 905 4815 Αὑτοῦ
931 4764 1040 4831 γὰρ
1075 4762 1425 4834 βουλομένου,
1443 4764 1492 4816 oi
1520 4764 1619 4834 μὲν
1646 4764 1818 4833 φύσει,

1928 4761 2090 4815 terris
2124 4769 2417 4816 versantur
2446 4772 2653 4832 patres,
2682 4772 2870 4833 patres
2898 4772 3048 4818 sunt.
3084 4764 3207 4833 ipso
3243 4762 3519 4832 siquidem

242 4857 294 4910 (ιί
327 4856 383 4909 δὲ
424 4856 606 4927 χάριτι
634 4854 871 4923 πατέρες
921 4854 1293 4908 καθίστανται.
1369 4856 1605 4909 Ἐκεῖνον
1647 4860 1818 4909 τοίνυν

1928 4852 2178 4915 volente,
2234 4850 2327 4905 alii
2372 4860 2601 4917 natura,
2655 4854 2743 4906 alii
2798 4853 3071 4908 beneficio
3115 4861 3303 4923 patres
3353 4852 3512 4927 ﬁunt.

242 4948 585 5018 κατέχωμεν,
620 4946 713 5000 καὶ
742 4945 848 4999 τῶν
879 4945 1223 5000 ἀπελθόντων
1258 4946 1355 5016 τὴ)
1390 4950 1611 5017 μνήμην
1656 4948 1818 5016 φυλά-

1926 4941 2106 5009 Quare
2138 4943 2290 4996 illum
2313 4943 2716 5012 possideamus,
2740 4954 2796 5000 et
2821 4954 3164 5001 mortuorum
3194 4924 3517 5000 memoriam

246 5038 425 5108 ξωμεν
450 5038 729 5091 ἄσϐεστον.
772 5036 985 5109 Ὀνήσει
1032 5036 1142 5108 γὰρ
1175 5038 1321 5106 ἡμᾶς
1346 5037 1379 5105 ἡ
1409 5036 1516 5088 τῶν
1547 5032 1606 5089 εὖ
1639 5036 1818 5105 βεϐιω·

1934 5034 2147 5105 ιοθο
2187 5036 2570 5091 inexstinctam
2612 5052 3021 5093 conservemus.
3066 5039 3286 5094 Juvabit
3367 5038 3516 5094 enim

244 5130 419 5184 πότων
450 5130 775 5199 ἀνάμνησις,
807 5130 887 5191 εἰς
914 5128 1012 5198 τὴν
1042 5127 1262 5193 ἐκείνων
1286 5128 1627 5199 διεγείρουσα
1655 5128 1818 5200 μίμη-

1930 5141 2030 5180 nos
2053 5141 2243 5197 etirum
2279 5127 2372 5199 qui
2408 5136 2557 5183 recte
2598 5129 2857 5183 vixerunt
2892 5129 3228 5196 recordatio,
3260 5129 3328 5184 ad
3366 5130 3518 5201 ipso-

248 5240 354 5277 σιν.
1925 5234 2047 5271 rum
2079 5219 2326 5273 excitans
2354 5219 2739 5274 imitationem.

318 5337 452 5391 KH’.
497 5363 570 5375 —-
606 5334 853 5401 Ἰακώϐῳ
877 5333 1259 5403 πρεσϐυτέρῳ
1282 5334 1379 5387 καὶ
1415 5333 1752 5402 μονάζοντι.

2070 5330 2303 5386 XXVill.
2335 5361 2404 5369 —-
2429 5331 2624 5385 Jacoeo
2664 5334 2965 5403 presbytero
3012 5344 3059 5386 et
3092 5336 3370 5388 nacuaclto.

316 5428 382 5482 Οί
425 5429 539 5491 τοῖς
599 5426 782 5489 πόνοις
831 5426 932 5497 τῆς
989 5427 1191 5496 ἀρετῆς
1259 5426 1674 5496 λαμπρύναντες
1727 5427 1818 5497 τὴν

2006 5420 2109 5488 Qui
2132 5422 2323 5477 florem
2344 5424 2521 5477 .etatis
2540 5423 2762 5478 virtutis
2784 5426 3062 5481 laboribus
3081 5434 3370 5491 ornarent,
3390 5440 3518 5481 cum

244 5518 452 5591 ἀκμὴν,
476 5519 594 5588 μεθ’
632 5517 822 5589 ἡδονῆς
848 5518 985 5588 πρὸς
1015 5518 1073 5569 τὸ
1114 5519 1286 5587 γῆρας
1325 5517 1645 5571 ἐλαύνοι-σιν
1671 5534 1688 5551 ⁴
1730 5518 1818 5570 ἐπὶ

1934 5512 2217 5582 voluptate
2270 5512 2619 5568 contendunt
2656 5514 2724 5569 ad
2778 5524 3149 5581 senectutem,
3190 5517 3263 5572 ob
3294 5524 3519 5588 practer—

248 5611 350 5681 μὲν
399 5611 518 5672 ταῖς
562 5610 854 5679 προτέραις
911 5606 1329 5676 εὐφραινόμενοι
1366 5608 1563 5673 νίκαις,
1614 5606 1720 5660 τῶν
1765 5607 1818 5661 δὲ

1931 5611 2034 5661 itas
2064 5605 2287 5677 quidem
2321 5597 2587 5662 victorias
2620 5608 2939 5677 gaudentes,
2971 5610 3039 5662 ab
3066 5608 3191 5664 aliis
3219 5624 3355 5665 vero
3394 5624 3517 5664 cer-

320 5747 367 5780 “
402 5745 557 5800 iliad.
585 5746 672 5799 lii.

315 5861 428 5931 (l9)
460 5861 558 5931 τὴν
590 5861 860 5932 ἡμετέραν
888 5861 1043 5931 φύσι,
1078 5860 1255 5913 λαϐὼν
1291 5861 1440 5916 addit
1480 5861 1706 5916 Vindub.

2006 5858 2115 5930 (εο)
2148 5856 2306 5917 αὗται
2342 5860 2549 5915 addidit
2576 5860 2807 5916 Vindob.
