4336 6326
399 446 538 513 1209

1669 426 2034 490 EPISTOLA
2071 421 2317 483 XXXII.

3524 392 3660 457 1210

396 557 754 631 μεταϐαλεῖν·
809 555 905 610 καὶ
933 554 1025 609 τὸν
1069 551 1450 624 φιλάνθρωπον
1483 545 1725 616 ὑμνῆσαι
1765 539 1972 594 Δεσπό-
2004 543 2048 598 Α

2099 534 2326 597 audent,
2357 529 2454 604 qui
2498 526 2696 583 alienis
2721 537 2821 578 nos
2851 513 3260 576 calamitatibus
3283 506 3466 564 erudit
3513 525 3526 558 :
3564 507 3660 574 qui

2255 624 2268 631 -
2333 622 2364 631 ..
2576 619 2589 631 .
2737 630 2744 631 ,
2793 630 2812 631 η
2838 628 2895 631 __-
2935 603 3248 631 __.__.,n....:.
3298 599 3391 631 ροιι
3419 597 3556 631 ..κω
3591 594 3658 631 τηε

397 667 525 721 την,
557 649 639 702 ὅτι
667 650 780 712 τοῖς
807 645 1109 716 ἀλλοτρίοις
1133 645 1282 714 ἡμᾶς
1309 635 1634 709 σωφρονίζει
1662 633 1976 701 παθήμασι,

399 719 499 790 καὶ
519 737 615 806 ούχ
640 737 789 806 ἡμᾶς
821 736 900 796 είς
924 733 1120 803 ἐτέρων
1156 727 1515 801 παρέπεμψεν
1541 724 1739 785 οἰκίας,
1762 720 1876 774 ἀλλ’
1900 719 1980 781 είς

397 823 502 885 τὰς
526 822 798 892 ἡμετέρας
825 819 1016 882 ἄλλους
1051 821 1225 889 ἧγαγε
1249 817 1418 888 θύρας
1440 832 1453 845 ο
1480 813 1574 867 καὶ
1598 807 1980 881 φιλανθρωπίᾳ

399 911 713 982 χρωμένοις
751 910 1095 979 ὑπισχνεῖται
1132 909 1324 964 δώσειν
1355 905 1391 962 ἃ.
1423 905 1563 976 μήτε
1590 901 1750 971 λόγος
1779 901 1978 964 εἰπεῖν,

403 1004 546 1073 μήτε
579 1001 705 1064 νοῦς
736 999 911 1070 ίσχύει
942 999 1286 1068 λογίσασθαι.

583 1119 709 1171 AA'.
742 1147 814 1155 —
847 1116 1051 1185 Δόμνῳ
1075 1115 1386 1176 ἐπισκόπῳ
1419 1109 1798 1178 Ἀντιοχείας.

479 1229 568 1298 Τῷ
607 1228 1047 1300 θαυμασιωτάτῳ
1076 1226 1172 1280 καὶ
1208 1219 1778 1293 μεγαλοπρεπεστάτῳ
1807 1214 1980 1282 Κελε-

402 1319 617 1386 στιακῷ
636 1318 750 1387 (9.4)
776 1319 970 1388 πατρὶς
1001 1319 1098 1388 μὲν
1121 1317 1155 1386 ἡ
1186 1312 1627 1383 πολυθρύλλητος
1655 1306 1979 1377 Καρχηδὼν,

399 1411 561 1478 γένος
612 1410 671 1462 δὲ
726 1409 787 1462 τὸ
834 1411 891 1462 ὲν
947 1407 1132 1478 ἐκείνῃ
1184 1403 1548 1475 γεγενημένον
1601 1400 1980 1471 περίϐλεπτον.

414 1497 582 1552 Ἀλλά
608 1497 704 1551 νῦν
749 1496 810 1564 ἐξ
850 1496 1069 1564 ἐκείνης
1115 1492 1469 1563 ὲληλαμένος,
1499 1490 1599 1560 τὴν
1626 1488 1786 1558 ξένην
1829 1503 1987 1556 περι-

401 1591 609 1649 νοστεῖ.
662 1590 758 1644 καὶ⁵
802 1589 913 1641 τῶν
960 1585 1226 1656 φιλοθέων
1267 1583 1365 1646 τὰς
1403 1584 1592 1652 χεῖρας
1637 1578 1985 1649 περισκοπεῖ.

406 1681 567 1750 Ἔχει
603 1680 660 1733 δὲ
697 1680 790 1732 καὶ
829 1678 1075 1749 φορτίον,
1121 1677 1422 1744 ἀναγκαῖον
1460 1672 1582 1743 μὲν,
1630 1672 1897 1723 ἐπιτεῖνον
1928 1666 1986 1719 δὲ

400 1772 510 1841 τὴν
537 1771 830 1844 φροντίδα·
863 1770 962 1838 τὴν
1014 1766 1259 1838 γαμετὴν
1302 1765 1468 1832 λέγω,
1513 1763 1609 1816 καὶ
1649 1763 1717 1816 τὰ
1774 1760 1986 1828 παιδία,

2081 642 2183 682 nos
2204 624 2272 678 ad
2297 622 2531 677 aliorum
2560 619 2754 671 domos
2790 628 2903 669 non
2932 603 3272 669 amandavit,
3298 599 3393 654 sed
3419 597 3558 651 alios
3591 594 3661 648 ad

2075 719 2271 788 januas
2301 720 2517 766 nostras
2552 705 2800 769 deduxit,
2822 709 2879 757 et
2899 695 3241 768 benignitate
3272 687 3560 745 utentibus
3594 699 3662 740 ea

2082 809 2340 864 daturum
2371 819 2429 859 se
2469 799 2763 872 promittit,
2813 810 2935 866 quae
2982 805 3085 846 nec
3111 786 3291 844 oratio
3319 783 3528 852 eloqui,
3561 790 3666 833 nec

2081 900 2322 970 cogitare
2354 909 2510 950 mens
2539 899 2743 963 potest.

2260 1095 2743 1155 XXXI.-—-Domno
2775 1091 3012 1161 episcopo
3041 1081 3330 1139 Antiochia:
3355 1074 3489 1147 (25).

2153 1207 2611 1270 Prmstantissimo
2643 1213 2700 1259 et
2752 1193 3298 1270 magniﬁcentissimo
3359 1184 3670 1242 Celestiaco

2086 1305 2263 1377 patria
2317 1301 2538 1372 quidem
2578 1293 2933 1351 celeberrima
2995 1285 3288 1353 Carthago,
3329 1292 3502 1349 genus
3537 1287 3669 1328 vero

2086 1363 2234 1466 quod
2264 1363 2448 1447 in-illa
2476 1388 2582 1442 fuit
2614 1381 2936 1456 spectabile.
2972 1376 3041 1431 At
3075 1388 3223 1428 nunc
3265 1385 3332 1423 ex
3357 1383 3422 1422 ea
3458 1363 3665 1435 pulsus.

2087 1497 2302 1544 exteras
2349 1496 2476 1537 oras
2521 1481 2803 1551 peragrat,
2852 1481 2911 1526 et
2976 1468 3075 1523 Dei
3127 1461 3436 1519 amantium
3476 1463 3671 1509 manus

2087 1574 2482 1646 circumspicit.
2547 1547 2724 1624 Habet
2772 1569 3040 1634 praeterea
3087 1570 3231 1612 onus
3278 1547 3672 1606 necessarium,

2089 1669 2236 1739 quod
2271 1635 2348 1721 illi
2375 1678 2537 1719 curas
2571 1665 2752 1728 auget,
2788 1665 3035 1714 uxorem,
3067 1656 3124 1701 et
3149 1645 3310 1706 ﬁlios,
3338 1648 3394 1695 et
3416 1635 3673 1694 famulos,

2091 1729 2328 1830 quorum
2376 1769 2540 1811 causa
2596 1746 2849 1820 pluribus
2889 1748 3014 1812 eget
3055 1733 3336 1806 impensis.
3383 1729 3498 1796 Ego
3544 1738 3678 1779 vero

412 1817 504 1841 "5'
541 1817 794 1844 τΓ-ἠν--ν-
874 1817 952 1838 ν-ι-
1026 1817 1153 1838 οννινν
1176 1817 1229 1836 vi
1376 1817 1388 1832 ο
1454 1817 1467 1829 ι
1971 1817 1984 1828 ι

402 1864 506 1917 καὶ
533 1864 658 1926 τοὺς
682 1860 936 1924 οἰκείους,
965 1851 1040 1913 ὧν
1062 1859 1226 1911 ἕνεκα
1253 1856 1514 1909 πλειόνων
1544 1854 1716 1907 δεῖται
1742 1852 1988 1921 δαπανη-
2024 1864 2065 1918 Β

2094 1852 2239 1905 illius
2266 1848 2510 1903 animum
2535 1840 2840 1898 admiratus
2864 1849 3007 1888 sum.
3061 1828 3154 1883 Sic
3193 1825 3341 1880 enim
3387 1817 3545 1890 quasi
3587 1831 3678 1870 se-

408 1953 622 2023 μάτων.
660 1950 804 2019 Ἐγὼ
839 1952 896 2003 δὲ
938 1949 1104 2004 αὑτοῦ
1129 1948 1232 2020 τὴν
1275 1946 1500 2016 γνώμην
1531 1943 1876 2014 τεθαύμακα.
1905 1943 1994 2004 Ὦς

405 2045 474 2109 ἐξ
502 2044 700 2115 ούρίων
752 2043 863 2111 γὰρ
919 2042 1259 2111 φερόμενος,
1314 2039 1458 2090 οὓτω
1500 2038 1590 2090 τὸν
1635 2035 1994 2105 κυϐερνήτην

407 2135 592 2203 ὑμνεῖ,
631 2134 723 2188 καὶ
771 2131 864 2186 τοῦ
918 2131 1158 2202 χαλεποῦ
1191 2129 1468 2192 κλύδωνος
1501 2129 1560 2181 ού
1594 2127 1991 2196 πεφρόντικεν⁶

333 2306 352 2311 ,Δ
405 2226 512 2295 τὴν
540 2225 650 2294 γὰρ
695 2223 979 2278 εὐσέϐειαν
1027 2224 1092 2275 ὲκ
1137 2223 1238 2291 τῆς
1288 2221 1578 2292 συμφορᾶς
1610 2215 1994 2289 ἐκαρπώσατο,

407 2317 510 2370 καὶ
549 2315 641 2369 τὸν
668 2314 1076 2384 τρισμακάριον
1132 2311 1284 2381 αὐτῷ
1327 2311 1516 2364 τοῦτον
1559 2308 1773 2380 καρπὸν
1812 2309 1846 2377 ἠ
1869 2306 1998 2359 δυσ-

408 2403 616 2475 κληρία
667 2403 1068 2473 προσήνεγκεν.
1127 2401 1324 2453 Ἦνίκα
1368 2398 1478 2468 γὰρ
1541 2397 1641 2466 τῆς
1699 2395 1999 2467 εὐπραξίας

409 2495 716 2569 ἁπῄλαυεν,
749 2493 879 2556 τοὺς
913 2490 1192 2554 τοιούτους
1218 2490 1281 2542 ού
1318 2489 1575 2560 προσίετο
1601 2487 1826 2556 λόγουςο
1857 2485 2001 2539 ὲκεί-

410 2604 516 2657 νης
555 2585 614 2639 δὲ
660 2582 994 2655 γυμνωθεὶς,
1031 2580 1378 2635 συναπέϐαλε
1433 2579 1534 2649 τὴν
1581 2575 1860 2643 ἀσέϐειαν,
1905 2576 2002 2637 καὶ

410 2675 513 2730 νῦν
540 2673 655 2744 εχει
678 2674 778 2726 τὸν
811 2670 1044 2725 πλοῦτον
1072 2669 1174 2740 τῆς
1209 2668 1448 2730 πίστεως
1469 2683 1506 2754 ἰ
1518 2663 1579 2721 οὗ
1620 2666 1687 2738 δὴ
1718 2666 1879 2738 χάριν
1902 2665 2002 2736 τῆς

409 2763 755 2836 δυσπραξίας
793 2762 1010 2829 ἐκείνης
1055 2760 1409 2828 καταφρονεῖ.
1459 2753 1778 2827 Παρακαλῶ
1821 2753 2002 2807 τοίνυν

413 2855 520 2926 τὴν
577 2853 674 2924 σὴν
727 2851 1059 2921 ἁγιωσύνην,
1096 2849 1376 2918 ἀποφῆναι
1415 2846 1566 2917 αὐτῷ
1609 2845 1848 2917 πατρίδα
1902 2844 2004 2914 τὴν

416 2944 580 3014 ξένην
607 2984 623 3009 ,
645 2944 742 2997 καὶ
775 2941 1080 3013 προτρέψαι
1121 2941 1248 3003 τοὺς
1289 2939 1502 3010 πλούτῳ
1532 2937 1820 3009 κομῶντας
1863 2935 2007 3006 ψυχ-

417 3038 711 3107 αγωγῆσαι
734 3035 827 3088 τὸν
848 3035 945 3105 τῆς
963 3035 1132 3104 αὐτῆς
1151 3032 1515 3103 γεγενημένον
1558 3030 1890 3101 συμμορίας,
1910 3030 2006 3083 καὶ

415 3129 523 3198 τῆς
551 3127 837 3198 συμφορᾶς
867 3123 1123 3178 διαλῦσαι
1145 3123 1208 3176 τὸ
1233 3122 1416 3193 νέφος.
1443 3122 1719 3192 Προσήκει
1744 3120 1855 3191 γὰρ
1879 3120 2006 3183 τοὺς

2094 1942 2292 2000 cundis
2323 1936 2504 1993 ventis
2548 1932 2788 1987 ferretur
2827 1930 2843 1947 '
2893 1923 3333 1981 Gubernatorem
3377 1909 3584 1972 laudat,
3624 1913 3682 1960 et

2094 2047 2315 2106 gravem
2351 2031 2731 2096 tempestatem
2759 2015 2922 2073 nihili
2947 2011 3101 2068 facit.
3137 2008 3408 2064 Pietatem
3439 2011 3682 2066 namque
3782 2043 3786 2048 .

2095 2093 2165 2180 cx
2221 2093 2532 2176 calamitate
2588 2128 2687 2167 sua
2739 2110 2988 2164 lucratus
3041 2110 3147 2165 est,
3187 2093 3681 2157 felicissimumque

2097 2217 2249 2272 hunc
2308 2211 2388 2266 illi
2444 2208 2687 2262 fructum
2743 2197 3038 2254 infelicitas
3093 2191 3300 2248 attulit.
3362 2186 3498 2241 Nam
3549 2181 3684 2236 dum

2098 2317 2362 2378 prospera
2409 2298 2634 2354 fortuna
2682 2297 2959 2352 uteretur,
3016 2279 3340 2354 huiusmodi
3398 2286 3686 2329 sermones

2099 2363 2584 2454 non.emittebat:
2623 2384 2718 2440 illa
2755 2377 3215 2448 vero'spoliatus,
3266 2367 3431 2426 simul
3485 2363 3688 2433 abiecit

2101 2487 2464 2558 impietatem,
2487 2485 2545 2535 et
2565 2473 2789 2547 pietatis
2821 2470 3046 2525 divitias
3071 2480 3224 2521 nunc
3246 2457 3511 2533 possidet,
3546 2469 3686 2524 qua-

2101 2546 2226 2636 rum
2247 2575 2419 2649 gratia
2446 2546 2838 2626 adversitatem
2870 2562 3036 2627 istam
3065 2553 3392 2614 contemnit.
3424 2548 3536 2605 Oro
3581 2546 3687 2600 ita-

2101 2686 2210 2742 que
2248 2641 2619 2725 vsanctitatem
2665 2669 2840 2722 tuam,
2891 2661 2955 2708 ut
3003 2652 3063 2706 in
3096 2656 3288 2705 extera
3328 2641 3554 2712 regione
3593 2652 3690 2708 pa-

2103 2728 2266 2817 triam
2319 2755 2402 2811 illi
2453 2752 2736 2815 restituas,
2785 2754 2844 2803 et
2884 2744 3008 2799 illos
3029 2740 3127 2812 qui
3177 2735 3377 2808 opibus
3408 2728 3692 2787 abundant

2103 2846 2366 2910 horteris,
2410 2849 2474 2898 ut
2523 2841 2676 2895 hunc
2721 2837 2817 2907 qui
2850 2835 2908 2889 in
2933 2831 3130 2887 eadem
3166 2827 3341 2882 classe
3371 2822 3477 2877 fuit
3497 2831 3695 2874 conso-

2103 2943 2312 3005 lentur,
2356 2944 2414 2992 et
2452 2929 2781 2992 calamitatis
2811 2929 2934 2999 ejus
2964 2923 3170 2979 nubem
3200 2916 3524 2974 discutiant.
3549 2910 3697 2967 Con—

2104 3031 2258 3088 venit
2280 3003 2450 3091 enim,
2479 3031 2541 3079 ut
2578 3021 2672 3092 qui
2717 3016 2967 3074 eamdem
2997 3021 3253 3068 naturam
3301 3003 3486 3061 sortiti
3541 3007 3692 3065 sunt,

2107 3129 2163 3176 et
2195 3117 2452 3175 similiter
2494 3111 2720 3185 quidem
2765 3105 3156 3176 deliquerunt,
3190 3096 3286 3153 sed
3329 3092 3544 3165 1093
3578 3105 3698 3160 pm-

416 3180 521 3292 την
570 3180 752 3288 αύτῖὴν⁵
774 3180 938 3286 φύσιν
988 3214 1280 3285 λαχόντας,
1307 3180 1418 3266 ’κάὶ
1461 3180 1662 3282 ὁμοίως
1693 3180 1791 3282 μὲν
1823 3180 2005 3282 atan
2030 3191 2075 3253 C

2111 3226 2235 3266 nam
2276 3212 2595 3268 evaserunt,
2630 3202 2688 3256 in
2712 3198 3000 3253 adversam
3034 3192 3313 3247 fortunam
3349 3184 3517 3254 lapsis
3549 3180 3696 3235 sola-

423 3307 747 3382 μελοῦντας,
770 3306 869 3378 τὴν
901 3306 957 3359 δὲ
989 3304 1262 3374 τιμωρίαν
1291 3301 1686 3372 διαφυγόντας,
1733 3302 1847 3363 τοίς
1877 3299 2005 3352 δυσ-

417 3400 632 3470 ημερία
655 3396 1016 3470 περιπεσοῦσι
1039 3393 1398 3464 ψυχαγωγίαν
1430 3391 1784 3462 προσφέρειν,
1808 3390 1903 3444 καὶ
1939 3392 2006 3460 τῇ

422 3493 556 3563 περὶ
581 3491 805 3550 τούτους
836 3503 898 3538 συ
909 3485 1154 3557 μπαθείᾳ
1181 3485 1272 3537 τὸν
1299 3482 1431 3536 Θεὸν
1460 3481 1754 3536 ίλεοῦσθαι.

735 3601 858 3654 AB'.
889 3629 956 3638 —
991 3598 1324 3663 Θεοκτίστῳ
1365 3595 1698 3660 ἐπισκόπφ.

499 3693 561 3746 Εἰ
609 3691 744 3744 πᾶσι
792 3692 904 3752 τοίς
950 3685 1364 3759 πλημμελοῦσιν
1417 3684 1654 3756 ἐπέφερε
1697 3683 2014 3756 παραυτίκα

424 3781 528 3844 τὰς
577 3781 847 3852 τιμωρίας
899 3781 927 3832 ὁ
963 3777 1073 3829 τῶν
1119 3777 1258 3830 ὅλων
1289 3775 1445 3842 Θεὸς,
1477 3776 1687 3838 πάντας
1732 3773 1799 3830 ἂν
1845 3774 2014 3845 ἄρδην

427 3871 733 3927 ἀπώλεσεν.
785 3869 1005 3937 Ἐπειδὴ
1033 3868 1089 3921 δὲ
1118 3867 1290 3937 φειδυῖ
1319 3866 1412 3920 καὶ
1449 3865 1834 3936 φιλανθρωπίᾳ
1858 3863 2015 3917 δικά-

427 3965 534 4033 ζει,
565 3965 692 4024 τοὺς
731 3961 830 4032 μὲν
859 3961 1097 4025 κολάζει,
1121 3963 1234 4020 τοῖς
1276 3959 1333 4011 δὲ
1357 3959 1458 4021 τὰς
1495 3956 1699 4011 τούτων
1730 3957 2010 4027 τιμωρίας

431 4056 554 4110 ἀντὶ
584 4052 945 4115 διδασκαλίας
992 4050 1318 4122 προσφέρει.
1357 4047 1529 4100 Τοῦτο
1577 4047 1674 4100 καὶ
1725 4047 1812 4115 ἐφ’
1854 4046 2014 4116 ἡμῶν

439 4146 742 4215 πεποίηκεν
771 4144 798 4195 ό
823 4141 1229 4214 φιλάνθρωπος.
1263 4141 1399 4204 Τοὺς
1433 4142 1540 4210 γὰρ
1571 4137 1680 4193 ἀπὸ
1709 4137 1811 4208 τῆς
1849 4137 2018 4192 πάλαι

435 4240 538 4309 μὲν
559 4213 784 4307 Λιϐύης,
817 4235 912 4287 νῦν
946 4233 1004 4286 δὲ
1041 4231 1312 4303 Ἀφρικῆς
1345 4230 1710 4301 καλουμένης,
1733 4213 1854 4292 ταῖς
1884 4229 2023 4299 ἡμε-

431 4330 622 4401 τέραις
653 4327 918 4397 προσάγει
961 4323 1176 4394 θύραις,
1229 4324 1323 4375 καὶ
1357 4322 1426 4375 τὸ.
1454 4321 1661 4374 τούτων
1708 4319 2021 4384 ἐπιδεικνὺς

433 4421 764 4490 παθήματα,
819 4415 1118 4486 δειμαίνειν
1156 4413 1599 4484 παρασκευάζει,
1647 4412 1742 4465 καὶ
1788 4411 1867 4480 τῷ
1913 4409 2021 4463 δέει

2105 3303 2242 3357 tium
2298 3295 2647 3368 impendant,
2683 3299 2741 3345 et
2787 3305 2888 3344 sua
2921 3287 2981 3343 in
3026 3284 3153 3339 illos
3205 3271 3695 3336 Commiseratione

2109 3396 2284 3450 Deum
2315 3387 2551 3445 reddant
2571 3381 2898 3456 propitium.

2442 3592 2663 3650 XXXII.
2686 3621 2757 3631 —-
2772 3587 3063 3661 Theoctislo
3097 3581 3358 3653 ερὶεεορο.

2181 3688 2239 3744 Si
2264 3685 2525 3742 omnibus
2557 3684 2652 3753 qui
2677 3682 3006 3750 delinquunt
3031 3690 3224 3746 pmnas
3250 3671 3508 3744 protinus
3555 3667 3697 3720 irro-

2111 3787 2264 3850 garet
2289 3776 2674 3830 universorum
2723 3772 2891 3835 Deus,
2947 3781 3140 3823 omnes
3193 3763 3414 3834 penitus
3465 3759 3698 3814 deleret.

2113 3868 2222 3933 Sed
2243 3866 2375 3936 quia
2404 3865 2583 3935 parcit
2614 3862 2940 3930 etbenigne
2991 3856 3225 3929 judicat,
3273 3853 3396 3907 ideo
3433 3851 3570 3906 alios
3601 3864 3704 3920 pu-

2113 3962 2217 4026 nit,
2267 3961 2391 4015 aliis
2436 3961 2633 4014 horum
2682 3970 2874 4026 pmnas
2925 3953 2995 4008 ad
3053 3951 3366 4007 doctrinam
3416 3941 3700 4016 proponit.

2115 4052 2272 4120 Quod
2329 4052 2503 4107 etiam
2556 4059 2804 4118 tempore
2857 4053 3051 4100 nostro
3099 4040 3357 4114 praestitit
3415 4035 3704 4090 hominum

2117 4156 2348 4201 amator.
2384 4144 2546 4199 Cives
2606 4140 2756 4196 enim
2808 4137 3121 4200 Africanos,
3170 4132 3266 4204 qui
3318 4131 3519 4200 Libyes
3571 4126 3702 4180 olim

2119 4236 2465 4299 dicebantur,
2520 4233 2588 4288 ad
2636 4234 2834 4303 januas
2860 4238 3081 4285 nostras
3125 4224 3370 4287 adducit,
3400 4222 3707 4288 horumque

2121 4340 2395 4382 mrumnas
2422 4325 2722 4378 ostendens
2744 4320 2999 4374 timorem
3030 4315 3252 4378 incutit,
3298 4321 3356 4367 et
3396 4311 3596 4365 timore
3639 4306 3708 4359 ad

2123 4417 2660 4475 commiserationem
2710 4413 2965 4469 excitat:
3014 4410 3236 4478 duoque
3295 4406 3487 4461 eadem
3543 4414 3711 4469 opera

436 4512 573 4581 πρὸς
624 4507 975 4578 συμπάθειαν
1012 4505 1302 4576 διεγείρει*
1353 4505 1449 4557 καὶ
1490 4503 1582 4556 δύο
1639 4503 1780 4557 κατὰ
1840 4502 2075 4584 tam!

2122 4510 2357 4582 perﬁcit,
2383 4508 2531 4578 quod
2565 4515 2622 4563 et
2648 4507 2870 4561 illorum
2904 4502 3260 4573 castigatione
3282 4497 3443 4552 nobis
3463 4492 3708 4565 prodest,

435 4599 688 4655 ἐντεῦθεν
728 4598 1168 4659 κατασκευάζει·
1203 4597 1353 4666 ἡμᾶς
1393 4612 1455 4647 τε
1494 4596 1605 4665 γὰρ
1651 4597 1716 4646 ὲκ
1742 4595 1841 4664 τῆς
1876 4593 2019 4646 ὲκεί-

439 4710 547 4744 νων
578 4690 829 4750 παιδείας
862 4684 1121 4757 ὀνίνησιν,
1155 4688 1250 4739 καὶ
1289 4687 1518 4747 ἐκείνοις
1545 4684 1610 4737 δι’
1652 4684 1810 4756 ἡμῶν
1846 4700 2018 4754 προσ-

439 4785 600 4855 φέρει
654 4781 1004 4852 παραψυχήν.
1049 4778 1265 4848 Ταύτην
1297 4777 1600 4849 παρακαλῶ
1635 4795 1726 4830 σου
1773 4777 1872 4848 τὴν
1911 4777 2023 4829 Oeo-

441 4875 660 4928 σέϐειαν
704 4871 890 4943 ὀρέξαι
934 4871 1013 4940 τῷ
1051 4870 1487 4940 θαυμασιωτάτῳ
1533 4870 1623 4922 καὶ
1677 4869 2021 4938 μεγαλοπρε-

381 4977 387 4983 ’
440 4963 698 5033 πεστάτῳ
730 4961 1116 5029 Κελεστιακῷυ
1151 4960 1250 5030 τὴν
1281 4960 1392 5030 γὰρ
1429 4943 1653 5012 ἐκείνων
1690 4960 2022 5029 μητρόπολιν

441 5056 615 5112 πάλαι
651 5054 956 5123 κοσμήσας,
1002 5053 1095 5106 νῦν
1129 5053 1188 5104 ού
1234 5052 1409 5115 πόλιν,
1445 5053 1543 5120 οὐχ
1575 5051 1761 5103 ἑστίαν
1796 5050 1930 5120 ἕχει,
1960 5051 2021 5104 ού

449 5148 559 5200 τῶν
597 5145 910 5212 ἀναγκαίων
958 5144 1056 5212 τὴν
1094 5144 1302 5212 χρείαν,
1348 5143 1622 5212 Προσήκει
1663 5141 1844 5193 τοίνυν
1902 5141 2024 5204 τοὺς

442 5237 586 5292 κατὰ
613 5237 714 5305 τὴν
751 5235 848 5304 σὴν
877 5235 1133 5304 ὁσιότητα
1165 5233 1339 5302 ψυχάς
1372 5232 1685 5302 ποιμαίνειν
1729 5249 2028 5283 πεπιστευ-

447 5329 648 5399 μένους
675 5325 1017 5395 είσηγεῖσθαι
1046 5328 1156 5386 τοῖς
1181 5324 1428 5386 πολίταις
1463 5324 1529 5375 τὰ
1561 5322 1817 5392 σύμφορα
1836 5339 1849 5351 ·
1884 5323 2029 5375 δέον-

444 5438 541 5472 ται
583 5420 695 5487 γάρ
721 5417 821 5486 τῆς
861 5416 1114 5486 τοιαύτης
1159 5415 1527 5476 διδασκαλίας.
1561 5406 1638 5465 Ού
1678 5413 1741 5484 δὴ
1791 5413 1951 5484 χάριν
2003 5416 2031 5466 ό

445 5513 591 5573 θεῖος
643 5507 965 5570 Ἀπόστολος
1022 5509 1100 5576 τῷ
1159 5505 1419 5576 μακαρίῳ
1463 5506 1609 5573 Τίτῳ
1656 5504 1880 5574 γράφων
1933 5507 2029 5559 καὶ

520 5646 564 5677 ³⁸
589 5644 695 5697 Tit.
721 5658 797 5707 ιιι,
825 5641 910 5696 Η.

522 5768 635 5836 (24)
668 5762 1019 5836 ,Κελεστιανῷ
1054 5762 1197 5836 apud
1229 5760 1424 5836 Baro_n.

2124 4611 2180 4656 et
2221 4599 2328 4653 illis
2367 4614 2465 4668 per
2497 4612 2600 4651 nos
2643 4597 2901 4651 solatium
2933 4592 3269 4664 suppeditat.
3300 4589 3415 4642 Hoc
3457 4600 3557 4656 ego
3591 4582 3710 4653 pic-

2129 4697 2292 4744 tatem
2329 4695 2475 4741 tuam
2500 4702 2620 4749 oro,
2659 4693 2721 4738 ut
2752 4682 3208 4754 praestantissimo
3256 4688 3312 4732 et
3352 4673 3710 4746 magniﬁcen-

2129 4782 2342 4836 tissimo
2375 4786 2597 4849 praestes
2641 4777 2967 4840 Celestiaco,
2999 4774 3094 4843 qui
3124 4787 3250 4826 cum
3283 4771 3504 4822 illorum
3536 4779 3712 4834 quon-

2129 4873 2253 4926 dam
2285 4869 2628 4941 Metropolim
2652 4867 2884 4929 ornarit,
2917 4870 3069 4919 nun‘c
3102 4877 3281 4931 neque
3313 4859 3506 4913 urbem
3531 4868 3712 4923 neque

2128 4964 2272 5017 lares
2319 4961 2506 5024 habet,
2537 4973 2717 5028 neque
2747 4955 2994 5012 subsidia
3024 4953 3151 5008 vita:
3179 4942 3507 5005 necessaria.
3532 4944 3713 5014 Opor-

2131 5063 2210 5108 tet
2259 5068 2390 5123 ergo
2443 5058 2504 5104 ut
2554 5050 2650 5120 qui
2698 5045 2845 5117 apud
2900 5045 3250 5102 sanctitatem
3305 5049 3455 5095 tuam
3505 5036 3714 5090 animas

2133 5143 2437 5214 pascendas
2493 5145 2878 5210 susceperunt,
2935 5135 3154 5192 civibus
3199 5131 3490 5203 profutura
3514 5141 3714 5196 sugge-

2133 5244 2278 5288 rant.
2332 5234 2507 5303 Egent
2552 5231 2700 5286 enim
2760 5227 3080 5300 hujusmodi
3125 5224 3436 5294 disciplina.
3479 5217 3635 5275 Unde
3662 5226 3717 5271 et

2133 5324 2354 5378 divinus
2372 5323 2670 5392 Apostolus
2693 5322 2855 5375 beato
2894 5318 3021 5372 Tito
3048 5316 3301 5371 scribens
3339 5313 3485 5366 inter
3517 5316 3720 5362 caetera

2136 5416 2252 5469 haec
2275 5413 2475 5485 adjecit
2511 5430 2525 5465 :
2586 5431 2603 5462 ‹
2632 5412 2856 5466 Discant
2875 5417 3060 5463 autem
3092 5415 3150 5461 et
3179 5404 3358 5460 nostri
3391 5399 3554 5457 bonis
3578 5413 3719 5466 opc~

2137 5508 2290 5562 ribus
2338 5520 2570 5578 praeesse
2610 5503 2677 5559 ad
2721 5517 2854 5558 usus
2895 5499 3239 5557 necessarios
3271 5497 3338 5550 ³⁸.
3370 5515 3387 5546 ›
3421 5491 3722 5548 Enimvero

523 5825 635 5906 {‘25)
666 5835 762 5893 Est
791 5842 846 5888 et
876 5825 1018 5904 apud
1067 5825 1260 5886 liaron.
1309 5830 1374 5884 ad
1425 5845 1552 5884 ann.
1602 5829 1728 5893 HO,
1774 5838 1904 5884 tom.
1939 5828 2030 5892 Vl,
2069 5843 2129 5897 p.
2158 5825 2211 5879 5.
