4078 6320
186 407 333 475 1213

1459 413 1827 474 EPISTULA
1874 412 2172 474 XXXVII.

3336 414 3473 477 1214

186 520 381 593 χηδόνι
404 518 638 586 πλοῦτος
670 520 913 575 ὲδείκνυε
934 521 1029 575 καὶ
1055 520 1346 576 δυναστεία
1373 521 1627 595 λαμπρόν
1648 541 1660 553 ·
1689 522 1782 577 νῦν

1891 523 2020 579 alias
2051 521 2276 593 quidem
2301 521 2449 592 apud
2471 520 2867 594 Carthaginem
2889 519 3099 578 divitia:
3127 529 3184 578 et
3228 525 3479 594 potentia

184 614 251 667 δι
302 610 506 667 τούτων
551 612 977 684 γεγυμνωμένον
1028 613 1285 667 εὐσέϐεια
1343 614 1439 668 καὶ
1490 614 1777 683 φιλοσοφία

187 708 431 775 κοσμιῖο
466 704 622 776 φέρει
654 704 766 777 γάρ
810 706 912 777 τὴν
942 703 1209 761 δοκοῦσαν
1239 706 1579 778 δυσπραξίαν
1619 704 1779 760 εὐθύ-

193 812 342 865 μως,
372 795 561 865 ἐπειδὴ
602 795 697 850 καὶ
724 794 825 867 τῆς
862 797 1100 866 ψυχικῆς
1133 796 1284 868 αὐτῷ
1313 796 1592 868 σωτηρίας
1618 796 1778 865 γεγέ-

186 900 358 955 νηται
390 885 667 956 πρόξενος.
694 877 865 949 Οὗτος
892 886 1122 954 ἀφίκετο
1154 887 1253 959 μὲν
1285 887 1424 959 πρὸς
1453 888 1601 957 ἡμᾶς
1641 887 1781 955 μετά

188 976 575 1047 γραμμάτων,
608 977 708 1049 τὴν
748 977 1022 1049 προτέραν
1072 978 1241 1033 αὑτοῦ
1273 978 1639 1033 διδασκόντων
1686 977 1780 1030 εὐ-

187 1068 438 1140 ημερίαν
461 1085 477 1102 ·
530 1067 733 1139 συχνὰς
759 1068 818 1123 δὲ
861 1070 992 1142 παρ’
1030 1072 1166 1143 ἡμῖν
1214 1070 1503 1143 διατρίψας
1537 1069 1773 1140 ἡμέρας,

187 1159 477 1231 παρέσχεν
507 1159 610 1229 τῆς
664 1160 863 1233 πείρας
891 1162 993 1231 τὴν
1037 1162 1366 1233 μαρτυρίαν.
1403 1156 1479 1216 Οὗ
1522 1160 1588 1231 δὴ
1621 1161 1781 1233 χάριν

189 1248 365 1303 αὐτὸν
402 1250 497 1302 καὶ
536 1250 961 1322 σπουδαιότερον
1010 1252 1077 1323 τῇ
1119 1254 1186 1323 σῇ
1226 1251 1569 1322 συνιστῶμεν
1612 1246 1784 1320 ἀγιω-

191 1338 358 1412 σύνῃ,
386 1339 482 1394 καὶ
539 1341 969 1412 παρακαλοῦμεν
998 1343 1094 1396 καὶ
1128 1345 1244 1407 τοῖς
1300 1343 1400 1413 τῆς
1430 1343 1639 1407 πόλεως
1688 1342 1781 1395 εύ-

192 1432 391 1504 πόροις
420 1431 583 1503 δῆλον
608 1434 773 1488 αὐτὸν
799 1433 888 1489 διά
917 1434 1017 1506 τῆς
1048 1434 1150 1505 σῆς
1180 1435 1438 1506 γενέσθαι
1469 1434 1777 1504 φιλοθεϊας·

190 1524 349 1590 εἰκὸς
371 1525 482 1597 γάρ
508 1525 732 1590 αὐτοὺς,
767 1523 837 1579 τὰ
870 1526 1014 1580 κατά
1051 1526 1213 1580 αὐτὸν
1247 1526 1661 1598 μεμαθηκότας,
1686 1527 1784 1579 καὶ

189 1616 303 1687 τὴν
351 1618 473 1689 ῐσην
518 1619 810 1683 δείσαντας
848 1617 1169 1690 συμφορὰν,
1205 1619 1509 1673 σπουδάσαι
1555 1619 1645 1673 διὰ
1681 1618 1786 1689 τῆς

195 1709 548 1781 συμπαθείας
584 1708 684 1782 τὴν
718 1709 987 1781 τιμωρίαν
1015 1710 1321 1779 διαφυγεῖν.
1384 1710 1784 1778 Ἀναγκάζεται

193 1801 311 1870 γάρ
362 1804 733 1871 περινοστεῖν,
784 1800 881 1855 are
938 1801 1004 1869 δὴ
1058 1801 1321 1855 πλειόνων
1371 1801 1785 1869 δαπανημάτων

1883 612 2243 681 conspicuum
2295 610 2647 666 reddebant:
2697 628 2849 668 nunc
2896 628 3028 668 vero
3072 613 3160 668 his
3182 614 3478 684 spoliatum

1882 703 2060 773 pietas
2086 711 2245 759 ornat
2268 713 2325 758 et
2352 703 2725 775 philosophia.
2765 703 2895 759 Fert
2925 705 3074 760 enim
3100 721 3259 775 aequo
3290 704 3478 760 animo

1884 809 2051 863 quam
2107 801 2305 865 putant
2357 793 2783 850 infelicitatem:
2844 796 3049 866 quippe
3100 812 3225 866 qua:
3280 794 3479 851 salutis

1884 884 2083 940 anima:
2114 886 2219 957 ipsi
2269 901 2431 942 causa
2460 886 2584 941 fuit.
2623 880 2786 943 Venit
2811 889 2858 943 is
2876 889 2945 943 ad
2967 904 3070 944 nos
3093 904 3219 944 cum
3253 888 3476 951 litteris,

1884 992 2009 1046 qua:
2070 978 2361 1047 pristinam
2422 980 2543 1051 ejus
2604 984 3032 1050 prosperitatem
3101 979 3477 1034 indicabant:

1885 1068 2185 1138 multisque
2217 1068 2360 1139 apud
2401 1085 2503 1125 nos
2532 1070 2731 1125 diebus
2757 1080 3152 1137 commoratus,
3183 1070 3481 1141 experien-

1887 1156 1977 1211 tiae
2029 1157 2268 1227 praebuit
2318 1158 2721 1215 testimonium.
2773 1158 3144 1228 Quamobrem
3174 1161 3483 1216 studiosius

1883 1247 2039 1302 illum
2092 1257 2199 1305 tum
2258 1251 2715 1307 commendamus
2773 1252 3088 1318 sanctitati,
3145 1266 3483 1323 oramusque

1891 1340 2107 1413 1096
2134 1352 2196 1397 ut
2224 1341 2444 1411 pietatis
2478 1351 2589 1397 tuas
2621 1358 2789 1413 opera
2827 1343 3108 1414 opulentis
3137 1343 3356 1399 civibus
3400 1343 3487 1397 in-

1885 1439 2161 1487 notescat.
2218 1432 2532 1489 Verisimile
2580 1434 2728 1489 enim
2780 1442 2867 1490 est
2918 1435 3068 1500 illos,
3117 1435 3213 1490 ubi
3240 1450 3331 1490 res
3362 1436 3485 1506 ejus

1886 1524 2198 1594 cognorint,
2239 1540 2429 1595 parem
2463 1534 2777 1581 metuentes
2815 1527 3207 1593 calamitatem,
3255 1542 3485 1598 operam

1886 1612 2136 1679 daturos,
2183 1623 2245 1669 ut
2288 1615 2731 1670 commiserando
2765 1630 2982 1685 poenam
3008 1615 3294 1687 eﬁ‘ugiant.
3322 1614 3488 1687 Cogi-

1888 1714 1981 1759 tur
2007 1720 2245 1775 namque
2268 1706 2587 1771 circumire,
2615 1716 2676 1762 ut
2711 1706 2808 1776 qui
2840 1709 3158 1779 sumptibus
3182 1718 3341 1780 egeat
3362 1724 3483 1764 am-

1892 1797 2187 1867 plioribus,
2214 1798 2363 1867 quod
2389 1815 2499 1853 una
2526 1816 2652 1854 cum
2677 1814 2747 1854 eo
2769 1798 2883 1855 sint
2908 1814 3070 1865 uxor,
3093 1808 3153 1855 et
3176 1798 3298 1866 ﬁlii,
3321 1807 3380 1856 et
3398 1798 3484 1855 fa-

150 1938 153 1939 ,
191 1890 481 1961 δεόμενος⁸
529 1890 748 1946 σύνεστι
787 1892 895 1965 γὰρ
925 1891 1079 1963 αὐτῷ
1128 1894 1225 1947 καὶ
1254 1892 1494 1964 γαμετὴ,
1525 1892 1619 1946 καὶ
1654 1908 1783 1946 παι-

1891 1888 2043 1955 muli,
2077 1887 2173 1958 qui
2196 1887 2564 1943 Barbarorum
2593 1904 2790 1945 manus
2822 1890 2987 1949 simul
3018 1897 3339 1947 evaserunt.

192 1985 310 2050 δία,
342 1985 436 2040 καὶ
463 1986 515 2040 οἱ
555 1987 937 2057 συμφυγόντες
969 1986 1177 2041 οἰκέται
1207 1986 1318 2039 τῶν
1359 1982 1651 2056 βαρϐάρων
1684 1982 1785 2047 τάς

194 2077 411 2148 χεῖρας.

333 2209 475 2278 ΔΕΓ.
500 2239 575 2251 -
609 2208 973 2279 Πομπητανῷ
1001 2210 1319 2275 ἐπισκόπφ
1361 2209 1643 2281 Ἐμέσης.

280 2319 595 2392 ’Δμφότερα
635 2317 755 2376 οἴδα
795 2322 1007 2391 σαφῶς,
1040 2324 1138 2377 καὶ
1193 2322 1304 2377 τῶν
1335 2324 1641 2395 χρημάτων
1683 2324 1787 2394 τὴν

196 2409 421 2474 σπάνιν,
449 2410 548 2465 καὶ
566 2412 669 2483 τὴν
712 2412 1122 2483 μεγαλοψυχίαν
1150 2413 1254 2484 τῆς
1286 2400 1539 2486 γνώμης,
1584 2415 1681 2468 καὶ
1708 2414 1785 2476 ώς

193 2498 298 2569 τὴν
318 2499 525 2556 ἔνδειαν
550 2502 585 2573 ἡ
613 2501 895 2573 φιλοτιμία
919 2505 1064 2575 νικᾷ.
1084 2504 1185 2557 Διά
1203 2521 1288 2557 τοι
1312 2503 1474 2558 τοῦτο
1494 2504 1788 2575 συνίστημί

198 2610 297 2647 σου
321 2595 398 2663 τῇ.
420 2592 662 2663 ὁσιότητι
689 2593 783 2647 τὸν
822 2593 1279 2665 θαυμασιώτατον
1316 2595 1412 2648 καὶ
1442 2594 1791 2665 μεγαλοπρε-

196 2685 472 2739 πέστατον
507 2684 875 2737 Κελεστιακδν
900 2724 915 2747 ,
956 2684 1171 2739 πολλῶν
1216 2686 1316 2755 μὲν
1352 2686 1654 2756 χρημάτων
1692 2686 1788 2738 καὶ

194 2773 496 2846 κτημάτων
531 2775 702 2829 πάλαι
731 2775 1001 2846 δεσπότην
1024 2777 1416 2848 γεγενημένον,
1449 2780 1586 2848 μετὰ
1620 2778 1687 2848 μό
1700 2796 1788 2849 ιης

206 2865 267 2918 δι
289 2864 388 2935 τῆς
423 2864 741 2935 ἐλευθερίας
771 2866 882 2923 τῶν
917 2866 1213 2937 βαρϐάρων
1243 2868 1341 2931 τὰς
1370 2871 1559 2938 χεῖρας
1595 2868 1788 2938 διαφυ-

2068 2205 2738 2288 XXXVI.—Pompeiano
2785 2206 3026 2279 episcopo
3078 2206 3305 2262 Emesa.

1958 2317 2224 2388 Apprime
2257 2327 2495 2387 utraque
2521 2315 2673 2383 novi,
2709 2324 2767 2372 et
2788 2315 3149 2388 pecuniarum
3170 2315 3484 2387 penuriam,

1887 2417 1945 2465 et
1982 2408 2153 2464 animi
2182 2409 2648 2481 magnitudinem,
2676 2416 2735 2464 et
2762 2407 3026 2479 egestatis
3048 2407 3336 2463 victricem
3361 2422 3486 2463 esse

1889 2501 2350 2557 muniﬁcentiam.
2377 2502 2683 2572 Propterea
2712 2499 3045 2555 commendo
3069 2499 3351 2555 sanctitati
3377 2508 3487 2555 tua:

1888 2592 2409 2662 praestantissimum
2459 2601 2517 2647 et
2571 2589 3185 2662 magniﬁcentissimum
3212 2588 3485 2646 Celestin-

1889 2696 2037 2747 eum,
2081 2681 2177 2752 qui
2226 2680 2533 2737 multarum
2566 2682 2943 2752 pecuniarum
2980 2687 3037 2735 et
3068 2679 3488 2750 possessionum

1889 2772 2149 2828 dominus
2172 2772 2304 2829 olim
2330 2772 2456 2838 fuit,
2484 2772 2602 2828 sola
2638 2787 2770 2828 vero
2798 2787 2926 2828 cum
2978 2770 3238 2827 libertate
3289 2770 3493 2826 Barba-

1892 2880 2080 2922 rorum
2114 2880 2313 2920 manus
2367 2864 2564 2929 evasit,
2617 2872 2673 2919 et
2708 2870 3039 2934 proventum
3093 2861 3161 2917 ad
3194 2861 3324 2918 Viue
3362 2877 3491 2918 sus-

194 2957 386 3024 γόντα,
420 2957 518 3010 καὶ
564 2956 831 3026 πρόσοδον
869 2959 949 3021 είς
981 2956 1238 3028 ἀφορμὴν
1285 2958 1406 3028 βίου
1451 2959 1548 3012 νῦν
1592 2958 1786 3028 ἔχοντα

1892 2955 2253 3013 tentationem
2300 2971 2452 3010 nunc
2502 2970 2676 3010 unum
2727 2954 2917 3019 habet,
2954 2969 3151 3009 eorum
3206 2953 3304 3023 qui
3364 2952 3491 3022 pie-

194 3046 308 3101 τῶν
328 3047 469 3101 κατά
495 3046 596 3118 τὴν
628 3046 727 3119 σὴν
752 3047 1031 3115 φιλοθείαν
1060 3047 1160 3119 τὴν
1188 3048 1787 3119 εύ’σπλαγχνίαν.”Εχει

1894 3044 2024 3099 tatis
2046 3053 2157 3099 tua:
2193 3042 2405 3099 similes
2447 3050 2579 3097 sunt
2611 3040 3073 3097 misericordiam.
3106 3040 3269 3095 Ducit
3306 3049 3490 3096 autem

194 3135 255 3190 δὲ
282 3136 378 3189 καὶ
416 3136 714 3207 φροντίδων
764 3137 966 3208 ἑσμόν·
1016 3137 1237 3193 σύνεστι
1284 3138 1396 3209 γὰρ
1431 3138 1582 3210 αὐτῷ
1614 3140 1710 3193 καὶ
1750 3140 1785 3211 η

1893 3149 2085 3192 secum
2132 3142 2191 3191 et
2243 3149 2505 3190 curarum
2556 3149 2814 3190 examen.
2844 3133 2983 3190 Cum
3024 3134 3145 3204 ipso
3176 3132 3327 3187 enim
3361 3139 3493 3186 sunt

194 3223 296 3280 τοῦ
326 3223 444 3295 βίου
475 3225 749 3290 κοινωνὸς,
781 3226 879 3278 καὶ
914 3225 984 3279 τὰ
1037 3226 1249 3292 παιδία,
1294 3228 1390 3281 καὶ
1430 3226 1783 3295 θεράποντες,

1891 3239 1949 3287 et
1990 3230 2117 3284 vita:
2158 3225 2332 3293 socia,
2380 3232 2439 3281 et
2488 3223 2610 3291 ﬁlii,
2665 3234 2724 3281 et
2760 3224 2973 3290 famuli,
3008 3240 3151 3295 quos
3174 3237 3286 3277 non
3319 3222 3493 3277 solius

195 3314 263 3369 ού
296 3312 385 3367 διὰ
428 3314 622 3385 χρείαν
673 3314 865 3384 μόνην,
916 3313 1054 3369 ἀλλά
1088 3316 1184 3368 καὶ
1231 3315 1323 3369 διὰ
1373 3316 1787 3388 φιλανθρωπίαν

1891 3317 2243 3377 necessitatis
2282 3332 2458 3372 causa
2520 3317 2744 3380 retinet,
2797 3332 2992 3371 verum
3037 3315 3206 3371 etiam
3236 3312 3492 3371 humani-

206 3406 463 3468 συνόντες
484 3420 498 3436 °
529 3406 628 3476 οὐχ
657 3407 874 3476 ἡγεῖται
900 3405 1009 3478 γάρ
1029 3406 1176 3461 ὅσιον
1216 3406 1490 3461 ἀπολῦσαι
1528 3408 1654 3471 τοὺς
1687 3407 1789 3461 οὐκ

195 3498 603 3568 ἀνασχομένους
634 3495 979 3551 καταλιπεῖν.
1006 3496 1207 3551 Τοῦτον
1241 3500 1334 3554 καὶ
1362 3501 1473 3561 τοῖς
1495 3499 1789 3569 εὐποροῦσι

198 3590 316 3645 τῶν
344 3590 583 3643 πολιτῶν
630 3589 912 3662 γνώριμον
954 3591 1210 3660 γενέσθαι
1253 3590 1341 3644 διὰ
1385 3591 1483 3660 τῆς
1518 3590 1619 3657 σῆς
1650 3589 1793 3658 φιλο-

200 3682 357 3747 Beia;
381 3682 718 3753 παρακαλῶ’
750 3678 905 3753 οἶμαι
932 3682 1064 3753 γὰρ,
1088 3682 1163 3745 ὼς
1214 3681 1312 3734 καὶ
1350 3680 1503 3751 παρὰ
1542 3680 1643 3750 τῆς
1691 3680 1792 3751 σῆς

197 3772 480 3841 ὁσιότητος
499 3771 902 3841 διδασκόμενοι,
926 3773 1022 3826 καὶ
1051 3772 1151 3841 τὴν
1168 3773 1270 3842 τῆς
1290 3770 1591 3841 εὐπραξίας
1620 3770 1793 3841 ὁρῶν-

200 3878 299 3925 τες
335 3860 663 3933 μεταϐολὴν,
690 3861 794 3933 τὴν
827 3860 951 3934 σὴν,
974 3860 1229 3924 δέσποτα,
1265 3861 1675 3932 μεγαλοψυχίαν
1710 3877 1793 3930 μι-

205 3952 496 4023 μήσονται,
546 3951 776 4015 καὶτῆς
822 3952 1058 4023 δυνατῆς
1101 3951 1264 4004 αὑτὸν
1298 3950 1594 4018 ἀξιώσουσι
1633 3950 1796 4022 θεραο

202 4042 389 4107 πείας,
416 4041 519 4113 τῆς
549 4042 769 4113 φύσεως
802 4041 864 4095 τὸ
894 4043 1075 4097 κοινὸν
1107 4041 1477 4113 λογισάμενοι.

554 4177 673 4232 ΛΖ¹.
696 4205 768 4216 -
795 4175 1150 4242 Σαλουστίῳ
1172 4174 1438 4253 ἄρχοντι.

280 4290 455 4346 Ὅταν
504 4291 555 4344 οἱ
584 4289 776 4361 ἄρχειν
823 4289 1080 4360 λαχόντες
1109 4288 1348 4351 ἀκλινῶς
1392 4287 1670 4359 κατέχωσι
1696 4288 1795 4358 τὴν

203 4384 308 4453 τῆς
335 4382 491 4452 δίκης
518 4382 813 4453 τρυτάνην,
840 4384 933 4435 καὶ
958 4381 1087 4445 ἴσως
1104 4381 1203 4451 τὴν
1228 4382 1472 4453 ἀρτάνην
1500 4382 1793 4445 ἀνέλκωσι,

210 4471 571 4527 παντοδαπιῖδν
603 4472 826 4541 ἀγαθῶν
850 4475 963 4536 τοῖς
995 4473 1321 4544 ἀρχομένοις
1348 4472 1672 4543 προξενοῦσι
1702 4491 1798 4541 φο-

1892 3411 2021 3465 tatis
2058 3426 2071 3463 :
2109 3406 2240 3479 quia
2270 3406 2427 3462 nelas
2459 3405 2617 3461 ducit
2641 3421 2739 3461 eos
2792 3406 3094 3470 dimittere,
3152 3406 3249 3475 qui
3311 3406 3491 3475 ipsum

1893 3500 2155 3555 deserere
2203 3514 2316 3553 non
2365 3497 2777 3554 sustinuerunt.
2842 3498 3001 3553 Hunc
3054 3498 3262 3553 civium
3319 3496 3490 3550 etiam

1892 3591 2185 3647 ditissimis
2237 3605 2407 3660 opera
2452 3598 2544 3645 tua
2593 3589 2942 3647 innotescere
2994 3591 3182 3661 cupio.
3218 3589 3309 3644 Sic
3339 3588 3490 3643 enim

1892 3680 2143 3737 futurum
2174 3680 2438 3745 arbitror,
2466 3688 2529 3735 ut
2555 3678 2779 3750 pietatis
2805 3686 2914 3734 tuae
2942 3679 3261 3751 magisterio
3282 3677 3489 3743 edocti,

1892 3780 1950 3827 ct
1995 3771 2279 3827 felicitatis
2315 3780 2612 3827 cernentes
2638 3773 3024 3836 mutationem,
3061 3780 3119 3826 et
3143 3769 3313 3835 animi
3345 3774 3361 3791 '
3388 3769 3490 3835 tui,

1899 3863 2145 3928 domine,
2193 3861 2632 3933 magnitudinem
2682 3862 2997 3927 imitentur,
3042 3870 3099 3917 et
3138 3876 3493 3917 communem

1894 3966 2150 4011 naturam
2204 3963 2546 4025 reputantes,
2599 3955 2909 4011 subsidium
2950 3955 3001 4010 ei
3051 3952 3345 4008 conferant
3390 3966 3493 4023 pro

1898 4048 2179 4104 facultate.

2114 4182 2328 4254 1097
2358 4182 2621 4239 XXXVII.
2654 4212 2725 4223 —--
2753 4181 2991 4239 Salustio
3018 4185 3255 4255 praesidi.

1967 4294 2074 4361 Qui
2099 4294 2481 4366 magistratum
2507 4295 2694 4349 sortiti
2733 4295 3001 4350 trutinam
3024 4296 3257 4367 justitia:
3278 4306 3488 4353 rectam

1902 4392 2113 4449 tenent,
2137 4400 2203 4440 ac
2238 4384 2552 4439 funiculum
2604 4384 2898 4454 aequaliter
2929 4386 3212 4450 attollunt,
3256 4385 3328 4441 iis
3352 4401 3495 4455 quos

1903 4485 2100 4545 regunt
2121 4476 2399 4531 bonorum
2418 4475 2666 4531 omnium
2684 4477 2899 4546 copiam
2918 4476 3166 4545 pariunt.
3184 4476 3342 4543 Quod
3363 4476 3409 4532 si
3435 4484 3495 4531 et

211 4563 338 4635 ράν.
388 4564 489 4616 “Av
522 4563 577 4616 δὲ
612 4561 677 4633 δὴ
708 4561 805 4616 καὶ
849 4560 1064 4626 σύνεσις
1113 4561 1416 4634 ἀποχρῶσα
1436 4566 1639 4634 προσῇ,
1696 4565 1788 4617 καὶ

1896 4570 2190 4641 prudentia
2210 4567 2488 4624 sulhciens
2513 4568 2677 4633 adsit,
2696 4574 2753 4622 et
2784 4567 3147 4622 humanitatis
3165 4569 3221 4622 in
3245 4583 3374 4623 eum
3396 4568 3494 4639 qui

209 4650 625 4721 φιλανθρωπίας
641 4652 721 4723 τῷ
738 4652 943 4721 ταύτης
957 4651 1196 4722 δεομένῳ
1212 4651 1570 4723 προστίθηται
1588 4650 1790 4722 ψῆφος,

210 4742 597 4798 πολλαπλάσια
621 4745 735 4806 τοῖς
775 4742 1038 4813 ὑπηκόοις
1062 4744 1128 4796 ὲκ
1146 4742 1257 4797 τῶν
1287 4746 1525 4816 ἀρχείων
1556 4743 1787 4799 ἀναϐλα-

209 4836 399 4890 στάνει
429 4832 541 4903 (28)
575 4834 739 4889 καλά.
764 4834 985 4888 Τούτων
1027 4836 1116 4889 διά
1150 4837 1250 4907 τῆς
1282 4837 1381 4906 σῆς
1413 4835 1795 4906 λαμπρότητος

210 4911 625 4987 ἀπολαύσαντες
659 4924 1053 4995 Εὐφρατήσιοι,
1079 4927 1175 4979 καὶ
1194 4926 1293 4996 τὴν
1327 4928 1522 4995 πεῖραν
1545 4925 1796 4978 διδάσκα-

211 5019 302 5071 λον
337 5014 554 5087 ἔχοντες
578 5016 687 5069 τῶν
711 5016 812 5085 τῆς
846 5016 1121 5087 προτέρας
1157 5016 1335 5087 ἀρχῆς
1375 5016 1597 5085 ἀγαθῶν
1624 5057 1639 5083 ,
1674 5018 1797 5087 ὲχόα

196 5096 419 5179 ρευσαν
441 5107 535 5159 ἐπὶ
562 5105 655 5160 τοῦ
684 5107 973 5174 παρόντος,
1009 5108 1107 5179 τὴν
1142 5107 1241 5180 σὴν
1287 5108 1674 5179 μεμαθηκότες
1704 5126 1792 5179 με·

211 5199 620 5269 γαλοπρέπειαν
644 5199 1052 5270 ἐγχειρισθῆναι
1082 5200 1183 5269 τῆς
1212 5200 1388 5272 ἀρχῆς
1426 5200 1496 5253 τά
1540 5200 1797 5272 πηδάλια.

224 5289 369 5361 Ἐγὼ
386 5290 445 5345 δὲ
480 5290 746 5360 μειζόνων
777 5293 975 5357 αὐτοὺς
1023 5292 1255 5363 εὔχομαι
1302 5294 1486 5363 τυχεῖν
1529 5293 1753 5361 ἀγαθῶν
1781 5335 1797 5359 ,

212 5388 306 5439 καὶ
338 5385 439 5454 τὴν
465 5383 564 5455 σὴν
586 5384 948 5455 λαμπρότητα
978 5384 1225 5447 πλείονος
1254 5384 1507 5448 εὐκλείας
1559 5387 1797 5455 μεταλα-

215 5477 330 5531 ϐεῖν
360 5476 471 5547 (29)
495 5494 508 5507 ·
544 5477 912 5549 προστεθῆναι
941 5477 996 5530 δὲ
1024 5480 1136 5541 τοῖς
1165 5477 1344 5541 ἄλλοις
1367 5478 1553 5542 καλοῖς
1590 5479 1682 5531 καὶ
1705 5480 1797 5532 τὸν

215 5569 500 5639 κολοφῶνα
550 5568 658 5621 τῶν
707 5568 928 5637 ἀγαθῶν
976 5569 1073 5638 τὴν
1103 5569 1386 5623 εὐσέϐειαν
1412 5612 1425 5635 ,
1469 5570 1557 5624 ἵνα
1586 5569 1662 5640 μὴ
1688 5589 1797 5641 χω-

213 5660 344 5733 λεύῃ
381 5660 492 5714 τῶν
520 5659 978 5730 ἐγκωμιαζόντων
1011 5661 1040 5713 ό
1070 5658 1308 5725 ἔπαινος.
1343 5661 1586 5716 Ἠλπισα
1612 5662 1669 5715 δὲ
1703 5664 1797 5716 καὶ

286 5817 396 5880 (1’8)
431 5814 841 5869 ἀναϐλυστάνει.
874 5814 1041 5882 Neap.

1890 4670 2015 4733 eget
2051 4660 2377 4732 suﬁ'ragium
2404 4659 2656 4725 accedat,
2679 4660 3014 4731 multiplicia
3038 4660 3092 4714 in
3129 4661 3386 4716 subditos
3424 4675 3497 4717 ex

1894 4753 2166 4824 praetoriis
2208 4752 2498 4809 commoda
2548 4752 2882 4807 redundant.
2916 4752 3015 4809 His
3042 4770 3143 4824 per
3182 4754 3493 4810 claritatem

1895 4850 2045 4895 tuam
2084 4840 2391 4913 degustatis
2436 4841 2818 4911 Euphratesii,
2877 4844 3203 4915 magistram
3222 4845 3495 4900 habentes

1894 4931 2291 5000 experientiam
2304 4932 2575 4986 bonorum
2600 4934 2807 5002 prioris
2833 4932 3359 4999 administrationis,
3391 4951 3494 4990 ex-

1896 5018 2176 5073 sultarunt
2196 5018 2382 5084 modo,
2417 5034 2541 5073 cum
2577 5020 3001 5091 magniﬁcentiae
3058 5034 3165 5077 tuae
3198 5024 3497 5081 commissa

1897 5112 2241 5181 praefectum
2316 5112 2698 5183 gubernacula
2770 5114 3116 5169 didicerunt.
3180 5116 3296 5187 Ego
3354 5134 3495 5174 vero

1897 5205 2109 5274 majora
2139 5202 2265 5259 illos
2292 5204 2560 5273 consequi
2594 5214 2727 5275 opto
2758 5204 2926 5269 bona,
2968 5217 3025 5262 et
3046 5207 3330 5276 ampliore
3379 5208 3492 5263 cla-

1897 5294 2119 5350 ritatem
2146 5306 2295 5350 tuam
2328 5296 2502 5367 gloria
2536 5297 2727 5366 p0tiri,
2761 5305 2930 5366 atque
2954 5298 3023 5353 ad
3052 5308 3250 5355 caetera
3286 5298 3492 5355 eximia

1902 5386 2043 5441 bona
2074 5387 2351 5442 bonorum
2382 5388 2751 5457 colophonem
2780 5389 2945 5461 adjici
2972 5391 3260 5460 pietatem,
3284 5407 3356 5445 ne
3386 5408 3491 5445 cn-

1898 5478 2075 5532 comia
2104 5478 2506 5533 celebrantium
2539 5480 2815 5537 claudicet
2850 5480 3117 5537 laudatio.
3150 5482 3323 5537 Porro
3360 5468 3489 5552 spe1

1898 5572 2107 5637 rabam,
2136 5587 2247 5641 quo
2310 5574 2562 5641 tempore
2609 5575 2752 5644 apud
2803 5573 3145 5645 Hierapolim
3199 5576 3489 5645 plusculos

1897 5664 2017 5719 dies
2063 5666 2274 5719 versari
2314 5675 2540 5720 coactus
2579 5683 2723 5733 sum,
2794 5668 2848 5723 in
2896 5668 3316 5739 magniﬁcentia:
3376 5676 3495 5725 tua:

1908 5856 1916 5863 -
1973 5818 2081 5883 (29)
2120 5819 2461 5891 μεταλαχεῖν.
2498 5820 2667 5876 Idem.
