4078 6320
648 351 785 417 1215

1643 347 2131 413 THEODORETI
2169 346 2508 407 EPISCOPI
2546 347 2912 409 CYRENSIS

3793 341 3927 405 1216

642 476 1004 537 congressum
1024 476 1113 516 me
1135 469 1458 527 venturum,
1477 471 1534 517 et
1552 460 1918 516 adventantes
1932 466 2222 531 perconta-

2327 456 2714 524 συναύξεσθαι
2746 474 2838 511 σου
2859 461 2927 529 τῇ
2956 454 3426 530 μεγαλοπρεπείᾳ,
3472 453 3644 524 ήνίκα
3699 451 3923 512 πλεῖους

648 558 747 611 bar
769 554 1012 617 assidue,
1040 568 1110 607 an
1146 553 1483 623 praestantia:
1509 562 1615 607 tua:
1650 552 1812 606 allata
1852 558 2038 607 essent
2080 550 2218 605 insi-

645 647 771 718 gnia
816 644 1188 713 magistratus.
1217 643 1327 699 Sed
1361 646 1492 713 quia
1522 644 1754 713 urgebat
1793 643 1982 697 divina
2025 650 2083 696 et
2128 655 2219 695 sa-

643 736 839 791 lutaris
888 736 1176 799 festivitas,
1230 734 1298 789 ad
1351 736 1701 789 commissam
1749 734 1886 788 mihi
1936 733 2219 787 civitatem

644 842 768 882 sum
818 842 1093 882 reversus.
1153 826 1312 880 Nunc
1333 842 1469 882 vero
1511 827 1754 896 acceptis
1800 822 2221 894 magniﬁcentia:

648 928 757 973 tua:
791 918 1013 981 litteris,
1038 926 1204 987 atque
1227 918 1314 973 bis
1341 918 1644 989 plurimum
1700 916 1958 981 recreati,
1989 924 2046 970 et
2074 916 2221 970 salu-

648 1011 877 1064 tationis
935 1010 1186 1064 debitum
1216 1011 1572 1074 exsolvimus,
1609 1019 1667 1066 et
1692 1008 2218 1066 reverendissimum

646 1116 712 1155 ac
735 1100 1215 1172 religiosissimum
1265 1101 1581 1166 diaconum,
1638 1116 1905 1177 aquarum
1954 1099 2219 1169 indagan-

646 1192 841 1247 darum
866 1194 963 1249 Dei
995 1194 1264 1265 beeneﬁcio
1296 1195 1558 1264 peritum,
1578 1202 1641 1247 ut
1678 1195 1921 1265 iussisti,
1966 1192 2221 1247 misimus

646 1301 677 1339 e
704 1285 1153 1356 vestigio.'Faxit
1186 1287 1458 1357 benignus
1487 1288 1775 1353 Dominus,
1816 1297 1879 1343 ut
1921 1296 1973 1341 et
2006 1285 2220 1340 civitati

650 1376 851 1430 utilem
880 1377 1140 1433 exhibeat
1191 1393 1437 1449 operam,
1469 1389 1526 1434 et
1546 1379 1783 1434 claritati
1825 1388 1930 1434 tum
1977 1387 2221 1449 segetem

648 1465 855 1535 gloria.

940 1659 1165 1731 1098
1209 1656 1594 1716 XXXVIII.'—
1618 1658 1971 1714 Heortastica.

723 1769 918 1824 Divina
950 1779 1007 1824 et
1046 1771 1306 1825 salutaris
1333 1770 1612 1825 festivitas
1643 1784 2035 1823 concessorum
2060 1769 2223 1823 nobis
2256 1799 2297 1852 Β

649 1874 681 1912 a
712 1860 824 1914 Deo
846 1860 1116 1915 bonorum
1170 1860 1353 1916 fontes
1390 1861 1598 1926 attulit,
1644 1860 1827 1915 crucis
1868 1858 2221 1923 beneﬁcium,

650 1948 1141 2016 immortalitatem,
1179 1962 1365 2005 natam
1384 1966 1452 2005 ex
1478 1950 1762 2005 Dominica
1792 1959 1968 2004 morte
2003 1949 2223 2004 Domini

649 2041 825 2095 nostri
860 2041 991 2096 Jesu
1052 2042 1537 2105 resurrectionem,
1574 2057 1698 2111 qua:
1726 2055 2074 2095 communem
2108 2056 2227 2093 om-

647 2130 816 2186 nibus
868 2131 1333 2186 reaurrectionem
1369 2132 1685 2201 pollicetur.
1744 2130 1871 2187 llaec
1937 2130 2226 2201 proferens

646 2221 939 2286 festivitas,
983 2231 1041 2277 et
1074 2223 1275 2277 divinae
1308 2224 1499 2293 gratiae
1551 2222 1988 2277 muniﬁcentiam
2033 2232 2225 2277 osten-

646 2312 787 2367 dens
812 2313 878 2367 ad
904 2313 1210 2383 spiritalem
1245 2314 1491 2369 laetitiam
1527 2314 1882 2385 provocabat.
1921 2313 2027 2368 Sed
2077 2312 2225 2368 cala-

648 2404 1060 2474 mitatum,quae
1093 2405 1337 2475 undique
1360 2420 1465 2460 nos
1496 2404 1880 2468 circumstant,
1905 2403 2225 2475 magnitudo

646 2502 703 2548 et
738 2494 1037 2550 multitudo
1056 2493 1375 2551 festivitatis
1402 2498 1419 2515 ‘
1443 2494 1779 2549 hilaritatem
1806 2494 2144 2559 obscuravit,
2170 2503 2228 2549 et

648 2586 903 2656 planctus
963 2586 1255 2657 luctusque
1309 2586 1516 2641 divinis
1580 2585 1840 2641 laudibus
1902 2584 2223 2640 admiscuit.

649 2675 811 2731 Tales
833 2678 1037 2747 quippe
1061 2685 1190 2732 sunt
1217 2676 1383 2732 ftetus
1403 2676 1635 2748 peccati.
1654 2675 1771 2732 Hoc
1792 2675 1941 2731 enim
1971 2684 2058 2731 est
2077 2676 2227 2745 quod

647 2768 838 2823 dolore
860 2770 1027 2823 vitam
1055 2777 1304 2824 nostram
1344 2770 1580 2839 replevit
1619 2787 1631 2823 :
1680 2776 1906 2839 propter
1931 2768 2039 2823 hoc
2065 2783 2219 2822 ama-

649 2858 816 2912 bilior
853 2859 1014 2914 nobis
1042 2875 1194 2915 mors
1218 2875 1383 2930 quam
1419 2859 1560 2914 vita:
1596 2868 1823 2930 propter
1845 2860 1952 2913 hoc
1984 2860 2225 2913 futuram

646 2963 868 3018 quoque
888 2950 1056 3004 vitam
1092 2950 1565 3015 exhorrescimus,
1627 2950 2049 3021 incorruptibile
2091 2951 2225 3006 illud

649 3040 891 3095 tribunal
917 3042 1375 3113 contemplantes.
1413 3041 1548 3097 Onet
1580 3042 1766 3112 itaque
1804 3044 1980 3112 pietas
2016 3050 2132 3107 tua,
2166 3052 2227 3099 ut

2320 550 2380 602 tv
2428 549 2729 619 Ἱεραπόλει
2775 549 3062 619 διαγαγεῖν
3103 547 3457 619 ἠναγκάσθην
3506 545 3784 615 ἡμέρας
3833 544 3925 596 καὶ

2320 641 2429 696 τῶν
2464 645 2877 712 ἀφικνουμένων
2901 641 3166 715 διηνεκῶς
3201 639 3615 710 ἐπυνθανόμην,
3637 640 3697 691 εί
3728 638 3917 704 ἀπομί-

2323 735 2426 813 σθη
2461 752 2556 788 σου
2589 738 2652 806 τῇ
2696 736 3094 806 θαυμασιὸτητι
3144 733 3214 787 τά
3266 731 3515 803 σύμϐολα
3555 731 3662 799 τῆς
3721 728 3916 799 ἀρχῆς.

2333 827 2559 897 Ἐπειδὴ
2584 827 2640 881 δὲ
2675 829 2709 898 ἡ
2747 827 2867 881 θεία
2906 829 3001 881 καὶ
3054 828 3320 897 σωτήριος
3353 822 3691 887 κατέπειξεν
3736 821 3912 891 ἑορτή,

2320 914 2418 986 τὴν
2448 916 2883 985 ὲγχειρισθεῐσαν
2915 917 3045 987 ἡμῖν
3076 914 3447 985 κατελάϐομεν
3477 912 3665 967 πόλιν.
3715 912 3837 964 Νῦν
3864 912 3914 964 δὲ

2321 1006 2388 1059 τὰ
2407 1005 2507 1074 τῆς
2534 1005 2634 1073 σῆς
2660 1005 3136 1077 μεγαλοπρεπείας
3157 1002 3437 1074 δεξάμενοι
3459 1002 3806 1074 γράμματα,
3829 1003 3911 1053 καὶ

2320 1095 2445 1149 λίαν
2489 1095 2782 1165 ἡσθέντες,
2825 1097 2921 1150 καὶ
2959 1099 3023 1150 τὸ
3069 1097 3171 1167 τῆς
3209 1095 3574 1167 προσρήσεως
3624 1094 3911 1161 ὲκτίνομεν

2323 1185 2503 1256 χρέος,
2540 1187 2631 1240 καὶ
2665 1187 2755 1240 τὸν
2788 1187 3121 1258 τιμιώτατον
3149 1188 3240 1240 καὶ
3277 1184 3691 1238 εὐλαϐέστατον
3735 1184 3908 1250 διά-κου

2324 1292 2435 1338 νον,
2470 1275 2565 1328 σὺν
2601 1272 2724 1346 Θεῷ
2755 1276 2944 1345 φάναι,
2979 1276 3071 1329 τὸν
3120 1275 3452 1347 ὑδροσκὸπον
3497 1274 3580 1337 ὡς
3615 1272 3907 1335 ἐκέλευσας

2324 1366 2727 1438 ἀπεστείλαμεν
2759 1369 3094 1439 παραυτίκα.
3132 1367 3411 1440 Παράσχοι
3446 1366 3503 1419 δὲ
3526 1366 3558 1416 ὁ
3601 1364 3903 1435 φιλάνθρω-

2325 1474 2426 1520 πος
2453 1458 2732 1529 Δεσπότης
2756 1458 2979 1530 πορίσαι
3008 1460 3172 1514 αὐτὸν
3195 1458 3289 1512 καὶ
3315 1460 3381 1528 τῇ
3412 1457 3570 1511 πόλει
3600 1458 3802 1527 χρείαν
3820 1456 3903 1509 καὶ

2324 1550 2389 1617 τῇ
2430 1547 2776 1620 λαμπρότητί
2797 1565 2891 1603 σου
2918 1552 3195 1621 πρόφασιν
3233 1548 3497 1614 εὐδοξίας·

2763 1661 2894 1713 AH’.
2932 1691 3005 1700 —
3054 1659 3455 1729 Ἐορταστική.

2408 1773 2468 1826 'H
2516 1774 2614 1843 μὲν
2663 1773 2783 1826 θεία
2831 1772 2929 1826 καὶ
2970 1774 3233 1843 σωτήριος
3259 1770 3419 1843 ἑορτὴ
3468 1770 3583 1824 τῶν
3617 1770 3903 1824 θεοσδάεων

2327 1866 2462 1934 ἡμῖν
2510 1863 2734 1933 ἀγαθῶν
2766 1865 3130 1935 προσενήνοχε
3159 1863 3261 1927 τάς
3295 1862 3498 1931 πηγὰς,
3526 1864 3629 1914 τοῦ
3668 1859 3894 1931 σταυροῦ

2325 1956 2425 2027 τὴν
2447 1955 2720 2023 εὐλογίαν,
2751 1956 2850 2027 τὴν
2875 1955 3196 2019 ἀθανασίαν,
3226 1956 3323 2025 τὴν
3352 1958 3414 2008 ὲκ
3440 1953 3536 2007 τοῦ
3570 1952 3899 2007 deam-um?

2326 2048 2560 2102 θανάτου
2590 2048 2969 2118 βλαστήσασαν
3005 2046 3099 2100 τοῦ
3130 2047 3335 2117 Κυρίου
3370 2046 3528 2115 ήμῶν
3596 2045 3777 2114 Ἰησοῦ
3812 2046 3899 2118 τήν

2327 2145 2643 2208 ἀνάστασιν,
2683 2144 2717 2214 ἢ
2768 2143 2866 2216 τὴν
2913 2142 3095 2213 κοινήν
3141 2143 3437 2196 ἀνάστασιν
3488 2141 3898 2209 ἐπαγγέλλεται.

2329 2233 2517 2290 Ταῦτα
2551 2237 2585 2305 ή
2612 2235 2773 2308 ἑορτὴ
2814 2235 3222 2305 προσφέρουσα,
3263 2234 3357 2287 καὶ
3380 2234 3482 2304 τῆς
3509 2232 3665 2296 θείας
3691 2232 3900 2303 χάριτος

2324 2326 2425 2397 τὴν
2459 2326 2770 2396 φιλοτιμίαν
2792 2324 3163 2390 ὲπιδεικνῢσα,
3186 2324 3281 2396 τὴν
3306 2324 3689 2394 πνευματικὴν
3713 2325 3902 2395 εὐφρο-

2329 2417 2495 2487 σύνην
2528 2416 3005 2487 ἐπραγματεύετο.
3035 2414 3155 2467 Τῶν
3186 2415 3241 2468 δὲ
3268 2412 3564 2484 συμφορῶν
3594 2413 3661 2465 τδ
3683 2413 3899 2484 μέγεθος

2326 2506 2517 2559 καὶτὸ
2547 2504 2751 2574 πλῆθος
2801 2503 3069 2557 πάντοθεν
3117 2505 3263 2574 ἡμᾶς
3314 2502 3728 2576 περιστοιχίζον
3753 2544 3769 2568 ,
3812 2504 3901 2573 τῆς

2326 2599 2525 2670 ἑορτῆς
2569 2598 2671 2670 τὴν
2707 2597 2979 2668 θυμηδίαν
3020 2596 3339 2668 ἠμαύρωσε,
3388 2597 3484 2650 καὶ
3532 2596 3787 2667 οἰμωγὰς
3819 2598 3903 2650 καὶ

2328 2693 2560 2763 θρήνους
2588 2695 2710 2755 ταῖς
2739 2690 3037 2761 ὑμνῳδίαις
3063 2688 3304 2759 ἀνέμιξε.
3327 2686 3566 2742 Τοιαῦτα
3587 2687 3701 2757 γὰρ
3722 2688 3793 2739 τά
3814 2686 3904 2756 τῆς

2329 2782 2605 2853 ἁμαρτίας
2642 2782 2921 2851 κυήματα.
2948 2778 3098 2849 Αὕτη
3130 2779 3243 2849 γὰρ
3266 2777 3456 2848 ὀδύνης
3488 2776 3580 2830 τὸν
3617 2776 3735 2846 βίον
3755 2776 3906 2848 ήμῶν

2304 2873 2614 2943 ἀνέπλησε.
2645 2873 2744 2926 Διά
2768 2872 2973 2943 ταύτην
3016 2871 3421 2943 ἐρασμιώτερος
3452 2871 3586 2941 ήμϊν
3622 2871 3652 2922 6
3684 2870 3907 2933 θάνατος

2327 2963 2426 3032 τῆς
2450 2962 2596 3031 ζωῆς
2614 2982 2628 2993 ⁵
2652 2962 2740 3016 διὰ
2777 2962 2984 3031 ταύτην
3006 2963 3101 3015 καὶ
3136 2961 3229 3015 τὸν
3266 2960 3529 3031 μέλλοντα
3555 2960 3910 3031 πεφρίκαμεν

2333 3055 2466 3127 βίον,
2500 3056 2563 3109 τὸ
2594 3056 2891 3110 ἀδέκαστον
2921 3057 3103 3109 ἐκεῖνο
3149 3055 3433 3125 κριτήριον
3483 3051 3908 3123 φανταζόμενοι.

649 3132 809 3186 nobis
859 3132 1102 3188 divinam
1132 3134 1526 3206 benignitatem
1568 3136 1855 3205 consequi,
1898 3152 1962 3190 ac
2005 3138 2222 3191 tristem

2328 3145 2593 3210 Εὑξάσθω
2640 3146 2818 3199 τοίνυν
2869 3147 2903 3215 ή
2952 3144 3234 3198 θεοσέϐειά
3294 3160 3408 3207 σου,
3433 3143 3536 3213 τῆς
3567 3142 3731 3207 θείας
3770 3144 3910 3215 ἡμᾶς

649 3221 791 3276 lianc
825 3232 882 3277 et
941 3223 1347 3279 formidandam
1379 3225 1583 3279 nubem
1634 3224 1926 3294 dissipare,
1974 3241 2224 3296 puraque

647 3314 1054 3384 quamprimum
1086 3314 1385 3372 serenitate
1423 3315 1531 3370 frui
1566 3316 1867 3386 contingat.

999 3522 1329 3578 XXXIX.-——
1369 3525 1491 3580 Alia
1525 3529 1866 3582 heortastica.

716 3635 1022 3705 Cupiebam
1064 3636 1323 3705 equidem
1356 3636 1480 3692 lata
1529 3639 1797 3706 scribere,
1839 3639 2078 3710 festique
2111 3642 2222 3697 diei

646 3724 991 3796 spiritualem
1026 3740 1225 3780 canere
1254 3726 1522 3781 laetitiam.
1550 3727 1657 3783 Sed
1688 3744 1799 3783 non
1851 3729 1983 3785 sinit
2024 3745 2223 3800 pecca-

646 3825 830 3872 torum
863 3817 1207 3888 magnitudo,
1232 3834 1355 3888 quae
1381 3819 1618 3876 inﬂictas
1647 3822 1810 3876 nobis
1835 3837 1867 3877 a
1891 3823 2005 3878 Deo
2031 3838 2223 3893 poenas

647 3908 879 3963 inducit.
906 3908 1041 3974 Quis
1065 3909 1213 3964 enim
1246 3908 1502 3979 stupidus
1522 3920 1607 3966 est
1631 3912 1791 3979 adeo,
1813 3914 1993 3969 utine
2023 3914 2224 3971 divina:

642 4014 809 4054 sensu
839 4014 949 4058 non
987 4002 1279 4071 tangatur?
1305 3998 1436 4057 Oret
1487 4002 1655 4073 igitur
1680 4005 1857 4074 pietas
1880 4015 1973 4061 tua
2008 4016 2068 4061 ut
2099 4022 2221 4062 me-

644 4091 839 4145 liorem
868 4090 924 4146 in
946 4100 1150 4147 statum
1188 4110 1277 4149 res
1308 4104 1724 4159 convertantur,
1755 4107 1814 4152 ut
1848 4107 1903 4153 et
1931 4114 2035 4153 nos
2063 4098 2218 4153 litte-

644 4198 828 4237 rarum
858 4183 1094 4239 formam
1132 4196 1431 4253 mutemus,
1456 4196 1513 4242 et
1563 4203 1665 4258 pro
1710 4189 2043 4261 lugubribus
2093 4192 2217 4246 laeta

642 4275 969 4331 scribamus.

957 4484 1170 4554 1099
1198 4485 1309 4539 XL.
1368 4487 1630 4542 Theodoro
1676 4490 1892 4545 vicario.

719 4596 987 4649 Festalem
1016 4596 1243 4667 quidem
1295 4598 1584 4667 epistolam
1618 4600 1727 4654 dici
1758 4601 1883 4655 festi
1909 4592 1997 4655 lex
2028 4602 2204 4673 impe-

647 4693 763 4739 rat:
796 4684 891 4739 sed
920 4694 1241 4740 consuetam
1268 4686 1394 4742 festi
1441 4688 1687 4743 laetitiam
1716 4707 1818 4745 nos
1843 4708 2040 4762 capere
2064 4695 2213 4748 cala-

641 4778 895 4830 mitatum
922 4778 1099 4833 nubes
1116 4794 1227 4832 non
1254 4779 1526 4848 permisit.
1544 4781 1678 4846 Quis
1694 4784 1844 4836 enim
1866 4784 2005 4838 adeo
2020 4800 2215 4840 saxeus

640 4876 746 4929 est,
782 4875 842 4919 ut
866 4867 1008 4920 irato
1026 4883 1090 4921 ac
1112 4877 1477 4923 succensente
1509 4869 1741 4923 Domino
1765 4886 1871 4924 non
1891 4879 2216 4940 angatur,et

643 4957 851 5021 timeat,
886 4967 942 5011 et
963 4958 1292 5013 delictorum
1317 4967 1529 5028 repetat
1560 4960 1905 5023 memoriam,
1938 4962 2213 5030 etjustam

642 5050 972 5102 sententiam
1026 5050 1349 5120 exspectet?
1395 5049 1524 5106 Haec
1580 5051 1923 5106 celebritatis
1969 5052 2213 5106 laetitiam

644 5140 804 5193 nobis
829 5140 1219 5195 obscurat-unt.
1246 5140 1513 5197 Dominus
1538 5152 1743 5207 autem,
1771 5159 1895 5197 cum
1921 5143 2102 5197 bonus
2122 5143 2212 5208 sit,

644 5231 820 5285 minas
866 5239 930 5286 ut
977 5247 1265 5300 speramus
1312 5234 1574 5303 operibus
1616 5250 1728 5288 non
1765 5233 2018 5304 implebit
2058 5252 2069 5286 ε
2118 5234 2213 5288 sed

640 5330 867 5386 annuet,
897 5329 953 5375 et
984 5322 1163 5376 tristia
1196 5322 1483 5386 discutiet,
1510 5333 1568 5377 et
1616 5321 2012 5377 misericordiae
2035 5320 2215 5377 fontes

641 5414 870 5481 aperiet,
898 5424 1330 5484 consuetamque
1368 5412 1694 5484 patientiam
1752 5412 2056 5468 exhibebit.
2103 5412 2213 5466 Ve-

642 5514 805 5557 stram
830 5518 931 5573 ego
954 5504 1346 5559 sublimitatem
1372 5504 1637 5566 salutans,
1660 5502 2059 5573 optatissimam
2078 5500 2211 5555 mihi

644 5592 1076 5647 incolumitatem
1105 5601 1341 5649 vestram
1385 5592 1629 5647 nuntiari
1665 5591 1942 5648 desidero.

2330 3236 2738 3307 φιλανθρωπίας
2760 3238 2962 3305 τυχεῖν,
2996 3235 3091 3290 καὶ
3120 3236 3183 3289 τὸ
3220 3234 3443 3302 στυγνὸν
3474 3232 3636 3287 τοῦτο
3687 3236 3787 3288 καὶ
3816 3253 3910 3305 φο-

2327 3328 2487 3397 ϐερὸν
2514 3327 2831 3397 διαλυθῆναι
2852 3327 3035 3397 νέφος,
3071 3327 3166 3380 καὶ
3195 3323 3414 3396 αἰθρίας
3458 3326 3608 3396 ήμᾶς
3651 3326 3730 3389 ὡς
3761 3328 3909 3398 τάχι-

2327 3437 2429 3473 στα
2465 3419 2711 3489 καθαρᾶς
2735 3418 3066 3472 ἀπολαῦσαι.

2690 3532 2814 3590 ΛΘ’.
2864 3563 2911 3573 -
2946 3534 3135 3600 Ἄλλη
3174 3530 3556 3601 ἐορταστική.

2413 3646 2747 3719 Ἐϐουλόμην
2773 3647 2843 3699 τὰ
2876 3645 3097 3717 θυμήρη
3132 3644 3366 3720 γράφειν
3386 3684 3401 3708 ,
3448 3644 3543 3697 καὶ
3582 3644 3686 3712 τῆς
3718 3645 3913 3714 ἑορτῆς

2325 3736 2472 3807 ᾄδειν
2502 3736 2605 3806 τὴν
2628 3734 3006 3805 πνευματικὴν
3029 3731 3373 3803 εὐφροσύνην
3391 3748 3405 3763 ⁸
3442 3731 3557 3785 ἀλλ’
3580 3732 3685 3786 οὒκ
3714 3735 3785 3805 ἐᾷ
3803 3736 3909 3787 τῶν

2322 3823 2743 3895 ἁμαρτημάτων
2767 3824 2828 3876 τὺ
2853 3822 3079 3893 πλῆθος,
3116 3821 3217 3884 τάς
3244 3821 3539 3892 θεηλάτους
3575 3823 3712 3892 ήμῐν
3737 3840 3909 3895 τιμω-

2326 3915 2448 3985 ρίας
2478 3914 2704 3982 ἐπάγον.
2737 3913 2834 3977 Τίς
2871 3912 2982 3983 γάρ
3030 3912 3301 3981 τοσαύτην
3341 3910 3680 3982 ἀναλγησίαν
3731 3918 3906 3979 νοσεῖ,

2322 4006 2397 4069 ὡς
2434 4005 2509 4076 μὴ
2557 4004 2746 4059 λαϐεῖν
2793 4004 3049 4075 αἴσθησιν
3076 4005 3177 4073 τῆς
3209 4002 3363 4065 θείας
3407 4002 3611 4073 ὀργῆςς
3643 4003 3906 4067 Εὑξάσθω

2319 4098 2501 4150 τοίνυν
2536 4099 2569 4166 ὴ
2603 4095 2863 4151 εύλάϐειά
2893 4113 3010 4158 σου,
3044 4095 3111 4148 τά
3143 4094 3450 4165 πράγματα
3480 4096 3790 4166 μεταϐολῆς
3817 4114 3906 4149 τυ-

2321 4189 2437 4259 χεῖν
2467 4187 2699 4257 ἀγαθῆς,
2732 4174 2819 4240 ῐνα
2849 4186 2943 4239 καὶ
2968 4187 3130 4255 ἡμεῖς
3160 4186 3549 4255 μεταϐάλωμεν
3576 4185 3686 4238 τῶν
3718 4203 3901 4257 γραμ-

2322 4280 2512 4359 μάτων
2539 4278 2631 4332 τὸν
2656 4278 3002 4349 χαρακτῆρα,
3040 4276 3133 4332 καὶ
3168 4277 3293 4332 ἀντὶ
3330 4275 3543 4348 θρήνων
3574 4278 3900 4333 ἐπιστέλλω-

2324 4387 2425 4441 μεν
2443 4369 2510 4423 τὰ
2538 4369 2781 4440 θυμήρη.

2634 4480 2723 4535 Μ’.
2760 4510 2829 4519 -
2865 4477 3140 4548 Θεοδᾶψῳ
3183 4477 3581 4571 τοποξηρητῇ.

2405 4594 2463 4646 '0
2500 4591 2598 4663 μὲν
2630 4588 2731 4660 τῆς
2783 4589 2975 4660 ἑορτῆς
3012 4590 3174 4659 νόμος
3207 4577 3563 4660 ἐορτᾶστικήν
3608 4594 3901 4662 παρεγγυᾷ

2321 4684 2552 4754 γράφειν
2584 4679 2891 4750 επιστολὴν,
2932 4678 2994 4733 τὸ
3020 4679 3078 4732 δὲ
3107 4679 3217 4734 τῶν
3262 4680 3554 4750 συμφορῶν
3591 4682 3756 4749 νέφος
3806 4686 3899 4737 οὐκ

2321 4777 2500 4829 εἴασεν
2526 4775 2673 4846 ἡμᾶς
2715 4772 2958 4842 συνήθως
2977 4770 3250 4841 τρυγῆσαι
3282 4773 3382 4843 τὴν
3424 4773 3771 4845 εὐφροσύνην
3805 4777 3897 4846 τῆς

2322 4868 2535 4938 ἑορτῆς.
2569 4866 2664 4928 Τίς
2712 4865 2822 4933 γάρ
2865 4863 3009 4917 οὕτω
3035 4863 3256 4930 λίθινος,
3305 4864 3381 4927 ὡς
3408 4863 3753 4935 θυμουμένου
3807 4867 3895 4921 τοῦ

2322 4958 2594 5010 Δεσπότου
2640 4956 2736 5009 καὶ
2792 4954 3214 5024 χαλεπαίνοντος
3247 4954 3321 5025 μὴ
3363 4954 3653 5023 ἀσχάλλειν
3687 4958 3783 5011 καὶ
3827 4960 3895 5012 δε-

2320 5050 2512 5115 διέναι,
2546 5050 2642 5101 καὶ
2668 5047 2767 5118 τὴν
2800 5048 3020 5117 μνήμην
3047 5046 3158 5099 τῶν
3197 5046 3753 5118 πεπλημμελημένων
3780 5053 3895 5103 ἀνα-

2322 5143 2513 5203 κινεῖν,
2541 5140 2635 5192 καὶ
2667 5139 2765 5209 τὴν
2792 5137 3007 5191 δικαίαν
3034 5138 3430 5208 προσδέχεσθαι
3468 5137 3682 5208 ψῆφον;
3714 5142 3890 5195 ’ταῦτα

2321 5231 2419 5299 τῆς
2449 5229 2805 5299 πανηγύρεως
2836 5228 2969 5297 ἡμῖν
2997 5227 3094 5298 τὴν
3130 5227 3398 5299 θυμηδίαν
3439 5229 3765 5301 ἠμαύρωσε,
3801 5233 3888 5285 [ιι-

2324 5320 2587 5389 στεύομεν
2632 5320 2723 5382 δὲ,
2756 5318 2833 5381 ὡς
2882 5318 3267 5388 φιλάνθρωπος
3295 5318 3371 5371 ὢν
3405 5320 3433 5371 ὁ
3482 5321 3764 5393 Δεσπότης
3798 5322 3888 5375 οῦκ

2320 5412 2630 5481 ὲμπεδώσει
2667 5414 2779 5473 τοῖς
2800 5410 2982 5481 ἔργοις
3012 5410 3109 5483 τὴν
3138 5411 3391 5481 ἀπειλὴν,
3425 5409 3561 5464 ἀλλά
3587 5413 3774 5466 νεύσει
3808 5413 3887 5466 καὶ

2320 5504 2559 5558 διαλύσει
2605 5502 2674 5555 τὰ
2704 5502 3006 5571 σκυθρωπά
3030 5543 3045 5567 ,
3078 5504 3173 5556 καὶ
3206 5502 3407 5567 ἀνοίξει
3438 5503 3537 5567 τάς
3586 5503 3682 5557 τοῦ
3718 5505 3884 5565 ἐλέους

2322 5592 2524 5662 πηγὰς,
2558 5590 2653 5644 καὶ
2680 5589 2777 5659 τὴν
2819 5590 3025 5661 συιήθη
3076 5592 3241 5658 δείξει
3284 5592 3688 5665 μακροθυμίαν.
3738 5595 3813 5648 To
3839 5593 3884 5645 δὲ

2323 5683 2585 5752 ὑμέτερον
2613 5680 2725 5748 ἐγὼ
2758 5681 3268 5751 προσφθεγγόμενος
3305 5682 3552 5753 μέγεθος,
3586 5680 3885 5755 μηνυθῆναί

2327 5788 2418 5839 μοι
2446 5770 2544 5840 τὴν
2571 5769 2895 5841 τριπόθητον
2924 5770 3076 5840 ὑμῶν
3107 5772 3295 5838 ὑγείαν
3330 5772 3649 5842 παρακαλῶ.
