4078 6320
236 366 374 439 mn
637 481 773 537 MA'.
805 507 874 520 —
900 472 1259 539 Κλαυδιανῷ
1289 471 1424 545 (30).

319 597 384 651 Ἥ
406 595 506 667 μιν
526 595 646 650 θεία
675 593 988 662 πανήγυρις
1007 587 1109 650 τάξ
1135 580 1512 656 πνευματικὰς
1537 579 1669 648 ήμῖν
1695 593 1822 628 συν-

230 689 385 760 ήθως
415 687 782 760 προσενήνοχε
817 683 1059 753 δωρεάς·
1095 681 1144 734 οί
1180 679 1250 732 δὲ.
1281 674 1470 744 πικροὶ
1503 671 1601 742 τῆς
1641 671 1833 739 ἀμαρς

230 778 357 841 τίας
381 777 586 848 καρποὶ
625 775 835 827 τούτων
858 769 1168 825 ἀπολαῦσαι
1204 767 1325 839 μετ’
1347 761 1690 834 εὐφροσύνης
1724 761 1825 812 οὐκ

230 869 447 922 εἴασαν.
474 866 709 921 Τοιαῦτα
728 866 839 937 γὰρ
866 865 938 918 τά
960 864 1184 918 ἐκείνων
1214 863 1576 933 βλαστήματα
1603 875 1613 887 ·
1647 857 1742 911 καὶ
1766 854 1824 920 ἐξ

231 961 413 1032 ἀρχῆς
454 960 552 1030 μὲν
576 958 842 1022 ἀκάνθας,
872 957 966 1010 καὶ
990 955 1294 1024 τριϐόλους,
1323 952 1418 1004 καὶ
1452 948 1709 1020 ίδρῶτας,
1731 945 1825 998 καὶ

233 1054 452 1117 πόνους,
480 1053 575 1105 καὶ
596 1051 771 1115 λύπας
792 1049 1134 1119 ἐϐλάστησαν
1156 1062 1169 1075 ·
1203 1047 1296 1098 ἐπὶ
1324 1043 1381 1096 δὲ
1410 1042 1503 1095 τοῦ
1531 1040 1822 1110 παρόντος,

234 1145 336 1197 καὶ
376 1143 475 1210 τὴν
507 1142 609 1213 γῆν
657 1142 840 1194 κλονεῖ
885 1139 1007 1193 καθ’
1050 1136 1246 1206 ἡμῶν,
1288 1135 1383 1186 καὶ
1427 1132 1496 1184 τὰ
1530 1129 1673 1199 φῦλα
1716 1127 1825 1180 τῶν

235 1237 530 1308 βαρϐάρων
565 1234 832 1288 πάντοθεν
854 1235 986 1304 ήμῖν
1019 1231 1343 1299 ἐπέστησεν.
1381 1227 1572 1294 Ἡμεῖς
1600 1222 1657 1274 δὲ
1689 1220 1825 1291 θρη-

230 1329 455 1399 νοῦμεν,
485 1329 568 1380 ὅτι
603 1327 697 1380 τὸν
739 1324 944 1394 ἀγαθὸν
979 1322 1256 1390 Δεσπότην
1289 1318 1598 1388 εὐεργετεῖν
1641 1311 1826 1382 βουλόο

236 1436 402 1490 μενον
434 1418 696 1471 τάναντία
722 1418 899 1469 ποιεῖν
923 1411 1246 1483 βιαζόμεθα,
1292 1412 1386 1462 καὶ
1425 1406 1699 1477 τιμωρίας
1727 1404 1827 1454 ἑπ-

234 1513 392 1581 άγειν
449 1507 961 1578 καταναγκάζομεν.
1002 1500 1503 1575 Ψυχαγωγούμεθα
1555 1499 1611 1551 δὲ
1651 1499 1824 1567 ὅμως,

233 1603 336 1656 τοῦ
369 1602 518 1656 ἐλέου
555 1601 653 1672 τὴν
678 1600 916 1655 ἀϐυσσον
960 1595 1332 1666 λογιζόμενοι⁹
1372 1594 1464 1646 καὶ
1495 1590 1826 1661 πιστεύομεν

231 1695 321 1750 ὅτι
365 1695 464 1748 οὐκ
499 1693 778 1748 ἀπώσεται
819 1691 1025 1760 Κύριος
1057 1689 1150 1742 τὸν
1179 1688 1307 1741 λαὸν
1356 1686 1546 1748 αὐτοῦ,
1581 1686 1676 1738 καὶ
1722 1685 1824 1755 τὴν

231 1786 607 1857 κληρονομίαν
669 1781 837 1839 αὐτοῦ
868 1783 971 1836 οὐκ
1018 1779 1422 1849 ἐγκαταλείψει.
1473 1778 1584 1849 Τὴν
1628 1778 1685 1830 δὲ
1721 1778 1822 1847 σὴν
1857 1803 1901 1860 Β

235 1877 726 1951 μεγαλοπρέπειαν
764 1872 1319 1945 προοφθεγγόμενος,
1371 1869 1678 1941 παρακαλῶ
1720 1888 1828 1940 μη-

229 1969 397 2024 νῦσαί
431 1987 523 2041 μοι
561 1969 660 2041 τὴν
695 1968 1018 2038 ἀξιέραστον
1055 1964 1253 2019 σαυτοῦ
1291 1963 1502 2033 ὑγείαν.

556 2083 692 2138 MB'.
720 2109 796 2124 —-
811 2081 1212 2145 Κανσταντίῳ
1241 2079 1501 2149 ἐπάρχῳ.

310 2199 371 2251 Et
407 2195 506 2268 μὶν
544 2197 816 2269 μηδεμιᾶς
857 2196 1190 2268 βιαζομένης
1218 2195 1467 2264 ἀνάγκης
1499 2194 1827 2266 γράμμασιν

231 2291 560 2362 δχρησάμην
589 2290 726 2360 πρὸς
749 2290 811 2343 τὸ
841 2289 1110 2360 ὑμέτερον
1155 2289 1407 2359 μέγεθος,
1444 2289 1731 2350 αὐθαδείας
1760 2287 1828 2340 ἂν

232 2382 398 2451 τυχὸν
427 2380 654 2451 ὢφλησα
691 2380 871 2452 δίκην,
923 2381 1061 2451 μήτε
1114 2380 1353 2450 ἐμαυτὸν
1399 2379 1703 2449 μετρήσας,
1735 2377 1828 2430 καὶ

230 2476 336 2543 τῆς
366 2471 640 2543 ὑμετέρας
660 2471 910 2537 ἐξουσίας
924 2540 927 2543 ι
942 2473 1220 2542 ἀγνοήσας
1237 2471 1298 2524 τὸ
1333 2470 1584 2541 μέγεθος.
1605 2469 1826 2540 Ἐπειδὴ

231 2563 294 2617 δὲ
327 2563 624 2617 κινδυνεύει
660 2563 758 2633 τῆς
793 2562 979 2616 θεόθεν
1011 2562 1457 2632 ἑγχειρισθείσης
1499 2579 1588 2632 μοι
1617 2562 1826 2624 πόλεως

229 2655 336 2708 καὶ
359 2653 542 2725 χώρας
571 2654 740 2724 ἀρδην
766 2653 1060 2707 ἀπολέσθαι
1089 2655 1158 2706 τά
1178 2653 1432 2722 λείψανα,
1462 2653 1827 2721 συκοφαντίας

232 2745 384 2798 κατά
419 2747 516 2815 τῆς
555 2747 930 2816 γεγενημένης
976 2745 1209 2811 έποψίας
1252 2745 1406 2816 παρά
1432 2763 1598 2799 τινων
1624 2746 1828 2816 τολμη-

236 2833 449 2906 θείσης,
477 2835 894 2904 συγγνώσεται,
930 2831 990 2887 εὖ
1020 2830 1160 2901 οῖδα,
1193 2837 1261 2906 τῇ
1304 2835 1476 2906 πολλῇ
1503 2835 1613 2892 τῶν
1643 2853 1827 2906 γραμ-

240 2923 488 2995 μάτωνή
520 2925 762 2996 ὑμετέρα
795 2924 1244 2995 μεγαλοπρέπεια
1265 2964 1279 2990 ,
1318 2925 1412 2978 τοῦ
1461 2943 1519 2978 τε
1561 2927 1827 2996 πράγμα-

234 3029 333 3077 τος
353 3017 449 3084 τήν
472 3015 682 3086 χρείαν,
719 3016 814 3069 καὶ
843 3014 937 3067 τοῦ
960 3015 1267 3085 γράφοντος
1293 3016 1384 3069 τὸν
1414 3017 1617 3070 σκοπὸν
1641 3019 1828 3084 ἐξετά-

234 3107 430 3172 ζουσα.
467 3108 730 3195 Στένωῌδὲ
758 3110 851 3161 καὶ
876 3107 1158 3179 ὀδύρομαι,
1195 3109 1428 3180 γράφειν
1459 3110 1600 3164 κατά
1635 3110 1828 3181 ἀνδρὸς
1855 3137 1898 3195 c

236 3195 585 3268 βιαζόμενος,
623 3191 684 3254 οὗ
721 3198 1042 3263 συσκιάζειν
1090 3199 1195 3253 ἔδει
1224 3200 1294 3253 τά
1325 3200 1781 3272 πλημμελήματα
1811 3241 1824 3265 ,

233 3286 332 3344 διὰ
349 3289 447 3360 τήν
470 3290 567 3360 τῆς
600 3281 903 3360 ίὶρωσύνης
929 3291 1323 3362 προσηγορίαν.
1356 3293 1558 3365 Γράφω
1582 3295 1628 3348 δ’
1652 3298 1824 3364 ὅμως,

233 3378 351 3434 τῶν
407 3382 776 3453 ἀδικουμένων
838 3384 928 3435 ὑπ’
978 3383 1142 3436 αὑτοῦ
1171 3385 1419 3455 πενήτων
1465 3385 1827 3456 ὑπερμαχῶν.

237 3466 415 3534 Οὗτος
461 3473 589 3542 γάρ,
627 3473 844 3535 πολλοῖς
881 3474 979 3543 μὲν
1006 3475 1477 3545 παρανομήμασιν
1527 3477 1827 3541 ὑπεύθυνος

234 3560 504 3629 γεγονὼς,
537 3563 780 3632 εἱρχθεὶς
812 3563 871 3615 δὲ
901 3564 999 3633 τῆς
1023 3565 1333 3626 κοινωνίας,
1367 3565 1442 3627 ὼς
1476 3566 1704 3635 μηδέπω
1726 3568 1825 3634 τῆς

241 3649 410 3717 ἁγίας
439 3635 843 3721 συγκληθείσης
871 3651 1118 3718 συνόδου,
1153 3652 1334 3714 δείσας
1360 3653 1416 3704 δὲ
1448 3655 1541 3706 τοῦ
1573 3657 1826 3726 ἀρχιερα-

235 3742 396 3796 τικοῦ
433 3742 711 3812 συνεδρίου
761 3743 1110 3813 τήψψῆφον,
1152 3745 1363 3815 ἀπέδρα
1412 3745 1514 3814 μιν
1551 3747 1824 3812 ἐντεῦθεν,

237 3835 368 3895 τοὺς
391 3833 905 3904 ἐκκλησιαστικοὺς,
923 3835 997 3898 ὼς
1019 3835 1261 3904 ὲνόμισε,
1280 3838 1532 3907 πατήσας
1564 3837 1822 3909 θεσμούς·

235 3927 526 3997 ἐγύμνωσε
555 3929 611 3981 δὲ
639 3929 729 3980 τὸν
756 3929 954 3980 οίκεῖον
980 3928 1204 3990 σκοπὸν,
1255 3927 1350 3982 τοῦ
1381 3930 1481 3999 τῆς
1522 3931 1825 4003 ἀκοινωνη-

241 4020 366 4083 σίας
391 4022 814 4092 καταφρονήσας
848 4020 1073 4091 δεσμοῦ.
1130 4022 1440 4087 Ἀνεδέξατο
1486 4024 1541 4078 δὲ
1587 4041 1825 4096 κατηγο-

241 4113 367 4183 ρίαν
417 4113 539 4166 οὐδὲ
574 4115 687 4176 τοῖς
727 4111 1212 4184 ἀποχειροϐιώτοις
1263 4115 1676 4185 ἁρμόττουσαν⁹
1732 4118 1826 4170 καὶ

235 4206 330 4258 διά
357 4205 454 4273 τήν
487 4205 811 4274 δυσμένειαν
831 4206 897 4276 ήν
940 4204 1076 4275 πρὸς
1107 4205 1200 4259 τὸν
1235 4207 1595 4278 περίϐλεπτον
1623 4209 1822 4278 ἔσχηκε

236 4297 526 4362 Φίλιππον,
561 4297 704 4350 κατά
731 4295 840 4349 τῶν
861 4295 1060 4349 ἀθλίων
1081 4295 1329 4369 ἐχώρησε
1357 4299 1650 4356 συντελῶν.
1683 4300 1826 4369 Ἐγὼ

238 4389 298 4442 δὲ
325 4390 414 4441 τὸν
442 4390 540 4458 μὲν
569 4387 781 4442 ἐκείνου
819 4389 1022 4441 σκοπὸν
1056 4387 1151 4442 καὶ
1181 4389 1280 4459 τὴν
1299 4389 1358 4456 ἐξ
1381 4391 1557 4461 ἀρχῆς
1583 4390 1680 4444 τοῦ
1707 4393 1823 4461 βίου

1594 347 1958 414 EPISTOLA
1989 350 2176 411 XLII.

3384 348 3521 414 1218

2473 463 2612 518 XLI.
2657 463 2980 521 Claudiano.

2003 571 2194 627 Divina
2226 573 2522 631 celebritas
2556 575 2870 646 spiritualia
2901 577 2970 632 de
3002 591 3159 631 more
3189 576 3336 632 dona
3356 576 3522 631 nobis

1927 665 2150 730 attulit;
2215 665 2313 720 sed
2368 668 2545 721 amari
2593 667 2812 724 fructus
2854 669 3069 740 peccati
3119 683 3222 724 nos
3252 669 3363 724 illis
3392 684 3520 723 cum

1928 759 2210 814 hilaritate
2237 759 2346 813 frui
2383 775 2496 814 non
2538 744 2809 814 siverunt.
2842 761 2996 815 Talia
3023 761 3175 816 enim
3216 770 3348 816 sunt
3369 760 3524 815 illius

1927 851 2209 920 germina:
2248 851 2396 904 etab
2427 850 2589 905 initio
2616 851 2842 921 quidem
2871 851 3063 921 spinas
3080 861 3130 905 et
3180 852 3442 914 tribulos,
3466 862 3525 906 ct

1927 941 2182 1006 sudores,
2217 950 2274 996 et
2291 942 2542 1006 labores,
2569 951 2627 996 et
2658 942 2884 997 dolores
2907 941 3154 1012 peperit:
3184 942 3240 996 in
3280 954 3525 1011 praesens

1930 1049 2064 1089 vero
2099 1043 2154 1088 et
2179 1042 2386 1088 terram
2427 1044 2625 1099 contra
2668 1049 2772 1088 nos
2814 1035 3084 1098 concutit,
3141 1043 3199 1088 et
3245 1034 3521 1088 barbaras

1930 1125 2287 1194 undiquaque
2305 1125 2562 1179 nationes
2582 1125 2635 1178 in
2661 1140 2765 1178 nos
2796 1123 3050 1178 immisit.
3084 1123 3195 1179 Nos
3217 1133 3404 1179 autem
3439 1125 3522 1178 lu-

1927 1229 2141 1283 gemus,
2169 1213 2320 1282 quod
2354 1213 2653 1283 benignum
2672 1213 2966 1269 Dominum
2994 1213 3134 1268 bene
3156 1214 3320 1269 nobis
3343 1214 3524 1269 facere

1927 1307 2210 1360 volentem
2237 1307 2518 1360 contraria
2550 1313 2815 1374 praestare
2837 1307 3109 1376 cogimus,
3136 1317 3196 1362 et
3232 1306 3300 1361 ad
3330 1322 3525 1377 poenas

1929 1396 2253 1468 irrogandas
2276 1397 2568 1466 adigimus.
2598 1397 2940 1452 Recreamur
2970 1405 3175 1462 tamen,
3204 1398 3524 1454 misericor-

1929 1490 2037 1546 diae
2079 1489 2343 1562 abyssum
2370 1490 2702 1560 cogitantes,
2736 1497 2792 1543 et
2821 1489 3104 1544 credimus
3161 1489 3282 1545 fore
3317 1501 3380 1546 ut
3410 1507 3525 1548 non

1929 1585 2164 1655 repellat
2188 1585 2459 1640 Dominus
2487 1583 2705 1654 1100
2733 1583 3003 1654 populum
3033 1599 3216 1647 suum,
3245 1594 3304 1640 et
3340 1585 3524 1641 haere-

1930 1678 2161 1733 ditatem
2197 1694 2356 1734 suam
2383 1692 2496 1732 non
2523 1668 2900 1747 derelinquat.
2937 1673 3113 1729 Tuam
3138 1691 3274 1732 vero
3309 1678 3524 1749 magni-

1930 1767 2206 1825 ﬁcentiam
2227 1769 2494 1832 salutans,
2509 1776 2571 1822 ut
2585 1775 2900 1838 exeptatam
2918 1765 3356 1822 incolumitatem
3372 1777 3522 1823 tuam

1930 1860 2068 1915 mihi
2099 1861 2326 1917 nunties
2348 1876 2468 1917 oro.

2285 2071 2447 2127 XLII.
2466 2102 2538 2113 --
2555 2069 2866 2129 Constantio
2897 2076 3162 2146 profecto.

2001 2186 2058 2242 Si
2084 2187 2236 2241 nulla
2256 2203 2367 2252 me,
2401 2195 2463 2241 ut
2491 2187 2558 2241 ad
2584 2186 2993 2243 sublimitatem
3013 2197 3164 2244 tuam
3191 2190 3520 2256 scriberem,

1928 2278 2234 2332 necessitas
2272 2277 2610 2347 impulisset,
2664 2278 2999 2347 arrogantiae
3049 2276 3285 2332 fortasse
3323 2280 3522 2334 merito

1929 2367 2244 2432 damnarer,
2269 2369 2364 2438 qui
2391 2369 2668 2438 meipsum
2718 2385 2831 2423 non
2873 2370 3124 2434 metirer,
3146 2378 3203 2424 et
3234 2371 3525 2441 dignitatis

1931 2467 2040 2513 tua:
2069 2460 2494 2530 amplitudinem
2517 2461 2850 2529 ignorarem.
2892 2461 3000 2516 Sed
3039 2463 3170 2532 quia
3214 2463 3524 2518 commissa:

1931 2554 2071 2606 mihi
2098 2569 2129 2607 a
2161 2555 2275 2608 Deo
2321 2555 2566 2608 civitatis
2591 2556 2943 2625 regionisque
2973 2556 3224 2626 reliquiis
3262 2557 3521 2611 ultimum

1933 2642 2218 2711 impendet
2245 2643 2475 2697 exitium
2505 2659 2606 2713 per
2642 2643 2941 2713 quosdam,
2969 2645 3062 2714 qui
3091 2654 3364 2715 peractam
3401 2647 3522 2716 ejus

1933 2733 2338 2803 inspectionem
2365 2735 2483 2789 ausi
2509 2744 2639 2788 sunt
2671 2735 3037 2802 calumniari,
3074 2737 3229 2791 dabit
3277 2738 3519 2802 veniam,

1932 2835 2019 2881 sat
2049 2829 2186 2892 scio,
2221 2830 2534 2883 litterarum
2571 2829 2818 2884 audaciae
2843 2830 3250 2901 magnificentia
3285 2840 3397 2895 tua,
3438 2832 3520 2886 rei

1931 2919 2096 2974 simul
2120 2921 2530 2984 necessitatem,
2557 2929 2613 2975 et
2646 2922 2948 2976 scribentis
2987 2923 3282 2976 consilium
3319 2937 3524 2991 expen-

1932 3007 2090 3062 dens.
2130 3010 2316 3079 Angor
2352 3025 2484 3064 sane
2514 3025 2578 3064 ac
2598 3009 2760 3065 doleo
2797 3011 3179 3077 vehementer,
3217 3012 3364 3081 quod
3387 3011 3524 3065 scri-

1933 3098 2066 3171 bere
2101 3099 2370 3154 adversus
2393 3101 2676 3155 hominem
2707 3117 2895 3172 cogor,
2935 3103 3095 3174 cujus
3127 3103 3333 3158 delicta
3390 3120 3521 3174 proo

1931 3201 2056 3261 pter
2102 3208 2306 3246 nomen
2342 3193 2640 3247 sacerdotii
2683 3196 2965 3250 occultare
2994 3212 3096 3266 par
3141 3207 3284 3251 erat.
3323 3197 3521 3252 Scribo

1935 3293 2144 3348 tamen,
2184 3294 2245 3339 ut
2281 3301 2581 3354 oppressos
2636 3287 2706 3340 ab
2751 3303 2818 3341 eo
2875 3304 3151 3358 pauperes
3204 3290 3519 3346 defendam.

1933 3376 2034 3430 Hic
2065 3377 2213 3430 enim
2242 3391 2371 3431 cum
2427 3378 2730 3431 multorum
2790 3379 3090 3434 criminum
3131 3398 3262 3436 reus
3299 3391 3521 3438 tenere-

1934 3474 2045 3531 tur,
2081 3475 2137 3520 et
2189 3475 2490 3537 suspensus
2531 3478 2681 3524 esset
2735 3485 2766 3524 a
2814 3471 3228 3537 communione,
3273 3475 3518 3528 nondum

1931 3559 2193 3615 videlicet
2246 3569 2436 3615 sancta
2515 3561 2726 3632 synodo
2785 3575 3125 3628 convocata,
3185 3566 3523 3634 pontificalis

1929 3665 2222 3705 consessus
2247 3653 2578 3706 sententiam
2604 3653 2992 3719 reformidans,
3023 3654 3152 3710 hinc
3178 3655 3411 3726 aufugit,
3431 3673 3523 3711 ec-

1930 3745 2275 3809 clesiasticis,
2305 3754 2366 3798 ut
2389 3745 2622 3814 putavit,
2655 3745 2872 3814 legibus
2902 3748 3264 3815 proculcatis,
3295 3755 3350 3801 et
3384 3748 3517 3817 quid

1930 3837 2100 3890 animi
2128 3835 2360 3890 haberet
2390 3837 2711 3907 contempto
2753 3839 3351 3892 excommunicationis
3393 3840 3520 3893 vin-

1930 3929 2056 3982 culo
2104 3927 2430 3982 declaravit.
2492 3929 2915 3983 Aceusationem
2973 3943 3216 3998 namque
3275 3933 3520 4000 suscepit

1928 4035 2033 4075 nec
2056 4019 2421 4075 mercenariis
2451 4019 2750 4090 opiﬁcibus
2774 4028 3174 4089 congruentem
3201 4039 3214 4072 :
3252 4030 3419 4091 atque
3453 4038 3520 4077 ex

1927 4114 2081 4179 odio,
2126 4131 2237 4185 quo
2263 4114 2602 4184 Philippum,
2661 4113 3025 4182 spectabilem
3064 4115 3272 4179 Virum,
3328 4131 3521 4185 prose-

1927 4208 2222 4278 quebatur,
2262 4208 2497 4262 miseros
2532 4205 2829 4261 collatores
2866 4206 3087 4261 invasit.
3119 4207 3198 4262 Ac
3227 4207 3363 4262 mihi
3389 4207 3517 4278 qui-

1927 4302 2053 4355 dem
2081 4300 2328 4355 hominis
2360 4298 2665 4370 ingenium,
2709 4307 2766 4352 et
2803 4297 3102 4367 pristinum
3144 4298 3272 4352 vitae
3300 4298 3523 4355 institu-

1929 4401 2068 4458 tum,
2093 4391 2578 4461 admissorumque
2615 4389 2949 4460 flagitiorum
2981 4390 3397 4447 multitudinem
3434 4410 3520 4449 re-

239 4480 586 4548 προαίρεσιν,
625 4481 718 4532 καὶ
765 4479 875 4532 τῶν
917 4482 1459 4552 παρανενομημένων
1498 4483 1558 4534 τὸ
1596 4482 1822 4552 μέγεθος

1930 4498 2158 4538 censere
2203 4481 2412 4552 1101
2445 4494 2918 4550 supervacaneum
2939 4479 3179 4535 videtur.
3211 4479 3325 4534 Hoc
3347 4497 3518 4536 unum

240 4571 503 4642 περιττὸν
537 4571 781 4642 ἡγοῦμαι
816 4572 1165 4640 καταλέγειν.
1214 4572 1388 4626 Τοῦτο
1420 4573 1476 4626 δὲ
1525 4575 1685 4646 μόνον
1729 4577 1827 4646 τὴν

244 4664 521 4734 ὑμετέραν
565 4664 936 4733 μεγαλοφυῖαν
966 4665 1251 4731 ἀντιϐολῶ,
1279 4667 1351 4736 μὴ
1386 4666 1677 4720 πιστεῦσαι
1705 4672 1827 4732 ταῖς

239 4756 912 4832 ἐκείνουοψευδηγορίαις·
949 4755 1084 4808 ἀλλά
1129 4758 1381 4827 κυρῶσαι
1424 4757 1522 4830 τὴν
1569 4759 1823 4829 ἐποψίαν,

240 4850 336 4900 καὶ
367 4847 657 4916 φείσασθαι
693 4848 790 4918 μὲν
829 4848 938 4900 τῶν
965 4847 1164 4901 ἀθλίων
1205 4849 1498 4916 συντελῶν,
1533 4851 1826 4920 φείσασθαι

239 4940 298 4994 δὲ
346 4941 452 4992 τῶν
511 4940 838 5009 τρισαθλίων
902 4941 1353 5012 πολιτευομένων,
1405 4945 1824 5015 ἀπαιτουμένων

243 5035 386 5103 ἅπερ
421 5033 768 5102 εἰσπράττειν
815 5033 876 5084 οὑ
915 5031 1192 5085 δύνανται.
1232 5033 1328 5095 Τίς
1357 5035 1465 5104 γὰρ
1496 5036 1682 5102 ἀγνοεῖ
1724 5035 1824 5104 τῆς

240 5125 570 5192 ἀπογραφῆς
593 5122 701 5176 τῶν
736 5126 863 5194 παρ’
899 5126 1035 5193 ήμῖν
1065 5122 1248 5192 ζυγῶν
1277 5128 1376 5196 τὴν
1412 5125 1712 5196 βαρύτητα,
1755 5127 1821 5180 δι’

240 5219 308 5287 ἢν
334 5216 640 5284 πεφεύγασι
674 5216 773 5285 μὲν
800 5217 847 5267 οί
882 5217 1128 5269 πλεῖστοι
1159 5218 1268 5269 τῶν
1309 5220 1683 5289 κεκτημένων,
1719 5221 1825 5273 ἀπ-

243 5300 481 5373 έδρασαν
507 5308 563 5360 δὲ
600 5309 648 5360 οἱ
681 5309 937 5376 γηπόνοι,
975 5309 1160 5379 ἔρημα
1187 5310 1241 5362 δὲ
1269 5311 1438 5364 πολλά
1468 5313 1575 5364 τῶν
1610 5315 1824 5383 κτημά-

241 5418 348 5454 των
378 5401 706 5469 γεγένηται;
739 5401 903 5453 Οὐδὲν
933 5401 988 5452 δὲ
1019 5401 1248 5465 ἀπεικὸς
1279 5404 1407 5473 περὶ
1435 5404 1541 5472 γῆς
1580 5404 1822 5472 διαλεγό-

245 5505 404 5558 μενον
436 5491 528 5540 καὶ
555 5492 963 5560 γεωμετρικαῖς
1003 5491 1310 5554 ἀποδείξεσι
1345 5494 1682 5564 χρήσασθαι·
1721 5499 1820 5565 τῆς

241 5582 346 5653 γὰρ
376 5581 655 5652 ἡμετέρας
682 5583 866 5652 χώρας
889 5586 1300 5655 τεσσαράκοντα
1344 5589 1442 5656 μὲν
1486 5590 1729 5659 σημείων
1761 5591 1820 5643 τὸ

1926 4573 2314 4628 excellentiam
2344 4582 2494 4627 tuam
2536 4571 2811 4637 obtestor,
2843 4588 2916 4626 ne
2945 4571 3256 4626 mendaciis
3307 4572 3429 4642 ejus
3455 4570 3519 4624 ti-

1927 4666 2052 4720 dem
2086 4664 2308 4729 habeat,
2338 4663 2436 4719 sed
2465 4663 2871 4734 inspectionem
2908 4662 3222 4726 confirmet,
3252 4677 3318 4716 ac
3353 4661 3520 4716 mise-

1927 4760 2005 4813 ris
2027 4767 2222 4828 parcat
2246 4757 2629 4820 collatoribus,
2664 4766 2858 4826 parcat
2890 4763 2945 4809 et
2984 4755 3316 4810 miserrimis
3344 4754 3518 4809 decu-

1883 4907 1886 4909 .
1925 4853 2199 4916 rionibus,
2227 4867 2257 4905 a
2281 4851 2485 4920 quibus
2510 4866 2574 4904 ea
2600 4849 3001 4919 deposcuntur,
3021 4863 3144 4918 qua
3168 4847 3272 4918 ipsi
3299 4839 3517 4917 exigere

1931 4962 2044 5001 non
2082 4953 2334 5016 possunt.
2364 4943 2499 5010 Quis
2540 4944 2691 4998 enim
2741 4941 3071 5014 gravitatem
3127 4939 3520 5010 descriptionis

1925 5039 2185 5108 jugorum
2241 5035 2573 5090 nostratium
2625 5034 2876 5104 ignorat,
2939 5041 3166 5103 propter
3233 5046 3400 5100 quam
3462 5038 3519 5086 et

1932 5142 2319 5198 possessorum
2373 5125 2600 5195 plurimi
2645 5125 2824 5180 solum
2870 5130 3185 5186 verterunt,
3237 5129 3294 5176 et
3337 5120 3519 5176 coloni

1932 5221 2212 5283 abierunt,
2237 5229 2294 5274 et
2333 5219 2484 5289 agri'
2513 5217 2764 5288 plerique
2809 5215 3017 5271 deserti
3063 5216 3270 5284 jacent.
3304 5213 3505 5274 Absur-

1931 5313 2063 5367 dum
2092 5321 2277 5366 autem
2309 5326 2419 5364 non
2439 5310 2631 5374 fuerit,
2665 5309 2710 5364 si
2738 5323 2865 5362 cum
2911 5307 2980 5361 de
3030 5312 3178 5360 terra
3208 5320 3392 5360 sermo
3423 5305 3516 5367 sit,

1931 5404 2282 5474 geometricis
2349 5418 2572 5472 quoque
2652 5397 3220 5455 demonstrationibus
3273 5406 3516 5450 utamur.

1930 5496 2192 5566 Regionis
2209 5495 2358 5549 enim
2386 5503 2591 5548 nostrae
2616 5491 2906 5562 longitudo
2933 5489 3251 5543 milliarium
3277 5496 3361 5542 est
3381 5503 3517 5555 qua-

1931 5590 2205 5661 draginta,
2254 5588 2486 5643 totidem
2541 5595 2778 5655 occupat
2820 5584 3076 5639 latitudo.
3121 5582 3333 5636 Montes
3384 5594 3515 5634 vero

315 5739 426 5810 (50)
458 5739 865 5819 ξειλλουστιανῷ
912 5741 1129 5797 videtur
1181 5743 1236 5797 in
1285 5743 1408 5798 cod.
1447 5745 1707 5801 Vaticano
1753 5747 2011 5819 inscripta
2049 5748 2252 5816 fuisse;
2304 5745 2448 5818 apud
2480 5743 2774 5801 Baronium
2805 5741 2872 5798 ad
2914 5757 2964 5796 a.
3010 5739 3072 5794 C.
3116 5737 3243 5805 446,
3269 5735 3518 5803 tom.Yl..

242 5825 293 5876 p.
336 5826 407 5864 m.
450 5810 537 5864 45.
