4336 6326
762 302 898 370 lilii

1739 299 2225 361 THEODORETI
2265 297 2603 360 EPISCOPI
2643 296 3007 356 CYRENSIS

3887 288 4040 350 129.5

762 413 930 468 habet
985 411 1188 468 multos
1236 416 1292 465 et
1345 423 1592 478 magnos,
1632 408 1830 477 partim
1875 408 2052 462 nudos
2084 407 2330 469 omnino.
2364 413 2401 466 Α
2437 425 2474 476 μ

2325 450 2330 469 ,
2364 413 2401 466 Α
2437 406 2608 477 μῆκός
2631 408 2767 464 ἐστι,
2797 403 3049 456 τοσοῦτον
3070 404 3126 456 δὲ
3152 401 3211 455 τὸ
3239 396 3414 472 εὖρος.
3445 399 3597 469 Ἔχει
3629 397 3687 452 δὲ
3715 397 3820 470 ὅρη
3848 397 4037 449 πολλιὶ

761 499 964 570 partim
991 498 1279 553 arboribus
1325 497 1683 552 infructuosis
1733 511 1949 565 opacos.
1988 497 2047 549 In
2078 495 2184 550 hoc
2241 511 2330 548 re-

760 591 940 662 gionis
992 598 1192 644 nostrae
1254 589 1464 643 ambitu
1491 591 1745 660 iugorum
1783 588 2110 641 inimunium
2158 587 2327 639 millia

761 689 892 736 sunt
941 679 1359 749 quinquaginta,
1419 680 1682 734 llscalium
1737 695 1926 732 rursus
1978 679 2083 731 alia
2139 677 2328 732 decem

757 769 952 823 millia.
986 767 1315 825 Consideret
1365 784 1513 824 nunc
1561 769 1833 837 sapientia
1892 778 1982 823 tua
2023 767 2331 839 iniquitatis

758 859 1216 929 magnitudinem.
1282 859 1542 926 Quamvis
1597 862 1748 914 enim
1820 861 2064 930 regionis
2126 861 2330 914 inculta

756 949 906 1003 nulla
930 965 1057 1019 pars
1080 960 1246 1013 esset,
1284 950 1610 1020 facilemque
1655 950 2018 1021 agricolarum
2057 951 2328 1005 culturam

755 1040 1017 1094 universa
1045 1041 1336 1110 reciperet,
1365 1041 1672 1095 illationum
1695 1053 1875 1096 tamen
1894 1043 2048 1096 oneri
2076 1057 2330 1096 succum-

754 1129 974 1194 berent,
1009 1130 1402 1200 descriptionis
1423 1133 1751 1203 gravitatem
1781 1149 1892 1187 non
1916 1132 2176 1187 ferentes.
2215 1132 2327 1186 Cu—

750 1219 840 1289 jus
868 1216 947 1275 rei
981 1219 1456 1274 evidentissimum
1487 1228 1575 1294 est
1599 1231 2006 1292 argumentum.
2039 1221 2173 1274 Nam
2202 1236 2326 1274 cum

754 1307 860 1362 sub
893 1308 1144 1378 gloriosa:
1174 1310 1575 1366 recordationis
1600 1312 1811 1365 Isidoro
1861 1314 2118 1382 jugorum
2158 1311 2328 1365 millia

755 1397 1072 1467 quindecim
1102 1401 1220 1453 auri
1247 1401 1678 1469 pensitationem
1703 1402 1992 1465 deberent,
2029 1401 2332 1456 Comitiani'

755 1489 1223 1545 oﬂiciiexactores
1252 1492 1513 1545 damnum
1543 1493 1692 1547 ferre
1718 1509 1826 1546 non
1852 1493 2121 1556 valentes,
2146 1509 2323 1563 sarpe-

755 1595 987 1635 numero
1041 1583 1224 1651 questi
1298 1591 1448 1646 sunt,
1482 1593 1539 1638 et
1591 1584 1660 1637 ab
1701 1586 1916 1640 excelsa
1964 1583 2096 1639 sede
2145 1592 2327 1638 vestra

751 1669 951 1725 oblatis
987 1671 1353 1750 relationibus
1383 1674 1757 1741 postularunt,
1784 1685 1846 1728 ut
1876 1675 1960 1728 bis
1976 1674 2126 1728 mille
2162 1675 2328 1744 quin-

752 1774 916 1834 genta
948 1763 1082 1832 ipsis
1116 1765 1298 1818 minus
1316 1765 1514 1819 idonea
1546 1767 1672 1836 juga
1701 1767 2112 1819 eximerentur:
2143 1767 2324 1835 jusse-

753 1861 995 1922 runtque
1021 1853 1116 1921 qui
1141 1864 1267 1908 ante
1293 1850 1772 1923 magnificentiam
1797 1864 1944 1908 tuam
1980 1855 2086 1908 hoc
2109 1855 2322 1908 honore

751 1941 1140 2011 fungebantur,
1197 1954 1255 1998 et
1307 1945 1561 2000 inutilem
1589 1945 1928 2016 jugationem
1975 1945 2190 1999 miseris
2229 1943 2324 1998 de-

751 2029 1365 2100 curionibus-relaxari,
1414 2045 1470 2091 et
1503 2036 1608 2090 alia
1651 2037 1772 2105 pari
1826 2037 2036 2106 1103
2091 2050 2323 2090 numero

747 2123 1297 2181 Comitianisliorum
1330 2128 1449 2182 vice
1481 2130 1768 2200 assignari,
1805 2145 1867 2183 ac
1899 2145 1968 2184 ne
2001 2129 2083 2183 sic
2098 2126 2324 2197 quidem

749 2225 927 2270 totum
961 2233 1227 2273 canonem
1256 2219 1486 2288 implere
1513 2229 1770 2290 possunt.

821 2308 935 2377 Ego
969 2324 1100 2362 vero
1137 2309 1358 2378 prolixae
1396 2310 1712 2380 scriptionis
1755 2311 1971 2366 veniam
2006 2326 2036 2365 a
2073 2322 2124 2364 te
2165 2319 2317 2379 peto,

751 2405 1012 2468 tuamque
1061 2414 1160 2453 oro
1188 2386 1670 2470 magnificentiam,
1701 2411 1760 2456 ut
1795 2405 2041 2472 conjecta
2073 2402 2129 2455 in
2158 2400 2324 2455 mise-

757 2507 850 2544 ros
873 2491 1162 2545 collatores
1184 2492 1469 2546 mendacia
1488 2507 1736 2562 rcspuas,
1761 2503 1816 2548 et
1833 2494 2067 2548 infelicis
2086 2493 2325 2565 regionis

747 2583 1114 2638 calamitatem
1160 2584 1462 2654 reprimas,
1525 2584 1953 2655 inclinatamque
1995 2587 2213 2655 erigas,
2269 2593 2326 2640 et

745 2675 974 2743 gloriam
1002 2675 1368 2729 immortalem
1388 2674 1456 2729 ad
1479 2684 1731 2745 posteras
1750 2684 1939 2730 aetates
1959 2677 2321 2730 transmittas.

744 2764 870 2819 Haec
915 2779 1082 2833 porro
1140 2765 1432 2820 nobiscum
1485 2774 1649 2820 orant
1697 2766 1792 2836 qui
1847 2766 1993 2836 apud
2059 2781 2162 2820 nos
2195 2774 2324 2821 sunt

746 2854 944 2918 sancti,
980 2870 1043 2908 ac
1074 2856 1348 2924 pmcipue
1377 2857 1831 2926 religiosissimus
1850 2865 1906 2911 et
1941 2857 2323 2913 sanctissimus

745 2944 832 2998 vir
851 2944 970 3007 Dei,
998 2944 1257 3000 dominus
1285 2945 1547 3013 Iacobus,
1571 2947 1665 3017 qui
1698 2963 1824 3001 cum
1856 2947 2063 3003 silentii
2111 2947 2322 3002 studio-

743 3035 994 3090 sissimus
1029 3036 1120 3100 sit,
1145 3037 1344 3092 adduci
1369 3039 1597 3107 quidem
1624 3054 1735 3092 non
1782 3039 1965 3107 potuit
1994 3048 2054 3092 ut
2101 3039 2319 3094 scribe-

745 3136 852 3189 ret,
885 3136 1036 3196 optat
1059 3137 1240 3181 tamen
1267 3136 1329 3181 ut
1362 3127 1703 3200 benignitate
1742 3131 1847 3184 ista
1867 3130 2084 3185 fruatur
2100 3131 2314 3193 civitas,

742 3232 906 3288 quam
930 3219 1146 3273 vicinus
1171 3218 1429 3286 illustrat,
1457 3232 1512 3276 et
1540 3221 1800 3290 precibus
1817 3223 1932 3276 suis
1954 3222 2207 3293 protegit.

1091 3535 1279 3590 XLIII.
1297 3564 1368 3575 -—
1390 3533 1683 3588 Pulchert'az
1709 3534 1978 3604 Augusta.

813 3650 952 3717 Quia
985 3648 1278 3717 imperium
1309 3648 1515 3717 pietate
1542 3647 1774 3711 ornatis,
1808 3657 1863 3701 et
1886 3660 2188 3717 purpuram
2213 3644 2316 3700 fide

743 3741 1053 3804 illustratis,
1073 3740 1316 3794 scribere
1327 3739 2053 3808 audemus,tenuitatemqne
2074 3746 2315 3792 nostram

742 3849 854 3888 non
881 3831 1186 3897 intuemur,
1219 3833 1347 3901 quia
1380 3832 1691 3887 sacerdotio
1717 3831 2003 3886 decentem
2050 3830 2315 3884 honorem

741 3923 1080 3994 impenditis.
1108 3923 1231 3977 Haec
1263 3924 1448 3977 animo
1469 3931 1752 3992 reputans,
1772 3921 2027 3984 obsecro,
2063 3921 2317 3990 majesta-

741 4029 852 4073 tem
882 4019 898 4037 ⁶
930 4029 1104 4080 tuam,
1135 4025 1196 4070 ut
1231 4017 1445 4070 miserae
1481 4015 1690 4085 regioni
1717 4023 1922 4068 nostrae
1965 4027 2195 4083 parcere
2233 4011 2316 4066 di-

737 4117 960 4178 gnetur,
983 4122 1046 4160 ac
1067 4105 1266 4175 smpius
1288 4105 1539 4160 iteratam
1572 4105 1967 4173 inspectionem
1996 4103 2312 4157 confirmari

741 4200 953 4273 iubeat,
984 4214 1088 4256 nec
1123 4199 1292 4267 recipi
1328 4198 1492 4252 falsas
1540 4198 1906 4267 quorumdam
1945 4205 2137 4251 contra
2166 4196 2313 4250 illam

738 4291 1142 4362 suggestiones,
1200 4288 1466 4343 nec‘ﬁde
1511 4289 1736 4360 dignum
1779 4289 1970 4344 haberi
2027 4305 2176 4352 eum,
2219 4289 2314 4358 qui

733 4380 980 4450 episcopi
1006 4378 1229 4448 quidem
1253 4393 1453 4433 nomen
1484 4379 1825 4445 circumfert,
1870 4395 1933 4434 ea
1963 4389 2146 4434 autem
2177 4380 2309 4448 agit,

732 4485 857 4537 quae
879 4470 965 4524 v'el
999 4484 1029 4521 a
1066 4468 1206 4522 bene
1257 4469 1487 4522 moratis
1527 4469 1818 4538 mancipiis
1852 4468 2033 4523 aliena
2059 4469 2186 4523 sint.
2212 4467 2312 4521 Hic

730 4559 883 4612 enim
913 4558 1150 4612 diversis
1179 4559 1629 4613 accusationibus
1677 4575 1804 4614 reus
1854 4560 2053 4625 factus,
2086 4569 2250 4630 atque
2280 4576 2312 4615 a

735 4648 832 4702 Dei
893 4648 1276 4702 amantissimo
1343 4649 1804 4720 sanctissimoque
1888 4651 2312 4722 archiepiscopo

734 4739 780 4807 ι
793 4739 946 4808 103
962 4754 1171 4808 magna:
1185 4739 1899 4796 civitatisAntiocbenorum
1914 4743 2140 4797 domino
2150 4743 2313 4798 Dom-

729 4844 802 4883 no
826 4830 1410 4884 excommunicationis
1422 4831 1658 4886 vinculis
1677 4833 1952 4896 astrictus,
1988 4847 2111 4886 cum
2131 4833 2314 4901 ponti-

729 4918 888 4973 ficale
907 4919 1206 4972 concilium
1224 4921 1640 4975 convocandum
1653 4931 1820 4988 esset,
1837 4923 1972 4977 utde
1983 4923 2215 4992 objectis
2230 4923 2309 4978 illi

727 5010 1054 5064 criminibus
1077 5020 1451 5080 cognosceret,
1472 5011 1596 5081 fuga
1624 5014 1846 5083 elapsus
1880 5013 2082 5084 regiam
2112 5013 2302 5068 urbem

728 5099 910 5169 petiit,
965 5100 1335 5170 delatorisque
1391 5117 1622 5157 munere
1673 5115 1963 5174 suscepto,
2023 5105 2300 5174 regionem

728 5189 966 5257 impetit,
994 5205 1157 5258 quam
1212 5199 1446 5244 matrem
1487 5202 1668 5256 vocat,
1714 5194 1990 5264 simulque
2033 5210 2300 5264 pauperes

727 5279 1046 5334 innumeros
1097 5280 1336 5350 impetit,
1406 5290 1462 5336 et
1515 5293 1740 5354 propter
1801 5286 2010 5349 odium,
2064 5285 2209 5354 quod
2241 5286 2297 5340 in

727 5383 900 5421 unum
948 5370 1123 5439 gerit,
1189 5371 1432 5442 linguam
1483 5373 1751 5429 adversus
1808 5391 2000 5430 omnes
2055 5377 2296 5430 exacuit.

723 5457 928 5514 Verum
948 5461 1127 5529 qualis
1153 5462 1244 5517 ille
1276 5463 1368 5528 sit,
1396 5471 1453 5519 et
1480 5465 1535 5519 in
1565 5465 1768 5534 quibus
1793 5466 1992 5521 studiis
2012 5466 2297 5531 educatus,

800 5612 909 5684 (ξς)
939 5614 1318 5684 ἐπιϐληθῆναι.
1346 5616 1515 5684 Neap.

2431 511 2490 546 τε
2526 494 2620 546 καὶ
2656 493 2888 563 μεγάλα,
2913 492 2979 545 τά
3022 491 3118 561 μὲν
3141 491 3272 560 ψιλά
3314 487 3619 550 παντελῶς,
3649 487 3720 540 τὰ
3760 486 3819 539 ει
3853 487 4044 551 ἀκάρ-

2434 601 2557 647 ποις
2585 585 2773 650 φυτοῖς
2800 581 3154 650 σκιαζόμενα.
3192 578 3364 632 Τοῦτο
3383 576 3482 646 τῆς
3504 574 3690 647 χώρας
3720 574 3790 628 τὸ
3821 575 4039 642 μέτρον

2434 675 2595 727 πέντε
2633 673 2731 740 μὲν
2757 671 3023 742 μυριάδας
3047 670 3158 739 ἔχει
3183 668 3362 737 ζυγῶν
3393 665 3764 738 ὲλευθερικῶν
3785 706 3802 727 ,
3850 664 4040 735 μύρια

2431 765 2487 816 δὲ
2515 763 2650 833 πρὸς
2687 763 2898 824 τούτοις
2919 763 3083 832 ἕτερα
3100 760 3361 831 ταμιακά.
3389 758 3728 827 Σκοπησάτω
3776 758 3972 809 τοίνυν
4004 756 4036 823 ἡ

2435 855 2677 925 ὑμετέρα
2709 855 2869 922 σοφία
2914 855 3015 922 τὴν
3045 853 3141 922 τῆς
3185 851 3396 912 ἀδικίας
3439 848 3774 918 ὑπερδολήν.
3815 849 3881 901 Εί
3917 848 4036 916 γάρ

2434 946 2601 1016 μηδὲν
2629 940 2698 1014 ἦν
2719 945 2818 1015 τῆς
2852 943 3032 1013 χώρας
3067 945 3348 1013 άνήροτον,
3383 940 3522 993 ἀλλά
3560 931 3816 1008 πᾶσαῆν

2430 1040 2541 1098 τοῖς
2566 1038 2829 1106 γηπὸνοις
2855 1035 2933 1097 είς
2965 1033 3262 1105 γεωργίαν,
3306 1030 3563 1083 ὢκλασαν
3617 1029 3688 1084 ἂν
3722 1029 3872 1098 πρὸς
3925 1029 4032 1090 τάς

2431 1127 2711 1196 εἰσφορὰς,
2737 1126 2798 1178 οὐ
2821 1125 3076 1194 φέροντες
3095 1124 3191 1192 τῆς
3218 1121 3542 1191 ἀπογραφῆς
3566 1119 3664 1189 τὴν
3691 1119 4027 1186 στενότητα.

2429 1217 2741 1287 Τεκμήριον
2774 1215 2830 1268 δὲ
2854 1214 3210 1282 σαφέστατον.
3252 1212 3479 1281 Μυρίων
3523 1212 3634 1280 γὰρ
3675 1213 3773 1263 καὶ
3816 1225 4033 1262 πεντα-

2429 1309 2714 1380 κισχιλίων
2737 1307 2917 1378 ζυγῶν
2939 1307 3033 1360 ἐπὶ
3060 1305 3156 1360 τοῦ
3185 1302 3637 1377 μεγαλοπρεποῦς
3665 1302 3771 1371 τῆς
3791 1303 4031 1372 μνήμης

2441 1401 2712 1472 Ἰσιδώρου
2765 1399 3111 1471 χρυσοτελῶν
3141 1397 3450 1468 γενομένων
3477 1437 3489 1457 ,
3539 1397 3637 1449 οὐκ
3691 1396 4029 1462 ἐνεγκόντες

2429 1491 2527 1562 τὴν
2558 1489 2763 1561 ζημίαν
2783 1491 2834 1543 οἱ
2857 1492 2921 1542 ὲκ
2944 1489 3045 1558 τῆς
3069 1489 3418 1559 Κομητιανῆς
3441 1488 3644 1550 τάξεως
3673 1485 4027 1556 πράκτορες,

2428 1584 2788 1654 ἀπωδύραντο
2822 1583 2917 1652 μὲν
2952 1581 3243 1648 πολλάκις,
3291 1582 3573 1635 ἱκέτευσαν
3607 1578 3667 1631 δὲ
3702 1577 3774 1631 δι’
3808 1581 4026 1643 ἀνα-μερο-

2432 1677 2541 1748 ρῶν
2573 1676 2662 1728 τὸν
2692 1674 2896 1745 ὑψηλὸν
2925 1674 3078 1743 ὑμῶν
3103 1673 3312 1746 θρόνον,
3356 1671 3627 1742 δισχιλίων
3671 1670 3883 1733 αὐτοὺς
3925 1672 4028 1721 καὶ

2359 1747 2399 1800 Β
2431 1747 2800 1818 πεντακοσίων
2829 1765 3052 1835 ἀπόρων
3096 1764 3406 1830 ἀπαλλάξαι
3445 1761 3656 1830 ζυγῶνο
3698 1762 3801 1814 καὶ
3847 1775 4024 1830 προσο

2428 1857 2622 1922 έταξαν
2667 1859 2715 1909 οί
2773 1857 2878 1926 πρὸ
2931 1857 3032 1927 τῆς
3084 1857 3361 1926 ὑμετέρας
3401 1853 3773 1925 μεγαλοφυῑας
3805 1852 4025 1934 ταύτας

2427 1948 2809 2011 πιστευθέντες
2858 1949 2958 2011 τὰς
3003 1948 3181 2018 ἡνίας.
3231 1947 3564 2016 ἀπολυθῆναι
3613 1946 3727 2015 (31)
3761 1943 3869 2012 μὲν
3901 1945 4024 2007 τοῖς

2426 2040 2633 2103 ἀθλίοις
2673 2040 3112 2109 πολιτευομένοις
3140 2041 3238 2110 τὴν
3277 2041 3479 2110 ἄπορον
3513 2036 3880 2106 ίουγατίωνα,
3917 2036 4024 2087 ἀν-

2426 2130 2699 2200 τιδοθῆναι
2735 2130 2792 2183 δὲ
2820 2134 2932 2192 τοῖς
2964 2132 3329 2201 Κομητιανοϊς
3375 2127 3640 2200 ίσάριθμα
3673 2127 3847 2196 ἕτερα
3875 2143 3889 2156 ⁸
3920 2127 4022 2178 καὶ

2426 2221 2548 2276 οὐδὲ
2579 2221 2751 2284 οὕτως
2788 2221 3030 2290 ίσχύουσι
3065 2222 3243 2274 πάντα
3269 2222 3362 2273 τὸν
3393 2220 3594 2273 κανόνα
3626 2218 3902 2290 πληροῦν.

2510 2311 2654 2378 Ἐγὼ
2678 2311 2735 2364 δὲ
2767 2310 3103 2380 συγγνώμην
3137 2310 3274 2382 αίτῶ
3303 2312 3511 2364 πλείοσι
3543 2310 3898 2382 χρησάμενος
3927 2305 4018 2360 λό-

2425 2417 2564 2469 γοις,
2623 2402 2718 2454 καὶ
2770 2401 2869 2471 τὴν
2924 2401 3201 2471 ὑμετέραν
3252 2401 3483 2454 ίκετεύω
3523 2401 4018 2471 μεγαλοπρέπειαν

2423 2489 2746 2542 ἀπώσασθαι
2783 2490 2882 2558 μὲν
2911 2488 3011 2553 τάς
3046 2491 3186 2542 κατά
3215 2490 3324 2542 τῶν
3363 2490 3561 2543 ἀθλίων
3607 2488 3884 2542 συντελῶν
3925 2506 4015 2556 γι-

2423 2579 2689 2650 γνομένας
2718 2580 3106 2652 ψευδηγορίας,
3140 2583 3332 2652 στῆσαι
3361 2581 3419 2633 δὲ
3447 2583 3513 2651 τῇ
3541 2579 3882 2650 ταλαιταὶιρῳ
3901 2578 4016 2651 χώ-

2427 2687 2496 2741 ρᾳ
2543 2670 2641 2734 τάς
2677 2671 2986 2743 συμφορὰς,
3043 2672 3139 2725 καὶ
3177 2673 3390 2742 ὲγεῖραι
3433 2673 3606 2742 αὐτὴν
3654 2671 4015 2744 κλινομένην,

2425 2761 2520 2815 καὶ
2567 2762 2724 2826 κλέος
2758 2762 3088 2834 ἀείμνηστον
3131 2767 3252 2828 ταῖς
3283 2763 3634 2840 μετά.ταῦτα
3683 2765 4013 2818 καταλιπεῖν

2422 2858 2637 2924 γενεαῖς
2658 2853 2868 2909 ,Ταῦτα
2896 2857 2953 2910 δὲ
2975 2858 3073 2910 σὺν
3102 2858 3225 2925 ἐμοὶ
3256 2857 3634 2928 παρακαλοῦσι
3665 2860 3762 2911 καὶ
3789 2859 3847 2911 oi
3873 2858 4006 2931 παρ’

2422 2947 2554 3016 ἡμῖν
2585 2946 2752 3014 ἇγιοι,
2783 2947 2879 2999 καὶ
2911 2947 3277 3017 διαφερόντως
3306 2949 3336 3001 ὁ
3375 2948 3668 3010 ὁσιώτατος
3710 2947 3806 3001 καὶ
3837 2948 4008 3015 ἀγιώ.

2421 3054 2585 3100 τατος
2605 3038 2701 3092 ἀνθ
2712 3055 2892 3108 ρωπος
2913 3039 3006 3091 τοῦ
3033 3039 3190 3103 Θεοῦ,
3219 3043 3248 3093 ὁ
3273 3040 3463 3111 κύριος
3503 3039 3757 3104 Ἰάκωϐος
3776 3057 3790 3070 ·
3825 3040 3886 3103 δς
3910 3040 4009 3108 τὴν

2424 3128 2656 3197 ἡσυχίαν
2686 3130 2816 3198 περὶ
2851 3128 3104 3182 πλείστου
3145 3131 3491 3200 ποιούμενος,
3535 3131 3880 3184 ἐπιστέλλειν
3907 3131 4005 3201 μιν

2423 3217 2524 3269 οὐκ
2553 3218 2825 3286 ἀνέχεται,
2855 3217 3075 3288 εῦχεται
3109 3220 3165 3272 δὲ
3191 3219 3396 3291 ταύτης
3418 3220 3722 3274 ἀπολαῦσαι
3749 3221 3852 3292 τῆς
3883 3221 4008 3290 φιλ-

2425 3304 2741 3376 ανθρωπίας
2770 3307 2868 3375 τὴν
2901 3305 3078 3370 πόλιν,
3102 3308 3169 3378 ἢν
3195 3309 3288 3361 καὶ
3317 3309 3639 3378 γειτονεύων
3664 3310 4002 3381 λαμπρύνει.

2427 3397 2520 3448 καὶ
2548 3398 2668 3460 ταῖς
2697 3396 2886 3466 εὐχαῖς
2917 3399 3303 3468 περιφράττει.

2657 3528 2790 3582 Ml".
2812 3558 2883 3567 —
2901 3530 3240 3598 Πουλχερίᾳ
3259 3533 3580 3602 Αὐγούστῃ
3619 3534 3752 3606 (32).

2505 3642 2724 3714 Ἐπειδὴ
2749 3642 2847 3713 τὴν
2874 3642 3151 3711 βασιλείαν
3189 3646 3445 3719 εὐσεϐείᾳ
3479 3653 3756 3720 κοσμεῖτε,
3779 3650 3876 3704 καὶ
3901 3651 4002 3719 τὴν

2424 3734 2712 3806 ἁλουργίδα
2756 3737 2822 3805 τῇ
2889 3735 3072 3789 πίστει
3123 3737 3494 3809 λαμπρύνετε,
3564 3741 3880 3812 θαρροῦμεν
3931 3748 4004 3799 τά

2421 3825 2748 3896 γράμματα,
2776 3825 2870 3879 καὶ
2905 3825 3006 3896 τὴν
3031 3827 3244 3880 οίκείαν
3283 3829 3382 3898 οὐχ
3427 3830 3645 3900 ὁρῶμεν
3688 3833 3993 3888 εὐτέλειαν·

2421 3920 2485 3988 τῇ
2517 3920 2622 3988 γὰρ
2651 3917 2918 3993 ἱερωσύνῃ
2948 3918 3010 3970 τὸ
3038 3919 3250 3989 πρέπον
3277 3920 3577 3990 ἀπονέμετε
3598 3923 3788 3993 γέρας.
3810 3925 3996 3981 Ταῦτα

2420 4007 2796 4078 λογιζόμενος,
2841 4006 3070 4061 ἱκετεύω
3103 4009 3167 4062 τὸ
3198 4010 3462 4082 ὑμέτερον
3496 4013 3696 4084 κράτος
3719 4055 3732 4076 ,
3781 4015 3994 4083 φειδοῦς

2419 4100 2518 4172 τὴν
2556 4088 2745 4154 ἀθλίαν
2806 4100 2965 4171 ἡμῶν
3001 4099 3228 4165 ἀξιῶσαι
3259 4103 3464 4174 χώραν,
3516 4105 3609 4157 καὶ
3637 4105 3733 4174 τὴν
3765 4106 3993 4178 stadim;

2417 4193 2517 4264 τὴν
2566 4191 2826 4254 πολλάκις
2863 4193 3241 4264 γεγενημένην
3289 4193 3545 4248 κελεῦσαι
3603 4179 3988 4267 βεϐαιωθῆναί,

2421 4284 2517 4337 καὶ
2549 4283 2623 4354 μὴ
2653 4282 2910 4353 δεχθῆναι
2939 4282 3037 4347 τάς
3075 4285 3227 4355 παρά
3252 4288 3564 4360 τινωνκατ¹
3593 4288 3762 4357 αὐτῆς
3782 4291 3991 4360 γινομέ-

2421 4391 2517 4439 νας
2555 4375 2954 4445 ψευδηγορίας·
3010 4375 3145 4446 μηδὲ
3203 4359 3501 4448 ἀξιόχρεων
3539 4378 3862 4449 νομισθῆναι
3901 4359 3988 4433 τὸν

2346 4433 2390 4490 D
2416 4433 2726 4519 ἐπισκόπου
2741 4433 2855 4536 ’μέν
2887 4433 3482 4536 δνομαιπεριφψέρῑοντα,
3519 4433 3777 4539 ἀλλότριά
3807 4471 3867 4524 δὲ
3899 4472 3987 4524 καὶ

2413 4557 2765 4629 ἀνδραπόδων
2793 4558 3074 4624 εὑτρόπων
3096 4559 3508 4630 ἐπιτηδεύοντα.
3543 4555 3713 4624 Οὗτος
3735 4563 3845 4633 γὰρ
3860 4579 3984 4616 κατ-

2413 4651 2669 4721 ηγορίαις
2699 4650 3002 4716 ὑπεύθυνος
3028 4652 3292 4722 γεγονὼς,
3321 4653 3412 4707 καὶ
3435 4657 3547 4717 τοῖς
3575 4657 3676 4725 τῆς
3699 4656 3983 4725 ἀκοινωνη-

2415 4739 2538 4802 σίας
2574 4740 2901 4810 ὑποῦληθεὶς
2937 4742 3180 4812 δεσμοῖς,
3206 4743 3310 4796 ὑπὸ
3332 4743 3425 4796 τοῦ
3455 4744 3866 4813 θεοφιλεστάτου
3897 4747 3982 4799 καὶ

2414 4831 2719 4899 ἀγιωτάτου
2747 4834 3177 4904 ἀρχιεπισκόπου
3197 4834 3295 4904 τῆς
3339 4835 3654 4904 Ἀντιοχέων
3682 4837 3977 4905 μεγαλοπό-

2413 4922 2569 4985 λεως,
2623 4922 2717 4976 τοῦ
2767 4922 2956 4995 κυρίου
2995 4926 3227 4996 Δόμνου,
3284 4925 3378 4978 τοῦ
3427 4927 3819 4997 ἀρχιερατικοῦ
3861 4946 3980 4981 συν-

2411 5013 2586 5082 εδρίου
2613 5017 3027 5086 συγκροτεῖσθαι
3061 5017 3367 5088 μέλλοντος,
3414 5017 3556 5070 ὥστε
3589 5019 3687 5082 τάς
3733 5023 3858 5074 κατ’
3890 5022 3975 5074 αὐ-

2406 5104 2500 5156 τοῦ
2536 5108 2907 5175 γεγενημένας
2932 5108 3186 5173 ἐξετάσαι
3219 5112 3572 5182 κατηγορίας,
3611 5112 3853 5182 ἀποδρὰς
3885 5113 3972 5184 τὴν

2409 5193 2801 5262 βασιλεύουσαν
2827 5199 3093 5253 κατέλαὸε
3131 5201 3285 5254 πόλιν
3304 5242 3320 5267 ,
3351 5204 3445 5256 καὶ
3477 5202 3794 5274 δηλάτωρος
3823 5203 3972 5273 ἔργον

2406 5286 2820 5356 ἀναδεξάμενος,
2856 5290 3085 5360 πολεμεῖ
3118 5293 3216 5362 μὲν
3247 5293 3453 5365 χώραν,
3481 5293 3547 5365 ἣν
3586 5295 3843 5365 ὀνομάζει
3871 5313 3970 5364 μη-

2404 5377 2560 5446 τέρα,
2587 5377 2811 5448 πολεμεῖ
2830 5380 2884 5432 δὲ
2923 5383 3147 5451 μυριάσι
3177 5386 3444 5457 πενήτων,
3469 5386 3560 5437 καὶ
3593 5386 3681 5439 διὰ
3714 5386 3815 5456 τὴν
3845 5387 3967 5457 πρὸς

2409 5465 2504 5517 ἕνα
2525 5467 2850 5537 δυσμένειαν
2880 5473 2982 5542 τὴν
3003 5474 3250 5540 γλῶτταν
3277 5478 3416 5529 κατὰ
3444 5478 3660 5530 πάντων
3689 5479 3961 5546 ἡκόνησεν.

792 5681 908 5752 (59.)
938 5681 1136 5740 Latine
1157 5700 1314 5741 versa
1343 5681 1518 5742 exstat
1549 5687 1662 5744 haec
1701 5691 1930 5760 epistola
1962 5691 2102 5761 apud
2133 5692 2427 5748 Baronium
2460 5691 2528 5747 ad
2559 5709 2608 5747 a.
2642 5692 2702 5749 C.
2735 5695 2857 5760 444,
2893 5707 3024 5750 tom.
3054 5698 3141 5764 VI,
3175 5714 3226 5770 p.
3272 5715 3344 5753 m.
3375 5700 3466 5755 28.
