4336 6326
152 353 289 419 ιῖὶί
1396 402 1399 405 -
1506 353 1864 415 EPISTOLA

1727 353 1870 415 OLA
1909 356 2078 416 XLV.
3296 359 3439 427 1222

163 465 381 529 ὐποῖος
417 465 517 535 μιν
572 457 666 520 οὖν
704 464 913 528 ἐκεῖνος
939 502 953 528 ,
1006 462 1102 518 καὶ
1131 462 1274 516 τίσιν
1312 462 1745 533 ἐπιτηδεύμασιν
1775 469 1819 524 Α
1848 478 1875 518 e

1725 481 1745 515 ν
1775 469 1819 524 Α
1848 478 1951 533 ego
1970 464 2197 535 quidem
2242 481 2353 521 non
2391 465 2592 533 dicam,
2621 468 2755 539 quid
2804 484 2890 525 me
2948 470 3145 526 deceat
3181 469 3437 527 conside-

146 558 621 627 ἀντρθραμμένος,
650 554 762 624 ἐγὼ
795 556 895 627 μὲν
938 554 1039 609 οὐκ
1084 555 1215 628 ἐρῶ,
1240 555 1310 609 τά
1355 552 1579 625 ἐμαυτῷ
1610 553 1743 622 πρέ-

145 664 327 702 ⁴ιιιοντα
350 646 719 718 λογιζόμενος·
744 649 1040 718 τεκμηριοῖ
1059 647 1115 701 δὲ
1138 647 1324 717 σαφῶς
1353 647 1414 699 τὸ
1439 644 1535 697 νῦν
1567 647 1743 715 ἐγχειο

144 737 322 812 ρηοιν
364 740 494 810 παρ’
516 738 704 793 αὐτοῦ.
743 739 881 805 Περὶ
910 738 966 792 δὲ
994 739 1096 810 τῆς
1129 737 1314 809 χώρας
1348 734 1605 790 τοσοῦτόν
1634 751 1743 808 (Ρηέ

146 848 219 902 μι
239 846 255 858 ·
287 831 370 885 ὅτι
400 830 500 901 τῆς
534 830 810 901 ἐπαρχίας
848 831 1034 901 πάσης
1072 829 1376 899 κουφισμὸν
1418 827 1740 898 δεξαμένης,

139 922 407 976 οςςδέποτε
440 921 582 991 αὕτη
611 921 1026 993 φιλανθρωπίας
1072 920 1353 974 ἀπέλαυσε
1372 960 1386 985 ,
1437 918 1615 973 καίτοι
1646 918 1744 988 βα·

145 1013 387 1084 ρὺτατον
432 1012 657 1087 φορτίον
703 1013 1057 1084 έπικείμενον
1095 1010 1318 1081 ἔχουσα.
1371 1010 1536 1064 Ὅθεν
1571 1008 1743 1065 πολλά

142 1104 257 1177 μὶν
281 1105 394 1160 τῶν
412 1108 711 1175 κτημάτων
744 1103 1037 1175 ἐστέρηται
1057 1099 1344 1173 γεωργῶν,
1376 1099 1549 1153 πολλὰ
1572 1099 1629 1152 δὲ
1648 1099 1743 1152 καὶ

140 1196 265 1251 τῶν
293 1196 647 1268 κεκτημένων
676 1196 860 1268 ἔρημα
893 1193 1187 1264 γεγένηται
1219 1191 1500 1257 παντελῶς
1521 1208 1537 1223 ο
1572 1191 1742 1244 ἀπαι-

135 1287 372 1343 τοῦνται
396 1288 453 1342 δὲ
490 1288 633 1358 ὑπὲρ
661 1287 869 1341 τούτων
889 1286 940 1339 οἱ
969 1285 1276 1359 τρισάθλιοι
1308 1282 1740 1351 πολιτευόμενοι,

140 1380 345 1452 φέρειν
370 1382 427 1437 δὲ
454 1383 556 1453 τὴν
582 1382 873 1452 εἴσπραξιν
903 1378 965 1432 οὐ
992 1378 1286 1448 δυνάμενοι
1312 1377 1362 1429 οί
1386 1376 1484 1445 μὲν
1515 1389 1743 1441 προσαι-

137 1473 360 1540 τοῦσιν,
398 1474 538 1528 ciu
560 1471 983 1546 δραπετεύουσι.
1017 1469 1290 1541 Περιέστη
1339 1466 1397 1520 δὲ
1438 1468 1520 1529 είς
1547 1466 1644 1518 ινα
1675 1463 1738 1516 τὸ

136 1563 255 1637 τῆς
283 1564 492 1629 πόλεως
524 1564 744 1635 σχῆμα·
776 1562 836 1626 ὃς
862 1564 963 1616 οὐκ
996 1559 1235 1626 ἀνθέξει,
1283 1558 1360 1631 μὴ
1402 1558 1504 1628 τῆς
1537 1557 1735 1620 ἰάσεως

140 1655 309 1730 παρὰ
334 1656 434 1728 τῆς
464 1656 740 1727 ὑμετέρας
771 1654 1058 1718 εὐσεϐείας
1090 1652 1461 1724 ἐπιτεθείσης.
1511 1649 1743 1716 Ἐλπίζω

140 1748 210 1803 δὲ
243 1750 326 1803 ὃτι
354 1752 388 1819 ἡ
427 1748 672 1821 ὑμετέρα
710 1746 1017 1819 γαληνὸτης
1061 1745 1389 1818 θεραπεύσει
1419 1743 1487 1798 τά
1514 1743 1611 1813 τῆς
1641 1743 1741 1796 πόο

1849 570 2000 620 rans,
2046 556 2256 613 indicat
2289 567 2476 613 autem
2513 559 2567 614 id
2616 567 2828 631 aperte,
2862 561 3009 630 quod
3044 560 3113 616 ab
3168 576 3238 617 eo
3290 575 3439 616 nunc

1845 645 1931 716 agi
1970 656 2211 716 coeptum
2238 656 2343 703 cst.
2377 649 2453 704 De
2492 650 2718 721 regione
2759 666 2892 706 vero
2912 650 3020 706 hoc
3055 651 3235 706 solum
3288 650 3439 719 dice,

1845 751 1971 790 cum
2029 739 2312 808 provincia
2371 740 2633 796 universa
2686 742 3085 798 relevationem
3136 743 3436 814 acceperit,

1844 826 1989 883 hanc
2018 844 2181 884 unam
2210 830 2570 902 benignitatis
2592 840 3210 904 compotemnunquam
3241 834 3436 898 fuisse,

1845 921 2100 990 quamvis
2137 921 2214 975 illi
2246 924 2637 993 gravissimum
2690 939 2840 979 onus
2863 925 3172 981 incumbat.
3204 924 3360 982 Unde
3382 934 3442 980 et

1844 1011 2051 1081 praedia
2082 1013 2254 1068 multa
2276 1015 2489 1071 colonis
2513 1016 2780 1072 destituta
2810 1024 2961 1083 sunt,
2988 1018 3163 1072 multa
3202 1016 3371 1072 etiam
3407 1032 3441 1072 a

1843 1103 2258 1172 possessoribus
2288 1104 2510 1175 penitus
2544 1105 2765 1161 deserta
2812 1126 2825 1160 :
2861 1114 2919 1162 et
2949 1122 3054 1177 pro
3087 1107 3177 1162 his
3226 1108 3439 1162 nihilo-

1851 1194 2040 1250 minus
2113 1197 2412 1268 exiguntur
2480 1197 2854 1253 infelicissimi
2912 1198 3285 1260 decuriones,
3340 1198 3438 1270 qui

1844 1288 2195 1343 exactionem
2226 1289 2374 1345 ferre
2419 1306 2532 1346 non
2558 1291 2830 1359 valentes,
2864 1294 3065 1365 partim
3096 1295 3436 1361 mendicant,

1846 1381 2048 1450 partim
2074 1380 2201 1453 fuga
2226 1397 2285 1438 se
2323 1383 2666 1440 subducunt.
2699 1386 2781 1442 Ad
2806 1404 2979 1443 unum
3008 1388 3252 1459 denique
3296 1389 3438 1444 civi-

1848 1472 1980 1527 tatis
2006 1472 2185 1528 forma
2234 1474 2460 1545 redacta
2491 1485 2599 1541 est,
2622 1477 2721 1547 qui
2754 1494 2867 1533 non
2897 1478 3067 1543 feret,
3095 1479 3203 1534 nisi
3244 1496 3273 1534 a
3322 1480 3441 1551 pie-

1847 1570 1961 1619 tate
2006 1576 2189 1621 vestra
2248 1567 2557 1622 remedium
2616 1569 2971 1626 adhibeatur.
3019 1571 3194 1642 Spero
3252 1582 3439 1627 autem

1850 1654 1972 1711 fore
2017 1665 2080 1711 ut
2107 1659 2383 1713 serenitas
2415 1670 2601 1715 vestra
2647 1660 2891 1716 civitatis
2932 1662 3263 1718 vulneribus
3324 1679 3441 1719 me-

1846 1745 2065 1812 deatur,
2114 1757 2171 1802 et
2229 1748 2297 1803 ad
2345 1758 2576 1805 caeteras
2605 1752 2784 1822 justas
2829 1752 3080 1808 actiones
3134 1768 3263 1809 suas
3297 1752 3441 1809 hanc

139 1840 291 1905 λιως
309 1840 620 1910 τραύματα,
650 1838 748 1893 καὶ
774 1841 898 1902 ταῖς
925 1837 1113 1901 ἄλλαις
1143 1835 1592 1906 δικαιοπραγίαις
1620 1832 1744 1885 ὲπι-
1773 1821 1817 1877 Β
1844 1859 1851 1888 ‹

570 1858 620 1905 α,
650 1838 748 1893 καὶ
774 1841 898 1902 ταῖς
925 1837 1113 1901 ἄλλαις
1143 1835 1592 1906 δικαιοπραγίαις
1620 1832 1744 1885 ὲπι-
1773 1821 1817 1877 Β
1844 1838 2012 1893 etiam
2041 1839 2282 1911 adjiciat,

141 1932 314 2006 θήσει
337 1935 429 1987 καὶ
447 1932 674 2003 ταύτην.

493 2045 625 2099 MA’.
656 2073 728 2085 —
750 2042 1045 2112 Σενάτωρι
1076 2040 1383 2110 πατρικίῳ.

221 2157 399 2229 Χάρις
437 2154 515 2227 τῷ
552 2155 767 2227 Σωτῆρι
787 2154 898 2209 τῶν
922 2154 1081 2220 ὅλων,
1126 2154 1210 2207 δτι
1250 2152 1329 2223 τῷ
1359 2150 1612 2222 ὑμετέρῳ
1642 2167 1743 2221 με.

142 2251 306 2323 γέθει
329 2254 415 2306 ἀεὶ
440 2250 768 2324 προστίθησι
789 2250 889 2315 τὰς
914 2249 1023 2305 τῶν
1045 2247 1377 2319 ἀξιωμάτων
1398 2246 1584 2317 τιμάς.
1600 2243 1745 2315 Ἐγὼ

141 2343 212 2400 Bt
246 2344 410 2416 μέχρι
441 2342 538 2397 τοῦ
575 2342 847 2413 παρόντος
877 2342 940 2395 οὑ
977 2341 1258 2411 γέγραφα,
1289 2340 1384 2393 καὶ
1415 2337 1515 2410 τὴν
1547 2339 1639 2391 ἐπὶ
1666 2335 1744 2407 τῷ

143 2433 424 2504 κσλοφῶνι
439 2431 536 2486 τοῦ
562 2432 746 2504 γέρως
776 2430 1149 2502 ἐγγενομένην
1167 2446 1258 2500 μοι
1278 2428 1551 2500 θυμηδίαν
1574 2425 1737 2489 εὐθὺς

143 2530 214 2585 οὐ
247 2528 523 2600 δεδήλωκα
543 2568 560 2595 ,
588 2526 827 2597 ἐνοχλεῖν
856 2524 919 2578 οὐ
960 2523 1284 2595 βουλόμενος
1321 2522 1419 2593 τὴν
1466 2519 1743 2591 ὑμετέραν

149 2620 654 2694 μεγαλοπρέπειαν.
691 2617 803 2672 Καὶ
838 2616 933 2671 νῦν
955 2615 1013 2669 δὲ
1045 2614 1205 2669 τοῦτο
1230 2614 1391 2677 ποιῶ,
1429 2613 1529 2682 τῆς
1559 2612 1743 2665 θεόθεν

146 2712 597 2785 ιγχειρισθείσης
641 2726 734 2782 μοι
775 2708 961 2780 χώρας
1008 2707 1102 2760 ἐπὶ
1144 2703 1307 2775 ξυροῦ
1348 2703 1556 2775 ἀκμῆς.
1585 2703 1648 2756 τὸ
1680 2702 1745 2774 δὴ

146 2804 472 2877 λεγόμενον,
496 2801 817 2872 ἑστηκυίας.
846 2800 958 2871 Τῆς
984 2800 1095 2870 γὰρ
1127 2797 1359 2868 ὲποψίας
1387 2798 1507 2850 κατ’
1535 2796 1743 2851 ἐκεῖνον

146 2898 248 2953 τδν
273 2896 461 2969 καιρὸν
489 2894 811 2965 γενομένης,
844 2891 967 2946 καθ’
988 2892 1048 2945 ὃν
1070 2892 1169 2963 τῆς
1204 2889 1473 2962 ὑμετέρας
1510 2889 1570 2942 τὸ
1592 2888 1745 2959 πρῶ-

147 3006 249 3045 τον
272 2988 568 3059 ιπιδημίας
592 2984 1016 3054 ἀπελαύσαμεν,
1043 2983 1137 3036 καὶ
1163 2983 1317 3053 μόλις
1341 2979 1741 3053 κρατυνθείσης

149 3080 250 3137 ἀπὶ
271 3078 365 3133 τοῦ
388 3076 978 3151 μεγαλοπρεπεστάτου
1002 3074 1254 3146 ὑπάρχου
1272 3072 1366 3127 τοῦ
1387 3072 1579 3144 κυρίου
1604 3071 1746 3124 Φλω-

2201 2008 2387 2103 XLIV.
2413 2079 2483 2088 —
2512 2046 2771 2103 Senatori
2824 2050 3075 2118 patricio.

1915 2158 2102 2215 Gratia
2127 2157 2377 2213 omnium
2425 2158 2733 2225 Servatori,
2780 2158 2882 2229 qui
2923 2160 3280 2230 amplitudini
3329 2167 3440 2216 tua:

1849 2248 2181 2320 dignitatum
2224 2251 2465 2306 honores
2517 2266 2740 2321 semper
2769 2251 3102 2305 accumulat.
3155 2251 3270 2322 Ego
3298 2267 3436 2307 vero

1846 2340 2113 2397 hactenus
2146 2358 2257 2398 non
2314 2342 2537 2414 scripsi,
2581 2350 2638 2399 et
2661 2358 2828 2413 quam
2878 2358 2947 2397 ex
3009 2342 3238 2398 honoris
3288 2345 3439 2399 colo-

1844 2431 2027 2501 phone
2056 2432 2241 2489 animo
2270 2435 2390 2505 cepi
2416 2434 2662 2489 laetitiam
2697 2448 2809 2488 non
2848 2433 3039 2488 statim
3069 2433 3330 2499 iudicavi,
3365 2450 3439 2490 ne

1846 2521 2112 2577 molestus
2142 2537 2321 2578 essem
2376 2522 2801 2595 magniﬁcentia:
2847 2532 2976 2578 tuae.
3027 2522 3187 2578 Nunc
3251 2534 3437 2580 autem

1845 2622 2137 2683 propterea
2183 2614 2348 2680 facio,
2395 2615 2545 2686 quod
2600 2613 2815 2687 1105
2853 2614 3006 2685 regio
3064 2615 3203 2670 mihi
3255 2628 3286 2668 a
3325 2616 3439 2671 Deo

1845 2704 2139 2760 commissa
2172 2706 2229 2759 in
2257 2707 2398 2771 acie,
2430 2706 2578 2777 quod
2614 2707 2793 2772 aiunt,
2818 2715 2905 2761 est
2955 2707 3258 2762 novacuhe.
3302 2706 3438 2763 Nam

1846 2810 1975 2851 cum
2019 2796 2292 2867 inspectio
2325 2798 2467 2853 facta
2502 2797 2672 2855 fuerit
2704 2797 2801 2853 illo
2850 2804 3122 2867 tempore,
3169 2814 3280 2869 quo
3323 2798 3441 2869 pri-

1845 2888 2306 2942 mum‘adventu
2360 2896 2546 2944 vestro
2595 2889 2833 2944 recreati
2886 2904 3116 2955 sumus,
3173 2898 3233 2944 et
3283 2904 3431 2960 aegre

1847 2978 2201 3033 constabilita
2220 2978 2325 3034 sub
2347 2978 2899 3049 magniﬁcentissimo
2928 2980 3188 3050 praefecto
3212 2979 3441 3035 domino

1846 3069 2155 3136 Florentio,
2200 3084 2264 3125 ac
2309 3086 2462 3127 nunc
2510 3071 2678 3126 etiam
2742 3071 2814 3127 ab
2860 3088 2928 3128 eo
2980 3072 3308 3129 conﬁrmata
3340 3074 3439 3144 qui

154 3171 393 3245 ρεντίου.
430 3168 824 3241 βεϐαιωθείσης
852 3166 911 3222 δὲ
942 3168 1036 3220 καὶ
1068 3165 1165 3220 νῦν
1192 3165 1299 3219 ὑπὸ
1328 3165 1421 3218 τοῦ
1450 3165 1551 3228 τάς
1574 3162 1745 3225 αὑτὰς
1771 3167 1817 3227 c
1851 3161 1866 3217 1

1728 3167 1817 3227 :c
1851 3161 2103 3217 habenas
2134 3161 2356 3217 easdem
2406 3170 2577 3227 tenet,
2632 3162 2719 3217 vir
2745 3162 2991 3234 quidam,
3030 3163 3280 3234 episcopi
3315 3165 3440 3234 qui-

151 3263 479 3333 κατέχοντος
522 3260 711 3331 ἡνίας,
758 3260 898 3329 ἀνήρ
936 3274 1040 3321 τις,
1087 3254 1389 3310 επισκόπου
1443 3255 1541 3325 μὲν
1570 3253 1743 3323 ὄνομα

152 3354 490 3427 περιφέρων,
525 3352 783 3423 ἀλλότρια
801 3352 858 3405 δὲ
886 3351 981 3404 καὶ
1006 3349 1115 3403 τῶν
1144 3349 1237 3401 ἐπὶ
1268 3348 1368 3419 τῆς
1392 3346 1600 3418 σκηνῆς
1623 3347 1745 3399 ὲπιο

154 3444 422 3517 τηδεύων,
461 3441 651 3513 φυγὼν
683 3442 745 3496 τὺ
792 3440 902 3495 τῶν
934 3438 1239 3511 ἀρχιερέων
1285 3436 1566 3507 συνέδριον
1591 3475 1605 3500 ,
1648 3434 1745 3488 καὶ

154 3537 330 3593 ταῦτα
361 3536 471 3590 τῶν
497 3536 594 3607 τῆς
630 3532 1027 3603 ἀκοινωνησίας
1059 3529 1425 3598 ἐπικειμένων
1469 3527 1617 3597 αὐτῷ
1654 3526 1744 3580 δε-

159 3629 338 3700 σμῶν,
370 3628 726 3697 συκοφαντεῖν
760 3625 1019 3695 πειρᾶται
1057 3622 1154 3676 καὶ
1192 3618 1501 3674 διαϐάλλειν
1525 3619 1626 3687 τὴν
1650 3634 1745 3685 γε·

157 3720 395 3793 νομένην
420 3718 673 3788 ὶποψίαν,
705 3719 772 3788 τῇ
805 3717 934 3786 περὶ
967 3714 1058 3769 τὸν
1085 3711 1449 3785 περίϐλεπτον
1474 3710 1745 3763 Φίλιππον

163 3812 435 3885 ἀπεχθείᾳ
478 3811 579 3880 τὴν
621 3807 879 3880 ἀλήθειαν
928 3800 1159 3878 βάλλων.
1213 3804 1306 3858 Διὸ
1347 3804 1449 3875 τὴν
1472 3803 1745 3873 ὑμετέραν

164 3890 538 3977 μγαλοφυῖαν
569 3900 856 3965 ἀντιϐολῶ,
888 3900 987 3964 τὰς
1011 3898 1109 3970 μιν
1142 3898 1355 3952 ἐκείνου
1378 3895 1747 3968 ψευδηγορίας

163 3994 449 4065 ἀποφῆναι
482 3992 737 4063 ματαίας,
772 3991 872 4061 τὴν
895 3989 953 4044 δὲ
991 3989 1367 4061 γεγενημένην
1405 3987 1638 4057 ὲποψίαν
1660 3988 1748 4040 ἑν-

159 4086 328 4149 θίκως
354 4082 745 4156 βεϐαιωθείσαν
764 4081 1060 4136 ἀσάλευτον
1088 4080 1387 4149 διαμεῖναι.
1410 4080 1618 4148 Πρέπει
1638 4078 1748 4148 γὰρ

164 4176 320 4247 ὑμῶν
343 4172 419 4244 τῷ
457 4171 701 4243 μεγέθει,
733 4172 827 4224 καὶ
868 4169 1074 4241 ταύτην
1115 4168 1253 4240 μετά
1282 4168 1392 4219 τῶν
1420 4167 1596 4221 ἄλλων
1646 4165 1749 4236 τὴν

160 4264 584 4336 δικαιοπραγίαν
619 4260 1039 4333 καρπώσασθαι,
1079 4260 1175 4313 καὶ
1206 4258 1306 4321 τὰς
1339 4257 1489 4327 παρά
1522 4255 1630 4310 τῶν
1656 4255 1748 4308 εὑ-

167 4375 395 4431 εργετου
405 4358 580 4427 μένων
600 4354 853 4424 εὐλογίας
872 4353 1166 4424 τρυγῆσαι,
1186 4352 1280 4405 καὶ
1297 4350 1630 4420 θεραπεῦσαι
1650 4348 1750 4417 μὲν

158 4453 253 4508 τὸν
280 4448 389 4503 τῶν
420 4448 558 4502 ὅλων
578 4445 733 4510 Θεὸν,
764 4443 1103 4515 θεραπεῦσαι
1130 4442 1186 4495 δὲ
1221 4441 1312 4494 τὸν
1334 4442 1557 4513 γνήσιον
1577 4437 1745 4493 αὐτοῦ

160 4540 385 4603 δοῦλον,
432 4540 524 4591 τὸν
560 4535 860 4605 ἁγιώτατον
890 4532 1176 4604 ἄνθρωπον
1200 4530 1294 4584 τοῦ
1320 4529 1478 4594 Θεοῦ,
1516 4528 1608 4583 τὸν
1645 4529 1746 4583 κύ-
1778 4511 1824 4566 D

168 4648 283 4706 ριον
322 4628 599 4693 Ἰάκωϐον,
627 4627 687 4692 ὃς
715 4626 873 4697 τήνδε
903 4624 1207 4696 προσφέρει
1236 4624 1333 4677 σὺν
1363 4623 1488 4692 ἐμοὶ
1512 4620 1610 4693 τὴν
1640 4638 1749 4675 πα-

167 4727 454 4798 ράκλησιν.
490 4721 737 4794 Ἔγραψε
771 4720 815 4774 δ’
854 4718 921 4774 ἂν
951 4722 1045 4774 καὶ
1085 4719 1280 4784 αὐτὸς,
1311 4720 1470 4789 εἴπερ
1505 4714 1656 4785 αὐτῷ
1690 4716 1751 4768 τὸ

163 4819 400 4893 γράφειν
442 4814 679 4883 σύνηθες
706 4809 795 4884 ἦν.

351 4902 364 4917 ⁸
493 4933 628 4987 κε’.
655 4962 725 4974 —-
766 4930 1081 4993 Ἅνατολίῳ
1105 4929 1412 4997 πατρικίῳ.

237 5050 361 5104 ὀτι
384 5046 636 5117 καθάπερ
662 5044 851 5107 παῖδες
882 5044 975 5096 ἐπὶ
1005 5041 1219 5111 πατέρα
1261 5040 1637 5111 φιλόστοργον,
1671 5041 1751 5095 δι-

165 5140 434 5211 ετέθησαν
463 5138 592 5208 περὶ
618 5137 717 5207 τὴν
750 5133 1022 5206 ὑμετέραν
1064 5132 1543 5204 μεγαλοπρέπειαν
1576 5132 1753 5186 ἀπαν-

167 5249 258 5295 τες
303 5234 353 5284 oi
400 5230 500 5301 τὴν
549 5228 690 5299 ἑῴαν
722 5225 1023 5291 οἰκοῦντες,
1056 5220 1196 5278 οἶδεν
1233 5224 1390 5295 ὑμῶν
1434 5224 1495 5277 τὸ
1524 5223 1752 5295 μέγεθος

168 5322 434 5395 ἀκριϐῶς.
472 5320 611 5374 ’Δνθ⁹
640 5320 764 5373 ὅτου
792 5318 974 5372 τοίνυν
1006 5318 1350 5388 μεμισήκατε
1372 5316 1499 5380 τοὺς
1532 5317 1753 5386 φιλοῦν-

170 5432 291 5479 τας,
319 5415 417 5467 καὶ
450 5413 549 5481 τῆς
583 5410 856 5481 ὑμετέρας
912 5411 1112 5472 αὐτοὺς
1153 5408 1489 5479 ὲστερήσατε
1533 5425 1755 5479 προμη-

172 5504 343 5572 θείας,
369 5507 463 5556 καὶ
500 5503 717 5573 θρηνεῖν
765 5501 1008 5563 ἃπαντας
1046 5498 1141 5553 καὶ
1177 5499 1465 5569 ὀδύρεσθαι
1522 5502 1755 5571 πεποιήσ-

174 5610 329 5660 atate,
358 5593 457 5664 τὴν
483 5592 690 5646 οἰκείαν
711 5589 1006 5662 θεραπείαν
1032 5591 1133 5661 τῆς
1154 5589 1261 5643 τῶν
1286 5589 1461 5644 ἀλλων
1489 5593 1756 5661 προτιμή-

176 5704 367 5751 σαντες
397 5685 695 5755 ὼφελείσς;
718 5683 809 5755 Τῷ
836 5684 948 5737 ὄντι
974 5682 1082 5754 γάρ
1105 5683 1202 5753 οὐχ
1225 5682 1466 5753 ἡγοῦμαί
1495 5700 1619 5736 τινα
1646 5684 1756 5737 τῶν

176 5771 527 5843 φοϐουμένων
564 5771 656 5828 τὸν
695 5770 900 5841 Κύριον
948 5771 1024 5843 μὴ
1066 5771 1186 5824 λίαν
1215 5770 1506 5842 ἀσχάλλειν
1546 5773 1638 5826 ἐπὶ
1687 5779 1756 5847 τῇ

1848 3255 1973 3309 dem
2003 3269 2206 3310 nomen
2240 3270 2461 3326 gerens,
2494 3255 2590 3310 sed
2636 3270 2703 3311 ea
2758 3271 2929 3327 agens
2967 3271 3091 3326 quae
3138 3272 3170 3311 a
3205 3256 3439 3313 scenicis

1849 3344 1987 3416 ipsis
2007 3347 2186 3401 aliena
2219 3346 2349 3410 sint,
2380 3346 2767 3416 episcoporum
2828 3347 3125 3403 cencilium
3156 3347 3439 3405 subterfus-

1849 3438 2027 3507 giens,
2058 3438 2225 3508 idque
2256 3453 2384 3493 cum
2437 3439 3034 3495 excommunicationis
3073 3440 3315 3495 vinculis
3362 3441 3438 3495 sit

1848 3529 2153 3585 obstrictus
2207 3530 2537 3586 calumniari
2583 3532 2839 3596 conathr,
2893 3532 3206 3602 factamque
3254 3531 3441 3604 inspe-

1848 3622 2089 3678 ctionem
2111 3622 2419 3688 criminari,
2442 3622 2572 3679 odio
2621 3624 2942 3694 spectabilis
3002 3623 3243 3695 Philippi
3286 3626 3435 3681 veri-

1849 3723 2018 3770 tatem
2042 3715 2390 3786 impugnans.
2413 3714 2684 3783 Quocirca
2710 3715 3179 3787 magniﬁcentiam
3198 3726 3439 3773 vestram

1850 3804 2476 3869 obsecro,utmendacia
2497 3806 2619 3876 ejus
2649 3806 2810 3861 irrita
2841 3807 3056 3871 reddat,
3089 3816 3146 3862 et
3162 3807 3441 3878 inspectio

1849 3910 1974 3965 qua:
2005 3894 2148 3949 facta
2177 3904 2262 3951 est
2286 3896 2535 3966 legitime
2581 3894 2907 3950 conﬁrmata
2953 3895 3287 3952 inconcussa
3312 3912 3441 3967 per-

1850 3995 2092 4042 maneat.
2140 3987 2313 4042 Decet
2363 3986 2513 4042 enim
2568 3986 2994 4057 amplitudinem
3063 3996 3212 4043 tuam
3272 3989 3443 4060 hujus

1851 4078 2019 4134 etiam
2071 4093 2198 4133 cum
2250 4078 2374 4134 aliis
2417 4080 2583 4150 iustae
2639 4078 2871 4134 actionis
2920 4078 3163 4133 fructum
3216 4094 3438 4148 capere,

1852 4157 2017 4239 atque
2050 4177 2246 4225 eorum
2281 4186 2423 4240 quos
2473 4169 2747 4225 beneﬁcio
2795 4170 3056 4224 aﬁeceris
3090 4170 3443 4225 acclamatio-

1851 4275 1954 4317 nes
2006 4260 2303 4331 colligere,
2359 4277 2423 4317 ac
2473 4262 2648 4318 Deum
2706 4264 3095 4318 universorum
3148 4264 3439 4322 venerari.

1852 4353 2108 4408 venerari
2132 4368 2355 4423 quoque
2380 4355 2683 4423 genuinum
2715 4356 2836 4426 ejus
2862 4370 3107 4420 servum,
3154 4355 3439 4411 sanctissi-

1856 4459 2005 4499 mum
2050 4444 2333 4500 hominem
2364 4446 2483 4510 Dei,
2538 4445 2827 4501 dominum
2861 4445 3153 4511 Iacobum,
3179 4445 3275 4516 qui
3332 4462 3440 4501 una

1852 4551 2069 4591 mecum
2102 4553 2299 4607 preces
2345 4537 2531 4593 oﬂ'ert.
2560 4536 2885 4608 Scripsisset
2908 4546 3093 4594 autem
3122 4547 3178 4593 et
3220 4538 3361 4609 ipse,
3394 4537 3443 4594 si

1850 4630 1901 4685 ei
1927 4630 2173 4685 scribere
2199 4643 2321 4684 mos
2352 4638 2522 4685 esset.

2234 4930 2397 4986 XLV.
2419 4962 2488 4973 —
2513 4933 2766 4987 Anatolio
2812 4934 3061 5003 patricio.

1928 5046 2088 5113 Quod
2117 5055 2178 5100 ut
2216 5044 2313 5099 ﬁlii
2345 5045 2613 5101 adversus
2637 5056 2913 5101 amantem
2936 5055 3174 5117 patrem,
3195 5048 3278 5105 sic
3311 5064 3445 5122 erga

1854 5137 2321 5208 magniﬁcentiam
2357 5145 2602 5192 vestram
2658 5137 2843 5194 aﬁ'ecti
2874 5140 2987 5194 sint
3020 5155 3215 5197 omnes
3247 5140 3446 5197 Orien-

1857 5229 2016 5292 tales,
2043 5228 2295 5298 apprime
2315 5228 2469 5282 novit
2514 5228 2830 5284 sublimitas
2882 5240 3091 5286 vestra.
3148 5230 3267 5297 Qua
3310 5247 3447 5303 ergo

1856 5321 1925 5377 de
1950 5336 2115 5377 causa
2142 5321 2270 5376 odio
2308 5320 2585 5375 habuistis
2640 5329 2910 5386 amantes,
2975 5330 3268 5393 vestraque
3321 5324 3447 5379 illos

1856 5415 2212 5485 providentia
2238 5413 2501 5476 orbastis,
2534 5420 2592 5465 et
2621 5412 2814 5483 lugere
2840 5426 3036 5467 omnes
3083 5428 3149 5467 ac
3185 5414 3447 5484 plangere

1858 5504 2137 5575 coegistis,
2187 5502 2403 5573 1105
2469 5502 2758 5573 proprium
2811 5502 3163 5579 commodum
3208 5503 3445 5559 aliorum

1858 5596 2083 5650 utilitati
2139 5595 2576 5665 anteponentes?
2625 5593 2838 5648 Revera
2896 5594 3046 5649 enim
3097 5608 3292 5649 eorum
3345 5596 3445 5665 qui

1857 5688 2033 5741 Deum
2075 5688 2276 5740 timent
2297 5686 2577 5741 neminem
2617 5698 2737 5739 esse
2758 5684 3026 5749 arbitror,
3065 5685 3199 5755 quin
3243 5684 3445 5755 prefe-

1860 5786 2020 5833 ctura
2040 5786 2223 5834 vestra
2248 5778 2523 5847 privatum
2556 5790 2615 5831 se
2650 5775 3013 5833 vehementer
3065 5776 3268 5832 doleat.
3300 5775 3449 5844 Quin
