4078 6320
651 287 787 351 1223

1630 285 2111 348 THEODORETI
2146 287 2480 349 EPISCOPI
2520 290 2882 352 CYRENSIS

3780 290 3914 353 ῙΞἩ

649 409 706 453 et
739 409 962 454 ceteros
990 412 1180 452 omnes
1213 396 1487 458 existimo,
1511 395 1761 466 quamvis
1796 396 2092 465 perfectam
2120 397 2205 450 Dei

2320 399 2572 468 στερήσει
2619 398 2717 468 τῆς
2751 399 3026 469 ὑμετέρας
3069 399 3420 470 στρατηγίας.
3473 395 3650 470 υἷμαι
3699 400 3762 453 δὲ
3819 404 3910 454 καὶ

653 490 1018 562 cognitionem
1036 504 1144 542 non
1167 488 1426 550 habeant,
1453 487 1615 541 simili
1657 486 1846 540 dolore
1875 489 2044 557 tangi,
2081 489 2211 542 dum

653 579 917 637 beneﬁcia
954 588 1133 633 vestra
1171 578 1550 632 recordantur.
1580 577 1692 646 Ego
1745 593 1875 632 vero
1930 595 2040 648 pra:
2091 580 2216 633 aliis

654 684 831 740 gemo,
869 684 1080 723 memor
1141 667 1363 722 honoris
1399 674 1454 720 et
1510 667 1735 722 sincerae
1795 668 2211 730 benevolentiae,

652 761 1054 840 [‘ominurnque
1091 761 1475 815 universorum
1504 777 1718 831 precor,
1748 768 1809 814 ut
1842 761 2042 815 invicta
2078 759 2212 814 dex-

647 860 761 906 tera
796 866 1011 919 semper
1036 867 1131 904 vos
1157 851 1384 912 muniat,
1425 852 1802 920 bonorumque
1830 851 2075 905 omnium
2122 865 2214 904 co-

644 940 789 1011 piam
810 940 966 994 vobis
988 933 1270 1010 largiatur.
1291 939 1744 1010 Magniﬁcentiam
1766 950 1947 994 autem
1975 950 2210 995 vestram

645 1046 920 1100 rogamus,
951 1039 1011 1084 ut
1046 1031 1242 1085 absens
1266 1032 1414 1084 velut
1447 1036 1688 1100 praesens
1739 1038 2057 1086 consuetam
2114 1046 2211 1084 cu-

644 1136 759 1175 ram
816 1131 989 1193 gerat,
1058 1136 1225 1188 atque
1261 1120 1408 1173 illius
1462 1119 1668 1189 indigni
1729 1120 1974 1190 episcOpi
2037 1119 2210 1174 nostri

642 1214 850 1268 rabiem
886 1213 1118 1283 frangat,
1173 1213 1328 1282 cujus
1351 1213 1477 1266 vitae
1526 1211 1842 1266 institutum
1905 1211 2210 1268 sublimitas

639 1313 824 1359 vestra
873 1311 1220 1373 perspectum
1270 1303 1456 1358 habet.
1511 1302 1755 1358 Conatur
1789 1304 1958 1366 enim,
2007 1310 2067 1357 ut
2120 1316 2212 1356 ac-

639 1397 786 1466 cepi,
831 1396 1108 1466 regionem
1135 1403 1378 1450 nostram
1411 1395 1660 1450 funditus
1694 1403 1968 1458 evertere,
2003 1393 2211 1450 delato-

638 1487 720 1542 ris
766 1501 995 1540 munere
1032 1495 1306 1556 suscepto,
1369 1495 1754 1555 peractamque
1814 1485 2210 1554 inspectionem

639 1577 999 1632 calumnians.
1063 1575 1228 1645 ldqnc
1272 1591 1395 1630 cum
1434 1576 1610 1630 sciant
1659 1591 1882 1639 omnes,
1917 1586 1978 1630 ut
2039 1575 2212 1630 verbo

639 1665 842 1729 dicam,
880 1665 1255 1736 gravissimam
1309 1680 1431 1720 esse
1473 1665 1713 1734 regiOnis
1769 1675 1974 1722 nostra
2006 1664 2212 1721 deseri-

2321 485 2447 546 τοὺς
2495 484 2686 546 ἀλλους
2737 485 3002 549 ἅπαντας,
3060 488 3108 539 εί
3143 489 3234 540 καὶ
3276 489 3348 557 μὴ
3376 488 3474 558 τὴν
3513 489 3648 558 περὶ
3689 489 3768 541 τὰ
3795 488 3908 541 θεῖα

2321 575 2522 640 γνῶσιν
2549 575 2762 645 ἔχουσιν
2788 577 3014 646 ἀκριϐῆ,
3044 577 3104 629 τὸ
3133 579 3229 647 τῆς
3249 578 3487 648 ἀθυμίας
3518 579 3732 647 ὁμοίως
3758 577 3910 646 δέχε-

2323 665 2446 717 σθαι
2475 666 2664 729 πάθος,
2706 667 2804 729 τὰς
2840 668 3114 737 ὑμετέρας
3142 669 3524 737 λογιζομένους
3550 671 3905 737 εὐεργεσίας.

2332 753 2474 822 Ἐγὼ
2503 756 2560 808 δέ
2594 757 2960 828 διαφερόντως
3008 760 3380 828 ὀλοφύρομαι,
3430 760 3525 812 καὶ
3576 759 3681 828 τῆς
3720 761 3907 829 τιμῆς,

2319 848 2537 914 καὶτῆς
2565 848 2888 920 εἰλικρινοῦς
2922 849 3216 913 διαθέσεως
3254 853 3603 919 μεμνημένος
3624 867 3637 880 ’
3678 854 3778 902 καί
3821 851 3910 902 τὸν

2317 936 2426 988 τῶν
2461 936 2597 988 ὅλων
2623 938 2848 991 ἱκετεύω
2879 940 3176 1006 Δεσπότην,
3208 944 3274 1011 τῇ
3309 942 3508 1010 ἀμάχῳ
3541 940 3697 1010 δεξιᾷ
3733 941 3908 1010 τειχί-

2319 1026 2432 1088 ζειν
2466 1027 2610 1096 ὑμᾶς
2639 1028 2745 1092 ἀεὶ,
2766 1031 2855 1080 καὶ
2874 1029 2982 1082 τῶν
3007 1032 3362 1084 παντοδαπῶν
3388 1032 3613 1100 ἀγαθῶν
3645 1035 3909 1103 χορηγεῖν

2319 1117 2447 1186 ὑμῖν
2479 1117 2580 1184 τὴν
2615 1119 2807 1184 φοράν.
2839 1119 2950 1186 Τὴν
2980 1120 3036 1172 δέ
3071 1121 3344 1192 ὑμετέραν
3379 1123 3764 1192 μεγαλοφυῖαν
3807 1142 3909 1176 πα-

2322 1207 2684 1277 ρακαλοῦμεν,
2715 1211 2810 1260 καὶ
2840 1211 3086 1264 ἀποῦσαν
3108 1211 3184 1274 ὡς
3213 1213 3493 1283 παροῦσαν
3513 1215 3627 1267 τῶν
3653 1217 3907 1285 συνήθων

2319 1298 2622 1367 φροντίσαι,
2659 1300 2753 1350 καὶ
2785 1299 2878 1351 τοῦ
2905 1301 3077 1364 δεῖνος
3109 1301 3205 1354 τοῦ
3227 1303 3447 1367 ἀναξίου
3479 1305 3646 1375 ἡμῶν
3671 1307 3906 1359 ἐπισκόο

2318 1405 2418 1440 που
2457 1387 2760 1441 καταλῦσαι
2789 1389 2886 1460 την
2922 1390 3139 1456 λύτταν,
3179 1388 3240 1447 οὗ
3271 1395 3370 1464 τὴν
3411 1395 3504 1448 τοῦ
3541 1395 3661 1464 βίου
3705 1397 3906 1467 προαί-

2321 1497 2467 1550 ρεσιν
2500 1480 2890 1552 ἀκριϐέστερον
2915 1483 2977 1536 τὸ
3017 1485 3283 1557 ὑμέτερον
3308 1488 3601 1541 ἐπίσταται
3647 1489 3902 1557 μέγεθος.

2328 1571 2626 1640 Ἐπιχειρεῖ
2653 1571 2781 1642 γὰρ,
2820 1573 2896 1635 ὼς
2943 1574 3149 1643 ἔγνων,
3196 1577 3474 1640 παντελῶς
3513 1579 3676 1647 ἡμῶν
3704 1580 3908 1633 ἀπολέ-

2319 1677 2407 1713 σαι
2437 1660 2535 1730 τὴν
2569 1661 2775 1732 χώραν,
2808 1662 3115 1734 δηλάτωρος
3149 1667 3324 1736 ιργονν
3345 1667 3776 1734 ἀναδεξάμενος,
3816 1672 3905 1721 καὶ

639 1756 906 1828 ptionem,
947 1755 1084 1808 adeo
1106 1765 1166 1808 ut
1194 1754 1341 1808 illius
1366 1770 1530 1809 causa
1555 1754 1931 1824 possessiones
1958 1755 2205 1825 plurim

2311 1749 2410 1818 τὴν
2438 1751 2814 1821 γεγενημένην
2845 1752 3073 1821 ἐποψίαν
3124 1757 3496 1823 συκοφαντῶν.
3561 1760 3676 1810 Καὶ
3728 1759 3905 1812 ταῦτα

640 1848 852 1904 colonis
885 1847 1160 1901 destituta:
1185 1847 1316 1901 sint.
1359 1846 1562 1900 Verum
1602 1846 1712 1910 hic,
1765 1846 2209 1901 excommunica-

641 1938 790 1993 tione
834 1944 1183 2006 contempta,
1251 1943 1453 1989 sancta:
1504 1935 1712 2005 synodo
1762 1950 1820 1988 se
1873 1933 2206 1997 subduceris,

638 2039 829 2086 contra
870 2027 1105 2080 miseros
1141 2041 1416 2096 pauperes
1456 2025 1695 2094 linguam
1723 2026 1984 2079 exseruit.
2029 2024 2208 2090 Quare

637 2138 829 2178 curam
866 2136 1049 2175 rerum
1081 2130 1398 2174 nostrarum
1449 2133 1639 2187 gerere
1671 2115 2076 2186 magniﬁcentia
2117 2131 2210 2168 ve-

639 2221 751 2267 stra
807 2212 1082 2281 dignetur,
1145 2226 1214 2264 ne
1262 2209 1549 2263 veritatem
1598 2208 1782 2262 vincat
1837 2206 2205 2262 mendacium.

642 2303 877 2357 Easdem
902 2301 1069 2355 etiam
1094 2315 1192 2369 pro
1224 2298 1492 2352 Cilicibus
1519 2313 1711 2367 preces
1743 2297 1934 2352 oﬁero.
1968 2297 2028 2351 ln
2055 2297 2206 2356 luctu

636 2394 782 2448 enim
804 2400 1068 2462 perpetuo
1090 2404 1376 2444 versamur
1390 2388 1566 2442 donec
1585 2387 1850 2457 iniquitas
1863 2387 2202 2441 destruatur.

637 2481 813 2552 Hujus
847 2496 978 2534 vero
1029 2478 1195 2532 studii
1236 2478 1735 2547 compensationem
1769 2477 2040 2532 retribuet
2085 2475 2210 2530 uni-

635 2587 924 2628 versorum
956 2570 1240 2631 Dominus,
1271 2567 1367 2637 qui
1399 2576 1456 2622 et
1486 2569 1694 2638 exigua:
1718 2582 1872 2636 aqua:
1898 2565 2208 2621 mercedem

631 2677 697 2720 se
719 2662 973 2716 daturum
1023 2659 1292 2728 promisit.

2315 1841 2552 1904 πάντων,
2586 1839 2660 1901 ὡς
2698 1839 2823 1904 ἔπος
2855 1843 3050 1908 εἰπεῖν,
3085 1845 3465 1915 ἐπισταμένων
3503 1846 3602 1916 τὴν
3657 1846 3904 1918 βαρυτὰ-

2313 1945 2413 1997 την
2443 1930 2541 1999 τῆς
2574 1931 2848 2000 ἡμετέρας
2877 1931 3059 2002 χώρας
3089 1935 3416 2004 ἀπογραφὴν
3435 1975 3449 1998 ,
3501 1937 3596 1988 καὶ
3625 1938 3700 1999 ὡς
3729 1937 3905 2004 ,πολλὰ

2311 2017 2421 2073 τῶν
2454 2021 2748 2088 κτημάτων
2779 2019 2962 2090 ἔρημα
2999 2022 3086 2075 aea
3125 2025 3331 2092 ταύτην
3364 2026 3473 2077 τῶν
3504 2028 3903 2096 γεωργούντων

2313 2109 2552 2176 ἐγένετο.
2597 2110 2734 2162 Ἀλλ’
2785 2105 2958 2176 οὗτος,
2998 2114 3093 2166 καὶ
3141 2116 3240 2182 τῆς
3284 2117 3685 2186 ἀκοινωνησίας
3732 2135 3903 2170 κατα·

2315 2201 2612 2271 φρονήσας,
2640 2203 2734 2254 καὶ
2761 2204 2859 2272 τὴν
2892 2205 3052 2270 ἁγίαν
3085 2205 3299 2259 σύνοδον
3329 2209 3593 2277 ἀποδρὰς,
3623 2212 3771 2262 κατὰ
3797 2212 3904 2262 τῶν

2315 2289 2515 2343 ἀθλίων
2552 2294 2800 2362 πενήτων
2851 2295 3102 2364 ἐπαφῆκε
3149 2297 3246 2367 τὴν
3281 2298 3550 2364 γλῶτταν.
3606 2302 3900 2370 Φροντίσαι

2313 2382 2496 2434 τοίνυν
2532 2385 2562 2452 ἡ
2594 2384 2835 2454 ὑμετέρα
2873 2390 3317 2458 μεγαλοπρέπεια
3349 2393 3787 2462 παρακληθήτω,
3821 2396 3902 2444 ἵνα

2319 2472 2395 2542 μὴ
2430 2475 2784 2544 περιγένηται
2807 2477 2905 2544 τῆς
2937 2476 3196 2546 ἀληθείας
3226 2482 3286 2532 τὸ
3325 2483 3541 2548 ψεῦδος.
3592 2484 3707 2552 Τὴν
3734 2485 3899 2552 αὐτὴν

2313 2563 2371 2615 δέ
2421 2565 2677 2634 καὶπερὶ
2723 2565 2830 2617 τῶν
2883 2568 3126 2622 Κιλίκων
3175 2572 3469 2642 προσφέρω
3521 2575 3895 2644 παράκλησιν.

2317 2653 2657 2724 Θρηνοῦντες
2702 2657 2812 2729 γὰρ
2857 2658 3206 2731 διατελοῦμεν
3245 2663 3348 2725 ἓως
3390 2665 3456 2716 ἂν
3493 2667 3526 2733 ἡ
3579 2669 3902 2737 παρανομία

636 2757 936 2826 καταλυθῇ.
965 2754 1178 2824 Ταύτης
1198 2754 1253 2806 δὲ
1276 2753 1377 2823 τῆς
1408 2753 1641 2822 σπουδῆς
1675 2753 1773 2815 τὰς
1800 2751 2033 2824 ἀμοιϐὰς
2060 2747 2343 2805 ἀντιδώσει
2384 2749 2492 2804 τῶν
2519 2750 2656 2804 ὅλων
2691 2753 2718 2803 6
2757 2752 2980 2822 Κύριος,
3017 2755 3045 2808 6
3084 2756 3177 2809 xui.
3217 2756 3407 2822 ῦδατος
3459 2760 3667 2829 μικροῦ
3707 2762 3901 2815 δώσειν

641 2851 831 2923 μισθὸν
864 2851 1066 2919 ὑποσχό
1075 2867 1252 2919 μενος.

884 2958 1096 3028 1106
1125 2958 1311 3012 XLVI.
1335 2987 1406 2997 -
1426 2958 1584 3012 Petro
1628 2956 1951 3012 scholastica.

2636 2959 2786 3027 Μετ’.
2821 2991 2888 3001 -
2915 2962 3115 3032 Πέτρῳ
3165 2967 3576 3034 σχολαστικῷ.

707 3075 910 3129 Eorum
973 3073 1066 3142 qui
1125 3072 1270 3141 quod
1315 3073 1522 3142 justum
1571 3079 1656 3125 est
1710 3071 1932 3141 plurimi
1974 3069 2204 3137 iaciunt,

2381 3068 2502 3121 Τῶν
2529 3070 2588 3122 τὸ
2613 3070 2820 3124 δίκαιον
2842 3075 2970 3144 περὶ
2995 3075 3190 3128 πολλοῦ
3220 3080 3564 3147 ποιουμένων
3592 3082 3749 3135 οὐδὲν
3783 3086 3899 3137 ἰκα-

636 3166 774 3221 nihil
818 3173 902 3218 est
936 3163 1080 3232 quod
1109 3163 1384 3218 laudabile
1443 3165 1548 3217 hoc
1579 3164 1821 3217 studium
1850 3164 2023 3232 possit
2057 3179 2206 3218 com-

638 3271 882 3323 pescere.
942 3255 1138 3309 Verbis
1195 3254 1354 3308 ﬁdem
1403 3255 1602 3308 astruit
1638 3254 2042 3323 magniﬁcentia
2090 3262 2201 3317 tua,

636 3362 757 3416 quae
786 3355 841 3400 et
871 3347 1114 3401 dolorem
1137 3347 1282 3415 cepit
1309 3363 1374 3400 ex
1401 3348 1466 3400 iis
1501 3361 1622 3415 quae
1656 3347 1904 3399 nuntiata
1948 3353 2097 3408 sunt,
2149 3353 2205 3399 et

638 3438 1240 3507 oppressamjustitiam
1282 3436 1564 3505 aspernari
1605 3436 1813 3488 noluit:
1863 3436 1956 3488 sed
2005 3449 2207 3489 mmro—

641 3543 755 3583 rem
788 3529 843 3581 in
867 3536 1114 3596 tempore
1151 3529 1436 3598 abjiciens,
1483 3529 1734 3582 veritatis
1784 3529 1927 3582 hosti
1957 3543 2018 3582 os
2059 3530 2204 3597 juste

541 3622 567 3646 °
637 3619 927 3674 obstruxit.
985 3618 1196 3684 Quibus
1241 3619 1494 3688 cognitis,
1549 3619 2008 3687 magniﬁcentiam
2054 3627 2202 3670 tuam

637 3711 919 3764 ardentius
949 3709 1344 3772 adamavimus,
1380 3709 1617 3763 oratoria
1663 3709 1923 3763 facultate
1996 3717 2204 3777 tempe-

636 3811 810 3855 ratam
839 3801 980 3855 nacti
1011 3816 1198 3854 veram
1238 3801 1664 3870 philosophiam,
1723 3815 2056 3868 oramusque
2103 3800 2205 3853 im-

635 3893 878 3962 pensius,
914 3902 975 3946 ut
1000 3891 1190 3960 optimi
1228 3893 1392 3961 hujus
1421 3894 1523 3946 viri
1562 3891 1905 3945 mendacium
1951 3891 2204 3944 destruas

635 3991 692 4039 et
723 3992 957 4046 evertas,
993 3984 1424 4052 miserorumque
1447 3997 1748 4053 pauperum
1772 3983 2202 4038 consolationem

633 4076 958 4131 conﬁrmes.

701 4191 909 4246 XLVII.
930 4221 997 4228 —
1017 4189 1207 4243 Proclo
1234 4192 1472 4260 episcopo
1516 4189 2124 4261 Constantinopolitano.

707 4300 1002 4369 Superiore
1064 4315 1207 4353 anno
1251 4300 1511 4353 sanctitas
1555 4308 1645 4353 tua
1691 4299 2040 4368 spectabilem
2074 4297 2202 4353 Phi-

2307 3158 2395 3212 νδν
2427 3161 2675 3231 ἐπισχεῖν
2719 3163 2811 3215 τὸν
2855 3167 3250 3236 ἐπαινούμενον
3306 3170 3496 3222 τοῦτον
3531 3176 3760 3227 σκοπόν.
3812 3177 3900 3227 Βε-

2306 3248 2453 3301 δαιοῖ
2480 3250 2536 3301 δέ
2569 3251 2658 3303 τὸν
2697 3253 2853 3319 λόγον
2888 3255 2920 3323 ἡ
2953 3255 3018 3325 σὴ
3068 3257 3537 3328 μεγαλοπρέπεια,
3566 3261 3898 3329 ἀχθεσθείσα

2309 3341 2406 3408 μὲν
2438 3342 2530 3394 ἐπὶ
2554 3342 2622 3394 τὰ
2652 3345 2841 3414 πρώην
2880 3347 3310 3414 ἀναγγελθέντα,
3335 3351 3820 3425 οῦκίάνασχομένη
3845 3357 3898 3408 δὲ

2306 3432 2552 3501 παριδεῖν
2591 3433 2650 3486 τὸ
2699 3435 2907 3488 δίκαιον
2947 3438 3390 3508 πολεμούμενον,
3427 3442 3541 3493 ἀλλ’
3572 3445 3657 3505 είς
3705 3446 3896 3514 καιρδν

2305 3529 2404 3597 τὴν
2451 3529 2690 3597 ἀθυμίαν
2751 3532 3124 3602 ἀπορρίψασα,
3179 3537 3274 3588 καὶ
3325 3537 3419 3588 τὸν
3473 3541 3571 3606 τῆς
3629 3539 3894 3606 ἀληθείας

2307 3619 2496 3687 ἐχθρὸν
2535 3621 2756 3684 ἐνδίκως
2801 3624 3224 3694 ἐπιστομίσασα.
3261 3628 3446 3681 Ταῦτα
3487 3631 3891 3699 μεμαθηκότες,

2310 3709 2640 3781 θερμότερον
2695 3716 2823 3782 περὶ
2875 3716 2972 3786 τὴν
3026 3717 3123 3786 σὴν
3159 3717 3478 3788 διετέθημεν
3511 3725 3889 3789 μεγαλόνοιαν,

2303 3798 2569 3869 δεινότητι
2622 3805 2884 3873 ῥητορικῇ
2929 3807 3253 3875 φιλοσοφίαν
3316 3810 3493 3878 ἀληθῆ
3543 3817 3891 3886 κεκραμένην

2305 3892 2574 3962 εὑρόντες,
2614 3896 2705 3946 καὶ
2731 3898 3161 3968 παρακαλοῦμεν
3197 3903 3640 3973 σπουδαιότερον,
3679 3910 3773 3961 καὶ
3802 3908 3889 3961 τοῦ

2307 3981 2589 4051 βελτίστου
2619 3987 2923 4042 καταλῦσαι
2952 3990 3017 4043 τδ
3040 3991 3258 4059 ψεῦδος,
3298 3996 3388 4046 καὶ
3416 3996 3516 4063 τὴν
3552 3998 3663 4049 τῶν
3691 4000 3888 4052 ἀθλίων

2305 4078 2550 4145 πενήτων
2589 4078 2852 4150 κρατῦναι
2889 4082 3242 4153 παραψυχήν.

2303 4187 2434 4241 MZ'.
2462 4218 2528 4229 —
2547 4190 2795 4258 Πρόκλῳ
2823 4192 3141 4256 ἐπισκόπῳ
3163 4199 3883 4267 Κωνσταντινουπόλεως.

2375 4297 2578 4366 Πέρυσι
2609 4300 2706 4366 μὲν
2738 4302 2768 4369 ὴ
2806 4301 3031 4372 ἀγιότης
3075 4303 3228 4372 ὑμῶν
3264 4305 3358 4357 τοῦ
3397 4306 3641 4375 χαλεποῦ
3679 4311 3882 4364 κλύδω-

630 4391 840 4462 lippum
858 4391 1095 4444 civitatis
1117 4398 1320 4445 nostrze
1338 4390 1626 4459 primatem
1646 4391 1796 4460 gravi
1811 4389 2196 4444 ﬂuctulibera-

2311 4405 2389 4450 νος
2415 4389 2758 4458 ἠλευθέρωσε
2810 4392 2900 4444 τὸν
2949 4393 3306 4463 περίϐλεπτον
3337 4397 3601 4469 φίλιππον
3649 4403 3743 4453 τὸν
3795 4405 3884 4474 τῆς

631 4485 713 4537 vit
737 4503 746 4535 :
770 4483 912 4537 unde
933 4482 1383 4550 tranquillitatem
1399 4483 1702 4536 sanctitatis
1721 4490 1825 4536 tua:
1842 4482 2043 4546 studio,
2069 4497 2202 4536 con-

615 4583 854 4642 _secutus
877 4573 1135 4626 laudibus
1162 4574 1270 4626 tuis
1291 4587 1455 4626 aures
1473 4583 1691 4627 nostras
1713 4573 1963 4642 replevit.
1983 4573 2087 4626 Sed
2124 4581 2204 4626 to-

631 4675 747 4719 tum
771 4663 919 4716 hunc
956 4663 1200 4716 laborem
1233 4663 1680 4732 religiosissimus
1710 4665 1800 4718 ille
1833 4665 1919 4717 vir
1954 4664 2201 4717 inutilem

631 4756 861 4810 reddere
887 4749 1118 4808 conatur
1138 4772 1150 4806 :
1168 4755 1260 4822 qui
1290 4755 1576 4808 duodecim
1602 4756 1804 4809 abhinc
1821 4757 1977 4809 annis
2003 4756 2199 4824 saepius

631 4847 824 4902 factam
885 4847 1125 4915 regionis
1161 4847 1558 4916 inspectionem
1622 4849 1984 4910 calumnians,
2035 4863 2199 4901 accu-

632 4938 899 4993 sationem
934 4954 1094 4991 orsus
1128 4946 1341 4992 estnec
1388 4940 1550 5008 paulo
1599 4938 1938 5008 aequioribus
1992 4937 2200 4992 manci-

632 5031 736 5101 piis
763 5030 1202 5083 convenientem.
1235 5027 1413 5093 Quare
1457 5046 1669 5084 sacrum
1703 5039 1868 5099 caput
1898 5039 2052 5083 tuum
2104 5029 2200 5082 ob-

634 5129 822 5183 testor,
893 5126 951 5170 ut
1013 5120 1132 5187 ejus
1185 5119 1497 5188 falsiloquio
1537 5120 1760 5174 modum
1817 5121 2097 5190 imponas,
2145 5128 2200 5173 et

637 5211 938 5266 .ilustribus
971 5209 1241 5278 praefectis
1275 5211 1626 5280 persuadeas,
1677 5221 1738 5264 ut
1774 5220 1947 5265 ratam
1995 5211 2198 5264 faciant

632 5301 976 5361 sententiam,
1043 5316 1202 5368 quam
1259 5302 1402 5370 juste
1451 5318 1513 5355 ac
1555 5302 1786 5371 benigne
1827 5303 2194 5370 protulerunt.

632 5387 839 5439 Revera
865 5387 1012 5439 enim
1046 5388 1424 5455 gravissimam
1478 5405 1643 5459 supra
1679 5406 1869 5444 omnes
1898 5391 2193 5460 provincia:

630 5475 876 5529 civitates
903 5477 1061 5545 110
1082 5479 1560 5548 7descriptionem
1579 5482 1771 5535 civitas
1799 5487 2014 5536 nostra'
2037 5499 2193 5552 passa

701 5679 810 5744 (34)
848 5679 978 5733 δέκα
1004 5683 1096 5735 καὶ
1127 5683 1239 5737 δύο.
1272 5685 1440 5756 Neap.

2304 4488 2575 4558 ἡμετέρας
2604 4490 2960 4559 πρωτεύοντα
2997 4493 3224 4558 πόλεως,
3274 4482 3367 4548 κάκ.
3405 4499 3649 4569 γαλήνης
3678 4501 3765 4553 διὰ
3793 4504 3884 4571 τὴν

2301 4587 2398 4656 τῆς
2435 4587 2535 4657 σῆς
2563 4589 2844 4657 ὁσιότητος
2869 4591 3188 4657 ἀπολαύσας
3216 4596 3546 4665 κηδεμονίαν
3568 4640 3582 4662 ,
3615 4600 3728 4653 τῶν
3761 4604 3885 4671 ὑμε-

2300 4687 2473 4757 τέρων
2532 4690 2821 4759 εὐφημιῶν
2873 4693 2972 4755 τὰς
3016 4695 3288 4768 ἡμετέρας
3337 4699 3636 4769 ἐνέπλησεν
3696 4705 3881 4766 ἀκοὰς.

2301 4787 2443 4840 Ἀλλ’
2467 4790 2683 4859 ἐκείνην
2701 4791 2917 4845 ἃπασαν
2936 4796 3033 4866 τήν
3060 4797 3293 4866 σπουδὴν
3314 4801 3341 4852 6
3359 4800 3758 4866 εύλαὸἐστατος
3777 4806 3882 4875 (53)

2304 4892 2330 4940 6
2363 4889 2508 4942 δεῖνα
2547 4891 2821 4961 ἄχρηστον
2866 4895 3144 4966 ἀποφῆναι
3182 4902 3458 4970 πειρᾶται,
3497 4906 3594 4972 τὴν
3645 4906 3754 4976 πρὸ
3799 4907 3883 4958 δύο

2303 4989 2397 5039 καὶ
2427 4988 2557 5041 δέκα
2606 4991 2716 5060 (54)
2750 4992 2886 5045 ἐτῶν
2932 4996 3196 5060 πολλάκις
3235 5003 3607 5073 γεγενημένην
3655 5006 3883 5076 ἐποψίαν

2300 5087 2397 5155 τῆς
2436 5087 2617 5158 χώρας
2643 5094 3019 5160 συκοφαντῶν,
3053 5099 3148 5149 καὶ
3178 5100 3511 5168 κατηγορίαν
3547 5103 3882 5172 ἀναδεξάμε-

2301 5203 2391 5249 νος
2418 5188 2536 5240 ούδέ
2580 5193 2691 5252 τοῖς
2733 5193 3000 5248 ἐπιεικέσι
3038 5197 3145 5249 τῶν
3200 5201 3547 5270 ἀνδραπόδων
3583 5205 3880 5274 ἁρμόττον·

2307 5306 2424 5340 σαν.
2463 5290 2625 5342 Ἀλλά
2671 5308 2762 5344 σου
2799 5294 2986 5364 δέομαι
3038 5300 3137 5368 τῆς
3171 5301 3322 5370 ἱερᾶς
3368 5304 3632 5371 κεφαλῆς,
3677 5309 3879 5361 παῦσαι

2309 5388 2408 5455 μὲν
2447 5390 2546 5458 τὴν
2587 5393 2794 5445 ἐκείνου
2825 5395 3193 5466 ψευδολογίαν,
3229 5407 3412 5456 πεῖσαι
3447 5405 3500 5456 δὲ
3537 5408 3668 5470 τοὺς
3719 5411 3880 5479 ὑπερ-

2307 5484 2592 5558 λάμπρους
2619 5491 2893 5561 ύπάργους
2923 5497 3187 5565 κρατῦναι
3210 5501 3306 5569 τὴν
3334 5502 3532 5572 ψῆφον,
3566 5506 3631 5575 ἦν
3663 5508 3880 5568 ἐνδίκως

699 5609 810 5744 (53g
842 5611 1134 5675 ἐπίσκοπος
1169 5614 1317 5668 addit
1346 5616 1513 5686 Neap.
1559 5629 1614 5672 et
1642 5619 1816 5675 Vatic.
1856 5619 1999 5690 apud
2041 5619 2205 5674 Baror

701 5679 789 5737 (34
848 5679 978 5733 δέκα
1004 5683 1096 5735 καὶ
1127 5683 1239 5737 δύο.
1272 5685 1440 5744 Neap.

2311 5638 2338 5675 n
2371 5624 2437 5678 ad
2465 5641 2594 5680 ann.
2627 5629 2689 5682 (Σ.
2718 5631 2842 5695 M4,
2879 5641 2915 5685 t.
2951 5633 3038 5697 Ἦ,
3064 5651 3116 5704 p.
3154 5637 3222 5690 27
3252 5653 3402 5707 seqq.
