4336 6326
848 294 983 363 lﬁ'l

1246 410 1329 464 LI.
1359 441 1427 450 —-—
1459 412 1662 483 Agapro
1687 413 1985 483 presbytero

918 520 1253 576 Admiranda
1310 522 1532 591 quidem
1571 532 1701 578 sunt
1750 524 1865 593 ipsa
1923 537 2107 592 perse
2159 520 2415 592 praeclara

844 626 1010 679 opera
1045 611 1298 665 virtutis:
1334 612 1431 665 sed
1474 612 1886 668 admirabiliora
1921 611 2204 676 videnlur,
2230 611 2277 666 si
2305 610 2414 665 lin-

845 714 1005 769 Euam
1040 707 1200 754 nacta
1265 700 1478 771 1109
1526 702 1655 768 sint,
1686 718 1808 772 quae
1856 711 2051 757 ornate
2094 703 2185 757 illa
2227 700 2414 772 eloqui

844 790 1038 859 possit.
1073 789 1317 855 Quorum
1344 801 1602 846 neutrum
1666 794 1839 848 defuit
1889 793 2271 848 amantissimo
2319 791 2416 847 Dei

842 880 1102 950 ισρίεοορο
1148 882 1376 938 domino
1419 885 1665 940 Thomas.
1712 886 1847 940 Nam
1901 896 1957 940 et
2002 894 2288 956 susceptos
2316 900 2416 956 pro

843 974 1047 1042 pietate
1078 974 1294 1030 labores
1322 975 1437 1045 ipse
1478 978 1735 1041 contulit,
1788 984 1844 1031 et
1873 994 1995 1047 qua:
2056 977 2274 1032 labores
2314 990 2415 1045 pro

842 1064 1112 1134 dignitate
1192 1066 1477 1131 laudaret,
1541 1068 1854 1138 religiosam
1923 1067 2119 1122 habuit
2172 1067 2413 1135 linguam

844 1164 1016 1209 tuam.
1052 1156 1207 1210 Illum
1248 1173 1378 1211 vero
1413 1174 1512 1212 nos
1542 1159 1633 1212 tali
1682 1174 1808 1213 cum
1841 1159 2162 1214 testimonio
2192 1157 2416 1212 venien-

842 1252 951 1297 tem
978 1245 1216 1299 vidimus
1241 1247 1562 1316 jucundius,
1612 1249 1843 1319 ejusque
1891 1249 2047 1303 brevi
2100 1249 2167 1303 ad
2196 1257 2415 1318 tempus

841 1334 925 1388 usi
954 1349 1273 1406 congressu,
1302 1337 1369 1391 ad
1393 1338 1495 1392 sibi
1521 1339 1868 1395 commissam
1906 1340 2235 1395 dimisimus.

1171 1578 1175 1582 ’
1219 1558 1328 1612 Lll.
1362 1589 1430 1599 —-
1457 1558 1565 1614 Iba?
1592 1562 1828 1631 episcopo
1856 1562 2057 1617 Edent.

904 1662 1223 1729 Communi,
1246 1668 1461 1737 opinor,
1488 1671 1734 1725 unmium
1761 1672 1920 1726 saluti
1966 1673 2257 1728 consulens
2285 1676 2408 1728 uni-

1836 298 2324 361 THEODORETI
2362 296 2701 359 EPISCOPI
2738 290 3106 359 CYRENSIS

2828 410 3059 463 ΝΑΤ-
3104 408 3351 479 ’ρὶγαπίῳ
3382 406 3779 476 πρεσϐυτέρῳ.

2603 522 2935 591 ’Δξιάγαστα
2986 521 3086 592 μὲν
3134 519 3277 575 αὐτὰ
3328 520 3453 575 καθ’
3480 520 3619 574 αὐτά
3650 523 3751 591 τῆς
3776 521 3988 590 ἀρετῆς
4036 522 4095 570 τὶ

2518 611 2948 683 κατορθώματα·
2986 612 3428 680 ἀειαγαστότερα
3468 611 3525 666 δὲ
3557 611 3807 680 φαίνεται
3852 610 4096 679 γλώττης

2519 701 2867 772 ἐπιτυχόντα.
2900 700 3210 773 διηγεῖσθαι
3244 700 3517 773 λαμπρῶς
3571 701 3710 755 αὐτά
3758 700 4093 769 δυναμένης.

2517 790 2737 844 Τούτων
2773 790 3053 862 οὐδετέρου
3096 789 3396 861 διήμαρτεν
3440 792 3469 845 ό
3519 788 3937 859 θεοφιλέστατος
3985 789 4098 841 επί-

2518 898 2721 945 σκοπος
2748 884 2776 935 δ
2831 881 3019 952 κύριος
3058 882 3296 951 Θωμᾶς·
3350 880 3489 935 ἀλλά
3533 883 3658 944 τοὺς
3698 879 3797 950 μὲν
3831 880 3981 949 ὑπὲρ
4002 883 4096 947 τῆς

2516 972 2797 1036 εὐσεϐείας
2816 973 2975 1035 αὐτὸς
2999 972 3309 1041 εἰσενήνοχε
3332 970 3525 1035 πόνους
3543 988 3556 1001 ·
3582 970 3705 1042 ἔσχε
3726 970 3782 1023 δὲ
3804 970 3903 1023 καὶ
3925 968 4097 1038 γλῶτο

2515 1082 2610 1119 ταν
2650 1064 2980 1119 ἐπαινοῦσαν
3036 1063 3200 1128 ἀξίως
3243 1063 3369 1126 τοὺς
3420 1064 3637 1127 πόνους,
3675 1062 3776 1131 τῆς
3806 1064 3909 1131 σῆς
3952 1062 4097 1129 φιλο-

2517 1158 2686 1220 θεῖας.
2731 1156 2921 1225 Ἡμεῖς
2948 1155 3005 1208 δὲ
3023 1154 3185 1209 αὑτὸν
3206 1153 3357 1223 ἥδιον
3383 1152 3733 1223 ἐθεασάμεθα
3756 1152 3898 1222 μετά
3914 1154 4097 1206 τοιαύο

2514 1267 2616 1319 της
2667 1248 3001 1317 ἀφικόμενον
3029 1246 3369 1317 μαρτυρίας·
3403 1245 3498 1298 καὶ
3543 1245 3676 1314 πρὸς
3716 1244 3903 1312 ὀλίγον
3930 1245 4095 1297 αὐτοῦ

2520 1339 2880 1413 μετασχόντες
2907 1339 3005 1408 τῆς
3053 1338 3364 1401 συνουσίας,
3412 1338 3490 1400 είς
3514 1335 3613 1407 τὴν
3658 1335 4096 1407 ὲγχειρισθεῐσαν

2518 1429 2953 1501 προεπέμψαμεν
2978 1428 3112 1499 (35).

2779 1559 2905 1614 ΝΒ.
2944 1590 3011 1601 -
3046 1562 3166 1629 Ἰϐᾳ
3193 1560 3503 1625 extortoch
3545 1558 3822 1625 Ἐδέσης.

2583 1674 2695 1746 Τῆς
2713 1676 2920 1747 κοινῆς,
2951 1670 3125 1745 οἶμαι,
3149 1670 3598 1744 προμηθούμενος
3622 1659 3953 1743 σωτηρίαςρ
3989 1674 4094 1728 τῶν

834 1768 1122 1809 versurum
1158 1758 1298 1811 Deus
1336 1761 1675 1816 calamitates
1715 1762 1924 1831 aliquas
1966 1763 2245 1833 aliquibus
2274 1766 2381 1819 irro

2460 1753 2489 1813 Β
2517 1763 2655 1819 ὅλων
2688 1764 2819 1831 Θεὸς
2863 1764 3151 1835 συμφορὰς
3194 1764 3446 1832 ἐπιφέρει
3478 1763 3587 1815 τισί
3622 1780 3773 1826 τινας
3795 1765 3951 1827 ,χῐνα
3984 1769 4095 1827 τοῖς

837 1852 949 1914 gat,
989 1855 1049 1899 ut
1092 1846 1178 1900 his
1208 1847 1429 1916 quidem
1457 1850 1551 1920 qui
1582 1860 1880 1920 peecarunt
1915 1854 2219 1908 remedium
2263 1854 2413 1909 salu-

833 1942 953 1990 tare
978 1938 1051 1990 sit
1072 1940 1369 2008 correptio,
1396 1941 1621 1997 virtutis
1644 1958 1776 1997 vero
1802 1945 2066 1999 studiosis
2094 1948 2414 2002 constantiae

834 2039 1241 2099 argumentum,
1264 2035 1641 2101 spectantibus
1665 2036 1900 2106 denique
1927 2039 2057 2091 utile
2079 2042 2409 2110 exemplum.

834 2119 1085 2176 Solemus
1111 2124 1257 2175 enim
1285 2134 1431 2179 metu
1458 2126 1862 2195 quodammodo
1883 2129 2101 2197 repleri,
2124 2145 2248 2184 cum
2274 2131 2413 2187 alios

831 2210 999 2279 plecti
1047 2214 1344 2268 cernimus.
1397 2215 1523 2269 Hagc
1568 2217 1753 2269 animo
1799 2219 2173 2285 considerans,
2212 2221 2410 2278 Africa

831 2300 975 2354 mala
1026 2316 1314 2356 commune
1365 2303 1579 2357 lucrum
1622 2306 1896 2363 existimo.
1948 2307 2190 2384 Primum
2233 2311 2404 2377 enim,

830 2389 1117 2459 pristinam
1161 2391 1378 2446 illorum
1413 2394 1661 2462 cogitans
1702 2394 2041 2461 felicitatem,
2070 2408 2125 2453 et
2162 2400 2408 2470 repenti-

829 2494 955 2532 nam
1015 2482 1237 2537 intuens
1278 2482 1659 2548 mutationem,
1696 2485 1969 2541 volubiles
2014 2488 2177 2543 video
2225 2506 2409 2547 rerum

830 2569 1199 2624 humanarum
1230 2574 1639 2639 conversiones,
1668 2584 1725 2630 et
1755 2575 1958 2630 doceor
1993 2593 2096 2632 nec
2133 2582 2409 2649 prosperi-

831 2661 1037 2715 tatibus
1063 2664 1218 2731 qnasi
1262 2664 1546 2733 perpetuis
1576 2664 1875 2729 conlidere,
1906 2682 2009 2721 nec
2050 2667 2406 2726 adversitates

828 2750 979 2802 velut
1025 2752 1283 2807 molestas
1327 2768 1470 2824 aegre
1518 2754 1682 2807 ferre.
1728 2754 1940 2809 Deinde
1986 2758 2405 2813 commissorum

823 2840 1155 2896 delictorum
1187 2858 1391 2897 renovo
1418 2846 1760 2909 memoriam,
1782 2853 1837 2899 et
1860 2855 2046 2900 metuo
2069 2863 2139 2901 ne
2165 2849 2220 2901 in
2246 2864 2407 2918 pares

820 2948 1098 2989 aerumnas
1144 2934 1403 2989 incidam.
1446 2936 1600 2991 Nunc
1643 2945 1826 2991 autem
1861 2936 1927 2991 ad
1969 2937 2084 2993 haec
2114 2940 2405 2995 scribenda

825 3040 947 3079 sum
993 3022 1299 3094 impulsus,
1346 3034 1407 3080 ut
1458 3027 1553 3081 Dei
1598 3030 2034 3083 amantissimum
2083 3032 2401 3101 episcopum

820 3117 1157 3187 Cyprianum
1208 3118 1480 3172 insinuem
1520 3120 1796 3173 sanctitati
1838 3130 1943 3175 tute
1977 3139 1989 3173 :
2024 3121 2117 3191 qui
2153 3122 2398 3179 celeber-

827 3208 963 3263 rima
986 3213 998 3225 ‘
1024 3217 1179 3263 ortus
1207 3225 1273 3263 ex
1304 3209 1505 3271 Africa.
1534 3220 1749 3265 exteras
1773 3227 1899 3266 oras
1931 3212 2225 3268 circumire
2250 3215 2399 3287 cogi-

823 3310 915 3354 tur
978 3310 1202 3370 propter
1265 3300 1658 3355 immanitatem
1728 3302 2109 3359 Barbarorum.
2166 3305 2402 3361 Litteras

821 3405 988 3459 porro
1038 3390 1205 3443 nobis
1243 3392 1426 3444 attulit
1488 3392 1817 3446 sanctissimi
1871 3395 2084 3464 1110
2130 3396 2397 3465 episcopi,

814 3478 1034 3533 domini
1085 3480 1331 3543 Eusebii,
1363 3482 1457 3551 qui
1490 3481 1804 3545 Galatarum
1857 3492 2072 3552 gentem
2124 3486 2401 3554 sapienter

822 3570 981 3638 regit.
1011 3570 1167 3625 llunc
1193 3572 1350 3625 solita
1380 3574 1758 3627 benevolentia
1790 3584 2078 3643 exceptum
2109 3577 2285 3645 pietas
2306 3585 2399 3631 tla

822 3654 1023 3709 litteris
1053 3671 1271 3725 quoque
1310 3658 1425 3711 suis
1464 3659 1529 3713 ad
1568 3658 1724 3722 alios,
1766 3676 1905 3729 quos
1935 3662 2102 3727 volet,
2144 3663 2399 3720 dominos

812 3742 1028 3813 Deique
1076 3746 1491 3801 amantissimos
1545 3747 1838 3819 episcopos
1886 3762 2302 3821 prosequatur“:
2337 3762 2398 3811 ιιι

819 3833 1108 3902 temporali
1138 3836 1589 3905 quidemsulatio
1618 3840 1834 3895 fruatur
1866 3842 2001 3910 ipse,
2040 3844 2185 3899 Deus
2214 3854 2395 3901 autem

812 3923 1062 3979 mlestia
1088 3924 1197 3979 illis
1229 3934 1283 3980 et
1316 3928 1531 3986 stabilia
1558 3931 1777 4000 pra-mia
1804 3932 2092 3988 retribuat.

992 4249 1126 4303 LIII.
1148 4250 1533 4322 —-—'80phronio
1561 4254 1797 4326 episcopo
1824 4244 2205 4312 Constantium.

885 4360 1032 4415 Μωιί
1084 4377 1192 4415 3am
1232 4372 1289 4417 et
1329 4364 1558 4433 largam,
1589 4365 1701 4421 Deo
1730 4366 2072 4433 charissime,
2108 4369 2388 4428 dexteram

812 4461 962 4504 tuam
1061 4467 1129 4505 an
1181 4451 1473 4521 ignorans,
1522 4454 1893 4510 desideratum
1945 4459 2159 4513 lucrum
2214 4461 2389 4519 offero

814 4544 1009 4597 sanctit
1052 4544 1089 4597 ti
1120 4552 1252 4602 tuas.
1291 4545 1762 4610 Quemadmodum
1793 4548 1940 4603 enim
1975 4550 2097 4604 illos
2130 4553 2225 4621 qui
2252 4570 2391 4624 prte-

813 4633 1067 4687 sentihus
1110 4634 1344 4697 inhiant,
1382 4644 1641 4705 torquent
1674 4638 1709 4691 ii
1741 4640 1833 4708 qui
1865 4642 2223 4710 pecuniarum
2256 4646 2389 4701 sub-

810 4725 954 4778 sidio
980 4734 1161 4795 egent,
1186 4742 1310 4781 cum
1352 4728 1406 4780 in
1438 4730 1629 4783 oculos
1658 4730 1950 4785 incurrunt
1980 4750 1990 4784 :
2022 4733 2101 4786 sie
2134 4735 2389 4793 liberales

812 4826 1063 4869 recreant
1098 4816 1192 4884 qui
1234 4818 1502 4887 ejusmodi
1547 4829 1863 4888 sunttcum
1893 4834 2216 4889 cernuntur,
2251 4841 2387 4895 quo-

794 4907 955 4973 niam
995 4909 1239 4965 etelestia
1268 4900 1686 4983 concupiscunt.
1728 4916 1807 4969 Ex
1850 4917 1919 4971 iis
1950 4934 2078 4973 vero
2120 4936 2216 4989 per
2244 4938 2385 4992 quos

738 5046 741 5049 ,
808 4998 900 5051 illa
926 5012 1329 5069 comparantur,
1359 5020 1501 5059 unus
1530 5015 1613 5060 est
1641 5007 1750 5059 Deo
1781 5007 2137 5063 charissimus
2168 5010 2381 5079 episco-

808 5104 910 5157 pus
941 5089 1264 5159 Cyprianus,
1294 5095 1388 5161 qui
1420 5094 1551 5166 olim
1581 5097 1801 5164 quidem
1829 5098 1952 5151 aliis
1984 5098 2125 5152 inter
2154 5110 2381 5157 caeteros

805 5181 1206 5237 subveniebat:
1235 5199 1382 5239 nunc
1424 5201 1553 5239 vero
1596 5186 1791 5241 Afrieze
1839 5188 2045 5243 deﬂens
2087 5204 2376 5256 mrumnas,

804 5273 1039 5325 aliorum
1078 5288 1283 5329 manus
1333 5276 1578 5343 respicit,
1616 5287 1671 5330 et
1713 5278 1825 5331 Deo
1867 5278 2188 5333 devotarum
2222 5296 2376 5335 men-

802 5365 940 5418 tium
983 5363 1370 5419 liberalitatem
1395 5376 1697 5436 exspectat.
1743 5367 1979 5421 Frnetur
2017 5384 2149 5439 ergo
2179 5378 2234 5422 et
2264 5368 2379 5437 ipse

901 5537 991 5596 55)
1022 5539 1174 5592 πόλιν
1204 5540 1355 5594 addit
1379 5540 1549 5596 Nean.

901 5537 969 5591 55
1022 5539 1174 5592 πόλιν
1204 5540 1355 5594 addit
1379 5540 1489 5596 Neu
1536 5583 1549 5594 .

878 5536 991 5675 ίὸϐζ
1022 5608 1278 5661 Eulaliae
1320 5619 1438 5664 erat
1482 5558 1617 5667 [arte
1668 5612 1721 5666 in
1751 5613 1869 5667 eod.
1926 5614 2188 5668 Vaticano
2234 5612 2377 5675 apud

793 5672 1003 5731 Baron.
1039 5678 1231 5732 Annal.
1261 5680 1326 5734 ad
1358 5695 1483 5735 ann.
1518 5681 1639 5749 440,
1672 5692 1707 5735 ι.
1744 5684 1829 5750 γι,
1862 5703 1916 5757 ι».
1951 5699 2021 5738 m.
2054 5685 2104 5748 6,
2143 5682 2234 5738 ubi
2266 5672 2379 5738 lnee

2518 1856 2620 1929 μὲν
2642 1858 3023 1929 ἡμαρτηκόσιν
3042 1854 3365 1920 ἀλεξίκακον
3395 1854 3429 1924 ὴ
3454 1854 3671 1908 παιδεία
3696 1855 3924 1925 γένηται
3953 1857 4092 1926 qui?

2516 1964 2713 2018 μακον,
2750 1949 2863 2011 τοῖς
2889 1946 2945 2000 δὲ
2975 1946 3080 2016 τῆς
3105 1945 3307 2017 ἀρετῆς
3343 1945 3607 2017 ἀθληταῖς
3638 1947 3944 2018 καρτερίας
3965 1950 4095 2002 ὑπό-

2512 2037 2682 2104 θεσις,
2712 2042 2824 2101 τοῖς
2848 2036 2904 2090 δέ
2928 2052 2991 2105 γε
3028 2035 3235 2099 ταύτας
3277 2037 3572 2107 θεωμένοις
3616 2036 3929 2105 ἀρχέτυπον
3973 2038 4095 2109 όνη-

2514 2130 2757 2199 σιφόρον.
2796 2129 3131 2199 Πεφόκαμεν
3147 2130 3260 2199 γάρ
3285 2146 3405 2191 πως
3433 2127 3893 2199 ἀναπίμπλασθαι
3910 2128 4091 2193 δέους,

2510 2221 2705 2285 ἀλλους
2739 2222 3189 2293 τιμωρουμένους
3215 2220 3469 2291 ὁρῶντες.
3500 2218 3685 2272 Ταῦτα
3715 2219 4091 2291 λογιζόμενος,

2508 2310 2580 2365 τὰ
2608 2312 2707 2383 τῆς
2752 2310 2958 2378 Λιϐύης
3015 2310 3162 2365 κακά
3211 2311 3404 2381 κέρδος
3458 2310 3829 2381 ὑπολαμϐάνω
3888 2313 4089 2368 κοινόν.

2512 2402 2734 2473 Πρῶτον
2776 2403 2874 2473 μὲν
2909 2402 3019 2473 γάρ
3042 2403 3143 2472 τὴν
3174 2397 3706 2473 προτέραν’ὲκείνων
3748 2400 4089 2473 ἐνθυμούμερ

2509 2511 2599 2555 νος
2624 2492 2947 2565 εὐπραξίαν,
2980 2496 3075 2550 καὶ
3123 2494 3335 2565 βλέπων
3380 2493 3480 2565 τὴν
3515 2492 3722 2563 ἀθρόαν
3752 2493 4086 2565 μεταϐολὴν,

2506 2585 2618 2657 δρῶ
2644 2584 2755 2639 τῶν
2785 2585 3147 2656 ἀνθρωπίνων
3178 2585 3520 2657 πραγμάτων
3541 2583 3644 2648 τάς
3680 2584 4087 2655 ἀγχιστρόφους

2505 2676 2715 2748 τροπάς
2740 2716 2756 2741 ,
2800 2677 3255 2746 ualetdeth
3306 2676 3448 2746 μήτε
3492 2676 3611 2738 τιτς
3646 2675 3981 2746 εὐημερίαις
4012 2676 4086 2738 ὡς

2505 2765 2752 2836 διαρκέσι
2779 2765 3027 2838 θαρρεῖν,
3066 2767 3205 2837 μήτε
3242 2765 3344 2826 τὰς
3371 2764 3703 2833 δυσκληρίας
3739 2762 3818 2826 ὡς
3842 2763 4090 2833 χαλεπὰς

2505 2854 2903 2927 δυσχεραίνειν.
2925 2851 3061 2910 Εἶτα
3088 2855 3199 2908 τῶν
3237 2853 3794 2925 πεπλημμελημένων
3822 2856 4087 2909 ἀνανεοῦο

2507 2962 2606 3015 μαι
2633 2944 2731 3015 τὴν
2759 2947 3009 3016 μνήμην,
3034 2941 3134 2999 καῖ
3154 2945 3367 2999 δέδοικα
3388 2943 3462 3015 μὴ
3493 2947 3606 3007 τοῖς
3636 2936 3771 3008 ἴσοις
3802 2947 4089 3016 περιπέσω

2504 3036 2811 3105 παθήμασι.
2855 3035 3043 3091 Ταῦτα
3077 3036 3135 3089 δὲ
3168 3034 3375 3106 γράψαι
3426 3033 3521 3087 νῦν
3571 3034 3955 3105 ἠναγκάσθην,
3990 3037 4083 3090 τὸν

2426 3087 2469 3147 c
2505 3087 3229 3197 ἐπίσκοπόν
3263 3087 4083 3198 Ιξυπριανὸνιγνῶριμονιτέοιῶδ

2502 3222 2569 3292 τῇ
2598 3222 2664 3291 σῇ
2702 3222 2943 3292 ὁσιότητι
2969 3237 2981 3249 ·
3010 3220 3070 3285 δς
3094 3221 3334 3293 ὁρμᾶται
3366 3220 3464 3290 μὲν
3486 3220 3547 3271 ἐκ
3575 3218 3673 3289 τῆς
3703 3214 4083 3291 πολυθρυλλὴη

2501 3328 2597 3365 του
2628 3310 2864 3383 Λιϐύης,
2898 3312 3247 3383 ἠνάγκασται
3295 3311 3352 3365 δὲ
3383 3309 3479 3380 τὴν
3526 3307 3684 3378 ξένην
3714 3314 4082 3379 περινοστεῖν.

2500 3402 2588 3455 διά
2614 3402 2713 3473 τὴν
2742 3403 2852 3456 τῶν
2885 3402 3178 3474 βαρϐάρων
3210 3400 3487 3470 ὠμότητα.
3522 3398 3837 3469 Γράμματα
3867 3399 3928 3452 δὲ
3954 3402 4088 3471 ἡμῖν

2500 3494 2797 3565 κεκόμικεν
2831 3494 2925 3548 τοῦ
2957 3494 3257 3548 δσιωτάτου
3281 3492 3585 3545 ἐπισκόπου
3618 3489 3713 3542 τοῦ
3751 3490 3951 3562 κυρίου
3982 3493 4087 3547 Εὐ-

2503 3585 2683 3639 σεϐίου
2716 3586 2849 3657 (56),
2876 3586 2934 3649 δς
3053 3584 3311 3639 Γαλατῶν
3329 3582 3481 3647 ἔθνος
3512 3582 3679 3635 ίθύνει
3712 3581 3915 3647 σοφῶς.
3950 3584 4087 3637 Τοῦο

2497 3694 2589 3731 τον
2621 3677 2760 3748 μετά
2805 3678 2903 3748 τῆς
2935 3677 3203 3749 συνήθους
3247 3674 3650 3747 φιλοφροσύνης
3694 3673 4082 3745 ὑποδεξαμένη

2500 3785 2594 3823 σου
2623 3770 2657 3839 ἡ
2680 3766 2949 3838 φάοθεῖα,
2981 3765 3366 3839 προπεμψάτω
3396 3764 3535 3836 μετά
3560 3764 3907 3835 γραμμάτων
3942 3764 4085 3836 πρὸς

2494 3860 2590 3925 οὓς
2642 3862 2708 3915 ἀν
2757 3860 2919 3933 ἐθέλῃ
2972 3859 3196 3931 κυρίους
3243 3859 3338 3912 καὶ
3372 3855 3819 3925 θεοφιλεστάτους
3845 3858 4082 3908 ὲπισκό-
4160 3858 4163 3859 ⁷

2498 3971 2633 4019 κους
2654 3970 2667 3982 ·
2704 3954 2772 4007 ἵν’
2804 3953 2967 4016 αὐτὸς
3004 3952 3102 4021 μὲν
3136 3952 3233 4021 τῆς
3260 3949 3473 4019 ἀγαθῆς
3500 3946 3786 4018 ἀπολαύσῃ
3822 3948 4079 4017 παραφυ-

2498 4046 2619 4116 χῆς.
2675 4043 2875 4115 ἀντιδῷ
2932 4042 2989 4097 δι
3038 4042 3221 4105 αὐτοῖς
3266 4041 3339 4095 τά
3370 4038 3667 4111 ἐπουράνια
3724 4037 3819 4091 καὶ
3868 4038 4081 4110 μόνιμα

2496 4134 2683 4206 κέρδη.

2566 4264 2691 4319 NP.
2722 4294 2797 4305 —
2816 4264 3131 4334 Σωφρονίῳ
3158 4263 3470 4329 ἐπισκόπῳ
3504 4262 3996 4329 κωγσταγτίντης.

2564 4373 2675 4428 Καὶ
2718 4372 2780 4427 τὸ
2812 4371 3111 4444 φιλόδωρον
3159 4372 3253 4426 καὶ
3280 4371 3343 4426 τὸ
3376 4369 3753 4440 μεγαλόδωρον
3793 4372 3895 4441 τῆς
3943 4371 4073 4440 σῆς,

2493 4463 2899 4534 θεοφιλέστατε.
2934 4464 3117 4530 δεξιᾶς
3154 4463 3555 4555 ἐπιστάμενοςμ
3587 4461 3837 4555 προξενῶ
3872 4479 3972 4517 σου
3998 4468 4071 4536 τῇ

2490 4554 2726 4625 ὁσιότητι
2755 4554 3091 4624 ποθούμενον
3141 4554 3354 4625 κέρδος.
3391 4553 3601 4625 Ὠσπερ
3645 4553 3755 4623 γάρ
3781 4555 3911 4616 τοὺς
3939 4563 4072 4624 περὶ

2489 4640 2561 4695 τά
2598 4643 2841 4713 παρόντα
2867 4643 3187 4713 κεχηνότας,
3219 4643 3270 4694 οί
3302 4645 3402 4713 τῆς
3438 4642 3526 4697 διὰ
3568 4643 3871 4731 χρημάτων
3903 4644 4046 4715 θερα

2491 4733 2647 4797 πείας
2677 4734 2921 4803 δεόμενοι
2954 4734 3175 4786 ἀνιῶσιν
3192 4733 3458 4804 ὁρώμενοι
3478 4749 3492 4764 ο
3530 4733 3672 4787 οὕτω
3704 4733 4070 4804 εὐτρραίνουσι

2488 4825 2615 4885 τοὺς
2644 4824 2958 4895 φιλοτίμους
2987 4824 3035 4876 οί
3066 4823 3298 4876 τοιοῦτοι
3334 4822 3649 4893 φαινόμενοι
3676 4863 3693 4887 ,
3723 4822 3911 4893 ἐπειδὴ
3956 4826 4068 4877 τίὲν

2489 4914 2829 4983 ἐπουρανίων
2874 4914 3215 4985 πραγμάτων
3267 4914 3526 4982 ἐφίενται.
3588 4907 3684 4977 Εἷς
3736 4914 3916 4966 τοίνυν
3954 4916 4067 4967 τῶν

2486 5005 2673 5059 ἐκεῖνα
2698 5004 3108 5076 προξενούντων
3137 5005 3287 5059 ιστὶν
3308 5006 3337 5057 ό
3377 5002 3791 5072 θεοφιλέστατος
3839 5004 4064 5059 exlex:-

2485 5113 2586 5160 πος
2604 5097 2919 5168 Κυπριανός
2942 5114 2954 5129 ·
2978 5096 3039 5161 ὃς
3068 5095 3235 5151 πάλαι
3262 5094 3359 5165 μὶν
3374 5094 3485 5147 τῶν
3506 5093 3700 5156 ἄλλους
3730 5093 4064 5165 θεραπευόν-

2484 5205 2593 5242 των
2620 5188 2911 5259 ἐτύγχανεν
2941 5187 3034 5253 ὣν,
3063 5173 3157 5241 θῦν
3188 5188 3245 5241 δὲ
3278 5187 3379 5251 τὰς
3406 5186 3503 5256 τῆς
3527 5187 3735 5271 Ιξιδύης
3762 5188 4064 5258 τραγῳδῶν

2488 5278 2793 5347 συμφοράς,
2834 5282 2914 5343 είς
2940 5279 3039 5343 τὰς
3064 5278 3239 5333 ἀλλων
3266 5276 3567 5331 ἀποϐλέπει
3588 5281 3798 5348 χεῖρας,
3830 5282 3927 5332 καὶ
3956 5280 4062 5332 τῶν

2486 5369 2751 5437 φιλοοὲων
2802 5369 2989 5441 ψυχῶν
3042 5371 3144 5440 τὴν
3182 5369 3492 5440 φιλοτιμίαν
3526 5369 3845 5439 προσμένει,
3902 5373 4060 5425 Ἀπο-

2474 5545 2701 5619 epistola
2728 5555 2923 5619 exstat.
2962 5547 3067 5619 Sed
3100 5549 3220 5619 ejus
3262 5550 3501 5605 nominis
3546 5564 3608 5605 ae
3650 5552 3825 5605 aetatis
3878 5552 4058 5609 nullus

2478 5615 2619 5672 inter
2646 5615 2864 5672 Galatas
2892 5615 3180 5690 episcopus
3210 5620 3499 5690 reperitur.
