4336 6326
146 426 292 496 1229

1504 427 1876 491 EPISTOLA
1896 393 2122 492 LVIII.
2216 454 2219 455 ί

3306 429 3382 492 12'
3408 434 3445 492 tl

134 542 398 598 λαυσάτω
430 542 609 600 τοίνυν
639 548 736 597 καὶ
761 543 923 607 αὑτὸς
953 543 1052 614 τῆς
1089 544 1189 615 σῆς
1228 541 1607 612 φιλαδελφίας,
1643 546 1741 599 καὶ

1844 546 2086 605 fraterna
2110 549 2381 606 charitate
2419 558 2533 611 tua.
2557 558 2613 605 et
2652 565 2778 605 cum
2827 550 3031 605 litteris
3057 547 3127 603 ad
3150 547 3288 604 alios
3314 567 3401 620 pm
3420 578 3444 592 ο

138 634 287 703 μετά
322 635 667 707 γραμμάτων
699 636 835 707 πρὸς
875 636 1098 707 ἑτέρους
1123 635 1545 707 προπεμφθήτω
1579 636 1739 707 λιμέ-

134 743 263 790 νας.

603 837 727 892 ΝΔ’.
755 868 825 879 -—
874 828 1281 908 Ἐὀρταστική.

218 950 287 1001 Αἱ
322 947 463 1001 θεῖαι
497 948 593 1003 καὶ
628 949 891 1020 σωτήριοι
937 949 1277 1021 πανηγύρεις
1317 949 1415 1003 καὶ
1448 948 1574 1013 τοὺς
1609 949 1742 1003 ἀθυ-

140 1042 388 1111 μοῦντας
425 1041 838 1112 ψυχαγωγοῦσι,
879 1044 976 1096 καὶ
1007 1045 1135 1107 τοὺς
1162 1039 1541 1113 εὐθυμοῦντας
1580 1041 1741 1095 εὐθυ-

141 1132 415 1205 μοτέρους
464 1130 718 1185 ποιοῦσιν
774 1134 869 1187 καὶ
911 1130 1074 1186 τοῦτο
1099 1136 1165 1205 τῇ
1196 1134 1366 1206 πείρᾳ
1417 1132 1738 1205 μεμάθηκα.

138 1225 275 1287 Τοῖς
307 1224 418 1296 γὰρ
452 1224 551 1295 τῆς
576 1222 818 1296 ἀθυμίας
849 1224 1251 1295 βαπτιζόμενος
1286 1226 1520 1298 κύμασι,
1556 1227 1742 1299 κρείτ-

136 1335 256 1372 των
284 1316 379 1370 τοῦ
425 1315 608 1388 ροθίου
658 1317 966 1387 γεγένημαι
1003 1318 1135 1381 τοὺς
1169 1316 1278 1372 τῶν
1306 1318 1512 1389 ἑορτῶν
1535 1319 1745 1390 ὅρμους

139 1409 294 1464 tam.
323 1409 589 1477 Εύξάσθω
613 1410 796 1463 τοίνυν
823 1411 856 1480 ὴ
888 1407 1170 1462 θεοσέϐειά
1196 1426 1314 1474 σου,
1340 1408 1525 1463 τέλεόν
1553 1427 1621 1481 με
1643 1410 1744 1479 τῆς

140 1502 353 1571 πικρᾶς
389 1500 597 1570 ταύτης
646 1500 818 1571 ζάλης
867 1498 1280 1571 ἀπαλλαγῆναι,
1330 1502 1424 1555 καὶ
1466 1502 1619 1573 παρὰ
1645 1501 1742 1554 τοῦ

139 1591 534 1662 φιλανθρώπου
589 1592 864 1646 Δεσπότου
905 1592 1081 1665 λήθην
1119 1578 1256 1648 τινάἻ
1299 1593 1398 1664 τῆς
1448 1593 1745 1665 ἀχθηδόνος

140 1685 352 1738 λαῦείν.
940 1748 953 1767 l

106 1788 141 1799 "
595 1778 722 1832 NE’.
750 1808 822 1818 —
871 1777 1285 1846 Ἑορταστική.

215 1895 492 1959 Χαλεπῶς
522 1896 621 1989 μὲν
650 1898 801 1989 ἡμᾶς
834 1898 868 1967 ἡ
897 1896 1106 1967 ἀθυμία
1132 1895 1403 1967 διέθηκεν.
1440 1897 1607 1950 Φύσιν
1637 1896 1746 1967 γὰρ
1779 1935 1822 1989 Β

144 1989 525 2062 ἀνθρωπείαν,
555 1988 669 2042 ἀλλ’
686 1986 804 2043 οὑκ
834 1989 1177 2062 άδαμαντίαν
1204 1990 1492 2060 ἐλάχομεν.
1526 1990 1637 2058 Τῆς
1689 1989 1748 2044 δὲ

144 2083 909 2153 ΔεσποτικῆςῈπιφανείαςή
941 2083 1130 2153 μνήμη
1167 2082 1462 2153 φάρμακον
1493 2082 1748 2147 ansam-

147 2168 249 2221 κόν
278 2186 369 2239 μοι
400 2169 717 2240 γεγένηται.
759 2171 970 2225 Λύτίκα
1000 2173 1184 2224 τοίνυν
1221 2172 1320 2224 καὶ
1358 2172 1558 2243 γράφω
1607 2170 1752 2227 κατά

147 2259 244 2313 τὸν
278 2260 443 2330 νόμον
466 2265 569 2332 τῆς
589 2264 806 2333 ἑορτῆς,
829 2264 925 2317 καὶ
940 2246 1405 2334 προσφθέγγομαι
1432 2264 1535 2334 τὴν
1555 2263 1753 2334 ύμετέυ

148 2368 256 2421 ραν
284 2351 792 2424 μεγαλοπρέπειαν,
830 2356 898 2426 ἢν
938 2355 1250 2427 εύδοκιμεῖν
1299 2362 1394 2411 καὶ
1424 2358 1752 2430 διαπρέπειν

146 2442 545 2515 προσεύχομαι.

598 2535 743 2602 NG".
771 2566 844 2577 κη
894 2536 1287 2605 Ἐορταστική
1300 2578 1312 2591 .

235 2648 504 2719 Ἀκμάζει
540 2630 749 2718 μὲν-ἔτι
774 2666 864 2719 μοι
904 2649 973 2702 τὰ
1004 2649 1107 2719 τῆς
1135 2649 1335 2720 λύπης,
1369 2652 1463 2703 καὶ
1499 2652 1751 2721 χαλεπῶς

147 2738 295 2809 αὕτη
330 2738 666 2809 προσϐάλλει
721 2737 801 2808 τῷ
840 2738 1135 2807 ,λογισμῷο
1190 2741 1283 2794 τὸν
1313 2740 1371 2794 δὲ
1410 2742 1509 2812 τῆς
1558 2743 1753 2813 ἑορτῆς

147 2829 444 2901 πληρῶσαι
474 2828 639 2900 νόμον
671 2826 944 2882 ὑπέλαϐον
973 2828 1206 2884 δίκαιον.
1239 2830 1453 2884 Αὐτίκα
1482 2830 1613 2900 γοῦν
1657 2832 1753 2885 καὶ

147 2925 264 2986 τοῖς
321 2922 618 2992 γράμμασι
668 2919 990 2990 κέχρημαι,
1044 2921 1142 2973 καὶ
1181 2920 1282 2989 τὴν
1315 2920 1607 2976 εύλάὁειάν
1655 2940 1752 2977 σου

147 3001 635 3087 προσφθέγγομαι,
670 3013 765 3066 καὶ
792 3013 893 3082 τῆς
922 3005 1147 3083 ἀγάπης
1178 3014 1376 3068 ἐκτίνω
1414 3014 1473 3069 τὸ
1498 3015 1677 3087 χρέος.

509 3126 636 3182 NZ'.
680 3156 751 3166 -
780 3122 1083 3197 Εὗτρεχίῳ
1116 3128 1391 3200 ὑπάρχῳ.

222 3242 466 3297 Δέδωκεν
490 3244 620 3314 ἡμῖν
646 3241 754 3295 τῶν
778 3241 915 3295 ὅλων
939 3242 966 3295 ὁ
995 3242 1271 3313 Πρύτανις
1303 3243 1398 3297 καὶ
1430 3242 1608 3307 τοῦτο,
1644 3246 1744 3317 τῆς
1777 3281 1822 3343 c

150 3334 432 3406 ὑμετέρας
475 3333 850 3403 μεγαλοφυῒας
888 3326 1125 3389 ἀκοῦσαι
1170 3334 1231 3387 τὸ
1264 3334 1460 3407 γέρας,
1496 3336 1750 3390 mium).

146 3426 389 3499 ησθῆναι
416 3425 512 3495 μὲν
554 3425 683 3492 ὑμῖν
711 3424 857 3479 οὓτω
884 3426 1299 3495 τετιμημένοις,
1338 3428 1670 3501 συνησθῆναι
1693 3429 1750 3483 δὲ

145 3517 264 3577 τοῖς
292 3514 619 3584 ἀρχομένοις
644 3514 749 3567 ὑπὸ
768 3514 1031 3585 τοιαύτης
1056 3515 1392 3585 ίθυνομένοις
1416 3519 1746 3590 πραότητος.

162 3604 308 3673 Ἐγὼ
344 3605 401 3658 δὲ
440 3605 626 3659 ἄδικον
656 3605 847 3677 ᾠήθην
881 3609 1007 3677 σιγῇ
1063 3606 1272 3678 κρύψαι
1309 3610 1411 3679 τὴν
1456 3592 1748 3682 εὐθυμίαν,

147 3695 247 3748 καὶ
285 3692 359 3763 μὴ
402 3694 642 3762 δηλῶσαι
688 3694 894 3767 ταύτην
922 3698 1035 3759 τοῖς
1071 3699 1421 3771 γράμμασιν.
1465 3700 1589 3767 Ὅτι
1641 3703 1751 3770 γάρ

148 3785 348 3857 θερμοὶ
400 3785 502 3855 τῆς
558 3785 835 3858 ὑμετέρας
900 3788 1387 3858 μεγαλοπρεπείας
1428 3791 1751 3862 ύπάρχομεν

149 3879 403 3950 ἐρασταὶ,
442 3880 574 3950 παρ’
610 3880 765 3949 ὑμῶν
794 3880 887 3934 τοῦ
923 3880 1149 3951 φίλτρου
1184 3881 1283 3945 τὰς
1330 3882 1571 3952 ἀμοιϐὰς
1603 3884 1751 3956 είλη-

150 3969 336 4037 φότες,
364 3956 657 4023 πέπεισται
683 3971 901 4034 πάντως
930 3974 961 4043 ἡ
996 3972 1245 4041 ὑμετέρα
1277 3972 1749 4048 μεγαλοπρέπεια.

167 4060 264 4123 Ὠς
298 4060 528 4131 ἐρασταὶ
548 4060 605 4114 δὲ
638 4060 894 4122 τοιοῦτοι,
927 4062 1018 4114 τὸν
1041 4061 1149 4115 τῶν
1174 4062 1396 4130 ἀγαθῶν
1432 4064 1751 4136 ἱκετεύομεν

147 4153 412 4226 χορηγὺν,
449 4155 571 4217 ταῖς
599 4152 971 4217 παντοδαπαῖς
1012 4153 1180 4207 αὑτοῦ
1222 4155 1454 4227 δωρεαῖς
1483 4148 1749 4227 περικλύ-

150 4242 271 4307 ζειν
293 4242 438 4313 ὑμᾶς
462 4242 578 4298 ἀεί.
690 4248 693 4249 ⁷

608 4355 744 4409 NH'.
764 4385 839 4421 ‘—-
869 4357 1044 4425 Νόμῳ
1073 4356 1297 4420 ὑπάτῳ.

226 4466 362 4537 Διχῆ
404 4483 495 4537 μοι
529 4465 744 4537 μερίζει
773 4466 871 4536 τὴν
899 4466 1129 4537 γνώμην
1158 4469 1191 4538 ὴ
1221 4469 1351 4539 περὶ
1397 4468 1491 4522 τοῦ
1539 4470 1749 4542 γράψαι

149 4556 235 4633 τῷ
267 4558 518 4631 ὑμετέρῳ
541 4559 764 4629 μεγέθει
804 4559 988 4633 βουλή.
1025 4561 1147 4615 Τῶν
1183 4562 1284 4633 μὲν
1317 4563 1427 4636 γάρ
1460 4565 1749 4636 ὑμετέρων

151 4647 374 4722 φρενῶν
427 4648 584 4711 εἰδὼς
631 4645 981 4720 ἐξηρτημένα
1035 4651 1103 4704 τά
1141 4651 1470 4721 πράγματα,
1514 4654 1611 4709 καὶ
1648 4654 1748 4718 τὰς

152 4740 347 4803 κοινὰς
397 4739 526 4811 ὑμῖν
562 4740 915 4811 ἐπικειμένας
970 4744 1261 4813 φροντίδας
1302 4744 1466 4815 ὁρῶν,
1525 4740 1777 4816 ἄμεινον’

159 4829 397 4902 ἡγοῦμαι
446 4830 643 4900 σιγᾷν·
672 4829 733 4882 τὸ
766 4831 898 4901 εὐρὺ
920 4831 977 4883 δὲ
1010 4831 1174 4904 πάλιν
1218 4834 1312 4886 καὶ
1360 4833 1751 4908 πολυχώρητον

149 4922 255 4994 τῆς
278 4920 552 4993 ὑμετέρας
570 4922 937 4995 ἐπιστάμενος
968 4923 1227 4989 διανοίας,
1283 4928 1494 4997 σιωπᾷν
1529 4928 1628 4981 οὑκ
1655 4922 1755 4982 ἀν.

155 5013 374 5085 έχομαι,
394 5012 583 5077 δεδιὼς
610 5013 685 5085 μὴ
716 5014 1000 5086 ῥᾳστώνης
1032 5015 1255 5085 ὀφλήσω
1286 5018 1530 5090 γραφήν.
1558 5020 1755 5076 Κεντεῖ

151 5105 213 5161 δέ
245 5122 315 5179 με
348 5108 441 5161 καὶ
473 5107 757 5173 πόθος,-ὂν
795 5109 826 5178 ἡ
854 5108 1085 5182 βραχεῖα
1114 5109 1301 5177 γεῦσις
1334 5111 1434 5182 τῆς
1472 5113 1746 5185 ὑμετέρας

154 5198 441 5270 ἐνεποίησε
476 5199 627 5264 θέας.
670 5192 1083 5271 Ἐμφορηθῆναί
1115 5219 1182 5271 με
1224 5202 1332 5274 γὰρ
1360 5203 1560 5274 ταύτης
1594 5207 1748 5257 ἐστέ-

160 5308 294 5364 ρησε
315 5293 412 5361 τῆς
439 5294 853 5365 τρισμακαρίας
878 5294 1096 5365 ἐκείνης
1132 5295 1377 5366 κεφαλῆς
1403 5297 1434 5364 ἡ
1467 5296 1622 5358 νόσος
1656 5298 1749 5350 καὶ

155 5383 402 5456 τελευτή.
430 5379 507 5439 OB
533 5385 597 5456 δὴ
627 5385 786 5456 χάριν
814 5384 1018 5438 ἐπινοῶ
1053 5403 1144 5455 μοι
1174 5386 1468 5458 φάρμακον
1496 5387 1751 5457 ψυχαγωι

156 5479 285 5545 γίας
311 5476 381 5529 τά
412 5476 741 5549 γράμματα.
776 5477 880 5531 Τδν
901 5478 957 5532 δὲ
980 5478 1088 5532 τῶν
1124 5479 1263 5532 ὅλων
1292 5479 1523 5532 ἱκετεύω
1550 5481 1752 5533 Δεσπό-

157 5586 279 5639 την,
317 5569 518 5623 ίθύνειν
572 5570 730 5640 ὑμῶν
778 5570 869 5623 τὸν
921 5569 1056 5641 βίον,
1088 5571 1185 5624 καὶ
1238 5571 1427 5642 φέρειν
1460 5571 1521 5635 ἐξ
1546 5573 1750 5641 οὑρίων

94 5658 105 5669 ’
158 5662 288 5725 ἀεὶ,
339 5662 427 5719 ἵνα
474 5664 574 5734 τῆς
635 5661 906 5734 ὑμετέρας
958 5663 1303 5734 προμηθείας
1346 5664 1751 5736 ἀπολαύσωμεν

164 5771 332 5817 απαντ
339 5773 393 5819 ες
416 5799 427 5812 .

1847 648 1937 695 tus
1974 641 2399 697 transmittetur.

2326 820 2437 903 LIX
2446 861 2457 873 .
2494 852 2564 861 --
2594 822 2961 917 ﬂeortastica.‘

1916 932 2126 986 Divinas
2157 946 2221 985 ac
2252 933 2522 989 salutares
2549 934 2932 993 solemnitates
2958 945 3016 993 et
3051 944 3280 993 mmstos
3307 954 3446 996 eon-

1844 1023 2119 1088 solantur,
2151 1033 2207 1078 et
2231 1024 2386 1080 latos
2413 1003 2656 1083 lae'tiores
2690 1027 2941 1087 efﬁciunt
2973 1039 3181 1102 :atqoe
3212 1031 3319 1084 hoc
3342 1047 3447 1104 ego

1844 1114 2183 1195 experientia
2219 1114 2413 1170 didici.
2444 1116 2581 1172 Nam
2614 1134 2741 1173 cum
2772 1120 3010 1177 tristitiae
3040 1120 3303 1183 ﬂuctibus
3340 1122 3446 1177 ob-

1845 1221 2062 1271 ruerer,
2105 1208 2282 1263 undas
2314 1210 2573 1279 superavi
2610 1210 2775 1266 simul
2820 1226 2885 1266 ac
2927 1212 3145 1268 dierum
3176 1211 3447 1268 festorum

1848 1304 2043 1364 portus
2084 1296 2295 1365 aspexi:
2345 1296 2481 1354 Oret
2518 1286 2704 1371 itaque
2748 1302 2961 1374 ιιιι
3010 1302 3189 1373 pietas
3229 1312 3343 1364 tua.
3386 1313 3450 1359 ut

1846 1387 1999 1459 gravi
2054 1388 2161 1445 hac
2200 1392 2444 1461 procella
2495 1393 2719 1461 penitus
2779 1393 3007 1460 liberer,
3049 1404 3105 1451 et
3143 1411 3176 1450 a
3209 1396 3451 1469 benigno

1846 1478 2082 1535 Domino
2110 1482 2370 1538 mroris
2397 1482 2732 1540 oblivionem
2758 1486 3054 1555 quamdam
3082 1488 3373 1559 accipiam.

2347 1769 2456 1825 LV.
2487 1802 2558 1811 —
2577 1770 2930 1837 Heortastica.

1922 1877 2062 1936 Male
2090 1895 2192 1937 nos
2222 1878 2408 1937 aﬁ‘ecit
2438 1880 2686 1937 tristitia.
2720 1882 2985 1937 Naturam
3012 1884 3219 1956 quippe
3248 1886 3449 1943 huma-

1851 1986 1979 2029 nam
2028 1971 2211 2028 sortiti
2258 1986 2487 2038 sumus,
2534 1988 2647 2028 non
2698 1973 3452 2032 adamantinam.°llemedio

1852 2073 2038 2121 autem
2066 2064 2202 2119 mihi
2232 2064 2340 2120 fuit
2368 2063 2687 2120 recordatio
2715 2065 3097 2135 Apparitionis
3125 2066 3448 2125 Dominicm.

1853 2156 2013 2212 Nune
2051 2157 2220 2228 igitur
2266 2164 2325 2211 et
2364 2156 2551 2211 scribo
2601 2157 2757 2226 juxta
2806 2172 3017 2213 morem
3059 2158 3170 2214 diei
3210 2158 3359 2226 festi,
3395 2170 3453 2215 et

1854 2249 2320 2321 magniﬁcentiam
2351 2256 2502 2303 tuam
2545 2248 2747 2319 saluto,
2773 2264 2939 2320 quam
2979 2250 3125 2308 clara
3158 2259 3215 2307 et
3248 2252 3452 2308 illustri

1854 2343 1998 2399 fama
2028 2342 2217 2399 vivere
2249 2342 2434 2414 cupio.

2315 2536 2449 2592 LVI.
2477 2539 2566 2576 -⁶
2591 2536 2950 2592 Ileortastica.

1925 2647 2099 2719 Urget
2122 2647 2349 2717 quidem
2380 2647 2565 2703 adhuc
2593 2661 2681 2703 me
2713 2648 2958 2712 tristitia,
2981 2656 3038 2703 et
3061 2657 3301 2703 mentem
3325 2661 3451 2717 gra-

1854 2739 1997 2797 viter
2041 2739 2333 2794 concutit:
2374 2746 2619 2795 attamen
2660 2739 2771 2795 diei
2820 2738 2946 2795 festi
2990 2740 3168 2811 legem
3216 2739 3452 2810 implere

1850 2833 2062 2904 justum
2096 2830 2433 2888 existimavi.
2469 2832 2627 2888 Nunc
2666 2832 2857 2902 itaque
2884 2841 2941 2888 et
2971 2831 3177 2894 scribo,
3203 2839 3261 2887 et
3288 2846 3454 2887 reve-

1856 2910 2092 2977 rentiam
2134 2928 2288 2975 tuam
2335 2921 2543 2988 saluto,
2585 2929 2643 2979 et
2688 2921 2975 2978 cbaritatis
3020 2920 3275 2977 debitum
3326 2937 3457 2992 per-

1854 3012 2029 3068 solvo.

2213 3122 2371 3180 LVII.
2405 3152 2477 3163 —-
2508 3122 2792 3178 Eutrechio
2827 3123 3094 3195 praefecto.

1926 3235 2042 3291 Hoc
2084 3235 2252 3291 etiam
2284 3234 2448 3289 nobis
2480 3232 2732 3289 omnium
2770 3234 2973 3289 Rector
3006 3228 3255 3297 indulsit,
3290 3242 3351 3288 ut
3385 3232 3453 3288 de

1854 3326 2193 3384 excellentiae
2224 3334 2332 3381 tua:
2378 3326 2646 3397 dignitate
2689 3326 3033 3389 audiremus,
3065 3325 3280 3396 tibique
3326 3333 3451 3380 tan-

1852 3429 1970 3475 tum
2001 3420 2268 3475 honorem
2295 3417 2497 3488 adepto
2518 3417 2945 3488 gratularemur,
2968 3417 3374 3488 gratularemur
3396 3426 3454 3470 et

1852 3512 2092 3568 subditis
2139 3527 2279 3588 qpos
2326 3519 2477 3565 tanta
2524 3510 2667 3581 regit
2719 3509 3110 3566 mansuetudo.
3152 3509 3272 3581 Ego
3316 3524 3453 3565 vero

1851 3605 2109 3675 iniquum
2144 3603 2275 3659 duxi
2304 3602 2552 3658 laetitiam
2581 3601 2806 3657 silentio
2845 3609 3051 3672 tegere,
3092 3612 3149 3656 et
3187 3600 3332 3656 hanc
3358 3601 3451 3657 lit—

1852 3696 1988 3751 teris
2018 3712 2128 3751 non
2155 3695 2422 3751 indicare.
2441 3693 2599 3760 Quod
2625 3693 2774 3749 enim
2807 3693 3272 3765 magniﬁcentiam
3302 3702 3453 3749 tuam

1852 3802 2103 3842 amemus
2133 3785 2514 3849 vehementer,
2547 3792 2604 3838 et
2636 3800 2669 3838 a
2701 3783 2863 3839 vobis
2892 3800 3144 3839 amemur
3182 3784 3450 3848 vicissim,

1855 3886 1962 3935 tuae
1985 3891 2214 3949 prorsus
2237 3876 2662 3947 magniﬁcentiae
2690 3891 3016 3947 persuasum
3044 3886 3147 3932 est.
3180 3876 3286 3943 Qui
3318 3892 3454 3949 ergo

1829 3975 1934 4030 ‘sie
1978 3987 2252 4035 amamus,
2300 3971 2575 4027 bonorum
2618 3967 2937 4040 largitorem
2984 3967 3349 4035 obtestamur,
3392 3979 3455 4025 ut

1823 4050 2103 4121 'omnium
2148 4064 2423 4120 donorum
2472 4076 2698 4135 suorum
2744 4060 3202 4119 allluentemtibi
3234 4061 3327 4117 det
3360 4076 3453 4117 co—

1853 4158 2017 4226 piam.

2050 4384 2285 4454 ,11-12
2328 4383 2440 4456 (37)
2484 4382 2666 4440 LVIII.
2700 4414 2769 4423 —
2806 4383 2975 4440 Nomo
3010 4383 3234 4437 consuli.

1924 4493 2070 4547 Duas
2115 4492 2172 4549 in
2216 4501 2402 4563 partes
2443 4492 2697 4570 animum
2740 4508 2922 4549 meum
2962 4492 3451 4570 dix'idi;_suscepla

1854 4584 1922 4639 de
1966 4583 2164 4639 dandis
2206 4584 2275 4638 ad
2322 4592 2374 4641 te
2419 4565 2621 4640 litteris
2661 4584 3009 4639 deliberatio.
3041 4565 3333 4659 Nan-imum
3384 4602 3453 4640 ex

1854 4678 2101 4732 consiliis
2134 4678 2244 4732 tuis
2279 4677 2524 4748 pendere
2560 4692 2649 4732 res
2681 4692 2873 4732 omnes
2909 4677 3231 4749 intelligar...
3264 4686 3321 4731 et
3348 4693 3451 4747 pir—

1854 4763 2026 4819 blicas
2073 4764 2127 4820 in
2181 4773 2233 4819 te
2273 4780 2437 4819 curas
2488 4764 2845 4830 incumbere,
2897 4775 3160 4835 prmstare
3209 4766 3453 4821 arbitror

1854 4855 2039 4931 silere.
2089 4856 2159 4909 At
2206 4872 2331 4911 eum
2386 4860 2589 4914 mentis
2636 4869 2744 4914 tuae
2788 4872 2981 4914 rursus
3029 4859 3463 4929 amplitudinem.

1855 4944 2327 5015 capacitatemque
2383 4956 2727 5017 perspectam
2779 4948 3043 5012 habeam,
3101 4958 3297 5019 tacere;
3340 4966 3451 5005 non

1856 5034 2056 5098 audeo,
2089 5051 2159 5090 ne
2193 5051 2419 5091 accuser
2452 5035 2684 5092 inertiae.
2728 5037 2987 5093 Stimulat
3024 5039 3191 5095 etiam
3229 5055 3317 5096 me
3352 5042 3459 5097 dc-

1854 5125 2143 5191 siderium,
2178 5128 2323 5198 quod
2357 5127 2542 5183 brevis
2583 5140 2916 5201 conspectus
2958 5133 3037 5185 tui
3084 5139 3279 5202 gustus
3310 5132 3450 5204 inje-

1855 5218 1949 5273 cit.
1975 5217 2281 5285 Quominus
2312 5221 2459 5275 enim
2492 5222 2586 5277 illo
2617 5223 2873 5287 saliarer,
2904 5222 3119 5277 obstitit
3145 5222 3451 5278 beatissimi

1854 5304 2004 5360 illius
2032 5307 2137 5361 viri
2174 5308 2403 5365 morbus
2432 5320 2487 5364 et
2525 5310 2730 5365 obitus.
2768 5312 2923 5383 Unde
2956 5328 3104 5367 nune
3139 5313 3319 5368 solatii
3362 5330 3451 5368 τρε

1856 5397 2101 5454 medium
2132 5416 2200 5455 ex
2235 5400 2435 5457 litteris
2472 5412 2655 5474 capto.
2690 5404 3085 5461 Universorum
3127 5414 3311 5460 autem
3345 5407 3454 5461 Do-

1859 5492 2069 5548 minum
2102 5509 2221 5559 oro,
2254 5505 2313 5550 ut
2337 5496 2465 5553 vita:
2494 5505 2601 5553 tum
2631 5513 2854 5552 cursum
2887 5508 3057 5569 regat,
3083 5498 3453 5568 secundisque

1858 5600 2076 5654 semper
2124 5587 2645 5657 ventis'provehat,
2685 5598 2745 5642 ut
2800 5588 3146 5659 providentia
3201 5597 3291 5644 tua
3342 5588 3450 5642 frui

1859 5692 2051 5731 omnes
2085 5678 2376 5747 possimus.

225 5866 338 5944 (37)
378 5868 761 5941 luterpretatio
818 5868 1264 5941 bujus'epistolm
1314 5867 1504 5923 Latina
1562 5880 1644 5927 est
1693 5871 1747 5927 in
1791 5874 2009 5935 Baronii
2040 5881 2243 5939 Annal.
2282 5884 2350 5939 ad
2382 5900 2510 5943 ann.
2545 5886 2669 5955 “5,
2701 5894 2740 5944 ι.
2778 5888 2866 5956 Vl,
2896 5906 2953 5963 p.
2981 5891 3069 5947 ὅθ.
