4336 6326
832 384 962 450 1231

1332 498 1467 554 LIX.
1499 528 1564 538 --
1597 497 1917 556 Claudiano.

900 608 1159 666 Sinceras
1182 606 1451 663 amicitias
1475 624 1578 664 nec
1600 608 1902 663 dissolvere
1930 607 2183 663 locorum
2211 607 2419 663 distan-

830 700 906 755 tia
940 708 1139 771 potest.
1175 714 1274 754 nec
1310 708 1526 769 tempus
1562 710 1868 755 attenuare.
1900 698 2244 769 Corporibus
2269 698 2418 755 enim

828 800 1011 856 nocet,
1052 790 1352 861 ﬂoremque
1388 790 1565 845 aetatis
1597 790 1783 860 eripit,
1812 800 1875 847 et
1908 791 2122 846 senium
2159 792 2371 847 inducit
2402 809 2415 844 :

830 879 1086 935 amicitia-
1112 890 1295 935 autem
1336 880 1446 933 vim
1478 890 1660 951 auget,
1691 882 1847 951 plura
1876 896 2178 951 suggerens
2218 882 2420 937 incita-

828 982 1032 1027 menta.
1080 974 1376 1044 Propterea
1415 983 1471 1029 et
1510 990 1612 1045 ego
1644 975 1831 1029 multis
1864 991 1895 1030 a
1932 986 2024 1030 tua
2064 977 2421 1047 magniﬁcen-

829 1064 904 1117 tia
934 1063 1146 1119 distans
1172 1065 1523 1129 stationibus,
1550 1065 1925 1120 salutatoriam
1957 1067 2097 1122 hanc
2127 1068 2417 1137 epistolam

828 1156 1033 1218 scribo,
1075 1156 1332 1211 amicitiae
1369 1156 1625 1212 videlicet
1654 1158 1893 1212 stimulis
1921 1157 2202 1213 incitatus.
2235 1161 2251 1177 '
2287 1159 2419 1228 Ejus

828 1260 961 1300 vero
996 1246 1138 1313 lator
1165 1258 1249 1301 est
1279 1247 1575 1302 Patroinus
1618 1248 2001 1314 draconarius,
2026 1250 2111 1303 vir
2142 1250 2215 1304 ob
2250 1250 2417 1305 animi

826 1336 1087 1391 virtutem
1133 1338 1441 1391 reverentia
1482 1337 1840 1407 dignissimus
1875 1356 1888 1390 :
1916 1340 2118 1410 quippe
2152 1341 2244 1411 qui
2273 1340 2416 1395 divi-

825 1426 915 1481 nis
958 1426 1175 1497 legibus
1213 1443 1404 1499 magna
1448 1444 1573 1483 eum
1615 1429 1899 1485 alacritate
1940 1429 2169 1500 obsequi
2209 1431 2412 1486 studet.

826 1518 929 1571 Per
972 1518 1120 1573 hunc
1143 1535 1276 1589 ergo
1302 1535 1370 1574 ne
1399 1535 1563 1590 grave
1583 1521 1675 1586 sit,
1706 1522 1791 1575 v‘ir
1817 1523 2286 1591 prastantissime,
2316 1525 2415 1578 de-

826 1607 1179 1663 siderabilem
1212 1609 1373 1664 nobis
1408 1611 1619 1681 1113
1663 1612 2019 1667 sublimitatis
2060 1622 2166 1668 tuae
2200 1614 2413 1668 valetu-

825 1699 1011 1754 dinem
1058 1701 1353 1765 nuntiare,
1403 1718 1529 1758 cum
1583 1705 1931 1774 optatissimo
1974 1706 2124 1761 exitu
2173 1707 2411 1777 promis-

824 1791 1016 1848 sionis.

1035 1904 1147 1962 LX.
1184 1938 1253 1948 —
1285 1906 1535 1964 Dioscoro
1568 1912 1807 1983 episcopo
1838 1911 2200 1968 Alexandria}.

890 2020 1075 2077 Multis
1114 2020 1337 2091 quidem
1381 2030 1439 2077 et
1481 2023 1604 2079 aliis
1636 2026 1938 2081 virtutibus
1975 2025 2259 2097 praeditam
2289 2041 2411 2082 esse

818 2113 1076 2170 audimus
1122 2116 1469 2171 sanctitatem
1516 2122 1668 2170 tuam
1719 2116 1901 2187 (velox
1944 2116 2215 2187 siquidem
2268 2117 2411 2172 fama

819 2219 1263 2274 quaquaversum
1294 2204 1614 2261 discurrens
1641 2206 1889 2261 omnium
1921 2223 2085 2263 aures
2115 2208 2287 2280 gloria
2320 2216 2409 2263 tua

820 2294 1132 2367 implevit);
1166 2297 1403 2353 maxime
1439 2306 1620 2353 tamen
1667 2298 1967 2369 pradicant
2016 2315 2207 2355 omnes
2241 2301 2412 2356 animi

818 2389 1168 2454 modestiam,
1208 2404 1372 2459 quam
1419 2390 1538 2461 lege
1578 2390 1833 2445 sanciens
1860 2391 2127 2447 Dominus
2168 2393 2409 2464 seipsum

816 2481 979 2536 nobis
1020 2482 1330 2552 exemplum
1367 2483 1655 2553 proposuit
1673 2483 1903 2539 dicens:
1938 2506 1956 2537 ι
1988 2486 2192 2542 Discite
2226 2504 2265 2543 a
2299 2504 2407 2555 me,

816 2569 948 2640 quia
976 2571 1127 2625 mitis
1156 2586 1277 2625 sum
1308 2579 1365 2625 et
1394 2572 1621 2627 humilis
1658 2573 1825 2628 corde
1854 2574 1918 2628 ⁸⁷.
1958 2596 1977 2627 ι
2024 2576 2229 2633 Natura
2260 2580 2408 2633 enim

816 2678 943 2717 eum
972 2662 1042 2717 sit
1063 2663 1334 2727 excelsus,
1367 2665 1452 2719 vel
1481 2665 1667 2734 potius
1692 2667 2099 2723 excelsissimus
2121 2671 2285 2735 Deus,
2311 2671 2411 2725 mi-

814 2765 927 2809 tem
959 2762 1015 2809 et
1044 2754 1309 2809 humilem
1353 2755 1595 2810 animum
1639 2768 1892 2828 suscepta
1933 2774 2099 2815 carne
2132 2762 2406 2830 probavit.

814 2847 878 2901 In
916 2846 1073 2901 illum
1114 2863 1245 2919 ergo
1289 2848 1531 2913 intuens,
1567 2849 1809 2914 domine,
1840 2852 2188 2906 subditorum
2220 2856 2407 2909 multi-

816 2941 1069 2994 tudinem
1113 2956 1223 2994 non
1271 2941 1521 3009 respicis,
1558 2958 1735 3011 neque
1775 2944 1921 2997 sedis
1964 2944 2403 3001 sublimitatem:

817 3031 916 3087 sed
960 3040 1211 3087 naturam
1253 3043 1489 3101 spectas,
1513 3042 1570 3089 et
1597 3035 1866 3091 volubiles
1896 3037 2021 3091 vita:
2050 3039 2404 3105 mutationes,

816 3122 1129 3193 divinisque
1170 3124 1384 3195 legibus
1427 3126 1769 3196 obsequeris,
1814 3145 2047 3199 quarum
2092 3131 2405 3187 observatio

816 3214 971 3285 regni
1001 3215 1266 3270 malorum
1291 3226 1376 3271 est
1399 3218 1761 3274 conciliatrix.
1792 3220 1901 3275 Hac
1930 3237 2032 3293 ego
2055 3222 2123 3277 de
2146 3225 2404 3280 sanctita-

818 3304 889 3359 tis
932 3314 1040 3360 tuaa
1087 3306 1396 3366 humilitate
1435 3309 1639 3362 certior
1678 3309 1875 3374 factus,
1921 3328 2137 3367 sacrum
2180 3315 2401 3385 Deoque

813 3395 1045 3451 charum
1077 3409 1243 3467 caput
1274 3409 1429 3453 tuum
1467 3416 1564 3469 per
1591 3401 1803 3457 litteras
1832 3405 2086 3474 amplecti
2118 3406 2316 3471 audeo,
2347 3417 2404 3463 et

815 3502 1011 3558 preces
1040 3489 1213 3543 οπετο
1255 3506 1487 3560 quarum
1527 3491 1739 3547 fructus
1764 3504 1848 3548 est
1880 3496 2045 3549 salus.
2073 3497 2279 3551 Auctor
2303 3515 2403 3553 au-

814 3588 929 3635 tem
983 3581 1119 3635 mihi
1169 3581 1477 3636 litterarum
1527 3582 1751 3638 istarum
1804 3586 1905 3639 fuit
1959 3588 2406 3659 religiosissimus

817 3671 1106 3741 presbyter
1148 3672 1421 3729 Eusebius
1468 3691 1482 3726 :
1522 3675 1685 3744 cujus
1730 3675 1873 3731 istuc
1912 3678 2306 3746 profectionem
2343 3692 2404 3737 ut

815 3762 1067 3833 cognovi,
1103 3763 1389 3832 epistolam
1415 3764 1555 3820 hanc
1577 3766 1803 3831 dictavi,
1833 3776 1979 3821 tuam
2008 3784 2170 3825 orans
2195 3773 2401 3827 sancti-

810 3859 1005 3913 tatem,
1039 3860 1152 3905 tum
1204 3860 1261 3905 ut
1308 3854 1566 3923 precibus
1614 3855 1731 3911 suis
1778 3872 1880 3911 nos
1926 3856 2137 3924 fulciat,
2183 3869 2299 3915 tum
2343 3870 2403 3917 ut

814 3940 1015 3997 litteris
1058 3942 1343 4013 spirituale
1386 3948 1697 4001 convivium
1738 3947 1967 4014 inserat,
2003 3952 2403 4011 esurientibus-

813 4046 921 4103 que
952 4032 1300 4089 admirandas
1330 4035 1627 4092 verborum
1659 4040 1849 4109 epulas
1881 4042 2082 4099 mittat.

1054 4318 1269 4390 1114
1300 4318 1437 4373 ωτι.
1466 4351 1533 4360 ——-
1562 4321 1805 4376 Archibio
1836 4304 2154 4396 presbytero.

880 4428 1016 4483 Cum
1056 4429 1195 4485 duas
1243 4446 1421 4501 nuper
1464 4441 1567 4488 tuae
1606 4434 1826 4503 pietatis
1858 4436 2119 4505 epistolas
2151 4438 2397 4510 accepis-

1818 376 2310 442 THEODORETI
2349 373 2688 436 EPISBOPI
2728 377 3095 439 CYRENSIS

2446 496 2495 551 Α

3995 376 4147 442 1232

2995 496 3124 549 N9.
3156 527 3228 535 —
3258 493 3633 561 Κλαυδιανῷ.

2594 603 2705 667 Τάς
2735 603 3045 676 είλικρινεῖς
3072 606 3255 677 φιλίας
3291 607 3415 661 οὔτε
3446 606 3647 679 τοπικὴ
3676 606 3978 672 διάστασις
4020 606 4145 657 δια-

2522 695 2672 749 λύειν
2709 696 2905 768 ίσχύει,
2937 696 3063 750 οὔτε
3091 698 3281 770 χρόνος
3316 700 3598 771 ἑξιτήλους
3632 698 3964 772 ἐργάζεται.
4009 698 4143 759 Τοῖς

2526 786 2626 857 μὶν
2665 786 2773 857 γὰρ
2797 787 3012 859 σώμασι
3042 790 3384 859 λυμαίνεται,
3419 793 3514 846 καὶ
3537 792 3600 846 τὸ
3648 791 3749 861 μὲν
3778 790 3950 854 ἄνθος
3989 791 4141 843 ἀπο-

2523 879 2677 950 συλᾷ,
2708 878 2770 933 τὸ
2796 879 2855 933 δὲ
2882 884 3061 952 γῆρας
3093 882 3289 951 ἐπάγει
3318 900 3333 917 ο
3364 884 3469 951 τῆς
3491 884 3549 937 δέ
3574 901 3638 952 γε
3663 883 3849 953 φιλίας
3878 881 4057 948 αὔξει
4080 881 4143 934 τὸ

2521 969 2702 1033 ἄνθος,
2728 969 2954 1025 πλείονα
2984 970 3312 1041 προσφέρων
3333 971 3402 1024 τά
3433 971 3687 1041 ζώπυρα.
3726 970 3828 1025 Διά
3844 986 3928 1022 τοι
3966 965 4141 1021 τοῦτο

2520 1060 2677 1131 κάγὼ
2699 1060 2915 1125 πολλοῖς
2946 1060 3211 1132 σταθμοῖς
3229 1062 3328 1133 τῆς
3355 1061 3457 1133 σῆς
3494 1062 3995 1134 μεγαλοπρεπείας
4024 1062 4137 1129 ἀφ-

2520 1152 2791 1225 εστηκὼς,
2822 1153 2921 1225 τὴν
2945 1153 3321 1227 προσρητικὴν
3351 1154 3558 1224 ταύτην
3578 1154 3877 1225 ἐπιστολὴν
3893 1154 4133 1221 γράφω,

2518 1249 2630 1306 τοῖς
2662 1248 2761 1317 τῆς
2792 1246 2974 1314 φιλίας
2995 1245 3237 1316 δηλονότι
3267 1246 3594 1317 νυττόμενος
3635 1245 3911 1313 κέντροις.
3942 1244 4131 1312 Κομί-

2519 1337 2603 1403 {Et
2630 1339 2685 1392 δὲ
2718 1337 2926 1409 ταύτην
2967 1338 3280 1411 Πατρωῗνος
3311 1338 3715 1410 δρακωνάριος,
3751 1336 3897 1405 ἀνὴρ
3935 1335 4129 1398 αἰδοῦς

2516 1428 2814 1495 ἀξιώτατος
2833 1430 2921 1483 διὰ
2940 1429 3037 1505 τὴν
3058 1431 3155 1501 τῆς
3174 1431 3356 1501 ψυχῆς
3381 1430 3584 1501 ἀρετήν
3603 1446 3616 1457 ο
3642 1428 3769 1490 τοὺς
3798 1426 3913 1496 γάρ
3938 1424 4127 1486 θείους

2517 1519 2714 1589 νόμους
2745 1523 2885 1592 μετά
2916 1522 3117 1593 πολλῆς
3144 1522 3435 1591 φυλάττειν
3458 1519 3767 1592 προθυμίας
3802 1518 4123 1584 ἐπείγεται.

2518 1610 2769 1682 Μηνῦσαι
2790 1613 2972 1666 τοίνυν
2992 1617 3126 1685 ἡμῖν
3152 1616 3221 1668 δι’
3247 1613 3435 1676 αὑτοῦ,
3471 1609 3922 1683 θαυμασιώτατε,
3947 1626 4128 1661 κατα-

2518 1701 2710 1765 ξίωσον
2728 1706 2825 1775 τὴν
2842 1706 3174 1774 ἀξιάγαστον
3196 1707 3331 1777 ἡμῖν
3360 1705 3454 1760 τοῦ
3479 1705 3575 1759 σοῦ
3608 1702 3877 1775 μεγέθους
3895 1700 4121 1770 ὑγείαν,

2516 1797 2611 1849 καὶ
2640 1797 2701 1850 τὸ
2729 1798 3058 1870 τριπόθητον
3090 1800 3190 1868 τῆς
3218 1798 3572 1869 ὑποσχέσεως
3604 1796 3805 1864 πέρας,

2550 1909 2627 1965 εν.
2658 1938 2720 1951 -
2748 1912 3050 1981 Διοσκόρω
3080 1912 3397 1980 ἐπισκόπῳ
3438 1906 3903 1977 Ἀλεξανδρείας
3936 1905 4081 1977 (38).

2586 2024 2811 2090 Πολλοῖς
2844 2026 2942 2097 μὲν
2976 2026 3085 2098 γάρ
3110 2025 3293 2090 ἄλλοις
3322 2025 3522 2080 εἴδεσιν
3553 2022 3753 2096 ἀρετῆς
3778 2019 4117 2091 κοσμεῖσθαι

2510 2116 2613 2186 τὴν
2632 2118 2732 2189 σὴν
2752 2118 3066 2189 ἁγιωσύνην
3087 2118 3360 2190 ἀκούομεν
3397 2118 3727 2187 (ὑπόπτερος
3750 2116 3863 2186 γὰρ
3883 2114 3917 2183 ἡ
3950 2112 4117 2181 φήμη

2514 2208 2749 2263 πάντοσε
2771 2209 3147 2281 διαδραμοῠσα
3172 2211 3274 2281 τῆς
3301 2211 3401 2281 σῆς
3432 2210 3682 2271 εὐκλείας
3716 2208 3815 2268 τὰς
3848 2204 4119 2257 ἁπάντων

2514 2302 2812 2374 ἐνέπλησεν
2847 2302 3039 2374 ἀκοάς)
3057 2320 3075 2338 ο
3098 2305 3196 2375 οὐχ
3225 2305 3428 2373 ἥκιστα
3457 2303 3513 2357 δὲ
3550 2302 3788 2361 ἅπαντες
3826 2298 4024 2370 ᾄδουσι
4053 2296 4118 2347 τὸ

2511 2392 2607 2445 τοῦ
2640 2396 2989 2464 φρονήματος
3035 2396 3295 2466 μέτριον
3339 2394 3368 2447 ὃ
3406 2392 3713 2464 νομοθετῶν
3753 2393 3780 2444 ὁ
3821 2389 4114 2457 Δεσπότης

2512 2483 2710 2536 ἑαυτὸν
2744 2484 2876 2553 ἡμῖν
2914 2484 3221 2553 ἀρχέτυπον
3262 2482 3574 2554 προῦθηκεν
3604 2522 3618 2547 ,
3664 2499 3681 2531 ι
3722 2476 3972 2537 Μάθετε,
4022 2475 4112 2526 λέ-

2510 2591 2643 2643 γων,
2674 2575 2771 2627 ἀπ’
2804 2574 2961 2645 ἐμοῦ,
2994 2576 3077 2628 ὅτι
3112 2576 3288 2647 πρᾶός
3320 2576 3438 2644 ειμι
3463 2574 3559 2627 καὶ
3576 2570 3833 2632 ταπεινὸς
3862 2572 3929 2637 τῇ
3969 2584 4109 2636 καρ-

2508 2666 2617 2738 δίᾳ.
2650 2686 2668 2719 ι
2708 2666 2873 2721 Φύσει
2895 2667 3004 2738 γὰρ
3027 2666 3104 2719 ὢν
3125 2665 3351 2737 ὑψηλὸς,
3381 2664 3585 2736 μᾶλλον
3608 2664 3665 2717 δὲ
3690 2661 3920 2731 ὕψιστος
3950 2658 4110 2723 Θεὸς,

2509 2758 2570 2811 τὺ
2600 2761 2772 2829 πρᾶον
2798 2759 2895 2812 καὶ
2924 2758 3184 2813 ταπεινὸν
3203 2758 3635 2829 ἐνανθρωπήσας
3652 2754 3945 2825 ⁴ἢστιάσατο
3975 2752 4113 2822 φρό-

2508 2866 2571 2919 νη
2582 2868 2678 2919 μα.
2706 2851 2799 2913 Είς
2828 2850 2995 2903 αὐτὸν
3024 2845 3117 2903 οὖν
3148 2834 3391 2920 ἀφορῶν,
3417 2849 3515 2919 οὐχ
3536 2848 3687 2918 ὁρᾷς,
3711 2847 3974 2908 δέσποτα,
3996 2842 4111 2895 τῶν

2506 2941 2831 3011 ἀρχομένων
2863 2941 2923 2993 τὸ
2975 2940 3175 3010 πλῆθος
3208 2980 3224 3006 ,
3279 2939 3401 2993 οὐδὲ
3443 2939 3553 2992 τῶν
3584 2937 3790 3008 θρόνων
3836 2934 3896 2987 τὸ
3944 2934 4107 3003 επ.

2505 3031 2644 3085 ἀλλά
2678 3033 2776 3103 τὴν
2810 3034 2971 3100 φύσιν
3005 3033 3249 3103 βλέπεις,
3283 3034 3379 3085 καὶ
3410 3032 3507 3095 τὰς
3550 3029 3958 3100 άγχιστρόφους
4007 3025 4108 3078 τοῦ

2459 3191 2472 3209 ν
2511 3121 2625 3191 βίου
2654 3124 2980 3193 μεταϐολάς,
3007 3126 3231 3188 καὶτοῖς
3264 3125 3428 3187 θείοις
3450 3126 3632 3193 νόμοις
3661 3121 4003 3185 ἀκολουθεῖς,
4026 3114 4111 3173 ὧν

2508 3216 2541 3286 ἡ
2579 3215 2793 3286 φυλακὴ
2824 3214 3078 3287 προξενεῖ
3106 3216 3215 3269 τῶν
3238 3216 3484 3287 οὐρανῶν
3506 3215 3603 3286 τὴν
3628 3214 3928 3285 βασιλείαν,
3964 3216 4111 3269 Ταύ-

2504 3326 2605 3379 την
2639 3325 2733 3361 σου
2760 3311 2857 3377 τῆς
2888 3307 3170 3375 ὁσιότητος
3194 3310 3292 3377 τὴν
3322 3309 3825 3379 ταπεινοφροσύνην
3853 3309 4108 3371 άκοῦιιιν,

2506 3398 2695 3470 θαρρῶ
2727 3398 2814 3451 διὰ
2841 3396 3190 3469 γραμμάτων
3220 3397 3320 3467 τὴν
3356 3397 3507 3467 ἱεράν
3537 3414 3629 3449 σου
3660 3397 3753 3449 καὶ
3787 3396 3907 3465 Θ;ᾦ
3942 3396 4111 3466 ιτίλην

2514 3488 2962 3560 περιπτύξασθαι
3022 3487 3296 3557 κεφαλὴν,
3332 3487 3424 3540 καὶ
3466 3487 3775 3559 προσευχάς
3816 3488 4111 3555 ἀπαγγέλ-

2504 3581 2583 3636 λω
2624 3581 2760 3653 (39),
2810 3576 2886 3635 ὧν
2931 3583 2960 3635 ό
3008 3582 3220 3653 καρπὸς
3258 3581 3524 3651 σωτηρία.
3579 3580 3846 3651 Πρόξενος
3884 3582 3949 3632 δέ
4016 3599 4107 3651 μοι

2503 3673 2711 3727 τούτων
2751 3674 3042 3745 γεγένηται
3068 3674 3178 3727 τῶν
3222 3672 3573 3745 γραμμάτων
3610 3674 3637 3726 ό
3669 3671 4104 3736 θεοσεὸέστατκ

2505 3764 2876 3836 πρεσϐύτερος
2927 3764 3226 3829 Εὐσέϐιος·
3272 3763 3372 3834 τὴν
3417 3763 3612 3816 αὐτόσε
3643 3762 3751 3831 γὰρ
3780 3760 4103 3831 ἀποδημίαν

2505 3856 2671 3911 αὐτοῦ
2704 3856 2912 3929 μαθὼν,
2936 3856 3253 3928 παραυτίκα
3278 3856 3379 3927 τὴν
3397 3854 3683 3923 ἐπιστολὴν
3707 3855 4098 3923 ὑπηγόρευσα,

2506 3947 2843 4019 παρακαλῶν
2895 3958 2989 4000 σου
3045 3947 3143 4019 τὴν
3203 3947 3466 4017 άγιότητα
3493 3988 3507 4013 ,
3575 3949 3695 4010 ταῖς
3751 3947 3853 4016 μὲν
3909 3946 4097 4015 εὖχαζς

2503 4040 2653 4110 ἡμᾶς
2684 4038 2798 4109 (40)
2840 4040 3148 4107 ὑπερεῖσαι,
3177 4041 3287 4102 τοῖς
3317 4038 3370 4091 δὲ
3394 4038 3685 4110 γράμμασι
3706 4036 3807 4106 τὴν
3844 4053 4094 4106 πνευμα-

2502 4129 2660 4200 τικὴν
2710 4129 3034 4183 πανδαισίαν
3083 4128 3336 4193 ἐνθεῖναι,
3386 4130 3480 4182 καὶ
3511 4126 3774 4181 πεινῶσιν
3805 4129 4093 4197 ἐκπέμψαι

2501 4218 2605 4291 τὴν
2636 4218 2969 4287 ἀξιάγαστον
2992 4218 3101 4273 τῶν
3125 4219 3300 4287 λόγων
3332 4219 3587 4289 εὐωχίαν.

2810 4331 2933 4385 EA’.
2962 4360 3033 4372 --
3075 4332 3346 4401 Ἀρχιόίῳ
3374 4330 3778 4400 πρεσϐυτέρῳ.

2571 4444 2687 4498 υύκ
2710 4443 2969 4513 ἠμέλησα
2994 4442 3093 4507 τάς
3120 4442 3214 4496 δύο
3235 4444 3429 4517 πρώην
3461 4442 3753 4517 δεξάμενος
3774 4446 4084 4507 ἐπιστολάς,

808 4536 945 4583 sem,
981 4537 1090 4576 non
1137 4534 1464 4593 aspernatus
1511 4542 1653 4590 sum,
1698 4528 1794 4582 sed
1836 4530 2031 4599 scripsi
2076 4547 2105 4585 e
2144 4532 2395 4603 vestigio,
2430 4529 2520 4589 D6

2373 4561 2395 4599 ι,
2430 4529 2476 4586 D
2506 4534 2621 4589 ἀλλ’
2662 4535 2955 4588 ἐπέστειλα
3006 4516 3344 4605 παραυτίκα,
3405 4516 3529 4588 καὶθ
3552 4534 3629 4603 τῷ
3689 4534 4085 4606 θεοᾳιλεστάτῳ

807 4619 863 4665 et
920 4612 1015 4666 Dei
1072 4615 1451 4671 amantissimo
1504 4620 1827 4690 presbytero
1882 4620 2123 4676 Eusebio
2186 4623 2397 4680 litteras

806 4702 957 4756 dedi.
999 4702 1362 4761 Cunctatione
1404 4720 1589 4764 autem
1625 4711 1863 4780 quadam
1907 4713 2216 4784 interjeeta,
2249 4716 2396 4786 quod

805 4810 1047 4865 praesens
1085 4806 1204 4851 erat
1251 4798 1481 4855 dilatum
1524 4788 1627 4857 est.
1665 4804 1905 4875 Tempus
1946 4807 2092 4861 enim
2135 4809 2397 4881 deinceps

805 4884 950 4939 intra
976 4896 1168 4956 portus
1196 4892 1413 4961 navigia
1443 4895 1736 4960 continuit,
1764 4898 1928 4953 maris
1955 4899 2225 4955 denotans
2254 4910 2393 4955 tem-

804 4987 1100 5048 pestatem,
1146 4990 1204 5036 et
1247 4994 1443 5039 nautas
1491 4988 1999 5059 gubernatoresque
2048 5006 2262 5045 cessare
2300 4993 2393 5063 ju-

804 5070 961 5124 bens.
997 5070 1473 5141 lnpraesenliarum
1522 5094 1656 5149 ergo
1705 5080 1951 5135 debitum
1986 5085 2228 5149 exsolvo,
2282 5102 2392 5140 non

803 5170 864 5216 ut
892 5177 1002 5215 non
1026 5162 1279 5229 debeam,
1308 5166 1403 5220 sed
1440 5178 1501 5221 ut
1530 5168 1788 5225 debitum
1822 5189 2071 5243 augeam.
2101 5175 2214 5229 Hoc
2242 5178 2392 5231 enim

800 5253 1048 5307 debitum
1080 5254 1369 5326 multiplex
1408 5260 1420 5277 '
1448 5257 1511 5312 lit
1535 5274 1660 5313 cum
1690 5261 1947 5317 solvitur.
1974 5264 2111 5319 Nam
2134 5267 2227 5335 qui
2256 5268 2395 5320 ami-

798 5341 943 5399 dtire
989 5343 1137 5413 leges
1184 5360 1405 5401 scrvare
1460 5347 1704 5415 student,
1748 5351 2018 5421 philtrum
2067 5344 2296 5417 acuunt,
2338 5364 2393 5410 et

798 5433 1085 5489 ardentius
1124 5435 1391 5503 eiliciunt,
1436 5438 1721 5511 facemque
1755 5443 1997 5500 excitant
2029 5462 2096 5500 ex
2124 5448 2386 5518 scintilla,

868 5594 913 5629 ³⁷
946 5594 1134 5650 Matth.
1159 5610 1253 5660 xu,
1275 5595 1366 5649 29.

870 5753 979 5822 ('58)
1012 5752 1213 5808 Eadem
1249 5753 1475 5824 epistola
1504 5754 1670 5810 latine
1702 5762 1785 5809 est
1815 5752 1961 5824 apud
1989 5753 2283 5808 Baronium
2314 5754 2380 5809 ad

794 5831 849 5882 ι.
881 5824 1007 5891 ιιι,
1040 5834 1079 5877 ι.
1112 5824 1199 5889 v1,
1232 5839 1286 5893 p.
1315 5823 1404 5876 ea.

2502 4626 2861 4697 πρεσϐυτέρῳ
2892 4626 3140 4696 Εὐσεείῳ
3168 4624 3234 4679 τὰ
3269 4626 3577 4697 γράμματα
3608 4625 3842 4680 δέδωκα.
3881 4629 4085 4697 Μελλήο

2504 4733 2641 4779 σεως
2684 4716 2740 4769 δὲ
2785 4715 3089 4785 γενομένης
3136 4716 3301 4779 τινὸς,
3348 4715 3407 4768 τὸ
3438 4715 3613 4785 παρὸν
3646 4715 3741 4769 νῦν
3770 4717 4078 4771 ἀνεϐάλετο.

2510 4807 2575 4860 Ἥ
2619 4807 2729 4877 γάρ
2771 4805 2892 4878 ὥρα
2946 4805 3135 4859 λοιπὸν
3163 4805 3295 4859 εῐσω
3342 4806 3454 4859 τῶν
3502 4806 3737 4878 λιμένων
3770 4812 3991 4878 κατεῖχε
4020 4810 4082 4861 τὰ

2501 4896 2708 4967 σκάφη,
2744 4895 2839 4949 τοῦ
2896 4896 3172 4971 πελάγους
3207 4894 3573 4949 ὐπδεικνῦσα
3617 4896 3717 4966 τὴν
3764 4895 3962 4965 ζάλην,
3994 4902 4079 4951 καὶ

2502 4988 2702 5050 ναύτας
2729 4986 2824 5040 καὶ
2854 4985 3196 5057 κυῦερνήτας
3228 4987 3658 5041 διαναπαύουσα.
3717 4986 3950 5042 Ἐκτίνω
3979 4992 4077 5043 τοί-

2501 5099 2595 5134 νυν
2650 5080 2767 5133 τόὸε
2820 5078 2912 5131 ἐπὶ
2960 5078 3054 5131 τοῦ
3109 5080 3376 5151 παρόντος
3411 5079 3472 5132 τὸ
3506 5081 3687 5150 χρέος,
3720 5081 3821 5151 οὐχ
3872 5084 3958 5136 ἵνα
4009 5083 4073 5151 μὴ

2496 5172 2717 5241 ὀφείλω,
2771 5171 2885 5224 ἀλλ’
2946 5170 3033 5223 ἵνα
3068 5170 3127 5223 τὸ
3168 5172 3328 5241 χρέος
3378 5171 3620 5240 αύξήσω.
3669 5171 3846 5225 Τοῦτο
3888 5174 3994 5245 γάρ
4021 5177 4074 5226 τὸ

2494 5266 2715 5336 ὄφλημα
2741 5263 3143 5317 πολλαπλάσιον
3176 5265 3589 5335 ἐπιτιννύμενον
3620 5266 3854 5333 γίνεται.
3881 5272 3941 5319 υἱ
3974 5270 4070 5339 γὰρ

2496 5357 2789 5429 φυλάττειν
2849 5353 3243 5421 ἐσπουδακότες
3290 5355 3390 5425 τῆς
3442 5355 3624 5423 φιλίας
3679 5358 3806 5419 τοὺς
3860 5358 4067 5427 νόμους,

2493 5448 2803 5522 ἐρεθίζουσι
2837 5445 2899 5498 τὸ
2930 5444 3172 5517 φίλτρον,
3222 5449 3318 5500 καὶ
3366 5445 3700 5518 θερμότερον
3739 5452 4066 5521 ἀπεργάζον-

2566 5752 2679 5895 (59ζ
2712 5754 3030 5821 ἐπαγγέλλω
3055 5756 3227 5826 Neap.

2566 5825 2655 5895 (40
2712 5823 2799 5880 Sic
2828 5824 2996 5895 Neap.
3026 5827 3227 5882 Sirmot

2565 5823 2676 5897 (40)
2712 5823 2799 5880 Sic
2828 5824 2996 5895 Neap.
3026 5823 3352 5882 Sirmondus
3384 5824 3621 5881 habebat
3652 5828 3825 5899 ὑμῶν.
