4336 6326
94 415 237 486 1233

1436 416 1802 478 EPISTOLA
1841 416 2059 478 LXIII.

3239 411 3376 478 123$

85 545 202 598 ται,
232 528 436 584 καὶτὸν
462 529 735 601 σπινθῆρα
756 530 967 585 ποιοῦσι
1000 532 1209 606 πυρσόν
1231 550 1244 563 ο
1269 531 1372 585 ὑπὸ
1401 531 1455 584 δὲ
1484 531 1675 583 τούτου
1707 536 1751 590 Α
1779 543 1797 582 ε

1664 547 1675 581 ›
1707 536 1751 590 Α
1779 537 1837 582 et
1862 527 1967 582 hac
1994 526 2113 581 face
2146 526 2366 581 accensi
2400 538 2589 580 amore
2629 532 2843 578 certant
2878 520 3134 587 invicem,
3166 532 3217 576 et
3254 523 3376 577 vin-

87 619 550 693 πυρπολούμενοι,
571 624 725 693 νικᾷν
752 623 1019 694 ἀλλήλους
1044 626 1122 695 τῷ
1154 624 1304 694 πόθῳ
1333 622 1679 693 φιλοτιμοῦν·

86 728 201 765 ται.
228 712 585 778 Δέξαιτοίνυν
607 714 706 780 τὴν
737 713 1055 783 ἀπολογίαν,
1085 708 1131 767 ὦ
1168 712 1441 784 σεϐασμία
1470 730 1558 783 μοι
1588 698 1679 764 κε-

88 801 257 873 φαλὴ,
314 802 409 856 καὶ
462 802 553 867 δὸς
606 804 704 876 τὴν
748 810 1114 879 συγγνώμην,
1146 806 1242 859 καὶ
1290 803 1507 876 πέμψον
1544 804 1678 876 ἡμῖν

87 891 401 963 ἐπιστολήν,
430 892 531 963 τὴν
559 895 658 965 σὴν
685 896 875 965 ὑγείαν
911 896 1245 969 μηνύουσαν.

406 1006 524 1063 EB’.
556 1040 625 1049 —
670 1008 909 1081 Ἰωάννη
948 1011 1355 1080 πρεσϐυτέρῳ.

158 1101 234 1155 Τὸ
250 1099 406 1156 Adde
419 1101 676 1167 βιώσας,
705 1103 894 1173 εἴρηκε
926 1102 1025 1175 μέν
1049 1119 1135 1167 τις
1156 1103 1265 1157 τῶν
1281 1102 1449 1158 πάλαι
1477 1102 1675 1157 καλου-

88 1192 269 1263 μένων
302 1192 501 1262 σοφῶν.
546 1192 686 1261 Ἐγὼ
705 1193 762 1247 δὲ
789 1194 886 1263 τὴν
911 1193 1139 1266 γνώμην
1171 1195 1485 1259 ἐπαινέσας,
1519 1194 1675 1247 ἐϐου-

82 1283 261 1356 λήθην
306 1282 454 1355 ἓργφ
497 1282 797 1353 βεόαιῶσαι
830 1284 922 1337 τὸν
951 1284 1131 1354 λόγον.
1172 1285 1339 1339 Οὐδὲν
1370 1284 1479 1359 γὰρ
1514 1286 1675 1340 ἀπεο-

84 1375 182 1439 κὸς
205 1374 391 1447 ᾠήθην
418 1379 615 1439 ποιεῖν,
646 1374 740 1428 καὶ
768 1374 919 1447 παρά
949 1376 1060 1430 τῶν
1095 1376 1269 1431 ἄλλων
1310 1377 1589 1446 συλλέγων
1616 1376 1677 1430 τὸ

82 1467 380 1537 χρήσιμον.
408 1467 518 1519 Καὶ
548 1467 657 1537 γὰρ
675 1467 775 1529 τὰς
804 1467 1061 1536 μελίττας
1084 1467 1390 1536 (patrimoni:
1420 1467 1531 1521 ἀπὸ
1551 1468 1677 1522 ἐδω-

80 1559 260 1628 δίμων
306 1558 501 1629 μόνον,
531 1558 666 1613 ἀλλά
716 1559 811 1613 καὶ
851 1559 959 1613 ἀπὸ
998 1558 1107 1613 τῶν
1164 1560 1377 1632 πικρῶν
1411 1560 1672 1631 βοτανῶν,

83 1651 180 1704 καὶ
231 1650 297 1704 τά
346 1652 516 1723 κηρία
569 1652 871 1722 συλλέγειν,
921 1654 1016 1708 ’ιαῖ⁷
1065 1653 1166 1725 τὴν
1196 1655 1456 1723 γλυκεῖαν
1482 1655 1676 1727 δρόσον

83 1740 374 1811 ἀρύεσθαι.
405 1738 562 1795 Εἶδον
590 1742 853 1811 δὲκέγωγε
886 1743 983 1796 καὶ
1005 1742 1232 1813 πέτραις
1260 1742 1477 1811 ἀγόνοις
1499 1741 1677 1805 ὲνιζα-

81 1833 302 1899 νοὸσας,
360 1835 455 1887 καὶ
516 1834 616 1905 τὴν
670 1834 851 1889 νοτίδα
895 1835 997 1905 τὴν
1045 1834 1243 1904 ὀλίγην
1295 1834 1673 1905 ἀνιμωμένας.

83 1924 275 1995 no).th
303 1926 360 1979 δὲ
379 1926 651 1996 δήπουθεν
683 1922 1041 1998 δικαιότερον,
1088 1928 1213 1989 τοὺς
1241 1925 1319 1996 τῷ
1352 1926 1496 1996 λόγῳ
1527 1942 1677 1978 τετι-

83 2017 370 2088 μημένους
403 2019 670 2073 πάντοθεν
704 2019 1052 2089 καρποῦσθαι
1079 2018 1179 2091 τὴν
1208 2018 1501 2088 ὠφέλειαν.
1533 2018 1678 2086 Ἐγὼ

84 2112 192 2182 μὲν
224 2106 335 2175 οὖν,
366 2112 447 2179 ᾡς
484 2113 646 2185 ἔφην,
669 2112 948 2185 πειρῶμαι
981 2113 1289 2178 λανθάνειν,
1330 2112 1424 2168 καὶ
1459 2114 1677 2168 πάντων

85 2203 329 2273 μάλιστα
376 2202 477 2275 τήν
530 2204 766 2273 ἡσυχίαν
817 2204 1158 2275 ἀσπάζομαι.
1223 2203 1568 2258 Ἐπανελθὼν
1620 2206 1678 2258 δὲ

83 2294 281 2365 πρώην
312 2295 420 2349 ἀπὸ
443 2295 543 2365 τῆς
574 2296 845 2367 ὑμετέρας
875 2296 904 2348 ὁ
925 2295 1347 2358 θεοσεϐέστατος
1370 2296 1677 2367 πρεσϐύτε-

85 2406 183 2460 ρος
214 2387 493 2452 Εὐσέϐιος.
523 2388 829 2457 ἀπήγγειλε
870 2388 1159 2442 συνουσίαν
1194 2389 1323 2459 ὑμῖν
1354 2405 1475 2442 τινα
1518 2405 1678 2457 γεγε-

80 2484 304 2554 νῆσθαι,
342 2481 437 2533 καὶ
482 2483 686 2551 μεταξὺ
726 2481 885 2550 λόγου
916 2483 1060 2545 τινος
1099 2483 1195 2535 καὶ
1225 2481 1324 2551 τὴν
1350 2480 1480 2553 περὶ
1519 2479 1677 2551 ήμῶν

80 2574 400 2642 κινηθῆναι,
436 2575 530 2628 καὶ
565 2574 662 2644 τήν
690 2572 788 2643 σὴν
815 2573 1098 2626 εὐσέϐειαν
1120 2573 1384 2643 εὐφήμως
1405 2576 1505 2644 τῆς
1536 2573 1678 2642 ὲμῆς

83 2659 397 2730 μνησθῆναι
444 2661 831 2731 σμικρότητος.
892 2660 1036 2729 Ἐγὼ
1073 2660 1129 2714 δὲ
1178 2662 1435 2731 ἄγνωμον
1466 2661 1676 2733 ᾠήθην,

80 2754 181 2808 καὶ
210 2752 329 2805 λίαν
364 2752 548 2807 ἄδικον
575 2795 589 2818 ,
621 2753 712 2806 τὸν
743 2749 801 2807 εὖ
857 2755 953 2807 καὶ
992 2753 1175 2817 καλῶς
1218 2755 1570 2825 μεμνημένον
1601 2756 1677 2826 μὴ

80 2848 199 2909 τοῖς
236 2846 371 2909 ἴσοις
402 2846 763 2917 ἀμείψασθαι.
785 2847 848 2900 ΕΞ
879 2847 989 2918 γάρ
1008 2848 1105 2923 καί
1137 2848 1304 2918 μηδὲν
1325 2848 1475 2913 ἄξιον
1506 2850 1679 2921 εὐφη-

86 2938 223 3008 μίας
243 2937 611 3009 εἰργάσμεθα,
636 2939 754 2993 ἀλλ⁹
774 2934 867 2994 οὖν
886 2938 1059 3003 οὕτως
1083 2940 1453 2995 ἐπαινούντων
1471 2940 1683 3012 θαυμά-

82 3031 259 3102 ζομεν
286 3030 375 3085 τὸν
402 3033 624 3087 σκοπόν.
670 3033 919 3104 ’Ᾱγάπης
958 3031 1068 3103 γάρ
1099 3034 1126 3086 ὁ
1167 3032 1408 3097 τοιοῦτος
1458 3034 1681 3100 ἔπαινος

80 3122 332 3191 ἔκγονος.
370 3123 832 3194 Προσφθὲγγομαι
863 3124 1045 3178 τοίνυν
1086 3124 1181 3196 τὴν
1216 3125 1314 3197 σὴν
1344 3125 1680 3193 θεοσὲὅειαν,

80 3214 324 3283 διακόνῳ
359 3213 645 3285 χρώμενος
688 3214 800 3269 τῶν
835 3217 1183 3287 γραμμάτων
1228 3216 1441 3288 ἐκείνῳ,
1475 3218 1534 3280 ὃς
1585 3219 1683 3273 καὶ

84 3306 219 3367 τοὺς
248 3304 533 3376 ἀγράφους
556 3322 651 3359 σου
673 3306 889 3373 λόγους,
921 3306 1019 3371 οὓς
1040 3309 1171 3380 περὶ
1190 3308 1350 3380 ήμῶν
1379 3309 1680 3382 διεξῆλθες,

87 3397 285 3477 πρῴην
334 3398 621 3471 κεκόμικε.
665 3400 973 3469 Δεξάμενος
1014 3401 1232 3465 τοίνυν,
1275 3401 1682 3472 θεοφιλέστατε,

85 3492 190 3561 τὴν
216 3491 527 3567 ἐπιστολήν,
555 3490 786 3561 ἄμειψαι
832 3489 903 3544 τὰ
949 3493 1275 3563 γράμματα.
1316 3489 1533 3565 *Ηρξας
1586 3495 1687 3565 μὲν

88 3583 200 3653 γὰρ
229 3582 408 3651 λόγων
435 3582 620 3647 αὐτὸς,
658 3583 772 3650 ἐγὼ
793 3582 849 3635 δὲ
886 3585 1267 3654 γραμμάτων·
1307 3584 1402 3638 καὶ
1442 3587 1687 3657 ἠμειψά-

94 3692 204 3745 μην
233 3675 532 3746 γράμμασι
554 3676 680 3738 τοὺς
719 3674 932 3743 λόγους.
975 3675 1244 3731 Λείπεται
1296 3657 1476 3732 τοίνυν
1516 3696 1575 3732 σε
1618 3682 1689 3736 τά

89 3769 403 3839 γράμματα
432 3766 777 3839 γράμμασιν.

553 3877 669 3934 ΞΓ.
698 3910 769 3919 -
812 3879 1220 3949 Ἐὀρταστική.

167 3972 293 4026 Τῶν
330 3971 430 4042 μὲν
463 3971 640 4025 ἄλλων
673 3972 773 4042 τῆς
799 3973 994 4043 ἑορτῆς
1040 3974 1262 4042 ἀγαθῶν
1295 3974 1542 4045 συνήθως
1580 3977 1691 4031 ἀπ-

92 4065 426 4136 ελαύσαμεν.
458 4066 566 4118 Καὶ
600 4064 709 4136 γὰρ
743 4065 842 4135 τήν
876 4065 984 4119 τῶν
1026 4071 1311 4139 σωτηρίων
1345 4070 1691 4140 παθημάτων
1718 4088 1719 4091 ‘

92 4156 456 4229 lwptéoapzv
483 4158 724 4227 μνήμην,
752 4157 844 4210 καὶ
868 4155 955 4210 διὰ
976 4157 1077 4229 τῆς
1099 4160 1437 4229 Δεσποτικῆς
1456 4161 1691 4215 ἀναστά-

94 4267 236 4313 σεως
267 4248 567 4319 ἐδεξάμεθα
602 4252 670 4303 τά
700 4249 798 4320 τῆς
829 4253 1014 4321 κοινῆς
1063 4250 1416 4316 ἀναστάσεως
1454 4254 1689 4321 εὐαγγέ-

92 4344 209 4407 λια,
252 4344 344 4396 καὶ
383 4342 480 4413 τὴν
510 4342 749 4415 ἄρῤητον
783 4341 878 4410 τοῦ
918 4342 1053 4395 Θεοῦ
1094 4346 1189 4397 καὶ
1233 4346 1487 4417 Σωτῆρος
1532 4348 1691 4417 ἡμῶν

95 4432 516 4503 φιλανθρωπίαν
537 4435 881 4504 ὑμνήσαμεν·
909 4437 941 4505 ή
974 4435 1031 4487 δὲ
1065 4434 1175 4487 τῶν
1190 4436 1529 4506 Ἐκκλησιῶν
1555 4438 1688 4509 ζάλῃ

95 4525 349 4595 καθαρᾶς
384 4525 707 4596 μεταλαχεῖν
741 4526 1081 4596 εὐφροσύνης
1110 4527 1210 4580 οὐκ
1246 4528 1450 4583 εἴασεν.
1489 4531 1551 4584 Ei
1584 4532 1691 4602 γὰρ

94 4621 219 4684 ἑνὸς
266 4620 461 4689 μέλους
500 4618 797 4687 ἀλγοῦντος
833 4619 953 4672 ὅλον
996 4624 1243 4674 κοινωνεῖ
1272 4622 1371 4693 τῆς
1399 4622 1592 4695 ὀδύνης
1630 4626 1692 4679 τὸ

92 4712 288 4783 σῶμα,
319 4711 522 4775 παντὸς
542 4713 949 4783 ταραττομένου
975 4712 1069 4766 τοῦ
1090 4712 1345 4785 σώματος
1370 4716 1490 4781 πῶς
1516 4718 1693 4771 ἔνεστι

98 4807 179 4877 μὴ
208 4805 467 4877 θρηνεῖν;
511 4804 802 4859 Ἐπιτείνει
830 4804 886 4857 δὲ
926 4806 1189 4876 ήμῖνίτὴν
1234 4806 1473 4878 ἀθυμίαν
1512 4810 1572 4863 τὸ
1606 4828 1693 4863 νο-

100 4882 285 4969 μίζεὶν
319 4894 459 4951 εἶναι
487 4894 661 4950 ταῦτα
703 4896 803 4967 τῆς
844 4897 1143 4962 παντελοῦς
1183 4898 1524 4964 ἀποστασίας
1558 4918 1693 4971 προ-

95 4990 302 5059 Οεμιον,
357 4986 618 5054 Εὐξάσθω
673 4987 855 5041 τοίνυν
914 4990 949 5058 ή
1006 4987 1291 5044 θεοσέϐειά
1336 5008 1452 5057 σου,
1502 4995 1693 5063 εἰμὲν

95 5080 277 5135 ταῦτα
299 5078 472 5145 οὕτως
498 5078 634 5149 ἔχει,
668 5080 764 5147 τῆς
792 5078 940 5143 θείας
968 5080 1115 5151 ἡμᾶς
1139 5080 1462 5153 ἐπικουρίας
1483 5087 1691 5155 τυχεῖν,

100 5173 190 5224 ἵνα
225 5168 546 5239 δυνηθῶμεν
575 5188 591 5220 ι
625 5169 961 5239 ἀντιστῆναι,
988 5172 1130 5225 κατά
1157 5172 1247 5225 τὸν
1274 5172 1416 5227 θεῖον
1445 5174 1696 5229 Ἀπόστο-

98 5265 216 5327 λον,
251 5266 319 5333 τῇ
340 5264 525 5333 ήμέρᾳ
553 5263 619 5333 τῇ
644 5264 873 5334 πονηρᾷ.
922 5282 937 5314 ι
992 5263 1138 5337 Εί-δέ
1162 5281 1247 5329 τις
1280 5267 1472 5337 χρόνος
1501 5268 1696 5324 ὐπολέ-

102 5356 325 5408 λειπται
349 5356 414 5425 τῇ
441 5352 533 5407 τοῦ
566 5353 677 5425 (41)
713 5354 829 5424 βίου
863 5334 1140 5421 συστάσει,
1175 5334 1403 5427 λυθῆναι
1447 5358 1537 5411 τὸν
1566 5360 1697 5413 κλύ-

102 5448 269 5509 δωνα,
320 5447 413 5497 καὶ
466 5446 566 5516 τὴν
623 5446 896 5517 προτέραν
940 5446 1181 5519 γαλήνην
1227 5448 1326 5509 τὰς
1368 5449 1699 5523 Ἐκκλησίας

100 5535 423 5589 ἀπολαϐεῖν
486 5536 571 5591 ἴνα
630 5537 705 5609 μὴ
761 5540 1108 5593 ὲπιπλείστον
1179 5542 1227 5593 οἱ
1284 5541 1382 5612 τῆς
1441 5542 1695 5613 ἀληθείας

105 5626 297 5699 ἐχθροὶ
323 5629 445 5693 τατς
474 5628 772 5701 ἡμετέραις
805 5632 1220 5701 ἐπαγάλλωνται
1256 5637 1581 5707 συμφοραῖς.

183 5764 228 5797 ³³
259 5765 460 5835 Ephes.
503 5783 578 5830 vt,
622 5768 705 5821 ιδ.

182 5885 295 5959 (ri!)
326 5884 478 5940 τοῦδε
516 5884 681 5955 Neap.

1780 635 1907 675 cere
1948 626 2238 673 conantur.
2278 617 2481 687 Accipe
2520 631 2652 688 ergo
2695 614 3096 687 defensionem,
3130 612 3215 667 vir
3243 615 3378 669 mihi

1779 707 2117 773 venerande,
2143 714 2201 761 et
2229 706 2297 761 da
2331 707 2569 771 veniam,
2597 705 2999 777 epistolamque
3041 704 3220 767 mitte,
3256 718 3382 775 qua

1780 802 1849 859 de
1876 800 2253 857 incolumitate
2281 806 2373 854 tua
2399 798 2672 854 certiores
2695 813 2796 853 nos
2821 796 3007 853 iaciat.

2154 1031 2317 1086 LXII.
2349 1062 2418 1071 -—
2443 1031 2644 1086 Joanni
2678 1030 2999 1103 presbytero.
3065 1104 3071 1110 _

1855 1121 2040 1178 Vivens
2090 1123 2231 1189 late,
2265 1123 2405 1177 dixit
2450 1121 2726 1193 quispiam
2768 1136 2837 1176 ex
2874 1122 2943 1177 iis
2970 1120 3065 1191 qui
3102 1120 3382 1191 sapientes

1779 1214 1913 1267 olim
1965 1225 2094 1269 sunt
2146 1216 2426 1286 appellati.
2480 1214 2658 1281 Quam
2715 1228 2819 1285 ego
2868 1212 3199 1269 sententiam
3253 1227 3381 1268 eum

1778 1304 2123 1373 probassem,
2171 1306 2340 1360 verba
2385 1304 2544 1360 factis
2567 1302 2897 1359 confirmare
2926 1302 3182 1357 institui.
3234 1301 3384 1359 Nihil

1781 1396 1931 1451 enim
1984 1397 2210 1452 absurdi
2262 1397 2445 1452 facere
2496 1413 2583 1453 me
2631 1395 2968 1461 existimavi,
3015 1396 3060 1452 si
3102 1396 3270 1452 etiam
3313 1396 3385 1451 ab

1780 1489 1906 1545 aliis
1947 1505 2163 1544 sumam
2210 1490 2357 1561 quod
2407 1489 2542 1544 utile
2584 1497 2690 1544 est.
2728 1488 2863 1543 Nam
2902 1496 2959 1544 et
3005 1505 3137 1559 apes
3173 1489 3383 1552 ferunt.

1778 1598 1891 1637 non
1915 1598 1983 1637 ex
2013 1582 2079 1639 iis
2108 1583 2274 1638 modo
2298 1598 2421 1653 qua:
2446 1578 2565 1637 esui
2592 1588 2743 1647 sunt,
2769 1580 2865 1636 sed
2890 1596 2958 1636 ex
2983 1581 3188 1635 amaris
3214 1580 3384 1635 etiam

1780 1673 1970 1729 herbis
2017 1684 2074 1729 et
2121 1675 2273 1730 favos
2315 1675 2710 1745 colligere,let
2753 1672 2973 1729 dulcem
3034 1688 3219 1727 rorem
3250 1672 3386 1727 h‘au-

1779 1760 1917 1819 rire.’
1945 1765 2065 1819 Vidi
2102 1775 2158 1821 et
2190 1766 2327 1835 ipse,
2359 1782 2485 1821 eum
2534 1765 2590 1820 in
2633 1764 2781 1821 saxis
2821 1763 3137 1820 infecundis
3179 1762 3386 1819 inside-

1781 1866 1924 1919 rent,
1964 1868 2019 1913 et
2049 1858 2310 1929 exiguum
2344 1858 2634 1911 humorem
2666 1856 3000 1911 delibarent.
3040 1855 3161 1923 Quo
3191 1856 3384 1925 utique

1780 1949 1985 2020 justius
2022 1958 2127 2014 est,
2152 1964 2249 2005 eos
2285 1949 2380 2020 qui
2411 1948 2626 2004 ratione
2654 1934 2869 2019 praediti
2901 1956 3052 2011 sunt,
3086 1946 3383 2003 utilitatem

1785 2042 2155 2111 undecunque
2200 2041 2521 2113 decerpere.
2566 2041 2682 2113 Ego
2724 2052 2896 2106 certe,
2934 2051 2997 2097 ut
3038 2041 3175 2105 dixi,
3209 2040 3385 2095 latere

1784 2132 2003 2197 studeo,
2043 2140 2101 2187 et
2132 2132 2320 2202 quiete
2363 2146 2428 2187 ac
2468 2130 2693 2186 silentio
2726 2146 2839 2201 pne
2869 2129 3084 2201 1115
3123 2128 3384 2185 omnibus

1784 2223 2049 2278 delector.
2107 2221 2351 2283 Rediens
2407 2229 2593 2276 autem
2636 2235 2816 2292 nuper
2862 2235 2928 2276 ex
2977 2219 3155 2291 patria
3200 2227 3383 2275 vestra

1782 2314 2234 2386 religiosissimus
2302 2314 2593 2385 presbyter
2661 2312 2977 2377 Eusebius,
3046 2319 3387 2367 conventum

1784 2407 2077 2479 quemdam
2126 2408 2272 2478 apud
2303 2423 2402 2462 vos
2432 2407 2637 2462 factum
2664 2406 2936 2470 narravit,
2971 2414 3137 2475 atque
3178 2401 3233 2459 in
3269 2419 3387 2459 ser-

1786 2513 1947 2553 mone
2002 2499 2263 2568 quodam,
2309 2513 2433 2553 cum
2483 2497 2551 2552 de
2600 2511 2689 2552 me
2731 2498 2897 2553 etiam
2945 2498 3118 2553 verba
3163 2495 3383 2558 ﬁerent,

1785 2590 2147 2645 honorificam
2177 2607 2207 2645 a
2236 2590 2439 2661 pietate
2474 2600 2564 2645 tua
2606 2590 2675 2644 de
2714 2604 2834 2645 mea
2866 2592 3137 2660 parvitate
3183 2586 3386 2641 factam

1784 2698 1906 2740 esse
1955 2684 2321 2739 mentionem.
2384 2681 2543 2737 Unde
2594 2680 3079 2753 ingratum‘atque
3118 2679 3386 2750 iniustum

1785 2778 1903 2833 fore
1945 2779 2158 2843 censui,
2194 2778 2245 2834 ei
2279 2777 2376 2849 qui
2422 2778 2684 2848 praeclare
2708 2787 2763 2833 et
2801 2777 3034 2831 honeste
3065 2776 3239 2831 nostri
3266 2789 3387 2859 me-

1786 2871 2017 2927 minerit
2045 2871 2195 2941 paria
2224 2886 2334 2925 non
2364 2869 2594 2926 referre.
2621 2870 2739 2925 Etsi
2776 2869 2925 2924 enim
2964 2867 3127 2922 laude
3157 2867 3389 2938 dignum

1786 2963 1927 3017 nihil
1947 2962 2180 3034 egimus,
2206 2976 2402 3017 eorum
2432 2973 2617 3017 tamen
2638 2963 2731 3032 qui
2761 2962 2841 3016 sic
2870 2959 3117 3020 laudant,
3144 2968 3389 3014 mentem

1786 3062 1844 3110 et
1867 3054 2160 3111 consilium
2189 3056 2543 3126 suspicimus.
2581 3054 2880 3111 Charitatis
2907 3053 3055 3108 enim
3084 3062 3275 3123 partus
3303 3061 3395 3108 est

1790 3146 2108 3219 hujnsmodi
2155 3147 2421 3202 laudatio.
2465 3146 2656 3203 Saluto
2698 3147 2865 3218 igitur
2903 3145 3164 3216 pietatem
3214 3153 3386 3207 lnam,

1710 3253 1753 3311 ο
1788 3240 2104 3296 litterarum
2140 3238 2397 3294 ministro
2422 3246 2588 3295 utens
2618 3240 2733 3303 illo,
2768 3239 2863 3308 qui
2907 3250 3000 3293 tua
3026 3238 3145 3292 sine
3184 3238 3393 3307 scripto

1789 3335 1982 3397 verba,
2016 3349 2139 3403 qua:
2170 3333 2237 3388 de
2273 3332 2435 3389 nobis
2464 3332 2762 3396 habueras,
2789 3346 2968 3401 nuper
3000 3330 3067 3385 ad
3100 3345 3201 3385 nos
3228 3328 3391 3385 detu-

1792 3426 1876 3481 lit.
1928 3425 2011 3480 Tu
2059 3442 2194 3481 vero
2240 3437 2498 3496 suscepta
2548 3424 2803 3495 epistola,
2844 3424 2939 3479 Dei
2987 3422 3389 3487 amantissime,

1791 3516 2007 3571 litteras
2042 3514 2249 3571 litteris
2276 3514 2468 3571 redde.
2512 3513 2649 3568 Nam
2683 3513 2849 3568 verba
2879 3520 2935 3567 tu
2971 3509 3197 3580 quidem
3235 3511 3391 3579 prior

1794 3608 2095 3677 usurpasti,
2127 3622 2231 3677 ego
2260 3621 2394 3661 vero
2437 3605 2677 3669 litteras,
2712 3614 2769 3660 et
2812 3620 2911 3675 pro
2948 3603 3135 3658 verbis
3176 3602 3392 3658 litteras

1796 3700 2015 3754 reddidi
2063 3716 2075 3752 :
2122 3706 2298 3754 restat
2335 3714 2484 3755 nunc
2517 3714 2650 3770 ergo
2694 3708 2754 3754 ut
2815 3705 2871 3752 tu
2912 3709 3132 3768 quoque
3179 3694 3395 3751 litteras

1792 3792 1996 3847 litteris
2028 3805 2377 3861 compenses.

2251 3905 2436 3961 LXIII.
2466 3936 2535 3947 —-
2567 3904 2899 3977 Heortasticq
2914 3944 2926 3956 .

1867 3997 2003 4055 Aliis
2042 3996 2267 4069 quidem
2310 3997 2423 4053 diei
2470 3996 2593 4076 festi
2628 3995 2790 4051 bonis
2823 3994 2892 4049 de
2920 4011 3069 4049 more
3106 3992 3263 4064 potiti
3302 4007 3397 4044 su-

1794 4106 1940 4147 mus.
1972 4089 2109 4145 Nam
2150 4098 2208 4146 et
2230 4080 2510 4157 salutaris
2559 4090 2833 4159 passionis
2874 4087 3197 4142 memoriam
3243 4085 3391 4139 cele-

1794 4184 2100 4249 bravimus,
2125 4193 2177 4239 et
2206 4199 2306 4254 per
2332 4183 2673 4237 Dominicam
2707 4180 3168 4237 resurrectionem
3197 4180 3210 4194 ‘
3238 4192 3389 4231 com-~

1796 4275 1984 4330 munis
2027 4274 2457 4330 resurrectionis
2486 4273 2771 4344 evangelia
2805 4272 3172 4341 suscepimus,
3203 4268 3383 4321 ineffa-

1795 4367 2219 4436 bilemque‘Dei
2270 4374 2327 4419 et
2380 4364 2692 4421 Servatoris
2758 4363 2933 4419 nostri
2988 4361 3389 4417 humanitatem

1798 4460 2057 4515 laudibus
2102 4458 2403 4513 extulimus
2450 4477 2462 4511 :
2505 4472 2700 4512 verum
2750 4456 3121 4511 Ecelesiairnm
3166 4453 3392 4519 agitatio

1798 4549 2015 4603 sincera
2060 4564 2162 4601 nos
2206 4548 2395 4602 laetitia
2438 4546 2645 4617 perfrui
2700 4561 2809 4599 non
2858 4546 3131 4614 permisit.
3176 4542 3391 4598 Etenim

1797 4642 1842 4696 si
1892 4641 2113 4695 dolente
2176 4655 2287 4693 uno
2323 4640 2573 4693 membro
2626 4647 2801 4691 totum
2856 4650 3058 4703 corpus
3118 4635 3390 4695 turbatur,

1797 4736 1892 4805 qui
1915 4734 1995 4787 fas
2014 4741 2099 4788 est
2123 4750 2232 4787 non
2261 4733 2482 4803 lugere?
2511 4731 2687 4802 Auget
2710 4746 2842 4784 vero
2871 4737 2925 4781 et
2955 4727 3192 4781 intendit
3222 4728 3395 4781 tristi~

1799 4827 1931 4880 tiam
1976 4836 2241 4887 nostram,
2276 4823 2423 4895 quod
2468 4823 2686 4877 initium
2730 4822 2829 4876 ista
2866 4828 3129 4890 putentur
3157 4834 3277 4899 esse
3308 4819 3395 4899 in-

1796 4926 1965 4989 tegr-.2
1999 4925 2055 4972 et
2090 4918 2357 4972 absoluta:
2379 4914 2728 4971 defectionis.
2769 4912 3036 4980 Quocirca
3070 4918 3191 4965 oret
3223 4897 3398 4979 pietas

1800 5019 1914 5074 tua,
1962 5009 2009 5064 si
2064 5008 2287 5079 quidem
2341 5009 2459 5063 haec
2510 5007 2582 5060 ita
2642 5020 2701 5060 se
2761 5004 2988 5065 habent,
3034 5010 3106 5064 ut,
3147 4998 3396 5053 divinum

1806 5103 2023 5173 1116
2040 5101 2306 5155 auxilium
2340 5100 2734 5170 adipiscamur,
2771 5111 2882 5166 quo
2913 5093 3214 5165 possimus,
3246 5091 3395 5161 quod

1804 5194 1880 5247 ait
1917 5193 2236 5262 Apostolus,
2265 5210 2282 5243 ‹
2314 5180 2574 5246 resistere
2598 5189 2650 5245 in
2677 5190 2765 5244 die
2791 5188 2934 5242 malo
2960 5186 3055 5239 ³ο.»
3086 5184 3181 5240 Sin
3209 5194 3396 5239 autem

1806 5286 2079 5356 reliquum
2120 5285 2343 5355 aliquod
2369 5293 2453 5339 cst
2486 5294 2704 5353 tempus
2735 5281 2804 5337 ad
2832 5297 2921 5336 res
2958 5276 3393 5337 constituendas,

1806 5388 1870 5433 ut
1904 5377 2127 5433 sedetur
2162 5387 2480 5447 tempestas,
2514 5386 2571 5431 et
2604 5374 2895 5446 pristinam
2943 5369 3397 5441 tranquillitatem

1805 5474 2065 5529 Ecclesia:
2097 5473 2387 5545 recipiant,
2428 5488 2497 5526 ne
2526 5470 2779 5527 veritatis
2812 5469 3000 5527 bestcs
3026 5465 3092 5522 de
3120 5460 3400 5523 calamita-

1803 5566 1954 5621 tibus
1982 5565 2187 5621 nostris
2216 5553 2510 5621 exsultent.

4040 76 4057 91 ξ

4051 107 4060 118 .‘I

4040 240 4041 247 η

4040 260 4047 281 ‘.

4040 304 4051 313 .

4042 346 4055 373 ἐς

4075 517 4080 542 ζ

4093 559 4100 576 Ι

4075 579 4100 614 is

4077 635 4100 652 ι..

4077 659 4100 684 II

4075 681 4100 726 l;

4087 737 4099 756 τ

4081 817 4100 848 ἐ

4083 853 4100 884 ἒ

4081 899 4096 906 ..

4089 929 4096 936 .

4085 947 4096 954 .

4095 1007 4100 1020 I

4081 1085 4096 1104 τ

4087 1173 4096 1184 ﬁ

4083 1191 4100 1218 ι,

4089 1223 4100 1250 ,ὁ

4062 1272 4065 1287 Ι

4101 1493 4116 1502 ε

4100 1540 4114 1568 μ

4120 2312 4123 2321 .

4125 2957 4130 2964 .

4120 2986 4127 2999 Γ

4127 3057 4134 3066 .

4120 3172 4125 3181 ι

4120 3352 4131 3359 .

4120 3388 4127 3397 ,

4128 3438 4131 3445 .

4120 3528 4125 3537 .

4128 3680 4135 3687 .

4137 3811 4140 3822 Ι

4120 3860 4137 3885 ἰ

4305 4925 4312 4936 ³

4303 5107 4314 5146 ἐ

4303 5205 4314 5214 .

4303 5257 4312 5268 Ιι

4312 5298 4317 5313 ἱ

4140 5472 4145 5481 ι

4278 5546 4279 5555 η
