4078 6320
124 338 281 407 I237

673 461 793 516 32’.
822 490 892 501 ——
916 460 1186 530 Μιιράνᾳ.

217 570 321 623 Σὺν
358 569 460 640 μιν
490 570 674 644 ἔργον,
702 567 751 629 ὦ
784 573 996 646 ἄριστε,
1039 575 1100 631 τὸ
1144 576 1242 630 καὶ
1274 577 1401 641 τοὺς
1428 573 1627 639 ἄλλους
1655 575 1735 638 εἰς

119 660 247 727 τὴν
288 661 395 715 τῶν
430 664 725 731 ἑγκαινίων
765 668 1073 739 πανήγυριν
1104 669 1312 723 καλεῖν.
1346 667 1444 721 Ἐκ
1486 667 1597 737 γὰρ
1634 667 1735 745 τῆς

134 753 251 823 σῆς
282 755 515 826 σπουδῆς
551 772 610 808 τε
641 756 737 811 καὶ
773 757 1083 830 προθυμίας
1118 758 1215 814 καὶ
1250 759 1282 811 ό
1312 757 1456 822 θεῖος
1494 757 1737 829 ἰδομήθη

137 844 344 914 σηκὸς,
376 848 470 899 καὶ
509 848 557 900 οί
601 848 980 919 μεγαλόφωνοι
1028 850 1129 919 τῆς
1175 848 1435 922 ἀληθείας
1470 848 1733 918 ἀφίκοντο

135 936 395 1007 κήρυκες
419 938 467 990 ot
494 937 680 993 τοῦτον
708 940 1042 1011 οἰκήσοντες,
1066 939 1162 994 καὶ
1184 940 1311 1004 τοὺς
1340 939 1547 1003 πιστῶς
1572 955 1740 1010 προσ-

138 1024 338 1088 ιόντας
364 1028 792 1099 φρουρήσοντες.
828 1028 1031 1100 Γράφω
1050 1027 1108 1081 δὲ
1140 1028 1290 1099 ὅμως
1328 1027 1612 1100 σημαίνων
1638 1029 1739 1100 τῆς

136 1113 346 1186 ἑορτῆς
374 1116 465 1170 τὸν
495 1117 705 1188 καιρόν.
770 1130 775 1137 ‘
980 1140 985 1143 ·
1672 1134 1679 1141 ’

648 1228 775 1285 ΞΠ,
796 1260 867 1271 ——
900 1230 1242 1302 Ἐπιφανίῳ.

234 1336 568 1413 Ἐϐουλόμην
610 1342 685 1413 μὴ
731 1341 892 1414 μόνον
932 1343 1009 1409 ὡς
1051 1345 1296 1413 πολίτας,
1337 1347 1476 1402 ἀλλὰ
1524 1347 1621 1402 καὶ
1663 1346 1741 1413 ὡς

137 1431 487 1501 όμοπίστους
521 1436 667 1504 ὑμᾶς
697 1434 794 1489 καὶ
813 1436 1178 1509 όμοσκήνους,
1204 1440 1286 1502 είς
1314 1439 1413 1509 τὴν
1434 1438 1544 1493 τῶν
1569 1439 1741 1509 άγίων

141 1522 469 1579 ἀποστόλων
520 1526 613 1580 καὶ
659 1527 964 1599 προφητῶν
1011 1528 1351 1598 συγκαλέσαι
1409 1531 1739 1602 πανήγυριν·

142 1615 275 1669 ἀλλ’
299 1616 400 1671 οὐκ
423 1619 488 1690 id
517 1618 577 1672 τὸ
603 1619 703 1690 τῆς
730 1619 1051 1692 προλήψεως
1073 1620 1265 1686 πάθος.
1294 1615 1370 1677 Οὐ
1391 1623 1457 1694 δὴ
1485 1623 1649 1695 χάριν
1670 1622 1742 1677 τὰ

140 1706 259 1776 τῆς
276 1708 609 1781 ἐνεγκούσης
641 1710 781 1781 μόνα
802 1710 1179 1783 προϐάλλομαι
1210 1711 1416 1775 δίκαια.
1442 1714 1537 1768 καὶ
1570 1730 1739 1784 παραο

1486 314 1852 407 mst
1887 347 2096 409 LXIX.

3291 350 3434 415 l‘Ble

2346 460 2552 516 LXVII.
2587 492 2654 501 ——
2678 460 2940 516 Μαι-απαξ.

1909 573 2039 628 Tuae
2060 573 2306 643 quidem,
2332 576 2420 629 vir
2441 574 2670 646 optime,
2705 582 2891 645 partes
2918 582 3077 630 erant
3100 574 3266 629 etiam
3292 574 3431 631 alios

1838 666 1907 721 ad
1929 665 2299 722 dedicationis
2328 667 2709 722 celebritatem
2740 680 2941 721 vocare
2968 683 2979 717 :
3019 674 3114 720 tuo
3151 664 3436 734 siquidem

1838 757 2026 814 studio
2042 772 2108 813 ac
2125 757 2411 828 diligentia
2443 765 2499 813 et
2521 756 2773 812 divinum
2798 756 3065 827 templum
3092 754 3441 814 aediﬁcatum

1838 855 1945 915 est,
1973 857 2030 905 et
2057 847 2355 904 clarissimi
2386 848 2640 906 veritatis
2672 861 2954 918 praecones
2968 855 3264 909 venerunt,
3290 854 3351 901 ut
3376 846 3433 900 iu

1840 941 1937 996 illo
1976 939 2253 1005 habitent,
2305 939 2658 1017 ﬁdeliterque
2699 938 3032 995 accedentes
3084 937 3433 995 custodiant.

1840 1033 2095 1089 Attamen
2115 1032 2336 1104 scripsi,
2368 1041 2427 1089 et
2451 1033 2768 1090 festivitatis
2798 1042 3016 1105 tempus
3046 1031 3378 1105 signiﬁcavi.

2258 1262 2263 1265 ι
2305 1229 2541 1288 LXVIII.
2571 1258 2641 1269 —-
2664 1227 2996 1300 Epiphanio.

1918 1344 2122 1401 Vellem
2151 1357 2254 1415 ego
2278 1357 2391 1399 non
2419 1343 2603 1399 solum
2635 1350 2697 1399 ut
2728 1342 2927 1407 civem,
2958 1355 3152 1397 verum
3182 1340 3349 1396 etiam
3375 1347 3441 1395 ut

1846 1435 1973 1491 lldei
1995 1442 2308 1491 consortem
2347 1443 2404 1490 et
2424 1434 2906 1499 contubernalem,
2942 1442 2993 1489 te
3017 1432 3085 1488 ad
3114 1442 3436 1489 sanctorum

1843 1527 2217 1597 apostolorum
2250 1535 2311 1581 et
2358 1526 2762 1597 prophetarum
2803 1525 3189 1581 celebritatem
3229 1538 3437 1579 convo-

1844 1632 2002 1683 care;
2031 1618 2127 1673 sed
2158 1632 2268 1673 non
2293 1618 2504 1688 patitur
2525 1618 2842 1689 anticipata:
2868 1617 3150 1688 opinionis
3179 1608 3435 1672 aﬂ'cctus.

1843 1707 2212 1775 Quamobrem
2250 1708 2366 1763 sola
2397 1708 2591 1779 patria:
2622 1710 2749 1780 jura
2797 1707 3064 1772 obtendo,
3098 1707 3115 1727 ‘
3150 1714 3208 1760 et
3247 1716 3357 1758 orer
3380 1709 3441 1757 ut

147 1800 313 1854 καλῶ
366 1799 469 1872 τῆς
519 1802 844 1875 ἀξιεράστου
903 1803 1013 1859 τῶν
1064 1806 1239 1874 ἁγίων
1289 1806 1603 1860 ἀποστόλων
1650 1806 1745 1860 καὶ

1855 1798 2141 1854 amabilem
2193 1806 2514 1855 sanctorum
2554 1802 2929 1870 apostolorum
2958 1809 3013 1855 et
3040 1798 3445 1875 prOphctarum

148 1891 455 1961 προφητῶν
517 1894 845 1964 μεταλαχεῐν
896 1893 1169 1963 εὐλογίας.
1224 1896 1443 1969 Ταύτην
1489 1898 1601 1969 γὰρ
1643 1900 1744 1969 τὴν

153 1982 468 2054 μετάληψιν
491 1984 719 2057 οὐδεμία
751 1986 953 2041 κωλύει
971 1986 1229 2058 διχόνοια.

638 2086 641 2087 ν
663 2096 782 2152 ΞΘ.
810 2127 882 2138 -
915 2099 1245 2169 Εὐγραφίᾳ.

233 2207 298 2264 Et
330 2210 405 2281 μή
434 2226 503 2280 με
534 2210 603 2265 τά
626 2210 726 2281 τῆς
747 2210 993 2283 ἀνάγκης
1027 2214 1243 2282 κατεῖχε
1268 2211 1465 2282 δεσμά,
1496 2213 1658 2277 εὐθὺς
1681 2213 1748 2268 ἂν

152 2300 417 2372 ἔδραμον,
447 2299 547 2373 τὴν
576 2302 833 2375 κοίμησιν
860 2303 1023 2372 γνοὺς
1050 2301 1147 2357 τοῦ
1179 2302 1632 2376 μεγαλοπρεποῦς
1654 2304 1751 2359 καὶ

152 2394 411 2465 ἀοιδίμου
457 2395 730 2466 ὁμοζύγου
780 2397 880 2469 τῆς
922 2399 1025 2469 σῆς
1093 2397 1547 2468 θαυμασιότητος.
1603 2400 1751 2470 Παμ-

155 2485 366 2551 πόλλας
418 2485 527 2558 γὰρ
583 2489 714 2560 ύμίν
757 2487 954 2559 ὀφείλω
1005 2490 1256 2563 χάριτας,
1307 2490 1587 2560 διαφόρως
1640 2491 1751 2564 ἰγῲ

157 2575 516 2645 παντοδαπῆς
537 2578 705 2649 τιμῆς
726 2580 857 2648 παρ’
882 2577 1037 2648 ὐμῶν
1059 2578 1396 2641 ἀπολαύσας.
1446 2578 1666 2650 Ἐπειδὴ
1692 2578 1751 2633 δι

156 2668 317 2721 ἄκων
340 2667 622 2739 ἐκωλύθην
658 2667 956 2724 ἀποδοῦναι
1001 2668 1063 2723 τδ
1096 2668 1276 2741 χρέος,
1320 2669 1522 2724 ἄτοπον
1562 2668 1752 2741 ᾠήθην

160 2758 476 2829 γράμματα
532 2758 749 2829 πέμψαι
806 2759 1153 2832 παρ”αὐτὴν
1210 2759 1309 2831 τὴν
1368 2759 1463 2813 τοῦ
1522 2760 1753 2825 πένθους

162 2851 378 2920 ἀκμὴν.
404 2848 529 2904 οὐτε
551 2849 644 2903 τοῦ
668 2852 1135 2922 γραμματοφόρου
1158 2855 1435 2923 συντυχεῖν
1456 2852 1752 2922 δυναμένου

161 2944 239 3013 τῇ
270 2943 680 3015 σεμνοπρεπείᾳ
716 2946 781 3014 τῇ
808 2946 899 3015 σῇ,
934 2942 1057 2996 οὐτε
1091 2945 1190 3014 τῆς
1215 2943 1408 3014 ὀδύνης
1436 2944 1753 3021 συγχωρού-

164 3050 272 3104 σης
298 3036 411 3099 τοῖς
430 3034 755 3107 γράμμασιν
783 3038 1048 3107 ἐντυχεῖν.
1103 3035 1210 3090 Τοῦ
1240 3036 1297 3091 δὲ
1335 3037 1602 3107 λογισμοῦ
1643 3038 1755 3091 λοι-

1848 1890 2291 1947 benedictionem
2318 1890 2575 1947 sortiare.
2595 1891 2750 1947 lianc
2773 1891 2923 1946 enim
2948 1890 3439 1975 participationem

1849 1982 2000 2037 nulla
2031 1983 2292 2052 prohibet
2314 1983 2717 2038 sententiarum
2747 1982 3044 2038 dissensio.

2313 2091 2501 2148 LXIX.
2536 2125 2607 2133 —
2635 2094 2976 2167 Eugraphia'.

1865 2192 1871 2197 ’
1920 2203 2037 2259 Nisi
2060 2219 2145 2260 me
2179 2204 2528 2261 necessitatis
2562 2205 2784 2263 vincula
2822 2207 3207 2288 retinuissent,
3244 2196 3445 2264 accuré

1851 2295 2050 2351 rissem
2078 2311 2111 2352 e
2138 2296 2371 2368 vestigio
2399 2295 2566 2352 simul
2607 2312 2675 2352 ac
2714 2296 2785 2354 de
2824 2298 3101 2370 magnifici
3133 2306 3191 2353 et
3214 2296 3444 2369 gloriosi

1852 2386 2103 2458 conjugis
2132 2388 2208 2442 tui
2235 2386 2568 2443 dormitione
2593 2388 2846 2460 cognovi.
2878 2388 3151 2444 Plurimas
3169 2388 3318 2458 enim
3342 2403 3437 2444 vo-

1851 2478 1943 2534 bis
1960 2477 2139 2533 debeo
2163 2479 2389 2551 gratias,
2404 2481 2556 2535 omni
2582 2496 2613 2534 a
2639 2480 2800 2536 vobis
2824 2481 3055 2538 honoris
3077 2497 3279 2552 genere
3297 2482 3447 2537 mul-

1855 2569 2093 2625 tifariam
2130 2571 2471 2627 cumulatus.
2504 2571 2642 2627 Cum
2681 2582 2889 2639 autem,
2923 2573 3224 2644 quominus
3262 2574 3447 2648 ,debi-

1854 2670 1973 2716 tum
2010 2662 2300 2717 redderem
2323 2704 2338 2727 ,
2371 2663 2583 2719 invitus
2610 2664 2842 2720 fuissem
2878 2665 3213 2729 retardatus,
3245 2664 3458 2721 absure

1854 2752 1985 2808 dum
2011 2753 2141 2809 duxi
2179 2755 2284 2810 sub
2316 2755 2497 2826 ipsum
2527 2757 2714 2812 luctus
2755 2757 3021 2828 impetum
3050 2758 3267 2813 litteras
3288 2757 3446 2822 dare,

1855 2846 2077 2916 quando
2102 2862 2206 2902 nec
2246 2847 2535 2902 tabellario
2576 2848 2780 2917 alloqui
2820 2849 3150 2919 gravitatem
3187 2858 3338 2904 tuam
3377 2848 3455 2904 li-

1856 2946 2041 3001 ceret,
2095 2953 2200 2992 nec
2236 2937 2462 2993 litteras
2498 2939 2685 3008 legere
2733 2938 2893 2994 dolor
2956 2939 3329 3009 permitteret.
3378 2938 3455 2994 At

1857 3035 2147 3098 postquam
2191 3028 2393 3083 rationi
2442 3028 2660 3099 1119
2700 3028 2856 3084 locus
2890 3027 3055 3085 datus
3096 3038 3182 3085 est
3249 3027 3459 3100 resipi-

159 3124 273 3176 πδν
295 3123 480 3201 χώραν
505 3125 801 3196 ἐσχηκότος
829 3125 1128 3197 ἀνανῆψαι,
1160 3127 1253 3181 καὶ
1283 3127 1447 3195 ἄγξαι
1476 3129 1538 3180 τὸ
1562 3127 1752 3193 πόθος,

1861 3120 2077 3183 scendi,
2115 3120 2435 3190 dolorisque
2462 3121 2890 3191 comprimendi,
2912 3132 2971 3177 ct
2990 3121 3453 3206 immoderatLlu-

160 3213 268 3267 καὶ
306 3214 533 3268 κολάσαι
564 3214 659 3268 τοῦ
700 3215 933 3279 πένθους
980 3217 1080 3286 τὴν
1131 3216 1423 3287 ἀμετρίαν,
1473 3216 1755 3287 ἐθάρρησα

160 3293 399 3374 γράψαι,
437 3305 533 3358 καὶ
581 3305 680 3377 τὴν
734 3306 835 3376 σὴν
884 3306 1268 3376 παρακαλέσαι
1312 3307 1758 3378 θαυμασιότητα.

163 3396 272 3450 καὶ
292 3397 393 3467 τὴν
418 3396 764 3467 ἀνθρωπείαν
790 3397 951 3466 φύσιν
970 3400 1215 3470 ὲπεσκεμ
1224 3400 1416 3470 μένην,
1446 3399 1539 3452 καὶ
1558 3400 1618 3453 τὸ
1641 3417 1755 3453 κοτ-

173 3484 264 3536 δὸν
312 3486 406 3539 τοῦ
463 3486 671 3550 πάθους
714 3476 1092 3558 λογιζομένην,
1134 3490 1228 3542 καὶ
1270 3490 1405 3559 πρὸς
1436 3488 1648 3552 τούτοις
1690 3490 1758 3544 τὰ

165 3576 294 3628 θεία
334 3572 792 3648 πεπαιδευμένην,
830 3577 1101 3648 μετρῆσαι
1147 3580 1213 3648 τῇ
1259 3578 1441 3631 πίστει
1489 3577 1587 3649 τὴν
1622 3577 1758 3633 άθυ-

168 3665 326 3735 μίαν.
375 3667 449 3719 Οὐ
508 3666 619 3739 γὰρ
667 3668 937 3722 ἀπέθανεν
990 3671 1018 3722 ό
1075 3669 1257 3724 πάντα
1289 3670 1512 3740 ἄριστος
1551 3670 1760 3732 ἐκεῖνος

166 3755 337 3826 ἀνὴρ,
373 3757 515 3809 κατὰ
560 3757 661 3830 τὴν
707 3759 802 3812 τοῦ
854 3758 1062 3831 Κυρίου
1098 3761 1305 3831 φωνὴν,
1340 3761 1477 3815 ἀλλὰ
1510 3761 1759 3816 καθεύδει

167 3844 346 3901 ὕπνον
374 3849 469 3902 τοῦ
495 3849 763 3922 συνήθους
792 3852 1149 3923 μακρότερον.
1178 3852 1396 3923 Ταύτην
1426 3853 1536 3925 γὰρ
1571 3854 1701 3924 ἡμῖν
1731 3854 1760 3907 ὁ

167 3939 453 4011 Δεσπότης
480 3940 649 3995 ἔδωκε
673 3941 771 4013 τὴν
795 3942 1004 3995 ἐλπίδα·
1022 3943 1226 4007 ταύτην
1254 3945 1318 3997 ἐκ
1338 3944 1457 3998 τῶν.
1477 3945 1638 3998 θείων
1657 3947 1762 4000 Λο-

168 4027 312 4097 γίων
364 4030 662 4101 δεδέγμεθα
708 4032 808 4102 τὴν
851 4032 1166 4104 ὑπόσχεσιν.
1204 4030 1335 4089 Οἶδα
1379 4036 1478 4106 μὲν
1532 4029 1646 4100 οὖν,
1685 4036 1763 4101 ὡς

170 4119 404 4190 ἀνιαρὸν
428 4122 465 4195 6_
484 4121 783 4191 χωρισμὸς,
815 4123 910 4177 καὶ
933 4124 1054 4177 λίαν
1084 4124 1330 4197 ἀνιαρὸν,
1361 4128 1456 4180 καὶ
1477 4125 1761 4197 διαφερόν-

169 4221 288 4267 τως
308 4206 437 4261 ὅταν
465 4207 559 4268 καὶ
580 4206 728 4277 ἠθῶν
751 4210 1111 4281 εὐαρμοστία,
1138 4212 1235 4265 καὶ
1270 4213 1459 4285 χρόνος
1489 4216 1761 4287 μακρότε-

174 4313 275 4367 ρος
301 4297 398 4367 τὴν
419 4298 603 4368 φιλίαν
627 4300 740 4372 (46)
759 4302 988 4375 αὐξήσῃ·
1019 4303 1133 4356 ἀλλ’
1152 4304 1461 4376 ἀποδημίας
1490 4307 1651 4369 ἔστω,
1682 4308 1759 4381 μὴ

171 4385 462 4454 τελευτῆς,
488 4390 520 4461 η
548 4389 714 4461 λύπη.
748 4392 1125 4462 Διαφερόντως
1155 4394 1213 4448 δὲ
1260 4398 1373 4460 τοῖς
1416 4399 1474 4450 ἐν
1508 4399 1763 4471 εὐσεϐείᾳ

1857 3221 1984 3267 ctus
2015 3211 2345 3281 castigandi,
2375 3211 2621 3266 scribere
2648 3227 2817 3268 ausus
2848 3229 2993 3278 sum,
3032 3220 3293 3285 tuamque
3323 3211 3457 3269 hor-

1858 3302 1961 3357 tari
2000 3303 2421 3366 excellentiam,
2462 3314 2524 3357 ut
2558 3302 2856 3358 humanam
2892 3315 3147 3360 naturam
3193 3305 3457 3361 conside-

1857 3407 2008 3459 rans,
2035 3400 2093 3447 et
2120 3406 2417 3449 commune
2458 3392 2663 3447 malum
2693 3394 3006 3464 recogitans
3026 3434 3041 3459 ,
3076 3394 3280 3450 divinis
3310 3410 3465 3465 prmo

1858 3485 2048 3539 sertim
2091 3483 2257 3539 rebus
2282 3484 2522 3551 imbuta,
2555 3500 2848 3541 maerorem
2883 3485 2989 3541 ﬁde
3023 3485 3306 3541 metiatur.
3334 3484 3461 3543 Non

1859 3575 2007 3629 enim
2054 3581 2308 3630 mortuus
2352 3584 2436 3630 est
2484 3576 2976 3645 praestantissimus
3024 3577 3117 3632 ille
3154 3578 3261 3643 vir,
3298 3579 3459 3649 juxta

1860 3666 2077 3719 Domini
2108 3681 2299 3720 vocem
2324 3666 2390 3730 ",
2428 3666 2527 3721 sed
2574 3668 2801 3733 dormit,
2838 3684 3094 3724 somnum
3120 3669 3333 3726 ducens
3362 3686 3456 3725 so-

1859 3756 1959 3812 lito
1999 3757 2324 3831 longiorem.
2378 3758 2531 3812 lianc
2574 3760 2724 3813 enim
2780 3760 3269 3831 ηοὺίενῡοῐηίιιιιε.
3296 3778 3451 3832 spem

1862 3847 2016 3903 dedit
2046 3866 2059 3901 :
2086 3848 2229 3902 hanc
2253 3861 2320 3901 ex
2346 3847 2551 3902 divinis
2584 3848 2839 3919 Eloquiis
2872 3851 3190 3921 accepimus
3218 3852 3458 3921 promis-

1862 3941 2094 3995 sionem.
2129 3939 2257 3995 Scio
2280 3939 2535 4009 equidem
2568 3941 2856 3997 molestam
2877 3958 3000 3997 esse
3023 3944 3457 4014 separationem,

1862 4046 1928 4087 ac
1966 4030 2129 4101 plane
2160 4032 2551 4101 permolestam
2589 4049 2601 4084 :
2654 4039 2769 4086 tum
2808 4034 3045 4088 maxime
3076 4047 3205 4089 cum
3252 4044 3307 4091 ct
3336 4052 3460 4090 Illo--

1865 4137 1989 4176 rum
2022 4121 2430 4187 convenientia,
2461 4131 2517 4177 et
2558 4124 2825 4192 temporis
2858 4124 3200 4181 diuturnitas
3237 4128 3467 4182 auxerit

1864 4213 2187 4269 amicitiam.
2236 4214 2441 4269 Verum
2491 4213 2960 4286 peregrinationis
3003 4217 3075 4272 sit
3134 4217 3293 4273 dolor
3328 4229 3464 4284 iste.

1864 4321 1976 4359 non
2030 4305 2249 4362 mortis.
2310 4304 2383 4360 lis
2429 4313 2615 4359 autem
2661 4306 2933 4371 maxime,
2980 4308 3075 4378 qui
3121 4309 3179 4363 in
3238 4310 3463 4385 pietatis

1864 4395 2052 4451 schola
2099 4405 2229 4450 sunt
2277 4395 2534 4459 educati,
2570 4386 2714 4453 talis
2755 4399 3014 4469 congruit
3057 4400 3406 4471 pliil050phia
3441 4420 3457 4460 :

169 4474 585 4548 τεθραμμένοις
612 4481 645 4552 η
677 4482 900 4554 τοιαύτη
944 4484 1210 4557 προσήκει
1250 4487 1555 4558 φιλοσοφία·
1668 4492 1754 4545 καὶ

1866 4501 1973 4555 qua
2008 4496 2065 4542 et
2084 4485 2407 4557 gravitatem
2445 4495 2623 4551 tuam,
2643 4493 2706 4540 ut
2733 4488 2919 4544 ornari
2940 4489 3181 4554 studeat,
3204 4506 3323 4546 oro.
3346 4491 3462 4549 Nec

172 4565 280 4634 τὴν
300 4566 573 4640 ὑμετέραν
597 4572 1039 4643 σεμνοπρέπειαν
1065 4577 1409 4647 κοσμηθῆναι
1434 4580 1761 4650 παρακαλῶ.

176 4660 485 4732 Ιιροσφέρω
506 4663 561 4716 δὲ
586 4663 687 4733 τὴν
708 4667 1055 4737 παραίνεσιν,
1079 4670 1178 4739 οὐχ
1203 4670 1278 4734 ὡς
1304 4672 1645 4744 ἀναλγησίαν
1672 4691 1764 4727 νο-

177 4747 313 4801 σῶν·
334 4750 423 4837 ,τῷ
443 4751 555 4806 ὄντι
587 4755 697 4824 γάρ
721 4755 936 4827 ἤλγησα
971 4759 1069 4830 τὴν
1090 4760 1288 4832 ψυχὴν,
1318 4766 1414 4833 τῆς
1450 4765 1610 4835 φίλης
1642 4768 1767 4837 ἐμοὶ

176 4836 426 4920 κεφαλῆς
471 4840 573 4911 τὴν
631 4843 897 4914 ἐκδημίαν
944 4847 1301 4920 μεμαθηκώς.
1339 4852 1477 4905 Ἀλλ’
1528 4856 1608 4918 είς
1642 4836 1766 4909 νοῦν

174 4924 373 4979 ἔϐαλον
403 4929 512 4981 τῶν
536 4929 674 4984 ὅλων
699 4933 790 4987 τὸν
817 4935 1110 5007 Πρύτανιν,
1142 4941 1236 4993 καὶ
1264 4942 1363 5013 τὴν
1384 4938 1628 5016 ’ἄρρητον
1668 4949 1765 5001 αύ-

174 5016 276 5070 τοῦ
304 5019 520 5089 σοφίαν,
551 5022 650 5094 τὴν
696 5025 915 5081 ἅπαντα
960 5028 1096 5105 πρὸς
1133 5030 1193 5083 τὸ
1243 5035 1525 5105 συμφέρον
1560 5042 1767 5093 οἰκονο-

180 5106 411 5202 μοῦσαν.
447 5112 556 5165 Καὶ
597 5113 696 5185 τὴν
728 5115 825 5187 σὴν
857 5104 1161 5190 παρακαλῶ
1196 5104 1451 5195 ὁσιότητα
1498 5129 1670 5184 ταῦτα
1702 5132 1767 5202 δὴ

177 5199 518 5267 λογίζεσθαι,
551 5206 647 5258 καὶ
695 5207 790 5260 τοῦ
839 5209 1044 5273 πάθους
1085 5202 1487 5282 περιγενέσθαι,
1523 5224 1616 5274 καὶ
1677 5199 1768 5276 τὸν

181 5290 404 5344 πάντον
456 5294 619 5365 ἡμῶν
680 5300 959 5370 Δεσπότην
1022 5303 1261 5373 ὑμνῆσαι
1318 5305 1480 5360 θεόν·
1536 5314 1761 5385 ἀρρήτῳ

180 5382 294 5451 γὰρ
356 5387 670 5461 προμηθείᾳ
739 5394 1074 5465 κεχρημένος
1140 5398 1207 5451 τὰ
1267 5400 1388 5455 καθ’
1441 5390 1584 5472 ἡμᾶς
1666 5382 1763 5459 xu!

185 5474 247 5525 ϐε
257 5477 372 5545 pud.

260 5629 303 5657 δ”
340 5630 449 5683 Lm-
507 5652 617 5687 \nt.
654 5636 739 5687 332.

263 5765 371 5833 (40)
443 5768 757 5840 φιλοσοφίαν
824 5774 1081 5829 mendose
1150 5774 1313 5832 habet
1381 5780 1835 5841 Vimlnlmnvnsis.

1863 4593 1998 4633 vero
2024 4577 2413 4634 exhortatione
2453 4578 2558 4633 hac
2581 4588 2731 4643 utor,
2763 4580 2924 4651 quasi
2969 4580 3271 4637 indolentia
3308 4583 3463 4641 labo-

1864 4688 2001 4727 rem.
2042 4671 2243 4727 Animo
2273 4673 2423 4726 enim
2457 4687 2649 4727 revera
2689 4671 2862 4735 dolui,
2899 4672 3051 4727 chari
3088 4674 3222 4728 mihi
3265 4676 3463 4745 capitis

1862 4781 2091 4821 excessu
2133 4765 2373 4836 cognito.
2439 4764 2548 4819 Sed
2600 4766 2993 4820 universorum
3053 4766 3349 4821 [lectorem
3402 4768 3466 4824 iu

1865 4858 2108 4912 animum
2140 4856 2429 4921 revocavi,
2467 4858 2699 4928 ejusque
2741 4856 3077 4912 ineffabilem
3107 4847 3459 4928 sapientiam,

1870 4964 1993 5018 quae
2021 4948 2087 5003 ad
2128 4947 2421 5002 utilitatem
2459 4948 2643 5002 omnia
2682 4947 2986 5019 dispensat.
3022 4950 3194 5003 Tuam
3227 4952 3463 5019 proinde

1870 5041 2064 5095 hortor
2088 5041 2468 5096 excellentiam
2491 5082 2521 5102 ,λ
2544 5051 2602 5096 ut
2628 5042 2745 5095 iure
2772 5040 2893 5110 ipsa
2923 5040 3147 5109 cogitet,
3182 5040 3465 5096 dolorem-

1869 5149 1977 5203 que
2026 5136 2240 5198 vincat,
2276 5142 2333 5190 et
2378 5144 2628 5189 nostrum
2664 5133 2913 5187 omnium
2957 5132 3251 5186 Dominum
3289 5132 3463 5187 Deum

1868 5224 2075 5280 laudet.
2099 5225 2365 5282 lneil‘abili
2395 5227 2598 5297 quippe
2621 5224 2975 5297 providentia
2998 5239 3086 5279 res
3122 5232 3342 5279 nostras
3368 5238 3467 5293 guv.

1874 5316 2087 5370 licrnat.
