4336 6326
725 288 861 356 1239

939 408 1094 463 LXX.
1126 442 1193 449 -—
1223 409 1502 469 Eustathio
1531 416 1767 487 episcapo
1793 415 2075 487 ligarem.

793 519 1078 591 Tragoedia
1109 519 1334 592 dignum
1364 535 1448 579 est
1477 526 1625 598 quod
1647 524 1714 580 de
1754 524 1920 579 Maria
1954 524 2293 578 nobilissima
2332 558 2338 564 -

723 619 998 665 narratur.
1031 612 1157 669 Haec
1189 612 1402 685 1120
1430 619 1443 633 ’
1473 616 1643 679 enim,
1674 608 1737 670 ut
1772 615 1889 685 ipsa
1914 614 2099 677 refert,
2127 623 2181 669 et
2204 613 2294 668 alii

722 701 942 772 quidem
967 706 1148 759 testati
1175 714 1337 769 sunt,
1368 690 1481 761 ﬁlia
1516 716 1604 764 est
1631 706 2153 779 magniﬁcentissimi
2184 706 2294 762 Eu-

724 791 987 848 daemonis
1017 812 1029 847 :
1063 795 1159 850 sed
1188 796 1243 850 in
1279 796 1368 851 illa
1396 797 1739 861 calamitate,
1786 812 1907 867 qua:
1933 797 2174 853 Africam
2208 798 2298 852 in-

725 887 885 951 vasit,
925 887 1125 941 avitam
1160 888 1471 944 libertatem
1512 890 1731 954 amisit,
1769 896 1825 945 et
1864 890 2172 959 mancipata
2213 898 2299 944 est

724 977 994 1032 servituti.
1031 977 1363 1034 Mercatores
1393 994 1523 1035 vero
1566 979 1790 1050 quidam
1825 995 1949 1035 eam
1981 996 2011 1035 a
2044 979 2297 1035 Barbaris

726 1072 963 1134 emptam
1004 1066 1363 1137 popularibus
1400 1067 1727 1139 quibusdam
1784 1069 1990 1124 nostris
2031 1068 2295 1124 vendide-

728 1165 873 1210 runt.
916 1158 1145 1213 Vendifa
1175 1168 1441 1229 porroest
1472 1178 1579 1215 una
1610 1177 1735 1216 cum
1764 1162 1879 1231 ipsa
1907 1170 1965 1217 et
2001 1161 2179 1232 puella
2213 1160 2297 1231 ip-

726 1244 839 1299 sius
866 1246 996 1301 olim
1025 1245 1225 1302 famula
1245 1247 1562 1305 domestica.
1596 1248 1784 1319 Itaque
1826 1250 2086 1305 acerbum
2122 1250 2295 1304 servi-

732 1336 861 1391 tutis
879 1338 1069 1407 jugum
1089 1339 1291 1409 pariter
1314 1339 1592 1395 ducebant
1617 1332 1814 1396 ancilla
1837 1350 1895 1394 et
1917 1340 2157 1395 domina.
2186 1339 2300 1395 Cte—

729 1436 907 1480 terum
936 1428 1231 1485 discrimen
1258 1433 1509 1501 ignorare
1534 1430 1737 1486 famula
1768 1432 1964 1493 noluit,
1996 1445 2099 1485 nec
2128 1430 2298 1485 oblita

724 1524 807 1570 est
840 1518 1083 1585 pristinae
1104 1520 1496 1575 dominationis
1541 1542 1552 1574 :
1595 1521 1689 1576 sed
1741 1520 2186 1577 benevolentiam
2243 1520 2296 1573 in

724 1606 1031 1663 calamitate
1058 1612 1375 1677 reservavit,
1405 1621 1604 1684 etpost
1642 1612 2017 1669 communium
2050 1611 2300 1667 domino-

726 1712 847 1751 rum
873 1697 1217 1763 famulatum,
1243 1702 1611 1758 famulabatur
1631 1702 1797 1758 etiam
1822 1702 1900 1757 illi
1924 1718 2045 1773 qua:
2074 1718 2297 1757 conser-

1743 301 2230 363 THEODORETI
2273 297 2613 359 EPlSCOPI
2656 294 3020 355 (IYRENSIS

3847 284 3983 350 19m

2466 428 2483 444 κ
2577 414 2651 465 0'.
2678 440 2747 450 --
2766 407 3079 469 Εὑσταθίῳ
3108 405 3425 470 ἐπισκόπῳ
3445 401 3637 472 Αὶγῶν
3662 399 3797 472 (Π).

2472 524 2787 595 Τραγῳδίας
2822 520 2967 586 ἄξιον
3008 516 3067 572 τὸ
3100 518 3238 571 κατὰ
3272 518 3369 587 τὴν
3405 514 3801 583 εὐγενεστάτην
3859 512 3979 564 Μα-

2409 616 2529 685 ρίαν
2552 616 2818 685 διήγημα.
2847 610 2992 681 Αὕτη
3015 608 3124 679 γὰρ
3147 608 3259 661 ἔστι
3284 607 3380 677 μὲν
3411 606 3653 675 θυγάτηρ
3680 602 3777 657 τοῦ
3812 618 3983 672 μεγα-

2403 706 2841 777 λοπρεπεστάτου
2879 701 3228 770 Εὐδαίμονος,
3268 700 3345 761 ὡς
3383 700 3479 752 καί
3523 698 3655 765 αὐτὴ
3696 711 3859 764 φησι,
3889 693 3982 745 καὶ

2403 797 2551 850 ἄλλοι
2580 796 2723 858 τινὲς
2762 792 3274 867 μεμαρτυρήκασιν.
3311 790 3399 841 Ἐν
3424 788 3479 841 δὲ
3513 790 3578 857 τῇ
3602 782 3984 852 καταλαϐούσῃ

2405 887 2661 957 συμφορᾷ
2690 886 2791 956 τὴν
2816 882 3041 953 Λιϐύην,
3075 881 3174 951 τῆς
3202 878 3533 951 προγονικῆς
3556 875 3872 945 ἐλευθερίας
3898 872 3984 935 ἐξ-

2404 978 2589 1039 ἔπεσε,
2622 977 2715 1030 κα)⁸
2737 976 2815 1039 είς
2844 973 3085 1028 δουλείαν
3158 960 3474 1037 μετιπὲσεν.
3513 969 3785 1037 Ἔμποροι
3814 965 3981 1017 δέλτι-

2404 1086 2511 1131 νες,
2539 1068 2709 1139 αὐτὴν
2742 1066 2889 1136 παρὰ
2913 1065 3020 1118 τῶν
3055 1061 3349 1135 βαρϐάρων
3378 1061 3688 1130 πριάμενοι,
3715 1054 3985 1123 διετοώλη-

2408 1162 2505 1227 σάν
2528 1176 2637 1213 τισι
2662 1158 2760 1229 τὴν
2791 1156 3066 1228 ἡμετέραν
3090 1152 3351 1206 οίκοῦσιν.
3393 1148 3711 1222 Συνεπράθη
3745 1147 3801 1199 δὲ
3846 1149 3982 1214 αὐτῇ

2405 1253 2499 1307 καὶ
2522 1250 2802 1319 παιδίσκη,
2835 1248 3003 1302 πάλαι
3027 1247 3123 1315 τὴν
3146 1242 3420 1312 οἰκετικὴν
3443 1244 3593 1307 τάξιν
3624 1241 3823 1311 ῐχουσα
3854 1240 3984 1308 παρ’

2406 1347 2562 1415 αὐτῇ·
2598 1345 2749 1414 κοινῇ
2775 1344 2951 1395 τοίνυν
2981 1336 3159 1394 εἷλκον
3185 1340 3277 1391 τὸν
3308 1338 3501 1407 πικρὸν
3524 1335 3769 1396 δουλείας
3792 1334 3981 1401 ζυγὸν,

2404 1441 2439 1509 ἥ
2471 1455 2528 1491 τε
2557 1437 2884 1507 θεράπαινα,
2918 1436 3011 1488 καὶ
3040 1436 3070 1503 ἡ
3102 1433 3374 1485 δέσποινα.
3408 1429 3549 1483 Ἀλλ’
3579 1429 3678 1481 οὐκ
3719 1426 3988 1496 ἠθέλησεν

2407 1524 2672 1595 ἀγνοῆσαι
2704 1523 2764 1576 τὸ
2792 1525 3047 1592 διάφορον
3080 1522 3113 1589 η
3149 1520 3476 1588 θεράπαινα,
3511 1516 3630 1571 ουδὲ
3660 1516 3761 1586 τῆς
3786 1515 3988 1585 προτὺ

2408 1633 2507 1686 ρας
2534 1615 2828 1669 ἐπελάθετο
2851 1610 3186 1673 δεσποτείας·
3212 1609 3345 1663 ἀλλά
3373 1609 3470 1679 τὴν
3501 1607 3711 1661 εὔνοιαν
3743 1609 3811 1675 τῇ
3844 1622 3988 1674 συμ-

2408 1710 2551 1779 φορᾷ
2578 1706 2889 1777 διεφύλαξε,
2924 1705 3019 1757 καὶ
3059 1701 3196 1773 μετά
3225 1701 3324 1771 τὴν
3344 1700 3453 1753 τῶν
3487 1698 3678 1753 κοινῶν
3706 1696 3991 1750 δεσποτῶν

726 1799 791 1839 va
820 1788 1135 1857 putabatur,
1168 1791 1335 1861 pedes
1362 1792 1614 1856 abluens,
1647 1780 1910 1847 lectulum
1941 1801 2216 1856 sternens,
2247 1798 2304 1845 et
2339 1778 2363 1833 Ε

2406 1778 2702 1871 θεραπείαν
2751 1796 3049 1868 ἐθεράπευε
3101 1793 3198 1865 τὴν
3248 1792 3610 1861 νομιζομένην
3670 1788 3983 1859 ὁμόδουλον,

729 1879 937 1949 reliqua
968 1881 1226 1939 similiter
1259 1882 1433 1938 ofﬁcia
1481 1900 1803 1954 procurans.
1841 1885 1947 1939 lles
1984 1885 2049 1939 ad
2094 1894 2303 1953 empto-

726 1988 847 2024 rum
903 1973 1151 2027 notitiam
1201 1976 1473 2043 pervenit.
1526 1976 1656 2030 lude
1696 1977 1915 2047 vulgata
1958 1991 2056 2045 per
2105 1977 2297 2031 urbem

725 2062 889 2133 hujus
912 2065 1158 2130 libertas,
1189 2078 1245 2122 et
1287 2066 1534 2137 probitas
1567 2068 1799 2122 ancillae.
1826 2068 1957 2135 Qute
1993 2084 2117 2123 cum
2152 2068 2299 2123 didi-

724 2153 929 2209 cissent
952 2157 1045 2225 qui
1077 2156 1222 2226 apud
1254 2171 1355 2212 nos
1376 2157 1583 2229 degunt
1604 2158 1807 2214 milites
1837 2159 2144 2215 fidelissimi
2181 2162 2303 2233 (ego

722 2243 871 2298 enim
927 2257 1061 2301 tunc
1104 2246 1387 2317 aberam),
1437 2246 1617 2318 pretio
1659 2250 2003 2318 emptoribus
2049 2252 2317 2307 restituto“

724 2332 870 2388 illam
900 2350 927 2389 a
960 2337 1226 2393 servitute
1270 2338 1643 2393 vindicarunt.
1678 2340 1789 2409 Ego
1828 2357 1959 2396 vero
2002 2353 2123 2411 post
2154 2342 2302 2398 redi-

725 2436 861 2491 tum,
897 2435 953 2481 et
986 2426 1053 2482 de
1082 2428 1405 2485 calamitatis
1444 2444 1572 2486 casu
1593 2470 1607 2493 ,
1661 2439 1718 2487 et
1747 2431 1814 2487 de
1863 2434 2123 2488 laudabili
2155 2435 2301 2488 mili—

723 2524 841 2570 tum
868 2515 1052 2571 studio
1087 2518 1291 2573 certior
1326 2518 1503 2575 factus
1525 2561 1537 2585 ,
1579 2521 1689 2576 illis
1724 2522 1947 2591 quidem
1970 2523 2149 2579 fausta
2179 2541 2302 2593 pre-

718 2614 879 2661 catus
907 2622 1049 2672 sum,
1078 2609 1472 2664 nobilissimam
1498 2627 1629 2666 vero
1659 2614 1896 2681 puellam
1918 2615 2136 2669 cuidam
2162 2631 2191 2669 e
2216 2632 2302 2671 re-

722 2696 1085 2765 l'giosissimis
1110 2699 1358 2755 diaconis
1381 2703 1782 2768 commendavi,
1813 2714 1868 2759 et
1912 2720 2185 2760 annonam
2224 2708 2302 2761 illi

722 2786 929 2842 aﬂatim
972 2789 1211 2858 praeberi
1255 2792 1414 2862 jussi.
1469 2793 1584 2848 Jam
1635 2794 1825 2849 decem
1875 2796 2047 2867 elapsi
2086 2813 2304 2853 menses

721 2886 895 2941 erant,
923 2894 1046 2933 cum
1065 2887 1277 2949 patrem
1309 2882 1539 2938 audiens
1564 2884 1746 2940 adhuc
1784 2886 1990 2949 vivere,
2018 2887 2304 2958 magistra-

726 2978 951 3039 tumque
980 2988 1167 3041 gerere
1195 2974 1249 3028 in
1273 2974 1590 3040 Occidente,
1609 2977 1789 3032 redire
1816 2978 1884 3032 ad
1912 2979 2088 3060 illum,
2118 2989 2177 3033 ut
2205 2997 2303 3050 par

722 3067 862 3124 erat,
890 3061 1224 3131 concupivit.
1250 3064 1319 3118 Et
1350 3080 1473 3119 cum
1514 3064 1850 3124 afﬁrmarent
1898 3070 2170 3132 nonnulli,
2226 3072 2293 3124 ad
2322 3104 2363 3159 ρ

726 3150 1019 3213 nundinas,
1047 3168 1168 3221 quae
1196 3154 1339 3223 apud
1370 3171 1467 3210 vos
1496 3172 1645 3212 nunc
1692 3168 1949 3228 aguntur,
1980 3160 2294 3229 complures

724 3239 793 3293 ab
820 3238 1113 3296 Occidente
1142 3254 1471 3302 mercatores
1500 3248 1707 3318 1121
1734 3258 2015 3314 venturos,
2049 3251 2295 3319 postula-

726 3329 804 3384 vit
831 3340 893 3385 ut
925 3347 1048 3386 cum
1080 3334 1280 3391 litteris
1309 3337 1445 3393 meis
1471 3338 1940 3408 proﬁcisceretur.
1966 3340 2079 3395 Hac
2101 3357 2203 3411 ego
2228 3342 2295 3396 de

724 3435 889 3476 causa
928 3423 1213 3499 epistolam
1253 3428 1471 3497 scripsi,
1506 3430 1767 3499 pietatem
1799 3444 1952 3487 tuam
1992 3433 2295 3498 obtestans,

726 3520 785 3567 ut
803 3522 1083 3584 generosae
1108 3518 1295 3587 stirpis
1315 3534 1499 3574 curam
1524 3531 1696 3592 gerat,
1724 3530 1779 3577 et
1803 3524 2069 3594 religione
2096 3524 2299 3593 praedi-

722 3610 779 3657 to
811 3604 1050 3685 cuipiam
1072 3608 1282 3677 jubeat,
1314 3619 1516 3665 utcum
1550 3613 1924 3677 naviculariis,
1952 3624 2007 3669 et
2025 3615 2300 3685 guberna-

722 3683 957 3760 toribus,
1002 3701 1515 3773 mercatoribusquc
1565 3712 1707 3774 agat,
1746 3714 1802 3759 et
1846 3704 1968 3760 ﬁdis
2000 3683 2120 3761 eam
2167 3705 2301 3759 Viris

721 3789 1048 3851 committat,
1068 3792 1162 3859 qui
1180 3793 1319 3861 patri
1343 3794 1636 3850 restituere
1656 3804 1877 3865 queant.
1900 3797 2135 3851 Prorsus
2152 3797 2300 3851 enim

722 3878 940 3934 lucrum
972 3880 1163 3952 ingens
1190 3884 1449 3943 referent.
1480 3886 1573 3955 qui
1624 3886 1789 3941 ﬁliam
1825 3888 1889 3942 ad
1918 3897 2128 3959 patrem
2162 3904 2299 3959 prte-

724 3978 807 4025 ter
828 3984 979 4040 spem
1006 3986 1225 4028 omnem
1256 3975 1551 4030 humanam
1577 3978 1953 4046 perduxerint.

2392 1892 2783 1945 ’ἁπονίπτουσα
2809 1889 2999 1950 πόδας,
3032 1885 3398 1956 ὲπιμελομὲνη
3436 1879 3744 1953 στρωμνῆς,
3769 1881 3868 1933 καὶ
3890 1882 3991 1951 τῆς

2406 1980 2575 2051 ἀλλης
2607 1978 2867 2042 ὡσαύτως
2900 1976 3219 2047 ἐπιμελείας
3254 1973 3632 2045 φροντίζουσα.
3676 1970 3851 2023 Τοῦτο
3874 1973 3990 2033 τοῖς

2404 2070 2727 2141 πριαμένοις
2771 2070 2983 2137 ἐγένετο
3026 2067 3321 2138 γνώριμον.
3362 2064 3643 2119 Ἐντεῦθεν
3678 2062 3989 2133 ἐθρυλλήθη

2404 2164 2545 2218 κατά
2577 2164 2675 2233 τὴν
2705 2162 2856 2214 πόλιν
2880 2162 2914 2229 ἦ
2934 2177 2991 2212 τε
3018 2159 3223 2228 ταύτης
3247 2157 3548 2227 ἐλευθερία.
3574 2154 3668 2208 καὶ
3696 2155 3797 2223 τῆς
3818 2153 3991 2221 θερα-

2406 2251 2606 2321 παίνης
2632 2254 2663 2321 ἠ
2698 2249 2979 2321 εὐτροπία.
3006 2247 3194 2300 Ταῦτα
3220 2245 3597 2317 μεμαθηκότες
3620 2245 3669 2296 οξ
3699 2244 3827 2312 παρ’
3856 2244 3990 2311 ἡμῖν

2408 2343 2679 2412 ἱδρυμένοι
2702 2340 3011 2393 πιστότατοι
3042 2338 3371 2407 στρατιῶται
3398 2335 3532 2405 (ἐγὼ
3555 2336 3662 2405 γὰρ
3683 2332 3991 2403 τηνικαῦτα

2408 2432 2599 2503 ἀπῆν),
2631 2434 2725 2489 καί
2755 2434 2869 2495 τοῖς
2889 2430 3215 2501 πριαμένοις
3249 2428 3515 2481 ἀπέδοσαν
3546 2426 3644 2496 τὴν
3670 2426 3861 2496 τιμὴν,
3897 2425 3994 2476 καὶ

2404 2521 2611 2591 ταύτην
2646 2522 2742 2593 τῆς
2775 2520 3020 2583 δουλείας
3056 2519 3394 2588 ἐξήρπασαν.
3440 2516 3582 2585 Ἐγὼ
3615 2517 3673 2568 δὲ
3709 2515 3852 2584 μετά
3892 2515 3993 2583 τὴν

2407 2613 2684 2675 ἐπάνοδον,
2732 2612 3001 2682 διδαχθεὶς
3052 2611 3146 2665 καὶ
3184 2609 3245 2662 τὸ
3291 2610 3476 2680 δρᾶμα
3524 2608 3620 2678 τῆς
3674 2606 3990 2678 συμφορᾶς,

2406 2708 2499 2762 καὶ
2523 2709 2631 2761 τῶν
2664 2707 3011 2778 στρατιωτῶν
3038 2705 3137 2776 τὴν
3161 2705 3473 2771 ἀξιέπαινον
3497 2700 3695 2773 ϐρεξιν,
3715 2701 3783 2755 τὰ
3807 2699 3993 2768 ἀγαθά

2409 2790 2511 2868 μὲν
2538 2798 2863 2867 ἐπηυξάμην
2882 2797 3135 2859 ἐκείνοις,
3173 2793 3269 2865 τὴν
3303 2793 3697 2862 εὐγενεστάτην
3726 2790 3784 2844 δὲ
3818 2790 3991 2859 κόρην

2404 2888 2512 2941 τῶν
2544 2887 2956 2940 εὐλαϐεστάτων
2982 2886 3090 2939 τινὶ
3116 2884 3378 2938 διακόνων
3415 2882 3733 2953 παρέδωκα,
3762 2881 3988 2949 σιτηρέ-

2407 2996 2519 3032 σιον
2555 2978 2755 3049 ἀρκοῦν
2784 2976 3139 3049 χορηγεῖσθαι
3176 2976 3590 3047 παρεγγυήσας.
3627 2973 3768 3025 Δέκα
3802 2974 3858 3024 Il:
3913 2972 3992 3025 δι-

2405 3069 2739 3139 εληλυθότων
2774 3069 2981 3139 μηνῶν,
3009 3066 3256 3139 μαθοῦσα
3281 3067 3373 3120 τὸν
3399 3065 3608 3135 πατέρα
3639 3065 3737 3135 ζῇν
3766 3064 3868 3127 ἔτι,
3898 3066 3993 3116 καὶ

2397 3161 2585 3232 ἄρχειν
2608 3163 2666 3214 ὲν
2690 3163 2755 3230 τῇ
2785 3160 2963 3224 Δύσει,
3000 3158 3343 3230 ἐπεθύμησεν
3366 3152 3749 3226 είκότωξπῴς
3780 3157 3993 3207 ἐκεῖνον

2396 3253 2729 3308 ἑπανελθεῖνο
2763 3252 2857 3306 καί
2890 3268 3049 3306 τινων
3076 3252 3395 3322 εἰρηκότων,
3424 3250 3497 3311 ὠς
3519 3248 3626 3301 ἀπὸ
3652 3247 3753 3316 τῆς
3782 3246 3978 3299 Ἑσπὲ-

2403 3364 2499 3415 ρας
2533 3345 2764 3417 ἔμποροι
2810 3344 3053 3399 πλεῖστοι
3087 3342 3436 3411 καταίρουσιν
3482 3342 3560 3403 είς
3592 3339 3691 3408 τὴν
3713 3338 3813 3389 νῦν
3856 3327 3992 3407 παρ’

2402 3435 2530 3503 ὑμῖν
2560 3434 2982 3505 ἐπιτελουμένην
3007 3434 3333 3503 πανήγυριν,
3352 3432 3521 3511 ᾔτησε
3553 3429 3690 3500 μετά
3718 3429 3991 3499 γραμμά-

2405 3542 2513 3579 των
2538 3526 2687 3597 ὲμῶν
2718 3527 2817 3596 τὴν
2847 3525 3159 3596 ἀποδημίαν
3199 3523 3548 3594 ποιήσασθαι.
3585 3520 3792 3574 Τούτου
3822 3521 3990 3590 χάριν

2404 3619 2609 3688 ταύτην
2642 3619 2898 3690 γέγραφα
2929 3618 3025 3687 τὴν
3052 3616 3361 3686 ἐπιστολὴν,
3389 3613 3725 3685 παρακαλῶν
3761 3630 3853 3677 σου
3891 3612 3991 3681 τὴν

2403 3709 2733 3775 θεοσέϐειαν,
2764 3709 2840 3774 ὼς
2869 3708 3126 3776 εὐγενοῦς
3150 3707 3434 3778 φροντίσαι
3470 3705 3871 3775 βλαστήματος,
3896 3705 3990 3756 καὶ

2405 3801 2661 3854 κελεῦσαί
2687 3818 2793 3855 τινι
2833 3800 2940 3853 τῶν
2972 3799 3229 3869 εὐλαϐείᾳ
3271 3798 3681 3868 κοσμουμένων,
3726 3796 3822 3848 καὶ
3860 3814 3993 3850 ναυ-

2406 3892 2648 3963 κλήροις,
2684 3893 2778 3947 καὶ
2822 3892 3205 3963 κυϐερνήταις,
3244 3893 3337 3944 καὶ
3382 3890 3645 3959 ἐμπόροις
3692 3888 3987 3958 διαλεχθῆ-

2408 3999 2517 4045 ναι,
2575 3984 2669 4034 καὶ
2713 3984 2923 4045 πιστοῖς
2980 3982 3149 4047 αὐτὴν
3195 3980 3421 4051 ἀνδράσι
3455 3978 3818 4050 παραδοῦναι,
3846 3979 3988 4030 ἀποο

724 4066 1063 4135 καταστῆσαι
1130 4067 1207 4138 τῷ
1267 4070 1436 4140 πατρὶ
1493 4070 1836 4140 δυναμένοις.
1908 4074 2129 4137 Πάντως
2194 4075 2303 4144 γὰρ
2377 4075 2669 4145 πάμπολλα
2744 4072 3062 4145 κερδανοῦσι
3145 4072 3297 4143 παρά
3394 4072 3573 4125 πᾶσαν
3636 4069 3989 4141 ἀνθρωπίνην

723 4155 915 4212 ἐλπίδα
950 4157 1026 4228 τῷ
1058 4160 1227 4229 πατρὶ
1255 4160 1352 4230 τὴν
1383 4161 1547 4213 παῖδα
1585 4162 1972 4231 προσάγοντες.

816 4290 1001 4345 LXXI.
1037 4322 1108 4332 --
1134 4292 1334 4345 Zenoni
1364 4296 1614 4363 magistro
1639 4294 1864 4350 militum
1898 4306 1944 4349 et
1980 4298 2203 4352 ramuli.

797 4423 1199 4479 Fortitudinem
1234 4436 1381 4480 tuam
1413 4428 1684 4483 mirantur
1713 4444 1923 4492 omnes,
1958 4439 2018 4483 ut
2040 4446 2296 4486 mansuc-

727 4511 917 4568 tudine
944 4523 999 4567 et
1028 4515 1315 4570 clementia
1354 4524 1732 4586 temperatam,
1763 4527 1819 4573 et
1849 4534 1969 4587 quae
2004 4534 2131 4589 erga
2155 4525 2171 4538 '
2196 4520 2296 4573 do-

2587 4297 2706 4349 OA'.
2744 4324 2803 4334 -
2838 4293 3071 4361 Ζήνωνι
3099 4290 3413 4361 στρατηγῷ
3446 4293 3541 4352 καὶ
3582 4292 3809 4357 ὑπάτῳ.

2476 4427 2589 4497 Τὴν
2624 4426 2899 4497 ὑμετέραν
2936 4425 3191 4495 ἀνδρείαν
3220 4423 3589 4497 θαυμάζουσιν
3620 4426 3884 4490 ἅπαντες,
3915 4428 3987 4491 ὡς

2405 4519 2702 4589 ἡμερότητι
2743 4518 2839 4571 καὶ
2885 4516 3148 4589 πραότητι
3188 4518 3570 4587 κεκραμένην,
3613 4520 3707 4571 καὶ
3742 4523 3858 4582 τοῖς
3888 4521 3985 4589 μὲν

726 4605 987 4659 mesticos
1046 4606 1265 4668 blando,
1302 4607 1567 4663 adversus
1601 4610 1790 4663 hostes
1826 4610 1970 4663 virili
2008 4612 2190 4665 animo
2221 4612 2300 4666 fe-
2336 4587 2363 4640 Π

2406 4587 2858 4680 οίκε-ίοιςνήπίως,
2884 4587 2998 4673 τοῖς
3036 4587 3091 4663 δὲ
3120 4610 3401 4679 πολεμίοις
3435 4609 3693 4679 ἀνδρείως
3739 4587 3986 4680 προσφε-

725 4704 897 4749 ratur.
936 4695 1290 4751 Laudabilem
1332 4713 1498 4767 porro
1533 4698 1647 4752 haec
1688 4697 1931 4753 efﬁciunt
1972 4700 2295 4770 magistrum

724 4786 978 4839 militum.
1009 4770 1232 4842 Militem
1275 4789 1421 4843 enim
1453 4799 1608 4843 ornat
1639 4789 1925 4853 fortitudo,
1957 4790 2151 4845 ducem
2184 4808 2297 4861 pra:

726 4878 1049 4933 fortitudine
1078 4878 1388 4948 prudentia,
1433 4890 1487 4934 et
1529 4898 1653 4935 cum
1682 4882 1768 4937 his
1808 4884 2170 4952 temperantia
2215 4897 2297 4940 at-

726 4983 832 5037 que
861 4969 1093 5038 justitia,
1125 4986 1222 5037 per
1263 4987 1397 5039 quas
1425 4988 1619 5042 magna
1654 4974 1830 5027 virtus
1859 4983 2101 5042 paratur.
2146 4976 2297 5030 Hanc

726 5066 909 5112 autem
936 5060 1143 5127 colligit
1172 5061 1438 5114 bonorum
1469 5064 1665 5131 cupida
1684 5082 1857 5132 mens,
1885 5068 2296 5121 suavissimum-

726 5166 833 5219 que
860 5150 1015 5203 ducit
1044 5151 1311 5216 laborem,
1354 5151 1627 5208 fructuum
1658 5168 1909 5225 spectans
1925 5158 2291 5213 dulcedinem.

730 5241 955 5294 Virtutis
1013 5242 1285 5310 siquidem
1332 5244 1551 5299 athletis
1602 5248 1822 5315 praemia
1883 5258 2140 5317 tanquam
2179 5266 2296 5304 ma-

726 5329 957 5401 gniﬁcus
982 5332 1204 5400 quidam
1238 5334 1566 5403 agouotheta
1596 5338 1879 5405 proposuit
1914 5340 2295 5394 universorum

728 5417 891 5481 Deus,
922 5420 1027 5473 alia
1060 5421 1283 5489 quidem
1315 5422 1368 5475 in
1396 5422 1497 5475 hac
1522 5424 1651 5487 vita,
1680 5426 1784 5480 alia
1810 5442 1942 5479 vero
1967 5427 2019 5481 in
2051 5428 2140 5483 illa
2174 5445 2295 5498 quae

729 5514 893 5567 finem
928 5527 1041 5566 non
1074 5514 1257 5568 habet.
1293 5514 1365 5567 lis
1395 5530 1523 5585 ergo
1550 5533 1670 5585 quae
1702 5517 1792 5573 liic
1825 5529 1954 5572 sunt
1980 5521 2299 5590 magnitudo

2409 4701 2663 4771 ρομένην.
2691 4701 2796 4754 Τὸν
2829 4700 3142 4767 ἀξιέπαινον
3174 4701 3232 4753 δὲ
3282 4700 3455 4754 ταῦτα
3507 4701 3748 4755 δείκνυσι
3784 4719 3983 4772 στρατ-

2404 4793 2562 4861 ηγόν.
2600 4791 2949 4864 Στρατιώτην
2992 4794 3089 4864 μὲν
3118 4795 3226 4865 γὰρ
3253 4798 3285 4866 ἡ
3310 4794 3503 4867 ἀνδρία
3540 4798 3752 4866 κοσμεῖ,
3796 4796 3885 4849 τὸν
3924 4797 3982 4850 δὲ

2409 4884 2709 4955 στρατηγὸν
2755 4884 2864 4955 πρὸ
2896 4885 2995 4955 τῆς
3036 4886 3257 4955 ἀνδρίας
3290 4887 3323 4956 ὴ
3356 4887 3649 4957 φρόνησιςο
3698 4888 3796 4940 καὶ
3844 4889 3984 4957 μξτά

2402 4976 2609 5028 τούτων
2640 4975 2967 5047 σωφροσύνη
2999 4979 3091 5030 καὶ
3124 4977 3465 5049 δικαιοσύνη,
3489 4978 3554 5031 δι’
3578 4973 3651 5032 ὧν
3680 4982 3709 5033 ό
3732 4979 3829 5048 τῆς
3860 4982 3982 5050 ἀρε-
4064 5006 4073 5009 η

2402 5066 2502 5135 τῆς
2533 5065 2942 5135 συναθροίζεται
2976 5065 3218 5129 πλοῦτος.
3249 5067 3503 5135 Συλλέγει
3525 5068 3581 5121 δὲ
3602 5067 3790 5122 τοῦτον
3821 5070 3983 5142 ἡτῶν

2404 5156 2622 5223 ἀγαθῶν
2664 5156 2965 5228 ὀρεγομένη
2995 5158 3142 5229 ψυχή
3169 5176 3182 5190 ·
3219 5159 3313 5212 καὶ
3359 5159 3578 5230 ἣδιστον
3621 5162 3840 5229 ἡγεῖται
3892 5161 3980 5213 τὸν

2406 5248 2585 5309 πόνον,
2616 5249 2694 5309 εἰς
2719 5248 2780 5300 τὸ
2810 5248 2981 5317 γλυκὺ
3016 5250 3123 5301 τῶν
3148 5249 3379 5319 καρπῶν
3409 5250 3817 5307 ἀποϐλέπουσα.
3854 5253 3977 5311 τςηί;

2405 5339 2513 5409 γὰρ
2546 5339 2646 5408 τῆς
2690 5340 2890 5409 ἀρετῆς
2923 5340 3181 5410 ἀθληταῖς
3215 5338 3363 5396 ἆθλα.
3398 5342 3751 5413 προτεθεικεν
3781 5338 3871 5397 οἷά
3901 5362 3979 5407 τις

2407 5430 2747 5501 ἀγωνοθέτης
2794 5432 3085 5502 φιλότιμος.
3113 5435 3140 5484 6
3192 5435 3297 5486 τῶν
3331 5434 3467 5486 ὅλων
3504 5434 3655 5499 Θεὸς,
3693 5435 3760 5488 τὰ
3795 5437 3890 5503 μὶν
3924 5438 3980 5487 ὲν

2406 5524 2541 5593 τῷδε
2570 5523 2647 5591 τῷ
2676 5522 2795 5593 βίῳ,
2833 5515 2906 5577 τὸί
2928 5525 2986 5577 δὲ
3019 5528 3074 5578 ὲν
3107 5526 3298 5595 ἐκείνῳ
3330 5525 3405 5592 τῷ
3438 5528 3611 5596 πέρας
3636 5527 3737 5582 οὐκ
3780 5526 3976 5599 ἔχοντι.

803 5684 912 5758 (67)
946 5684 1119 5743 liabet
1166 5689 1303 5744 hanc
1346 5689 1627 5758 epistolam
1651 5690 1840 5745 Latine
1898 5693 2158 5749 redditam
2202 5695 2467 5751 Baronius
2495 5695 2557 5751 ad
2590 5713 2716 5751 anu.
2750 5697 2868 5766 ΗΟ,
2906 5709 3034 5755 tom.
3070 5702 3153 5766 \‘l,
3191 5718 3243 5773 p.
3278 5702 3319 5758 6.
