4078 6320
180 358 320 424 1241

1522 357 1886 418 EPISTULA
1926 361 2176 424 LXXIII

3318 360 3455 427 1242

178 470 310 524 Τῶν
336 469 464 539 τῇδε
513 468 609 539 μὲν
645 463 738 523 οὖν
777 468 838 520 τὸ
879 467 1147 539 ὑμέτερον
1189 467 1476 537 ἁπήλαυσε
1520 466 1769 536 μέγεθος,

1893 480 2059 525 vestra
2082 474 2251 541 potita
2277 486 2381 539 est,
2413 485 2469 531 et
2502 492 2825 547 supremum
2860 477 3130 530 honorem
3154 483 3239 529 est
3259 488 3458 529 conse-

174 560 281 615 καὶ
328 560 390 613 τὸ
437 560 738 630 ἀκρότατον
782 557 999 622 ἐδέξατο
1040 558 1211 629 γέρας
1237 574 1249 587 ’
1296 558 1381 623 εἴη
1418 556 1612 619 δὲκαὶ
1664 556 1773 608 τῶν

182 652 434 723 μονίμων
465 650 684 706 ἐκείνων
712 650 805 704 καὶ
832 650 1067 721 διαρκῶν
1100 651 1199 720 τὴν
1230 648 1505 718 ὑμετέραν
1542 647 1775 715 μεγαλο-

179 727 355 813 ιρυῖαν
386 747 569 815 τυχεῖν
591 742 837 811 ἀγαθῶν,
884 744 979 797 καὶ
1012 742 1150 813 μετὰ
1182 742 1284 811 τῆς
1315 738 1593 807 ὑπατικῆς
1621 738 1773 808 ἀμπ-

178 837 383 907 εχόνης
408 833 738 904 προσλαϐεῖν
760 834 857 903 τήν
886 834 1126 905 ἄρρητον
1145 833 1241 886 καὶ
1275 831 1426 884 θείαν
1453 829 1769 902 περιὸολήν.

178 926 361 995 Κοινὴ
383 926 492 996 γὰρ
524 924 741 978 πάντων
768 923 902 995 εὐχή
925 924 1033 977 τῶν
1058 923 1275 993 ἐκείνης
1302 921 1404 991 τῆς
1429 920 1638 991 δωρεᾶς
1660 920 1775 971 ἑπι-

183 1016 477 1086 σταμένων
500 1015 573 1068 τι.
597 1015 849 1085 μέγεθος.

476 1124 594 1178 OB'.
624 1153 692 1166 ——
739 1122 1155 1195 Ἐρμησιγένει
1192 1121 1500 1190 παρέδρῳ.

272 1238 468 1291 Ἡνίκα
508 1239 617 1292 τῶν
648 1239 953 1309 ἀνθρώπων
984 1240 1012 1291 ὸ
1043 1237 1143 1306 τῆς
1184 1236 1410 1304 ἀγνοίας
1443 1233 1775 1304 κατεκέχυτο

184 1327 374 1396 ζόςος,
401 1329 463 1381 ού
486 1330 582 1393 τὰς
616 1330 784 1393 αὑτὰς
813 1329 1051 1390 ἅπαντες
1081 1327 1275 1398 ἑορτὰς
1301 1326 1614 1389 ἐπετέλουν,
1638 1325 1776 1381 ἀλλὰ

182 1422 530 1493 διηρημένας
560 1416 707 1498 εἶχον
752 1420 893 1474 κατὰ
935 1420 1120 1482 πόλεις
1148 1419 1248 1482 τὰς
1281 1417 1641 1487 πανηγύρεις.
1685 1419 1776 1473 Ἐν

189 1512 377 1565 Ἤλιδι
408 1513 505 1583 μὲν
526 1512 635 1582 γὰρ
688 1510 961 1580 Ὀλύμπια
991 1506 1079 1580 ἦν,
1111 1513 1169 1562 ὲν
1210 1508 1434 1578 Δελφοῖς
1472 1508 1529 1562 δὲ
1566 1508 1635 1561 τὰ
1665 1508 1772 1561 no.

184 1602 307 1668 θια,
344 1606 401 1656 ὲν
430 1603 487 1656 δέ
518 1619 581 1671 γε
604 1605 669 1673 τῇ
698 1603 924 1673 Σπάρτῃ
950 1601 1019 1654 τὰ
1062 1599 1369 1663 Ὑακίνθια,
1426 1600 1685 1672 Ἀθήνῃσι
1716 1600 1775 1653 δὲ

184 1693 262 1747 τὰ
284 1692 396 1766 (48)
430 1692 806 1762 Παναθήναια,
840 1691 936 1744 καὶ
957 1691 1025 1743 τὰ
1050 1691 1423 1762 Θεσμοφόρια,
1449 1692 1543 1744 καὶ
1560 1691 1628 1743 τὰ
1658 1694 1778 1743 Διο-

1876 572 2021 616 cuta.
2061 564 2278 631 Utinam
2312 575 2365 619 et
2400 566 2693 622 stabilibus
2735 567 2845 621 illis
2874 582 2936 620 ac
2977 564 3260 634 perpetuis
3296 562 3459 617 bonis

1876 653 2271 710 sublimitatem
2312 664 2457 711 tuam
2490 658 2597 712 t‘rui
2638 646 2938 728 contingat,
2975 665 3031 711 et
3066 672 3189 710 cum
3221 656 3461 726 palmata

1876 747 2151 800 consulari
2173 746 2508 803 ineﬂ‘abilem
2544 749 2899 818 divinamque
2922 758 3129 803 vestem
3154 760 3457 802 assumere.

1875 834 2175 893 Commune
2224 855 2460 909 namque
2515 848 2706 894 votum
2753 847 2837 894 est
2884 839 3133 894 omnium
3175 837 3270 909 qui
3312 837 3463 894 illius

1876 927 2006 981 doni
2043 930 2477 1001 magnitudinem
2510 932 2844 1002 intelligunt.

2058 1123 2269 1193 1122
2310 1125 2518 1181 LXXII.
2550 1157 2622 1165 ——
2652 1126 3012 1196 Hermesigem‘
3051 1128 3324 1180 assessorr'.

1971 1232 2091 1299 Quo
2174 1243 2420 1305 tempore
2508 1237 2795 1291 hominum
2876 1237 3065 1307 generi
3131 1238 3462 1294 circumfusa

1881 1323 2202 1393 ignorantia:
2255 1342 2361 1380 nox
2421 1336 2573 1391 erat,
2641 1344 2750 1382 non
2809 1328 3003 1383 eadem
3062 1343 3255 1383 omnes
3326 1329 3464 1384 festa

1880 1415 2253 1481 celebrabant,
2301 1417 2397 1471 sed
2451 1405 2698 1473 diversas
2742 1420 2974 1490 singulis
3029 1421 3083 1475 in
3143 1421 3467 1478 civitatibus

1881 1505 2111 1575 agebant
2145 1520 2463 1580 panegyres.
2504 1504 2641 1563 Nam
2674 1511 2729 1569 in
2762 1510 2919 1566 Elide
2958 1511 3185 1581 quidem
3210 1512 3466 1584 Olympia

1880 1607 2057 1663 erant,
2098 1599 2242 1667 apud
2273 1601 2512 1669 Delphos
2542 1618 2674 1656 vero
2700 1602 2919 1672 Pythia,
2954 1610 3009 1657 et
3040 1604 3184 1673 apud
3214 1605 3467 1674 Spartam

1883 1705 2076 1745 rursus
2135 1691 2487 1761 Hyacinthia,
2540 1694 2772 1749 Athenis
2822 1710 2956 1749 vero
3003 1695 3382 1759 Panathenaea,
3412 1706 3471 1751 et

187 1783 374 1838 νύσια.
416 1781 693 1851 Ἐπίσημα
724 1780 781 1834 δὲ
808 1776 910 1851 ήν·
961 1780 1057 1834 καὶ
1087 1778 1323 1844 ἄλλοιρὲ
1364 1781 1539 1835 ἄλλων
1590 1778 1780 1832 ἐπετέ-

1893 1781 2351 1851 I‘hesmOphoria,
2408 1794 2465 1837 et
2506 1784 2784 1855 Dionysia.
2843 1784 3081 1855 Insignia
3133 1798 3300 1855 porro
3352 1784 3471 1841 haac

187 1874 320 1929 λουν
345 1871 817 1945 δημοθοινίανμθ)
838 1872 1129 1943 δαιμόνων.
1172 1872 1389 1942 Ἐπειδὴ
1423 1870 1571 1925 δὲτὸ
1600 1871 1782 1942 νοερὸν

189 1966 315 2038 φῶς
340 1966 437 2036 τὴν
468 1965 635 2036 ἀχλὺν
668 1963 883 2036 ἐκείνην
923 1964 1205 2029 ἐσκέδασε,
1234 1962 1511 2033 πανταχοῦ
1545 1964 1651 2033 γῆς
1685 1963 1782 2016 καὶ

189 2056 467 2129 θαλάττης
518 2055 822 2127 ἡπειρῶται
867 2056 964 2109 καὶ
1012 2056 1280 2126 νησιῶται
1325 2059 1480 2128 κοινῇ
1509 2054 1603 2108 τοῦ
1645 2054 1782 2108 Θεοῦ

192 2150 295 2202 καὶ
324 2149 577 2219 Σωτῆρος
607 2149 766 2220 ήμῶν
795 2144 1107 2202 ἐπιτελοῦσι
1134 2147 1235 2211 τὰς
1265 2147 1460 2217 ἑορτάς
1482 2163 1496 2177 ’
1535 2148 1630 2199 καὶ
1656 2146 1784 2198 ἔνθα

193 2238 265 2294 ἄν
294 2257 378 2304 τις
417 2239 769 2311 ἀποδημῆσαι
799 2239 1021 2311 θελήσῃ,
1059 2240 1162 2294 κᾶν
1192 2240 1329 2310 πρὸς
1356 2240 1508 2309 ἥλιον
1535 2238 1785 2308 ἀνίσχον-

194 2347 289 2396 τα,
319 2330 419 2385 κᾶν
454 2330 589 2399 πρὸς
618 2331 897 2403 δυόμενον,
928 2332 1207 2402 πανταχοῦ
1230 2331 1328 2403 τὴν
1354 2330 1523 2400 αὐτὴν
1556 2331 1782 2401 εὑρήσει

195 2422 342 2476 κατὰ
376 2422 468 2475 τὸν
514 2423 675 2474 αὐτὸν
729 2424 922 2493 χρόνον
973 2420 1405 2492 ἐπιτελουμένην
1448 2422 1781 2490 πανήγυριν.

195 2513 334 2583 Οὐδὲ
359 2512 466 2582 γὰρ
500 2514 641 2566 κατὰ
663 2512 755 2565 τὸν
788 2513 1068 2576 Μωῦσέως
1098 2513 1284 2583 νόμον,
1308 2512 1397 2565 τὸν
1420 2514 1484 2583 τῇ
1512 2510 1784 2565 Ἰουδαίων

197 2604 456 2675 ἀσθενείᾳ
514 2605 904 2674 συμϐαίνοντα,
952 2607 1031 2667 είς
1092 2604 1220 2673 μίαν
1272 2602 1496 2672 ἀνάγκη
1549 2603 1784 2655 συνιέναι

199 2692 378 2755 πόλιν,
409 2692 503 2745 καὶ
532 2692 641 2746 τῶν
680 2694 1013 2765 εὐεργεσιῶν
1059 2693 1343 2769 ἑορτάζειν
1386 2693 1487 2767 τήν
1518 2695 1738 2767 μνήμην
1767 2711 1782 2727 ’

199 2783 338 2838 ἀλλὰ
365 2786 513 2838 πᾶσα
549 2784 722 2852 πόλις,
756 2787 850 2842 καὶ
891 2789 1040 2842 πᾶσα
1095 2787 1281 2859 κώμη,
1319 2789 1413 2841 καὶ
1463 2788 1646 2859 ἀγροὶ,
1692 2790 1787 2841 καὶ

198 2880 477 2950 ἐσχατιαὶ,
510 2877 610 2949 τῆς
656 2880 809 2942 θείας
852 2878 1268 2951 ἐνεπλήσθησαν
1294 2878 1549 2949 χάριτοςο
1594 2879 1690 2931 καὶ
1728 2881 1786 2932 ὲν

199 2972 366 3023 παντὶ
395 2970 544 3040 τόπῳ
577 2970 735 3039 σηκοὶ
780 2969 912 3022 θεῖοι
946 2972 1041 3023 καὶ
1070 2971 1277 3041 τεμένη
1309 2969 1673 3039 καθιέρωνται
1710 2967 1788 3038 τῷ

199 3058 477 3113 τῶνίδλων
494 3058 631 3130 Θεῷ.
665 3059 765 3112 Διά
780 3078 861 3113 τοι
888 3058 1049 3114 τοῦτο
1082 3060 1177 3112 καὶ
1207 3060 1349 3114 κατὰ
1374 3058 1561 3122 πόλεις
1590 3060 1787 3129 διῃρη-

207 3149 360 3221 μένοι
396 3150 864 3221 πανηγυρίζομεν,
895 3151 989 3204 καὶ
1014 3147 1080 3203 αὖ
1114 3150 1278 3204 πάλιν
1307 3150 1672 3220 κοινωνοῦμεν
1698 3149 1789 3203 αλ-
1817 3131 1860 3190 C

202 3241 389 3312 λήλοις
428 3241 535 3295 τῶν
568 3244 794 3313 ἑορτῶν.
827 3244 931 3296 Τὸν
961 3244 1067 3315 γὰρ
1094 3244 1256 3297 αὐτὸν
1291 3244 1427 3297 Θεόν
1471 3262 1529 3297 τε
1569 3244 1666 3297 καί⁵
1698 3247 1795 3296 Δε-

206 3332 414 3403 σπότην
465 3335 578 3395 τοῖς
628 3333 818 3403 ὕμνοις
846 3334 1202 3404 γεραίρομεν,
1248 3338 1342 3389 καὶ
1381 3336 1483 3399 τὰς
1527 3335 1797 3407 μυστικὰς

204 3422 355 3492 αύτῷ
377 3407 564 3486 θυσίας
591 3424 1000 3496 προσφέρομεν.
1038 3427 1244 3480 Τούτου
1276 3427 1339 3497 δὴ
1374 3428 1533 3497 χάριν
1576 3429 1668 3481 καὶ
1707 3428 1797 3482 διὰ

204 3514 552 3583 γραμμάτων
597 3515 862 3585 ἀλλήλους
904 3518 953 3569 οί
985 3518 1389 3584 γειτονεύοντες
1417 3520 1796 3590 προσφθεγγόο

209 3604 371 3673 μεθα,
400 3606 500 3675 τὴν
536 3607 601 3675 ὲκ
644 3609 739 3675 τῆς
769 3608 965 3676 ἑορτῆς
996 3609 1359 3680 ἐγγινομένην
1400 3608 1668 3681 θυμηδίαν
1693 3628 1795 3682 ση-

211 3693 515 3764 μαίνοντες.
542 3695 713 3749 Τοῦτο
749 3695 903 3764 κάγὼ
936 3696 1029 3749 νῖν
1058 3697 1217 3763 ποιῶ,
1247 3698 1340 3751 καὶ
1368 3698 1465 3768 τὴν
1502 3700 1793 3769 ἑορταστι-

206 3782 312 3854 κήν
368 3785 671 3856 πρόσρησιν
728 3787 793 3858 τῇ
845 3789 911 3858 σῇ
962 3788 1406 3860 μεγαλοπρεπείᾳ
1478 3788 1795 3859 προσφέρω.

220 3873 529 3928 ’Δντιδώσει
564 3875 619 3929 δὲ
650 3878 741 3929 καὶ
762 3876 899 3947 αὑτὴ
934 3877 1151 3941 παντως
1180 3877 1276 3949 τὴν
1296 3880 1439 3949 ῐσην,
1457 3881 1550 3933 καὶ
1576 3882 1797 3952 τιμήσει

207 3964 303 4019 τὸν
327 3966 495 4036 νόμον
519 3966 620 4035 τῆς
650 3968 865 4038 ἑορτῆς.

662 4080 781 4134 Ol".
817 4112 885 4121 —-
931 4082 1337 4151 Ἀπολλωνίῳ.

279 4191 651 4263 Θεμιστοκλέα
698 4193 789 4246 τὸν
836 4194 1160 4257 Νεοκλέους,
1205 4196 1297 4248 τὸν
1337 4197 1559 4267 ἄριστον
1591 4196 1799 4250 ἐκεῖνον

210 4288 307 4341 καὶ
335 4285 665 4355 ἀξιάγαστον
688 4287 1014 4357 στρατηγὸν,
1042 4286 1341 4356 θαυμάζων
1364 4291 1391 4342 ό
1416 4290 1796 4358 συγγραφεὺς,

215 4378 448 4447 φυσικὴν
488 4378 639 4447 αύτῷ
698 4378 868 4449 μόνην
923 4378 1505 4450 προσμεμαρτύρηκεν
1561 4381 1797 4450 ἀρετήν⁸

1885 1884 2060 1937 erant,
2081 1882 2136 1929 et
2157 1875 2249 1929 alii
2280 1875 2516 1931 aliorum
2548 1876 2859 1931 daemonum
2882 1876 3076 1945 epulas
3095 1876 3469 1931 instruebant.

1884 1966 2177 2037 Postquam
2208 1984 2341 2023 vero
2359 1969 2455 2022 lux
2482 1968 2762 2023 mentibus
2793 1958 2974 2022 infusa
3002 1967 3292 2039 caliginem
3319 1968 3472 2023 illam

1885 2055 2179 2125 discussit,
2235 2040 2441 2128 ubique
2479 2070 2751 2113 terrarum
2786 2075 2851 2114 ac
2897 2060 3153 2123 marium,
3198 2068 3254 2113 et
3284 2059 3468 2114 conti-

1885 2149 2067 2204 nentis
2104 2149 2297 2205 incolze
2317 2158 2373 2203 et
2415 2149 2677 2215 insulani,
2713 2164 2822 2205 una
2854 2164 3048 2204 omnes
3078 2150 3191 2204 Deo
3228 2158 3285 2203 et
3341 2149 3471 2205 Ser-

1884 2240 2059 2295 vatori
2099 2250 2289 2295 nostro
2318 2240 2437 2296 dies
2466 2241 2633 2295 festos
2665 2248 2854 2312 agunt,
2887 2248 2944 2295 et
2968 2256 3299 2310 quocunque
3341 2256 3473 2321 per-

1884 2348 2011 2402 gere
2046 2333 2171 2401 quis
2196 2333 2349 2397 velit,
2394 2334 2511 2388 sive
2550 2332 2617 2387 ad
2652 2328 2789 2388 solis
2830 2343 3035 2397 ortum,
3071 2332 3186 2387 sive
3213 2331 3277 2386 ad
3314 2346 3473 2386 occa-

1885 2440 2028 2489 sum,
2071 2425 2319 2479 eamdem
2350 2426 2553 2496 ubique
2592 2426 2834 2497 reperiet
2874 2424 3070 2480 eodem
3103 2434 3347 2493 tempore
3383 2414 3474 2478 so-

1885 2514 2226 2570 lemnitatem
2252 2517 2540 2571 celebrari.
2573 2517 2762 2589 Neque
2807 2516 2956 2574 enim
2996 2516 3152 2589 juxta
3186 2514 3355 2573 Mosis
3397 2514 3479 2572 It)-

1885 2621 2029 2679 gem,
2045 2605 2359 2665 Judaaorum
2384 2608 2685 2681 inﬁrmitati
2708 2608 3199 2672 accommodatam,
3227 2608 3283 2663 in
3308 2624 3478 2662 unam

1886 2709 2115 2750 necesse
2164 2705 2253 2752 est
2302 2698 2581 2752 civitatem
2628 2692 2934 2763 conﬂuere,
2966 2697 3479 2767 beneﬂciorumque

1886 2785 2209 2840 memoriam
2240 2786 2490 2842 feriando
2518 2789 2783 2842 recolere.
2815 2787 2922 2843 Sed
2952 2787 3206 2841 civitates
3228 2786 3478 2859 singulae,

1888 2885 1945 2929 et
1970 2875 2100 2939 vici,
2136 2883 2193 2929 et
2242 2877 2379 2947 agri,
2427 2888 2483 2932 et
2535 2893 2646 2932 orae
2699 2878 2906 2931 ultima:
2957 2876 3142 2931 divina
3190 2874 3483 2932 cumulatae

1888 2975 2018 3021 sunt
2040 2968 2232 3037 gratia,
2262 2968 2506 3037 locisque
2531 2968 2793 3022 omnibus
2823 2967 3010 3021 divina
3048 2968 3254 3037 templa
3283 2976 3341 3022 et
3382 2967 3481 3022 de—

1884 3056 2049 3119 lubra
2096 3058 2486 3113 universorum
2547 3059 2661 3113 Deo
2712 3068 2927 3113 sacrata
2986 3067 3138 3113 sunt.
3197 3059 3388 3130 Itaque
3427 3068 3486 3115 et

1895 3144 2136 3215 singulas
2184 3161 2283 3214 per
2332 3146 2496 3201 urbes
2551 3146 2716 3201 divisi
2774 3155 3083 3203 conventus
3136 3148 3370 3218 agimus,
3427 3158 3486 3204 et

1898 3234 2041 3287 inter
2071 3250 2171 3288 nos
2194 3251 2382 3288 rursus
2409 3234 2676 3290 festorum
2702 3238 2969 3292 solemnia
2990 3239 3484 3293 communicamus.

1897 3323 2165 3379 Eumdem
2198 3325 2401 3395 quippe
2438 3328 2454 3346 '
2502 3328 2677 3381 Deum
2713 3343 2779 3382 ac
2809 3328 3102 3382 Dominum
3135 3328 3354 3399 hymnis
3389 3344 3480 3384 ve-

1897 3434 2177 3482 neramur,
2225 3426 2280 3473 et
2330 3419 2587 3489 mysticas
2636 3420 2711 3473 illi
2744 3418 2956 3475 hostias
2984 3420 3489 3476 ofl‘erimus..Unde

1897 3525 1997 3579 per
2027 3509 2239 3564 litteras
2266 3512 2431 3565 etiam
2485 3512 2579 3582 qui
2631 3511 2803 3566 vicini
2853 3528 3045 3567 sumus
3098 3505 3335 3568 invicem
3389 3529 3493 3569 nos

1898 3601 2221 3665 salutamus,
2253 3618 2417 3671 quam
2443 3618 2510 3657 ex
2530 3602 2673 3658 festo
2708 3604 2956 3672 capimus
2984 3604 3232 3659 laetitiam
3278 3604 3492 3674 signiti-

1899 3700 2107 3745 cantes.
2135 3690 2251 3744 Iloc
2271 3699 2327 3745 ct
2355 3707 2455 3761 ego
2484 3707 2633 3745 nunc
2673 3708 2794 3761 ago,
2856 3691 3069 3762 1123
3131 3691 3491 3761 festalemque

1900 3782 2321 3853 magnificentia:
2376 3790 2482 3837 tua:
2529 3783 2918 3838 salutationem
2974 3784 3155 3838 mitto.
3212 3785 3295 3839 'l‘u
3335 3784 3493 3855 paria

1900 3888 2127 3943 prorsus
2155 3872 2445 3944 rependes,
2482 3883 2539 3928 et
2569 3874 2695 3930 festi
2722 3875 2899 3946 legem
2929 3874 3272 3930 observabis.

2328 4036 2336 4058 Ι
2362 4080 2598 4136 LXXIII.
2626 4111 2697 4120 —
2719 4080 3026 4152 Apollonio.

1973 4191 2402 4247 Themistoclem
2446 4192 2665 4247 Neoclis
2716 4191 2911 4256 ﬁlium,
2971 4191 3493 4262 praestantissimum

1902 4283 2059 4338 illum
2084 4292 2137 4339 et
2155 4284 2596 4339 laudatissimum
2624 4284 2843 4349 ducem,
2868 4283 3149 4337 admirans
3170 4283 3493 4347 historicus,

1906 4376 2139 4429 naturali
2180 4375 2450 4430 duntaxat
2492 4375 2698 4431 virtute
2744 4377 3033 4446 praeditum
3066 4376 3236 4431 fuisse
3264 4382 3499 4431 testatus

214 4467 483 4537 Περικλέα
504 4467 585 4531 δὲ,
628 4468 721 4521 τὸν
749 4468 1086 4541 Ξανθίππου,
1121 4470 1215 4523 καὶ
1246 4471 1345 4539 τὴν
1392 4470 1500 4523 ἀπὸ
1536 4470 1635 4541 τῆς
1672 4488 1790 4524 παι-

1904 4474 1989 4521 est
2018 4482 2031 4531 ;
2069 4467 2333 4521 Periclem
2369 4482 2502 4520 vero
2528 4467 2846 4537 Xanthippo
2872 4478 3085 4531 natum,
3122 4468 3288 4521 etiam
3336 4483 3365 4520 a
3408 4466 3498 4519 di-

212 4558 360 4621 δείας
390 4558 493 4629 ἔφη
536 4559 961 4630 προσειληφέναι
1007 4560 1309 4629 δεινότητα,
1356 4563 1451 4615 καὶ
1485 4562 1583 4632 τὴν
1626 4562 1799 4616 πειθὼ

214 4650 326 4710 τοῖς
358 4648 535 4716 λόγοις
579 4650 916 4714 ὲπιστάζειν,
951 4652 1047 4704 καὶ
1080 4653 1253 4725 ταύτῃ
1298 4656 1632 4725 κατακηλεῖν
1674 4655 1800 4718 τοὺς

155 4784 163 4790 .
215 4738 531 4804 ἀκούοντας,
563 4742 655 4794 καὶ
684 4742 867 4795 ἱκανὸν
888 4742 1142 4811 γενέσθαι
1170 4745 1374 4813 γνῶναί
1401 4763 1459 4799 τε
1493 4748 1561 4799 τὰ
1584 4746 1798 4813 δέοντα.

216 4831 309 4884 καὶ
331 4831 675 4902 ἑρμηνεῦσαι
715 4832 907 4887 ταῦτα.
940 4833 1109 4887 Οὐδὲν
1139 4835 1249 4906 γὰρ
1274 4838 1506 4899 ἀπεικὸς
1549 4837 1678 4906 περὶ
1705 4838 1803 4891 αύ-

217 4922 310 4976 τοῦ
356 4924 639 4994 γράφοντα
685 4926 794 4989 τοῖς
836 4925 1002 4979 αὐτοῦ
1044 4926 1226 4993 λόγοις
1263 4927 1584 5001 κεχρῆσθαι.
1616 4926 1805 4980 Ταῦτα

222 5017 313 5072 καὶ
359 5017 460 5087 τὴν
493 5018 591 5085 σὴν
640 5016 950 5087 λαμπρύνει
1001 5017 1503 5090 μεγαλοπρέπειαν.
1544 5020 1654 5073 Καὶ
1690 5019 1801 5090 γὰρ

220 5108 400 5174 δεξιάν
432 5125 514 5161 σοι
542 5107 701 5175 φύσιν
750 5108 955 5161 ἔδωκεν
985 5111 1013 5161 ό
1051 5110 1469 5181 δημιουργήσας
1514 5110 1667 5175 Θεὸς,
1712 5111 1808 5163 καὶ

220 5196 316 5267 τῆς
344 5196 593 5260 παιδείας
620 5200 653 5268 ή
685 5197 947 5267 μετουσία
977 5199 1038 5251 τὸ
1076 5199 1281 5270 ταύτης
1311 5200 1553 5254 δείκνυσι
1588 5200 1807 5265 κάλλος.

222 5288 387 5342 Οὐδὲν
405 5289 585 5341 τοίνυν
616 5288 852 5342 ἐλλείπει
878 5289 954 5361 τῷ
986 5290 1203 5360 πλούτῳ
1228 5292 1327 5362 τῆς
1351 5291 1576 5360 ἀρετῆς,
1601 5292 1633 5362 ἦ
1666 5292 1802 5363 μόνη

220 5379 315 5434 τοῦ
352 5380 715 5450 πεποιηκότος
754 5383 787 5452 ὴ
830 5381 1058 5449 γνῶσις·
1108 5382 1313 5452 ταύτης
1365 5383 1471 5455 γὰρ
1509 5400 1804 5453 προσγενο-

226 5471 413 5544 μένης,
458 5473 783 5537 τελευτάτην
824 5474 1019 5545 ἕξομεν
1057 5476 1165 5529 τῶν
1215 5475 1438 5544 ἀγαθῶν
1470 5476 1568 5547 τὴν
1609 5479 1802 5549 φοράν.

917 5700 1285 5825 δημΊρθοινίαν,
1310 5703 1561 5785 publicas
1590 5704 1803 5773 epulas,

290 5783 622 5825 scrmsncum
651 5769 865 5825 ναίειςιο
909 5771 976 5825 ad
1059 5771 1220 5825 hcod.
1256 5773 1392 5825 Ιιιδι.
1428 5772 1609 5825 cccles.
1640 5775 1803 5825 v.21.

223 5769 865 5841 rcscripsicum'Valesio
909 5769 1220 5845 adThcod.
1256 5769 1392 5827 Hist.
1428 5769 1806 5843 ccclesfvﬂl,

1905 4559 2139 4627 sciplina
2178 4558 2431 4612 haustam
2481 4558 2803 4613 facultatem
2832 4557 3148 4629 adiunxisse
3177 4558 3336 4621 dixit,
3368 4572 3496 4611 sua-

1905 4650 2196 4719 delamque
2246 4665 2531 4704 sermones
2558 4649 2850 4715 instillare,
2879 4660 2933 4704 et
2960 4650 3063 4704 hac
3083 4649 3373 4704 audientes
3405 4648 3502 4703 de-

1906 4742 2171 4806 mulcere,
2196 4741 2570 4812 idoncumque
2593 4742 2891 4806 eXStitisse,
2915 4743 3009 4811 qui
3036 4750 3091 4796 et
3115 4741 3501 4796 convenientia

1909 4843 2118 4898 nosset,
2150 4842 2206 4888 et
2236 4833 2418 4903 eloqui
2453 4833 2645 4887 eadem
2690 4840 2896 4904 posset.
2943 4834 3055 4888 Nec
3101 4832 3251 4887 enim
3304 4825 3502 4885 absur-

1910 4926 2043 4980 dum
2075 4932 2180 4989 est,
2211 4940 2336 4979 cum
2384 4924 2452 4979 de
2481 4924 2574 4979 illo
2632 4924 2895 4986 scribam,
2946 4924 3120 4994 ipsius
3162 4922 3350 4977 verbis
3394 4922 3499 4977 uti.

1904 5017 2082 5073 Tuam
2111 5016 2229 5072 haac
2253 5030 2475 5085 quoque
2500 5016 2781 5069 illustrant
2830 5014 3315 5086 magnificentiam.
3364 5012 3500 5069 Nam

1903 5118 1960 5163 et
1983 5108 2231 5162 dextram
2261 5107 2589 5176 felicemque
2621 5105 2721 5161 tibi
2747 5115 3004 5161 naturam
3033 5104 3505 5161 tribuitconditor

1906 5198 2074 5263 Deus,
2105 5205 2161 5252 et
2195 5196 2451 5268 adjuncta
2481 5195 2771 5267 disciplina
2825 5197 2990 5268 hujus
3028 5195 3503 5267 pulchritudinem

1910 5290 2274 5347 demonstrat.
2310 5287 2491 5356 Quare
2531 5288 2597 5343 ad
2630 5290 2853 5344 virtutis
2875 5304 3009 5359 Opes
3047 5289 3198 5343 aliud
3238 5288 3394 5342 deest
3422 5286 3507 5339 ni-

1910 5384 2010 5449 hil,
2046 5383 2154 5438 nisi
2188 5382 2301 5437 sola
2333 5380 2579 5437 auctoris
2621 5380 2902 5452 cognitio:
2946 5396 3068 5450 quae
3108 5380 3155 5434 si
3186 5376 3501 5441 accesserit,

1912 5474 2369 5547 perfectissimam
2410 5472 2684 5527 bonorum
2733 5473 2949 5543 copiam
2993 5471 3341 5527 habebimus.
3378 5467 3505 5525 Haec

1915 5633 2007 5687 ubi
2040 5632 2182 5688 idem
2212 5631 2541 5687 vocabulum
2571 5628 2739 5683 habet
2781 5635 3004 5695 noster;
3051 5626 3292 5696 itemque
3342 5638 3505 5693 supra

1915 5705 2075 5773 epist.
2110 5703 2196 5768 64,
2231 5702 2284 5757 in
2312 5701 2476 5757 simili
2506 5707 2785 5755 contextu.
