4078 6320
342 392 489 464 1245

1646 392 2013 456 EPISTULA
2055 396 2344 459 LXXVII.

3512 398 3648 465 1246

342 505 529 576 φέρει,
576 506 672 560 καὶ
698 505 1016 578 γαννύμεθα
1055 505 1115 559 τὸ
1165 505 1258 559 σὺν
1291 503 1583 569 ἀκούοντες
1618 506 1799 566 κλέος.
1832 503 1947 558 Νῦν

2056 520 2288 575 murque
2340 506 2571 577 gloriam
2611 514 2759 562 tuam
2791 507 3101 564 audientes.
3127 507 3286 563 Nunc
3314 524 3447 565 vero
3478 511 3650 581 potis—

343 599 405 652 δὲ
435 599 803 671 διαφερόντως
836 596 1039 669 πολλῆς
1079 597 1497 671 ἑνεπλήσθημεν
1527 597 1799 667 θυμηδίας
1822 613 1838 628 ο
1876 596 1938 649 τὸ

345 690 460 762 γὰρ
512 689 731 745 πάντων
775 691 907 761 ἡμῖν
952 688 1363 762 ἐρασμιώτερον
1416 689 1840 761 μεμαθήκαμεν.
1878 688 1944 741 Τί

346 783 463 852 γὰρ
490 783 639 854 ἡμῖν,
675 776 722 836 ὧ
750 783 963 852 ἄριστε,
992 780 1405 855 θυμηρέστερον
1433 779 1529 833 τοῦ
1561 779 1661 851 τὴν
1695 779 1944 855 ἀξιέπαι-

347 874 443 926 νόν
473 889 567 927 σου
596 872 775 943 ψυχὴν
802 871 881 944 τῷ
907 871 1006 942 τῆς
1041 872 1295 940 γνώσεως
1332 873 1473 941 φωτὶ
1516 854 1945 941 πεφωτισμένην

354 966 487 1018 ἰδεῖν
512 982 527 1032 ;
564 964 665 1018 Τὸν
692 962 804 1042 γάρ
834 962 1049 1028 πολλοῖς
1076 963 1457 1035 κοσμούμενον
1486 962 1682 1015 είίεσιν
1716 960 1944 1032 ἀρετῆς,

347 1056 562 1111 δίκαιον
604 1054 887 1127 ἡγούμεθα
929 1055 1021 1110 καὶ
1057 1055 1148 1109 τὸν
1174 1052 1378 1123 ταύτης
1421 1053 1751 1124 προσλαϐεῖν
1792 1053 1948 1105 κολο-

350 1148 542 1216 φῶνα·
567 1150 663 1201 καὶ
705 1148 1040 1218 πιστεύομεν
1085 1146 1162 1209 ὡς
1200 1143 1447 1215 ὀψόμεθα
1491 1146 1553 1198 τὸ
1587 1143 1944 1215 ποθούμενον.

364 1240 632 1310 Ἀρπάσει
655 1241 765 1310 γὰρ
794 1239 953 1312 δῆλον
999 1240 1081 1293 ὅτι
1118 1237 1420 1309 προθύμως
1448 1240 1481 1309 ἡ
1516 1237 1583 1307 σὴ
1620 1236 1950 1307 λαμπρότης

345 1331 456 1401 τὴν
480 1329 759 1385 θεόσδοτον
788 1330 1019 1401 δωρεάν,
1058 1330 1212 1401 παρὰ
1247 1328 1489 1401 γνησίων
1523 1328 1690 1399 φίλων
1719 1328 1815 1381 καὶ
1848 1345 1946 1380 σα-

348 1421 474 1490 φῶς
492 1422 697 1493 ταύτης
721 1420 1104 1491 ἐπισταμένων
1127 1421 1187 1475 τὸ
1219 1420 1451 1492 μέγεθος
1493 1420 1945 1493 προτρεπομένη,

349 1513 451 1568 καὶ
509 1514 648 1584 πρὸς
694 1514 784 1567 τὸν
837 1511 1217 1584 μεγαλόδωρον
1239 1511 1625 1589 ποδηγουμένη
1648 1511 1802 1574 Θεὸν,
1830 1529 1847 1562 ι
1888 1510 1949 1575 ὃς

349 1606 564 1671 πάντας
598 1605 921 1677 ἀνθρώπους
942 1605 1088 1658 θέλει
1125 1604 1385 1675 σωθῆναι,
1409 1604 1504 1657 καὶ
1530 1603 1610 1667 είς
1650 1601 1949 1673 ἐπίγνωσιν

345 1696 610 1768 ἀληθείας
627 1696 822 1763 ἐλθεῖν,
853 1715 871 1747 ι
893 1696 991 1749 καὶ
1018 1696 1087 1749 δι’
1109 1694 1415 1767 ἀνθρώπων
1434 1694 1756 1765 ἀνθρώπους
1778 1711 1953 1767 σαγη-

346 1788 499 1843 νεύει
538 1789 674 1862 πρὸς
704 1790 1004 1860 σωτηρίαν,
1031 1789 1113 1852 είς
1147 1788 1344 1858 ἀγήρω
1371 1786 1518 1858 ζωὴν
1545 1787 1674 1851 τοὺς
1713 1789 1950 1858 ἀγρευο-

2048 595 2247 651 simum
2276 598 2485 671 ingenti
2507 598 2707 669 gaudio
2736 599 2934 672 repleti
2966 615 3182 666 sumus,
3218 616 3345 655 cum
3392 601 3450 656 id
3498 602 3647 657 didi-

2049 688 2292 744 cerimus
2334 690 2485 758 quod
2558 691 2777 746 caeteris
2829 693 3093 747 omnibus
3150 693 3444 748 amabilius
3490 693 3653 748 nobis

2048 790 2189 835 erat.
2241 780 2386 849 Quid
2426 783 2577 838 enim
2614 783 2801 851 nobis,
2858 785 2944 839 vir
2971 785 3201 856 optime,
3232 786 3648 855 sitjucundius,

2047 888 2237 941 quam.
2267 873 2604 931 laudabilem
2652 876 2895 931 animam
2941 884 3089 932 luam
3143 877 3389 933 scientia:
3438 877 3651 933 lumine

2048 964 2380 1019 illustratam
2416 966 2715 1023 contueri?
2750 968 2890 1023 Eum
2921 967 3149 1039 quippe,
3198 969 3295 1039 qui
3354 966 3653 1038 multiplici

2048 1059 2273 1113 virtutis
2290 1061 2495 1129 genere
2524 1061 2594 1114 sit
2618 1069 2868 1128 ornatus,
2898 1076 3119 1130 aequum
3141 1076 3437 1117 censemus
3470 1061 3651 1131 ipsum

2049 1149 2219 1204 etiam
2277 1150 2428 1205 illius
2480 1138 2859 1222 colophonem,
2905 1152 3229 1223 adiungere,
3259 1152 3653 1220 credimusque

2048 1254 2153 1294 nos
2180 1241 2329 1310 quod
2351 1241 2607 1311 cupimus
2656 1249 3076 1312 conspecturos.
3143 1245 3158 1263 ‘
3206 1240 3455 1310 Arripiet
3502 1240 3653 1293 enim

2054 1332 2201 1387 haud
2257 1331 2424 1387 dubie
2473 1342 2731 1403 prompto
2787 1335 2972 1389 animo
3025 1332 3247 1389 claritas
3277 1339 3368 1386 tua
3403 1330 3655 1387 divinum

2050 1423 2282 1488 donum,
2315 1423 2596 1495 germanis
2620 1423 2833 1489 amicis,
2866 1423 2960 1492 qui
3002 1422 3169 1494 hujus
3212 1420 3657 1492 magnitudinem

2050 1517 2299 1587 apprime
2357 1514 2567 1583 norint,
2626 1515 3043 1586 instigantibus,
3106 1521 3165 1569 et
3214 1514 3284 1569 ad
3328 1513 3654 1569 muniﬁcum

2051 1608 2505 1663 datorem'Deum
2536 1606 2966 1675 deducentibus,
2992 1607 3089 1678 qui
3123 1626 3142 1660 ι
3176 1622 3374 1662 omnes
3397 1604 3658 1660 homines

2051 1701 2171 1755 vult
2216 1701 2398 1755 salvos
2450 1699 2594 1766 ﬁeri,
2654 1708 2712 1756 et
2762 1699 2830 1753 ad
2881 1698 3220 1771 agnitionem
3269 1695 3525 1752 veritatis
3556 1711 3655 1751 ve-

2052 1794 2177 1847 nire
2210 1792 2253 1824 “
2282 1810 2294 1845 :
2327 1810 2346 1841 ι
2386 1791 2485 1863 qui
2543 1789 2834 1845 hominum
2875 1805 3045 1861 opera
3101 1788 3358 1845 homines
3408 1787 3658 1858 piscatur

352 1887 549 1952 μένους
577 1848 931 1951 ἀπάγων.”’0
964 1848 1064 1951 μὲν
1231 1848 1517 1949 ίΙχθυολκδς
1546 1848 1668 1932 τῶν-
1686 1848 1942 1948 θηρωμὲ-

2056 1882 2120 1939 ad
2170 1848 2429 1950 salutem:
2483 1882 2553 1937 ad
2591 1880 2735 1937 senii
2778 1848 3064 1951 expertem
3095 1880 3266 1934 vitam
3301 1848 3496 1949 captos
3527 1893 3658 1948 per-

347 1992 458 2029 νων
485 1975 586 2045 τὴν
619 1974 764 2044 ζωὴν
793 1975 1145 2044 ἀφαιρεῖται·
1190 1974 1219 2026 ό
1254 1971 1311 2025 δὲ
1345 1970 1615 2042 ἡμέτερος
1646 1969 1946 2025 ἀσπαλιευ-

342 2066 471 2136 οτὴς,
519 2066 656 2137 ὅπερ
705 2064 771 2119 ἂν
813 2066 1094 2136 ζωγρήσῃ,
1137 2062 1247 2116 τῶν
1280 2061 1495 2134 πικρῶν
1534 2061 1813 2132 ἐλευθεροῖ
1849 2058 1945 2113 τοῦ

350 2154 584 2209 θανάτου
638 2154 875 2224 δεσμῶν.
947 2152 1154 2206 Τούτου
1218 2154 1379 2224 χάριν
1451 2171 1469 2205 ι
1515 2155 1608 2206 ἐπὶ
1676 2151 1781 2223 τῆς
1844 2153 1947 2221 γῆς

350 2249 534 2322 ὤφθη,
568 2250 663 2301 καὶ
686 2250 797 2312 τοῖς
832 2244 1146 2319 ἀνθρευποις
1175 2245 1594 2317 συνανεστράφη
1618 2285 1633 2309 ,
1675 2264 1694 2297 ι
1730 2244 1827 2298 καὶ
1857 2244 1948 2299 διὰ

349 2339 453 2410 τῆς
485 2339 769 2412 ὁρωμένης
807 2337 1225 2409 ἀνθρωπότητος
1255 2336 1352 2408 τὴν
1382 2338 1667 2407 ζωηφόρον
1697 2338 1810 2400 τοῖς
1848 2336 1946 2390 ἀν-

351 2432 595 2504 θρώποις
624 2431 974 2495 διδασκαλίαν
1003 2433 1400 2503 προσήνεγκεν,
1431 2432 1527 2484 καὶ
1550 2431 1791 2499 λογικοῖς
1813 2430 1949 2502 πρέ-

353 2541 561 2577 πουσαν
578 2524 854 2577 πολιτείαν
883 2522 1277 2593 ἐνομοθέτησεν
1299 2541 1310 2553 ·
1334 2522 1428 2574 καὶ
1456 2521 1584 2584 τοὺς
1605 2520 1804 2591 νόμους
1827 2522 1949 2584 ταῖς

354 2614 826 2686 θαυματουργίαις
854 2610 1155 2683 κρατύνας,
1196 2612 1467 2667 κατέλυσε
1502 2611 1583 2683 τῷ
1611 2612 1709 2683 τῆς
1745 2611 1947 2682 σαρκὸς

354 2707 573 2778 θανάτῳ
600 2705 691 2759 τὸν
729 2705 962 2759 θάνατον
988 2721 1001 2735 ·
1049 2705 1145 2758 καὶ
1170 2705 1376 2775 ταύτην
1411 2703 1747 2773 ἀναστήσας,
1781 2704 1947 2755 πᾶσιν

353 2800 487 2870 ἡμῖν
528 2798 799 2868 ὑπέσχετο
831 2798 931 2868 τὴν
971 2797 1291 2860 ἀνάστασιν,
1336 2794 1600 2865 ἐχέγγυον
1646 2794 1948 2866 ἀξιόχρεων

351 2890 455 2958 τῆς
488 2892 764 2961 ἡμετέρας
792 2889 1143 2951 ἀναστάσεως
1166 2887 1261 2941 τοῦ
1289 2887 1474 2959 τιμίου
1502 2885 1756 2957 σώματος
1778 2884 1946 2939 αὐτοῦ

352 2980 605 3046 δεδωκὼς
640 2984 740 3053 τὴν
785 2981 1104 3035 ἀνάστασιν.
1133 2980 1291 3034 Οὕτω
1323 2980 1380 3033 δὲ
1426 2981 1553 3042 τοὺς
1600 2978 1946 3050 ἀνθρώπους,

356 3075 454 3128 καὶ
480 3076 655 3129 ταῦτα
699 3073 1017 3145 μισοῦντας,
1052 3074 1363 3143 ἠγάπησεν,
1395 3072 1471 3136 ὡς
1517 3072 1577 3125 τὸ
1605 3071 1704 3142 τῆς
1739 3073 1948 3125 οἰκονο-

360 3168 487 3239 μίας
512 3169 816 3239 μυστήριον
854 3167 1008 3238 παρά
1036 3183 1178 3220 τισιν
1214 3163 1565 3220 ἀπιστεῖσθαι
1591 3164 1681 3218 διὰ
1711 3163 1810 3235 τὴν
1838 3163 1949 3217 τῶν

356 3258 698 3330 παθημάτων
730 3258 1060 3330 ὑπερϐολήν.
1102 3258 1346 3327 Ἀπόχρη
1380 3256 1437 3309 δὲ
1481 3256 1653 3321 δεῖξαι
1691 3256 1793 3325 τῆς
1826 3256 1950 3322 φιλ-

357 3349 679 3421 ανθρωπίας
724 3350 823 3422 τὴν
870 3349 1130 3416 ἄϐυσσον,
1182 3348 1368 3402 καὶτὸ
1413 3348 1539 3411 τοὺς
1587 3345 1953 3411 ἀπιστοῦντας

356 3442 439 3496 ἔτι
481 3443 604 3497 καθ’
654 3441 871 3512 ἡμέραν
914 3440 1155 3511 ἑκάστην
1200 3442 1408 3495 καλεῖν.
1457 3442 1612 3494 Ποιεί
1661 3440 1719 3494 δὲ
1767 3438 1950 3503 τοῦτο,

355 3536 455 3605 οὐχ
491 3534 568 3599 ὡς
601 3533 954 3605 ἀνθρωπίνης
1000 3533 1301 3603 θεραπείας
1338 3531 1597 3602 δεόμενος
1640 3531 1809 3603 (τίνος
1842 3530 1951 3601 γάρ

360 3627 549 3697 ινδεὴς
581 3626 692 3679 τῶν
720 3627 857 3680 ὅλων
880 3626 909 3678 ό
935 3626 1217 3696 Ποιητὴς),
1245 3625 1362 3678 ἀλλ’
1396 3625 1473 3688 ὡς
1510 3624 1679 3694 διψῶν
1720 3625 1952 3678 ἑκάστου

359 3716 458 3789 τὴν
508 3718 805 3788 σωτηρίαν.
869 3700 1157 3787 Ἅρπασον
1198 3716 1400 3781 τοίνυν,
1446 3710 1491 3770 ὧ
1546 3716 1843 3786 θαυμάσιε,
1892 3716 1953 3769 τὸ

360 3809 553 3881 δῶρον,
606 3808 704 3861 καὶ
751 3808 847 3862 τὸν
880 3806 1495 3879 φιλόδιυρον,ὖμνησον,
1545 3808 1639 3861 καὶ
1684 3807 1954 3877 μεγίστην

358 3903 491 3973 ἡμῖν
522 3901 618 3955 καλ⁸
640 3900 1065 3972 θυμηρεστάτην
1095 3900 1433 3971 προξένησον
1457 3888 1674 3971 ἑορτήν.

362 4077 832 4143 ult—sexum;
848 4077 1159 4144 ἐπισκόπφ
1182 4077 1288 4147 τῆς
1309 4078 1608 4149 Περσικῆς
1624 4080 1953 4150 Ἀρμενίας.

345 4184 363 4194 ’
436 4191 654 4261 Ἔγνων
723 4192 800 4257 ώς
850 4192 1117 4265 ἐζήτησεν
1169 4195 1199 4247 ό
1259 4196 1505 4258 Σατανᾶς
1568 4196 1804 4250 σινιάσαι
1863 4198 1957 4250 καὶ

364 4284 507 4355 ὑμᾶς
539 4284 615 4348 ὡς
656 4284 748 4338 τὸν
787 4288 956 4351 σῖτον,
1001 4278 1095 4339 καὶ
1135 4286 1434 4340 ένδέδωκεν
1464 4289 1492 4341 ὁ
1526 4290 1825 4360 Δεσπότης,
1868 4290 1955 4344 ἴνα

362 4374 511 4447 δείξῃ
540 4376 628 4430 τὸν
661 4378 829 4440 σῖτον,
871 4376 960 4430 ἵνα
992 4377 1083 4430 τὸν
1125 4378 1325 4449 χρυσὸν
1368 4379 1662 4454 δοκιμάσῃ,
1713 4381 1802 4435 ίνα
1827 4383 1956 4446 τοὺς

362 4466 683 4533 δοξάζοντας
750 4468 1112 4537 ἀντιδοξάσῃ,
1183 4469 1270 4522 ἵνα
1329 4470 1458 4534 τοὺς
1535 4471 1775 4541 ἀθλητὰς
1832 4490 1955 4524 στε-

360 4556 634 4630 φανώσῃ,
702 4561 791 4615 ἴνα
856 4562 984 4624 τοὺς
1050 4562 1313 4632 ἀριστέας
1377 4562 1718 4635 ἀνακηρύξῃ.

368 4658 548 4728 μέντοι
602 4655 749 4709 δέδια
789 4656 885 4707 καὶ
945 4654 1176 4724 φρίττω,
1223 4655 1284 4707 οὐ
1333 4656 1462 4727 περὶ
1514 4656 1668 4726 ὑμῶν
1708 4658 1958 4726 ἀγωνιῶν

365 4746 474 4801 τῶν
531 4746 794 4816 γενναίων
870 4746 970 4817 τῆς
1039 4744 1299 4817 ἀληθείας
1377 4748 1694 4815 ἀγωνιστῶν
1720 4789 1735 4811 ,
1844 4749 1958 4803 ἀλλ’

365 4838 522 4903 εἰδὼς
542 4839 625 4893 ὅτι
657 4837 948 4909 συμϐαίνει
987 4838 1081 4892 καὶ⁵
1104 4837 1497 4908 ἀσθενέστερον
1535 4839 1841 4895 διακεῖσθαί
1874 4860 1960 4894 τι-

365 4949 482 4996 νας.
524 4928 597 4986 El
640 4931 753 5003 γὰρ
791 4932 849 4985 ὲν
888 4929 1211 4985 δυοκαίδεκα
1254 4931 1575 4996 ἀποστόλοις
1628 4928 1708 4997 εἷς
1758 4935 1960 5006 εὑρέθη

366 5025 652 5097 προδότης,
683 5024 908 5096 εὔδηλον
943 5025 1027 5079 ὅτι
1062 5026 1122 5078 ὲν
1168 5024 1606 5089 πολλαπλασίοις.
1641 5025 1955 5097 ἀνθρώποις

366 5117 586 5182 πλείους
628 5117 780 5189 εὖροι
829 5134 915 5182 τις
960 5116 1027 5172 ἂν
1063 5117 1185 5189 τῆς-
1211 5117 1549 5189 τελειότητος
1594 5118 1953 5182 ἀποδέοντας.

365 5210 548 5265 Ταῦτα
583 5211 932 5281 λογιζόμενος
967 5210 1292 5282 συνεχύθην,
1324 5212 1420 5265 καὶ
1452 5212 1695 5282 ἀθυμίας
1728 5214 1961 5284 ἐνεπλήο

366 5296 503 5369 σθην
528 5299 751 5370 πολλῆς.
812 5319 832 5353 ι
874 5301 937 5353 Εἰ
966 5302 1074 5373 γὰρ
1105 5303 1304 5373 πάσχει
1356 5301 1417 5355 ἓν
1466 5303 1645 5373 μέλος,
1686 5304 1827 5356 κατά
1870 5305 1960 5356 τδν

366 5387 508 5442 θεῖον
542 5390 889 5458 Ἀπόστολον,
923 5394 1235 5464 συμπάσχει
1267 5395 1445 5448 πάντα
1474 5396 1538 5448 τὰ
1564 5395 1726 5466 μέλη.
1759 5417 1776 5447 ι
1807 5397 1960 5470 Μέλη

366 5482 421 5535 δὲ
448 5483 695 5556 ἀλλήλων
720 5486 910 5555 ἐσμὲν,
940 5486 1034 5540 καὶ
1060 5488 1138 5552 είς
1163 5487 1221 5539 ἓν
1248 5487 1411 5558 σῶμα
1456 5488 1743 5558 τελοῦμεν,
1786 5507 1960 5560 κεφα-

369 5572 467 5644 λὴν
512 5575 730 5647 ἔχοντες
764 5579 854 5630 τὸν
899 5578 1178 5648 Δεσπότην
1224 5578 1478 5650 Χριστόν.
1517 5580 1663 5633 Μίαν
1703 5579 1759 5634 δὲ
1809 5583 1959 5651 ὅμως

368 5666 478 5735 ἔχω
498 5668 608 5737 (5U)
631 5668 724 5721 τοῦ
746 5669 952 5733 πάθους
973 5669 1430 5741 παραψυχὴν,τὴν
1450 5670 1721 5743 ὑμετέραν
1738 5674 1817 5737 είς
1835 5674 1960 5729 νοῦν

444 5789 483 5817 ⁸⁸
522 5786 704 5840 ΙΤίιιι.
736 5802 791 5850 ιι,
815 5786 867 5839 4.
945 5785 989 5815 ’⁴²
1018 5786 1249 5842 Burneh.
1293 5802 1367 5853 ιιι,
1398 5787 1485 5841 58.
1568 5788 1610 5820 ³³
1655 5788 1784 5843 Luc.
1847 5808 1975 5861 XXII,
2011 5795 2097 5850 3|.

443 5880 557 5950 (ὅθ)
592 5880 746 5952 ἔσχον
773 5879 940 5951 Neap.

2052 1978 2285 2034 ducens.
2343 1976 2586 2032 Piscium
2625 1974 2777 2030 enim
2829 1981 3062 2031 venator
3116 1972 3231 2027 vita
3277 1971 3465 2042 privat
3516 1984 3660 2039 quos

2028 2069 2203 2139 .capit
2237 2085 2252 2122 :
2289 2077 2345 2122 at
2380 2068 2622 2137 piscator
2666 2073 2860 2122 noster
2905 2080 3047 2136 quos
3103 2063 3321 2135 1126
3359 2063 3519 2117 vivos
3566 2075 3660 2115 ce-

2054 2163 2221 2235 perit,
2257 2162 2327 2216 ab
2353 2161 2559 2215 amaris
2581 2160 2777 2216 mortis
2811 2159 3049 2214 vinculis
3080 2158 3300 2213 liberat.
3343 2154 3521 2226 Hujus
3573 2153 3658 2209 rei

2054 2249 2228 2320 gratia
2256 2267 2276 2320 ς
2307 2248 2365 2303 in
2390 2247 2557 2303 terris
2584 2247 2736 2303 visus
2768 2254 2872 2314 es't,
2913 2254 2971 2302 et
3004 2261 3131 2301 cum
3165 2244 3493 2299 hominibus
3525 2258 3661 2298 con-

2054 2346 2308 2395 versatus
2340 2348 2426 2394 est
2468 2338 2537 2405 “,
2575 2358 2593 2391 ι
2635 2346 2691 2394 et
2718 2353 2818 2408 per
2854 2338 3032 2393 oculis
3062 2334 3368 2407 expositam
3401 2332 3661 2388 humani-

2055 2415 2247 2498 tatem,
2269 2431 2495 2486 vitalem
2524 2430 2846 2485 hominibus
2869 2430 3181 2485 doctrinam
3208 2427 3414 2494 attulit,
3465 2436 3521 2481 et
3565 2442 3658 2480 ra-

2057 2524 2208 2579 tione
2233 2523 2484 2594 prazditis
2511 2531 2913 2593 congruentem
2939 2522 3423 2576 conversationem
3444 2518 3658 2589 legibus

2056 2616 2257 2680 sanxit,
2285 2616 2543 2686 legesque
2568 2614 2853 2670 miraculis
2881 2612 3240 2677 conﬁrmans,
3264 2610 3452 2666 carnis
3479 2617 3660 2667 morte

2056 2716 2294 2763 mortem
2342 2707 2641 2772 destruxit,
2692 2714 2751 2762 et
2785 2721 3009 2761 carnem
3041 2705 3319 2760 suscitans
3353 2702 3515 2757 nobis
3537 2717 3659 2757 om-

2056 2800 2223 2856 nibus
2243 2800 2706 2856 resurrectionem
2754 2799 3034 2870 promisit,
3070 2796 3333 2853 idoneum
3386 2795 3527 2850 dans
3577 2794 3661 2864 pi—

2057 2908 2197 2964 gnus
2245 2891 2673 2947 resurrectionis
2727 2900 2932 2947 nostra:
2984 2890 3216 2959 pretiosi
3272 2888 3525 2959 corporis
3572 2887 3659 2941 sui

2058 2986 2549 3041 resurrectionem.
2597 2983 2687 3039 Sic
2731 2992 2919 3038 autem
2966 2983 3221 3038 homines
3243 2981 3500 3051 quamvis
3528 2979 3659 3034 odio

2057 3078 2329 3133 habentes
2358 3078 2571 3142 dilexit,
2610 3086 2671 3130 ut
2707 3076 3110 3130 incarnationis
3136 3074 3461 3145 mysterium
3493 3070 3657 3127 ﬁdem

2056 3168 2211 3239 apud.
2254 3168 2520 3238 quosdam
2578 3175 2807 3237 propter
2842 3167 3191 3221 crueiatuum
3239 3180 3381 3234 quos
3428 3162 3659 3234 pertulit

2056 3260 2403 3315 atrocitatem
2430 3275 2541 3313 non
2573 3259 2841 3313 obtineat.
2874 3257 3106 3312 Abunde
3139 3271 3275 3311 vero
3329 3255 3395 3310 ad
3430 3254 3662 3309 demon-

2056 3356 2339 3412 strandam
2362 3354 2725 3409 humanitatis
2753 3354 3013 3425 abyssum
3050 3352 3272 3418 sufﬁcit,
3308 3350 3456 3421 quod
3482 3351 3659 3403 incre-

2055 3447 2218 3502 dulos
2248 3446 2554 3501 etiamnum
2603 3443 2660 3498 in
2696 3443 2817 3498 dies
2862 3458 3062 3497 vocare
3114 3457 3226 3496 non
3276 3446 3478 3495 cessat.
3542 3438 3659 3493 Hoc

2056 3552 2223 3608 porro
2263 3536 2393 3607 agit,
2428 3551 2539 3590 non
2574 3535 2731 3605 quasi
2766 3535 3011 3589 humano
3031 3549 3200 3605 egens
3230 3531 3497 3605 famulatu
3529 3530 3658 3602 (qua

2055 3629 2206 3683 enim
2227 3644 2285 3683 re
2314 3627 2557 3704 indigeat
2580 3626 2675 3697 qui
2711 3625 2971 3681 universa
3027 3622 3320 3692 creavit?),
3376 3621 3473 3677 sed
3507 3622 3659 3675 salu-

2057 3728 2168 3774 tem
2200 3720 2395 3775 sitiens
2438 3718 2899 3788 uniuscujusque.
2962 3716 3147 3783 Quare
3200 3714 3408 3768 donum
3450 3712 3658 3781 arripe,

2056 3813 2142 3867 vir
2171 3810 2514 3875 admirande,
2569 3808 2813 3878 donique
2861 3816 3148 3861 auctorem
3188 3802 3657 3868 laudibus-effer,

2056 3913 2114 3961 et
2138 3904 2438 3959 maximam
2468 3900 2632 3956 nobis
2672 3898 3248 3973 jucundissimamque
3299 3895 3660 3951 festivitatem

2058 3994 2391 4141 Μὲςῗιίξνιι.
2411 4080 2715 4137 -Ειιίαιὶο
2760 4080 3004 4151 ερὶδεορο
3043 4077 3270 4133 Persica:
3297 4075 3586 4131 Armeniis.
3613 4040 3621 4061 l

2130 4200 2376 4273 Cognovi
2413 4196 2712 4268 expetiisse
2750 4194 3034 4259 Satanam,
3064 4200 3127 4246 ut
3167 4207 3267 4247 vos
3320 4190 3489 4247 etiam
3546 4188 3660 4243 cri—

2058 4295 2249 4350 braret
2280 4293 2425 4349 sicut
2454 4290 2703 4345 triticum
2749 4287 2818 4354 ¹⁵³,
2872 4293 2931 4340 et
2980 4284 3300 4357 permisisse
3341 4282 3659 4347 Dominum,

2060 4397 2123 4444 ut
2158 4387 2409 4443 triticum
2454 4381 2797 4444 ostenderet,
2834 4387 2894 4434 ut
2918 4392 3115 4433 aurum
3148 4376 3430 4447 probaret,
3457 4382 3518 4427 ut
3547 4373 3663 4443 glo—

2059 4482 2342 4538 riﬁcantes
2374 4495 2433 4534 se
2476 4476 2833 4550 gloriﬁcaret,
2866 4482 2928 4528 ut
2966 4471 3203 4527 athletas
3258 4474 3569 4533 coronaret,
3603 4474 3665 4521 ut

1813 4563 1957 4627 Ἐγὼ
1994 4598 2036 4651 ι)
2060 4575 2303 4629 victores
2347 4569 2736 4639 proclamaret.
2799 4565 2913 4635 Ego
2965 4577 3098 4618 sane
3135 4561 3304 4615 timeo
3341 4566 3399 4613 et
3432 4558 3659 4620 horreo,

2061 4683 2174 4721 non
2199 4665 2267 4719 de
2293 4662 2455 4717 vobis
2479 4659 2771 4724 sollicitus,
2800 4658 2895 4727 qui
2918 4653 3135 4711 strenui
3168 4650 3421 4707 veritatis
3448 4648 3664 4721 pugiles

2059 4759 2194 4814 estis
2222 4776 2233 4811 :
2266 4755 2363 4811 Sed
2388 4752 2539 4823 quod
2574 4750 2745 4808 sciam
2775 4749 3022 4813 evenire,
3052 4753 3113 4801 ut
3164 4744 3503 4799 inﬁrmiores
3552 4740 3665 4797 sint

2059 4847 2333 4907 nonnulli.
2369 4844 2588 4901 Etenim
2622 4844 2668 4898 si
2724 4842 2781 4896 in
2835 4839 3130 4897 duodecim
3185 4835 3454 4907 apostolis
3516 4848 3671 4922 unus

2063 4951 2320 5014 repertus
2352 4950 2441 4995 est
2460 4939 2733 5010 proditor,
2772 4935 2986 5006 1127
3036 4933 3187 4988 haud
3242 4931 3477 4987 dubium
3527 4927 3665 4998 quin

2062 5033 2373 5105 copiosiore
2399 5033 2455 5086 in
2476 5031 2765 5087 hominum
2790 5043 3027 5084 numero
3050 5028 3257 5081 multos
3286 5027 3358 5081 sit
3387 5023 3662 5089 invenire,

2063 5129 2158 5198 qui
2201 5124 2563 5203 perfectionis
2624 5138 2889 5178 numeros
2948 5136 3143 5175 omnes
3209 5134 3323 5173 non
3384 5117 3663 5188 expleant.

2058 5221 2192 5288 Quze
2237 5202 2454 5275 meoum
2492 5202 2761 5285 reputans
2794 5214 3164 5269 conturbatus
3194 5227 3339 5275 sum,
3374 5218 3432 5264 et
3466 5222 3665 5279 magno

2060 5313 2231 5369 animi
2280 5325 2522 5367 maerere
2582 5307 2831 5362 allectus.
2895 5304 3005 5357 «Si
3065 5303 3199 5374 quid
3256 5302 3403 5357 enim
3459 5300 3683 5370 patitur

2062 5410 2079 5427 '
2130 5421 2303 5461 unum
2354 5402 2687 5466 membrum,
2734 5407 2797 5453 ut
2848 5398 3074 5453 divinus
3110 5394 3307 5468 scribit
3343 5390 3688 5463 Apostolus,-

2068 5496 2483 5567 compatiuntur
2525 5492 2712 5549 omnia
2768 5489 3015 5545 membra
3042 5487 3111 5543 δ”.
3152 5507 3169 5538 ι
3208 5485 3453 5542 Memira
3482 5490 3666 5537 autem

2068 5601 2263 5644 sumus
2296 5578 2555 5650 invicem',
2604 5592 2663 5639 ct
2703 5583 2758 5637 in
2811 5597 2983 5636 unum
3036 5594 3238 5649 corpus
3283 5574 3667 5637 eoalescimus,

2070 5686 2235 5750 caput
2264 5678 2536 5732 habentes
2563 5675 2845 5731 Christum
2897 5671 3213 5727 Dominum.
3265 5670 3518 5724 Attamen
3564 5664 3667 5718 do-

2181 5795 2221 5827 “
2256 5795 2275 5849 l
2309 5793 2441 5851 Cor.
2482 5809 2574 5861 λιι,
2610 5793 2699 5866 ἓίὶξ
