  <div class='ocr_page' id='page_1' title='image "/cluster/home/n/w/nwhite01/storage/ocr_20150623/83/pst.000005712823/631.png"; bbox 0 0 4078 6320; ppageno 0'>
   <div class='ocr_carea' id='block_1_1' title="bbox 447 345 584 411">
    <p class='ocr_par' dir='ltr' id='par_1_1' title="bbox 447 345 584 411">
     <span class='ocr_line' id='line_1_1' title="bbox 447 345 584 411; baseline 0 0"><span class='ocrx_word' id='word_1_1' title='bbox 447 345 584 411; x_wconf 67' lang='grc' dir='ltr'>ιειτ</span> 
     </span>
    </p>
   </div>
   <div class='ocr_carea' id='block_1_2' title="bbox 1451 338 2738 405">
    <p class='ocr_par' dir='ltr' id='par_1_2' title="bbox 1451 338 2738 405">
     <span class='ocr_line' id='line_1_2' title="bbox 1451 338 2738 405; baseline -0.002 0"><span class='ocrx_word' id='word_1_2' title='bbox 1451 342 1941 405; x_wconf 82' lang='lat' dir='ltr'><strong>THEODORETI</strong></span> <span class='ocrx_word' id='word_1_3' title='bbox 1980 338 2325 403; x_wconf 79' lang='lat' dir='ltr'><strong>EPISCOPI</strong></span> <span class='ocrx_word' id='word_1_4' title='bbox 2365 341 2738 403; x_wconf 85' lang='lat' dir='ltr'><strong>CYRENSIS</strong></span> 
     </span>
    </p>
   </div>
   <div class='ocr_carea' id='block_1_3' title="bbox 3591 338 3728 403">
    <p class='ocr_par' dir='ltr' id='par_1_3' title="bbox 3591 338 3728 403">
     <span class='ocr_line' id='line_1_3' title="bbox 3591 338 3728 403; baseline 0 0"><span class='ocrx_word' id='word_1_5' title='bbox 3591 338 3728 403; x_wconf 67' lang='lat'><strong>1248</strong></span> 
     </span>
    </p>
   </div>
   <div class='ocr_carea' id='block_1_4' title="bbox 444 449 2023 523">
    <p class='ocr_par' dir='ltr' id='par_1_4' title="bbox 444 454 2023 521">
     <span class='ocr_line' id='line_1_4' title="bbox 444 454 2023 521; baseline -0.004 -8"><span class='ocrx_word' id='word_1_6' title='bbox 444 458 616 513; x_wconf 92' lang='lat' dir='ltr'><strong>lorem</strong></span> <span class='ocrx_word' id='word_1_7' title='bbox 650 469 833 511; x_wconf 86' lang='lat' dir='ltr'><strong>meum</strong></span> <span class='ocrx_word' id='word_1_8' title='bbox 879 454 1059 511; x_wconf 87' lang='lat' dir='ltr'><strong>reficit</strong></span> <span class='ocrx_word' id='word_1_9' title='bbox 1107 471 1214 510; x_wconf 88' lang='lat' dir='ltr'><strong>una</strong></span> <span class='ocrx_word' id='word_1_10' title='bbox 1253 455 1580 521; x_wconf 72' lang='lat' dir='ltr'><strong>consolatio,</strong></span> <span class='ocrx_word' id='word_1_11' title='bbox 1617 457 1749 511; x_wconf 90' lang='lat' dir='ltr'><strong>dum</strong></span> <span class='ocrx_word' id='word_1_12' title='bbox 1784 463 2023 512; x_wconf 88' lang='lat' dir='ltr'><strong>vestram</strong></span> 
     </span>
    </p>
   </div>
   <div class='ocr_carea' id='block_1_5' title="bbox 2123 449 3728 523">
    <p class='ocr_par' dir='ltr' id='par_1_5' title="bbox 2130 449 3728 523">
     <span class='ocr_line' id='line_1_5' title="bbox 2130 449 3728 523; baseline 0.002 -21"><span class='ocrx_word' id='word_1_13' title='bbox 2130 451 2424 522; x_wconf 67' lang='grc' dir='ltr'>λαμϐάνων</span> <span class='ocrx_word' id='word_1_14' title='bbox 2474 452 2753 523; x_wconf 81' lang='grc' dir='ltr'>ὁσιότητα.</span> <span class='ocrx_word' id='word_1_15' title='bbox 2798 450 2924 515; x_wconf 72' lang='grc' dir='ltr'>Τοῖς</span> <span class='ocrx_word' id='word_1_16' title='bbox 2977 449 3089 520; x_wconf 81' lang='grc' dir='ltr'>γὰρ</span> <span class='ocrx_word' id='word_1_17' title='bbox 3135 449 3300 517; x_wconf 88' lang='grc' dir='ltr'>θείοις</span> <span class='ocrx_word' id='word_1_18' title='bbox 3355 451 3728 521; x_wconf 68' lang='grc' dir='ltr'>ἐντραφέντες</span> 
     </span>
    </p>
   </div>
   <div class='ocr_carea' id='block_1_6' title="bbox 442 544 2022 617">
    <p class='ocr_par' dir='ltr' id='par_1_6' title="bbox 442 544 2022 617">
     <span class='ocr_line' id='line_1_6' title="bbox 442 544 2022 617; baseline -0.001 -15"><span class='ocrx_word' id='word_1_19' title='bbox 442 546 623 617; x_wconf 88' lang='lat' dir='ltr'><strong>cogito</strong></span> <span class='ocrx_word' id='word_1_20' title='bbox 642 544 1009 600; x_wconf 72' lang='lat' dir='ltr'><strong>sanctitatem.</strong></span> <span class='ocrx_word' id='word_1_21' title='bbox 1042 546 1255 601; x_wconf 83' lang='lat' dir='ltr'><strong>Divinis</strong></span> <span class='ocrx_word' id='word_1_22' title='bbox 1274 561 1511 617; x_wconf 85' lang='lat' dir='ltr'><strong>namque</strong></span> <span class='ocrx_word' id='word_1_23' title='bbox 1532 548 1774 603; x_wconf 81' lang='lat' dir='ltr'><strong>oraculis</strong></span> <span class='ocrx_word' id='word_1_24' title='bbox 1797 546 2022 611; x_wconf 86' lang='lat' dir='ltr'><strong>eruditi,</strong></span> 
     </span>
    </p>
   </div>
   <div class='ocr_carea' id='block_1_7' title="bbox 439 638 2025 709">
    <p class='ocr_par' dir='ltr' id='par_1_7' title="bbox 439 638 2025 709">
     <span class='ocr_line' id='line_1_7' title="bbox 439 638 2025 709; baseline 0.001 -17"><span class='ocrx_word' id='word_1_25' title='bbox 439 646 496 692; x_wconf 91' lang='lat' dir='ltr'><strong>et</strong></span> <span class='ocrx_word' id='word_1_26' title='bbox 514 652 556 692; x_wconf 67' lang='lat' dir='ltr'><strong>.a</strong></span> <span class='ocrx_word' id='word_1_27' title='bbox 580 644 862 706; x_wconf 83' lang='lat' dir='ltr'><strong>pastorum</strong></span> <span class='ocrx_word' id='word_1_28' title='bbox 895 638 1144 707; x_wconf 83' lang='lat' dir='ltr'><strong>principe</strong></span> <span class='ocrx_word' id='word_1_29' title='bbox 1179 638 1312 709; x_wconf 90' lang='lat' dir='ltr'><strong>quid</strong></span> <span class='ocrx_word' id='word_1_30' title='bbox 1354 639 1561 693; x_wconf 91' lang='lat' dir='ltr'><strong>bonum</strong></span> <span class='ocrx_word' id='word_1_31' title='bbox 1598 648 1877 709; x_wconf 83' lang='lat' dir='ltr'><strong>pastorem</strong></span> <span class='ocrx_word' id='word_1_32' title='bbox 1925 639 2025 694; x_wconf 85' lang='lat' dir='ltr'><strong>de-</strong></span> 
     </span>
    </p>
   </div>
   <div class='ocr_carea' id='block_1_8' title="bbox 438 727 2026 802">
    <p class='ocr_par' dir='ltr' id='par_1_8' title="bbox 438 727 2026 802">
     <span class='ocr_line' id='line_1_8' title="bbox 438 727 2026 802; baseline 0.002 -19"><span class='ocrx_word' id='word_1_33' title='bbox 438 728 620 799; x_wconf 76' lang='lat' dir='ltr'><strong>signet</strong></span> <span class='ocrx_word' id='word_1_34' title='bbox 658 727 962 795; x_wconf 82' lang='lat' dir='ltr'><strong>informati,</strong></span> <span class='ocrx_word' id='word_1_35' title='bbox 1006 728 1236 784; x_wconf 85' lang='lat' dir='ltr'><strong>dubium</strong></span> <span class='ocrx_word' id='word_1_36' title='bbox 1277 745 1389 785; x_wconf 89' lang='lat' dir='ltr'><strong>non</strong></span> <span class='ocrx_word' id='word_1_37' title='bbox 1415 738 1502 786; x_wconf 92' lang='lat' dir='ltr'><strong>est</strong></span> <span class='ocrx_word' id='word_1_38' title='bbox 1530 731 1665 802; x_wconf 89' lang='lat' dir='ltr'><strong>quin</strong></span> <span class='ocrx_word' id='word_1_39' title='bbox 1701 747 1803 802; x_wconf 91' lang='lat' dir='ltr'><strong>pro</strong></span> <span class='ocrx_word' id='word_1_40' title='bbox 1827 731 2026 787; x_wconf 87' lang='lat' dir='ltr'><strong>ovibus</strong></span> 
     </span>
    </p>
   </div>
   <div class='ocr_carea' id='block_1_9' title="bbox 437 806 2025 889">
    <p class='ocr_par' dir='ltr' id='par_1_9' title="bbox 437 806 2025 889">
     <span class='ocr_line' id='line_1_9' title="bbox 437 806 2025 889; baseline 0.003 -16"><span class='ocrx_word' id='word_1_41' title='bbox 437 819 670 889; x_wconf 90' lang='lat' dir='ltr'><strong>posituri</strong></span> <span class='ocrx_word' id='word_1_42' title='bbox 728 806 873 874; x_wconf 49' lang='lat' dir='ltr'><strong>sitis&#39;</strong></span> <span class='ocrx_word' id='word_1_43' title='bbox 907 822 1121 876; x_wconf 88' lang='lat' dir='ltr'><strong>animas</strong></span> <span class='ocrx_word' id='word_1_44' title='bbox 1151 830 1383 877; x_wconf 87' lang='lat' dir='ltr'><strong>vestras.</strong></span> <span class='ocrx_word' id='word_1_45' title='bbox 1425 840 1443 873; x_wconf 72' lang='grc' dir='ltr'><strong>ι</strong></span> <span class='ocrx_word' id='word_1_46' title='bbox 1471 818 1846 879; x_wconf 71' lang='lat' dir='ltr'><strong>Hercenarius</strong></span> <span class='ocrx_word' id='word_1_47' title='bbox 1876 824 2025 878; x_wconf 89' lang='lat' dir='ltr'><strong>enim</strong></span> 
     </span>
    </p>
   </div>
   <div class='ocr_carea' id='block_1_10' title="bbox 438 910 2026 985">
    <p class='ocr_par' dir='ltr' id='par_1_10' title="bbox 438 910 2026 985">
     <span class='ocr_line' id='line_1_10' title="bbox 438 910 2026 985; baseline 0.004 -20"><span class='ocrx_word' id='word_1_48' title='bbox 438 925 564 965; x_wconf 88' lang='lat' dir='ltr'><strong>cum</strong></span> <span class='ocrx_word' id='word_1_49' title='bbox 587 910 740 965; x_wconf 83' lang='lat' dir='ltr'><strong>videt</strong></span> <span class='ocrx_word' id='word_1_50' title='bbox 759 910 951 981; x_wconf 88' lang='lat' dir='ltr'><strong>lupum</strong></span> <span class='ocrx_word' id='word_1_51' title='bbox 973 912 1479 983; x_wconf 86' lang='lat' dir='ltr'><strong>venientem,fugit,</strong></span> <span class='ocrx_word' id='word_1_52' title='bbox 1504 914 1635 985; x_wconf 87' lang='lat' dir='ltr'><strong>quia</strong></span> <span class='ocrx_word' id='word_1_53' title='bbox 1651 914 2026 971; x_wconf 88' lang='lat' dir='ltr'><strong>mercenarius</strong></span> 
     </span>
    </p>
   </div>
   <div class='ocr_carea' id='block_1_11' title="bbox 438 988 2027 1077">
    <p class='ocr_par' dir='ltr' id='par_1_11' title="bbox 438 988 2027 1077">
     <span class='ocr_line' id='line_1_11' title="bbox 438 988 2027 1077; baseline 0.006 -25"><span class='ocrx_word' id='word_1_54' title='bbox 438 1007 543 1066; x_wconf 89' lang='lat' dir='ltr'><strong>est,</strong></span> <span class='ocrx_word' id='word_1_55' title='bbox 570 1009 625 1054; x_wconf 89' lang='lat' dir='ltr'><strong>et</strong></span> <span class='ocrx_word' id='word_1_56' title='bbox 660 988 725 1055; x_wconf 84' lang='lat' dir='ltr'><strong>ad</strong></span> <span class='ocrx_word' id='word_1_57' title='bbox 769 1016 917 1067; x_wconf 91' lang='lat' dir='ltr'><strong>eum,</strong></span> <span class='ocrx_word' id='word_1_58' title='bbox 950 1003 1102 1071; x_wconf 81' lang='lat' dir='ltr'><strong>juxta</strong></span> <span class='ocrx_word' id='word_1_59' title='bbox 1132 1003 1347 1057; x_wconf 87' lang='lat' dir='ltr'><strong>Domini</strong></span> <span class='ocrx_word' id='word_1_60' title='bbox 1392 1020 1605 1073; x_wconf 88' lang='lat' dir='ltr'><strong>vocem,</strong></span> <span class='ocrx_word' id='word_1_61' title='bbox 1634 1022 1744 1061; x_wconf 89' lang='lat' dir='ltr'><strong>non</strong></span> <span class='ocrx_word' id='word_1_62' title='bbox 1784 1006 2027 1077; x_wconf 87' lang='lat' dir='ltr'><strong>pertinet</strong></span> 
     </span>
    </p>
   </div>
   <div class='ocr_carea' id='block_1_12' title="bbox 437 1088 2026 1165">
    <p class='ocr_par' dir='ltr' id='par_1_12' title="bbox 437 1088 2026 1165">
     <span class='ocr_line' id='line_1_12' title="bbox 437 1088 2026 1165; baseline 0.006 -21"><span class='ocrx_word' id='word_1_63' title='bbox 437 1088 507 1144; x_wconf 88' lang='lat' dir='ltr'><strong>de</strong></span> <span class='ocrx_word' id='word_1_64' title='bbox 565 1091 803 1158; x_wconf 73' lang='lat' dir='ltr'><strong>ovibus;</strong></span> <span class='ocrx_word' id='word_1_65' title='bbox 876 1091 1056 1147; x_wconf 90' lang='lat' dir='ltr'><strong>bonus</strong></span> <span class='ocrx_word' id='word_1_66' title='bbox 1103 1104 1287 1149; x_wconf 85' lang='lat' dir='ltr'><strong>autem</strong></span> <span class='ocrx_word' id='word_1_67' title='bbox 1342 1106 1531 1165; x_wconf 83' lang='lat' dir='ltr'><strong>pastor</strong></span> <span class='ocrx_word' id='word_1_68' title='bbox 1580 1098 1817 1152; x_wconf 89' lang='lat' dir='ltr'><strong>animam</strong></span> <span class='ocrx_word' id='word_1_69' title='bbox 1868 1114 2026 1153; x_wconf 88' lang='lat' dir='ltr'><strong>suam</strong></span> 
     </span>
    </p>
   </div>
   <div class='ocr_carea' id='block_1_13' title="bbox 436 1179 2027 1257">
    <p class='ocr_par' dir='ltr' id='par_1_13' title="bbox 436 1179 2027 1257">
     <span class='ocr_line' id='line_1_13' title="bbox 436 1179 2027 1257; baseline 0.007 -22"><span class='ocrx_word' id='word_1_70' title='bbox 436 1179 532 1236; x_wconf 92' lang='lat' dir='ltr'><strong>dat</strong></span> <span class='ocrx_word' id='word_1_71' title='bbox 560 1198 660 1252; x_wconf 92' lang='lat' dir='ltr'><strong>pro</strong></span> <span class='ocrx_word' id='word_1_72' title='bbox 698 1182 897 1238; x_wconf 82' lang='lat' dir='ltr'><strong>ovibus</strong></span> <span class='ocrx_word' id='word_1_73' title='bbox 930 1185 1045 1239; x_wconf 85' lang='lat' dir='ltr'><strong>suis</strong></span> <span class='ocrx_word' id='word_1_74' title='bbox 1078 1184 1143 1238; x_wconf 70' lang='grc'><strong>⁸⁸.</strong></span> <span class='ocrx_word' id='word_1_75' title='bbox 1184 1205 1203 1236; x_wconf 74' lang='grc' dir='ltr'><strong>ι</strong></span> <span class='ocrx_word' id='word_1_76' title='bbox 1239 1186 1559 1257; x_wconf 88' lang='lat' dir='ltr'><strong>Eodemque</strong></span> <span class='ocrx_word' id='word_1_77' title='bbox 1589 1189 1752 1244; x_wconf 90' lang='lat' dir='ltr'><strong>modo</strong></span> <span class='ocrx_word' id='word_1_78' title='bbox 1786 1190 2027 1246; x_wconf 88' lang='lat' dir='ltr'><strong>militum</strong></span> 
     </span>
    </p>
   </div>
   <div class='ocr_carea' id='block_1_14' title="bbox 436 1272 2028 1353">
    <p class='ocr_par' dir='ltr' id='par_1_14' title="bbox 436 1272 2028 1353">
     <span class='ocr_line' id='line_1_14' title="bbox 436 1272 2028 1353; baseline 0.007 -26"><span class='ocrx_word' id='word_1_79' title='bbox 436 1272 549 1327; x_wconf 80' lang='lat' dir='ltr'><strong>dux</strong></span> <span class='ocrx_word' id='word_1_80' title='bbox 575 1275 818 1345; x_wconf 90' lang='lat' dir='ltr'><strong>optimus</strong></span> <span class='ocrx_word' id='word_1_81' title='bbox 848 1276 1228 1332; x_wconf 77' lang='lat' dir='ltr'><strong>fortitudinem</strong></span> <span class='ocrx_word' id='word_1_82' title='bbox 1261 1280 1545 1349; x_wconf 75' lang='lat' dir='ltr'><strong>patefacit,</strong></span> <span class='ocrx_word' id='word_1_83' title='bbox 1570 1297 1682 1336; x_wconf 87' lang='lat' dir='ltr'><strong>non</strong></span> <span class='ocrx_word' id='word_1_84' title='bbox 1708 1282 1861 1353; x_wconf 87' lang='lat' dir='ltr'><strong>pacis</strong></span> <span class='ocrx_word' id='word_1_85' title='bbox 1891 1292 2028 1338; x_wconf 79' lang='lat' dir='ltr'><strong>tem-</strong></span> 
     </span>
    </p>
   </div>
   <div class='ocr_carea' id='block_1_15' title="bbox 436 1366 2025 1444">
    <p class='ocr_par' dir='ltr' id='par_1_15' title="bbox 436 1366 2025 1444">
     <span class='ocr_line' id='line_1_15' title="bbox 436 1366 2025 1444; baseline 0.007 -26"><span class='ocrx_word' id='word_1_86' title='bbox 436 1378 594 1432; x_wconf 91' lang='lat' dir='ltr'><strong>pore,</strong></span> <span class='ocrx_word' id='word_1_87' title='bbox 653 1366 747 1421; x_wconf 89' lang='lat' dir='ltr'><strong>sed</strong></span> <span class='ocrx_word' id='word_1_88' title='bbox 807 1367 864 1421; x_wconf 88' lang='lat' dir='ltr'><strong>in</strong></span> <span class='ocrx_word' id='word_1_89' title='bbox 911 1368 1078 1433; x_wconf 87' lang='lat' dir='ltr'><strong>bello,</strong></span> <span class='ocrx_word' id='word_1_90' title='bbox 1128 1370 1325 1438; x_wconf 84' lang='lat' dir='ltr'><strong>partim</strong></span> <span class='ocrx_word' id='word_1_91' title='bbox 1358 1372 1495 1425; x_wconf 89' lang='lat' dir='ltr'><strong>alios</strong></span> <span class='ocrx_word' id='word_1_92' title='bbox 1522 1372 1791 1439; x_wconf 81' lang='lat' dir='ltr'><strong>excitans,</strong></span> <span class='ocrx_word' id='word_1_93' title='bbox 1828 1377 2025 1444; x_wconf 84' lang='lat' dir='ltr'><strong>partim</strong></span> 
     </span>
    </p>
   </div>
   <div class='ocr_carea' id='block_1_16' title="bbox 436 1455 2025 1531">
    <p class='ocr_par' dir='ltr' id='par_1_16' title="bbox 436 1455 2025 1531">
     <span class='ocr_line' id='line_1_16' title="bbox 436 1455 2025 1531; baseline 0.006 -21"><span class='ocrx_word' id='word_1_94' title='bbox 436 1455 553 1525; x_wconf 87' lang='lat' dir='ltr'><strong>ipse</strong></span> <span class='ocrx_word' id='word_1_95' title='bbox 594 1473 694 1527; x_wconf 92' lang='lat' dir='ltr'><strong>pro</strong></span> <span class='ocrx_word' id='word_1_96' title='bbox 735 1460 980 1513; x_wconf 83' lang='lat' dir='ltr'><strong>exercitu</strong></span> <span class='ocrx_word' id='word_1_97' title='bbox 1014 1460 1277 1527; x_wconf 83' lang='lat' dir='ltr'><strong>periculis</strong></span> <span class='ocrx_word' id='word_1_98' title='bbox 1308 1477 1364 1515; x_wconf 89' lang='lat' dir='ltr'><strong>se</strong></span> <span class='ocrx_word' id='word_1_99' title='bbox 1389 1462 1683 1531; x_wconf 68' lang='lat' dir='ltr'><strong>objiciensr</strong></span> <span class='ocrx_word' id='word_1_100' title='bbox 1708 1464 2025 1520; x_wconf 80' lang='lat' dir='ltr'><strong>Absurdum</strong></span> 
     </span>
    </p>
   </div>
   <div class='ocr_carea' id='block_1_17' title="bbox 434 1547 2026 1621">
    <p class='ocr_par' dir='ltr' id='par_1_17' title="bbox 434 1547 2026 1621">
     <span class='ocr_line' id='line_1_17' title="bbox 434 1547 2026 1621; baseline 0.01 -22"><span class='ocrx_word' id='word_1_101' title='bbox 434 1547 637 1617; x_wconf 89' lang='lat' dir='ltr'><strong>quippe</strong></span> <span class='ocrx_word' id='word_1_102' title='bbox 658 1548 802 1603; x_wconf 88' lang='lat' dir='ltr'><strong>foret</strong></span> <span class='ocrx_word' id='word_1_103' title='bbox 834 1551 1057 1605; x_wconf 85' lang='lat' dir='ltr'><strong>militari</strong></span> <span class='ocrx_word' id='word_1_104' title='bbox 1090 1552 1301 1607; x_wconf 87' lang='lat' dir='ltr'><strong>honore</strong></span> <span class='ocrx_word' id='word_1_105' title='bbox 1322 1555 1479 1608; x_wconf 90' lang='lat' dir='ltr'><strong>illum</strong></span> <span class='ocrx_word' id='word_1_106' title='bbox 1508 1555 1640 1621; x_wconf 91' lang='lat' dir='ltr'><strong>frui,</strong></span> <span class='ocrx_word' id='word_1_107' title='bbox 1671 1566 1747 1621; x_wconf 89' lang='lat' dir='ltr'><strong>et,</strong></span> <span class='ocrx_word' id='word_1_108' title='bbox 1774 1558 1867 1613; x_wconf 88' lang='lat' dir='ltr'><strong>ubi</strong></span> <span class='ocrx_word' id='word_1_109' title='bbox 1892 1575 2026 1616; x_wconf 91' lang='lat' dir='ltr'><strong>usus</strong></span> 
     </span>
    </p>
   </div>
   <div class='ocr_carea' id='block_1_18' title="bbox 432 1640 1229 1714">
    <p class='ocr_par' dir='ltr' id='par_1_18' title="bbox 432 1640 1229 1714">
     <span class='ocr_line' id='line_1_18' title="bbox 432 1640 1229 1714; baseline 0.01 -23"><span class='ocrx_word' id='word_1_110' title='bbox 432 1640 631 1708; x_wconf 85' lang='lat' dir='ltr'><strong>poscit,</strong></span> <span class='ocrx_word' id='word_1_111' title='bbox 664 1641 908 1709; x_wconf 86' lang='lat' dir='ltr'><strong>pericula</strong></span> <span class='ocrx_word' id='word_1_112' title='bbox 949 1642 1229 1714; x_wconf 80' lang='lat' dir='ltr'><strong>defugere.</strong></span> 
     </span>
    </p>
   </div>
   <div class='ocr_carea' id='block_1_19' title="bbox 506 1726 2024 1806">
    <p class='ocr_par' dir='ltr' id='par_1_19' title="bbox 506 1726 2024 1806">
     <span class='ocr_line' id='line_1_19' title="bbox 506 1726 2024 1806; baseline 0.01 -23"><span class='ocrx_word' id='word_1_113' title='bbox 506 1726 632 1785; x_wconf 57' lang='lat' dir='ltr'><strong>Haec</strong></span> <span class='ocrx_word' id='word_1_114' title='bbox 664 1730 998 1787; x_wconf 86' lang='lat' dir='ltr'><strong>beatissimis</strong></span> <span class='ocrx_word' id='word_1_115' title='bbox 1024 1749 1244 1804; x_wconf 83' lang='lat' dir='ltr'><strong>quoque</strong></span> <span class='ocrx_word' id='word_1_116' title='bbox 1272 1736 1562 1806; x_wconf 87' lang='lat' dir='ltr'><strong>prophetis</strong></span> <span class='ocrx_word' id='word_1_117' title='bbox 1606 1738 1662 1794; x_wconf 89' lang='lat' dir='ltr'><strong>in</strong></span> <span class='ocrx_word' id='word_1_118' title='bbox 1690 1756 1849 1796; x_wconf 86' lang='lat' dir='ltr'><strong>more</strong></span> <span class='ocrx_word' id='word_1_119' title='bbox 1875 1757 2024 1797; x_wconf 87' lang='lat' dir='ltr'><strong>sem-</strong></span> 
     </span>
    </p>
   </div>
   <div class='ocr_carea' id='block_1_20' title="bbox 2128 540 3726 615">
    <p class='ocr_par' dir='ltr' id='par_1_20' title="bbox 2128 540 3726 615">
     <span class='ocr_line' id='line_1_20' title="bbox 2128 540 3726 615; baseline 0 -22"><span class='ocrx_word' id='word_1_120' title='bbox 2128 542 2303 610; x_wconf 83' lang='grc' dir='ltr'>λόγοις</span> <span class='ocrx_word' id='word_1_121' title='bbox 2328 543 2408 612; x_wconf 67' lang='grc'><strong>(5⁷1</strong></span> <span class='ocrx_word' id='word_1_122' title='bbox 2424 542 2565 612; x_wconf 75' lang='grc' dir='ltr'>),καὶ</span> <span class='ocrx_word' id='word_1_123' title='bbox 2589 560 2663 596; x_wconf 86' lang='grc' dir='ltr'><strong>πα</strong></span> <span class='ocrx_word' id='word_1_124' title='bbox 2672 542 2738 615; x_wconf 86' lang='grc' dir='ltr'><strong>ρά</strong></span> <span class='ocrx_word' id='word_1_125' title='bbox 2756 542 2849 596; x_wconf 78' lang='grc' dir='ltr'><strong>τοῦ</strong></span> <span class='ocrx_word' id='word_1_126' title='bbox 2867 542 3256 614; x_wconf 86' lang='grc' dir='ltr'>ἁρχιποιμένος</span> <span class='ocrx_word' id='word_1_127' title='bbox 3272 541 3658 613; x_wconf 71' lang='grc' dir='ltr'><strong>μεμαθηκότες</strong></span> <span class='ocrx_word' id='word_1_128' title='bbox 3674 540 3726 593; x_wconf 84' lang='grc' dir='ltr'><strong>τί</strong></span> 
     </span>
    </p>
   </div>
   <div class='ocr_carea' id='block_1_21' title="bbox 2127 628 3723 706">
    <p class='ocr_par' dir='ltr' id='par_1_21' title="bbox 2127 628 3723 706">
     <span class='ocr_line' id='line_1_21' title="bbox 2127 628 3723 706; baseline -0.003 -19"><span class='ocrx_word' id='word_1_129' title='bbox 2127 634 2219 687; x_wconf 86' lang='grc' dir='ltr'>τὸν</span> <span class='ocrx_word' id='word_1_130' title='bbox 2254 634 2463 703; x_wconf 76' lang='grc' dir='ltr'>ἀγαθὸν</span> <span class='ocrx_word' id='word_1_131' title='bbox 2497 635 2891 705; x_wconf 70' lang='grc' dir='ltr'><strong>χαρακτηρίζει</strong></span> <span class='ocrx_word' id='word_1_132' title='bbox 2936 628 3193 706; x_wconf 68' lang='grc' dir='ltr'>ποιμένα,</span> <span class='ocrx_word' id='word_1_133' title='bbox 3226 631 3454 704; x_wconf 77' lang='grc' dir='ltr'>εὔδηλον</span> <span class='ocrx_word' id='word_1_134' title='bbox 3509 633 3593 686; x_wconf 81' lang='grc' dir='ltr'>ὃτι</span> <span class='ocrx_word' id='word_1_135' title='bbox 3622 631 3723 702; x_wconf 76' lang='grc' dir='ltr'>τὴν</span> 
     </span>
    </p>
   </div>
   <div class='ocr_carea' id='block_1_22' title="bbox 2124 724 3723 797">
    <p class='ocr_par' dir='ltr' id='par_1_22' title="bbox 2124 724 3723 797">
     <span class='ocr_line' id='line_1_22' title="bbox 2124 724 3723 797; baseline -0.001 -20"><span class='ocrx_word' id='word_1_136' title='bbox 2124 724 2304 796; x_wconf 82' lang='grc' dir='ltr'>ψυχὴν</span> <span class='ocrx_word' id='word_1_137' title='bbox 2337 726 2493 796; x_wconf 77' lang='grc' dir='ltr'>ὑμῶν</span> <span class='ocrx_word' id='word_1_138' title='bbox 2516 725 2709 797; x_wconf 78' lang='grc' dir='ltr'><strong>θήσετε</strong></span> <span class='ocrx_word' id='word_1_139' title='bbox 2759 726 2899 796; x_wconf 83' lang='grc' dir='ltr'>ὑπὲρ</span> <span class='ocrx_word' id='word_1_140' title='bbox 2939 727 3049 779; x_wconf 83' lang='grc' dir='ltr'><strong>τῶν</strong></span> <span class='ocrx_word' id='word_1_141' title='bbox 3083 724 3394 797; x_wconf 73' lang='grc' dir='ltr'>προϐάτων.</span> <span class='ocrx_word' id='word_1_142' title='bbox 3442 744 3462 777; x_wconf 76' lang='grc' dir='ltr'><strong>ι</strong></span> <span class='ocrx_word' id='word_1_143' title='bbox 3502 726 3561 778; x_wconf 89' lang='lat'><strong>&#39;0</strong></span> <span class='ocrx_word' id='word_1_144' title='bbox 3612 724 3723 795; x_wconf 71' lang='grc' dir='ltr'><strong>γὰρ</strong></span> 
     </span>
    </p>
   </div>
   <div class='ocr_carea' id='block_1_23' title="bbox 2132 815 3721 889">
    <p class='ocr_par' dir='ltr' id='par_1_23' title="bbox 2132 815 3721 889">
     <span class='ocr_line' id='line_1_23' title="bbox 2132 815 3721 889; baseline -0.002 -18"><span class='ocrx_word' id='word_1_145' title='bbox 2132 818 2430 889; x_wconf 83' lang='grc' dir='ltr'>μισθωτὸς,</span> <span class='ocrx_word' id='word_1_146' title='bbox 2457 821 2587 873; x_wconf 79' lang='grc' dir='ltr'>ὅταν</span> <span class='ocrx_word' id='word_1_147' title='bbox 2616 818 2701 889; x_wconf 80' lang='grc' dir='ltr'>ίδῃ</span> <span class='ocrx_word' id='word_1_148' title='bbox 2731 817 2823 871; x_wconf 74' lang='grc' dir='ltr'>τὲν</span> <span class='ocrx_word' id='word_1_149' title='bbox 2850 817 3014 870; x_wconf 81' lang='grc' dir='ltr'>λύκον</span> <span class='ocrx_word' id='word_1_150' title='bbox 3039 818 3357 889; x_wconf 70' lang='grc' dir='ltr'>ἐρχόμενον,</span> <span class='ocrx_word' id='word_1_151' title='bbox 3394 815 3615 885; x_wconf 77' lang='grc' dir='ltr'>φεύγειι,</span> <span class='ocrx_word' id='word_1_152' title='bbox 3639 816 3721 870; x_wconf 81' lang='grc' dir='ltr'>ὃτι</span> 
     </span>
    </p>
   </div>
   <div class='ocr_carea' id='block_1_24' title="bbox 2129 906 3722 979">
    <p class='ocr_par' dir='ltr' id='par_1_24' title="bbox 2129 906 3722 979">
     <span class='ocr_line' id='line_1_24' title="bbox 2129 906 3722 979; baseline -0.002 -18"><span class='ocrx_word' id='word_1_153' title='bbox 2129 907 2401 979; x_wconf 82' lang='grc' dir='ltr'>μισθωτός</span> <span class='ocrx_word' id='word_1_154' title='bbox 2431 910 2569 972; x_wconf 72' lang='grc' dir='ltr'>ἑστι,</span> <span class='ocrx_word' id='word_1_155' title='bbox 2607 909 2701 963; x_wconf 75' lang='grc' dir='ltr'>καὶ</span> <span class='ocrx_word' id='word_1_156' title='bbox 2740 908 2800 961; x_wconf 84' lang='grc' dir='ltr'><strong>ού</strong></span> <span class='ocrx_word' id='word_1_157' title='bbox 2837 908 2990 979; x_wconf 80' lang='grc' dir='ltr'>μέλει</span> <span class='ocrx_word' id='word_1_158' title='bbox 3014 908 3164 978; x_wconf 85' lang='grc' dir='ltr'>αύτῷ</span> <span class='ocrx_word' id='word_1_159' title='bbox 3203 908 3332 978; x_wconf 72' lang='grc' dir='ltr'>περὶ</span> <span class='ocrx_word' id='word_1_160' title='bbox 3363 907 3473 960; x_wconf 83' lang='grc' dir='ltr'><strong>τῶν</strong></span> <span class='ocrx_word' id='word_1_161' title='bbox 3508 906 3722 975; x_wconf 76' lang='grc' dir='ltr'>προϐά-</span> 
     </span>
    </p>
   </div>
   <div class='ocr_carea' id='block_1_25' title="bbox 2126 999 3765 1081">
    <p class='ocr_par' dir='ltr' id='par_1_25' title="bbox 2126 999 3765 1081">
     <span class='ocr_line' id='line_1_25' title="bbox 2126 999 3765 1081; baseline -0.003 -27"><span class='ocrx_word' id='word_1_162' title='bbox 2126 1017 2256 1065; x_wconf 88' lang='grc' dir='ltr'>των,</span> <span class='ocrx_word' id='word_1_163' title='bbox 2314 1002 2459 1055; x_wconf 89' lang='grc' dir='ltr'><strong>κατά</strong></span> <span class='ocrx_word' id='word_1_164' title='bbox 2508 1000 2607 1072; x_wconf 80' lang='grc' dir='ltr'>τὴν</span> <span class='ocrx_word' id='word_1_165' title='bbox 2655 999 2749 1055; x_wconf 79' lang='grc' dir='ltr'><strong>τοῦ</strong></span> <span class='ocrx_word' id='word_1_166' title='bbox 2799 999 3007 1070; x_wconf 80' lang='grc' dir='ltr'><strong>Κυρίου</strong></span> <span class='ocrx_word' id='word_1_167' title='bbox 3065 1001 3285 1071; x_wconf 85' lang='grc' dir='ltr'>φωνήν·</span> <span class='ocrx_word' id='word_1_168' title='bbox 3336 1000 3366 1053; x_wconf 84' lang='grc' dir='ltr'><strong>ό</strong></span> <span class='ocrx_word' id='word_1_169' title='bbox 3419 1000 3477 1053; x_wconf 79' lang='grc' dir='ltr'>δὲ</span> <span class='ocrx_word' id='word_1_170' title='bbox 3510 1000 3765 1081; x_wconf 29' lang='grc' dir='ltr'>ποιμὴν,</span> 
     </span>
    </p>
   </div>
   <div class='ocr_carea' id='block_1_26' title="bbox 2125 1090 3717 1165">
    <p class='ocr_par' dir='ltr' id='par_1_26' title="bbox 2125 1090 3717 1165">
     <span class='ocr_line' id='line_1_26' title="bbox 2125 1090 3717 1165; baseline -0.003 -18"><span class='ocrx_word' id='word_1_171' title='bbox 2125 1096 2154 1147; x_wconf 83' lang='grc' dir='ltr'><strong>ὁ</strong></span> <span class='ocrx_word' id='word_1_172' title='bbox 2174 1094 2337 1158; x_wconf 83' lang='grc' dir='ltr'>καλὸς</span> <span class='ocrx_word' id='word_1_173' title='bbox 2372 1095 2474 1165; x_wconf 72' lang='grc' dir='ltr'>τὴν</span> <span class='ocrx_word' id='word_1_174' title='bbox 2502 1094 2685 1164; x_wconf 71' lang='grc' dir='ltr'>ψυχὴν</span> <span class='ocrx_word' id='word_1_175' title='bbox 2730 1091 2902 1147; x_wconf 82' lang='grc' dir='ltr'>αὑτοῦ</span> <span class='ocrx_word' id='word_1_176' title='bbox 2940 1091 3159 1161; x_wconf 76' lang='grc' dir='ltr'><strong>τίθησιν</strong></span> <span class='ocrx_word' id='word_1_177' title='bbox 3192 1090 3332 1163; x_wconf 70' lang='grc' dir='ltr'>ὑπὲρ</span> <span class='ocrx_word' id='word_1_178' title='bbox 3363 1092 3473 1145; x_wconf 84' lang='grc' dir='ltr'><strong>τῶν</strong></span> <span class='ocrx_word' id='word_1_179' title='bbox 3500 1090 3717 1161; x_wconf 66' lang='grc' dir='ltr'>προδα-</span> 
     </span>
    </p>
   </div>
   <div class='ocr_carea' id='block_1_27' title="bbox 2126 1170 3719 1255">
    <p class='ocr_par' dir='ltr' id='par_1_27' title="bbox 2126 1170 3719 1255">
     <span class='ocr_line' id='line_1_27' title="bbox 2126 1170 3719 1255; baseline -0.003 -16"><span class='ocrx_word' id='word_1_180' title='bbox 2126 1203 2252 1240; x_wconf 90' lang='grc' dir='ltr'>των.</span> <span class='ocrx_word' id='word_1_181' title='bbox 2290 1205 2308 1237; x_wconf 77' lang='grc' dir='ltr'><strong>ι</strong></span> <span class='ocrx_word' id='word_1_182' title='bbox 2358 1184 2517 1239; x_wconf 79' lang='grc' dir='ltr'>Οὕτω</span> <span class='ocrx_word' id='word_1_183' title='bbox 2554 1186 2648 1238; x_wconf 69' lang='grc' dir='ltr'>καὶ</span> <span class='ocrx_word' id='word_1_184' title='bbox 2695 1170 3001 1255; x_wconf 75' lang='grc' dir='ltr'>στρατηγὸς</span> <span class='ocrx_word' id='word_1_185' title='bbox 3030 1183 3253 1253; x_wconf 76' lang='grc' dir='ltr'>ἀριστος</span> <span class='ocrx_word' id='word_1_186' title='bbox 3286 1185 3387 1236; x_wconf 84' lang='grc' dir='ltr'>οὐκ</span> <span class='ocrx_word' id='word_1_187' title='bbox 3424 1185 3484 1237; x_wconf 79' lang='grc' dir='ltr'><strong>έν</strong></span> <span class='ocrx_word' id='word_1_188' title='bbox 3522 1184 3719 1255; x_wconf 74' lang='grc' dir='ltr'>εἰρήνη</span> 
     </span>
    </p>
   </div>
   <div class='ocr_carea' id='block_1_28' title="bbox 2126 1274 3723 1349">
    <p class='ocr_par' dir='ltr' id='par_1_28' title="bbox 2126 1274 3723 1349">
     <span class='ocr_line' id='line_1_28' title="bbox 2126 1274 3723 1349; baseline -0.003 -18"><span class='ocrx_word' id='word_1_189' title='bbox 2126 1278 2363 1332; x_wconf 83' lang='grc' dir='ltr'>δείκνυσι</span> <span class='ocrx_word' id='word_1_190' title='bbox 2393 1277 2490 1343; x_wconf 81' lang='grc' dir='ltr'>τὴν</span> <span class='ocrx_word' id='word_1_191' title='bbox 2533 1276 2744 1330; x_wconf 87' lang='grc' dir='ltr'>οίκείαν</span> <span class='ocrx_word' id='word_1_192' title='bbox 2775 1275 3021 1349; x_wconf 80' lang='grc' dir='ltr'>ἀνδρίαν,</span> <span class='ocrx_word' id='word_1_193' title='bbox 3072 1274 3189 1328; x_wconf 85' lang='grc' dir='ltr'>ἀλλ’</span> <span class='ocrx_word' id='word_1_194' title='bbox 3220 1276 3279 1328; x_wconf 85' lang='grc' dir='ltr'>ὲν</span> <span class='ocrx_word' id='word_1_195' title='bbox 3300 1274 3391 1345; x_wconf 70' lang='grc' dir='ltr'>τῷ</span> <span class='ocrx_word' id='word_1_196' title='bbox 3421 1275 3518 1328; x_wconf 74' lang='grc' dir='ltr'>τοῦ</span> <span class='ocrx_word' id='word_1_197' title='bbox 3560 1275 3723 1328; x_wconf 69' lang='grc' dir='ltr'>πολέ-</span> 
     </span>
    </p>
   </div>
   <div class='ocr_carea' id='block_1_29' title="bbox 2131 1360 3719 1439">
    <p class='ocr_par' dir='ltr' id='par_1_29' title="bbox 2131 1360 3719 1439">
     <span class='ocr_line' id='line_1_29' title="bbox 2131 1360 3719 1439; baseline -0.002 -17"><span class='ocrx_word' id='word_1_198' title='bbox 2131 1387 2234 1438; x_wconf 81' lang='grc' dir='ltr'>μου</span> <span class='ocrx_word' id='word_1_199' title='bbox 2281 1360 2481 1439; x_wconf 79' lang='grc' dir='ltr'>καιρῷ,</span> <span class='ocrx_word' id='word_1_200' title='bbox 2517 1368 2611 1421; x_wconf 77' lang='grc' dir='ltr'>καὶ</span> <span class='ocrx_word' id='word_1_201' title='bbox 2662 1368 2790 1431; x_wconf 83' lang='grc' dir='ltr'>τοὺς</span> <span class='ocrx_word' id='word_1_202' title='bbox 2836 1367 3032 1430; x_wconf 72' lang='grc' dir='ltr'>ἄλλους</span> <span class='ocrx_word' id='word_1_203' title='bbox 3068 1365 3376 1437; x_wconf 82' lang='grc' dir='ltr'>διεγείρων,</span> <span class='ocrx_word' id='word_1_204' title='bbox 3426 1368 3523 1419; x_wconf 74' lang='grc' dir='ltr'><strong>καὶ</strong></span> <span class='ocrx_word' id='word_1_205' title='bbox 3553 1366 3719 1429; x_wconf 73' lang='grc' dir='ltr'>αὐτὸς</span> 
     </span>
    </p>
   </div>
   <div class='ocr_carea' id='block_1_30' title="bbox 2129 1450 3720 1531">
    <p class='ocr_par' dir='ltr' id='par_1_30' title="bbox 2129 1450 3720 1531">
     <span class='ocr_line' id='line_1_30' title="bbox 2129 1450 3720 1531; baseline -0.003 -18"><span class='ocrx_word' id='word_1_206' title='bbox 2129 1459 2563 1531; x_wconf 77' lang='grc' dir='ltr'>προκινδυνεύων</span> <span class='ocrx_word' id='word_1_207' title='bbox 2588 1460 2690 1529; x_wconf 84' lang='grc' dir='ltr'>τῆς</span> <span class='ocrx_word' id='word_1_208' title='bbox 2718 1450 2999 1529; x_wconf 76' lang='grc' dir='ltr'>στρατιᾶς.</span> <span class='ocrx_word' id='word_1_209' title='bbox 3034 1460 3276 1512; x_wconf 81' lang='grc' dir='ltr'>Ἀτοπον</span> <span class='ocrx_word' id='word_1_210' title='bbox 3301 1458 3431 1530; x_wconf 80' lang='grc' dir='ltr'>γὰρ,</span> <span class='ocrx_word' id='word_1_211' title='bbox 3472 1459 3573 1527; x_wconf 78' lang='grc' dir='ltr'>τῆς</span> <span class='ocrx_word' id='word_1_212' title='bbox 3620 1459 3720 1527; x_wconf 78' lang='grc' dir='ltr'>μὲν</span> 
     </span>
    </p>
   </div>
   <div class='ocr_carea' id='block_1_31' title="bbox 2128 1536 3720 1620">
    <p class='ocr_par' dir='ltr' id='par_1_31' title="bbox 2128 1536 3720 1620">
     <span class='ocr_line' id='line_1_31' title="bbox 2128 1536 3720 1620; baseline -0.001 -19"><span class='ocrx_word' id='word_1_213' title='bbox 2128 1549 2505 1620; x_wconf 66' lang='grc' dir='ltr'>στρατηγικῆς</span> <span class='ocrx_word' id='word_1_214' title='bbox 2550 1536 2714 1603; x_wconf 73' lang='grc' dir='ltr'>αὑτὸν</span> <span class='ocrx_word' id='word_1_215' title='bbox 2762 1547 3056 1602; x_wconf 76' lang='grc' dir='ltr'>ἀπολαύειν</span> <span class='ocrx_word' id='word_1_216' title='bbox 3085 1548 3275 1619; x_wconf 78' lang='grc' dir='ltr'>τιμῆς,</span> <span class='ocrx_word' id='word_1_217' title='bbox 3309 1547 3367 1600; x_wconf 77' lang='grc' dir='ltr'><strong>έν</strong></span> <span class='ocrx_word' id='word_1_218' title='bbox 3409 1546 3466 1600; x_wconf 81' lang='grc' dir='ltr'>δὲ</span> <span class='ocrx_word' id='word_1_219' title='bbox 3507 1548 3586 1618; x_wconf 80' lang='grc' dir='ltr'>τῷ</span> <span class='ocrx_word' id='word_1_220' title='bbox 3620 1550 3720 1617; x_wconf 75' lang='grc' dir='ltr'>τῆς</span> 
     </span>
    </p>
   </div>
   <div class='ocr_carea' id='block_1_32' title="bbox 2125 1639 3465 1713">
    <p class='ocr_par' dir='ltr' id='par_1_32' title="bbox 2125 1639 3465 1713">
     <span class='ocr_line' id='line_1_32' title="bbox 2125 1639 3465 1713; baseline 0 -20"><span class='ocrx_word' id='word_1_221' title='bbox 2125 1640 2313 1713; x_wconf 83' lang='grc' dir='ltr'>χρείας</span> <span class='ocrx_word' id='word_1_222' title='bbox 2337 1640 2514 1712; x_wconf 90' lang='grc' dir='ltr'>καιρῷ</span> <span class='ocrx_word' id='word_1_223' title='bbox 2545 1641 2672 1705; x_wconf 73' lang='grc' dir='ltr'>τοὺς</span> <span class='ocrx_word' id='word_1_224' title='bbox 2704 1640 2983 1705; x_wconf 75' lang='grc' dir='ltr'>κινδύνους</span> <span class='ocrx_word' id='word_1_225' title='bbox 3026 1639 3465 1711; x_wconf 76' lang='grc' dir='ltr'>ἀποδιδράσκειν.</span> 
     </span>
    </p>
   </div>
   <div class='ocr_carea' id='block_1_33' title="bbox 2197 1727 3718 1803">
    <p class='ocr_par' dir='ltr' id='par_1_33' title="bbox 2197 1727 3718 1803">
     <span class='ocr_line' id='line_1_33' title="bbox 2197 1727 3718 1803; baseline -0.004 -18"><span class='ocrx_word' id='word_1_226' title='bbox 2197 1732 2385 1787; x_wconf 80' lang='grc' dir='ltr'>Ταῦτα</span> <span class='ocrx_word' id='word_1_227' title='bbox 2429 1733 2522 1785; x_wconf 85' lang='grc' dir='ltr'>καὶ</span> <span class='ocrx_word' id='word_1_228' title='bbox 2559 1732 2610 1784; x_wconf 82' lang='lat' dir='ltr'><strong>oi.</strong></span> <span class='ocrx_word' id='word_1_229' title='bbox 2666 1732 3064 1802; x_wconf 76' lang='grc' dir='ltr'>τρισμακάριοι</span> <span class='ocrx_word' id='word_1_230' title='bbox 3114 1730 3395 1803; x_wconf 79' lang='grc' dir='ltr'>προφῆται</span> <span class='ocrx_word' id='word_1_231' title='bbox 3444 1727 3718 1781; x_wconf 70' lang='grc' dir='ltr'>διετέλουν</span> 
     </span>
    </p>
   </div>
   <div class='ocr_carea' id='block_1_34' title="bbox 434 1804 2023 1903">
    <p class='ocr_par' dir='ltr' id='par_1_34' title="bbox 434 1804 2023 1903">
     <span class='ocr_line' id='line_1_34' title="bbox 434 1804 2023 1903; baseline 0.012 -31"><span class='ocrx_word' id='word_1_232' title='bbox 434 1834 534 1892; x_wconf 86' lang='lat' dir='ltr'><strong>per</strong></span> <span class='ocrx_word' id='word_1_233' title='bbox 572 1820 798 1877; x_wconf 91' lang='lat' dir='ltr'><strong>fuerunt</strong></span> <span class='ocrx_word' id='word_1_234' title='bbox 832 1840 843 1875; x_wconf 90' lang='lat'><strong>:</strong></span> <span class='ocrx_word' id='word_1_235' title='bbox 882 1824 999 1893; x_wconf 92' lang='lat' dir='ltr'><strong>qui,</strong></span> <span class='ocrx_word' id='word_1_236' title='bbox 1042 1827 1293 1893; x_wconf 89' lang='lat' dir='ltr'><strong>corporis</strong></span> <span class='ocrx_word' id='word_1_237' title='bbox 1337 1804 1512 1883; x_wconf 80' lang='lat' dir='ltr'><strong>salute</strong></span> <span class='ocrx_word' id='word_1_238' title='bbox 1539 1833 1873 1902; x_wconf 82' lang='lat' dir='ltr'><strong>postposita,</strong></span> <span class='ocrx_word' id='word_1_239' title='bbox 1925 1850 2023 1903; x_wconf 87' lang='lat' dir='ltr'><strong>pro</strong></span> 
     </span>
    </p>
   </div>
   <div class='ocr_carea' id='block_1_35' title="bbox 2123 1804 3720 1903">
    <p class='ocr_par' dir='ltr' id='par_1_35' title="bbox 2129 1818 3720 1895">
     <span class='ocr_line' id='line_1_35' title="bbox 2129 1818 3720 1895; baseline -0.003 -19"><span class='ocrx_word' id='word_1_240' title='bbox 2129 1822 2409 1886; x_wconf 78' lang='grc' dir='ltr'>ποιοῦντες</span> <span class='ocrx_word' id='word_1_241' title='bbox 2438 1839 2452 1853; x_wconf 84' lang='lat'><strong><em>°</em></strong></span> <span class='ocrx_word' id='word_1_242' title='bbox 2488 1822 2584 1877; x_wconf 65' lang='grc' dir='ltr'><strong>καὶ</strong></span> <span class='ocrx_word' id='word_1_243' title='bbox 2617 1823 2716 1894; x_wconf 82' lang='grc' dir='ltr'>τῆς</span> <span class='ocrx_word' id='word_1_244' title='bbox 2756 1823 2855 1895; x_wconf 78' lang='grc' dir='ltr'>μὲν</span> <span class='ocrx_word' id='word_1_245' title='bbox 2890 1820 3214 1893; x_wconf 80' lang='grc' dir='ltr'>σωματικῆς</span> <span class='ocrx_word' id='word_1_246' title='bbox 3254 1821 3533 1890; x_wconf 80' lang='grc' dir='ltr'>σωτηρίας</span> <span class='ocrx_word' id='word_1_247' title='bbox 3579 1818 3720 1889; x_wconf 76' lang='grc' dir='ltr'>ὴμέ-</span> 
     </span>
    </p>
   </div>
   <div class='ocr_carea' id='block_1_36' title="bbox 432 1910 2026 1989">
    <p class='ocr_par' dir='ltr' id='par_1_36' title="bbox 432 1910 2026 1989">
     <span class='ocr_line' id='line_1_36' title="bbox 432 1910 2026 1989; baseline 0.013 -24"><span class='ocrx_word' id='word_1_248' title='bbox 432 1910 655 1981; x_wconf 67' lang='lat' dir='ltr'><strong>Judaeis,</strong></span> <span class='ocrx_word' id='word_1_249' title='bbox 672 1913 765 1983; x_wconf 87' lang='lat' dir='ltr'><strong>qui</strong></span> <span class='ocrx_word' id='word_1_250' title='bbox 787 1916 933 1984; x_wconf 90' lang='lat' dir='ltr'><strong>ipsos</strong></span> <span class='ocrx_word' id='word_1_251' title='bbox 952 1920 1250 1974; x_wconf 86' lang='lat' dir='ltr'><strong>oderantet</strong></span> <span class='ocrx_word' id='word_1_252' title='bbox 1273 1924 1692 1989; x_wconf 80' lang='lat' dir='ltr'><strong>aversabantur,</strong></span> <span class='ocrx_word' id='word_1_253' title='bbox 1716 1929 1926 1984; x_wconf 92' lang='lat' dir='ltr'><strong>nullum</strong></span> <span class='ocrx_word' id='word_1_254' title='bbox 1946 1932 2026 1985; x_wconf 86' lang='lat' dir='ltr'><strong>la-</strong></span> 
     </span>
    </p>
   </div>
   <div class='ocr_carea' id='block_1_37' title="bbox 432 1998 2026 2085">
    <p class='ocr_par' dir='ltr' id='par_1_37' title="bbox 432 1998 2026 2085">
     <span class='ocr_line' id='line_1_37' title="bbox 432 1998 2026 2085; baseline 0.014 -31"><span class='ocrx_word' id='word_1_255' title='bbox 432 1998 619 2057; x_wconf 89' lang='lat' dir='ltr'><strong>borem</strong></span> <span class='ocrx_word' id='word_1_256' title='bbox 642 2012 697 2057; x_wconf 88' lang='lat' dir='ltr'><strong>et</strong></span> <span class='ocrx_word' id='word_1_257' title='bbox 721 2005 1028 2075; x_wconf 87' lang='lat' dir='ltr'><strong>periculum</strong></span> <span class='ocrx_word' id='word_1_258' title='bbox 1052 2007 1431 2066; x_wconf 83' lang='lat' dir='ltr'><strong>detrectabant</strong></span> <span class='ocrx_word' id='word_1_259' title='bbox 1456 2029 1467 2064; x_wconf 75' lang='grc' dir='ltr'>ε</span> <span class='ocrx_word' id='word_1_260' title='bbox 1495 2012 1562 2068; x_wconf 88' lang='lat' dir='ltr'><strong>de</strong></span> <span class='ocrx_word' id='word_1_261' title='bbox 1579 2016 1783 2085; x_wconf 86' lang='lat' dir='ltr'><strong>quibus</strong></span> <span class='ocrx_word' id='word_1_262' title='bbox 1802 2017 2026 2076; x_wconf 86' lang='lat' dir='ltr'><strong>divinus</strong></span> 
     </span>
    </p>
   </div>
   <div class='ocr_carea' id='block_1_38' title="bbox 430 2092 2022 2176">
    <p class='ocr_par' dir='ltr' id='par_1_38' title="bbox 430 2092 2022 2176">
     <span class='ocr_line' id='line_1_38' title="bbox 430 2092 2022 2176; baseline 0.011 -29"><span class='ocrx_word' id='word_1_263' title='bbox 430 2092 724 2163; x_wconf 82' lang='lat' dir='ltr'><strong>Apostolus</strong></span> <span class='ocrx_word' id='word_1_264' title='bbox 753 2113 765 2149; x_wconf 88' lang='lat'><strong>:</strong></span> <span class='ocrx_word' id='word_1_265' title='bbox 808 2115 826 2147; x_wconf 79' lang='grc' dir='ltr'><strong>ι</strong></span> <span class='ocrx_word' id='word_1_266' title='bbox 854 2097 1102 2168; x_wconf 88' lang='lat' dir='ltr'><strong>Lapidati</strong></span> <span class='ocrx_word' id='word_1_267' title='bbox 1125 2110 1272 2165; x_wconf 90' lang='lat' dir='ltr'><strong>sunt,</strong></span> <span class='ocrx_word' id='word_1_268' title='bbox 1314 2105 1450 2158; x_wconf 88' lang='lat' dir='ltr'><strong>secti</strong></span> <span class='ocrx_word' id='word_1_269' title='bbox 1476 2112 1623 2169; x_wconf 88' lang='lat' dir='ltr'><strong>sunt,</strong></span> <span class='ocrx_word' id='word_1_270' title='bbox 1656 2109 1848 2163; x_wconf 88' lang='lat' dir='ltr'><strong>tentati</strong></span> <span class='ocrx_word' id='word_1_271' title='bbox 1872 2120 2022 2176; x_wconf 90' lang='lat' dir='ltr'><strong>sunt,</strong></span> 
     </span>
    </p>
   </div>
   <div class='ocr_carea' id='block_1_39' title="bbox 432 2184 2023 2267">
    <p class='ocr_par' dir='ltr' id='par_1_39' title="bbox 432 2184 2023 2267">
     <span class='ocr_line' id='line_1_39' title="bbox 432 2184 2023 2267; baseline 0.014 -30"><span class='ocrx_word' id='word_1_272' title='bbox 432 2184 579 2239; x_wconf 70' lang='lat' dir='ltr'><strong>aede</strong></span> <span class='ocrx_word' id='word_1_273' title='bbox 601 2186 766 2257; x_wconf 90' lang='lat' dir='ltr'><strong>gladii</strong></span> <span class='ocrx_word' id='word_1_274' title='bbox 786 2189 989 2244; x_wconf 87' lang='lat' dir='ltr'><strong>mortui</strong></span> <span class='ocrx_word' id='word_1_275' title='bbox 1027 2200 1174 2247; x_wconf 88' lang='lat' dir='ltr'><strong>sunt.</strong></span> <span class='ocrx_word' id='word_1_276' title='bbox 1217 2192 1572 2251; x_wconf 86' lang='lat' dir='ltr'><strong>Circuierunt</strong></span> <span class='ocrx_word' id='word_1_277' title='bbox 1599 2199 1652 2253; x_wconf 93' lang='lat' dir='ltr'><strong>in</strong></span> <span class='ocrx_word' id='word_1_278' title='bbox 1685 2202 1925 2267; x_wconf 88' lang='lat' dir='ltr'><strong>melotis,</strong></span> <span class='ocrx_word' id='word_1_279' title='bbox 1967 2204 2023 2259; x_wconf 91' lang='lat' dir='ltr'><strong>in</strong></span> 
     </span>
    </p>
   </div>
   <div class='ocr_carea' id='block_1_40' title="bbox 432 2276 2023 2363">
    <p class='ocr_par' dir='ltr' id='par_1_40' title="bbox 432 2276 2023 2363">
     <span class='ocr_line' id='line_1_40' title="bbox 432 2276 2023 2363; baseline 0.013 -34"><span class='ocrx_word' id='word_1_280' title='bbox 432 2276 669 2345; x_wconf 82' lang='lat' dir='ltr'><strong>pellibus</strong></span> <span class='ocrx_word' id='word_1_281' title='bbox 688 2280 948 2349; x_wconf 87' lang='lat' dir='ltr'><strong>caprinis,</strong></span> <span class='ocrx_word' id='word_1_282' title='bbox 968 2291 1210 2353; x_wconf 76' lang='lat' dir='ltr'><strong>egentes,</strong></span> <span class='ocrx_word' id='word_1_283' title='bbox 1239 2284 1556 2354; x_wconf 82' lang='lat' dir='ltr'><strong>angustiati,</strong></span> <span class='ocrx_word' id='word_1_284' title='bbox 1578 2291 1785 2357; x_wconf 75' lang='lat' dir='ltr'><strong>afﬂicti,</strong></span> <span class='ocrx_word' id='word_1_285' title='bbox 1820 2296 2023 2363; x_wconf 91' lang='lat' dir='ltr'><strong>quibus</strong></span> 
     </span>
    </p>
   </div>
   <div class='ocr_carea' id='block_1_41' title="bbox 430 2366 2024 2451">
    <p class='ocr_par' dir='ltr' id='par_1_41' title="bbox 430 2366 2024 2451">
     <span class='ocr_line' id='line_1_41' title="bbox 430 2366 2024 2451; baseline 0.014 -31"><span class='ocrx_word' id='word_1_286' title='bbox 430 2366 630 2437; x_wconf 81' lang='lat' dir='ltr'><strong>dignus</strong></span> <span class='ocrx_word' id='word_1_287' title='bbox 653 2384 761 2423; x_wconf 84' lang='lat' dir='ltr'><strong>non</strong></span> <span class='ocrx_word' id='word_1_288' title='bbox 784 2380 903 2427; x_wconf 87' lang='lat' dir='ltr'><strong>erat</strong></span> <span class='ocrx_word' id='word_1_289' title='bbox 924 2373 1015 2428; x_wconf 88' lang='lat' dir='ltr'><strong>hic</strong></span> <span class='ocrx_word' id='word_1_290' title='bbox 1036 2374 1294 2439; x_wconf 89' lang='lat' dir='ltr'><strong>mundus,</strong></span> <span class='ocrx_word' id='word_1_291' title='bbox 1317 2379 1534 2451; x_wconf 69' lang='lat'><strong>1128</strong></span> <span class='ocrx_word' id='word_1_292' title='bbox 1556 2382 1608 2437; x_wconf 91' lang='lat' dir='ltr'><strong>in</strong></span> <span class='ocrx_word' id='word_1_293' title='bbox 1630 2384 2024 2443; x_wconf 88' lang='lat' dir='ltr'><strong>solitudinibus</strong></span> 
     </span>
    </p>
   </div>
   <div class='ocr_carea' id='block_1_42' title="bbox 430 2464 2023 2537">
    <p class='ocr_par' dir='ltr' id='par_1_42' title="bbox 430 2464 2023 2537">
     <span class='ocr_line' id='line_1_42' title="bbox 430 2464 2023 2537; baseline 0.014 -26"><span class='ocrx_word' id='word_1_294' title='bbox 430 2468 699 2521; x_wconf 74' lang='lat' dir='ltr'><strong>errantes,</strong></span> <span class='ocrx_word' id='word_1_295' title='bbox 736 2469 792 2515; x_wconf 93' lang='lat' dir='ltr'><strong>et</strong></span> <span class='ocrx_word' id='word_1_296' title='bbox 818 2464 1119 2529; x_wconf 87' lang='lat' dir='ltr'><strong>montibus,</strong></span> <span class='ocrx_word' id='word_1_297' title='bbox 1153 2476 1209 2521; x_wconf 92' lang='lat' dir='ltr'><strong>et</strong></span> <span class='ocrx_word' id='word_1_298' title='bbox 1234 2469 1531 2537; x_wconf 82' lang='lat' dir='ltr'><strong>speluncis,</strong></span> <span class='ocrx_word' id='word_1_299' title='bbox 1560 2482 1615 2526; x_wconf 92' lang='lat' dir='ltr'><strong>ct</strong></span> <span class='ocrx_word' id='word_1_300' title='bbox 1638 2476 1891 2531; x_wconf 84' lang='lat' dir='ltr'><strong>cavernis</strong></span> <span class='ocrx_word' id='word_1_301' title='bbox 1913 2486 2023 2533; x_wconf 88' lang='lat' dir='ltr'><strong>ter-</strong></span> 
     </span>
    </p>
   </div>
   <div class='ocr_carea' id='block_1_43' title="bbox 431 2551 2021 2641">
    <p class='ocr_par' dir='ltr' id='par_1_43' title="bbox 431 2551 2021 2641">
     <span class='ocr_line' id='line_1_43' title="bbox 431 2551 2021 2641; baseline 0.015 -39"><span class='ocrx_word' id='word_1_302' title='bbox 431 2551 616 2603; x_wconf 66' lang='grc' dir='ltr'>ταιη.»</span> <span class='ocrx_word' id='word_1_303' title='bbox 656 2551 745 2607; x_wconf 90' lang='lat' dir='ltr'><strong>Sic</strong></span> <span class='ocrx_word' id='word_1_304' title='bbox 778 2564 834 2608; x_wconf 89' lang='lat' dir='ltr'><strong>et</strong></span> <span class='ocrx_word' id='word_1_305' title='bbox 864 2555 1035 2610; x_wconf 82' lang='lat' dir='ltr'><strong>divini</strong></span> <span class='ocrx_word' id='word_1_306' title='bbox 1064 2560 1297 2628; x_wconf 90' lang='lat' dir='ltr'><strong>apostoli</strong></span> <span class='ocrx_word' id='word_1_307' title='bbox 1327 2562 1517 2618; x_wconf 89' lang='lat' dir='ltr'><strong>orbem</strong></span> <span class='ocrx_word' id='word_1_308' title='bbox 1542 2565 1865 2623; x_wconf 85' lang='lat' dir='ltr'><strong>universum</strong></span> <span class='ocrx_word' id='word_1_309' title='bbox 1889 2587 2021 2641; x_wconf 87' lang='lat' dir='ltr'><strong>per-</strong></span> 
     </span>
    </p>
   </div>
   <div class='ocr_carea' id='block_1_44' title="bbox 431 2642 2021 2726">
    <p class='ocr_par' dir='ltr' id='par_1_44' title="bbox 431 2642 2021 2726">
     <span class='ocr_line' id='line_1_44' title="bbox 431 2642 2021 2726; baseline 0.016 -34"><span class='ocrx_word' id='word_1_310' title='bbox 431 2642 672 2710; x_wconf 85' lang='lat' dir='ltr'><strong>agrando</strong></span> <span class='ocrx_word' id='word_1_311' title='bbox 718 2646 1114 2715; x_wconf 71' lang='lat' dir='ltr'><strong>praedicabant,</strong></span> <span class='ocrx_word' id='word_1_312' title='bbox 1171 2667 1280 2706; x_wconf 93' lang='lat' dir='ltr'><strong>non</strong></span> <span class='ocrx_word' id='word_1_313' title='bbox 1326 2653 1593 2713; x_wconf 83' lang='lat' dir='ltr'><strong>habentes</strong></span> <span class='ocrx_word' id='word_1_314' title='bbox 1630 2658 1878 2726; x_wconf 89' lang='lat' dir='ltr'><strong>domum,</strong></span> <span class='ocrx_word' id='word_1_315' title='bbox 1910 2679 2021 2719; x_wconf 91' lang='lat' dir='ltr'><strong>non</strong></span> 
     </span>
    </p>
   </div>
   <div class='ocr_carea' id='block_1_45' title="bbox 431 2727 2020 2822">
    <p class='ocr_par' dir='ltr' id='par_1_45' title="bbox 431 2727 2020 2822">
     <span class='ocr_line' id='line_1_45' title="bbox 431 2727 2020 2822; baseline 0.015 -40"><span class='ocrx_word' id='word_1_316' title='bbox 431 2727 659 2797; x_wconf 91' lang='lat' dir='ltr'><strong>lectum,</strong></span> <span class='ocrx_word' id='word_1_317' title='bbox 689 2748 797 2788; x_wconf 89' lang='lat' dir='ltr'><strong>non</strong></span> <span class='ocrx_word' id='word_1_318' title='bbox 824 2742 1080 2805; x_wconf 91' lang='lat' dir='ltr'><strong>stratum,</strong></span> <span class='ocrx_word' id='word_1_319' title='bbox 1109 2754 1219 2795; x_wconf 91' lang='lat' dir='ltr'><strong>non</strong></span> <span class='ocrx_word' id='word_1_320' title='bbox 1244 2756 1512 2809; x_wconf 87' lang='lat' dir='ltr'><strong>mensam,</strong></span> <span class='ocrx_word' id='word_1_321' title='bbox 1546 2760 1655 2800; x_wconf 91' lang='lat' dir='ltr'><strong>non</strong></span> <span class='ocrx_word' id='word_1_322' title='bbox 1685 2749 1834 2803; x_wconf 90' lang='lat' dir='ltr'><strong>aliud</strong></span> <span class='ocrx_word' id='word_1_323' title='bbox 1856 2752 2020 2822; x_wconf 91' lang='lat' dir='ltr'><strong>quid-</strong></span> 
     </span>
    </p>
   </div>
   <div class='ocr_carea' id='block_1_46' title="bbox 431 2834 2017 2903">
    <p class='ocr_par' dir='ltr' id='par_1_46' title="bbox 431 2834 2017 2903">
     <span class='ocr_line' id='line_1_46' title="bbox 431 2834 2017 2903; baseline 0.017 -30"><span class='ocrx_word' id='word_1_324' title='bbox 431 2835 596 2890; x_wconf 89' lang='lat' dir='ltr'><strong>quam</strong></span> <span class='ocrx_word' id='word_1_325' title='bbox 644 2838 837 2879; x_wconf 82' lang='lat' dir='ltr'><strong>eowm</strong></span> <span class='ocrx_word' id='word_1_326' title='bbox 895 2844 1017 2897; x_wconf 64' lang='lat' dir='ltr'><strong>quae</strong></span> <span class='ocrx_word' id='word_1_327' title='bbox 1065 2846 1199 2886; x_wconf 89' lang='lat' dir='ltr'><strong>usus</strong></span> <span class='ocrx_word' id='word_1_328' title='bbox 1228 2834 1469 2903; x_wconf 87' lang='lat' dir='ltr'><strong>postulat</strong></span> <span class='ocrx_word' id='word_1_329' title='bbox 1499 2842 1848 2897; x_wconf 87' lang='lat' dir='ltr'><strong>necessarius</strong></span> <span class='ocrx_word' id='word_1_330' title='bbox 1880 2862 1891 2897; x_wconf 94' lang='lat'>:</span> <span class='ocrx_word' id='word_1_331' title='bbox 1923 2846 2017 2900; x_wconf 90' lang='lat' dir='ltr'><strong>sed</strong></span> 
     </span>
    </p>
   </div>
   <div class='ocr_carea' id='block_1_47' title="bbox 431 2911 2018 2998">
    <p class='ocr_par' dir='ltr' id='par_1_47' title="bbox 431 2911 2018 2998">
     <span class='ocr_line' id='line_1_47' title="bbox 431 2911 2018 2998; baseline 0.017 -30"><span class='ocrx_word' id='word_1_332' title='bbox 431 2911 710 2985; x_wconf 80' lang='lat' dir='ltr'><strong>ﬂagellati,</strong></span> <span class='ocrx_word' id='word_1_333' title='bbox 740 2928 795 2973; x_wconf 91' lang='lat' dir='ltr'><strong>et</strong></span> <span class='ocrx_word' id='word_1_334' title='bbox 820 2922 969 2986; x_wconf 91' lang='lat' dir='ltr'><strong>torti,</strong></span> <span class='ocrx_word' id='word_1_335' title='bbox 998 2932 1053 2978; x_wconf 90' lang='lat' dir='ltr'><strong>et</strong></span> <span class='ocrx_word' id='word_1_336' title='bbox 1076 2927 1393 2983; x_wconf 89' lang='lat' dir='ltr'><strong>carceribus</strong></span> <span class='ocrx_word' id='word_1_337' title='bbox 1416 2929 1648 2998; x_wconf 89' lang='lat' dir='ltr'><strong>detenti,</strong></span> <span class='ocrx_word' id='word_1_338' title='bbox 1674 2935 1845 2990; x_wconf 89' lang='lat' dir='ltr'><strong>etalia</strong></span> <span class='ocrx_word' id='word_1_339' title='bbox 1870 2938 2018 2995; x_wconf 88' lang='lat' dir='ltr'><strong>mille</strong></span> 
     </span>
    </p>
   </div>
   <div class='ocr_carea' id='block_1_48' title="bbox 431 3008 2016 3097">
    <p class='ocr_par' dir='ltr' id='par_1_48' title="bbox 431 3008 2016 3097">
     <span class='ocr_line' id='line_1_48' title="bbox 431 3008 2016 3097; baseline 0.016 -36"><span class='ocrx_word' id='word_1_340' title='bbox 431 3008 627 3064; x_wconf 88' lang='lat' dir='ltr'><strong>mortis</strong></span> <span class='ocrx_word' id='word_1_341' title='bbox 656 3027 854 3083; x_wconf 89' lang='lat' dir='ltr'><strong>genera</strong></span> <span class='ocrx_word' id='word_1_342' title='bbox 878 3014 1245 3085; x_wconf 85' lang='lat' dir='ltr'><strong>perferentes.</strong></span> <span class='ocrx_word' id='word_1_343' title='bbox 1295 3020 1474 3091; x_wconf 86' lang='lat' dir='ltr'><strong>Atque</strong></span> <span class='ocrx_word' id='word_1_344' title='bbox 1518 3022 1635 3079; x_wconf 71' lang='lat' dir='ltr'><strong>haec</strong></span> <span class='ocrx_word' id='word_1_345' title='bbox 1662 3026 1739 3080; x_wconf 86' lang='lat' dir='ltr'><strong>illi</strong></span> <span class='ocrx_word' id='word_1_346' title='bbox 1767 3029 2016 3097; x_wconf 88' lang='lat' dir='ltr'><strong>perfere-</strong></span> 
     </span>
    </p>
   </div>
   <div class='ocr_carea' id='block_1_49' title="bbox 432 3094 2087 3205">
    <p class='ocr_par' dir='ltr' id='par_1_49' title="bbox 432 3094 2087 3205">
     <span class='ocr_line' id='line_1_49' title="bbox 432 3094 2087 3205; baseline 0.017 -54"><span class='ocrx_word' id='word_1_347' title='bbox 432 3094 587 3164; x_wconf 88' lang='lat' dir='ltr'><strong>bant,</strong></span> <span class='ocrx_word' id='word_1_348' title='bbox 625 3116 735 3157; x_wconf 89' lang='lat' dir='ltr'><strong>non</strong></span> <span class='ocrx_word' id='word_1_349' title='bbox 778 3120 879 3175; x_wconf 91' lang='lat' dir='ltr'><strong>pro</strong></span> <span class='ocrx_word' id='word_1_350' title='bbox 921 3108 1069 3161; x_wconf 90' lang='lat' dir='ltr'><strong>notis</strong></span> <span class='ocrx_word' id='word_1_351' title='bbox 1114 3118 1171 3164; x_wconf 89' lang='lat' dir='ltr'><strong>et</strong></span> <span class='ocrx_word' id='word_1_352' title='bbox 1207 3111 1422 3177; x_wconf 89' lang='lat' dir='ltr'><strong>amicis,</strong></span> <span class='ocrx_word' id='word_1_353' title='bbox 1474 3115 1569 3170; x_wconf 89' lang='lat' dir='ltr'><strong>sed</strong></span> <span class='ocrx_word' id='word_1_354' title='bbox 1612 3125 1715 3186; x_wconf 88' lang='lat' dir='ltr'><strong>pro</strong></span> <span class='ocrx_word' id='word_1_355' title='bbox 1751 3094 1860 3175; x_wconf 80' lang='lat' dir='ltr'><strong>illis</strong></span> <span class='ocrx_word' id='word_1_356' title='bbox 1885 3122 2017 3191; x_wconf 87' lang='lat' dir='ltr'><strong>ipsis</strong></span> <span class='ocrx_word' id='word_1_357' title='bbox 2046 3147 2087 3205; x_wconf 67' lang='grc' dir='ltr'>ε</span> 
     </span>
    </p>
   </div>
   <div class='ocr_carea' id='block_1_50' title="bbox 432 3191 2012 3276">
    <p class='ocr_par' dir='ltr' id='par_1_50' title="bbox 432 3191 2012 3276">
     <span class='ocr_line' id='line_1_50' title="bbox 432 3191 2012 3276; baseline 0.017 -32"><span class='ocrx_word' id='word_1_358' title='bbox 432 3191 529 3261; x_wconf 93' lang='lat' dir='ltr'><strong>qui</strong></span> <span class='ocrx_word' id='word_1_359' title='bbox 570 3208 666 3276; x_wconf 85' lang='lat' dir='ltr'><strong>eos</strong></span> <span class='ocrx_word' id='word_1_360' title='bbox 713 3200 1192 3267; x_wconf 84' lang='lat' dir='ltr'><strong>persequebantur</strong></span> <span class='ocrx_word' id='word_1_361' title='bbox 1235 3204 1482 3273; x_wconf 85' lang='lat' dir='ltr'><strong>pericula</strong></span> <span class='ocrx_word' id='word_1_362' title='bbox 1537 3208 1686 3264; x_wconf 90' lang='lat' dir='ltr'><strong>ultro</strong></span> <span class='ocrx_word' id='word_1_363' title='bbox 1728 3211 2012 3270; x_wconf 85' lang='lat' dir='ltr'><strong>adeuntes.</strong></span> 
     </span>
    </p>
   </div>
   <div class='ocr_carea' id='block_1_51' title="bbox 431 3281 2017 3369">
    <p class='ocr_par' dir='ltr' id='par_1_51' title="bbox 431 3281 2017 3369">
     <span class='ocr_line' id='line_1_51' title="bbox 431 3281 2017 3369; baseline 0.018 -33"><span class='ocrx_word' id='word_1_364' title='bbox 431 3281 552 3350; x_wconf 84' lang='lat' dir='ltr'><strong>Quo</strong></span> <span class='ocrx_word' id='word_1_365' title='bbox 588 3298 737 3342; x_wconf 88' lang='lat' dir='ltr'><strong>certe</strong></span> <span class='ocrx_word' id='word_1_366' title='bbox 777 3288 984 3359; x_wconf 87' lang='lat' dir='ltr'><strong>justius</strong></span> <span class='ocrx_word' id='word_1_367' title='bbox 1012 3308 1161 3349; x_wconf 89' lang='lat' dir='ltr'><strong>nunc</strong></span> <span class='ocrx_word' id='word_1_368' title='bbox 1181 3302 1286 3361; x_wconf 82' lang='lat' dir='ltr'><strong>est,</strong></span> <span class='ocrx_word' id='word_1_369' title='bbox 1332 3312 1433 3367; x_wconf 92' lang='lat' dir='ltr'><strong>pro</strong></span> <span class='ocrx_word' id='word_1_370' title='bbox 1457 3298 1582 3355; x_wconf 87' lang='lat' dir='ltr'><strong>fidei</strong></span> <span class='ocrx_word' id='word_1_371' title='bbox 1608 3304 1795 3369; x_wconf 86' lang='lat' dir='ltr'><strong>sociis,</strong></span> <span class='ocrx_word' id='word_1_372' title='bbox 1823 3315 1878 3361; x_wconf 91' lang='lat' dir='ltr'><strong>et</strong></span> <span class='ocrx_word' id='word_1_373' title='bbox 1905 3307 2017 3363; x_wconf 84' lang='lat' dir='ltr'><strong>fra-</strong></span> 
     </span>
    </p>
   </div>
   <div class='ocr_carea' id='block_1_52' title="bbox 432 3373 2017 3464">
    <p class='ocr_par' dir='ltr' id='par_1_52' title="bbox 432 3373 2017 3464">
     <span class='ocr_line' id='line_1_52' title="bbox 432 3373 2017 3464; baseline 0.016 -38"><span class='ocrx_word' id='word_1_374' title='bbox 432 3373 630 3439; x_wconf 90' lang='lat' dir='ltr'><strong>tribus,</strong></span> <span class='ocrx_word' id='word_1_375' title='bbox 683 3387 739 3432; x_wconf 93' lang='lat' dir='ltr'><strong>et</strong></span> <span class='ocrx_word' id='word_1_376' title='bbox 785 3379 942 3447; x_wconf 84' lang='lat' dir='ltr'><strong>ﬁliis,</strong></span> <span class='ocrx_word' id='word_1_377' title='bbox 998 3382 1215 3440; x_wconf 86' lang='lat' dir='ltr'><strong>irruens</strong></span> <span class='ocrx_word' id='word_1_378' title='bbox 1260 3386 1367 3441; x_wconf 88' lang='lat' dir='ltr'><strong>hoc</strong></span> <span class='ocrx_word' id='word_1_379' title='bbox 1412 3396 1660 3459; x_wconf 89' lang='lat' dir='ltr'><strong>tempore</strong></span> <span class='ocrx_word' id='word_1_380' title='bbox 1705 3395 2017 3464; x_wconf 86' lang='lat' dir='ltr'><strong>periculum</strong></span> 
     </span>
    </p>
   </div>
   <div class='ocr_carea' id='block_1_53' title="bbox 431 3467 2018 3545">
    <p class='ocr_par' dir='ltr' id='par_1_53' title="bbox 431 3467 2018 3545">
     <span class='ocr_line' id='line_1_53' title="bbox 431 3467 2018 3545; baseline 0.019 -29"><span class='ocrx_word' id='word_1_381' title='bbox 431 3467 711 3545; x_wconf 54' lang='lat' dir='ltr'><strong>amplecti.</strong></span> <span class='ocrx_word' id='word_1_382' title='bbox 746 3468 897 3525; x_wconf 88' lang='lat' dir='ltr'><strong>Hanc</strong></span> <span class='ocrx_word' id='word_1_383' title='bbox 922 3474 1070 3529; x_wconf 89' lang='lat' dir='ltr'><strong>enim</strong></span> <span class='ocrx_word' id='word_1_384' title='bbox 1102 3477 1157 3531; x_wconf 93' lang='lat' dir='ltr'><strong>in</strong></span> <span class='ocrx_word' id='word_1_385' title='bbox 1181 3492 1312 3533; x_wconf 90' lang='lat' dir='ltr'><strong>suos</strong></span> <span class='ocrx_word' id='word_1_386' title='bbox 1335 3479 1775 3540; x_wconf 88' lang='lat' dir='ltr'><strong>benevolentiam</strong></span> <span class='ocrx_word' id='word_1_387' title='bbox 1798 3488 2018 3545; x_wconf 89' lang='lat' dir='ltr'><strong>insitam</strong></span> 
     </span>
    </p>
   </div>
   <div class='ocr_carea' id='block_1_54' title="bbox 434 3529 2017 3638">
    <p class='ocr_par' dir='ltr' id='par_1_54' title="bbox 434 3529 2017 3638">
     <span class='ocr_line' id='line_1_54' title="bbox 434 3529 2017 3638; baseline 0.017 -27"><span class='ocrx_word' id='word_1_388' title='bbox 434 3529 602 3613; x_wconf 71' lang='lat' dir='ltr'><strong>babet</strong></span> <span class='ocrx_word' id='word_1_389' title='bbox 644 3561 810 3615; x_wconf 87' lang='lat' dir='ltr'><strong>etiam</strong></span> <span class='ocrx_word' id='word_1_390' title='bbox 866 3573 1059 3621; x_wconf 89' lang='lat' dir='ltr'><strong>natura</strong></span> <span class='ocrx_word' id='word_1_391' title='bbox 1107 3567 1397 3626; x_wconf 88' lang='lat' dir='ltr'><strong>brutarum</strong></span> <span class='ocrx_word' id='word_1_392' title='bbox 1439 3574 1827 3634; x_wconf 91' lang='lat' dir='ltr'><strong>animantium.</strong></span> <span class='ocrx_word' id='word_1_393' title='bbox 1882 3582 2017 3638; x_wconf 81' lang='lat' dir='ltr'><strong>Nam</strong></span> 
     </span>
    </p>
   </div>
   <div class='ocr_carea' id='block_1_55' title="bbox 433 3656 2020 3744">
    <p class='ocr_par' dir='ltr' id='par_1_55' title="bbox 433 3656 2020 3744">
     <span class='ocr_line' id='line_1_55' title="bbox 433 3656 2020 3744; baseline 0.019 -42"><span class='ocrx_word' id='word_1_394' title='bbox 433 3658 491 3744; x_wconf 76' lang='lat' dir='ltr'><strong>et</strong></span> <span class='ocrx_word' id='word_1_395' title='bbox 514 3666 764 3721; x_wconf 83' lang='lat' dir='ltr'><strong>passeres</strong></span> <span class='ocrx_word' id='word_1_396' title='bbox 794 3656 983 3715; x_wconf 89' lang='lat' dir='ltr'><strong>videre</strong></span> <span class='ocrx_word' id='word_1_397' title='bbox 1006 3668 1092 3715; x_wconf 92' lang='lat' dir='ltr'><strong>est</strong></span> <span class='ocrx_word' id='word_1_398' title='bbox 1123 3677 1225 3732; x_wconf 93' lang='lat' dir='ltr'><strong>pro</strong></span> <span class='ocrx_word' id='word_1_399' title='bbox 1248 3664 1414 3733; x_wconf 90' lang='lat' dir='ltr'><strong>pullis</strong></span> <span class='ocrx_word' id='word_1_400' title='bbox 1436 3660 1552 3724; x_wconf 71' lang='lat' dir='ltr'><strong>suis</strong></span> <span class='ocrx_word' id='word_1_401' title='bbox 1577 3673 1759 3739; x_wconf 88' lang='lat' dir='ltr'><strong>quoad</strong></span> <span class='ocrx_word' id='word_1_402' title='bbox 1784 3685 2020 3744; x_wconf 88' lang='lat' dir='ltr'><strong>possunt</strong></span> 
     </span>
    </p>
   </div>
   <div class='ocr_carea' id='block_1_56' title="bbox 434 3739 2015 3821">
    <p class='ocr_par' dir='ltr' id='par_1_56' title="bbox 434 3739 2015 3821">
     <span class='ocr_line' id='line_1_56' title="bbox 434 3739 2015 3821; baseline 0.017 -27"><span class='ocrx_word' id='word_1_403' title='bbox 434 3739 815 3812; x_wconf 88' lang='lat' dir='ltr'><strong>decertantes,</strong></span> <span class='ocrx_word' id='word_1_404' title='bbox 871 3757 929 3804; x_wconf 87' lang='lat' dir='ltr'><strong>et</strong></span> <span class='ocrx_word' id='word_1_405' title='bbox 976 3766 1114 3820; x_wconf 86' lang='lat' dir='ltr'><strong>quas</strong></span> <span class='ocrx_word' id='word_1_406' title='bbox 1144 3753 1292 3808; x_wconf 90' lang='lat' dir='ltr'><strong>vires</strong></span> <span class='ocrx_word' id='word_1_407' title='bbox 1329 3755 1536 3812; x_wconf 89' lang='lat' dir='ltr'><strong>habent</strong></span> <span class='ocrx_word' id='word_1_408' title='bbox 1568 3760 1637 3814; x_wconf 88' lang='lat' dir='ltr'><strong>ad</strong></span> <span class='ocrx_word' id='word_1_409' title='bbox 1666 3739 1885 3817; x_wconf 49' lang='lat' dir='ltr'><strong>illor—um</strong></span> <span class='ocrx_word' id='word_1_410' title='bbox 1919 3766 2015 3821; x_wconf 89' lang='lat' dir='ltr'><strong>de-</strong></span> 
     </span>
    </p>
   </div>
   <div class='ocr_carea' id='block_1_57' title="bbox 433 3829 2015 3913">
    <p class='ocr_par' dir='ltr' id='par_1_57' title="bbox 433 3829 2015 3913">
     <span class='ocr_line' id='line_1_57' title="bbox 433 3829 2015 3913; baseline 0.017 -27"><span class='ocrx_word' id='word_1_411' title='bbox 433 3829 738 3910; x_wconf 85' lang='lat' dir='ltr'><strong>fensionem</strong></span> <span class='ocrx_word' id='word_1_412' title='bbox 769 3849 1093 3897; x_wconf 81' lang='lat' dir='ltr'><strong>exercentes</strong></span> <span class='ocrx_word' id='word_1_413' title='bbox 1146 3860 1160 3897; x_wconf 91' lang='lat'><strong>:</strong></span> <span class='ocrx_word' id='word_1_414' title='bbox 1208 3852 1265 3898; x_wconf 90' lang='lat' dir='ltr'><strong>et</strong></span> <span class='ocrx_word' id='word_1_415' title='bbox 1293 3845 1398 3901; x_wconf 89' lang='lat' dir='ltr'><strong>alia</strong></span> <span class='ocrx_word' id='word_1_416' title='bbox 1428 3847 1686 3906; x_wconf 88' lang='lat' dir='ltr'><strong>similiter</strong></span> <span class='ocrx_word' id='word_1_417' title='bbox 1729 3854 2015 3913; x_wconf 85' lang='lat' dir='ltr'><strong>volucrum</strong></span> 
     </span>
    </p>
   </div>
   <div class='ocr_carea' id='block_1_58' title="bbox 433 3931 2017 4019">
    <p class='ocr_par' dir='ltr' id='par_1_58' title="bbox 433 3931 2017 4019">
     <span class='ocr_line' id='line_1_58' title="bbox 433 3931 2017 4019; baseline 0.018 -43"><span class='ocrx_word' id='word_1_418' title='bbox 433 3938 634 3993; x_wconf 80' lang='lat' dir='ltr'><strong>genera</strong></span> <span class='ocrx_word' id='word_1_419' title='bbox 656 3942 755 3997; x_wconf 87' lang='lat' dir='ltr'><strong>pro</strong></span> <span class='ocrx_word' id='word_1_420' title='bbox 774 3931 1019 3999; x_wconf 88' lang='lat' dir='ltr'><strong>parvulis</strong></span> <span class='ocrx_word' id='word_1_421' title='bbox 1043 3934 1159 3994; x_wconf 89' lang='lat' dir='ltr'><strong>suis</strong></span> <span class='ocrx_word' id='word_1_422' title='bbox 1179 3939 1489 4007; x_wconf 90' lang='lat' dir='ltr'><strong>periculum</strong></span> <span class='ocrx_word' id='word_1_423' title='bbox 1513 3943 1773 4001; x_wconf 89' lang='lat' dir='ltr'><strong>subeunt.</strong></span> <span class='ocrx_word' id='word_1_424' title='bbox 1798 3947 1865 4002; x_wconf 89' lang='lat' dir='ltr'><strong>Et</strong></span> <span class='ocrx_word' id='word_1_425' title='bbox 1885 3950 2017 4019; x_wconf 89' lang='lat' dir='ltr'><strong>quid</strong></span> 
     </span>
    </p>
   </div>
   <div class='ocr_carea' id='block_1_59' title="bbox 434 4015 2021 4105">
    <p class='ocr_par' dir='ltr' id='par_1_59' title="bbox 434 4015 2021 4105">
     <span class='ocr_line' id='line_1_59' title="bbox 434 4015 2021 4105; baseline 0.019 -38"><span class='ocrx_word' id='word_1_426' title='bbox 434 4015 689 4072; x_wconf 85' lang='lat' dir='ltr'><strong>volucres</strong></span> <span class='ocrx_word' id='word_1_427' title='bbox 734 4019 894 4076; x_wconf 84' lang='lat' dir='ltr'><strong>dico?</strong></span> <span class='ocrx_word' id='word_1_428' title='bbox 945 4025 1080 4091; x_wconf 90' lang='lat' dir='ltr'><strong>ursi,</strong></span> <span class='ocrx_word' id='word_1_429' title='bbox 1134 4034 1192 4082; x_wconf 90' lang='lat' dir='ltr'><strong>et</strong></span> <span class='ocrx_word' id='word_1_430' title='bbox 1219 4030 1401 4099; x_wconf 89' lang='lat' dir='ltr'><strong>pardi,</strong></span> <span class='ocrx_word' id='word_1_431' title='bbox 1445 4041 1502 4087; x_wconf 90' lang='lat' dir='ltr'><strong>et</strong></span> <span class='ocrx_word' id='word_1_432' title='bbox 1524 4034 1692 4105; x_wconf 77' lang='lat' dir='ltr'><strong>lupi,‘</strong></span> <span class='ocrx_word' id='word_1_433' title='bbox 1726 4048 1783 4093; x_wconf 90' lang='lat' dir='ltr'><strong>et</strong></span> <span class='ocrx_word' id='word_1_434' title='bbox 1831 4015 2021 4097; x_wconf 78' lang='lat' dir='ltr'><strong>leones</strong></span> 
     </span>
    </p>
   </div>
   <div class='ocr_carea' id='block_1_60' title="bbox 434 4108 2017 4201">
    <p class='ocr_par' dir='ltr' id='par_1_60' title="bbox 434 4108 2017 4201">
     <span class='ocr_line' id='line_1_60' title="bbox 434 4108 2017 4201; baseline 0.017 -41"><span class='ocrx_word' id='word_1_435' title='bbox 434 4108 722 4201; x_wconf 71' lang='lat' dir='ltr'><strong>quodlibet</strong></span> <span class='ocrx_word' id='word_1_436' title='bbox 740 4128 841 4181; x_wconf 90' lang='lat' dir='ltr'><strong>pro</strong></span> <span class='ocrx_word' id='word_1_437' title='bbox 858 4114 1070 4171; x_wconf 88' lang='lat' dir='ltr'><strong>fetuum</strong></span> <span class='ocrx_word' id='word_1_438' title='bbox 1090 4133 1315 4176; x_wconf 89' lang='lat' dir='ltr'><strong>suorum</strong></span> <span class='ocrx_word' id='word_1_439' title='bbox 1332 4124 1508 4179; x_wconf 87' lang='lat' dir='ltr'><strong>salute</strong></span> <span class='ocrx_word' id='word_1_440' title='bbox 1529 4130 1740 4199; x_wconf 88' lang='lat' dir='ltr'><strong>perpeti</strong></span> <span class='ocrx_word' id='word_1_441' title='bbox 1759 4133 2017 4201; x_wconf 83' lang='lat' dir='ltr'><strong>gaudent.</strong></span> 
     </span>
    </p>
   </div>
   <div class='ocr_carea' id='block_1_61' title="bbox 434 4198 2022 4295">
    <p class='ocr_par' dir='ltr' id='par_1_61' title="bbox 434 4198 2022 4295">
     <span class='ocr_line' id='line_1_61' title="bbox 434 4198 2022 4295; baseline 0.02 -44"><span class='ocrx_word' id='word_1_442' title='bbox 434 4198 545 4254; x_wconf 78' lang='lat' dir='ltr'><strong>Nec</strong></span> <span class='ocrx_word' id='word_1_443' title='bbox 571 4200 718 4256; x_wconf 91' lang='lat' dir='ltr'><strong>enim</strong></span> <span class='ocrx_word' id='word_1_444' title='bbox 750 4202 1025 4266; x_wconf 88' lang='lat' dir='ltr'><strong>irruentes</strong></span> <span class='ocrx_word' id='word_1_445' title='bbox 1048 4209 1359 4295; x_wconf 69' lang='lat' dir='ltr'><strong>declinant,</strong></span> <span class='ocrx_word' id='word_1_446' title='bbox 1414 4217 1511 4273; x_wconf 87' lang='lat' dir='ltr'><strong>sed</strong></span> <span class='ocrx_word' id='word_1_447' title='bbox 1534 4198 2022 4295; x_wconf 49' lang='lat' dir='ltr'><strong>illorum—impetus</strong></span> 
     </span>
    </p>
   </div>
   <div class='ocr_carea' id='block_1_62' title="bbox 416 4292 1576 4368">
    <p class='ocr_par' dir='ltr' id='par_1_62' title="bbox 416 4292 1576 4368">
     <span class='ocr_line' id='line_1_62' title="bbox 416 4292 1576 4368; baseline 0.018 -24"><span class='ocrx_word' id='word_1_448' title='bbox 416 4292 736 4360; x_wconf 79' lang='lat' dir='ltr'><strong>excipiunt,</strong></span> <span class='ocrx_word' id='word_1_449' title='bbox 770 4302 831 4351; x_wconf 85' lang='lat' dir='ltr'><strong>et’</strong></span> <span class='ocrx_word' id='word_1_450' title='bbox 854 4312 954 4368; x_wconf 91' lang='lat' dir='ltr'><strong>pro</strong></span> <span class='ocrx_word' id='word_1_451' title='bbox 983 4292 1264 4361; x_wconf 14' lang='lat' dir='ltr'><strong>natisﬁsuis</strong></span> <span class='ocrx_word' id='word_1_452' title='bbox 1294 4305 1576 4365; x_wconf 90' lang='lat' dir='ltr'><strong>dimicant.</strong></span> 
     </span>
    </p>
   </div>
   <div class='ocr_carea' id='block_1_63' title="bbox 2127 1910 3720 1982">
    <p class='ocr_par' dir='ltr' id='par_1_63' title="bbox 2127 1910 3720 1982">
     <span class='ocr_line' id='line_1_63' title="bbox 2127 1910 3720 1982; baseline -0.003 -15"><span class='ocrx_word' id='word_1_453' title='bbox 2127 1915 2281 1969; x_wconf 84' lang='grc' dir='ltr'>λουν·</span> <span class='ocrx_word' id='word_1_454' title='bbox 2310 1916 2484 1969; x_wconf 65' lang='grc' dir='ltr'>πάντα</span> <span class='ocrx_word' id='word_1_455' title='bbox 2515 1916 2570 1969; x_wconf 74' lang='grc' dir='ltr'>δὲ</span> <span class='ocrx_word' id='word_1_456' title='bbox 2602 1915 2763 1970; x_wconf 87' lang='grc' dir='ltr'>πόνον</span> <span class='ocrx_word' id='word_1_457' title='bbox 2787 1916 2877 1970; x_wconf 57' lang='grc' dir='ltr'><strong>καὶ⁵</strong></span> <span class='ocrx_word' id='word_1_458' title='bbox 2907 1914 3151 1968; x_wconf 81' lang='grc' dir='ltr'>κίνδυνον</span> <span class='ocrx_word' id='word_1_459' title='bbox 3182 1913 3322 1982; x_wconf 81' lang='grc' dir='ltr'>ὑπὲρ</span> <span class='ocrx_word' id='word_1_460' title='bbox 3357 1912 3467 1965; x_wconf 83' lang='grc' dir='ltr'><strong>τῶν</strong></span> <span class='ocrx_word' id='word_1_461' title='bbox 3500 1910 3720 1982; x_wconf 82' lang='grc' dir='ltr'>μισούν-</span> 
     </span>
    </p>
   </div>
   <div class='ocr_carea' id='block_1_64' title="bbox 2125 2000 3719 2077">
    <p class='ocr_par' dir='ltr' id='par_1_64' title="bbox 2125 2000 3719 2077">
     <span class='ocr_line' id='line_1_64' title="bbox 2125 2000 3719 2077; baseline -0.001 -21"><span class='ocrx_word' id='word_1_462' title='bbox 2125 2021 2235 2056; x_wconf 83' lang='grc' dir='ltr'><strong>των</strong></span> <span class='ocrx_word' id='word_1_463' title='bbox 2268 2004 2465 2066; x_wconf 71' lang='grc' dir='ltr'>αὐτοὺς</span> <span class='ocrx_word' id='word_1_464' title='bbox 2514 2003 3155 2077; x_wconf 60' lang='grc' dir='ltr'>καὶδάποστρεφομένων</span> <span class='ocrx_word' id='word_1_465' title='bbox 3215 2002 3483 2057; x_wconf 81' lang='grc' dir='ltr'>Ἰουδαίων</span> <span class='ocrx_word' id='word_1_466' title='bbox 3529 2000 3719 2054; x_wconf 73' lang='grc' dir='ltr'>ἀνεδέ-</span> 
     </span>
    </p>
   </div>
   <div class='ocr_carea' id='block_1_65' title="bbox 2125 2093 3720 2167">
    <p class='ocr_par' dir='ltr' id='par_1_65' title="bbox 2125 2093 3720 2167">
     <span class='ocr_line' id='line_1_65' title="bbox 2125 2093 3720 2167; baseline -0.002 -20"><span class='ocrx_word' id='word_1_467' title='bbox 2125 2111 2302 2165; x_wconf 89' lang='grc' dir='ltr'>χοντο.</span> <span class='ocrx_word' id='word_1_468' title='bbox 2360 2096 2497 2167; x_wconf 78' lang='grc' dir='ltr'>Περὶ</span> <span class='ocrx_word' id='word_1_469' title='bbox 2537 2096 2744 2150; x_wconf 85' lang='grc' dir='ltr'>τούτων</span> <span class='ocrx_word' id='word_1_470' title='bbox 2770 2098 2937 2167; x_wconf 76' lang='grc' dir='ltr'>φησὶν</span> <span class='ocrx_word' id='word_1_471' title='bbox 2990 2097 3018 2149; x_wconf 79' lang='grc' dir='ltr'><strong>ό</strong></span> <span class='ocrx_word' id='word_1_472' title='bbox 3068 2095 3211 2158; x_wconf 79' lang='grc' dir='ltr'>θεῖος</span> <span class='ocrx_word' id='word_1_473' title='bbox 3251 2093 3598 2157; x_wconf 81' lang='grc' dir='ltr'>Ἀπόστολος,</span> <span class='ocrx_word' id='word_1_474' title='bbox 3637 2093 3720 2146; x_wconf 83' lang='grc' dir='ltr'>ὃτι</span> 
     </span>
    </p>
   </div>
   <div class='ocr_carea' id='block_1_66' title="bbox 2130 2182 3720 2258">
    <p class='ocr_par' dir='ltr' id='par_1_66' title="bbox 2130 2182 3720 2258">
     <span class='ocr_line' id='line_1_66' title="bbox 2130 2182 3720 2258; baseline 0 -22"><span class='ocrx_word' id='word_1_475' title='bbox 2130 2204 2150 2236; x_wconf 77' lang='grc' dir='ltr'><strong>ι</strong></span> <span class='ocrx_word' id='word_1_476' title='bbox 2203 2184 2617 2255; x_wconf 78' lang='grc' dir='ltr'>Ἐλιθάσθησαν,</span> <span class='ocrx_word' id='word_1_477' title='bbox 2652 2186 3018 2258; x_wconf 71' lang='grc' dir='ltr'>ἐπρίσθησαν,</span> <span class='ocrx_word' id='word_1_478' title='bbox 3054 2184 3451 2257; x_wconf 66' lang='grc' dir='ltr'>ἐπειράθησαν,</span> <span class='ocrx_word' id='word_1_479' title='bbox 3477 2186 3538 2236; x_wconf 81' lang='grc' dir='ltr'>ὲν</span> <span class='ocrx_word' id='word_1_480' title='bbox 3573 2182 3720 2252; x_wconf 78' lang='grc' dir='ltr'>φόνῳ</span> 
     </span>
    </p>
   </div>
   <div class='ocr_carea' id='block_1_67' title="bbox 2127 2274 3717 2346">
    <p class='ocr_par' dir='ltr' id='par_1_67' title="bbox 2127 2274 3717 2346">
     <span class='ocr_line' id='line_1_67' title="bbox 2127 2274 3717 2346; baseline -0.001 -19"><span class='ocrx_word' id='word_1_481' title='bbox 2127 2276 2402 2346; x_wconf 73' lang='grc' dir='ltr'>μαχαίρας</span> <span class='ocrx_word' id='word_1_482' title='bbox 2430 2275 2720 2329; x_wconf 86' lang='grc' dir='ltr'>ἀπέθανον.</span> <span class='ocrx_word' id='word_1_483' title='bbox 2756 2275 3059 2346; x_wconf 82' lang='grc' dir='ltr'>Περιῆλθον</span> <span class='ocrx_word' id='word_1_484' title='bbox 3091 2277 3149 2328; x_wconf 77' lang='grc' dir='ltr'>ἐν</span> <span class='ocrx_word' id='word_1_485' title='bbox 3182 2274 3479 2344; x_wconf 73' lang='grc' dir='ltr'>μηλωταῖς,</span> <span class='ocrx_word' id='word_1_486' title='bbox 3527 2275 3585 2325; x_wconf 72' lang='grc' dir='ltr'>ὲν</span> <span class='ocrx_word' id='word_1_487' title='bbox 3631 2274 3717 2326; x_wconf 87' lang='grc' dir='ltr'>αί-</span> 
     </span>
    </p>
   </div>
   <div class='ocr_carea' id='block_1_68' title="bbox 2124 2363 3716 2439">
    <p class='ocr_par' dir='ltr' id='par_1_68' title="bbox 2124 2363 3716 2439">
     <span class='ocr_line' id='line_1_68' title="bbox 2124 2363 3716 2439; baseline -0.001 -20"><span class='ocrx_word' id='word_1_488' title='bbox 2124 2368 2294 2436; x_wconf 83' lang='grc' dir='ltr'>γείοις</span> <span class='ocrx_word' id='word_1_489' title='bbox 2332 2366 2624 2437; x_wconf 84' lang='grc' dir='ltr'>δέρμασιν,</span> <span class='ocrx_word' id='word_1_490' title='bbox 2656 2363 3044 2439; x_wconf 78' lang='grc' dir='ltr'>ὑστερούμενοι</span> <span class='ocrx_word' id='word_1_491' title='bbox 3078 2407 3094 2430; x_wconf 92' lang='grc'><strong>,</strong></span> <span class='ocrx_word' id='word_1_492' title='bbox 3139 2366 3475 2435; x_wconf 75' lang='grc' dir='ltr'>θλιϐόμενοι,</span> <span class='ocrx_word' id='word_1_493' title='bbox 3508 2382 3716 2419; x_wconf 82' lang='grc' dir='ltr'>κακου-</span> 
     </span>
    </p>
   </div>
   <div class='ocr_carea' id='block_1_69' title="bbox 2124 2450 3718 2531">
    <p class='ocr_par' dir='ltr' id='par_1_69' title="bbox 2124 2450 3718 2531">
     <span class='ocr_line' id='line_1_69' title="bbox 2124 2450 3718 2531; baseline 0.011 -22"><span class='ocrx_word' id='word_1_494' title='bbox 2124 2458 2400 2528; x_wconf 73' lang='grc' dir='ltr'>χούμενοι,</span> <span class='ocrx_word' id='word_1_495' title='bbox 2442 2452 2517 2512; x_wconf 84' lang='grc' dir='ltr'>ὧν</span> <span class='ocrx_word' id='word_1_496' title='bbox 2547 2461 2647 2513; x_wconf 82' lang='grc' dir='ltr'>οὐκ</span> <span class='ocrx_word' id='word_1_497' title='bbox 2689 2455 2757 2531; x_wconf 80' lang='grc' dir='ltr'>ἦν</span> <span class='ocrx_word' id='word_1_498' title='bbox 2788 2460 2938 2527; x_wconf 75' lang='grc' dir='ltr'>ἄξιος</span> <span class='ocrx_word' id='word_1_499' title='bbox 2972 2461 3001 2512; x_wconf 82' lang='grc' dir='ltr'><strong>ό</strong></span> <span class='ocrx_word' id='word_1_500' title='bbox 3034 2460 3240 2528; x_wconf 68' lang='grc' dir='ltr'>κόσμος</span> <span class='ocrx_word' id='word_1_501' title='bbox 3270 2450 3455 2521; x_wconf 74' lang='grc' dir='ltr'>οὗτος·</span> <span class='ocrx_word' id='word_1_502' title='bbox 3490 2459 3548 2510; x_wconf 63' lang='grc' dir='ltr'>δν</span> <span class='ocrx_word' id='word_1_503' title='bbox 3584 2459 3718 2529; x_wconf 72' lang='grc' dir='ltr'>ἱρη-</span> 
     </span>
    </p>
   </div>
   <div class='ocr_carea' id='block_1_70' title="bbox 2126 2549 3719 2623">
    <p class='ocr_par' dir='ltr' id='par_1_70' title="bbox 2126 2549 3719 2623">
     <span class='ocr_line' id='line_1_70' title="bbox 2126 2549 3719 2623; baseline 0.001 -21"><span class='ocrx_word' id='word_1_504' title='bbox 2126 2550 2277 2620; x_wconf 86' lang='grc' dir='ltr'>μίαις</span> <span class='ocrx_word' id='word_1_505' title='bbox 2302 2551 2670 2621; x_wconf 75' lang='grc' dir='ltr'>πλανώμενοι,</span> <span class='ocrx_word' id='word_1_506' title='bbox 2696 2552 2793 2605; x_wconf 62' lang='grc' dir='ltr'><strong>καί⁵</strong></span> <span class='ocrx_word' id='word_1_507' title='bbox 2820 2551 2994 2623; x_wconf 77' lang='grc' dir='ltr'>ὄρεσι,</span> <span class='ocrx_word' id='word_1_508' title='bbox 3018 2550 3113 2605; x_wconf 68' lang='grc' dir='ltr'>καὶ</span> <span class='ocrx_word' id='word_1_509' title='bbox 3137 2549 3447 2620; x_wconf 78' lang='grc' dir='ltr'>σπηλαίοις,</span> <span class='ocrx_word' id='word_1_510' title='bbox 3475 2555 3571 2604; x_wconf 82' lang='grc' dir='ltr'>καὶ</span> <span class='ocrx_word' id='word_1_511' title='bbox 3596 2554 3719 2615; x_wconf 66' lang='grc' dir='ltr'>ταῖς</span> 
     </span>
    </p>
   </div>
   <div class='ocr_carea' id='block_1_71' title="bbox 2122 2640 3714 2713">
    <p class='ocr_par' dir='ltr' id='par_1_71' title="bbox 2122 2640 3714 2713">
     <span class='ocr_line' id='line_1_71' title="bbox 2122 2640 3714 2713; baseline 0.002 -20"><span class='ocrx_word' id='word_1_512' title='bbox 2122 2642 2285 2705; x_wconf 82' lang='grc' dir='ltr'>ὀπαῖς</span> <span class='ocrx_word' id='word_1_513' title='bbox 2332 2643 2432 2713; x_wconf 81' lang='grc' dir='ltr'>τῆς</span> <span class='ocrx_word' id='word_1_514' title='bbox 2471 2642 2597 2711; x_wconf 79' lang='grc' dir='ltr'>γῆς.</span> <span class='ocrx_word' id='word_1_515' title='bbox 2644 2661 2662 2694; x_wconf 76' lang='grc' dir='ltr'><strong>ι</strong></span> <span class='ocrx_word' id='word_1_516' title='bbox 2702 2641 2891 2705; x_wconf 71' lang='grc' dir='ltr'>Οὕτως</span> <span class='ocrx_word' id='word_1_517' title='bbox 2933 2642 2983 2695; x_wconf 77' lang='grc' dir='ltr'>οἱ</span> <span class='ocrx_word' id='word_1_518' title='bbox 3022 2641 3155 2694; x_wconf 86' lang='grc' dir='ltr'>θεῖοι</span> <span class='ocrx_word' id='word_1_519' title='bbox 3194 2640 3481 2695; x_wconf 79' lang='grc' dir='ltr'>ἀπόστολοι</span> <span class='ocrx_word' id='word_1_520' title='bbox 3529 2642 3714 2696; x_wconf 78' lang='grc' dir='ltr'>πᾶσαν</span> 
     </span>
    </p>
   </div>
   <div class='ocr_carea' id='block_1_72' title="bbox 2124 2734 3713 2805">
    <p class='ocr_par' dir='ltr' id='par_1_72' title="bbox 2124 2734 3713 2805">
     <span class='ocr_line' id='line_1_72' title="bbox 2124 2734 3713 2805; baseline 0.002 -21"><span class='ocrx_word' id='word_1_521' title='bbox 2124 2734 2571 2804; x_wconf 75' lang='grc' dir='ltr'>περινοστοῦντες</span> <span class='ocrx_word' id='word_1_522' title='bbox 2612 2734 2713 2805; x_wconf 80' lang='grc' dir='ltr'><strong>τὴν</strong></span> <span class='ocrx_word' id='word_1_523' title='bbox 2751 2734 3078 2804; x_wconf 79' lang='grc' dir='ltr'>οἰκουμένην</span> <span class='ocrx_word' id='word_1_524' title='bbox 3122 2735 3445 2805; x_wconf 71' lang='grc' dir='ltr'>ἐκήρυττον,</span> <span class='ocrx_word' id='word_1_525' title='bbox 3496 2734 3597 2787; x_wconf 83' lang='grc' dir='ltr'>οὐκ</span> <span class='ocrx_word' id='word_1_526' title='bbox 3632 2734 3713 2787; x_wconf 76' lang='lat' dir='ltr'><strong>oi-</strong></span> 
     </span>
    </p>
   </div>
   <div class='ocr_carea' id='block_1_73' title="bbox 2125 2823 3709 2896">
    <p class='ocr_par' dir='ltr' id='par_1_73' title="bbox 2125 2823 3709 2896">
     <span class='ocr_line' id='line_1_73' title="bbox 2125 2823 3709 2896; baseline 0 -18"><span class='ocrx_word' id='word_1_527' title='bbox 2125 2826 2249 2879; x_wconf 82' lang='grc' dir='ltr'>κίαν</span> <span class='ocrx_word' id='word_1_528' title='bbox 2280 2825 2515 2894; x_wconf 74' lang='grc' dir='ltr'>ἔχοντες,</span> <span class='ocrx_word' id='word_1_529' title='bbox 2542 2825 2601 2878; x_wconf 79' lang='grc' dir='ltr'><strong>ού</strong></span> <span class='ocrx_word' id='word_1_530' title='bbox 2624 2824 2838 2896; x_wconf 86' lang='grc' dir='ltr'>κλίνην,</span> <span class='ocrx_word' id='word_1_531' title='bbox 2867 2825 2929 2878; x_wconf 84' lang='grc' dir='ltr'>οὐ</span> <span class='ocrx_word' id='word_1_532' title='bbox 2964 2824 3275 2896; x_wconf 80' lang='grc' dir='ltr'>στρωμνὴν,</span> <span class='ocrx_word' id='word_1_533' title='bbox 3310 2825 3369 2877; x_wconf 67' lang='grc' dir='ltr'><strong>ον)</strong></span> <span class='ocrx_word' id='word_1_534' title='bbox 3401 2823 3709 2894; x_wconf 69' lang='grc' dir='ltr'>τράπεζαν,</span> 
     </span>
    </p>
   </div>
   <div class='ocr_carea' id='block_1_74' title="bbox 2121 2915 3710 2989">
    <p class='ocr_par' dir='ltr' id='par_1_74' title="bbox 2121 2915 3710 2989">
     <span class='ocr_line' id='line_1_74' title="bbox 2121 2915 3710 2989; baseline 0.001 -20"><span class='ocrx_word' id='word_1_535' title='bbox 2121 2918 2221 2970; x_wconf 81' lang='grc' dir='ltr'>οὐκ</span> <span class='ocrx_word' id='word_1_536' title='bbox 2250 2917 2419 2989; x_wconf 80' lang='grc' dir='ltr'>ἀλλην</span> <span class='ocrx_word' id='word_1_537' title='bbox 2448 2915 2572 2970; x_wconf 75' lang='grc' dir='ltr'>τινὰ</span> <span class='ocrx_word' id='word_1_538' title='bbox 2595 2917 2702 2969; x_wconf 86' lang='grc' dir='ltr'>τῶν</span> <span class='ocrx_word' id='word_1_539' title='bbox 2731 2916 3047 2986; x_wconf 72' lang='grc' dir='ltr'>ἀναγκαίων</span> <span class='ocrx_word' id='word_1_540' title='bbox 3083 2917 3303 2987; x_wconf 83' lang='grc' dir='ltr'>χρείαν⁶</span> <span class='ocrx_word' id='word_1_541' title='bbox 3342 2918 3456 2972; x_wconf 81' lang='grc' dir='ltr'>ἀλλ’</span> <span class='ocrx_word' id='word_1_542' title='bbox 3496 2918 3710 2983; x_wconf 73' lang='grc' dir='ltr'>αίκιζόο</span> 
     </span>
    </p>
   </div>
   <div class='ocr_carea' id='block_1_75' title="bbox 2124 3006 3712 3081">
    <p class='ocr_par' dir='ltr' id='par_1_75' title="bbox 2124 3006 3712 3081">
     <span class='ocr_line' id='line_1_75' title="bbox 2124 3006 3712 3081; baseline 0.003 -22"><span class='ocrx_word' id='word_1_543' title='bbox 2124 3024 2297 3078; x_wconf 86' lang='grc' dir='ltr'>μενοι,</span> <span class='ocrx_word' id='word_1_544' title='bbox 2324 3008 2419 3061; x_wconf 71' lang='grc' dir='ltr'>καὶ</span> <span class='ocrx_word' id='word_1_545' title='bbox 2455 3006 2905 3079; x_wconf 72' lang='grc' dir='ltr'>στρεϐλούμενοι,</span> <span class='ocrx_word' id='word_1_546' title='bbox 2922 3008 3015 3061; x_wconf 76' lang='grc' dir='ltr'>καὶ</span> <span class='ocrx_word' id='word_1_547' title='bbox 3036 3008 3423 3081; x_wconf 73' lang='grc' dir='ltr'>καθειργμένοι</span> <span class='ocrx_word' id='word_1_548' title='bbox 3440 3008 3557 3079; x_wconf 73' lang='lat'><strong>(5&#39;2)</strong></span> <span class='ocrx_word' id='word_1_549' title='bbox 3573 3050 3589 3076; x_wconf 86' lang='lat'><strong>,</strong></span> <span class='ocrx_word' id='word_1_550' title='bbox 3610 3009 3712 3063; x_wconf 75' lang='grc' dir='ltr'>καὶ</span> 
     </span>
    </p>
   </div>
   <div class='ocr_carea' id='block_1_76' title="bbox 2125 3099 3715 3172">
    <p class='ocr_par' dir='ltr' id='par_1_76' title="bbox 2125 3099 3715 3172">
     <span class='ocr_line' id='line_1_76' title="bbox 2125 3099 3715 3172; baseline 0.003 -20"><span class='ocrx_word' id='word_1_551' title='bbox 2125 3100 2296 3170; x_wconf 86' lang='grc' dir='ltr'>μυρία</span> <span class='ocrx_word' id='word_1_552' title='bbox 2348 3099 2595 3154; x_wconf 81' lang='grc' dir='ltr'>θανάτων</span> <span class='ocrx_word' id='word_1_553' title='bbox 2652 3100 3020 3171; x_wconf 76' lang='grc' dir='ltr'>ὑπομένοντες</span> <span class='ocrx_word' id='word_1_554' title='bbox 3065 3102 3203 3172; x_wconf 79' lang='grc' dir='ltr'>εῐδη.</span> <span class='ocrx_word' id='word_1_555' title='bbox 3250 3102 3361 3156; x_wconf 74' lang='grc' dir='ltr'><strong>Καὶ</strong></span> <span class='ocrx_word' id='word_1_556' title='bbox 3400 3101 3576 3157; x_wconf 83' lang='grc' dir='ltr'>ταῦτα</span> <span class='ocrx_word' id='word_1_557' title='bbox 3610 3103 3715 3157; x_wconf 77' lang='grc' dir='ltr'>ὑπ-</span> 
     </span>
    </p>
   </div>
   <div class='ocr_carea' id='block_1_77' title="bbox 2121 3191 3708 3265">
    <p class='ocr_par' dir='ltr' id='par_1_77' title="bbox 2121 3191 3708 3265">
     <span class='ocr_line' id='line_1_77' title="bbox 2121 3191 3708 3265; baseline 0.002 -20"><span class='ocrx_word' id='word_1_558' title='bbox 2121 3192 2335 3263; x_wconf 84' lang='grc' dir='ltr'>έμενον,</span> <span class='ocrx_word' id='word_1_559' title='bbox 2384 3194 2482 3262; x_wconf 77' lang='grc' dir='ltr'><strong>ούχ</strong></span> <span class='ocrx_word' id='word_1_560' title='bbox 2534 3193 2677 3264; x_wconf 74' lang='grc' dir='ltr'>ὑπὲρ</span> <span class='ocrx_word' id='word_1_561' title='bbox 2715 3191 3009 3265; x_wconf 83' lang='grc' dir='ltr'>γνωρίμων</span> <span class='ocrx_word' id='word_1_562' title='bbox 3041 3192 3368 3265; x_wconf 81' lang='grc' dir='ltr'>ἀνθρώπων,</span> <span class='ocrx_word' id='word_1_563' title='bbox 3413 3194 3528 3248; x_wconf 75' lang='grc' dir='ltr'>ἀλλ’</span> <span class='ocrx_word' id='word_1_564' title='bbox 3562 3194 3708 3264; x_wconf 76' lang='grc' dir='ltr'>ὑπὲρ</span> 
     </span>
    </p>
   </div>
   <div class='ocr_carea' id='block_1_78' title="bbox 2119 3283 3715 3350">
    <p class='ocr_par' dir='ltr' id='par_1_78' title="bbox 2119 3283 3715 3350">
     <span class='ocr_line' id='line_1_78' title="bbox 2119 3283 3715 3350; baseline 0.001 -13"><span class='ocrx_word' id='word_1_565' title='bbox 2119 3284 2297 3337; x_wconf 81' lang='grc' dir='ltr'>αὐτῶν</span> <span class='ocrx_word' id='word_1_566' title='bbox 2324 3283 2549 3337; x_wconf 75' lang='grc' dir='ltr'>ἐκείνων</span> <span class='ocrx_word' id='word_1_567' title='bbox 2573 3283 2683 3336; x_wconf 86' lang='grc' dir='ltr'>τῶν</span> <span class='ocrx_word' id='word_1_568' title='bbox 2716 3284 3019 3339; x_wconf 72' lang='grc' dir='ltr'>διωκόντων</span> <span class='ocrx_word' id='word_1_569' title='bbox 3050 3285 3249 3349; x_wconf 78' lang='grc' dir='ltr'>αὐτοὺς</span> <span class='ocrx_word' id='word_1_570' title='bbox 3267 3287 3394 3349; x_wconf 73' lang='grc' dir='ltr'>τοὺς</span> <span class='ocrx_word' id='word_1_571' title='bbox 3428 3286 3715 3350; x_wconf 73' lang='grc' dir='ltr'>κινδύνους</span> 
     </span>
    </p>
   </div>
   <div class='ocr_carea' id='block_1_79' title="bbox 2119 3373 3707 3449">
    <p class='ocr_par' dir='ltr' id='par_1_79' title="bbox 2119 3373 3707 3449">
     <span class='ocr_line' id='line_1_79' title="bbox 2119 3373 3707 3449; baseline 0.001 -21"><span class='ocrx_word' id='word_1_572' title='bbox 2119 3374 2454 3444; x_wconf 81' lang='grc' dir='ltr'>αἱρούμενοι.</span> <span class='ocrx_word' id='word_1_573' title='bbox 2504 3373 2693 3446; x_wconf 87' lang='grc' dir='ltr'>Πολλῷ</span> <span class='ocrx_word' id='word_1_574' title='bbox 2736 3377 2916 3428; x_wconf 86' lang='grc' dir='ltr'>τοίνυν</span> <span class='ocrx_word' id='word_1_575' title='bbox 2958 3375 3295 3447; x_wconf 86' lang='grc' dir='ltr'>δικαιότερον</span> <span class='ocrx_word' id='word_1_576' title='bbox 3334 3376 3475 3449; x_wconf 79' lang='grc' dir='ltr'>ὑπὲρ</span> <span class='ocrx_word' id='word_1_577' title='bbox 3506 3379 3707 3443; x_wconf 77' lang='grc' dir='ltr'>ὁμοπέο</span> 
     </span>
    </p>
   </div>
   <div class='ocr_carea' id='block_1_80' title="bbox 2121 3465 3711 3541">
    <p class='ocr_par' dir='ltr' id='par_1_80' title="bbox 2121 3465 3711 3541">
     <span class='ocr_line' id='line_1_80' title="bbox 2121 3465 3711 3541; baseline 0.003 -23"><span class='ocrx_word' id='word_1_578' title='bbox 2121 3483 2282 3531; x_wconf 91' lang='grc' dir='ltr'>στων,</span> <span class='ocrx_word' id='word_1_579' title='bbox 2319 3466 2415 3532; x_wconf 70' lang='grc' dir='ltr'>καὶ</span> <span class='ocrx_word' id='word_1_580' title='bbox 2454 3466 2718 3534; x_wconf 84' lang='grc' dir='ltr'>ἀδελφῶν,</span> <span class='ocrx_word' id='word_1_581' title='bbox 2756 3467 2848 3519; x_wconf 79' lang='grc' dir='ltr'>καὶ</span> <span class='ocrx_word' id='word_1_582' title='bbox 2872 3465 3115 3541; x_wconf 76' lang='grc' dir='ltr'>τέκνων,</span> <span class='ocrx_word' id='word_1_583' title='bbox 3166 3468 3259 3521; x_wconf 86' lang='grc' dir='ltr'>τὸν</span> <span class='ocrx_word' id='word_1_584' title='bbox 3296 3468 3389 3521; x_wconf 66' lang='grc' dir='ltr'><strong>ἐπὶ</strong></span> <span class='ocrx_word' id='word_1_585' title='bbox 3429 3467 3525 3522; x_wconf 81' lang='grc' dir='ltr'>τοῦ</span> <span class='ocrx_word' id='word_1_586' title='bbox 3564 3486 3711 3539; x_wconf 82' lang='grc' dir='ltr'>παρ-</span> 
     </span>
    </p>
   </div>
   <div class='ocr_carea' id='block_1_81' title="bbox 2120 3557 3712 3631">
    <p class='ocr_par' dir='ltr' id='par_1_81' title="bbox 2120 3557 3712 3631">
     <span class='ocr_line' id='line_1_81' title="bbox 2120 3557 3712 3631; baseline 0.001 -19"><span class='ocrx_word' id='word_1_587' title='bbox 2120 3559 2269 3619; x_wconf 77' lang='grc' dir='ltr'>όντος</span> <span class='ocrx_word' id='word_1_588' title='bbox 2296 3559 2796 3630; x_wconf 55' lang='grc' dir='ltr'>προσϐαλόνταιδω</span> <span class='ocrx_word' id='word_1_589' title='bbox 2824 3557 3065 3611; x_wconf 82' lang='grc' dir='ltr'>κίνδυνον</span> <span class='ocrx_word' id='word_1_590' title='bbox 3086 3558 3467 3625; x_wconf 65' lang='grc' dir='ltr'>ἀναδέξασθαι.</span> <span class='ocrx_word' id='word_1_591' title='bbox 3494 3560 3712 3631; x_wconf 80' lang='grc' dir='ltr'>Ταύτην</span> 
     </span>
    </p>
   </div>
   <div class='ocr_carea' id='block_1_82' title="bbox 2119 3649 3695 3725">
    <p class='ocr_par' dir='ltr' id='par_1_82' title="bbox 2119 3649 3695 3725">
     <span class='ocr_line' id='line_1_82' title="bbox 2119 3649 3695 3725; baseline 0.003 -24"><span class='ocrx_word' id='word_1_592' title='bbox 2119 3651 2228 3721; x_wconf 75' lang='grc' dir='ltr'><strong>γὰρ</strong></span> <span class='ocrx_word' id='word_1_593' title='bbox 2249 3651 2346 3719; x_wconf 78' lang='grc' dir='ltr'>τὴν</span> <span class='ocrx_word' id='word_1_594' title='bbox 2372 3650 2756 3722; x_wconf 77' lang='grc' dir='ltr'>φιλοστοργίαν</span> <span class='ocrx_word' id='word_1_595' title='bbox 2790 3649 2901 3721; x_wconf 73' lang='grc' dir='ltr'>ἔχει</span> <span class='ocrx_word' id='word_1_596' title='bbox 2928 3650 3023 3703; x_wconf 77' lang='grc' dir='ltr'>καὶ</span> <span class='ocrx_word' id='word_1_597' title='bbox 3049 3649 3159 3703; x_wconf 86' lang='grc' dir='ltr'><strong>τῶν</strong></span> <span class='ocrx_word' id='word_1_598' title='bbox 3185 3649 3451 3725; x_wconf 79' lang='grc' dir='ltr'>ἀλόγωνή</span> <span class='ocrx_word' id='word_1_599' title='bbox 3478 3654 3639 3721; x_wconf 83' lang='grc' dir='ltr'>φύσις</span> <span class='ocrx_word' id='word_1_600' title='bbox 3682 3674 3695 3686; x_wconf 92' lang='grc'><strong>·</strong></span> 
     </span>
    </p>
   </div>
   <div class='ocr_carea' id='block_1_83' title="bbox 2119 3740 3710 3814">
    <p class='ocr_par' dir='ltr' id='par_1_83' title="bbox 2119 3740 3710 3814">
     <span class='ocr_line' id='line_1_83' title="bbox 2119 3740 3710 3814; baseline 0.004 -20"><span class='ocrx_word' id='word_1_601' title='bbox 2119 3740 2235 3794; x_wconf 80' lang='grc' dir='ltr'>ἔστι</span> <span class='ocrx_word' id='word_1_602' title='bbox 2276 3741 2385 3811; x_wconf 72' lang='grc' dir='ltr'><strong>γὰρ</strong></span> <span class='ocrx_word' id='word_1_603' title='bbox 2415 3743 2543 3795; x_wconf 80' lang='grc' dir='ltr'><strong>ίδείν</strong></span> <span class='ocrx_word' id='word_1_604' title='bbox 2581 3742 2675 3795; x_wconf 73' lang='grc' dir='ltr'>καὶ</span> <span class='ocrx_word' id='word_1_605' title='bbox 2720 3740 3012 3813; x_wconf 73' lang='grc' dir='ltr'>στρουθοὺς</span> <span class='ocrx_word' id='word_1_606' title='bbox 3045 3742 3189 3813; x_wconf 77' lang='grc' dir='ltr'>ὑπὲρ</span> <span class='ocrx_word' id='word_1_607' title='bbox 3208 3742 3317 3797; x_wconf 82' lang='grc' dir='ltr'>τῶν</span> <span class='ocrx_word' id='word_1_608' title='bbox 3338 3746 3572 3797; x_wconf 84' lang='grc' dir='ltr'>νεοττῶν</span> <span class='ocrx_word' id='word_1_609' title='bbox 3594 3746 3710 3814; x_wconf 63' lang='lat'><strong>{54)</strong></span> 
     </span>
    </p>
   </div>
   <div class='ocr_carea' id='block_1_84' title="bbox 2122 3834 3707 3907">
    <p class='ocr_par' dir='ltr' id='par_1_84' title="bbox 2122 3834 3707 3907">
     <span class='ocr_line' id='line_1_84' title="bbox 2122 3834 3707 3907; baseline 0.001 -20"><span class='ocrx_word' id='word_1_610' title='bbox 2122 3834 2581 3905; x_wconf 74' lang='grc' dir='ltr'>ὑπερμαχοῦντας</span> <span class='ocrx_word' id='word_1_611' title='bbox 2627 3836 2707 3898; x_wconf 86' lang='grc' dir='ltr'><strong>είς</strong></span> <span class='ocrx_word' id='word_1_612' title='bbox 2753 3834 3007 3905; x_wconf 85' lang='grc' dir='ltr'>δύναμιν,</span> <span class='ocrx_word' id='word_1_613' title='bbox 3057 3835 3152 3887; x_wconf 75' lang='grc' dir='ltr'>καὶ</span> <span class='ocrx_word' id='word_1_614' title='bbox 3196 3836 3265 3905; x_wconf 72' lang='grc' dir='ltr'>ἢν</span> <span class='ocrx_word' id='word_1_615' title='bbox 3308 3834 3521 3906; x_wconf 74' lang='grc' dir='ltr'>ἔχουσιν</span> <span class='ocrx_word' id='word_1_616' title='bbox 3550 3838 3707 3907; x_wconf 63' lang='grc' dir='ltr'>ἰσχὺν</span> 
     </span>
    </p>
   </div>
   <div class='ocr_carea' id='block_1_85' title="bbox 2122 3926 3713 4002">
    <p class='ocr_par' dir='ltr' id='par_1_85' title="bbox 2122 3926 3713 4002">
     <span class='ocr_line' id='line_1_85' title="bbox 2122 3926 3713 4002; baseline 0.001 -23"><span class='ocrx_word' id='word_1_617' title='bbox 2122 3926 2261 3999; x_wconf 77' lang='grc' dir='ltr'>ὑπὲρ</span> <span class='ocrx_word' id='word_1_618' title='bbox 2304 3928 2511 3980; x_wconf 88' lang='grc' dir='ltr'>τούτων</span> <span class='ocrx_word' id='word_1_619' title='bbox 2555 3927 2943 3999; x_wconf 71' lang='grc' dir='ltr'>εἰσφέροντας*</span> <span class='ocrx_word' id='word_1_620' title='bbox 2975 3927 3071 3980; x_wconf 76' lang='grc' dir='ltr'>καὶ</span> <span class='ocrx_word' id='word_1_621' title='bbox 3104 3927 3149 3979; x_wconf 80' lang='grc' dir='ltr'>τ’</span> <span class='ocrx_word' id='word_1_622' title='bbox 3171 3927 3306 3981; x_wconf 78' lang='grc' dir='ltr'>ἄλλα</span> <span class='ocrx_word' id='word_1_623' title='bbox 3352 3929 3405 3981; x_wconf 84' lang='grc' dir='ltr'>δὲ</span> <span class='ocrx_word' id='word_1_624' title='bbox 3438 3928 3545 3980; x_wconf 85' lang='grc' dir='ltr'>τῶν</span> <span class='ocrx_word' id='word_1_625' title='bbox 3577 3948 3713 4002; x_wconf 74' lang='grc' dir='ltr'>πτη-</span> 
     </span>
    </p>
   </div>
   <div class='ocr_carea' id='block_1_86' title="bbox 2122 4017 3704 4089">
    <p class='ocr_par' dir='ltr' id='par_1_86' title="bbox 2122 4017 3704 4089">
     <span class='ocr_line' id='line_1_86' title="bbox 2122 4017 3704 4089; baseline 0.004 -19"><span class='ocrx_word' id='word_1_626' title='bbox 2122 4018 2229 4070; x_wconf 81' lang='grc' dir='ltr'><strong>νῶν</strong></span> <span class='ocrx_word' id='word_1_627' title='bbox 2257 4018 2387 4087; x_wconf 85' lang='grc' dir='ltr'>γένη</span> <span class='ocrx_word' id='word_1_628' title='bbox 2412 4017 2503 4070; x_wconf 71' lang='grc' dir='ltr'><strong>τὸν</strong></span> <span class='ocrx_word' id='word_1_629' title='bbox 2543 4017 2685 4088; x_wconf 82' lang='grc' dir='ltr'>ὑπὲρ</span> <span class='ocrx_word' id='word_1_630' title='bbox 2702 4017 2809 4070; x_wconf 84' lang='grc' dir='ltr'><strong>τῶν</strong></span> <span class='ocrx_word' id='word_1_631' title='bbox 2841 4018 3080 4087; x_wconf 75' lang='grc' dir='ltr'>ἐκγόνων</span> <span class='ocrx_word' id='word_1_632' title='bbox 3094 4018 3336 4071; x_wconf 75' lang='grc' dir='ltr'>κίνδυνον</span> <span class='ocrx_word' id='word_1_633' title='bbox 3358 4020 3704 4089; x_wconf 66' lang='grc' dir='ltr'>ἀναδέχεται.</span> 
     </span>
    </p>
   </div>
   <div class='ocr_carea' id='block_1_87' title="bbox 2122 4109 3715 4187">
    <p class='ocr_par' dir='ltr' id='par_1_87' title="bbox 2122 4109 3715 4187">
     <span class='ocr_line' id='line_1_87' title="bbox 2122 4109 3715 4187; baseline 0.003 -25"><span class='ocrx_word' id='word_1_634' title='bbox 2122 4109 2460 4179; x_wconf 55' lang='grc' dir='ltr'>Καὶτίῇιέγω</span> <span class='ocrx_word' id='word_1_635' title='bbox 2478 4110 2544 4163; x_wconf 75' lang='grc' dir='ltr'><strong>τὰ</strong></span> <span class='ocrx_word' id='word_1_636' title='bbox 2574 4112 2752 4181; x_wconf 67' lang='grc' dir='ltr'>πτηνά</span> <span class='ocrx_word' id='word_1_637' title='bbox 2776 4129 2790 4174; x_wconf 86' lang='grc'><strong>;</strong></span> <span class='ocrx_word' id='word_1_638' title='bbox 2815 4112 2924 4166; x_wconf 74' lang='grc' dir='ltr'><strong>Καὶ</strong></span> <span class='ocrx_word' id='word_1_639' title='bbox 2944 4112 3053 4182; x_wconf 74' lang='grc' dir='ltr'>γὰρ</span> <span class='ocrx_word' id='word_1_640' title='bbox 3074 4110 3262 4183; x_wconf 81' lang='grc' dir='ltr'>ἄρκτοι</span> <span class='ocrx_word' id='word_1_641' title='bbox 3288 4113 3422 4182; x_wconf 75' lang='grc'><strong>(53),</strong></span> <span class='ocrx_word' id='word_1_642' title='bbox 3451 4116 3547 4167; x_wconf 79' lang='grc' dir='ltr'><strong>καί</strong></span> <span class='ocrx_word' id='word_1_643' title='bbox 3575 4132 3715 4187; x_wconf 66' lang='grc' dir='ltr'>παρα</span> 
     </span>
    </p>
   </div>
   <div class='ocr_carea' id='block_1_88' title="bbox 2120 4200 3716 4267">
    <p class='ocr_par' dir='ltr' id='par_1_88' title="bbox 2120 4200 3716 4267">
     <span class='ocr_line' id='line_1_88' title="bbox 2120 4200 3716 4267; baseline 0.005 -14"><span class='ocrx_word' id='word_1_644' title='bbox 2120 4200 2323 4265; x_wconf 74' lang='grc' dir='ltr'>δάλεις,</span> <span class='ocrx_word' id='word_1_645' title='bbox 2379 4203 2473 4257; x_wconf 73' lang='grc' dir='ltr'>καὶ</span> <span class='ocrx_word' id='word_1_646' title='bbox 2516 4203 2691 4267; x_wconf 81' lang='grc' dir='ltr'>λύκοι,</span> <span class='ocrx_word' id='word_1_647' title='bbox 2728 4205 2821 4257; x_wconf 66' lang='grc' dir='ltr'><strong>καὶ</strong></span> <span class='ocrx_word' id='word_1_648' title='bbox 2860 4204 3096 4267; x_wconf 80' lang='grc' dir='ltr'>λέοντες,</span> <span class='ocrx_word' id='word_1_649' title='bbox 3143 4205 3251 4258; x_wconf 74' lang='grc' dir='ltr'>πᾶν</span> <span class='ocrx_word' id='word_1_650' title='bbox 3292 4206 3490 4259; x_wconf 69' lang='lat' dir='ltr'><strong>otto-3v-</strong></span> <span class='ocrx_word' id='word_1_651' title='bbox 3518 4207 3716 4261; x_wconf 75' lang='grc' dir='ltr'>παθεῖν</span> 
     </span>
    </p>
   </div>
   <div class='ocr_carea' id='block_1_89' title="bbox 2122 4280 3716 4370">
    <p class='ocr_par' dir='ltr' id='par_1_89' title="bbox 2122 4280 3716 4370">
     <span class='ocr_line' id='line_1_89' title="bbox 2122 4280 3716 4370; baseline 0.004 -26"><span class='ocrx_word' id='word_1_652' title='bbox 2122 4289 2263 4361; x_wconf 80' lang='grc' dir='ltr'>ὑπὲρ</span> <span class='ocrx_word' id='word_1_653' title='bbox 2289 4291 2383 4359; x_wconf 81' lang='grc' dir='ltr'>τῆς</span> <span class='ocrx_word' id='word_1_654' title='bbox 2414 4291 2523 4343; x_wconf 84' lang='grc' dir='ltr'>τῶν</span> <span class='ocrx_word' id='word_1_655' title='bbox 2549 4291 2787 4359; x_wconf 78' lang='grc' dir='ltr'>ἐκγόνων</span> <span class='ocrx_word' id='word_1_656' title='bbox 2832 4292 3106 4363; x_wconf 86' lang='grc' dir='ltr'>σωτηρίας</span> <span class='ocrx_word' id='word_1_657' title='bbox 3149 4280 3428 4361; x_wconf 74' lang='grc' dir='ltr'>αἱροῦνται</span> <span class='ocrx_word' id='word_1_658' title='bbox 3460 4312 3471 4325; x_wconf 76' lang='grc'><strong><em>⁸</em></strong></span> <span class='ocrx_word' id='word_1_659' title='bbox 3510 4297 3571 4349; x_wconf 80' lang='grc' dir='ltr'><strong>ού</strong></span> <span class='ocrx_word' id='word_1_660' title='bbox 3603 4297 3716 4370; x_wconf 76' lang='grc' dir='ltr'>γὰρ</span> 
     </span>
    </p>
   </div>
   <div class='ocr_carea' id='block_1_90' title="bbox 2124 4381 3715 4525">
    <p class='ocr_par' dir='ltr' id='par_1_90' title="bbox 2124 4381 3715 4525">
     <span class='ocr_line' id='line_1_90' title="bbox 2124 4381 3715 4525; baseline 0.006 -93"><span class='ocrx_word' id='word_1_661' title='bbox 2124 4381 2389 4450; x_wconf 84' lang='grc' dir='ltr'>φεύγουσι</span> <span class='ocrx_word' id='word_1_662' title='bbox 2415 4384 2540 4444; x_wconf 82' lang='grc' dir='ltr'>τοὺς</span> <span class='ocrx_word' id='word_1_663' title='bbox 2579 4382 2853 4446; x_wconf 75' lang='grc' dir='ltr'>ἐπιόντας,</span> <span class='ocrx_word' id='word_1_664' title='bbox 2886 4382 3021 4436; x_wconf 85' lang='grc' dir='ltr'><strong>ἀλλά</strong></span> <span class='ocrx_word' id='word_1_665' title='bbox 3066 4385 3165 4525; x_wconf 61' lang='lat' dir='ltr'><strong>12v</strong></span> <span class='ocrx_word' id='word_1_666' title='bbox 3210 4384 3415 4438; x_wconf 79' lang='grc' dir='ltr'>τούτων</span> <span class='ocrx_word' id='word_1_667' title='bbox 3456 4385 3715 4457; x_wconf 80' lang='grc' dir='ltr'>δέχονται</span> 
     </span>
     <span class='ocr_line' id='line_1_91' title="bbox 2125 4466 3398 4525; baseline 0 0"><span class='ocrx_word' id='word_1_668' title='bbox 2125 4474 2453 4525; x_wconf 68' lang='grc' dir='ltr'>προσϐολὴν.</span> <span class='ocrx_word' id='word_1_669' title='bbox 2488 4474 2583 4525; x_wconf 69' lang='grc' dir='ltr'>καὶ</span> <span class='ocrx_word' id='word_1_670' title='bbox 2611 4473 2720 4525; x_wconf 78' lang='grc' dir='ltr'><strong>τῶν</strong></span> <span class='ocrx_word' id='word_1_671' title='bbox 2750 4466 2955 4525; x_wconf 80' lang='grc' dir='ltr'>τέκνων</span> <span class='ocrx_word' id='word_1_672' title='bbox 2992 4476 3108 4525; x_wconf 70' lang='grc' dir='ltr'>ὑπε,</span> <span class='ocrx_word' id='word_1_673' title='bbox 3143 4475 3398 4525; x_wconf 72' lang='grc' dir='ltr'>μανοῦσι.</span> 
     </span>
    </p>
   </div>
   <div class='ocr_carea' id='block_1_91' title="bbox 1949 4466 3398 4550">
    <p class='ocr_par' dir='ltr' id='par_1_91' title="bbox 1949 4466 3398 4550">
     <span class='ocr_line' id='line_1_92' title="bbox 1949 4466 3398 4550; baseline 0.006 -27"><span class='ocrx_word' id='word_1_674' title='bbox 1949 4521 1951 4523; x_wconf 81' lang='grc'><strong><em>,</em></strong></span> <span class='ocrx_word' id='word_1_675' title='bbox 2051 4494 2095 4550; x_wconf 78' lang='lat' dir='ltr'><strong>D</strong></span> <span class='ocrx_word' id='word_1_676' title='bbox 2125 4474 2453 4546; x_wconf 75' lang='grc' dir='ltr'>προσϐολὴν,</span> <span class='ocrx_word' id='word_1_677' title='bbox 2488 4474 2583 4527; x_wconf 70' lang='grc' dir='ltr'><strong>καὶ</strong></span> <span class='ocrx_word' id='word_1_678' title='bbox 2611 4473 2720 4528; x_wconf 79' lang='grc' dir='ltr'><strong>τῶν</strong></span> <span class='ocrx_word' id='word_1_679' title='bbox 2750 4466 2955 4528; x_wconf 78' lang='grc' dir='ltr'>τέκνων</span> <span class='ocrx_word' id='word_1_680' title='bbox 2992 4466 3398 4546; x_wconf 65' lang='grc' dir='ltr'>ὑπερμαχοῦσι.</span> 
     </span>
    </p>
   </div>
   <div class='ocr_carea' id='block_1_92' title="bbox 507 4621 2020 4694">
    <p class='ocr_par' dir='ltr' id='par_1_92' title="bbox 507 4621 2020 4694">
     <span class='ocr_line' id='line_1_93' title="bbox 507 4621 2020 4694; baseline 0.011 -19"><span class='ocrx_word' id='word_1_681' title='bbox 507 4621 633 4677; x_wconf 69' lang='grc' dir='ltr'><strong>Πίεο</strong></span> <span class='ocrx_word' id='word_1_682' title='bbox 656 4638 819 4693; x_wconf 90' lang='lat' dir='ltr'><strong>porro</strong></span> <span class='ocrx_word' id='word_1_683' title='bbox 854 4627 927 4681; x_wconf 91' lang='lat' dir='ltr'><strong>ita</strong></span> <span class='ocrx_word' id='word_1_684' title='bbox 953 4626 1213 4694; x_wconf 87' lang='lat' dir='ltr'><strong>disserui,</strong></span> <span class='ocrx_word' id='word_1_685' title='bbox 1249 4644 1360 4685; x_wconf 89' lang='lat' dir='ltr'><strong>non</strong></span> <span class='ocrx_word' id='word_1_686' title='bbox 1387 4638 1453 4686; x_wconf 89' lang='lat' dir='ltr'><strong>ut</strong></span> <span class='ocrx_word' id='word_1_687' title='bbox 1476 4632 1688 4689; x_wconf 86' lang='lat' dir='ltr'><strong>ratione</strong></span> <span class='ocrx_word' id='word_1_688' title='bbox 1714 4637 2020 4692; x_wconf 88' lang='lat' dir='ltr'><strong>carentium</strong></span> 
     </span>
    </p>
   </div>
   <div class='ocr_carea' id='block_1_93' title="bbox 436 4716 2024 4791">
    <p class='ocr_par' dir='ltr' id='par_1_93' title="bbox 436 4716 2024 4791">
     <span class='ocr_line' id='line_1_94' title="bbox 436 4716 2024 4791; baseline 0.01 -22"><span class='ocrx_word' id='word_1_689' title='bbox 436 4716 689 4785; x_wconf 80' lang='lat' dir='ltr'><strong>exemplo</strong></span> <span class='ocrx_word' id='word_1_690' title='bbox 716 4718 959 4773; x_wconf 89' lang='lat' dir='ltr'><strong>animum</strong></span> <span class='ocrx_word' id='word_1_691' title='bbox 990 4720 1185 4775; x_wconf 88' lang='lat' dir='ltr'><strong>addam</strong></span> <span class='ocrx_word' id='word_1_692' title='bbox 1208 4723 1400 4790; x_wconf 87' lang='lat' dir='ltr'><strong>pietati</strong></span> <span class='ocrx_word' id='word_1_693' title='bbox 1422 4736 1639 4791; x_wconf 64' lang='lat' dir='ltr'><strong>vestae,</strong></span> <span class='ocrx_word' id='word_1_694' title='bbox 1667 4727 1763 4782; x_wconf 91' lang='lat' dir='ltr'><strong>sed</strong></span> <span class='ocrx_word' id='word_1_695' title='bbox 1791 4740 1850 4783; x_wconf 89' lang='lat' dir='ltr'><strong>ut</strong></span> <span class='ocrx_word' id='word_1_696' title='bbox 1870 4730 2024 4785; x_wconf 76' lang='lat' dir='ltr'><strong>dolo-</strong></span> 
     </span>
    </p>
   </div>
   <div class='ocr_carea' id='block_1_94' title="bbox 436 4808 2025 4891">
    <p class='ocr_par' dir='ltr' id='par_1_94' title="bbox 436 4808 2025 4891">
     <span class='ocr_line' id='line_1_95' title="bbox 436 4808 2025 4891; baseline 0.009 -30"><span class='ocrx_word' id='word_1_697' title='bbox 436 4823 552 4869; x_wconf 83' lang='lat' dir='ltr'><strong>rem</strong></span> <span class='ocrx_word' id='word_1_698' title='bbox 584 4808 700 4877; x_wconf 87' lang='lat' dir='ltr'><strong>ipse</strong></span> <span class='ocrx_word' id='word_1_699' title='bbox 724 4825 909 4865; x_wconf 91' lang='lat' dir='ltr'><strong>meum</strong></span> <span class='ocrx_word' id='word_1_700' title='bbox 933 4811 1156 4877; x_wconf 88' lang='lat' dir='ltr'><strong>leniam,</strong></span> <span class='ocrx_word' id='word_1_701' title='bbox 1185 4810 1528 4885; x_wconf 82' lang='lat' dir='ltr'><strong>doceamque</strong></span> <span class='ocrx_word' id='word_1_702' title='bbox 1551 4833 1651 4873; x_wconf 87' lang='lat' dir='ltr'><strong>vos</strong></span> <span class='ocrx_word' id='word_1_703' title='bbox 1680 4817 1883 4874; x_wconf 87' lang='lat' dir='ltr'><strong>Christi</strong></span> <span class='ocrx_word' id='word_1_704' title='bbox 1908 4838 2025 4891; x_wconf 88' lang='lat' dir='ltr'><strong>gre-</strong></span> 
     </span>
    </p>
   </div>
   <div class='ocr_carea' id='block_1_95' title="bbox 436 4899 2021 4977">
    <p class='ocr_par' dir='ltr' id='par_1_95' title="bbox 436 4899 2021 4977">
     <span class='ocr_line' id='line_1_96' title="bbox 436 4899 2021 4977; baseline 0.01 -26"><span class='ocrx_word' id='word_1_705' title='bbox 436 4913 557 4967; x_wconf 83' lang='lat' dir='ltr'><strong>gem</strong></span> <span class='ocrx_word' id='word_1_706' title='bbox 595 4899 936 4958; x_wconf 81' lang='lat' dir='ltr'><strong>irruentibus</strong></span> <span class='ocrx_word' id='word_1_707' title='bbox 964 4902 1108 4973; x_wconf 89' lang='lat' dir='ltr'><strong>lupis</strong></span> <span class='ocrx_word' id='word_1_708' title='bbox 1140 4903 1257 4959; x_wconf 85' lang='lat' dir='ltr'><strong>sine</strong></span> <span class='ocrx_word' id='word_1_709' title='bbox 1293 4916 1507 4975; x_wconf 86' lang='lat' dir='ltr'><strong>pastore</strong></span> <span class='ocrx_word' id='word_1_710' title='bbox 1543 4925 1650 4963; x_wconf 94' lang='lat' dir='ltr'><strong>non</strong></span> <span class='ocrx_word' id='word_1_711' title='bbox 1683 4910 2021 4977; x_wconf 87' lang='lat' dir='ltr'><strong>deserturos,</strong></span> 
     </span>
    </p>
   </div>
   <div class='ocr_carea' id='block_1_96' title="bbox 438 4991 2024 5075">
    <p class='ocr_par' dir='ltr' id='par_1_96' title="bbox 438 4991 2024 5075">
     <span class='ocr_line' id='line_1_97' title="bbox 438 4991 2024 5075; baseline 0.009 -30"><span class='ocrx_word' id='word_1_712' title='bbox 438 4991 556 5053; x_wconf 84' lang='lat' dir='ltr'><strong>sed,</strong></span> <span class='ocrx_word' id='word_1_713' title='bbox 583 4992 846 5047; x_wconf 82' lang='lat' dir='ltr'><strong>advocato</strong></span> <span class='ocrx_word' id='word_1_714' title='bbox 864 4994 928 5050; x_wconf 88' lang='lat' dir='ltr'><strong>ad</strong></span> <span class='ocrx_word' id='word_1_715' title='bbox 950 4996 1212 5051; x_wconf 81' lang='lat' dir='ltr'><strong>auxilium</strong></span> <span class='ocrx_word' id='word_1_716' title='bbox 1237 5000 1359 5067; x_wconf 87' lang='lat' dir='ltr'><strong>ejus</strong></span> <span class='ocrx_word' id='word_1_717' title='bbox 1373 4999 1623 5066; x_wconf 84' lang='lat' dir='ltr'><strong>Domino,</strong></span> <span class='ocrx_word' id='word_1_718' title='bbox 1643 5002 1898 5057; x_wconf 86' lang='lat' dir='ltr'><strong>alacriter</strong></span> <span class='ocrx_word' id='word_1_719' title='bbox 1924 5022 2024 5075; x_wconf 90' lang='lat' dir='ltr'><strong>pro</strong></span> 
     </span>
    </p>
   </div>
   <div class='ocr_carea' id='block_1_97' title="bbox 438 5078 2022 5163">
    <p class='ocr_par' dir='ltr' id='par_1_97' title="bbox 438 5078 2022 5163">
     <span class='ocr_line' id='line_1_98' title="bbox 438 5078 2022 5163; baseline 0.01 -29"><span class='ocrx_word' id='word_1_720' title='bbox 438 5078 591 5136; x_wconf 77' lang='lat' dir='ltr'><strong>illius</strong></span> <span class='ocrx_word' id='word_1_721' title='bbox 622 5082 941 5138; x_wconf 86' lang='lat' dir='ltr'><strong>defensione</strong></span> <span class='ocrx_word' id='word_1_722' title='bbox 972 5095 1328 5156; x_wconf 84' lang='lat' dir='ltr'><strong>pugnaturos.</strong></span> <span class='ocrx_word' id='word_1_723' title='bbox 1367 5088 1481 5143; x_wconf 81' lang='lat' dir='ltr'><strong>Hoc</strong></span> <span class='ocrx_word' id='word_1_724' title='bbox 1505 5092 1649 5147; x_wconf 85' lang='lat' dir='ltr'><strong>enim</strong></span> <span class='ocrx_word' id='word_1_725' title='bbox 1678 5102 1893 5163; x_wconf 87' lang='lat' dir='ltr'><strong>tempus</strong></span> <span class='ocrx_word' id='word_1_726' title='bbox 1925 5096 2022 5149; x_wconf 89' lang='lat' dir='ltr'><strong>de-</strong></span> 
     </span>
    </p>
   </div>
   <div class='ocr_carea' id='block_1_98' title="bbox 2195 4633 3704 4706">
    <p class='ocr_par' dir='ltr' id='par_1_98' title="bbox 2195 4633 3704 4706">
     <span class='ocr_line' id='line_1_99' title="bbox 2195 4633 3704 4706; baseline 0.003 -20"><span class='ocrx_word' id='word_1_727' title='bbox 2195 4634 2381 4687; x_wconf 81' lang='grc' dir='ltr'>Ταῦτα</span> <span class='ocrx_word' id='word_1_728' title='bbox 2407 4635 2462 4689; x_wconf 79' lang='grc' dir='ltr'>δὲ</span> <span class='ocrx_word' id='word_1_729' title='bbox 2493 4634 2792 4703; x_wconf 75' lang='grc' dir='ltr'>διεξῆλθον,</span> <span class='ocrx_word' id='word_1_730' title='bbox 2824 4634 2925 4686; x_wconf 85' lang='grc' dir='ltr'>οὑκ</span> <span class='ocrx_word' id='word_1_731' title='bbox 2967 4634 3032 4687; x_wconf 77' lang='grc' dir='ltr'>ἐκ</span> <span class='ocrx_word' id='word_1_732' title='bbox 3057 4633 3156 4704; x_wconf 71' lang='grc' dir='ltr'>τῆς</span> <span class='ocrx_word' id='word_1_733' title='bbox 3186 4636 3290 4689; x_wconf 82' lang='grc' dir='ltr'>τῶν</span> <span class='ocrx_word' id='word_1_734' title='bbox 3318 4636 3532 4706; x_wconf 74' lang='grc' dir='ltr'>ἀλόγων</span> <span class='ocrx_word' id='word_1_735' title='bbox 3563 4639 3704 4695; x_wconf 76' lang='grc' dir='ltr'>εἰκό-</span> 
     </span>
    </p>
   </div>
   <div class='ocr_carea' id='block_1_99' title="bbox 2123 4725 3713 4800">
    <p class='ocr_par' dir='ltr' id='par_1_99' title="bbox 2123 4725 3713 4800">
     <span class='ocr_line' id='line_1_100' title="bbox 2123 4725 3713 4800; baseline 0.003 -20"><span class='ocrx_word' id='word_1_736' title='bbox 2123 4743 2209 4789; x_wconf 90' lang='grc' dir='ltr'><strong>νος</strong></span> <span class='ocrx_word' id='word_1_737' title='bbox 2239 4725 2315 4789; x_wconf 81' lang='grc' dir='ltr'><strong>είς</strong></span> <span class='ocrx_word' id='word_1_738' title='bbox 2358 4725 2635 4795; x_wconf 79' lang='grc' dir='ltr'>ὑπομονὴν</span> <span class='ocrx_word' id='word_1_739' title='bbox 2664 4726 2758 4779; x_wconf 77' lang='grc' dir='ltr'>καὶ</span> <span class='ocrx_word' id='word_1_740' title='bbox 2788 4726 3084 4797; x_wconf 84' lang='grc' dir='ltr'>καρτερίαν</span> <span class='ocrx_word' id='word_1_741' title='bbox 3124 4725 3223 4798; x_wconf 82' lang='grc' dir='ltr'>τὴν</span> <span class='ocrx_word' id='word_1_742' title='bbox 3254 4728 3529 4800; x_wconf 79' lang='grc' dir='ltr'>ὑμετέραν</span> <span class='ocrx_word' id='word_1_743' title='bbox 3561 4731 3713 4799; x_wconf 83' lang='grc' dir='ltr'>φιλο-</span> 
     </span>
    </p>
   </div>
   <div class='ocr_carea' id='block_1_100' title="bbox 2122 4816 3711 4892">
    <p class='ocr_par' dir='ltr' id='par_1_100' title="bbox 2122 4816 3711 4892">
     <span class='ocr_line' id='line_1_101' title="bbox 2122 4816 3711 4892; baseline -0.006 -20"><span class='ocrx_word' id='word_1_744' title='bbox 2122 4819 2272 4872; x_wconf 76' lang='grc' dir='ltr'><strong>θεῖαν</strong></span> <span class='ocrx_word' id='word_1_745' title='bbox 2300 4817 2561 4885; x_wconf 77' lang='grc' dir='ltr'>ἀλείφων,</span> <span class='ocrx_word' id='word_1_746' title='bbox 2593 4816 2707 4869; x_wconf 79' lang='grc' dir='ltr'>ἁλλ’</span> <span class='ocrx_word' id='word_1_747' title='bbox 2731 4816 2970 4886; x_wconf 69' lang='grc' dir='ltr'>ἐμαυτὸν</span> <span class='ocrx_word' id='word_1_748' title='bbox 3000 4817 3094 4870; x_wconf 70' lang='grc' dir='ltr'><strong>ἐπὶ</strong></span> <span class='ocrx_word' id='word_1_749' title='bbox 3119 4822 3183 4891; x_wconf 81' lang='grc' dir='ltr'><strong>τῇ</strong></span> <span class='ocrx_word' id='word_1_750' title='bbox 3213 4819 3419 4891; x_wconf 58' lang='grc' dir='ltr'>ἀθυμία</span> <span class='ocrx_word' id='word_1_751' title='bbox 3454 4820 3711 4892; x_wconf 70' lang='grc' dir='ltr'>ψυχαγω-</span> 
     </span>
    </p>
   </div>
   <div class='ocr_carea' id='block_1_101' title="bbox 2121 4908 3713 4984">
    <p class='ocr_par' dir='ltr' id='par_1_101' title="bbox 2121 4908 3713 4984">
     <span class='ocr_line' id='line_1_102' title="bbox 2121 4908 3713 4984; baseline 0.003 -22"><span class='ocrx_word' id='word_1_752' title='bbox 2121 4910 2253 4978; x_wconf 71' lang='grc' dir='ltr'>τῶν,</span> <span class='ocrx_word' id='word_1_753' title='bbox 2299 4910 2394 4962; x_wconf 64' lang='grc' dir='ltr'>καὶ</span> <span class='ocrx_word' id='word_1_754' title='bbox 2440 4908 2667 4971; x_wconf 82' lang='grc' dir='ltr'>πείθων,</span> <span class='ocrx_word' id='word_1_755' title='bbox 2706 4908 2782 4973; x_wconf 86' lang='grc' dir='ltr'>ὠς</span> <span class='ocrx_word' id='word_1_756' title='bbox 2820 4910 2881 4962; x_wconf 81' lang='grc' dir='ltr'><strong>ού</strong></span> <span class='ocrx_word' id='word_1_757' title='bbox 2928 4908 3282 4981; x_wconf 66' lang='grc' dir='ltr'>καταλείψετε</span> <span class='ocrx_word' id='word_1_758' title='bbox 3330 4910 3423 4964; x_wconf 78' lang='grc' dir='ltr'>τοῦ</span> <span class='ocrx_word' id='word_1_759' title='bbox 3474 4912 3713 4984; x_wconf 76' lang='grc' dir='ltr'>Χριστοῦ</span> 
     </span>
    </p>
   </div>
   <div class='ocr_carea' id='block_1_102' title="bbox 2121 4999 3716 5072">
    <p class='ocr_par' dir='ltr' id='par_1_102' title="bbox 2121 4999 3716 5072">
     <span class='ocr_line' id='line_1_103' title="bbox 2121 4999 3716 5072; baseline 0.004 -18"><span class='ocrx_word' id='word_1_760' title='bbox 2121 5002 2219 5071; x_wconf 78' lang='grc' dir='ltr'>τὴν</span> <span class='ocrx_word' id='word_1_761' title='bbox 2251 5002 2487 5072; x_wconf 83' lang='grc' dir='ltr'>ποίμνην</span> <span class='ocrx_word' id='word_1_762' title='bbox 2523 4999 2631 5053; x_wconf 83' lang='grc' dir='ltr'>τῶν</span> <span class='ocrx_word' id='word_1_763' title='bbox 2660 4999 2839 5054; x_wconf 86' lang='grc' dir='ltr'>λύκων</span> <span class='ocrx_word' id='word_1_764' title='bbox 2870 5002 3134 5055; x_wconf 76' lang='grc' dir='ltr'>ἐπιόντων</span> <span class='ocrx_word' id='word_1_765' title='bbox 3171 5003 3509 5072; x_wconf 76' lang='grc' dir='ltr'>ἀποίμαντον</span> <span class='ocrx_word' id='word_1_766' title='bbox 3541 5024 3550 5035; x_wconf 91' lang='grc'><strong>·</strong></span> <span class='ocrx_word' id='word_1_767' title='bbox 3580 5006 3716 5061; x_wconf 82' lang='grc' dir='ltr'>ἁλλά</span> 
     </span>
    </p>
   </div>
   <div class='ocr_carea' id='block_1_103' title="bbox 2119 5090 3716 5169">
    <p class='ocr_par' dir='ltr' id='par_1_103' title="bbox 2119 5090 3716 5169">
     <span class='ocr_line' id='line_1_104' title="bbox 2119 5090 3716 5169; baseline 0.004 -24"><span class='ocrx_word' id='word_1_768' title='bbox 2119 5093 2211 5145; x_wconf 80' lang='grc' dir='ltr'>τὸν</span> <span class='ocrx_word' id='word_1_769' title='bbox 2245 5090 2445 5159; x_wconf 83' lang='grc' dir='ltr'>ταύτης</span> <span class='ocrx_word' id='word_1_770' title='bbox 2490 5090 2695 5160; x_wconf 77' lang='grc' dir='ltr'>Κύριον</span> <span class='ocrx_word' id='word_1_771' title='bbox 2729 5093 2809 5156; x_wconf 87' lang='grc' dir='ltr'><strong>είς</strong></span> <span class='ocrx_word' id='word_1_772' title='bbox 2845 5095 3168 5164; x_wconf 70' lang='grc' dir='ltr'>συμμαχίαν</span> <span class='ocrx_word' id='word_1_773' title='bbox 3201 5095 3552 5161; x_wconf 84' lang='grc' dir='ltr'>καλέσαντες,</span> <span class='ocrx_word' id='word_1_774' title='bbox 3590 5116 3716 5169; x_wconf 81' lang='grc' dir='ltr'>προ-</span> 
     </span>
    </p>
   </div>
   <div class='ocr_carea' id='block_1_104' title="bbox 438 5173 2023 5261">
    <p class='ocr_par' dir='ltr' id='par_1_104' title="bbox 438 5173 2023 5257">
     <span class='ocr_line' id='line_1_105' title="bbox 438 5173 2023 5257; baseline 0.011 -31"><span class='ocrx_word' id='word_1_775' title='bbox 438 5174 611 5227; x_wconf 81' lang='lat' dir='ltr'><strong>clarat</strong></span> <span class='ocrx_word' id='word_1_776' title='bbox 660 5173 783 5243; x_wconf 80' lang='lat' dir='ltr'><strong>quis</strong></span> <span class='ocrx_word' id='word_1_777' title='bbox 827 5175 897 5229; x_wconf 91' lang='lat' dir='ltr'><strong>sit</strong></span> <span class='ocrx_word' id='word_1_778' title='bbox 937 5186 1161 5246; x_wconf 83' lang='lat' dir='ltr'><strong>pastor,</strong></span> <span class='ocrx_word' id='word_1_779' title='bbox 1215 5181 1341 5249; x_wconf 88' lang='lat' dir='ltr'><strong>quis</strong></span> <span class='ocrx_word' id='word_1_780' title='bbox 1370 5186 1763 5250; x_wconf 84' lang='lat' dir='ltr'><strong>mercenarius,</strong></span> <span class='ocrx_word' id='word_1_781' title='bbox 1814 5196 1870 5241; x_wconf 86' lang='lat' dir='ltr'><strong>et</strong></span> <span class='ocrx_word' id='word_1_782' title='bbox 1902 5188 2023 5257; x_wconf 84' lang='lat' dir='ltr'><strong>quis</strong></span> 
     </span>
    </p>
   </div>
   <div class='ocr_carea' id='block_1_105' title="bbox 2123 5173 3717 5261">
    <p class='ocr_par' dir='ltr' id='par_1_105' title="bbox 2123 5182 3717 5261">
     <span class='ocr_line' id='line_1_106' title="bbox 2123 5182 3717 5261; baseline 0.004 -24"><span class='ocrx_word' id='word_1_783' title='bbox 2123 5184 2307 5255; x_wconf 78' lang='grc' dir='ltr'>θύμως</span> <span class='ocrx_word' id='word_1_784' title='bbox 2348 5182 2672 5251; x_wconf 60' lang='grc' dir='ltr'>ἀναδέξεσθε</span> <span class='ocrx_word' id='word_1_785' title='bbox 2714 5184 2809 5237; x_wconf 78' lang='grc' dir='ltr'>τὸν</span> <span class='ocrx_word' id='word_1_786' title='bbox 2842 5184 2986 5254; x_wconf 81' lang='grc' dir='ltr'>ὑπὲρ</span> <span class='ocrx_word' id='word_1_787' title='bbox 3033 5186 3201 5256; x_wconf 80' lang='grc' dir='ltr'>αὐτῆς</span> <span class='ocrx_word' id='word_1_788' title='bbox 3251 5188 3461 5255; x_wconf 71' lang='grc' dir='ltr'>ἀγῶνα.</span> <span class='ocrx_word' id='word_1_789' title='bbox 3510 5190 3568 5243; x_wconf 89' lang='grc' dir='ltr'><strong>Ὀ</strong></span> <span class='ocrx_word' id='word_1_790' title='bbox 3608 5192 3717 5261; x_wconf 71' lang='grc' dir='ltr'>γὰρ</span> 
     </span>
    </p>
   </div>
   <div class='ocr_carea' id='block_1_106' title="bbox 442 5266 2023 5345">
    <p class='ocr_par' dir='ltr' id='par_1_106' title="bbox 442 5266 2023 5345">
     <span class='ocr_line' id='line_1_107' title="bbox 442 5266 2023 5345; baseline 0.009 -28"><span class='ocrx_word' id='word_1_791' title='bbox 442 5281 657 5336; x_wconf 71' lang='lat' dir='ltr'><strong>gregem</strong></span> <span class='ocrx_word' id='word_1_792' title='bbox 696 5266 988 5337; x_wconf 84' lang='lat' dir='ltr'><strong>diligenter</strong></span> <span class='ocrx_word' id='word_1_793' title='bbox 1023 5278 1240 5338; x_wconf 85' lang='lat' dir='ltr'><strong>pascat,</strong></span> <span class='ocrx_word' id='word_1_794' title='bbox 1283 5272 1497 5341; x_wconf 75' lang='lat'><strong>1129</strong></span> <span class='ocrx_word' id='word_1_795' title='bbox 1530 5274 1655 5343; x_wconf 85' lang='lat' dir='ltr'><strong>quis</strong></span> <span class='ocrx_word' id='word_1_796' title='bbox 1690 5276 1775 5329; x_wconf 84' lang='lat' dir='ltr'><strong>lac</strong></span> <span class='ocrx_word' id='word_1_797' title='bbox 1800 5277 2023 5345; x_wconf 83' lang='lat' dir='ltr'><strong>quidem</strong></span> 
     </span>
    </p>
   </div>
   <div class='ocr_carea' id='block_1_107' title="bbox 446 5356 2023 5428">
    <p class='ocr_par' dir='ltr' id='par_1_107' title="bbox 446 5356 2023 5428">
     <span class='ocr_line' id='line_1_108' title="bbox 446 5356 2023 5428; baseline 0.01 -22"><span class='ocrx_word' id='word_1_798' title='bbox 446 5356 692 5409; x_wconf 71' lang='lat' dir='ltr'><strong>comedat</strong></span> <span class='ocrx_word' id='word_1_799' title='bbox 716 5398 729 5418; x_wconf 90' lang='lat'><strong>,</strong></span> <span class='ocrx_word' id='word_1_800' title='bbox 785 5366 840 5410; x_wconf 89' lang='lat' dir='ltr'><strong>et</strong></span> <span class='ocrx_word' id='word_1_801' title='bbox 870 5356 1008 5411; x_wconf 87' lang='lat' dir='ltr'><strong>lanis</strong></span> <span class='ocrx_word' id='word_1_802' title='bbox 1045 5359 1331 5428; x_wconf 86' lang='lat' dir='ltr'><strong>operiatur</strong></span> <span class='ocrx_word' id='word_1_803' title='bbox 1354 5401 1368 5425; x_wconf 94' lang='lat'><strong>,</strong></span> <span class='ocrx_word' id='word_1_804' title='bbox 1400 5356 1601 5416; x_wconf 36' lang='lat' dir='ltr'><strong>‘ovium</strong></span> <span class='ocrx_word' id='word_1_805' title='bbox 1630 5379 1762 5419; x_wconf 78' lang='lat' dir='ltr'><strong>vcro</strong></span> <span class='ocrx_word' id='word_1_806' title='bbox 1790 5366 2023 5421; x_wconf 86' lang='lat' dir='ltr'><strong>salutem</strong></span> 
     </span>
    </p>
   </div>
   <div class='ocr_carea' id='block_1_108' title="bbox 515 5510 1735 5584">
    <p class='ocr_par' dir='ltr' id='par_1_108' title="bbox 515 5510 1735 5584">
     <span class='ocr_line' id='line_1_109' title="bbox 515 5510 1735 5584; baseline 0.008 -20"><span class='ocrx_word' id='word_1_807' title='bbox 515 5510 558 5541; x_wconf 71' lang='grc'>⁸⁵</span> <span class='ocrx_word' id='word_1_808' title='bbox 589 5511 745 5565; x_wconf 82' lang='lat' dir='ltr'><strong>Joan.</strong></span> <span class='ocrx_word' id='word_1_809' title='bbox 776 5527 826 5577; x_wconf 69' lang='grc' dir='ltr'><strong>κ,</strong></span> <span class='ocrx_word' id='word_1_810' title='bbox 859 5512 944 5578; x_wconf 73' lang='grc'>12,</span> <span class='ocrx_word' id='word_1_811' title='bbox 990 5513 1074 5568; x_wconf 74' lang='grc'><strong>15.</strong></span> <span class='ocrx_word' id='word_1_812' title='bbox 1152 5515 1195 5545; x_wconf 70' lang='grc'><strong>⁸⁸</strong></span> <span class='ocrx_word' id='word_1_813' title='bbox 1226 5514 1391 5571; x_wconf 83' lang='lat' dir='ltr'><strong>Hebr.</strong></span> <span class='ocrx_word' id='word_1_814' title='bbox 1420 5534 1495 5581; x_wconf 58' lang='grc' dir='ltr'><strong>τι,</strong></span> <span class='ocrx_word' id='word_1_815' title='bbox 1527 5519 1615 5584; x_wconf 79' lang='grc'>57,</span> <span class='ocrx_word' id='word_1_816' title='bbox 1647 5520 1735 5574; x_wconf 78' lang='grc'>58.</span> 
     </span>
    </p>
   </div>
   <div class='ocr_carea' id='block_1_109' title="bbox 516 5647 953 5783">
    <p class='ocr_par' dir='ltr' id='par_1_109' title="bbox 516 5647 953 5783">
     <span class='ocr_line' id='line_1_110' title="bbox 516 5647 953 5783; baseline 0.009 -82"><span class='ocrx_word' id='word_1_817' title='bbox 516 5647 629 5783; x_wconf 47' lang='grc' dir='ltr'>(5η</span> <span class='ocrx_word' id='word_1_818' title='bbox 659 5649 859 5719; x_wconf 65' lang='grc' dir='ltr'>λογίοις</span> <span class='ocrx_word' id='word_1_819' title='bbox 890 5653 953 5707; x_wconf 85' lang='lat' dir='ltr'><strong>N.</strong></span> 
     </span>
     <span class='ocr_line' id='line_1_111' title="bbox 518 5720 953 5783; baseline 0.009 -13"><span class='ocrx_word' id='word_1_820' title='bbox 518 5720 607 5783; x_wconf 71' lang='lat'><strong>(5:7.</strong></span> <span class='ocrx_word' id='word_1_821' title='bbox 664 5720 953 5783; x_wconf 76' lang='grc' dir='ltr'>καβιιογόμ</span> 
     </span>
    </p>
   </div>
   <div class='ocr_carea' id='block_1_110' title="bbox 518 5720 1279 5795">
    <p class='ocr_par' dir='ltr' id='par_1_110' title="bbox 518 5720 1279 5795">
     <span class='ocr_line' id='line_1_112' title="bbox 518 5720 1279 5795; baseline 0.013 -26"><span class='ocrx_word' id='word_1_822' title='bbox 664 5720 1075 5795; x_wconf 44' lang='grc' dir='ltr'>καθειργόμενοι</span> <span class='ocrx_word' id='word_1_823' title='bbox 1112 5726 1279 5795; x_wconf 72' lang='lat' dir='ltr'><strong>Neap.</strong></span> 
     </span>
    </p>
   </div>
   <div class='ocr_carea' id='block_1_111' title="bbox 518 5791 2022 5865">
    <p class='ocr_par' dir='ltr' id='par_1_111' title="bbox 518 5791 2022 5865">
     <span class='ocr_line' id='line_1_113' title="bbox 518 5791 2022 5865; baseline 0.012 -22"><span class='ocrx_word' id='word_1_824' title='bbox 518 5791 629 5859; x_wconf 73' lang='grc'><strong>(55)</strong></span> <span class='ocrx_word' id='word_1_825' title='bbox 664 5791 753 5846; x_wconf 69' lang='grc' dir='ltr'><strong>δὶἳὲ</strong></span> <span class='ocrx_word' id='word_1_826' title='bbox 779 5803 924 5848; x_wconf 85' lang='lat' dir='ltr'><strong>recte</strong></span> <span class='ocrx_word' id='word_1_827' title='bbox 969 5791 1379 5865; x_wconf 75' lang='lat' dir='ltr'><strong>Neapolitanus.</strong></span> <span class='ocrx_word' id='word_1_828' title='bbox 1416 5800 1736 5857; x_wconf 82' lang='lat' dir='ltr'><strong>Sirmundus</strong></span> <span class='ocrx_word' id='word_1_829' title='bbox 1789 5804 2022 5861; x_wconf 74' lang='lat' dir='ltr'><strong>habebat</strong></span> 
     </span>
    </p>
   </div>
   <div class='ocr_carea' id='block_1_112' title="bbox 2122 5275 3717 5351">
    <p class='ocr_par' dir='ltr' id='par_1_112' title="bbox 2122 5275 3717 5351">
     <span class='ocr_line' id='line_1_114' title="bbox 2122 5275 3717 5351; baseline 0.004 -21"><span class='ocrx_word' id='word_1_830' title='bbox 2122 5276 2359 5338; x_wconf 76' lang='grc' dir='ltr'>τοιοῦτος</span> <span class='ocrx_word' id='word_1_831' title='bbox 2387 5276 2575 5346; x_wconf 85' lang='grc' dir='ltr'>καιρὸς</span> <span class='ocrx_word' id='word_1_832' title='bbox 2608 5275 2901 5341; x_wconf 83' lang='grc' dir='ltr'>δείκνυσιν,</span> <span class='ocrx_word' id='word_1_833' title='bbox 2933 5278 3015 5341; x_wconf 90' lang='grc' dir='ltr'><strong>τίς</strong></span> <span class='ocrx_word' id='word_1_834' title='bbox 3052 5279 3151 5349; x_wconf 78' lang='grc' dir='ltr'>μὲν</span> <span class='ocrx_word' id='word_1_835' title='bbox 3183 5280 3407 5351; x_wconf 75' lang='grc' dir='ltr'>ποιμὴν,</span> <span class='ocrx_word' id='word_1_836' title='bbox 3440 5282 3523 5345; x_wconf 76' lang='grc' dir='ltr'><strong>τίς</strong></span> <span class='ocrx_word' id='word_1_837' title='bbox 3547 5282 3604 5335; x_wconf 84' lang='grc' dir='ltr'>δὲ</span> <span class='ocrx_word' id='word_1_838' title='bbox 3628 5301 3717 5351; x_wconf 84' lang='grc' dir='ltr'>μι-</span> 
     </span>
    </p>
   </div>
   <div class='ocr_carea' id='block_1_113' title="bbox 2125 5366 3711 5444">
    <p class='ocr_par' dir='ltr' id='par_1_113' title="bbox 2125 5366 3711 5444">
     <span class='ocr_line' id='line_1_115' title="bbox 2125 5366 3711 5444; baseline 0.004 -22"><span class='ocrx_word' id='word_1_839' title='bbox 2125 5368 2350 5432; x_wconf 72' lang='grc' dir='ltr'>σθωτὸς,</span> <span class='ocrx_word' id='word_1_840' title='bbox 2389 5366 2483 5421; x_wconf 71' lang='grc' dir='ltr'>καὶ</span> <span class='ocrx_word' id='word_1_841' title='bbox 2517 5368 2597 5432; x_wconf 83' lang='grc' dir='ltr'><strong>τίς</strong></span> <span class='ocrx_word' id='word_1_842' title='bbox 2635 5368 2735 5440; x_wconf 75' lang='grc' dir='ltr'>μὲν</span> <span class='ocrx_word' id='word_1_843' title='bbox 2767 5369 3073 5440; x_wconf 70' lang='grc' dir='ltr'>φιλοπόνως</span> <span class='ocrx_word' id='word_1_844' title='bbox 3107 5373 3417 5444; x_wconf 80' lang='grc' dir='ltr'>ποιμαίνει,</span> <span class='ocrx_word' id='word_1_845' title='bbox 3446 5373 3529 5439; x_wconf 81' lang='grc' dir='ltr'><strong>τίς</strong></span> <span class='ocrx_word' id='word_1_846' title='bbox 3563 5374 3619 5428; x_wconf 67' lang='grc' dir='ltr'>δὲ</span> <span class='ocrx_word' id='word_1_847' title='bbox 3652 5375 3711 5429; x_wconf 61' lang='grc' dir='ltr'><strong>τ.)</strong></span> 
     </span>
    </p>
   </div>
   <div class='ocr_carea' id='block_1_114' title="bbox 2134 5667 2528 5737">
    <p class='ocr_par' dir='ltr' id='par_1_114' title="bbox 2134 5667 2528 5737">
     <span class='ocr_line' id='line_1_116' title="bbox 2134 5667 2528 5737; baseline 0.008 -17"><span class='ocrx_word' id='word_1_848' title='bbox 2134 5667 2528 5737; x_wconf 72' lang='grc' dir='ltr'>προϐάλλοντα.</span> 
     </span>
    </p>
   </div>
   <div class='ocr_carea' id='block_1_115' title="bbox 2207 5737 2787 5809">
    <p class='ocr_par' dir='ltr' id='par_1_115' title="bbox 2207 5737 2787 5809">
     <span class='ocr_line' id='line_1_117' title="bbox 2207 5737 2787 5809; baseline 0.01 -4"><span class='ocrx_word' id='word_1_849' title='bbox 2207 5738 2317 5809; x_wconf 55' lang='lat' dir='ltr'><strong>(iii)</strong></span> <span class='ocrx_word' id='word_1_850' title='bbox 2354 5738 2591 5809; x_wconf 59' lang='grc' dir='ltr'>ἐγγόνων</span> <span class='ocrx_word' id='word_1_851' title='bbox 2618 5737 2787 5809; x_wconf 69' lang='lat' dir='ltr'><strong>Neap-</strong></span> 
     </span>
    </p>
   </div>
   <div class='ocr_carea' id='block_1_116' title="bbox 2208 5806 2605 5890">
    <p class='ocr_par' dir='ltr' id='par_1_116' title="bbox 2208 5806 2605 5890">
     <span class='ocr_line' id='line_1_118' title="bbox 2208 5806 2605 5890; baseline 0.015 -33"><span class='ocrx_word' id='word_1_852' title='bbox 2208 5806 2318 5881; x_wconf 66' lang='lat' dir='ltr'><strong>(Fiii)</strong></span> <span class='ocrx_word' id='word_1_853' title='bbox 2352 5810 2381 5863; x_wconf 76' lang='grc' dir='ltr'>ἅ</span> <span class='ocrx_word' id='word_1_854' title='bbox 2390 5826 2420 5882; x_wconf 92' lang='grc' dir='ltr'><strong>ρ</strong></span> <span class='ocrx_word' id='word_1_855' title='bbox 2446 5824 2522 5890; x_wconf 82' lang='lat' dir='ltr'><strong>:ot_</strong></span> <span class='ocrx_word' id='word_1_856' title='bbox 2536 5806 2605 5863; x_wconf 85' lang='lat' dir='ltr'><strong>N.</strong></span> 
     </span>
    </p>
   </div>
  </div>
