4078 6320
362 403 497 469 1249

1680 397 2045 459 EPISTOLA
2085 397 2376 459 LXXVII.

3531 399 3668 464 1950

360 521 464 590 μὲν
493 516 636 587 γάλα
681 515 876 593 εσθίει,
920 512 1112 568 καὶτὰ
1155 511 1279 583 ἔρια
1324 509 1739 582 περιϐάλλεται,
1769 511 1867 582 τῆς
1895 507 1952 562 δὲ

2076 524 2290 582 ηηευρθι·
2319 509 2541 566 habeat.
2579 530 2598 562 ι
2629 511 2736 568 Sed
2768 512 2946 568 ﬁdelis
2974 513 3140 580 Deus,
3166 514 3260 584 qui
3289 529 3396 569 non
3422 526 3665 586 patietur

357 612 468 667 τῶν
500 609 789 683 προϐάτων
817 607 1094 679 σωτηρίας
1122 605 1476 675 καταφρονεῖ.
1502 623 1520 655 ι
1559 601 1724 656 Ἀλλά
1761 601 1955 664 πιστὸς

359 704 390 756 δ
418 701 574 766 Θεὸς,
629 701 688 765 ὃς
726 702 827 754 οὐκ
861 699 1012 752 ὲάσει
1055 697 1201 767 ὑμᾶς
1232 695 1565 767 πειραθῆναι
1605 693 1746 764 ὑπὲρ
1780 687 1814 745 ’δ
1866 691 1958 744 δύ-

361 777 549 860 νασθε,
577 793 715 849 ἀλλὰ
751 793 972 861 ποιήσει
1005 791 1103 844 σὺν
1147 788 1227 860 τῷ
1260 787 1556 861 πειρασμῷ
1594 787 1688 840 καὶ
1726 784 1826 856 τὴν
1863 784 1958 838 ἑκ-

357 887 520 941 ϐασιν
540 884 638 939 τοῦ
669 882 930 938 δύνασθαι
958 881 1103 953 ὑμᾶς
1129 880 1474 949 ὑπενεγκεῖν.
1498 898 1516 932 ι
1537 878 1747 932 Ἐκεῖνο
1767 876 1825 930 δὲ
1851 893 1958 930 πα-

363 977 587 1050 ρακαλῶ
615 977 714 1047 τὴν
743 973 1022 1045 ὑμετέραν
1055 971 1393 1037 θεοσέϐειαν,
1439 969 1582 1024 ὥστε
1617 970 1728 1023 τῶν
1759 967 1959 1040 σαθροο

359 1069 538 1138 τὲρων
566 1065 791 1120 πλείονα
825 1063 1165 1136 ποιήσασθαι
1198 1063 1460 1137 πρόνοιαν
1484 1075 1500 1092 ο
1540 1061 1637 1115 καὶ
1670 1061 1744 1131 μὴ
1796 1060 1958 1130 μόνον

358 1160 488 1222 τοὺς
531 1156 924 1227 σαλευομένους
965 1155 1241 1228 στηρίξαι,
1283 1155 1420 1208 ἀλλὰ
1451 1153 1699 1214 καὶτοὺς
1737 1145 1959 1205 πεπτω·

361 1249 527 1313 κότας
549 1251 760 1319 ἐγεῖραι
795 1265 810 1280 ’
842 1249 962 1302 οὐδὲ
998 1246 1106 1319 γὰρ
1141 1249 1191 1299 οί
1236 1245 1494 1316 ποιμένες
1527 1245 1637 1297 τῶν
1672 1243 1959 1312 νενοσηκό-

2058 617 2158 658 vos
2207 603 2407 658 tentari
2442 619 2607 674 supra
2635 605 2688 660 id
2725 604 2873 676 quod
2905 607 3160 676 potestis,
3216 606 3313 662 sed
3343 607 3510 661 faciet
3539 623 3666 662 cum

2059 697 2368 751 tentationc
2421 698 2591 752 etiam
2637 699 2847 752 exitum
2899 706 2959 752 ut
2994 700 3220 771 possitis
3248 699 3526 755 sustinere
3543 701 3608 754 ".
3645 719 3666 753 ι

2057 786 2198 842 Illud
2222 795 2407 843 autem
2437 804 2538 845 oro
2563 789 2828 859 pietatem
2853 800 3131 858 vestram,
3184 800 3247 847 ut
3271 807 3404 862 erga
3429 791 3686 846 debilio-~

2059 893 2151 934 res
2185 882 2451 950 majorem
2476 883 2750 938 exseratis
2780 883 3212 953 providentiam,
3250 897 3316 939 ac
3346 899 3460 938 non
3487 887 3668 939 solum

2065 969 2400 1027 ﬂuctuantes
2446 974 2778 1039 stabiliatis,
2835 977 2930 1031 sed
2976 977 3163 1048 lapsos
3204 977 3375 1033 etiam
3422 975 3667 1048 erigatis.

2064 1063 2256 1133 Neque
2283 1063 2432 1120 enim
2483 1074 2736 1136 pastores
2780 1067 3064 1123 morbidas
3089 1084 3222 1124 oves
3248 1077 3618 1126 contemnunt
3652 1089 3665 1124 :

2065 1157 2163 1212 sed
2208 1158 2308 1214 has
2351 1159 2576 1229 quidem
2632 1161 2700 1215 ab
2744 1160 2853 1215 illis
2900 1161 3234 1231 sejungunt,
3289 1163 3505 1216 nullum
3535 1179 3670 1217 vero

2064 1242 2134 1298 ad
2159 1259 2252 1298 eas
2275 1246 2552 1300 curandas
2587 1247 2818 1304 remedii
2849 1265 3024 1318 genus
3047 1251 3501 1319 praetermittunt.

360 1358 468 1394 των
494 1341 758 1410 ἀμελοῦσι
802 1339 1116 1413 προϐάτων,
1164 1337 1304 1392 ἀλλὰ
1339 1338 1638 1409 χωρίζουσι
1678 1337 1777 1408 μὲν
1847 1334 1987 1389 αὐτὰ
2026 1333 2137 1389 τῶν
2189 1336 2389 1403 ἄλλων,
2422 1339 2534 1392 πᾶν
2575 1339 2632 1393 δὲ
2680 1336 2820 1405 εἶδος
2854 1343 3036 1406 αὐτοῖς
3087 1342 3386 1414 θεραπείας
3421 1343 3668 1414 προεξέ-

366 1451 608 1577 ροΤίἓτο
632 1524 727 1578 καὶ
766 1525 899 1594 ἡμῖν
937 1520 1211 1593 ποιητέον.
1239 1521 1379 1583 Τοὺς
1412 1520 1524 1591 γὰρ
1555 1517 1959 1579 ὀλισθαίνοντας

361 1616 666 1686 ἀναστῆσαι
699 1615 992 1687 προσήκει,
1012 1614 1108 1668 καὶ
1132 1616 1289 1684 χεῖρα
1317 1613 1520 1683 ὀρέξαι,
1550 1613 1645 1668 καὶ
1671 1611 1958 1682 παραθαρο

365 1706 544 1771 σῦναι,
580 1707 673 1760 καὶ
704 1705 772 1760 τά
802 1706 1142 1776 ἐγγενόμενα
1175 1704 1434 1774 δήγματα
1461 1702 1824 1775 θεραπεῦσαι,
1862 1701 1958 1756 καὶ

2139 1515 2256 1570 Hoc
2282 1523 2338 1570 et
2367 1517 2529 1573 nobis
2558 1518 2936 1588 praestandum
2961 1527 3068 1574 est.
3126 1519 3337 1600 Lapsos
3365 1521 3516 1576 enim
3554 1525 3668 1579 eri-

2065 1623 2194 1677 gere
2225 1619 2464 1678 oportet,
2520 1627 2854 1681 manumque
2883 1611 3192 1682 porrigere,
3227 1619 3286 1668 et
3331 1613 3569 1680 hortari,
3612 1623 3671 1670 et

2067 1699 2252 1755 inﬁxis
2284 1702 2565 1757 morsibus
2611 1702 2856 1768 mederi,
2917 1703 3265 1774 salutemque
3301 1705 3522 1761 illorum
3560 1708 3668 1762 mi-

365 1797 448 1866 ph
467 1795 847 1864 ἀπαγορεῦσαι
879 1795 1060 1848 αὐτῶν
1095 1793 1194 1864 τὴν
1227 1793 1526 1862 σωτηρίαν,
1560 1793 1698 1864 μηδὲ
1730 1790 1958 1863 προδοῦ-

2076 1789 2215 1846 nime
2263 1792 2632 1862 despondere,
2686 1808 2792 1848 nec
2839 1793 3046 1848 diaboli
3097 1794 3354 1851 faucibus
3398 1797 3664 1869 objiccre.
3737 1778 3746 1792 ’

362 1903 452 1941 ναι
514 1887 593 1958 τῷ
647 1887 886 1957 στόματι
937 1885 1033 1939 τοῦ
1076 1885 1351 1939 διαϐόλου.
1388 1884 1560 1938 Τοῦτο
1609 1886 1705 1938 καὶ
1748 1886 1777 1938 ὁ
1814 1884 1958 1947 θεῖος

362 1976 661 2038 ἀπόστολος
695 1975 908 2041 Παῦλος
942 1976 1170 2030 διετέλει
1199 1975 1393 2030 ποιῶν·
1425 1975 1519 2028 καὶ
1552 1960 1823 2037 Γαλάτας,
1861 1989 1959 2043 με-

362 2068 434 2122 τὰ
462 2067 527 2121 τδ
553 2072 823 2140 σωτήριον
865 2067 1175 2139 βάπτισμα,
1211 2068 1307 2122 καὶ
1336 2066 1435 2138 τὴν
1469 2066 1566 2120 τοῦ
1606 2065 1753 2119 θείου
1785 2064 1960 2117 Πνεύ-

368 2177 538 2231 ματος
563 2160 855 2232 χορηγίαν,
881 2162 960 2223 είς
985 2160 1084 2228 τὴν
1117 2158 1415 2230 Ἰουδαῖκὴν
1445 2159 1734 2212 ἀσθένειαν
1755 2156 1962 2222 ἐξοκεί-

364 2254 587 2318 λαντας,
620 2257 712 2308 καὶ
740 2253 1048 2324 περιτομὴν
1077 2251 1427 2320 δεξαμένους.
1464 2250 1712 2320 ὠδύρατο
1743 2249 1841 2319 μὲν
1869 2249 1962 2303 καὶ

364 2345 672 2416 ἑθρήνησεν
705 2344 849 2415 ὑπὲρ
890 2345 1074 2415 πᾶσαν
1111 2342 1326 2413 μητέρα
1360 2341 1736 2411 φιλόστοργον·
1767 2339 1962 2409 ἐθερά-

366 2453 537 2490 πευσε
559 2437 637 2499 δὲ,
673 2437 767 2489 καὶ
796 2436 894 2504 τῆς
921 2433 1237 2506 ἀρρωστίας
1270 2432 1487 2500 ἐκείνης
1519 2431 1839 2501 ἐλευθέρους
1864 2431 1965 2484 άπ-

367 2529 554 2598 έφηνε.
591 2527 702 2580 Καὶ
743 2525 890 2578 ἐστιν
917 2524 1084 2578 αὑτοῦ
1129 2523 1362 2593 βοῶντος
1405 2522 1664 2577 ἀκοῦσαν
1702 2539 1721 2570 ¢
1758 2520 1961 2573 Τεκνία

368 2636 495 2689 μου,
547 2616 644 2678 οὓς
682 2615 846 2669 πάλιν
878 2615 1078 2675 ὠδίνω,
1119 2615 1279 2684 ἄχρις
1323 2605 1384 2664 οὗ
1422 2609 1686 2681 μορφωθῇ
1729 2608 1964 2681 Χριστὸς

367 2712 622 2781 ινὺμῖν.›
644 2707 802 2764 Οὕτω
825 2706 938 2760 τῶν
965 2705 1269 2775 Κορινθίων
1293 2703 1632 2764 διδάσκαλον,
1661 2703 1759 2771 τὴν
1785 2718 1965 2770 μυσα-

367 2803 467 2875 ράν
499 2801 720 2890 ἐκείνην
770 2796 1146 2867 τετολμηκότα
1193 2793 1475 2866 πορνείαν,
1523 2795 1618 2847 καὶ
1671 2793 1962 2846 ἐπαίδευσε

367 2885 672 2963 πατρικῶς,
735 2889 827 2943 καὶ
877 2889 1171 2942 ἐπαίδευσε
1232 2885 1352 2938 λίαν
1402 2885 1812 2954 ἐπιστημόνως,
1869 2885 1966 2936 καὶ

365 2983 650 3052 ἀποκόψας
681 2982 739 3033 ἐν
772 2982 839 3051 τῇ
869 2978 1114 3050 προτέρᾳ
1139 2974 1380 3044 συνῆψεν
1415 2977 1475 3028 ὲν
1505 2977 1570 3045 τῇ
1590 2973 1841 3044 δευτέρᾳ,
1871 2973 1965 3026 καί

365 3089 550 3144 φησιν·
592 3091 608 3123 ι
640 3072 805 3124 Ὥστε
833 3072 980 3140 ὑμᾶς
1007 3067 1206 3138 μᾶλλον
1229 3067 1563 3138 χαρίσασθαι
1585 3067 1680 3120 καὶ
1708 3083 1968 3137 παρακα-

2066 1882 2183 1946 Hoc
2204 1883 2427 1939 divinus
2451 1885 2676 1940 assiduo
2693 1885 2992 1956 praestabat
3012 1888 3296 1957 apostolus
3319 1888 3552 1949 Paulus:
3569 1891 3665 1961 qui

2073 1973 2323 2038 Galatas,
2355 1985 2480 2045 post
2508 1977 2751 2032 salutare
2783 1978 3078 2048 baptisma,
3110 1979 3398 2050 divinique
3425 1980 3668 2052 Spiritus

2067 2063 2416 2136 largitionem
2447 2106 2462 2130 ,
2526 2067 2580 2120 in
2611 2067 2926 2122 Judreorum
2963 2068 3342 2125 inﬁrmitatem
3380 2073 3672 2144 prolapsos

2067 2164 2125 2210 et
2145 2157 2625 2212 circumcisionem
2650 2159 2935 2228 amplexos
2953 2160 3114 2224 luxit,
3133 2159 3466 2232 deﬁevitque
3499 2178 3668 2234 supra

2069 2259 2236 2313 quam
2260 2246 2791 2302 matresli-bcrorum
2817 2259 3068 2305 amantes
3118 2250 3299 2305 solent
3347 2270 3361 2305 :
3411 2252 3674 2324 idemque

2069 2335 2306 2400 curavit,
2336 2343 2394 2390 et
2420 2349 2451 2390 a
2476 2336 2674 2392 morbo
2722 2337 2818 2391 illo
2869 2339 3091 2407 penitus
3132 2339 3418 2394 liberavit:
3448 2342 3593 2398 unde
3619 2353 3676 2399 et

2070 2427 2405 2482 clamantem
2435 2429 2629 2484 audire
2660 2430 2830 2485 licet:
2869 2451 2886 2482 ι
2911 2431 3089 2486 Filioli
3115 2433 3254 2496 mei,
3303 2448 3445 2504 quos
3473 2435 3674 2492 iterum

2070 2519 2358 2588 parturio,
2416 2520 2593 2576 donec
2643 2521 2918 2577 formetur
2960 2515 3216 2579 Christus
3268 2525 3325 2580 in
3370 2527 3618 2582 vobis“.
3651 2548 3668 2580 ι

2071 2609 2490 2665 Corinthiorum
2522 2628 2744 2683 quoque
2792 2615 3139 2684 magistrum,
3176 2617 3270 2685 qui
3301 2618 3571 2674 nefariam
3607 2620 3674 2676 il-

2073 2699 2183 2755 lam
2233 2701 2660 2758 fornicationem
2697 2712 2963 2774 patrarat,
3015 2712 3070 2761 et
3107 2716 3334 2777 paterne
3363 2711 3676 2782 castigavit,

2072 2802 2128 2848 et
2154 2793 2492 2864 peritissime
2519 2797 2757 2851 sanavit.
2809 2797 3060 2868 Cumque
3087 2799 3241 2854 illum
3274 2800 3330 2854 in
3361 2801 3549 2871 priore
3575 2803 3676 2860 ab-

2073 2885 2332 2941 scidisset
2381 2887 2650 2957 Epistola,
2703 2888 2759 2943 in
2811 2891 3121 2958 posteriore
3163 2893 3432 2960 restituit,
3465 2902 3523 2950 et
3551 2895 3676 2953 ait:

2082 2998 2099 3030 ι
2120 2981 2197 3040 [ta
2221 2989 2390 3036 utvos
2409 2981 2584 3052 magis
2605 2981 2935 3041 condonetis
2951 2992 3008 3038 et
3026 2984 3391 3039 consolemini
3417 3003 3430 3038 :
3451 3002 3519 3042 ne
3537 2986 3679 3043 forte

2075 3067 2467 3128 abundantiori
2528 3073 2754 3130 tristitia
2819 3073 3189 3130 absorbeatur
3253 3076 3350 3145 qui
3403 3076 3680 3147 ejusmodi

364 3165 542 3228 λέσαι,
611 3165 808 3234 μήπως
871 3165 938 3233 τῇ
993 3160 1363 3230 περισσοτέρᾳ
1420 3158 1566 3229 λύπῃ
1615 3157 1903 3228 καταποθῇ
1940 3159 1967 3209 ὁ

2076 3175 2160 3219 est
2178 3163 2242 3219 δ’.
2259 3187 2274 3214 ι
2287 3167 2354 3220 Ει
2371 3164 2573 3220 iterum
2601 3183 2644 3218 ε(
2657 3165 2728 3221 Ut
2750 3181 2859 3220 non
2875 3166 3423 3223 circumveniamura
3439 3168 3678 3226 Satana:

365 3255 626 3317 τοιοῦτος.
669 3271 686 3304 ι
733 3253 843 3306 Καὶ
886 3253 1070 3306 πάλιν⁶
1117 3269 1136 3303 ι
1184 3251 1304 3305 ’Ὶνα
1351 3250 1426 3322 μὴ
1476 3249 1968 3318 πλεονεκτηθῶμεν

369 3345 477 3401 ὑπὸ
503 3345 599 3398 τοῦ
632 3345 869 3397 Σατανᾶ·
918 3344 980 3396 οὗ
1010 3343 1118 3412 γὰρ
1149 3340 1315 3394 αὑτοῦ
1358 3341 1428 3393 τά
1464 3341 1714 3410 νοήματα
1745 3336 1970 3406 ἀγνοοῦ-

373 3453 494 3507 μεν.
537 3455 556 3488 ι
597 3433 755 3488 Οὕτω
788 3435 882 3488 καὶ
917 3436 1029 3497 τοῖς
1064 3431 1174 3486 τῶν
1214 3431 1584 3485 εἰδωλοθύτων
1615 3430 1971 3502 μεταλαμϐά-

372 3547 547 3596 νουσι,
614 3531 709 3582 xa‘t
771 3529 1110 3598 ἐπετίμησεν
1173 3527 1425 3588 δεόντως,
1501 3525 1596 3578 καὶ
1662 3521 1971 3594 παρῄνεσεν

374 3610 789 3693 προσηκόντως,
844 3618 940 3672 κει)⁵
991 3617 1090 3687 τῆς
1146 3616 1392 3686 χαλεπῆς
1433 3615 1776 3685 ἠλευθέρωσε
1830 3613 1969 3667 πλά-

371 3721 469 3776 νης
483 3749 498 3762 .

446 3801 653 3856 Τούτου
685 3801 842 3872 χάριν
867 3799 964 3853 καὶ
1000 3801 1030 3853 ό
1064 3797 1342 3870 Δεσπότης
1371 3796 1528 3867 ἡμῶν
1571 3796 1828 3868 Χριστὸς.
1860 3795 1972 3851 τῶν

374 3891 695 3949 ἀποστόλων
729 3891 822 3946 τὸν
866 3891 1106 3961 πρῶτον,
1135 3884 1198 3944 οὗ
1233 3891 1331 3960 τὴν
1366 3889 1659 3959 ὁμολογίαν
1697 3883 1812 3942 οἷόν
1851 3895 1981 3943 τίνα’

376 3986 619 4057 κρηπῖδα
665 3985 761 4039 καὶ
805 3982 1060 4053 θεμέλιον
1103 3985 1204 4052 τῆς
1255 3982 1586 4052 Ἐκκλησίας
1637 3982 1970 4052 κατέπηξεν,

378 4074 762 4146 συνεχώρησεν
811 4071 1143 4141 σαλευθῆναι
1183 4072 1276 4124 καὶ
1304 4071 1632 4142 ἀρνηθῆναι,
1666 4071 1765 4125 καὶ
1808 4071 1972 4125 πάλιν

377 4165 540 4221 αὑτὸν
593 4164 911 4235 άνώρθωσε,
963 4163 1058 4216 δύο
1109 4164 1257 4216 κατὰ
1307 4163 1474 4216 ταυτὸ
1508 4163 1795 4215 διδάσκωνο
1833 4164 1972 4234 μήτε

378 4258 596 4319 ἑαυτοῖς
630 4254 875 4326 θαρρεῖν,
910 4254 1004 4306 καὶ
1043 4253 1170 4314 τοὺς
1219 4252 1617 4322 σαλευομένους
1664 4252 1966 4322 στηρίζειν.

390 4345 648 4417 ὐρέξατε
683 4345 864 4398 τοίνυν
893 4345 1072 4415 χεῖρα,
1098 4341 1428 4413 παρακαλῶ,
1457 4343 1569 4399 τοῖς
1597 4341 1971 4409 ὀλισθήσασιν,

378 4437 475 4493 καλ⁵
498 4437 731 4505 ἀνάγετε
789 4435 899 4505 (56)
946 4438 1011 4488 έκ
1049 4434 1255 4488 λάκκου
1301 4434 1703 4505 ταλαιπωρίας,
1741 4437 1834 4488 καὶ
1867 4435 1975 4490 ἀπὸ

2078 3258 2293 3328 1130
2317 3273 2424 3311 non
2448 3257 2597 3311 enim
2624 3257 2940 3327 ignoramus
2969 3259 3412 3316 machinationes
3432 3262 3554 3333 ejus
3573 3263 3679 3319 ⁸⁸.)

2075 3348 2168 3402 Sic
2197 3356 2254 3401 et
2282 3347 2407 3400 illos
2435 3347 2530 3416 qui
2555 3347 2881 3418 idolothytis
2905 3349 3297 3414 vescebantur,
3329 3359 3385 3405 et
3411 3352 3682 3410 decenter

2073 3435 2418 3504 increpavit,
2481 3446 2536 3489 et
2589 3444 2964 3506 congruenter
3008 3436 3318 3505 admonuit,
3367 3441 3679 3510 graviquc,‘

2073 3528 2144 3583 ab
2167 3544 2356 3584 errore
2391 3528 2670 3584 liberavit.

2145 3790 2290 3858 Quin
2317 3792 2420 3846 hac
2441 3792 2608 3846 etiam
2637 3791 2705 3846 de
2726 3809 2893 3850 causa
2920 3793 3179 3850 Christus
3206 3795 3477 3853 Dominus
3497 3806 3687 3854 noster

2078 3886 2456 3958 apostolorum
2486 3885 2798 3956 principem
2827 3927 2841 3951 ,
2893 3886 3053 3957 cujus
3083 3885 3493 3942 confessionem
3531 3889 3687 3964 velut

2078 3978 2235 4034 basin
2264 3977 2560 4048 quamdam
2592 3987 2648 4032 et
2666 3977 3090 4032 fundamentum
3110 3979 3373 4034 Ecclesia:
3394 3979 3683 4047 deﬁxerat,

2076 4069 2349 4126 ﬂuctuare
2380 4085 2443 4124 ac
2474 4084 2666 4123 errare
2694 4068 2970 4139 permisit,
3003 4084 3245 4139 eumque
3270 4087 3464 4126 rursus
3485 4072 3684 4138 erexit,

2079 4157 2192 4213 duo
2222 4157 2415 4213 eadem
2447 4173 2618 4228 opera
2647 4157 2878 4221 docens,
2917 4173 3029 4212 non
3055 4159 3228 4214 fidere
3256 4160 3474 4230 seipsis,
3505 4172 3559 4216 et
3580 4161 3686 4216 ﬁu-

2079 4258 2332 4306 ctuantes
2349 4250 2590 4305 ﬁrmare.
2609 4251 2790 4317 Quare
2807 4266 3028 4305 manum
3056 4253 3245 4322 lapsis,
3271 4268 3480 4322 quzeso,
3506 4254 3690 4324 porri-

2077 4344 2189 4413 gite
2217 4362 2228 4396 :
2253 4344 2472 4398 educite
2497 4343 2619 4398 illos
2641 4343 2709 4399 de
2732 4344 2855 4398 lacu
2879 4343 3137 4406 miserias,
3164 4352 3220 4398 et
3240 4344 3308 4398 de
3329 4345 3447 4400 luto
3467 4345 3686 4412 fecis“,

2079 4444 2135 4490 et
2161 4436 2390 4490 statuite
2423 4449 2592 4504 super
2619 4444 2831 4504 petram
2863 4437 3032 4505 pedes
3057 4435 3299 4502 illorum,
3329 4447 3385 4490 et
3408 4437 3688 4504 immittite

379 4527 556 4599 πηλοῦ
590 4527 736 4590 ίλύος
771 4525 908 4598 (57),
937 4527 1031 4579 καὶ
1059 4527 1297 4597 στήσατε
1338 4525 1434 4578 ἐπὶ
1464 4524 1671 4596 πέτραν
1715 4527 1842 4588 τοὺς
1876 4527 1967 4580 πό-

2086 4527 2139 4581 in
2169 4543 2231 4581 os
2270 4543 2465 4582 eorum
2506 4530 2786 4584 canticum
2813 4545 3042 4595 novum,
3067 4545 3289 4585 carmen
3320 4532 3434 4588 Deo
3458 4541 3686 4599 nostro;

376 4622 474 4686 δας
503 4621 704 4675 αὐτῶν
743 4619 836 4674 καὶ
875 4618 1175 4689 ἐμϐάλλετε
1215 4609 1379 4681 είςτὸ
1406 4618 1581 4688 στόμα
1611 4618 1793 4670 αὐτῶν
1824 4615 1967 4690 ᾆσμα

2080 4628 2143 4674 ut
2165 4621 2312 4689 quod
2341 4621 2393 4674 in
2419 4621 2528 4675 illis
2553 4621 2866 4691 exemplum
2889 4622 3076 4676 damni
3104 4623 3228 4688 fuit,
3255 4625 3571 4694 exemplum
3597 4625 3692 4680 ﬁat

378 4713 590 4779 καινὸν,
613 4713 784 4783 ὕμνον
811 4711 890 4781 τῷ
919 4710 1038 4780 Θεῷ
1067 4710 1242 4779 ἡμῶν·
1278 4710 1366 4763 ἵνα
1392 4708 1619 4780 γένηται
1644 4711 1823 4764 αὐτῶν
1852 4712 1979 4765 0716‘-

379 4804 578 4875 δειγμα
603 4803 705 4874 τῆς
746 4802 951 4872 βλάϐης
1000 4801 1308 4870 ὑπόδειγμα
1343 4799 1643 4871 σωτηρίας,
1688 4800 1786 4852 κοιλ¹
1825 4801 1978 4854 ἴδωσι

382 4891 590 4957 πολλοὶ,
617 4898 711 4950 καὶ
747 4894 1052 4965 φοϐηθῶσι,
1087 4895 1180 4946 καὶ
1212 4893 1508 4946 ἐλπίσωσιν
1536 4892 1628 4945 ἐπὶ
1660 4893 1866 4963 Κύριον
1887 4893 1979 4946 τὸν

380 4991 517 5046 Θεὸν
541 4989 724 5061 ἡμῶν.
765 4990 875 5043 Καὶ
917 4985 1316 5040 κωλυέσθωσαν
1347 4985 1448 5054 μὲν
1487 4986 1587 5054 τῆς
1623 4985 1981 5057 μεταλήψεως

379 5075 492 5134 τῶν
527 5080 696 5152 ἱερῶν
729 5079 1070 5151 μυστηρίων,
1105 5077 1184 5149 μὴ
1215 5075 1612 5130 κωλυέσθωσαν
1655 5077 1710 5130 δὲ
1746 5081 1846 5147 τῆς
1873 5077 1982 5131 τῶν

381 5174 812 5246 κατηχουμένων
853 5173 1039 5244 εὐχῆς,
1089 5172 1225 5242 μηδὲ
1263 5171 1362 5240 τῆς
1406 5170 1512 5223 τῶν
1544 5170 1707 5224 θείων
1740 5169 1980 5241 Γραφῶν

382 5267 727 5338 ἀκροάσεως,
760 5267 892 5344 μηδὲ
925 5267 1023 5335 τῆς
1055 5265 1163 5316 τῶν
1201 5264 1540 5317 διδασκάλων
1577 5263 1978 5334 παραινέσεως.

384 5360 507 5412 Τῶν
557 5359 612 5413 δὲ
657 5358 817 5430 ἱερῶν
865 5357 1263 5410 κωλυέσθωσαν
1308 5355 1646 5427 μυστηρίων,
1701 5355 1776 5426 μὴ
1819 5356 1981 5425 μέχρι

383 5450 642 5513 θανάτου,
679 5449 815 5505 ἀλλὰ
847 5449 1038 5519 χρόνον
1089 5448 1212 5501 τινά
1254 5447 1448 5519 ῥητόν·
1484 5446 1589 5510 ἓως
1622 5445 1688 5499 ἂν
1715 5445 1981 5514 ὲπιγνῶσι

382 5547 484 5617 τὴν
509 5546 687 5611 νόσον,
719 5547 824 5609 ἓως
863 5548 960 5614 τὴν
985 5543 1174 5612 ὑγείαν
1210 5541 1541 5614 ποθήσωσιν,
1573 5541 1679 5604 ἓως
1716 5539 1783 5594 ἂν
1815 5541 1982 5607 ἀξίως

459 5703 544 5759 ⁸⁷1
573 5705 701 5760 Cor.
738 5721 790 5770 τι,
823 5705 905 5759 l3.

462 5852 574 5924 (εδ)
613 5852 919 5922 ang/5:737:
951 5851 1122 5921 Neap.

984 5704 1028 5735 ⁸⁸
1052 5703 1228 5758 Galat.
1274 5719 1346 5770 IV,
1390 5702 1476 5758 19.
1553 5702 1598 5738 δ’
1630 5699 1675 5758 ll
1702 5700 1830 5758 Cor.
1866 5719 1925 5770 ιι,
1959 5703 2013 5758 7.
2090 5703 2136 5735 ⁵ο
2172 5701 2312 5757 ibid.
2347 5702 2435 5755 ll.

2081 4713 2278 4768 salutis
2316 4731 2328 4766 :
2370 4720 2428 4766 ut
2463 4713 2688 4766 videant
2716 4715 2877 4775 multi
2912 4722 2968 4768 et
2999 4715 3250 4779 timeant,
3292 4724 3349 4769 et
3379 4725 3606 4785 sperent
3633 4717 3690 4771 in

2083 4803 2378 4858 Dominum
2412 4804 2585 4857 Deum
2610 4812 2888 4858 nostrum.
2948 4804 3372 4874 Arceanturquc
3405 4821 3434 4858 a
3460 4805 3690 4876 partici-

2081 4897 2306 4967 patione
2332 4912 2619 4951 sacrorum
2645 4897 3039 4969 mysteriorum
3069 4914 3082 4949 :
3108 4914 3137 4951 a
3160 4881 3689 4952 catechumen'orum

2080 4997 2265 5043 autem
2295 4989 2546 5043 oratione
2579 5005 2690 5044 non
2717 4989 3150 5059 prohibeantur,
3202 5005 3384 5058 neque
3413 5006 3442 5043 a
3469 4989 3691 5047 divina-

2081 5097 2206 5135 rum
2232 5080 2649 5152 Scripturarum
2677 5081 2985 5144 auditione,
3027 5097 3209 5151 neque
3234 5098 3262 5135 a
3291 5082 3689 5152 magistrorum

2083 5175 2482 5230 admonitione.
2541 5174 2587 5230 Α
2634 5174 2806 5229 sacris
2845 5188 2982 5230 vero
3033 5175 3316 5244 mysteriis
3369 5181 3688 5239 arceantur,

2083 5282 2197 5321 non
2248 5265 2318 5321 ad
2348 5276 2586 5321 mortem
2619 5281 2825 5336 usque,
2863 5264 2961 5321 sed
2993 5265 3059 5321 ad
3090 5273 3310 5335 tempus
3338 5263 3564 5334 aliquod
3593 5263 3694 5318 dc-

2092 5357 2308 5414 ﬁnitum
2351 5375 2363 5411 :
2413 5357 2597 5429 quoad
2654 5357 2910 5412 morbum
2959 5366 3280 5429 agnoscant,
3320 5354 3504 5426 quoad
3545 5354 3696 5409 salu-

2095 5465 2204 5508 tem
2235 5459 2516 5523 expetant,
2565 5451 2748 5521 quoad
2803 5458 3187 5522 competenter
3219 5449 3504 5512 ‘luxerint,
3541 5438 3691 5519 quod

2091 5558 2225 5598 vero
2267 5557 2396 5614 rege
2458 5541 2725 5596 derelicto
2795 5540 2864 5594 ad
2929 5547 3223 5611 tyrannum
3271 5537 3689 5609 transfugerint,

2517 5701 2558 5732 ⁶²
2595 5700 2742 5758 Psal.
2774 5715 2957 5766 χχχιχ,
2988 5699 3041 5756 3.

2169 5847 2283 5918 (57)
2316 5848 2504 5911 ῦλεωῖ.
2538 5848 2708 5901 ldem.
