4078 6320
500 320 631 387 I251

1484 319 1973 395 THEODORETI
2013 318 2350 380 EPISCOI’I
2390 319 2759 383 CYRENSIS

3641 316 3778 385 125!

494 448 548 491 et
592 432 1001 490 benefactorem
1062 430 1402 489 deserentes'
1439 432 1667 496 inimico
1732 448 1794 488 se
1856 431 2081 502 dedide-

2187 430 2536 502 θρηνήσωσιν
2567 431 2701 503 (58),
2729 432 2815 486 ὅτι
2854 432 2966 487 τὸν-
2983 429 3159 503 άληθῆ
3190 429 3415 501 βασιλέα
3439 430 3778 485 καταλιπόν-

498 533 631 583 rint.

566 704 745 773 Atque
797 702 916 757 hac
941 701 1166 773 quidem
1221 710 1541 758 sanctorum
1562 702 1731 758 etiam
1761 701 2082 758 beatorum-

493 808 603 865 φο
629 794 855 848 Patrum
885 808 1127 849 canones
1149 792 1371 849 docent.
1408 793 1540 861 Quae
1564 809 1675 849 non
1698 810 1767 850 eo
1788 794 1993 857 scribo,
2023 802 2086 848 ut

496 883 725 942 doceam
749 885 1097 940 sanctitatem
1120 893 1385 949 vestram,
1423 885 1518 940 sed
1549 894 1606 940 ut
1632 884 1879 941 fraterno
1901 885 2085 940 animo

496 972 658 1027 vobis
692 987 983 1042 suggeram
1018 990 1031 1026 :
1064 987 1177 1028 non
1207 974 1470 1043 ignorans
1505 975 1714 1045 1131
1747 976 2083 1046 gubernato-

497 1079 588 1119 res
606 1065 845 1133 optimos
863 1073 984 1121 orta
1009 1073 1334 1135 tempestate
1354 1071 1649 1121 nautarum
1669 1068 1837 1122 etiam
1859 1066 2085 1123 monitis

497 1168 679 1222 egere.
737 1154 829 1209 Sic
852 1156 1002 1209 enim
1051 1171 1282 1227 magnus
1308 1156 1399 1211 ille
1425 1156 1623 1222 Moses,
1668 1156 1812 1212 fama
1833 1157 2085 1212 celeber-

498 1243 693 1308 rimus,
740 1244 833 1313 qui
859 1244 1237 1315 vulgatissima
1266 1244 1358 1299 illa
1382 1244 1649 1299 miracula
1672 1245 1869 1310 edidit,
1898 1245 2085 1301 cousi-

498 1333 634 1387 lium
687 1334 881 1389 Jethro
924 1333 1234 1399 admisit“,
1293 1335 1399 1390 viri
1446 1335 1514 1390 ad
1560 1350 1688 1391 eum
1736 1351 1909 1405 usque
1934 1335 2084 1391 diem

497 1423 774 1479 idolorum
806 1440 995 1479 errore
1026 1426 1293 1495 implicati
1340 1444 1353 1479 :
1400 1442 1503 1482 nec
1536 1427 1875 1497 impietatem
1897 1430 2085 1484 consi-

496 1515 745 1579 deravit,
800 1516 897 1571 sed
948 1517 1165 1571 consilii
1211 1517 1507 1572 utilitatem
1552 1518 1810 1588 respexit.
1861 1518 1943 1573 Ad
1969 1518 2086 1573 haec

497 1620 628 1675 rogo
656 1606 1003 1683 sanctitatem
1028 1617 1297 1671 vestram,
1342 1615 1405 1661 ut
1432 1608 1603 1662 Deum
1632 1622 1731 1677 pro
1754 1609 2085 1680 meimpen-

495 1696 613 1751 sius
656 1698 859 1760 oretis,
906 1704 968 1751 ut
1016 1698 1260 1767 reliquos
1311 1698 1607 1771 vitarmea:
1639 1699 1760 1755 dies
1810 1717 1878 1755 ex
1900 1701 2082 1771 legum

496 1786 670 1856 ipsius
700 1789 1022 1859 praescripto
1050 1765 1373 1859 transigam.
1418 1789 1545 1869 llaec
1568 1806 1670 1859 ego
1697 1805 1795 1860 per
1818 1765 2081 1847 reveren-
2115 1765 2159 1825 Β

497 1878 787 1934 dissimum
852 1895 917 1935 ac
974 1880 1448 1951 religiosissimum
1516 1880 1899 1953 presbyterum
1962 1880 2087 1937 Ste-

498 1970 742 2041 phanum
776 1970 994 2041 scripsi,
1045 1985 1209 2040 quem
1243 1971 1315 2026 ob
1347 1987 1566 2027 morum
1596 1973 1941 2029 honestatem
1974 1966 2087 2028 vi'di

496 2062 836 2133 perlibenter
852 2103 867 2118 .

540 2291 825 2350 LXXVIII.
861 2325 933 2334 —
965 2293 1191 2349 Euserio
1236 2253 1729 2366 episcOpo'Persicw
1756 2296 2037 2352 Armeniw.

564 2445 796 2512 Quando
816 2444 1171 2515 gubernatori
1195 2447 1418 2517 aliquod
1433 2448 1633 2503 accidit
1652 2449 2085 2515 incommodum,

495 2538 582 2593 vel
625 2549 871 2609 proreta,
904 2538 989 2592 vel
1029 2546 1325 2592 nautarum
1353 2539 1633 2609 princeps,
1683 2540 1832 2595 illius
1856 2556 2087 2595 munere

496 2628 777 2701 fungitur,
837 2646 946 2684 non
996 2630 1420 2699 gubernatorem
1447 2630 1691 2691 seinsum
1721 2634 2084 2697 constituens,

497 2720 597 2776 sed
624 2719 892 2790 naufragii
924 2718 1289 2773 incolumitati
1312 2720 1678 2789 prospiciens.
1707 2720 1795 2776 Sic
1817 2730 1873 2775 et
1898 2722 1953 2776 in
1973 2722 2088 2776 bel-

494 2812 553 2868 lo
591 2824 809 2873 rursus,
860 2819 1079 2864 mortuo
1108 2810 1268 2875 duce,
1326 2812 1675 2866 tribunorum
1699 2814 1958 2882 princeps
1990 2828 2087 2868 co-

496 2902 714 2976 piarum
764 2900 1145 2970 praafecturam
1197 2890 1463 2972 suscipit,
1500 2918 1612 2957 non
1642 2910 1969 2972 potestatem
1996 2920 2088 2959 ar-

495 2992 725 3063 ripiens,
757 2990 853 3045 sed
878 2992 1167 3061 gentilium
1190 3008 1415 3047 suorum
1448 3008 1638 3047 curam
1666 3009 1885 3068 gerens.
1920 2994 2012 3050 Sic
2031 3005 2088 3050 et

2184 541 2277 586 τες
2320 525 2457 595 πρὸς
2500 523 2765 597 τύραννον
2790 524 3191 595 ηὐτομόλησαν,
3220 522 3316 576 καὶ
3349 524 3441 576 τὸν
3470 522 3778 592 εὐεργέτην

2186 616 2471 680 ἐάσαντες,
2496 614 2575 686 τῷ
2602 613 2849 685 πολεμίῳ
2876 611 3325 687 προσεχώρησαν.

2257 706 2442 760 Ταῦτα
2474 706 2568 759 καὶ
2606 707 2657 759 οί
2693 704 2801 767 τῶν
2838 690 3009 772 ἁγίων
3051 705 3147 757 καὶ
3186 703 3476 774 μακαρίων
3510 701 3775 771 Πατέρων

2184 796 2412 857 κανόνες
2457 794 2787 848 διδάσκουσι.
2837 793 3041 864 Γράφω
3070 795 3128 847 δὲ
3169 792 3363 856 ταῦτα,
3391 792 3453 845 οὐ
3502 791 3776 845 διδάσκων

2186 888 2342 958 ὑμῶν
2378 888 2478 957 τὴν
2510 886 2788 956 ὁσιότητα,
2828 884 2941 939 ἀλλ’
2974 885 3279 955 άδελφικῶς
3312 885 3772 953 ἀναμιμνήσκων*

2186 978 2279 1029 καὶ
2320 978 2477 1040 είδὼς
2514 978 2598 1030 δτι
2633 976 2728 1030 καὶ
2763 975 3377 1053 κυϐερνήτηςιάριστος,
3406 976 3466 1025 ὲν
3490 970 3775 1042 τῷκαιρῷ

2183 1068 2281 1122 τοῦ
2306 1067 2595 1140 χειμῶνος,
2618 1068 2712 1122 καὶ
2735 1068 2832 1137 τῆς
2862 1066 3013 1138 παρὰ
3036 1063 3146 1120 τῶν
3174 1067 3386 1119 ναυτῶν
3409 1065 3777 1134 ὑπομνήσεως

2184 1162 2375 1217 δεῖται.
2417 1160 2576 1215 Οὕτω
2622 1163 2717 1216 καὶ
2747 1160 2987 1231 Μωῦσῆς
3019 1161 3229 1221 ἐκεῖνος
3269 1162 3300 1212 ὁ
3344 1145 3541 1229 μέγας,
3573 1159 3602 1209 ὁ
3633 1173 3774 1211 παν-

2188 1251 2457 1321 ιύφημος,
2508 1253 2535 1304 ό
2581 1251 2650 1304 τά
2688 1248 3103 1321 πολυθρύλλητα
3133 1250 3317 1302 ἐκεῖνα
3351 1248 3778 1317 θαυματουργή-

2187 1356 2307 1403 σας.
2360 1340 2473 1409 τὴν,
2496 1339 2592 1393 τοῦ
2635 1339 2808 1411 Ἰοθδρ
2837 1338 3057 1403 ἐδέξατο
3091 1321 3427 1409 συμϐουλὴν,
3457 1337 3657 1408 άνδρδς
3686 1338 3771 1389 ἔτι

2184 1435 2250 1502 τῇ
2288 1433 2417 1501 περὶ
2453 1432 2521 1486 τὰ
2552 1431 2746 1484 εἴδωλα
2780 1430 2957 1503 πλάνῃ
2988 1430 3378 1499 κατεχομένουὶ
3424 1429 3501 1481 Οὐ
3525 1429 3640 1499 γὰρ
3662 1430 3772 1481 ἀπ-

2186 1525 2324 1577 εῖδεν
2360 1526 2441 1587 είς
2468 1523 2568 1595 τὴν
2605 1522 2881 1587 ἀσέϐειαν,
2913 1522 3049 1575 ἀλλὰ
3078 1522 3177 1593 τῆς
3209 1520 3520 1591 συμϐουλῆς
3564 1521 3775 1574 συνεῖδε

2184 1615 2246 1669 τὸ
2275 1616 2566 1687 χρήσιμον.
2602 1615 2747 1684 Πρὸς
2796 1614 2852 1668 δὲ
2902 1614 3111 1677 τούτοις
3157 1614 3461 1684 παρακαλῶ
3488 1612 3647 1681 ὑμῶν
3676 1613 3777 1683 τὴν

2188 1707 2461 1776 ὁσιότητα,
2485 1707 2775 1760 σπουδαίαν
2800 1708 2940 1778 ὑπὲρ
2959 1706 3093 1777 ἐμοῦ
3125 1708 3202 1778 τῷ
3236 1708 3356 1778 Θεῷ
3382 1711 3779 1801 προσενεγκεῖν

2190 1799 2522 1868 προσευχὴν,
2556 1799 2643 1850 ’να
2671 1798 2770 1861 τάς
2795 1798 3126 1865 λειπομένας
3148 1816 3236 1869 μοι
3262 1800 3361 1869 τῆς
3385 1798 3533 1869 ζωῆς
3560 1800 3776 1870 ἡμέρας

2190 1890 2335 1942 κατὰ
2362 1890 2696 1951 τοὺςάύτοῦ
2734 1889 3139 1960 πολιτεύσωμαι
3185 1891 3401 1960 νόμους.
3453 1890 3643 1944 Ταῦτα
3690 1890 3781 1944 διὰ

2189 1962 2283 2035 τοῦ
2315 1985 2648 2053 τιμιωτάτου
2682 1984 2777 2036 καὶ
2816 1983 3215 2037 εύλαϐεστάτου
3248 1982 3360 2051 (59)
3393 1982 3779 2052 πρεσϐυτέρου

2190 2073 2465 2143 Στεφάνου
2526 2076 2801 2144 γέγραφα*
2848 2074 2908 2128 δν
2968 2070 3106 2128 εἶδον
3158 2075 3328 2146 ἡδέως
3386 2074 3472 2127 διὰ
3517 2074 3619 2145 τὴν
3666 2074 3781 2125 τῶν

2190 2164 2337 2234 ⁴ηθῶν
2373 2165 2728 2236 κοσμιότητα.

2190 2276 2316 2329 UH'.
2350 2306 2419 2315 -
2447 2277 2720 2343 Εὐσεϐίῳ
2776 2275 3091 2341 ἐπισκόπει)
3136 2273 3248 2343 τῆς
3296 2274 3604 2343 Περσικῆς
3657 2274 3781 2344 Ἀρ-

2789 2346 3003 2415 μενίας
3037 2344 3172 2416 (60).

2265 2440 2434 2492 Ὀταν
2463 2440 2491 2491 ό
2526 2425 2867 2510 κυϐερνήτης
2900 2455 2954 2491 τι
2984 2434 3152 2508 πάθη,
3183 2437 3216 2506 ἦ
3247 2439 3275 2489 ό
3296 2437 3573 2507 πρωρεὺς,
3600 2436 3633 2506 ἢ
3671 2436 3803 2488 τῶν

2188 2529 2402 2583 ναυτῶν
2432 2531 2460 2581 ό
2485 2529 2722 2599 πρῶτος,
2747 2530 2847 2599 τὴν
2873 2529 3083 2582 ἐκείνου
3109 2529 3300 2599 χρείαν
3329 2528 3545 2597 πληροῖ,
3564 2529 3667 2581 σύκ
3691 2529 3787 2581 αὑ-

2188 2621 2631 2690 τοχειροτόνητος
2667 2619 3007 2691 κυϐερνήτης
3049 2621 3351 2693 γινόμενος,
3385 2619 3522 2671 ἀλλὰ
3559 2619 3659 2689 τῆς
3685 2618 3782 2671 τοῦ

2190 2713 2434 2782 σκάφους
2480 2708 2935 2782 προμηθούμενος
2983 2712 3278 2781 σωτηρίας.
3316 2710 3475 2763 Οὕτω
3516 2711 3685 2764 πάλιν
3721 2714 3783 2765 ἐν
3806 2724 3819 2731 ‘

2189 2802 2433 2872 πολέμῳ,
2466 2803 2561 2854 τοῦ
2600 2801 2906 2872 στρατηγοῦ
2951 2805 3234 2867 πεσόντος,
3272 2803 3381 2855 τῶν
3417 2803 3718 2873 χιλιάρχων
3752 2806 3784 2856 ὁ
3822 2794 3827 2797 ⁵

2190 2892 2409 2963 πρῶτος
2434 2892 2534 2964 τὴν
2562 2895 2895 2964 στρατηγίαν
2920 2898 3138 2965 κοσμεῖ,
3162 2896 3223 2947 ού
3257 2894 3356 2964 τὴν
3382 2895 3633 2959 ἐξουσίαν
3676 2896 3781 2964 ἁρ-

2191 2986 2401 3049 πάζων,
2432 2985 2569 3037 ἀλλὰ
2607 2986 2719 3038 τῶν
2745 2986 3036 3055 ὁμοφύλων
3068 2967 3390 3055 φροντίζων.
3428 2986 3586 3040 Οὕτω
3626 2989 3723 3040 καί⁵
3748 2992 3782 3042 ὁ

497 3084 852 3141 beatissimus
880 3083 1205 3139 Timotheus
1232 3084 1403 3139 divini
1432 3086 1585 3141 Pauli
1608 3087 1756 3141 vices
1779 3086 1846 3140 ab
1867 3102 1934 3141 eo
1955 3087 2083 3142 mis-

2188 3077 2592 3148 τρισμακάριος
2643 3078 2905 3147 Τιμόθεος
2950 3079 3045 3131 τοῦ
3090 3078 3379 3132 θεσπεσίου
3434 3080 3651 3133 Παύλου
3686 3080 3783 3135 τὸν

496 3190 593 3232 sus
612 3175 862 3244 implevit
883 3175 949 3227 ⁸⁸.
981 3176 1219 3231 Proinde
1250 3178 1509 3255 pietatem
1538 3186 1775 3233 vestram
1800 3180 2077 3244 convenit,

495 3274 553 3321 et
582 3265 989 3331 gubernatoris,
1025 3274 1081 3318 et
1111 3267 1289 3331 ducis,
1340 3277 1397 3323 et
1422 3270 1657 3338 pastoris
1684 3270 1931 3325 studium
1960 3286 2079 3324 am-

492 3354 682 3425 plecti,
732 3356 1088 3427 periculaque
1116 3357 1297 3411 omnia
1333 3372 1432 3427 pro
1459 3359 1664 3413 Christi
1692 3360 1891 3415 ovibus
1914 3360 2082 3415 hilari

494 3447 650 3500 vultu
703 3448 959 3516 excipere
1014 3465 1027 3500 :
1073 3464 1176 3502 nec
1225 3450 1503 3504 solitarias
1551 3450 1807 3521 solasque
1839 3451 2083 3521 pecudes

495 3538 773 3599 deserere,
814 3541 1024 3609 1132
1052 3542 1147 3595 sed
1178 3542 1325 3612 quod
1353 3544 1695 3597 confractum
1726 3553 1809 3597 est
1833 3545 2079 3615 alligare,

494 3628 642 3698 quod
669 3628 869 3682 cecidit
890 3631 1122 3700 erigere,
1152 3632 1298 3700 quod
1323 3632 1543 3687 aberrat
1563 3633 1850 3698 reducere,
1869 3635 2083 3703 etquod

496 3734 687 3774 sanum
717 3730 801 3775 est
833 3722 1109 3777 incolume
1135 3738 1466 3778 conservare
1486 3724 1554 3787 ",
1587 3725 1869 3794 bonosque
1899 3736 2084 3794 pasto—

496 3827 585 3866 res
614 3813 848 3875 imitari,
900 3814 993 3883 qui
1022 3823 1147 3868 ante
1171 3816 1357 3869 caulas
1380 3816 1683 3879 excubant,
1730 3827 1789 3871 et
1816 3817 2082 3871 advcrsus

493 3900 655 3972 lupos
686 3903 891 3958 bellum
918 3913 1133 3973 gerunt.
1168 3906 1549 3959 Recordemur
1568 3890 1755 3960 autem
1785 3906 2081 3961 verborum

496 3994 823 4063 patriarcha:
842 3993 1033 4057 Iacob,
1089 3996 1295 4064 quibus
1325 3994 1600 4066 ingratum
1624 3998 1804 4050 soceri
1834 3996 2082 4050 animum

494 4091 694 4138 notans
751 4100 881 4139 usus
932 4095 1015 4141 est
1074 4107 1085 4140 :
1153 4106 1169 4137 ι
1193 4088 1288 4142 Die
1320 4098 1593 4157 noctuque
1628 4100 1762 4143 aestu
1795 4090 1993 4143 urebar
2027 4098 2083 4144 et

493 4175 615 4245 gelu
663 4193 675 4228 :
718 4175 1069 4246 fugiebatque
1102 4194 1328 4233 somnus
1356 4179 1424 4232 ab
1454 4180 1630 4234 oculis
1650 4180 1829 4235 meis.«
1849 4180 2083 4236 -Arietes

493 4264 675 4335 gregis
708 4268 785 4319 tui
822 4282 931 4320 non
972 4268 1209 4331 comedi,
1267 4284 1368 4323 nec
1390 4277 1609 4339 captum
1642 4284 1671 4323 a
1703 4269 1875 4323 bestia
1903 4269 2079 4324 obtuli

494 4355 615 4409 tibi.
675 4356 788 4426 Ego
830 4358 945 4426 ipse
1000 4357 1295 4423 reddebam
1329 4357 1621 4430 quidquid'
1652 4360 1802 4416 furto
1833 4362 2079 4431 perierat

492 4444 582 4499 die
607 4462 671 4500 ac
693 4457 854 4501 nocte
872 4448 936 4500 ⁸³.
964 4467 982 4499 ι

2185 3170 2350 3233 τόπον
2391 3168 2629 3240 ἐπλήρου
2678 3172 2809 3243 παρ’
2835 3170 3047 3223 ἐκείνου
3078 3173 3451 3243 πεμπόμενος.
3497 3174 3781 3242 Προσὴκει

2183 3261 2364 3314 τοίνυν
2419 3263 2517 3333 τὴν
2575 3262 2674 3333 σὴν
2734 3263 3045 3317 θεοσέϐειαν
3100 3265 3194 3316 καὶ
3260 3264 3614 3334 κυϐερνήτου,
3683 3266 3781 3320 καὶ

2186 3354 2519 3425 στρατηγοῦ,
2555 3355 2649 3407 καὶ
2682 3354 2941 3425 ποιμένος
2970 3356 3209 3426 σπουδὴν
3248 3356 3633 3421 ἀναδέξασθαι,
3681 3359 3781 3411 καὶ

2185 3450 2364 3501 πάντα
2415 3447 2658 3500 κίνδυνον
2714 3446 2856 3517 ὑπὲρ
2903 3446 3011 3500 τῶν
3058 3448 3153 3501 τοῦ
3189 3448 3427 3519 Χριστοῦ
3475 3448 3776 3518 προϐάτων

2189 3536 2306 3606 μεθ’
2331 3537 2523 3606 ηδονῆς
2552 3536 2977 3603 καταδέξασθαι,
3009 3538 3104 3590 καὶ
3137 3538 3210 3607 μὴ
3246 3538 3566 3591 καταλιπεῖν
3590 3538 3780 3608 ἔρημα

2190 3630 2323 3698 μηδὲ
2372 3629 2509 3695 μόνα
2558 3628 2669 3700 (61)
2725 3631 2792 3681 τὰ
2830 3628 3141 3699 θρέμματα·
3185 3630 3324 3683 ἀλλὰ
3364 3630 3460 3682 καὶ
3494 3631 3557 3683 τὸ
3586 3648 3779 3683 συντε-

2184 3716 2488 3788 τριμμένον
2527 3717 2851 3785 καταδῆσαι,
2884 3718 2975 3770 καὶ
3008 3719 3069 3769 τδ
3104 3719 3396 3780 πεπτωκὸς
3436 3717 3774 3788 άνορθῶσαι,

2186 3810 2278 3861 καὶ
2311 3808 2372 3859 τὸ
2423 3806 2777 3876 πλανώμενον
2807 3806 3155 3879 ἐπιστρέψαι,
3199 3810 3291 3861 καὶ
3334 3810 3395 3861 τὸ
3424 3811 3668 3877 ὑγιαῖνον
3708 3814 3775 3880 τῇ

2186 3900 2346 3971 ὑγεία
2384 3897 2637 3967 φυλάξαι,
2668 3898 2763 3952 καὶ
2794 3898 2920 3961 τοὺς
2950 3882 3190 3964 ἀγαθοὺς
3224 3900 3491 3969 ποιμένας
3523 3902 3776 3969 μιμήσα-

2185 3991 2332 4054 σθαι,
2363 3991 2413 4043 οἶ
2444 3988 2550 4058 πρὸ
2569 3988 2677 4042 τῶν
2698 3993 2964 4059 ποιμνίων
2988 3988 3207 4051 ἑστῶσι,
3240 3990 3333 4042 καὶ
3367 3989 3457 4041 τὸν
3484 3989 3619 4060 πρὸς
3646 3992 3779 4055 τοὺς

2183 4080 2383 4144 λύκους
2414 4080 2764 4149 ἀναδέχονται
2796 4078 3052 4149 πόλεμον.
3096 4079 3566 4151 ’Δναμνησθῶμεν
3594 4081 3651 4134 δὲ
3677 4083 3777 4136 καὶ

2183 4173 2292 4245 τῶν
2314 4172 2407 4225 τοῦ
2434 4172 2773 4243 πατριάρχου
2804 4171 3000 4224 Ἰακὼϐ
3024 4173 3304 4243 ῥημάτων,
3331 4173 3367 4227 ἃ
3388 4174 3480 4227 τοῦ
3509 4175 3774 4246 κηδεστοῦ

2182 4263 2281 4335 τὴν
2312 4263 2637 4334 ἀχαριστίαν
2666 4264 2957 4334 διελέγχων
2982 4266 3378 4337 προσήνεγκεν·
3410 4284 3429 4317 ι
3462 4266 3603 4335 Ἐγὼ
3622 4268 3777 4341 ήμην

2186 4356 2577 4425 συγκαιόμενος
2606 4355 2684 4427 τῷ
2712 4354 2959 4425 καύματι
2980 4354 3081 4424 τῆς
3099 4355 3336 4426 ἡμέρας,
3368 4359 3463 4412 καὶ
3595 4376 3772 4428 παγε-

2114 4445 2157 4500 D
2185 4448 2262 4519 τῷ
2313 4448 2415 4517 τῆς
2463 4448 2672 4510 νυκτός·
2725 4448 2821 4501 καὶ
2859 4446 3123 4516 ἀφίστατο
3158 4449 3186 4500 ό
3227 4446 3395 4512 ὕπνος
3426 4449 3537 4503 τῶν
3570 4450 3778 4518 ὀφθαλ-

497 4534 614 4604 μῶν
641 4537 774 4605 (62).
820 4540 1023 4606 Κριοὺς
1049 4541 1155 4592 τῶν
1192 4540 1480 4611 προϐάτων
1528 4559 1623 4594 σου
1654 4544 1714 4595 οὐ
1776 4544 2111 4611 κατέφαγον,
2155 4540 2627 4613 θηριάλωτονούκ
2672 4540 2902 4613 ὲνήνοχά
2944 4556 3045 4595 σοι.
3083 4538 3229 4610 Ἐγὼ
3262 4542 3584 4595 άπετίννυον
3640 4544 3773 4615 παρ’

496 4624 717 4694 ἐμαυτῷ
753 4626 1092 4696 ἁρπάγματα
1141 4628 1239 4697 τῆς
1292 4630 1506 4699 ἡμέρας
1548 4629 1644 4682 καὶ
1680 4630 1777 4700 τῆς
1812 4630 2024 4693 νυκτός.
2065 4650 2083 4681 ι

563 4713 657 4769 Hae
706 4718 959 4785 pastoria:
1026 4728 1154 4773 sunt
1204 4728 1348 4775 notae
1397 4737 1411 4773 :
1457 4721 1541 4775 ha:
1580 4723 1729 4793 leges
1761 4724 1944 4778 ovium
1980 4740 2077 4778 cu-

494 4805 990 4873 randarum.Quod
1030 4811 1073 4863 si
1124 4810 1416 4865 brutarum
1454 4814 1816 4868 animantium
1867 4823 2073 4869 tantam

492 4910 679 4951 curam
726 4897 918 4952 habuit
947 4899 1032 4951 vir
1070 4900 1458 4967 admirandus,
1500 4914 1556 4957 et
1601 4905 1703 4959 hac
1746 4904 2071 4962 defensione

492 5001 625 5040 usus
667 4994 751 5041 est
804 5001 931 5056 erga
989 4989 1164 5054 illum,
1234 4992 1329 5061 qui
1380 4992 1477 5047 has
1527 4996 1647 5065 ejus
1706 4994 1833 5050 ﬁdei
1920 5013 2071 5051 com—

490 5076 737 5142 miserat,
761 5078 893 5148 quid
937 5096 1047 5135 non
1096 5083 1467 5151 przestandum
1521 5086 1684 5140 nobis
1720 5095 1824 5151 est,
1866 5088 2071 5157 quibus

491 5168 703 5223 ratione
746 5170 986 5237 praeditas
1030 5175 1334 5229 commissae
1359 5183 1488 5229 sunt
1514 5192 1665 5237 oves.
1712 5186 1769 5233 et
1809 5178 1902 5247 qui
1929 5178 2071 5235 hanc

488 5257 559 5313 ab
591 5258 973 5313 universorum
1003 5260 1113 5314 Deo
1151 5263 1487 5331 provinciam
1516 5264 1852 5334 accepimus,
1886 5268 1929 5321 si
1960 5269 2067 5322 Do-

489 5346 701 5402 minum
736 5364 836 5418 pro
874 5349 961 5404 his
1002 5350 1240 5405 animam
1270 5353 1521 5422 posuisse
1548 5355 1885 5426 cogitemus?
1933 5358 2069 5425 Quis

558 5499 605 5533 "
630 5498 803 5555 Exod.
832 5515 979 5565 xvnl,
1005 5501 1094 5555 ΞΔ.
1172 5502 1218 5534 ⁸³
1242 5501 1408 5558 lCor.
1443 5521 1514 5572 IV,
1544 5507 1638 5574 -l7;
1670 5507 1690 5562 l
1717 5508 1911 5565 Thess.
1943 5528 2019 5577 Ill,
2050 5513 2097 5567 l.

556 5610 667 5735 ξε)
884 5614 988 5675 tu;
1018 5616 1103 5671 ἂν.
1135 5618 1222 5683 άξ.
1250 5618 1403 5689 θρην.
1448 5624 1696 5679 restituta
1726 5640 1756 5681 e
1780 5626 1901 5682 cod.
1942 5628 2073 5683 Vin-

556 5702 561 5731 ι
605 5720 620 5733 .
656 5683 1023 5735 exeiderante
1062 5687 1254 5735 (ΕΙ-αξρο
1294 5690 1585 5735 Sirmnmli,

488 5679 620 5750 dob.
649 5679 972 5739 exciderant
993 5701 1023 5741 e
1062 5679 1254 5741 Graeco
1285 5679 1589 5750 'Si'rmondi.

560 5749 673 5822 (59)
706 5754 1091 5811 εὐσεϐεστάτου
1119 5758 1284 5830 Neap.

2248 4716 2411 4777 Οὕτοι
2441 4722 2752 4794 ποιμενικοὶ
2770 4723 3142 4801 χαμκτῇρες,
3177 4716 3326 4778 οὗτοι
3356 4725 3507 4796 νόμοι
3537 4726 3635 4798 τῆς
3660 4728 3772 4783 τῶν

2176 4815 2466 4887 προϐάτων
2503 4815 2843 4886 ἐπιμελείας.
2879 4815 2941 4869 Εἰ
2969 4816 3025 4869 δὲ
3060 4816 3272 4885 ἀλόγων
3316 4817 3608 4889 προϐάτων
3638 4836 3768 4873 τοσ-

2172 4906 2345 4974 αύτην
2396 4906 2424 4959 ό
2476 4905 2779 4976 θαυμάσιος
2834 4905 2974 4977 ἀνὴρ
3018 4891 3319 4977 ἐποιήσατο
3350 4907 3631 4978 πρόνοιαν,
3671 4912 3765 4963 καὶ

2171 4996 2377 5065 ταύτην
2397 4994 2473 5066 τῷ
2505 4994 2892 5048 πεπιστευκότι
2915 4995 3013 5067 τὴν
3038 4997 3337 5066 ἀπολογίαν
3362 5001 3765 5073 προσήνεγκεν⁹

2178 5088 2231 5139 τί
2258 5089 2319 5140 οὐ
2354 5087 2609 5157 ποιητέον
2641 5089 2791 5157 ἡμῖν,
2826 5088 3019 5157 λογικὰ
3052 5089 3151 5160 μὲν
3172 5090 3588 5161 ἐγχειρηθεῖσιν
3627 5094 3768 5164 πρό-

2178 5179 2339 5243 ϐατα,
2367 5180 2518 5249 παρὰ
2542 5179 2598 5233 δὲ
2625 5178 2721 5233 τοῦ
2740 5180 2875 5233 Θεοῦ
2910 5181 3021 5234 τῶν
3042 5183 3181 5235 ὅλων
3214 5182 3533 5250 δεξαμένοις
3558 5184 3765 5253 ταύτην

2175 5270 2274 5341 τὴν
2299 5271 2641 5341 ἐπιμέλειαν,
2665 5272 2759 5336 καὶ
2776 5272 3149 5343 λογιζομένοις
3170 5276 3254 5329 ὅτι
3274 5277 3301 5328 ό
3324 5277 3600 5346 Δεσπότης
3624 5278 3720 5331 ύπέ
3735 5297 3766 5349 ρ

2175 5362 2381 5415 τούτων
2414 5362 2582 5416 ἔδωκε
2614 5363 2715 5433 τὴν
2737 5362 2952 5433 ψυχήν;
2986 5364 3080 5429 Τίς
3106 5364 3163 5418 δὲ
3200 5365 3263 5418 ού
3290 5364 3427 5418 δέδιέ
3453 5382 3512 5419 τε
3538 5368 3633 5420 καὶ
3668 5370 3766 5421 πέ-

2180 5512 2227 5545 “
2249 5513 2454 5569 Ezech.
2475 5494 2657 5582 xxxiv,
2685 5518 2738 5571 4.
2816 5516 2863 5549 ⁸⁸
2894 5514 3033 5573 Gen.
3066 5534 3211 5585 χχιι,
3249 5518 3337 5573 40.

2404 5631 2762 5707 ειιῖρζεσϐυτέρη⁸
2800 5635 3077 5707 Περσικῆς
3108 5636 3275 5707 Ἀρνμ.
3307 5635 3476 5707 Neap.

2275 5701 2362 5775 (ἧς)
2396 5701 2891 5775 κηδεμόοιος-Νθθρξ
2934 5721 2986 5775 q.
3033 5701 3093 5760 'd.
3138 5701 3356 5762 oi-batas
3389 5701 3763 5769 moderatore.

2252 5630 2342 5699 (60
2404 5631 2710 5702 πρεσϐυτέρ
2800 5635 2871 5687 Il:

2275 5630 2365 5845 (ξιξ
2396 5651 2868 5784 κηδεμόοιος-ῗῖθορ

2251 5706 2340 5845 ὶϋθ.
2398 5789 2497 5845 μου
2528 5771 2682 5829 addit
2711 5776 2877 5844 Neap.
