4078 6320
288 402 426 468 1253

1562 392 1928 454 EPISTOLA
1966 393 2298 459 LXXVIII.

3426 396 3563 461 1254

278 535 477 590 φρικεν
505 514 722 571 ἀκούων
758 513 852 569 τοῦ
887 512 1021 568 Θεοῦ
1047 510 1136 567 διὰ
1166 509 1261 565 τοῦ
1301 509 1562 581 Ἰεζεκιὴλ
1596 510 1866 578 λέγοντος,

1987 518 2158 593 ιιιμιιιι
2190 524 2301 563 non
2346 506 2532 563 timuit
2560 516 2617 562 et
2644 509 2863 564 horruit
2887 551 2900 576 ,
2960 510 3135 565 Deum
3165 509 3398 567 audiens
3424 513 3531 567 Eae

277 609 363 662 ὅτι
393 625 414 657 ι
445 608 631 679 Κρινῶ
653 607 929 677 ἀναμέσον
951 605 1208 677 ποιμένος
1228 605 1321 657 καὶ
1337 602 1634 675 προϐάτου,
1661 603 1796 655 διότι
1812 601 1873 654 τό

279 699 423 770 γάλα
445 698 685 769 ὴσθίετε,
702 699 798 751 καὶ
813 698 882 752 τὰ
903 698 1024 767 ἔρια
1048 695 1495 768 περιεϐάλλετθε.
1526 694 1621 748 καὶ
1642 693 1711 747 τά
1739 692 1874 760 πρό·

279 790 423 842 Eata
454 789 553 841 οὐκ
579 788 943 856 Ξὸοσκήσατε.
980 806 999 837 ι
1029 787 1142 840 Καὶ
1171 787 1353 850 πάλιν,
1382 785 1468 840 ὅτι
1499 804 1517 836 ι
1546 784 1766 837 Σκοπὸν
1786 782 1873 835 δέ-

280 881 435 935 δωκά
473 897 533 934 σε
568 879 645 950 τῷ
673 878 808 949 οἴκῳ
854 878 1091 948 Ἰσραὴλ,
1127 880 1221 934 καὶ
1248 880 1345 932 ιάν
1383 877 1457 948 μὴ
1480 875 1759 946 διαστείλῃ
1794 875 1872 946 τῷ

282 974 490 1044 ἀνόμῳ,
514 970 608 1025 τοῦ
642 970 985 1042 ἀποστρέψαι
1005 970 1096 1023 τὸν
1121 970 1322 1040 ἄνομον
1348 971 1457 1023 ἀπὸ
1490 969 1590 1039 τῆς
1622 966 1743 1022 ὀδοῦ
1770 969 1871 1021 αὑ-

280 1064 377 1117 τοῦ
410 1064 508 1129 τῆς
548 1064 812 1133 πονηρᾶς,
845 1064 874 1116 ό
897 1062 1097 1133 ἄνομος
1121 1063 1326 1126 ἐκεῖνος
1353 1062 1411 1114 ὲν
1438 1063 1505 1132 τῇ
1538 1053 1743 1133 ἀνομίᾳ
1769 1060 1872 1114 αύ-

281 1155 379 1209 τοῦ
408 1154 783 1217 ἀποθανεῖται,
809 1154 871 1208 τὸ
898 1155 954 1208 δὲ
982 1150 1121 1225 αἷμα
1146 1152 1312 1208 αὑτοῦ
1345 1154 1408 1205 ἐκ
1440 1154 1540 1223 τῆς
1566 1152 1750 1225 χειρός
1780 1169 1875 1205 σου

283 1244 596 1316 ἑκξητήσω.
633 1265 650 1298 ι
686 1246 912 1309 Τούτοις
947 1247 1232 1315 συμφωνεῖ
1270 1244 1363 1296 καὶ
1390 1245 1458 1296 τὰ
1486 1242 1872 1315 παραδολικῶς

284 1337 394 1411 ὑπὸ
417 1336 512 1390 τοῦ
545 1338 756 1409 Κυρίου
786 1336 1073 1408 εἰρημένα·
1110 1356 1126 1387 ι
1157 1334 1492 1407 Δοῦλεάργὶ
1534 1335 1627 1388 καὶ
1652 1334 1872 1405 όκνηρὲ,

282 1426 393 1479 ἔδει
426 1441 485 1479 σε
516 1426 578 1478 τὸ
605 1424 871 1496 ἀργύριόν
900 1442 1001 1495 μου
1026 1421 1353 1477 καταϐαλεῖν
1377 1423 1471 1477 ἐπὶ
1497 1424 1589 1477 τὸν
1615 1422 1873 1494 τραπεζί-

281 1532 405 1587 την,
449 1516 604 1585 κάγὼ
652 1515 825 1570 ἐλθὼν
866 1515 1005 1586 μετά
1049 1515 1208 1569 τόκου
1259 1514 1516 1586 ἀπῄτησα
1560 1514 1627 1568 ἂν
1654 1514 1807 1569 αὑτό.
1852 1532 1871 1565 ι

282 1605 678 1675 Διαναστῶμεν
704 1604 904 1667 τοίνυν,
932 1602 1257 1675 παρακαλῶ,
1291 1603 1387 1656 καὶ
1416 1601 1527 1655 τῶν
1553 1600 1878 1655 τοῦΔεσπό-

283 1714 382 1751 του
432 1697 723 1770 προϐάτων
777 1698 1287 1767 ὑπερμαχήσωμεν.
1336 1694 1535 1765 Ἐγγὺς
1584 1695 1614 1748 ό
1670 1692 1878 1749 τούτων

284 1788 566 1858 Δεσπότης
615 1788 961 1857 ἑπιφανεῖται
991 1792 1227 1852 πάντως,
1262 1788 1357 1841 καὶ
1372 1788 1497 1851 τοὺς
1522 1785 1720 1850 λύκους
1741 1789 1877 1840 ἀπο-

1974 602 2170 658 cbielis
2191 618 2287 658 ore
2310 603 2391 658 sic
2413 604 2733 673 loquentem
2761 621 2772 655 :
2797 622 2814 653 ι
2838 602 3107 658 Judicabo
3127 603 3273 659 inter
3288 612 3564 674 pastorem

1942 703 2031 749 'et
2076 709 2232 758 oves,
2291 709 2359 748 eo
2411 693 2561 763 quod
2608 694 2695 747 lac
2745 693 3146 759 comedebatis,
3182 702 3239 748 et
3267 693 3409 749 lanis
3433 709 3568 764 ope-

1975 784 2305 849 riebamini,
2356 792 2414 838 et
2436 798 2569 838 oves
2591 799 2704 838 non
2735 785 3162 853 pascebatis’m
3217 784 3287 840 Et
3318 785 3519 841 iterum
3554 804 3567 839 :

1981 896 2001 928 ι
2026 876 2445 946 Speculatorem
2475 876 2604 933 dedi
2634 887 2689 931 te
2718 876 2906 931 domui
2936 861 3102 931 Israel
3135 895 3148 930 :
3181 885 3238 932 et
3268 879 3312 931 si
3340 894 3449 932 non
3470 893 3571 932 an-
3600 916 3603 917 ν

1974 969 2322 1023 nuntiaveris
2344 968 2537 1039 impio,
2563 976 2625 1024 ut
2645 978 2929 1031 avertatur
2958 968 3162 1038 impius
3184 984 3216 1024 a
3238 970 3326 1024 via
3353 984 3452 1024 sua
3470 970 3574 1023 im-

1976 1056 2087 1127 pia,
2142 1056 2260 1127 ipse
2289 1056 2515 1127 quidem
2565 1057 2622 1112 in
2662 1056 2955 1127 iniquitate
2983 1074 3081 1113 sua
3112 1058 3405 1123 morietur,
3442 1074 3571 1113 san-

1976 1146 2200 1217 guinem
2225 1161 2359 1202 vero
2387 1148 2510 1218 ejus
2561 1146 2632 1202 de
2662 1161 2829 1201 manu
2859 1154 2954 1201 tua
2982 1146 3262 1215 requiram
3283 1146 3349 1199 ⁵⁷.
3374 1168 3391 1196 ι
3432 1144 3571 1199 Cum

1977 1236 2066 1290 bis
2114 1234 2280 1290 etiam
2331 1238 2687 1292 consentiunt
2741 1252 2864 1307 qua:
2910 1236 3225 1306 parabolice
3276 1251 3307 1290 a
3336 1235 3573 1290 Domino

1978 1328 2127 1399 dicta
2153 1338 2327 1383 sunt:
2368 1347 2384 1379 ι
2409 1328 2580 1384 Serve
2606 1328 2763 1399 piger
2792 1337 2848 1383 et
2875 1328 3087 1399 1133
3114 1328 3329 1398 ignave,
3352 1336 3575 1398 oporte—

1977 1419 2073 1475 bat
2119 1427 2171 1474 te
2204 1419 2497 1489 pecuniam
2527 1434 2708 1474 meam
2732 1418 2869 1472 dare
2892 1418 3179 1489 trapezitis
3198 1458 3212 1482 ,
3261 1428 3318 1489 et
3345 1432 3447 1489 ego
3476 1434 3573 1472 ve—

1977 1511 2139 1565 niens
2171 1525 2298 1566 cum
2327 1509 2514 1566 usuris
2540 1511 2733 1580 utique
2758 1511 3067 1581 exegissem
3096 1509 3245 1564 illam
3262 1508 3360 1562 ⁸⁸.»
3392 1509 3576 1577 Quare

1978 1603 2324 1675 evigilemus,
2357 1603 2611 1669 obsecro,
2637 1611 2695 1659 et
2724 1617 2828 1674 pro
2861 1601 3078 1659 Domini
3107 1603 3307 1657 ovibus
3333 1601 3578 1657 decerte-

1979 1710 2124 1749 mus.
2185 1695 2367 1764 Prope
2394 1704 2482 1750 est
2508 1695 2728 1749 illarum
2761 1679 3063 1760 Dominus,
3120 1695 3409 1765 aderitque
3452 1709 3574 1749 om-

1980 1786 2148 1850 nino,
2204 1794 2261 1840 et
2312 1786 2475 1855 lupos
2516 1786 2729 1857 abiget,
2791 1794 2849 1841 et
2886 1794 3143 1856 pastores
3184 1785 3517 1856 gloriﬁcabit
3559 1804 3572 1837 :

288 1850 566 1944 σκεδάσει,
596 1882 690 1932 καὶ
724 1850 852 1942 τοὺς
882 1879 1148 1951 ποιμένας
1183 1850 1418 1945 δοξάσει.
1460 1850 1732 1948 ιἈγαθδς
1768 1878 1879 1950 γὰρ

1990 1897 2008 1928 ι
2035 1877 2220 1932 Bonus
2260 1876 2409 1930 enim
2447 1886 2533 1932 est
2562 1876 2830 1932 Dominus
2863 1878 3318 1948 exspectantibus
3341 1892 3493 1944 eum,
3521 1887 3579 1933 et

287 1970 495 2042 Κύριος
520 1974 632 2034 τοῖς
657 1971 1024 2041 ὑπομένουσιν
1058 1972 1243 2036 αὑτὸν,
1271 1972 1365 2025 καὶ
1388 1971 1560 2042 ψυχῇ,
1586 1971 1622 2042 ἡ
1652 1971 1879 2042 ζητήσει

286 2064 452 2117 αὐτόν
488 2082 505 2114 ι
537 2064 647 2118 Kal.
674 2066 748 2133 μὴ
779 2064 1200 2135 δυσχεράνωμεν
1229 2063 1325 2118 τὸν
1349 2063 1734 2117 ἐπαναστάντα
1764 2079 1881 2133 χει-

291 2155 467 2226 μῶναο
492 2150 599 2207 οἶδε
619 2157 726 2223 γὰρ
743 2156 802 2208 τὸ
824 2155 1103 2224 συμφέρον
1129 2156 1158 2208 ό
1176 2155 1285 2209 τῶν
1299 2155 1558 2209 ἀπάντων
1579 2155 1878 2227 Δεσπότης.

286 2246 391 2300 Διά
403 2244 561 2301 τοῦτο
583 2247 691 2315 γὰρ
717 2246 811 2299 καὶ
834 2245 912 2317 τῷ
940 2245 1246 2319 Ἀποστόλιρ
1267 2246 1550 2318 αίτήσαντι
1570 2247 1678 2301 τῶν
1698 2264 1884 2317 πειραο

290 2337 452 2408 σμῶν
480 2338 582 2409 τὴν
608 2338 954 2408 ἀπαλλαγὴν,
981 2340 1080 2411 τὴν
1102 2338 1321 2411 αἴτησιν
1349 2340 1409 2392 οὐ
1440 2340 1740 2411 παρέσχεν,
1766 2340 1883 2393 ἀλλ’

290 2422 472 2482 εἶπεν·
510 2446 529 2479 ι
566 2428 754 2498 ’Δρκεί
782 2445 865 2482 σοι
909 2430 942 2499 ἡ
974 2430 1136 2501 χάρις
1167 2447 1290 2500 μους
1320 2432 1354 2501 ή
1383 2429 1497 2503 γὰρ
1520 2430 1752 2503 δύναμίς
1781 2449 1883 2501 μου

290 2521 357 2574 ἰν
395 2519 651 2591 ἀσθενείᾳ
691 2518 1013 2575 τελειοῦται.
1049 2539 1069 2573 ι
1116 2520 1692 2591 Ἐνέγκωμενιτοίνυν
1758 2539 1882 2591 γενο

291 2611 463 2674 ναίως
491 2612 559 2666 τὰ
587 2612 1002 2681 προσπίπτοντα
1027 2611 1282 2683 λυπηρά.
1309 2613 1396 2666 Ἐν
1418 2615 1530 2676 τοῖς
1556 2613 1814 2683 πολέμοις
1836 2616 1887 2669 oi

292 2702 676 2770 ἀριστεύοντες
716 2703 1043 2757 δείκνυνται·
1092 2706 1152 2758 ὲν
1192 2706 1307 2768 τοῖς
1333 2703 1538 2773 ἀγῶσιν
1580 2706 1629 2758 oi
1656 2703 1889 2776 ἀθληταὶ

298 2792 716 2863 ιιττειιιανοιῖινται⁸
749 2796 784 2866 ἡ
817 2798 918 2867 τῆς
944 2794 1217 2866 θαλάττης
1249 2794 1387 2866 ζάλη
1430 2795 1601 2869 δήλην
1631 2800 1775 2850 ποιεί
1792 2795 1888 2851 τοῦ

295 2886 639 2957 κυϐερνήτου
666 2885 767 2957 τὴν
791 2885 1008 2957 τέχνην⁸
1050 2887 1113 2941 τὸ
1146 2888 1259 2958 πῦρ
1295 2888 1381 2942 τὸν
1417 2889 1618 2960 χρυσὸν
1656 2889 1888 2960 δοκιμά-

296 2977 407 3043 ζει.
437 2978 530 3050 Μὴ
555 2979 716 3049 μόνον
742 2978 801 3032 δὲ
825 2978 984 3051 ήμῶν
1015 2980 1215 3043 αὐτῶν,
1243 2980 1567 3052 παρακαλῶ,
1593 2981 1891 3053 φροντίσω·-

301 3086 428 3141 μεν,
448 3068 589 3123 ’ἀλλά
616 3068 841 3123 πλείονα
870 3069 979 3123 τῶν
1003 3070 1180 3125 ἀλλων
1206 3071 1569 3142 ποιησώμεθα
1601 3070 1885 3144 πρόνοιαν,

1984 1970 2180 2025 animae
2206 1970 2477 2040 quaerenti
2509 1970 2667 2024 illum
2683 1970 2751 2022 ⁵⁸.
2785 1988 2803 2021 ι
2859 1969 2973 2024 Nec
3001 1984 3135 2025 vero
3163 1978 3407 2025 exortam
3438 1980 3579 2025 tem—

1984 2069 2254 2132 pestatem
2283 2076 2424 2133 tegre
2448 2061 2695 2116 feramus
2723 2078 2734 2115 :
2766 2065 2782 2080 '
2801 2062 2958 2116 novit
2979 2062 3129 2116 enim
3150 2061 3417 2116 Dominus
3445 2062 3581 2133 quid

1984 2153 2260 2225 expediat.
2287 2154 2588 2224 Propterea
2611 2161 2669 2208 et
2686 2153 3034 2224 Apostolum,
3061 2169 3187 2208 cum
3215 2155 3582 2209 tentationum

1987 2246 2380 2301 liberationem
2430 2244 2734 2316 ﬂagitaret,
2790 2245 2908 2300 voti
2950 2255 3259 2315 compotem
3292 2260 3403 2301 non
3428 2246 3581 2310 fecit,

1985 2338 2182 2393 dicens
2231 2355 2244 2393 :
2295 2356 2322 2401 ,ι
2348 2334 2563 2393 Sufﬁcit
2591 2335 2690 2391 tibi
2721 2336 2900 2408 gratia
2922 2352 3073 2413 mea,
3104 2339 3233 2407 quia
3258 2338 3436 2394 virtus
3463 2354 3585 2394 mea

1988 2429 2046 2483 in
2074 2428 2396 2484 inﬁrmitate
2426 2428 2717 2500 perﬁcitur
2735 2427 2831 2482 ⁸⁸.»
2866 2428 3109 2483 Fortiter
3136 2430 3322 2501 itaque
3344 2430 3587 2485 feramus

1988 2534 2151 2577 casus
2177 2522 2460 2577 adversos.
2482 2522 2553 2595 in
2582 2522 2747 2577 bellis
2769 2523 2977 2593 quippe
3008 2533 3317 2578 cernuntur
3342 2523 3447 2577 viri
3474 2523 3589 2601 lor-

1990 2622 2107 2677 tes,
2161 2614 2221 2667 in
2266 2614 2671 2669 certaminibus
2719 2620 3058 2668 coronantur
3104 2615 3361 2680 athletae,
3418 2616 3592 2669 maris

1989 2702 2217 2774 agitatio
2266 2704 2658 2775 gubernatoris
2685 2704 2870 2775 prodit
2901 2704 3263 2770 industriam,
3315 2704 3461 2775 ignis
3486 2696 3587 2760 au-

1991 2811 2117 2849 rum
2146 2796 2363 2865 probat.
2394 2795 2668 2851 Caeteruin
2698 2796 2877 2851 nostri
2904 2804 3117 2850 tantum
3142 2811 3355 2861 curam,
3378 2811 3586 2866 qumso,

1992 2901 2063 2941 ne
2089 2900 2364 2957 geramus,
2395 2886 2493 2943 sed
2520 2888 2727 2958 majore
2749 2888 2890 2942 alios
2916 2886 3266 2958 providentia
3290 2900 3593 2963 prosequa-

1992 2994 2139 3046 mur,
2169 2993 2273 3032 nec
2300 2994 2465 3033 sanos
2489 2980 2775 3044 duntaxat,
2801 2979 2897 3034 sed
2924 2978 3098 3033 multo
3120 2976 3589 3050 magis‘inﬂrmos.

1991 3068 2308 3140 Apostoliea
2340 3059 2491 3123 enim
2522 3069 2611 3124 lex
2636 3079 2741 3135 est,
2772 3068 2999 3124 disertis
3020 3068 3211 3123 verbis
3232 3067 3589 3139 praecipiens:

296 3160 401 3214 καὶ
434 3161 511 3232 μὴ
542 3160 701 3231 μόνον
740 3161 852 3215 τῶν
883 3162 1265 3230 ὑγιαινόντων,
1311 3163 1448 3217 άλλά
1476 3164 1657 3233 πολλῷ
1691 3164 1886 3233 μᾶλλον

2004 3181 2021 3214 ι
2048 3161 2431 3218 Consolamini
2487 3162 2891 3232 pusillanimes,
2926 3162 3190 3231 suscipite
3216 3160 3542 3216 inﬁrmos".
3572 3181 3587 3207 ι

294 3252 412 3307 τῶν
442 3251 832 3307 ἀσθενούντων.
876 3252 1257 3318 ’Δποστολικδς
1286 3254 1394 3326 γάρ
1418 3255 1534 3308 ἐστι
1557 3255 1721 3325 νόμος
1739 3255 1893 3329 διαρ-

301 3341 474 3417 ῥήδην
508 3339 667 3411 MV
719 3361 738 3394 ι
773 3343 1153 3414 Παρακαλεττε
1194 3346 1316 3409 τοὺς
1351 3344 1735 3418 ὀλιγοψύχους,
1761 3348 1892 3402 ἀντ..

300 3431 498 3505 έχεσθι
520 3431 634 3487 τῶν
667 3434 931 3489 ἀσθενῶν.
957 3452 975 3485 ι
1016 3435 1325 3506 Ὀρέξωμεν
1363 3436 1545 3488 τοίνυν
1585 3438 1737 3507 χεῖρε
1779 3439 1893 3503 τοῖς

300 3522 602 3592 κειμένοις,
636 3520 1069 3594 θεραπεύσωμεν
1104 3522 1286 3577 αὐτῶν
1316 3523 1386 3580 τὰ
1419 3522 1736 3596 τραύματα,
1764 3524 1894 3596 στή-

302 3627 492 3681 σωμεν
522 3612 618 3665 καὶ
644 3611 844 3676 αὐτοὺς
880 3614 939 3667 ὲν
970 3614 1038 3682 τῇ
1073 3613 1378 3683 παρατάξει
1406 3613 1546 3667 κατά
1588 3613 1684 3667 τοῦ
1714 3614 1895 3669 διαϐό-

300 3700 423 3753 λουο
452 3699 607 3755 οὐδὲν
634 3699 797 3754 αὐτὸν
826 3698 1000 3763 οὕτως
1027 3701 1266 3765 ἀνιάσει,
1286 3702 1363 3765 ὡς
1385 3703 1446 3753 τὸ
1467 3703 1629 3758 πάλιν
1668 3703 1895 3768 τούτους

304 3792 439 3847 ἰδεῖν
464 3790 835 3862 πολεμοῦντας
866 3794 961 3845 καλ⁵
986 3792 1302 3863 βάλλοντας.
1334 3792 1721 3867 Φιλάνθρωπός
1748 3798 1896 3850 ἐστιν

300 3887 335 3939 ὁ
358 3879 658 3954 Δεσπότης,
693 3881 910 3953 δέχεται
947 3884 1058 3938 τῶν
1090 3882 1557 3956 πλημμελούντων
1592 3887 1692 3957 τὴν
1723 3904 1895 3955 μετα-

306 3975 533 4047 μέλειαν
563 3974 696 4047 (65)·
733 3974 1061 4046 ἀκούσωμεν
1094 3974 1206 4047 (64)
1246 3976 1410 4029 αὑτοῦ
1440 3975 1711 4047 λέγοντος⁸
1756 3997 1774 4029 ι
1810 3980 1898 4034 Ζῶ

303 4066 440 4136 ἑγὼ,
464 4066 613 4135 λέγει
634 4066 857 4137 Κύριος·
892 4067 941 4120 εί
962 4066 1180 4137 θελήσει
1200 4066 1413 4139 θελήσω
1435 4068 1526 4121 τὸν
1554 4068 1782 4125 θάνατον
1804 4070 1897 4125 τοῦ

303 4160 661 4233 ἁμαρτωλοῦ,
693 4160 781 4229 ὡς,
806 4160 866 4213 τδ
898 4160 1225 4231 ἐπιστρέψαι
1254 4159 1415 4214 αὑτὸν
1448 4163 1539 4215 καὶ
1568 4160 1701 4232 Cir);
1743 4181 1762 4214 ι
1798 4160 1899 4217 Διά

303 4252 469 4308 τοῦτο
496 4251 593 4307 καλ
617 4252 779 4323 ὅρκον
808 4250 885 4321 τῷ
906 4250 1051 4321 λόγῳ
1086 4251 1459 4323 προτέθεικεν,
1489 4252 1583 4306 καὶ
1602 4254 1631 4306 ὁ
1654 4256 1767 4318 1:07.;
1798 4252 1899 4307 ἄλ-

304 4342 424 4406 λοις
448 4340 813 4413 ἀπαγορεύων
839 4342 969 4404 τοὺς
991 4343 1212 4412 ὅρκους,
1248 4341 1563 4415 ὀμώμοκεν,
1604 4342 1691 4395 ἵνα
1736 4343 1900 4416 πείσῃ

306 4434 388 4499 ὡς
416 4435 514 4506 τῆς
541 4435 815 4505 ἡμετέρας
849 4435 1219 4505 μεταμελείας
1241 4435 1335 4489 καὶ
1359 4435 1635 4509 σωτηρίας
1660 4437 1893 4508 ἐφίεται.

1993 3252 2349 3322 Porrigamus
2372 3266 2504 3323 ergo
2528 3267 2752 3307 manum
2771 3252 3110 3324 iacentibus,
3133 3252 3457 3307 medeamur
3475 3252 3598 3306 illo-

1994 3357 2119 3398 rum
2140 3343 2486 3409 vulneribus,
2516 3344 2667 3413 ipsos
2690 3344 2861 3400 etiam
2885 3344 2940 3399 in
2962 3346 3080 3399 acie
3098 3354 3293 3400 contra
3312 3344 3596 3400 diabolum

1994 3437 2352 3492 collocemus.
2380 3432 2541 3491 Nulla
2564 3452 2655 3492 res
2675 3436 2833 3492 illum
2856 3436 3089 3508 perinde
3117 3438 3409 3505 cruciabit,
3431 3452 3598 3508 quam

1995 3525 2043 3580 si
2087 3525 2192 3582 bos
2238 3524 2440 3581 iterum
2490 3535 2801 3599 pugnantes
2848 3528 3227 3600 ferientesque
3268 3528 3597 3599 conspiciat.
3696 3529 3700 3534 ’

1996 3616 2276 3688 Benignus
2317 3626 2403 3673 est
2448 3618 2738 3684 Dominus,
2807 3620 3161 3691 peccantium
3214 3620 3599 3691 pmoitentiam

1998 3706 2231 3776 suscipit
2276 3724 2291 3760 :
2337 3707 2627 3766 audiamus
2680 3725 2811 3765 eum
2868 3712 3191 3782 loquentem
3239 3711 3331 3767 his
3364 3711 3551 3767 verbis
3582 3730 3631 3772 τι

2005 3812 2025 3845 ε
2047 3794 2184 3850 Vivo
2210 3809 2335 3865 ego,
2388 3796 2525 3851 dicit
2557 3797 2847 3865 Dominus,
2905 3800 2953 3854 si
2979 3802 3171 3857 volens
3198 3802 3325 3857 volo
3363 3813 3615 3878 mortem

1999 3889 2307 3957 peccatoris
2335 3928 2351 3955 ,
2411 3887 2627 3961 1135
2690 3905 2756 3945 ac
2782 3903 2895 3945 non
2918 3891 3105 3961 potius
3151 3900 3211 3947 ut
3240 3900 3600 3950 convertatur

1999 3988 2057 4037 et
2098 3981 2247 4037 vivat
2263 3983 2328 4037 “.
2360 4002 2377 4033 ι
2420 3982 2635 4038 idcirco
2678 3986 3056 4055 juramentum
3087 3986 3278 4042 verbis
3304 3988 3596 4057 praemisit,

1998 4080 2057 4129 et
2092 4073 2191 4143 qui
2242 4074 2384 4129 alios
2433 4076 2623 4147 jurare
2678 4084 2850 4140 vetat,
2909 4077 3028 4149 ipse
3070 4067 3398 4151 juravit,‘iut
3435 4078 3597 4134 (idem

1966 4220 1967 4225 η
2000 4161 2196 4231 faciat,
2257 4177 2318 4219 se
2353 4165 2736 4234 pcenitentiam
2764 4168 3112 4238 salutemque
3138 4176 3385 4223 nostram
3428 4185 3597 4239 expc-

2000 4268 2142 4312 tere.
2176 4256 2273 4314 His
2297 4257 2487 4314 referti
2516 4269 2645 4315 sunt
2671 4257 2824 4314 Libri
2847 4259 3043 4325 divini,
3072 4268 3188 4315 tum
3208 4269 3448 4325 veteres,
3483 4270 3595 4315 tum

2001 4349 2133 4405 novi
2191 4367 2205 4403 :
2260 4351 2379 4405 haec
2408 4350 2525 4422 ipsa
2547 4350 2715 4406 etiam
2742 4359 3062 4408 sanctorum
3086 4352 3314 4407 Patrum
3350 4367 3598 4409 canones

2001 4439 2225 4497 docent.

309 4528 531 4583 Τούτων
563 4529 621 4581 αἱ
658 4526 805 4582 θεῖαι
831 4526 1014 4582 Βίϐλοι
1046 4529 1264 4600 μεσταὶ,
1289 4531 1385 4583 καὶ
1426 4533 1481 4584 αἱ
1529 4530 1777 4598 παλαιαὶ,
1810 4534 1906 4587 καὶ
1942 4534 1999 4589 al
2034 4534 2244 4596 καιναί.
2284 4533 2470 4588 Ταῦτα
2497 4535 2591 4588 καὶ
2614 4536 2665 4589 οί
2726 4536 2953 4601 κανόνες
3004 4536 3114 4590 τῶν
3143 4536 3315 4607 ἀγίων
3337 4538 3599 4609 Πατέρων

307 4624 683 4680 διδάσκουσιν.

394 4718 539 4789 Ἐγὼ
570 4720 626 4773 δὲ
669 4719 808 4773 αὐτὰ
856 4720 955 4791 οὐχ
1014 4720 1088 4783 ὡς
1128 4720 1414 4789 ἀγνοοῦσιν
1453 4722 1581 4793 ύμῖν
1620 4722 1880 4794 γέγραφα

2079 4725 2195 4797 Ego
2223 4740 2356 4781 vero
2390 4726 2483 4781 illa
2535 4741 2646 4781 non
2677 4733 2739 4781 ut
2762 4724 3148 4797 ignorantibus
3189 4725 3351 4781 vobis
3380 4723 3599 4796 scripsi,

310 4812 430 4886 ἀλλ’
460 4813 537 4876 ὡς
558 4812 767 4876 εἰδότας
799 4813 1103 4883 ἀνέμνησα·
1138 4815 1234 4867 καὶ
1265 4815 1631 4887 ἐμιμησάμην
1658 4817 1787 4879 τοὺς
1811 4818 1886 4871 ἐπ’

2003 4817 2102 4873 sed
2136 4826 2198 4872 ut
2231 4818 2540 4875 scientibus
2579 4819 2851 4897 suggessi.
2911 4819 3275 4889 lmitatusque
3304 4818 3444 4873 adeo
3478 4832 3600 4873 sum

306 4906 409 4975 τῆς
440 4906 542 4974 γῆς
568 4903 831 4967 ἑστῶτας,
865 4905 959 4958 καὶ
1004 4907 1119 4967 τοῖς
1162 4900 1646 4976 κλυδωνιζομένοις
1681 4910 1904 4962 ὲπικου·

315 4996 566 5069 ροῦντας,
612 4998 708 5051 καὶ
760 4997 794 5068 ἥ
847 4997 1111 5067 πρόϐολον
1155 4997 1587 5061 ἐπιδεικνύντας,
1624 5000 1658 5070 ἢ
1703 4999 1904 5072 βράχος

302 5088 703 5161 ,κεκρυμμένον
748 5090 1077 5161 μηνύοντας,
1115 5089 1147 5161 ἢ
1191 5093 1399 5167 σχοῖνον
1434 5091 1759 5162 δεχομένους
1810 5094 1905 5147 καὶ

310 5180 593 5244 ἕλκοντας.
632 5181 695 5234 Ὀ
728 5180 785 5234 δὲ
808 5180 940 5243 Θεὸς
970 5181 1069 5252 τῆς
1102 5180 1331 5253 εἰρήνης
1369 5182 1651 5253 συντρίψει
1678 5183 1770 5237 τδν
1796 5184 1902 5237 Σα-

2003 4910 2151 4974 illos,
2206 4912 2302 4981 qui
2353 4912 2409 4966 in
2461 4919 2609 4966 terra
2642 4913 2980 4975 consistunt,
3016 4919 3073 4967 et
3118 4926 3244 4966 cum
3276 4918 3601 4981 tempestate

2003 5002 2452 5059 conﬂictantibus
2472 5019 2635 5073 opem
2658 5003 2863 5065 ferunt,
2882 5012 2979 5059 aut
3000 5001 3288 5073 scopulum
3307 5000 3603 5056 ostenden-

2006 5101 2118 5156 tes,
2166 5102 2262 5147 aut
2306 5092 2498 5149 brevia
2526 5093 2752 5148 latentia
2799 5093 3131 5175 indicantes,
3164 5101 3259 5147 aut
3311 5098 3596 5161 arreptum

2001 5182 2189 5238 {uitem
2231 5184 2594 5241 attrahentes.
2647 5186 2793 5242 Deus
2813 5202 2946 5241 vero
2986 5185 3139 5257 pacis
3162 5191 3415 5240 conterat
3445 5182 3602 5239 brevi
3714 5230 3723 5237 .

309 5274 483 5326 τανᾶν
518 5271 624 5325 ὑπὸ
652 5272 778 5332 τοὺς
809 5271 976 5334 πόδας
1027 5271 1181 5342 ὑμῶν
1225 5274 1282 5325 ὲν
1311 5272 1487 5342 τάχει,
1521 5274 1615 5326 καὶ
1644 5274 1886 5345 εὐφρανε

2005 5275 2261 5331 Satanam
2307 5279 2412 5333 sub
2437 5278 2669 5350 pedibus
2694 5279 2991 5343 vestris",
3044 5288 3099 5331 et
3141 5276 3412 5331 exbilaret
3441 5289 3603 5330 aures

309 5361 414 5427 τὰς
462 5363 743 5434 ἡμετέρας
792 5362 963 5426 ἀκοὰς
994 5365 1061 5433 τῇ
1094 5362 1339 5434 ὑμετέρᾳ
1365 5364 1596 5438 γαλήνῃ,
1630 5366 1797 5418 είπὼν
1833 5369 1901 5439 τῇ

386 5519 435 5552 ⁸⁸
456 5520 659 5575 Ezech.
683 5535 868 5585 xxxrv,
900 5519 956 5584 ὅ,
992 5520 1079 5574 17.
1161 5520 1207 5553 ⁸⁷
1237 5521 1440 5576 Ezech.
1470 5537 1547 5587 ιιι,
1575 5523 1662 5587 17,
1692 5523 1780 5577 18.

1892 5526 1938 5557 ⁵⁸
1961 5524 2096 5582 Luc.
2122 5543 2233 5595 XIX,
2258 5527 2348 5583 23.

309 5590 353 5623 “
390 5590 411 5645 ι
442 5590 637 5647 Thess.
671 5606 726 5657 v,
766 5591 853 5646 14.
928 5590 975 5622 ⁸³
1007 5591 1215 5647 Ezeeh.
1244 5606 1428 5657 χχχιιι,
1473 5593 1559 5647 Η.
1638 5593 1685 5626 ⁸³
1729 5595 1886 5652 Rom.

1987 5613 2030 5664 ι,
2064 5596 2154 5652 20.

2003 5376 2223 5424 nostras
2248 5370 2649 5444 tranquillitate
2674 5377 2881 5434 vestra,
2902 5369 3111 5427 furenti
3132 5355 3599 5439 imperans'mari:

2459 5528 2505 5561 ⁸⁸
2555 5528 2764 5584 Thren.
2793 5544 2873 5595 ιιι,
2902 5529 2992 5585 25.
3105 5527 3151 5561 “
3178 5527 3223 5583 ιι
3246 5525 3376 5584 Cor.
3411 5541 3509 5593 xu,
3549 5522 3605 5581 9.

387 5746 499 5823 (οδ)
533 5746 628 5823 Sic
652 5763 684 5823 _e
708 5746 982 5823 Neapolit.
1009 5748 1250 5818 reposui.
1279 5746 1608 5815 Sirmondus
1636 5749 1763 5804 hab.
1795 5750 2115 5823 ἐπιμέλειαν

388 5745 503 5885 (ϐδζ
533 5746 628 5804 Sic
652 5763 684 5803 e
708 5746 982 5817 Neapolit.
1009 5764 1043 5801 τι

388 5821 479 5889 \Cd
532 5818 840 5883 ἀκούσομεν
874 5818 1043 5884 Neap.
