4078 6320
580 372 719 440 ηδε,
1580 367 2067 437 THEODORETI
2108 363 2448 426 EPISCOI‘I
2486 364 2853 426 CYRENSIS

585 510 605 546 ι
630 492 794 558 Tace,
826 490 1147 549 obmutesce
1164 488 1261 542 ⁸⁸.»
1307 488 1415 543 Vos
1440 502 1573 541 vero
1605 500 1799 555 preces
1828 484 1906 538 illi
1940 498 2044 550 pro
2069 498 2166 537 no-

2276 482 2580 553 μαινομένῃ
2604 482 2863 553 Θαλάττῃ·
2902 501 2918 534 ι
2952 481 3159 547 Σιώπα,
3200 483 3509 553 πεφίμωσο.
3535 502 3553 535 ι
3591 484 3801 557 Ὑμεῖς
3825 490 3889 541 ὁὶ

576 586 664 641 bis
702 585 917 640 offerte.
974 582 1235 651 Majorem
1266 580 1469 650 quippe
1504 578 1763 633 ﬁduciam
1796 576 2033 641 habetis,
2069 576 2166 646 qui

2276 572 2368 636 τὰς
2428 573 2570 644 ὑπὲρ
2624 572 2783 643 ἡμῶν
2841 572 3156 645 προσευχὰς
3215 574 3364 645 αύτιῖι
3428 576 3889 650 προσενέγκατε.

577 674 763 747 oblata
797 690 898 744 pro
926 687 995 727 eo
1025 671 1331 727 certamina
1361 668 1705 739 suscepistis.

2276 664 2505 719 Πλείονα
2538 666 2646 735 γάρ
2682 664 2834 734 ἔχετε
2866 666 3204 737 παρρησίαν,
3238 666 3315 730 ὡς
3347 668 3477 731 τοὺς
3514 668 3662 742 ὑπὲρ
3699 668 3887 726 αὐτοῦ

2269 756 2554 819 κινδύνους
2587 755 2997 826 ἀναδεξάμενοι.

3736 368 3889 433 1253

930 870 1169 925 LXXIX.
1195 868 1536 925 -Αηαιοίεο
1563 871 1813 941 patricio.

2526 930 2527 933 η
2604 865 2727 921 ΟΘ’.
2755 898 2828 908 —-
2870 868 3196 937 ’Λνατολίῳ
3224 872 3538 940 πατρικίῳ.

646 983 935 1038 Maximam
968 983 1132 1038 nobis
1166 982 1272 1037 hoc
1302 988 1551 1052 tempore
1592 981 2024 1055 consolatipnem
2058 980 2168 1034 Do-

2344 977 2589 1032 Δέόωκεν
2623 979 2756 1048 ἡμῖν
2782 980 2810 1032 ὁ
2840 978 3120 1048 Δεσπότης
3151 980 3285 1044 Θεὸς
3318 982 3587 1053 μεγίστην
3610 982 3891 1054 rugaqu-

575 1076 759 1131 minus
807 1076 952 1131 Deus
998 1075 1228 1130 indulsit
1272 1075 1738 1147 magniﬁcentiam
1791 1084 1963 1137 tuam,
2026 1083 2169 1128 tem-

2276 1071 2374 1142 χὴν
2408 1072 2468 1124 ἐν
2502 1070 2583 1140 τῷ
2608 1071 2840 1141 παρόντι
2870 1071 3051 1142 καιρῷ
3082 1072 3182 1142 τὴν
3211 1072 3487 1145 ὑμετέραν
3519 1076 3889 1148 μεγαλοπρέ-

575 1167 895 1238 pettatique
945 1174 1344 1237 congruentem
1394 1174 1616 1236 portum
1662 1165 1834 1219 dedit.
1903 1164 2058 1219 Unde
2114 1170 2171 1218 et

2276 1180 2456 1227 πειαν,
2497 1163 2591 1215 καὶ
2622 1161 2698 1231 τῷ
2722 1162 2953 1217 κλύδωνι
2976 1164 3065 1217 τὸν
3093 1162 3288 1234 λιμένα
3325 1166 3568 1235 παρέσχε
3594 1166 3892 1239 κατάλλη-

576 1258 945 1329 magnitudini
987 1268 1094 1313 tua:
1144 1273 1268 1329 quae
1295 1258 1525 1311 molesta
1556 1265 1685 1309 sunt
1717 1255 1950 1309 ﬁdenter
1978 1270 2175 1326 sugge-

2276 1248 2382 1303 λον.
2414 1249 2513 1303 Διά
2542 1266 2623 1303 τοι
2651 1248 2853 1322 [τοῦτο]
2873 1251 3205 1322 θαρροῦντες
3230 1253 3299 1306 τά
3316 1253 3590 1309 λυποῦντα
3622 1256 3897 1313 διδάσκο-

578 1350 773 1404 rimus.
799 1350 1019 1404 Dudum
1041 1365 1175 1419 ergo
1195 1348 1539 1403 excellentia:
1561 1356 1759 1401 vestrae
1782 1346 2170 1411 indicavimus,

2278 1358 2377 1411 μεν
2395 1340 2456 1393 τὸ
2476 1340 2741 1411 ὑμέτερον
2765 1341 3016 1411 μέγεθος.
3044 1343 3241 1414 Πρὼην
3256 1344 3359 1414 μὲν
3379 1341 3473 1400 οὖν
3490 1349 3776 1419 ὲγνωρίσα
3785 1367 3892 1418 μεν

576 1440 1062 1500 commonitorium
1110 1439 1272 1494 nobis
1318 1437 1626 1493 ostendisse
1678 1436 1884 1491 Rufum
1914 1438 2172 1493 comitem

2276 1428 2430 1500 ὑμῶν
2452 1432 2517 1501 τῇ
2549 1431 2914 1502 μγαλοφυῖᾳ,
2946 1431 3021 1495 ὼς
3052 1431 3345 1499 ὑπέδειξαν
3369 1435 3504 1505 ἡμῖν
3532 1437 3582 1489 oi
3624 1438 3761 1508 περὶ
3792 1438 3891 1492 τὸν

578 1528 1181 1603 ωοκιιὶῧοεηιὶεείιηιιω
1243 1529 1604 1599 imperatoria
1654 1545 1818 1583 manu
1840 1537 2170 1593 exaratum,

2278 1522 2869 1593 μεγαλοπρεπέστατον
2886 1524 3104 1596 κόμητα
3128 1524 3356 1595 Ῥοῦφον
3375 1526 3593 1597 ὑπομνη
3603 1530 3801 1583 στικὸν
3816 1532 3887 1598 τῇ

575 1623 724 1694 quod
775 1622 1074 1677 fortissimo
1126 1619 1391 1691 magistro
1424 1620 1665 1683 militum
1716 1621 2070 1690 praecipiebat
2113 1628 2177 1674 ut

2279 1612 2532 1684 βασιλικῇ
2594 1616 2984 1686 γεγραμμένον
3021 1617 3191 1689 χειρὶ,
3234 1618 3754 1689 παρακελευόμενον
3805 1621 3889 1692 τῷ

576 1713 884 1785 prudenter
906 1712 1156 1782 sciteque
1184 1719 1407 1766 curaret
1434 1726 1535 1765 nos
1563 1710 1692 1782 Cyri
1718 1711 2041 1776 consistere,
2068 1726 2175 1767 nec

2276 1704 2647 1779 ἀνδρειοτάτῳ
2689 1705 3005 1778 στρατηγῷ,
3041 1708 3179 1778 μετᾶ
3208 1709 3527 1781 φρονήσεως
3571 1710 3671 1764 καὶ
3700 1712 3889 1782 ἔμμι-

576 1803 645 1859 ad
675 1804 811 1858 alias
839 1802 1095 1857 civitates
1121 1801 1424 1872 proﬁcisci,
1462 1808 1523 1855 ut
1559 1802 1653 1871 qui
1682 1801 1922 1873 synodos
1950 1802 2173 1858 assidue

576 1894 721 1966 apud
744 1894 1090 1958 Antiochiam
1140 1895 1182 1962 1
1197 1892 1353 1963 135
1395 1908 1737 1963 cogeremus,
1760 1903 1815 1948 et
1837 1893 2175 1949 orthodoxos

577 1987 953 2043 turbaremus.
1002 1984 1163 2039 Nunc
1194 1984 1377 2037 indico
1412 1999 1501 2037 me
1535 1984 1701 2054 regiis
1727 1984 2054 2039 obsecutum
2083 1983 2175 2037 lit-

574 2074 711 2130 teris
732 2073 935 2146 Cyrum
957 2073 1194 2136 venisse,
1231 2087 1315 2139 ac,
1344 2072 1545 2128 diebus
1567 2087 1663 2128 sex
1690 2079 1969 2141 septemve
1996 2081 2175 2127 trans-

576 2167 716 2223 actis
742 2208 755 2232 ,
804 2165 977 2221 misso
1010 2164 1079 2219 ad
1112 2179 1199 2219 me
1246 2163 1606 2219 devotissimo
1641 2163 1968 2234 Euphronio
1999 2165 2174 2234 magi-

575 2256 786 2313 striano
806 2255 1099 2326 ﬂagitasse,
1122 2264 1185 2309 ut
1204 2256 1409 2325 scripto
1429 2253 1725 2309 conﬁterer
1746 2253 2021 2309 exhibitas
2037 2255 2176 2311 mihi

578 2347 758 2418 regias
798 2347 1012 2400 litteras
1055 2345 1244 2399 fuisse.
1295 2344 1409 2413 Ego
1446 2358 1580 2398 vero
1615 2345 1721 2397 hoc
1758 2343 1925 2397 etiam
1960 2343 2085 2409 feci,
2119 2353 2177 2401 et

578 2436 813 2507 promisi
864 2450 952 2491 me
1003 2436 1146 2505 apud
1195 2434 1397 2505 Cyrum
1450 2443 1507 2488 et
1554 2434 1611 2487 in
1651 2434 1755 2489 hac
1787 2435 2011 2506 regione
2044 2451 2176 2505 per-

578 2542 924 2593 mansurum,
980 2534 1036 2581 et
1074 2526 1354 2597 pascendo
1389 2526 1541 2596 gregi
1591 2525 1727 2579 mihi
1759 2527 2054 2581 commisso
2086 2527 2174 2583 in-

578 2619 878 2675 haesurum.
943 2618 1095 2688 Rogo
1141 2617 1327 2686 itaque
1376 2615 1842 2687 magnificentiam
1869 2624 2042 2682 tuam,
2080 2633 2175 2673 ac-

578 2719 769 2767 curate
789 2722 850 2765 ut
866 2702 1226 2781 exquirat,’et
1255 2725 1323 2764 an
1342 2724 1472 2764 vere
1493 2709 1608 2764 haec
1628 2709 1700 2763 ita
1744 2709 2009 2779 imperata
2040 2711 2172 2776 sint,

576 2814 635 2860 et
651 2820 815 2875 quam
842 2803 913 2857 ob
942 2818 1185 2857 causam.
1217 2802 1331 2872 Ego
1356 2802 1504 2855 enim
1528 2801 1763 2855 aliorum
1787 2802 2012 2871 quidem
2038 2803 2178 2857 mul-

578 2905 763 2953 torum
799 2895 933 2948 mihi
964 2894 1297 2949 delictorum
1326 2892 1582 2947 conscius
1614 2909 1735 2946 sum
1775 2913 1789 2948 ε
1826 2895 1965 2948 nihil
1993 2905 2176 2950 tamen

578 2986 667 3040 vel
695 2986 751 3039 in
778 2985 1080 3040 Ecclesiam
1105 2984 1223 3049 Dei,
1258 2986 1343 3039 vel
1375 2983 1429 3037 in
1452 2998 1803 3038 communem
1824 2983 2174 3054 disciplinam

581 3094 837 3149 peccasse
885 3094 971 3132 me
1019 3080 1219 3133 sentio.
1276 3077 1455 3147 Atque
1486 3077 1604 3132 haec
1633 3077 1851 3141 scribo,
1889 3094 2000 3133 non
2026 3078 2175 3148 quod

2207 1825 2251 1882 Β
2276 1794 2430 1859 λείας
2455 1797 2880 1867 παρασκευάσαι
2907 1799 3055 1868 ἡμᾶς
3090 1799 3149 1851 ιν
3172 1801 3240 1870 τῇ
3277 1797 3448 1871 Κύρῳ
3488 1801 3604 1871 (65)
3637 1801 3886 1872 διάγειν.

2276 1884 2370 1939 καὶ
2399 1887 2481 1949 είς
2511 1885 2707 1957 ἑτέραν
2758 1887 2833 1956 μὴ
2862 1888 3082 1941 ἀπιέναι
3123 1888 3299 1950 πόλιν,
3340 1889 3416 1954 ὼς
3457 1891 3718 1957 συνόδους
3753 1908 3891 1961 συν-

2275 1975 2416 2045 εχῶς
2448 1976 2530 2039 είς
2554 1976 2653 2047 τὴν
2684 1977 3016 2048 Ἀντιόχειαν
3044 1979 3399 2047 συνάγοντας,
3431 1980 3527 2035 καὶ
3550 1998 3689 2046 τους
3719 1982 3889 2054 6960-

2275 2066 2463 2133 δόξους
2484 2068 2876 2138 ταράττοντας.
2913 2069 3037 2123 Ἐπὶ
3064 2071 3119 2123 δὲ
3151 2069 3247 2124 τοῦ
3286 2070 3557 2143 παρόντος
3593 2074 3887 2144 γνωρίζω,

2275 2160 2351 2223 ὡς
2376 2160 2452 2231 τῷ
2489 2159 2754 2232 βασιλικῷ
2788 2162 3035 2227 πεισθεὶς
3064 2164 3356 2235 γράμματι
3384 2166 3482 2234 τὴν
3518 2167 3711 2237 Κῦρον
3741 2150 3888 2222 κατ-

2281 2250 2495 2306 έλαὸον·
2525 2253 2620 2305 καὶ
2649 2253 2707 2319 ἓξ
2737 2253 2770 2324 ἢ
2812 2254 2952 2308 ἐπτὰ
2988 2255 3312 2311 διελθουσῶν
3334 2257 3581 2329 ἡμερῶν,
3619 2259 3890 2313 ἀπέστει-

2278 2342 2377 2395 λαν
2400 2344 2534 2414 πρός
2560 2362 2626 2415 με
2655 2345 2745 2398 τὸν
2769 2345 3193 2417 καθωσιωμένον
3225 2348 3549 2419 Εὑφρόνιον,
3576 2351 3671 2403 τὸν
3708 2367 3886 2420 στρα-

2277 2433 2621 2503 τηλατιανὸν,
2663 2436 2801 2505 μετά
2831 2438 3194 2508 γραμμάτων.
3235 2437 3591 2503 ἀπαιτοῦντες
3640 2457 3711 2509 με
3750 2439 3889 2494 καθ-

2278 2525 2614 2598 ομολογῆσαι
2640 2529 2956 2597 ἐγγράφως,
2993 2530 3069 2592 ὡς
3093 2531 3419 2601 ὲνεφανίσθη
3457 2548 3549 2601 μοι
3579 2531 3644 2584 τὸ
3669 2532 3888 2601 βασιλι·

2279 2618 2376 2673 κὸν
2405 2619 2661 2689 γράμμα,
2686 2621 2780 2673 καὶ
2812 2622 3134 2691 ὑπεσχόμην
3163 2624 3228 2691 τῇ
3260 2620 3428 2692 Κύρῳ
3455 2624 3553 2675 καὶ
3576 2625 3646 2693 τῇ
3674 2623 3887 2693 ταύτης

2282 2708 2676 2779 προσεδρεύειν
2708 2708 2885 2779 χώρα,
2922 2711 3014 2763 καὶ
3038 2710 3137 2773 τὰς
3161 2711 3597 2785 ὲγχειρισθείσας
3636 2730 3729 2781 μοι

2283 2803 2498 2873 μαίνειν
2531 2801 2731 2873 ψυχάς.
2776 2802 3091 2874 Παρακαλῶ
3115 2804 3297 2855 τοίνυν
3327 2802 3427 2873 τὴν
3459 2803 3740 2873 ὑμετέραν
3780 2822 3884 2873 με·

2281 2893 2605 2961 γαλοφυῒαν,
2650 2891 2843 2960 μαθεῖν
2877 2893 3147 2963 ἀκριϐῶς,
3177 2894 3272 2946 καὶ
3323 2894 3370 2945 εί
3428 2893 3651 2961 άληθῶς
3702 2894 3884 2949 ταῦτα

2281 2974 2705 3054 προστέτᾶκται,
2734 2984 2827 3037 καὶ
2855 2984 2944 3037 διά
2969 2984 3127 3037 ποίαν
3156 2984 3351 3037 αἰτίαν.
3398 2984 3541 3052 Ἐγὼ
3568 2987 3679 3055 γὰρ
3712 2986 3883 3051 ἄλλας

2283 3075 2384 3146 μὲν
2425 3075 2699 3147 ἁμαρτίας
2726 3076 2951 3147 ἐμαυτῷ
2982 3076 3185 3141 πολλάς
3219 3076 3456 3143 σύνοιδα,
3497 3079 3559 3131 οὐ
3594 3078 3707 3151 μὴν
3728 3082 3761 3150 ἠ
3800 3081 3883 3145 εἰς

577 3169 877 3241 Cyrensem
900 3170 1298 3225 habitationem
1322 3169 1553 3224 moleste
1576 3169 1768 3224 feram.
1793 3169 1929 3223 Nam
1948 3171 2173 3239 utquod

2276 3170 2377 3238 τὴν
2422 3168 2748 3238 Ἐκκλησίαν
2775 3168 2868 3222 τοῦ
2897 3168 3055 3233 Θεοῦ,
3096 3170 3129 3240 ἢ
3163 3171 3244 3234 εἰς
3278 3169 3378 3240 τὴν
3400 3171 3587 3241 κοινὴν
3617 3171 3883 3236 εὐταξίαν

578 3275 669 3315 res
695 3268 779 3314 est
805 3259 982 3313 dicam
1010 3273 1048 3324 ,‘
1074 3260 1375 3315 clarissima
1406 3261 1600 3329 quavis
1623 3262 1846 3315 civitate
1874 3261 2172 3332 Optabilio—

580 3366 691 3407 rem
726 3350 869 3404 hanc
895 3349 1060 3415 duco,
1094 3364 1161 3404 eo
1185 3349 1333 3419 quod
1359 3350 1494 3404 mihi
1526 3367 1555 3405 a
1580 3352 1690 3405 Deo
1718 3367 1837 3406 sors
1861 3351 1965 3407 ista
1989 3352 2174 3407 oblata

575 3453 681 3499 est.
718 3442 825 3496 Sed
857 3442 1185 3496 necessitate
1225 3443 1513 3511 astrictum
1542 3459 1684 3509 esse,
1722 3460 1833 3497 non
1863 3445 2171 3510 voluntate,

578 3535 875 3589 molestum
912 3534 1318 3604 quodammodo
1363 3535 1605 3599 videtur,
1642 3543 1697 3589 et
1730 3551 1917 3590 ansam
1946 3535 2040 3589 dat
2070 3537 2175 3591 im-

578 3626 792 3698 probis,
837 3634 897 3680 ut
935 3624 1259 3680 audaciores
1288 3624 1441 3690 ﬁant,
1483 3634 1539 3680 et
1568 3626 1795 3681 monitis
1827 3628 2031 3682 nostris
2064 3643 2176 3683 non

583 3718 984 3787 obtemperent.
1016 3716 1387 3783 Quamobrem
1419 3732 1516 3772 oro
1538 3716 1975 3787 magnitudinem
2001 3716 2173 3784 (nam,

587 3820 651 3864 ut
676 3808 721 3863 si
750 3808 856 3863 tale
888 3807 1024 3861 nihil
1056 3807 1388 3877 imperatum
1410 3814 1520 3885 est,
1549 3807 1842 3861 certiorem
1862 3822 1949 3862 me
1969 3794 2174 3863 facias:

582 3899 669 3956 sin
700 3913 890 3953 revera
919 3896 1147 3952 victoris
1181 3897 1413 3968 Augusti
1444 3898 1528 3952 ha:
1559 3904 1690 3952 sunt
1720 3897 1939 3964 litterae,
1978 3898 2178 3954 doceas

582 3992 706 4062 ejus
751 3990 1014 4059 pietatem
1039 4029 1053 4052 ,
1110 3987 1222 4043 rion
1249 3987 1411 4043 facile
1441 3987 1603 4043 ﬁdem
1635 3987 1840 4043 habere
1864 3988 2174 4056 calumniis,

584 4096 688 4137 nec
709 4081 843 4135 solis
866 4079 1280 4134 accusatoribus
1311 4094 1473 4133 aures
1495 4077 1881 4148 praebere,scd
1904 4078 2177 4133 rationem

584 4188 615 4229 a
636 4187 732 4227 reo
754 4166 1062 4241 reposcere.
1087 4168 1409 4239 Quanquam
1437 4157 1645 4239 poteral
1678 4170 1795 4238 ipsa
1817 4184 2005 4224 rerum
2027 4171 2181 4226 testi-

587 4262 769 4319 ﬁcatio
799 4263 918 4332 ejus
940 4260 1134 4331 pietati
1156 4260 1494 4329 persuadere
1524 4260 1660 4316 falsa
1684 4276 1806 4315 esse
1838 4277 1959 4331 qua:
1984 4270 2179 4318 contra

586 4354 688 4408 nos
706 4354 1003 4423 jactantur.
1028 4352 1330 4420 Ecquando
1352 4353 1499 4405 enim
1529 4352 1745 4423 1136
1759 4368 1860 4408 nos
1886 4355 2006 4425 ejus
2031 4370 2180 4410 sere-

587 4444 815 4500 nitatem
848 4443 913 4497 de
943 4444 1163 4513 negotio
1189 4442 1379 4511 aliquo
1406 4443 1881 4512 interpellavimus
1912 4446 2000 4499 vel
2024 4461 2176 4501 sum-

2275 3254 2394 3313 οἶδά
2422 3278 2473 3313 τι
2497 3260 2921 3332 πλημμελήσας.
2951 3261 3062 3315 Καὶ
3082 3260 3257 3315 ταῦτα
3277 3262 3494 3332 γράφω,
3525 3263 3626 3333 οὐχ
3649 3264 3727 3327 ὡς
3750 3266 3883 3318 δυσ-

2274 3350 2544 3422 χεραίνων
2593 3353 2694 3423 τὴν
2747 3353 2805 3404 ὲν
2854 3352 3023 3423 Κύρῳ
3067 3353 3364 3424 διαγωγήν·
3404 3353 3480 3416 ὡς
3509 3353 3619 3426 γάρ
3648 3356 3745 3407 ἐπὶ
3770 3357 3876 3425 τῆς

2276 3443 2557 3511 ἀληθείας,
2591 3445 2773 3513 πάσης
2820 3445 3031 3508 πόλεως
3078 3444 3474 3516 λαμπροτάτης
3498 3446 3881 3518 αίρετωτέραν

2275 3533 2481 3604 ταύτην
2511 3534 2774 3605 ἠγοῦμαι,
2814 3535 2904 3599 διὰ
2946 3537 3006 3588 τὸ
3056 3536 3206 3608 παρὰ
3236 3536 3371 3589 Θεοῦ
3404 3536 3513 3605 (66)
3549 3555 3640 3608 μοι
3680 3538 3882 3593 τοῦτον

2277 3624 2523 3679 δεδόσθαι
2576 3626 2669 3679 τὸν
2714 3625 2935 3697 κλῆρον.
2989 3627 3063 3680 Τὸ
3100 3627 3155 3680 δὲ
3197 3628 3412 3699 ἀνάγκη
3456 3627 3876 3698 προσδεδέσθαι,

2278 3717 2374 3771 καὶ
2421 3717 2495 3787 μὴ
2535 3715 2753 3787 γνώμῃ,
2783 3716 2957 3777 ,δοκεῖ⁵
2993 3734 3111 3780 πως
3144 3714 3284 3775 εἶναι
3319 3719 3566 3788 ἀνιαρὸν,
3604 3720 3703 3773 καὶ
3736 3720 3879 3791 πρὸς

2276 3806 2512 3870 τούτοις,
2549 3806 2826 3877 πρόφασιν
2853 3806 3036 3860 δίδωσι
3064 3810 3176 3871 τοῖς
3203 3808 3451 3861 ἀδικοῦσι
3481 3808 3875 3879 θρασύνεσθαι,

2277 3899 2374 3953 καὶ
2394 3901 2516 3963 ταῖς
2538 3899 2837 3970 ἡμετέραις
2867 3899 2940 3970 μὴ
2966 3899 3250 3963 πείθεσθαι
3275 3901 3684 3970 παραινέσεσιν.
3711 3899 3788 3959 Οὗ
3810 3904 3877 3976 δὴ

2277 3988 2440 4059 χάριν
2463 3986 2775 4059 παρακαλῶ
2811 3987 2872 4040 τὸ
2901 3987 3164 4057 ὑμέτερον
3203 3987 3456 4058 μέγεθος,
3493 3991 3542 4042 εἰ
3583 3990 3689 4059 μὲν
3719 3992 3879 4047 οὐδὲν

2276 4080 2490 4134 τοιοῦτο
2514 4078 2942 4152 προστέτακται,
2964 4078 3121 4149 δῆλόν
3150 4096 3241 4149 μοι
3262 4079 3421 4133 τοῦτο
3448 4081 3699 4151 ποιῆσαι·
3738 4084 3789 4136 εἰ
3816 4084 3877 4138 δι

2279 4168 2501 4240 άληθῶς
2530 4167 2625 4221 τοῦ
2656 4168 2966 4223 καλλινίκου
3004 4167 3270 4237 βασιλέως
3298 4169 3416 4222 ἐστὶ
3432 4169 3500 4224 τὰ
3530 4171 3875 4242 γράμματα,

2277 4259 2487 4327 διδάξαι
2550 4258 2717 4313 αὐτοῦ
2778 4260 2879 4331 τὴν
2936 4260 3239 4320 εὺσέσειαν.
3294 4254 3368 4331 μὴ
3430 4262 3714 4317 πεέθεσθαι
3769 4266 3876 4337 ρᾳ-

2277 4352 2408 4415 δίως
2449 4351 2749 4417 διαϐολαῖς,
2782 4352 2917 4424 μηδὲ
2953 4352 3135 4424 μόνοις
3165 4354 3279 4417 τοῖς
3313 4356 3643 4425 κατηγόροις
3674 4357 3877 4413 διδόναι

2276 4442 2376 4507 τὰς
2397 4443 2588 4507 ἀκοὰς,
2618 4442 2735 4495 ἀλλ’
2774 4444 3032 4496 ἀπαιτεῖν
3071 4442 3306 4542 εὐθύνας
3328 4444 3421 4497 τὸν
3465 4448 3882 4519 κατηγορούμε-

588 4551 709 4591 mos
740 4535 1093 4605 magistratus
1117 4575 1131 4598 ,
1191 4542 1286 4588 aut
1319 4535 1754 4604 possessoribus,
1794 4537 1888 4606 qui
1920 4537 2011 4592 hic
2045 4546 2174 4592 sunt

2278 4548 2386 4585 vov.
2416 4533 2615 4602 Ἤρκει
2638 4530 2695 4584 δὲ
2726 4530 2820 4583 καὶ
2846 4532 2985 4601 αὑτὴ
3014 4531 3123 4585 τῶν
3148 4527 3541 4605 πραγμάτωνή
3569 4539 3875 4607 μαρτυρία,

589 4628 749 4683 multi
784 4642 847 4682 ac
874 4626 1180 4696 splendidi,
1229 4641 1423 4697 graves
1448 4628 1797 4682 exstitimus?
1860 4627 2016 4695 Quod
2048 4644 2181 4683 vero

588 4715 1091 4773 ecclesiasticorum
1119 4730 1340 4784 quoque
1365 4714 1645 4770 redituum
1674 4724 1889 4786 partem
1922 4733 2032 4773 non
2060 4718 2181 4772 exi-

589 4824 751 4881 guam
783 4808 837 4863 in
862 4807 1098 4876 publicis
1113 4806 1360 4863 aediﬁciis
1380 4808 1908 4878 consumpserimus,
1935 4811 2184 4881 porticus

588 4900 893 4958 excitantes
931 4907 987 4954 et
1014 4900 1252 4964 lavacra,
1289 4909 1346 4954 et
1366 4907 1563 4970 pontes
1594 4908 1965 4967 exstruentes,
1991 4909 2047 4956 et
2076 4918 2182 4973 pu-

590 4992 724 5049 blici
754 5008 887 5047 usus
920 4992 1023 5046 alia
1053 5000 1449 5061 procurantes,
1506 4992 1912 5063 magniﬁcentia
1937 5002 2031 5049 tua
2066 5010 2178 5050 non

592 5085 829 5155 ignorat.
892 5082 1050 5149 Quod
1100 5084 1146 5138 si
1191 5094 1485 5155 propterea
1542 5084 1900 5155 indignantur
1930 5086 2185 5140 nonnulli

594 5173 741 5244 quod
763 5174 1053 5229 Phoenices
1073 5174 1446 5228 Ecclesiarum
1462 5176 1479 5193 ‘
1509 5174 1725 5229 ruinam
1748 5172 2018 5245 lugem'us,
2045 5176 2185 5231 sciat

595 5264 919 5336 magnitudo
947 5272 1161 5330 vestra,
1216 5280 1513 5333 nonposse
1537 5282 1637 5321 nos
1667 5281 1778 5320 non
1802 5259 2019 5331 dolere,
2056 5283 2183 5322 cum

594 5355 907 5412 Iudaeorum
934 5370 1108 5412 cornu
1141 5356 1197 5410 in
1223 5357 1392 5411 altum
1417 5367 1665 5412 erectum
1688 5399 1701 5423 ,
1758 5356 2105 5412 Christianos
2129 5358 2185 5413 in

594 5446 853 5518 lacrymis
874 5448 1138 5518 luctuque
1158 5446 1456 5511 cernimus,
1484 5448 1701 5505 etiamsi
1727 5447 1793 5502 ad
1818 5447 2040 5501 ultimas
2060 5462 2188 5502 oras

600 5540 1013 5595 transmittant..
1048 5538 1161 5594 Nec
1205 5554 1339 5595 vero
1387 5556 1683 5610 possumus
1735 5554 1837 5611 pro
1869 5540 2185 5611 apostolicis

671 5697 717 5743 “
742 5700 909 5754 Marc.
935 5712 1008 5764 ιτ,
1041 5697 1133 5753 39.

669 5815 782 5884 (65)
812 5810 1013 5882 Κυρῤῳ
1041 5809 1209 5882 Neap.
1238 5813 1464 5877 rectius,
1497 5812 1577 5867 sic
1609 5820 1664 5867 et
1699 5812 1754 5866 in
1780 5826 1933 5883 seqq.

2280 4627 2467 4678 πεῖσαι
2494 4623 2661 4676 αὐτοῦ
2689 4623 2788 4693 τὴν
2813 4624 3119 4689 εὐσέϐειαν,
3150 4626 3227 4689 ὡς
3257 4626 3428 4697 ψευδῆ
3460 4625 3528 4680 τὰ
3563 4629 3685 4681 καθ’
3714 4632 3878 4701 ἡμῶν

2279 4716 2572 4787 εἰρημένα.
2632 4714 2768 4767 Πότε
2828 4716 2936 4785 γὰρ
2964 4717 3127 4785 ἡμεῖς
3172 4717 3272 4787 τὴν
3317 4717 3483 4774 αὐτοῦ
3528 4719 3879 4793 γαληνότητα

2281 4806 2411 4878 περὶ
2439 4807 2776 4878 πράγματος
2812 4806 3230 4878 ἡνωχλήσαμεν,
3256 4808 3288 4880 ἢ
3313 4809 3439 4871 τοὺς
3474 4811 3745 4880 μεγάλους
3775 4813 3879 4883 ἁρ-

2282 4916 2499 4972 χοντας,
2540 4898 2573 4969 ἢ
2621 4901 2734 4962 τοῖς
2782 4897 3018 4951 ἐνταῦθα
3058 4899 3437 4969 κεκτημένοις,
3472 4898 3691 4966 πολλοῖς
3727 4899 3878 4960 οὖσιν

2281 4992 2377 5047 καὶ
2416 4990 2711 5060 λαμπροῖς,
2748 4988 2935 5060 βαρεῖς
2966 4990 3303 5061 ὲγενόμεθα;
3335 4993 3456 5046 Ὀτι
3484 4994 3542 5047 δὲ
3573 4996 3665 5047 καὶ
3702 4996 3874 5054 πολλὰ

2240 5157 2245 5160 Ο
2280 5082 2382 5153 τῆς
2407 5080 2870 5151 ὲκκλησιαστικῆς
2905 5079 3169 5153 προσόδου
3201 5081 3280 5145 είς
3304 5081 3369 5135 τὰ
3399 5082 3637 5154 δημόσια
3658 5085 3875 5156 άνηλὼ-

2286 5188 2461 5242 σαμεν
2497 5171 2930 5241 οἰκοδομήματα,
2974 5172 3137 5236 στοὰς
3179 5171 3485 5243 ἐγείροντες
3520 5175 3614 5226 καὶ
3649 5175 3877 5249 λουτρὰ,

2286 5263 2382 5317 καὶ
2424 5261 2673 5333 γεφύρας
2702 5262 3225 5327 κατασκευάζοντες,
3259 5263 3357 5318 καὶ
3402 5264 3509 5317 τῶν
3544 5267 3743 5319 κοινῶν
3767 5270 3875 5324 τῶν

2286 5355 2463 5410 ἄλλων
2495 5354 2940 5425 ἐπιμελούμενοι,
2975 5352 3117 5408 οἶδεν
3152 5357 3184 5426 ἡ
3226 5356 3469 5427 ὑμετέρα
3504 5357 3870 5427 μεγαλοφυῖα.

2286 5450 2348 5502 Εί
2397 5449 2456 5502 δὲ
2507 5448 2595 5501 διὰ
2642 5447 2802 5501 τοῦτό
2843 5465 2986 5512 τινες
3027 5448 3499 5520 δυσχεραίνουσιν,
3536 5451 3621 5503 ὅτι
3646 5452 3756 5504 τῶν
3777 5454 3875 5525 τῆς

2283 5539 2537 5609 Φοινίκης
2564 5536 2917 5607 ’Ἐκκλησιῶν
2950 5538 3258 5611 θρηνοῦμεν
3295 5540 3393 5613 τὴν
3426 5541 3748 5609 κατάλυσιν,
3777 5562 3877 5599 πε-

2363 5808 2474 5883 (66)
2507 5808 2600 5863 τοῦ
2636 5807 2772 5864 Θεοῦ
2800 5808 2973 5881 Neap.
3080 5889 3093 5905 ,
