4078 6320
136 456 276 526 1261

1438 447 1802 511 EPISTOLA
1838 448 2100 509 LXXXI.

3274 420 3413 498 1262
3486 401 3491 407 ’

134 567 466 645 φρονοῦμεν,
503 568 818 623 είπάτωσαν
851 567 902 620 οί
929 565 1229 637 κρίνοντες,
1275 562 1427 615 ποῖον
1461 559 1718 631 φρόνημα

1843 570 1944 611 nus
1968 554 2183 626 115.0
2207 569 2306 609 nos
2326 567 2449 624 qua:
2471 549 2763 614 sentimus,
2791 541 3410 621 pronuntientjudices,

136 660 431 731 συμϐαίνει
460 663 526 731 τῇ
555 658 666 713 τῶν
691 656 1007 713 ἀποστόλων
1032 653 1371 723 διδασκαλίᾳ.

222 856 387 913 Ἀλλά
422 872 487 926 γε
518 854 693 910 ταῦτα
724 853 1002 927 γέγραφα,
1033 853 1160 908 οὔτε
1199 852 1296 923 τὴν
1330 850 1595 922 μεγίστην
1626 850 1717 904 πό-

133 947 222 1004 λιν
252 949 381 1004 ίδείν
409 945 720 1019 ἐφιέμενος,
748 946 873 1000 οὔτε
908 948 991 1010 είς
1017 945 1185 1013 ἀλλην
1222 944 1435 1014 ἀπᾶραι
1471 943 1726 1013 γλιχόμε-

135 1058 252 1105 νος.
298 1037 392 1110 Τῷ
440 1038 576 1092 δντι’
603 1037 713 1109 γὰρ
750 1036 951 1109 μᾶλλον
985 1031 1304 1106 ἀσπάζομαι
1356 1033 1457 1105 τὴν
1488 1035 1724 1104 ἡσυχίαν

135 1129 251 1185 τῶν
281 1130 340 1183 ιν
365 1127 647 1199 μοναχικῷ
677 1129 1031 1199 προσχήματι
1070 1126 1171 1191 τὰς
1213 1126 1543 1197 Ἑκκλησίας
1582 1129 1727 1179 obto-

138 1222 328 1292 νομεῖν
360 1220 723 1291 βουλομένων.
760 1221 922 1273 Ἵστω
950 1217 1060 1289 γὰρ
1087 1217 1241 1289 ὑμῶν
1276 1219 1337 1272 τὸ
1368 1218 1621 1288 μέγεθος,
1650 1218 1725 1282 ὼς

135 1310 266 1365 οὔτε
292 1311 385 1365 litt
414 1310 507 1364 τοῦ
563 1308 990 1382 μακαριωτάτου
1030 1306 1122 1363 καὶ
1148 1311 1205 1362 ὲν
1235 1310 1411 1376 ἁγίοις
1443 1308 1723 1375 Θεοδότου,

136 1400 267 1455 οὔτε
311 1402 405 1454 ἐπὶ
457 1400 549 1454 τοῦ
590 1401 690 1471 τῆς
723 1399 1003 1470 μακαρίας
1034 1400 1259 1469 μνήμης
1295 1391 1563 1463 Ἰωάννου,
1603 1396 1729 1451 οὔτε

138 1492 236 1547 ἐπὶ
257 1492 351 1546 τοῦ
388 1492 693 1561 ἀγιωτάτου
741 1490 1046 1543 ἐπισκόπου
1097 1490 1289 1561 κυρίου
1320 1489 1551 1559 Δόμνου,
1586 1488 1729 1542 ἑκὼν

137 1589 225 1649 είς
246 1584 349 1654 τὴν
388 1583 722 1654 Ἀντιόχειαν
756 1580 965 1653 εἰσῄειν
994 1598 1008 1611 ·
1044 1581 1181 1635 ἀλλὰ
1220 1582 1317 1634 καὶ
1348 1580 1611 1648 πεντάκις
1633 1579 1730 1633 καὶ

138 1676 333 1741 ἑξάκις
380 1672 718 1745 καλούμενος
767 1672 921 1743 μόλις
968 1672 1272 1742 ὑπήκουον·
1322 1671 1417 1725 καὶ
1455 1671 1730 1744 ὑπήκουον

134 1766 222 1838 τῷ
250 1762 694 1836 ἐκκλησιαστικῷ
723 1763 910 1819 κανόνι
935 1760 1280 1834 πειθόμενος,
1311 1762 1367 1826 ὃς
1397 1761 1748 1816 κινδυνεύειν

137 1856 585 1929 παρακελεύεται
619 1854 709 1909 τὸν
741 1855 1080 1926 καλούμενον
1114 1856 1195 1919 είς
1228 1854 1469 1916 σύνοδον,
1500 1856 1595 1908 καὶ
1623 1870 1730 1907 πα-

140 1925 465 2019 ραγίνεσθαι
496 1946 571 2018 μὴ
598 1925 949 2016 βουλόμενον.
977 1945 1257 2009 Είσιόντες
1303 1945 1363 1999 δὲ
1395 1945 1447 1999 τί
1480 1944 1588 1998 τῶν
1620 1946 1729 1998 ἀπ-
1761 1925 1805 1982 Β

136 2038 489 2111 αρεσκόντων
517 2034 637 2105 Θεῷ
664 2035 1085 2106 πεποιήκαμενς
1113 2035 1198 2089 ὅτι
1227 2035 1318 2089 τδν
1346 2035 1493 2089 δεῖνα
1518 2035 1611 2089 καὶ
1640 2034 1731 2087 τὸν

134 2129 295 2185 δεῖνα
338 2128 498 2198 σιγῆς
553 2127 709 2195 ἀξίας
758 2126 1112 2198 παρανομίας
1165 2126 1574 2198 τετολμηκότας
1622 2125 1734 2179 τῶν

135 2220 310 2293 ιερῶν
338 2211 688 2291 ἐχωρίσαμεν
723 2217 1082 2288 καταλόγωνς
1116 2218 1198 2272 ὅτι
1245 2217 1372 2282 τοὺς
1399 2217 1733 2289 ἐπαινουμέ-

137 2328 270 2375 νους
301 2312 397 2365 καὶ
429 2310 529 2383 βίῳ
553 2308 970 2382 κοσμουμένους
999 2311 1067 2381 τῇ
1089 2309 1190 2380 τῆς
1222 2309 1525 2384 ἱερωσύνης
1551 2327 1735 2381 χειρο-

134 2404 299 2476 τονία
332 2404 718 2476 προσάγομεν;
754 2404 839 2457 ὄτι
879 2405 994 2468 τοῖς
1024 2402 1175 2468 λαοῖς
1223 2402 1321 2474 τήν
1373 2403 1736 2474 εὖαγγελικήν

137 2495 502 2551 διδασκαλίαν
545 2498 968 2570 προσφέρομενς
1019 2496 1082 2549 Et
1136 2495 1310 2549 ταῦτα
1345 2496 1574 2567 γραφῆς
1610 2495 1737 2561 ἀξια

140 2585 248 2640 καὶ
276 2586 574 2659 τιμωρίας,
608 2587 703 2641 καὶ
736 2588 836 2650 τάς
878 2585 1100 2658 μείζους
1132 2586 1273 2657 ὑπὲρ
1305 2586 1515 2641 τούτων
1543 2586 1736 2658 ἥδιστα

137 2677 421 2749 τιμωρίας
466 2677 755 2749 δεχόμεθα.
819 2677 979 2732 Ἀλλά
1015 2678 1123 2751 γὰρ
1170 2678 1542 2747 ἀναγκάζουσί
1572 2696 1639 2751 με
1687 2680 1737 2733 οἱ

141 2768 506 2837 συκοφάνται.
554 2769 665 2823 Καὶ
717 2768 823 2840 πρὸ
877 2768 1049 2836 αὐτῆς
1108 2768 1209 2839 τῆς
1263 2768 1579 2838 συλλήψεως
1636 2769 1739 2820 ὑπ-

1824 661 2077 718 quaenam
2110 643 2386 700 sententia
2416 642 2682 699 doctrinae
2719 638 3034 711 apostolicae
3071 636 3144 691 sit
3181 649 3415 690 consen-

1824 741 2008 789 tanea.

1896 844 2287 900 Verumtamen
2336 841 2452 897 haec
2501 843 2576 897 ita
2620 842 2840 916 scripsi,
2881 858 2992 897 non
3032 841 3181 913 quod
3224 841 3418 899 videre.

1822 936 2043 1007 cupiam
2072 937 2367 993 maximam
2407 935 2708 1000 civitatem,
2735 938 2823 991 vel
2854 935 2909 990 in
2937 934 3099 990 aliam
3139 933 3420 1005 proficisci

1823 1026 2157 1085 desiderem.
2184 1029 2399 1084 Revera
2429 1028 2576 1084 enim
2609 1028 2797 1098 quiete
2830 1027 3015 1098 potius
3043 1026 3292 1082 delector
3318 1040 3420 1081 eo-

1827 1134 1952 1172 rum
1976 1119 2068 1189 qui
2100 1120 2156 1173 in
2189 1127 2333 1174 statu
2366 1118 2694 1174 monachico
2728 1117 3000 1173 Ecclesias
3026 1109 3421 1172 administrare

1827 1209 2042 1264 volunt.
2068 1209 2478 1265 Noverit'enim
2516 1209 2837 1279 magnitudo
2865 1218 2979 1274 tua,
3015 1222 3103 1263 me
3132 1222 3237 1263 nec
3275 1214 3422 1262 team-

1828 1314 1963 1368 pore
1992 1299 2299 1355 beatissimi
2347 1298 2633 1369 sanctique
2665 1296 2959 1363 Theodoti,
2983 1312 3089 1352 nec
3117 1296 3221 1352 sub
3246 1296 3424 1352 beate

1830 1393 2113 1447 memoriae
2136 1394 2368 1458 Joanne,
2394 1408 2498 1447 nec
2528 1391 2632 1447 sub
2665 1390 3011 1446 sanctissimo
3036 1391 3299 1460 episc0po
3320 1388 3425 1444 do-

1832 1483 1984 1538 mino
2041 1484 2275 1550 Domno,
2330 1493 2527 1555 sponte
2583 1498 2706 1539 mea
2753 1482 2993 1537 intrasse
3038 1482 3424 1545 Antiochiam,

1831 1574 1927 1630 sed
1956 1576 2253 1645 quinquies
2290 1592 2355 1630 ac
2390 1576 2572 1631 sexies
2603 1583 2856 1630 vocatum
2887 1576 2979 1633 vix
3010 1575 3282 1646 paruisse.
3320 1574 3427 1630 Pa—

1831 1666 2020 1721 rebam
2066 1674 2251 1721 autem
2299 1676 2360 1722 ut
2397 1666 2778 1723 ecclesiastico
2819 1667 3019 1722 canoni
3064 1667 3423 1736 obsequerer,

1832 1759 1926 1829 qui
1954 1775 2109 1814 reum
2136 1759 2329 1816 haberi
2349 1759 2509 1830 jubet
2531 1775 2657 1815 eum
2683 1760 2779 1830 qui
2809 1760 2879 1815 ad
2902 1761 3172 1833 synodum
3197 1770 3429 1818 vocatus

1833 1848 2028 1905 adesse
2055 1850 2320 1905 noluerit.
2346 1850 2581 1921 ingressi
2606 1858 2789 1907 autem
2824 1852 2960 1922 quid
2991 1853 3205 1924 egimus
3232 1867 3427 1909 eorum

1834 1964 1958 2019 quae
1981 1950 2096 2005 Deo
2122 1965 2235 2006 non
2268 1949 2491 2020 placent
2510 1951 2534 1990 ν
2561 1965 2635 2004 an
2665 1949 2816 2021 quod
2843 1949 2993 2003 hunc
3019 1946 3107 2001 vel
3134 1945 3310 2010 illum,
3333 1942 3430 2014 qui

1836 2040 2000 2113 digna
2048 2041 2270 2097 silentio
2329 2039 2533 2113 ﬂagitia
2590 2048 2856 2111 patrarat,
2902 2055 2970 2094 ex
3011 2036 3185 2093 sacris
3228 2034 3432 2091 tabulis

1835 2134 2237 2203 expunximus?
2291 2133 2442 2203 quod
2496 2133 2750 2188 laudatos
2797 2133 3022 2201 vitaque
3072 2130 3315 2185 illustres
3359 2126 3433 2183 ad

1838 2223 2132 2279 sacerdotii
2200 2222 2453 2279 ordinem
2524 2222 2953 2295 promovemus?
3002 2220 3151 2291 quod
3213 2218 3435 2289 populis

1837 2316 2208 2387 evangelicum
2246 2316 2555 2373 doctrinam
2606 2313 3007 2386 proponimus?
3048 2315 3066 2334 ‘
3108 2311 3167 2368 Si
3208 2326 3437 2367 accusa-

1840 2407 1991 2463 tione
2021 2408 2139 2464 haec
2179 2408 2343 2480 digna
2370 2418 2501 2463 sunt
2532 2415 2588 2462 et
2616 2406 2909 2477 supplicio,
2951 2406 3159 2477 majora
3202 2418 3305 2474 pro
3344 2401 3436 2458 his

1839 2499 2106 2569 supplicia
2138 2499 2376 2554 libenter
2402 2498 2768 2554 admittimus.
2812 2495 3109 2551 Enimvero
3136 2494 3323 2550 dicere
3345 2508 3435 2550 me

1839 2597 2045 2660 cogunt
2100 2590 2468 2661 sycophantae.
2516 2588 2848 2658 Priusquam
2902 2602 2990 2642 me
3051 2584 3433 2656 conciperent.

1839 2679 2125 2736 oblaturos
2157 2695 2216 2735 se
2251 2680 2364 2735 Deo
2398 2678 2631 2750 polliciti
2675 2686 2803 2733 sunt
2830 2685 3111 2748 parentes,
3154 2685 3321 2746 atque
3366 2675 3436 2730 ab

1843 2772 2194 2827 incunabulis
2251 2781 2315 2827 ut
2368 2772 2739 2842 promiserant
2790 2768 3173 2834 devoverunt,
3230 2775 3287 2825 et
3332 2769 3439 2825 hoc

4054 204 4078 241 ’ἒ

4032 394 4035 401 π
4060 366 4078 437 ξ

4032 492 4078 599 ξιξ

4046 608 4078 629 "I

4046 628 4059 705 ἒ
4076 644 4078 697 ί

4048 710 4063 739 t

136 2859 371 2930 ἐσχοντό
406 2876 476 2931 με
500 2858 578 2930 τῷ
609 2858 731 2930 Θεῷ
767 2860 1101 2931 προσφέρειν
1133 2861 1183 2913 οί
1230 2860 1523 2928 φύσαντες,
1553 2864 1647 2916 καὶ
1675 2863 1738 2916 ἐκ

1843 2864 2007 2918 modo
2040 2863 2367 2919 educarunt.
2408 2863 2468 2917 In
2508 2860 2847 2917 monasterio
2887 2868 3104 2931 tempus
3133 2860 3281 2930 quod
3318 2862 3440 2933 cpi-

143 2952 489 3023 σπαργάνων
520 2952 664 3005 κατά
699 2953 797 3016 τὰς
829 2952 1165 3021 ἐπαγγελίας
1202 2952 1500 3023 ἀνέθηκαν,
1531 2954 1738 3024 τροφῆς

1843 2966 2129 3025 scopatum
2177 2954 2459 3025 praecessit
2512 2968 2640 3008 cum
2694 2951 3020 3022 exegissem,
3059 2952 3266 3006 invitus
3316 2952 3438 3023 epi-

137 3040 408 3113 στοιαύτης
439 3041 703 3112 ὴξίωσαν.
735 3042 825 3095 Ἐν
856 3043 1207 3114 μοναστηρίῳ
1233 3043 1325 3096 τὸν
1360 3044 1466 3115 πρὸ
1498 3044 1599 3114 τῆς
1621 3046 1740 3097 ἐπι-

1845 3062 2045 3117 scopus
2078 3047 2370 3103 ordinatus
2413 3060 2558 3102 sum.
2609 3044 2800 3099 Annos
2840 3042 3037 3114 viginti
3074 3043 3324 3113 quinque
3366 3045 3441 3101 ita

146 3131 363 3203 σκοπῆς
389 3132 705 3195 διατελέσας
742 3134 956 3202 χρόνον,
989 3132 1138 3187 ἀκων
1169 3134 1267 3205 τὴν
1300 3134 1397 3205 τῆς
1429 3135 1740 3208 ἐπισκοπῆς

1845 3136 1978 3203 vixi,
2002 3146 2063 3191 ut
2092 3152 2274 3207 neque
2297 3136 2354 3191 in
2374 3136 2469 3207 jus
2490 3141 2721 3189 vocatus
2747 3132 2852 3187 sim
2875 3147 2907 3186 a
2933 3146 3235 3201 quoquam,
3260 3147 3443 3202 neque

142 3221 422 3293 ἐδεξάμην
456 3224 815 3294 χειροτονίαν.
869 3224 1040 3278 Πέντε
1090 3226 1185 3277 καὶ
1234 3226 1410 3278 εἴκοσι
1460 3226 1738 3281 διετέλεσα

1849 3230 1966 3299 ipse
2005 3243 2338 3299 quemquam
2383 3226 2711 3283 accusarim.
2752 3224 2949 3280 Nullus
2994 3223 3441 3294 religiosissimo-
3554 3210 3559 3214 ’

143 3314 272 3384 ἐτη,
298 3312 420 3368 οὔτε
443 3313 859 3383 κατεντευχθεὶς
884 3313 987 3366 ὑπό
1009 3331 1174 3378 τινος,
1197 3316 1255 3368 οὔ
1268 3333 1321 3369 τε
1350 3318 1737 3388 αἰτιασάμενος

143 3408 361 3477 ἕτερον.
390 3405 465 3459 Οὔ
498 3406 877 3477 προσήδρευσέ
910 3424 994 3468 τις
1020 3406 1359 3479 δικαστηρίῳ
1386 3409 1494 3462 τῶν
1523 3410 1615 3463 ὑπ’
1640 3410 1742 3480 ἐμὲ

145 3494 574 3549 εὐλαϐεστάτων
624 3493 906 3566 κληρικῶν
955 3495 1013 3546 ὲν
1061 3494 1340 3560 τοσούτοις
1390 3495 1590 3551 ἔτεσιν.
1629 3498 1744 3552 Οὐκ

142 3584 361 3647 ὀϐολὸν,
391 3585 487 3655 οὐχ
517 3586 736 3655 ίμάτιον
768 3586 920 3655 παρά
939 3600 1087 3647 τινος
1112 3584 1403 3654 ἐδεξάμην,
1421 3585 1557 3638 Ἕνα
1580 3585 1768 3655 ἀρτοψ

149 3674 189 3744 ἢ
224 3673 329 3727 ὠὸν
356 3673 531 3738 οὐδεὶς
561 3673 673 3727 τῶν
729 3674 881 3745 ἐμῶν
922 3673 1189 3726 συνοίκων
1231 3673 1452 3740 ἐδέξατο
1498 3674 1742 3727 πώποτε.

154 3763 311 3833 Πλὴν
331 3763 439 3817 τῶν
472 3764 678 3836 ῥακίων
703 3757 779 3817 ὦν
804 3762 1231 3833 περιϐέϐλημαι,
1254 3765 1409 3817 οὐδὲν
1436 3748 1744 3835 κτήσασθαι

148 3856 491 3925 ἠνεσχόμην.
527 3854 807 3927 Δημοσίας
838 3854 1000 3917 στοάς
1030 3855 1096 3906 ὲκ
1130 3854 1239 3907 τῶν
1271 3854 1746 3926 ὲκκλησιαστικῶν

150 3946 439 4019 προσόδων
482 3946 792 4016 ἀνέστησα·
832 3944 1084 4016 γεφύρας
1122 3944 1216 3999 δύο
1242 3946 1511 4016 μεγίστας
1546 3947 1746 4017 ᾠκοδό-

157 4056 340 4113 μησα,
368 4038 613 4107 λουτρῶν
643 4037 991 4109 ἐπεμελήθην
1026 4036 1226 4091 κοινῶν
1253 4053 1265 4067 ’
1297 4040 1362 4092 tit
1396 4038 1491 4091 τοῦ
1529 4042 1749 4112 παραρ-

152 4131 379 4205 ρέοντος
418 4128 668 4199 ποταμοῦ
719 4130 819 4200 τὴν
878 4127 1035 4182 πόλιν
1090 4129 1165 4199 μὴ
1218 4129 1585 4201 ὑδρευομένην
1632 4130 1746 4203 (72)

154 4222 361 4293 εὑρὼν,
411 4220 505 4274 τὸν
539 4219 760 4289 ἀγωγὸν
808 4218 1212 4285 κατεσκεύασα,
1241 4220 1337 4273 καὶ
1373 4218 1472 4291 τήν
1519 4221 1748 4293 ἄνυδρον

155 4315 321 4369 πόλιν
356 4314 563 4368 ὑδάτων
590 4313 906 4384 ὲπλήρωσα.
944 4314 1054 4365 Καὶ
1103 4314 1191 4365 ἵνα
1229 4313 1402 4367 ταῦτα
1439 4314 1745 4376 καταλίπω,

155 4407 360 4477 κώμας
389 4404 535 4458 ὀκτὼ
564 4406 662 4475 τῆς
690 4404 1039 4474 Μαρκίωνος,
1073 4404 1168 4456 καὶ
1209 4395 1305 4467 τὰς
1354 4404 1516 4475 πέριξ
1554 4404 1749 4477 κειμέ-

153 4516 284 4561 νας,
314 4496 693 4568 ἀσμένας(73)
752 4494 887 4566 πρὸς
922 4496 1024 4567 τὴν
1076 4496 1340 4565 ἀλήθειαν
1392 4496 1746 4568 ὲποδήγησα·

1848 3336 1969 3373 rum
2007 3320 2344 3374 clericorum
2370 3317 2467 3389 qui
2495 3316 2601 3372 sub
2634 3330 2723 3370 me
2754 3314 2982 3370 fuerunt
3023 3314 3323 3369 tribunalia
3362 3322 3444 3369 tot

1845 3411 2006 3466 annis
2031 3410 2424 3479 frequentavit.
2454 3408 2576 3464 Non
2598 3407 2848 3472 obolum,
2873 3422 2983 3461 non
3011 3415 3219 3461 vestem
3244 3422 3272 3461 a
3300 3421 3444 3475 quo-

1846 3516 2012 3571 quant
2041 3500 2265 3569 accepi;
2308 3498 2516 3573 ιιιι
2540 3512 2741 3571 panem
2769 3512 2961 3559 unum,
2992 3496 3074 3551 vel
3102 3512 3289 3559 ovum,
3321 3497 3447 3551 nul-

1847 3586 1933 3639 lus
1964 3584 2395 3640 domesticorum
2426 3600 2676 3638 meorum
2708 3583 2922 3652 accepit
2956 3599 3215 3654 unquam.
3240 3584 3447 3641 Praeter

1848 3678 2196 3747 panniculos,
2229 3678 2433 3748 quibus
2454 3678 2693 3732 amictus
2728 3692 2872 3737 sum,
2910 3677 3047 3730 nihil
3083 3676 3231 3731 volui
3266 3679 3442 3747 possi-

1850 3768 2001 3821 dere.
2044 3768 2301 3822 Publicas
2344 3768 2592 3838 porticus
2634 3783 2701 3822 ex
2742 3767 3015 3821 reditibus
3056 3768 3447 3826 ecclesiasticis

1848 3857 2023 3921 erexi,
2062 3866 2261 3926 pontes
2310 3858 2452 3913 duos
2494 3858 2765 3912 maximos
2806 3859 3079 3923 exstruxi,
3117 3859 3443 3916 balneorum

1850 3947 2198 4015 publicorum
2237 3962 2428 4001 curam
2462 3948 2641 4018 gessi;
2684 3962 2810 4001 cum
2844 3964 2911 4002 ex
2941 3949 3183 4003 allucnte
3216 3950 3442 4007 ﬂumine

1850 4057 2021 4110 aquas
2074 4057 2184 4096 non
2239 4041 2590 4096 haurientem
2650 4040 2929 4095 civitatem
2981 4050 3175 4096 nactus
3229 4057 3442 4113 essem,

1850 4130 2240 4200 aqumductum
2282 4131 2527 4197 condidi,
2563 4139 2619 4185 et
2662 4139 2940 4185 carentem
2981 4131 3140 4201 aquis
3166 4132 3446 4190 civitatem

1852 4223 2010 4292 aquis
2054 4224 2285 4299 replevi.
2336 4224 2516 4292 Atque
2560 4232 2623 4276 ut
2670 4222 2771 4277 ista
2823 4222 3261 4292 pra-terminum,
3298 4226 3447 4280 vicos

1851 4323 1977 4369 octo
2018 4315 2315 4370 Marcionis
2349 4313 2546 4369 bmresi
2588 4324 2905 4383 corruptos,
2941 4330 3049 4369 una
3088 4330 3211 4369 cum
3253 4318 3451 4373 vicinis

1854 4405 2024 4469 locis,
2099 4407 2165 4460 ad
2236 4406 2526 4461 veritatem
2590 4405 2839 4460 volentes
2906 4404 3135 4475 perduxi
3193 4424 3204 4459 :
3262 4408 3447 4462 vicum

1854 4497 2024 4551 alium
2072 4498 2435 4552 Eunomianis
2469 4497 2757 4563 refertum,
2794 4508 2849 4552 et
2898 4498 3065 4552 alium
3101 4496 3337 4563 Arianis,
3368 4500 3453 4553 diu

153 4590 331 4660 ἄλλην
362 4588 556 4659 κώμην
575 4587 930 4657 Εὐνομιανῶν
962 4588 1426 4660 πεπληρωμένην,
1455 4588 1550 4642 καὶ
1580 4589 1743 4660 ἀλλην

1858 4588 1997 4643 vina:
2050 4590 2383 4660 cognitionis
2429 4589 2554 4645 luce
2606 4590 2899 4654 illustravi,
2932 4592 3258 4659 nullumque
3305 4599 3453 4661 apud

170 4678 498 4750 ’Δρειανῶν,
536 4676 616 4748 τῷ
664 4678 805 4745 φωτὶ
838 4678 939 4747 τῆς
973 4677 1310 4746 θεογνωσίας
1372 4682 1747 4750 προσήγαγον,

156 4772 264 4827 καὶ
292 4770 383 4825 διά
410 4769 508 4841 τὴν
541 4768 691 4821 θείαν
722 4768 883 4839 χάριν
906 4769 1027 4823 οὐδὲ
1053 4768 1110 4822 ἒν
1132 4770 1261 4839 παρ’
1289 4770 1424 4840 ήμῖν
1452 4771 1753 4841 αίρετικῶν

159 4862 469 4932 ὑπελείφθη
503 4862 762 4927 ζιζάνιον.
797 4861 909 4914 Καὶ
950 4859 1126 4914 ταῦτα
1162 4862 1262 4914 οὐκ
1308 4861 1608 4927 ἀκινδύνως
1650 4880 1749 4917 πει

160 4954 394 5025 ποίηκα.
420 4952 556 5007 ἀλλά
583 4954 645 5007 τὸ
670 4948 810 5022 αἷμά
836 4970 938 5021 μου
973 4951 1234 5015 πολλάκις
1268 4952 1525 5023 ἐκχύσεις,
1556 4954 1753 5008 πολλά-

160 5062 256 5107 xi;
290 5038 683 5106 καταλευσθεὶς
714 5041 805 5095 ὑπ’
844 5041 1046 5103 αὐτῶν,
1077 5043 1170 5094 καὶ
1215 5045 1295 5105 είς
1334 5044 1507 5107 αὑτὰς
1539 5046 1753 5114 φθάσας

159 5133 263 5187 τοῦ
300 5132 428 5205 ᾅδου
473 5133 575 5197 τὰς
627 5132 825 5196 πύλας.
875 5132 1037 5185 nm
1086 5132 1196 5202 γὰρ
1247 5133 1436 5206 ἄφρων
1484 5136 1755 5208 ἐγενόμην

160 5222 564 5294 καυχώμενος⁸
594 5224 697 5295 τῆς
725 5224 781 5277 δὲ
837 5224 1124 5294 ἀνάγκης,
1170 5224 1229 5277 οὐ
1281 5225 1381 5295 τῆς
1420 5226 1648 5299 γνώμης
1686 5229 1755 5284 τὰ

159 5314 461 5387 εἰρημένα.
520 5313 692 5367 Τοῦτο
753 5313 809 5366 δὲ
858 5314 953 5366 καὶ
1004 5314 1032 5366 ὁ
1077 5313 1483 5385 τρισμακάριος
1542 5315 1756 5380 Παῦλος

158 5403 491 5476 ἠναγκάσθη
524 5404 722 5477 δρᾶσαί
778 5420 939 5465 ποτε,
994 5403 1104 5456 τῶν
1159 5404 1610 5474 κατηγορούντων
1654 5408 1754 5477 ἐμ-

163 5498 429 5566 φράττων
487 5497 548 5549 τὸ
598 5496 792 5565 στόμα.
830 5495 1015 5562 Στέγω
1041 5495 1098 5547 δὲ
1160 5496 1310 5565 ὅμως
1339 5496 1439 5567 τὴν
1486 5497 1751 5551 δοκοῦσαν

163 5587 418 5659 ἀτιμίαν,
442 5588 539 5640 καὶ
564 5587 730 5658 τιμὴν
760 5586 937 5658 άκραν
981 5585 1351 5655 ὑπολαμϐάνω
1379 5605 1389 5616 ·
1427 5588 1608 5641 ἀκούω
1641 5591 1750 5661 γὰρ

1474 5724 1504 5741 Δ

247 5789 362 5857 ('12)
395 5804 468 5858 μη
498 5787 812 5863 addendum
845 5802 988 5863 esse
1019 5787 1106 5863 vel
1159 5802 1220 5863 ea
1306 5774 1427 5857 quae
1484 5802 1789 5863 sequuntur

167 5856 397 5925 docent,
426 5856 482 5913 et
519 5858 778 5913 habuisse
808 5857 1027 5913 videtur
1067 5856 1378 5914 Vaticanus.

1858 4697 1978 4744 nos,
2030 4681 2125 4735 Dei
2175 4681 2469 4747 beneficio,
2513 4680 2740 4737 haeresis
2790 4681 2983 4737 lolium
3038 4683 3293 4736 relictum
3342 4692 3447 4739 est.

1856 4775 2049 4843 Neque
2093 4789 2225 4828 vero
2270 4774 2373 4829 ista
2424 4775 2543 4829 sine
2591 4774 2855 4844 periculis
2908 4773 3161 4842 praestiti,
3201 4773 3297 4827 sed
3332 4774 3456 4829 l‘uSo

1859 4876 2004 4931 szepe
2051 4875 2174 4915 meo
2220 4861 2508 4931 sanguine,
2542 4860 2817 4929 lapidatus
2863 4859 2935 4913 ab
2978 4860 3059 4914 eis
3096 4875 3361 4929 persaepe,
3398 4870 3456 4917 et

1861 4951 1928 5005 ad
1982 4951 2130 5021 ipsas
2178 4950 2297 5004 orci
2348 4962 2535 5021 portas
2578 4934 2873 5020 impulsus.
2927 4949 3133 5004 Verum
3188 4949 3457 5019 insipiens

1860 5044 2039 5099 factus
2070 5058 2214 5106 sum,
2246 5042 2377 5097 dum
2410 5043 2617 5115 glorior
2648 5060 2661 5096 :
2691 5051 2747 5097 at
2772 5042 3105 5096 necessitate
3152 5042 3267 5096 haec
3306 5041 3455 5097 dicta

1857 5143 2007 5195 sunt,
2076 5151 2185 5189 non
2243 5135 2545 5189 voluntate.
2608 5132 2787 5204 Atque
2853 5132 2961 5187 hoc
3028 5131 3214 5202 ipsum
3271 5131 3455 5186 lacere

1859 5225 2156 5296 aliquando
2184 5236 2411 5281 coactus
2434 5234 2519 5280 est
2553 5224 2905 5280 beatissimus
2943 5224 3167 5289 Paulus,
3203 5232 3262 5277 ut
3288 5238 3457 5279 accu-

1858 5319 2097 5374 santium
2124 5334 2187 5373 os
2214 5318 2551 5374 Obstrueret.
2582 5317 2721 5372 Fero
2751 5326 2934 5371 tamen
2973 5318 3116 5371 lianc
3149 5332 3271 5386 qua:
3298 5316 3455 5386 igno-

1860 5408 2032 5463 minia
2057 5407 2299 5471 videtur,
2325 5418 2379 5463 et
2410 5422 2688 5463 summum
2723 5408 2989 5462 honorem
3022 5407 3183 5463 duco.
3220 5406 3456 5476 Aposto—‘

1860 5499 2026 5553 licam
2052 5499 2200 5553 enim
2233 5514 2425 5554 vocem
2465 5498 2630 5553 audio
2660 5498 2988 5553 clamantem
3023 5516 3035 5549 :
3079 5516 3096 5547 ι
3134 5495 3337 5551 Omnes
3362 5493 3457 5565 qui

1856 5594 1947 5664 pie
1980 5594 2171 5649 volunt
2211 5594 2399 5649 vivere
2449 5593 2504 5648 in
2560 5591 2783 5648 Christo
2830 5589 2959 5646 Jesu
3010 5589 3458 5661 persecutionem

1978 5794 2090 5866 (73)
2130 5794 2381 5867 ἀσμένως
2416 5794 2587 5864 Neap.
2626 5802 2680 5847 et
2715 5793 2885 5848 \‘atic.
