4078 6320
235 345 374 413 1277

1564 357 1930 420 EPISTULA
1983 361 2291 423 LXXXVI.

3384 352 3522 420 1278

228 458 352 518 τοῖς
390 454 491 527 τῆς
523 455 621 526 σῆς
662 456 942 527 ὁσιότητος
993 459 1319 531 γράμμασιν
1354 462 1705 534 ἐντυχόντες,,
1728 465 1826 518 καὶ

1938 470 2140 527 ctitatis
2196 481 2302 525 tute
2338 468 2560 533 litteris,
2598 483 2667 523 ex
2710 467 2919 537 quibus
2967 465 3335 539 cognovimus
3362 464 3522 521 illum

236 543 627 616 μεμαθηκότες
670 547 747 611 ὡς
792 546 1085 617 ἀκεραίως
1123 550 1385 619 φυλάττει
1429 554 1528 617 τὰς
1567 554 1677 608 τῶν
1730 556 1823 626 φύ-

235 649 383 687 σεων
422 634 711 707 ἰδιότητας,
741 637 835 691 καὶ
867 637 990 691 οὔτε
1026 639 1120 693 τὸν
1163 640 1297 695 Θεὸν
1334 642 1507 711 Λόγον
1532 645 1613 707 είς
1642 645 1822 717 σάρκα

238 725 545 797 τετράφθαι
578 728 763 798 φησὶν,
809 727 934 783 οὔτε
971 729 1075 801 τὴν
1120 732 1300 805 σάρκα
1330 735 1411 797 είς
1442 734 1697 805 θεότητος
1728 753 1825 806 με-

231 817 609 890 ταϐεϐλῆσθαι
652 821 845 891 φύσιν·
878 823 995 877 ἀλλ’
1031 826 1090 878 ἐν
1134 824 1214 895 τῷ
1241 826 1322 879 ἐνὶ
1359 826 1495 897 mg»,
1523 827 1601 899 τῷ
1630 828 1823 899 Κυρίῳ

230 908 402 981 ἡμῶν
440 911 617 982 Ἰησοῦ
634 912 875 985 Χριστῷ,
896 913 974 986 τῷ
1000 916 1480 989 ἐνανθρωπήσαντι
1500 917 1620 990 Θεῷ
1640 918 1822 990 Λόγῳ,

230 1001 582 1073 ἀσυγχύτους
607 1006 976 1077 μεμενηκέναι
1001 1008 1165 1079 φησὶν
1189 1007 1289 1071 τὰς
1309 1008 1470 1061 ἐκατέ
1481 1026 1579 1080 ρας
1606 1009 1825 1079 φύσεως

236 1091 531 1164 ιδιότηταςο
579 1097 672 1149 καὶ
704 1088 797 1151 τὸν
821 1098 930 1152 τῶν
970 1098 1111 1153 ὅλων
1137 1098 1272 1153 Θεὸν
1309 1100 1704 1170 ἀνυμνήσαμεν
1731 1101 1825 1154 ἐπὶ

230 1187 307 1257 τῇ
331 1188 433 1258 τῆς
465 1187 618 1253 θείας
668 1188 905 1255 πίστεως
957 1191 1268 1264 συμφωνίᾳ.
1308 1192 1402 1257 Et;
1449 1197 1631 1264 μέντοι
1670 1196 1829 1249 Κιλι-

234 1276 370 1331 κίαν
396 1277 667 1350 ἑκατέραν
703 1279 1087 1351 γεγράφαμεν,
1140 1280 1320 1342 καίτοι
1379 1280 1568 1351 σαφῶς
1601 1282 1700 1336 οὐκ
1744 1285 1824 1336 εί-

230 1367 412 1434 δότες,
440 1370 601 1441 είπερ
623 1371 768 1434 τινές
799 1373 936 1425 εἰσιν
960 1371 1182 1426 ἐναντία
1208 1374 1275 1445 τῇ
1297 1371 1530 1445 ἀληθείᾳ
1559 1373 1826 1444 φρονοῦν-

229 1478 354 1529 τες,
401 1463 500 1518 καὶ⁵
547 1464 1033 1536 παρηγγυήσαμεν
1073 1467 1189 1531 τοῖς
1224 1464 1665 1536 θεοφιλεστάτοις
1699 1467 1827 1520 ἐπι-

233 1554 468 1619 σκόποις
492 1554 737 1626 ίχνεῦσαι
758 1548 854 1610 καὶ
883 1555 1140 1628 ζητῆσαι,
1177 1558 1335 1631 εἰπερ
1376 1559 1487 1631 ἄρα
1514 1560 1659 1623 τινές
1690 1561 1830 1614 είσιν

233 1646 322 1713 sic
372 1646 467 1702 δύο
517 1648 669 1712 υίοὺς
715 1647 1052 1721 διαιροῦντες
1090 1648 1183 1704 τὸν
1230 1648 1328 1703 ἕνα
1364 1649 1570 1722 Κύριον
1620 1649 1831 1721 Ἰησοῦν

235 1739 510 1814 Χριστόνο
545 1740 644 1795 καὶ
693 1739 728 1812 ή
770 1741 1178 1811 παραινετικῶς
1226 1742 1593 1813 σωφρονίσαι,
1648 1742 1682 1814 ἢ
1732 1743 1826 1796 τοῦ

234 1834 548 1903 καταλόγου
566 1833 801 1906 χωρίσαι
825 1833 938 1889 τῶν
960 1831 1229 1903 ἀδελφῶν.
1251 1831 1343 1905 Τῷ
1359 1833 1476 1887 δντι
1495 1833 1611 1907 γὰρ
1625 1835 1829 1904 ὁμοίως

235 1924 705 1999 ἀποστρεφόμεθα
725 1924 821 1980 καὶ
846 1926 971 1986 τοὺς
999 1924 1131 1995 μίαν
1159 1922 1323 1994 φύσιν
1353 1923 1558 1997 σαρκὸς
1582 1926 1681 1980 καὶ
1711 1923 1831 1978 θεό-

234 2029 403 2085 τητος
434 2010 772 2083 εἶναιλὲγιιν
795 2012 1136 2082 τολμῶντας,
1166 2013 1263 2066 καὶ
1292 2012 1421 2077 τοὺς
1450 2014 1530 2075 είς
1558 2011 1652 2065 δύο
1681 2012 1831 2075 υἱοὺς

242 2103 571 2176 μερίζοντας
608 2103 699 2157 τὸν
726 2102 823 2158 ινα
870 2101 1076 2173 Κύριον
1119 2101 1279 2173 ἡμῶν
1329 2101 1538 2174 Ἰησοῦν
1570 2102 1829 2174 Χριστὸν,

235 2196 345 2251 καὶ
376 2195 486 2252 τῶν
516 2193 894 2251 ἀποστολικῶν
939 2195 1081 2265 ὅρων
1110 2194 1215 2262 ἐξω
1242 2194 1448 2265 βαίνειν
1478 2192 1827 2264 ἐπιχειρούν-

231 2303 360 2351 τας.
413 2287 538 2341 Ὀτι
587 2286 645 2339 δέ
698 2284 964 2358 καὶπρὸς
1018 2285 1243 2357 εἰρήνην
1290 2284 1459 2357 ἐσμὲν
1513 2286 1828 2355 εὐτρεπεῖς,

239 2377 519 2453 θαρρείτω
550 2394 645 2433 σου
677 2380 711 2450 ή
730 2378 965 2449 όσιΜς.
999 2377 1065 2432 Et
1086 2377 1197 2449 γὰρ
1228 2378 1258 2431 ό
1294 2377 1591 2450 Προφήτης
1642 2376 1829 2447 φησίνο

245 2471 437 2526 ιΜετά
458 2470 569 2525 τῶν
592 2469 897 2542 μισούντων
933 2470 1033 2541 τὴν
1058 2470 1288 2543 είρήνην
1310 2469 1460 2541 ήμην
1491 2468 1791 2540 εἰρηνικός·
1807 2486 1825 2519 ι

234 2559 423 2631 πολλῷ
468 2560 671 2631 μᾶλλον
705 2561 869 2629 ἡμεῖς
899 2560 998 2631 τὴν
1028 2561 1173 2614 κατά
1204 2559 1340 2612 Θεὸν
1370 2560 1598 2631 είρήνην
1647 2560 1831 2612 ἀσπαο

238 2651 385 2717 στῶς
434 2651 868 2724 προσδεχόμεθα.
911 2651 1132 2722 Ἐπειδὴ
1170 2650 1355 2705 δὲκαὶ
1385 2653 1467 2714 εἰς
1514 2650 1616 2721 τὴν
1674 2650 1831 2704 Ἀλε-

238 2742 526 2814 ξάνδρειάν
553 2760 698 2807 τινες
733 2742 972 2815 ἔδραμον
1019 2741 1131 2795 τῶν
1162 2741 1242 2813 τῷ
1269 2741 1455 2812 ψεύδει
1487 2740 1832 2812 συντεθραμ-

240 2835 443 2907 μένων,
478 2835 578 2889 καὶ
632 2834 1002 2902 συκοφαντίας
1051 2832 1297 2906 ἔρραψαν
1342 2832 1466 2887 καθ’
1516 2832 1699 2904 ἡμῶν,
1736 2833 1833 2885 καὶ

235 2927 353 2990 τοῖς
380 2924 643 2988 τοιούτοις
674 2924 856 2993 λόγοις
902 2924 1169 2994 ὑπαχθεὶς
1202 2925 1230 2976 ό
1266 2922 1686 2992 θεοφιλέστατος
1732 2923 1833 2986 vi;

236 3016 452 3082 πόλεως
496 3017 715 3083 ἐκείνης
765 3015 1094 3081 ἐπίσκοπος,
1138 3014 1234 3068 καί
1274 3031 1355 3068 τοι
1390 3012 1830 3087 πληροφορηθεὶς

235 3109 309 3166 δι’
351 3108 639 3181 ἡμετέρων
666 3107 1038 3178 γραμμάτων,
1076 3104 1203 3159 τινὰ
1235 3105 1344 3159 τῶν
1394 3104 1832 3159 θεοσεϐεστάτων

1926 561 2170 633 integras
2219 574 2443 616 servare
2470 563 2483 579 ‘
2511 570 2837 615 naturarum
2886 558 3281 629 proprietates,
3314 564 3373 611 et
3418 570 3521 610 ne-

1924 668 2032 722 que
2096 653 2269 707 Deum
2327 651 2573 706 Verbum
2640 650 2721 704 in,
2749 664 2976 705 carnem
3032 647 3222 704 dicere
3291 662 3524 703 conver-

1925 758 2045 797 sum
2073 784 2087 807 ,
2130 758 2311 813 neque
2358 756 2579 797 carnem
2613 742 2671 796 in
2750 740 2975 797 deitatis
3037 749 3296 795 naturam
3344 745 3527 792 trans-

1926 833 2091 889 iisse:
2120 833 2214 888 sed
2245 833 2299 887 in
2361 848 2473 888 uno
2501 831 2643 887 Filio
2688 831 2924 887 Domino
2965 837 3162 886 nostro
3187 829 3319 885 Jesu
3362 827 3526 884 Chri-
3636 817 3644 823 ’

1927 934 2035 989 sto,
2096 924 2323 980 homine
2359 923 2505 979 facto
2559 923 2675 989 Deo
2722 922 2929 986 Verbo,
2979 919 3301 977 inconfusus
3363 934 3525 973 man-
3598 908 3603 913 ’

1925 1016 2063 1072 sissc
2110 1016 2405 1086 utriusque
2458 1021 2674 1070 naturae
2726 1014 3125 1085 proprietates.
3180 1012 3251 1067 Et
3286 1010 3523 1066 univer—
3636 1052 3641 1056 .

1925 1120 2115 1159 sorum
2177 1105 2356 1160 Deum
2411 1103 2671 1159 laudibus
2727 1102 3031 1175 extulimus
3060 1101 3133 1156 ob
3168 1099 3522 1155 divinaefldei

1929 1194 2376 1249 consensionem.
2403 1194 2743 1264 Scripsimus
2787 1202 2976 1249 autem
3008 1191 3065 1246 in
3101 1200 3398 1261 utramque
3425 1188 3545 1245 Ci-u

1928 1285 2134 1351 liciam,
2174 1286 2392 1343 tametsi
2427 1302 2537 1340 non
2579 1287 2716 1343 satis
2766 1294 3115 1357 compertum
3153 1282 3525 1346 haberemus,

1928 1395 1998 1434 an
2024 1379 2197 1450 aliqui
2254 1380 2365 1436 sint
2411 1377 2507 1449 qui
2563 1378 2789 1435 veritati
2841 1376 3123 1435 contraria
3157 1376 3424 1440 sentiant,
3465 1384 3524 1429 et

1930 1468 2027 1524 Dei
2061 1469 2475 1524 amantissimos
2521 1468 2816 1539 episcopos
2857 1467 3064 1524 hortati
3108 1481 3324 1533 sumus,
3371 1464 3530 1523 inve-

1930 1560 2139 1631 stigare
2165 1568 2225 1616 et
2269 1574 2546 1631 quaerere,
2585 1574 2657 1615 an
2684 1558 2860 1631 aliqui
2906 1560 3020 1615 sint
3049 1573 3303 1629 prorsus,
3341 1558 3439 1629 qui
3466 1558 3529 1613 in

1930 1647 2075 1703 duos
2097 1646 2242 1703 ﬁlios
2273 1646 2529 1703 dividant
2573 1663 2749 1703 unum
2785 1648 3085 1704 Dominum
3118 1647 3311 1705 Jesum
3360 1645 3529 1703 Chri—

1931 1746 2103 1804 stum,
2130 1751 2341 1808 eosque
2374 1738 2463 1793 vel
2496 1737 2852 1793 admonendo
2889 1738 3198 1810 corrigere,
3230 1737 3317 1793 vel
3358 1752 3388 1793 a
3413 1736 3531 1793 fra-

1863 1870 1903 1924 B
1933 1836 2080 1883 trum
2106 1838 2253 1884 cmtu
2293 1843 2605 1901 segregare.
2658 1830 2875 1886 Revera
2901 1831 3052 1886 enim
3078 1830 3338 1888 similiter
3366 1844 3531 1885 aver-

1937 1932 2130 1972 samur
2172 1932 2271 1973 eos
2298 1920 2397 1989 qui
2453 1933 2619 1973 unam
2674 1920 2864 1975 earnis
2904 1919 3245 1992 deitatisque
3273 1928 3529 1977 naturam

1933 2008 2124 2064 dicere
2153 2007 2382 2077 audent,
2417 2017 2475 2065 et
2508 2025 2609 2065 eos
2654 2012 2752 2081 qui
2805 2011 2865 2067 in
2910 2010 3053 2068 duos
3082 2012 3230 2067 ﬁlios
3273 2011 3534 2069 dividunt

1934 2114 2107 2167 unum
2140 2099 2439 2155 Dominum
2474 2109 2731 2156 nostrum
2765 2101 2956 2159 Iesum
2980 2104 3289 2172 Christum,
3329 2113 3386 2159 et
3400 2119 3535 2176 apo-

1933 2192 2162 2249 stolicos
2185 2192 2395 2249 limites
2421 2192 2612 2264 egredi
2633 2199 2938 2251 cenantur.
2962 2195 3122 2264 Quod
3158 2212 3296 2253 vero
3333 2196 3402 2253 ad
3429 2212 3533 2268 pa-
3592 2264 3595 2269 ν

1931 2299 2054 2340 cem
2117 2285 2289 2340 etiam
2336 2287 2514 2355 parati
2550 2286 2747 2353 simus,
2782 2301 3113 2359 persuasum
3163 2286 3366 2344 habeat
3395 2303 3532 2343 san-

1931 2376 2097 2430 etitas
2123 2383 2236 2429 tua.
2266 2374 2406 2430 Nam
2455 2376 2503 2431 si
2550 2375 2827 2447 Propheta
2879 2377 3048 2433 dicit:
3093 2378 3271 2433 «Cum
3305 2377 3394 2434 his
3434 2378 3534 2449 qui

1899 2521 1903 2525 .
1931 2467 2176 2523 oderunt
2195 2482 2389 2539 pacem
2402 2484 2557 2524 eram
2582 2468 2929 2539 pacificus“,
2943 2488 2961 2522 ι
2979 2469 3192 2541 1155
3218 2470 3398 2525 multo
3420 2484 3537 2541 ma-

1931 2560 2016 2630 gis
2038 2574 2143 2613 nos
2167 2575 2383 2629 pacem,
2430 2550 2557 2630 quae
2574 2561 2894 2616 secundum
2939 2561 3115 2616 Deum
3149 2572 3256 2629 est,
3291 2561 3537 2616 libenter

1933 2649 2347 2719 amplectimur.
2380 2649 2523 2718 Quia
2558 2667 2696 2707 vero
2730 2638 3127 2708 Alexandriam
3170 2667 3395 2724 quoque
3426 2652 3535 2707 ad—

1934 2742 2263 2797 volaverunt
2294 2742 2548 2798 nonnulli
2574 2758 2642 2797 ex
2668 2743 2735 2798 iis
2768 2743 2865 2813 qui
2893 2758 3023 2799 cum
3050 2743 3360 2799 mendaciis
3397 2751 3532 2799 sunt

1936 2830 2184 2897 educati,
2220 2839 2277 2886 et
2323 2831 2633 2886 calumnias
2683 2841 2880 2888 contra
2932 2847 3040 2888 nos
3088 2834 3537 2899 concinnarunt,

1937 2930 2105 2995 atque
2134 2923 2454 2993 huiusmodi
2490 2924 2678 2979 verbis
2709 2924 2972 2980 inductus
3022 2925 3137 2979 Deo
3174 2924 3540 2980 charissimus

1935 3014 2181 3070 civitatis
2204 3014 2357 3070 illius
2381 3015 2702 3086 episcopus,
2738 3016 2994 3086 quamvis
3025 3016 3246 3086 plenam
3288 3016 3341 3071 ei
3370 3014 3536 3070 [idem

1936 3105 2238 3162 fecerimus
2262 3106 2472 3161 litteris
2493 3107 2723 3171 nostris,
2743 3107 3228 3178 religiosissimum
3244 3108 3542 3178 quemdam

234 3201 559 3258 ἐπισχόντων
588 3195 678 3263 είς
730 3199 829 3270 τὴν
878 3197 1275 3269 βασιλεύουσαν
1316 3196 1610 3250 ἀπέστειλε
1650 3195 1829 3248 πόλιν·

1938 3197 2264 3268 episcopum
2299 3197 2370 3252 ad
2395 3197 2593 3253 urbem
2628 3200 2839 3270 regiam
2863 3200 3037 3267 misit,
3074 3200 3336 3272 dignetur
3359 3202 3542 3271 pietas

239 3292 638 3359 καταξιωσάτω
685 3308 779 3345 σου
825 3292 859 3362 ή
907 3290 1190 3344 θεοσέϐεια
1220 3290 1321 3358 τὴν
1361 3288 1571 3343 οἰκείαν
1605 3287 1828 3342 εὔνοιαν

235 3383 411 3443 δείξαι
428 3381 675 3454 συνήθως
712 3382 808 3436 καὶ
822 3380 1200 3452 ἀντιτάξαιτῷ
1221 3380 1406 3449 ψεύδει
1432 3383 1530 3452 τήν
1548 3381 1829 3452 ἀλήθειαν.

241 3525 391 3595 HQ".
439 3553 509 3566 --
534 3520 850 3588 Φλαϐιανῷ
896 3522 1213 3646 eamadch
1261 3523 1837 3578 Κωνσταντινουπό-

994 3608 1125 3646 εως.

994 3608 1125 3656 εως.

317 3727 528 3791 Πολλὰς
561 3726 661 3798 μιν
696 3728 753 3780 ἐν
780 3722 861 3796 τῷ
894 3722 1128 3795 παρόντι
1166 3722 1368 3796 καιρῷ,
1400 3723 1470 3779 τὰ
1516 3725 1695 3778 πάντα
1720 3724 1839 3777 θεο-

242 3818 558 3893 φιλέστατε,
587 3814 895 3887 τρικυμιῶν
927 3813 1231 3885 ἐδεξάμεθα
1253 3816 1583 3888 προσϐολὰς,
1615 3818 1711 3869 καὶ
1745 3816 1839 3869 τὸν

242 3908 345 3964 τοῦ
380 3905 581 3971 παντὸς
631 3902 1097 3974 ἐπικαλεσάμενοι
1142 3905 1526 3977 κυϐερνήτην,
1562 3907 1838 3977 ἀντισχεῖν

248 3998 598 4071 ἠδυνήθημεν
635 3996 774 4068 πρὸς
802 3995 895 4049 τὸν
924 3994 1191 4050 κλύδωνα·
1221 3996 1289 4050 τά
1316 3996 1370 4049 δὲ
1397 3996 1492 4050 νῦν
1534 3996 1658 4065 καθ’
1684 3996 1842 4068 ἡμῶν

244 4080 670 4163 ἐπιχειρηθέντα
695 4089 879 4141 πᾶσαν
910 4088 1182 4162 τραγικὴν
1205 4086 1526 4160 ὑπερϐαίνει
1553 4084 1835 4160 διήγησιν.

244 4182 591 4254 Νομίσαντες
620 4179 730 4251 γὰρ
756 4180 1049 4251 σύμμαχον
1077 4181 1301 4250 σχήσειν
1334 4182 1429 4234 καί
1472 4180 1732 4253 συνεργὸν
1762 4183 1843 4247 είς

245 4274 323 4330 τά
350 4273 495 4330 κατά
531 4273 633 4347 τῆς
665 4271 1033 4342 ἀποστολικῆς
1079 4272 1319 4337 πίστεως
1347 4273 1714 4344 τυρευόμενα,
1753 4274 1845 4327 τὸν

247 4365 674 4434 θεοφιλέστατον
694 4364 797 4434 τῆς
832 4362 1244 4434 Ἀλεξανδρείας
1263 4364 1588 4431 ἐπίσκοπον,
1616 4367 1710 4418 τὸν
1748 4365 1836 4418 κύ.

252 4475 374 4532 ριον
394 4457 710 4528 Διόσκορον,
743 4450 1145 4526 ἀπεστείλαμεν
1173 4455 1271 4511 ἕνα
1293 4455 1402 4509 τῶν
1429 4456 1561 4529 παρ’
1592 4458 1723 4527 ἡμῖν
1749 4458 1842 4510 εύ-

248 4546 604 4603 λαϐεστατων
637 4544 1044 4618 πρεσϐυτέρων,
1074 4546 1286 4600 συνέσει
1328 4548 1724 4619 κοσμούμενον,
1746 4565 1843 4618 με-

250 4639 323 4695 τά
358 4637 653 4692 συνοδικῶν
683 4638 1049 4710 γραμμάτων,
1079 4637 1387 4704 διδάξαντες
1417 4638 1582 4694 αὐτοῦ
1608 4640 1707 4712 τὴν
1730 4640 1847 4694 θεο-

1942 3299 2038 3345 tua
2068 3304 2227 3344 suam
2264 3288 2429 3344 nobis
2452 3290 2522 3345 de
2556 3305 2714 3346 more
2768 3291 3219 3348 benevolentiam
3249 3292 3540 3360 exhibere,

1941 3389 1999 3435 et
2029 3380 2324 3435 mendacio
2354 3380 2647 3436 veritatem
2673 3398 2980 3453 opponere.

1943 3520 2230 3578 LXXXVI.
2258 3554 2330 3564 ——
2351 3522 2614 3579 Flaviano
2648 3526 2888 3595 episcopo
2923 3524 3541 3595 Constanthwpolitano.

2013 3721 2216 3776 Multos
2237 3721 2467 3792 quidem
2496 3721 2553 3775 in
2575 3720 2682 3775 hac
2722 3722 2860 3787 vita,
2884 3721 3001 3776 Deo
3046 3737 3146 3792 per
3168 3722 3356 3778 omnia
3409 3721 3545 3778 eba-

1941 3814 2198 3879 rissime,
2243 3812 2558 3882 ingentium
2594 3812 2972 3881 procellarum
3032 3814 3278 3882 impetus
3324 3814 3548 3883 excepi-

1941 3918 2087 3969 mus,
2122 3912 2182 3959 et
2205 3904 2463 3958 invocato
2486 3902 2734 3957 universi
2764 3902 3173 3973 gubernatore,
3210 3917 3325 3957 non
3361 3904 3541 3973 impa-

1944 4012 2035 4053 res
2070 3995 2387 4066 tempestati
2411 3993 2654 4050 fuimus:
2692 4011 2816 4065 quae
2850 4009 2986 4052 vero
3021 4009 3171 4050 nunc
3200 4003 3399 4051 contra
3443 4011 3549 4051 nos

1943 4089 2255 4159 excogitata
2279 4094 2429 4151 sunt,
2463 4086 2728 4157 tragicam
2764 4074 2989 4142 omnem
3035 4088 3414 4142 narrationem
3446 4103 3547 4142 ex-

1945 4186 2233 4251 superant.
2260 4178 2386 4234 Rati
2411 4178 2561 4233 enim
2583 4193 2686 4233 nos
2708 4177 3021 4249 adjutorem
3051 4193 3116 4233 ac
3139 4176 3355 4232 socium
3376 4178 3447 4232 ad
3480 4193 3546 4235 ea

1947 4287 2073 4342 quae
2106 4280 2302 4347 contra
2340 4269 2506 4325 fidem
2537 4269 2899 4339 apostolicam
2934 4274 3233 4324 moventur
3258 4268 3551 4326 habituros

1948 4364 2063 4418 Deo
2092 4363 2481 4418 charissimum
2507 4360 2856 4417 Alexandriae
2892 4361 3219 4432 episcopum
3246 4360 3541 4416 dominum

1949 4458 2297 4523 Dioscorum,
2344 4456 2601 4519 misimus
2626 4472 2800 4510 unum
2860 4472 2927 4510 ex
2948 4455 3391 4527 religiosissimis
3422 4471 3551 4526 pre-

1949 4549 2223 4619 sbyteris,
2257 4551 2271 4567 ‘
2308 4547 2606 4617 prudentia
2656 4547 2950 4619 insignem,
2997 4542 3121 4603 cum
3169 4548 3374 4603 litteris
3423 4564 3552 4627 syn-

1950 4641 2149 4706 odieis,
2198 4640 2389 4709 pietati
2439 4640 2560 4709 eius
2597 4647 2976 4710 suggerentes,
3013 4656 3115 4695 nos
3158 4641 3214 4695 in
3241 4656 3308 4695 eo
3339 4640 3549 4696 ﬁndere

252 4731 493 4792 σέϐειαν,
517 4729 592 4793 ὼς
620 4731 741 4793 ταῖς
766 4732 1166 4801 γεγενημέναις
1186 4731 1280 4805 ἐξτὶ
1304 4730 1399 4784 τοῦ
1435 4730 1535 4800 τῆς
1567 4729 1834 4801 μακαρίας

1951 4735 2099 4805 quod
2132 4734 2236 4789 sub
2256 4733 2432 4787 beatae
2465 4733 2750 4787 memoria:
2790 4732 2999 4803 Cyrillo
3051 4734 3250 4787 initum
3301 4740 3385 4787 est
3425 4750 3550 4802 pcr-

257 4823 485 4892 μνήμης
519 4820 793 4892 Κυρίλλου
820 4820 1118 4891 συνθήκαις
1166 4823 1502 4894 ἐμμένομεν,
1532 4823 1626 4876 καὶ
1655 4824 1754 4894 τήν
1788 4840 1834 4877 τε

1956 4843 2200 4889 manere,
2231 4825 2603 4894 scriptamque
2630 4824 2700 4877 ab
2735 4838 2804 4878 eo
2839 4824 3131 4893 epistolam
3181 4825 3462 4895 ampleéti,
3491 4835 3551 4880 ct

252 4911 567 4983 παράύτοῦ
586 4916 894 4984 γραφεῖσαν
915 4914 1215 4985 στέργομεν
1234 4915 1547 4987 ἐπιστολὴν,
1562 4916 1661 4987 τήν
1680 4932 1738 4967 τε
1754 4914 1849 4969 τοῦ

258 5005 679 5076 μακαριωτάτου
717 5005 812 5058 καὶ
836 5006 893 5058 ἐν
922 5006 1099 5073 ἁγίοις
1134 5006 1479 5071 Ἀθανασίου,
1500 5007 1566 5079 ἣν
1594 5010 1729 5081 πρὸς
1760 5009 1850 5061 τὸν

259 5097 528 5167 μακάριον
572 5095 895 5167 Ἐπίκτητον
937 5091 1211 5167 ἔγραψεν,
1240 5098 1525 5162 ἀσπασίως
1557 5100 1845 5171 δεχόμεθαο

258 5187 357 5241 καὶ
401 5187 506 5256 πρό
554 5203 621 5252 γε
650 5187 897 5251 τούτων,
960 5190 1057 5257 τὴν
1104 5190 1161 5242 ἐν
1202 5189 1408 5261 Nntan
1456 5194 1555 5262 τῆς
1596 5190 1849 5256 Βιθυνίας

255 5277 576 5330 ἐκτιθεῖσαν
612 5277 793 5331 πίστιν
820 5278 925 5332 ὑπὸ
947 5279 1056 5333 τῶν
1086 5280 1257 5349 ἁγίων
1287 5282 1381 5335 καὶ
1423 5283 1707 5353 μακαρίων
1732 5285 1845 5337 [Ια-

254 5365 457 5439 τέρων.
487 5370 597 5421 Καὶ
621 5369 1077 5439 παρεκαλέσαμεν
1110 5371 1232 5434 τοὺς
1247 5370 1555 5443 τ[οι]ούτοις
1590 5373 1851 5444 ἐμμένειν

258 5460 326 5515 οὐ
376 5459 734 5531 βουλομένους
783 5461 1041 5531 ἐμμεῖναι
1073 5464 1515 5534 παρασκευάσαι.
1572 5464 1731 5518 Ἀλλά
1768 5481 1851 5528 τις

262 5549 514 5608 ἐντεῦθεν
540 5550 765 5621 δραμὼν
795 5551 904 5605 τῶν
934 5553 1192 5608 τάναντία
1214 5553 1573 5628 φρονούντων,
1608 5555 1697 5609 καὶ
1728 5556 1851 5621 τοὺς

348 5750 395 5785 ⁸⁴
426 5751 569 5808 Psal.
614 5768 756 5820 cur,
793 5752 843 5811 θ.

1954 4915 2259 4972 beatissimi
2289 4912 2579 4984 sanctique
2603 4913 2889 4969 Athanasii
2918 4914 3232 4984 epistolam,
3273 4928 3436 4983 quam
3477 4915 3546 4970 ad

1953 5009 2179 5064 beatum
2205 5006 2519 5076 Epictetum
2569 5004 3104 5074 scripsit,libenter
3150 5006 3421 5075 recipere,
3468 5013 3552 5060 at-

1958 5116 2067 5169 que
2105 5099 2232 5153 ante
2266 5097 2385 5152 inec
2418 5094 2580 5150 fidem
2618 5095 2673 5149 in
2711 5094 2893 5149 Niczea
2947 5094 3218 5166 Bithyniae
3248 5111 3278 5150 a
3343 5095 3552 5150 sanctis

1951 5192 2241 5260 beatisqne
2289 5187 2550 5243 Patribus
2596 5186 2926 5256 expositam.
2968 5187 3037 5241 Et
3069 5187 3276 5241 hortati
3332 5201 3539 5253 sumus.

1963 5282 2179 5353 1156
2204 5290 2263 5335 ut
2296 5296 2392 5335 eos
2422 5280 2595 5350 quiin
2632 5278 2722 5332 his
2756 5294 3087 5348 permanere
3138 5278 3361 5339 nolunt,
3418 5291 3547 5339 suae

1959 5372 2089 5428 deat
2114 5387 2463 5442 permanere.
2501 5370 2705 5426 Verum
2732 5369 2927 5423 abiens
2956 5369 3087 5424 hinc
3105 5368 3333 5439 quidam
3366 5384 3433 5422 ex
3480 5368 3549 5422 iis

1960 5465 2055 5535 qui
2079 5464 2358 5519 contraria
2378 5463 2647 5527 sentiunt,
2671 5471 2726 5517 et
2760 5462 3034 5517 tumultus
3062 5461 3199 5515 istos
3227 5460 3397 5521 cient,
3416 5474 3545 5513 cum

1962 5556 2182 5627 aliquos
2208 5555 2323 5611 illic
2353 5554 2685 5625 dcccpissct,
2706 5563 2761 5608 ct
2793 5561 3293 5609 sexcentascontra
3322 5567 3424 5606 nos
3454 5567 3549 5606 ca-
