4078 6320
633 308 771 377 1279
1586 314 2074 401 THEODORETI
2102 316 2437 379 EPISCOPI
2472 319 2836 382 cvmsrs
3760 320 3904 387 uso

629 418 867 475 lemnius
897 422 1181 483 tcxuisset,
1218 421 1485 478 nefandas
1532 410 1726 479 contra
1774 440 1879 480 nos
1925 426 2181 481 vocifera-

2304 426 2566 496 θορύϐους
2593 428 2817 492 τούτους
2851 427 3250 501 ἐργαζομένων,
3283 428 3639 498 ἱξαπατῆσας
3662 431 3781 485 τῶν
3805 435 3899 488 αὔ-

630 510 809 566 tioues
830 511 1145 567 suscitavit.
2037 503 2044 507 ’

2307 517 2420 570 τόθι
2456 518 2629 583 τινας,
2665 520 2758 572 καὶ
2790 519 2990 589 μυρίας
3018 520 3141 573 καθ’
3169 518 3325 591 ἡμῶν
3356 522 3733 589 συκοφαντίας
3764 525 3899 594 ὑφη-

2303 626 2421 672 νας,
2474 610 2890 680 παρεσκεύασεν
2922 610 3198 683 ἀθέσμους
3250 611 3372 664 καθ’
3406 611 3566 682 ἡμῶν
3606 612 3897 685 ἐκσοήτεις

2301 699 2582 768 γενέσθαι.

2386 790 2443 844 '0
2473 791 2532 843 δὲ
2578 789 2992 859 θεοφιλέστατος
3039 791 3337 856 ἐπίσκοπος
3362 794 3659 866 Διόσκορος
3683 799 3896 864 γέγρα-

2303 898 2401 949 φεν
2433 884 2563 951 ἡμῖν
2613 882 2925 952 ἐπιστολὴν,
2965 882 3033 953 ἣν
3078 884 3178 936 οὐκ
3212 883 3319 937 εδει
3350 883 3561 954 γράψαι
3605 885 3708 939 τὸν
3749 888 3897 957 παρὰ

2300 970 2393 1024 τοῦ
2448 972 2558 1025 τῶν
2602 973 2744 1027 ὅλων
2770 973 2907 1027 Θεοῦ
2939 974 3300 1045 μεμαθηκότα
3333 975 3504 1046 ἀκοὴν
3549 977 3803 1046 ματαίαν
3838 980 3895 1031 οὐ

2301 1064 2727 1136 παραδέχεσθαι.
2762 1065 3069 1129 Πιστεὺσας
3104 1066 3213 1139 γὰρ
3241 1068 3516 1131 τοῖςρκαθ⁹
3544 1069 3713 1139 ἡμῶν
3743 1071 3893 1141 είρηο

698 784 811 840 Deo
841 795 1023 843 autem
1046 787 1409 843 cbarissimus
1434 789 1728 859 episcopum
1757 789 2059 845 Dioscorus
2083 792 2209 861 epi-

624 878 823 932 stolam
847 878 914 933 ad
944 879 1304 949 uosscripsit,
1338 895 1502 950 quam
1539 880 1610 934 ab
1661 895 1730 935 eo
1771 882 2038 951 scriptam
2091 898 2201 937 non

623 968 830 1033 decuit,
867 972 962 1041 qui
993 971 1065 1026 ab
1095 972 1483 1026 universorum
1531 974 1643 1027 Deo
1675 973 1966 1038 didicerat,
2006 990 2198 1029 vocem

624 1060 896 1117 mendacii
925 1077 1034 1116 non
1079 1064 1381 1132 suscipere.
1439 1063 1628 1118 Fidem
1687 1066 1840 1120 enim
1891 1067 1960 1121 iis
1990 1068 2204 1122 habens

621 1167 745 1220 qua:
772 1159 966 1206 contra
999 1166 1102 1208 nos
1128 1152 1274 1208 dicta
1299 1152 1539 1218 fuerant,
1565 1156 1722 1223 quasi
1771 1165 2029 1212 accurate
2080 1160 2181 1212 sin-

2303 1154 2508 1223 μένοις,
2556 1154 2632 1218 ὼς
2672 1154 2916 1225 ἀκριϐῶς
2965 1155 3171 1233 τούτων
3216 1156 3771 1224 ἐκαστον-ἑξετάσας.
3803 1161 3893 1214 καὶ

619 1242 745 1311 gula
771 1243 1159 1308 examinasSet,
1187 1259 1252 1299 ac
1296 1245 1584 1299 veritatem
1619 1262 1721 1315 per
1774 1256 2053 1303 tormenta
2092 1266 2181 1304 ex-

2300 1245 2362 1297 ὲκ
2385 1248 2482 1315 τῆς
2510 1246 2745 1316 βασάνου
2799 1246 3135 1318 μεμαθηκὼς
3177 1245 3478 1320 ίτῇληθές,
3508 1250 3690 1314 οὕτως
3735 1252 3890 1321 ἡμῶν

620 1332 938 1402 pressisset.
999 1335 1075 1389 ita
1130 1349 1230 1389 nos
1274 1336 1679 1390 condemnavit.
1739 1336 1845 1392 Sed
1871 1354 1973 1394 nos
1992 1339 2181 1393 calum

2298 1337 2729 1407 κατεψηφίσατο.
2770 1338 2911 1392 Ἀλλ’
2959 1340 3120 1409 ἡμεῖς
3168 1337 3426 1406 γενναίως
3465 1337 3565 1410 τὴν
3613 1357 3886 1409 συκοφαν-

620 1422 770 1475 niam
801 1421 928 1477 forti
955 1423 1141 1477 animo
1164 1424 1521 1493 pertulimus,
1556 1428 1720 1497 eique
1746 1426 1969 1483 blandis
1989 1429 2181 1484 litteris

2295 1425 2419 1479 τίαν
2468 1426 2800 1497 ἠνέγκαμεν,
2854 1428 2949 1483 καὶ
2989 1433 3246 1500 χρηστοῖς
3276 1431 3599 1500 γράμμασιν
3646 1432 3888 1503 ﬁget-4d-

620 1512 1028 1582 rescripsimus,
1064 1523 1120 1570 et
1153 1517 1345 1584 pietati
1377 1519 1503 1589 ejus
1522 1518 1869 1580 ostendimus
1914 1519 2049 1574 falsa
2074 1536 2181 1575 esse

2301 1517 2465 1587 μεθα,
2521 1520 2614 1572 καὶ
2668 1520 3009 1591 πεπείκαμεν
3057 1520 3227 1574 αὐτοῦ
3278 1522 3381 1592 τὴν
3428 1520 3789 1586 θεοσέϐειαν,
3817 1524 3889 1587 ὡς

618 1600 735 1655 haec
766 1604 970 1665 omnia,
1000 1604 1326 1675 nullumque
1356 1608 1469 1662 Deo
1503 1609 1955 1664 charissimorum
1992 1609 2181 1665 Orien-

2298 1610 2474 1662 πάντα
2497 1608 2668 1665 ταῦτα
2697 1610 2891 1681 ψευδῆ,
2918 1612 3013 1664 καὶ
3037 1611 3113 1675 ὡς
3131 1612 3304 1677 οὐδεὶς
3323 1613 3440 1667 τῶν·
3457 1614 3559 1684 τῆς
3597 1614 3887 1684 ’λνατολῆς

616 1691 689 1745 tis
707 1691 1091 1762 episcoporum
1131 1695 1203 1748 ab
1232 1698 1553 1765 apostolicis
1590 1700 1941 1769 dogmatibus
1972 1700 2181 1755 dissen—

2299 1700 2732 1770 θεοφιλεστάτων
2762 1704 3079 1757 ιπισκόπων
3110 1705 3327 1758 ἐναντία
3357 1707 3466 1768 τοϊς
3506 1706 3897 1769 ἀποστοὶιιοοῖς

612 1783 739 1837 tire.
772 1782 928 1848 Quod
948 1794 1005 1838 et
1029 1788 1461 1857 religiosissimis
1487 1791 1732 1856 clericis,
1763 1792 1864 1861 qui
1889 1792 1959 1846 ab
2002 1808 2069 1847 eo
2102 1809 2181 1848 ve-

2302 1769 2492 1864 φρονεῖ
2517 1793 2810 1863 δόγμασιν.
2850 1794 3220 1865 Ἐπείσθησαν
3250 1795 3305 1849 δὲ
3334 1797 3428 1848 καὶ
3456 1795 3525 1848 δι’
3553 1797 3740 1868 αὐτῆς
3787 1798 3891 1851 τῶν

614 1883 835 1939 nerant,
861 1874 980 1945 ipsa
1006 1892 1192 1931 rerum
1223 1880 1573 1948 experientia
1612 1897 1938 1951 persuasum
1983 1892 2088 1938 est.
2126 1884 2195 1938 At

615 1963 709 2017 ille
739 1966 999 2021 erunibus
1030 1969 1215 2023 valere
1236 1970 1425 2039 jussis,
1461 1981 1517 2025 et
1542 1972 2009 2030 calumniantibus
2030 1992 2195 2031 aures

618 2055 862 2121 tradens,
904 2072 1019 2111 rem
1057 2074 1347 2129 aggressus
1389 2071 1493 2125 est,
1534 2078 1655 2132 quae
1689 2064 1849 2118 credi
1873 2067 2194 2122 nullatenus

610 2155 804 2214 queat,
842 2148 949 2202 nisi
984 2156 1181 2204 testem
1225 2151 1459 2207 haberet
1494 2154 1819 2210 Ecclesium.
1844 2157 1999 2211 Tulit
2036 2160 2187 2213 enim

610 2238 739 2293 illos
764 2240 859 2308 qui
884 2240 1047 2295 nobis
1074 2243 1366 2298 anathema
1418 2244 1696 2312 dicebant,
1764 2264 2104 2320 surgeusque
2138 2259 2195 2307 et

612 2329 923 2384 acclamans
978 2331 1201 2385 illorum
1244 2349 1407 2390 voces
1452 2336 1811 2392 conﬁrmavit.
1851 2339 2054 2395 Adhme
2093 2342 2193 2396 ali-

611 2432 751 2486 quos
772 2434 838 2471 ex
865 2418 979 2473 Deo
998 2418 1343 2477 charissimis
1371 2425 1652 2495 episcopis
1676 2429 1732 2483 in
1764 2429 1960 2484 urbem
1984 2433 2189 2502 regiam

607 2508 778 2573 misit,
822 2517 879 2563 ut
902 2512 1238 2581 accepimus,
1295 2516 1536 2585 majores
1571 2533 1800 2587 sperans
1854 2533 2045 2577 contra
2086 2541 2187 2581 nos

613 2602 887 2654 tumultus
909 2603 1250 2658 excitandos.
1280 2605 1389 2660 Nos
1416 2623 1547 2661 vero
1564 2610 1805 2677 primum
1840 2613 2189 2671 defensorem

606 2691 871 2745 habemus
884 2695 1130 2747 omnium
1151 2695 1512 2765 inSpeetorem
1537 2700 1730 2756 Deum.
1756 2704 1860 2759 Pro
1899 2706 2101 2761 divinis
2124 2708 2197 2762 si-

602 2783 823 2852 quidem
841 2786 960 2855 ejus
974 2785 1321 2856 dogmatibus
1337 2787 2030 2850 dimicamnsﬂeiudevero
2051 2806 2195 2853 tuam

600 2887 822 2941 quoque
848 2875 1193 2929 sanctitatem
1222 2875 1582 2941 obtestamur,
1627 2887 1685 2931 ut
1733 2893 2099 2951 oppugnatam
2131 2885 2197 2939 ﬁ-

600 2961 727 3017 dem
760 2969 997 3029 tueatur,
1034 2973 1091 3019 et
1119 2980 1221 3035 pro
1251 2968 1583 3022 conculcatis
1625 2969 1837 3041 1157
1890 2976 2196 3031 eanonibus

2303 1884 2646 1953 πραγμάτων
2700 1885 2802 1954 τῆς
2847 1885 3055 1955 πείρας
3094 1886 3190 1940 καὶ
3235 1887 3286 1939 ol
3328 1886 3731 1950 ἀποσταλέντες
3762 1888 3889 1956 παρ’

2300 1974 2467 2028 αὐτοῦ
2498 1974 2884 2029 εὑλαὸέστατοι
2918 1976 3193 2047 κληρικοί.
3238 1980 3298 2030 '0
3322 1978 3379 2031 δὲ
3408 1978 3577 2031 πᾶσιν
3609 1979 3889 2047 ἓῤῥῶσθαι

2300 2067 2536 2137 φράσας,
2586 2068 2680 2120 καὶ
2727 2070 2839 2129 τοῖς
2894 2068 3290 2135 συκοφαντοῦσι
3327 2069 3428 2133 τὰς
3473 2069 3648 2133 ἀκοὰς
3679 2070 3887 2133 ἐκδοὺς,

2299 2161 2532 2229 πρᾶγμα
2568 2159 2869 2230 πεποίηκεν
2897 2159 3150 2228 οὐδαμῶς
3182 2154 3541 2231 πισπυθῇναι
3563 2159 3887 2231 δυνάμεων.

2298 2244 2348 2301 ει
2403 2251 2479 2320 μὴ
2530 2252 2710 2304 πᾶσαν
2754 2245 2867 2321 εἶχε
2930 2250 3311 2323 μαρτυροῦσαν
3365 2250 3464 2320 τὴν
3534 2252 3886 2322 Ἐκκλησίαν.

2312 2339 2599 2412 Ἠνέσχετο
2621 2340 2720 2411 μὲν
2746 2341 2854 2413 γὰρ
2882 2341 2990 2395 τῶν
3019 2341 3530 2410 ἀναθεματιζόντων
3556 2344 3734 2413 ἡμᾶς’
3760 2344 3893 2395 ἀνα-

2301 2431 2433 2495 στὰς
2472 2432 2530 2484 δὲ
2580 2433 2676 2486 καὶ
2726 2432 3131 2502 προσφωνήσας
3177 2430 3401 2484 ἐκείνων
3454 2430 3645 2501 φωνὰς
3693 2433 3887 2485 £2156:-

2303 2521 2528 2576 σαίωσε.
2560 2522 2707 2592 Πρὸς
2734 2521 2791 2575 δὲ
2822 2522 3053 2585 τούτοις,
3086 2521 3182 2575 καί
3207 2539 3361 2585 τινας
3393 2521 3503 2574 τῶν
3530 2522 3889 2591 θεοφιλεστάι

2298 2629 2407 2666 των
2433 2613 2748 2666 ἐπισκόπων
2776 2613 2857 2676 είς
2886 2612 2984 2683 τὴν
3017 2609 3410 2683 βασιλεὼυσαν
3438 2611 3795 2669 ἀπέστειλεν.·
3814 2615 3888 2675 ἐκ

2300 2704 2565 2774 ἔγνωμεν,
2597 2703 2771 2767 πόλιν,
2815 2703 3049 2773 αὐξῆσαι
3088 2704 3215 2766 τοὺς
3261 2702 3383 2755 καθ’
3432 2702 3589 2772 ἡμῶν
3624 2704 3891 2774 θορύϐους

2300 2794 2553 2857 ἐλπίζων.
2600 2794 2793 2864 Ἡμεῖς
2834 2793 2890 2846 δὲ
2940 2795 3155 2865 πρῶτον
3188 2794 3285 2864 μὲν
3314 2793 3407 2847 τὸν
3439 2793 3549 2846 τῶν
3583 2794 3728 2848 ὅλων
3766 2795 3890 2848 Ἐπ-

2298 2884 2470 2955 όπτην
2493 2884 2778 2957 πρόμαχον
2809 2884 3027 2954 ἔχομεν’
3064 2883 3206 2954 ὑπὲρ
3226 2883 3334 2955 γὰρ
3374 2884 3483 2937 τῶν
3517 2882 3683 2938 θείων
3718 2885 3888 2940 αὐτοῦ

2296 2976 2584 3045 δογμάτων
2637 2976 3040 3045 ἀγωνιζόμεθα.
3097 2977 3330 3032 Ἔπειτα
3372 2981 3430 3029 δὲ
3480 2977 3574 3030 καὶ
3626 2976 3731 3047 τὴν
3790 2976 3889 3047 σὴν

605 3052 875 3107 decertet.
908 3054 1078 3109 lnilla
1104 3058 1307 3126 quippe
1349 3058 1498 3128 regia
1535 3060 1671 3114 urbe
1698 3064 2008 3135 congregati
2045 3066 2181 3122 beati

2296 3067 2604 3137 ἁγιωσύνην
2631 3066 3056 3139 παρακαλοῦμεν
3081 3070 3179 3138 τῆς
3200 3066 3613 3137 πολεμουμένης
3647 3058 3893 3131 πίστεως

603 3140 940 3207 Patres,eum
968 3144 1036 3196 iis
1062 3144 1156 3212 qui
1172 3144 1315 3213 apud
1327 3145 1561 3202 Nicaeam
1578 3163 1951 3207 convenerant
1968 3158 2189 3226 conspi-

600 3240 803 3297 rantes,
832 3232 1097 3288 .limceses
1117 3235 1507 3300 distinxerunt,
1533 3248 1589 3293 et
1606 3255 1703 3294 sua
1727 3242 2025 3314 unicuique
2051 3246 2189 3302 dim-

598 3323 713 3377 cesi
756 3324 1125 3394 assignarunt,
1179 3336 1368 3396 aperte
1417 3330 1816 3386 interdicentes
1870 3350 1939 3389 ex
2003 3336 2179 3393 altera

599 3427 908 3481 quosquam
942 3414 1166 3469 dioecesi
1222 3416 1453 3471 alteram
1497 3422 1513 3438 '
1568 3419 1829 3476 invadere
1865 3440 1878 3477 :
1914 3425 2010 3480 sed
2061 3426 2187 3483 Ale-

600 3504 840 3559 xandria:
869 3506 1185 3575 episcopum
1217 3508 1434 3580 Egypti
1460 3515 1841 3568 tantummodo
1886 3532 1975 3570 res
2006 3519 2185 3574 admi-

599 3595 857 3659 nistrare,
874 3605 930 3650 et
950 3612 1045 3651 sua
1083 3599 1329 3670 singulas
1355 3600 1645 3657 diteceses.
1680 3604 1780 3659 Hic
1806 3609 2176 3680 verolegibus

601 3684 721 3740 istis'
752 3688 1100 3756 acquiescere
1124 3707 1232 3743 non
1256 3691 1393 3755 vult,
1435 3693 1528 3746 sed
1570 3709 1790 3749 sursum
1830 3713 1894 3752 ac
1923 3699 2184 3756 deorsum

600 3778 745 3832 beati
768 3778 931 3833 Marci
952 3780 1137 3834 sedem
1158 3781 1409 3837 obtendit
1432 3801 1446 3836 :
1468 3785 1633 3855 idque
1651 3803 1775 3841 eum
1794 3789 2005 3858 liquido
2022 3792 2183 3847 intel-

598 3870 749 3942 ligat,
763 3871 1119 3943 Megalopolin
1132 3874 1604 3931 Antiochenorum
1626 3882 1805 3950 magni
1824 3882 1973 3937 Petri
1990 3884 2179 3939 sedem

599 3960 824 4027 habere,
854 3964 949 4031 qui
1004 3962 1153 4017 beati
1203 3964 1371 4020 Marci
1425 3968 1691 4038 magister
1728 3979 1873 4036 erat,
1905 3971 2177 4044 chorique

595 4050 970 4119 apostolorum
1020 4052 1279 4123 princeps
1326 4064 1382 4110 et
1432 4058 1776 4128 coryphaaus.
1824 4060 2028 4117 Verum
2076 4081 2177 4121 nos

594 4142 740 4197 sedis
769 4142 1165 4198 sublimitatem
1204 4144 1485 4201 novimus:
1513 4163 1613 4203 nos
1646 4148 1794 4219 ipsos
1828 4167 1958 4207 vero
1975 4170 2178 4226 cogno-

592 4232 796 4289 scimus
821 4242 876 4288 et
902 4235 1188 4290 metimur.
1223 4234 1604 4295 Humilitatem
1637 4244 1789 4298 enim
1814 4247 2172 4314 apostolicam

592 4338 623 4377 a
662 4325 931 4395 principio
950 4326 1267 4385 didicimus.
1303 4329 1663 4388 Sanctitatem
1699 4350 1868 4404 porro
1898 4346 2049 4394 tuam
2074 4340 2172 4395 ob-

2297 3161 2709 3231 ὑπερμαχῆσαι,
2735 3161 2827 3212 καὶ
2853 3159 2962 3213 τῶν
2985 3159 3338 3231 πατηθέντων
3366 3160 3889 3229 ὑπεραγωνίσασθαι

2294 3252 2553 3305 κανόνων.
2594 3252 2682 3304 Ἐν
2708 3250 2893 3321 ἐκείνη
2918 3250 3029 3321 γὰρ
3065 3254 3131 3321 τῇ
3182 3250 3542 3323 βασιλευούσῃ
3570 3251 3728 3304 πόλει
3762 3268 3891 3305 συν-

2290 3341 2536 3405 ελθόντες
2583 3342 2631 3394 οἱ
2689 3341 2951 3411 μακάριοι
2995 3341 3257 3409 Πατέρες,
3298 3338 3610 3409 συμφώνως
3652 3342 3773 3402 τοῖς
3828 3343 3888 3394 ἐν

2289 3434 2493 3505 Νικαίᾳ
2551 3432 2983 3503 συναθροισθείσι
3057 3432 3157 3497 τὰς
3217 3433 3516 3501 διοικήσεις
3574 3431 3886 3500 διέκριναν,
3946 3510 3953 3515 ἲ

2289 3527 2381 3579 καὶ
2438 3528 2640 3597 ἑκάστη
2690 3527 2958 3596 διοικήσει
3013 3527 3086 3579 τὰ
3117 3526 3319 3596 ἑαυτῆς
3358 3524 3689 3593 ἀπένειμαν,
3724 3525 3882 3577 ἄντι-

2287 3636 2422 3689 κρυς
2479 3617 2997 3688 ἀπαγορεύσαντες,
3060 3620 3117 3683 ἐξ
3173 3619 3442 3685 ἑκατέρας
3517 3616 3649 3687 (54)
3720 3618 3881 3680 τινὰς

2284 3710 2602 3781 διοικήσεως
2656 3710 2821 3780 ἑτέρᾳ.
2877 3709 2952 3781 μὴ
3005 3708 3237 3762 ἐπιέναι·
3298 3707 3434 3761 ἀλλὰ
3484 3708 3577 3760 τδν
3616 3706 3878 3773 Ἀλεξαν-

2283 3801 2468 3871 δρείας
2510 3800 2807 3853 ἐπίσκοπον
2858 3800 2929 3853 τὰ
2984 3800 3081 3869 τῆς
3140 3798 3423 3868 Αἰγύπτου
3453 3798 3588 3869 μόνα
3624 3799 3877 3861 διοικεῖν,

2282 3893 2377 3945 καὶ
2425 3892 2663 3960 ἑκάστην
2710 3891 2978 3962 διοίκησιν
3016 3892 3082 3944 τὰ
3113 3892 3309 3944 οίκεῐα.
3353 3892 3414 3945 ’0
3442 3890 3499 3944 δὲ
3524 3890 3739 3954 τούτοις
3775 3894 3878 3961 ἐμ-

2284 3981 2464 4052 μένειν
2493 3983 2604 4044 τοῖς
2637 3981 2782 4052 ὅροις
2829 3981 2889 4033 οὐ
2950 3979 3218 4051 βούλεται,
3250 3980 3365 4035 ἀλλ’
3415 3980 3529 4034 ἄνω
3577 3982 3673 4034 καὶ
3718 3982 3878 4035 κάτω

2278 4072 2370 4125 τοῦ
2415 4071 2687 4143 μακαρίου
2718 4072 2946 4140 Μάρκου
2984 4070 3074 4124 τὸν
3122 4070 3311 4142 θρόνον
3345 4072 3735 4143 προῦἀλλεται*
3772 4076 3874 4129 καὶ

2276 4164 2449 4217 ταῦτα
2481 4162 2666 4231 σαφῶς
2696 4161 2870 4229 εἰδὼς,
2893 4162 2967 4227 ὡς
2996 4162 3089 4216 τοῦ
3120 4162 3356 4232 μεγάλου
3378 4164 3714 4235 Πέτρουτδν
3740 4163 3870 4234 θρό⁴

2276 4274 2365 4310 νον
2415 4258 2447 4325 ἡ
2488 4258 2809 4325 Ἀντιοχέων
2858 4256 3218 4327 μεγαλόπολις
3245 4256 3378 4326 ἔχει,
3407 4256 3465 4320 ὃς
3495 4257 3593 4310 καὶ
3629 4255 3724 4310 τοῦ
3759 4276 3867 4327 μα-

2275 4349 2465 4419 καρίου
2516 4348 2753 4419 Μάρκου
2797 4345 3115 4410 διδάσκαλος
3158 4342 3249 4418 ἦν,
3298 4348 3393 4400 καὶ
3436 4346 3529 4400 τοῦ
3561 4345 3725 4418 χοροῦ
3759 4349 3869 4399 τῶν

591 4430 890 4484 sacramus,
931 4428 993 4473 ut
1019 4436 1197 4491 neque
1252 4433 1473 4480 sanctos
1532 4443 1773 4484 031101185
1815 4434 2172 4500 proculcatas

2287 4439 2591 4493 ὶποστὸὶων
2640 4438 2863 4510 πρῶτος
2904 4439 2999 4492 καὶ
3039 4439 3357 4510 κορυφαῖος.
3400 4437 3541 4491 Ἀλλ’
3573 4440 3740 4507 ἡμεῖς
3770 4438 3862 4491 τοῦ

589 4508 1170 4581 ἀεερίοιυι,ειεαιιειω
1208 4516 1334 4572 ﬁdei
1366 4518 1739 4577 defensionem
1776 4523 1940 4578 alacri
1974 4527 2163 4580 animo

593 4599 877 4669 suscipiat.
912 4602 972 4657 In
1001 4602 1103 4658 hac
1131 4618 1369 4675 namque
1404 4608 1640 4677 positam
1699 4610 1971 4666 habemus
2014 4628 2169 4682 spem

589 4691 907 4761 salutis,per
922 4710 1151 4767 eamque
1164 4713 1266 4753 nos
1282 4699 1498 4755 veniam
1508 4700 1808 4772 adepturos
1817 4703 2166 4760 conﬁdimus.

2278 4531 2377 4600 μὲν
2412 4531 2525 4599 (55)
2551 4530 2741 4603 θρόνου
2771 4530 2831 4583 τὸ
2866 4529 2999 4600 ὕψος
3029 4530 3391 4600 ἐπιστάμεθα.
3418 4531 3652 4593 ἑαυτοὺς
3680 4531 3736 4583 δὲ
3770 4532 3864 4585 καὶ

2268 4621 2609 4691 γινώσκομεν
2656 4622 2749 4673 καὶ
2796 4620 3128 4692 μετροῦμεν.
3180 4621 3293 4691 Τὴν
3330 4620 3438 4691 γὰρ
3491 4621 3861 4690 ἁποστολικὴν

2269 4709 2771 4779 ταπεινοφροσύνην
2818 4708 3023 4763 ἄνωθεν
3073 4708 3497 4781 μεμαθήκαμεν.
3530 4710 3648 4781 Τὴν
3674 4710 3732 4763 δὲ
3764 4711 3861 4781 σὴν

587 4782 841 4853 ότιότητα
864 4789 1308 4861 παρακαλοῦμεν,
1344 4794 1483 4866 μήτε
1510 4796 1637 4857 τοὺς
1668 4795 1856 4862 ἁγίους
1874 4797 2101 4862 κανόνας
2128 4801 2504 4872 πατουμένους
2535 4802 2907 4872 παριδεῖν,κα“ι
2929 4802 3020 4870 τῆς
3038 4801 3186 4865 θείας
3211 4801 3443 4865 πίστεως
3467 4802 3857 4873 ὑπερμαχῆσαι

589 4875 904 4948 προθύμως.
924 4882 1015 4945 Εἰς
1039 4883 1239 4955 ταύτην
1259 4886 1366 4959 γὰρ
1395 4886 1589 4959 ἔχομεν
1625 4890 1811 4944 ἐλπίδα
1843 4892 1940 4961 τῆς
1972 4894 2268 4965 σωτηρίας,
2293 4896 2385 4951 καὶ
2405 4897 2489 4949 διὰ
2524 4897 2728 4965 ταύτην
2778 4899 2959 4967 τυχεῖν
2991 4896 3382 4967 προσδοκῶμεν
3421 4897 3851 4969 φιλανθρωπίας.

657 4990 728 5047 Ut
759 5002 943 5048 autem
969 4997 1074 5053 hoc
1101 5014 1324 5070 quoque
1350 5002 1613 5058 sanctitas
1643 5013 1732 5058 tua
1760 5020 1871 5061 non
1925 5006 2158 5077 ignoret,

587 5080 749 5145 scito,
786 5082 1029 5152 domine,
1064 5089 1204 5145 hanc
1234 5091 1389 5147 illum
1419 5093 1713 5149 adversata
1744 5111 1845 5150 nos
1876 5097 2161 5166 pusillani-

587 5174 832 5230 mitatem
854 5193 1069 5248 gerere,
1097 5198 1165 5237 ex
1187 5199 1298 5253 quo
1324 5186 1602 5255 tyuodicis
1630 5190 1831 5244 vestris
1858 5190 1963 5245 sub
1988 5191 2161 5247 beatae

588 5268 865 5324 memoriae.
902 5270 1099 5326 Proclo
1124 5272 1284 5329 factis
1328 5286 1642 5332 sanctorum
1679 5278 1904 5337 Patrum
1960 5282 2163 5352 regulis

588 5360 925 5417 inhaerentes
957 5367 1324 5429 assensimus;
1351 5384 1417 5425 ac
1447 5370 1516 5426 de
1538 5371 1644 5425 hoc
1672 5386 1772 5427 nos
1800 5372 1967 5427 semel
1992 5382 2159 5445 atque

590 5450 789 5505 iterum
824 5452 1161 5524 increpasse,
1179 5459 1335 5529 quasi
1365 5470 1421 5516 et
1442 5459 1938 5529 Antiochenorum,
1973 5473 2033 5518 ut
2060 5465 2157 5529 ait,

588 5542 1155 5603 etAlexandrinorum
1183 5551 1308 5622 jura
1337 5553 1767 5623 prodiderimus.
1807 5554 2011 5612 [lorum
2042 5573 2157 5613 mc—

662 5697 771 5773 (54)
807 5702 998 5775 ἑτέρας
1038 5708 1206 5777 Neap.

2337 5010 2457 5064 Ἵνα
2479 5010 2533 5063 δὲ
2565 5012 2698 5081 μηδὲ
2740 5012 2900 5064 τοῦτο
2940 5011 3189 5079 ἁγνοήσῃ
3238 5026 3333 5062 σου
3368 5011 3401 5080 ἡ
3434 5007 3676 5078 ὁσιότης,
3721 5012 3850 5075 ἴσθι,

2263 5102 2520 5164 δέσποτα,
2548 5102 2623 5164 ὡς
2666 5100 2764 5171 τὴν
2801 5103 2936 5172 πρὸς
2978 5103 3126 5172 ἡμᾶς
3180 5100 3306 5170 ἔσχε
3355 5100 3753 5173 μικραξιυχίαν.
3790 5102 3849 5166 ἐξ

2262 5186 2323 5244 οὗ
2355 5194 2466 5255 τοῖς
2503 5194 2631 5263 παρ’
2667 5194 2798 5264 ὑμῖν
2842 5193 3236 5262 γεγενημένοις
3285 5190 3586 5254 συνοδικοῖς
3617 5195 3715 5246 ἐπὶ
3758 5194 3845 5247 τοῦ

2262 5284 2363 5351 τῆς
2391 5283 2667 5352 μακαρίας
2698 5284 2919 5353 μνήμης
2951 5282 3196 5353 Πρόκλου
3228 5281 3586 5351 συνεθέμεθα,
3608 5287 3721 5347 τοῖς
3742 5284 3846 5336 τῶν

2265 5375 2437 5442 ἁγίων
2483 5373 2742 5444 Πατέρων
2776 5373 3003 5427 κανόσιν
3047 5372 3542 5444 ἀκολουθήσαντες·
3580 5377 3678 5427 καὶ
3720 5375 3845 5443 περὶ

2264 5465 2453 5517 τούτου
2504 5465 2597 5517 καὶ
2637 5463 2787 5528 ἆπαξ
2820 5465 2950 5535 ἡμῖν
2992 5465 3085 5517 καὶ
3122 5463 3203 5525 δὶς
3237 5464 3579 5525 ἐνεκάλεσεν,
3603 5464 3680 5527 ὡς
3708 5480 3841 5534 προ·-

2264 5558 2517 5613 ὃεδωκόσι
2549 5558 2641 5611 καὶ
2670 5560 2765 5628 τῆς
2793 5558 2838 5609 ’.-‘
2859 5560 3130 5627 ντιοχέων,
3150 5557 3407 5624 ὠςλέγει,
3442 5558 3655 5627 καὶτῆς
3697 5559 3829 5612 Ἀλε-

2334 5714 2447 5784 (55)
2482 5714 2577 5785 μέν
2603 5712 2888 5768 addiderat
2923 5712 3091 5783 Neap.
