4078 6320
275 388 411 457 1281

1519 388 1882 453 EPISTOLA
1920 386 2297 449 LXXXVIII.

3425 385 3559 452 1282

270 504 548 577 ξανδρέων
593 502 921 574 Ἐκκλησίας
968 505 1035 558 τά
1082 504 1291 558 δίκαια.
1329 499 1547 557 Τούτων
1573 498 1861 573 μεμνημέ-

1976 512 2106 564 rnor,
2142 510 2491 570 tempusque,
2528 509 2590 555 ut
2627 500 2679 557 ei
2712 501 2890 557 visum
2920 511 3026 565 est,
3052 508 3270 562 nactus,
3314 498 3560 555 inimici-

269 614 384 660 νος,
416 594 509 650 καὶ
556 593 750 662 καιρὸν
774 592 973 665 εὑρὼν,
1003 594 1081 657 ὼς
1120 593 1381 657 ὑπέλαϐε,
1413 592 1512 665 τὴν
1535 591 1861 661 δυσμένειαν

268 686 493 753 ἔδειξεν.
537 685 702 740 Ἀλλὰ
734 686 835 757 τῆς
862 686 1125 757 ἀληθείας
1152 685 1307 740 οὐδὲν
1338 684 1710 757 ἰσχυρότερον.
1737 677 1859 734 Οἵδε

266 780 382 851 γὰρ
426 778 571 849 αὕτη
614 779 712 832 καὶ
751 777 821 831 δι’
860 778 1061 846 ὁλίγων
1102 780 1282 849 νικᾷν.
1321 774 1635 848 Παρακαλῶ
1674 773 1732 826 δέ
1768 790 1860 826 σου

265 872 372 944 τὴν
400 870 688 940 ἀγιὸτητα,
716 872 813 925 καὶ
851 869 1219 940 μνημονεύειν
1255 869 1415 939 ἡμῶν
1465 869 1523 920 ὲν
1566 868 1687 928 ταῖς
1724 863 1862 936 πρὸς

262 963 364 1017 τὸν
408 962 615 1036 Κύριον
681 965 1035 1034 προσευχαῖς,
1089 964 1178 1017 ἵνα
1226 961 1503 1031 ἀντισχεῖν
1541 957 1862 1029 δυνηθῶμεν

266 1056 412 1126 πρὸς
436 1055 508 1109 τὰ
532 1054 768 1126 διάφορα
791 1053 1035 1125 κύματα.
1734 1060 1737 1061 ⁷

478 1169 603 1222 112'.
632 1197 705 1210 —
732 1168 938 1237 Δόμνῳ
963 1168 1277 1233 ἐπισκόπῳ
1314 1167 1646 1237 Ἀπαμείας.

359 1278 418 1331 '0
460 1277 562 1348 μὲν
600 1278 702 1349 τῆς
751 1278 1107 1348 φιλαδελφίας
1176 1278 1377 1351 ἀπῄτει
1424 1277 1611 1349 νόμος,
1661 1275 1864 1341 πολλὰς

270 1370 423 1440 ἡμᾶς
456 1369 515 1424 έν
556 1369 635 1440 τῷ
676 1369 907 1441 παρόντι
940 1369 1118 1441 καιρῷ
1154 1368 1412 1435 δέξασθαι
1445 1370 1595 1439 παρά
1625 1368 1726 1439 τῆς
1765 1368 1864 1437 σῆς

267 1457 553 1529 φιλοθεῖας
604 1459 920 1523 ἐπιστολάς.
959 1462 1263 1533 Παρεγγυᾷ
1301 1460 1411 1532 γὰρ
1456 1463 1484 1515 ὁ
1517 1460 1662 1523 θεῖος
1702 1460 1865 1513 Ἀπό-

196 1618 203 1621 1
269 1548 483 1617 στολος,
521 1569 540 1603 ι
566 1549 776 1605 κλαίειν
830 1549 972 1620 μετά
1004 1550 1323 1619 κλαιόντων,
1357 1550 1452 1605 καὶ
1481 1551 1695 1623 χαίρειν
1724 1550 1865 1621 μετὰ

265 1642 596 1714 χαιρόντων.
622 1661 642 1695 ι
690 1642 993 1713 Ἐδεξάμην
1023 1643 1080 1697 δὲ
1116 1634 1396 1715 οὐδεμίαν,
1456 1644 1635 1698 καίτοι
1686 1660 1867 1716 παρα-

264 1732 583 1804 γενομένων
604 1733 836 1805 ἔναγχος
861 1734 999 1805 πρὸς
1027 1736 1176 1806 ἡμᾶς
1198 1735 1308 1789 τῶν
1334 1752 1392 1789 τε
1421 1735 1864 1790 θεοσεὸεστάτων

1968 590 2073 644 tias
2096 590 2383 661 patefecit.
2425 590 2535 647 Sed
2569 592 2806 649 veritate
2834 592 2973 647 nihil
3008 600 3094 648 est
3113 590 3415 662 potentius.
3455 590 3563 646 Po-

1965 688 2075 736 test
2107 681 2258 737 enim
2294 682 2388 737 illa
2461 682 2682 755 1158
2718 684 2888 739 etiam
2920 698 3048 738 eum
3084 682 3276 751 paucis
3313 681 3560 735 vincere.

1964 770 2077 827 Oro
2106 780 2294 827 autem
2320 772 2672 828 sanctitatem
2734 780 2910 841 tuam,
2952 782 3015 827 ut
3043 769 3223 825 nostri
3290 768 3457 823 etiam
3506 772 3563 823 in

1964 862 2083 918 suis
2103 863 2172 918 ad
2208 863 2506 918 Dominum
2535 862 2800 933 precibus
2843 860 3193 925 recordetur,
3225 871 3336 927 quo
3386 859 3564 930 possi-

1964 969 2092 1010 mus
2119 954 2356 1010 diversis
2390 954 2656 1010 ﬂuctibus
2686 954 2969 1009 resistere.

2179 1168 2491 1226 LXXXVII.
2532 1168 2743 1224 Damno
2785 1169 3026 1252 episcOpo
3054 1171 3325 1239 Apamea.

2036 1268 2361 1338 Postulabat
2383 1280 2617 1337 fraterni
2667 1279 2761 1336 lex
2794 1279 3022 1347 amoris,
3077 1287 3141 1333 ut
3188 1278 3417 1333 crebras
3455 1278 3565 1331 hoc

1968 1380 2219 1442 tempore
2259 1390 2290 1428 a
2318 1373 2525 1443 pietate
2559 1380 2652 1427 tua
2672 1370 2889 1427 litteras
2921 1370 3256 1441 acciperem.
3304 1368 3567 1438 Praecipit

1968 1466 2119 1522 enim
2152 1465 2374 1522 divinus
2401 1464 2721 1536 Apostolus,
2765 1484 2783 1517 ι
2829 1464 2962 1520 flere
3012 1474 3140 1519 eum
3182 1461 3469 1527 ﬂentibus,
3508 1470 3567 1515 et

1968 1558 2209 1629 gaudere
2267 1573 2394 1613 cum
2427 1556 2800 1628 gaudentibus
2825 1554 2895 1610 ⁸⁸.
2960 1574 2979 1607 ι
3021 1555 3137 1626 Ego
3183 1570 3318 1609 vero
3384 1553 3567 1608 nullas

1968 1665 2198 1720 prorsus
2228 1650 2439 1721 accepi,
2473 1651 2695 1706 tametsi
2728 1654 2909 1721 nuper
2946 1650 3015 1707 ad
3052 1664 3157 1704 nos
3179 1646 3437 1703 venerint
3479 1659 3568 1699 re-

1967 1742 2309 1814 ligiosissimi
2334 1744 2594 1799 monachi
2609 1742 2935 1799 monasterii
2964 1741 3159 1809 vestri,
3183 1748 3240 1795 et
3266 1738 3568 1810 religiosis-

269 1825 621 1895 μοναζόντων
661 1824 764 1897 τῆς
800 1828 1081 1899 ὑμετέρας
1116 1830 1310 1901 μονῆς,
1348 1829 1445 1884 καὶ
1486 1830 1583 1883 τοῦ
1616 1829 1865 1884 θεοσεϐε-

1976 1834 2141 1889 ιὶιῐιιιε
2196 1834 2345 1890 Elias
2387 1836 2703 1908 presbyter.
2755 1838 3015 1890 Attamen
3042 1833 3251 1899 scribo,
3296 1838 3347 1886 et
3386 1829 3569 1885 saluto

267 1915 472 1970 στάτου
507 1916 693 1972 Ἠλίου
731 1918 827 1971 τοῦ
869 1917 1271 1991 πρεσϐυτέρου.
1315 1919 1457 1989 Ἐγὼ
1486 1920 1543 1974 δὲ
1585 1922 1862 1991 γέγραφα,

264 2007 367 2062 καὶ
405 2009 865 2081 προσφθέγγομαί
894 2028 989 2064 σου
1037 2012 1138 2082 τὴν
1169 2011 1449 2083 ὁσιότητα,
1482 2014 1578 2067 καὶ
1610 2010 1864 2085 γνωρίζω

262 2100 347 2164 ὡς
380 2100 616 2172 ἤρκεσεν
647 2103 780 2173 ἡμῖν
812 2104 937 2158 ἀντὶ
981 2107 1202 2160 πάντων
1235 2108 1267 2178 ἠ
1303 2105 1397 2159 τοῦ
1422 2104 1697 2160 Δεσπὸτου
1726 2106 1866 2178 ψυχ-

262 2194 509 2261 αγωγία.
549 2191 641 2264 Τῷ
677 2195 790 2248 ὅντι
822 2194 955 2267 γάρ,
992 2197 1103 2251 οὐδ’
1139 2199 1188 2258 εί
1223 2197 1493 2268 ἰσάριθμα
1517 2196 1626 2251 τῶν
1665 2196 1867 2268 ἡμετέ-

270 2301 386 2356 ρων
414 2286 618 2357 τριχῶν
653 2289 917 2360 σχοίημεν
948 2289 1217 2360 στόματα,
1238 2290 1479 2360 ὑμνῆσαι
1508 2288 1670 2343 αὑτὸν
1700 2286 1866 2353 ἀξίως

259 2375 559 2447 ισχύομεν,
591 2377 679 2431 διὰ
705 2378 807 2450 τὴν
848 2380 929 2443 εἰς
957 2379 1122 2433 αὑτὸν
1146 2378 1443 2451 ὁμολογίαν
1464 2378 1565 2447 τῆς
1597 2377 1866 2449 δοκούσης

264 2468 502 2539 ἀτιμίας
524 2469 874 2535 ἀξιωθέντες,
906 2472 975 2543 ἢν
1008 2472 1191 2544 πάσης
1218 2472 1388 2543 τιμῆς
1409 2468 1866 2542 σεϐασμιωτέραν

254 2560 577 2632 ἡγούμεθα.
617 2562 681 2616 El
713 2563 771 2615 δὲ
811 2564 907 2617 καὶ
948 2563 1048 2626 τὰς
1094 2564 1357 2634 ἐσχατιάς
1403 2563 1505 2633 τῆς
1536 2563 1865 2633 οἰκουμένης

270 2653 499 2725 οἰκῆσαι
541 2654 996 2725 κατακριθῶμεν,
1038 2654 1201 2708 πλέον
1234 2655 1401 2708 αὑτὸν
1449 2654 1864 2725 ἀνυμνήσομεν,

267 2745 386 2813 ὅσῳ
423 2744 693 2813 μειζόνων
748 2745 972 2814 ἀγαθῶν
1006 2744 1330 2817 ἀξιούμεθα.
1366 2744 1634 2810 Εὑξάσθω
1666 2745 1781 2815 (56)
1819 2743 1865 2797 δ’

258 2834 425 2907 ῧμως
452 2836 485 2907 ἡ
515 2836 736 2907 ὁσιότης
772 2853 891 2901 σου,
922 2836 1019 2889 καὶ
1050 2838 1335 2910 αίτησάτω
1366 2839 1488 2902 ταῖς
1518 2838 1707 2905 ἀγίαις
1743 2838 1868 2892 Ἑκ-

264 2926 528 2999 κλησίαις
558 2927 822 2999 γαλήνην.
849 2928 961 2999 Τῆς
995 2928 1106 2999 γὰρ
1134 2927 1340 2983 τούτων
1378 2930 1544 2984 ἕνεκα
1573 2927 1743 2999 ζάλης
1773 2932 1868 2983 καὶ

267 3018 437 3087 ἡμεῖς
495 3015 829 3087 θρηνοῦμεν,
861 3018 953 3071 καὶ
1002 3019 1285 3089 στένομεν,
1329 3020 1424 3072 καὶ
1462 3018 1863 3089 ὁλοφυρόμεθα.

268 3108 385 3163 Καὶ
413 3108 524 3177 γὰρ
555 3107 815 3176 ἐξέωσαν,
851 3108 929 3172 ὡς
972 3108 1240 3179 ἔγνωμεν,
1275 3108 1481 3178 ταύτην
1511 3112 1561 3163 οἱ
1594 3110 1703 3163 ἀπὸ
1741 3111 1865 3163 Ὀσ-

271 3199 476 3271 ροηνῆς
501 3198 778 3269 κληρικοὶ,
818 3198 990 3269 μυρία
1026 3200 1243 3253 πάντων
1285 3199 1442 3269 ἡμῶν
1475 3197 1861 3276 κατμχέοντες,
1896 3186 1936 3242 C

268 3290 453 3345 καίτοι
485 3290 621 3361 ἐμοῦ
648 3289 770 3344 οὑδὲ
817 3290 1265 3353 συνδικάσαντος,
1298 3290 1419 3343 οὐδὲ
1442 3293 1542 3361 τῆς
1572 3290 1661 3342 ἐπ’
1684 3290 1868 3353 αὑτοῖς

269 3383 711 3453 κοινωνήσαντος
744 3381 952 3453 ψήφου,
987 3381 1126 3445 ἀλλ’,
1156 3382 1230 3445 ὼς
1253 3378 1363 3435 οἶδέ
1413 3398 1505 3434 σου
1556 3384 1588 3453 ἡ
1628 3382 1867 3449 ὁσιότης,

269 3475 370 3528 καὶ
396 3474 497 3544 τὴν
534 3474 825 3528 κοινωνίαν
866 3474 1052 3537 αὑτοῖς
1100 3474 1322 3545 δοθῆναι
1354 3473 1414 3526 τὸ
1447 3475 1639 3543 Πάσχα
1686 3492 1867 3543 παρα-

270 3564 635 3627 καλέσαντος.
696 3564 860 3618 Ἀλλὰ
904 3565 1088 3636 ῥᾴδιον
1135 3568 1247 3628 τοῖς
1290 3564 1658 3631 συκοφάνταις
1690 3564 1869 3632 λέγειν

271 3655 312 3711 ἃ
339 3656 643 3727 βούλονται.
690 3657 868 3727 Ἠμᾶς
891 3658 947 3709 δὲ
980 3660 1008 3709 ὁ
1031 3656 1125 3708 τοῦ
1152 3657 1427 3709 Δεσπὸτου
1456 3656 1870 3727 παραμυθεῖται

276 3749 650 3821 μακαρισμός.
701 3767 718 3800 ι
740 3748 1020 3817 Μακάριοι
1049 3749 1158 3819 γάρ
1185 3750 1330 3812 ἐστε,
1371 3748 1559 3818 φησὶν,
1584 3748 1713 3802 ὅταν
1733 3748 1873 3801 ὀνει-

270 3840 499 3894 δίσωσιν
527 3841 696 3909 ὑμᾶς,
730 3840 824 3892 καὶ
853 3837 1108 3904 διώξωσι,
1140 3840 1232 3892 καὶ
1262 3839 1460 3891 εἴπωσι
1493 3841 1601 3891 πᾶν
1633 3840 1871 3910 πονηρὸν

273 3931 432 4003 ῥῆμα
460 3928 585 3982 καθ’
624 3928 778 3998 ὑμῶν
809 3927 998 3981 ἕνεκεν
1028 3928 1188 3998 ἐμοῦ,
1230 3928 1571 3997 ψευδόμενοι.
1632 3930 1869 3999 Χαίρετε

272 4023 371 4076 καὶ
407 4020 766 4090 ἀγαλλιᾶσθε,
800 4021 881 4073 ὅτι
931 4021 961 4072 ὁ
1018 4020 1208 4090 μισθὸς
1260 4021 1417 4091 ὑμῶν
1461 4021 1630 4085 πολὺς
1671 4024 1872 4088 ἐντοῖς

269 4117 544 4187 οὐρανοῖς.
570 4134 589 4168 ι

667 4229 799 4283 ﬂll’.
834 4260 891 4268 —
931 4230 1130 4297 Ταύρῳ
1166 4232 1475 4298 “(trp/2:12p.

356 4343 740 4415 ’Υπερὸαίνειν
791 4360 860 4415 με
910 4346 1036 4409 τοὺς
1074 4346 1235 4415 ὄρους
1265 4349 1312 4399 οἰ
1368 4347 1705 4414 συκοιράνται
1754 4348 1873 4418 βιά-

272 4434 480 4501 ζονται,
503 4435 597 4488 καὶ
613 4435 847 4507 γράφειν
873 4438 1020 4507 ὑμῖν,
1041 4437 1138 4500 τὰς
1174 4439 1434 4506 μεγίστας
1466 4441 1872 4511 κεκοσμηκόσιν

276 4528 475 4600 ἀρχὰς,
501 4531 601 4584 καὶ
644 4528 745 4593 τὰς
787 4530 1103 4601 ὑπερτάτας
1135 4530 1378 4601 είληχόσι
1405 4532 1593 4601 τιμὰς,
1620 4534 1869 4602 ἁναγκᾶ·
1906 4516 1949 4571 D

273 4619 483 4684 ζουσιν.
518 4612 594 4673 Ob
621 4619 686 4691 δὴ
720 4621 884 4691 χάριν
914 4621 1225 4690 παρακαλῶ
1259 4622 1594 4694 συγγνώμης
1631 4624 1873 4693 μεταλα-

278 4714 412 4783 χεῖν.
446 4711 652 4783 Γράφω
696 4711 827 4782 γάρ,
855 4712 956 4765 οὑκ
985 4713 1245 4784 αὐθαδείᾳ
1269 4714 1578 4784 χρώμενος,
1616 4716 1731 4768 ἀλλ’
1765 4717 1872 4770 ὑπὸ

271 4802 373 4875 τῆς
413 4804 610 4875 χρείας
660 4802 974 4873 ὠθούμενος
1001 4821 1014 4834 ·
1043 4806 1177 4871 οὑδὲ,
1216 4806 1275 4857 τὸ
1325 4805 1671 4876 σκυθρωποῖς
1726 4826 1871 4861 τισιν

272 4897 479 4959 ἀδίκως
510 4899 832 4968 περιπεσεῖν
879 4896 1233 4968 ὑφορώμενος
1282 4897 1467 4968 (τοῦτο
1506 4899 1616 4971 γὰρ
1642 4901 1719 4962 ὡς
1750 4901 1874 4953 ἐπί-ε

275 5005 384 5042 παν
417 4986 754 5041 πεπόνθασιν
784 4986 1025 5051 ἅπαντες
1067 4989 1115 5040 οἱ
1147 4986 1225 5057 τῷ
1263 4989 1382 5057 Θεῷ
1416 4990 1657 5059 γνησίως
1691 4992 1871 5045 δεδου-

272 5080 578 5151 λευκότες),
624 5079 763 5135 ἀλλά
804 5080 904 5151 τὴν
938 5080 1213 5157 ὑμετέραν
1260 5082 1639 5152 μεγαλοφυΐαν
1686 5086 1872 5137 πείσαι

277 5171 629 5244 βουλόμενος,
674 5170 750 5235 ὡς
792 5170 1011 5240 ψευδεῖς
1048 5173 1168 5225 καθ’
1199 5172 1358 5242 ἡμῶν
1397 5173 1873 5243 ὠδίνουσι-λόγους

273 5267 327 5319 oi
362 5264 473 5318 τῶν
500 5264 789 5336 ἡμετέρων
843 5267 1281 5339 κατηγοροῦντες
1317 5268 1627 5337 δογμάτων.
1676 5271 1872 5342 Ἡμεῖς

279 5356 381 5428 μὶν
410 5355 540 5429 γὰρ,
575 5356 716 5428 μετά
756 5360 857 5430 τὴν
905 5360 1165 5431 μητρῴαν
1200 5360 1389 5431 θηλὴν,
1422 5363 1527 5434 τὴν
1570 5365 1871 5419 ἀποστολι-

278 5448 383 5519 κὴν
407 5452 616 5521 τροφὴν
637 5450 963 5521 ἐδεξάμεθα,
991 5454 1080 5505 καί
1112 5452 1211 5523 τὴν
1237 5453 1555 5509 ἑκτεθείσαν
1581 5459 1639 5511 ὲν
1667 5459 1871 5532 Νικαίᾳ

280 5541 469 5597 πίστιν
498 5541 605 5595 ὑπὸ
647 5544 754 5596 τῶν
781 5543 956 5611 ἁγίων
992 5546 1080 5600 καὶ
1113 5546 1403 5615 μακαρίων
1445 5548 1710 5621 Πατέρων
1770 5554 1865 5605 καὶ

353 5696 400 5732 ⁸³
435 5700 591 5752 Rom.
622 5714 714 5765 xu,
750 5701 834 5755 15.
915 5700 962 5733 ⁸⁵
1000 5702 1188 5757 Matth.
1224 5720 1278 5769 v,
1312 5704 1399 5769 ll,
1443 5706 1531 5762 12.

1970 1924 2326 1980 sanctitatem
2346 1934 2521 1995 tuam,
2539 1925 2817 1997 nobisque
2841 1940 2942 1997 pro
2971 1924 3231 1997 omnibus
3250 1921 3383 1977 satis
3397 1919 3569 1975 luisse

1967 2014 2189 2070 Domini
2221 2017 2657 2073 consolationem
2689 1995 2963 2089 significo.
3002 1995 3216 2071 Revera
3250 2013 3421 2078 enim,
3463 2025 3570 2065 nec

1968 2108 2016 2162 si
2043 2121 2142 2161 ora
2178 2108 2342 2163 nobis
2374 2116 2458 2162 tot
2486 2117 2675 2164 essent
2703 2116 2842 2179 quot
2870 2106 3079 2178 capilli,
3130 2104 3360 2161 laudare
3411 2101 3569 2156 illum

1968 2213 2071 2269 pro
2104 2197 2372 2269 dignitate
2393 2212 2507 2252 non
2536 2213 2855 2269 possumus,
2887 2197 2994 2252 ista
3023 2196 3095 2251 ob
3123 2197 3246 2267 ejus
3263 2192 3571 2250 confessio-

1968 2306 2097 2345 nem
2127 2290 2433 2360 ignominia
2462 2289 2719 2361 putatitia
2743 2290 3135 2359 aﬂ‘ecti,quam
3165 2288 3319 2342 omni
3352 2287 3570 2340 honore

1969 2381 2347 2452 augustiorem
2374 2381 2650 2436 ducimus.
2671 2378 2831 2447 Quod
2853 2379 2899 2434 si
2923 2379 3011 2434 vel
3041 2378 3110 2433 ad
3157 2377 3381 2432 ultimas
3407 2384 3570 2430 terra
3670 2396 3673 2399 ·

1970 2477 1988 2499 “
2028 2489 2155 2528 oras
2212 2472 2440 2543 relegati
2481 2472 2775 2538 fuerimus,
2838 2476 2994 2525 tanto
3059 2469 3214 2525 illum
3264 2464 3574 2537 impensius

1967 2564 2341 2630 laudabimus,
2370 2572 2583 2633 quanto
2616 2559 2924 2632 majoribus
2962 2560 3127 2614 bonis
3175 2558 3565 2612 honestamur.

1967 2656 2101 2713 Oret
2135 2655 2501 2710 nihilominus
2526 2655 2796 2710 sanctitas
2819 2660 2933 2719 tua,
2968 2660 3028 2705 et
3055 2650 3264 2706 sanctis
3308 2646 3574 2703 Ecclesiis

1970 2746 2435 2815 tranquillitatem
2453 2751 2739 2815 exposcat.
2783 2742 3015 2815 (Harum
3045 2740 3194 2795 enim
3228 2742 3575 2809 tempestatis

1970 2853 2139 2894 causa
2174 2838 2431 2908 lugemus
2451 2846 2507 2892 et
2538 2851 2661 2899 nos,
2687 2844 2745 2892 et
2774 2835 3049 2905 angimur,
3077 2840 3136 2887 et
3153 2826 3572 2886 lamentamur.l

1970 2930 2318 3000 Expulerunt
2374 2929 2520 2985 hanc
2574 2929 2801 2999 quippe,
2864 2936 2927 2981 ut
2959 2924 3344 2996 cognovimus,
3382 2919 3575 2976 clerici

1970 3021 2265 3087 Osroenes,
2302 3022 2399 3091 qui
2428 3022 2666 3093 plurima
2706 3028 2901 3075 contra
2954 3032 3058 3073 nos
3117 3029 3312 3070 omnes
3362 3012 3579 3067 ed‘ude-

1975 3120 2142 3179 runt;
2174 3114 2431 3183 quamvis
2453 3129 2558 3184 ego
2590 3127 2692 3167 nec
2720 3126 2829 3164 una
2846 3106 3170 3181 judicarim,
3203 3119 3309 3159 uec
3357 3104 3482 3157 lata:
3516 3101 3575 3157 in

1974 3203 2099 3267 illos
2122 3206 2415 3261 sententia
2439 3204 2719 3276 particeps
2742 3201 2944 3257 fuerim
2978 3217 2991 3253 :
3012 3198 3109 3253 sed
3126 3194 3576 3253 communionem

1975 3296 2079 3362 eis,
2109 3297 2255 3367 quod
2284 3299 2549 3353 sanctitas
2579 3306 2675 3351 tua
2724 3293 2902 3360 novit,
2944 3290 3162 3362 1159
3206 3304 3306 3359 per
3362 3285 3577 3342 Pascha

1974 3387 2095 3442 dari
2123 3388 2384 3459 rogarim.
2410 3387 2618 3442 Verum
2650 3386 2812 3439 facile
2868 3392 2954 3438 est
2980 3377 3480 3438 calumniatoribus
3511 3392 3577 3434 ca

1974 3478 2163 3533 dicere
2189 3492 2312 3547 quae
2346 3478 2561 3532 volunt.
2591 3475 2703 3530 Nos
2757 3482 2943 3527 autem
2994 3471 3214 3527 Domini
3258 3470 3580 3525 consolatur

1973 3568 2345 3623 beatiucatio:
2396 3588 2413 3620 ι
2442 3568 2594 3622 Beati
2634 3566 2785 3622 enim
2817 3565 2972 3629 estis,
2998 3562 3200 3633 inquit,
3233 3577 3360 3616 eum
3394 3560 3569 3614 male-

1976 3661 2217 3718 dixerint
2243 3660 2427 3726 vobis,
2460 3669 2517 3714 et
2553 3660 2833 3729 persecuti
2871 3673 2968 3711 vos
2988 3656 3219 3721 fuerint,
3259 3660 3315 3709 et
3335 3652 3579 3707 dixerint

1974 3767 2140 3809 omne
2182 3751 2391 3805 malum
2458 3750 2755 3804 adversum
2818 3763 2918 3803 vos
2963 3746 3302 3802 mentientes
3348 3752 3579 3814 propter

1976 3857 2085 3897 me.
2124 3841 2372 3896 Gaudete
2394 3849 2451 3895 et
2482 3840 2780 3904 exsultate,
2808 3839 3075 3909 quoniam
3130 3851 3346 3893 merces
3391 3842 3578 3891 vestra

1976 3933 2201 4003 copiosa
2218 3944 2301 3988 est
2328 3932 2385 3986 in
2410 3932 2565 3987 ccelis
2588 3930 2657 3985 ⁸⁸.
2705 3949 2724 3983 ι

2340 4242 2758 4299 LXXXVlIl.—-
2776 4243 2951 4299 Tauro
2975 4245 3218 4315 patricio.
3284 4230 3289 4241 ³

2048 4358 2382 4429 Trattsgredi
2409 4375 2497 4415 me
2524 4358 2796 4414 terminos
2835 4369 3043 4429 cogunt
3099 4358 3472 4430 sycophantas,
3527 4367 3584 4418 et

1979 4453 2159 4520 vobis,
2186 4453 2283 4523 qui
2314 4454 2583 4507 maximas
2610 4452 2911 4523 dignitates
2943 4461 3205 4518 ornastis,
3264 4466 3582 4522 supremos-

1982 4560 2089 4616 que
2116 4544 2358 4599 honores
2388 4543 2571 4613 adepti
2589 4544 2744 4609 estis,
2770 4543 3015 4599 scribere
3046 4543 3410 4613 compellunt.
3433 4542 3583 4610 Quo-

1983 4637 2132 4692 circa
2164 4645 2227 4689 ut
2250 4636 2471 4690 veniam
2490 4649 2804 4704 consequar
2826 4649 2947 4688 oro.
2980 4632 3177 4688 Scribe
3233 4633 3404 4700 enim,
3470 4649 3582 4689 non

1983 4728 2299 4800 arrogantia
2318 4728 2539 4793 ductus,
2582 4726 2975 4796 sedimpulsus
2996 4725 3328 4781 necessitate
3362 4744 3373 4778 :
3400 4722 3584 4796 neque

1982 4821 2132 4892 quod
2169 4821 2373 4891 injuste
2399 4820 2535 4874 mihi
2567 4819 2749 4875 tristia
2775 4818 3026 4889 quaedam
3059 4816 3383 4888 impendere
3421 4814 3585 4872 iut'el-

1980 4912 2148 4983 ligam
2178 4912 2307 4985 (hoc
2340 4912 2490 4968 enim
2528 4913 2599 4967 iis
2635 4911 2752 4966 fere
2776 4912 2870 4982 qui
2897 4911 3112 4966 sincere
3141 4911 3254 4965 Deo
3284 4909 3587 4966 servierint

1981 5005 2245 5059 omnibus
2270 5021 2373 5059 usu
2401 5004 2598 5076 venit),
2625 5004 2723 5058 sed
2750 5011 2809 5057 ut
2838 5002 3266 5074 magnificentia-
3288 5011 3397 5057 tua:
3421 5000 3585 5055 fidem

1984 5098 2204 5163 faciam,
2243 5098 2376 5151 falsa
2405 5098 2458 5151 in
2502 5113 2603 5150 nos
2633 5096 2842 5151 abillis
2903 5093 3123 5166 jactari,
3188 5092 3283 5163 qui
3330 5093 3587 5163 dogmata

1983 5194 2173 5243 nostra
2201 5188 2641 5257 reprehendunt.
2681 5188 2794 5243 Nos
2838 5189 3044 5257 quippe
3083 5194 3211 5258 post
3242 5187 3416 5242 ubera
3470 5202 3590 5240 ma-

1984 5280 2087 5334 tris
2116 5279 2478 5350 apostolicam
2514 5294 2698 5334 escam
2749 5281 3122 5349 suscepimus,
3165 5277 3587 5348 expositamque

1980 5388 2011 5427 a
2036 5372 2217 5427 beatis
2250 5381 2306 5426 et
2334 5372 2541 5426 sanctis
2568 5371 2825 5427 Patribus
2853 5371 3048 5425 Nicaeae
3076 5370 3240 5425 fidem
3283 5379 3339 5424 et
3388 5366 3581 5423 didici-

1980 5481 2125 5529 mus,
2157 5474 2215 5518 et
2251 5462 2537 5529 docemus,
2561 5472 2618 5518 et
2641 5478 2739 5518 eos
2790 5463 2884 5534 qui
2925 5462 3089 5518 aliter
3144 5478 3309 5531 quam
3358 5461 3450 5516 illa
3497 5474 3587 5515 sa-

1979 5557 2143 5626 piunt
2181 5557 2481 5627 impietatis
2533 5557 2884 5613 damnamus.
2934 5555 3090 5624 Quod
3120 5556 3164 5613 si
3192 5556 3339 5627 quis'
3371 5554 3438 5610 ab
3481 5552 3583 5609 hac

354 5812 468 5888 (56)
500 5813 678 5872 Locus
706 5825 789 5874 est
822 5818 987 5873 etiam
1014 5817 1207 5873 Latine
1244 5819 1388 5890 apud
1435 5820 1634 5879 Baron.
1693 5831 1730 5876 t.
1780 5821 1867 5891 Vl,
1908 5838 1966 5894 p.
1995 5823 2084 5893 7i,
2120 5823 2187 5880 ad
2213 5839 2240 5879 a
2271 5822 2331 5879 C.
2360 5824 2485 5881 448.
