4078 6320
560 361 701 432 1283
732 316 735 321 ι
1477 350 1965 415 THEODORETI
1988 346 2156 409 EPlS

2258 344 2331 407 PI
2358 346 2728 407 CYRENSIS
3691 339 3853 408 ῙΕᾹ

559 483 777 536 diversa
802 488 902 531 nos
928 482 1127 525 nocere
1155 464 1462 529 contendit,
1496 464 1543 518 is
1576 464 1694 517 sine
1724 459 2041 516 vadimonio
2064 474 2134 513 ne

2257 457 2665 527 ιεμαθήκαμεν,
2728 454 2823 509 καὶ
2873 453 3236 524 διδάσκομεν·
3289 452 3386 506 καὶ
3430 451 3565 515 τοὺς
3611 450 3752 505 mo
3782 468 3851 505 τι

558 574 809 631 accuset;
825 562 921 619 sed
948 566 1249 631 praesentes
1278 556 1588 613 convincat.
1649 553 1764 607 Hoc
1792 553 1939 608 enim
1967 560 2024 606 et
2051 550 2135 604 di-

2257 550 2398 619 παρά
2437 547 2641 617 ταύτην
2673 544 3007 618 φρονοῦντας
3041 543 3361 608 δυσσεϐείας
3385 540 3748 615 γραφόμεθα.
3774 542 3849 596 ΕΞ

562 660 705 717 vinis
731 655 946 727 legibus
964 662 1185 708 cautum
1220 658 1325 715 est,
1363 656 1420 703 et
1453 644 1729 701 humanis.
1770 644 1937 699 Eccui
1997 658 2131 697 vero

2257 642 2296 693 ῑέ
2330 658 2413 704 τις
2440 640 2604 711 ⁷ἔτερα
2640 639 2915 693 διδάσκειν
2945 638 3093 709 ἡμᾶς
3124 635 3277 708 παρά
3312 634 3524 707 ταύτην
3556 635 3851 707 ἰσχυρίζε-

560 750 777 820 injuriis
796 726 1031 801 vexatos
1070 740 1366 797 defendere
1399 738 1572 809 magis
1601 736 1916 801 conveniat,
1970 746 2135 805 quam

2257 746 2350 795 ται,
2386 729 2462 801 μὴ
2514 731 2729 801 ἐρήμην
2761 727 3165 800 κατηγορείτω,
3223 726 3361 783 ἀλλά
3412 726 3705 797 παρόντας
3746 726 3848 791 ἐε-

562 817 686 904 tibi,
712 838 797 892 vir
818 833 1157 896 Christiane,
1192 829 1283 885 cui
1310 838 1369 884 et
1392 826 1610 899 generis
1635 824 1916 896 splendor,
1972 834 2030 877 et
2057 822 2143 876 di-

2257 819 2534 888 ;λεγξάτω.
2566 819 2739 874 Τοῦτο
2790 821 2902 892 γὰρ
2955 821 3049 872 καὶ
3102 823 3217 882 τοῖς
3273 818 3449 882 θείοις
3474 818 3696 889 νόμοις,
3740 817 3849 871 καὶ

561 930 833 1001 gnitattnn
866 924 1197 987 sublimitas,
1251 926 1310 975 et
1368 918 1514 988 quod
1556 918 1612 971 in
1656 916 1871 987 legibus
1928 913 2143 985 1160

2257 916 2353 975 τοῖς
2391 913 2756 983 ἀνθρωπείοις
2780 912 2949 967 δοκεῖ.
2985 912 3106 967 Τίνι
3134 912 3191 966 δὲ
3238 912 3381 967 οὕτω
3420 911 3702 982 προσήκει
3727 910 3847 961 τῶν

564 998 771 1089 primas
797 1024 972 1078 tenes,
1002 1012 1251 1082 amplam
1275 1008 1472 1064 tribuit
1496 1006 1848 1062 facultatem?

2257 1002 2613 1072 ιδικουμένων
2662 1004 3023 1073 ὑπερμαχεῖν,
3070 1002 3153 1067 ὡς
3180 998 3345 1074 ὑμῖν,
3389 998 3437 1056 ὦ
3462 1001 3843 1074 φιλόχριστοι,

562 1111 646 1179 οἷς
675 1116 770 1168 καὶ
813 1112 906 1166 τοῦ
939 1111 1188 1180 γένουςη
1219 1106 1569 1178 περιφάνεια,
1614 1104 1711 1158 δια)⁸
1751 1101 1861 1155 τῶν
1896 1099 2227 1171 ἀξιωμάτων
2254 1100 2317 1151 τδ
2347 1098 2504 1169 ὕψος,
2560 1099 2657 1153 καὶ
2710 1098 2891 1153 μέντοι
2957 1098 3053 1152 καὶ
3100 1097 3167 1151 τὺ
3225 1098 3333 1151 τῶν
3360 1098 3619 1170 νομίμων
3687 1110 3850 1166 πρω-

562 1207 763 1271 τεύειν,
797 1204 1029 1277 παρέχει
1061 1204 1159 1275 τὴν
1192 1199 1532 1273 παρῤησίανς

868 1318 1155 1373 LXXXIX.
1191 1347 1259 1357 --
1288 1315 1556 1376 Florentio
1587 1318 1830 1387 patricio.

635 1428 893 1498 Maiorem
915 1442 1078 1497 quam
1106 1426 1241 1480 mihi
1270 1426 1567 1480 conveniat
1588 1442 1703 1479 rem
1728 1422 2033 1494 aggredior,
2049 1418 2142 1492 qui

566 1514 917 1584 amplitudini
949 1524 1055 1567 tua:
1087 1514 1300 1567 litteras
1326 1514 1557 1567 mittam.
1617 1514 1814 1567 Verum
1843 1514 1861 1530 '
1901 1510 2144 1564 audacia:

554 1607 732 1677 hujus
757 1622 866 1660 non
906 1606 1187 1660 temeritas
1213 1614 1415 1659 auctor
1442 1604 1567 1670 luit,
1597 1606 1697 1659 sed
1740 1603 1778 1657 ii
1821 1602 1914 1673 qui
1948 1610 2146 1657 contn-

568 1697 747 1751 meliis
772 1712 874 1753 nos
900 1704 1119 1751 vexant.
1160 1696 1353 1767 Operae
1403 1697 1642 1767 pretium
1704 1696 1873 1750 enim“
1891 1693 2149 1748 duximus

567 1788 854 1858 religiosas
890 1803 1053 1842 aures
1077 1798 1203 1841 tuas
1239 1788 1460 1853 docere,
1496 1786 1787 1841 manifesta
1832 1785 1888 1839 in
1925 1799 2027 1838 nos
2061 1798 2151 1837 ca-

569 1877 779 1933 lumnia
831 1894 928 1932 eos
982 1880 1063 1932 uti
1117 1879 1211 1949 qui
1244 1878 1499 1949 dogmata
1540 1885 1727 1931 nostra
1761 1875 2147 1930 criminantur.

566 1970 677 2025 Nos
698 1970 752 2023 in
778 1971 903 2025 aliis
934 1986 1064 2024 sane
1101 1971 1354 2039 plurimis
1381 1970 1681 2039 deliquisse
1726 1984 1833 2022 non
1862 1980 2147 2037 negamus.

567 2059 766 2116 Verum
796 2060 1158 2129 dogmaticam
1182 2061 1557 2130 apostolorum
1592 2058 1899 2113 doctrinam
1917 2056 1989 2109 ad
2011 2055 2153 2109 hanc

566 2163 742 2219 usque
802 2149 949 2204 diem
1007 2151 1309 2205 retinemus
1362 2149 1620 2203 intactam
1655 2165 1671 2200 :
1706 2156 1872 2216 atque
1904 2145 1976 2201 ob
2009 2145 2155 2199 hanc

572 2254 741 2294 unam
768 2242 825 2293 in
858 2239 946 2293 die
982 2239 1254 2293 adventus
1282 2239 1552 2299 Dominici
1590 2236 2026 2292 misericordiam
2052 2250 2154 2289 no-

568 2327 656 2383 bis
697 2328 1116 2398 impertiendam
1143 2328 1492 2383 confidimus.
1523 2329 1627 2384 Pro
1663 2328 1765 2382 hac
1789 2328 1938 2382 enim
1961 2326 2155 2395 adver-

568 2433 667 2474 sus
695 2419 932 2473 haereses
955 2434 1149 2474 omnes
1183 2420 1470 2474 decertare
1504 2435 1613 2474 non
1658 2417 1985 2481 desinimus,
2013 2418 2156 2470 hanc

568 2510 789 2583 pietatis
819 2510 1057 2565 alumnis
1084 2511 1305 2566 assidue
1341 2512 1709 2582 suggerimus,
1752 2523 1851 2579 per
1896 2509 2039 2562 hanc
2068 2506 2155 2561 lu-

568 2620 671 2675 pos
696 2607 1013 2661 innumeros
1037 2606 1092 2659 in
1118 2620 1249 2659 oves
1291 2606 1710 2660 transformatos
1743 2603 1979 2675 principi
2036 2618 2157 2657 orn-

462 2746 472 2750 -
569 2696 724 2750 nium
750 2704 996 2749 nostrum
1026 2695 1230 2765 pastori
1251 2696 1629 2765 Salvatorique
1685 2695 2005 2749 obtulimus.
2031 2692 2155 2748 Haec

570 2803 739 2858 porro
770 2786 1042 2842 tradidere
1100 2788 1280 2853 nobis,
1330 2802 1441 2841 non
1483 2788 1722 2856 apostoli
1750 2786 1916 2840 modo
1947 2794 2001 2839 et
2029 2800 2158 2855 pro-

570 2877 771 2947 phetae,
806 2892 997 2931 verum
1026 2876 1060 2931 ii
1084 2878 1247 2930 etiam
1293 2877 1388 2946 qui
1431 2876 1627 2930 horum
1653 2876 1824 2930 libros
1885 2875 2160 2944 interpre-

572 2971 672 3023 tati
705 2976 855 3032 sunt,
908 2968 1172 3038 lgnatius,
1209 2967 1567 3033 Eustathius,
1602 2966 1957 3031 Athanasius,
2008 2965 2159 3019 Basi~

572 3060 699 3124 lius,
740 3059 1061 3130 Gregorius,
1097 3060 1357 3125 Joannes,
1395 3069 1451 3113 et
1478 3058 1688 3155 reliqua
1714 3057 1868 3112 orbis
1899 3058 2107 3111 lumina
2139 3073 2153 3108 :
2185 3094 2229 3155 C

571 3159 630 3206 et
657 3159 781 3204 ante
800 3150 921 3214 hos,
957 3151 1133 3204 sancti
1167 3150 1362 3205 Patres
1383 3148 1530 3220 apud
1553 3149 1792 3203 Nicaeam
1813 3148 2153 3221 congregati,

573 3258 808 3311 quorum
849 3242 972 3295 ﬁdei
1003 3242 1428 3307 confessionem,
1478 3241 1630 3294 velut
1664 3249 1945 3310 paternam
1986 3238 2158 3293 bam:-

571 3332 823 3397 ditatem,
877 3332 1145 3385 illibatam
1193 3346 1608 3396 conservemus,
1653 3340 1709 3385 et
1749 3329 1844 3400 qui
1901 3330 2157 3399 dogmata

572 3423 690 3478 htec
720 3423 925 3477 audent
957 3423 1332 3493 praetergredi,
1361 3438 1456 3477 eos
1478 3422 1827 3476 adulterinos
1864 3436 1929 3476 ac
1955 3421 2158 3475 verita-

574 3516 646 3571 tis
696 3516 883 3569 hostes
928 3516 1286 3585 appellamus.
1330 3514 1441 3569 Oro
1492 3514 1659 3583 igitur
1690 3512 2153 3584 magnificentiam

575 3619 747 3672 tuam,
774 3616 836 3661 ut
868 3606 935 3662 de
973 3609 1058 3661 his
1079 3623 1177 3677 per
1205 3621 1306 3661 nos
1349 3606 1555 3660 certior
1604 3605 1746 3659 facta
1775 3603 2027 3658 obstruat
2061 3617 2157 3657 ora

573 3698 739 3754 nobis
778 3698 1225 3752 obtrectantium.
1266 3694 1584 3751 Absurdum
1634 3694 1840 3765 1161
1896 3708 2155 3761 namque.

574 3786 1016 3856 opinor,'fuerit,
1059 3786 1129 3839 iis
1169 3800 1289 3855 quae
1345 3794 1541 3838 contra
1595 3783 1853 3837 absentes
1896 3780 2159 3834 dicuntur

574 3876 735 3931 fidem
763 3885 1022 3945 tanquam
1051 3874 1200 3929 veris
1248 3873 1515 3927 adhibere
1552 3890 1564 3927 :
1598 3874 1809 3944 justum
1850 3878 2035 3925 autem
2101 3878 2157 3924 et

573 3965 788 4036 legibus
827 3974 1281 4029 consentaneum,
1311 3978 1408 4017 eos
1447 3966 1543 4032 qui
1602 3960 1853 4016 criminis
1881 3960 2155 4014 actionem

576 4057 831 4127 persequi
862 4056 1052 4121 velint,
1102 4055 1466 4125 praesentibus
1528 4055 1637 4108 reis
1684 4066 1965 4116 accusare,
2031 4066 2159 4121 pro-

575 4149 828 4203 bationes
884 4146 1103 4200 afferre.
1144 4145 1235 4200 Sic
1290 4146 1437 4199 enim
1492 4160 1686 4199 verum
1731 4144 1947 4214 iudices
1996 4141 2155 4197 facile

574 4246 835 4309 poterunt
873 4237 1138 4290 invenire.

959 4450 1070 4505 XC.
1098 4482 1167 4491 —-
1198 4450 1449 4521 Lupicino
1480 4451 1753 4521 magistro.

642 4562 958 4616 Iuventutis
982 4562 1378 4615 certaminibus
1413 4562 1658 4616 defuncti
1680 4603 1694 4627 ,
1742 4561 2153 4631 senectutisque

575 4662 750 4707 metas
770 4653 1020 4721 ingrcssi,
1047 4668 1172 4705 cum
1213 4654 1408 4723 majori
1441 4670 1543 4708 nos
1582 4654 1637 4707 in
1686 4652 1900 4707 honore
1941 4652 2158 4707 futuros

574 4747 938 4815 speravimus,
977 4746 1264 4800 calumnia:
1286 4746 1483 4817 jaculis
1508 4745 1853 4816 conﬁgimur,
1888 4754 1945 4799 ct
1994 4746 2159 4799 illatis

572 4837 1021 4891 accusationibus
1056 4838 1307 4907 cogimur
1330 4830 1526 4891 afferre
1557 4836 2159 4902 defensionem.Quare

575 4925 1035 4996 magnificentiam
1072 4934 1219 4979 tuam
1262 4926 1531 4988 obtestor,
1556 4933 1617 4979 ut
1651 4926 2026 4980 accusantium
2058 4940 2158 4979 nos

577 5017 878 5071 mendaciis
917 5016 1076 5070 ﬁdem
1104 5032 1215 5071 non
1247 5017 1471 5073 habeas.
1512 5016 1731 5072 Etenim
1758 5017 1802 5071 si
1838 5018 2004 5071 vitam
2035 5033 2160 5087 age-

578 5122 694 5161 rem
718 5108 773 5160 in
804 5107 1045 5173 silentio,
1096 5108 1327 5162 haberet
1378 5108 1607 5162 fortasse
1670 5108 1849 5163 locum
1886 5123 2158 5177 perversae

574 5200 844 5254 doctrinae
906 5201 1165 5269 suspicio.
1221 5200 1292 5254 At
1340 5216 1464 5255 cum
1529 5203 1583 5255 in
1630 5201 1893 5255 Ecclesiis
1938 5200 2157 5256 assidue

573 5292 739 5347 verba
768 5290 1055 5355 faciamus,
1083 5292 1403 5346 innumeros
1422 5308 1518 5363 per
1548 5292 1642 5347 Dei
1677 5292 1908 5363 gratiam
1935 5291 2158 5361 dogma-

574 5392 689 5438 tum
732 5392 902 5437 testes
934 5382 1221 5437 habemus.
1258 5384 1587 5453 Apostulicis
1626 5384 2157 5454 namquedeﬁnitio~

576 5475 738 5529 nibus
758 5491 820 5528 ac
844 5474 1056 5545 legibus
1076 5476 1403 5539 insistimus,
1433 5482 1445 5495 '
1464 5477 1883 5547 expositamque
1908 5476 2100 5531 Nicm
2125 5491 2151 5530 α

575 5566 779 5620 sanctis
812 5577 868 5619 et
930 5566 1105 5621 beatis
1156 5568 1412 5624 Patribus
1463 5568 1645 5632 fidem,
1705 5568 1856 5622 velut
1912 5568 2152 5639 regulam

649 5745 759 5819 (57)
791 5748 881 5806 Sic
910 5749 1075 5822 Neap.
1112 5749 1386 5806 Sirmond.
1424 5748 1870 5822 μεταϐάλλοντες.

2554 1307 2681 1365 ΠΘί.
2725 1336 2794 1352 --
2822 1309 3168 1378 Φλωρεντίῳ
3204 1309 3510 1386 πατρικίῳ.

2322 1417 2548 1482 Μείζονι
2584 1418 2683 1490 μὲν
2733 1418 2765 1487 ἢ
2800 1418 2919 1472 κατ’
2945 1418 3183 1488 ἐμαυτὸν
3235 1419 3472 1491 ἐγχειρῶ
3523 1420 3840 1491 πράγματι,

2248 1513 2327 1582 τῷ
2360 1511 2610 1582 ὑμετέρῳ
2669 1511 2891 1581 μεγέθει
2938 1510 3175 1581 πέμπων
3232 1502 3546 1573 ἐπιστολάς.
3606 1511 3843 1564 Ἀλλ’σ)

2251 1604 2529 1677 θρασύτης
2559 1602 2709 1657 αίτία
2740 1604 2838 1673 τῆς
2881 1604 3106 1673 τόλμης,
3136 1600 3253 1656 ἀλλ’
3276 1603 3326 1656 οἱ
3362 1604 3485 1665 ταῖς
3518 1600 3650 1655 καθ’
3682 1603 3844 1671 ἡμῶν

2185 1746 2224 1798 Β
2250 1693 2541 1765 λοιδορίαις
2584 1693 2945 1763 χρησάμενοι.
2985 1691 3272 1763 Προῦργου
3306 1692 3414 1763 γάρ
3469 1693 3844 1763 ὑπελάϐομεν.

2251 1786 2460 1851 διδάξαι
2484 1786 2582 1850 τὰς
2613 1786 2856 1851 ἁκλινεῖς
2889 1786 3043 1857 ὑμῶν
3072 1786 3264 1848 ἀκοὰς,
3292 1784 3374 1849 ὡς
3397 1785 3669 1855 ἄντικρυς
3696 1787 3847 1854 ἡμᾶς

2254 1876 2689 1946 συκοφαντοῦσιν
2709 1878 2765 1930 οἱ
2792 1877 2903 1931 τῶν
2940 1876 3227 1949 ἡμετέρων
3256 1875 3703 1946 κατηγοροῦντες
3726 1876 3847 1943 δογ-

2256 1968 2463 2040 μάτων.
2508 1970 2699 2039 Ἡμεῖς
2719 1969 2775 2022 δὲ
2796 1968 2963 2041 ἕτερα
2996 1970 3095 2039 μὲν
3116 1969 3345 2023 πλεῖστα
3369 1968 3846 2039 πεπλημμεληκέ-

2252 2077 2344 2114 ναι
2390 2061 2606 2131 φαμέν
2637 2062 2738 2132 τὴν
2771 2061 2830 2114 δέ
2876 2077 2941 2129 γε
2981 2060 3324 2133 δογματικὴν
3367 2060 3480 2114 τῶν
3521 2061 3848 2115 ἀποστόλων

2251 2150 2605 2205 διδασκαλίαν
2650 2151 2814 2223 μέχρι
2835 2150 2931 2205 τοῦ
2959 2152 3231 2221 παρόντος
3259 2150 3542 2221 ἀλώδητον
3570 2149 3849 2220 ἐφυλάξα-

2255 2257 2374 2311 μεν,
2406 2242 2501 2294 καὶ
2528 2241 2619 2294 διὰ
2655 2241 2860 2312 ταύτην
2889 2241 3057 2313 μόνην
3079 2242 3267 2295 οτκτου
3303 2244 3491 2310 τυχεῖν
3531 2244 3634 2295 καὶ
3658 2242 3853 2312 φιλαν-

2255 2331 2503 2403 θρωπίας
2526 2336 2586 2386 ὲν
2619 2334 2684 2403 τῇ
2722 2332 2825 2403 τῆς
2860 2333 3203 2403 Δεσποτικῆς
3248 2330 3583 2401 ἐπιφανείας
3626 2332 3850 2396 ἐλπίζο-

2258 2440 2359 2493 μεν
2405 2424 2609 2495 ἡμέρᾳ.
2654 2424 2829 2494 ’Υπὶρ
2872 2423 2983 2494 γὰρ
3018 2424 3225 2497 ταύτης
3266 2425 3406 2495 πρὸς
3443 2424 3541 2488 τὰς
3571 2423 3853 2479 παντοδαο

2257 2514 2367 2579 πὰς
2410 2517 2657 2586 αἱρέσεις
2680 2515 3036 2585 διατελοῦμεν
3067 2517 3495 2586 ἀγωνιζόμενοι·
3519 2516 3737 2588 ταύτην
3772 2518 3855 2570 δι-

2255 2607 2470 2677 ηνεκῶς
2508 2609 2624 2670 τοῖς
2646 2607 2939 2679 τροφίμοις
2982 2607 3082 2677 τῆς
3102 2608 3385 2672 εὐσεϐείας
3421 2608 3851 2680 προσφέρομεν

2254 2696 2343 2749 διὰ
2380 2697 2585 2766 ταύτης
2614 2695 2813 2761 λύκους
2848 2697 3077 2769 μυρίους
3110 2700 3193 2762 είς
3234 2700 3483 2769 πρόὸατα
3512 2701 3859 2771 μεταϐαλόν-

2256 2803 2349 2850 τες
2372 2787 2509 2857 (57),
2540 2788 2617 2859 τῷ
2646 2790 2867 2843 πάντων
2896 2789 3053 2860 ἡμῶν
3092 2790 3441 2860 ἀρχιποιμένι
3488 2793 3589 2845 καὶ
3634 2793 3858 2864 Σωτῆρι

2259 2881 2763 2953 προσενηνόχαμεν.
2794 2878 2982 2937 Ταῦτα
3014 2882 3071 2936 δὲ
3099 2884 3232 2953 ἡμῖν
3249 2882 3557 2955 παρέδοσαν
3588 2885 3656 2939 οὒ
3688 2887 3859 2955 μόνον

2260 2973 2309 3025 οί
2339 2974 2631 3028 ἀπόστολοι
2680 2975 2776 3028 καὶ
2818 2974 3120 3047 προφῆται,
3154 2975 3292 3029 ἀλλά
3322 2976 3417 3030 καὶ
3442 2978 3499 3029 oi
3538 2977 3612 3030 τὰ
3638 2977 3860 3031 τούτων

2261 3065 2672 3136 ὴρμηνευκότες
2719 3066 3151 3137 συγγράμματα,
3198 3068 3481 3135 Ἰγνάτιος,
3522 3068 3860 3135 Εὑστάθιος,

2274 3157 2614 3221 ’Λθανάσιος,
2647 3157 2947 3221 Βασίλειος,
2979 3156 3303 3229 Γρηγόριος,
3346 3158 3630 3229 Ἰωάννης.
3678 3160 3786 3213 καὶ
3810 3162 3862 3214 oni

2261 3248 2413 3301 ἄλλοι
2441 3248 2542 3318 τῆς
2571 3248 2900 3320 οἰκουμένης
2936 3248 3255 3320 φωστῆρες·
3290 3250 3386 3303 καὶ
3421 3251 3530 3321 πρὸ
3556 3251 3776 3304 τούτων
3810 3252 3864 3304 οε

2260 3340 2317 3391 ιν
2338 3338 2544 3409 Νικαίᾳ
2576 3338 2995 3411 συνεληλυθότες
3018 3339 3163 3406 ἀγιοι
3188 3340 3431 3409 Πατέρες
3449 3355 3465 3369 '
3496 3334 3571 3394 ὧν
3596 3340 3698 3410 τὴν
3720 3344 3866 3411 όμο-

2259 3429 2445 3497 λογίαν
2481 3429 2578 3499 τῆς
2600 3431 2838 3494 πίστεως
2873 3429 2949 3494 ὡς
2987 3430 3239 3501 πατρῷον
3274 3430 3478 3500 κλῆρον
3500 3430 3867 3502 φυλάττομεν

2260 3520 2483 3586 ἄσυλον,
2510 3521 2606 3574 καὶ
2638 3520 2971 3585 τοὺς-ταῦτα
3010 3521 3376 3591 παραδαίνειν
3422 3522 3748 3592 τολμῶντας
3790 3522 3867 3575 τα

2257 3611 2504 3680 δόγματα
2536 3613 2821 3682 κιϐδήλους
2873 3613 3284 3682 ἀποκαλοῦμεν,
3315 3613 3411 3668 καὶ
3458 3615 3557 3683 τῆς
3586 3612 3865 3684 ἀληθείας

2259 3704 2508 3775 ἐχθρούς.
2547 3704 2856 3775 Παρακαλῶ
2903 3706 3086 3759 τοίνυν
3128 3706 3227 3775 τὴν
3280 3705 3556 3776 ὑμετέραν
3612 3706 3867 3777 μεγαλο-

2259 3794 2447 3862 φυῖαν,
2478 3792 2651 3848 ταῦτα
2689 3795 2824 3865 παρ’
2859 3794 3017 3865 ήμῶν
3066 3792 3432 3864 διδαχθεῖσαν,
3481 3794 3855 3864 ἐπιστομίσαι

2257 3885 2383 3948 τοὺς
2422 3882 2715 3955 λοιδορίαις
2763 3884 2887 3939 καθ’
2939 3880 3099 3957 ἡμῶν
3155 3885 3559 3956 χρησαμένους.
3609 3886 3863 3938 Ἄτοπον

2257 3976 2365 4049 γὰρ
2414 3976 2570 4047 οἶμαι
2620 3979 2736 4041 τοῖς
2783 3976 2929 4031 κατὰ
2982 3975 3090 4030 τῶν
3134 3976 3385 4031 ἀπόντων
3427 3975 3747 4046 λεγομένοις
3775 3976 3863 4038 ὥς

2257 4068 2486 4137 ἀληθέσι
2544 4069 2858 4123 πιστεύειν·
2916 4068 3139 4141 ἔννομον
3193 4067 3249 4121 δὲ
3300 4068 3397 4120 καὶ
3447 4067 3681 4129 δίκαιον,
3719 4069 3860 4131 τοὺς

2259 4160 2619 4229 βουλομένους
2641 4160 2864 4215 διώκειν
2891 4162 3180 4232 παρόντων
3219 4162 3555 4233 κατηγορεῖν
3586 4161 3696 4214 τῶν
3722 4178 3861 4229 φευ-

2257 4251 2486 4319 γόντων,
2523 4254 2618 4307 καὶ
2668 4254 2797 4317 τοὺς
2829 4253 3088 4324 ιλέγχους
3137 4252 3428 4321 παράγειν.
3465 4251 3625 4307 Οῦτω
3652 4252 3766 4322 γὰρ
3803 4253 3858 4307 οι

2256 4341 2569 4405 δικάζοντες
2616 4343 2799 4413 εὑρεῖν
2840 4341 3073 4413 τάληθὲς
3122 4341 3318 4413 ῥαδίως
3348 4341 3459 4410 (58)
3497 4341 3855 4413 δυνήσονται,

2599 4459 2668 4521 ιη’.
2702 4484 2774 4494 -—
2796 4453 3137 4516 Λουπικίγφ
3167 4454 3498 4525 μαγίστρῳ.

2324 4563 2464 4628 Τοὺς
2500 4565 2600 4635 τῆς
2629 4564 2882 4635 νεότητος
2904 4563 3275 4629 διεξελθόντες
3310 4563 3553 4631 ἀγῶνας,
3591 4565 3689 4618 καὶ
3738 4563 3855 4617 τῶν

2253 4655 2348 4708 τοῦ
2378 4659 2565 4725 γήρως
2601 4646 2744 4727 ὅρων
2772 4656 2903 4709 εἴσω
2946 4657 3248 4726 γενόμενοι,
3278 4657 3372 4709 καὶ⁵
3402 4655 3650 4719 πλείονος
3679 4656 3851 4726 τιμῆς

2257 4748 2329 4811 ὼς
2360 4750 2735 4820 γεγηρακότες
2768 4750 3176 4804 ἀπολαύσεσθαι
3203 4749 3702 4821 προσδοκήσαντες,
3734 4755 3854 4814 τοῖς

2257 4841 2354 4908 τῆς
2404 4842 2773 4909 συκοφαντίας
2823 4841 3137 4913 βαλλόμεθα
3179 4843 3383 4914 βέλεσι,
3412 4844 3507 4895 καὶ
3557 4841 3696 4913 πρὸς
3748 4843 3854 4905 τὰς

2261 4934 2633 5004 γεγενημένας
2705 4933 3042 5003 κατηγορίας
3121 4933 3422 5001 ἀπολογίαν
3510 4935 3853 5005 προσφέρειν

2260 5021 2691 5092 ἀναγκαζόμεθα
2754 5017 2814 5076 οὗ
2845 5023 2911 5091 δὴ
2949 5024 3108 5093 χάριν
3137 5024 3231 5076 καὶ
3275 5025 3374 5094 τὴν
3418 5022 3699 5095 ὑμετέραν
3746 5040 3855 5076 παι

2264 5112 2502 5182 ρακαλοῦ
2512 5129 2610 5181 μεν
2643 5114 3141 5184 μεγαλοπρέπειαν,
3180 5117 3303 5178 ταῖς
3331 5116 3441 5168 τῶν
3472 5115 3851 5188 κατηγορούν-

2262 5221 2369 5258 των
2410 5206 2555 5274 sua;
2586 5206 2673 5277 μὴν
2708 5204 2998 5259 πιστεῦσαι
3050 5207 3446 5276 ψευδολογίαις.
3483 5207 3549 5261 Et
3600 5208 3702 5279 μιν
3740 5210 3851 5282 γὰρ

2261 5297 2369 5349 τῶν
2410 5299 2621 5367 σιωπὴν
2669 5299 3070 5367 ἀσπαζομένων
3116 5299 3439 5369 ἐτύγχανον,
3474 5299 3609 5364 ἴσως
3642 5301 3711 5356 ἂν
3736 5296 3851 5372 εἶχε

2263 5389 2446 5460 χώραν
2490 5391 2589 5460 τῆς
2637 5391 2944 5458 κενοδοξίας
2985 5394 3018 5461 η
3074 5393 3298 5462 ὑποψία.
3345 5392 3563 5463 Ἐπειδὴ
3593 5393 3651 5448 δὲ
3685 5393 3853 5463 διηνιρ

2263 5480 2375 5532 κῶς
2405 5478 2461 5528 ἐν
2492 5481 2610 5539 ταῖς
2661 5479 3009 5547 Ἑκκλησίαις
3065 5479 3448 5551 διαλεγόμεθα,
3516 5481 3721 5547 πολλάς
3763 5481 3851 5535 διὰ

2263 5570 2361 5636 τὴν
2393 5567 2545 5621 θείαν
2579 5570 2739 5639 χάριν
2786 5564 2983 5641 ἔχομεν
3014 5572 3287 5644 μυριάδας
3318 5576 3387 5645 τῇ
3414 5572 3520 5628 τῶν
3560 5574 3852 5645 δογμάτων

2334 5748 2445 5819 (58)
2480 5751 2552 5804 lta
2585 5751 2752 5821 Neap.
2789 5750 2932 5815 Sirio
2991 5752 3191 5824 ῥᾴδιον.
