4078 6320
205 393 372 461 1285
1549 396 1912 459 EPISTOLA
1954 402 2136 463 XCII.
3370 419 3505 482 122w,

204 500 478 573 ὀρῗὶὸτητι
511 502 917 573 μαρτυρούσας.
947 502 1072 565 Τοῖς
1102 501 1211 572 γὰρ
1246 502 1627 566 ἀποστολικοῖς
1659 503 1768 573 ὅροι

1871 545 1879 565 .
1911 494 2204 576 Quamdam
2242 526 2304 566 ac
2335 527 2585 568 normam
2638 514 2827 571 verbis
2866 519 3075 574 nostris
3134 524 3501 596 applicantes.

204 599 319 653 καὶ
377 597 573 667 νόμοις.
606 595 1035 669 ἀκολουθοῦμεν,
1086 597 1183 650 καὶ
1239 596 1341 669 τὴν
1389 596 1704 650 ὲκτεθεῖσαν
1751 599 1768 649 ἑ

1914 599 2223 655 doctrinam
2258 601 2567 673 dirigimus.
2602 604 2761 671 Quod
2786 607 2832 662 si
2872 610 3166 680 quisquam
3200 614 3271 668 ab
3301 615 3389 672 his
3419 595 3506 674 ut;

197 690 429 762 Νικαίᾳ
459 690 643 743 πίστιν
680 689 788 742 ὑπὸ
815 688 924 741 τῶν
958 688 1130 756 ἁγίων
1168 689 1263 743 καὶ
1310 690 1601 761 μακαρίων
1638 690 1768 742 [lati

1914 704 2072 744 versa
2096 706 2197 746 nos
2220 695 2429 748 sentire
2458 697 2764 765 contendit,
2799 710 3104 770 praesentes
3127 716 3371 772 accuset,
3398 724 3503 766 nec

202 798 356 854 ρων,
404 746 532 835 ὀἷόν
568 798 693 834 τινα
751 781 954 835 κανόνα
1005 746 1104 834 καὶ
1147 746 1404 850 γνώμδνα
1458 746 1572 844 τοῖς
1628 780 1768 847 λόγοι

2234 746 2239 747 ,
2468 746 2764 765 --ΜΨ-η,
2842 746 3104 758 ..ην-ην..
3127 746 3371 772 ..ωλι-..νη
3398 746 3499 766 ..ιι

1913 780 2170 837 absentes
2193 783 2581 842 calumnietur.
2608 746 2834 844 Iustum
2849 793 2996 847 enim
3019 804 3127 862 est,
3152 806 3214 851 ut
3235 797 3499 869 loquendi

194 873 652 943 προσφέροντες,
681 870 781 942 τὴν
806 870 1157 925 διδασκαλίαν
1183 870 1501 942 εὐθύνομεν.
1520 871 1583 924 Et
1606 871 1663 924 δέ
1692 873 1768 943 (δε

1912 878 2099 940 partes
2123 871 2378 930 obtineat
2408 877 2575 931 etiam
2607 894 2759 947 reus,
2785 890 2950 952 atque
2983 885 3218 955 objectis
3272 905 3503 947 accusa-

194 977 302 1026 αις
329 961 497 1034 ἕτερά
520 978 642 1015 τινα
685 960 840 1032 παρά
868 962 1039 1015 ταῦτα
1097 964 1314 1055 φρονεῖν
1342 964 1498 1055 Δἡμᾶς
1534 963 1768 1034 ίσχυρίζε

1914 960 2161 1020 tionibus
2195 967 2546 1036 respondeat,
2579 978 2637 1026 et
2672 970 2747 1026 ita
2794 971 3018 1029 demum
3052 979 3387 1034 sententiam
3409 982 3503 1055 ju-

194 1070 329 1120 ται,
359 1054 648 1124 παρόντων
680 1054 1080 1125 κατηγορείτω,
1117 1054 1194 1124 μὴ
1246 1052 1487 1116 ἀπόντας
1540 1071 1768 1123 συκοφαι

1906 1049 2063 1106 dices
2082 1068 2150 1107 ex
2174 1054 2385 1125 legibus
2411 1060 2797 1126 pronuntient.
2836 1064 2947 1119 Has
2970 1080 3072 1136 ego
3097 1077 3285 1137 partes
3310 1049 3501 1141 quasso

193 1143 399 1196 τείτω.
434 1141 656 1195 Δίκαιον
685 1139 795 1213 γὰρ
827 1141 1004 1211 λόγων
1037 1140 1370 1213 μεταλαχεῖν
1410 1142 1505 1209 καὶ
1537 1142 1631 1197 τὸν
1676 1143 1768 1221 φεύ

1909 1143 2135 1197 υινηιηιὶ
2168 1161 2387 1217 quoque
2429 1163 2527 1218 per
2582 1150 2795 1223 1162
2845 1132 3499 1226 magnificentiam-uiam

193 1248 406 1301 γοντα.
432 1231 699 1303 καὶπρὸς
744 1233 846 1305 τὴν
893 1232 1269 1303 γεγενημένην
1320 1232 1667 1306 κατηγορίαν
1704 1234 1768 1302 τὴ

1905 1236 2172 1305 consequi
2223 1237 2407 1292 liceat.
2464 1237 2570 1296 Sed
2647 1242 2750 1297 etsi
2802 1259 2907 1300 nos
2968 1248 3230 1319 cuiquam
3285 1251 3497 1309 indicta

190 1321 511 1390 ἀπολογίαν
540 1322 895 1393 ποιήσασθαι,
936 1322 1030 1375 καὶ
1061 1322 1370 1393 τηνικαῦτα
1398 1324 1523 1388 τοὺς
1551 1322 1768 1415 δικάζον

1904 1337 2069 1379 causa
2103 1325 2365 1383 damnare
2420 1331 2599 1389 visum
2670 1335 2765 1401 sit,
2807 1337 3041 1412 ferimus
3096 1341 3183 1397 vel
3236 1342 3497 1415 injustam

192 1429 311 1476 τας
371 1412 513 1468 κατά
565 1414 763 1483 νόμους
812 1414 913 1483 τὴν
956 1413 1140 1484 ψῆφον
1195 1413 1524 1483 ἐξενεγκεῖν.
1582 1414 1768 1468 Τούτω

1898 1429 2057 1483 aequo
2080 1416 2265 1473 animo
2293 1423 2621 1478 sententiam
2651 1442 2664 1479 :
2692 1428 2823 1497 quia
2861 1428 3083 1486 Domini
3121 1412 3361 1491 tribunal
3397 1454 3496 1492 ex-

193 1502 522 1557 ἀπολαῦσαι
552 1502 709 1573 κάγὼ
734 1502 823 1557 διά
856 1504 957 1573 τῆς
998 1503 1271 1576 ὑμετέρας
1312 1504 1762 1576 μεγαλοπρεπεῖα

1901 1512 2237 1571 spectamus.
2279 1508 2375 1571 ubi
2411 1524 2514 1567 nec
2558 1516 2815 1583 testibus,
2873 1534 2976 1574 nec
3031 1522 3315 1580 advocatis
3351 1526 3496 1582 india

194 1595 539 1667 παρακαλῶ.
582 1596 645 1650 El
688 1594 731 1648 δ’
763 1596 977 1666 ἐρήμην
1020 1594 1165 1658 τινὲς
1211 1594 1369 1665 ἡμῶν
1421 1594 1768 1664 καταψηφίσα

1901 1608 2112 1664 gemus,
2138 1612 2264 1652 cum
2289 1601 2466 1656 oculis
2502 1604 2643 1674 ejus,
2662 1615 2725 1673 ut
2751 1609 2827 1662 ait
2848 1612 3146 1679 Apostolus
3169 1615 3235 1681 "’,
3266 1618 3413 1674 nuda
3437 1626 3495 1674 et

188 1684 340 1741 σθαι
370 1685 671 1757 βούλονται,
704 1684 1000 1749 ἀσπαστῶς
1029 1686 1126 1739 καὶ
1170 1685 1269 1756 τὴν
1299 1685 1486 1739 ἄδικον
1528 1683 1762 1754 δεχόμεο

1904 1697 2095 1755 aperta
2126 1690 2237 1744 sint
2267 1694 2475 1750 omnia.

183 1780 411 1854 ψῆφον.
459 1782 833 1861 ’Δναμένομεν
882 1780 994 1853 γὰρ
1069 1781 1133 1835 τὸ
1185 1780 1284 1836 τοῦ
1363 1777 1665 1835 Δεσπότου⁹
1699 1780 2005 1852 κριτήριον,
2076 1785 2207 1839 ἔνθα
2263 1788 2386 1843 οὕτε
2451 1796 2768 1866 μαρτύρων,
2818 1796 2941 1854 οὕτε
3002 1807 3326 1879 κατηγόρων
3379 1805 3495 1863 8e6-

194 1877 373 1950 μεθα.
406 1878 594 1933 Πάντα
647 1858 758 1949 γάρ
790 1877 977 1948 γυμνά
1016 1877 1112 1932 καὶ
1150 1876 1629 1950 τετραχηλισμένα
1659 1874 1892 1930 ινὼπιον
1916 1879 2078 1932 αὐτοῦ
2139 1883 2281 1938 κατά
2311 1884 2401 1939 τὸν
2430 1858 2576 1942 θεῖον
2620 1858 2967 1950 ’Ᾰπόσστολοι

569 1995 687 2064 ιικ.
727 2027 799 2037 --
821 1995 1123 2065 Εὐτρεχίφ
1148 1993 1419 2066 ὑπάρχῳ.

1871 1990 1873 2024 ί
2260 2001 2398 2058 XCI.
2427 2034 2497 2044 ——
2530 2004 2821 2063 Eutrechio
2849 2011 3119 2081 profecto.

272 2111 387 2183 Τὴν
438 2112 564 2185 περὶ
612 2113 761 2183 ημᾶς
816 2111 1057 2166 διάθεσιν
1100 2111 1201 2181 τῆς
1242 2111 1519 2185 ὑμετέρας
1561 2111 1767 2184 μεγαλο

1966 2112 2101 2180 Quae
2118 2114 2192 2171 sit
2208 2131 2337 2187 erga
2362 2132 2464 2172 nos
2487 2118 2914 2190 magniﬁcentia:
2934 2130 3041 2180 tua:
3078 2125 3487 2198 benevolentia,
3512 2191 3513 2195 η

187 2206 473 2279 πρεπείας
537 2202 656 2261 οἶδα
690 2206 898 2275 σαφῶς,
928 2207 1024 2259 καὶ
1052 2204 1230 2274 λόγων
1260 2205 1324 2293 οὐ
1356 2205 1546 2293 δέομαι
1583 2204 1768 2276 ταύτηε

1896 2205 2030 2261 satis
2065 2218 2419 2277 perspectum
2452 2207 2650 2275 habeo,
2687 2226 2789 2267 nec
2813 2214 3000 2271 verbis
3043 2232 3184 2288 opus
3226 2230 3334 2286 est,
3364 2238 3489 2293 qua

193 2312 271 2367 με
305 2294 690 2350 διδασκόντων.
723 2293 1067 2367 Σαφέστερον
1096 2293 1207 2365 γὰρ
1254 2292 1497 2348 διδάσκει
1546 2294 1657 2348 τῶν
1706 2294 1768 2348 λό

1895 2296 2039 2352 hanc
2075 2297 2237 2353 nobis
2257 2298 2558 2355 declarent.
2602 2296 2820 2359 Clarius
2836 2305 3041 2377 quippe
3070 2310 3258 2366 verbis
3309 2292 3488 2369 omni-

186 2405 314 2458 γων
344 2388 414 2443 τά
443 2386 763 2459 πράγματα.
797 2385 913 2455 Τῆς
964 2386 1020 2439 δὲ
1069 2384 1587 2481 γεγενημένης-είς
1612 2386 1768 2481 Δἡμεῖς

1893 2387 1999 2444 bus
2028 2405 2120 2445 res
2144 2389 2368 2447 d’ocent.
2402 2392 2571 2448 [llatae
2605 2402 2791 2451 autem
2823 2398 2987 2481 nobis
3018 2400 3238 2472 injuria;
3259 2419 3483 2462 causam

185 2479 418 2543 ἀδικίας
472 2478 777 2549 ἐϐουλόμην
823 2477 923 2549 τὴν
974 2475 1158 2530 αἰτίαν
1210 2475 1423 2547 μαθεῖν.
1458 2475 1768 2531 Καινότατοε

1891 2479 2121 2536 avebam
2145 2477 2521 2553 cognoscere?
2535 2484 2673 2539 Rem
2708 2486 2857 2541 enim
2882 2478 3128 2559 patimur
3153 2493 3483 2562 inauditam,

185 2568 307 2641 γὰρ
359 2568 711 2639 ὑπομένομεν
746 2568 1001 2638 πρᾶγμα,
1037 2566 1179 2620 κατά
1213 2566 1410 2620 ταυτὸν
1459 2566 1665 2637 ἄγαμοι
1696 2568 1789 2621 καὶ

184 2659 418 2731 δίγαμοι
461 2658 881 2729 πολεμούμενοι.
914 2658 979 2710 Εί
1008 2656 1066 2710 δὲ
1102 2659 1153 2711 οί
1197 2656 1293 2711 νῦν
1337 2656 1436 2721 τὰς
1474 2657 1598 2711 καθ’
1626 2658 1786 2729 ἡμῶν

186 2749 561 2819 συκοφαντίας
613 2749 920 2818 ὕφήναντες
982 2746 1429 2819 παραχαράττειν
1492 2749 1640 2819 ἡμᾶς
1684 2747 1786 2820 τὴν

182 2839 558 2913 εὐαγγελικὴν
592 2838 943 2894 διδασκαλίαν
991 2839 1179 2908 φασὶν,
1215 2840 1270 2893 τί
1310 2838 1509 2910 δήποτε
1541 2839 1617 2911 μὴ
1642 2857 1786 2910 παρ-

182 2929 355 2996 όντας
403 2933 740 3003 ἐλέγχουσιν,
785 2930 902 2986 ἀλλ’
933 2930 1183 2986 ἀπόντων
1209 2930 1615 3003 κατηγοροῦσι;
1647 2930 1795 2984 Τοῦι

184 3040 253 3080 το
287 3025 398 3096 γάρ
431 3024 613 3077 αὐτῶν
655 3024 891 3089 μάλιστα
918 3021 1192 3093 διελέγχει
1229 3022 1291 3077 τὸ
1316 3022 1535 3093 ψεῦδος.
1562 3022 1782 3086 Είδότες

185 3116 303 3188 γὰρ
330 3116 406 3180 ὡς
432 3115 635 3180 πολλὰς
667 3114 865 3186 ἕξομεν
903 3114 1196 3185 μυριάδας,
1240 3116 1355 3178 τοῖς
1395 3112 1782 3177 ἀποστολικοῖς

186 3208 350 3279 ἡμῶν
372 3208 606 3279 δόγμασι
642 3206 1052 3280 μαρτυρούσας,
1076 3206 1292 3278 ἐρήμην
1327 3206 1653 3275 ιποιήσαντο
1680 3205 1780 3276 τὴν

1890 2571 1985 2642 qui
2013 2589 2125 2629 uno
2155 2582 2403 2644 tempore
2428 2576 2579 2633 velut
2623 2576 2838 2650 innupti
2865 2589 2920 2635 et
2944 2581 3147 2654 digami
3203 2602 3488 2660 oppugna-

1889 2678 2033 2717 mur.
2072 2664 2229 2732 Quod
2259 2666 2305 2721 si
2328 2667 2424 2737 qui
2460 2683 2610 2723 nunc
2644 2680 2838 2726 contra
2879 2688 2981 2729 nos
3029 2677 3335 2753 calumnias
3372 2684 3482 2737 orsi

1888 2764 2039 2822 sunt,
2061 2759 2431 2829 evangelicam
2464 2760 2772 2818 doctrinam
2796 2764 3112 2823 adulterare
3139 2785 3239 2826 nos
3264 2771 3482 2839 dicunt,

1887 2861 1987 2901 cur
2022 2846 2241 2903 tandem
2281 2863 2392 2904 non
2431 2860 2733 2920 praesentes
2763 2864 3023 2925 arguunt,
3070 2856 3167 2914 sed
3221 2860 3483 2918 absentes

1885 2941 2187 2994 accusant?
2219 2941 2335 2996 Hoc
2355 2942 2504 2998 enim
2546 2959 2739 3000 revera
2772 2946 3016 3016 ipsorum
3055 2952 3242 3019 potius
3291 2954 3486 3008 redar-

1884 3031 2005 3103 guit
2042 3031 2415 3088 mendacium.
2439 3034 2577 3089 Nam
2622 3051 2748 3091 cum
2781 3038 3093 3111 intelligant
3122 3043 3325 3099 multas
3374 3061 3480 3101 nos

1884 3117 2088 3175 habere
2140 3121 2437 3193 myriades,
2494 3139 2617 3194 qua:
2692 3127 2994 3196 apostolica
3046 3144 3171 3185 esse
3219 3131 3480 3204 dogmata

1881 3218 2071 3265 nostra
2104 3214 2552 3278 testentur,_ideo
2574 3216 2850 3274 actionem
2886 3219 3007 3274 sine
3031 3221 3353 3281 vadimonio
3388 3225 3478 3280 in-

186 3298 429 3370 γραφήν.
471 3297 634 3352 Ἀλλά
694 3298 802 3369 χρὴ
855 3298 980 3363 τοὺς
1033 3298 1282 3370 ,ἐννόμως
1322 3295 1648 3360 δικάζοντας
1701 3296 1768 3369 τᾷ

1883 3298 2203 3354 stituerunt.
2231 3299 2338 3356 Sed
2367 3312 2587 3371 Oportet
2624 3319 2813 3375 aequos
2835 3308 3054 3378 judices
3108 3326 3205 3366 reo
3244 3312 3475 3370 alteram

185 3388 653 3461 κατηγορουμένῳ
693 3388 931 3458 θατέραν
980 3390 1104 3443 ταῖν
1158 3389 1352 3443 ἀκοαῖν
1387 3389 1654 3460 ἀκεραίαν
1681 3406 1768 3459 et»

1882 3403 2072 3444 aurem
2100 3405 2343 3446 servare.
2376 3391 2534 3458 Quod
2564 3395 2611 3448 si
2648 3395 3099 3454 adversariorum
3123 3405 3478 3463 sermonibus

184 3476 368 3544 λάξαι.
410 3479 474 3532 Ei
520 3478 576 3532 δὲ
636 3480 747 3543 τοῖς
791 3479 900 3533 τῶν
952 3478 1236 3533 ἀντιδίκων
1282 3478 1461 3547 λόγοις
1512 3479 1768 3553 έκατέραι

1881 3489 2172 3552 utramque
2210 3482 2478 3553 praebent,
2518 3492 2575 3539 et
2611 3501 2681 3541 ex
2736 3501 2931 3543 eorum
2960 3491 3198 3549 arbitrio
3245 3504 3473 3551 senten-

184 3570 578 3643 προσφέρωσι,
625 3571 718 3625 καὶ
760 3570 860 3641 τὴν
904 3570 1137 3634 ἐκείνοις
1178 3571 1438 3627 δοκοῦσαν
1482 3572 1777 3643 ἐκφέρουσι

183 3658 390 3729 ψῆφον,
430 3659 727 3732 στέρξομεν
748 3660 847 3730 τὴν
881 3657 1119 3722 ἀδικίαν,
1147 3659 1224 3722 ὼς
1256 3659 1360 3729 τῆς
1394 3659 1503 3713 τῶν
1528 3661 1775 3731 οὐρανῶν

185 3751 448 3822 πρόξενον
488 3752 768 3823 βασιλείας
787 3770 801 3785 ο
836 3752 929 3806 καὶ
957 3752 1019 3805 τὸ
1049 3752 1270 3812 ἀκλινὶς
1314 3751 1492 3805 έκεῖνο
1518 3752 1777 3823 δικαστή-

187 3857 300 3912 ριον
331 3840 770 3913 προσμενοῦμεν,
802 3842 933 3895 ἔνθα
971 3840 1094 3895 οὗτε
1127 3844 1455 3915 κατήγορος,
1489 3841 1614 3896 οὔτε
1649 3858 1775 3895 συν-

184 3933 405 4003 ήγορος,
440 3930 565 3985 οὔτε
594 3933 825 4005 μάρτυς,
867 3930 990 3987 οὔτε
1026 3931 1355 4003 ἀξιωμάτων
1372 3932 1628 4004 διαφορά,
1655 3932 1771 3987 ἀλλ’

183 4022 362 4094 ῐργων
392 4023 487 4077 καὶ
509 4023 687 4093 λόγων
716 4025 922 4093 κρίσις,
956 4025 1052 4077 καὶ
1072 4026 1105 4095 ἡ
1128 4023 1250 4077 κατ’
1276 4023 1437 4088 ἀξίαν
1468 4024 1764 4087 ἀντίδοσις.

192 4131 209 4164 ι
231 4114 437 4178 Πάντες
474 4115 603 4187 γὰρ,
638 4117 796 4186 φησι,
826 4114 1295 4186 παραστησόμεθα
1332 4114 1412 4185 τῷ
1437 4115 1644 4187 βήματι
1669 4115 1767 4169 τοῦ

185 4204 441 4275 Χριστοῦ,
471 4206 557 4259 ἵνα
603 4206 905 4276 κομίσηται
940 4206 1173 4271 ἕκαστος
1202 4207 1271 4263 τά
1308 4207 1414 4261 ι’δια
1443 4207 1537 4262 τοῦ
1574 4208 1764 4278 σώμα-

179 4312 269 4358 τος
293 4296 429 4369 πρὸς
453 4296 490 4352 ἃ.
521 4297 776 4369 ἔπραξεν,
798 4298 910 4351 εἴτε
935 4297 1166 4365 ἀγαθὸν,
1197 4298 1308 4352 είτε
1334 4299 1527 4353 κακόν.
1559 4319 1577 4351 ι

516 4410 629 4477 ιβ’.
660 4440 733 4450 -
772 4411 1089 4477 Ἀνατολίφ
1118 4412 1426 4482 πατρικίφ.

246 4524 383 4587 Τοὺς
418 4528 517 4595 μὲν
544 4523 1001 4588 θεοσεόεστάτους
1039 4524 1375 4587 ἐπισκόπους
1407 4525 1489 4588 είς
1527 4526 1627 4598 τὴν
1667 4528 1762 4596 βα-

1881 3573 2011 3633 tiam
2036 3583 2319 3643 promunt,
2349 3576 2750 3646 amplectcmur
2803 3580 3065 3652 injuriam
3099 3586 3253 3657 regni
3300 3589 3473 3644 caelo-

1877 3677 1999 3716 rum
2027 3664 2481 3730 conciliatricem,
2526 3665 2785 3722 etforum
2830 3668 2970 3725 illud
3027 3675 3470 3744 expectabimus,

1878 3752 1932 3805 in
1964 3768 2074 3821 quo
2113 3768 2226 3808 non
2256 3766 2554 3812 accusator
2611 3756 2993 3826 futurus,'nec
3019 3771 3308 3834 patronus,
3367 3784 3471 3825 nec

1876 3842 2054 3907 testis,
2080 3858 2185 3899 nec
2212 3844 2511 3902 discrimen
2562 3848 2915 3919 dignitatum,
2935 3854 3033 3909 sed
3059 3857 3335 3915 dictorum
3384 3863 3471 3917 fa-

1874 3942 2200 4005 ctorumque
2222 3936 2514 4007 judicium,
2544 3949 2601 3993 et
2627 3955 2871 4011 congrua
2904 3945 3117 4001 meritis
3149 3951 3467 4018 retributio,

1881 4038 1900 4073 ι
1939 4022 2144 4078 Omnes
2166 4026 2315 4080 enim
2348 4027 2638 4094 stabimus,
2670 4028 2870 4101 inquit,
2898 4034 3109 4106 1183
3142 4047 3270 4093 ante
3290 4041 3471 4097 tribu-

1871 4115 1962 4169 nal
1993 4114 2223 4184 Christi,
2245 4128 2307 4173 ut
2334 4120 2540 4176 referat
2572 4125 2962 4195 unusquisque
3004 4130 3229 4200 propria
3263 4148 3466 4204 θοι-ρο-

1871 4205 1948 4259 ris
1969 4214 2136 4276 prout
2161 4209 2349 4279 gessit,
2378 4211 2495 4266 sive
2524 4211 2749 4277 bonum,
2791 4215 2909 4271 sive
2945 4218 3152 4287 malum
3188 4222 3254 4275 ⁸³.
3295 4242 3314 4275 ι

2226 4419 2403 4475 XC".
2452 4451 2524 4461 -—-
2556 4424 2807 4479 Anatolio
2831 4430 3075 4497 patricio.

1936 4525 2173 4582 Profecti
2204 4528 2429 4597 quidem
2462 4542 2593 4588 sunt
2620 4533 2676 4587 in
2708 4536 2902 4591 urbem
2946 4540 3153 4609 regiam
3218 4548 3457 4604 sanctis-

181 4615 494 4673 σιλεύουσαν
535 4615 780 4670 ἀνελθεῖν
823 4614 1211 4687 παρεσκεύασε
1248 4616 1763 4684 πόλινόὸσιώτατος

1871 4618 1993 4673 simi
2058 4620 2463 4692 arcbiepisc0pi
2532 4626 2731 4680 Domni
2807 4644 2975 4698 opera
3056 4634 3456 4704 religiosissimi

176 4704 603 4781 ἁρχιεπξσκοπος
629 4711 657 4763 ὁ
680 4707 874 4779 κύριος
902 4709 1128 4778 Δόμνος,
1158 4708 1302 4762 ὥστε
1332 4710 1430 4780 τὴν
1459 4710 1599 4764 κατά
1625 4712 1761 4766 πάν-

175 4820 279 4858 των
308 4800 481 4873 ἡμῶν
504 4801 883 4874 γεγενημένην
913 4801 1187 4870 διελέγξαι
1236 4802 1624 4871 συκοφαντίαν.
1651 4806 1763 4875 Τῆς

115 4888 121 4891 ’
174 4895 231 4949 δὲ
266 4894 538 4965 ὑμετέρας
596 4892 967 4965 μεγαλοφυῖας
1014 4881 1381 4963 διαφερόντως
1404 4894 1496 4947 ἐπὶ
1534 4894 1628 4946 τοῦ
1657 4913 1761 4947 πα-

178 4983 352 5058 ρόντος
382 4985 634 5055 δεόμεθα,
661 4984 849 5053 ἐπειδὴ
875 4982 982 5036 τῶν
1008 4982 1146 5036 ὅλων
1172 4986 1199 5037 ό
1226 4984 1433 5053 Κύριος
1454 4986 1548 5038 καὶ
1575 4986 1757 5040 πίστιν

178 5076 304 5147 ύμῖν
331 5074 603 5145 είλικρινῆ
623 5074 846 5133 δέδωκε.
879 5073 975 5127 καὶ
1001 5072 1163 5143 ζῆλον
1214 5074 1353 5145 ὑπὲρ
1390 5075 1595 5145 ταύτης
1625 5074 1749 5146 θερ-

176 5162 291 5232 μδν,
338 5163 430 5214 καὶ
468 5162 670 5232 φρένας
719 5163 931 5214 συνέσει
983 5162 1423 5233 κεκοσμημένας,
1474 5165 1568 5217 καὶ
1609 5166 1747 5236 πρδς

170 5254 393 5318 τούτοις,
445 5254 679 5324 δύναμιν
726 5256 839 5317 τοῖς
889 5254 1114 5323 ἀγαθοῖς
1162 5254 1317 5324 ὑμῶν
1368 5255 1753 5327 ύπουργοῦσαν

173 5343 546 5415 βουλεύμασιν.
593 5345 944 5416 Ἐπαμύνατε
981 5346 1272 5417 τοιγαροῦν
1307 5348 1420 5408 τοῖς
1455 5346 1752 5417 ἀδικουμέ-

170 5454 299 5501 νοις,
324 5439 419 5491 καὶ
447 5438 508 5491 τὸ
530 5437 726 5507 ψεῦδος
752 5438 1229 5507 καταγωνίσασθε,
1258 5440 1351 5492 καὶ
1382 5440 1481 5509 τῆς
1512 5440 1746 5493 ἀποστο-

169 5530 318 5602 λικῆς
386 5530 737 5592 διδασκαλίας
798 5529 1211 5601 πολεμουμένης
1283 5531 1743 5602 ὑπερμαχήσατε.

231 5689 270 5721 ⁸⁷
292 5688 457 5745 Hebr.
484 5706 558 5755 ιν,
604 5690 688 5744 15.
762 5689 812 5769 ,⁸⁸
836 5690 880 5745 li
900 5689 1027 5746 Cor.
1052 5705 1106 5753 ν,
1131 5687 1216 5743 10.

1861 4710 2127 4781 episCOpi,
2174 4722 2235 4766 ut
2264 4713 2593 4770 calumniam
2634 4718 2889 4775 refellant
2928 4740 3048 4793 quae
3077 4728 3239 4784 nobis
3271 4733 3455 4787 omni-

1860 4803 1966 4857 bus
1991 4813 2075 4858 est
2110 4804 2364 4875 imposita
2398 4824 2411 4860 :
2447 4809 2542 4863 sed
2578 4819 2669 4864 tua
2710 4813 3060 4882 potissimum
3090 4822 3452 4890 magniﬁcen-

1859 4895 1933 4947 tia
1959 4895 2119 4950 nobis
2166 4912 2307 4967 opus
2344 4907 2429 4953 cst
2458 4900 2563 4956 hoc
2593 4910 2863 4974 tempore,
2921 4910 3011 4963 cui
3060 4912 3447 4972 universorum

1858 4986 2124 5044 Dominus
2156 4998 2211 5044 et
2247 4989 2411 5045 ﬁdem
2436 4993 2710 5050 sinceram
2747 4998 3033 5068 impertiit,
3063 5011 3119 5057 et
3152 5006 3442 5062 incensum

1854 5092 1955 5146 pro
1981 5095 2046 5134 ea
2087 5081 2288 5149 zelum,
2330 5092 2387 5139 et
2429 5095 2676 5142 ornatam
2710 5091 3002 5158 prudentia
3064 5105 3329 5163 mentem,
3383 5109 3443 5156 et

1854 5168 2015 5225 bonis
2066 5180 2334 5243 praeterea
2386 5177 2633 5232 consiliis
2685 5179 3160 5241 obsecundantem
3216 5186 3448 5245 faculta-

1855 5268 1983 5315 tcm.
2019 5261 2377 5334 Opitulamini
2402 5282 2534 5337 ergo
2558 5268 2760 5339 injuste
2789 5274 3002 5329 vexatis
3022 5316 3036 5339 ,
3067 5285 3121 5331 et
3144 5275 3448 5337 falsitatem

1851 5351 2161 5423 profligate,
2194 5362 2250 5409 et
2278 5367 2649 5428 oppugnatam
2717 5361 3029 5420 doctrinam
3081 5370 3447 5438 apostolicam

1852 5442 2155 5499 defendite.
2207 5445 2404 5504 Aderit
2461 5450 2610 5505 enim
2645 5454 2835 5522 procul
2866 5446 3037 5512 dubie
3068 5459 3438 5517 Ecclesiarum

1851 5533 2116 5589 Dominus
2148 5544 2206 5590 et
2234 5536 2571 5613 gubernator
2597 5546 2816 5600 conatui
2858 5548 3277 5619 magniﬁcentia:
3308 5560 3445 5620 tua,

236 5795 339 5875 (59)
372 5805 496 5864 Haec
524 5818 651 5875 pars
679 5812 839 5874 epist.
874 5806 1063 5860 Latine
1093 5809 1177 5858 est
1219 5816 1299 5872 ap.
1341 5801 1539 5858 Baron.
1574 5812 1614 5860 t.
1645 5804 1735 5869 Vl,
1777 5820 1831 5876 p.
1868 5806 1953 5871 16,
1984 5805 2049 5859 ad
2081 5823 2111 5860 a
2135 5805 2197 5861 C.
2230 5808 2352 5863 445.
