4078 6320
244 361 384 428 12b!)

612 471 726 536 ιε’.
765 500 835 509 --
879 471 1151 536 Ἀντιόχῳ
1181 465 1448 533 ὑπάρχφο

315 586 427 655 Τῆς
460 581 725 656 μεγῖστης
756 581 936 652 ἀρχῆς
962 579 1060 643 τὰς
1088 577 1187 648 μὲν
1211 577 1500 647 φροντίδας
1531 573 1822 635 ἀπέθεσθε,

219 677 304 731 τὸ
334 676 392 729 δὲ
441 674 597 738 κλέος
649 672 802 743 ὑμῶν
859 669 1012 740 παρὰ
1057 670 1226 722 πᾶσιν
1257 667 1430 722 ἀνθεῖ.
1460 668 1521 720 0i
1574 667 1684 737 γὰρ
1726 667 1825 729 τὰς

230 766 518 838 ὑμετέρας
539 763 861 835 εὐεργεσίας
888 761 1261 858 τρυγήσαντες
1293 758 1480 858 ﬁcum
1507 756 1823 858 taﬁiaq‘év:

219 856 515 941 δελεχῶς),
567 854 808 906 πλεῖστοι
863 851 918 906 δὲ
974 845 1127 904 οὗτοι
1152 892 1166 915 ,
1222 851 1317 902 καὶ
1373 846 1651 941 πανταχοῦ
1696 847 1822 919 ,(καὶ

224 940 455 1011 πολλοῖς
478 947 575 1007 τὰς
596 945 871 1014 εὐφημίας
895 943 1319 1014 προσφέροντες.
1352 940 1446 995 καὶ
1469 941 1569 1005 τὰς
1598 942 1821 994 ἐκείνων

222 1038 483 1106 γλώττας
532 1033 696 1087 πάλιν
748 1035 830 1096 εἰς
882 1032 1136 1093 ἐπαίνους
1198 1029 1497 1093 κινοῦντες.
1564 1028 1704 1097 Ἐγὼ
1763 1030 1821 1082 δὲ

221 1129 533 1198 γάννυμαι,
573 1123 797 1195 θεωρῶν
839 1123 931 1177 τὸν
967 1121 1295 1193 ἀξιέραστον
1320 1119 1554 1191 καρπὸν,
1588 1120 1690 1191 τὴν
1718 1137 1816 1173 πο-

222 1216 595 1287 λυθρῦλλητον
629 1214 935 1282 ὼραῖζοντα
982 1210 1160 1282 ῥίζαν.
1203 1203 1278 1264 Οὗ
1312 1210 1376 1277 δὴ
1409 1210 1572 1282 χάριν
1609 1211 1703 1263 ἐπὶ
1750 1210 1818 1263 τά

227 1308 409 1377 μείζω
456 1307 549 1358 καὶ
595 1304 910 1375 τελειότερα
955 1304 1055 1371 τὴν
1111 1300 1385 1372 ὑμετέραν
1440 1300 1815 1371 μεγαλοφυῒαν

225 1397 562 1468 παρακαλῶ,
594 1398 686 1451 καὶ
723 1397 819 1465 τῆς
846 1394 955 1449 τῶν
995 1394 1335 1463 Ἐκκλησιῶν
1365 1394 1503 1460 ἀξιῶ
1530 1393 1815 1469 φροντίσαι

226 1489 502 1560 γαλήνης.
546 1486 746 1541 Πολλοῦ
769 1487 878 1557 γὰρ
906 1486 1106 1549 ταύτας
1135 1486 1403 1556 χειμῶνος
1432 1487 1732 1555 ἐνέπλησαν
1766 1486 1815 1538 οί

225 1581 333 1642 τὰς
358 1578 481 1632 καθ’
504 1577 659 1649 ἡμῶν
695 1576 1060 1645 συκοφαντίας
1086 1577 1409 1646 ὕφήναντες.
1428 1576 1527 1629 Διά
1555 1592 1636 1629 τοι
1657 1574 1814 1627 τοῦτο

217 1672 322 1723 καὶ
334 1672 382 1722 οἱ
396 1654 797 1737 Θεοφιλέστατοι
812 1668 1121 1731 ἐπίσκοποι,
1134 1668 1228 1719 καὶ
1248 1668 1466 1738 μακρᾶς
1480 1668 1809 1737 ὁδοιπορίας,

1566 354 1931 415 EPISTOLA
1970 356 2165 418 XCVI.

1860 468 1904 521 Α
2323 469 2411 526 XC
2420 471 2479 527 ν.
2499 474 2837 532 -Απτὶοείιο
2862 482 3127 553 prcfecto.

3381 381 3520 452 1290

1999 575 2218 632 Maximi
2255 582 2611 651 magistratus
2654 602 2819 645 curas
2870 593 3097 662 quidem
3155 599 3517 674 deposuistis,

1925 666 2021 721 sed
2044 668 2218 737 gloria
2247 681 2428 726 vestra
2454 677 2600 744 apud
2630 693 2825 738 omnes
2844 683 3027 740 ﬂoret.
3074 688 3179 756 Qui
3224 666 3374 751 enim
3413 666 3519 755 be;

1924 759 2137 814 neticiis
2158 764 2359 818 vestris
2380 767 2561 821 ornati
2593 768 2841 839 fuerunt,
2872 778 3097 835 assidue
3131 781 3225 838 illa
3273 799 3515 847 comme-

1924 858 2141 903 morant
2180 854 2425 922 (plurimi
2466 868 2650 913 autem
2674 860 2714 914 ii
2747 873 2897 929 sunt,
2924 875 2980 922 et
3009 870 3262 946 ubique),
3294 875 3519 934 laudes-

1922 955 2029 1009 que
2064 951 2276 998 vestras
2309 948 2450 1014 apud
2482 948 2623 1006 alios
2652 954 2976 1025 praedicant,
3008 970 3065 1015 et
3114 963 3182 1017 ad
3238 969 3514 1035 praconia

1922 1040 2103 1085 vestra
2158 1033 2379 1089 illorum
2431 1038 2597 1093 etiam
2644 1041 2861 1113 linguas
2912 1061 3160 1108 movent.
3209 1033 3326 1127 Ego
3376 1074 3512 1115 vero

1920 1136 2249 1192 magnopere
2289 1125 2463 1193 laetor,
2508 1131 2800 1189 amabilem
2849 1136 3089 1196 fructum
3123 1125 3379 1213 cernens,
3413 1152 3512 1221 qui

1920 1211 2222 1266 multorum
2291 1230 2389 1271 ore
2446 1220 2783 1278 celebratam
2848 1227 3089 1287 radicem
3152 1211 3510 1296 condecorat.

1918 1300 2290 1367 Quamobrem
2322 1307 2389 1361 ad
2420 1313 2627 1379 majora
2671 1324 2728 1369 et
2766 1315 3099 1389 perfectiora
3148 1326 3510 1397 magniﬁcen-

1922 1392 2051 1447 tiam
2103 1405 2343 1454 vestram
2398 1399 2593 1466 invito.
2648 1413 2818 1477 atque
2865 1418 2927 1463 ut
2959 1392 3330 1473 Ecclesiarum
3359 1429 3511 1478 tran-

1918 1486 2209 1554 quillitatis
2257 1505 2445 1546 curam
2497 1510 2655 1564 geras
2700 1498 2969 1557 obtestor.
3017 1504 3241 1576 Magnos
3268 1511 3416 1566 enim
3448 1513 3507 1570 in

1874 1576 2005 1630 ‘-bis
2064 1576 2265 1634 fluctus
2319 1583 2633 1641 excitarunt
2688 1588 2784 1658 qui
2823 1603 3014 1648 contra
3060 1612 3163 1653 nos
3199 1598 3509 1660 calumnias

1913 1669 2214 1723 commenti
2272 1682 2420 1727 sunt.
2477 1675 2595 1741 Qua
2645 1678 2714 1735 de
2752 1696 2917 1738 causa
2965 1693 3023 1740 et
3051 1686 3164 1744 Deo
3194 1690 3505 1751 cbarissimi

214 1762 323 1815 καὶ
360 1759 666 1823 ἀσθενείας,
698 1760 794 1811 καὶ
833 1760 1020 1831 γήρως
1048 1760 1588 1830 καταφρονήσαντες,
1609 1757 1714 1850 καὶ
1744 1757 1797 1807 τὲ

1914 1758 2181 1828 episcopi,
2210 1771 2266 1816 et
2299 1762 2560 1821 itinerum
2593 1769 2956 1843 longitudine,
2988 1788 3045 1834 et
3100 1780 3302 1836 virium
3342 1784 3505 1839 infir-

218 1852 468 1923 σφέτερα
498 1850 724 1919 ποίμνια
770 1849 1167 1913 καταλιπόντες
1206 1850 1545 1920 ἁποίμαντα,
1569 1847 1667 1918 τὴν
1701 1864 1806 1917 μα-

217 1942 364 2013 κρὰν
396 1942 598 2012 ταύτην
636 1942 862 2013 πορείαν
893 1944 1227 2007 ἐστείλαντο,
1266 1941 1533 2009 διελέγξαι
1568 1940 1628 1993 τὺ
1665 1940 1808 1993 κατὰ

213 2039 443 2088 ’πάντων
472 2034 627 2105 ἡμῶν
658 2035 907 2088 συντεθὲν
933 2038 1278 2107 ἐπειγόμενοι
1308 2036 1524 2105 ψεῦδος.
1565 2037 1809 2103 Ἐπαμυ-

206 2120 368 2175 vim
396 2122 574 2178 τοίνυν
610 2125 793 2188 αὐτοῖς
839 2124 901 2177 τὸ
941 2125 1208 2195 ὑμέτερον
1259 2125 1511 2195 μέγεθος,
1564 2127 1660 2180 καὶ
1704 2126 1806 2195 τῆς

212 2213 735 2284 συκοφαντουμένης
777 2215 919 2284 ἑῴας
947 2214 1265 2285 κηδόμενον,
1308 2216 1403 2268 καὶ
1434 2216 1534 2286 τῆς
1567 2218 1802 2270 άποστοο

208 2304 378 2374 λικῆς
442 2305 901 2377 προμηθούμενον
956 2307 1214 2370 πίστεως.
1259 2307 1469 2378 Πρέπει
1520 2306 1631 2378 γὰρ
1677 2307 1805 2377 ὑμῖν

205 2399 332 2458 τοῖς
371 2396 553 2460 ἄλλοις
611 2397 1006 2469 κατορθώμασι
1063 2399 1159 2452 καὶ
1206 2398 1326 2451 τόδε
1375 2398 1693 2468 προσθεῖναι
1743 2399 1805 2451 τὸ

210 2486 398 2549 κλέος.

618 2606 717 2671 ις
717 2609 752 2657 ⁸.
778 2634 851 2645 -
874 2606 1054 2674 Νόμῳ
1088 2604 1396 2672 πατρικίῳ.

282 2711 381 2772 Δὶς
406 2713 504 2783 μὲν
542 2712 646 2784 ἠδη
680 2715 919 2785 γράψας,
958 2710 1112 2786 οἶμαι
1139 2717 1186 2771 δ’
1223 2718 1304 2771 ὅτι
1345 2717 1440 2771 καὶ
1470 2719 1617 2790 τρὶς,
1648 2721 1799 2774 ἀντι-

203 2802 445 2873 γράφων
484 2806 586 2857 οὐκ
614 2805 825 2877 ἔτυχον·
871 2808 966 2861 καὶ
1000 2809 1223 2879 σιγῆσαι
1256 2810 1443 2875 λοιπὸν
1486 2811 1796 2883 βουληθεὶς,

205 2893 307 2946 καὶ
343 2892 440 2946 νῦν
470 2894 599 2962 γοῦν
636 2897 876 2967 ἐμαυτόν
900 2915 961 2952 τε
1001 2901 1227 2967 γνῶναι,
1260 2904 1355 2955 καὶ
1392 2901 1500 2954 τῶν
1539 2903 1797 2967 ἐξουσιῶν

201 2986 273 3038 τδ
319 2986 551 3056 μέγεθος
593 2989 916 3056 ἐπιγνῶναι,
968 2990 1191 3059 ἄμεινον
1232 2990 1419 3063 ᾠήθην
1456 2990 1613 3056 αὖθις
1660 2996 1797 3065 γρά-

199 3076 449 3146 ψαι,καὶ
494 3079 885 3149 παρακαλέσαι
927 3080 1118 3151 μαθεῖν
1163 3082 1262 3154 τὴν
1306 3084 1486 3138 αἰτίαν
1534 3086 1633 3154 τῆς
1664 3101 1795 3138 σιω-

1914 1848 2125 1913 mitate,
2184 1860 2241 1906 et
2301 1854 2461 1909 senili
2511 1865 2672 1915 aetate
2728 1874 3075 1946 contempta,
3135 1873 3505 1946 gregibusque

1913 1938 2033 1993 sine
2082 1951 2303 2010 pastore
2348 1946 2575 2014 relictis,
2626 1951 2841 2024 longam
2899 1943 3062 2012 fstam
3101 1938 3508 2033 peregrinatio-

1912 2043 2038 2081 nem
2093 2044 2479 2101 susceperunt,
2528 2040 2825 2098 conflatum
2876 2046 2931 2102 in
2973 2064 3077 2103 nos
3104 2053 3455 2109 mendacium
3486 2058 3506 2077 ⁹

1913 2116 2163 2175 refellere
2186 2133 2562 2192 properantes.
2590 2129 2825 2200 Adjnvet
2862 2149 2995 2205 ergo
3034 2136 3159 2194 illos
3187 2142 3504 2212 amplitudo

1914 2209 2133 2282 1166
2188 2223 2389 2280 vestra,
2438 2225 2495 2272 et
2548 2220 2820 2279 calumnia
2870 2242 3135 2298 oppresso
3193 2209 3494 2295 consulens

1908 2298 2148 2369 Orienti,
2184 2313 2239 2365 et
2276 2306 2402 2362 fidei
2453 2314 2767 2380 apostolicae
2810 2320 3176 2389 prospiciens.
3201 2325 3502 2385 'Convenit

1904 2392 2054 2445 enim
2104 2410 2204 2450 vos
2227 2398 2294 2451 ad
2319 2408 2519 2456 catera
2545 2405 2807 2474 praeclara
2830 2407 3077 2467 facinora
3105 2413 3249 2473 hanc
3277 2433 3500 2491 quoque

1904 2483 2134 2551 gloriam
2164 2488 2403 2559 adjicere
2418 2534 2438 2551 .

2330 2604 2515 2662 XCVI.
2532 2638 2596 2648 —
2613 2608 2783 2666 Nonio
2820 2618 3062 2684 patricio.

1973 2710 2063 2767 Bis
2108 2714 2220 2785 jam
2268 2732 2394 2772 cum
2454 2722 2791 2792 scripserim,
2824 2742 2890 2783 ac
2925 2736 3011 2785 ter
3043 2733 3233 2803 etiam,
3269 2738 3489 2808 opinor,

1902 2818 2227 2885 reSponsum
2276 2822 2388 2864 non
2442 2816 2671 2884 accepi:
2723 2827 2782 2873 et
2829 2836 2959 2877 cum
3010 2824 3177 2880 silere
3232 2828 3497 2901 deinceps

1899 2902 2222 2959 statuerem,
2265 2914 2328 2952 ae
2357 2917 2505 2957 nunc
2544 2906 2761 2961 tandem
2796 2926 2884 2966 me
2910 2927 3094 2979 nosse,
3121 2924 3491 2986 potestatum~

1898 2997 2005 3051 que
2075 2987 2511 3056 magnitudinem
2564 3010 2890 3066 agnoscere,
2944 3002 3119 3059 satius
3178 3009 3491 3067 existimavi

1899 3077 2142 3133 scribere
2183 3080 2409 3148 iterum,
2445 3085 2777 3159 silentiique
2812 3107 3035 3149 causam
3072 3105 3133 3150 ut
3166 3097 3369 3157 doceas
3402 3119 3494 3157 ro-

205 3168 346 3237 πῆς.
380 3169 470 3239 Τῷ
500 3171 614 3223 ὄντι
645 3173 757 3242 γὰρ
787 3172 886 3225 οὐκ
915 3169 1032 3226 οίδά
1060 3191 1113 3227 τι
1153 3152 1555 3245 πλημμελήσας
1584 3152 1664 3240 είς
1697 3177 1793 3246 τὴν

1899 3182 2046 3236 gare.
2098 3169 2310 3226 Revera
2358 3176 2505 3229 enim
2560 3179 2826 3238 adversus
2877 3187 3343 3257 magnificentiam
3395 3210 3493 3251 ve-

205 3258 486 3329 ὑμετέραν
509 3261 1005 3332 μεγαλοπρέπειαν.
1037 3263 1255 3332 Ἐπειδὴ
1284 3264 1342 3317 δὲ
1364 3266 1425 3317 οὐ
1459 3266 1618 3333 μόνον
1641 3265 1793 3317 ἑκόν-

201 3367 323 3414 τες,
351 3350 488 3404 ἀλλὰ
514 3352 606 3404 καὶ
634 3352 858 3417 ἄκοντες
890 3353 1179 3424 πταίομεν,
1205 3356 1295 3408 καὶ
1323 3354 1624 3427 ἀγνοοῦμεν
1646 3356 1793 3409 ἔστιν

201 3440 299 3492 ὅτε
348 3439 385 3493 ἃ
418 3440 871 3512 πλημμελοῦμεν,
924 3446 955 3514 ἡ
992 3444 1237 3514 ὑμετέρα
1277 3447 1638 3516 μεγαλοφυω.
1682 3446 1792 3500 τῶν

202 3528 372 3582 θείων
403 3532 583 3601 νόμων
642 3534 1089 3602 ἀναμνησθεῖσα,
1134 3537 1183 3589 οἳ
1230 3536 1532 3607 διαρρήδην
1584 3530 1793 3606 παρεγ-

200 3619 434 3687 γυῶσιν,
474 3638 491 3670 ι
534 3620 639 3673 Εὰν
663 3622 882 3692 ἁμάρτῃ
920 3624 949 3674 ὁ
975 3623 1199 3690 ἀδελφός
1228 3640 1322 3676 σου
1355 3627 1433 3685 είς
1468 3625 1549 3686 σὲ,
1574 3623 1790 3692 ἔλεγξον

200 3710 371 3763 αὐτὸν
406 3713 610 3780 μεταξὺ
652 3713 747 3765 σοῦ
781 3714 942 3784 μόνον
970 3717 1062 3767 καὶ
1094 3714 1281 3778 αὑτοῦ,
1308 3734 1326 3767 ι
1364 3715 1530 3785 δήλην
1569 3733 1659 3785 μοι
1687 3717 1789 3786 τῆς

199 3798 385 3868 λύπης
434 3800 660 3870 ποιῆσαι
720 3802 1117 3869 καταξιωσάτω
1163 3804 1261 3875 τὴν
1314 3806 1589 3876 ἀφορμὴν,
1625 3807 1709 3858 ἴνα
1753 3807 1785 3877 ἢ

198 3890 381 3944 ἀθῶον
420 3893 655 3961 ἐμαυτὸν
688 3893 1026 3965 ἱπιδείξω,ἢ
1075 3899 1238 3963 γνοὺς
1287 3897 1348 3949 τὸ
1402 3898 1787 3967 πλημμέλημα

74 4024 93 4041 .
200 3982 536 4052 συγγνώμην
586 3986 818 4053 αἰτήσω.
869 3987 1110 4051 Ἐλπίζω
1144 3988 1200 4041 δὲ
1259 3988 1320 4041 τὸ
1354 3990 1621 4059 πρότερον
1670 3989 1789 4043 ἔσε-

199 4071 352 4138 σθαι,
387 4078 452 4143 τῇ
486 4076 578 4127 τοῦ
630 4077 935 4141 συνειδότος
993 4079 1269 4151 μαρτυρία
1300 4080 1788 4152 θαρῤὦνζΠάντας

200 4165 306 4235 μὲν
356 4160 449 4217 οὖν
498 4166 821 4237 ἀνθρώπους
871 4171 905 4240 ἡ
972 4170 1346 4243 μεγαλοψυχία
1400 4177 1635 4244 κοσμεῖ,
1688 4176 1785 4245 οὐχ

196 4255 404 4324 ἥκιστα
454 4257 512 4310 δὲ
565 4260 691 4324 τοὺς
749 4260 891 4314 κατὰ
929 4261 1027 4332 τὴν
1080 4264 1356 4335 ὑμετέραν
1414 4265 1785 4337 μεγαλοφυῖαν

85 4358 95 4363 ·
194 4346 297 4399 καὶ
327 4346 418 4401 διὰ
455 4348 555 4414 τῆς
594 4348 833 4421 θύραθεν
872 4353 1123 4418 παιδείας
1155 4356 1514 4425 ἡγουμένους,
1565 4359 1661 4411 καὶ
1712 4359 1783 4413 τά

1897 3265 2069 3310 stram
2112 3274 2370 3326 peccasse
2395 3278 2482 3317 me
2507 3268 2808 3337 quidquam
2835 3275 3045 3328 nescio.
3078 3276 3187 3331 Sed
3213 3280 3342 3348 quia
3374 3296 3487 3338 non

1898 3347 2145 3403 volentes
2174 3351 2359 3415 modo,
2388 3354 2485 3407 sed
2515 3356 2767 3413 nolentes
2788 3376 3007 3432 quoque
3030 3347 3290 3435 labimur,
3327 3372 3488 3442 igno-

1894 3452 2188 3508 ramusque
2223 3440 2503 3496 interdum
2535 3445 2590 3500 in
2612 3448 2816 3517 quibus
2841 3451 3239 3524 delinquimus,
3273 3440 3487 3532 magni-

1892 3525 2113 3582 ﬂcentia
2159 3539 2341 3586 vestra
2397 3534 2712 3593 divinarum
2756 3556 2970 3598 memor
3020 3547 3225 3618 legum,
3273 3554 3366 3622 qui
3395 3555 3485 3611 di-

1891 3628 2038 3674 serto
2070 3624 2435 3693 praecipiunt:
2477 3646 2495 3678 ι
2530 3629 2584 3683 Si
2620 3636 2931 3700 peccaverit
2960 3637 3013 3690 in
3042 3648 3094 3693 te
3129 3640 3303 3697 frater
3328 3653 3479 3712 tuus,

1890 3711 2107 3779 corripe
2130 3727 2257 3766 eum
2294 3714 2439 3770 inter
2470 3726 2523 3771 te
2553 3729 2607 3772 et
2635 3721 2815 3790 ipsum
2839 3726 3015 3781 solum
3057 3729 3125 3795 ⁸⁸,
3154 3750 3172 3782 ι
3214 3711 3483 3793 molestiae

1890 3814 2111 3853 causam
2136 3802 2274 3856 mihi
2304 3819 2580 3874 exponere
2613 3825 2682 3864 ne
2735 3823 3013 3881 gravetur,
3063 3828 3125 3873 ut
3177 3824 3263 3876 vel
3316 3824 3481 3881 iuno-

1890 3902 2107 3946 centem
2140 3909 2263 3949 esse
2285 3911 2373 3952 me
2402 3901 2712 3965 ostendam,
2736 3904 2824 3957 vel
2853 3908 3033 3975 agnita
3067 3911 3229 3981 culpa
3260 3915 3476 3970 veniam

1889 3996 2063 4036 orem.
2094 3984 2418 4057 Quanquam
2444 3990 2601 4059 prius
2631 3991 2765 4048 illud
2802 3994 3049 4052 futurum
3084 4001 3325 4069 confido,
3368 4005 3482 4063 fre-

1889 4081 1979 4129 tus
2016 4078 2373 4133 conscicntiae
2396 4081 2732 4138 testimonio.
2763 4085 2935 4141 Porro
2966 4099 3198 4146 cunctos
3224 4093 3480 4152 homines

1889 4178 2013 4219 cum
2061 4176 2223 4220 ornet
2274 4170 2718 4238 magnanimitas,
2767 4180 2884 4229 tum
2915 4177 3040 4232 illos
3070 4182 3327 4247 maxime,
3380 4188 3477 4257 qui

1887 4270 2099 4325 magna:
2121 4266 2229 4312 tuae
2263 4259 2468 4314 indolis
2493 4264 2767 4332 exemplo,
2801 4275 2857 4320 et
2883 4270 3129 4325 externis
3161 4271 3477 4345 disciplinis

1885 4348 2112 4412 exculti,
2136 4365 2193 4403 et
2216 4349 2421 4405 divinis
2442 4352 2671 4418 eruditi,
2690 4357 3026 4424 apostolicas
3050 4359 3201 4429 leges
3220 4362 3473 4426 audiant.

196 4435 320 4491 θεῖα
369 4432 859 4511 πεπαιδευμένους.
895 4445 990 4498 καὶ
1031 4446 1141 4498 τῶν
1166 4448 1536 4502 ἀποστολικῶν
1556 4449 1778 4503 ὲπαῒονν

1898 4440 2038 4495 clara
2066 4456 2201 4496 voce
2233 4444 2661 4512 pronuntiantes
2691 4463 2704 4499 :
2747 4465 2765 4497 ι
2788 4446 2880 4501 Sol
2905 4464 3014 4503 non
3054 4452 3272 4508 occidat
3308 4471 3476 4525 super

192 4544 295 4592 τας
320 4528 524 4599 νόμων,
545 4530 807 4607 ἄντικρυς
831 4534 1098 4605 βοώντων·
1125 4556 1143 4588 ι
1168 4537 1260 4606 Μὴ
1290 4538 1554 4620 ἐπιδυέτω
1572 4542 1600 4593 ὁ
1625 4540 1778 4609 ἥλιος

193 4620 291 4673 ἐπὶ
336 4619 414 4690 τῷ
461 4624 829 4695 παροργισμῷ
886 4626 1073 4697 ὑμῶν·
1113 4647 1133 4681 ο
1184 4629 1279 4682 καὶ
1321 4628 1429 4683 τῶν
1464 4630 1777 4703 Ὁμηρικῶν

194 4726 266 4780 μι
273 4727 378 4782 μνη
385 4713 579 4781 μένους
614 4713 777 4772 ἐπῶν.

194 4858 273 4903 τη.
318 4861 332 4875 .
374 4862 511 4903 ...⁸.
554 4866 570 4880 .
612 4827 697 4903 ξὺ
726 4826 795 4880 δὲ
819 4804 1426 4903 μεγαλήτορέθυμὸν

194 4893 370 4961 Ἴσκε
388 4894 479 4946 ἐνί
510 4893 834 4961 στήθεσσιλ
862 4893 1284 4971 φιλοφροσύνη
1303 4893 1421 4974 ἱγ-ιιιρ
1453 4908 1731 4977 ἀμεινων.

264 4999 447 5054 Ταῦτα
471 5001 528 5054 δὲ
557 5003 618 5056 οὑ
640 5003 907 5059 διδάσκων
932 5006 1090 5080 ἔφην,
1110 5011 1227 5064 ἀλλ’
1251 5015 1684 5088 ἀναμιμνήσκων
1712 5023 1772 5073 ὲν

190 5090 406 5156 πολλοῖς
448 5090 615 5148 οὖσαν
652 5097 752 5166 τὴν
791 5099 1067 5170 ὑμετέραν
1121 5104 1600 5175 μεγαλοπρέπειαν
1626 5126 1639 5139 ’
1677 5112 1772 5164 καὶ

190 5181 377 5253 μέντοι
420 5186 515 5239 καὶ
547 5185 656 5239 τῶν
684 5188 781 5241 τοῦ
837 5191 1045 5261 Κυρίου
1075 5195 1423 5265 μεμνημένος
1463 5199 1667 5269 νόμων,
1717 5203 1768 5255 οἳ

184 5273 359 5330 ταῦτα
404 5276 852 5351 διαγορεὺουσιν·
907 5303 927 5335 ι
979 5284 1105 5339 Ἐὰν
1136 5289 1452 5362 προσφέρῃς
1493 5292 1555 5345 τὸ
1591 5294 1766 5365 δῶρόν

186 5379 282 5417 σου
314 5365 410 5419 ἰπὶ
442 5366 505 5419 τὸ
535 5368 939 5442 θυσιαστήριον.
973 5374 1136 5428 κάκεῖ
1165 5377 1411 5449 μνησθῇς
1442 5380 1525 5433 ὅτι
1558 5380 1671 5453 ἔχει
1706 5401 1759 5438 τι

181 5456 212 5507 ὁ
246 5453 469 5523 ἁδελφός
511 5473 604 5510 σου
658 5460 802 5513 κατὰ
846 5461 962 5524 σοῦ,
988 5463 1125 5532 ἄφες
1179 5468 1297 5520 ἐκεῖ
1340 5470 1401 5522 τὺ
1445 5470 1617 5543 δῶρόν
1666 5491 1764 5529 σου

182 5542 492 5616 ἐμπροσθεν
541 5545 636 5599 τοῦ
673 5546 1083 5623 θυσιαστηρίου,
1136 5555 1230 5608 καὶ
1273 5555 1488 5626 ὕπαγε,
1543 5562 1760 5633 πρῶτον

1887 4533 2233 4587 iracundiam
2271 4542 2511 4589 vestram
2528 4537 2574 4568 9°
2594 4554 2610 4603 ;
2634 4557 2651 4588 ι
2684 4546 2741 4593 et
2775 4538 3080 4597 Homerice
3106 4546 3400 4602 sententia:
3421 4548 3467 4581 ἰ

1886 4626 2262 4681 meminerint.

2094 4873 2106 4886 .
2149 4869 2163 4884 .
2194 4871 2214 4905 ί.
2265 4874 2276 4886 .
2314 4872 2328 4885 .
2364 4833 2439 4888 Tu
2466 4837 2646 4905 magni
2668 4838 2888 4905 pectoris
2918 4840 3059 4894 iram

1990 4900 2309 4971 Comprime,
2333 4905 2467 4957 'nam
2491 4900 2716 4976 placida:
2737 4909 2925 4963 melior
2946 4910 3227 4968 clementia
3251 4916 3461 4975 mentis.

1874 5011 2088 5083 1137
2142 5012 2272 5070 Haec
2292 5024 2476 5070 autem
2538 5032 2650 5072 non
2685 4984 2922 5074 docendi
2954 5022 3137 5078 studio
3169 5023 3308 5092 dixi,
3362 5027 3461 5083 sed

1870 5114 1932 5158 ut
1986 5106 2407 5177 magniﬁcentiae
2454 5117 2563 5163 tua;
2596 5110 2651 5163 in
2687 5111 2874 5166 multis
2898 5122 3179 5184 occupatae
3205 5131 3460 5173 revocem

1868 5195 1927 5251 in
1955 5198 2300 5263 memoriam,
2328 5214 2457 5254 cum
2485 5200 2701 5255 Domini
2725 5218 2945 5273 quoque
2974 5204 3157 5275 legum
3184 5209 3371 5263 veniat
3402 5210 3459 5264 in

1870 5299 2133 5353 mentem,
2183 5305 2306 5359 quae
2359 5290 2463 5346 ista
2512 5292 2883 5364 principium:
2919 5314 2938 5345 ι
2967 5295 3025 5350 Si
3067 5296 3236 5352 offers
3257 5313 3461 5355 munus

1874 5389 2029 5435 tuum
2056 5382 2122 5437 ad
2157 5382 2349 5444 altare,
2382 5391 2439 5437 et
2464 5382 2541 5438 ibi
2569 5385 2891 5441 recordatus
2912 5386 3104 5453 fueris,
3122 5388 3267 5460 quod
3288 5388 3461 5445 frater

1872 5482 2001 5527 tuus
2030 5473 2232 5529 habeat
2266 5475 2475 5550 aliquid
2512 5477 2805 5533 adversum
2844 5486 2917 5544 te,
2945 5479 3197 5549 relinque
3225 5479 3304 5535 ibi
3334 5496 3459 5535 mu-

1869 5580 1977 5620 nus
2031 5571 2188 5620 tuum
2243 5575 2369 5623 ante
2416 5568 2609 5635 altare,
2654 5579 2709 5625 et
2750 5569 2888 5625 vade
2924 5571 3081 5641 prius
3109 5570 3456 5628 reconciliari

245 5721 291 5754 "
309 5719 499 5778 Matth.
522 5740 671 5787 xvm,
692 5725 776 5781 15.
855 5726 900 5759 ’θ
922 5728 1123 5798 Ephes.
1151 5748 1223 5797 tv,
1254 5732 1343 5789 26.
1421 5736 1462 5769 "
1494 5737 1651 5795 lliad.
1688 5757 1723 5796 ι.
1757 5741 1881 5796 256.

548 5841 817 5902 l'nnOL.
858 5843 977 5903 Gn.
1018 5847 1062 5905 L
1078 5846 1343 5911 XXXIII.
