4078 6320
104 405 243 470 1Ξ93

1497 390 1856 454 EPISTULA
1893 392 1965 451 CI

3246 393 3383 460 1295

105 537 210 590 μεν
233 522 294 571 τὸ
315 516 598 586 διάφορον.
616 513 787 566 Τοῦτο
814 513 892 573 δὲ,
921 511 995 573 ὡς
1018 507 1190 578 οἶμαι,
1219 507 1374 560 καὶοὶ
1397 504 1463 557 τὰ
1479 503 1690 590 Ἀρείου

1811 502 2020 573 [169
2051 502 2231 558 carnis
2255 513 2312 560 et
2344 505 2651 562 divinitatis
2679 506 2796 562 diﬁc
2831 509 3048 563 entiam
3096 509 3386 566 docemus.

103 605 437 678 φρονοῦντες
476 601 819 674 ὁμολογοῦσι,
856 603 949 655 καὶ
995 600 1056 652 ού
1107 597 1331 651 καλοῦσι
1374 597 1472 666 τὴν
1518 596 1694 664 σάρκα

103 698 362 767 Θεότητα,
398 695 521 748 οὔτε
560 695 666 766 μὴν
690 693 791 764 τὴν
833 692 1063 760 θεότητα
1101 691 1279 760 σάρκα
1320 685 1696 760 προσαγορεύ-

103 806 256 844 ουσι.
305 787 503 856 Σαφῶς
545 786 653 856 γὰρ
704 785 854 855 ἡμᾶς
889 785 922 854 ἡ
962 782 1082 836 θεία
1131 781 1323 850 Γραφὴ
1367 780 1459 833 καὶ
1491 778 1696 848 ταύτην

101 880 375 952 κάκείνην
417 878 657 933 διδάσκει
704 875 804 946 τὴν
862 874 1045 944 φύσιν.
1094 873 1234 926 Ἀλλ’
1267 874 1452 941 ὅμως,
1490 871 1696 924 τούτων

102 971 256 1026 οὕτω
298 972 427 1041 παρ’
459 968 616 1039 ἡμῶν
652 969 960 1039 εἰρημένων
991 967 1097 1028 ἀεὶ,
1133 965 1352 1035 ψευδεῖς
1390 979 1535 1025 τινες
1573 961 1696 1015 καθ’

101 1063 272 1134 ήμῶν
327 1061 618 1131 ὑφαίνουσι
673 1059 888 1129 λόγους.
952 1059 1142 1128 Ἡμεῖς
1191 1057 1248 1109 δὲ
1297 1054 1375 1125 τῷ
1435 1053 1697 1107 συνειδότι

105 1152 467 1226 θαρροῦντες,
508 1152 602 1206 καὶ
645 1152 898 1222 μάρτυροι
939 1150 1034 1218 τῆς
1073 1146 1428 1209 διδασκαλίας
1481 1145 1698 1214 ἔχοντες

102 1243 218 1295 τῶν
245 1240 463 1296 ἐννοιῶν
488 1241 578 1294 τὸν
616 1241 912 1310 Ἐπόπτην,
959 1239 1104 1292 εστὶν
1131 1238 1400 1308 ἀράχνης,
1435 1236 1575 1288 κατά
1602 1234 1697 1287 τὸν

105 1334 428 1403 Προφήτην,
462 1330 922 1401 ὑπολαμϐάνομεν
952 1328 1019 1382 τὰ
1043 1328 1144 1397 τῆς
1172 1328 1535 1394 συκοφαντίας
1562 1326 1701 1393 ὑφά-

105 1414 316 1495 σματα.
356 1412 568 1478 Ἐκεῖνο
603 1425 712 1493 γάρ
764 1423 1146 1493 προσμένομεν
1179 1420 1243 1479 τὸ
1294 1423 1600 1492 κριτήριον,
1640 1418 1703 1471 τὸ

107 1515 190 1585 μὴ
213 1516 469 1585 δεόμενον
507 1516 701 1583 λόγων,
732 1513 866 1566 ἀλλὰ
899 1513 1034 1582 δῆλα
1090 1511 1282 1564 ποιοῦν
1307 1513 1376 1563 τά
1407 1510 1550 1573 τέως
1576 1510 1704 1562 λανο
1753 1579 1757 1584 ⁸

106 1603 374 1658 θάνοντα.
416 1602 604 1656 Ταῦτα
633 1601 722 1655 διὰ
767 1600 876 1655 τῶν
906 1601 1340 1670 θεοφιλεστάτων
1383 1602 1701 1654 ἐπισκόπων

107 1692 335 1764 γράφω,
385 1691 662 1764 προῦργου
714 1693 945 1763 νομίσας
999 1694 1322 1762 προσειπεῖν
1353 1692 1454 1763 τὴν
1502 1692 1602 1762 σὴν
1631 1690 1700 1743 δι’

107 1786 297 1839 αὐτῶν
349 1784 848 1855 μεγαλοπρέπειαν,
903 1783 996 1837 καὶ
1037 1785 1137 1854 τῆς
1177 1783 1525 1853 ὑποσχέσεως
1572 1783 1702 1836 ἀνα-

113 1876 346 1946 μνῆσαι.
378 1876 512 1928 Οὐδὲ
558 1875 666 1945 γὰρ
719 1874 1131 1945 πολεμούμενος
1175 1874 1270 1927 τοῦ
1306 1873 1558 1946 θηρεύειν
1594 1875 1700 1926 ἀπ-

111 1966 337 2036 έχομαι.
364 1960 498 2020 Οἶδα
526 1964 635 2035 γὰρ
666 1965 763 2018 καὶ
801 1966 928 2027 τοὺς
968 1965 1148 2034 ἱεροὺς
1189 1962 1524 2026 ἀποστόλους
1565 1961 1704 2032 μετὰ

107 2055 212 2109 τοῦ
257 2054 547 2126 βάλλεσθαι
576 2058 644 2126 τῇ
693 2057 1041 2125 πνευματικῇ
1079 2055 1292 2125 σαγήνῃ
1324 2052 1706 2124 χρησαμένους

107 2146 228 2203 ἀεί.

535 2257 616 2311 P'.
641 2285 712 2295 —
755 2254 1115 2323 Ἀλεξάνδρᾳ
1149 2253 1282 2325 (6i).

201 2365 508 2437 Ἐδεξάμην
559 2365 750 2438 πρώην
789 2369 888 2438 τῆς
947 2367 1219 2436 ὑμετέρας
1267 2368 1707 2436 σεμνοπρεπείας

110 2457 186 2510 τὰ
219 2458 549 2530 γράμματα,
600 2461 696 2511 καὶ
733 2457 922 2529 μαθὼν
977 2459 1354 2527 γεγενημένην
1410 2459 1540 2526 ὑμῖν
1567 2457 1708 2527 ὑπὲρ

111 2551 150 2619 ἡ
159 2548 280 2618 μῶν
313 2548 572 2617 σπουδὴν,
601 2549 763 2618 χάριν
794 2548 1147 2618 ὡμολόγησα,
1186 2549 1281 2602 καὶ
1312 2550 1404 2602 τὸν
1429 2548 1538 2602 τῶν
1569 2548 1708 2602 ὅλων

115 2641 401 2708 Δεσπότην
432 2638 713 2702 ἱκέτευσα,
744 2641 839 2692 καὶ
868 2640 938 2692 τὰ
973 2642 1216 2712 παρόντα
1238 2643 1370 2712 ὑμῖν
1393 2640 1576 2709 ἀγαθά
1605 2657 1706 2708 φυ-

116 2729 300 2795 λάξαι,
345 2731 440 2783 καὶ
492 2734 613 2793 ταῖς
643 2732 982 2801 προσθήκαις
1014 2733 1271 2802 αὐξῆσαι,
1306 2733 1400 2786 καὶ
1438 2733 1548 2786 τῶν
1580 2731 1709 2803 μελ-

113 2820 322 2876 λόντων
359 2824 456 2876 καὶ
492 2822 727 2876 αίωνίων
761 2823 1096 2894 χαρίσασθαι
1126 2827 1226 2894 τὴν
1250 2824 1572 2878 ἀπόλαυσιν.
1611 2825 1708 2878 Πι-

117 2910 388 2980 στεύομεν
413 2911 471 2964 δὲ
505 2911 669 2964 αὐτὸν
709 2913 802 2965 καὶ
830 2913 939 2965 τῶν
977 2929 1042 2965 πε
1055 2915 1433 2984 ριωρισμένων
1461 2913 1704 2979 ἀκούειν,

120 3002 328 3072 μᾶλλον
355 3002 412 3054 δὲ
470 3002 652 3074 πολλῷ
715 3003 880 3056 πλέον
928 3005 1168 3068 τούτων,
1224 3004 1415 3074 ἐπειδὴ
1463 3006 1552 3058 διά
1608 3007 1706 3075 τὴν

119 3091 278 3146 θείαν
310 3092 475 3145 αύτοῦ
517 3093 866 3146 διδασκαλίαν
904 3095 1002 3163 τὴν
1031 3093 1295 3148 δοκοῦσαν
1345 3095 1708 3164 ὑπομένουσιν

119 3182 329 3238 αίτίαν.
373 3182 559 3236 Ταῦτα
613 3184 702 3237 διά
751 3184 862 3238 τῶν
915 3185 1348 3252 θεοφιλεστάτων
1396 3165 1781 3241 ὲπισκόπωνδ

119 3275 343 3343 γράφω,
374 3276 715 3346 παρακαλῶν
751 3278 851 3346 τῆς
881 3278 1151 3349 ὑμετέρας
1175 3277 1375 3341 αὐτοὺς
1405 3279 1712 3333 ἀπολαῦσαι

121 3366 474 3438 κηδεμονίας.
523 3368 636 3436 Τῆς
688 3369 798 3439 γὰρ
842 3369 1206 3439 εὐαγγελικῆς
1249 3370 1412 3425 ἓνεκα
1452 3371 1712 3434 πίστεως,

123 3461 224 3514 καὶ
249 3459 348 3529 τῆς
380 3458 488 3511 τῶν
524 3458 861 3529 Ἐκκλησιῶν
895 3461 1056 3531 χάριν
1095 3461 1339 3530 εἰρήνης,
1360 3459 1460 3531 τὴν
1496 3459 1714 3530 μακρὰν

123 3552 333 3622 ταύτην
361 3551 674 3621 ἀποδημίαν
711 3551 940 3603 εἵλοντο.

488 3665 611 3720 PA'.
641 3694 714 3704 —
755 3665 1046 3732 Κελερίνῃ
1079 3664 1355 3729 διακόνῳ.

212 3781 452 3851 Ἐξήφθη
487 3779 648 3832 πάλιν
682 3781 710 3831 ὁ
740 3777 860 3830 καθ’
888 3780 920 3847 ἡ
932 3777 1047 3846 μῶν
1069 3776 1328 3844 πόλεμος,
1348 3775 1444 3828 καὶ
1479 3772 1715 3843 σμικρὸν

126 3872 315 3934 ἐνδοὺς
359 3873 387 3922 ό
437 3869 547 3922 τῶν
594 3867 901 3939 ἀνθρώπων
954 3864 1230 3936 ἀλάστωρ,
1264 3863 1428 3918 πάλιν
1473 3862 1714 3917 ὥπλικεν

126 3963 253 4017 καθ’
275 3961 431 4033 ήμῶν
458 3962 583 4022 τοὺς
611 3959 688 4028 τῷ
707 3959 896 4027 ψεύδει
932 3955 1463 4026 συντεθραμμένους.
1491 3955 1554 4007 Οἳ
1581 3971 1716 4026 προ-

126 4054 317 4125 φανῶς
360 4054 508 4122 ἡμᾶς
540 4048 1036 4118 συκοφαντοῦντες,
1066 4049 1145 4109 είς
1175 4046 1270 4099 δύο
1299 4047 1516 4113 λέγουσι
1552 4045 1716 4116 μερίο

124 4148 247 4211 ζειν
271 4145 418 4212 ἡμᾶς
455 4143 605 4203 υἱοὺς
652 4139 744 4192 τὸν
772 4139 866 4192 ἕνα
897 4138 1097 4206 Κύριον
1144 4138 1304 4207 ήμῶν
1334 4136 1542 4208 Ἰησοῦν
1575 4138 1712 4206 Χρι·

128 4234 278 4289 στόν.
314 4233 509 4301 Ἡμεῖς
540 4231 599 4282 os
643 4228 899 4299 θεότητος
945 4229 1043 4298 μὲν
1074 4229 1168 4281 καὶ
1200 4227 1624 4296 ἀνθρωπότητος
1652 4227 1713 4280 τὸ

122 4325 384 4394 διάφορον
417 4319 787 4390 ἐπιστάμεθαο
822 4319 921 4372 ἕνα
946 4318 1002 4371 δὲ
1035 4317 1407 4389 ὁμολογοῦμεν
1435 4317 1586 4381 Υἱὸν,
1619 4317 1712 4370 τὸν

125 4413 630 4485 ἑνανθρωπήσαντα
653 4411 786 4463 Θεὸν
805 4410 998 4477 Λόγον.
1032 4410 1142 4463 Καὶ
1170 4409 1332 4462 αὐτὸν
1364 4405 1503 4461 εἷναί
1532 4423 1712 4478 φαμεν

1802 594 1918 649 Hoc
1949 610 2102 660 vero,
2143 597 2202 651 ni
2254 596 2433 663 fallor,
2488 598 2604 654 Arii
2645 615 2866 671 quoque
2913 609 3215 659 sectatores
3253 619 3389 660 con-

1799 687 2043 750 ﬁtentur,
2068 697 2125 742 et
2146 704 2327 759 neque
2354 706 2576 745 carnem
2611 692 2958 749 divinitatem
3012 707 3232 762 vocant,
3279 714 3384 753 nc-

1797 792 1905 846 que
1942 776 2218 833 divinitati
2247 781 2437 835 carnis
2465 796 2669 838 nomen
2710 785 2982 852 tribuunt,
3015 802 3142 842 cum
3177 797 3389 843 utram-

1799 885 1906 938 que
1928 880 2179 925 naturam
2199 874 2490 943 perspicue
2510 876 2694 932 divina
2723 877 3008 948 Scriptura
3041 895 3142 935 nos
3165 881 3384 936 doceat.

1799 960 1869 1014 Et
1894 967 2099 1026 tamen,
2125 977 2251 1017 cum
2273 964 2389 1019 lucc
2415 965 2487 1020 ita
2515 983 2732 1037 semper
2761 983 2792 1022 a
2820 969 2980 1024 nobis
3031 971 3178 1026 dicta
3228 983 3382 1038 sunt,

1801 1050 1966 1107 falsos
2015 1053 2238 1121 quidam
2294 1064 2484 1110 contra
2545 1074 2648 1113 nos
2688 1075 2974 1116 sermones
3023 1070 3232 1116 texunt.
3274 1063 3387 1118 Nos

1801 1151 2006 1204 autem,
2031 1143 2368 1198 conscientia
2391 1145 2408 1197 l
2417 1146 2542 1209 reti,
2571 1155 2878 1218 testemque
2901 1149 3166 1204 doctrinae
3185 1160 3388 1206 nostra:

1801 1232 2197 1303 cogitationum
2235 1235 2606 1304 lnspectorem
2643 1237 2930 1302 habentes,
2959 1239 3123 1292 telam
3147 1255 3387 1305 araneae,

1797 1323 1952 1393 juxta
1992 1325 2317 1393 prephctam
2361 1326 2428 1389 ³⁸,
2468 1326 2759 1380 calumnia:
2781 1334 2930 1380 texta
2958 1326 3233 1381 ducimus.
3266 1328 3391 1382 Tri-

1804 1411 1968 1466 bunal
2011 1429 2246 1482 namque
2297 1415 2429 1469 illud
2460 1424 2861 1486 exspectamus,
2891 1417 3040 1486 quod
3068 1417 3254 1473 verbis
3275 1433 3390 1474 non

1804 1512 1949 1574 eget,
1982 1505 2077 1559 sed
2117 1505 2409 1561 manifesta
2438 1504 2602 1561 faciet
2629 1524 2752 1578 quae
2781 1509 3004 1564 interim
3041 1509 3230 1564 latent.
3262 1510 3391 1565 Haec

1805 1611 1907 1666 ego
1947 1612 2046 1666 per
2095 1598 2207 1652 Deo
2251 1598 2607 1654 charissimos
2656 1600 2948 1670 episcopos
2998 1600 3204 1666 scribo,
3255 1602 3393 1656 utile

1809 1697 1962 1743 ratus
2021 1688 2482 1760 magniﬁcentiam
2539 1699 2690 1744 tuam
2744 1706 2845 1760 per
2887 1691 3011 1745 illos
3042 1691 3301 1757 salutare,
3336 1700 3395 1746 et

1808 1775 2221 1843 pollicitationis
2255 1779 2750 1834 commonefacere.
2786 1780 2922 1834 Nam
2952 1781 3229 1850 appetitus
3264 1780 3394 1836 licet

1808 1877 2145 1940 vexatusque
2175 1873 2364 1926 venari
2389 1888 2500 1927 non
2533 1872 2748 1926 desino.
2783 1871 2909 1928 Scio
2948 1873 3152 1943 quippe
3205 1887 3395 1927 sacros

1805 1960 2104 2029 apostolos,
2135 1962 2302 2017 etiam
2332 1977 2457 2018 cum
2490 1962 2866 2030 cadebantur,
2893 1962 3167 2034 spirituali
3191 1977 3395 2035 sagena

1807 2063 1937 2103 DSOS
1957 2065 2097 2105 esse.

2339 2253 2403 2310 C.
2419 2284 2491 2294 —
2503 2253 2848 2324 Alexandros.

1876 2367 2176 2424 Gravitatis
2205 2376 2312 2422 tua:
2353 2366 2570 2422 litteras
2592 2382 2772 2437 nuper
2821 2369 3032 2440 accepi.
3079 2370 3161 2426 Ex
3189 2372 3396 2442 quibus

1809 2471 1935 2509 cum
1966 2454 2285 2509 didicissem
2311 2469 2422 2524 quo
2447 2454 2633 2509 studio
2659 2469 2750 2510 res
2771 2468 2994 2512 nostras
3019 2461 3272 2529 amplexa
3296 2462 3394 2526 sis,

1809 2546 2037 2616 gratiam
2062 2545 2252 2610 habui,
2277 2547 2683 2616 Dominumque
2721 2548 3108 2604 universorum
3139 2559 3401 2620 precatus

1813 2651 1935 2691 sum
1974 2645 2036 2690 ut
2067 2637 2360 2705 praesentia
2383 2637 2541 2692 vobis
2564 2637 2710 2693 dona
2759 2641 3055 2707 custodiat,
3109 2649 3167 2697 et
3212 2643 3399 2698 incre-

1810 2727 2012 2782 mentis
2039 2737 2258 2798 augeat,
2280 2737 2337 2783 et
2357 2730 2669 2785 futurorum
2688 2739 3135 2803 aternorumque
3154 2734 3398 2790 fructum

1811 2821 2098 2890 largiatur.
2131 2820 2425 2877 Credimus
2463 2832 2647 2879 autem
2699 2824 2858 2878 illum
2905 2825 3076 2880 etiam
3127 2827 3403 2897 relegatos

1815 2912 2031 2976 audire,
2090 2919 2254 2981 atque
2279 2912 2420 2968 adeo
2445 2914 2582 2969 istos
2614 2915 2790 2969 multo
2819 2916 3012 2986 magis,
3050 2918 3402 2988 quandoqui-

1816 3003 1942 3058 dem
1994 3003 2067 3058 ob
2109 3004 2351 3059 divinam
2377 3006 2500 3074 ejus
2517 3005 2824 3060 doctrinam
2849 3007 3098 3063 criminis
3121 3008 3402 3066 infamiam

1825 3095 2040 3165 1170
2073 3096 2368 3150 sustinent.
2422 3095 2549 3149 Haec
2594 3111 2697 3166 ego
2747 3111 2848 3166 per
2888 3097 3002 3152 Deo
3046 3097 3405 3155 charissimos

1813 3185 2103 3255 episcopos
2126 3185 2333 3250 scribo,
2363 3200 2567 3255 rogans
2605 3195 2668 3241 ut
2697 3195 2849 3240 tuam
2899 3187 3008 3242 illis
3051 3203 3244 3243 curam
3299 3189 3402 3243 im-

1815 3278 2039 3347 pertias.
2076 3277 2417 3348 Evangelicae
2446 3277 2721 3346 siquidem
2771 3276 2900 3332 ﬁdei
2947 3278 3144 3349 gratia,
3191 3290 3250 3335 et
3298 3279 3406 3336 Ec-

1815 3367 2108 3421 clesiarum
2140 3367 2292 3436 pacis
2319 3382 2507 3431 causa,
2540 3367 2760 3437 longam
2793 3366 2957 3421 istam
3002 3369 3406 3440 peregrinatio-

1814 3472 1940 3512 nem
1972 3457 2234 3512 inierunt.

2237 3659 2326 3714 Cl.
2346 3690 2417 3698 —
2433 3658 2693 3715 Celerina:
2717 3661 2973 3716 diacome.

1887 3770 2105 3824 Exarsit
2157 3769 2356 3821 iterum
2403 3777 2597 3824 contra
2642 3785 2743 3824 nos
2769 3770 2998 3835 bellum,
3027 3781 3084 3826 et
3111 3787 3238 3828 cum
3268 3789 3406 3844 pan-

1815 3861 1990 3915 lnlum
2049 3862 2356 3915 remisisset
2411 3861 2698 3914 hominum
2736 3861 2933 3926 hostis,
2970 3862 3169 3918 iterum
3207 3873 3404 3921 contra

1815 3966 1917 4005 nos
1960 3952 2195 4006 armavit
2247 3951 2500 4006 homines
2559 3949 2851 4005 mendacio
2898 3951 3257 4018 assuefactos,
3303 3957 3402 4025 qui

1813 4049 2001 4111 aperta
2061 4042 2334 4096 calumnia
2377 4041 2433 4095 in
2475 4040 2616 4095 duos
2643 4039 2787 4096 ﬁlios
2811 4040 3059 4098 dividere
3083 4058 3184 4098 nos
3209 4042 3404 4101 dicunt

1815 4152 1988 4190 unum
2017 4135 2313 4189 Dominum
2350 4135 2364 4154 '
2395 4141 2648 4188 nostrum
2693 4133 2882 4189 Iesum
2935 4133 3240 4190 Christum.
3290 4137 3404 4194 Nos
3494 4163 3498 4166 “

1815 4242 1948 4282 vero
2002 4226 2310 4280 divinitatis
2358 4225 2584 4295 quidem
2612 4233 2668 4279 et
2705 4224 3065 4280 humanitatis
3101 4225 3399 4284 discrimen

1813 4319 2120 4372 novimus:
2170 4333 2341 4370 unum
2403 4327 2589 4371 autem
2645 4316 2974 4372 conﬁtemur
3024 4317 3245 4384 Filium,
3304 4320 3403 4389 qui

1815 4408 1982 4462 homo
2027 4407 2206 4462 factus
2252 4417 2357 4471 est,
2416 4408 2589 4462 Deum
2640 4408 2925 4463 Verbum:
2961 4416 3018 4464 et
3061 4409 3241 4480 ipsum
3279 4425 3404 4467 esse

123 4505 262 4560 Θεὸν
311 4502 658 4574 προαιώνιον,
707 4503 801 4554 καὶ
854 4501 1142 4566 ἄνθρωπον
1194 4502 1282 4555 ἐπ’
1323 4501 1553 4571 ὲηάτου
1599 4501 1710 4554 τῶν

1819 4500 2054 4554 dicimus
2095 4500 2267 4554 Deum
2311 4507 2440 4554 ante
2493 4499 2713 4564 saecula,
2763 4508 2820 4555 et
2866 4501 3147 4556 hominem
3196 4502 3254 4557 in
3292 4500 3404 4558 ﬁne

123 4594 352 4667 ἡμερῶν
383 4593 695 4662 γενόμενον,
725 4592 784 4644 ού
819 4594 884 4661 τῇ
919 4593 1096 4661 τροπῇ
1133 4590 1230 4659 τῆς
1263 4590 1538 4660 θεότητος,
1572 4589 1709 4642 ἀλλὰ

122 4688 192 4755 τῇ
233 4683 536 4754 προσλήψει
573 4683 672 4752 τῆς
709 4681 1147 4752 ἀνθωπότητος.
1188 4680 1348 4733 Ἀλλά
1385 4680 1494 4751 γὰρ
1523 4697 1711 4749 περιτ-

122 4776 216 4829 τδν
253 4773 394 4826 ποιῶ
423 4774 521 4844 τὴν
555 4773 652 4843 σὴν
700 4772 969 4826 διδάσκων
999 4771 1274 4841 φιλοθεῖαν
1324 4771 1466 4840 ἅπερ
1502 4769 1707 4840 φρονῶ,

121 4862 228 4934 τὴν
283 4861 529 4930 ἀκριϐῶς
582 4862 785 4915 εἰδυῖαν
837 4862 980 4931 ἅπερ
1029 4861 1394 4940 κηρύξτομεν,
1431 4862 1527 4914 καὶ
1583 4861 1712 4922 τοὺς

125 4951 459 5021 ἀγνοοῦντας
508 4950 851 5019 διδάσκομεν.
901 4950 1214 5020 Παρακαλῶ
1260 4951 1467 5012 τοίνυν,
1518 4950 1707 5020 ἐπειδὴ

127 5045 347 5097 πάντων
379 5041 514 5112 ὁμοῦ
540 5043 648 5097 τῶν
673 5043 774 5112 τῆς
803 5041 1096 5112 Ἀνατολῆς
1118 5043 1550 5112 θεοφιλεστάτων
1588 5046 1711 5095 ἐπι-

129 5134 351 5189 σκόπων
371 5134 638 5205 κατέχεαν
670 5134 768 5204 τὴν
788 5133 1059 5205 λοιδορίαν
1085 5135 1135 5187 οί
1162 5133 1256 5187 τοῦ
1287 5134 1516 5204 ψεύδους
1547 5136 1711 5206 ἐργά-

127 5245 240 5289 ται.
280 5225 376 5280 καὶ
407 5226 506 5289 τὰς
551 5205 878 5295 ’ἐκκλησίας
909 5223 1079 5293 ζάλης
1128 5223 1455 5293 ἐνέπλησαν,
1489 5205 1588 5294 τὴν
1618 5226 1710 5275 δυ-

129 5318 298 5386 νατὴν
350 5317 492 5384 ὑπὲρ
545 5315 653 5368 τῶν
701 5315 1074 5384 εύαγγελικῶν
1106 5315 1412 5386 δογμάτων,
1465 5319 1560 5371 καὶ
1607 5317 1711 5386 τῆς

129 5409 240 5462 τῶν
287 5407 624 5476 Ἐκκλησιῶν
673 5407 917 5478 εἰρήνης,
970 5408 1302 5475 εἰσενεγκεῖν
1336 5407 1574 5478 σπουδὴν
1613 5408 1711 5479 τὴν

134 5498 230 5569 σὴν
252 5497 580 5551 θεοσὲδειαν.
615 5496 714 5550 Διά
751 5496 860 5568 γὰρ
907 5496 972 5566 δὴ
1020 5496 1192 5550 ταῦτα
1239 5499 1332 5550 καὶ
1378 5499 1427 5551 οί
1461 5497 1710 5568 θεοφιλέ-

228 5656 271 5687 ’δ
313 5653 413 5708 lsa.
453 5667 558 5716 LIX,
588 5653 642 5709 5.

1817 4592 2033 4647 dierum
2088 4592 2313 4656 factum,
2360 4608 2469 4645 non
2504 4594 2810 4647 mutatione
2833 4593 3157 4659 divinitatis,
3189 4595 3286 4651 sed
3310 4611 3403 4650 as-

1818 4684 2132 4752 sumptione
2190 4682 2566 4738 humanitatis.
2619 4682 2728 4738 Sed
2788 4699 3259 4756 supervacaneum
3294 4698 3401 4752 est,

1818 4774 1966 4844 quod
2002 4774 2263 4843 pietatem
2303 4785 2452 4828 tuam
2508 4775 2738 4829 doceam
2783 4775 2916 4845 quid
2969 4777 3223 4843 sentiam,
3275 4795 3404 4834 cum

1819 4864 2067 4933 apprime
2101 4866 2214 4934 ipsa
2240 4864 2387 4919 norit
2417 4865 2550 4934 quid
2587 4864 2969 4936 praedicemus,
2989 4883 3057 4922 ac
3089 4868 3404 4939 ignorantes

1818 4957 2135 5012 doceamus.
2176 4956 2286 5012 Oro
2316 4957 2506 5028 igitur,
2537 4959 2801 5027 quoniam
2826 4974 3020 5014 omnes
3045 4959 3159 5015 Deo
3184 4960 3401 5016 charis-

1818 5049 1989 5104 simos
2049 5048 2291 5104 Orientis
2364 5050 2653 5120 episcopos
2723 5050 2974 5106 convicio
3046 5064 3405 5123 asperserunt

1821 5139 2093 5195 mendacii
2150 5139 2409 5205 artiﬁces,
2458 5147 2514 5193 et
2553 5139 2832 5209 Ecclesias
2876 5141 3115 5197 tumultu
3150 5144 3404 5213 repleve-

1819 5239 1972 5294 runt,
2006 5237 2086 5294 ut,
2122 5244 2223 5299 pro
2259 5228 2595 5299 evangelicis
2622 5227 2973 5299 dogmatibus
3002 5229 3406 5285 Ecclesiarum-

1819 5336 1928 5391 quc
1951 5335 2104 5391 pace,
2139 5335 2301 5390 quam
2334 5321 2537 5390 poterit
2565 5334 2792 5390 operam
2814 5319 3064 5376 conferat
3082 5319 3259 5391 pietas
3286 5331 3400 5376 tua.

1820 5413 1934 5467 Hac
1958 5413 2105 5467 enim
2129 5410 2196 5466 de
2231 5423 2394 5466 causa
2437 5419 2496 5465 et
2538 5410 2835 5476 Ecclesias,
2889 5410 3094 5481 quibus
3135 5421 3402 5482 prazsunt,

1820 5502 2168 5573 reliquerunt
2223 5502 2336 5558 Deo
2394 5499 2703 5558 charissimi
2753 5500 3035 5574 episcOpi,
3081 5509 3161 5569 et,
3197 5502 3400 5560 hiemis

201 5793 312 5868 (64)
345 5794 533 5851 Latine
564 5794 707 5850 hanc
737 5794 1025 5864 epistolam
1059 5793 1224 5850 habet
1253 5792 1449 5850 Baron.
1482 5793 1519 5848 l.
1566 5810 1614 5850 ο.
1648 5810 1701 5865 p.
1749 5794 1868 5849 108.
