4078 6320
632 316 768 383 1295

1619 307 2106 377 THEODORETI
2148 307 2484 368 EPISCOPI
2524 307 2892 369 CYRENSIS

3774 299 3924 365 1295

628 424 927 496 asperitate
978 428 1311 490 contempta,
1361 416 1575 474 itineris
1598 418 1818 473 labores
1842 415 2208 485 pertulerunt,

2320 431 2502 469 στατοι
2540 416 2850 477 ἐπίσκοποι,
2877 413 2972 467 καὶ
3002 410 3100 476 τὰς
3128 411 3220 468 ὑπ’
3247 408 3425 463 αὐτῶν
3470 411 3925 480 ποιμαινομένας

627 524 691 571 ut
734 521 978 571 exortam
1010 510 1266 566 sedarent
1318 516 1717 579 tempestatem.
1748 506 1898 573 Quos
1930 513 2207 576 agnoscet,

630 614 714 660 sat
770 604 904 667 scio,
961 602 1170 671 1171
1230 609 1320 654 tua
1378 599 1567 653 divina
1614 596 1940 652 excellentia
1990 594 2210 666 pietatis

630 696 948 752 deTensores
969 692 1452 760 Ecclesiarumque
1481 689 1904 761 gubernatores.

2330 506 2658 578 Ἐκκλησίας
2703 508 3017 568 κατέλιπον,
3051 506 3145 559 καὶ
3185 505 3285 575 τῆς
3312 502 3407 556 τοῦ
3451 501 3736 573 χειμῶνος
3774 518 3921 556 κειτ-

2318 599 2626 669 εφρινησαν
2652 600 2824 669 ὧρας,
2866 598 2962 652 καὶ
2995 596 3103 651 τῶν
3138 600 3237 668 τῆς
3272 596 3585 665 ὁδοιπορίας
3611 596 3923 665 tutatus-.0

2320 689 2520 751 πόνων,
2550 691 2636 745 ἵνα
2665 692 2756 745 τὸν
2788 692 3170 744 ἐπαναστάντα
3203 690 3602 744 καταπαύσωσι
3632 685 3918 757 χειμῶνα.

630 789 736 853 Οὓς
772 783 829 842 εὖ
857 785 973 841 οἴδα
1013 787 1093 841 ὅτι
1134 784 1326 849 ὄψεταί
1374 801 1469 837 σου
1506 785 1537 854 ή
1599 782 1741 837 κατὰ
1765 781 1898 835 Θεὸν
1937 782 2231 852 τελειότης,
2273 782 2551 850 εὐσεϐείας
2610 787 2945 857 προμάχους,
3012 786 3105 839 καὶ
3154 784 3261 839 τῶν
3312 784 3654 855 Ἑκκλησιιῖιν
3707 786 3918 856 κυϐερ-

628 880 813 941 νήτας.

670 897 673 898 ⁷
697 897 813 941 τας.

659 897 690 950 η
1055 970 1165 1027 Cll.
1186 969 1470 1025 -—Basilio
1519 971 1759 1041 epispr

696 1086 852 1155 Quod
878 1088 1022 1157 jacta
1046 1085 1101 1139 in
1128 1100 1228 1139 nos
1256 1083 1503 1161 convicia
1538 1084 1691 1139 taciti
1725 1082 1953 1138 audiant
1980 1081 2075 1151 qui
2108 1095 2210 1136 nos

626 1194 737 1234 non
776 1186 1000 1238 norunt,
1027 1174 1420 1230 absurdiniliil
1445 1183 1528 1229 est
1564 1194 1574 1227 :
1605 1174 1754 1245 quod
1785 1189 1917 1229 vero
1945 1173 2211 1229 sanctitas

627 1279 719 1324 tua
765 1268 1194 1323 conviciantium
1236 1280 1347 1320 non
1401 1266 1694 1338 redarguat
1716 1265 2081 1329 mendacium,
2115 1271 2211 1319 aut

624 1360 981 1415 mediocriter
1031 1366 1087 1415 et
1142 1376 1251 1413 non
1302 1360 1516 1413 intento
1550 1358 1735 1413 studio
1769 1358 1823 1412 id
1853 1356 2037 1422 faciat,
2068 1372 2210 1426 aegre

623 1452 730 1508 sibi
753 1452 1045 1522 quisquam
1078 1448 1454 1521 persuadebit,
1496 1448 1586 1502 cui
1630 1447 1975 1503 consuetudo
2029 1455 2213 1501 vestra

620 1554 911 1617 perspecta
959 1546 1048 1600 sit.
1086 1544 1204 1598 Non
1253 1542 1398 1612 quod
1454 1542 1673 1596 veritati
1720 1541 2019 1596 amicitiam
2072 1556 2213 1611 prie-
2260 1586 2265 1589 _

623 1648 830 1698 ponere
864 1640 1135 1703 oporteat,
1168 1630 1263 1687 sed
1295 1630 1442 1700 quod
1478 1630 1734 1686 amicitiae
1759 1633 1924 1687 etiam
1952 1631 2095 1686 adsit
2130 1641 2212 1686 te-

625 1725 945 1781 stimonium
980 1722 1254 1777 veritatis.
1288 1723 1506 1777 Etenim
1534 1722 1666 1777 etin
1699 1724 1932 1783 ecclesia
1961 1723 2211 1778 dicentes

623 1831 735 1870 non
758 1830 901 1884 saepe
937 1813 1148 1869 audivit
1168 1814 1345 1883 pietas
1368 1824 1480 1877 tua,
1506 1822 1561 1868 et
1589 1814 1644 1868 in
1677 1815 2208 1879 conventibusaliis,

624 1925 750 1965 eum
790 1908 1085 1979 dogmatici
1141 1922 1172 1962 a
1218 1905 1379 1960 nobis
1406 1905 1645 1959 instituti
1690 1922 1977 1962 sermones
2004 1914 2209 1971 essent,

624 2015 746 2071 qum
792 2014 823 2052 a
868 1997 1031 2052 nobis
1080 1994 1408 2050 dicebantur
1440 1996 1675 2065 excepit,
1712 2001 1818 2052 nec
1861 1998 2210 2052 sanctitatem

625 2103 776 2146 tuam
808 2088 1033 2143 memini
1058 2101 1299 2156 unquam
1325 2100 1434 2152 me,
1469 2080 1629 2154 quod
1654 2102 1764 2141 non
1788 2095 1939 2141 recta
1959 2087 2211 2158 dogmata

625 2193 911 2251 sequerer,
942 2174 1383 2248 reprehendisse.
1418 2173 1560 2240 Quid
1595 2190 1727 2246 ergo
1761 2176 1964 2230 factum
1995 2182 2080 2230 est
2108 2176 2214 2231 hoc

627 2270 918 2342 tempore?
950 2285 1051 2325 cur
1082 2267 1345 2339 linguam,
1375 2282 1407 2320 o
1440 2265 1669 2345 charum
1718 2273 1902 2335 caput,
1948 2265 2213 2320 adversus

596 2362 975 2419 emendacium
1030 2376 1138 2415 non
1200 2373 1420 2423 moves,
1481 2358 1579 2413 sed
1629 2358 1867 2412 amicum
1919 2358 2213 2413 calumniis

626 2466 970 2523 oppressum,
1004 2458 1061 2504 et
1100 2458 1469 2520 oppugnatam
1496 2448 1787 2504 veritatem
1831 2446 2106 2517 despicis?
2153 2444 2210 2501 Si

624 2543 846 2613 quidem
891 2540 1027 2596 facis
1078 2548 1139 2594 ut
1185 2540 1378 2609 inopes
1428 2540 1771 2609 pusillosque
1823 2546 2206 2601 contemnens,

623 2633 973 2691 Dominicum
1020 2638 1355 2701 praeceptum
1409 2629 1672 2685 exaudire
1727 2628 2007 2693 convenit,
2061 2629 2210 2699 quod

624 2726 836 2781 diserte
887 2722 1224 2794 proclamat:
1265 2740 1283 2771 ι
1316 2710 1508 2776 Videte
1542 2735 1613 2774 ne
1653 2719 2019 2773 contemnatis
2039 2734 2208 2773 unum

624 2836 695 2875 ex
748 2817 964 2889 pusillis
1006 2815 1127 2870 istis
1156 2813 1401 2869 minimis
1418 2813 1518 2883 qui
1563 2812 1617 2866 in
1644 2827 1732 2867 me
1751 2811 2004 2867 credunt.
2034 2812 2207 2866 Amen

624 2910 775 2965 enim
820 2908 946 2964 dico
988 2905 1168 2983 vobis,
1202 2903 1381 2975 angeli
1414 2919 1607 2959 eorum
1641 2903 1888 2974 quotidie
1914 2903 2099 2957 vident
2130 2902 2209 2957 fa—

626 3004 767 3059 ciem
819 3000 997 3056 Patris
1035 3002 1052 3019 '
1095 2999 1203 3074 {Dei
1247 2998 1339 3068 qui
1388 3007 1472 3052 est
1502 2996 1556 3050 in
1586 2995 1741 3051 cmlis
1769 2997 1833 3049 ".
1880 3016 1896 3046 ι
1938 2996 2007 3051 At
2038 2995 2084 3051 si
2118 3012 2209 3052 ac-

626 3094 940 3151 cusantium
962 3108 1062 3147 nos
1086 3090 1331 3167 potentia
1352 3089 1541 3159 pietati
1565 3098 1671 3143 tuae
1695 3089 1977 3144 silentium
1992 3089 2204 3151 indicit,

624 3188 803 3259 legem
861 3185 1092 3239 alteram
1144 3181 1335 3237 audire
1392 3189 1631 3251 oportet,
1680 3196 1801 3250 quae
1856 3181 1982 3235 ait:
2040 3198 2058 3231 ι
2089 3180 2209 3235 Νοιι

621 3280 862 3352 accipias
890 3291 1179 3349 personam
1214 3276 1455 3346 potentis
1501 3275 1585 3339 '7;
1624 3293 1643 3325 ι
1675 3283 1773 3328 et:
1815 3291 1833 3325 ι
1868 3274 2087 3329 Justum
2116 3274 2208 3344 ju-

623 3370 831 3425 dicium
856 3368 1097 3439 iudicate
1135 3366 1220 3431 ";
1261 3384 1279 3417 ›
1310 3373 1408 3420 et:
1442 3383 1459 3415 ι
1494 3365 1614 3419 Non
1639 3366 1752 3419 eris
1789 3380 1913 3419 cum
1944 3365 2131 3419 multis
2153 3364 2208 3418 in

624 3460 835 3517 malitia
874 3460 954 3524 ”;
990 3478 1007 3509 ι
1059 3465 1153 3512 et:
1217 3475 1234 3506 ι
1266 3454 1544 3510 Claudens
1595 3455 1807 3525 n72
1851 3455 2043 3509 oculos
2081 3470 2210 3509 suos

621 3568 693 3609 ne
722 3552 904 3606 videat
939 3550 1165 3613 malum,
1211 3558 1267 3603 et
1290 3548 1556 3601 obturans
1585 3560 1748 3600 aures
1772 3561 1898 3601 suas
1921 3562 1989 3601 ne
2024 3546 2211 3600 audiat

617 3644 892 3717 judicium
939 3641 1224 3713 sanguinis
1254 3638 1458 3710 .injusti
1486 3637 1526 3691 ¹.
1573 3655 1591 3688 ›
1652 3637 1720 3691 Et
1773 3627 1879 3691 alia
1934 3634 2113 3706 ponro‘
2153 3637 2208 3691 id

622 3752 799 3810 genus
844 3745 1102 3791 sexcenta
1158 3730 1404 3802 reperire
1450 3737 1536 3785 est
1579 3729 1636 3784 in
1674 3728 1863 3783 divina
1899 3728 2206 3798 Scriptura.

622 3831 755 3898 Quae
802 3826 1027 3899 quidem
1082 3823 1344 3893 colligere
1396 3834 1865 3890 supervacaneum
1903 3818 2056 3883 duxi,
2080 3834 2207 3880 cum

624 3919 695 3975 ad
718 3920 902 3973 virum
933 3916 1194 3980 scribam,
1226 3913 1321 3982 qui
1369 3912 1423 3966 in
1467 3911 1671 3966 divinis
1717 3912 1951 3985 eloquiis
1988 3918 2207 3966 aetatem

622 4008 907 4072 contrivit,
946 4006 1150 4076 quique
1189 4003 1457 4060 doctrinae
1481 4002 1703 4056 ﬂuentis
1726 4003 2073 4059 Christianos
2106 4020 2205 4074 po-

620 4102 783 4173 pulos
816 4099 1025 4170 irrigat.
1061 4098 1177 4153 Hoc
1211 4097 1380 4167 igitur
1409 4095 1587 4148 solum
1623 4092 1826 4158 dicam,
1859 4096 2207 4165 apparituros

621 4209 729 4249 nos
754 4207 949 4249 omnes
974 4198 1102 4247 ante
1137 4190 1380 4245 tribunal
1411 4189 1640 4253 Christi,
1691 4183 2102 4257 verborumque
2150 4199 2207 4245 et

620 4298 852 4355 operum
872 4282 1141 4339 rationem
1166 4279 1506 4343 reddituros,
1529 4293 1616 4333 me
1638 4293 1791 4342 vero,
1814 4293 1941 4332 cum
1970 4277 2207 4332 aliorum

621 4376 871 4430 omnium
902 4388 1069 4428 causa
1111 4372 1383 4444 judicium
1438 4371 1546 4425 hoc
1594 4369 1974 4432 reformidem,
2027 4369 2085 4424 in
2138 4369 2206 4425 iis

2650 969 2770 1023 PB'.
2799 994 2867 1006 -—
2898 968 3195 1033 Βασιλείφ
3230 966 3561 1032 ἐπισκὸπῳ.

2390 1081 2461 1135 Τὸ
2494 1081 2592 1151 μὲν
2616 1082 2745 1145 τοὺς
2774 1079 3105 1149 ἀγνοοῦντας
3134 1081 3279 1151 ἡμᾶς
3306 1083 3430 1153 σιγῇ
3462 1081 3572 1134 τῶν
3598 1081 3734 1135 καθ’
3760 1082 3923 1154 ἡμῶν

2318 1172 2540 1226 ἀκούειν
2579 1171 2877 1243 λοιδοριῶν,
2932 1171 3087 1225 οὐδὲν
3138 1172 3398 1255 ἀπεικός⁴
3441 1174 3501 1226 τὸ
3540 1173 3600 1227 δὲ
3655 1174 3766 1245 τὴν
3820 1176 3922 1244 σὴν

2316 1263 2575 1333 ὁσιότητα
2609 1264 2721 1318 τῶν
2764 1264 3191 1336 λοιδορουμένων
3226 1263 3300 1335 μὴ
3341 1264 3643 1336 διελέγχειν
3673 1267 3742 1320 τὸ
3783 1266 3923 1337 φεῦ-

2316 1354 2425 1419 δος,
2462 1355 2494 1427 ἢ
2532 1357 2768 1427 μετρίως
2795 1357 2954 1410 τοῦτο
2984 1358 3183 1421 ποιεῖν,
3214 1357 3307 1409 καὶ
3340 1355 3414 1427 μὴ
3452 1356 3578 1409 λίαν
3626 1357 3919 1429 ἐκθύμως.

2314 1448 2414 1501 οὐκ
2443 1447 2509 1501 ἄν
2545 1464 2630 1511 τις
2679 1449 2985 1515 πιστιύσοι,
3016 1447 3117 1520 τὴν
3153 1450 3425 1520 ὑμετέραν
3455 1448 3762 1519 συνήθειαν
3802 1453 3922 1503 ἐπιδ

2319 1539 2607 1609 στάμενος.
2640 1542 2756 1594 υὺκ
2805 1542 2997 1611 ἐπειδὴ
3026 1541 3129 1609 τῆς
3164 1538 3423 1611 ἀληθείας
3453 1540 3536 1595 δεῖ
3575 1543 3682 1612 τὴν
3733 1540 3920 1610 φιλίαν

2320 1631 2657 1704 προκρίνειν,
2686 1632 2801 1685 ἀλλ’
2832 1634 2916 1687 ὅτι
2966 1632 3227 1705 τῇηφιλίᾳη
3264 1633 3358 1686 καὶ
3407 1634 3442 1704 ἡ
3491 1632 3596 1701 τῆς
3651 1634 3917 1704 ἀληθείας

2319 1726 2577 1794 πρόσεστι
2603 1725 2900 1796 μαρτυρία.
2926 1726 3036 1779 Καὶ
3065 1724 3175 1797 γὰρ
3204 1726 3291 1779 ἐπ’
3317 1726 3618 1795 ἐκκλησίας
3644 1725 3919 1794 λεγόντων

2321 1814 2478 1885 ἡμῶν
2530 1815 2787 1875 πολλάκις
2830 1818 3068 1889 ἀκήκοεν
3126 1818 3159 1887 ή
3210 1816 3276 1884 σὴ
3336 1816 3642 1881 θεοσέϐεια,
3702 1820 3808 1873 καί
3866 1817 3919 1871 έν

2322 1906 2606 1976 συλλόγοις
2652 1909 2861 1979 ἑτέροις
2905 1907 3251 1981 δογματικῶν
3282 1911 3409 1980 ἡμῖν
3445 1909 3797 1978 κινήθέντων
3832 1911 3915 1964 M—

2319 2014 2453 2065 γων,
2503 2000 2631 2064 τοὺς
2683 2001 2818 2071 παρ’
2855 2000 3011 2071 ἡμῶν
3060 2000 3387 2071 εἰρημένους
3440 2002 3770 2070 ἐπήκουσε·
3827 2005 3917 2057 καὶ

2319 2091 2419 2142 οὐκ
2451 2085 2566 2144 οἶδα
2597 2091 2820 2143 πώποτε
2868 2091 3239 2164 μεμψαμένην
3268 2092 3419 2163 ἡμῖν,
3466 2093 3541 2156 ὡς
3578 2093 3685 2146 οὐκ
3737 2093 3915 2165 ὀρθοῖς

2318 2183 2553 2253 δόγμασι
2602 2183 2902 2255 κέχρημαι,
2948 2184 3049 2255 τὴν
3100 2184 3201 2258 σὴν
3239 2186 3578 2242 θεοσέϐειαν.
3618 2188 3687 2242 Τί
3736 2190 3914 2242 τοίνυν

2320 2274 2414 2326 ἐπὶ
2443 2273 2536 2326 τοῦ
2583 2275 2852 2347 παρόντος
2889 2276 3182 2347 γεγένηται
3211 2294 3227 2343 ;
3258 2277 3325 2331 Ti
3367 2278 3571 2350 δήποτε
3609 2280 3687 2352 μὴ
3722 2285 3909 2345 κινεῖς.

2318 2356 2365 2417 ὦ
2393 2365 2520 2435 φίλη
2551 2359 2783 2437 κεφαλὴ,
2806 2369 2950 2422 κατὰ
2974 2367 3069 2422 τοῦ
3091 2369 3323 2437 ψεύδους
3347 2372 3444 2440 τὴν
3470 2372 3753 2440 γλῶτταν,

2318 2454 2593 2524 καὶφίλον
2628 2459 3159 2530 συκοφαντούμενον,
3195 2462 3290 2515 καὶ
3322 2458 3425 2535 τὴν
3459 2464 3732 2535 ἀλήθειαν
3760 2467 3912 2519 πολεο

2321 2545 2601 2616 μουμένην
2653 2550 2968 2620 ὑπερορᾷςς
3004 2551 3068 2603 Ei
3099 2551 3201 2621 μὲν
3246 2552 3324 2616 ῶς
3377 2554 3603 2622 ἀπόρων
3650 2556 3751 2609 καὶ
3799 2556 3911 2610 λειω

2320 2637 2571 2707 σμικρῶν
2597 2639 2841 2709 ἀμελῶν,
2874 2641 2977 2712 τῆς
2991 2643 3328 2715 Δεσποτικῆς
3358 2645 3580 2714 ἐντολῆς
3600 2646 3909 2702 ἐπακοῦσαι

2318 2730 2584 2799 προσήκει
2641 2729 2938 2803 διαρρήδην
2994 2732 3243 2804 βοώσης·
3297 2718 3538 2807 (Ὁρᾶτε
3598 2738 3677 2810 μὴ
3743 2755 3913 2793 κατα-

2318 2822 2626 2893 φρονήσητε
2689 2823 2807 2888 ἑνὸς
2857 2824 2968 2879 τῶν
3028 2826 3243 2899 μικρῶν
3300 2828 3505 2883 τούτων
3562 2832 3679 2885 τῶν
3731 2835 3909 2906 ἐλαχί-

2319 2927 2461 2964 στων
2519 2912 2627 2966 τῶν
2668 2917 3034 2971 πιστευόντων
3082 2920 3163 2981 είς
3209 2920 3331 2989 ὲμέ.
3386 2921 3557 2992 Ἀμὴν
3615 2924 3731 2997 γὰρ
3768 2926 3910 2995 λέγω

2316 2999 2465 3068 ὑμῖν,
2499 3002 2547 3054 oi
2575 3001 2799 3070 ἄγγελοι
2833 3004 3011 3057 αὐτῶν
3045 3006 3168 3059 καθ’
3202 3008 3411 3078 ἡμέραν
3442 3010 3614 3081 δρῶσι
3645 3013 3710 3066 τὺ
3743 3017 3907 3088 πρόσ-

2313 3110 2463 3146 ωπον
2486 3094 2580 3146 τοῦ
2627 3097 2844 3167 Πατρός
2879 3098 3109 3167 μουτοῦ
3144 3101 3203 3153 ἐν
3239 3102 3507 3173 οὐρανοῖς.
3542 3124 3559 3155 ι
3598 3107 3664 3159 Ei
3707 3110 3768 3162 ει
3801 3110 3906 3164 τῶν

2316 3186 2771 3257 κατηγορούντων
2802 3192 2953 3259 ἡμᾶς
2991 3190 3283 3263 ἡδύναμις
3315 3198 3379 3265 τῇ
3418 3200 3480 3268 σῇ
3514 3197 3767 3271 φιλοθεῖᾳ
3810 3199 3905 3269 τὴν

2316 3278 2527 3348 σιωπὴν
2586 3281 3076 3349 πραγματεύεται,
3129 3286 3235 3356 χρὴ
3282 3287 3382 3356 τῆς
3434 3289 3631 3358 ἐτέρας
3671 3294 3906 3349 ἀκοῦσαι

2313 3372 2637 3439 νομοθεσίας
2679 3372 2984 3442 λεγούσης·
3042 3394 3060 3426 ι
3096 3379 3171 3429 Οὐ
3218 3379 3359 3450 λήψῃ
3397 3382 3695 3452 πρόσωπον
3746 3386 3905 3441 δυνά-

2314 3476 2460 3516 στου.
2495 3480 2512 3514 ι
2550 3463 2657 3515 Καί
2682 3480 2696 3493 ο
2725 3482 2743 3514 ι
2770 3467 2997 3518 Δικαίαν
3020 3467 3203 3535 κρίσιν
3234 3470 3473 3537 κρίνατε.
3505 3492 3524 3523 ι
3558 3473 3707 3526 Καί·
3743 3495 3763 3527 ι
3790 3478 3902 3531 ῡύκ

2314 3553 2413 3623 ἔσῃ
2443 3553 2582 3621 μετὰ
2614 3553 2825 3607 πολλῶν
2853 3556 2945 3608 ἐπὶ
2977 3558 3166 3630 κακίᾳ.
3193 3578 3210 3609 ι
3244 3560 3353 3612 Καί
3373 3576 3385 3587 ·
3417 3582 3433 3611 ι
3456 3563 3753 3635 Καμμύων
3777 3570 3902 3632 τοὺς

2313 3640 2628 3710 ὀφθαλμοὺς
2662 3644 2850 3707 αὑτοῦ,
2877 3645 2966 3700 ἵνα
3018 3649 3091 3718 μὴ
3127 3648 3213 3721 ίδῃ
3264 3651 3511 3704 ἀδικίαν
3554 3656 3653 3713 καὶ
3704 3657 3899 3713 κλείων

2310 3734 2380 3787 τὰ
2410 3729 2525 3788 ὦτα
2570 3735 2760 3802 αὑτοῦ,
2793 3737 2878 3790 ἵνα
2920 3738 2996 3809 μὴ
3046 3741 3259 3814 ἀκούσῃ
3302 3744 3483 3814 κρίσιν
3523 3740 3762 3818 αἳματος
3789 3752 3901 3806 ἀδί-

2313 3841 2429 3878 κου.
2460 3845 2478 3877 ι
2509 3826 2616 3879 Καὶ
2650 3827 2813 3897 ἕτερα
2832 3829 2887 3882 δὲ
2917 3832 3086 3899 μυρία
3113 3833 3338 3887 τοιαῦτα
3370 3835 3519 3889 ἔστιν
3541 3840 3725 3911 εὑρεῖν
3748 3846 3897 3913 παρὰ

2310 3920 2377 3985 τῇ
2404 3915 2522 3987 θείᾳ
2546 3914 2757 3988 Γραφῇ.
2791 3919 2857 3971 Ἀ
2882 3920 3133 3991 περιττὸν
3162 3923 3429 3978 ὑπέλαϐον
3462 3929 3736 3995 συλλέξαι,
3764 3936 3896 4004 πρὶς

2313 4007 2481 4077 ἄνδρα
2524 4010 2755 4079 γράφων
2803 4014 2916 4075 τοῖς
2970 4011 3136 4077 θείοις
3186 4016 3627 4091 ὲντεθραμμένον
3656 4025 3892 4093 Δογίοις,

2310 4099 2404 4150 καὶ
2430 4098 2529 4165 τὴν
2559 4099 2944 4174 διδασκαλικὴν
2962 4105 3185 4175 ἀρδειειν
3210 4110 3589 4182 προσφέροντα
3614 4117 3727 4179 τοῖς
3750 4117 3895 4186 φιλο·

2310 4190 2551 4259 χρίστοις
2579 4190 2749 4257 λαοῖς.
2782 4193 2955 4248 Τοῦτο
2998 4199 3176 4252 τοίνυν
3216 4202 3376 4272 μόνον
3411 4205 3541 4273 ἐρῶ,
3570 4208 3655 4261 ὅτι
3697 4212 3891 4273 πάντες

2310 4284 2777 4354 παραστησόμεθα
2826 4286 2904 4357 τῷ
2956 4287 3165 4361 βήματι
3214 4294 3309 4346 τοῦ
3356 4296 3622 4367 Χριστοῦ,
3655 4303 3751 4356 καὶ
3790 4306 3891 4358 τῶν

2308 4370 2482 4462 λόγων
2514 4375 2605 4427 καὶ
2640 4375 2750 4428 τῶν
2776 4376 2961 4448 ἔργων
3001 4381 3101 4443 τὰς
3135 4383 3365 4451 εὐθύνας
3410 4389 3701 4460 ὑφέξομεν.
3753 4395 3889 4462 Ἐςὼ

618 4482 743 4538 qua:
762 4473 956 4522 contra
980 4479 1067 4519 me
1103 4463 1368 4519 dicuntur
1414 4477 1483 4517 ex
1534 4462 1764 4533 hujusce
1818 4460 2204 4539 recordatione

2315 4460 2364 4514 δὲ
2394 4464 2503 4515 τῶν
2534 4465 2711 4531 ἄλλων
2730 4467 2893 4520 ἕνεκα
2938 4471 3159 4527 πάντων
3187 4475 3345 4529 τοῦτο
3370 4478 3558 4545 decido;
3598 4482 3660 4534 τὸ
3705 4460 3887 4557 κριττμ

618 4557 800 4613 solatii
821 4552 1016 4611 causas
1045 4553 1307 4624 reperire.

1040 4756 1171 4813 CIII.
1188 4754 1552 4827 —Apollom’o
1583 4755 1780 4810 comiti.

689 4872 803 4928 Deo
834 4870 1059 4942 quidem
1092 4853 1447 4925 charissimos
1470 4852 1761 4937 episcopos
1794 4867 1849 4921 in
1873 4865 2079 4937 regiam
2102 4883 2202 4921 ur-

617 4962 743 5018 bem
784 4962 948 5017 traxit
977 4960 1252 5017 calumnia
1289 4958 1451 5014 nobis
1484 4958 1743 5013 omnibus
1771 4957 2027 5027 imposita
2056 4975 2069 5011 :
2097 4973 2201 5027 ego

617 5067 751 5108 vero
798 5068 898 5126 per
951 5038 1187 5108 illorum
1217 5036 1565 5107 sanctitatem
1615 5048 2037 5120 magniﬁcentia:
2094 5057 2199 5104 tua!

617 5145 853 5200 salutem
885 5144 1030 5209 dico,
1052 5153 1109 5200 et
1145 5143 1404 5198 amicitia:
1448 5141 1699 5197 debitum
1746 5140 1939 5205 reddo,
1974 5156 2085 5195 non
2138 5151 2198 5196 ut

616 5235 1143 5292 desideratissimum
1168 5234 1416 5290 debitum
1443 5247 1773 5304 expungam,
1805 5232 1902 5288 sed
1934 5241 1996 5289 ut
2021 5233 2197 5304 majus

614 5325 867 5383 eiiciam.
917 5327 1187 5383 Amicitiae
1225 5341 1464 5397 namque
1510 5324 1697 5381 debita
1737 5322 1878 5379 dum
1909 5323 2199 5378 solvuntur

615 5426 907 5489 augentur.
933 5417 1091 5486 Quod
1124 5418 1309 5489 itaque
1332 5416 1624 5473 calumniae
1645 5414 1860 5470 fructus
1902 5429 2007 5470 nos
2055 5429 2195 5485 quo-

616 5528 724 5581 que
752 5511 1247 5583 degustaverimus,
1292 5500 1429 5566 nihil
1478 5518 1564 5564 est
1617 5498 1864 5563 absurdi.
1918 5507 2055 5563 Nam
2100 5508 2195 5577 qui

618 5602 781 5656 homo
810 5601 900 5666 sit,
930 5618 1056 5656 eum
1086 5619 1185 5672 par
1214 5612 1297 5656 est
1320 5600 1503 5655 omnia
1526 5608 1863 5670 exspectare.
1886 5598 2195 5667 Eapropter

684 5736 730 5767 "
760 5733 949 5789 Hattb.
973 5750 1119 5799 xvm,
1158 5734 1239 5787 to.
1318 5734 1361 5763 ’⁷
1393 5732 1565 5787 Levit.
1595 5747 1703 5797 XIX,
1738 5732 1823 5785 15.
1900 5730 2120 5785 "Joan.
2158 5743 2208 5785 ιι

2318 5731 2370 5786 4.
2449 5732 2492 5765 ’⁸
2520 5732 2694 5788 Exod.
2724 5752 2873 5805 xxlu,
2902 5738 2953 5794 2.

2378 4864 2516 4960 'i‘ob;
2542 4867 2654 4960 μὲν
2674 4867 3123 4939 θεοφιλεστάτους
3146 4879 3481 4947 ἐπισκόπους
3504 4885 3586 4948 είς
3617 4887 3717 4959 τὴν
3743 4888 3885 4960 βασι-

2307 4954 2570 5050 λεύουσαν
2593 4958 2810 5013 εἵλκυσε
2841 4962 2995 5017 πόλιν
3034 4968 3067 5036 ὴ
3096 4969 3237 5023 κατά
3278 4972 3496 5027 πάντων
3734 4954 3878 5050 γεγεο

2308 5046 2516 5141 υἷιμένη
2539 5051 2900 5141 συκοφαντία·
2935 5054 3046 5123 ἐγὼ
3073 5057 3130 5111 δὲ
3160 5058 3248 5115 διὰ
3277 5061 3378 5131 τῆς
3405 5046 3586 5141 agt:th
3611 5046 3882 5141 ὁσιότητος

2306 5138 2371 5207 τῇ
2407 5138 2473 5208 σῇ
2508 5140 2956 5216 μεγαλοπρεπείᾳ.
2982 5149 3280 5219 προσφέρω
3310 5152 3408 5223 τὴν
3440 5132 3881 5230 ἕτρόσρησινίκαί

2304 5230 2405 5324 τῆς
2441 5229 2852 5324 φιλίαςὲκτίνω
2883 5236 2945 5288 τὸ
2968 5239 3131 5307 χρέος
3151 5257 3165 5271 °
3202 5243 3300 5313 οὐχ
3350 5244 3437 5299 ἵνα
3467 5246 3530 5300 τδ
3561 5229 3881 5324 τριπόθητον

2301 5320 2523 5417 ὀφλημα
2540 5322 2804 5417 διαλύσω,
2833 5325 2946 5380 ἀλλ’
2974 5329 3060 5384 ίνα
3090 5332 3253 5387 πλέον
3273 5338 3634 5410 ’ἐργάσωμαι.
3674 5345 3754 5398 Τὰ
3782 5320 3879 5417 γὰρ

2302 5414 2401 5483 τῆς
2433 5414 2617 5481 φιλίας
2648 5416 2940 5488 ὀφλήματα
2969 5421 3059 5476 διὰ
3086 5424 3187 5494 τῆς
3234 5428 3495 5494 ὲκτίσεως
3536 5414 3879 5500 αὒξεταιίτδ

2305 5507 2491 5576 μέντοι
2524 5508 2619 5560 καὶ
2668 5510 2821 5579 ἡμᾶς
2871 5511 2981 5565 τῶν
3010 5515 3111 5584 τῆς
3156 5523 3528 5589 συκοφαντίας
3580 5525 3874 5581 ἀπολαῦσαι

2301 5599 2552 5669 καρπῶν,
2583 5600 2733 5653 οὐδὲν
2758 5602 3002 5671 ἀπεικός.
3042 5609 3363 5680 Ἄνθρωπον
3394 5615 3503 5685 γὰρ
3529 5617 3683 5683 ὅντα,
3714 5637 3875 5675 nam

3055 5746 3068 5772 ⁸
3106 5743 3207 5797 lsa.
3256 5760 3441 5813 xxxiii,
3478 5746 3564 5802 l5.
