4078 6320
263 394 400 459 1297

1644 387 2009 451 EPISTULA
2047 392 2185 453 CIV.

3411 398 3549 465 1298

252 504 343 558 δεῖ
374 486 699 576 προσδοκᾷν.
730 504 932 559 Τούτου
959 504 1023 575 δὴ
1050 504 1208 575 χάριν
1235 504 1345 564 τοῖς
1374 499 1685 568 φιλοσοφεῖν
1712 500 1849 552 δεδι-

1958 504 2042 567 iis,
2072 505 2167 574 qui
2198 504 2581 576 philosophari
2604 506 2925 573 didicerint,
2957 506 3185 571 ferenda
3225 508 3547 580 huiusmodi

252 597 553 669 δαγμένοις
600 599 670 651 τά
723 598 949 653 τοιαῦτα
985 597 1166 651 πάντα
1215 595 1334 647 ἐστὶ
1384 591 1634 663 φορητω
1688 591 1747 644 ἓν
1790 592 1848 644 δὲ

257 689 422 758 μόνον
445 688 689 758 ἀνιαρὸν,
714 688 776 741 τὸ
794 687 974 759 λώϐης
996 685 1139 750 τινὸς
1166 682 1490 757 μεταλαχεῖν
1512 684 1612 753 τὴν
1641 683 1843 753 ψυχήν.

252 823 380 880 PA'.
426 853 499 863 -
543 823 859 890 Φλαϐιανῷ
903 822 1219 944 ὲπῖσκόπφ
1272 818 1848 873 Κωνσταντινουπό-

970 931 987 944 .
1012 908 1141 944 acac.

970 908 1141 955 .ιεως.

327 1008 443 1062 Καὶ
489 1007 592 1078 ἥδη
645 1022 741 1059 σου
792 1004 892 1076 τὴν
953 1004 1218 1074 ἀγιότητα
1267 1002 1334 1055 δι’
1389 1000 1591 1073 ἑτέρων
1637 998 1850 1065 ἐδίδαξα

248 1100 626 1169 γραμμάτων,
676 1097 753 1161 ὡς
805 1097 1069 1167 ἄντικρυς
1116 1096 1269 1165 ἡμᾶς
1308 1092 1739 1162 συκοφαντοῦσιν
1800 1091 1850 1144 οἱ

249 1191 359 1261 τῆς
386 1190 662 1261 ἡμετέρας
710 1188 1146 1261 κατηγοροῦντες
1192 1183 1578 1249 διδασκαλίας·
1625 1185 1722 1238 καὶ
1756 1184 1849 1237 νῦν

248 1282 313 1334 δὲ
340 1280 604 1344 ὡσαύτως
626 1280 714 1335 διὰ
745 1279 853 1333 τῶν
887 1278 1319 1347 θεοφιλεστάτων
1349 1276 1666 1330 ἐπισκόπων
1695 1274 1852 1327 τοῦτο

252 1370 422 1435 ποιῶ,
447 1369 543 1423 καὶ
577 1370 773 1431 αὐτοὺς
801 1370 1090 1441 μάρτυρας
1120 1366 1260 1437 ἔχων
1297 1365 1398 1437 τῆς
1428 1366 1537 1419 τῶν
1561 1353 1851 1435 δογμάτων

246 1462 569 1534 ὀρθότητος,
602 1462 701 1516 καὶ
745 1460 943 1533 ἑτέρας
974 1460 1178 1525 πολλὰς
1213 1457 1485 1530 μυριάδας
1520 1456 1847 1529 ἀνθρώπων,

248 1554 305 1607 οἳ
349 1552 457 1606 τῶν
508 1554 794 1623 ἡμετέρων
845 1555 903 1606 ὲν
949 1555 1071 1615 ταῖς
1125 1550 1268 1605 κατά
1308 1550 1408 1619 τὴν
1459 1549 1601 1619 ἑῴαν
1654 1549 1853 1618 ἐκκληι-

250 1642 405 1705 σίαις
454 1644 707 1695 ἐπαΐουσι
752 1642 964 1709 λόγων’
1024 1641 1120 1697 καὶ
1171 1642 1279 1714 πρὸ
1332 1642 1574 1706 τούτων,
1624 1641 1684 1694 τὺ
1726 1656 1850 1693 συν-

249 1733 417 1799 ειδὸς,
447 1736 543 1789 καὶ
570 1734 790 1788 τὸντοῦ
827 1736 1139 1799 συνειδότος
1167 1734 1469 1804 Ἑπόπτην.
1507 1730 1637 1788 Οἶδα
1671 1734 1727 1785 δὲ
1757 1734 1851 1785 καὶ

1954 604 2086 650 sunt
2111 597 2319 652 omnia.
2349 597 2532 654 Unum
2567 598 2838 655 duntaxat
2862 607 2947 656 est
2970 601 3287 666 moleswm,
3322 602 3372 656 si
3412 599 3546 671 quid

1950 687 2139 743 damni
2166 688 2235 743 ad
2261 689 2501 745 animam
2526 691 2866 761 pervenerit.

2091 822 2225 879 CIV.
2248 855 2317 864 —
2336 823 2596 879 Flaviano
2623 825 2865 897 episcopo
2893 824 3401 897 Constantinopolis.

2023 1000 2092 1055 Et
2129 1000 2253 1056 aliis
2288 1002 2401 1073 jam
2444 1001 2647 1056 litteris
2678 1003 3029 1059 sanctitatem
3064 1010 3215 1057 tuam
3248 1002 3548 1058 certiorem

1951 1089 2080 1154 feci,
2105 1100 2293 1161 aperte
2333 1092 2390 1146 in
2427 1107 2535 1147 nos
2560 1091 2890 1147 calumniari
2930 1108 3029 1148 eos
3075 1094 3170 1163 qui
3229 1090 3545 1147 doctrinam

1952 1189 2197 1236 nostram
2238 1182 2563 1237 insimulant
2590 1201 2603 1236 :
2640 1191 2697 1237 et
2730 1197 2879 1243 nunc
2908 1197 3103 1237 rursus
3144 1198 3242 1252 per
3270 1182 3383 1237 Deo
3413 1182 3547 1238 cha-

1952 1271 2205 1327 rissimos
2232 1272 2521 1343 episcopos
2554 1272 2769 1346 1173
2796 1273 2941 1327 idem
2969 1272 3132 1337 facio,
3192 1287 3319 1326 cum
3373 1280 3552 1327 recto-

1952 1380 2074 1420 rum
2098 1365 2417 1436 dogmatum
2441 1374 2497 1420 et
2527 1365 2679 1435 ipsos
2702 1374 2873 1421 testes
2908 1365 3168 1429 habeam,
3215 1373 3271 1419 et
3312 1364 3548 1419 aliorum

1952 1456 2248 1531 hominum
2293 1472 2589 1512 numerum
2635 1456 2939 1522 inﬁnitum,
2966 1456 3062 1527 qui
3099 1456 3154 1511 in
3180 1455 3425 1511 Orientis
3457 1470 3552 1511 ec-

1952 1551 2135 1606 clesiis
2158 1565 2447 1606 sermones
2497 1560 2721 1606 nostros
2764 1550 3024 1612 audiunt,
3063 1558 3230 1619 atque
3280 1556 3407 1603 ante
3446 1546 3552 1603 hos

1951 1656 2146 1697 omnes
2191 1640 2611 1706 conscientiam,
2657 1651 2714 1696 et
2760 1642 3135 1710 lnspeetorem
3170 1637 3547 1694 eonseieutim.

1952 1733 2080 1788 Seio
2124 1732 2273 1787 enim
2308 1733 2558 1788 divinum
2603 1748 2827 1803 quoque
2871 1732 3194 1802 Apostolum
3232 1731 3552 1786 teSIimonio

247 1824 351 1877 τὸν
399 1825 541 1879 θεῖον
580 1827 901 1881 Ἀπόστολον
952 1826 1215 1889 πολλάκις
1267 1829 1333 1897 τῇ
1393 1826 1489 1880 τοῦ
1550 1826 1850 1889 συνειδότος

1958 1842 2201 1897 μετεωρο
2229 1842 2389 1880 usum
2441 1839 2563 1880 esse
2612 1825 3005 1881 conscientia:
3062 1844 3081 1875 ι
3120 1823 3307 1879 Gloria
3358 1831 3550 1877 nostra

252 1918 541 1989 μαρτυρίᾳ
568 1920 936 1989 χρησάμενον.
962 1938 979 1970 ι
1004 1919 1067 1972 Ἡ
1096 1918 1203 1990 γὰρ
1228 1918 1495 1988 καύχησις
1522 1919 1679 1987 ἡμῶν
1709 1918 1849 1981 αὕτη

248 2006 399 2071 ἐστὶ,
439 2006 506 2059 τὸ·
553 2007 855 2078 μαρτύριον
903 2006 1005 2077 τῆς
1060 2006 1419 2079 συνειδήσεως
1467 2005 1645 2076 ἡμῶν.
1677 2025 1694 2055 ι
1742 2006 1851 2059 Καὶ

250 2094 423 2149 πάλιν
446 2113 460 2127 ·
486 2116 506 2149 ι
544 2097 827 2167 Ἀλήθειαν
877 2097 1022 2165 λέγω
1056 2099 1114 2149 ὲν
1160 2086 1404 2165 Χριστῷ,
1444 2097 1504 2148 οὐ
1561 2095 1849 2165 ψεύδομαι,

250 2186 767 2260 συμμαρτυρούσης
798 2205 889 2259 μοι
918 2187 1019 2257 τῆς
1058 2186 1419 2259 συνειδήσεώς
1451 2204 1551 2257 μου
1587 2189 1644 2241 ὲν
1682 2184 1851 2239 Πνεύ-

252 2295 394 2350 ματι
415 2280 577 2349 ἁγίῳ.
607 2297 627 2331 ι

334 2394 497 2447 Ἵστω
524 2394 706 2448 τοίνυν
738 2397 771 2466 ἡ
805 2396 927 2466 ίερά
962 2412 1056 2448 σου
1092 2396 1183 2449 καὶ
1216 2394 1469 2465 θεοφιλὴς
1498 2394 1733 2465 κεφαλὴ,
1770 2396 1848 2459 ὡς

244 2482 431 2546 οὐδεὶς
450 2485 482 2554 ἠ
494 2485 608 2553 μῶν
638 2485 841 2554 ἀκήκοε
875 2484 1097 2539 πώποτε
1129 2484 1224 2538 δύο
1259 2485 1642 2556 κηρυττόντων
1672 2485 1844 2549 υἱούς.

250 2574 352 2644 Τῷ
372 2575 483 2629 ὄντι
510 2577 621 2648 γάρ
644 2594 733 2646 μοι
760 2577 1006 2647 μυσαρὸν
1034 2580 1126 2630 καὶ
1154 2576 1415 2639 δυσσεὸὲς
1444 2577 1561 2630 τόδε
1590 2577 1649 2630 τὸ
1673 2578 1851 2646 δόγμα

246 2664 423 2719 δοκεῖ.
474 2662 568 2729 Εἷς
619 2668 729 2737 γὰρ
770 2666 977 2736 Κύριος
1030 2666 1239 2737 Ἰησοῦς
1282 2668 1538 2738 Χριστὸς,
1583 2668 1649 2721 δι’
1679 2660 1740 2721 οὗ
1784 2669 1853 2721 τὰ

252 2756 461 2810 πάντα.
496 2756 701 2811 Τοῦτον
737 2756 847 2825 ἐγὼ
889 2758 986 2811 καὶ
1016 2758 1153 2812 Θεὸν
1204 2758 1535 2830 προαιώνιον
1574 2756 1713 2822 οἶδα,
1756 2761 1854 2813 καὶ

250 2846 548 2918 ἄνθρωπον
593 2850 679 2901 ἐπ’
725 2850 956 2918 ἐσχάτου
996 2850 1108 2903 τῶν
1166 2851 1413 2921 ἡμερῶν,
1467 2852 1561 2903 καὶ
1610 2852 1741 2920 μίαν
1779 2853 1856 2915 ὡς

249 2936 559 3005 Μονογενεϊ
604 2939 905 3009 προσφέρω
948 2940 1342 3009 προσκύνησιν.
1402 2941 1612 3006 Σαρκδς
1668 2943 1856 3011 μέντοι

254 3028 361 3083 καὶ
388 3028 644 3099 θεότητος
671 3030 734 3083 τὸ
759 3030 1019 3101 διάφορον
1063 3031 1350 3101 ἐδιδάχθην
1368 3047 1381 3061 ⁸
1412 3033 1720 3103 ἀσύγχυτος
1745 3035 1856 3106 γὰρ

254 3120 317 3195 ή,
362 3119 575 3184 ἔνωσις.
617 3119 777 3175 Οὕτω
835 3124 978 3177 κατά
1024 3122 1125 3193 τῆς
1182 3124 1391 3194 Ἀρείου
1438 3124 1532 3179 καὶ
1587 3126 1852 3197 Εὐνομίου

1955 1919 2074 1973 haec
2118 1925 2222 1983 est,
2272 1916 2653 1972 testimonium
2699 1915 3057 1988 conscientiae
3106 1914 3390 1978 nostrae';
3441 1932 3459 1965 ι
3495 1922 3553 1968 et

1954 2024 2173 2064 rursum
2210 2026 2224 2062 :
2274 2026 2292 2058 ι
2321 2008 2626 2063 Veritatem
2681 2011 2699 2031 "
2748 2007 2875 2063 dico
2903 2008 2958 2061 iu
2990 2006 3236 2069 Christo,
3259 2021 3369 2061 non
3395 2019 3552 2059 meu-

1954 2100 2084 2163 tior,
2119 2098 2500 2154 testimonium
2523 2100 2661 2153 mibi
2690 2098 3022 2170 perbibente
3058 2095 3403 2153 conscientia
3429 2110 3550 2151 mea

1956 2192 2011 2245 in
2040 2192 2252 2263 Spiritu
2286 2200 2478 2247 sancto
2505 2191 2546 2243 ³.
2583 2208 2601 2241 ι

2026 2396 2179 2452 Sciat
2214 2412 2349 2467 ergo
2377 2410 2598 2451 sacrum
2631 2396 2858 2465 Deoque
2896 2394 3129 2449 charum
3173 2401 3341 2463 caput
3368 2401 3550 2459 tuum,

1956 2486 2235 2541 neminem
2290 2500 2395 2539 nos
2429 2501 2671 2556 unquam
2714 2484 2857 2539 duos
2883 2483 3025 2539 ﬁlios
3056 2484 3425 2555 prmdicantes
3449 2498 3553 2538 au-

1956 2576 2147 2632 diisse.
2181 2576 2389 2631 Revera
2429 2577 2578 2631 enim
2602 2576 3002 2631 exsecrandum
3045 2575 3183 2629 mihi
3212 2575 3319 2629 hoc
3352 2574 3551 2645 dogma

1957 2678 2015 2722 et
2064 2668 2295 2738 impium
2348 2667 2590 2722 videtur.
2650 2667 2806 2722 Unus
2854 2667 3129 2737 siquidem
3173 2676 3259 2721 est
3287 2666 3555 2720 Dominus

1957 2759 2119 2814 Jesns
2148 2758 2425 2822 Christus,
2459 2774 2558 2829 per
2580 2774 2745 2829 quem
2766 2758 2971 2813 omnia.
2997 2748 3156 2813 Hunc
3176 2772 3281 2828 ego
3299 2765 3357 2811 et
3377 2756 3551 2811 Deum

1958 2860 2085 2905 ante
2132 2851 2333 2905 saecula
2377 2852 2527 2915 novi,
2588 2859 2645 2905 et
2692 2852 2973 2905 hominem
3027 2850 3083 2903 in
3146 2850 3256 2905 line
3308 2848 3553 2912 dierum,

1959 2957 2236 3010 unamque
2267 2951 2527 3010 tanquam
2556 2939 2852 3011 Unigenito
2876 2940 3257 2995 adorationem
3289 2940 3551 2995 exhibeo.

1958 3032 2155 3088 Carnis
2183 3043 2365 3088 tamen
2389 3044 2445 3087 et
2468 3031 2777 3087 divinitatis
2805 3017 3113 3086 discrimen
3144 3030 3378 3086 edoctus
3407 3044 3551 3085 sum:

1961 3123 2251 3179 inconfusa
2311 3124 2516 3194 quippe
2559 3131 2643 3178 est
2695 3122 2845 3177 unio.
2893 3120 3009 3177 Hoc
3061 3121 3228 3176 modo
3288 3120 3557 3176 adversus

253 3190 736 3284 παραταττόμενοι
763 3213 984 3284 λύττης,
1015 3190 1190 3287 ῥᾷστα
1376 3216 1520 3271 κατὰ
1550 3218 1645 3271 τοῦ
1681 3190 1854 3272 Μόνο-

1960 3216 2076 3271 Arii
2120 3225 2177 3271 et
2224 3190 2513 3275 Eunomii.
2534 3216 2743 3269 rabiem
2790 3213 3069 3276 instructi.
3102 3221 3312 3268 temere
3342 3212 3410 3266 ab
3446 3210 3558 3267 illis

251 3302 453 3370 γενοῦς
506 3304 639 3376 παρ’
672 3303 855 3358 αὐτῶν
897 3307 1257 3378 τολμωμένην
1294 3307 1652 3379 διελέγχομεν
1687 3311 1855 3381 βλασ-

254 3394 497 3465 φημίαν,
530 3395 598 3448 τά
636 3395 907 3460 ταπεινῶς
951 3399 1222 3468 εἰρημένα
1270 3400 1399 3470 περὶ
1430 3400 1523 3453 τοῦ
1559 3402 1853 3470 Δεσπότου,

260 3485 363 3539 καὶ
413 3487 479 3557 τῇ
530 3485 799 3560 ληφθείσῃ
846 3487 1011 3557 φύσει
1052 3490 1402 3563 προσφόροις,
1447 3492 1525 3556 ὠς
1574 3493 1856 3565 ἀνθρώπῳ

256 3578 698 3646 προσάπτοντες,
731 3581 825 3631 καὶ
862 3576 927 3633 αὖ
967 3581 1128 3642 πάλιν
1160 3581 1234 3644 ὡς
1278 3581 1398 3652 Θεῷ
1439 3582 1507 3635 τὰ
1540 3582 1853 3655 θεοπρεπῆ,

257 3672 360 3725 καὶ
386 3671 485 3739 τῆς
512 3672 975 3745 φύσεως-ἐκείνης
996 3674 1274 3745 δηλωτικὰ
1298 3693 1312 3707 ·
1339 3677 1441 3730 οὐκ
1466 3680 1547 3739 είς
1572 3677 1664 3732 δύο
1689 3679 1859 3749 πρόσ-

254 3778 389 3814 ωπα
417 3762 776 3834 διαιροῦντες,
806 3764 944 3818 ἀλλὰ
980 3763 1059 3835 τῷ
1092 3765 1174 3819 ἐνὶ
1206 3767 1507 3836 Μονογενεῖ
1554 3769 1648 3823 καὶ
1685 3768 1857 3823 ταῦτα

257 3855 491 3907 κάκεῖνα
516 3857 819 3926 προσήκειν
852 3857 1199 3921 διδάσκοντες
1218 3875 1231 3888 ο
1262 3860 1329 3911 τὰ
1358 3860 1457 3930 μὲν
1484 3860 1558 3924 ὡς
1592 3861 1732 3932 Θεῷ,
1765 3863 1858 3915 καὶ

257 3944 491 4014 Ποιητῇ,
515 3945 609 3997 καὶ
632 3947 877 4017 Δεσπότῃ
917 3948 1026 4000 τῶν
1065 3949 1225 4014 ὅλων,
1263 3949 1333 4005 τά
1369 3951 1427 4003 δὲ
1468 3951 1545 4013 ὠς
1583 3952 1858 4022 ἀνθρώπῳ

255 4034 333 4088 δι’
355 4037 501 4106 ἡμᾶς
528 4038 829 4107 γενομένῳ.
863 4039 1185 4109 Ἄνθρωπον
1214 4040 1271 4093 δὲ
1300 4040 1463 4094 αὑτὸν
1490 4043 1522 4109 ἡ
1558 4041 1680 4095 θεία
1710 4042 1857 4112 λέγει

258 4128 597 4196 γεγενῆσθαι
620 4129 837 4201 Γραφὴ,
866 4132 927 4184 οὐ
957 4133 1055 4203 τῆς
1081 4131 1337 4203 θεότητος
1367 4136 1693 4205 τραπείσης,
1725 4136 1859 4189 ἀλλὰ

260 4222 365 4289 τῆς
398 4219 748 4292 ἀνθρωπίνης
788 4220 1005 4291 φύσεως
1037 4224 1103 4275 ὲκ
1131 4224 1446 4295 σπέρματος
1477 4225 1733 4297 ’Λόραάμ
1764 4227 1859 4296 λη-

262 4310 517 4383 φθείσης.
572 4314 744 4366 Τοῦτο
802 4316 909 4385 γὰρ
952 4319 979 4369 ὁ
1024 4315 1169 4381 θεῖος
1221 4317 1546 4382 Ἀπόστολος
1598 4320 1858 4397 ἄντικρυς

267 4399 390 4468 βοᾷ,
440 4398 650 4467 λέγων·
689 4420 707 4453 ι
750 4403 825 4455 Οὐ
872 4402 979 4473 γὰρ
1031 4404 1204 4474 δήπου
1260 4407 1512 4474 ἀγγέλων
1550 4408 1858 4477 ἐπιλαμϐά-

1961 3309 2231 3379 prolatam
2270 3316 2463 3362 contra
2482 3307 2841 3377 Uuigenitum
2864 3304 3269 3375 blasphemiam
3294 3303 3554 3371 facillime
3616 3366 3623 3367 ί

1960 3400 2365 3464 convincimus,
2415 3414 2481 3454 ea
2539 3414 2662 3469 qua:
2716 3397 3004 3451 humiliter
3053 3397 3121 3450 de
3154 3395 3389 3449 Domino
3418 3410 3547 3449 con-

1960 3502 2331 3564 gruenterque
2356 3499 2654 3560 assumpta:
2678 3498 2889 3544 natura:
2932 3488 3080 3543 dicta
3137 3495 3287 3550 sunt,
3344 3493 3406 3541 ut
3450 3485 3556 3539 ho~

1959 3585 2095 3639 mini
2129 3584 2472 3653 adaptantes,
2508 3591 2564 3637 et
2599 3589 2660 3636 ut
2704 3583 2816 3636 Deo
2842 3581 2931 3634 illa
2982 3577 3224 3633 vicissim
3273 3591 3397 3647 qua:
3444 3575 3559 3630 Deo
3624 3650 3631 3655 ἡ

1961 3676 2123 3745 digna
2174 3686 2321 3739 sunt,
2353 3684 2410 3730 et
2453 3687 2709 3729 naturam
2755 3674 2905 3727 illam
2959 3672 3387 3727 demonstrant:
3442 3684 3567 3723 non

1962 3765 2019 3819 in
2072 3765 2211 3818 duas
2265 3779 2531 3834 personas
2580 3762 2913 3824 dividentes,
2952 3761 3059 3815 sed.
3101 3760 3400 3831 Unigenito
3434 3768 3553 3814 tum

1962 3858 2099 3920 base,
2164 3865 2277 3909 tum
2344 3856 2435 3909 illa
2492 3852 2791 3908 convenire
2836 3851 3146 3905 docentes:
3195 3851 3300 3904 alia
3328 3850 3557 3920 quidem

1964 3957 2224 4017 tanquam
2255 3948 2369 4001 Deo
2417 3955 2473 4001 et
2510 3944 2707 3999 {actori
2760 3950 2816 3997 et
2873 3934 3107 3996 Domino
3148 3944 3555 4006 universorum,

1963 4040 2069 4094 alia
2120 4049 2380 4109 tanquam
2436 4037 2649 4091 homini
2710 4042 2936 4105 propter
2987 4050 3091 4089 nos
3127 4035 3291 4090 facto.
3330 4034 3555 4089 Factum

1963 4142 2146 4188 autem
2190 4133 2472 4186 hominem
2510 4132 2665 4185 illum
2706 4130 2893 4183 divina
2918 4129 3204 4198 Scriptura
3230 4127 3417 4192 tradit,
3444 4142 3555 4180 non

1963 4225 2253 4279 divinitate
2283 4233 2513 4287 mutata,
2552 4222 2646 4277 sed
2678 4232 2957 4292 assumpta
2984 4222 3049 4275 de
3080 4220 3294 4275 semine
3322 4218 3557 4273 Abrahae

1963 4317 2203 4371 humana
2230 4323 2447 4370 natura.
2485 4314 2599 4369 iloc
2648 4310 2863 4384 1174
2910 4312 3057 4365 enim
3110 4317 3299 4380 aperte
3352 4313 3551 4364 clamat

1964 4409 2187 4461 divinus
2219 4406 2538 4476 Apostolus,
2586 4404 2826 4459 dicens:
2889 4423 2905 4452 ι
2936 4404 3217 4472 Nusquam
3263 4402 3410 4456 enim
3457 4418 3556 4456 an—

264 4506 440 4557 νεται,
488 4490 625 4544 ἀλλά
699 4495 1016 4564 σπέρματος
1082 4496 1336 4567 Ἀϐραὰμ
1391 4499 1854 4569 ἐπιλαμϐάνεται·

1967 4500 2115 4568 gelos
2170 4497 2422 4561 assumit,
2468 4495 2563 4550 sed
2614 4508 2801 4549 semen
2828 4494 3061 4548 Abrahae
3096 4493 3371 4557 assumit;
3410 4493 3559 4547 unde

265 4582 391 4636 ὅθεν
411 4584 644 4651 ὤφειλεν
669 4587 811 4637 κατὰ
842 4588 1020 4639 πάντα
1040 4590 1150 4650 τοῖς
1175 4589 1425 4657 ἀδελφοῖς
1448 4590 1803 4660 ὁμοιωθῆναι.
1837 4610 1853 4641 ι

265 4673 379 4726 Καὶ
413 4674 572 4727 πάλιν
601 4692 613 4705 ο
656 4675 782 4745 «Τῷ
806 4676 862 4727 δὲ
901 4678 1154 4749 Ἀϐραάμ
1195 4680 1503 4749 ἐρρέθησαν
1530 4682 1586 4733 αἱ
1617 4683 1862 4749 ἐπαγγε-

264 4763 403 4827 λίαι,
440 4766 532 4817 καὶ
581 4765 661 4835 τῷ
696 4768 974 4838 σπέρματι
1022 4768 1220 4821 αὐτοῦ..
1254 4771 1328 4822 Οὐ
1374 4771 1547 4839 λέγει,
1598 4774 1706 4825 Καὶ
1750 4777 1863 4837 τοῖς

271 4856 606 4926 σπέρμασιν,
634 4858 710 4922 ὡς
761 4861 853 4912 ἐπὶ
887 4860 1118 4925 πολλῶν,
1168 4861 1280 4914 ἀλλ’
1317 4862 1393 4926 ὡς
1431 4864 1517 4933 ἐφ’
1566 4866 1705 4928 ἐνὸς,
1750 4864 1861 4918 Καὶ

266 4944 349 5016 τῷ
381 4946 659 5017 σπέρματί
686 4967 804 5016 σου,
837 4952 895 5014 ὃς
922 4954 1037 5005 ἐστι
1071 4954 1326 5024 Χριστός.
1372 4975 1388 5005 ι

341 5034 530 5088 Ταῦτα
557 5038 651 5090 καὶ
692 5039 761 5091 τὰ
794 5040 1019 5093 τοιαῦτα
1050 5042 1149 5113 τῆς
1182 5042 1331 5106 θείας
1377 5045 1598 5115 Γραςρῆς
1634 5048 1859 5117 περικόο

268 5127 473 5195 ψαντες
504 5130 707 5198 Σίμων,
744 5132 837 5184 καὶ
874 5133 1210 5202 Βασιλείδης,
1250 5136 1342 5187 καὶ
1378 5138 1715 5202 Βαλεντίνος,
1764 5143 1858 5194 καὶ

270 5218 650 5291 Βαρδησάνης,
687 5224 780 5275 καὶ
808 5224 1093 5297 Μαρκίων,
1127 5228 1220 5281 καὶ
1239 5230 1266 5280 ὁ
1287 5228 1387 5297 τῆς
1421 5230 1623 5298 μανίας
1646 5233 1860 5284 ἐπώνυ-

276 5326 395 5377 μος,
428 5310 589 5378 μόνον
619 5312 752 5365 Θεὸν
794 5315 1127 5371 ἀποκαλοῦσι
1159 5318 1248 5371 τὸν
1285 5320 1563 5389 Δεσπότην
1594 5322 1859 5391 Χριστὸν,

272 5398 425 5452 οὐδὲν
448 5400 787 5477 ἀνθρῴπειον
814 5406 1031 5475 ἔχοντα,
1066 5409 1204 5463 ἀλλὰ
1235 5412 1508 5482 φαντασίᾳ
1530 5414 1623 5464 καὶ
1645 5413 1863 5483 δοκήσει

275 5490 515 5557 φανέντα
556 5497 666 5557 τοῖς
719 5496 1028 5566 ἀνθρώποις
1074 5500 1150 5563 ὡς
1206 5501 1513 5571 ἄνθρωπον.
1573 5506 1634 5556 0i
1692 5505 1747 5557 δὲ
1800 5506 1864 5558 τά

286 5579 498 5652 Ἀρείου
534 5586 628 5637 καὶ
669 5586 935 5658 Εὑνομίου
976 5591 1330 5662 φρονοῦντες,
1362 5596 1522 5665 σῶμα
1565 5598 1723 5665 μόνον
1771 5599 1865 5651 άν-

1966 4590 2161 4644 debuit
2187 4604 2287 4658 per
2307 4586 2492 4641 omnia
2514 4586 2784 4640 fratribus
2806 4584 3033 4639 similari
3064 4584 3104 4636 ’⁵.
3145 4604 3161 4635 ι
3200 4582 3267 4636 Et
3293 4598 3513 4637 rursum
3541 4600 3555 4633 τ

1969 4703 1985 4733 ι
2024 4681 2259 4735 Abraha:
2282 4680 2443 4734 dicta:
2467 4687 2595 4732 sunt
2619 4678 3101 4747 repromissiones,
3123 4685 3178 4729 et
3200 4676 3396 4731 semini
3417 4677 3556 4745 ejus.

1919 4843 1927 4849 ξ
1960 4773 2081 4828 Non
2104 4772 2239 4827 dicit
2266 4789 2278 4824 :
2306 4772 2373 4825 Et
2400 4770 2727 4834 seminibus,
2758 4768 2921 4837 quasi
2947 4768 3003 4820 in
3030 4768 3241 4831 multis,
3270 4767 3367 4822 sed
3393 4769 3558 4837 quasi

1962 4865 2020 4918 in
2046 4879 2159 4918 uno
2189 4882 2199 4916 :
2230 4863 2300 4917 Et
2328 4863 2526 4918 semini
2554 4870 2667 4926 tuo,
2696 4861 2790 4931 qui
2819 4870 2900 4916 est
2932 4859 3188 4915 Christus
3210 4859 3252 4911 ³;
3287 4879 3304 4910 ι

2040 5046 2168 5100 Hac
2212 5053 2267 5099 et
2324 5044 2430 5098 alia
2488 5040 2804 5112 huiusmodi
2849 5055 2881 5093 e
2908 5039 3095 5094 divina
3124 5038 3409 5108 Scriptura
3439 5052 3555 5091 am-

1969 5146 2227 5209 putantes
2259 5137 2471 5199 Simon,
2504 5146 2559 5189 et
2584 5134 2868 5197 Basilides,
2907 5141 2963 5186 et
2986 5131 3332 5193 Valentinus,
3352 5140 3408 5183 et
3431 5130 3565 5184 Bar-

1970 5230 2301 5293 desanes,et
2322 5228 2587 5291 Marcion,
2610 5234 2666 5280 ct
2690 5226 2785 5295 qui
2817 5225 2885 5278 ab
2922 5223 3134 5278 insania
3166 5238 3366 5281 nomen
3396 5222 3561 5275 habet

1971 5322 2228 5392 (Manes),
2285 5322 2456 5376 Deum
2511 5317 2893 5373 tantummodo
2946 5315 3226 5385 appellant
3277 5312 3560 5369 Christum
3614 5334 3669 5371 ,ο

1972 5416 2287 5479 Dominum,
2322 5415 2415 5482 qui
2450 5410 2675 5466 humani
2711 5409 2912 5464 habeat
2934 5407 3097 5471 nihil,
3133 5404 3228 5460 sed
3272 5405 3560 5475 phantasia

1972 5515 2028 5560 et
2083 5506 2267 5574 specie
2314 5505 2467 5558 velut
2517 5503 2682 5555 homo
2733 5490 3423 5569 apparuerithominibus.
3457 5494 3554 5559 Qui

1974 5614 2107 5652 vero
2164 5598 2351 5651 Arium
2411 5605 2696 5651 sectantur
2727 5604 2781 5649 ct
2818 5590 3172 5647 Eunomium.
3208 5589 3383 5643 Deum
3420 5586 3549 5641 νοτε

362 5780 383 5810 ³
415 5780 605 5837 llCur.
636 5799 672 5850 ι,
717 5787 793 5841 l3.
876 5791 893 5818 ³
922 5792 1076 5845 Iiom.
1110 5810 1181 5859 l.\',
1218 5795 1261 5847 Ι.
1344 5798 1359 5827 ³
1389 5797 1553 5851 Ηρίιικ
1590 5816 1645 5862 ιι,
1682 5801 1759 5853 lti.
1838 5803 1854 5833 ³

1958 5801 2064 5854 dat.
2094 5817 2170 5866 Ill,
2208 5800 2288 5853 l6.
