4078 6320
691 289 872 354 1299.

1679 307 2164 373 THEODORETI
2203 315 2540 375 EPISCOPI
2581 318 2946 382 CYRENSIS

3818 323 3938 388 tam

695 397 824 452 bum
854 397 1010 454 aiunt
1031 415 1252 458 carnem
1305 407 1570 464 duntaxat
1614 417 1998 485 assumpsisse,
2037 421 2226 475 anima:

2331 460 2340 484 ,
2368 422 2649 493 ειληφέναι
2678 427 2771 481 τὸν
2793 430 2925 482 Θεὸν
2953 429 3125 496 Λόγον
3152 433 3334 500 φασιν,
3359 433 3525 487 αὐτὸν
3554 436 3610 488 ὀὶ
3639 435 3743 504 τῆς
3770 437 3938 506 ψυχῆς

690 505 800 560 que
830 491 976 546 vices
1009 494 1302 562 ipsummct
1331 499 1386 552 in
1417 516 1646 572 corpore
1674 507 2035 576 supplevisse.
2060 512 2263 582 Apolli-

690 581 842 636 naris
878 594 1061 639 autem
1091 587 1390 645 animatum
1431 595 1653 663 quidem
1681 613 1886 669 corpus
1913 581 2258 664 Dominicum

689 682 869 737 vocat,
919 675 1016 730 sed
1063 688 1299 734 mentem
1334 695 1568 752 peractae
1591 689 1780 744 salutis
1806 703 2077 748 exsortem
2109 696 2256 762 facit,

687 766 875 818 nescio
902 767 1045 822 unde
1075 771 1273 827 anima:
1310 777 1618 847 mentisque
1650 779 1976 840 divisionem
2007 787 2253 843 edoctus.

688 854 756 906 At
796 854 1107 912 divinorum
1134 864 1507 929 apostolorum
1537 871 1556 887 ‘
1584 869 1874 940 disciplina
1902 875 2136 930 animam
2172 895 2230 936 ra

687 944 836 999 tione
889 955 944 1000 et
998 948 1359 1022 intelligentia
1383 958 1666 1025 praeditam
1693 977 1819 1017 cum
1849 980 2014 1021 carne
2039 984 2253 1023 assum-

2365 513 2422 564 ἐν
2452 515 2530 584 τῷ
2571 515 2785 587 σώματι
2825 519 3111 590 πληρῶσαι
3159 521 3257 593 τὴν
3293 524 3502 594 χρείαν.
3567 526 3940 596 ’Δπολινὰριος

2361 601 2415 654 δὲ
2449 603 2690 676 ἔμψυχον
2724 609 2822 677 μὶν
2867 610 2927 661 τὸ
2957 614 3294 668 Δεσποτικὺν
3338 616 3496 685 σῶμα
3540 618 3725 683 καλεῖ,
3773 618 3865 670 et»
3891 618 3938 669 δὲ

2361 694 2485 746 νοῦν
2512 697 2610 766 τῆς
2634 702 3004 772 γεγενημένης
3031 708 3305 777 σωτηρίας
3341 709 3677 778 ἀποστερεῖ,
3705 710 3810 762 οὐκ
3832 705 3936 761 οἶδα

2360 784 2525 836 πόθεν
2557 787 2747 854 μαθὼν
2774 790 2950 861 ψυχῆς
2978 795 3070 847 καὶ⁵
3095 796 3186 849 νοῦ
3207 798 3304 868 τὴν
3322 797 3608 868 διαίρεσιν,
3662 800 3733 851 Ἡ
3759 800 3817 852 δὲ
3840 801 3939 851 τῶν

2359 872 2520 926 θείων
2555 875 2894 932 Ἀποστὸλων
2933 881 3251 938 διδασκαλία
3287 885 3463 956 ψυχὴν
3494 887 3735 957 λογικήν
3767 905 3828 940 τε
3856 893 3937 942 καὶ

2357 966 2548 1034 νπράν
2583 969 2724 1037 μετά
2760 973 2960 1039 σαρκδς
2989 974 3383 1044 προσειλῆψθαι
3421 978 3695 1040 διδάσκει,
3733 980 3831 1031 καὶ
3863 996 3939 1032 τε-

681 1033 858 1101 psisse
912 1037 1092 1105 docet,
1157 1044 1562 1118 perfectamque
1616 1054 1849 1109 salutem
1904 1059 2223 1114 credentibu

2355 1049 2504 1106 λείαν
2529 1057 2640 1118 τοῖς
2665 1054 3009 1110 πιστεύουσιν
3045 1061 3382 1131 ὑπισχνεῖται
3408 1065 3506 1135 τὴν
3530 1065 3844 1135 σωτηρίαν.

679 1122 993 1190 pollicetur.

751 1215 846 1270 Est
887 1235 1052 1288 porro
1097 1234 1152 1278 et
1198 1226 1430 1283 alterum
1485 1246 1680 1302 agmen
1731 1235 2118 1295 hereticorum
2164 1241 2251 1296 his

679 1312 950 1364 contraria
979 1314 1371 1380 proﬁtentium.
1399 1322 1667 1382 Photinus
1703 1330 1873 1394 enim,
1919 1342 1976 1387 et
2022 1334 2249 1389 Marcel-

677 1397 782 1460 lus,
830 1407 885 1452 et
927 1400 1131 1457 Paulus
1178 1405 1588 1479 Samosatenus,
1618 1416 1895 1472 hominem
1926 1420 2101 1474 solum
2126 1437 2226 1476 θεέ(

2350 1406 2444 1457 xui.
2473 1409 2502 1458 ὁ
2535 1409 2598 1461 ἐκ
2627 1411 2957 1479 Σαμοσάτων
2996 1414 3232 1481 Παῦλος,
3265 1404 3556 1486 ἄνθρωπον
3589 1397 3764 1490 μόνον
3809 1418 3934 1474 εἶναι

673 1487 829 1542 aiunt
875 1490 1167 1548 Dominum
1224 1513 1289 1554 ac
1340 1501 1513 1556 Deum
1563 1515 1833 1561 nostrum.
1885 1508 2033 1575 Quos
2053 1520 2226 1565 contr:

2349 1495 2568 1564 λέγουσι
2602 1501 2694 1553 τὸν
2735 1501 2941 1573 Κύριον
2961 1505 3117 1574 ἡμῶν
3137 1510 3230 1560 καὶ
3257 1509 3408 1562 Θεόν.
3447 1487 3698 1581 ’Λνάγκη
3729 1514 3786 1565 δὲ
3812 1514 3934 1582 πρὸς

672 1593 798 1631 cum
844 1579 1186 1649 disserimus,
1221 1603 1446 1646 necesse
1473 1600 1557 1648 est
1590 1610 1691 1649 nos
1717 1595 2060 1652 divinitatem
2095 1615 2226 1654 asse-

2346 1590 2567 1654 τούτους
2608 1594 2706 1661 μὲν
2749 1595 3162 1670 διαλεγομένους
3195 1601 3339 1670 ἡμᾶς
3365 1601 3464 1664 τὰς
3503 1605 3638 1671 περὶ
3688 1579 3933 1672 θεότητος

673 1669 848 1722 rentia
907 1673 1220 1730 testimonia
1273 1678 1540 1747 proferre,
1591 1693 1647 1737 et
1707 1685 1907 1742 docere
1966 1687 2226 1744 Christun

2350 1683 2653 1752 μαρτυρίας
2707 1669 3058 1759 προσφέρειν,
3107 1669 3501 1744 καὶγδεικνύναι
3664 1694 3768 1746 καὶ
3815 1669 3932 1755 θεὸς

672 1758 966 1816 Dominum
993 1765 1158 1819 etiam
1190 1778 1317 1824 ante
1342 1773 1538 1827 smcula
1563 1775 1736 1830 Deum
1774 1777 1967 1834 fuisse.
2004 1780 2226 1836 Alteran

672 1865 802 1883 mm
827 1860 1061 1883 ,,,,,,,,,,,,,,
1093 1872 1214 1883 ,,,,,,
1251 1860 1624 1883 ,μυμμηνη
1834 1870 1873 1883 -ι
2041 1881 2047 1883 .
2139 1882 2143 1883 ν

2347 1769 2672 1838 προαιὼνιος
2695 1774 2723 1825 ὁ
2752 1758 3032 1848 Δεσπότης
3062 1780 3294 1849 Χριστός
3313 1795 3328 1807 ·
3358 1780 3494 1850 πρὸς
3521 1780 3582 1833 δὲ
3616 1782 3726 1849 τὴν
3754 1781 3932 1880 ἑτέραν

669 1865 802 1904 vero
827 1860 1062 1908 turmam
1091 1872 1215 1911 cum
1251 1860 1652 1931 impugnamus,
1683 1884 1805 1936 qu:e
1834 1870 2004 1924 Deum
2036 1881 2226 1926 tantun

669 1942 902 1977 nul-uallo!
958 1945 1132 1977 [Aenum
1189 1949 1464 1977 01.4-...“
1515 1955 1801 1977 πιμμεμημ
1905 1976 1910 1977 ,
1961 1971 1972 1977 -
2176 1964 2211 1977 ν

2351 1857 2784 1930 ἀγωνιζομένους
2835 1868 3167 1938 συμμορίαν,
3214 1868 3248 1937 ἢ
3290 1867 3421 1920 Θεὸν
3463 1869 3629 1937 μόνον
3673 1871 3930 1922 ἀποκαλεῖ

2348 1950 2439 1977 ολ..
2469 1950 2668 1977 III---“
2702 1954 2857 1977 .1-..",..
2898 1957 3069 1977 *ιΑᾼκ-
3140 1961 3183 1977 ν
3315 1960 3328 1977 ι
3470 1960 3481 1977 ι
3570 1961 3596 1977 n
3641 1961 3654 1977 ο
3809 1963 3820 1977 ι
3888 1966 3907 1977 ο

667 1942 906 2009 appellat
949 1945 1133 2000 Jesum
1189 1949 1467 2006 Christum
1514 1955 1807 2012 Dominum
1854 1971 2124 2027 nostrum,
2159 1964 2226 2017 di-

667 2031 848 2062 ι-ἰηιηι
878 2033 983 2062 ιιιι..
1013 2034 1349 2062 c--:...._-____
1405 2060 1419 2062 _
1447 2061 1454 2062 ,
2033 2055 2065 2062 _
2088 2055 2226 2062 __..

2348 1950 2439 2001 τὸν
2466 1950 2668 2022 Κύριον
2702 1954 2857 2024 ἡμῶν
2898 1957 3107 2027 Ίησοῦν
3140 1960 3393 2030 Χριστὸν,
3431 1960 3532 2030 τὴν
3568 1961 3731 2012 Θείαν
3762 1963 3929 2023 αὐτοῖς

2353 2039 2684 2062 1...---Ῑ.---.μ.
2724 2043 2791 2062 I",
2887 2045 2898 2062 |
3087 2047 3100 2062 ι
3203 2046 3216 2062 \
3405 2048 3418 2062 ι
3510 2048 3537 2060 ο
3629 2049 3644 2062 ἢ
3757 2051 3779 2062 Α
3826 2053 3836 2062 ι

666 2031 848 2084 νὶιιαηι
877 2033 987 2087 illis
1013 2034 1354 2107 Scripturam
1396 2060 1696 2114 opponere,
1727 2066 1793 2104 ex
1818 2067 1992 2122 eaque
2032 2055 2226 2125 1175

2348 2039 2685 2093 ἀντιτάττειν
2724 2043 2968 2115 Γραφὴν,
3014 2047 3109 2099 καὶ
3158 2046 3258 2108 τὰς
3298 2048 3428 2118 περὶ
3475 2048 3581 2117 τῆς
3629 2049 3929 2118 ληφθείσης

667 2133 964 2192 assumpta:
1014 2126 1370 2187 humanitatis
1420 2137 1732 2193 testimonia
1763 2142 2104 2210 depromere.
2136 2145 2244 2199 hle-

2429 1226 2581 1279 Ἔστι
2625 1227 2682 1280 δὲ
2741 1230 2835 1281 καὶ
2878 1231 3064 1300 ἓτερον
3111 1235 3297 1301 στῖφος
3341 1237 3643 1307 αἱρετικῶν
3685 1240 3934 1292 τάναντία

2350 1315 2559 1380 τούτοις
2609 1317 2934 1389 θρησκεῦον.
2967 1323 3230 1387 Φωτεινὸς
3267 1325 3401 1405 γὰρ,
3447 1329 3547 1381 καὶ
3590 1331 3932 1398 Μαρκελλικ,

2345 2131 2759 2203 ἀνθρωπότητος
2779 2137 2986 2190 ἐκεῖθεν
3005 2141 3311 2208 μαρτυρίας
3342 2140 3645 2207 συλλέγειν.
3676 2143 3802 2211 Χρὴ
3831 2141 3928 2212 γὰρ

667 2208 854 2264 dicum
898 2213 1046 2268 enim
1097 2231 1316 2286 oportet
1359 2228 1793 2294 congruentibus
1817 2208 1882 2284 ad
1910 2232 2133 2287 morbos
2162 2234 2242 2286 uti

663 2301 946 2368 remediis,
992 2316 1048 2360 et
1099 2311 1244 2379 quod
1294 2315 1590 2384 unicuique
1615 2323 1905 2374 conveniat
1927 2323 2237 2378 admovere.

661 2390 771 2445 Oro
828 2393 995 2464 igitur
1055 2403 1399 2458 sanctitatem
1448 2414 1618 2474 tuam,
1654 2418 1714 2463 ut
1743 2411 2029 2466 conflatam
2058 2413 2112 2468 in
2140 2430 2242 2470 nos

661 2485 994 2541 calumniam
1021 2490 1288 2560 destruat,
1316 2507 1371 2549 et
1405 2498 1680 2554 incassum
1713 2502 1874 2557 nobis
1921 2504 2228 2560 obtrectan-

661 2583 744 2628 tes
764 2574 976 2644 linguas
995 2593 1328 2651 compescat.
1358 2587 1468 2640 Nos
1491 2590 1695 2657 quippe
1725 2606 1894 2644 unum
1923 2594 2086 2647 etiam
2114 2603 2236 2664 post

657 2667 1091 2726 incarnationem
1145 2675 1244 2728 Dei
1297 2676 1493 2732 Filium
1539 2680 1852 2747 adoramus,
1893 2691 1947 2737 et
1989 2700 2104 2750 eos,
2141 2687 2234 2756 qui

654 2756 818 2812 aliter
871 2763 1110 2830 sapiant,
1165 2765 1363 2835 impios
1423 2783 1701 2823 vocamus.
1757 2771 1984 2827 Sanctas
2016 2791 2234 2844 quoque

653 2865 852 2916 preces
894 2861 1015 2910 tuas
1059 2857 1239 2924 nobis,
1286 2859 1528 2927 domine,
1573 2861 1844 2931 impertiri
1870 2863 2133 2934 digneris,
2171 2878 2231 2923 ut

653 2940 840 2996 divina
884 2943 1268 3002 benevolentia
1315 2951 1557 3016 subnixi,
1592 2953 1852 3022 periculis
1885 2956 2107 3025 plenum
2130 2973 2228 3027 pe-

651 3030 806 3102 lagus
856 3037 1314 3106 transmittamus,
1362 3052 1526 3112 atque
1566 3044 1633 3098 ad
1669 3047 1996 3115 tranquillos
2034 3047 2224 3103 Salva-

646 3122 790 3178 toris
807 3136 998 3193 portus
1021 3130 1362 3199 appellamus
1377 3175 1393 3191 .
1627 3207 1654 3234 .

1049 3410 1159 3465 CV.
1186 3442 1254 3452 -—
1280 3414 1502 3485 Eulogio
1532 3435 1814 3473 wronomo.

711 3516 844 3583 Quae
895 3523 1195 3579 certamina
1239 3542 1340 3594 pro
1382 3529 1586 3596 pietate
1633 3533 1884 3601 religiosa
1931 3552 2086 3592 mens
2131 3550 2220 3593 tua

643 3609 930 3675 sustineat,
966 3626 995 3665 a
1035 3614 1222 3670 multis
1257 3621 1571 3689 accepimus
1607 3641 1619 3676 :
1656 3640 1872 3693 aequum
1912 3639 2094 3683 autem
2139 3641 2223 3685 est

643 3708 694 3753 te
735 3701 902 3755 etiam
950 3703 1000 3756 ei
1053 3705 1145 3774 qui
1204 3708 1534 3765 calumniam
1586 3714 1730 3768 illius
1775 3733 1939 3772 causa
1981 3721 2221 3790 patiatur

640 3801 894 3860 prompto
927 3795 1110 3850 animo
1142 3799 1457 3864 subvenire,
1495 3805 2027 3879 obtrectantiumque
2071 3813 2219 3868 falsi-

642 3889 806 3934 tatem
837 3884 1186 3954 redarguere.
1222 3889 1436 3946 Etenim
1470 3896 1715 3964 apprime
1743 3901 1908 3965 nosti,
1942 3902 2053 3955 Deo
2084 3904 2215 3958 cha-

638 3969 874 4035 rissime,
912 3974 1043 4042 quid
1079 3979 1400 4046 sentiamus,
1432 3993 1486 4037 et
1520 3986 1651 4054 quid
1689 3987 2004 4056 doceamus,
2036 3996 2215 4063 quod-

636 4078 744 4130 que
771 4063 910 4120 duos
943 4066 1082 4121 filios
1110 4070 1294 4126 nullus
1325 4089 1564 4143 unquam
1601 4081 1960 4147 praedicantes
1991 4103 2092 4141 nos
2120 4105 2214 4143 au-

635 4154 818 4210 dierit.
863 4158 1092 4216 Exserat
1140 4178 1272 4233 ergo
1323 4165 1413 4221 hic
1454 4170 1621 4223 etiam
1673 4173 1847 4242 pietas
1892 4185 1982 4231 tua
2034 4180 2212 4234 zelum

635 4245 915 4312 divinum,
963 4258 1018 4303 et
1061 4251 1312 4308 obstruat
1359 4271 1454 4312 ora
1501 4259 1844 4330 loquentium
1898 4266 2105 4338 iniqua.
2152 4271 2211 4325 In

634 4337 946 4406 liujusmodi
979 4342 1127 4397 enim
1162 4349 1557 4404 certaminibus
1591 4356 1868 4420 convenit,
1896 4375 2004 4413 non
2032 4362 2209 4416 solum

633 4444 731 4495 pro
764 4431 976 4496 amicis,
1009 4434 1104 4489 sed
1148 4437 1313 4492 etiam
1358 4453 1461 4509 pro
1502 4444 1570 4498 iis
1609 4446 1702 4514 qui
1743 4447 1982 4505 lmserint
2015 4452 2207 4509 decer-

1011 4637 1142 4692 CVl.
1169 4671 1238 4680 —-
1268 4645 1491 4700 Abrahae
1517 4664 1800 4707 aeconomo.

699 4739 768 4793 Et
813 4744 1002 4811 pietati
1059 4756 1165 4804 tute
1211 4768 1310 4822 per
1357 4756 1468 4811 Deo
1511 4760 1864 4820 charissimos
1915 4769 2202 4840 episcopos

630 4829 860 4886 salutem
901 4836 1045 4900 dico,
1080 4850 1137 4896 et
1172 4843 1437 4911 obtestor,
1477 4859 1535 4903 ut
1570 4829 1980 4923 tranquillitatis
2012 4829 2203 4916 Eccle-

628 4918 830 4975 siarum
869 4938 1057 4980 curam
1100 4946 1278 4999 geras,
1321 4918 1724 5011 calumniazque—
1757 4946 1970 5018 1176
2007 4949 2205 5020 fluctus

629 5010 645 5026 ’
674 5005 910 5081 frangas.
965 5032 983 5064 ι
1017 5015 1172 5081 Quod
1213 5022 1360 5076 enim
1403 5028 1760 5084 seminaverit
1798 5033 1982 5100 homo,
2014 5017 2118 5094 hoc
2149 5049 2204 5093 et

627 5106 816 5165 metet,
850 5121 867 5152 ι
911 5114 972 5158 ut
1004 5106 1222 5164 divinus
1255 5111 1330 5166 ait
1370 5115 1665 5184 Apostolus
1689 5123 1728 5175 ⁸.
1772 5123 1949 5189 Quare
1977 5129 2068 5196 qui
2102 5145 2203 5199 pro

626 5189 972 5260 dogmatibus
992 5201 1308 5267 apostolicis
1329 5206 1646 5276 decertarit,
1669 5189 2023 5282 apostolicam
2047 5189 2205 5288 pror-

625 5293 721 5334 sus
753 5281 1193 5346 benedictionem
1219 5297 1461 5366 recipiet,
1487 5308 1544 5354 et
1571 5301 1786 5359 illorum
1814 5314 2200 5368 communione

624 5369 959 5437 perfruetur.

693 5518 912 5584 'Calat.
950 5549 1022 5596 τι,
1066 5537 1119 5588 7.

692 5682 801 5753 ('65)
835 5687 1046 5741 συντεθ.
1078 5690 1226 5745 addit
1255 5692 1420 5764 δραι).

2345 2220 2436 2272 τὸν
2465 2222 2648 2291 ἰατρὸν
2677 2225 2956 2293 ἀρμοδίοις
2984 2227 3121 2297 πρὸς
3147 2228 3214 2281 τὰ
3241 2228 3386 2299 πάθη
3437 2229 3756 2300 κεχρῆσθαι
3796 2248 3926 2299 φαρ-

2347 2311 2565 2380 μάκοις,
2612 2316 2708 2366 καὶ
2743 2317 2961 2386 ἑκάστῳ
2994 2320 3325 2390 προσφέρειν
3350 2321 3411 2373 τὸ
3441 2321 3787 2392 πρόσφορον.
3824 2324 3926 2374 Πα-

2348 2402 2568 2471 ρακαλῶ
2607 2405 2791 2457 τοίνυν
2838 2407 2939 2476 τὴν
2979 2407 3077 2479 σὴν
3124 2409 3435 2480 ἁγιωσύνην
3479 2411 3584 2481 τὴν
3617 2413 3746 2464 καθ’
3780 2411 3926 2482 ἡμῶν

2344 2490 2693 2546 συντεθεῖσαν
2711 2495 2822 2564 (65)
2837 2496 3083 2550 διαλῦσαι
3105 2501 3490 2568 συκοφαντίαν,
3513 2502 3610 2553 καὶ
3635 2500 3737 2563 τὰς
3758 2506 3923 2570 μάτην

2340 2582 2470 2651 ἡμῖν
2502 2582 2916 2655 λοιδορουμένας
2957 2587 3252 2655 χαλινῶσαι
3275 2587 3543 2656 γλώττας.
3596 2589 3798 2659 Ἦμεξ
3824 2590 3923 2658 γὰρ

2340 2674 2433 2727 καὶ
2463 2675 2597 2743 μετὰ
2624 2676 2721 2746 τὴν
2754 2676 3164 2748 ὲνανθρώπησιν
3212 2680 3306 2732 ἕνα
3339 2679 3766 2750 προσκυνοῦμεν
3805 2683 3921 2734 Υίὸν

2338 2766 2428 2819 τοῦ
2449 2766 2582 2819 Θεοῦ
2607 2768 2696 2820 τὸν
2725 2769 2927 2838 Κύριον
2954 2770 3108 2840 ἡμῶν
3149 2771 3356 2840 Ἰησοῦν
3388 2772 3649 2841 Χριστὸν,
3679 2774 3778 2825 καὶ
3807 2774 3921 2832 τοὺς

2335 2857 2463 2910 ἄλλο
2488 2875 2535 2910 τι
2558 2859 2892 2930 φρονοῦντας
2912 2859 3192 2924 δυσσεϐεῖς
3215 2863 3581 2932 ὀνομάζομεν.
3601 2863 3916 2933 Παρασχεῑν

2331 2948 2387 3000 δὲ
2409 2949 2539 3018 ἡμῖν
2567 2951 2661 3002 καὶ
2693 2952 2788 3015 τὰς
2811 2953 2972 3021 ἁγίας
3000 2971 3093 3007 σου
3125 2955 3457 3025 προσευχὰς,
3480 2955 3750 3018 δέσποτα,
3785 2971 3915 3007 κατ-

2331 3039 2582 3105 αξίωσον,
2620 3041 2706 3094 ἴνα
2746 3045 2844 3113 τῆς
2895 3044 3046 3108 θείας
3090 3045 3455 3109 ἀπολαύοντες
3500 3046 3820 3115 εὐμενείας.
3859 3047 3915 3097 τὸ

2328 3131 2589 3187 κινδύνων
2626 3137 2821 3205 μεστὸν
2857 3137 3394 3210 διαπεραι[ὡ]σωμεν
3419 3139 3682 3204 πέλαγος,
3715 3139 3811 3192 καὶ
3840 3141 3912 3199 εἰς

2325 3224 2452 3287 τοὺς
2497 3227 2816 3297 ἀπηνέμους
2865 3228 2960 3282 τοῦ
3019 3230 3272 3301 Σωτῆρος
3321 3229 3788 3301 μεθορμισθῶμεν
3835 3230 3910 3280 λι-

2329 3313 2514 3381 μένας.

2677 3429 2797 3482 ΡΕ’.
2838 3460 2904 3468 --
2933 3430 3205 3498 Εὑλογίῳ
3239 3433 3545 3498 οἰκονόμῳ.

2394 3539 2531 3601 Τοὺς
2580 3541 2678 3609 μὲν
2727 3541 2865 3611 ὑπὲρ
2922 3541 3022 3610 τῆς
3081 3542 3362 3606 εὐσεϐείας
3399 3543 3620 3610 ἀγῶνας
3661 3543 3765 3611 τῆς
3813 3544 3908 3613 σῆς

2324 3626 2602 3695 moesta;
2642 3629 2795 3699 παρὰ
2830 3629 3040 3682 πολλῶν
3101 3631 3521 3701 μεμαθήκαμεν.
3592 3632 3814 3684 Δίκαιον
3852 3633 3906 3684 δὲ

2321 3720 2412 3770 καὶ
2441 3717 2518 3788 τῷ
2549 3718 2635 3772 διὰ
2663 3717 2869 3789 ταύτην
2897 3721 3387 3791 συκοφαντουμένῳ
3426 3721 3730 3791 προθύμως
3781 3738 3900 3774 συν-

2319 3809 2559 3876 ηγορεῖν,
2595 3809 2691 3860 καὶ
2737 3808 3032 3878 διελέγχειν
3067 3810 3175 3862 τῶν
3213 3809 3641 3880 λοιδορουμένων
3673 3812 3740 3864 τὸ
3771 3811 3903 3880 $55-

2317 3897 2423 3959 δος.
2480 3897 2748 3967 Ἀκριδῶς
2787 3897 2898 3968 γὰρ
2947 3895 3127 3960 οῒσθα,
3178 3897 3581 3967 θεοφιλέστατε,
3636 3901 3732 3952 καὶ
3784 3901 3899 3952 τίνα

2319 3987 2643 4058 φρονοῦμεν,
2679 3989 2771 4042 καὶ
2799 3990 2919 4042 τίνα
2945 3990 3289 4060 διδάσκομεν,
3318 3991 3414 4044 καὶ
3439 3991 3519 4043 ὅτι
3553 3991 3650 4044 δύο
3695 4009 3897 4062 κηρυτο

2315 4082 2512 4133 τὸντων
2548 4082 2698 4144 υἱοὺς
2725 4081 2901 4144 οὐδεὶς
2935 4083 3092 4152 ἡμῶν
3131 4083 3336 4152 ἀκήκοε
3386 4081 3629 4137 πώποτε.
3674 4085 3896 4155 Χρησὲ-

2316 4169 2428 4222 σθω
2459 4169 2637 4222 τοίνυν
2659 4173 2692 4240 ἡ
2721 4171 2786 4240 σὴ
2831 4170 3108 4224 θεοσέϐεια
3137 4171 3421 4224 κάνταῦθα
3455 4171 3532 4241 τῷ
3572 4171 3704 4241 θείῳ
3732 4173 3893 4244 ζήλῳ,

2314 4261 2407 4313 καὶ
2434 4261 2765 4331 ὲμφραξάτω
2797 4263 3044 4332 στόματα
3075 4263 3417 4333 λαλουμένων
3451 4264 3634 4317 ἄδικα.
3681 4265 3772 4316 Ἐν
3795 4268 3895 4333 γὰρ

2313 4354 2423 4413 τοῖς
2444 4351 2705 4413 τοιούτοις
2739 4350 2964 4419 ἀγῶσιν,
2989 4355 3050 4406 οὐ
3081 4355 3242 4424 μόνον
3273 4355 3538 4424 προσήκει
3560 4354 3675 4406 τῶν
3708 4356 3892 4422 φίλων.

2315 4441 2449 4494 ἀλλά
2491 4442 2584 4495 καὶ
2624 4442 2730 4495 τῶν
2760 4443 3140 4514 λελυπηκότων
3180 4447 3539 4518 ὑπερμαχεῖν.

2627 4656 2764 4721 PG".
2791 4683 2861 4692 —
2914 4653 3219 4722 Ἀὔραὰμῳ
3255 4656 3570 4723 οἰκονόμῳ.

2380 4768 2487 4820 Καὶ
2511 4767 2597 4820 διὰ
2622 4767 2730 4820 τῶν
2765 4767 3192 4834 Θεοφιλεστάτων
3218 4769 3540 4822 ἐπισκόπων
3572 4770 3887 4840 προσφθέγ-

2304 4859 2472 4926 γομαί
2503 4874 2594 4911 σου
2645 4859 2743 4928 τὴν
2776 4857 3108 4922 θεοσέϐειαν,
3153 4858 3246 4911 καὶ
3287 4859 3596 4926 παρακαλῶ
3646 4861 3749 4930 τῆς
3787 4863 3885 4913 τῶν

2317 4949 2654 5021 Ἐκκλησιῶν
2681 4951 2962 5021 φροντίσαι
2991 4952 3258 5020 γαλήνης,
3285 4952 3378 5003 καὶ
3401 4955 3499 5021 τῆς
3525 4952 3887 5018 συκοφαντίας

2306 5040 2555 5093 διαλῦσαι
2588 5040 2657 5093 τὰ
2695 5041 2931 5111 κύματα.
2956 5061 2973 5092 ι
3003 5044 3069 5094 ’Ὀ
3106 5043 3214 5112 γὰρ
3252 5041 3318 5094 ἂν
3344 5043 3545 5113 σπείρῃ
3577 5041 3884 5111 ἄνθρωπος,

2304 5131 2460 5185 τοῦτο
2485 5133 2579 5187 καὶ
2609 5134 2833 5203 θερίσει,
2868 5151 2887 5184 »
2926 5133 3068 5186 κατὰ
3107 5133 3198 5186 τὸν
3233 5133 3376 5186 θεῖον
3431 5133 3780 5185 Ἀπόστολον.
3831 5132 3883 5184 Ὁ

2300 5225 2478 5277 τοίνυν
2503 5226 2609 5278 τῶν
2629 5227 3003 5280 ἀποστοληῶν
3028 5228 3364 5298 ὑπερμαχῶν
3391 5225 3704 5298 δογμάτων,
3728 5225 3879 5294 δῆλιν

2299 5315 2379 5367 ὅτι
2410 5315 2509 5383 τὴν
2526 5317 2884 5386 ἀποστολικὴν
2904 5317 3158 5383 εὐλογίαν
3188 5319 3474 5390 τρυγήσει,
3501 5318 3599 5371 καὶ
3625 5317 3725 5386 τῆς
3745 5315 3875 5370 ὲκεί-

2299 5421 2405 5457 νων
2436 5406 2803 5461 ἀπολαύσεται
2834 5409 3132 5471 κοινωνίας.
