  <div class='ocr_page' id='page_1' title='image "/cluster/home/n/w/nwhite01/storage/ocr_20150623/83/pst.000005712823/658.png"; bbox 0 0 4078 6320; ppageno 0'>
   <div class='ocr_carea' id='block_1_1' title="bbox 246 358 387 428">
    <p class='ocr_par' dir='ltr' id='par_1_1' title="bbox 246 358 387 428">
     <span class='ocr_line' id='line_1_1' title="bbox 246 358 387 428; baseline 0.014 -2"><span class='ocrx_word' id='word_1_1' title='bbox 246 358 387 428; x_wconf 73' lang='lat'><strong>1301</strong></span> 
     </span>
    </p>
   </div>
   <div class='ocr_carea' id='block_1_2' title="bbox 574 473 1525 547">
    <p class='ocr_par' dir='ltr' id='par_1_2' title="bbox 574 473 1525 547">
     <span class='ocr_line' id='line_1_2' title="bbox 574 473 1525 547; baseline 0.006 -21"><span class='ocrx_word' id='word_1_2' title='bbox 574 473 695 530; x_wconf 87' lang='lat' dir='ltr'><strong>PZ&#39;.</strong></span> <span class='ocrx_word' id='word_1_3' title='bbox 723 504 794 516; x_wconf 91' lang='lat'><strong>-—</strong></span> <span class='ocrx_word' id='word_1_4' title='bbox 819 475 1085 540; x_wconf 80' lang='grc' dir='ltr'><strong>Θεοδότῳ</strong></span> <span class='ocrx_word' id='word_1_5' title='bbox 1120 475 1525 547; x_wconf 77' lang='grc' dir='ltr'>πρεσϐυτέρῳ.</span> 
     </span>
    </p>
   </div>
   <div class='ocr_carea' id='block_1_3' title="bbox 328 586 1850 665">
    <p class='ocr_par' dir='ltr' id='par_1_3' title="bbox 328 586 1850 665">
     <span class='ocr_line' id='line_1_3' title="bbox 328 586 1850 665; baseline 0.005 -24"><span class='ocrx_word' id='word_1_6' title='bbox 328 587 441 641; x_wconf 79' lang='grc' dir='ltr'>Οὐκ</span> <span class='ocrx_word' id='word_1_7' title='bbox 472 586 663 642; x_wconf 72' lang='grc' dir='ltr'>ἔλαθον</span> <span class='ocrx_word' id='word_1_8' title='bbox 689 589 738 641; x_wconf 82' lang='lat' dir='ltr'><strong>ot</strong></span> <span class='ocrx_word' id='word_1_9' title='bbox 767 589 866 661; x_wconf 82' lang='grc' dir='ltr'><strong>τῆς</strong></span> <span class='ocrx_word' id='word_1_10' title='bbox 896 589 996 660; x_wconf 83' lang='grc' dir='ltr'>σῆς</span> <span class='ocrx_word' id='word_1_11' title='bbox 1027 588 1560 661; x_wconf 60' lang='grc' dir='ltr'>φιλοθεταςήγῶνες,</span> <span class='ocrx_word' id='word_1_12' title='bbox 1591 592 1685 659; x_wconf 59' lang='lat' dir='ltr'><strong>ob;</strong></span> <span class='ocrx_word' id='word_1_13' title='bbox 1709 594 1850 665; x_wconf 74' lang='grc' dir='ltr'>ὑπὲρ</span> 
     </span>
    </p>
   </div>
   <div class='ocr_carea' id='block_1_4' title="bbox 240 678 1851 756">
    <p class='ocr_par' dir='ltr' id='par_1_4' title="bbox 240 678 1851 756">
     <span class='ocr_line' id='line_1_4' title="bbox 240 678 1851 756; baseline 0.005 -25"><span class='ocrx_word' id='word_1_14' title='bbox 240 678 368 732; x_wconf 81' lang='grc' dir='ltr'><strong>τῶν</strong></span> <span class='ocrx_word' id='word_1_15' title='bbox 412 679 785 736; x_wconf 80' lang='grc' dir='ltr'>ἀποστολικῶν</span> <span class='ocrx_word' id='word_1_16' title='bbox 839 683 1072 752; x_wconf 80' lang='grc' dir='ltr'>ἀνεδέξω</span> <span class='ocrx_word' id='word_1_17' title='bbox 1127 685 1414 755; x_wconf 81' lang='grc' dir='ltr'><strong>δογμάτων</strong></span> <span class='ocrx_word' id='word_1_18' title='bbox 1439 700 1453 714; x_wconf 82' lang='grc'><em>’</em></span> <span class='ocrx_word' id='word_1_19' title='bbox 1496 683 1613 737; x_wconf 80' lang='grc' dir='ltr'>ἀλλ’</span> <span class='ocrx_word' id='word_1_20' title='bbox 1666 684 1851 756; x_wconf 80' lang='grc' dir='ltr'>ᾅδουσι</span> 
     </span>
    </p>
   </div>
   <div class='ocr_carea' id='block_1_5' title="bbox 242 768 1849 856">
    <p class='ocr_par' dir='ltr' id='par_1_5' title="bbox 242 768 1849 856">
     <span class='ocr_line' id='line_1_5' title="bbox 242 768 1849 856; baseline 0.005 -34"><span class='ocrx_word' id='word_1_21' title='bbox 242 768 477 835; x_wconf 76' lang='grc' dir='ltr'><strong>τούτους</strong></span> <span class='ocrx_word' id='word_1_22' title='bbox 500 772 564 825; x_wconf 85' lang='grc' dir='ltr'>οὐ</span> <span class='ocrx_word' id='word_1_23' title='bbox 606 771 764 843; x_wconf 89' lang='grc' dir='ltr'>μόνον</span> <span class='ocrx_word' id='word_1_24' title='bbox 796 776 845 827; x_wconf 77' lang='lat' dir='ltr'><strong>ot</strong></span> <span class='ocrx_word' id='word_1_25' title='bbox 868 775 1035 847; x_wconf 78' lang='grc' dir='ltr'>πείρᾳ</span> <span class='ocrx_word' id='word_1_26' title='bbox 1064 775 1482 856; x_wconf 66' lang='grc' dir='ltr'>μεμαθηκότες,</span> <span class='ocrx_word' id='word_1_27' title='bbox 1504 774 1647 829; x_wconf 86' lang='grc' dir='ltr'><strong>άλλά</strong></span> <span class='ocrx_word' id='word_1_28' title='bbox 1672 778 1768 830; x_wconf 73' lang='grc' dir='ltr'>καὶ</span> <span class='ocrx_word' id='word_1_29' title='bbox 1798 778 1849 830; x_wconf 87' lang='grc' dir='ltr'>οἱ</span> 
     </span>
    </p>
   </div>
   <div class='ocr_carea' id='block_1_6' title="bbox 250 860 1855 938">
    <p class='ocr_par' dir='ltr' id='par_1_6' title="bbox 250 860 1855 938">
     <span class='ocr_line' id='line_1_6' title="bbox 250 860 1855 938; baseline 0.004 -24"><span class='ocrx_word' id='word_1_30' title='bbox 250 862 412 933; x_wconf 81' lang='grc' dir='ltr'><strong>παρά</strong></span> <span class='ocrx_word' id='word_1_31' title='bbox 434 861 640 917; x_wconf 88' lang='grc' dir='ltr'>τούτων</span> <span class='ocrx_word' id='word_1_32' title='bbox 670 864 992 936; x_wconf 81' lang='grc' dir='ltr'><strong>ἀκηκοότες.</strong></span> <span class='ocrx_word' id='word_1_33' title='bbox 1020 867 1184 938; x_wconf 83' lang='grc' dir='ltr'>Ἐχου</span> <span class='ocrx_word' id='word_1_34' title='bbox 1206 866 1409 931; x_wconf 90' lang='grc' dir='ltr'>τοίνυν,</span> <span class='ocrx_word' id='word_1_35' title='bbox 1444 860 1490 919; x_wconf 78' lang='grc' dir='ltr'>ὦ</span> <span class='ocrx_word' id='word_1_36' title='bbox 1518 865 1646 936; x_wconf 85' lang='grc' dir='ltr'>φίλη</span> <span class='ocrx_word' id='word_1_37' title='bbox 1683 882 1855 935; x_wconf 85' lang='grc' dir='ltr'>κεφα-</span> 
     </span>
    </p>
   </div>
   <div class='ocr_carea' id='block_1_7' title="bbox 245 951 1853 1033">
    <p class='ocr_par' dir='ltr' id='par_1_7' title="bbox 245 951 1853 1033">
     <span class='ocr_line' id='line_1_7' title="bbox 245 951 1853 1033; baseline 0.002 -27"><span class='ocrx_word' id='word_1_38' title='bbox 245 951 347 1025; x_wconf 74' lang='grc' dir='ltr'>λὴ.</span> <span class='ocrx_word' id='word_1_39' title='bbox 401 953 509 1008; x_wconf 88' lang='grc' dir='ltr'><strong>τῶν</strong></span> <span class='ocrx_word' id='word_1_40' title='bbox 561 953 808 1033; x_wconf 83' lang='grc' dir='ltr'>ἀγώνων,</span> <span class='ocrx_word' id='word_1_41' title='bbox 866 957 960 1010; x_wconf 70' lang='grc' dir='ltr'>καὶ</span> <span class='ocrx_word' id='word_1_42' title='bbox 1010 956 1118 1010; x_wconf 88' lang='grc' dir='ltr'><strong>τῶν</strong></span> <span class='ocrx_word' id='word_1_43' title='bbox 1168 956 1439 1027; x_wconf 78' lang='grc' dir='ltr'><strong>πατρῴων</strong></span> <span class='ocrx_word' id='word_1_44' title='bbox 1474 957 1853 1030; x_wconf 80' lang='grc' dir='ltr'>ὑπεράθλησον</span> 
     </span>
    </p>
   </div>
   <div class='ocr_carea' id='block_1_8' title="bbox 244 1039 1853 1120">
    <p class='ocr_par' dir='ltr' id='par_1_8' title="bbox 244 1039 1853 1120">
     <span class='ocr_line' id='line_1_8' title="bbox 244 1039 1853 1120; baseline 0.004 -25"><span class='ocrx_word' id='word_1_45' title='bbox 244 1043 565 1118; x_wconf 75' lang='grc' dir='ltr'><strong>δογμάτων.</strong></span> <span class='ocrx_word' id='word_1_46' title='bbox 592 1045 780 1117; x_wconf 64' lang='grc' dir='ltr'>’Υπὲρ</span> <span class='ocrx_word' id='word_1_47' title='bbox 802 1039 878 1103; x_wconf 83' lang='grc' dir='ltr'>ὧν</span> <span class='ocrx_word' id='word_1_48' title='bbox 904 1048 1000 1102; x_wconf 74' lang='grc' dir='ltr'>καὶ</span> <span class='ocrx_word' id='word_1_49' title='bbox 1020 1048 1184 1119; x_wconf 80' lang='grc' dir='ltr'><strong>ἡμεῖς</strong></span> <span class='ocrx_word' id='word_1_50' title='bbox 1215 1046 1545 1118; x_wconf 74' lang='grc' dir='ltr'><strong>πολλαχόθεν</strong></span> <span class='ocrx_word' id='word_1_51' title='bbox 1584 1048 1853 1120; x_wconf 84' lang='grc' dir='ltr'>βαλλόμε-</span> 
     </span>
    </p>
   </div>
   <div class='ocr_carea' id='block_1_9' title="bbox 249 1135 1853 1211">
    <p class='ocr_par' dir='ltr' id='par_1_9' title="bbox 249 1135 1853 1211">
     <span class='ocr_line' id='line_1_9' title="bbox 249 1135 1853 1211; baseline 0.002 -23"><span class='ocrx_word' id='word_1_52' title='bbox 249 1136 352 1202; x_wconf 84' lang='grc' dir='ltr'><strong>θα,</strong></span> <span class='ocrx_word' id='word_1_53' title='bbox 403 1136 628 1202; x_wconf 81' lang='grc' dir='ltr'>καὶτὰς</span> <span class='ocrx_word' id='word_1_54' title='bbox 666 1138 965 1211; x_wconf 79' lang='grc' dir='ltr'><strong>τρικυμίας</strong></span> <span class='ocrx_word' id='word_1_55' title='bbox 1016 1140 1298 1211; x_wconf 88' lang='grc' dir='ltr'>δεχόμενοι</span> <span class='ocrx_word' id='word_1_56' title='bbox 1347 1140 1441 1192; x_wconf 80' lang='grc' dir='ltr'>τὸν</span> <span class='ocrx_word' id='word_1_57' title='bbox 1495 1135 1853 1211; x_wconf 71' lang='grc' dir='ltr'>κυϐερνήτην</span> 
     </span>
    </p>
   </div>
   <div class='ocr_carea' id='block_1_10' title="bbox 249 1225 1851 1300">
    <p class='ocr_par' dir='ltr' id='par_1_10' title="bbox 249 1225 1851 1300">
     <span class='ocr_line' id='line_1_10' title="bbox 249 1225 1851 1300; baseline 0 -20"><span class='ocrx_word' id='word_1_58' title='bbox 249 1225 645 1298; x_wconf 65' lang='grc' dir='ltr'>ἀντιϐολοῦμεν</span> <span class='ocrx_word' id='word_1_59' title='bbox 683 1229 717 1300; x_wconf 74' lang='grc' dir='ltr'>ἢ</span> <span class='ocrx_word' id='word_1_60' title='bbox 771 1228 982 1290; x_wconf 82' lang='grc' dir='ltr'>νεῦσαι,</span> <span class='ocrx_word' id='word_1_61' title='bbox 1031 1230 1127 1283; x_wconf 68' lang='grc' dir='ltr'>καὶ</span> <span class='ocrx_word' id='word_1_62' title='bbox 1173 1228 1265 1283; x_wconf 76' lang='grc' dir='ltr'>τὸν</span> <span class='ocrx_word' id='word_1_63' title='bbox 1307 1228 1554 1282; x_wconf 81' lang='grc' dir='ltr'><strong>κλύδωνα</strong></span> <span class='ocrx_word' id='word_1_64' title='bbox 1591 1226 1773 1295; x_wconf 89' lang='grc' dir='ltr'>λῦσαι,</span> <span class='ocrx_word' id='word_1_65' title='bbox 1819 1227 1851 1298; x_wconf 81' lang='grc' dir='ltr'>ἢ</span> 
     </span>
    </p>
   </div>
   <div class='ocr_carea' id='block_1_11' title="bbox 250 1319 1522 1393">
    <p class='ocr_par' dir='ltr' id='par_1_11' title="bbox 250 1319 1522 1393">
     <span class='ocr_line' id='line_1_11' title="bbox 250 1319 1522 1393; baseline 0.003 -23"><span class='ocrx_word' id='word_1_66' title='bbox 250 1321 373 1383; x_wconf 71' lang='grc' dir='ltr'>τοῖς</span> <span class='ocrx_word' id='word_1_67' title='bbox 402 1319 883 1393; x_wconf 77' lang='grc' dir='ltr'>κλυδωνιζομένοις</span> <span class='ocrx_word' id='word_1_68' title='bbox 912 1320 1136 1392; x_wconf 79' lang='grc' dir='ltr'>ἀνδρίαν</span> <span class='ocrx_word' id='word_1_69' title='bbox 1170 1319 1522 1393; x_wconf 83' lang='grc' dir='ltr'>χαρίσασθαι.</span> 
     </span>
    </p>
   </div>
   <div class='ocr_carea' id='block_1_12' title="bbox 576 1432 1529 1504">
    <p class='ocr_par' dir='ltr' id='par_1_12' title="bbox 576 1432 1529 1504">
     <span class='ocr_line' id='line_1_12' title="bbox 576 1432 1529 1504; baseline 0.001 -17"><span class='ocrx_word' id='word_1_70' title='bbox 576 1432 705 1489; x_wconf 81' lang='lat' dir='ltr'><strong>PH’.</strong></span> <span class='ocrx_word' id='word_1_71' title='bbox 741 1462 814 1475; x_wconf 88' lang='lat'><strong>--</strong></span> <span class='ocrx_word' id='word_1_72' title='bbox 856 1434 1113 1499; x_wconf 77' lang='grc' dir='ltr'>Ἀκακίῳ</span> <span class='ocrx_word' id='word_1_73' title='bbox 1130 1436 1529 1504; x_wconf 77' lang='grc' dir='ltr'>πρεσϐυτέρῳ.</span> 
     </span>
    </p>
   </div>
   <div class='ocr_carea' id='block_1_13' title="bbox 344 1549 1854 1625">
    <p class='ocr_par' dir='ltr' id='par_1_13' title="bbox 344 1549 1854 1625">
     <span class='ocr_line' id='line_1_13' title="bbox 344 1549 1854 1625; baseline 0.005 -24"><span class='ocrx_word' id='word_1_74' title='bbox 344 1549 577 1621; x_wconf 79' lang='grc' dir='ltr'>Ἀληθὴς</span> <span class='ocrx_word' id='word_1_75' title='bbox 607 1551 718 1623; x_wconf 76' lang='grc' dir='ltr'>ἄρα</span> <span class='ocrx_word' id='word_1_76' title='bbox 754 1553 788 1622; x_wconf 81' lang='grc' dir='ltr'><strong>ἠ</strong></span> <span class='ocrx_word' id='word_1_77' title='bbox 826 1550 929 1622; x_wconf 79' lang='grc' dir='ltr'>τῆς</span> <span class='ocrx_word' id='word_1_78' title='bbox 980 1553 1274 1624; x_wconf 83' lang='grc' dir='ltr'>Δαυῖτικῆς</span> <span class='ocrx_word' id='word_1_79' title='bbox 1322 1553 1589 1625; x_wconf 80' lang='grc' dir='ltr'>μελῳδίας</span> <span class='ocrx_word' id='word_1_80' title='bbox 1618 1555 1854 1625; x_wconf 79' lang='grc' dir='ltr'>ὑπόσχε-</span> 
     </span>
    </p>
   </div>
   <div class='ocr_carea' id='block_1_14' title="bbox 254 1641 1855 1714">
    <p class='ocr_par' dir='ltr' id='par_1_14' title="bbox 254 1641 1855 1714">
     <span class='ocr_line' id='line_1_14' title="bbox 254 1641 1855 1714; baseline 0.004 -22"><span class='ocrx_word' id='word_1_81' title='bbox 254 1657 348 1705; x_wconf 88' lang='grc' dir='ltr'><strong>σις</strong></span> <span class='ocrx_word' id='word_1_82' title='bbox 370 1655 383 1671; x_wconf 69' lang='grc'>⁸</span> <span class='ocrx_word' id='word_1_83' title='bbox 413 1641 478 1693; x_wconf 79' lang='grc' dir='ltr'>τὸ</span> <span class='ocrx_word' id='word_1_84' title='bbox 501 1641 609 1713; x_wconf 85' lang='grc' dir='ltr'><strong>γὰρ</strong></span> <span class='ocrx_word' id='word_1_85' title='bbox 634 1642 859 1713; x_wconf 77' lang='grc' dir='ltr'>Πνεῦμα</span> <span class='ocrx_word' id='word_1_86' title='bbox 880 1646 981 1714; x_wconf 79' lang='grc' dir='ltr'>τῆς</span> <span class='ocrx_word' id='word_1_87' title='bbox 1010 1642 1268 1714; x_wconf 77' lang='grc' dir='ltr'><strong>ἀληθείας</strong></span> <span class='ocrx_word' id='word_1_88' title='bbox 1302 1644 1370 1697; x_wconf 81' lang='grc' dir='ltr'>δι’</span> <span class='ocrx_word' id='word_1_89' title='bbox 1399 1645 1611 1698; x_wconf 71' lang='grc' dir='ltr'>ἐκείνου</span> <span class='ocrx_word' id='word_1_90' title='bbox 1649 1645 1855 1714; x_wconf 77' lang='grc' dir='ltr'>ταύτην</span> 
     </span>
    </p>
   </div>
   <div class='ocr_carea' id='block_1_15' title="bbox 254 1734 1856 1809">
    <p class='ocr_par' dir='ltr' id='par_1_15' title="bbox 254 1734 1856 1809">
     <span class='ocr_line' id='line_1_15' title="bbox 254 1734 1856 1809; baseline 0.004 -25"><span class='ocrx_word' id='word_1_91' title='bbox 254 1734 630 1805; x_wconf 73' lang='grc' dir='ltr'>προσενήνοχε</span> <span class='ocrx_word' id='word_1_92' title='bbox 666 1737 781 1797; x_wconf 87' lang='grc' dir='ltr'>τοῖς</span> <span class='ocrx_word' id='word_1_93' title='bbox 811 1735 1159 1790; x_wconf 83' lang='grc' dir='ltr'><strong>πιστεύουσιν</strong></span> <span class='ocrx_word' id='word_1_94' title='bbox 1180 1753 1193 1765; x_wconf 72' lang='grc' dir='ltr'><strong>ο</strong></span> <span class='ocrx_word' id='word_1_95' title='bbox 1234 1755 1253 1788; x_wconf 84' lang='grc' dir='ltr'><strong>ι</strong></span> <span class='ocrx_word' id='word_1_96' title='bbox 1306 1737 1684 1807; x_wconf 70' lang='grc' dir='ltr'>Ἀποκάλυψον</span> <span class='ocrx_word' id='word_1_97' title='bbox 1716 1737 1856 1809; x_wconf 78' lang='grc' dir='ltr'>πρὸς</span> 
     </span>
    </p>
   </div>
   <div class='ocr_carea' id='block_1_16' title="bbox 1632 327 2182 437">
    <p class='ocr_par' dir='ltr' id='par_1_16' title="bbox 1632 327 2182 437">
     <span class='ocr_line' id='line_1_16' title="bbox 1632 327 2182 437; baseline 0.004 -3"><span class='ocrx_word' id='word_1_98' title='bbox 1632 327 1997 437; x_wconf 74' lang='grc' dir='ltr'>ΕΡιδΤοιΑ</span> <span class='ocrx_word' id='word_1_99' title='bbox 2034 375 2182 437; x_wconf 74' lang='lat' dir='ltr'><strong>(nx.</strong></span> 
     </span>
    </p>
   </div>
   <div class='ocr_carea' id='block_1_17' title="bbox 3417 359 3554 426">
    <p class='ocr_par' dir='ltr' id='par_1_17' title="bbox 3417 359 3554 426">
     <span class='ocr_line' id='line_1_17' title="bbox 3417 359 3554 426; baseline 0 -1"><span class='ocrx_word' id='word_1_100' title='bbox 3417 359 3554 426; x_wconf 78' lang='lat'><strong>1802</strong></span> 
     </span>
    </p>
   </div>
   <div class='ocr_carea' id='block_1_18' title="bbox 2299 475 3203 548">
    <p class='ocr_par' dir='ltr' id='par_1_18' title="bbox 2299 475 3203 548">
     <span class='ocr_line' id='line_1_18' title="bbox 2299 475 3203 548; baseline -0.008 -12"><span class='ocrx_word' id='word_1_101' title='bbox 2299 478 2457 537; x_wconf 78' lang='lat' dir='ltr'><strong>CVII.</strong></span> <span class='ocrx_word' id='word_1_102' title='bbox 2486 508 2558 519; x_wconf 89' lang='lat'><strong>—</strong></span> <span class='ocrx_word' id='word_1_103' title='bbox 2585 477 2848 534; x_wconf 76' lang='lat' dir='ltr'><strong>Theodoto</strong></span> <span class='ocrx_word' id='word_1_104' title='bbox 2881 475 3203 548; x_wconf 67' lang='lat' dir='ltr'><strong>presbytero.</strong></span> 
     </span>
    </p>
   </div>
   <div class='ocr_carea' id='block_1_19' title="bbox 1958 584 3556 662">
    <p class='ocr_par' dir='ltr' id='par_1_19' title="bbox 1958 584 3556 662">
     <span class='ocr_line' id='line_1_19' title="bbox 1958 584 3556 662; baseline -0.005 -17"><span class='ocrx_word' id='word_1_105' title='bbox 1958 636 1959 639; x_wconf 53' lang='grc' dir='ltr'><strong>η</strong></span> <span class='ocrx_word' id='word_1_106' title='bbox 2028 591 2147 646; x_wconf 80' lang='lat' dir='ltr'><strong>Non</strong></span> <span class='ocrx_word' id='word_1_107' title='bbox 2171 594 2359 662; x_wconf 78' lang='lat' dir='ltr'><strong>jaceat</strong></span> <span class='ocrx_word' id='word_1_108' title='bbox 2390 591 2450 646; x_wconf 91' lang='lat' dir='ltr'><strong>in</strong></span> <span class='ocrx_word' id='word_1_109' title='bbox 2478 589 2723 646; x_wconf 73' lang='lat' dir='ltr'><strong>tenebris</strong></span> <span class='ocrx_word' id='word_1_110' title='bbox 2754 588 3081 651; x_wconf 87' lang='lat' dir='ltr'><strong>certamina,</strong></span> <span class='ocrx_word' id='word_1_111' title='bbox 3109 600 3232 656; x_wconf 73' lang='lat' dir='ltr'><strong>quae</strong></span> <span class='ocrx_word' id='word_1_112' title='bbox 3259 584 3438 655; x_wconf 87' lang='lat' dir='ltr'><strong>pietas</strong></span> <span class='ocrx_word' id='word_1_113' title='bbox 3461 590 3556 638; x_wconf 87' lang='lat' dir='ltr'><strong>tua</strong></span> 
     </span>
    </p>
   </div>
   <div class='ocr_carea' id='block_1_20' title="bbox 1958 676 3551 754">
    <p class='ocr_par' dir='ltr' id='par_1_20' title="bbox 1958 676 3551 754">
     <span class='ocr_line' id='line_1_20' title="bbox 1958 676 3551 754; baseline -0.004 -18"><span class='ocrx_word' id='word_1_114' title='bbox 1958 700 2060 754; x_wconf 88' lang='lat' dir='ltr'><strong>pro</strong></span> <span class='ocrx_word' id='word_1_115' title='bbox 2086 683 2410 754; x_wconf 78' lang='lat' dir='ltr'><strong>apostolicis</strong></span> <span class='ocrx_word' id='word_1_116' title='bbox 2437 682 2789 754; x_wconf 72' lang='lat' dir='ltr'><strong>dogmatibus</strong></span> <span class='ocrx_word' id='word_1_117' title='bbox 2821 680 3090 737; x_wconf 82' lang='lat' dir='ltr'><strong>sustinuit</strong></span> <span class='ocrx_word' id='word_1_118' title='bbox 3115 697 3129 734; x_wconf 90' lang='lat'><strong>:</strong></span> <span class='ocrx_word' id='word_1_119' title='bbox 3161 677 3258 734; x_wconf 86' lang='lat' dir='ltr'><strong>sed</strong></span> <span class='ocrx_word' id='word_1_120' title='bbox 3289 676 3381 732; x_wconf 87' lang='lat' dir='ltr'><strong>illa</strong></span> <span class='ocrx_word' id='word_1_121' title='bbox 3417 691 3551 747; x_wconf 64' lang='lat' dir='ltr'><strong>prae.</strong></span> 
     </span>
    </p>
   </div>
   <div class='ocr_carea' id='block_1_21' title="bbox 1958 762 3555 842">
    <p class='ocr_par' dir='ltr' id='par_1_21' title="bbox 1958 762 3555 842">
     <span class='ocr_line' id='line_1_21' title="bbox 1958 762 3555 842; baseline -0.006 -15"><span class='ocrx_word' id='word_1_122' title='bbox 1958 773 2147 830; x_wconf 84' lang='lat' dir='ltr'><strong>dicant</strong></span> <span class='ocrx_word' id='word_1_123' title='bbox 2175 790 2287 829; x_wconf 92' lang='lat' dir='ltr'><strong>non</strong></span> <span class='ocrx_word' id='word_1_124' title='bbox 2322 773 2358 828; x_wconf 91' lang='lat' dir='ltr'><strong>ii</strong></span> <span class='ocrx_word' id='word_1_125' title='bbox 2393 772 2576 838; x_wconf 87' lang='lat' dir='ltr'><strong>modo,</strong></span> <span class='ocrx_word' id='word_1_126' title='bbox 2613 772 2709 842; x_wconf 91' lang='lat' dir='ltr'><strong>qui</strong></span> <span class='ocrx_word' id='word_1_127' title='bbox 2746 772 2927 841; x_wconf 89' lang='lat' dir='ltr'><strong>reipsa</strong></span> <span class='ocrx_word' id='word_1_128' title='bbox 2957 768 3172 840; x_wconf 78' lang='lat' dir='ltr'><strong>experti</strong></span> <span class='ocrx_word' id='word_1_129' title='bbox 3210 775 3359 831; x_wconf 89' lang='lat' dir='ltr'><strong>sunt,</strong></span> <span class='ocrx_word' id='word_1_130' title='bbox 3394 762 3489 820; x_wconf 88' lang='lat' dir='ltr'><strong>sed</strong></span> <span class='ocrx_word' id='word_1_131' title='bbox 3518 763 3555 819; x_wconf 88' lang='lat' dir='ltr'><strong>ii</strong></span> 
     </span>
    </p>
   </div>
   <div class='ocr_carea' id='block_1_22' title="bbox 1959 857 3554 936">
    <p class='ocr_par' dir='ltr' id='par_1_22' title="bbox 1959 857 3554 936">
     <span class='ocr_line' id='line_1_22' title="bbox 1959 857 3554 936; baseline -0.006 -15"><span class='ocrx_word' id='word_1_132' title='bbox 1959 865 2126 921; x_wconf 90' lang='lat' dir='ltr'><strong>etiam</strong></span> <span class='ocrx_word' id='word_1_133' title='bbox 2155 864 2248 936; x_wconf 90' lang='lat' dir='ltr'><strong>qui</strong></span> <span class='ocrx_word' id='word_1_134' title='bbox 2277 882 2345 921; x_wconf 76' lang='lat' dir='ltr'><strong>ex</strong></span> <span class='ocrx_word' id='word_1_135' title='bbox 2375 865 2488 921; x_wconf 88' lang='lat' dir='ltr'><strong>illis</strong></span> <span class='ocrx_word' id='word_1_136' title='bbox 2519 863 2837 919; x_wconf 88' lang='lat' dir='ltr'><strong>audierunt.</strong></span> <span class='ocrx_word' id='word_1_137' title='bbox 2863 861 3059 917; x_wconf 87' lang='lat' dir='ltr'><strong>Insiste</strong></span> <span class='ocrx_word' id='word_1_138' title='bbox 3085 859 3276 931; x_wconf 90' lang='lat' dir='ltr'><strong>igitur,</strong></span> <span class='ocrx_word' id='word_1_139' title='bbox 3300 874 3334 912; x_wconf 89' lang='grc' dir='ltr'><strong>ο</strong></span> <span class='ocrx_word' id='word_1_140' title='bbox 3356 857 3554 919; x_wconf 84' lang='lat' dir='ltr'><strong>amice.</strong></span> 
     </span>
    </p>
   </div>
   <div class='ocr_carea' id='block_1_23' title="bbox 1960 947 3558 1027">
    <p class='ocr_par' dir='ltr' id='par_1_23' title="bbox 1960 947 3558 1027">
     <span class='ocr_line' id='line_1_23' title="bbox 1960 947 3558 1027; baseline -0.006 -17"><span class='ocrx_word' id='word_1_141' title='bbox 1960 956 2017 1011; x_wconf 90' lang='lat' dir='ltr'><strong>in</strong></span> <span class='ocrx_word' id='word_1_142' title='bbox 2066 957 2484 1021; x_wconf 80' lang='lat' dir='ltr'><strong>certaminibus,</strong></span> <span class='ocrx_word' id='word_1_143' title='bbox 2529 963 2585 1011; x_wconf 90' lang='lat' dir='ltr'><strong>et</strong></span> <span class='ocrx_word' id='word_1_144' title='bbox 2631 955 2811 1027; x_wconf 84' lang='lat' dir='ltr'><strong>patria</strong></span> <span class='ocrx_word' id='word_1_145' title='bbox 2852 952 3090 1009; x_wconf 90' lang='lat' dir='ltr'><strong>defende</strong></span> <span class='ocrx_word' id='word_1_146' title='bbox 3137 950 3413 1021; x_wconf 76' lang='lat' dir='ltr'><strong>dogmata.</strong></span> <span class='ocrx_word' id='word_1_147' title='bbox 3449 947 3558 1002; x_wconf 88' lang='lat' dir='ltr'><strong>Pro</strong></span> 
     </span>
    </p>
   </div>
   <div class='ocr_carea' id='block_1_24' title="bbox 1959 1031 3559 1118">
    <p class='ocr_par' dir='ltr' id='par_1_24' title="bbox 1959 1031 3559 1118">
     <span class='ocr_line' id='line_1_24' title="bbox 1959 1031 3559 1118; baseline -0.008 -14"><span class='ocrx_word' id='word_1_148' title='bbox 1959 1048 2165 1118; x_wconf 85' lang='lat' dir='ltr'><strong>quibus</strong></span> <span class='ocrx_word' id='word_1_149' title='bbox 2188 1056 2244 1103; x_wconf 90' lang='lat' dir='ltr'><strong>et</strong></span> <span class='ocrx_word' id='word_1_150' title='bbox 2274 1062 2377 1102; x_wconf 87' lang='lat' dir='ltr'><strong>nos</strong></span> <span class='ocrx_word' id='word_1_151' title='bbox 2401 1046 2535 1101; x_wconf 89' lang='lat' dir='ltr'><strong>hinc</strong></span> <span class='ocrx_word' id='word_1_152' title='bbox 2565 1044 2694 1099; x_wconf 90' lang='lat' dir='ltr'><strong>inde</strong></span> <span class='ocrx_word' id='word_1_153' title='bbox 2717 1042 3079 1114; x_wconf 88' lang='lat' dir='ltr'><strong>percntimur,</strong></span> <span class='ocrx_word' id='word_1_154' title='bbox 3104 1031 3559 1112; x_wconf 69' lang='lat' dir='ltr'><strong>gravissimisque</strong></span> 
     </span>
    </p>
   </div>
   <div class='ocr_carea' id='block_1_25' title="bbox 1961 1131 3553 1213">
    <p class='ocr_par' dir='ltr' id='par_1_25' title="bbox 1961 1131 3553 1213">
     <span class='ocr_line' id='line_1_25' title="bbox 1961 1131 3553 1213; baseline -0.009 -17"><span class='ocrx_word' id='word_1_155' title='bbox 1961 1140 2157 1213; x_wconf 86' lang='lat' dir='ltr'><strong>agitari</strong></span> <span class='ocrx_word' id='word_1_156' title='bbox 2195 1139 2455 1211; x_wconf 87' lang='lat' dir='ltr'><strong>procellis</strong></span> <span class='ocrx_word' id='word_1_157' title='bbox 2491 1137 2920 1211; x_wconf 75' lang='lat' dir='ltr'><strong>gubernatorem</strong></span> <span class='ocrx_word' id='word_1_158' title='bbox 2960 1147 3207 1196; x_wconf 88' lang='lat' dir='ltr'><strong>oramus,</strong></span> <span class='ocrx_word' id='word_1_159' title='bbox 3240 1138 3301 1185; x_wconf 91' lang='lat' dir='ltr'><strong>ut</strong></span> <span class='ocrx_word' id='word_1_160' title='bbox 3333 1131 3419 1185; x_wconf 89' lang='lat' dir='ltr'><strong>vel</strong></span> <span class='ocrx_word' id='word_1_161' title='bbox 3454 1144 3553 1184; x_wconf 85' lang='lat' dir='ltr'><strong>an-</strong></span> 
     </span>
    </p>
   </div>
   <div class='ocr_carea' id='block_1_26' title="bbox 1958 1214 3560 1299">
    <p class='ocr_par' dir='ltr' id='par_1_26' title="bbox 1958 1214 3560 1299">
     <span class='ocr_line' id='line_1_26' title="bbox 1958 1214 3560 1299; baseline -0.009 -14"><span class='ocrx_word' id='word_1_162' title='bbox 1958 1238 2097 1286; x_wconf 87' lang='lat' dir='ltr'><strong>nuat</strong></span> <span class='ocrx_word' id='word_1_163' title='bbox 2132 1231 2397 1299; x_wconf 86' lang='lat' dir='ltr'><strong>sedetque</strong></span> <span class='ocrx_word' id='word_1_164' title='bbox 2431 1234 2837 1298; x_wconf 86' lang='lat' dir='ltr'><strong>tempestatem,</strong></span> <span class='ocrx_word' id='word_1_165' title='bbox 2868 1223 2954 1279; x_wconf 91' lang='lat' dir='ltr'><strong>vel</strong></span> <span class='ocrx_word' id='word_1_166' title='bbox 2985 1226 3311 1291; x_wconf 79' lang='lat' dir='ltr'><strong>tempestate</strong></span> <span class='ocrx_word' id='word_1_167' title='bbox 3340 1214 3560 1290; x_wconf 73' lang='lat' dir='ltr'><strong>iactatis</strong></span> 
     </span>
    </p>
   </div>
   <div class='ocr_carea' id='block_1_27' title="bbox 1962 1304 3034 1390">
    <p class='ocr_par' dir='ltr' id='par_1_27' title="bbox 1962 1304 3034 1390">
     <span class='ocr_line' id='line_1_27' title="bbox 1962 1304 3034 1390; baseline -0.007 -14"><span class='ocrx_word' id='word_1_168' title='bbox 1962 1321 2132 1377; x_wconf 87' lang='lat' dir='ltr'><strong>animi</strong></span> <span class='ocrx_word' id='word_1_169' title='bbox 2162 1321 2314 1376; x_wconf 85' lang='lat' dir='ltr'><strong>vires</strong></span> <span class='ocrx_word' id='word_1_170' title='bbox 2340 1319 2628 1390; x_wconf 78' lang='lat' dir='ltr'><strong>largiatur.</strong></span> <span class='ocrx_word' id='word_1_171' title='bbox 3030 1304 3034 1309; x_wconf 69' lang='grc'><em>’</em></span> 
     </span>
    </p>
   </div>
   <div class='ocr_carea' id='block_1_28' title="bbox 2313 1408 3197 1499">
    <p class='ocr_par' dir='ltr' id='par_1_28' title="bbox 2313 1408 3197 1499">
     <span class='ocr_line' id='line_1_28' title="bbox 2313 1408 3197 1499; baseline -0.01 -13"><span class='ocrx_word' id='word_1_172' title='bbox 2313 1408 2495 1487; x_wconf 76' lang='lat' dir='ltr'><strong>CVlll.</strong></span> <span class='ocrx_word' id='word_1_173' title='bbox 2532 1460 2598 1469; x_wconf 89' lang='lat'><strong>—-—</strong></span> <span class='ocrx_word' id='word_1_174' title='bbox 2632 1429 2824 1484; x_wconf 78' lang='lat' dir='ltr'><strong>Acacio</strong></span> <span class='ocrx_word' id='word_1_175' title='bbox 2869 1423 3197 1499; x_wconf 76' lang='lat' dir='ltr'><strong>presbytero.</strong></span> 
     </span>
    </p>
   </div>
   <div class='ocr_carea' id='block_1_29' title="bbox 2030 1526 3558 1613">
    <p class='ocr_par' dir='ltr' id='par_1_29' title="bbox 2030 1526 3558 1613">
     <span class='ocr_line' id='line_1_29' title="bbox 2030 1526 3558 1613; baseline -0.011 -12"><span class='ocrx_word' id='word_1_176' title='bbox 2030 1546 2174 1601; x_wconf 78' lang='lat' dir='ltr'><strong>Vera</strong></span> <span class='ocrx_word' id='word_1_177' title='bbox 2222 1550 2308 1599; x_wconf 89' lang='lat' dir='ltr'><strong>est</strong></span> <span class='ocrx_word' id='word_1_178' title='bbox 2349 1543 2544 1613; x_wconf 85' lang='lat' dir='ltr'><strong>utique</strong></span> <span class='ocrx_word' id='word_1_179' title='bbox 2592 1540 2842 1596; x_wconf 79' lang='lat' dir='ltr'><strong>Davidici</strong></span> <span class='ocrx_word' id='word_1_180' title='bbox 2895 1545 3094 1593; x_wconf 89' lang='lat' dir='ltr'><strong>cantus</strong></span> <span class='ocrx_word' id='word_1_181' title='bbox 3136 1526 3495 1604; x_wconf 71' lang='lat' dir='ltr'><strong>répromissio</strong></span> <span class='ocrx_word' id='word_1_182' title='bbox 3529 1545 3558 1601; x_wconf 20' lang='grc' dir='ltr'><strong>,ι</strong></span> 
     </span>
    </p>
   </div>
   <div class='ocr_carea' id='block_1_30' title="bbox 1963 1623 3564 1724">
    <p class='ocr_par' dir='ltr' id='par_1_30' title="bbox 1963 1623 3564 1724">
     <span class='ocr_line' id='line_1_30' title="bbox 1963 1623 3564 1724; baseline -0.011 -29"><span class='ocrx_word' id='word_1_183' title='bbox 1963 1640 2110 1695; x_wconf 89' lang='lat' dir='ltr'><strong>hanc</strong></span> <span class='ocrx_word' id='word_1_184' title='bbox 2141 1640 2291 1694; x_wconf 89' lang='lat' dir='ltr'><strong>enim</strong></span> <span class='ocrx_word' id='word_1_185' title='bbox 2325 1653 2423 1709; x_wconf 88' lang='lat' dir='ltr'><strong>per</strong></span> <span class='ocrx_word' id='word_1_186' title='bbox 2454 1638 2608 1691; x_wconf 89' lang='lat' dir='ltr'><strong>illum</strong></span> <span class='ocrx_word' id='word_1_187' title='bbox 2641 1634 2885 1705; x_wconf 85' lang='lat' dir='ltr'><strong>Spiritus</strong></span> <span class='ocrx_word' id='word_1_188' title='bbox 2915 1627 3167 1687; x_wconf 84' lang='lat' dir='ltr'><strong>veritatis</strong></span> <span class='ocrx_word' id='word_1_189' title='bbox 3201 1623 3564 1724; x_wconf 77' lang='lat' dir='ltr'><strong>credentibus</strong></span> 
     </span>
    </p>
   </div>
   <div class='ocr_carea' id='block_1_31' title="bbox 1963 1723 3563 1800">
    <p class='ocr_par' dir='ltr' id='par_1_31' title="bbox 1963 1723 3563 1800">
     <span class='ocr_line' id='line_1_31' title="bbox 1963 1723 3563 1800; baseline -0.012 -16"><span class='ocrx_word' id='word_1_190' title='bbox 1963 1728 2197 1800; x_wconf 87' lang='lat' dir='ltr'><strong>protulit</strong></span> <span class='ocrx_word' id='word_1_191' title='bbox 2227 1746 2240 1781; x_wconf 87' lang='lat'><strong>:</strong></span> <span class='ocrx_word' id='word_1_192' title='bbox 2282 1748 2299 1778; x_wconf 80' lang='grc' dir='ltr'><strong>ι</strong></span> <span class='ocrx_word' id='word_1_193' title='bbox 2335 1728 2540 1784; x_wconf 82' lang='lat' dir='ltr'><strong>Revela</strong></span> <span class='ocrx_word' id='word_1_194' title='bbox 2570 1724 2803 1780; x_wconf 88' lang='lat' dir='ltr'><strong>Domino</strong></span> <span class='ocrx_word' id='word_1_195' title='bbox 2833 1723 2978 1777; x_wconf 85' lang='lat' dir='ltr'><strong>viam</strong></span> <span class='ocrx_word' id='word_1_196' title='bbox 3016 1727 3188 1783; x_wconf 87' lang='lat' dir='ltr'><strong>tuam,</strong></span> <span class='ocrx_word' id='word_1_197' title='bbox 3221 1723 3281 1771; x_wconf 85' lang='lat' dir='ltr'><strong>et</strong></span> <span class='ocrx_word' id='word_1_198' title='bbox 3310 1729 3474 1785; x_wconf 86' lang='lat' dir='ltr'><strong>spera</strong></span> <span class='ocrx_word' id='word_1_199' title='bbox 3506 1723 3563 1766; x_wconf 80' lang='lat' dir='ltr'><strong>in</strong></span> 
     </span>
    </p>
   </div>
   <div class='ocr_carea' id='block_1_32' title="bbox 254 1807 1865 1904">
    <p class='ocr_par' dir='ltr' id='par_1_32' title="bbox 254 1822 1858 1897">
     <span class='ocr_line' id='line_1_32' title="bbox 254 1822 1858 1897; baseline 0.004 -20"><span class='ocrx_word' id='word_1_200' title='bbox 254 1822 469 1897; x_wconf 81' lang='grc' dir='ltr'>Κύριον</span> <span class='ocrx_word' id='word_1_201' title='bbox 491 1827 595 1897; x_wconf 79' lang='grc' dir='ltr'>τὴν</span> <span class='ocrx_word' id='word_1_202' title='bbox 630 1826 748 1881; x_wconf 84' lang='grc' dir='ltr'>ὁδόν</span> <span class='ocrx_word' id='word_1_203' title='bbox 778 1845 895 1894; x_wconf 79' lang='grc' dir='ltr'>σου,</span> <span class='ocrx_word' id='word_1_204' title='bbox 924 1829 1020 1883; x_wconf 64' lang='grc' dir='ltr'><strong>καὶ¹</strong></span> <span class='ocrx_word' id='word_1_205' title='bbox 1046 1828 1269 1883; x_wconf 74' lang='grc' dir='ltr'>ἔλπισον</span> <span class='ocrx_word' id='word_1_206' title='bbox 1303 1830 1390 1882; x_wconf 70' lang='grc' dir='ltr'><strong>ἐπ’</strong></span> <span class='ocrx_word' id='word_1_207' title='bbox 1416 1829 1604 1892; x_wconf 74' lang='grc' dir='ltr'>αὑτὸν,</span> <span class='ocrx_word' id='word_1_208' title='bbox 1631 1830 1727 1882; x_wconf 73' lang='grc' dir='ltr'>καὶ</span> <span class='ocrx_word' id='word_1_209' title='bbox 1758 1829 1858 1883; x_wconf 81' lang='grc' dir='ltr'><strong>αὐ-</strong></span> 
     </span>
    </p>
   </div>
   <div class='ocr_carea' id='block_1_33' title="bbox 1971 1807 3564 1904">
    <p class='ocr_par' dir='ltr' id='par_1_33' title="bbox 1971 1807 3564 1904">
     <span class='ocr_line' id='line_1_33' title="bbox 1971 1807 3564 1904; baseline -0.014 -23"><span class='ocrx_word' id='word_1_210' title='bbox 1971 1841 2053 1890; x_wconf 83' lang='lat' dir='ltr'><strong>eo,</strong></span> <span class='ocrx_word' id='word_1_211' title='bbox 2084 1833 2142 1880; x_wconf 92' lang='lat' dir='ltr'><strong>et</strong></span> <span class='ocrx_word' id='word_1_212' title='bbox 2172 1825 2291 1895; x_wconf 89' lang='lat' dir='ltr'><strong>ipse</strong></span> <span class='ocrx_word' id='word_1_213' title='bbox 2330 1821 2517 1889; x_wconf 84' lang='lat' dir='ltr'><strong>faciet,</strong></span> <span class='ocrx_word' id='word_1_214' title='bbox 2548 1829 2607 1875; x_wconf 90' lang='lat' dir='ltr'><strong>et</strong></span> <span class='ocrx_word' id='word_1_215' title='bbox 2644 1818 2846 1874; x_wconf 89' lang='lat' dir='ltr'><strong>educet</strong></span> <span class='ocrx_word' id='word_1_216' title='bbox 2882 1814 3038 1887; x_wconf 87' lang='lat' dir='ltr'><strong>quasi</strong></span> <span class='ocrx_word' id='word_1_217' title='bbox 3070 1813 3259 1868; x_wconf 88' lang='lat' dir='ltr'><strong>lumen</strong></span> <span class='ocrx_word' id='word_1_218' title='bbox 3288 1807 3564 1904; x_wconf 75' lang='lat' dir='ltr'><strong>justitiam</strong></span> 
     </span>
    </p>
   </div>
   <div class='ocr_carea' id='block_1_34' title="bbox 252 1914 1858 1992">
    <p class='ocr_par' dir='ltr' id='par_1_34' title="bbox 252 1914 1858 1992">
     <span class='ocr_line' id='line_1_34' title="bbox 252 1914 1858 1992; baseline 0.002 -23"><span class='ocrx_word' id='word_1_219' title='bbox 252 1914 356 1980; x_wconf 82' lang='grc' dir='ltr'>τὸς</span> <span class='ocrx_word' id='word_1_220' title='bbox 402 1918 639 1989; x_wconf 86' lang='grc' dir='ltr'>ποιήσει,</span> <span class='ocrx_word' id='word_1_221' title='bbox 693 1920 789 1973; x_wconf 78' lang='grc' dir='ltr'>καὶ</span> <span class='ocrx_word' id='word_1_222' title='bbox 841 1918 1040 1985; x_wconf 73' lang='grc' dir='ltr'>ὲξὸίσει</span> <span class='ocrx_word' id='word_1_223' title='bbox 1086 1918 1313 1988; x_wconf 77' lang='grc' dir='ltr'>ὡς’φῶς</span> <span class='ocrx_word' id='word_1_224' title='bbox 1362 1920 1462 1991; x_wconf 82' lang='grc' dir='ltr'>τὴν</span> <span class='ocrx_word' id='word_1_225' title='bbox 1508 1919 1858 1992; x_wconf 80' lang='grc' dir='ltr'>δικαιοσύνην</span> 
     </span>
    </p>
   </div>
   <div class='ocr_carea' id='block_1_35' title="bbox 257 2008 1860 2081">
    <p class='ocr_par' dir='ltr' id='par_1_35' title="bbox 257 2008 1860 2081">
     <span class='ocr_line' id='line_1_35' title="bbox 257 2008 1860 2081; baseline 0.002 -22"><span class='ocrx_word' id='word_1_226' title='bbox 257 2024 383 2073; x_wconf 84' lang='grc' dir='ltr'>σου,</span> <span class='ocrx_word' id='word_1_227' title='bbox 409 2009 502 2062; x_wconf 72' lang='grc' dir='ltr'>καὶ</span> <span class='ocrx_word' id='word_1_228' title='bbox 537 2008 597 2063; x_wconf 84' lang='grc' dir='ltr'><strong>τὺ</strong></span> <span class='ocrx_word' id='word_1_229' title='bbox 625 2009 802 2081; x_wconf 79' lang='grc' dir='ltr'>κρτμά</span> <span class='ocrx_word' id='word_1_230' title='bbox 854 2028 950 2064; x_wconf 89' lang='grc' dir='ltr'><strong>σου</strong></span> <span class='ocrx_word' id='word_1_231' title='bbox 984 2009 1061 2075; x_wconf 84' lang='grc' dir='ltr'><strong>ὡς</strong></span> <span class='ocrx_word' id='word_1_232' title='bbox 1094 2009 1463 2081; x_wconf 74' lang='grc' dir='ltr'>μεσημϐρίαν.</span> <span class='ocrx_word' id='word_1_233' title='bbox 1497 2028 1515 2060; x_wconf 74' lang='grc' dir='ltr'><strong>ι</strong></span> <span class='ocrx_word' id='word_1_234' title='bbox 1553 2011 1595 2062; x_wconf 84' lang='grc' dir='ltr'>Τ</span> <span class='ocrx_word' id='word_1_235' title='bbox 1597 2010 1727 2063; x_wconf 79' lang='grc' dir='ltr'>οῦτο</span> <span class='ocrx_word' id='word_1_236' title='bbox 1765 2009 1860 2063; x_wconf 74' lang='grc' dir='ltr'>καὶ</span> 
     </span>
    </p>
   </div>
   <div class='ocr_carea' id='block_1_36' title="bbox 255 2100 1856 2173">
    <p class='ocr_par' dir='ltr' id='par_1_36' title="bbox 255 2100 1856 2173">
     <span class='ocr_line' id='line_1_36' title="bbox 255 2100 1856 2173; baseline 0.002 -21"><span class='ocrx_word' id='word_1_237' title='bbox 255 2100 358 2153; x_wconf 74' lang='grc' dir='ltr'><strong>ἰπὶ</strong></span> <span class='ocrx_word' id='word_1_238' title='bbox 418 2103 518 2172; x_wconf 78' lang='grc' dir='ltr'>τῆς</span> <span class='ocrx_word' id='word_1_239' title='bbox 564 2101 664 2173; x_wconf 85' lang='grc' dir='ltr'>σῆς</span> <span class='ocrx_word' id='word_1_240' title='bbox 705 2100 1015 2167; x_wconf 74' lang='grc' dir='ltr'>θεοσεϐείας</span> <span class='ocrx_word' id='word_1_241' title='bbox 1070 2101 1441 2171; x_wconf 75' lang='grc' dir='ltr'>γεγενημένον</span> <span class='ocrx_word' id='word_1_242' title='bbox 1502 2102 1856 2172; x_wconf 77' lang='grc' dir='ltr'>εὑρίσκομεν.</span> 
     </span>
    </p>
   </div>
   <div class='ocr_carea' id='block_1_37' title="bbox 271 2190 1857 2264">
    <p class='ocr_par' dir='ltr' id='par_1_37' title="bbox 271 2190 1857 2264">
     <span class='ocr_line' id='line_1_37' title="bbox 271 2190 1857 2264; baseline 0.003 -21"><span class='ocrx_word' id='word_1_243' title='bbox 271 2190 509 2261; x_wconf 81' lang='grc' dir='ltr'>Ὅπόσην</span> <span class='ocrx_word' id='word_1_244' title='bbox 533 2191 642 2263; x_wconf 78' lang='grc' dir='ltr'><strong>γάρ</strong></span> <span class='ocrx_word' id='word_1_245' title='bbox 671 2191 781 2245; x_wconf 87' lang='grc' dir='ltr'><strong>τῶν</strong></span> <span class='ocrx_word' id='word_1_246' title='bbox 810 2191 1078 2262; x_wconf 74' lang='grc' dir='ltr'>ὀρφανίαν</span> <span class='ocrx_word' id='word_1_247' title='bbox 1107 2192 1453 2264; x_wconf 73' lang='grc' dir='ltr'>ὀδυρομένων</span> <span class='ocrx_word' id='word_1_248' title='bbox 1482 2195 1721 2247; x_wconf 80' lang='grc' dir='ltr'>ποιεῖται</span> <span class='ocrx_word' id='word_1_249' title='bbox 1752 2210 1857 2263; x_wconf 88' lang='grc' dir='ltr'>κη-</span> 
     </span>
    </p>
   </div>
   <div class='ocr_carea' id='block_1_38' title="bbox 254 2279 1861 2353">
    <p class='ocr_par' dir='ltr' id='par_1_38' title="bbox 254 2279 1861 2353">
     <span class='ocr_line' id='line_1_38' title="bbox 254 2279 1861 2353; baseline 0.001 -20"><span class='ocrx_word' id='word_1_250' title='bbox 254 2279 515 2351; x_wconf 83' lang='grc' dir='ltr'>δεμονίαν</span> <span class='ocrx_word' id='word_1_251' title='bbox 544 2282 578 2352; x_wconf 69' lang='grc' dir='ltr'><strong>ἡ</strong></span> <span class='ocrx_word' id='word_1_252' title='bbox 629 2281 697 2353; x_wconf 78' lang='grc' dir='ltr'>σὴ</span> <span class='ocrx_word' id='word_1_253' title='bbox 744 2280 1047 2348; x_wconf 79' lang='grc' dir='ltr'>θεοσέϐεια,</span> <span class='ocrx_word' id='word_1_254' title='bbox 1081 2282 1176 2336; x_wconf 75' lang='grc' dir='ltr'>καὶ</span> <span class='ocrx_word' id='word_1_255' title='bbox 1213 2282 1362 2346; x_wconf 83' lang='grc' dir='ltr'>ὅπως</span> <span class='ocrx_word' id='word_1_256' title='bbox 1397 2282 1536 2352; x_wconf 85' lang='grc' dir='ltr'>ὑπὲρ</span> <span class='ocrx_word' id='word_1_257' title='bbox 1572 2282 1680 2336; x_wconf 86' lang='grc' dir='ltr'><strong>τῶν</strong></span> <span class='ocrx_word' id='word_1_258' title='bbox 1720 2285 1861 2337; x_wconf 81' lang='grc' dir='ltr'>ἀπο-</span> 
     </span>
    </p>
   </div>
   <div class='ocr_carea' id='block_1_39' title="bbox 260 2372 1859 2448">
    <p class='ocr_par' dir='ltr' id='par_1_39' title="bbox 260 2372 1859 2448">
     <span class='ocr_line' id='line_1_39' title="bbox 260 2372 1859 2448; baseline 0.001 -22"><span class='ocrx_word' id='word_1_259' title='bbox 260 2373 528 2428; x_wconf 82' lang='grc' dir='ltr'>στολικῶν</span> <span class='ocrx_word' id='word_1_260' title='bbox 564 2374 809 2447; x_wconf 79' lang='grc' dir='ltr'><strong>ἀγωνίζῃ</strong></span> <span class='ocrx_word' id='word_1_261' title='bbox 842 2374 1155 2446; x_wconf 79' lang='grc' dir='ltr'>δογμάτων,</span> <span class='ocrx_word' id='word_1_262' title='bbox 1195 2375 1385 2448; x_wconf 73' lang='grc' dir='ltr'>ᾅδουσι</span> <span class='ocrx_word' id='word_1_263' title='bbox 1425 2375 1651 2437; x_wconf 88' lang='grc' dir='ltr'>πάντες,</span> <span class='ocrx_word' id='word_1_264' title='bbox 1683 2372 1859 2444; x_wconf 89' lang='grc' dir='ltr'>δήλων</span> 
     </span>
    </p>
   </div>
   <div class='ocr_carea' id='block_1_40' title="bbox 256 2464 1861 2539">
    <p class='ocr_par' dir='ltr' id='par_1_40' title="bbox 256 2464 1861 2539">
     <span class='ocr_line' id='line_1_40' title="bbox 256 2464 1861 2539; baseline -0.002 -20"><span class='ocrx_word' id='word_1_265' title='bbox 256 2464 407 2519; x_wconf 76' lang='grc' dir='ltr'><strong>κατά</strong></span> <span class='ocrx_word' id='word_1_266' title='bbox 439 2466 543 2537; x_wconf 81' lang='grc' dir='ltr'>τὴν</span> <span class='ocrx_word' id='word_1_267' title='bbox 579 2466 920 2539; x_wconf 82' lang='grc' dir='ltr'>προφητείαν</span> <span class='ocrx_word' id='word_1_268' title='bbox 960 2467 1070 2521; x_wconf 86' lang='grc' dir='ltr'><strong>τῶν</strong></span> <span class='ocrx_word' id='word_1_269' title='bbox 1129 2465 1531 2537; x_wconf 82' lang='grc' dir='ltr'>κεκρυμμένων</span> <span class='ocrx_word' id='word_1_270' title='bbox 1559 2464 1861 2535; x_wconf 80' lang='grc' dir='ltr'>γεγενημέ-</span> 
     </span>
    </p>
   </div>
   <div class='ocr_carea' id='block_1_41' title="bbox 256 2555 1861 2628">
    <p class='ocr_par' dir='ltr' id='par_1_41' title="bbox 256 2555 1861 2628">
     <span class='ocr_line' id='line_1_41' title="bbox 256 2555 1861 2628; baseline 0.001 -20"><span class='ocrx_word' id='word_1_271' title='bbox 256 2573 390 2609; x_wconf 88' lang='grc' dir='ltr'>νων.</span> <span class='ocrx_word' id='word_1_272' title='bbox 415 2556 620 2610; x_wconf 82' lang='grc' dir='ltr'>Τούτου</span> <span class='ocrx_word' id='word_1_273' title='bbox 642 2556 708 2625; x_wconf 86' lang='grc' dir='ltr'>δὴ</span> <span class='ocrx_word' id='word_1_274' title='bbox 736 2556 897 2628; x_wconf 91' lang='grc' dir='ltr'>χάριν</span> <span class='ocrx_word' id='word_1_275' title='bbox 928 2556 1086 2625; x_wconf 84' lang='grc' dir='ltr'>κάγὼ</span> <span class='ocrx_word' id='word_1_276' title='bbox 1108 2557 1234 2620; x_wconf 77' lang='grc' dir='ltr'>τοὺς</span> <span class='ocrx_word' id='word_1_277' title='bbox 1274 2555 1628 2621; x_wconf 80' lang='grc' dir='ltr'>ἀξιεπαίνους</span> <span class='ocrx_word' id='word_1_278' title='bbox 1660 2556 1861 2619; x_wconf 82' lang='grc' dir='ltr'>πόνους</span> 
     </span>
    </p>
   </div>
   <div class='ocr_carea' id='block_1_42' title="bbox 256 2645 1866 2718">
    <p class='ocr_par' dir='ltr' id='par_1_42' title="bbox 256 2645 1866 2718">
     <span class='ocr_line' id='line_1_42' title="bbox 256 2645 1866 2718; baseline -0.001 -19"><span class='ocrx_word' id='word_1_279' title='bbox 256 2649 365 2716; x_wconf 78' lang='grc' dir='ltr'>τῆς</span> <span class='ocrx_word' id='word_1_280' title='bbox 410 2649 510 2718; x_wconf 83' lang='grc' dir='ltr'>σῆς</span> <span class='ocrx_word' id='word_1_281' title='bbox 562 2646 839 2715; x_wconf 81' lang='grc' dir='ltr'>φιλοθεῖας</span> <span class='ocrx_word' id='word_1_282' title='bbox 897 2646 1239 2718; x_wconf 87' lang='grc' dir='ltr'>μεμαθηκὼς</span> <span class='ocrx_word' id='word_1_283' title='bbox 1282 2647 1503 2717; x_wconf 83' lang='grc' dir='ltr'>γράφω,</span> <span class='ocrx_word' id='word_1_284' title='bbox 1551 2645 1647 2699; x_wconf 72' lang='grc' dir='ltr'>καὶ</span> <span class='ocrx_word' id='word_1_285' title='bbox 1694 2660 1866 2715; x_wconf 86' lang='grc' dir='ltr'>προσ-</span> 
     </span>
    </p>
   </div>
   <div class='ocr_carea' id='block_1_43' title="bbox 258 2732 1864 2807">
    <p class='ocr_par' dir='ltr' id='par_1_43' title="bbox 258 2732 1864 2807">
     <span class='ocr_line' id='line_1_43' title="bbox 258 2732 1864 2807; baseline -0.001 -18"><span class='ocrx_word' id='word_1_286' title='bbox 258 2736 637 2807; x_wconf 75' lang='grc' dir='ltr'>φθεγγόμενός</span> <span class='ocrx_word' id='word_1_287' title='bbox 687 2752 772 2801; x_wconf 93' lang='grc' dir='ltr'><strong>σε,</strong></span> <span class='ocrx_word' id='word_1_288' title='bbox 803 2732 1207 2807; x_wconf 80' lang='grc' dir='ltr'>θεοφιλέστατε,</span> <span class='ocrx_word' id='word_1_289' title='bbox 1258 2737 1354 2789; x_wconf 74' lang='grc' dir='ltr'>καὶ</span> <span class='ocrx_word' id='word_1_290' title='bbox 1396 2735 1735 2805; x_wconf 74' lang='grc' dir='ltr'>παρακαλῶν</span> <span class='ocrx_word' id='word_1_291' title='bbox 1760 2736 1864 2789; x_wconf 82' lang='grc' dir='ltr'>αύ-</span> 
     </span>
    </p>
   </div>
   <div class='ocr_carea' id='block_1_44' title="bbox 259 2826 1864 2899">
    <p class='ocr_par' dir='ltr' id='par_1_44' title="bbox 259 2826 1864 2899">
     <span class='ocr_line' id='line_1_44' title="bbox 259 2826 1864 2899; baseline 0 -19"><span class='ocrx_word' id='word_1_292' title='bbox 259 2826 428 2895; x_wconf 76' lang='grc' dir='ltr'>ξῆσαι</span> <span class='ocrx_word' id='word_1_293' title='bbox 471 2828 534 2881; x_wconf 80' lang='grc' dir='ltr'>τὸ</span> <span class='ocrx_word' id='word_1_294' title='bbox 565 2827 723 2891; x_wconf 87' lang='grc' dir='ltr'>κλέος</span> <span class='ocrx_word' id='word_1_295' title='bbox 764 2830 829 2899; x_wconf 78' lang='grc' dir='ltr'>τῇ</span> <span class='ocrx_word' id='word_1_296' title='bbox 880 2828 1175 2899; x_wconf 81' lang='grc' dir='ltr'>προσθήκῃ</span> <span class='ocrx_word' id='word_1_297' title='bbox 1220 2827 1329 2881; x_wconf 87' lang='grc' dir='ltr'><strong>τῶν</strong></span> <span class='ocrx_word' id='word_1_298' title='bbox 1368 2827 1570 2891; x_wconf 89' lang='grc' dir='ltr'>πόνων,</span> <span class='ocrx_word' id='word_1_299' title='bbox 1624 2828 1721 2881; x_wconf 79' lang='grc' dir='ltr'>καὶ</span> <span class='ocrx_word' id='word_1_300' title='bbox 1759 2828 1864 2899; x_wconf 85' lang='grc' dir='ltr'>τῆς</span> 
     </span>
    </p>
   </div>
   <div class='ocr_carea' id='block_1_45' title="bbox 261 2916 1863 2989">
    <p class='ocr_par' dir='ltr' id='par_1_45' title="bbox 261 2916 1863 2989">
     <span class='ocr_line' id='line_1_45' title="bbox 261 2916 1863 2989; baseline 0.002 -22"><span class='ocrx_word' id='word_1_301' title='bbox 261 2916 634 2987; x_wconf 82' lang='grc' dir='ltr'>εύαγγελικῆς</span> <span class='ocrx_word' id='word_1_302' title='bbox 660 2917 1057 2989; x_wconf 80' lang='grc' dir='ltr'>ὑπερμαχῆσαι</span> <span class='ocrx_word' id='word_1_303' title='bbox 1095 2916 1473 2980; x_wconf 75' lang='grc' dir='ltr'>διδασκαλίας,</span> <span class='ocrx_word' id='word_1_304' title='bbox 1516 2917 1604 2969; x_wconf 78' lang='grc' dir='ltr'>ἵνα</span> <span class='ocrx_word' id='word_1_305' title='bbox 1634 2916 1733 2970; x_wconf 75' lang='grc' dir='ltr'>καὶ</span> <span class='ocrx_word' id='word_1_306' title='bbox 1770 2917 1863 2970; x_wconf 70' lang='grc' dir='ltr'>τὸν</span> 
     </span>
    </p>
   </div>
   <div class='ocr_carea' id='block_1_46' title="bbox 1966 1898 3558 1984">
    <p class='ocr_par' dir='ltr' id='par_1_46' title="bbox 1966 1898 3558 1984">
     <span class='ocr_line' id='line_1_46' title="bbox 1966 1898 3558 1984; baseline -0.015 -12"><span class='ocrx_word' id='word_1_307' title='bbox 1966 1926 2150 1982; x_wconf 89' lang='lat' dir='ltr'><strong>tuam,</strong></span> <span class='ocrx_word' id='word_1_308' title='bbox 2200 1924 2258 1970; x_wconf 90' lang='lat' dir='ltr'><strong>et</strong></span> <span class='ocrx_word' id='word_1_309' title='bbox 2304 1914 2576 1984; x_wconf 68' lang='lat' dir='ltr'><strong>judicirun</strong></span> <span class='ocrx_word' id='word_1_310' title='bbox 2627 1920 2781 1966; x_wconf 88' lang='lat' dir='ltr'><strong>tuum</strong></span> <span class='ocrx_word' id='word_1_311' title='bbox 2822 1917 3085 1977; x_wconf 88' lang='lat' dir='ltr'><strong>tanquam</strong></span> <span class='ocrx_word' id='word_1_312' title='bbox 3134 1898 3494 1959; x_wconf 87' lang='lat' dir='ltr'><strong>meridiem&quot;.</strong></span> <span class='ocrx_word' id='word_1_313' title='bbox 3538 1916 3558 1948; x_wconf 75' lang='grc' dir='ltr'><strong>ι</strong></span> 
     </span>
    </p>
   </div>
   <div class='ocr_carea' id='block_1_47' title="bbox 1968 1991 3564 2075">
    <p class='ocr_par' dir='ltr' id='par_1_47' title="bbox 1968 1991 3564 2075">
     <span class='ocr_line' id='line_1_47' title="bbox 1968 1991 3564 2075; baseline -0.013 -12"><span class='ocrx_word' id='word_1_314' title='bbox 1968 2009 2084 2063; x_wconf 83' lang='grc' dir='ltr'>Ηοο</span> <span class='ocrx_word' id='word_1_315' title='bbox 2119 2014 2176 2062; x_wconf 87' lang='lat' dir='ltr'><strong>et</strong></span> <span class='ocrx_word' id='word_1_316' title='bbox 2220 2008 2275 2060; x_wconf 91' lang='lat' dir='ltr'><strong>in</strong></span> <span class='ocrx_word' id='word_1_317' title='bbox 2322 2006 2527 2075; x_wconf 86' lang='lat' dir='ltr'><strong>pietate</strong></span> <span class='ocrx_word' id='word_1_318' title='bbox 2559 2013 2652 2058; x_wconf 89' lang='lat' dir='ltr'><strong>tua</strong></span> <span class='ocrx_word' id='word_1_319' title='bbox 2701 2002 2909 2056; x_wconf 86' lang='lat' dir='ltr'><strong>factum</strong></span> <span class='ocrx_word' id='word_1_320' title='bbox 2952 1996 3253 2054; x_wconf 85' lang='lat' dir='ltr'><strong>cernimus.</strong></span> <span class='ocrx_word' id='word_1_321' title='bbox 3290 1991 3564 2060; x_wconf 84' lang='lat' dir='ltr'><strong>Quantam</strong></span> 
     </span>
    </p>
   </div>
   <div class='ocr_carea' id='block_1_48' title="bbox 1965 2089 3564 2166">
    <p class='ocr_par' dir='ltr' id='par_1_48' title="bbox 1965 2089 3564 2166">
     <span class='ocr_line' id='line_1_48' title="bbox 1965 2089 3564 2166; baseline -0.014 -11"><span class='ocrx_word' id='word_1_322' title='bbox 1965 2098 2115 2155; x_wconf 89' lang='lat' dir='ltr'><strong>enim</strong></span> <span class='ocrx_word' id='word_1_323' title='bbox 2152 2097 2449 2153; x_wconf 84' lang='lat' dir='ltr'><strong>orbitatem</strong></span> <span class='ocrx_word' id='word_1_324' title='bbox 2482 2094 2792 2166; x_wconf 84' lang='lat' dir='ltr'><strong>lugentium</strong></span> <span class='ocrx_word' id='word_1_325' title='bbox 2828 2092 3007 2162; x_wconf 86' lang='lat' dir='ltr'><strong>pietas</strong></span> <span class='ocrx_word' id='word_1_326' title='bbox 3033 2097 3126 2144; x_wconf 91' lang='lat' dir='ltr'><strong>tua</strong></span> <span class='ocrx_word' id='word_1_327' title='bbox 3158 2100 3347 2142; x_wconf 86' lang='lat' dir='ltr'><strong>curam</strong></span> <span class='ocrx_word' id='word_1_328' title='bbox 3386 2089 3564 2155; x_wconf 80' lang='lat' dir='ltr'><strong>gerat,</strong></span> 
     </span>
    </p>
   </div>
   <div class='ocr_carea' id='block_1_49' title="bbox 1966 2176 3564 2263">
    <p class='ocr_par' dir='ltr' id='par_1_49' title="bbox 1966 2176 3564 2263">
     <span class='ocr_line' id='line_1_49' title="bbox 1966 2176 3564 2263; baseline -0.013 -16"><span class='ocrx_word' id='word_1_329' title='bbox 1966 2200 2023 2247; x_wconf 89' lang='lat' dir='ltr'><strong>et</strong></span> <span class='ocrx_word' id='word_1_330' title='bbox 2051 2206 2163 2262; x_wconf 91' lang='lat' dir='ltr'><strong>quo</strong></span> <span class='ocrx_word' id='word_1_331' title='bbox 2203 2196 2365 2261; x_wconf 91' lang='lat' dir='ltr'><strong>pacto</strong></span> <span class='ocrx_word' id='word_1_332' title='bbox 2406 2202 2512 2258; x_wconf 90' lang='lat' dir='ltr'><strong>pro</strong></span> <span class='ocrx_word' id='word_1_333' title='bbox 2549 2182 2870 2263; x_wconf 83' lang='lat' dir='ltr'><strong>apostolicis</strong></span> <span class='ocrx_word' id='word_1_334' title='bbox 2904 2178 3263 2251; x_wconf 88' lang='lat' dir='ltr'><strong>dogmatibus</strong></span> <span class='ocrx_word' id='word_1_335' title='bbox 3294 2176 3564 2235; x_wconf 88' lang='lat' dir='ltr'><strong>decertet,</strong></span> 
     </span>
    </p>
   </div>
   <div class='ocr_carea' id='block_1_50' title="bbox 1968 2266 3565 2345">
    <p class='ocr_par' dir='ltr' id='par_1_50' title="bbox 1968 2266 3565 2345">
     <span class='ocr_line' id='line_1_50' title="bbox 1968 2266 3565 2345; baseline -0.013 -7"><span class='ocrx_word' id='word_1_336' title='bbox 1968 2285 2025 2338; x_wconf 89' lang='lat' dir='ltr'><strong>in</strong></span> <span class='ocrx_word' id='word_1_337' title='bbox 2069 2299 2168 2339; x_wconf 91' lang='lat' dir='ltr'><strong>ore</strong></span> <span class='ocrx_word' id='word_1_338' title='bbox 2204 2292 2290 2337; x_wconf 83' lang='lat' dir='ltr'><strong>est</strong></span> <span class='ocrx_word' id='word_1_339' title='bbox 2321 2280 2593 2343; x_wconf 90' lang='lat' dir='ltr'><strong>omnium,</strong></span> <span class='ocrx_word' id='word_1_340' title='bbox 2629 2275 2960 2340; x_wconf 78' lang='lat' dir='ltr'><strong>manifestis,</strong></span> <span class='ocrx_word' id='word_1_341' title='bbox 2994 2274 3147 2345; x_wconf 77' lang='lat' dir='ltr'><strong>juxta</strong></span> <span class='ocrx_word' id='word_1_342' title='bbox 3172 2266 3565 2341; x_wconf 82' lang='lat' dir='ltr'><strong>prophetiam,</strong></span> 
     </span>
    </p>
   </div>
   <div class='ocr_carea' id='block_1_51' title="bbox 1968 2363 3568 2445">
    <p class='ocr_par' dir='ltr' id='par_1_51' title="bbox 1968 2363 3568 2445">
     <span class='ocr_line' id='line_1_51' title="bbox 1968 2363 3568 2445; baseline -0.013 -14"><span class='ocrx_word' id='word_1_343' title='bbox 1968 2375 2130 2431; x_wconf 87' lang='lat' dir='ltr'><strong>factis</strong></span> <span class='ocrx_word' id='word_1_344' title='bbox 2161 2374 2230 2430; x_wconf 87' lang='lat' dir='ltr'><strong>iis</strong></span> <span class='ocrx_word' id='word_1_345' title='bbox 2263 2389 2390 2445; x_wconf 66' lang='lat' dir='ltr'><strong>quas</strong></span> <span class='ocrx_word' id='word_1_346' title='bbox 2431 2371 2652 2427; x_wconf 88' lang='lat' dir='ltr'><strong>occulta</strong></span> <span class='ocrx_word' id='word_1_347' title='bbox 2693 2378 2875 2424; x_wconf 89' lang='lat' dir='ltr'><strong>erant.</strong></span> <span class='ocrx_word' id='word_1_348' title='bbox 2921 2365 3076 2421; x_wconf 83' lang='lat' dir='ltr'><strong>Hane</strong></span> <span class='ocrx_word' id='word_1_349' title='bbox 3102 2363 3175 2419; x_wconf 88' lang='lat' dir='ltr'><strong>ob</strong></span> <span class='ocrx_word' id='word_1_350' title='bbox 3201 2376 3422 2418; x_wconf 86' lang='lat' dir='ltr'><strong>causam</strong></span> <span class='ocrx_word' id='word_1_351' title='bbox 3464 2373 3568 2429; x_wconf 67' lang='lat' dir='ltr'><strong>ego</strong></span> 
     </span>
    </p>
   </div>
   <div class='ocr_carea' id='block_1_52' title="bbox 1968 2448 3565 2537">
    <p class='ocr_par' dir='ltr' id='par_1_52' title="bbox 1968 2448 3565 2537">
     <span class='ocr_line' id='line_1_52' title="bbox 1968 2448 3565 2537; baseline -0.012 -15"><span class='ocrx_word' id='word_1_352' title='bbox 1968 2482 2192 2537; x_wconf 89' lang='lat' dir='ltr'><strong>quoque</strong></span> <span class='ocrx_word' id='word_1_353' title='bbox 2225 2466 2322 2537; x_wconf 88' lang='lat' dir='ltr'><strong>qui</strong></span> <span class='ocrx_word' id='word_1_354' title='bbox 2354 2463 2665 2520; x_wconf 87' lang='lat' dir='ltr'><strong>laudabiles</strong></span> <span class='ocrx_word' id='word_1_355' title='bbox 2692 2461 2911 2516; x_wconf 89' lang='lat' dir='ltr'><strong>labores</strong></span> <span class='ocrx_word' id='word_1_356' title='bbox 2945 2465 3069 2513; x_wconf 90' lang='lat' dir='ltr'><strong>tuos</strong></span> <span class='ocrx_word' id='word_1_357' title='bbox 3100 2453 3325 2519; x_wconf 88' lang='lat' dir='ltr'><strong>edidici,</strong></span> <span class='ocrx_word' id='word_1_358' title='bbox 3360 2448 3565 2512; x_wconf 87' lang='lat' dir='ltr'><strong>scribo,</strong></span> 
     </span>
    </p>
   </div>
   <div class='ocr_carea' id='block_1_53' title="bbox 1964 2542 3570 2624">
    <p class='ocr_par' dir='ltr' id='par_1_53' title="bbox 1964 2542 3570 2624">
     <span class='ocr_line' id='line_1_53' title="bbox 1964 2542 3570 2624; baseline -0.012 -13"><span class='ocrx_word' id='word_1_359' title='bbox 1964 2565 2023 2611; x_wconf 90' lang='lat' dir='ltr'><strong>et</strong></span> <span class='ocrx_word' id='word_1_360' title='bbox 2052 2556 2290 2611; x_wconf 88' lang='lat' dir='ltr'><strong>salutem</strong></span> <span class='ocrx_word' id='word_1_361' title='bbox 2342 2553 2557 2624; x_wconf 79' lang='lat'><strong>1177</strong></span> <span class='ocrx_word' id='word_1_362' title='bbox 2594 2551 2786 2607; x_wconf 89' lang='lat' dir='ltr'><strong>dicens</strong></span> <span class='ocrx_word' id='word_1_363' title='bbox 2825 2547 2945 2615; x_wconf 87' lang='lat' dir='ltr'><strong>tibi,</strong></span> <span class='ocrx_word' id='word_1_364' title='bbox 2972 2547 3089 2601; x_wconf 88' lang='lat' dir='ltr'><strong>Deo</strong></span> <span class='ocrx_word' id='word_1_365' title='bbox 3127 2542 3473 2602; x_wconf 86' lang='lat' dir='ltr'><strong>charissimc,</strong></span> <span class='ocrx_word' id='word_1_366' title='bbox 3513 2547 3570 2593; x_wconf 89' lang='lat' dir='ltr'><strong>et</strong></span> 
     </span>
    </p>
   </div>
   <div class='ocr_carea' id='block_1_54' title="bbox 1966 2632 3569 2711">
    <p class='ocr_par' dir='ltr' id='par_1_54' title="bbox 1966 2632 3569 2711">
     <span class='ocr_line' id='line_1_54' title="bbox 1966 2632 3569 2711; baseline -0.012 -8"><span class='ocrx_word' id='word_1_367' title='bbox 1966 2648 2289 2710; x_wconf 80' lang='lat' dir='ltr'><strong>exhortans,</strong></span> <span class='ocrx_word' id='word_1_368' title='bbox 2326 2658 2387 2701; x_wconf 86' lang='lat' dir='ltr'><strong>ut</strong></span> <span class='ocrx_word' id='word_1_369' title='bbox 2411 2645 2665 2701; x_wconf 88' lang='lat' dir='ltr'><strong>laborum</strong></span> <span class='ocrx_word' id='word_1_370' title='bbox 2688 2639 3006 2697; x_wconf 88' lang='lat' dir='ltr'><strong>accessione</strong></span> <span class='ocrx_word' id='word_1_371' title='bbox 3028 2636 3259 2711; x_wconf 85' lang='lat' dir='ltr'><strong>gloriam</strong></span> <span class='ocrx_word' id='word_1_372' title='bbox 3292 2632 3569 2696; x_wconf 87' lang='lat' dir='ltr'><strong>cumules,</strong></span> 
     </span>
    </p>
   </div>
   <div class='ocr_carea' id='block_1_55' title="bbox 1963 2730 3569 2807">
    <p class='ocr_par' dir='ltr' id='par_1_55' title="bbox 1963 2730 3569 2807">
     <span class='ocr_line' id='line_1_55' title="bbox 1963 2730 3569 2807; baseline -0.011 -15"><span class='ocrx_word' id='word_1_373' title='bbox 1963 2746 2019 2792; x_wconf 91' lang='lat' dir='ltr'><strong>et</strong></span> <span class='ocrx_word' id='word_1_374' title='bbox 2044 2752 2144 2807; x_wconf 91' lang='lat' dir='ltr'><strong>pro</strong></span> <span class='ocrx_word' id='word_1_375' title='bbox 2169 2735 2489 2807; x_wconf 81' lang='lat' dir='ltr'><strong>evangeliea</strong></span> <span class='ocrx_word' id='word_1_376' title='bbox 2539 2732 2789 2788; x_wconf 86' lang='lat' dir='ltr'><strong>doctrina</strong></span> <span class='ocrx_word' id='word_1_377' title='bbox 2819 2730 3070 2795; x_wconf 88' lang='lat' dir='ltr'><strong>dimices,</strong></span> <span class='ocrx_word' id='word_1_378' title='bbox 3103 2736 3163 2783; x_wconf 90' lang='lat' dir='ltr'><strong>ut</strong></span> <span class='ocrx_word' id='word_1_379' title='bbox 3189 2734 3249 2781; x_wconf 91' lang='lat' dir='ltr'><strong>et</strong></span> <span class='ocrx_word' id='word_1_380' title='bbox 3279 2731 3569 2805; x_wconf 88' lang='lat' dir='ltr'><strong>paternam</strong></span> 
     </span>
    </p>
   </div>
   <div class='ocr_carea' id='block_1_56' title="bbox 1966 2815 3570 2886">
    <p class='ocr_par' dir='ltr' id='par_1_56' title="bbox 1966 2815 3570 2886">
     <span class='ocr_line' id='line_1_56' title="bbox 1966 2815 3570 2886; baseline -0.009 -4"><span class='ocrx_word' id='word_1_381' title='bbox 1966 2827 2345 2883; x_wconf 62' lang='lat' dir='ltr'><strong>haereditatem</strong></span> <span class='ocrx_word' id='word_1_382' title='bbox 2401 2826 2666 2880; x_wconf 84' lang='lat' dir='ltr'><strong>intactam</strong></span> <span class='ocrx_word' id='word_1_383' title='bbox 2714 2839 3023 2886; x_wconf 87' lang='lat' dir='ltr'><strong>servemus,</strong></span> <span class='ocrx_word' id='word_1_384' title='bbox 3058 2832 3115 2877; x_wconf 88' lang='lat' dir='ltr'><strong>et</strong></span> <span class='ocrx_word' id='word_1_385' title='bbox 3166 2818 3431 2874; x_wconf 84' lang='lat' dir='ltr'><strong>talentum</strong></span> <span class='ocrx_word' id='word_1_386' title='bbox 3463 2815 3570 2869; x_wconf 86' lang='lat' dir='ltr'><strong>Do-</strong></span> 
     </span>
    </p>
   </div>
   <div class='ocr_carea' id='block_1_57' title="bbox 1969 2911 3119 2983">
    <p class='ocr_par' dir='ltr' id='par_1_57' title="bbox 1969 2911 3119 2983">
     <span class='ocr_line' id='line_1_57' title="bbox 1969 2911 3119 2983; baseline -0.008 -12"><span class='ocrx_word' id='word_1_387' title='bbox 1969 2916 2124 2971; x_wconf 91' lang='lat' dir='ltr'><strong>mino</strong></span> <span class='ocrx_word' id='word_1_388' title='bbox 2149 2930 2277 2970; x_wconf 89' lang='lat' dir='ltr'><strong>cum</strong></span> <span class='ocrx_word' id='word_1_389' title='bbox 2315 2913 2516 2983; x_wconf 78' lang='lat' dir='ltr'><strong>insigni</strong></span> <span class='ocrx_word' id='word_1_390' title='bbox 2553 2924 2766 2982; x_wconf 77' lang='lat' dir='ltr'><strong>quaestu</strong></span> <span class='ocrx_word' id='word_1_391' title='bbox 2798 2911 3119 2965; x_wconf 74' lang='lat' dir='ltr'><strong>oneramus.</strong></span> 
     </span>
    </p>
   </div>
   <div class='ocr_carea' id='block_1_58' title="bbox 262 2997 3570 3077">
    <p class='ocr_par' dir='ltr' id='par_1_58' title="bbox 262 2997 3570 3077">
     <span class='ocr_line' id='line_1_58' title="bbox 262 2997 3570 3077; baseline -0.003 -21"><span class='ocrx_word' id='word_1_392' title='bbox 262 3004 523 3075; x_wconf 81' lang='grc' dir='ltr'>πατρῷον</span> <span class='ocrx_word' id='word_1_393' title='bbox 553 3005 757 3077; x_wconf 83' lang='grc' dir='ltr'>κλῆρον</span> <span class='ocrx_word' id='word_1_394' title='bbox 807 3004 1142 3077; x_wconf 79' lang='grc' dir='ltr'>φυλάξωμεν</span> <span class='ocrx_word' id='word_1_395' title='bbox 1180 3005 1397 3070; x_wconf 77' lang='grc' dir='ltr'>ἄσυλον,</span> <span class='ocrx_word' id='word_1_396' title='bbox 1437 3005 1532 3059; x_wconf 70' lang='grc' dir='ltr'>καὶ</span> <span class='ocrx_word' id='word_1_397' title='bbox 1570 3006 1632 3059; x_wconf 82' lang='grc' dir='ltr'>τὸ</span> <span class='ocrx_word' id='word_1_398' title='bbox 1695 3004 1957 3059; x_wconf 86' lang='grc' dir='ltr'>τάλαντον</span> <span class='ocrx_word' id='word_1_399' title='bbox 1994 3005 2073 3076; x_wconf 82' lang='grc' dir='ltr'>τῷ</span> <span class='ocrx_word' id='word_1_400' title='bbox 2098 3004 2345 3074; x_wconf 70' lang='grc' dir='ltr'>Δεσπάτῃ</span> <span class='ocrx_word' id='word_1_401' title='bbox 2407 3001 2546 3073; x_wconf 84' lang='grc' dir='ltr'>μετὰ</span> <span class='ocrx_word' id='word_1_402' title='bbox 2584 3002 2684 3074; x_wconf 81' lang='grc' dir='ltr'>τῆς</span> <span class='ocrx_word' id='word_1_403' title='bbox 2721 3000 2896 3072; x_wconf 79' lang='grc' dir='ltr'>καλῆς</span> <span class='ocrx_word' id='word_1_404' title='bbox 2955 2998 3414 3070; x_wconf 82' lang='grc' dir='ltr'>προσενέγκωμεν</span> <span class='ocrx_word' id='word_1_405' title='bbox 3476 2997 3570 3068; x_wconf 74' lang='grc' dir='ltr'><strong>ἑρ-</strong></span> 
     </span>
    </p>
   </div>
   <div class='ocr_carea' id='block_1_59' title="bbox 264 3097 489 3167">
    <p class='ocr_par' dir='ltr' id='par_1_59' title="bbox 264 3097 489 3167">
     <span class='ocr_line' id='line_1_59' title="bbox 264 3097 489 3167; baseline 0.004 -16"><span class='ocrx_word' id='word_1_406' title='bbox 264 3097 489 3167; x_wconf 86' lang='grc' dir='ltr'>γασίας.</span> 
     </span>
    </p>
   </div>
   <div class='ocr_carea' id='block_1_60' title="bbox 455 3232 1668 3304">
    <p class='ocr_par' dir='ltr' id='par_1_60' title="bbox 455 3232 1668 3304">
     <span class='ocr_line' id='line_1_60' title="bbox 455 3232 1668 3304; baseline 0.001 -16"><span class='ocrx_word' id='word_1_407' title='bbox 455 3232 583 3289; x_wconf 68' lang='grc' dir='ltr'><strong>Ρα.</strong></span> <span class='ocrx_word' id='word_1_408' title='bbox 622 3259 680 3275; x_wconf 82' lang='grc'><strong><em>--</em></strong></span> <span class='ocrx_word' id='word_1_409' title='bbox 714 3234 987 3303; x_wconf 72' lang='grc' dir='ltr'>Εὐσεσιφ</span> <span class='ocrx_word' id='word_1_410' title='bbox 1010 3233 1325 3301; x_wconf 75' lang='grc' dir='ltr'>ἐπισκόπῳ</span> <span class='ocrx_word' id='word_1_411' title='bbox 1362 3235 1668 3304; x_wconf 72' lang='grc' dir='ltr'>Ἀγκύρας.</span> 
     </span>
    </p>
   </div>
   <div class='ocr_carea' id='block_1_61' title="bbox 340 3342 1861 3418">
    <p class='ocr_par' dir='ltr' id='par_1_61' title="bbox 340 3342 1861 3418">
     <span class='ocr_line' id='line_1_61' title="bbox 340 3342 1861 3418; baseline 0.001 -20"><span class='ocrx_word' id='word_1_412' title='bbox 340 3342 514 3398; x_wconf 80' lang='grc' dir='ltr'>Πολλά</span> <span class='ocrx_word' id='word_1_413' title='bbox 547 3343 648 3415; x_wconf 81' lang='grc' dir='ltr'>μὲν</span> <span class='ocrx_word' id='word_1_414' title='bbox 676 3344 746 3398; x_wconf 87' lang='grc' dir='ltr'><strong>τά</strong></span> <span class='ocrx_word' id='word_1_415' title='bbox 767 3344 886 3399; x_wconf 86' lang='grc' dir='ltr'>καθ’</span> <span class='ocrx_word' id='word_1_416' title='bbox 910 3344 1067 3415; x_wconf 79' lang='grc' dir='ltr'>ἡμῶν</span> <span class='ocrx_word' id='word_1_417' title='bbox 1090 3347 1455 3417; x_wconf 82' lang='grc' dir='ltr'>τυρευόμενα,</span> <span class='ocrx_word' id='word_1_418' title='bbox 1485 3347 1580 3399; x_wconf 72' lang='grc' dir='ltr'>καὶ</span> <span class='ocrx_word' id='word_1_419' title='bbox 1607 3346 1675 3400; x_wconf 85' lang='grc' dir='ltr'><strong>δι’</strong></span> <span class='ocrx_word' id='word_1_420' title='bbox 1698 3346 1861 3418; x_wconf 82' lang='grc' dir='ltr'>ἡμῶν</span> 
     </span>
    </p>
   </div>
   <div class='ocr_carea' id='block_1_62' title="bbox 268 3432 1868 3507">
    <p class='ocr_par' dir='ltr' id='par_1_62' title="bbox 268 3432 1868 3507">
     <span class='ocr_line' id='line_1_62' title="bbox 268 3432 1868 3507; baseline 0.003 -21"><span class='ocrx_word' id='word_1_421' title='bbox 268 3433 413 3486; x_wconf 85' lang='grc' dir='ltr'>κατὰ</span> <span class='ocrx_word' id='word_1_422' title='bbox 433 3432 532 3502; x_wconf 86' lang='grc' dir='ltr'>τῆς</span> <span class='ocrx_word' id='word_1_423' title='bbox 558 3432 925 3504; x_wconf 70' lang='grc' dir='ltr'>ἀποσωλικῆς</span> <span class='ocrx_word' id='word_1_424' title='bbox 944 3434 1287 3506; x_wconf 85' lang='grc' dir='ltr'>καττυόμενα</span> <span class='ocrx_word' id='word_1_425' title='bbox 1308 3436 1565 3499; x_wconf 79' lang='grc' dir='ltr'>πίστεως.</span> <span class='ocrx_word' id='word_1_426' title='bbox 1592 3436 1868 3507; x_wconf 82' lang='grc' dir='ltr'><strong>ιΙ¹ὐχαγιι›-</strong></span> 
     </span>
    </p>
   </div>
   <div class='ocr_carea' id='block_1_63' title="bbox 268 3523 1865 3599">
    <p class='ocr_par' dir='ltr' id='par_1_63' title="bbox 268 3523 1865 3599">
     <span class='ocr_line' id='line_1_63' title="bbox 268 3523 1865 3599; baseline 0.004 -23"><span class='ocrx_word' id='word_1_427' title='bbox 268 3525 362 3593; x_wconf 75' lang='grc' dir='ltr'><strong>γεί</strong></span> <span class='ocrx_word' id='word_1_428' title='bbox 389 3523 447 3579; x_wconf 68' lang='grc' dir='ltr'>δὶ</span> <span class='ocrx_word' id='word_1_429' title='bbox 487 3525 635 3596; x_wconf 76' lang='grc' dir='ltr'>ἡμᾶς</span> <span class='ocrx_word' id='word_1_430' title='bbox 676 3525 746 3579; x_wconf 82' lang='grc' dir='ltr'>τὰ</span> <span class='ocrx_word' id='word_1_431' title='bbox 772 3572 775 3575; x_wconf 96' lang='grc'><strong>.</strong></span> <span class='ocrx_word' id='word_1_432' title='bbox 798 3524 910 3580; x_wconf 84' lang='grc' dir='ltr'><strong>τῶν</strong></span> <span class='ocrx_word' id='word_1_433' title='bbox 947 3527 1119 3596; x_wconf 84' lang='grc' dir='ltr'>ἁγίων</span> <span class='ocrx_word' id='word_1_434' title='bbox 1166 3527 1493 3598; x_wconf 84' lang='grc' dir='ltr'>παθήματα,</span> <span class='ocrx_word' id='word_1_435' title='bbox 1543 3529 1865 3599; x_wconf 76' lang='grc' dir='ltr'>προφητῶν,</span> 
     </span>
    </p>
   </div>
   <div class='ocr_carea' id='block_1_64' title="bbox 268 3615 1865 3691">
    <p class='ocr_par' dir='ltr' id='par_1_64' title="bbox 268 3615 1865 3691">
     <span class='ocr_line' id='line_1_64' title="bbox 268 3615 1865 3691; baseline 0.002 -22"><span class='ocrx_word' id='word_1_436' title='bbox 268 3616 606 3682; x_wconf 82' lang='grc' dir='ltr'>ἀποστόλων,</span> <span class='ocrx_word' id='word_1_437' title='bbox 639 3615 957 3688; x_wconf 89' lang='grc' dir='ltr'>μαρτύρων,</span> <span class='ocrx_word' id='word_1_438' title='bbox 989 3618 1086 3670; x_wconf 74' lang='grc' dir='ltr'>καὶ</span> <span class='ocrx_word' id='word_1_439' title='bbox 1112 3618 1224 3671; x_wconf 88' lang='grc' dir='ltr'><strong>τῶν</strong></span> <span class='ocrx_word' id='word_1_440' title='bbox 1253 3618 1313 3672; x_wconf 80' lang='grc' dir='ltr'>ὲν</span> <span class='ocrx_word' id='word_1_441' title='bbox 1342 3622 1467 3683; x_wconf 85' lang='grc' dir='ltr'>ταῖς</span> <span class='ocrx_word' id='word_1_442' title='bbox 1512 3619 1865 3691; x_wconf 86' lang='grc' dir='ltr'>Ἐκκλησίαις</span> 
     </span>
    </p>
   </div>
   <div class='ocr_carea' id='block_1_65' title="bbox 1971 3615 3574 3691">
    <p class='ocr_par' dir='ltr' id='par_1_65' title="bbox 1971 3618 3574 3690">
     <span class='ocr_line' id='line_1_65' title="bbox 1971 3618 3574 3690; baseline 0.002 -18"><span class='ocrx_word' id='word_1_443' title='bbox 1971 3618 2391 3689; x_wconf 89' lang='lat' dir='ltr'><strong>prophetarum,</strong></span> <span class='ocrx_word' id='word_1_444' title='bbox 2440 3618 2841 3689; x_wconf 87' lang='lat' dir='ltr'><strong>apostolorum,</strong></span> <span class='ocrx_word' id='word_1_445' title='bbox 2888 3628 3217 3690; x_wconf 81' lang='lat' dir='ltr'><strong>martyrum,</strong></span> <span class='ocrx_word' id='word_1_446' title='bbox 3264 3634 3574 3689; x_wconf 87' lang='lat' dir='ltr'><strong>eorumque</strong></span> 
     </span>
    </p>
   </div>
   <div class='ocr_carea' id='block_1_66' title="bbox 269 3707 1869 3781">
    <p class='ocr_par' dir='ltr' id='par_1_66' title="bbox 269 3707 1869 3781">
     <span class='ocr_line' id='line_1_66' title="bbox 269 3707 1869 3781; baseline 0.003 -21"><span class='ocrx_word' id='word_1_447' title='bbox 269 3707 688 3778; x_wconf 79' lang='grc' dir='ltr'>διαπρεψάντων</span> <span class='ocrx_word' id='word_1_448' title='bbox 721 3710 781 3773; x_wconf 76' lang='grc' dir='ltr'>ὲν</span> <span class='ocrx_word' id='word_1_449' title='bbox 804 3707 884 3779; x_wconf 81' lang='grc' dir='ltr'>τῷ</span> <span class='ocrx_word' id='word_1_450' title='bbox 907 3709 1055 3779; x_wconf 84' lang='grc' dir='ltr'>λόγῳ</span> <span class='ocrx_word' id='word_1_451' title='bbox 1094 3709 1195 3777; x_wconf 86' lang='grc' dir='ltr'>τῆς</span> <span class='ocrx_word' id='word_1_452' title='bbox 1218 3709 1441 3781; x_wconf 82' lang='grc' dir='ltr'>χάριτος</span> <span class='ocrx_word' id='word_1_453' title='bbox 1459 3726 1472 3740; x_wconf 85' lang='grc'>·</span> <span class='ocrx_word' id='word_1_454' title='bbox 1500 3710 1638 3781; x_wconf 78' lang='grc' dir='ltr'>πρὸς</span> <span class='ocrx_word' id='word_1_455' title='bbox 1659 3710 1715 3764; x_wconf 80' lang='grc' dir='ltr'>δὲ</span> <span class='ocrx_word' id='word_1_456' title='bbox 1746 3712 1869 3765; x_wconf 91' lang='grc' dir='ltr'>τού-</span> 
     </span>
    </p>
   </div>
   <div class='ocr_carea' id='block_1_67' title="bbox 270 3796 1867 3871">
    <p class='ocr_par' dir='ltr' id='par_1_67' title="bbox 270 3796 1867 3871">
     <span class='ocr_line' id='line_1_67' title="bbox 270 3796 1867 3871; baseline 0.003 -21"><span class='ocrx_word' id='word_1_457' title='bbox 270 3813 387 3860; x_wconf 87' lang='grc' dir='ltr'>τοις</span> <span class='ocrx_word' id='word_1_458' title='bbox 420 3798 514 3852; x_wconf 75' lang='grc' dir='ltr'>καὶ</span> <span class='ocrx_word' id='word_1_459' title='bbox 536 3798 593 3850; x_wconf 88' lang='grc' dir='ltr'><strong>αί</strong></span> <span class='ocrx_word' id='word_1_460' title='bbox 614 3796 707 3851; x_wconf 87' lang='grc' dir='ltr'><strong>τοῦ</strong></span> <span class='ocrx_word' id='word_1_461' title='bbox 732 3796 872 3853; x_wconf 83' lang='grc' dir='ltr'>Θεοῦ</span> <span class='ocrx_word' id='word_1_462' title='bbox 908 3798 1003 3867; x_wconf 68' lang='grc' dir='ltr'>καὶ</span> <span class='ocrx_word' id='word_1_463' title='bbox 1028 3798 1283 3870; x_wconf 79' lang='grc' dir='ltr'>Σωτῆρος</span> <span class='ocrx_word' id='word_1_464' title='bbox 1317 3799 1478 3871; x_wconf 78' lang='grc' dir='ltr'>ἡμῶν</span> <span class='ocrx_word' id='word_1_465' title='bbox 1517 3800 1867 3869; x_wconf 72' lang='grc' dir='ltr'>ἐπαγγελίαι.</span> 
     </span>
    </p>
   </div>
   <div class='ocr_carea' id='block_1_68' title="bbox 271 3885 1871 3960">
    <p class='ocr_par' dir='ltr' id='par_1_68' title="bbox 271 3885 1871 3960">
     <span class='ocr_line' id='line_1_68' title="bbox 271 3885 1871 3960; baseline 0.003 -22"><span class='ocrx_word' id='word_1_466' title='bbox 271 3885 442 3941; x_wconf 74' lang='grc' dir='ltr'>Οὐδὲν</span> <span class='ocrx_word' id='word_1_467' title='bbox 479 3886 589 3957; x_wconf 89' lang='grc' dir='ltr'><strong>γάρ</strong></span> <span class='ocrx_word' id='word_1_468' title='bbox 631 3887 766 3958; x_wconf 79' lang='grc' dir='ltr'>ἡμῖν</span> <span class='ocrx_word' id='word_1_469' title='bbox 810 3887 869 3940; x_wconf 76' lang='lat' dir='ltr'><strong>tv</strong></span> <span class='ocrx_word' id='word_1_470' title='bbox 911 3886 988 3957; x_wconf 86' lang='grc' dir='ltr'>τῷ</span> <span class='ocrx_word' id='word_1_471' title='bbox 1026 3887 1257 3958; x_wconf 82' lang='grc' dir='ltr'>παρόντι</span> <span class='ocrx_word' id='word_1_472' title='bbox 1301 3886 1404 3958; x_wconf 83' lang='grc' dir='ltr'><strong>βίῳ</strong></span> <span class='ocrx_word' id='word_1_473' title='bbox 1446 3889 1701 3960; x_wconf 84' lang='grc' dir='ltr'>τερπνὸν,</span> <span class='ocrx_word' id='word_1_474' title='bbox 1747 3889 1871 3943; x_wconf 73' lang='grc' dir='ltr'>οὐδὲ</span> 
     </span>
    </p>
   </div>
   <div class='ocr_carea' id='block_1_69' title="bbox 270 3970 1872 4049">
    <p class='ocr_par' dir='ltr' id='par_1_69' title="bbox 270 3970 1872 4049">
     <span class='ocr_line' id='line_1_69' title="bbox 270 3970 1872 4049; baseline 0.001 -16"><span class='ocrx_word' id='word_1_475' title='bbox 270 3970 516 4049; x_wconf 67' lang='grc' dir='ltr'>θυαῖιρες</span> <span class='ocrx_word' id='word_1_476' title='bbox 560 3978 854 4049; x_wconf 77' lang='grc' dir='ltr'>ὑπέσχετο,</span> <span class='ocrx_word' id='word_1_477' title='bbox 904 3978 1045 4032; x_wconf 84' lang='grc' dir='ltr'><strong>ἀλλά</strong></span> <span class='ocrx_word' id='word_1_478' title='bbox 1087 3978 1299 4048; x_wconf 81' lang='grc' dir='ltr'>θλίψεις</span> <span class='ocrx_word' id='word_1_479' title='bbox 1357 3981 1455 4032; x_wconf 77' lang='grc' dir='ltr'>καὶ</span> <span class='ocrx_word' id='word_1_480' title='bbox 1505 3980 1725 4044; x_wconf 86' lang='grc' dir='ltr'>πόνους,</span> <span class='ocrx_word' id='word_1_481' title='bbox 1775 3982 1872 4035; x_wconf 75' lang='grc' dir='ltr'>καὶ</span> 
     </span>
    </p>
   </div>
   <div class='ocr_carea' id='block_1_70' title="bbox 270 4067 1871 4142">
    <p class='ocr_par' dir='ltr' id='par_1_70' title="bbox 270 4067 1871 4142">
     <span class='ocr_line' id='line_1_70' title="bbox 270 4067 1871 4142; baseline 0.001 -19"><span class='ocrx_word' id='word_1_482' title='bbox 270 4072 592 4135; x_wconf 81' lang='grc' dir='ltr'>κινδυνους,</span> <span class='ocrx_word' id='word_1_483' title='bbox 643 4069 740 4123; x_wconf 83' lang='grc' dir='ltr'>καὶ</span> <span class='ocrx_word' id='word_1_484' title='bbox 788 4068 1066 4139; x_wconf 87' lang='grc' dir='ltr'>πολεμίων</span> <span class='ocrx_word' id='word_1_485' title='bbox 1119 4067 1538 4133; x_wconf 68' lang='grc' dir='ltr'>ἐπαναστάσεις.</span> <span class='ocrx_word' id='word_1_486' title='bbox 1601 4074 1622 4123; x_wconf 77' lang='lat' dir='ltr'><strong>&#39;t</strong></span> <span class='ocrx_word' id='word_1_487' title='bbox 1663 4070 1753 4124; x_wconf 82' lang='lat' dir='ltr'><strong>’Ev</strong></span> <span class='ocrx_word' id='word_1_488' title='bbox 1792 4070 1871 4142; x_wconf 84' lang='grc' dir='ltr'><strong>τῷ</strong></span> 
     </span>
    </p>
   </div>
   <div class='ocr_carea' id='block_1_71' title="bbox 272 4158 1873 4232">
    <p class='ocr_par' dir='ltr' id='par_1_71' title="bbox 272 4158 1873 4232">
     <span class='ocr_line' id='line_1_71' title="bbox 272 4158 1873 4232; baseline 0.001 -18"><span class='ocrx_word' id='word_1_489' title='bbox 272 4162 465 4231; x_wconf 81' lang='grc' dir='ltr'>κόσμῳ</span> <span class='ocrx_word' id='word_1_490' title='bbox 494 4159 623 4231; x_wconf 87' lang='grc' dir='ltr'>γὰρ,</span> <span class='ocrx_word' id='word_1_491' title='bbox 660 4158 816 4230; x_wconf 79' lang='grc' dir='ltr'>φησὶ,</span> <span class='ocrx_word' id='word_1_492' title='bbox 862 4158 1043 4230; x_wconf 75' lang='grc' dir='ltr'>θλίψιν</span> <span class='ocrx_word' id='word_1_493' title='bbox 1072 4159 1245 4229; x_wconf 73' lang='grc' dir='ltr'>ἔχετε.</span> <span class='ocrx_word' id='word_1_494' title='bbox 1280 4178 1298 4211; x_wconf 75' lang='grc' dir='ltr'><strong>ι</strong></span> <span class='ocrx_word' id='word_1_495' title='bbox 1356 4160 1466 4214; x_wconf 87' lang='grc' dir='ltr'>Καί</span> <span class='ocrx_word' id='word_1_496' title='bbox 1510 4176 1522 4189; x_wconf 89' lang='grc'><strong>·</strong></span> <span class='ocrx_word' id='word_1_497' title='bbox 1591 4177 1610 4212; x_wconf 83' lang='grc' dir='ltr'><strong>ι</strong></span> <span class='ocrx_word' id='word_1_498' title='bbox 1664 4161 1729 4215; x_wconf 88' lang='grc' dir='ltr'>Εί</span> <span class='ocrx_word' id='word_1_499' title='bbox 1770 4162 1873 4232; x_wconf 74' lang='grc' dir='ltr'><strong>ἐμὲ</strong></span> 
     </span>
    </p>
   </div>
   <div class='ocr_carea' id='block_1_72' title="bbox 274 4250 1873 4323">
    <p class='ocr_par' dir='ltr' id='par_1_72' title="bbox 274 4250 1873 4323">
     <span class='ocr_line' id='line_1_72' title="bbox 274 4250 1873 4323; baseline -0.001 -16"><span class='ocrx_word' id='word_1_500' title='bbox 274 4253 525 4317; x_wconf 68' lang='grc' dir='ltr'>ἐδίωξαν,</span> <span class='ocrx_word' id='word_1_501' title='bbox 560 4250 657 4305; x_wconf 75' lang='grc' dir='ltr'>καὶ</span> <span class='ocrx_word' id='word_1_502' title='bbox 689 4252 835 4323; x_wconf 75' lang='grc' dir='ltr'>ὑμᾶς</span> <span class='ocrx_word' id='word_1_503' title='bbox 879 4251 1158 4318; x_wconf 65' lang='grc' dir='ltr'>διώξουσι.</span> <span class='ocrx_word' id='word_1_504' title='bbox 1199 4270 1218 4303; x_wconf 71' lang='grc' dir='ltr'><strong>ι</strong></span> <span class='ocrx_word' id='word_1_505' title='bbox 1268 4250 1410 4306; x_wconf 80' lang='grc' dir='ltr'>Καί·</span> <span class='ocrx_word' id='word_1_506' title='bbox 1464 4270 1482 4304; x_wconf 84' lang='grc' dir='ltr'><strong>ι</strong></span> <span class='ocrx_word' id='word_1_507' title='bbox 1514 4253 1577 4306; x_wconf 82' lang='grc' dir='ltr'>Εί</span> <span class='ocrx_word' id='word_1_508' title='bbox 1607 4252 1698 4306; x_wconf 80' lang='grc' dir='ltr'>τὸν</span> <span class='ocrx_word' id='word_1_509' title='bbox 1726 4254 1873 4306; x_wconf 89' lang='grc' dir='ltr'>οίκο-</span> 
     </span>
    </p>
   </div>
   <div class='ocr_carea' id='block_1_73' title="bbox 273 4338 1874 4418">
    <p class='ocr_par' dir='ltr' id='par_1_73' title="bbox 273 4338 1874 4418">
     <span class='ocr_line' id='line_1_73' title="bbox 273 4338 1874 4418; baseline -0.001 -22"><span class='ocrx_word' id='word_1_510' title='bbox 273 4341 545 4413; x_wconf 78' lang='grc' dir='ltr'>δεσπότην</span> <span class='ocrx_word' id='word_1_511' title='bbox 585 4338 920 4406; x_wconf 70' lang='grc' dir='ltr'>Βεελξεδοὺλ</span> <span class='ocrx_word' id='word_1_512' title='bbox 964 4340 1253 4405; x_wconf 75' lang='grc' dir='ltr'>ἐκάλεσαν,</span> <span class='ocrx_word' id='word_1_513' title='bbox 1302 4340 1457 4412; x_wconf 84' lang='grc' dir='ltr'>πόσῳ</span> <span class='ocrx_word' id='word_1_514' title='bbox 1494 4341 1707 4418; x_wconf 28' lang='grc' dir='ltr'>,μᾶλλον</span> <span class='ocrx_word' id='word_1_515' title='bbox 1745 4342 1874 4404; x_wconf 77' lang='grc' dir='ltr'>τοὺς</span> 
     </span>
    </p>
   </div>
   <div class='ocr_carea' id='block_1_74' title="bbox 273 4430 1875 4508">
    <p class='ocr_par' dir='ltr' id='par_1_74' title="bbox 273 4430 1875 4508">
     <span class='ocr_line' id='line_1_74' title="bbox 273 4430 1875 4508; baseline 0.001 -21"><span class='ocrx_word' id='word_1_516' title='bbox 273 4433 586 4502; x_wconf 78' lang='grc' dir='ltr'>οίκειακοὺς</span> <span class='ocrx_word' id='word_1_517' title='bbox 615 4430 816 4497; x_wconf 75' lang='grc' dir='ltr'>αὐτοῦς</span> <span class='ocrx_word' id='word_1_518' title='bbox 865 4449 885 4483; x_wconf 73' lang='grc' dir='ltr'><strong>ι</strong></span> <span class='ocrx_word' id='word_1_519' title='bbox 923 4432 1036 4486; x_wconf 84' lang='grc' dir='ltr'><strong>Καί</strong></span> <span class='ocrx_word' id='word_1_520' title='bbox 1061 4448 1079 4464; x_wconf 79' lang='grc' dir='ltr'><strong><em>ο</em></strong></span> <span class='ocrx_word' id='word_1_521' title='bbox 1115 4450 1135 4484; x_wconf 84' lang='grc' dir='ltr'><strong>ι</strong></span> <span class='ocrx_word' id='word_1_522' title='bbox 1171 4433 1433 4505; x_wconf 87' lang='grc' dir='ltr'>Ἔρχεται</span> <span class='ocrx_word' id='word_1_523' title='bbox 1468 4433 1611 4508; x_wconf 77' lang='grc' dir='ltr'>ὥρα,</span> <span class='ocrx_word' id='word_1_524' title='bbox 1651 4436 1738 4489; x_wconf 80' lang='grc' dir='ltr'><strong>ἴνα</strong></span> <span class='ocrx_word' id='word_1_525' title='bbox 1765 4436 1875 4500; x_wconf 75' lang='grc' dir='ltr'>πᾶς</span> 
     </span>
    </p>
   </div>
   <div class='ocr_carea' id='block_1_75' title="bbox 2244 3228 3307 3303">
    <p class='ocr_par' dir='ltr' id='par_1_75' title="bbox 2244 3228 3307 3303">
     <span class='ocr_line' id='line_1_75' title="bbox 2244 3228 3307 3303; baseline 0.001 -19"><span class='ocrx_word' id='word_1_526' title='bbox 2244 3228 2385 3284; x_wconf 80' lang='lat' dir='ltr'><strong>CIX.</strong></span> <span class='ocrx_word' id='word_1_527' title='bbox 2419 3258 2492 3269; x_wconf 88' lang='lat'><strong>—-</strong></span> <span class='ocrx_word' id='word_1_528' title='bbox 2521 3228 2751 3283; x_wconf 76' lang='lat' dir='ltr'><strong>Eusebio</strong></span> <span class='ocrx_word' id='word_1_529' title='bbox 2781 3231 3023 3303; x_wconf 76' lang='lat' dir='ltr'><strong>episcopo</strong></span> <span class='ocrx_word' id='word_1_530' title='bbox 3052 3229 3307 3301; x_wconf 59' lang='lat' dir='ltr'><strong>Ancyra,</strong></span> 
     </span>
    </p>
   </div>
   <div class='ocr_carea' id='block_1_76' title="bbox 2040 3344 3573 3418">
    <p class='ocr_par' dir='ltr' id='par_1_76' title="bbox 2040 3344 3573 3418">
     <span class='ocr_line' id='line_1_76' title="bbox 2040 3344 3573 3418; baseline 0 -17"><span class='ocrx_word' id='word_1_531' title='bbox 2040 3346 2210 3401; x_wconf 76' lang='lat' dir='ltr'><strong>Multa</strong></span> <span class='ocrx_word' id='word_1_532' title='bbox 2240 3344 2465 3416; x_wconf 86' lang='lat' dir='ltr'><strong>quidem</strong></span> <span class='ocrx_word' id='word_1_533' title='bbox 2508 3351 2639 3399; x_wconf 86' lang='lat' dir='ltr'><strong>sunt</strong></span> <span class='ocrx_word' id='word_1_534' title='bbox 2672 3359 2802 3414; x_wconf 80' lang='lat' dir='ltr'><strong>quae</strong></span> <span class='ocrx_word' id='word_1_535' title='bbox 2832 3354 3025 3400; x_wconf 90' lang='lat' dir='ltr'><strong>contra</strong></span> <span class='ocrx_word' id='word_1_536' title='bbox 3060 3360 3161 3400; x_wconf 90' lang='lat' dir='ltr'><strong>nos</strong></span> <span class='ocrx_word' id='word_1_537' title='bbox 3192 3345 3412 3402; x_wconf 90' lang='lat' dir='ltr'><strong>occulte</strong></span> <span class='ocrx_word' id='word_1_538' title='bbox 3451 3345 3573 3418; x_wconf 82' lang='lat' dir='ltr'><strong>agi-</strong></span> 
     </span>
    </p>
   </div>
   <div class='ocr_carea' id='block_1_77' title="bbox 1969 3434 3572 3506">
    <p class='ocr_par' dir='ltr' id='par_1_77' title="bbox 1969 3434 3572 3506">
     <span class='ocr_line' id='line_1_77' title="bbox 1969 3434 3572 3506; baseline 0 -14"><span class='ocrx_word' id='word_1_539' title='bbox 1969 3445 2193 3503; x_wconf 88' lang='lat' dir='ltr'><strong>tantur,</strong></span> <span class='ocrx_word' id='word_1_540' title='bbox 2254 3445 2313 3492; x_wconf 87' lang='lat' dir='ltr'><strong>et</strong></span> <span class='ocrx_word' id='word_1_541' title='bbox 2368 3450 2471 3506; x_wconf 89' lang='lat' dir='ltr'><strong>per</strong></span> <span class='ocrx_word' id='word_1_542' title='bbox 2517 3450 2621 3490; x_wconf 88' lang='lat' dir='ltr'><strong>nos</strong></span> <span class='ocrx_word' id='word_1_543' title='bbox 2678 3435 2948 3490; x_wconf 87' lang='lat' dir='ltr'><strong>adversus</strong></span> <span class='ocrx_word' id='word_1_544' title='bbox 3001 3434 3165 3490; x_wconf 80' lang='lat' dir='ltr'><strong>fidem</strong></span> <span class='ocrx_word' id='word_1_545' title='bbox 3212 3437 3572 3506; x_wconf 85' lang='lat' dir='ltr'><strong>apostolicam</strong></span> 
     </span>
    </p>
   </div>
   <div class='ocr_carea' id='block_1_78' title="bbox 1969 3524 3571 3591">
    <p class='ocr_par' dir='ltr' id='par_1_78' title="bbox 1969 3524 3571 3591">
     <span class='ocr_line' id='line_1_78' title="bbox 1969 3524 3571 3591; baseline 0.002 -12"><span class='ocrx_word' id='word_1_546' title='bbox 1969 3533 2285 3580; x_wconf 82' lang='lat' dir='ltr'><strong>struuntur.</strong></span> <span class='ocrx_word' id='word_1_547' title='bbox 2322 3524 2431 3580; x_wconf 90' lang='lat' dir='ltr'><strong>Sed</strong></span> <span class='ocrx_word' id='word_1_548' title='bbox 2477 3534 2737 3580; x_wconf 89' lang='lat' dir='ltr'><strong>recreant</strong></span> <span class='ocrx_word' id='word_1_549' title='bbox 2779 3538 2884 3579; x_wconf 88' lang='lat' dir='ltr'><strong>nos</strong></span> <span class='ocrx_word' id='word_1_550' title='bbox 2925 3535 3246 3579; x_wconf 86' lang='lat' dir='ltr'><strong>sanctorum</strong></span> <span class='ocrx_word' id='word_1_551' title='bbox 3287 3540 3571 3591; x_wconf 79' lang='lat' dir='ltr'><strong>aerumnae,</strong></span> 
     </span>
    </p>
   </div>
   <div class='ocr_carea' id='block_1_79' title="bbox 1970 3706 3572 3779">
    <p class='ocr_par' dir='ltr' id='par_1_79' title="bbox 1970 3706 3572 3779">
     <span class='ocr_line' id='line_1_79' title="bbox 1970 3706 3572 3779; baseline 0.003 -18"><span class='ocrx_word' id='word_1_552' title='bbox 1970 3706 2065 3776; x_wconf 90' lang='lat' dir='ltr'><strong>qui</strong></span> <span class='ocrx_word' id='word_1_553' title='bbox 2115 3707 2173 3761; x_wconf 90' lang='lat' dir='ltr'><strong>in</strong></span> <span class='ocrx_word' id='word_1_554' title='bbox 2220 3706 2487 3761; x_wconf 87' lang='lat' dir='ltr'><strong>Ecclesiis</strong></span> <span class='ocrx_word' id='word_1_555' title='bbox 2531 3707 2588 3761; x_wconf 89' lang='lat' dir='ltr'><strong>in</strong></span> <span class='ocrx_word' id='word_1_556' title='bbox 2631 3707 2883 3762; x_wconf 87' lang='lat' dir='ltr'><strong>doctrina</strong></span> <span class='ocrx_word' id='word_1_557' title='bbox 2927 3708 3118 3779; x_wconf 68' lang='lat' dir='ltr'><strong>gratiae</strong></span> <span class='ocrx_word' id='word_1_558' title='bbox 3157 3709 3402 3765; x_wconf 83' lang='lat' dir='ltr'><strong>illustres</strong></span> <span class='ocrx_word' id='word_1_559' title='bbox 3448 3709 3572 3766; x_wconf 77' lang='lat' dir='ltr'><strong>fue-</strong></span> 
     </span>
    </p>
   </div>
   <div class='ocr_carea' id='block_1_80' title="bbox 1971 3796 3574 3870">
    <p class='ocr_par' dir='ltr' id='par_1_80' title="bbox 1971 3796 3574 3870">
     <span class='ocr_line' id='line_1_80' title="bbox 1971 3796 3574 3870; baseline 0.004 -19"><span class='ocrx_word' id='word_1_560' title='bbox 1971 3805 2126 3851; x_wconf 88' lang='lat' dir='ltr'><strong>runt.</strong></span> <span class='ocrx_word' id='word_1_561' title='bbox 2173 3796 2410 3866; x_wconf 87' lang='lat' dir='ltr'><strong>Insuper</strong></span> <span class='ocrx_word' id='word_1_562' title='bbox 2455 3804 2642 3852; x_wconf 87' lang='lat' dir='ltr'><strong>autem</strong></span> <span class='ocrx_word' id='word_1_563' title='bbox 2688 3802 2745 3851; x_wconf 91' lang='lat' dir='ltr'><strong>et</strong></span> <span class='ocrx_word' id='word_1_564' title='bbox 2785 3796 2886 3851; x_wconf 89' lang='lat' dir='ltr'><strong>Dei</strong></span> <span class='ocrx_word' id='word_1_565' title='bbox 2938 3796 3352 3870; x_wconf 86' lang='lat' dir='ltr'><strong>Salvatorisqne</strong></span> <span class='ocrx_word' id='word_1_566' title='bbox 3396 3802 3574 3857; x_wconf 82' lang='lat' dir='ltr'><strong>nostri</strong></span> 
     </span>
    </p>
   </div>
   <div class='ocr_carea' id='block_1_81' title="bbox 1954 3881 3575 3961">
    <p class='ocr_par' dir='ltr' id='par_1_81' title="bbox 1954 3881 3575 3961">
     <span class='ocr_line' id='line_1_81' title="bbox 1954 3881 3575 3961; baseline 0.001 -15"><span class='ocrx_word' id='word_1_567' title='bbox 1954 3890 2430 3961; x_wconf 80' lang='lat' dir='ltr'><strong>pollicitationes.</strong></span> <span class='ocrx_word' id='word_1_568' title='bbox 2474 3889 2627 3945; x_wconf 88' lang='lat' dir='ltr'><strong>Nihil</strong></span> <span class='ocrx_word' id='word_1_569' title='bbox 2667 3888 2815 3944; x_wconf 91' lang='lat' dir='ltr'><strong>enim</strong></span> <span class='ocrx_word' id='word_1_570' title='bbox 2862 3889 3028 3946; x_wconf 85' lang='lat' dir='ltr'><strong>nobis</strong></span> <span class='ocrx_word' id='word_1_571' title='bbox 3070 3891 3126 3945; x_wconf 91' lang='lat' dir='ltr'><strong>in</strong></span> <span class='ocrx_word' id='word_1_572' title='bbox 3165 3881 3426 3961; x_wconf 69' lang='lat' dir='ltr'><strong>praesenti</strong></span> <span class='ocrx_word' id='word_1_573' title='bbox 3460 3892 3575 3947; x_wconf 85' lang='lat' dir='ltr'><strong>vita</strong></span> 
     </span>
    </p>
   </div>
   <div class='ocr_carea' id='block_1_82' title="bbox 1968 3980 3571 4054">
    <p class='ocr_par' dir='ltr' id='par_1_82' title="bbox 1968 3980 3571 4054">
     <span class='ocr_line' id='line_1_82' title="bbox 1968 3980 3571 4054; baseline 0 -17"><span class='ocrx_word' id='word_1_574' title='bbox 1968 3982 2299 4054; x_wconf 88' lang='lat' dir='ltr'><strong>jucundum,</strong></span> <span class='ocrx_word' id='word_1_575' title='bbox 2326 3980 2468 4036; x_wconf 88' lang='lat' dir='ltr'><strong>nihil</strong></span> <span class='ocrx_word' id='word_1_576' title='bbox 2498 3995 2669 4037; x_wconf 87' lang='lat' dir='ltr'><strong>suave</strong></span> <span class='ocrx_word' id='word_1_577' title='bbox 2700 3980 2958 4051; x_wconf 89' lang='lat' dir='ltr'><strong>promisit</strong></span> <span class='ocrx_word' id='word_1_578' title='bbox 2986 3997 3000 4033; x_wconf 92' lang='lat'><strong>:</strong></span> <span class='ocrx_word' id='word_1_579' title='bbox 3027 3980 3124 4036; x_wconf 87' lang='lat' dir='ltr'><strong>sed</strong></span> <span class='ocrx_word' id='word_1_580' title='bbox 3162 3981 3571 4049; x_wconf 86' lang='lat' dir='ltr'><strong>tribulationes,</strong></span> 
     </span>
    </p>
   </div>
   <div class='ocr_carea' id='block_1_83' title="bbox 1972 4072 3573 4144">
    <p class='ocr_par' dir='ltr' id='par_1_83' title="bbox 1972 4072 3573 4144">
     <span class='ocr_line' id='line_1_83' title="bbox 1972 4072 3573 4144; baseline 0 -14"><span class='ocrx_word' id='word_1_581' title='bbox 1972 4082 2030 4131; x_wconf 91' lang='lat' dir='ltr'><strong>et</strong></span> <span class='ocrx_word' id='word_1_582' title='bbox 2062 4078 2079 4095; x_wconf 87' lang='lat'><strong>&#39;</strong></span> <span class='ocrx_word' id='word_1_583' title='bbox 2115 4074 2368 4141; x_wconf 89' lang='lat' dir='ltr'><strong>labores,</strong></span> <span class='ocrx_word' id='word_1_584' title='bbox 2410 4082 2468 4131; x_wconf 87' lang='lat' dir='ltr'><strong>et</strong></span> <span class='ocrx_word' id='word_1_585' title='bbox 2514 4073 2794 4144; x_wconf 89' lang='lat' dir='ltr'><strong>pericula,</strong></span> <span class='ocrx_word' id='word_1_586' title='bbox 2824 4083 2882 4141; x_wconf 84' lang='lat' dir='ltr'><strong>et</strong></span> <span class='ocrx_word' id='word_1_587' title='bbox 2914 4072 3158 4129; x_wconf 89' lang='lat' dir='ltr'><strong>hostium</strong></span> <span class='ocrx_word' id='word_1_588' title='bbox 3204 4073 3573 4131; x_wconf 86' lang='lat' dir='ltr'><strong>incursiones.</strong></span> 
     </span>
    </p>
   </div>
   <div class='ocr_carea' id='block_1_84' title="bbox 1982 4166 3572 4237">
    <p class='ocr_par' dir='ltr' id='par_1_84' title="bbox 1982 4166 3572 4237">
     <span class='ocr_line' id='line_1_84' title="bbox 1982 4166 3572 4237; baseline 0.003 -19"><span class='ocrx_word' id='word_1_589' title='bbox 1982 4185 2000 4218; x_wconf 83' lang='grc' dir='ltr'><strong>ι</strong></span> <span class='ocrx_word' id='word_1_590' title='bbox 2033 4166 2094 4221; x_wconf 82' lang='lat' dir='ltr'><strong>in</strong></span> <span class='ocrx_word' id='word_1_591' title='bbox 2129 4166 2339 4222; x_wconf 90' lang='lat' dir='ltr'><strong>mundo</strong></span> <span class='ocrx_word' id='word_1_592' title='bbox 2358 4166 2528 4230; x_wconf 88' lang='lat' dir='ltr'><strong>enim,</strong></span> <span class='ocrx_word' id='word_1_593' title='bbox 2560 4166 2659 4233; x_wconf 89' lang='lat' dir='ltr'><strong>ait,</strong></span> <span class='ocrx_word' id='word_1_594' title='bbox 2680 4181 3004 4237; x_wconf 88' lang='lat' dir='ltr'><strong>pressuram</strong></span> <span class='ocrx_word' id='word_1_595' title='bbox 3036 4166 3372 4223; x_wconf 82' lang='lat' dir='ltr'><strong>habebitis&#39;.</strong></span> <span class='ocrx_word' id='word_1_596' title='bbox 3399 4187 3419 4221; x_wconf 74' lang='grc' dir='ltr'><strong>ι</strong></span> <span class='ocrx_word' id='word_1_597' title='bbox 3460 4168 3531 4223; x_wconf 85' lang='lat' dir='ltr'><strong>Et</strong></span> <span class='ocrx_word' id='word_1_598' title='bbox 3558 4186 3572 4223; x_wconf 89' lang='lat'><strong>:</strong></span> 
     </span>
    </p>
   </div>
   <div class='ocr_carea' id='block_1_85' title="bbox 1983 4259 3569 4330">
    <p class='ocr_par' dir='ltr' id='par_1_85' title="bbox 1983 4259 3569 4330">
     <span class='ocr_line' id='line_1_85' title="bbox 1983 4259 3569 4330; baseline 0.001 -19"><span class='ocrx_word' id='word_1_599' title='bbox 1983 4277 2003 4311; x_wconf 82' lang='grc' dir='ltr'><strong>ι</strong></span> <span class='ocrx_word' id='word_1_600' title='bbox 2046 4259 2105 4315; x_wconf 90' lang='lat' dir='ltr'><strong>Si</strong></span> <span class='ocrx_word' id='word_1_601' title='bbox 2140 4274 2230 4314; x_wconf 90' lang='lat' dir='ltr'><strong>me</strong></span> <span class='ocrx_word' id='word_1_602' title='bbox 2282 4259 2564 4330; x_wconf 85' lang='lat' dir='ltr'><strong>persecuti</strong></span> <span class='ocrx_word' id='word_1_603' title='bbox 2608 4266 2761 4323; x_wconf 91' lang='lat' dir='ltr'><strong>sunt,</strong></span> <span class='ocrx_word' id='word_1_604' title='bbox 2790 4266 2849 4313; x_wconf 89' lang='lat' dir='ltr'><strong>et</strong></span> <span class='ocrx_word' id='word_1_605' title='bbox 2883 4273 2984 4314; x_wconf 89' lang='lat' dir='ltr'><strong>vos</strong></span> <span class='ocrx_word' id='word_1_606' title='bbox 3030 4268 3437 4329; x_wconf 88' lang='lat' dir='ltr'><strong>persequentur</strong></span> <span class='ocrx_word' id='word_1_607' title='bbox 3466 4260 3509 4315; x_wconf 84' lang='lat'><strong>’.</strong></span> <span class='ocrx_word' id='word_1_608' title='bbox 3550 4278 3569 4311; x_wconf 75' lang='grc' dir='ltr'><strong>ι</strong></span> 
     </span>
    </p>
   </div>
   <div class='ocr_carea' id='block_1_86' title="bbox 1976 4344 3574 4420">
    <p class='ocr_par' dir='ltr' id='par_1_86' title="bbox 1976 4344 3574 4420">
     <span class='ocr_line' id='line_1_86' title="bbox 1976 4344 3574 4420; baseline 0 -14"><span class='ocrx_word' id='word_1_609' title='bbox 1976 4351 2048 4406; x_wconf 82' lang='lat' dir='ltr'><strong>Et</strong></span> <span class='ocrx_word' id='word_1_610' title='bbox 2074 4368 2113 4405; x_wconf 13' lang='lat'><strong>7:</strong></span> <span class='ocrx_word' id='word_1_611' title='bbox 2166 4369 2185 4401; x_wconf 86' lang='grc' dir='ltr'><strong>ι</strong></span> <span class='ocrx_word' id='word_1_612' title='bbox 2238 4344 2297 4405; x_wconf 85' lang='lat' dir='ltr'><strong>Si</strong></span> <span class='ocrx_word' id='word_1_613' title='bbox 2346 4349 2805 4420; x_wconf 83' lang='lat' dir='ltr'><strong>patremfamilias</strong></span> <span class='ocrx_word' id='word_1_614' title='bbox 2854 4349 3148 4406; x_wconf 84' lang='lat' dir='ltr'><strong>Beelzehul</strong></span> <span class='ocrx_word' id='word_1_615' title='bbox 3199 4360 3574 4417; x_wconf 90' lang='lat' dir='ltr'><strong>vocaverunt,</strong></span> 
     </span>
    </p>
   </div>
   <div class='ocr_carea' id='block_1_87' title="bbox 1977 4441 3581 4514">
    <p class='ocr_par' dir='ltr' id='par_1_87' title="bbox 1977 4441 3581 4514">
     <span class='ocr_line' id='line_1_87' title="bbox 1977 4441 3581 4514; baseline 0 -16"><span class='ocrx_word' id='word_1_616' title='bbox 1977 4451 2187 4514; x_wconf 90' lang='lat' dir='ltr'><strong>quanto</strong></span> <span class='ocrx_word' id='word_1_617' title='bbox 2240 4443 2415 4512; x_wconf 86' lang='lat' dir='ltr'><strong>magis</strong></span> <span class='ocrx_word' id='word_1_618' title='bbox 2462 4441 2801 4498; x_wconf 89' lang='lat' dir='ltr'><strong>domesticos</strong></span> <span class='ocrx_word' id='word_1_619' title='bbox 2848 4443 2970 4513; x_wconf 86' lang='lat' dir='ltr'><strong>ejus</strong></span> <span class='ocrx_word' id='word_1_620' title='bbox 3005 4443 3088 4495; x_wconf 72' lang='grc' dir='ltr'><strong>ιοτο</strong></span> <span class='ocrx_word' id='word_1_621' title='bbox 3125 4461 3144 4494; x_wconf 76' lang='grc' dir='ltr'><strong>ι</strong></span> <span class='ocrx_word' id='word_1_622' title='bbox 3197 4443 3314 4498; x_wconf 86' lang='lat' dir='ltr'><strong>Et:</strong></span> <span class='ocrx_word' id='word_1_623' title='bbox 3357 4463 3375 4495; x_wconf 82' lang='grc' dir='ltr'><strong>ι</strong></span> <span class='ocrx_word' id='word_1_624' title='bbox 3411 4443 3581 4501; x_wconf 81' lang='lat' dir='ltr'><strong>Venit-</strong></span> 
     </span>
    </p>
   </div>
   <div class='ocr_carea' id='block_1_88' title="bbox 276 4521 1865 4609">
    <p class='ocr_par' dir='ltr' id='par_1_88' title="bbox 276 4521 1865 4597">
     <span class='ocr_line' id='line_1_88' title="bbox 276 4521 1865 4597; baseline 0.003 -21"><span class='ocrx_word' id='word_1_625' title='bbox 276 4526 306 4576; x_wconf 82' lang='grc' dir='ltr'><strong>ό</strong></span> <span class='ocrx_word' id='word_1_626' title='bbox 348 4522 687 4595; x_wconf 65' lang='grc' dir='ltr'>ἀποκτείνας</span> <span class='ocrx_word' id='word_1_627' title='bbox 723 4523 870 4593; x_wconf 74' lang='grc' dir='ltr'>ὑμᾶς</span> <span class='ocrx_word' id='word_1_628' title='bbox 919 4521 1046 4597; x_wconf 81' lang='grc' dir='ltr'>δόξῃ</span> <span class='ocrx_word' id='word_1_629' title='bbox 1092 4522 1355 4594; x_wconf 82' lang='grc' dir='ltr'>λατρείαν</span> <span class='ocrx_word' id='word_1_630' title='bbox 1407 4526 1740 4597; x_wconf 79' lang='grc' dir='ltr'>προσφέρειν</span> <span class='ocrx_word' id='word_1_631' title='bbox 1793 4525 1865 4596; x_wconf 79' lang='grc' dir='ltr'>τῷ</span> 
     </span>
    </p>
   </div>
   <div class='ocr_carea' id='block_1_89' title="bbox 1971 4521 3576 4609">
    <p class='ocr_par' dir='ltr' id='par_1_89' title="bbox 1977 4531 3576 4603">
     <span class='ocr_line' id='line_1_89' title="bbox 1977 4531 3576 4603; baseline 0.003 -14"><span class='ocrx_word' id='word_1_632' title='bbox 1977 4534 2135 4599; x_wconf 89' lang='lat' dir='ltr'><strong>hora,</strong></span> <span class='ocrx_word' id='word_1_633' title='bbox 2174 4541 2238 4588; x_wconf 91' lang='lat' dir='ltr'><strong>ut</strong></span> <span class='ocrx_word' id='word_1_634' title='bbox 2268 4532 2452 4587; x_wconf 86' lang='lat' dir='ltr'><strong>omnis</strong></span> <span class='ocrx_word' id='word_1_635' title='bbox 2493 4532 2591 4603; x_wconf 91' lang='lat' dir='ltr'><strong>qui</strong></span> <span class='ocrx_word' id='word_1_636' title='bbox 2631 4531 2895 4589; x_wconf 81' lang='lat' dir='ltr'><strong>interficit</strong></span> <span class='ocrx_word' id='word_1_637' title='bbox 2930 4548 3030 4589; x_wconf 87' lang='lat' dir='ltr'><strong>vos</strong></span> <span class='ocrx_word' id='word_1_638' title='bbox 3070 4533 3377 4590; x_wconf 87' lang='lat' dir='ltr'><strong>arbitretur</strong></span> <span class='ocrx_word' id='word_1_639' title='bbox 3409 4534 3576 4593; x_wconf 83' lang='lat' dir='ltr'><strong>obse-</strong></span> 
     </span>
    </p>
   </div>
   <div class='ocr_carea' id='block_1_90' title="bbox 276 4611 1869 4687">
    <p class='ocr_par' dir='ltr' id='par_1_90' title="bbox 276 4611 1869 4687">
     <span class='ocr_line' id='line_1_90' title="bbox 276 4611 1869 4687; baseline 0.001 -19"><span class='ocrx_word' id='word_1_640' title='bbox 276 4611 418 4684; x_wconf 82' lang='grc' dir='ltr'><strong>Θεῷ.</strong></span> <span class='ocrx_word' id='word_1_641' title='bbox 450 4631 470 4665; x_wconf 72' lang='grc' dir='ltr'><strong>ι</strong></span> <span class='ocrx_word' id='word_1_642' title='bbox 505 4613 655 4669; x_wconf 80' lang='grc' dir='ltr'>Καί·</span> <span class='ocrx_word' id='word_1_643' title='bbox 686 4631 705 4665; x_wconf 84' lang='grc' dir='ltr'><strong>ι</strong></span> <span class='ocrx_word' id='word_1_644' title='bbox 739 4613 908 4684; x_wconf 78' lang='grc' dir='ltr'>Στενὴ</span> <span class='ocrx_word' id='word_1_645' title='bbox 933 4615 969 4685; x_wconf 84' lang='grc' dir='ltr'><strong>ή</strong></span> <span class='ocrx_word' id='word_1_646' title='bbox 994 4612 1159 4685; x_wconf 89' lang='grc' dir='ltr'>πύλη,</span> <span class='ocrx_word' id='word_1_647' title='bbox 1194 4615 1290 4668; x_wconf 74' lang='grc' dir='ltr'>καὶ</span> <span class='ocrx_word' id='word_1_648' title='bbox 1316 4615 1654 4687; x_wconf 80' lang='grc' dir='ltr'>τεθλιμμένη</span> <span class='ocrx_word' id='word_1_649' title='bbox 1684 4617 1719 4685; x_wconf 84' lang='grc' dir='ltr'><strong>ἡ</strong></span> <span class='ocrx_word' id='word_1_650' title='bbox 1745 4615 1869 4679; x_wconf 83' lang='grc' dir='ltr'>όδδς</span> 
     </span>
    </p>
   </div>
   <div class='ocr_carea' id='block_1_91' title="bbox 1978 4622 3574 4695">
    <p class='ocr_par' dir='ltr' id='par_1_91' title="bbox 1978 4622 3574 4695">
     <span class='ocr_line' id='line_1_91' title="bbox 1978 4622 3574 4695; baseline 0.001 -17"><span class='ocrx_word' id='word_1_651' title='bbox 1978 4623 2171 4695; x_wconf 85' lang='lat' dir='ltr'><strong>quium</strong></span> <span class='ocrx_word' id='word_1_652' title='bbox 2214 4638 2274 4679; x_wconf 90' lang='lat' dir='ltr'><strong>se</strong></span> <span class='ocrx_word' id='word_1_653' title='bbox 2313 4633 2576 4693; x_wconf 65' lang='lat' dir='ltr'><strong>praestare</strong></span> <span class='ocrx_word' id='word_1_654' title='bbox 2611 4622 2727 4678; x_wconf 89' lang='lat' dir='ltr'><strong>Deo</strong></span> <span class='ocrx_word' id='word_1_655' title='bbox 2755 4623 2821 4678; x_wconf 83' lang='grc'><strong>¹¹.</strong></span> <span class='ocrx_word' id='word_1_656' title='bbox 2854 4642 2871 4673; x_wconf 77' lang='grc' dir='ltr'><strong>ι</strong></span> <span class='ocrx_word' id='word_1_657' title='bbox 2912 4623 3022 4678; x_wconf 88' lang='lat' dir='ltr'><strong>Et:</strong></span> <span class='ocrx_word' id='word_1_658' title='bbox 3061 4643 3080 4675; x_wconf 86' lang='grc' dir='ltr'><strong>ι</strong></span> <span class='ocrx_word' id='word_1_659' title='bbox 3112 4623 3358 4695; x_wconf 79' lang='lat' dir='ltr'><strong>Angusta</strong></span> <span class='ocrx_word' id='word_1_660' title='bbox 3394 4634 3574 4694; x_wconf 81' lang='lat' dir='ltr'><strong>porta,</strong></span> 
     </span>
    </p>
   </div>
   <div class='ocr_carea' id='block_1_92' title="bbox 278 4702 1865 4787">
    <p class='ocr_par' dir='ltr' id='par_1_92' title="bbox 278 4702 1865 4777">
     <span class='ocr_line' id='line_1_92' title="bbox 278 4702 1865 4777; baseline 0.001 -18"><span class='ocrx_word' id='word_1_661' title='bbox 278 4706 315 4777; x_wconf 82' lang='grc' dir='ltr'><strong>ὴ</strong></span> <span class='ocrx_word' id='word_1_662' title='bbox 341 4704 631 4772; x_wconf 85' lang='grc' dir='ltr'>ἀπάγουσα</span> <span class='ocrx_word' id='word_1_663' title='bbox 660 4704 740 4768; x_wconf 74' lang='grc' dir='ltr'><strong>εἰς</strong></span> <span class='ocrx_word' id='word_1_664' title='bbox 764 4703 862 4775; x_wconf 75' lang='grc' dir='ltr'>τὴν</span> <span class='ocrx_word' id='word_1_665' title='bbox 887 4702 1057 4776; x_wconf 76' lang='grc' dir='ltr'>ζωήν.</span> <span class='ocrx_word' id='word_1_666' title='bbox 1096 4723 1115 4757; x_wconf 74' lang='grc' dir='ltr'><strong>ι</strong></span> <span class='ocrx_word' id='word_1_667' title='bbox 1156 4707 1265 4760; x_wconf 77' lang='grc' dir='ltr'>Καί</span> <span class='ocrx_word' id='word_1_668' title='bbox 1289 4721 1302 4736; x_wconf 73' lang='grc'><strong><em>⁸</em></strong></span> <span class='ocrx_word' id='word_1_669' title='bbox 1339 4726 1359 4760; x_wconf 85' lang='grc' dir='ltr'><strong>ι</strong></span> <span class='ocrx_word' id='word_1_670' title='bbox 1393 4708 1563 4762; x_wconf 87' lang='grc' dir='ltr'>Ὅταν</span> <span class='ocrx_word' id='word_1_671' title='bbox 1597 4706 1865 4762; x_wconf 84' lang='grc' dir='ltr'>διώκωσιν</span> 
     </span>
    </p>
   </div>
   <div class='ocr_carea' id='block_1_93' title="bbox 1971 4702 3576 4787">
    <p class='ocr_par' dir='ltr' id='par_1_93' title="bbox 1971 4711 3576 4787">
     <span class='ocr_line' id='line_1_93' title="bbox 1971 4711 3576 4787; baseline 0 -20"><span class='ocrx_word' id='word_1_672' title='bbox 1971 4722 2030 4767; x_wconf 92' lang='lat' dir='ltr'><strong>et</strong></span> <span class='ocrx_word' id='word_1_673' title='bbox 2059 4721 2212 4768; x_wconf 87' lang='lat' dir='ltr'><strong>arcta</strong></span> <span class='ocrx_word' id='word_1_674' title='bbox 2239 4713 2328 4768; x_wconf 88' lang='lat' dir='ltr'><strong>via</strong></span> <span class='ocrx_word' id='word_1_675' title='bbox 2350 4721 2459 4777; x_wconf 88' lang='lat' dir='ltr'><strong>est,</strong></span> <span class='ocrx_word' id='word_1_676' title='bbox 2482 4727 2606 4782; x_wconf 70' lang='lat' dir='ltr'><strong>quae</strong></span> <span class='ocrx_word' id='word_1_677' title='bbox 2629 4711 2784 4767; x_wconf 90' lang='lat' dir='ltr'><strong>ducit</strong></span> <span class='ocrx_word' id='word_1_678' title='bbox 2811 4712 2881 4767; x_wconf 90' lang='lat' dir='ltr'><strong>ad</strong></span> <span class='ocrx_word' id='word_1_679' title='bbox 2912 4713 3082 4768; x_wconf 87' lang='lat' dir='ltr'><strong>vitam</strong></span> <span class='ocrx_word' id='word_1_680' title='bbox 3105 4713 3209 4787; x_wconf 10' lang='lat'><strong>“.7:</strong></span> <span class='ocrx_word' id='word_1_681' title='bbox 3247 4713 3317 4768; x_wconf 84' lang='lat' dir='ltr'><strong>Et</strong></span> <span class='ocrx_word' id='word_1_682' title='bbox 3342 4731 3355 4767; x_wconf 95' lang='lat'>:</span> <span class='ocrx_word' id='word_1_683' title='bbox 3392 4733 3411 4766; x_wconf 87' lang='grc' dir='ltr'><strong>ι</strong></span> <span class='ocrx_word' id='word_1_684' title='bbox 3435 4712 3576 4770; x_wconf 86' lang='lat' dir='ltr'><strong>Cum</strong></span> 
     </span>
    </p>
   </div>
   <div class='ocr_carea' id='block_1_94' title="bbox 280 4794 1868 4871">
    <p class='ocr_par' dir='ltr' id='par_1_94' title="bbox 280 4794 1868 4871">
     <span class='ocr_line' id='line_1_94' title="bbox 280 4794 1868 4871; baseline 0.001 -22"><span class='ocrx_word' id='word_1_685' title='bbox 280 4796 428 4866; x_wconf 73' lang='grc' dir='ltr'>ὑμᾶς</span> <span class='ocrx_word' id='word_1_686' title='bbox 454 4797 514 4849; x_wconf 72' lang='grc' dir='ltr'><strong>εν</strong></span> <span class='ocrx_word' id='word_1_687' title='bbox 542 4798 610 4867; x_wconf 76' lang='grc' dir='ltr'>τῇ</span> <span class='ocrx_word' id='word_1_688' title='bbox 642 4796 793 4850; x_wconf 71' lang='grc' dir='ltr'>πόλει</span> <span class='ocrx_word' id='word_1_689' title='bbox 832 4794 1031 4869; x_wconf 75' lang='grc' dir='ltr'>ταύτῃ,</span> <span class='ocrx_word' id='word_1_690' title='bbox 1068 4796 1302 4868; x_wconf 70' lang='grc' dir='ltr'>φεύγετε</span> <span class='ocrx_word' id='word_1_691' title='bbox 1335 4800 1416 4863; x_wconf 88' lang='grc' dir='ltr'><strong>είς</strong></span> <span class='ocrx_word' id='word_1_692' title='bbox 1444 4799 1545 4869; x_wconf 80' lang='grc' dir='ltr'>τὴν</span> <span class='ocrx_word' id='word_1_693' title='bbox 1596 4799 1814 4871; x_wconf 73' lang='grc' dir='ltr'>ἑτέραν.</span> <span class='ocrx_word' id='word_1_694' title='bbox 1846 4817 1868 4851; x_wconf 70' lang='grc' dir='ltr'><strong>ι</strong></span> 
     </span>
    </p>
   </div>
   <div class='ocr_carea' id='block_1_95' title="bbox 280 4886 1877 4962">
    <p class='ocr_par' dir='ltr' id='par_1_95' title="bbox 280 4886 1877 4962">
     <span class='ocr_line' id='line_1_95' title="bbox 280 4886 1877 4962; baseline 0.001 -20"><span class='ocrx_word' id='word_1_695' title='bbox 280 4887 393 4942; x_wconf 76' lang='grc' dir='ltr'><strong>Καὶ</strong></span> <span class='ocrx_word' id='word_1_696' title='bbox 419 4887 520 4942; x_wconf 75' lang='grc' dir='ltr'>ὅσα</span> <span class='ocrx_word' id='word_1_697' title='bbox 546 4886 758 4951; x_wconf 84' lang='grc' dir='ltr'>τούτοις</span> <span class='ocrx_word' id='word_1_698' title='bbox 792 4888 913 4942; x_wconf 70' lang='grc' dir='ltr'>ιστὶ</span> <span class='ocrx_word' id='word_1_699' title='bbox 950 4890 1331 4960; x_wconf 83' lang='grc' dir='ltr'>παραπλήσια.</span> <span class='ocrx_word' id='word_1_700' title='bbox 1373 4890 1592 4960; x_wconf 75' lang='grc' dir='ltr'>Συνῳδά</span> <span class='ocrx_word' id='word_1_701' title='bbox 1635 4890 1693 4944; x_wconf 88' lang='grc' dir='ltr'><strong>δέ</strong></span> <span class='ocrx_word' id='word_1_702' title='bbox 1739 4907 1877 4962; x_wconf 83' lang='grc' dir='ltr'>φησι</span> 
     </span>
    </p>
   </div>
   <div class='ocr_carea' id='block_1_96' title="bbox 282 4978 1877 5061">
    <p class='ocr_par' dir='ltr' id='par_1_96' title="bbox 282 4978 1877 5061">
     <span class='ocr_line' id='line_1_96' title="bbox 282 4978 1877 5061; baseline 0.003 -28"><span class='ocrx_word' id='word_1_703' title='bbox 282 4978 379 5033; x_wconf 80' lang='grc' dir='ltr'>καὶ</span> <span class='ocrx_word' id='word_1_704' title='bbox 404 4980 434 5032; x_wconf 87' lang='grc' dir='ltr'><strong>ό</strong></span> <span class='ocrx_word' id='word_1_705' title='bbox 463 4978 605 5043; x_wconf 81' lang='grc' dir='ltr'>θεῖος</span> <span class='ocrx_word' id='word_1_706' title='bbox 645 4978 972 5061; x_wconf 73' lang='grc' dir='ltr'>’Δπόστολος</span> <span class='ocrx_word' id='word_1_707' title='bbox 1000 4996 1014 5012; x_wconf 88' lang='grc'><strong>·</strong></span> <span class='ocrx_word' id='word_1_708' title='bbox 1075 4998 1094 5031; x_wconf 84' lang='grc' dir='ltr'><strong>ι</strong></span> <span class='ocrx_word' id='word_1_709' title='bbox 1125 4980 1335 5043; x_wconf 85' lang='grc' dir='ltr'>Πάντες</span> <span class='ocrx_word' id='word_1_710' title='bbox 1372 4982 1423 5034; x_wconf 75' lang='lat' dir='ltr'><strong>ot</strong></span> <span class='ocrx_word' id='word_1_711' title='bbox 1478 4981 1728 5045; x_wconf 88' lang='grc' dir='ltr'>θέλοντες</span> <span class='ocrx_word' id='word_1_712' title='bbox 1776 4981 1877 5053; x_wconf 79' lang='grc' dir='ltr'>ζῇν</span> 
     </span>
    </p>
   </div>
   <div class='ocr_carea' id='block_1_97' title="bbox 282 5069 1876 5143">
    <p class='ocr_par' dir='ltr' id='par_1_97' title="bbox 282 5069 1876 5143">
     <span class='ocr_line' id='line_1_97' title="bbox 282 5069 1876 5143; baseline 0.001 -20"><span class='ocrx_word' id='word_1_713' title='bbox 282 5069 524 5135; x_wconf 79' lang='grc' dir='ltr'>εὐσεϐῶς</span> <span class='ocrx_word' id='word_1_714' title='bbox 564 5070 623 5124; x_wconf 68' lang='grc' dir='ltr'>ιν</span> <span class='ocrx_word' id='word_1_715' title='bbox 666 5069 895 5141; x_wconf 81' lang='grc' dir='ltr'>Χριστῷ</span> <span class='ocrx_word' id='word_1_716' title='bbox 934 5071 1140 5143; x_wconf 83' lang='grc' dir='ltr'>Ἰησοῦ,</span> <span class='ocrx_word' id='word_1_717' title='bbox 1180 5070 1573 5143; x_wconf 87' lang='grc' dir='ltr'>διωχθήσονται</span> <span class='ocrx_word' id='word_1_718' title='bbox 1596 5088 1611 5105; x_wconf 78' lang='grc' dir='ltr'><strong>ο</strong></span> <span class='ocrx_word' id='word_1_719' title='bbox 1646 5072 1876 5142; x_wconf 67' lang='grc' dir='ltr'>πονηροὶ</span> 
     </span>
    </p>
   </div>
   <div class='ocr_carea' id='block_1_98' title="bbox 282 5160 1876 5234">
    <p class='ocr_par' dir='ltr' id='par_1_98' title="bbox 282 5160 1876 5234">
     <span class='ocr_line' id='line_1_98' title="bbox 282 5160 1876 5234; baseline -0.001 -17"><span class='ocrx_word' id='word_1_720' title='bbox 282 5160 345 5217; x_wconf 75' lang='grc' dir='ltr'>δὲ</span> <span class='ocrx_word' id='word_1_721' title='bbox 370 5162 649 5233; x_wconf 73' lang='grc' dir='ltr'>ἄνθρωποι</span> <span class='ocrx_word' id='word_1_722' title='bbox 679 5163 773 5216; x_wconf 77' lang='grc' dir='ltr'>καὶ</span> <span class='ocrx_word' id='word_1_723' title='bbox 796 5162 995 5233; x_wconf 88' lang='grc' dir='ltr'>γόητες</span> <span class='ocrx_word' id='word_1_724' title='bbox 1032 5161 1399 5234; x_wconf 77' lang='grc' dir='ltr'>προκόψουσιν</span> <span class='ocrx_word' id='word_1_725' title='bbox 1445 5163 1542 5216; x_wconf 70' lang='grc' dir='ltr'><strong>ἐπὶ</strong></span> <span class='ocrx_word' id='word_1_726' title='bbox 1581 5162 1641 5215; x_wconf 78' lang='grc' dir='ltr'>τὸ</span> <span class='ocrx_word' id='word_1_727' title='bbox 1671 5162 1876 5233; x_wconf 78' lang='grc' dir='ltr'>χεῖρον,</span> 
     </span>
    </p>
   </div>
   <div class='ocr_carea' id='block_1_99' title="bbox 285 5248 1881 5325">
    <p class='ocr_par' dir='ltr' id='par_1_99' title="bbox 285 5248 1881 5325">
     <span class='ocr_line' id='line_1_99' title="bbox 285 5248 1881 5325; baseline -0.003 -15"><span class='ocrx_word' id='word_1_728' title='bbox 285 5254 602 5319; x_wconf 83' lang='grc' dir='ltr'>πλανῶντες</span> <span class='ocrx_word' id='word_1_729' title='bbox 650 5254 745 5307; x_wconf 75' lang='grc' dir='ltr'>καὶ</span> <span class='ocrx_word' id='word_1_730' title='bbox 775 5251 1140 5322; x_wconf 83' lang='grc' dir='ltr'>πλανώμενοι.</span> <span class='ocrx_word' id='word_1_731' title='bbox 1175 5272 1193 5305; x_wconf 76' lang='grc' dir='ltr'><strong>ι</strong></span> <span class='ocrx_word' id='word_1_732' title='bbox 1232 5251 1417 5307; x_wconf 85' lang='grc' dir='ltr'>Ταῦτα</span> <span class='ocrx_word' id='word_1_733' title='bbox 1480 5252 1580 5323; x_wconf 80' lang='grc' dir='ltr'>μὲν</span> <span class='ocrx_word' id='word_1_734' title='bbox 1613 5248 1707 5308; x_wconf 84' lang='grc' dir='ltr'><strong>οῦν</strong></span> <span class='ocrx_word' id='word_1_735' title='bbox 1744 5255 1881 5325; x_wconf 76' lang='grc' dir='ltr'>ἡμῖν</span> 
     </span>
    </p>
   </div>
   <div class='ocr_carea' id='block_1_100' title="bbox 286 5342 1879 5419">
    <p class='ocr_par' dir='ltr' id='par_1_100' title="bbox 286 5342 1879 5419">
     <span class='ocr_line' id='line_1_100' title="bbox 286 5342 1879 5419; baseline -0.001 -18"><span class='ocrx_word' id='word_1_736' title='bbox 286 5345 621 5419; x_wconf 81' lang='grc' dir='ltr'>παραψυχὴν</span> <span class='ocrx_word' id='word_1_737' title='bbox 672 5347 731 5400; x_wconf 74' lang='grc' dir='ltr'>ὲν</span> <span class='ocrx_word' id='word_1_738' title='bbox 796 5345 927 5418; x_wconf 76' lang='grc' dir='ltr'>τῇδε</span> <span class='ocrx_word' id='word_1_739' title='bbox 980 5348 1046 5416; x_wconf 77' lang='grc' dir='ltr'>τῇ</span> <span class='ocrx_word' id='word_1_740' title='bbox 1084 5342 1224 5418; x_wconf 81' lang='grc' dir='ltr'>ζάλῃ</span> <span class='ocrx_word' id='word_1_741' title='bbox 1285 5343 1530 5417; x_wconf 76' lang='grc' dir='ltr'>παρέσχε</span> <span class='ocrx_word' id='word_1_742' title='bbox 1592 5344 1879 5415; x_wconf 87' lang='grc' dir='ltr'>μεγίστην.</span> 
     </span>
    </p>
   </div>
   <div class='ocr_carea' id='block_1_101' title="bbox 298 5434 1882 5508">
    <p class='ocr_par' dir='ltr' id='par_1_101' title="bbox 298 5434 1882 5508">
     <span class='ocr_line' id='line_1_101' title="bbox 298 5434 1882 5508; baseline -0.001 -17"><span class='ocrx_word' id='word_1_743' title='bbox 298 5434 521 5508; x_wconf 72' lang='grc' dir='ltr'>Ἐπειδὴ</span> <span class='ocrx_word' id='word_1_744' title='bbox 555 5436 612 5490; x_wconf 74' lang='grc' dir='ltr'>δὲ</span> <span class='ocrx_word' id='word_1_745' title='bbox 649 5436 797 5500; x_wconf 76' lang='grc' dir='ltr'>εἰκὸς</span> <span class='ocrx_word' id='word_1_746' title='bbox 841 5436 936 5490; x_wconf 74' lang='grc' dir='ltr'>καὶ</span> <span class='ocrx_word' id='word_1_747' title='bbox 967 5436 1131 5506; x_wconf 84' lang='grc' dir='ltr'>μέχρι</span> <span class='ocrx_word' id='word_1_748' title='bbox 1155 5435 1255 5506; x_wconf 79' lang='grc' dir='ltr'>τῆς</span> <span class='ocrx_word' id='word_1_749' title='bbox 1288 5436 1386 5506; x_wconf 86' lang='grc' dir='ltr'>σῆς</span> <span class='ocrx_word' id='word_1_750' title='bbox 1438 5435 1752 5506; x_wconf 80' lang='grc' dir='ltr'>ἁγιωσύνης</span> <span class='ocrx_word' id='word_1_751' title='bbox 1780 5435 1882 5499; x_wconf 88' lang='grc' dir='ltr'><strong>τάς</strong></span> 
     </span>
    </p>
   </div>
   <div class='ocr_carea' id='block_1_102' title="bbox 287 5524 1883 5600">
    <p class='ocr_par' dir='ltr' id='par_1_102' title="bbox 287 5524 1883 5600">
     <span class='ocr_line' id='line_1_102' title="bbox 287 5524 1883 5600; baseline -0.002 -17"><span class='ocrx_word' id='word_1_752' title='bbox 287 5527 413 5583; x_wconf 69' lang='grc' dir='ltr'>καθ’</span> <span class='ocrx_word' id='word_1_753' title='bbox 443 5526 601 5600; x_wconf 84' lang='grc' dir='ltr'>ημῶν</span> <span class='ocrx_word' id='word_1_754' title='bbox 623 5527 880 5598; x_wconf 79' lang='grc' dir='ltr'>διαϐῆναι</span> <span class='ocrx_word' id='word_1_755' title='bbox 920 5526 1307 5594; x_wconf 81' lang='grc' dir='ltr'>συκοφαντίας,</span> <span class='ocrx_word' id='word_1_756' title='bbox 1336 5524 1639 5598; x_wconf 86' lang='grc' dir='ltr'>παρακαλῶ</span> <span class='ocrx_word' id='word_1_757' title='bbox 1664 5542 1758 5579; x_wconf 90' lang='grc' dir='ltr'><strong>σου</strong></span> <span class='ocrx_word' id='word_1_758' title='bbox 1781 5527 1883 5597; x_wconf 77' lang='grc' dir='ltr'>τὴν</span> 
     </span>
    </p>
   </div>
   <div class='ocr_carea' id='block_1_103' title="bbox 299 5701 1412 5792">
    <p class='ocr_par' dir='ltr' id='par_1_103' title="bbox 299 5701 1412 5792">
     <span class='ocr_line' id='line_1_103' title="bbox 299 5701 1412 5792; baseline -0.004 -33"><span class='ocrx_word' id='word_1_759' title='bbox 299 5702 384 5792; x_wconf 59' lang='grc' dir='ltr'>η’</span> <span class='ocrx_word' id='word_1_760' title='bbox 415 5703 557 5759; x_wconf 84' lang='lat' dir='ltr'><strong>Psal.</strong></span> <span class='ocrx_word' id='word_1_761' title='bbox 594 5718 777 5766; x_wconf 72' lang='lat' dir='ltr'><strong>xxxvi,</strong></span> <span class='ocrx_word' id='word_1_762' title='bbox 818 5704 869 5759; x_wconf 85' lang='lat'><strong>5.</strong></span> <span class='ocrx_word' id='word_1_763' title='bbox 948 5702 971 5736; x_wconf 80' lang='grc'>⁸</span> <span class='ocrx_word' id='word_1_764' title='bbox 1001 5702 1160 5759; x_wconf 80' lang='lat' dir='ltr'><strong>Joan.</strong></span> <span class='ocrx_word' id='word_1_765' title='bbox 1186 5715 1297 5766; x_wconf 59' lang='grc' dir='ltr'>ενι,</span> <span class='ocrx_word' id='word_1_766' title='bbox 1323 5701 1412 5756; x_wconf 75' lang='grc'><strong>55.</strong></span> 
     </span>
     <span class='ocr_line' id='line_1_104' title="bbox 375 5771 1407 5792; baseline 0 0"><span class='ocrx_word' id='word_1_767' title='bbox 601 5789 627 5792; x_wconf 77' lang='lat'>_</span> <span class='ocrx_word' id='word_1_768' title='bbox 690 5773 759 5792; x_wconf 70' lang='grc' dir='ltr'><strong>εν,</strong></span> <span class='ocrx_word' id='word_1_769' title='bbox 862 5772 903 5792; x_wconf 79' lang='lat'><strong>..</strong></span> <span class='ocrx_word' id='word_1_770' title='bbox 941 5771 1221 5792; x_wconf 66' lang='grc' dir='ltr'><strong>..ρ-ε---.ι</strong></span> <span class='ocrx_word' id='word_1_771' title='bbox 1390 5772 1407 5792; x_wconf 91' lang='grc'><strong>.</strong></span> 
     </span>
    </p>
   </div>
   <div class='ocr_carea' id='block_1_104' title="bbox 372 5770 1471 5842">
    <p class='ocr_par' dir='ltr' id='par_1_104' title="bbox 372 5770 1471 5842">
     <span class='ocr_line' id='line_1_105' title="bbox 372 5770 1471 5842; baseline -0.004 -13"><span class='ocrx_word' id='word_1_772' title='bbox 372 5772 562 5829; x_wconf 66' lang='lat' dir='ltr'><strong>Matth.</strong></span> <span class='ocrx_word' id='word_1_773' title='bbox 598 5789 651 5840; x_wconf 75' lang='grc' dir='ltr'><strong>ιι,</strong></span> <span class='ocrx_word' id='word_1_774' title='bbox 690 5773 779 5828; x_wconf 81' lang='grc'>25.</span> <span class='ocrx_word' id='word_1_775' title='bbox 862 5772 905 5805; x_wconf 62' lang='grc' dir='ltr'>ιδ</span> <span class='ocrx_word' id='word_1_776' title='bbox 941 5772 984 5829; x_wconf 89' lang='lat' dir='ltr'><strong>ll</strong></span> <span class='ocrx_word' id='word_1_777' title='bbox 1004 5771 1248 5829; x_wconf 85' lang='lat' dir='ltr'><strong>Timoth.</strong></span> <span class='ocrx_word' id='word_1_778' title='bbox 1279 5788 1360 5842; x_wconf 88' lang='lat' dir='ltr'><strong>tu,</strong></span> <span class='ocrx_word' id='word_1_779' title='bbox 1386 5770 1471 5826; x_wconf 76' lang='grc'><strong>12.</strong></span> 
     </span>
    </p>
   </div>
   <div class='ocr_carea' id='block_1_105' title="bbox 1974 4802 3579 4876">
    <p class='ocr_par' dir='ltr' id='par_1_105' title="bbox 1974 4802 3579 4876">
     <span class='ocr_line' id='line_1_106' title="bbox 1974 4802 3579 4876; baseline 0.001 -18"><span class='ocrx_word' id='word_1_780' title='bbox 1974 4805 2253 4874; x_wconf 87' lang='lat' dir='ltr'><strong>persecuti</strong></span> <span class='ocrx_word' id='word_1_781' title='bbox 2306 4820 2406 4859; x_wconf 91' lang='lat' dir='ltr'><strong>vos</strong></span> <span class='ocrx_word' id='word_1_782' title='bbox 2454 4804 2665 4859; x_wconf 75' lang='lat' dir='ltr'><strong>fuerint</strong></span> <span class='ocrx_word' id='word_1_783' title='bbox 2716 4804 2773 4859; x_wconf 91' lang='lat' dir='ltr'><strong>in</strong></span> <span class='ocrx_word' id='word_1_784' title='bbox 2829 4802 3057 4859; x_wconf 86' lang='lat' dir='ltr'><strong>civitate</strong></span> <span class='ocrx_word' id='word_1_785' title='bbox 3110 4803 3252 4870; x_wconf 89' lang='lat' dir='ltr'><strong>ista,</strong></span> <span class='ocrx_word' id='word_1_786' title='bbox 3298 4802 3472 4876; x_wconf 74' lang='lat' dir='ltr'><strong>fugite</strong></span> <span class='ocrx_word' id='word_1_787' title='bbox 3520 4804 3579 4860; x_wconf 87' lang='lat' dir='ltr'><strong>in</strong></span> 
     </span>
    </p>
   </div>
   <div class='ocr_carea' id='block_1_106' title="bbox 1975 4894 3579 4967">
    <p class='ocr_par' dir='ltr' id='par_1_106' title="bbox 1975 4894 3579 4967">
     <span class='ocr_line' id='line_1_107' title="bbox 1975 4894 3579 4967; baseline -0.001 -15"><span class='ocrx_word' id='word_1_788' title='bbox 1975 4897 2139 4952; x_wconf 85' lang='lat' dir='ltr'><strong>aliam</strong></span> <span class='ocrx_word' id='word_1_789' title='bbox 2175 4898 2239 4950; x_wconf 72' lang='grc' dir='ltr'>υ.</span> <span class='ocrx_word' id='word_1_790' title='bbox 2274 4916 2292 4947; x_wconf 73' lang='grc' dir='ltr'><strong>ι</strong></span> <span class='ocrx_word' id='word_1_791' title='bbox 2327 4896 2396 4951; x_wconf 84' lang='grc' dir='ltr'>Ει</span> <span class='ocrx_word' id='word_1_792' title='bbox 2424 4902 2702 4967; x_wconf 87' lang='lat' dir='ltr'><strong>quotquot</strong></span> <span class='ocrx_word' id='word_1_793' title='bbox 2745 4894 2851 4950; x_wconf 89' lang='lat' dir='ltr'><strong>alia</strong></span> <span class='ocrx_word' id='word_1_794' title='bbox 2886 4904 3016 4950; x_wconf 91' lang='lat' dir='ltr'><strong>sunt</strong></span> <span class='ocrx_word' id='word_1_795' title='bbox 3050 4894 3139 4949; x_wconf 90' lang='lat' dir='ltr'><strong>his</strong></span> <span class='ocrx_word' id='word_1_796' title='bbox 3172 4895 3398 4967; x_wconf 86' lang='lat' dir='ltr'><strong>similia.</strong></span> <span class='ocrx_word' id='word_1_797' title='bbox 3429 4895 3579 4951; x_wconf 88' lang='lat' dir='ltr'><strong>Con-</strong></span> 
     </span>
    </p>
   </div>
   <div class='ocr_carea' id='block_1_107' title="bbox 1981 4966 3581 5053">
    <p class='ocr_par' dir='ltr' id='par_1_107' title="bbox 1981 4966 3581 5053">
     <span class='ocr_line' id='line_1_108' title="bbox 1981 4966 3581 5053; baseline -0.002 -11"><span class='ocrx_word' id='word_1_798' title='bbox 1981 5002 2115 5042; x_wconf 78' lang='lat' dir='ltr'><strong>sona</strong></span> <span class='ocrx_word' id='word_1_799' title='bbox 2163 4986 2328 5041; x_wconf 90' lang='lat' dir='ltr'><strong>etiam</strong></span> <span class='ocrx_word' id='word_1_800' title='bbox 2365 4985 2505 5041; x_wconf 90' lang='lat' dir='ltr'><strong>dicit</strong></span> <span class='ocrx_word' id='word_1_801' title='bbox 2548 4979 2773 5039; x_wconf 85' lang='lat' dir='ltr'><strong>divinus</strong></span> <span class='ocrx_word' id='word_1_802' title='bbox 2822 4982 3163 5052; x_wconf 85' lang='lat' dir='ltr'><strong>Apostolus:</strong></span> <span class='ocrx_word' id='word_1_803' title='bbox 3195 5000 3213 5033; x_wconf 84' lang='grc' dir='ltr'><strong>ι</strong></span> <span class='ocrx_word' id='word_1_804' title='bbox 3247 4966 3453 5038; x_wconf 76' lang='lat' dir='ltr'><strong>Omnes</strong></span> <span class='ocrx_word' id='word_1_805' title='bbox 3482 4981 3581 5053; x_wconf 83' lang='lat' dir='ltr'><strong>qui</strong></span> 
     </span>
    </p>
   </div>
   <div class='ocr_carea' id='block_1_108' title="bbox 1981 5072 3577 5148">
    <p class='ocr_par' dir='ltr' id='par_1_108' title="bbox 1981 5072 3577 5148">
     <span class='ocr_line' id='line_1_109' title="bbox 1981 5072 3577 5148; baseline -0.002 -16"><span class='ocrx_word' id='word_1_806' title='bbox 1981 5078 2074 5148; x_wconf 91' lang='lat' dir='ltr'><strong>pie</strong></span> <span class='ocrx_word' id='word_1_807' title='bbox 2115 5076 2310 5131; x_wconf 90' lang='lat' dir='ltr'><strong>volunt</strong></span> <span class='ocrx_word' id='word_1_808' title='bbox 2340 5075 2529 5130; x_wconf 85' lang='lat' dir='ltr'><strong>vivere</strong></span> <span class='ocrx_word' id='word_1_809' title='bbox 2573 5075 2629 5129; x_wconf 91' lang='lat' dir='ltr'><strong>in</strong></span> <span class='ocrx_word' id='word_1_810' title='bbox 2667 5073 2892 5130; x_wconf 87' lang='lat' dir='ltr'><strong>Christo</strong></span> <span class='ocrx_word' id='word_1_811' title='bbox 2925 5072 3088 5140; x_wconf 81' lang='lat' dir='ltr'><strong>Jesu,</strong></span> <span class='ocrx_word' id='word_1_812' title='bbox 3133 5073 3577 5143; x_wconf 83' lang='lat' dir='ltr'><strong>persecutionem</strong></span> 
     </span>
    </p>
   </div>
   <div class='ocr_carea' id='block_1_109' title="bbox 1983 5161 3579 5235">
    <p class='ocr_par' dir='ltr' id='par_1_109' title="bbox 1983 5161 3579 5235">
     <span class='ocr_line' id='line_1_110' title="bbox 1983 5161 3579 5235; baseline -0.003 -14"><span class='ocrx_word' id='word_1_813' title='bbox 1983 5165 2266 5235; x_wconf 87' lang='lat' dir='ltr'><strong>patientur</strong></span> <span class='ocrx_word' id='word_1_814' title='bbox 2292 5182 2307 5218; x_wconf 88' lang='lat'>:</span> <span class='ocrx_word' id='word_1_815' title='bbox 2338 5163 2468 5218; x_wconf 89' lang='lat' dir='ltr'><strong>mali</strong></span> <span class='ocrx_word' id='word_1_816' title='bbox 2497 5170 2682 5219; x_wconf 91' lang='lat' dir='ltr'><strong>autem</strong></span> <span class='ocrx_word' id='word_1_817' title='bbox 2717 5162 2974 5219; x_wconf 87' lang='lat' dir='ltr'><strong>homines</strong></span> <span class='ocrx_word' id='word_1_818' title='bbox 3002 5170 3060 5218; x_wconf 91' lang='lat' dir='ltr'><strong>et</strong></span> <span class='ocrx_word' id='word_1_819' title='bbox 3092 5161 3417 5218; x_wconf 87' lang='lat' dir='ltr'><strong>seductores</strong></span> <span class='ocrx_word' id='word_1_820' title='bbox 3448 5178 3579 5233; x_wconf 84' lang='lat' dir='ltr'><strong>pro-</strong></span> 
     </span>
    </p>
   </div>
   <div class='ocr_carea' id='block_1_110' title="bbox 1984 5254 3579 5325">
    <p class='ocr_par' dir='ltr' id='par_1_110' title="bbox 1984 5254 3579 5325">
     <span class='ocr_line' id='line_1_111' title="bbox 1984 5254 3579 5325; baseline 0.002 -16"><span class='ocrx_word' id='word_1_821' title='bbox 1984 5254 2174 5311; x_wconf 81' lang='lat' dir='ltr'><strong>ticient</strong></span> <span class='ocrx_word' id='word_1_822' title='bbox 2216 5254 2275 5310; x_wconf 90' lang='lat' dir='ltr'><strong>in</strong></span> <span class='ocrx_word' id='word_1_823' title='bbox 2325 5255 2506 5325; x_wconf 83' lang='lat' dir='ltr'><strong>pejus,</strong></span> <span class='ocrx_word' id='word_1_824' title='bbox 2545 5261 2799 5310; x_wconf 87' lang='lat' dir='ltr'><strong>errantes</strong></span> <span class='ocrx_word' id='word_1_825' title='bbox 2844 5263 2903 5310; x_wconf 89' lang='lat' dir='ltr'><strong>et</strong></span> <span class='ocrx_word' id='word_1_826' title='bbox 2949 5255 3006 5310; x_wconf 90' lang='lat' dir='ltr'><strong>in</strong></span> <span class='ocrx_word' id='word_1_827' title='bbox 3057 5269 3304 5309; x_wconf 88' lang='lat' dir='ltr'><strong>errorem</strong></span> <span class='ocrx_word' id='word_1_828' title='bbox 3350 5256 3579 5311; x_wconf 90' lang='lat' dir='ltr'><strong>mitten-</strong></span> 
     </span>
    </p>
   </div>
   <div class='ocr_carea' id='block_1_111' title="bbox 1985 5344 3581 5416">
    <p class='ocr_par' dir='ltr' id='par_1_111' title="bbox 1985 5344 3581 5416">
     <span class='ocr_line' id='line_1_112' title="bbox 1985 5344 3581 5416; baseline 0 -15"><span class='ocrx_word' id='word_1_829' title='bbox 1985 5355 2070 5401; x_wconf 88' lang='lat' dir='ltr'><strong>tes</strong></span> <span class='ocrx_word' id='word_1_830' title='bbox 2110 5346 2175 5400; x_wconf 67' lang='grc' dir='ltr'>η.</span> <span class='ocrx_word' id='word_1_831' title='bbox 2212 5365 2230 5398; x_wconf 78' lang='grc' dir='ltr'><strong>ι</strong></span> <span class='ocrx_word' id='word_1_832' title='bbox 2271 5344 2400 5401; x_wconf 60' lang='lat' dir='ltr'><strong>Haec</strong></span> <span class='ocrx_word' id='word_1_833' title='bbox 2432 5344 2603 5416; x_wconf 86' lang='lat' dir='ltr'><strong>igitur</strong></span> <span class='ocrx_word' id='word_1_834' title='bbox 2661 5345 3099 5401; x_wconf 88' lang='lat' dir='ltr'><strong>consolationem</strong></span> <span class='ocrx_word' id='word_1_835' title='bbox 3158 5345 3322 5400; x_wconf 86' lang='lat' dir='ltr'><strong>nobis</strong></span> <span class='ocrx_word' id='word_1_836' title='bbox 3371 5346 3429 5401; x_wconf 86' lang='lat' dir='ltr'><strong>in</strong></span> <span class='ocrx_word' id='word_1_837' title='bbox 3477 5347 3581 5401; x_wconf 88' lang='lat' dir='ltr'><strong>hac</strong></span> 
     </span>
    </p>
   </div>
   <div class='ocr_carea' id='block_1_112' title="bbox 1985 5433 3578 5506">
    <p class='ocr_par' dir='ltr' id='par_1_112' title="bbox 1985 5433 3578 5506">
     <span class='ocr_line' id='line_1_113' title="bbox 1985 5433 3578 5506; baseline -0.001 -15"><span class='ocrx_word' id='word_1_838' title='bbox 1985 5444 2314 5506; x_wconf 86' lang='lat' dir='ltr'><strong>tempestate</strong></span> <span class='ocrx_word' id='word_1_839' title='bbox 2345 5435 2640 5490; x_wconf 75' lang='lat' dir='ltr'><strong>maximam</strong></span> <span class='ocrx_word' id='word_1_840' title='bbox 2669 5434 2891 5505; x_wconf 70' lang='lat'><strong>1178</strong></span> <span class='ocrx_word' id='word_1_841' title='bbox 2907 5434 3288 5505; x_wconf 66' lang='lat' dir='ltr'><strong>prmbuerunt.</strong></span> <span class='ocrx_word' id='word_1_842' title='bbox 3317 5433 3424 5489; x_wconf 86' lang='lat' dir='ltr'><strong>Sed</strong></span> <span class='ocrx_word' id='word_1_843' title='bbox 3448 5435 3578 5505; x_wconf 88' lang='lat' dir='ltr'><strong>quia</strong></span> 
     </span>
    </p>
   </div>
   <div class='ocr_carea' id='block_1_113' title="bbox 1986 5523 3579 5595">
    <p class='ocr_par' dir='ltr' id='par_1_113' title="bbox 1986 5523 3579 5595">
     <span class='ocr_line' id='line_1_114' title="bbox 1986 5523 3579 5595; baseline -0.001 -14"><span class='ocrx_word' id='word_1_844' title='bbox 1986 5526 2291 5582; x_wconf 72' lang='lat' dir='ltr'><strong>verisimile</strong></span> <span class='ocrx_word' id='word_1_845' title='bbox 2329 5534 2415 5582; x_wconf 90' lang='lat' dir='ltr'><strong>est</strong></span> <span class='ocrx_word' id='word_1_846' title='bbox 2456 5524 2523 5581; x_wconf 86' lang='lat' dir='ltr'><strong>ad</strong></span> <span class='ocrx_word' id='word_1_847' title='bbox 2567 5533 2715 5579; x_wconf 87' lang='lat' dir='ltr'><strong>tuam</strong></span> <span class='ocrx_word' id='word_1_848' title='bbox 2758 5539 2935 5595; x_wconf 87' lang='lat' dir='ltr'><strong>usque</strong></span> <span class='ocrx_word' id='word_1_849' title='bbox 2976 5523 3327 5579; x_wconf 82' lang='lat' dir='ltr'><strong>sanctitatem</strong></span> <span class='ocrx_word' id='word_1_850' title='bbox 3377 5538 3579 5594; x_wconf 78' lang='lat' dir='ltr'><strong>perve-</strong></span> 
     </span>
    </p>
   </div>
   <div class='ocr_carea' id='block_1_114' title="bbox 1489 5699 3581 5772">
    <p class='ocr_par' dir='ltr' id='par_1_114' title="bbox 1489 5699 3581 5772">
     <span class='ocr_line' id='line_1_115' title="bbox 1489 5699 3581 5772; baseline 0 -13"><span class='ocrx_word' id='word_1_851' title='bbox 1489 5701 1510 5733; x_wconf 84' lang='lat'><strong>’</strong></span> <span class='ocrx_word' id='word_1_852' title='bbox 1534 5701 1690 5759; x_wconf 75' lang='lat' dir='ltr'><strong>Joan.</strong></span> <span class='ocrx_word' id='word_1_853' title='bbox 1722 5701 1919 5769; x_wconf 65' lang='lat'><strong>“.20.</strong></span> <span class='ocrx_word' id='word_1_854' title='bbox 2003 5703 2047 5735; x_wconf 77' lang='lat'><strong>“</strong></span> <span class='ocrx_word' id='word_1_855' title='bbox 2073 5702 2264 5758; x_wconf 74' lang='lat' dir='ltr'><strong>Matth.</strong></span> <span class='ocrx_word' id='word_1_856' title='bbox 2292 5718 2345 5771; x_wconf 68' lang='grc' dir='ltr'><strong>τ,</strong></span> <span class='ocrx_word' id='word_1_857' title='bbox 2381 5702 2467 5758; x_wconf 78' lang='grc'><strong>15.</strong></span> <span class='ocrx_word' id='word_1_858' title='bbox 2545 5703 2584 5735; x_wconf 73' lang='grc' dir='ltr'>υ</span> <span class='ocrx_word' id='word_1_859' title='bbox 2610 5701 2895 5772; x_wconf 77' lang='lat' dir='ltr'><strong>Joan.xvr,</strong></span> <span class='ocrx_word' id='word_1_860' title='bbox 2930 5701 2985 5757; x_wconf 86' lang='grc'><strong>2.</strong></span> <span class='ocrx_word' id='word_1_861' title='bbox 3064 5701 3105 5732; x_wconf 84' lang='grc'><strong>¹²</strong></span> <span class='ocrx_word' id='word_1_862' title='bbox 3138 5699 3310 5757; x_wconf 76' lang='lat' dir='ltr'><strong>Matth</strong></span> <span class='ocrx_word' id='word_1_863' title='bbox 3365 5715 3457 5769; x_wconf 77' lang='lat' dir='ltr'><strong>vn,</strong></span> <span class='ocrx_word' id='word_1_864' title='bbox 3493 5700 3581 5760; x_wconf 78' lang='grc' dir='ltr'>Η.</span> 
     </span>
    </p>
   </div>
  </div>
