4078 6320
205 380 353 447 1305

1625 381 1747 441 ΕΡΙ
1756 380 1989 441 STOLA
2024 384 2141 445 CX.

3358 377 3494 445 1306

202 510 303 548 σον
325 493 483 547 αὑτὸν
515 492 745 565 γράψαι,
798 491 893 545 καὶ
934 489 1225 561 ἐπιτρέψαι
1273 487 1609 560 χειροτονίαν
1640 487 1787 554 γενέ-

1896 503 2132 557 nemque
2177 487 2292 543 ﬁeri
2328 488 2547 560 iubere,
2583 486 2628 541 si
2674 502 2864 542 revera
2906 486 3012 542 hoc
3045 484 3123 541 illi
3161 486 3507 557 placuisset?‘

200 587 355 648 σθαι,
397 586 557 657 αἵπερ
599 586 814 652 ἀληθῶς
845 584 1007 639 αὐτὸν
1038 583 1338 653 ἐθεράπευε
1370 580 1559 646 τοῦτο;
1595 579 1660 631 Τί
1695 571 1795 648 δήέ

198 692 341 728 ποτε
359 676 417 729 δὲ
437 675 633 740 ἔξωθεν
665 676 777 743 (67)
801 675 1082 730 ἀπειλοῦσι
1104 676 1200 727 καὶ
1226 672 1577 734 δεδίττονται,
1606 670 1790 739 γράμ-

200 780 357 833 ματα
394 765 450 818 δέ
488 764 784 833 προφανῶς
826 764 987 817 τοῦτο
1017 762 1311 817 κελεύοντα
1346 761 1407 815 ού
1439 761 1788 830 πέμπουσιν;

194 858 362 910 Δυοϊν
390 855 496 927 γὰρ
529 855 781 927 θάτερον,
824 855 859 928 ἢ
901 857 962 910 οὐ
994 856 1243 911 πείθεται
1274 854 1483 927 γράψαι
1513 857 1540 907 ὁ
1569 854 1791 907 εὐσεϐέ-

199 964 403 1011 στατος
459 947 737 1016 βασιλεὺς,
794 947 827 1017 ἦ
879 945 1351 1009 κατασκευάζουσι
1400 930 1791 1013 παρανομῆσαι

194 1039 375 1109 ἡμᾶς,
400 1039 495 1091 καὶ
522 1034 679 1102 δίκας
708 1039 800 1092 ὑπ’
828 1038 1009 1091 αὐτῶν
1039 1036 1267 1109 ὕστερον
1297 1036 1399 1107 τῆς
1443 1020 1789 1106 παρανομίας

192 1127 594 1199 ἀπατηθῆναι.
626 1129 918 1201 Πρόκειται
949 1127 1060 1200 γὰρ
1082 1129 1215 1199 ἡμῖν
1236 1128 1298 1181 τὸ
1323 1125 1467 1180 κατὰ
1489 1126 1580 1179 τὸν
1613 1126 1793 1195 μακά-

196 1236 320 1291 ριον
354 1220 677 1291 Πριγκίπιον
699 1220 1006 1289 ὑπόδειγμα
1030 1236 1044 1250 ο
1086 1221 1202 1272 ἐκεῖ
1237 1219 1333 1271 καὶ
1373 1216 1666 1287 ἐγγράφως
1699 1233 1793 1269 κεσ-

187 1309 512 1376 λιύσαντες,
552 1311 711 1373 δίκας
761 1310 1002 1381 ἀπῄτουν
1046 1309 1137 1361 τὸν
1182 1308 1594 1362 ὑπακούσαντα.
1636 1308 1705 1360 Ἀ
1733 1306 1790 1359 δὲ

189 1402 445 1470 ἀνέγνων
470 1403 593 1456 κατ’
620 1402 789 1472 αὐτὴν
830 1400 930 1473 τὴν
957 1402 1195 1471 ἡμέραν,
1232 1401 1353 1454 καθ’
1376 1400 1444 1472 ἢν
1486 1403 1515 1454 ὁ
1544 1400 1793 1474 λεκτικὰ-

191 1509 319 1564 ριος
374 1494 633 1563 ἀφίκετο,
689 1495 1015 1564 γράμματα,
1071 1494 1290 1546 ἐναντία
1349 1492 1559 1556 τούτοις
1621 1492 1789 1545 ἐστίν.

193 1586 395 1655 Ἀγιος
416 1586 526 1656 γάρ
552 1603 637 1648 τις
674 1586 923 1656 μονάζων
955 1586 1064 1639 τῶν
1092 1586 1380 1654 ἐπισήμων
1409 1581 1618 1654 ἔγραψε
1653 1583 1792 1652 πρός

189 1696 342 1743 τινα,
377 1679 453 1743 ὡς
502 1679 723 1745 ἐδέξατο
749 1678 1062 1750 γράμματα
1103 1677 1200 1731 καὶ
1239 1676 1334 1730 τοῦ
1371 1676 1790 1747 μεγαλοπρεπεο

192 1770 399 1824 στὰτου
440 1768 767 1845 σπαθαρίου,
819 1769 915 1824 καὶ
960 1766 1056 1821 τοῦ
1100 1766 1444 1832 ἐνδοξοτάτου
1475 1766 1588 1820 ἀπὸ
1626 1766 1789 1836 μαγί-

194 1874 402 1933 στρων,
439 1842 774 1933 σημαίνοντα
799 1861 875 1923 ὼς
902 1860 1239 1932 διορθώσεως
1262 1853 1513 1926 τεύξεται
1545 1860 1615 1911 τὰ
1648 1860 1790 1913 κατὰ
1822 1842 1867 1897 Β

190 1953 292 2007 τὸν
333 1952 745 2023 θεοφιλέστατον
776 1953 1074 2007 ἐπίσκοπον
1112 1954 1203 2006 τὸν
1244 1952 1435 2023 κύριον
1462 1954 1751 2023 Εἰρηναῖον
1772 1969 1787 1986 ·

192 2046 297 2099 καὶ
335 2045 542 2116 ταύτης
575 2062 640 2114 γε
684 2045 783 2117 τῆς
820 2044 1056 2114 σπουδῆς
1086 2044 1387 2108 ἀντιδόσεις
1420 2044 1663 2115 ἀπῄτουν
1692 2044 1791 2109 τὰς

188 2137 341 2207 ὑπὲρ
369 2138 551 2191 αὐτῶν
579 2137 910 2209 προσευχάς.
960 2136 1103 2205 Ἐγὼ
1132 2138 1311 2189 τοίνυν
1348 2137 1556 2208 νομίζω
1581 2137 1788 2207 ’χρῆναι

189 2229 477 2299 γραφῆναι
511 2229 649 2299 πρὸς
671 2229 799 2291 τοὺς
834 2228 1183 2298 γεγραφότας
1211 2229 1320 2283 ἀπὸ
1341 2229 1441 2298 τῆς
1471 2228 1788 2296 βασιλευού-

187 2333 309 2387 σης
338 2317 546 2381 πόλεως
591 2318 907 2391 κληρικοὺς,
946 2320 1028 2372 ὅτι
1055 2319 1223 2389 ψήφῳ
1267 2317 1366 2388 μὲν
1391 2319 1501 2371 τῶν
1539 2320 1637 2389 τῆς
1669 2321 1790 2373 Φοι-

187 2406 355 2479 νίκης
389 2409 820 2478 θεοφιλεστάτων
851 2410 1170 2463 ἐπισκόπων
1211 2408 1475 2475 πεισθεὶς,
1514 2412 1786 2481 ἐχειροτό-

189 2516 338 2569 νησα
366 2502 457 2555 τὸν
487 2501 903 2570 θεοφιλέστατον
937 2502 1237 2555 ἐπίσκοπον
1268 2502 1555 2572 Εἰρηναῖον
1575 2519 1588 2532 ·
1612 2502 1703 2555 τόν
1729 2519 1785 2554 τε

188 2592 383 2662 ζῆλον,
420 2593 515 2645 καὶ
541 2593 641 2663 τὴν
676 2592 1107 2661 μεγαλοψυχίαν,
1137 2593 1231 2643 καὶ
1263 2592 1362 2660 τὴν
1392 2593 1784 2661 φιλοπτωχίαν,

187 2682 295 2737 καὶ
318 2681 417 2746 τὰς
444 2680 611 2744 ἄλλας
640 2681 787 2751 αὐτῷ
823 2682 1079 2744 συνειδὼς
1114 2681 1341 2752 ἀρετὰς,
1372 2684 1465 2735 καὶ
1500 2683 1637 2753 πρὸς
1666 2683 1789 2737 τού-

185 2792 333 2839 τοις,
364 2774 464 2845 τὴν
494 2774 605 2827 τῶν
637 2774 927 2845 δογμάτων
959 2775 1249 2845 ὀρθότητα.
1283 2776 1397 2827 Οὐκ
1428 2775 1651 2845 οἴδαμεν
1678 2775 1788 2847 γὰρ

185 2863 363 2918 αὐτὸν
391 2863 873 2935 παραιτησάμενον
896 2862 1117 2916 πώποτε
1145 2863 1406 2916 Θεοτόκον
1433 2865 1663 2918 καλέσαι
1687 2865 1785 2935 τὴν

187 2952 362 3020 ἁγίαν
390 2951 687 3022 Παρθένον,
718 2953 750 3022 ἢ
792 2951 921 3005 ἄλλο
952 2970 1005 3004 τι
1035 2954 1277 3005 ἐναντίον
1307 2954 1654 3023 φρονήσαντα
1674 2960 1786 3019 τοῖς

184 3043 571 3111 εύαηελικοίς
598 3042 884 3112 δόγμασιν.
917 3043 1013 3107 Είς
1040 3043 1098 3097 δὲ
1142 3044 1203 3097 τδ
1237 3045 1335 3114 τῆς
1359 3045 1642 3116 διγαμίας,
1673 3050 1786 3112 τοῖς

1899 580 2175 647 Quorsum
2211 597 2347 637 vero
2378 581 2660 636 minantur
2698 579 2867 634 etiam
2909 578 3065 642 foris.
3108 588 3489 653 terroremque

1900 673 2189 744 iniiciunt,
2234 682 2289 727 et
2331 673 2546 729 litteras
2592 671 2720 743 quae
2768 683 2955 742 aperte
3009 673 3116 728 hoc
3168 672 3493 743 praecipiant

1900 763 2122 836 1180
2155 778 2267 817 non
2304 764 2565 817 mittunt?
2600 765 2845 818 Duorum
2888 764 3041 819 enim
3078 774 3165 819 est
3202 765 3438 818 alterum
3473 781 3488 817 :

1898 856 1982 908 vel
2012 855 2212 910 adduci
2243 870 2353 909 non
2385 862 2566 924 potest
2593 855 2878 925 piissimus
2906 856 3228 925 imperator,
3265 863 3325 910 ut
3350 855 3489 911 scri-

1899 941 2021 1012 b‘at;
2048 947 2131 1001 vel
2158 946 2263 1001 hoc
2284 955 2473 1018 agunt,
2496 955 2558 1001 ut
2584 946 2734 1017 leges
2756 946 3049 1011 violemus,
3077 952 3133 1001 et
3157 945 3261 1017 ipsi
3287 945 3490 1001 deinde

1898 1053 1929 1091 a
1963 1037 2124 1093 nobis
2150 1037 2335 1093 delicti
2369 1053 2561 1107 poenas
2595 1048 2907 1107 reposcant.
2948 1038 3214 1094 Versatur
3240 1038 3390 1093 enim
3416 1037 3489 1092 ob

1897 1130 2089 1184 oculos
2132 1130 2444 1199 exemplum
2491 1129 2639 1183 beati
2678 1128 2943 1198 Principii
2980 1147 2994 1182 :
3033 1129 3127 1182 ubi
3162 1144 3292 1182 cum
3320 1128 3490 1183 etiam

1899 1222 2105 1295 scripto
2131 1222 2444 1292 iussissent,
2476 1237 2670 1292 ρωπος
2694 1232 2876 1276 tamen
2908 1221 2979 1276 ab
3007 1236 3076 1277 eo
3106 1220 3203 1291 qui
3233 1228 3492 1291 paruerat

1897 1312 2211 1383 exigebant.
2249 1313 2422 1367 Porro
2447 1313 2666 1377 litterze,
2693 1328 2831 1382 quas
2859 1328 2928 1367 eo
2954 1313 3073 1382 ipso
3103 1310 3194 1366 die
3225 1310 3354 1383 legi,
3381 1326 3494 1381 quo

1897 1403 2213 1459 lecticarius
2258 1403 2514 1469 advenit,
2571 1404 2659 1460 his
2714 1412 2843 1458 sunt
2892 1404 3203 1458 contrariae.
3253 1402 3489 1470 Quidam

1898 1491 2043 1549 enim
2077 1504 2299 1550 sanctus
2328 1495 2632 1551 monachus
2656 1510 2722 1550 ex
2755 1494 3062 1549 illustribus
3098 1496 3316 1549 cuidam
3351 1496 3494 1551 scri-

1899 1588 2027 1656 psit,
2060 1586 2276 1641 litteras
2308 1601 2368 1641 se
2400 1586 2700 1656 accepisse,
2740 1594 2857 1640 tum
2884 1602 2915 1640 a
2946 1585 3490 1656 magniﬁcentissimo

1900 1677 2215 1745 spathario,
2263 1684 2379 1731 tum
2423 1690 2454 1729 a
2498 1675 2899 1745 gloriosissimo
2949 1675 3321 1744 exmagistro,
3368 1690 3494 1745 qua:

1899 1768 2146 1822 indicant
2180 1784 2268 1823 res
2300 1768 2414 1823 Deo
2444 1767 2757 1834 ,charissimi
2800 1766 3047 1836 episcopi
3080 1767 3097 1787 ‘
3134 1764 3345 1820 domini
3380 1766 3496 1821 Ire-

1894 1861 1996 1913 naei
2036 1860 2267 1915 meliore
2302 1859 2426 1915 loco
2463 1858 2699 1921 futuras,
2735 1868 2899 1927 atque
2941 1857 3108 1928 huius
3152 1857 3237 1913 sui
3282 1856 3495 1911 laboris

1894 1952 2201 2008 mercedem
2256 1954 2503 2023 ipsorum
2554 1967 2764 2022 preces
2798 1950 3136 2022 ﬂagitabant.
3184 1947 3368 2016 Quare
3421 1949 3490 2004 ad

1894 2044 2126 2098 clericos
2165 2044 2257 2112 qui
2288 2058 2354 2097 ex
2383 2042 2524 2097 urbe
2560 2042 2709 2112 regia
2736 2041 3082 2111 scripserunt
3117 2040 3287 2095 scribi
3325 2055 3493 2110 opor-

1896 2145 2014 2190 tere
2070 2150 2307 2199 censeo,
2360 2133 2659 2188 adduetum
2718 2148 2806 2187 me
2865 2133 2979 2187 Deo
3036 2118 3491 2187 charissimoruui

1892 2227 2188 2283 Phoenicia:
2226 2227 2610 2297 episcoporum
2652 2223 2899 2288 decreto,
2943 2225 3055 2279 Deo
3101 2223 3489 2278 charissimum

1891 2321 2213 2390 episcopum
2241 2319 2507 2373 Irenaeum
2538 2316 2849 2381 ordinasse,
2875 2316 3001 2370 cum
3030 2316 3179 2370 illius
3204 2323 3263 2369 et
3284 2316 3486 2379 zelum,

1855 2422 1948 2466 —et
1995 2410 2524 2481 magnanimitatem,
2577 2417 2633 2463 et
2683 2422 2928 2462 amorem
2987 2406 3044 2461 in
3094 2420 3391 2478 pauperes,
3432 2415 3491 2461 et

1870 2503 2028 2557 alias
2055 2504 2177 2572 eius
2202 2502 2788 2595 virtutes.perspectas
2813 2499 3100 2563 haberem,
3133 2514 3197 2554 ac
3222 2506 3491 2569 praeterea

1891 2592 2207 2662 dogmatum
2249 2588 2662 2645 rectitu'dinem.
2696 2588 2810 2643 Nec
2838 2589 2984 2642 enim
3013 2588 3220 2643 scimus
3243 2603 3489 2658 unquam

1893 2697 2177 2743 recusasse
2228 2682 2517 2752 Deiparam
2564 2680 2841 2750 appellare
2891 2687 3138 2734 sanctam
3178 2679 3485 2750 Virginem,

1892 2784 1985 2828 aut
2019 2774 2168 2827 aliud
2202 2772 2487 2843 quidpiam
2527 2787 2558 2825 a
2590 2771 2831 2826 decretis
2871 2770 3205 2841 evangelicis
3242 2769 3484 2824 alienum

1891 2868 2149 2922 sensisse.
2181 2865 2339 2931 Quod
2380 2880 2517 2919 vero
2544 2864 2613 2919 ad
2641 2864 2936 2934 digamiam
2961 2864 3181 2926 attinet,
3212 2862 3482 2933 maiowm

1889 2959 2137 3028 vestigiis
2159 2958 2497 3012 inlmsimus.
2517 2958 2651 3011 Nam
2675 2965 2730 3011 et
2748 2944 2920 3011 beatze
2942 2964 3253 3025 sanctaque
3278 2969 3489 3009 memo-

1892 3052 2328 3116 riaeAlexander,
2347 3052 2440 3121 qui
2460 3050 2814 3121 apostolicam
2834 3048 2977 3102 hanc
2990 3046 3174 3102 sedem
3196 3046 3356 3111 rexit,
3376 3061 3486 3101 una

187 3133 305 3205 πρὸ
337 3133 496 3203 ἡμῶν
524 3131 993 3204 ὴκρλουθήσαμεν.
1031 3134 1141 3186 Καὶ
1174 3134 1283 3205 γὰρ
1306 3138 1333 3188 ὁ
1368 3136 1465 3207 τῆς
1504 3139 1784 3209 μακαρίας

1893 3162 2016 3201 cum
2042 3146 2365 3201 beatissimo
2399 3144 2599 3199 Acacio
2630 3143 2836 3197 Beroeaa
2875 3140 3135 3211 episcopo
3166 3139 3342 3195 beatae
3374 3154 3491 3195 mc-
3562 3149 3577 3169 ³

184 3222 294 3277 καὶ
316 3222 471 3286 ὁσίας
521 3223 742 3294 μνήμης
795 3222 1163 3294 Ἀλέξανδρος,
1205 3227 1233 3278 ὁ
1289 3226 1377 3279 τὸν
1427 3228 1785 3281 άποστολικὸν

184 3311 385 3367 τοῦτον
431 3312 809 3383 διακοσμήσας
855 3312 1065 3384 θρόνον,
1122 3317 1218 3369 σὺν
1248 3314 1328 3385 τῷ
1379 3321 1786 3391 μακαριωτάτῳ

202 3404 449 3474 ’Δκακίῳ
492 3406 592 3475 τῆς
630 3404 860 3474 Βεροίας
889 3406 1194 3477 ἐπισκόπῳ,
1236 3408 1325 3459 τὸν
1372 3410 1471 3477 τῆς
1508 3411 1785 3481 μακαρίας

197 3495 425 3566 μνήμης
451 3497 712 3567 Διογένην
751 3496 1167 3567 ἐχειροτόνησαν
1210 3499 1441 3569 δίγαμον
1479 3501 1607 3555 ὄντα
1634 3518 1647 3532 ·
1674 3503 1785 3555 ὠσ-

185 3585 373 3649 αύτως
416 3586 475 3640 δὲ
522 3586 619 3640 καὶ
665 3587 695 3639 ό
745 3587 1016 3656 μακάριος
1049 3589 1344 3658 Πραΰλιος,
1391 3593 1649 3660 Δομνῖνον
1693 3594 1785 3646 τὸν

186 3675 531 3747 Καισαρείας
579 3675 809 3749 δίγαμον
854 3678 1002 3731 ὄντα.
1048 3679 1202 3731 Ἔθει
1251 3681 1430 3733 τοίνυν
1477 3682 1781 3753 ἠκολουθή-

186 3784 387 3838 σαμεν,
428 3770 520 3821 καὶ
550 3770 810 3841 ἀνδράσιν
845 3772 1158 3841 ἐπισήμοις,
1197 3773 1290 3826 καὶ
1336 3775 1429 3825 ἐπὶ
1455 3774 1654 3842 γνώσει
1694 3778 1785 3828 καὶ

188 3858 296 3931 βίῳ
328 3859 808 3931 πολυθρυλλήτοις.
844 3862 1022 3915 Πολλὰ
1059 3863 1116 3917 δὲ
1156 3865 1251 3917 καὶ
1278 3852 1417 3918 ἅλλα
1446 3866 1674 3920 τοιαῦτα
1706 3868 1786 3920 δε-

134 3980 137 3983 π
182 3954 513 4024 διδαγμένος
540 3955 567 4007 ὁ
605 3958 706 4025 τῆς
744 3955 1021 4026 μακαρίας
1056 3958 1277 4029 μνήμης
1322 3959 1597 4030 Πρόκλος,
1633 3963 1661 4013 ὁ
1689 3962 1786 4032 τῆς

184 4046 846 4101 Κωνσταντινουπολιτῶν
878 4048 1199 4112 ἐπίσκοπος,
1225 4052 1321 4104 καὶ
1357 4052 1516 4115 αὐτὸς
1546 4054 1646 4125 τὴν
1676 4072 1787 4124 χει-

186 4135 442 4207 ροτονίαν
465 4136 703 4202 ἐδέξατο,
750 4137 845 4190 καὶ
882 4136 1123 4207 ἔγραψεν
1173 4140 1414 4194 ἐπαινῶν
1455 4143 1548 4195 καὶ
1576 4143 1785 4213 θαυμά-

184 4228 323 4292 ζων.
358 4228 634 4292 Ὡσαύτως
658 4230 715 4282 δὲ
752 4229 844 4283 καὶ
868 4232 916 4282 οί
959 4232 1335 4298 πρωτεύοντες
1372 4235 1471 4304 τῆς
1509 4237 1783 4307 Ποντικῆς

181 4324 508 4393 διοικήσεως
549 4322 954 4390 θεοφιλέστατοι
1008 4325 1331 4389 ἐπίσκοποι,
1375 4328 1468 4381 καὶ
1498 4330 1547 4381 οἱ
1584 4329 1783 4384 Παλαι-

185 4416 361 4468 στῖνοι
402 4414 624 4478 πάντες,
667 4414 762 4465 καὶ
802 4413 1030 4483 οὐδεμία
1076 4414 1374 4484 ἀμφιϐολία
1428 4418 1557 4488 περὶ
1593 4420 1782 4474 τούτου

1896 3238 2085 3293 ηιοινίεο
2128 3238 2423 3307 Diogenem
2466 3235 2746 3305 digamum
2796 3233 3076 3287 ordinavit
3118 3248 3133 3285 :
3179 3232 3488 3301 eodemque

1894 3328 2059 3384 modo
2082 3327 2279 3382 beatus
2308 3325 2560 3394 Praylius
2587 3322 2924 3377 Domninum
2959 3320 3242 3383 Caesareae,
3275 3319 3370 3389 qui
3402 3320 3490 3374 di-

1893 3434 2086 3491 gamus
2112 3417 2241 3471 item
2264 3424 2401 3470 erat.
2420 3413 2892 3469 Consuetudinem
2918 3426 3048 3481 ergo
3071 3410 3247 3465 secuti
3270 3410 3483 3481 ιιει

1871 3524 2105 3573 sumus,
2142 3516 2198 3563 et
2235 3508 2386 3561 viros
2430 3506 2676 3560 illustres
2711 3504 3056 3573 scientiaque
3095 3511 3151 3557 et
3194 3502 3305 3555 vita
3344 3501 3489 3557 cele-

1872 3592 2187 3663 lberrimo‘s.
2232 3600 2310 3654 Ac
2350 3598 2521 3652 multa
2565 3598 2732 3652 etiam
2774 3597 2877 3650 alia
2914 3594 3231 3665 huiusmodi
3261 3593 3488 3647 minime

1894 3680 2150 3762 ignorans
2193 3691 2368 3744 beatae
2407 3687 2688 3744 memoria:
2730 3687 2978 3750 Proclus,
3018 3686 3485 3753 Constantinoito-

1893 3786 2189 3838 litanorum
2224 3784 2539 3851 episcopus,
2568 3788 2621 3834 et
2653 3779 3057 3833 ordinationem
3095 3778 3211 3849 ipse
3242 3776 3485 3838 admisit,

1893 3887 1947 3932 et
1986 3876 2217 3931 laudans
2246 3884 2303 3929 et
2331 3873 2643 3943 approba‘ns
2680 3871 2985 3939 rescripsit.
3021 3870 3289 3924 Similiter
3316 3868 3486 3924 etiam

1894 3971 2133 4025 Ponticae
2185 3969 2489 4021 dioeceseos
2540 3961 2791 4037 primarii
2840 3962 2954 4015 Deo
3000 3958 3313 4014 charissimi
3363 3960 3484 4028 epi-

1892 4061 2065 4130 scopi,
2102 4070 2159 4114 et
2191 4056 2466 4113 Palaestini
2501 4070 2694 4111 omnes
2728 4072 2740 4107 :
2768 4068 2949 4123 neque
2978 4052 3089 4106 ulla
3112 4054 3243 4106 orta
3271 4059 3355 4105 est
3381 4051 3487 4107 hac

1894 4153 1961 4206 de
2018 4166 2076 4204 re
2130 4146 2546 4211 controversia;
2601 4151 2655 4199 et
2706 4144 2956 4213 iniquum
3013 4132 3251 4195 dicimus
3300 4141 3485 4196 virum

1893 4243 2153 4296 damnare
2200 4238 2389 4293 multis
2438 4252 2500 4292 ac
2542 4235 2712 4289 variis
2754 4234 2989 4304 egregiis
3031 4232 3376 4288 facinoribus
3415 4233 3484 4288 il-

1892 4334 2140 4387 lustrem.
2179 4332 2306 4392 Haec
2342 4336 2398 4383 et
2436 4328 2525 4382 his
2565 4327 2763 4381 similia
2799 4340 2919 4379 mea
2950 4322 3173 4393 quidem
3211 4323 3485 4377 sententia

1892 4424 2135 4484 scribere
2184 4429 2402 4491 oportet
2456 4439 2469 4473 :
2520 4418 2615 4473 sed
2664 4419 2709 4472 si
2759 4416 2892 4487 quid
2948 4414 3096 4469 aliud
3144 4415 3199 4468 in
3240 4422 3483 4469 mentem

181 4503 517 4574 γεγένηται·
559 4502 654 4555 καὶ
687 4502 945 4565 δυσσεϐὲς
991 4502 1288 4573 νομίζομεν
1328 4505 1388 4556 τὸ
1449 4497 1776 4577 κατακρῖναι

1891 4517 2041 4572 venit
2069 4515 2345 4571 sanctitati
2380 4521 2507 4575 ture,
2532 4510 2627 4565 {lat
2651 4509 2797 4579 quod
2826 4507 3128 4561 videbitur.
3163 4507 3275 4577 Ego
3308 4506 3477 4571 enim,

184 4591 361 4662 ἄνδρα
417 4590 633 4652 πολλοῖς
669 4592 763 4643 καὶ
803 4590 1163 4654 παντοδαποῖς
1203 4593 1594 4665 κατορθώμασι
1638 4596 1779 4667 λαμ-

182 4684 547 4752 πρυνόμενον.
596 4680 781 4735 Ταῦτα
819 4681 912 4735 καὶ
951 4682 1018 4735 τὰ
1047 4683 1276 4736 τοιαῦτα
1309 4686 1455 4739 κατὰ
1495 4686 1592 4756 τὴν
1637 4689 1779 4759 ἐμὴν

182 4773 415 4843 γνώμην
440 4774 520 4825 δεῖ
538 4764 859 4843 γράψαι.Εί
886 4772 943 4825 δὲ
969 4772 1098 4825 ἄλλο
1125 4791 1185 4846 τε
1206 4772 1531 4847 συνορᾷοου
1557 4779 1588 4848 ή
1627 4779 1781 4847 άγιό-

180 4882 307 4934 της,
336 4865 397 4917 τὸ
422 4864 611 4919 δοκοῦν
652 4864 904 4933 γινέσθω.
942 4866 1084 4933 Ἐγὼ
1122 4867 1230 4936 γὰρ
1266 4869 1358 4922 καὶ
1388 4870 1486 4940 τὴν
1516 4871 1666 4940 μίαν,
1704 4874 1779 4938 ὼς

183 4955 491 5026 νομίξουσι,
539 4957 810 5028 τιμωρίαν
865 4958 1180 5028 δεξάμενος,
1224 4960 1441 5031 ἕτοιμός
1495 4957 1633 5035 εἰμι,
1682 4966 1777 5018 τοῦ

182 5046 323 5100 Θεοῦ
362 5064 453 5116 μοι
484 5046 830 5116 βοηθοῦντος,
864 5048 1117 5116 δέξασθαι
1146 5052 1239 5103 καὶ
1279 5053 1379 5123 τὴν
1406 5054 1593 5127 ἄλλην.
1632 5059 1691 5110 Εί
1722 5059 1779 5113 δὲ

184 5140 282 5191 καὶ
313 5140 505 5209 τρίτην
549 5140 851 5209 βούλονται,
901 5143 1001 5195 καὶ
1024 5146 1315 5215 τετάρτην,
1347 5146 1448 5215 τῆς
1487 5148 1637 5214 θείας
1679 5152 1779 5220 κά·“

1888 4610 1983 4680 qui
2008 4624 2138 4670 una,
2161 4617 2223 4661 ut
2248 4610 2463 4675 putant,
2486 4618 2647 4673 paena
2666 4617 2785 4656 sum
2809 4599 3058 4663 allectus,
3082 4608 3305 4668 paratus
3336 4614 3479 4663 sum,
3536 4658 3539 4665 ι

1889 4702 2002 4756 Deo
2032 4714 2119 4763 me
2142 4701 2391 4769 iuvante,
2415 4706 2472 4751 et
2495 4694 2728 4760 alteram
2748 4692 2938 4747 subire
2969 4709 2979 4743 :
3010 4691 3155 4761 quod
3182 4691 3225 4744 si
3258 4690 3479 4744 tertiam

1888 4807 2109 4863 quoque
2144 4790 2356 4851 volunt,
2380 4796 2437 4842 et
2458 4772 2738 4857 quartam,
2766 4785 2952 4840 divina
2988 4783 3248 4838 fulciente
3278 4783 3477 4852 gratia,

1887 4883 2151 4945 feremus,
2172 4880 2458 4947 Deumque
2486 4875 2856 4930 laudabimus.
2878 4872 3032 4939 Quod
3060 4872 3105 4926 si
3132 4870 3478 4940 probat-Sans

1890 4978 2051 5032 ctilas
2076 4982 2191 5039 tua,
2217 4973 2505 5032 videamus
2529 4970 2693 5025 etiam
2718 4968 2851 5039 quid
2880 4984 2911 5022 e
2934 4966 3222 5022 Palaestina
3248 4980 3480 5034 respon-

1888 5069 2106 5131 deatur,
2141 5075 2195 5121 et
2238 5065 2370 5135 quid
2408 5065 2553 5118 facto
2588 5062 2660 5117 sit
2689 5077 2829 5132 opus
2869 5058 3185 5115 accuratius
3223 5055 3479 5125 conside-

1888 5164 2095 5217 rantes,
2132 5153 2208 5207 ita
2240 5151 2756 5221 Constantinopolin
2790 5149 3121 5205 scribamus.

188 5236 757 5308 ριτοςεὲπερειδούσης
806 5242 1047 5308 οἴσομεν,
1092 5241 1183 5293 τὸν
1229 5241 1508 5314 Δεσπότην
1543 5247 1877 5316 ὑμνοῦντες·
1950 5252 1997 5303 εί
2064 5249 2119 5302 δέ
2178 5247 2464 5314 δοκιμάζει
2498 5264 2589 5299 σου
2628 5248 2659 5317 ὴ
2700 5245 2938 5314 ὁσιότης,
3006 5244 3206 5314 ίδωμεν
3249 5244 3342 5297 καὶ
3378 5242 3477 5302 τὰς

184 5325 295 5378 ἀπὸ
338 5327 704 5399 Παλαιστίνης
751 5331 1099 5403 ἀποκρίσειςο
1151 5335 1241 5387 καὶ
1282 5336 1673 5411 ἀκριϐέστερον
1698 5342 1776 5419 ’τὸ
1814 5343 2086 5412 πρακτέον
2106 5328 2673 5411 σκοπήσαντες,οῦτω
2715 5339 2808 5393 καὶ
2846 5337 3148 5409 γράψωμεν
3179 5337 3254 5400 είς,
3322 5335 3478 5388 Κων-

189 5421 472 5473 σταντινού
480 5420 654 5474 πολιν.

213 5703 372 5791 λίϐη
403 5704 494 5791 sic
518 5705 573 5761 ίη
602 5706 869 5791 Ηὲθβχθξ
896 5710 1070 5791 Ῠξηὶς.
1121 5710 1265 5781 apud
1313 5712 1630 5780 Baronium,
1676 5716 1770 5785 qui
1810 5717 1876 5773 ad
1910 5736 1960 5773 a.
1995 5720 2120 5786 H7,
2159 5727 2190 5773 t.
2260 5720 2350 5785 Vl,
2380 5736 2434 5791 p.
2479 5672 2575 5776 52’
2601 5736 2718 5789 seq.
2787 5720 2929 5775 hanc.
2970 5716 3130 5773 habet
3163 5714 3454 5787 epistolam

189 5770 517 5831 Sirmondus
552 5770 798 5833 ediderat
824 5782 872 5832 οἱ
905 5780 1125 5843 ἔξωθεν.
