4078 6320
690 330 822 396 1307

1078 432 1212 490 CXI.
1247 463 1316 474 —
1351 433 1598 488 Anatolio
1632 435 1872 503 patricio.

754 546 1152 602 Beneﬁciorum
1187 563 1317 618 erga
1361 563 1462 603 nos
1499 564 1726 603 suorum
1760 551 2261 618 compensationem

683 639 752 693 ab
783 640 1164 693 universorum
1195 639 1307 694 Deo
1352 641 1755 709 magniﬁcentia
1792 651 1975 695 vestra
2011 642 2258 711 recipiet.

684 727 957 798 Quidquid
993 728 1139 782 enim
1181 728 1330 782 illius
1365 729 1436 782 sit
1472 730 1664 799 gratia,
1700 735 1715 750 '
1747 731 2059 786 mercedem
2099 732 2263 787 habet

683 818 970 872 adnexam.
993 817 1106 888 Ego
1128 817 1350 886 quidem
1371 817 1828 872 calumniatorum
1855 821 2260 876 multitudinem

687 909 860 963 rideo.
887 908 1128 978 Corpora
1149 909 1378 972 etenim,
1403 925 1524 979 qua:
1550 910 1933 968 vehemmtius
1953 913 2258 976 czeduntur,

682 999 931 1052 dolorem
962 1015 1071 1053 non
1099 1000 1362 1062 sentiunt,
1392 1010 1639 1054 emortua
1667 1002 1776 1070 jam
1815 1018 1981 1056 carne
2004 1019 2126 1072 qua:
2156 1018 2258 1056 ca:-

679 1089 850 1142 ditur.
894 1090 1145 1143 Attamen
1176 1089 1599 1145 eil‘renatissima
1635 1107 1728 1145 ora
1772 1092 1937 1148 falsos
1982 1109 2262 1148 sermones

681 1178 1015 1250 proferentia
1053 1177 1246 1233 deﬂeo.
1280 1178 1397 1246 Qua
1438 1181 1587 1234 enim
1629 1198 1658 1235 a
1704 1183 1863 1238 nobis
1905 1185 2103 1256 injuria
2147 1185 2259 1239 laesi

679 1279 1028 1324 accusatores
1075 1269 1182 1325 Iba
1225 1271 1338 1325 Deo
1391 1272 1604 1343 1133
1655 1275 1964 1333 charissimi
2016 1275 2260 1345 episcOpi

674 1362 800 1417 istis
832 1369 1024 1416 contra
1052 1377 1155 1417 nos
1192 1365 1494 1419 mendaciis
1526 1368 1794 1420 utuntur?
1825 1368 2066 1422 Primum
2092 1383 2124 1422 e
2155 1385 2260 1422 uu-

678 1453 1087 1522 merojudicum
1111 1469 1210 1524 ego
1232 1472 1340 1511 non
1360 1457 1460 1521 fui,
1479 1459 1682 1528 quippe
1701 1460 1795 1529 qui
1812 1459 2028 1530 Cyrrhi,
2053 1461 2259 1529 princi—

679 1545 761 1613 pis
787 1547 966 1615 jussu,
1018 1546 1312 1600 haerebam.
1366 1549 1595 1613 Deinde,
1639 1560 1762 1604 uta
1807 1551 1993 1605 multis
2048 1552 2257 1621 accepi,

677 1635 981 1690 absentiam
1011 1651 1228 1704 quoque
1258 1646 1501 1692 nostram
1535 1641 1763 1694 moleste
1797 1641 2070 1696 ferebant.
2123 1643 2258 1696 Nam

1674 329 2160 391 TIIEODORETI
2205 330 2542 391 EPISCOPI
2581 333 2946 392 CYRENSIS

3839 323 3968 384 13).?

2621 441 2770 492 PlA'.
2799 468 2868 478 —-
2908 437 3220 508 Ἀνςιτολίῳ
3245 438 3539 504 Πατρικίῳ
3567 433 3707 504 (68).

2447 551 2511 603 'ﬂ
2547 554 2642 620 μὲν
2670 551 2912 621 ὑμετέρα
2949 550 3290 620 μεταλοφυῖα
3334 549 3441 601 τῶν
3475 551 3560 611 εἱς
3596 549 3757 617 ἡμᾶς
3805 547 3968 613 eia;-

2365 642 2566 707 γεσιῶν
2590 642 2739 711 παρά
2766 641 2859 694 τού
2890 639 3025 693 Θεοῦ
3055 642 3165 692 τῶν
3192 642 3328 693 ὅλων
3365 642 3648 709 κομιεῖται
3685 640 3788 700 τάς
3817 639 3964 690 ἀντι-

2364 732 2559 795 δόσεις.
2627 735 2741 786 Πᾶν
2802 733 2910 803 γάρ
2957 730 3137 785 ὁτιοῦν
3195 731 3363 786 αὑτοῦ
3411 731 3576 801 χάριν
3629 731 3962 798 γιειόμεεεον,

2368 824 2560 893 μισθὸν
2593 825 2706 894 ἔχει
2731 823 3177 893 συνεζευγμένον.
3225 821 3369 889 Ἐγὼ
3417 823 3604 891 μέντοι
3642 821 3765 872 τῶν
3811 837 3968 872 συκο-

2366 914 2604 982 φαντιῶν
2636 916 2696 966 τὸ
2719 913 2920 982 πλῆθος
2952 913 3114 980 γελῶ.
3172 914 3280 966 Kal
3318 913 3428 983 γάρ
3471 912 3542 964 τά
3594 911 3966 978 σςοδῴτερεν

2366 1003 2688 1073 αίκιζόμενα
2707 1004 2952 1075 σώματα,
2973 1007 3072 1074 τῆς
3095 1005 3285 1074 ὀδύνης
3303 1007 3405 1057 ούιι
3423 1003 3861 1066 ἐπαισθάνεται,
3891 1021 3965 1052 vs-

2364 1095 2671 1165 κρωθείσης
2688 1095 2872 1147 λοιπον
2906 1096 3004 1162 τῆς
3032 1094 3387 1164 αἱκιζομένης
3416 1095 3650 1163 σαρκός.
3683 1092 3894 1160 Θρηνῶ
3913 1093 3962 1144 δὲ

2363 1187 2512 1253 ὅμως
2540 1183 2607 1236 τά
2640 1183 2964 1252 ἀθυρὼτατα
2993 1185 3236 1253 στόματα
3263 1183 3624 1252 ψευδολογίας
3652 1184 3961 1250 προσέροι-

2362 1291 2461 1328 τα·
2493 1273 2544 1326 τί
2578 1274 2686 1343 γὰρ
2718 1276 2848 1344 παρ’
2887 1274 3043 1344 ἡμῶν
3075 1275 3424 1343 ἀδικηθέντες
3473 1276 3525 1326 οἱ
3563 1273 3665 1325 τοῦ
3722 1271 3962 1340 θεοφιλε-

2365 1367 2561 1418 στάτου
2586 1365 2888 1418 ἐπισκόπου
2909 1364 3028 1417 ’16α
3046 1367 3365 1434 κατήγοροι,
3389 1362 3626 1426 ταύταις
3650 1363 3787 1414 καθ’
3811 1361 3960 1430 titan

2362 1460 2482 1521 ταῖς
2513 1457 2887 1526 ψευδολογίαις
2915 1459 3251 1527 ἐχρήσαντος
3287 1455 3511 1525 Πρῶτον
3543 1453 3650 1524 μὲν
3690 1451 3810 1522 γὰρ
3846 1453 3960 1504 ώδέ

2363 1551 2469 1602 τῶν
2497 1549 2700 1619 κριτῶν
2732 1551 2880 1618 ἥμην
2911 1549 3022 1615 ἐγώ
3045 1566 3056 1577 ⁸
3096 1547 3238 1600 κατά
3263 1546 3372 1615 γάρ
3405 1547 3503 1614 τὴν
3535 1544 3846 1613 βασιλικὴν
3866 1543 3960 1610 ’ᾁῆ-

2364 1659 2462 1708 φον
2490 1644 2545 1693 ἐν
2571 1643 2636 1709 τῇ
2674 1640 2879 1709 Κύρῤῳ
2909 1640 3115 1709 διῆγον.
3156 1639 3386 1690 Ἔπειτα
3429 1637 3507 1699 δὲ,
3541 1635 3623 1697 ὡς
3653 1635 3820 1705 παρὰ
3855 1636 3962 1685 πολ-

678 1735 737 1780 ut
766 1727 1006 1796 mystice
1041 1728 1444 1783 communionis
1480 1746 1577 1798 per
1611 1732 1852 1786 salutare
1890 1733 2096 1788 Pascha
2130 1750 2257 1802 par-

2367 1731 2472 1783 λῶν
2495 1732 2728 1799 ἀκήκοα,
2757 1732 2849 1782 καὶ
2881 1730 3327 1799 δυσχεραίνοντες
3357 1728 3642 1780 διετέλουν
3691 1727 3798 1796 τὴν
3831 1728 3960 1792 ἡμε-

676 1816 869 1884 tieipcs
899 1815 1090 1871 tierent
1117 1833 1222 1888 ego
1260 1821 1468 1883 curavi,
1505 1830 1560 1876 et
1596 1837 1736 1891 sape
1768 1839 2124 1893 congressum
2159 1840 2248 1878 no-

675 1917 851 1960 strum
878 1921 1001 1960 cum
1029 1917 1373 1976 expeterent,
1409 1911 1623 1979 placide
1646 1914 1858 1981 excepi.
1885 1921 1940 1967 et
1967 1930 2087 1982 quae
2119 1929 2258 1983 Opus

674 2007 836 2050 erant
859 1999 1126 2068 suggessi.
1160 2000 1229 2054 Ut
1262 2010 1445 2054 autem
1474 2003 1639 2055 etiam
1664 2019 1763 2071 pro
1788 2005 1901 2056 Deo
1931 2005 2256 2060 charissimo

672 2089 937 2159 episcopo
988 2091 1212 2144 domino
1250 2093 1462 2146 Domno
1513 2094 1894 2162 reSpondeam,
1936 2096 2067 2164 quid
2104 2097 2256 2150 illum

676 2179 858 2234 facere
890 2181 1202 2248 oportebat,
1240 2183 1334 2252 qui
1375 2183 1454 2237 sic
1493 2193 1682 2252 aperte
1720 2187 2158 2255 oppugnabatur,
2199 2195 2257 2242 et

675 2267 935 2338 synodica
979 2271 1251 2324 sententia
1290 2270 1571 2340 depositos
1615 2273 1669 2326 in
1713 2274 1876 2326 aliam
1918 2275 2256 2344 provinciam

676 2359 874 2413 missos
912 2360 1154 2425 videbat,
1205 2362 1390 2430 ibique
1430 2363 1801 2417 sacerdotium
1845 2375 2035 2419 contra
2076 2369 2257 2422 eccle-

675 2448 930 2504 siasticas
969 2451 1118 2520 leges
1153 2466 1452 2514 resumere,
1483 2462 1539 2506 et
1570 2468 1720 2507 sacra
1749 2470 1813 2507 ac
1845 2455 2031 2510 divina
2060 2458 2128 2510 ab
2156 2459 2256 2512 ho-

674 2540 855 2594 stibus
885 2543 1130 2596 veritatis
1152 2541 1320 2596 rideri
1353 2552 1408 2596 et
1434 2543 1674 2597 ludibrio
1699 2544 1930 2598 haberi?
1960 2546 2258 2616 Propterea

677 2639 738 2682 ut
772 2629 886 2684 lnec
918 2630 1193 2700 cognovit,
1236 2631 1500 2701 judicium
1530 2634 1595 2687 ad
1633 2635 1770 2688 alios
1803 2636 2126 2700 transmisit,
2156 2653 2258 2691 nec

675 2720 742 2774 ad
779 2722 890 2776 Deo
917 2723 1301 2778 charissimum
1334 2724 1618 2778 dominum
1654 2727 1801 2779 lbam
1840 2729 2038 2791 solum,
2065 2743 2256 2782 verum

675 2813 841 2866 etiam
863 2815 929 2868 ad
959 2816 1362 2870 sanctissimum
1391 2817 1711 2887 episcopum
1745 2819 1952 2873 Amida:
1976 2821 2258 2874 dominum

679 2905 1015 2970 Simeonem,
1051 2917 1111 2962 ut
1143 2909 1376 2963 duarum
1404 2911 1816 2979 provinciarum
1856 2912 2256 2980 Metropolitani

678 2995 945 3066 integram
963 3013 1142 3053 causa
1162 3001 1532 3069 cognitionem
1561 3000 1926 3070 susciperent.
1951 3000 2054 3066 Qui
2075 3010 2257 3056 autem

2367 1824 2530 1893 τέραν
2553 1822 2837 1888 ἀπόλειψιν
2859 1838 2870 1849 ·
2896 1822 2989 1874 καὶ
3011 1823 3122 1890 γὰρ
3142 1820 3239 1890 τῆς
3269 1819 3540 1888 μυστικῆς
3566 1818 3784 1878 αὐτοὺς
3811 1819 3868 1867 ἐν
3896 1816 3961 1882 τῷ

2369 1915 2622 1984 σωτηρίῳ
2669 1915 2863 1983 Πάσχα
2917 1912 3242 1982 μεταλαχεῐν
3292 1909 3588 1971 κοινωνίας
3648 1909 3773 1975 ἐγὼ
3831 1907 3961 1975 ιταρ-

2367 2004 2641 2057 εσκεύασα
2660 2021 2674 2034 ο
2703 2004 2797 2056 καὶ
2826 2003 3086 2065 πολλάκις
3121 2003 3251 2070 ἡμῖν
3275 2001 3562 2066 συντυχεῖν
3591 1997 3960 2067 ἐθελήσαντας

2365 2096 2609 2166 εὐμενῶς
2662 2094 2953 2163 ἐδεξάμην,
2989 2094 3082 2146 xal
3138 2093 3524 2162 εἰσηγησάμην
3574 2091 3732 2159 ἆπερ
3777 2089 3955 2160 ἐχρῆν.

2366 2189 2485 2240 ’Ὶνα
2511 2188 2568 2239 δὲ
2616 2189 2708 2239 καὶ
2750 2187 2889 2255 ὑπὲρ
2926 2183 3019 2238 τοῦ
3056 2183 3472 2253 θεοφιλεστάτου
3523 2183 3846 2235 ἐπισκόπου
3875 2180 3959 2232 τοῦ

2367 2277 2558 2346 κυρίου
2589 2277 2794 2345 Δόμνου
2839 2275 3272 2344 ἀπολογήσωμαι
3299 2315 3315 2337 ,
3368 2273 3421 2326 τί
3469 2274 3582 2326 εδει
3615 2273 3836 2342 πρᾶξαι
3881 2272 3960 2322 τὸν

2367 2370 2514 2423 οὕτω
2568 2368 2817 2438 φανερῶς
2867 2367 3272 2437 πολεμούμενον
3298 2407 3313 2428 ,
3361 2367 3459 2419 καὶ
3517 2365 3813 2434 θεώμενον
3845 2366 3960 2422 =93...-

2365 2461 2530 2529 ψήφῳ
2564 2460 2814 2528 συνοδικῇ
2843 2457 3311 2527 καθαιρουμένους
3340 2458 3416 2519 εἰς
3450 2456 3652 2526 ἑτέραν
3693 2457 3958 2524 διοίκησιν

2367 2550 2782 2620 πεμπομένους,
2819 2549 2913 2600 καὶ
2959 2549 3110 2617 παρά
3161 2549 3288 2610 τούς
3333 2546 3843 2613 ἐκκλησιαστικοὺς
3880 2545 3959 2598 Θι-

2367 2643 2539 2710 σμοὺς
2560 2639 2656 2708 τὴν
2685 2638 2986 2707 ἱερωσύνην
3021 2636 3527 2705 ἀπολαμϐάνοντας,
3563 2635 3663 2687 καὶ
3689 2635 3768 2686 τά
3795 2637 3960 2687 σεπτὰ

2368 2729 2461 2781 καὶ
2497 2727 2619 2780 θεῖα
2652 2726 2800 2797 παρὰ
2838 2726 2947 2778 τῶν
2977 2725 3190 2796 ἐχθρῶν
3234 2726 3333 2795 τῆς
3378 2724 3646 2795 ἀληθείας
3674 2724 3959 2793 γελῶμενά

2367 2837 2425 2872 τε
2457 2821 2549 2872 καὶ
2593 2818 3034 2888 κωμῳδούμενας
3082 2817 3285 2871 Τούτου
3335 2818 3513 2888 χάριν,
3551 2815 3630 2879 ὡς
3669 2816 3843 2882 ἔγνω,
3870 2816 3956 2884 τὴν

2367 2910 2550 2981 κρίσιν
2580 2909 2788 2978 ἑτέροις
2817 2908 3170 2979 παρέπεμψε,
3194 2908 3288 2960 καὶ⁵
3320 2907 3382 2960 ού
3413 2908 3579 2976 μόνον
3605 2905 3687 2976 τῷ
3717 2906 3956 2974 θεοφιλε-

2370 3004 2549 3072 στάτῳ
2573 3000 2649 3070 τῷ
2676 3000 2848 3070 κυρίῳ
2879 3000 3032 3068 Ἴδα,
3079 2999 3217 3052 ἀλλά
3255 2999 3350 3053 καὶ
3387 2998 3466 3069 τῷ
3509 2999 3821 3068 ἁγιωτάτῳ
3857 3001 3960 3049 ἐπι-

673 3100 894 3153 aequum
932 3095 1019 3140 est
1057 3088 1280 3142 eosdem
1318 3097 1374 3142 et
1418 3089 1760 3143 crudelitatis
1805 3098 1860 3143 et
1900 3090 2258 3145 humanitatis

2369 3094 2555 3162 σκόπῳ
2579 3092 2657 3162 τῷ
2686 3091 2860 3163 κυρίῳ
2893 3089 3141 3160 Συμεῶνι
3165 3091 3242 3160 τῷ
3287 3089 3532 3159 ’Δμίδης,
3557 3089 3709 3142 ὥστε
3740 3088 3855 3140 τῶν
3875 3089 3960 3141 δύο

677 3176 899 3229 nomine
916 3177 1196 3231 accusari?
1218 3178 1434 3232 Etenim
1460 3180 1505 3234 si
1529 3180 1800 3250 ejicimus,
1844 3181 2220 3250 periclitamur
2243 3200 2254 3234 :

676 3267 865 3322 sinon
905 3269 1178 3340 ejicilnus,
1215 3272 1524 3339 periculum
1565 3289 1677 3325 non
1717 3273 2025 3337 evadimus,
2065 3283 2122 3327 et
2157 3274 2258 3327 soli

675 3357 938 3412 omnibus
989 3358 1044 3412 in
1091 3361 1257 3414 terris
1306 3377 1709 3431 oppugnamur.
1759 3362 1826 3415 Et
1873 3363 1992 3416 alia:
2035 3362 2257 3432 quidem

678 3448 951 3504 dimceses
977 3451 1179 3520 quieta:
1213 3455 1428 3517 vivunt,
1458 3470 1559 3508 nos
1591 3471 1723 3509 vero
1759 3456 1860 3509 soli
1895 3456 2260 3510 calumniato-

679 3541 834 3596 ribus
866 3544 1100 3612 expositi
1128 3559 1317 3598 sumus
1350 3563 1361 3596 :
1392 3554 1555 3613 atque
1590 3561 1690 3616 ego
1721 3548 2015 3615 pramipue,
2045 3549 2262 3602 tametsi

679 3648 782 3688 nec
804 3649 912 3688 una
939 3634 1253 3704 judicarim,
1281 3636 1502 3689 etomni
1538 3651 1764 3704 prorsus
1790 3636 1950 3704 culpa
1977 3653 2184 3690 vacem.

2369 3186 2648 3256 ἐπαρχιῶν
2679 3184 2806 3245 τοὺς
2840 3181 3244 3252 μητροπολίτας
3277 3179 3563 3233 διακοῦσαι
3604 3179 3720 3233 τῶν
3765 3177 3956 3231 6200(-

2371 3295 2528 3330 σεων.
2571 3275 2693 3337 Πῶς
2718 3275 2776 3328 δὲ
2807 3274 3018 3326 δίκαιον
3037 3273 3161 3334 τοὺς
3184 3271 3376 3334 αὐτοὺς
3404 3269 3670 3340 ὠμότητα
3717 3270 3818 3323 καὶ
3842 3269 3958 3337 φιλ-

2370 3370 2466 3422 ανθ
2475 3368 2683 3439 ρωπίαν
2701 3365 3126 3436 κατηγορεῖσθαι
3145 3381 3160 3429 ;
3191 3365 3300 3418 Kal
3321 3363 3428 3434 γάρ
3454 3362 3824 3426 ἐκϐάλλοντες
3846 3380 3956 3415 κιν-

2370 3461 2680 3529 δυνεύομεν,
2737 3459 2829 3512 καὶ
2868 3457 2942 3528 μὴ
2985 3456 3338 3518 ἐκϐάλλοντες
3388 3456 3516 3518 τοὺς
3563 3454 3857 3516 κινδύνους
3901 3455 3956 3506 ού

2370 3551 2732 3620 διαφεύγομεν
2756 3565 2769 3578 ·
2805 3547 2900 3602 καὶ
2952 3548 3110 3617 μόνοτ
3144 3544 3531 3615 πολεμούμεθα
3581 3546 3740 3614 παρά
3782 3547 3956 3599 πᾶσαν

2372 3644 2471 3712 τὴν
2495 3641 2840 3710 οἰκουμένην.
2875 3639 2987 3692 Kal
3014 3641 3071 3691 αἱ
3102 3639 3199 3708 μὲν
3227 3639 3385 3692 ἀλλαι
3414 3637 3718 3706 διοικήσεις
3745 3640 3806 3690 ἐν
3831 3639 3956 3707 ἡσυ-

678 3723 772 3793 χία
794 3723 1072 3793 διάγουσιν
1095 3742 1108 3755 ι
1142 3727 1302 3794 ἡμεῖς
1331 3725 1386 3776 δὲ
1415 3726 1565 3795 μόνοι
1589 3729 1702 3788 τοῖς
1731 3729 2100 3795 συκοφάνταις
2145 3735 2487 3805 προκείμεθα
2513 3753 2525 3766 ·
2565 3733 2674 3803 ἐγὼ
2710 3733 2767 3786 δὲ
2811 3732 3198 3802 διαφερόντως,
3263 3731 3441 3785 καίτοι
3503 3733 3645 3802 μήτε
3709 3731 3955 3783 συνδικα-

681 3830 801 3878 σας,
835 3815 929 3868 καὶ
963 3815 1241 3878 παντελῶς
1271 3817 1567 3879 ἀνεύθυνος
1597 3817 1692 3872 ῶν.

749 3904 874 3959 llaec
906 3921 1070 3974 porro
1103 3915 1162 3960 ut
1200 3908 1503 3963 scriberem
1537 3911 1696 3965 lectis
1731 3913 2124 3982 magnitudinis
2157 3925 2262 3970 tua:

679 3995 879 4049 litteris
913 4012 1034 4050 sum
1063 4009 1306 4064 coactus,
1349 4016 1473 4054 cum
1504 4017 1570 4056 ex
1604 4003 1712 4058 illis
1743 4004 2057 4060 didicissem
2090 4008 2260 4060 maxi-

680 4099 829 4136 mum
857 4096 1082 4155 propter
1114 4087 1215 4142 ista
1247 4089 1583 4143 concitatum
1619 4101 1826 4144 motum
1857 4093 1912 4145 in
1935 4109 2035 4148 nos
2069 4095 2257 4159 fuisse,

678 4175 932 4231 homines
967 4178 1256 4248 relegatos,
1285 4179 1504 4250 1183
1525 4191 1580 4234 et
1608 4183 1849 4250 quietem
1879 4185 2175 4253 amplexos,
2204 4196 2259 4241 et

675 4269 774 4336 qui
807 4282 910 4322 nec
953 4284 1078 4323 cum
1121 4272 1420 4340 provincia
1459 4273 1568 4327 Deo
1599 4273 1942 4334 charissimis
1985 4277 2261 4347 episcopis

677 4357 920 4413 solemus
949 4361 1266 4415 convenire.
1302 4362 1512 4417 Revera
1551 4364 1699 4418 enim
1727 4365 1869 4420 binae
1890 4367 2003 4437 jam
2037 4368 2091 4421 in
2129 4384 2261 4437 pro-

677 4446 860 4501 vincia
889 4455 1075 4501 nostra
1098 4450 1487 4520 episcoporum
1519 4453 1897 4509 ordinationes
1927 4455 2084 4511 facta:
2109 4467 2256 4524 sunt,

678 4536 882 4606 quibus
928 4554 1037 4593 non
1086 4540 1332 4595 interfui.
1365 4541 1521 4608 Quod
1561 4545 1604 4598 si
1648 4546 1799 4616 regio
1840 4547 2098 4603 mandato
2148 4566 2260 4604 non

679 4627 981 4696 detinerer,
1032 4632 1240 4687 abirem
1284 4634 1569 4703 profecto,
1612 4645 1667 4692 et
1705 4649 1975 4694 remotum
2020 4640 2259 4711 aliquem

2444 3912 2628 3967 Ταῦτα
2672 3912 3029 3982 ἠναγκάσθην
3085 3911 3296 3991 γράψαι
3361 3917 3474 3976 τοῖς
3531 3914 3628 3968 τοῦ
3688 3919 3950 3991 ὑμετέρού

2375 4006 2641 4076 μεγέθους
2671 4006 2998 4076 γράμμασιν
3020 4004 3280 4074 ἐντυχὼν,
3305 4007 3401 4058 καὶ
3433 4007 3627 4075 μαθὼν
3657 4009 3730 4061 δι’
3757 4013 3946 4075 αὐτῶν,

2367 4097 2440 4159 ὡς
2469 4097 2562 4149 καὶ
2583 4096 2669 4148 διὰ
2690 4095 2861 4148 ταῦτα
2892 4095 3104 4164 κίνησις
3145 4095 3378 4166 μεγίστη
3396 4097 3590 4166 γέγονε
3619 4100 3746 4152 καθ’
3777 4103 3945 4171 ἡμῶν,

2367 4187 2577 4256 ἀνδρῶν
2611 4186 3097 4257 περιορισθὲντων,
3145 4187 3240 4239 καὶ
3279 4187 3512 4256 ἡσυχίαν
3545 4189 3820 4256 ἀγόντων,
3865 4195 3947 4245 καὶ

2367 4279 2486 4331 ούδέ
2524 4280 2634 4339 τοῖς
2683 4276 2784 4345 τῆς
2823 4275 3088 4345 ἐπαρχίας
3145 4274 3585 4344 θεοφιλεστάτοις
3635 4279 3944 4342 ἐπισκόποις

2371 4367 2818 4437 συνεδρευόντων.
2849 4365 2938 4435 Τῷ
2960 4366 3073 4418 ὄντι
3091 4367 3200 4436 γάρ
3223 4365 3305 4429 δίς
3333 4367 3434 4436 ἤδη
3468 4371 3818 4437 χειροτονίας
3839 4375 3945 4424 ἐπι-

2371 4457 2640 4526 σκοπικῆς
2693 4459 2749 4510 ἐν
2778 4458 2843 4527 τῇ
2879 4457 3118 4540 ἐπαρχίᾳ
3167 4461 3231 4528 τῇ
3267 4458 3520 4542 ile-57g??-
3552 4463 3940 4532 γεγενημένης»

2366 4550 2622 4619 οὐδεμιᾶς
2652 4536 3006 4619 ἐκοινώνησα,
3043 4551 3104 4602 El
3133 4549 3189 4601 δέ
3226 4536 3428 4620 μὴίτῷ
3470 4551 3741 4622 βασιλικῷ
3778 4571 3941 4608 κατει-

2362 4641 2543 4710 χόμην
2576 4641 2758 4710 νόμῳ,
2789 4640 2897 4709 ἀρα
2930 4639 2995 4692 ἂν
3033 4641 3305 4711 ἀπέστην,
3342 4640 3436 4694 καί
3463 4658 3586 4694 τινα
3633 4645 3942 4698 καταλαεὼν

679 4733 957 4774 secessum
983 4732 1194 4790 petens,
1226 4727 1242 4746 ⁶
1266 4725 1341 4779 ibi
1374 4727 1617 4796 reliquos
1634 4730 1759 4784 vitae
1779 4729 1896 4785 dies
1920 4748 2256 4804 peragerem.

2367 4733 2646 4802 ἐσχατιὰν,
2678 4734 2794 4784 ἐκεῖ
2821 4733 2917 4794 τάς
2951 4731 3284 4802 λειπομένας
3327 4734 3541 4803 ἡμέρας
3578 4734 3796 4804 διῆγον.
3830 4737 3941 4790 Ἀτ-

680 4809 867 4865 Taedet
899 4814 1045 4868 enim
1073 4815 1327 4881 istorum,
1364 4834 1485 4887 qua:
1516 4820 1570 4873 in
1594 4836 1678 4873 me
1701 4831 2012 4876 struuntur.
2040 4823 2174 4879 Nam
2203 4835 2260 4881 et

678 4900 987 4958 Edessenos
1012 4906 1146 4961 istos
1180 4908 1425 4964 arbitror
1453 4927 1561 4964 non
1589 4928 1687 4966 sua
1721 4923 1916 4984 sponte
1945 4916 2085 4969 hanc
2125 4932 2257 4970 eon-

681 4999 764 5043 tra
791 5005 891 5046 nos
921 4993 1252 5048 calumniam
1279 4999 1538 5066 texuisse,
1577 5000 1670 5055 sed
1704 5001 1772 5056 de
1813 5003 1971 5058 nobis
2002 5004 2260 5059 didicisse

677 5096 747 5133 ex
785 5081 912 5145 illis,
949 5085 1042 5152 qui
1077 5085 1155 5139 ibi
1194 5097 1344 5153 sunt,
1395 5089 1716 5148 hominibus
1747 5095 1996 5149 veritatis
2025 5096 2260 5150 amanti-

679 5172 801 5226 bus.
828 5173 1016 5230 Gratia
1042 5186 1225 5233 autem
1248 5182 1491 5236 omnium
1511 5185 1813 5250 Servatori,
1838 5188 1982 5256 quod
2011 5205 2095 5243 me
2122 5189 2263 5242 indi-

678 5279 844 5331 gnum
871 5265 1002 5321 licet
1029 5271 1362 5340 evangelicis
1396 5273 1835 5332 beatitudinibus
1872 5278 2131 5347 dignatus
2157 5287 2260 5333 est.

679 5351 792 5407 llac
810 5354 877 5408 de
904 5372 1066 5412 causa
1087 5367 1143 5414 et
1164 5362 1554 5432 relegationem
1581 5383 1703 5420 cum
1721 5369 1999 5437 voluptate
2023 5368 2260 5436 suscepi,

681 5446 1010 5502 etexsilium
1039 5461 1315 5521 exspecto,
1338 5463 1394 5509 et
1427 5457 1695 5528 quidquid
1737 5459 1943 5514 inferre
1982 5459 2261 5513 voluerint

755 5586 864 5667 (338)
895 5589 1099 5667 Eadem
1139 5596 1369 5667 epistola
1429 5595 1543 5649 Lat.
1577 5607 1661 5652 est
1687 5597 1832 5667 apud
1873 5598 2070 5652 Baron.
2104 5597 2168 5651 ad
2203 5613 2252 5650 a.

683 5654 971 5746 όιβληιοιιξι.
1003 5662 1093 5726 γι,
1117 5654 1190 5746 Dp:
1213 5666 1424 5746 7_0_seq_.
1717 5654 1736 5746 ,Ι
1856 5740 1866 5746 _
2029 5726 2042 5746 ι

754 5731 864 5800 (69)
896 5728 1021 5788 Sive
1065 5728 1143 5803 μή
1194 5728 1507 5791 addendum
1539 5747 1642 5802 est,
1687 5739 1799 5794 sive
1854 5740 1958 5793 hoc
1999 5728 2248 5805 θέιλαλήθ.

2369 4825 2569 4896 είρηκα
2601 4824 2711 4893 γὰρ
2751 4823 2888 4894 πρὸς
2911 4824 2981 4876 τά
3017 4827 3141 4876 κατ’
3163 4823 3298 4893 ἐμοῦ
3321 4825 3690 4896 τυρευόμενα.
3713 4830 3827 4881 Kal
3849 4829 3940 4897 γάρ

2367 4915 2593 4986 τούτους
2624 4915 2821 4976 αὐτοὺς
2858 4916 2982 4978 τοὺς
3027 4915 3340 4985 Ἐδεσηνοὺς
3379 4917 3477 4969 ούκ
3513 4915 3672 4988 οἶμαι
3717 4922 3938 4991 αὐτομά-

2369 5021 2476 5067 τως
2507 5005 2710 5074 ταύτην
2744 5003 2864 5054 καθ’
2899 5002 3058 5073 ἡμῶν
3080 5004 3178 5074 τὴν
3203 5006 3569 5072 συκοφαντίαν
3594 5008 3821 5078 ὑφῆναι,
3842 5009 3936 5061 ἀλλ’

2372 5096 2478 5149 ὑπὸ
2514 5096 2621 5148 τῶν
2675 5093 2862 5147 αὐτόθι
2917 5093 3229 5163 φιλαλήθων
3264 5094 3376 5163 (69)
3427 5095 3740 5167 ἀνθρώπων
3785 5099 3934 5152 ταῦτα

2371 5188 2492 5242 καθ’
2532 5188 2687 5257 ἡμῶν
2718 5184 3049 5254 διδαχθῆναι.
3104 5186 3213 5237 Καὶ
3257 5187 3419 5256 χάρις
3468 5187 3547 5257 τῷ
3585 5189 3804 5256 Σωτῆρι
3845 5192 3934 5244 τῶν

2369 5280 2528 5341 ὅλων,
2561 5279 2642 5332 δτι
2693 5294 2758 5346 με
2789 5275 3005 5339 ἀνάξιον
3037 5275 3168 5329 ὄντα
3197 5277 3306 5330 τῶν
3355 5278 3734 5346 εύσγγελικῶν
3759 5283 3933 5350 ἠξίωσε

2374 5368 2757 5439 μακαρισμῶν.
2787 5363 2885 5418 Διά
2912 5383 2991 5417 τοι
3012 5365 3170 5418 τοῦτο
3203 5368 3292 5419 καὶ
3317 5367 3410 5420 τὸν
3445 5371 3809 5440 περιορισμὸν
3834 5371 3934 5441 μεθ’

2369 5459 2559 5530 ἡδονῆς
2597 5459 2887 5526 ἐδεξάμην,
2916 5457 3008 5509 xal
3037 5456 3135 5526 τὴν
3167 5456 3381 5526 ἐξορίαν
3417 5459 3791 5529 προσδέχομαι
3814 5481 3826 5493 ·
3857 5463 3932 5515 καὶ

2366 5598 2571 5676 ironice
2621 5593 3255 5676 accipiendumhlqualia
3299 5609 3463 5676 quam
3500 5594 3928 5676 plurima-sunt.

2366 5683 2488 5722 cum
2521 5667 2587 5721 de
2618 5664 2857 5719 inimicis
2899 5664 3162 5733 loquitur,
3215 5664 3270 5718 in
3319 5663 3567 5735 epistolis
3595 5663 3928 5722 Theodoreti.
