  <div class='ocr_page' id='page_1' title='image "/cluster/home/n/w/nwhite01/storage/ocr_20150623/83/pst.000005712823/662.png"; bbox 0 0 4078 6320; ppageno 0'>
   <div class='ocr_carea' id='block_1_1' title="bbox 230 355 374 425">
    <p class='ocr_par' dir='ltr' id='par_1_1' title="bbox 230 355 374 425">
     <span class='ocr_line' id='line_1_1' title="bbox 230 355 374 425; baseline 0.021 -3"><span class='ocrx_word' id='word_1_1' title='bbox 230 355 374 425; x_wconf 67' lang='lat'><strong>1309</strong></span> 
     </span>
    </p>
   </div>
   <div class='ocr_carea' id='block_1_2' title="bbox 1654 368 2242 463">
    <p class='ocr_par' dir='ltr' id='par_1_2' title="bbox 1654 368 2242 463">
     <span class='ocr_line' id='line_1_2' title="bbox 1654 368 2242 463; baseline 0.009 -33"><span class='ocrx_word' id='word_1_2' title='bbox 1654 368 2024 432; x_wconf 79' lang='lat' dir='ltr'><strong>EPISTOLA</strong></span> <span class='ocrx_word' id='word_1_3' title='bbox 2060 372 2182 463; x_wconf 71' lang='lat' dir='ltr'><strong>CX)</strong></span> <span class='ocrx_word' id='word_1_4' title='bbox 2197 374 2242 435; x_wconf 80' lang='grc' dir='ltr'><strong>Ι.</strong></span> 
     </span>
    </p>
   </div>
   <div class='ocr_carea' id='block_1_3' title="bbox 3376 373 3514 465">
    <p class='ocr_par' dir='ltr' id='par_1_3' title="bbox 3376 373 3514 465">
     <span class='ocr_line' id='line_1_3' title="bbox 3376 373 3514 465; baseline 0 -26"><span class='ocrx_word' id='word_1_5' title='bbox 3376 373 3514 465; x_wconf 77' lang='lat' dir='ltr'><strong>13m</strong></span> 
     </span>
    </p>
   </div>
   <div class='ocr_carea' id='block_1_4' title="bbox 225 469 1821 554">
    <p class='ocr_par' dir='ltr' id='par_1_4' title="bbox 225 469 1821 551">
     <span class='ocr_line' id='line_1_4' title="bbox 225 469 1821 551; baseline 0.006 -27"><span class='ocrx_word' id='word_1_6' title='bbox 225 471 342 524; x_wconf 77' lang='grc' dir='ltr'><strong>πᾶν</strong></span> <span class='ocrx_word' id='word_1_7' title='bbox 366 469 506 543; x_wconf 83' lang='grc' dir='ltr'>ὅπερ</span> <span class='ocrx_word' id='word_1_8' title='bbox 534 469 602 525; x_wconf 71' lang='grc' dir='ltr'>ἂν</span> <span class='ocrx_word' id='word_1_9' title='bbox 623 469 928 542; x_wconf 70' lang='grc' dir='ltr'><strong>ἐπαγαγεῖν</strong></span> <span class='ocrx_word' id='word_1_10' title='bbox 957 472 1237 539; x_wconf 66' lang='grc' dir='ltr'>ἐθέλωσιν,</span> <span class='ocrx_word' id='word_1_11' title='bbox 1265 475 1562 542; x_wconf 79' lang='grc' dir='ltr'><strong>ἀσπαστῶς</strong></span> <span class='ocrx_word' id='word_1_12' title='bbox 1593 478 1821 551; x_wconf 82' lang='grc' dir='ltr'>δέχομαι</span> 
     </span>
    </p>
   </div>
   <div class='ocr_carea' id='block_1_5' title="bbox 1923 469 3514 554">
    <p class='ocr_par' dir='ltr' id='par_1_5' title="bbox 1926 479 3514 554">
     <span class='ocr_line' id='line_1_5' title="bbox 1926 479 3514 554; baseline 0.003 -19"><span class='ocrx_word' id='word_1_13' title='bbox 1926 492 2153 554; x_wconf 84' lang='lat' dir='ltr'><strong>propter</strong></span> <span class='ocrx_word' id='word_1_14' title='bbox 2178 481 2485 553; x_wconf 75' lang='lat' dir='ltr'><strong>repositam</strong></span> <span class='ocrx_word' id='word_1_15' title='bbox 2504 495 2658 552; x_wconf 85' lang='lat' dir='ltr'><strong>spem</strong></span> <span class='ocrx_word' id='word_1_16' title='bbox 2678 479 2918 537; x_wconf 75' lang='lat' dir='ltr'><strong>libenter</strong></span> <span class='ocrx_word' id='word_1_17' title='bbox 2942 481 3264 553; x_wconf 87' lang='lat' dir='ltr'><strong>amplector.</strong></span> <span class='ocrx_word' id='word_1_18' title='bbox 3285 482 3393 538; x_wconf 87' lang='lat' dir='ltr'><strong>Pro</strong></span> <span class='ocrx_word' id='word_1_19' title='bbox 3421 491 3514 539; x_wconf 85' lang='lat' dir='ltr'><strong>tua</strong></span> 
     </span>
    </p>
   </div>
   <div class='ocr_carea' id='block_1_6' title="bbox 216 560 1818 641">
    <p class='ocr_par' dir='ltr' id='par_1_6' title="bbox 216 560 1818 641">
     <span class='ocr_line' id='line_1_6' title="bbox 216 560 1818 641; baseline 0.007 -26"><span class='ocrx_word' id='word_1_20' title='bbox 216 560 319 616; x_wconf 72' lang='grc' dir='ltr'><strong>διὰ</strong></span> <span class='ocrx_word' id='word_1_21' title='bbox 347 560 446 635; x_wconf 78' lang='grc' dir='ltr'>τὴν</span> <span class='ocrx_word' id='word_1_22' title='bbox 466 562 841 637; x_wconf 73' lang='grc' dir='ltr'><strong>ἀποκειμένην</strong></span> <span class='ocrx_word' id='word_1_23' title='bbox 874 564 1086 620; x_wconf 75' lang='grc' dir='ltr'>ἐλπίδα.</span> <span class='ocrx_word' id='word_1_24' title='bbox 1120 566 1234 637; x_wconf 87' lang='grc' dir='ltr'>Τῆς</span> <span class='ocrx_word' id='word_1_25' title='bbox 1255 567 1315 622; x_wconf 76' lang='grc' dir='ltr'>δὲ</span> <span class='ocrx_word' id='word_1_26' title='bbox 1338 568 1621 641; x_wconf 76' lang='grc' dir='ltr'>ὑμετέρας</span> <span class='ocrx_word' id='word_1_27' title='bbox 1646 589 1818 641; x_wconf 89' lang='grc' dir='ltr'>μεγα-</span> 
     </span>
    </p>
   </div>
   <div class='ocr_carea' id='block_1_7' title="bbox 215 649 1818 732">
    <p class='ocr_par' dir='ltr' id='par_1_7' title="bbox 215 649 1818 732">
     <span class='ocr_line' id='line_1_7' title="bbox 215 649 1818 732; baseline 0.008 -29"><span class='ocrx_word' id='word_1_28' title='bbox 215 649 455 722; x_wconf 71' lang='grc' dir='ltr'>λοφυτας</span> <span class='ocrx_word' id='word_1_29' title='bbox 517 651 781 723; x_wconf 81' lang='grc' dir='ltr'><strong>διηνεκῶς</strong></span> <span class='ocrx_word' id='word_1_30' title='bbox 835 655 1210 728; x_wconf 81' lang='grc' dir='ltr'>ὐπερεύχομαι</span> <span class='ocrx_word' id='word_1_31' title='bbox 1235 698 1251 722; x_wconf 88' lang='grc'><strong>,</strong></span> <span class='ocrx_word' id='word_1_32' title='bbox 1306 657 1402 712; x_wconf 70' lang='grc' dir='ltr'>καὶ</span> <span class='ocrx_word' id='word_1_33' title='bbox 1451 660 1577 724; x_wconf 80' lang='grc' dir='ltr'>τοὺς</span> <span class='ocrx_word' id='word_1_34' title='bbox 1630 661 1818 732; x_wconf 79' lang='grc' dir='ltr'><strong>ἁγίους</strong></span> 
     </span>
    </p>
   </div>
   <div class='ocr_carea' id='block_1_8' title="bbox 216 743 1556 819">
    <p class='ocr_par' dir='ltr' id='par_1_8' title="bbox 216 743 1556 819">
     <span class='ocr_line' id='line_1_8' title="bbox 216 743 1556 819; baseline 0.005 -22"><span class='ocrx_word' id='word_1_35' title='bbox 216 743 480 809; x_wconf 74' lang='grc' dir='ltr'>ἅπαντας</span> <span class='ocrx_word' id='word_1_36' title='bbox 509 748 787 799; x_wconf 81' lang='grc' dir='ltr'><strong>κοινωνεῖν</strong></span> <span class='ocrx_word' id='word_1_37' title='bbox 822 758 915 818; x_wconf 83' lang='grc' dir='ltr'><strong>μοι</strong></span> <span class='ocrx_word' id='word_1_38' title='bbox 950 746 1058 801; x_wconf 88' lang='grc' dir='ltr'><strong>τῶν</strong></span> <span class='ocrx_word' id='word_1_39' title='bbox 1091 747 1267 819; x_wconf 80' lang='grc' dir='ltr'>εὐχῶν</span> <span class='ocrx_word' id='word_1_40' title='bbox 1304 748 1556 805; x_wconf 82' lang='grc' dir='ltr'><strong>ἱκετεύω.</strong></span> 
     </span>
    </p>
   </div>
   <div class='ocr_carea' id='block_1_9' title="bbox 298 857 1746 936">
    <p class='ocr_par' dir='ltr' id='par_1_9' title="bbox 298 857 1746 936">
     <span class='ocr_line' id='line_1_9' title="bbox 298 857 1746 936; baseline 0.007 -27"><span class='ocrx_word' id='word_1_41' title='bbox 298 857 449 912; x_wconf 81' lang='lat' dir='ltr'><strong>PlB’.</strong></span> <span class='ocrx_word' id='word_1_42' title='bbox 484 886 553 900; x_wconf 90' lang='lat'><strong>—-</strong></span> <span class='ocrx_word' id='word_1_43' title='bbox 584 857 792 927; x_wconf 78' lang='grc' dir='ltr'>Δόμνφ</span> <span class='ocrx_word' id='word_1_44' title='bbox 834 860 1152 924; x_wconf 63' lang='grc' dir='ltr'>ἐπισκόπου</span> <span class='ocrx_word' id='word_1_45' title='bbox 1203 861 1576 931; x_wconf 70' lang='grc' dir='ltr'><strong>Ἀντιοχείας</strong></span> <span class='ocrx_word' id='word_1_46' title='bbox 1607 863 1746 936; x_wconf 87' lang='grc'><strong>(70).</strong></span> 
     </span>
    </p>
   </div>
   <div class='ocr_carea' id='block_1_10' title="bbox 313 970 1820 1054">
    <p class='ocr_par' dir='ltr' id='par_1_10' title="bbox 313 970 1820 1054">
     <span class='ocr_line' id='line_1_10' title="bbox 313 970 1820 1054; baseline 0.007 -32"><span class='ocrx_word' id='word_1_47' title='bbox 313 970 652 1042; x_wconf 84' lang='grc' dir='ltr'>Ἦλπίσαμεν</span> <span class='ocrx_word' id='word_1_48' title='bbox 677 972 991 1029; x_wconf 85' lang='grc' dir='ltr'>πεπαῦσθαι</span> <span class='ocrx_word' id='word_1_49' title='bbox 1016 974 1087 1028; x_wconf 82' lang='grc' dir='ltr'><strong>τὰ</strong></span> <span class='ocrx_word' id='word_1_50' title='bbox 1118 974 1424 1047; x_wconf 70' lang='grc' dir='ltr'>σκυθρωπὰ</span> <span class='ocrx_word' id='word_1_51' title='bbox 1443 1017 1457 1041; x_wconf 93' lang='grc'><strong>,</strong></span> <span class='ocrx_word' id='word_1_52' title='bbox 1489 977 1652 1031; x_wconf 87' lang='grc' dir='ltr'>τινῶν</span> <span class='ocrx_word' id='word_1_53' title='bbox 1686 980 1820 1054; x_wconf 83' lang='grc' dir='ltr'>ήμῖν</span> 
     </span>
    </p>
   </div>
   <div class='ocr_carea' id='block_1_11' title="bbox 216 1060 1822 1138">
    <p class='ocr_par' dir='ltr' id='par_1_11' title="bbox 216 1060 1822 1138">
     <span class='ocr_line' id='line_1_11' title="bbox 216 1060 1822 1138; baseline 0.008 -28"><span class='ocrx_word' id='word_1_54' title='bbox 216 1060 630 1129; x_wconf 84' lang='grc' dir='ltr'>μεμηνυκότων</span> <span class='ocrx_word' id='word_1_55' title='bbox 664 1062 740 1127; x_wconf 84' lang='grc' dir='ltr'><strong>ὡς</strong></span> <span class='ocrx_word' id='word_1_56' title='bbox 768 1063 1005 1135; x_wconf 70' lang='grc' dir='ltr'>ἑσδᾶσθη</span> <span class='ocrx_word' id='word_1_57' title='bbox 1034 1065 1133 1135; x_wconf 71' lang='grc' dir='ltr'>μὲν</span> <span class='ocrx_word' id='word_1_58' title='bbox 1161 1065 1193 1136; x_wconf 89' lang='grc' dir='ltr'><strong>ή</strong></span> <span class='ocrx_word' id='word_1_59' title='bbox 1238 1064 1334 1118; x_wconf 90' lang='grc' dir='ltr'><strong>τοῦ</strong></span> <span class='ocrx_word' id='word_1_60' title='bbox 1380 1066 1691 1120; x_wconf 78' lang='grc' dir='ltr'><strong>καλλινίκου</strong></span> <span class='ocrx_word' id='word_1_61' title='bbox 1710 1060 1822 1138; x_wconf 64' lang='grc' dir='ltr'><strong>”βα-</strong></span> 
     </span>
    </p>
   </div>
   <div class='ocr_carea' id='block_1_12' title="bbox 212 1150 1820 1227">
    <p class='ocr_par' dir='ltr' id='par_1_12' title="bbox 212 1150 1820 1227">
     <span class='ocr_line' id='line_1_12' title="bbox 212 1150 1820 1227; baseline 0.007 -25"><span class='ocrx_word' id='word_1_62' title='bbox 212 1150 420 1213; x_wconf 79' lang='grc' dir='ltr'>σιλέως</span> <span class='ocrx_word' id='word_1_63' title='bbox 445 1152 807 1225; x_wconf 76' lang='grc' dir='ltr'><strong>μικροψυχία,</strong></span> <span class='ocrx_word' id='word_1_64' title='bbox 836 1155 1181 1225; x_wconf 58' lang='grc' dir='ltr'>καταλλαγαί.</span> <span class='ocrx_word' id='word_1_65' title='bbox 1205 1155 1264 1210; x_wconf 74' lang='grc' dir='ltr'>δὲ</span> <span class='ocrx_word' id='word_1_66' title='bbox 1289 1156 1494 1227; x_wconf 79' lang='grc' dir='ltr'>μεταξὺ</span> <span class='ocrx_word' id='word_1_67' title='bbox 1531 1159 1699 1212; x_wconf 85' lang='grc' dir='ltr'>αὐτοῦ</span> <span class='ocrx_word' id='word_1_68' title='bbox 1725 1160 1820 1213; x_wconf 75' lang='grc' dir='ltr'>καὶ</span> 
     </span>
    </p>
   </div>
   <div class='ocr_carea' id='block_1_13' title="bbox 208 1239 1818 1317">
    <p class='ocr_par' dir='ltr' id='par_1_13' title="bbox 208 1239 1818 1317">
     <span class='ocr_line' id='line_1_13' title="bbox 208 1239 1818 1317; baseline 0.007 -26"><span class='ocrx_word' id='word_1_69' title='bbox 208 1239 321 1293; x_wconf 77' lang='grc' dir='ltr'><strong>τοῦ</strong></span> <span class='ocrx_word' id='word_1_70' title='bbox 342 1240 759 1310; x_wconf 74' lang='grc' dir='ltr'>θεοφιλεστάτου</span> <span class='ocrx_word' id='word_1_71' title='bbox 787 1246 1088 1301; x_wconf 77' lang='grc' dir='ltr'>ἐπισκόπου</span> <span class='ocrx_word' id='word_1_72' title='bbox 1114 1248 1457 1317; x_wconf 73' lang='grc' dir='ltr'>γεγένηνται,</span> <span class='ocrx_word' id='word_1_73' title='bbox 1488 1249 1580 1303; x_wconf 78' lang='grc' dir='ltr'>καὶ</span> <span class='ocrx_word' id='word_1_74' title='bbox 1602 1250 1818 1304; x_wconf 78' lang='grc' dir='ltr'>πέπαυ-</span> 
     </span>
    </p>
   </div>
   <div class='ocr_carea' id='block_1_14' title="bbox 210 1332 1820 1415">
    <p class='ocr_par' dir='ltr' id='par_1_14' title="bbox 210 1332 1820 1415">
     <span class='ocr_line' id='line_1_14' title="bbox 210 1332 1820 1415; baseline 0.011 -32"><span class='ocrx_word' id='word_1_75' title='bbox 210 1346 318 1385; x_wconf 84' lang='grc' dir='ltr'><strong>ται</strong></span> <span class='ocrx_word' id='word_1_76' title='bbox 353 1332 508 1405; x_wconf 77' lang='grc' dir='ltr'>μὲνή</span> <span class='ocrx_word' id='word_1_77' title='bbox 541 1334 643 1405; x_wconf 81' lang='grc' dir='ltr'>τῆς</span> <span class='ocrx_word' id='word_1_78' title='bbox 664 1336 885 1391; x_wconf 80' lang='grc' dir='ltr'>συνόδου</span> <span class='ocrx_word' id='word_1_79' title='bbox 927 1338 1138 1409; x_wconf 82' lang='grc' dir='ltr'>κλῆσις,</span> <span class='ocrx_word' id='word_1_80' title='bbox 1169 1344 1202 1415; x_wconf 80' lang='grc' dir='ltr'><strong>ἡ</strong></span> <span class='ocrx_word' id='word_1_81' title='bbox 1232 1343 1292 1396; x_wconf 70' lang='grc' dir='ltr'>δὲ</span> <span class='ocrx_word' id='word_1_82' title='bbox 1323 1342 1435 1396; x_wconf 83' lang='grc' dir='ltr'><strong>τῶν</strong></span> <span class='ocrx_word' id='word_1_83' title='bbox 1477 1345 1820 1415; x_wconf 82' lang='grc' dir='ltr'>Ἐκκλησιῶν</span> 
     </span>
    </p>
   </div>
   <div class='ocr_carea' id='block_1_15' title="bbox 213 1422 1819 1506">
    <p class='ocr_par' dir='ltr' id='par_1_15' title="bbox 213 1422 1819 1506">
     <span class='ocr_line' id='line_1_15' title="bbox 213 1422 1819 1506; baseline 0.012 -33"><span class='ocrx_word' id='word_1_84' title='bbox 213 1422 532 1491; x_wconf 69' lang='grc' dir='ltr'>ἐπανῆλθεν</span> <span class='ocrx_word' id='word_1_85' title='bbox 563 1427 777 1499; x_wconf 59' lang='grc' dir='ltr'>εἰρήνη,</span> <span class='ocrx_word' id='word_1_86' title='bbox 805 1426 888 1481; x_wconf 82' lang='grc' dir='ltr'><strong>Τὰ</strong></span> <span class='ocrx_word' id='word_1_87' title='bbox 906 1427 964 1482; x_wconf 71' lang='grc' dir='ltr'>δὲ</span> <span class='ocrx_word' id='word_1_88' title='bbox 983 1428 1079 1484; x_wconf 89' lang='grc' dir='ltr'><strong>νῦν</strong></span> <span class='ocrx_word' id='word_1_89' title='bbox 1100 1433 1254 1503; x_wconf 75' lang='grc' dir='ltr'>παρὰ</span> <span class='ocrx_word' id='word_1_90' title='bbox 1275 1433 1376 1503; x_wconf 81' lang='grc' dir='ltr'>τῆς</span> <span class='ocrx_word' id='word_1_91' title='bbox 1408 1434 1510 1505; x_wconf 83' lang='grc' dir='ltr'>σῆς</span> <span class='ocrx_word' id='word_1_92' title='bbox 1539 1436 1819 1506; x_wconf 77' lang='grc' dir='ltr'>ὁσιότητος</span> 
     </span>
    </p>
   </div>
   <div class='ocr_carea' id='block_1_16' title="bbox 212 1515 1817 1596">
    <p class='ocr_par' dir='ltr' id='par_1_16' title="bbox 212 1515 1817 1596">
     <span class='ocr_line' id='line_1_16' title="bbox 212 1515 1817 1596; baseline 0.011 -31"><span class='ocrx_word' id='word_1_93' title='bbox 212 1515 507 1584; x_wconf 77' lang='grc' dir='ltr'>γραφέντα</span> <span class='ocrx_word' id='word_1_94' title='bbox 548 1517 754 1589; x_wconf 85' lang='grc' dir='ltr'>σφόδρα</span> <span class='ocrx_word' id='word_1_95' title='bbox 774 1519 931 1589; x_wconf 68' lang='grc' dir='ltr'>ἡμᾶς</span> <span class='ocrx_word' id='word_1_96' title='bbox 947 1522 1189 1592; x_wconf 72' lang='grc' dir='ltr'>ἠνίασεν.</span> <span class='ocrx_word' id='word_1_97' title='bbox 1231 1524 1397 1579; x_wconf 73' lang='grc' dir='ltr'>οὐδὲν</span> <span class='ocrx_word' id='word_1_98' title='bbox 1430 1526 1540 1596; x_wconf 86' lang='grc' dir='ltr'><strong>γὰρ</strong></span> <span class='ocrx_word' id='word_1_99' title='bbox 1573 1525 1721 1581; x_wconf 72' lang='grc' dir='ltr'>ἔστιν</span> <span class='ocrx_word' id='word_1_100' title='bbox 1754 1528 1817 1582; x_wconf 73' lang='grc' dir='ltr'>ἐκ</span> 
     </span>
    </p>
   </div>
   <div class='ocr_carea' id='block_1_17' title="bbox 209 1605 1818 1687">
    <p class='ocr_par' dir='ltr' id='par_1_17' title="bbox 209 1605 1818 1687">
     <span class='ocr_line' id='line_1_17' title="bbox 209 1605 1818 1687; baseline 0.011 -32"><span class='ocrx_word' id='word_1_101' title='bbox 209 1605 326 1673; x_wconf 80' lang='grc' dir='ltr'>τῆς</span> <span class='ocrx_word' id='word_1_102' title='bbox 348 1605 758 1678; x_wconf 80' lang='grc' dir='ltr'>θρυλλουμένης</span> <span class='ocrx_word' id='word_1_103' title='bbox 792 1610 1013 1667; x_wconf 77' lang='grc' dir='ltr'>συνόδου</span> <span class='ocrx_word' id='word_1_104' title='bbox 1058 1615 1429 1686; x_wconf 82' lang='grc' dir='ltr'>προσδοκῆσαι</span> <span class='ocrx_word' id='word_1_105' title='bbox 1472 1619 1733 1687; x_wconf 83' lang='grc' dir='ltr'>χρηστὸν,</span> <span class='ocrx_word' id='word_1_106' title='bbox 1769 1621 1818 1673; x_wconf 86' lang='grc' dir='ltr'><strong>εί</strong></span> 
     </span>
    </p>
   </div>
   <div class='ocr_carea' id='block_1_18' title="bbox 216 1693 1820 1779">
    <p class='ocr_par' dir='ltr' id='par_1_18' title="bbox 216 1693 1820 1779">
     <span class='ocr_line' id='line_1_18' title="bbox 216 1693 1820 1779; baseline 0.009 -31"><span class='ocrx_word' id='word_1_107' title='bbox 216 1693 308 1765; x_wconf 84' lang='grc' dir='ltr'>μὴ</span> <span class='ocrx_word' id='word_1_108' title='bbox 337 1696 446 1766; x_wconf 78' lang='grc' dir='ltr'>ἄρα</span> <span class='ocrx_word' id='word_1_109' title='bbox 474 1699 504 1751; x_wconf 86' lang='grc' dir='ltr'><strong>ὁ</strong></span> <span class='ocrx_word' id='word_1_110' title='bbox 527 1697 913 1771; x_wconf 83' lang='grc' dir='ltr'>φιλάνθρωπος</span> <span class='ocrx_word' id='word_1_111' title='bbox 945 1704 1224 1773; x_wconf 78' lang='grc' dir='ltr'>Δεσπότης</span> <span class='ocrx_word' id='word_1_112' title='bbox 1247 1745 1262 1767; x_wconf 86' lang='grc'><strong>,</strong></span> <span class='ocrx_word' id='word_1_113' title='bbox 1295 1709 1363 1777; x_wconf 80' lang='grc' dir='ltr'>τῇ</span> <span class='ocrx_word' id='word_1_114' title='bbox 1397 1706 1619 1778; x_wconf 83' lang='grc' dir='ltr'>συνήθει</span> <span class='ocrx_word' id='word_1_115' title='bbox 1658 1708 1820 1779; x_wconf 83' lang='grc' dir='ltr'>κηδε-</span> 
     </span>
    </p>
   </div>
   <div class='ocr_carea' id='block_1_19' title="bbox 216 1785 1816 1869">
    <p class='ocr_par' dir='ltr' id='par_1_19' title="bbox 216 1785 1816 1869">
     <span class='ocr_line' id='line_1_19' title="bbox 216 1785 1816 1869; baseline 0.011 -33"><span class='ocrx_word' id='word_1_116' title='bbox 216 1785 392 1856; x_wconf 74' lang='grc' dir='ltr'>μονίᾳ</span> <span class='ocrx_word' id='word_1_117' title='bbox 414 1790 781 1860; x_wconf 84' lang='grc' dir='ltr'>χρησάμενος,</span> <span class='ocrx_word' id='word_1_118' title='bbox 803 1788 913 1846; x_wconf 78' lang='grc' dir='ltr'><strong>τῶν</strong></span> <span class='ocrx_word' id='word_1_119' title='bbox 933 1810 1001 1847; x_wconf 90' lang='grc' dir='ltr'><strong>τα</strong></span> <span class='ocrx_word' id='word_1_120' title='bbox 1008 1795 1267 1866; x_wconf 86' lang='grc' dir='ltr'>ραχωδῶν</span> <span class='ocrx_word' id='word_1_121' title='bbox 1286 1796 1554 1869; x_wconf 83' lang='grc' dir='ltr'>δαιμόνων</span> <span class='ocrx_word' id='word_1_122' title='bbox 1574 1798 1816 1854; x_wconf 81' lang='grc' dir='ltr'>διαλύσει</span> 
     </span>
    </p>
   </div>
   <div class='ocr_carea' id='block_1_20' title="bbox 210 1877 1817 1961">
    <p class='ocr_par' dir='ltr' id='par_1_20' title="bbox 210 1877 1817 1961">
     <span class='ocr_line' id='line_1_20' title="bbox 210 1877 1817 1961; baseline 0.01 -33"><span class='ocrx_word' id='word_1_123' title='bbox 210 1877 329 1941; x_wconf 70' lang='grc' dir='ltr'>τὰς</span> <span class='ocrx_word' id='word_1_124' title='bbox 358 1882 627 1950; x_wconf 85' lang='grc' dir='ltr'>μηχανάς.</span> <span class='ocrx_word' id='word_1_125' title='bbox 661 1882 773 1936; x_wconf 75' lang='grc' dir='ltr'><strong>Καὶ</strong></span> <span class='ocrx_word' id='word_1_126' title='bbox 800 1883 908 1955; x_wconf 79' lang='grc' dir='ltr'>γὰρ</span> <span class='ocrx_word' id='word_1_127' title='bbox 937 1884 996 1937; x_wconf 73' lang='grc' dir='ltr'>ἰν</span> <span class='ocrx_word' id='word_1_128' title='bbox 1035 1889 1101 1958; x_wconf 77' lang='grc' dir='ltr'><strong>τῇ</strong></span> <span class='ocrx_word' id='word_1_129' title='bbox 1133 1888 1347 1959; x_wconf 83' lang='grc' dir='ltr'>μεγάλῃ</span> <span class='ocrx_word' id='word_1_130' title='bbox 1382 1889 1585 1961; x_wconf 80' lang='grc' dir='ltr'>συνόδῳ</span> <span class='ocrx_word' id='word_1_131' title='bbox 1606 1931 1621 1956; x_wconf 90' lang='grc'><strong>,</strong></span> <span class='ocrx_word' id='word_1_132' title='bbox 1651 1893 1718 1961; x_wconf 81' lang='grc' dir='ltr'><strong>τῇ</strong></span> <span class='ocrx_word' id='word_1_133' title='bbox 1758 1892 1817 1944; x_wconf 71' lang='grc' dir='ltr'>ὲν</span> 
     </span>
    </p>
   </div>
   <div class='ocr_carea' id='block_1_21' title="bbox 214 1968 1820 2053">
    <p class='ocr_par' dir='ltr' id='par_1_21' title="bbox 214 1968 1820 2053">
     <span class='ocr_line' id='line_1_21' title="bbox 214 1968 1820 2053; baseline 0.006 -31"><span class='ocrx_word' id='word_1_134' title='bbox 214 1968 437 2042; x_wconf 80' lang='grc' dir='ltr'>Νικαίᾳ</span> <span class='ocrx_word' id='word_1_135' title='bbox 461 1972 916 2049; x_wconf 81' lang='grc' dir='ltr'>συναθροισθείσῃ</span> <span class='ocrx_word' id='word_1_136' title='bbox 936 1978 1103 2049; x_wconf 77' lang='grc' dir='ltr'>φημὶ,</span> <span class='ocrx_word' id='word_1_137' title='bbox 1123 1979 1561 2051; x_wconf 80' lang='grc' dir='ltr'>συνεψηφίσαντο</span> <span class='ocrx_word' id='word_1_138' title='bbox 1586 1982 1687 2053; x_wconf 79' lang='grc' dir='ltr'>μὲν</span> <span class='ocrx_word' id='word_1_139' title='bbox 1706 1986 1820 2048; x_wconf 76' lang='grc' dir='ltr'>τοῖς</span> 
     </span>
    </p>
   </div>
   <div class='ocr_carea' id='block_1_22' title="bbox 211 2062 1819 2147">
    <p class='ocr_par' dir='ltr' id='par_1_22' title="bbox 211 2062 1819 2147">
     <span class='ocr_line' id='line_1_22' title="bbox 211 2062 1819 2147; baseline 0.009 -31"><span class='ocrx_word' id='word_1_140' title='bbox 211 2062 533 2134; x_wconf 77' lang='grc' dir='ltr'>ὁρθοδόξοις</span> <span class='ocrx_word' id='word_1_141' title='bbox 552 2069 601 2121; x_wconf 77' lang='lat' dir='ltr'><strong>oi</strong></span> <span class='ocrx_word' id='word_1_142' title='bbox 622 2067 721 2139; x_wconf 83' lang='grc' dir='ltr'>τῆς</span> <span class='ocrx_word' id='word_1_143' title='bbox 755 2070 968 2140; x_wconf 82' lang='grc' dir='ltr'>Ἀρείου</span> <span class='ocrx_word' id='word_1_144' title='bbox 997 2072 1330 2144; x_wconf 86' lang='grc' dir='ltr'>συμμορίας,</span> <span class='ocrx_word' id='word_1_145' title='bbox 1364 2074 1461 2128; x_wconf 72' lang='grc' dir='ltr'>καὶ</span> <span class='ocrx_word' id='word_1_146' title='bbox 1488 2078 1553 2147; x_wconf 81' lang='grc' dir='ltr'>τῇ</span> <span class='ocrx_word' id='word_1_147' title='bbox 1584 2077 1819 2130; x_wconf 83' lang='grc' dir='ltr'>ἀποστο-</span> 
     </span>
    </p>
   </div>
   <div class='ocr_carea' id='block_1_23' title="bbox 215 2155 1821 2231">
    <p class='ocr_par' dir='ltr' id='par_1_23' title="bbox 215 2155 1821 2231">
     <span class='ocr_line' id='line_1_23' title="bbox 215 2155 1821 2231; baseline 0.009 -24"><span class='ocrx_word' id='word_1_148' title='bbox 215 2155 355 2228; x_wconf 67' lang='grc' dir='ltr'>λικῇ</span> <span class='ocrx_word' id='word_1_149' title='bbox 399 2156 486 2210; x_wconf 75' lang='grc' dir='ltr'><strong>διὰ</strong></span> <span class='ocrx_word' id='word_1_150' title='bbox 513 2158 625 2212; x_wconf 90' lang='grc' dir='ltr'><strong>τῶν</strong></span> <span class='ocrx_word' id='word_1_151' title='bbox 669 2161 871 2231; x_wconf 85' lang='grc' dir='ltr'>χειρῶν</span> <span class='ocrx_word' id='word_1_152' title='bbox 904 2162 1121 2217; x_wconf 67' lang='grc' dir='ltr'>ἐκθέσει</span> <span class='ocrx_word' id='word_1_153' title='bbox 1153 2164 1457 2221; x_wconf 68' lang='grc' dir='ltr'>συνέθεντο.</span> <span class='ocrx_word' id='word_1_154' title='bbox 1500 2167 1821 2222; x_wconf 77' lang='grc' dir='ltr'>Διετέλεσαν</span> 
     </span>
    </p>
   </div>
   <div class='ocr_carea' id='block_1_24' title="bbox 216 2246 1819 2332">
    <p class='ocr_par' dir='ltr' id='par_1_24' title="bbox 216 2246 1819 2332">
     <span class='ocr_line' id='line_1_24' title="bbox 216 2246 1819 2332; baseline 0.008 -31"><span class='ocrx_word' id='word_1_155' title='bbox 216 2246 291 2301; x_wconf 64' lang='lat' dir='ltr'><strong>es</strong></span> <span class='ocrx_word' id='word_1_156' title='bbox 312 2250 379 2319; x_wconf 72' lang='grc' dir='ltr'>τῇ</span> <span class='ocrx_word' id='word_1_157' title='bbox 398 2249 626 2331; x_wconf 75' lang='grc' dir='ltr'>ἀληθεία</span> <span class='ocrx_word' id='word_1_158' title='bbox 651 2252 1035 2322; x_wconf 69' lang='grc' dir='ltr'>πολεμοῦντες,</span> <span class='ocrx_word' id='word_1_159' title='bbox 1061 2255 1167 2320; x_wconf 74' lang='grc' dir='ltr'>ἕως</span> <span class='ocrx_word' id='word_1_160' title='bbox 1193 2256 1253 2310; x_wconf 83' lang='grc' dir='ltr'>τὸ</span> <span class='ocrx_word' id='word_1_161' title='bbox 1275 2258 1437 2328; x_wconf 86' lang='grc' dir='ltr'>σῶμα</span> <span class='ocrx_word' id='word_1_162' title='bbox 1457 2259 1558 2329; x_wconf 77' lang='grc' dir='ltr'>τῆς</span> <span class='ocrx_word' id='word_1_163' title='bbox 1584 2261 1819 2332; x_wconf 84' lang='grc' dir='ltr'>Ἐκκλη-</span> 
     </span>
    </p>
   </div>
   <div class='ocr_carea' id='block_1_25' title="bbox 220 2338 1822 2418">
    <p class='ocr_par' dir='ltr' id='par_1_25' title="bbox 220 2338 1822 2418">
     <span class='ocr_line' id='line_1_25' title="bbox 220 2338 1822 2418; baseline 0.01 -29"><span class='ocrx_word' id='word_1_164' title='bbox 220 2338 354 2402; x_wconf 85' lang='grc' dir='ltr'>σίας</span> <span class='ocrx_word' id='word_1_165' title='bbox 399 2338 713 2412; x_wconf 63' lang='grc' dir='ltr'>διέρρηξαν.</span> <span class='ocrx_word' id='word_1_166' title='bbox 757 2338 868 2396; x_wconf 76' lang='grc' dir='ltr'><strong>Καὶ</strong></span> <span class='ocrx_word' id='word_1_167' title='bbox 919 2344 1218 2415; x_wconf 88' lang='grc' dir='ltr'>τριάκοντα</span> <span class='ocrx_word' id='word_1_168' title='bbox 1250 2348 1351 2418; x_wconf 81' lang='grc' dir='ltr'>μὲν</span> <span class='ocrx_word' id='word_1_169' title='bbox 1387 2348 1482 2418; x_wconf 74' lang='grc' dir='ltr'>ἔτη</span> <span class='ocrx_word' id='word_1_170' title='bbox 1514 2349 1822 2406; x_wconf 72' lang='grc' dir='ltr'>διετέλεσαν</span> 
     </span>
    </p>
   </div>
   <div class='ocr_carea' id='block_1_26' title="bbox 218 2431 1823 2507">
    <p class='ocr_par' dir='ltr' id='par_1_26' title="bbox 218 2431 1823 2507">
     <span class='ocr_line' id='line_1_26' title="bbox 218 2431 1823 2507; baseline 0.009 -26"><span class='ocrx_word' id='word_1_171' title='bbox 218 2431 617 2496; x_wconf 76' lang='grc' dir='ltr'>κοινωνοῦντες</span> <span class='ocrx_word' id='word_1_172' title='bbox 643 2433 915 2507; x_wconf 82' lang='grc' dir='ltr'>ἀλλήλοις,</span> <span class='ocrx_word' id='word_1_173' title='bbox 956 2436 1011 2489; x_wconf 79' lang='grc' dir='ltr'><strong>οί</strong></span> <span class='ocrx_word' id='word_1_174' title='bbox 1048 2453 1105 2491; x_wconf 84' lang='grc' dir='ltr'><strong>τε</strong></span> <span class='ocrx_word' id='word_1_175' title='bbox 1140 2438 1251 2492; x_wconf 87' lang='grc' dir='ltr'><strong>τῶν</strong></span> <span class='ocrx_word' id='word_1_176' title='bbox 1295 2439 1667 2495; x_wconf 85' lang='grc' dir='ltr'>ἀποστολικῶν</span> <span class='ocrx_word' id='word_1_177' title='bbox 1696 2444 1823 2496; x_wconf 86' lang='grc' dir='ltr'>άντ-</span> 
     </span>
    </p>
   </div>
   <div class='ocr_carea' id='block_1_27' title="bbox 219 2519 1821 2604">
    <p class='ocr_par' dir='ltr' id='par_1_27' title="bbox 219 2519 1821 2604">
     <span class='ocr_line' id='line_1_27' title="bbox 219 2519 1821 2604; baseline 0.01 -32"><span class='ocrx_word' id='word_1_178' title='bbox 219 2519 481 2590; x_wconf 80' lang='grc' dir='ltr'>εχόμενοι</span> <span class='ocrx_word' id='word_1_179' title='bbox 519 2524 833 2592; x_wconf 78' lang='grc' dir='ltr'>δογμάτων,</span> <span class='ocrx_word' id='word_1_180' title='bbox 867 2527 961 2580; x_wconf 74' lang='grc' dir='ltr'><strong>καὶ</strong></span> <span class='ocrx_word' id='word_1_181' title='bbox 991 2529 1049 2604; x_wconf 83' lang='grc' dir='ltr'><strong>οἱ¹</strong></span> <span class='ocrx_word' id='word_1_182' title='bbox 1087 2528 1185 2600; x_wconf 83' lang='grc' dir='ltr'>τὴν</span> <span class='ocrx_word' id='word_1_183' title='bbox 1226 2530 1437 2601; x_wconf 78' lang='grc' dir='ltr'>Ἀρείου</span> <span class='ocrx_word' id='word_1_184' title='bbox 1473 2530 1821 2602; x_wconf 81' lang='grc' dir='ltr'>βλασφημίαν</span> 
     </span>
    </p>
   </div>
   <div class='ocr_carea' id='block_1_28' title="bbox 218 2613 1820 2695">
    <p class='ocr_par' dir='ltr' id='par_1_28' title="bbox 218 2613 1820 2695">
     <span class='ocr_line' id='line_1_28' title="bbox 218 2613 1820 2695; baseline 0.011 -32"><span class='ocrx_word' id='word_1_185' title='bbox 218 2613 533 2678; x_wconf 87' lang='grc' dir='ltr'>νοσοῦντες.</span> <span class='ocrx_word' id='word_1_186' title='bbox 573 2617 664 2670; x_wconf 86' lang='grc' dir='ltr'>Ἐν</span> <span class='ocrx_word' id='word_1_187' title='bbox 722 2617 1023 2690; x_wconf 79' lang='grc' dir='ltr'>Ἀντιοχείᾳ</span> <span class='ocrx_word' id='word_1_188' title='bbox 1067 2620 1125 2672; x_wconf 77' lang='grc' dir='ltr'>δὲ</span> <span class='ocrx_word' id='word_1_189' title='bbox 1157 2620 1259 2689; x_wconf 81' lang='grc' dir='ltr'>τῆς</span> <span class='ocrx_word' id='word_1_190' title='bbox 1313 2622 1549 2695; x_wconf 62' lang='grc' dir='ltr'>ἔσχάτης</span> <span class='ocrx_word' id='word_1_191' title='bbox 1600 2625 1820 2679; x_wconf 88' lang='grc' dir='ltr'>συνόδου</span> 
     </span>
    </p>
   </div>
   <div class='ocr_carea' id='block_1_29' title="bbox 219 2702 1822 2786">
    <p class='ocr_par' dir='ltr' id='par_1_29' title="bbox 219 2702 1822 2786">
     <span class='ocr_line' id='line_1_29' title="bbox 219 2702 1822 2786; baseline 0.009 -30"><span class='ocrx_word' id='word_1_192' title='bbox 219 2706 625 2779; x_wconf 61' lang='grc' dir='ltr'>γεγενημένης,</span> <span class='ocrx_word' id='word_1_193' title='bbox 658 2707 748 2761; x_wconf 85' lang='grc' dir='ltr'><strong>δτε</strong></span> <span class='ocrx_word' id='word_1_194' title='bbox 776 2708 869 2762; x_wconf 78' lang='grc' dir='ltr'>τὸν</span> <span class='ocrx_word' id='word_1_195' title='bbox 900 2708 997 2763; x_wconf 84' lang='grc' dir='ltr'><strong>τοῦ</strong></span> <span class='ocrx_word' id='word_1_196' title='bbox 1034 2709 1170 2764; x_wconf 86' lang='grc' dir='ltr'>Θεοῦ</span> <span class='ocrx_word' id='word_1_197' title='bbox 1198 2702 1487 2782; x_wconf 73' lang='grc' dir='ltr'>ἄνθρωπον</span> <span class='ocrx_word' id='word_1_198' title='bbox 1510 2714 1603 2768; x_wconf 79' lang='grc' dir='ltr'>τὸν</span> <span class='ocrx_word' id='word_1_199' title='bbox 1647 2716 1822 2786; x_wconf 75' lang='grc' dir='ltr'>μέγαν</span> 
     </span>
    </p>
   </div>
   <div class='ocr_carea' id='block_1_30' title="bbox 218 2796 1821 2877">
    <p class='ocr_par' dir='ltr' id='par_1_30' title="bbox 218 2796 1821 2877">
     <span class='ocr_line' id='line_1_30' title="bbox 218 2796 1821 2877; baseline 0.006 -26"><span class='ocrx_word' id='word_1_200' title='bbox 218 2796 493 2851; x_wconf 81' lang='grc' dir='ltr'>Μελέτιον</span> <span class='ocrx_word' id='word_1_201' title='bbox 530 2801 643 2862; x_wconf 76' lang='grc' dir='ltr'>τοῖς</span> <span class='ocrx_word' id='word_1_202' title='bbox 688 2800 1071 2866; x_wconf 83' lang='grc' dir='ltr'>άποστολικοῖς</span> <span class='ocrx_word' id='word_1_203' title='bbox 1111 2802 1343 2875; x_wconf 69' lang='grc' dir='ltr'>ἐκείνοις</span> <span class='ocrx_word' id='word_1_204' title='bbox 1393 2804 1683 2877; x_wconf 67' lang='grc' dir='ltr'>ἐνίδρυσαν</span> <span class='ocrx_word' id='word_1_205' title='bbox 1714 2806 1821 2861; x_wconf 81' lang='grc' dir='ltr'><strong>θώ-</strong></span> 
     </span>
    </p>
   </div>
   <div class='ocr_carea' id='block_1_31' title="bbox 218 2883 1823 2966">
    <p class='ocr_par' dir='ltr' id='par_1_31' title="bbox 218 2883 1823 2966">
     <span class='ocr_line' id='line_1_31' title="bbox 218 2883 1823 2966; baseline 0.007 -25"><span class='ocrx_word' id='word_1_206' title='bbox 218 2903 365 2951; x_wconf 79' lang='grc' dir='ltr'>κοις.</span> <span class='ocrx_word' id='word_1_207' title='bbox 391 2883 511 2941; x_wconf 81' lang='grc' dir='ltr'>εἶτα</span> <span class='ocrx_word' id='word_1_208' title='bbox 542 2890 662 2959; x_wconf 82' lang='grc' dir='ltr'>μετ’</span> <span class='ocrx_word' id='word_1_209' title='bbox 690 2889 882 2959; x_wconf 81' lang='grc' dir='ltr'>ὀλίγας</span> <span class='ocrx_word' id='word_1_210' title='bbox 906 2892 1073 2946; x_wconf 73' lang='grc' dir='ltr'>αὐτὸν</span> <span class='ocrx_word' id='word_1_211' title='bbox 1105 2893 1322 2964; x_wconf 77' lang='grc' dir='ltr'>ἡμέρας</span> <span class='ocrx_word' id='word_1_212' title='bbox 1353 2894 1443 2948; x_wconf 79' lang='grc' dir='ltr'>διὰ</span> <span class='ocrx_word' id='word_1_213' title='bbox 1484 2898 1582 2966; x_wconf 78' lang='grc' dir='ltr'>τῆς</span> <span class='ocrx_word' id='word_1_214' title='bbox 1613 2896 1823 2966; x_wconf 74' lang='grc' dir='ltr'>βασιλιε-</span> 
     </span>
    </p>
   </div>
   <div class='ocr_carea' id='block_1_32' title="bbox 219 2976 1823 3055">
    <p class='ocr_par' dir='ltr' id='par_1_32' title="bbox 219 2976 1823 3055">
     <span class='ocr_line' id='line_1_32' title="bbox 219 2976 1823 3055; baseline 0.006 -24"><span class='ocrx_word' id='word_1_215' title='bbox 219 2977 333 3047; x_wconf 83' lang='grc' dir='ltr'>κῆς</span> <span class='ocrx_word' id='word_1_216' title='bbox 371 2976 624 3042; x_wconf 64' lang='grc' dir='ltr'>ἐξέϐαλον</span> <span class='ocrx_word' id='word_1_217' title='bbox 675 2979 1030 3043; x_wconf 80' lang='grc' dir='ltr'>δυναστείας,</span> <span class='ocrx_word' id='word_1_218' title='bbox 1076 2982 1387 3055; x_wconf 75' lang='grc' dir='ltr'>προεϐλήθη</span> <span class='ocrx_word' id='word_1_219' title='bbox 1441 2985 1540 3054; x_wconf 80' lang='grc' dir='ltr'>μὲν</span> <span class='ocrx_word' id='word_1_220' title='bbox 1583 2984 1823 3052; x_wconf 76' lang='grc' dir='ltr'>Εὐζώϊος</span> 
     </span>
    </p>
   </div>
   <div class='ocr_carea' id='block_1_33' title="bbox 218 3069 1821 3151">
    <p class='ocr_par' dir='ltr' id='par_1_33' title="bbox 218 3069 1821 3151">
     <span class='ocr_line' id='line_1_33' title="bbox 218 3069 1821 3151; baseline 0.007 -31"><span class='ocrx_word' id='word_1_221' title='bbox 218 3069 483 3138; x_wconf 82' lang='grc' dir='ltr'>προφανῆ</span> <span class='ocrx_word' id='word_1_222' title='bbox 511 3069 612 3140; x_wconf 80' lang='grc' dir='ltr'>τὴν</span> <span class='ocrx_word' id='word_1_223' title='bbox 654 3069 864 3142; x_wconf 83' lang='grc' dir='ltr'>’Δρείου</span> <span class='ocrx_word' id='word_1_224' title='bbox 907 3072 1296 3143; x_wconf 83' lang='grc' dir='ltr'>περικείμενος</span> <span class='ocrx_word' id='word_1_225' title='bbox 1342 3073 1542 3146; x_wconf 88' lang='grc' dir='ltr'>λύμην,</span> <span class='ocrx_word' id='word_1_226' title='bbox 1574 3077 1821 3151; x_wconf 79' lang='grc' dir='ltr'>ἀπέστη-</span> 
     </span>
    </p>
   </div>
   <div class='ocr_carea' id='block_1_34' title="bbox 1926 572 3512 646">
    <p class='ocr_par' dir='ltr' id='par_1_34' title="bbox 1926 572 3512 646">
     <span class='ocr_line' id='line_1_34' title="bbox 1926 572 3512 646; baseline 0.003 -21"><span class='ocrx_word' id='word_1_227' title='bbox 1926 589 2061 629; x_wconf 88' lang='lat' dir='ltr'><strong>vero</strong></span> <span class='ocrx_word' id='word_1_228' title='bbox 2090 572 2495 645; x_wconf 78' lang='lat' dir='ltr'><strong>magniﬁcentia</strong></span> <span class='ocrx_word' id='word_1_229' title='bbox 2520 573 2640 629; x_wconf 83' lang='lat' dir='ltr'><strong>sine</strong></span> <span class='ocrx_word' id='word_1_230' title='bbox 2664 572 3077 629; x_wconf 81' lang='lat' dir='ltr'><strong>intermissione</strong></span> <span class='ocrx_word' id='word_1_231' title='bbox 3099 589 3293 646; x_wconf 87' lang='lat' dir='ltr'><strong>preces</strong></span> <span class='ocrx_word' id='word_1_232' title='bbox 3320 573 3512 638; x_wconf 87' lang='lat' dir='ltr'><strong>fundo,</strong></span> 
     </span>
    </p>
   </div>
   <div class='ocr_carea' id='block_1_35' title="bbox 1926 666 3515 736">
    <p class='ocr_par' dir='ltr' id='par_1_35' title="bbox 1926 666 3515 736">
     <span class='ocr_line' id='line_1_35' title="bbox 1926 666 3515 736; baseline 0.001 -17"><span class='ocrx_word' id='word_1_233' title='bbox 1926 673 1983 719; x_wconf 90' lang='lat' dir='ltr'><strong>et</strong></span> <span class='ocrx_word' id='word_1_234' title='bbox 2009 674 2233 720; x_wconf 88' lang='lat' dir='ltr'><strong>sanctos</strong></span> <span class='ocrx_word' id='word_1_235' title='bbox 2270 680 2462 721; x_wconf 90' lang='lat' dir='ltr'><strong>omnes</strong></span> <span class='ocrx_word' id='word_1_236' title='bbox 2493 676 2556 721; x_wconf 89' lang='lat' dir='ltr'><strong>ut</strong></span> <span class='ocrx_word' id='word_1_237' title='bbox 2586 666 2641 721; x_wconf 89' lang='lat' dir='ltr'><strong>in</strong></span> <span class='ocrx_word' id='word_1_238' title='bbox 2674 667 3124 721; x_wconf 85' lang='lat' dir='ltr'><strong>communionem</strong></span> <span class='ocrx_word' id='word_1_239' title='bbox 3157 681 3383 736; x_wconf 87' lang='lat' dir='ltr'><strong>precum</strong></span> <span class='ocrx_word' id='word_1_240' title='bbox 3416 680 3515 721; x_wconf 88' lang='lat' dir='ltr'><strong>vc-</strong></span> 
     </span>
    </p>
   </div>
   <div class='ocr_carea' id='block_1_36' title="bbox 1925 757 2230 817">
    <p class='ocr_par' dir='ltr' id='par_1_36' title="bbox 1925 757 2230 817">
     <span class='ocr_line' id='line_1_36' title="bbox 1925 757 2230 817; baseline -0.013 0"><span class='ocrx_word' id='word_1_241' title='bbox 1925 757 2084 817; x_wconf 86' lang='lat' dir='ltr'><strong>niant</strong></span> <span class='ocrx_word' id='word_1_242' title='bbox 2111 773 2230 814; x_wconf 91' lang='lat' dir='ltr'><strong>oro.</strong></span> 
     </span>
    </p>
   </div>
   <div class='ocr_carea' id='block_1_37' title="bbox 2168 867 3262 940">
    <p class='ocr_par' dir='ltr' id='par_1_37' title="bbox 2168 867 3262 940">
     <span class='ocr_line' id='line_1_37' title="bbox 2168 867 3262 940; baseline 0.002 -17"><span class='ocrx_word' id='word_1_243' title='bbox 2168 867 2331 923; x_wconf 81' lang='lat' dir='ltr'><strong>CXII.</strong></span> <span class='ocrx_word' id='word_1_244' title='bbox 2363 900 2434 909; x_wconf 94' lang='lat'><strong><em>—</em></strong></span> <span class='ocrx_word' id='word_1_245' title='bbox 2454 867 2662 923; x_wconf 84' lang='lat' dir='ltr'><strong>Damno</strong></span> <span class='ocrx_word' id='word_1_246' title='bbox 2692 869 2931 940; x_wconf 76' lang='lat' dir='ltr'><strong>episcopo</strong></span> <span class='ocrx_word' id='word_1_247' title='bbox 2954 869 3262 925; x_wconf 68' lang='lat' dir='ltr'><strong>Antiochiae.</strong></span> 
     </span>
    </p>
   </div>
   <div class='ocr_carea' id='block_1_38' title="bbox 1998 979 3519 1051">
    <p class='ocr_par' dir='ltr' id='par_1_38' title="bbox 1998 979 3519 1051">
     <span class='ocr_line' id='line_1_38' title="bbox 1998 979 3519 1051; baseline -0.001 -15"><span class='ocrx_word' id='word_1_248' title='bbox 1998 979 2255 1037; x_wconf 87' lang='lat' dir='ltr'><strong>Cessassc</strong></span> <span class='ocrx_word' id='word_1_249' title='bbox 2280 982 2458 1036; x_wconf 90' lang='lat' dir='ltr'><strong>tristia</strong></span> <span class='ocrx_word' id='word_1_250' title='bbox 2484 981 2853 1051; x_wconf 84' lang='lat' dir='ltr'><strong>speravimus,</strong></span> <span class='ocrx_word' id='word_1_251' title='bbox 2889 996 3014 1037; x_wconf 90' lang='lat' dir='ltr'><strong>cum</strong></span> <span class='ocrx_word' id='word_1_252' title='bbox 3051 981 3391 1037; x_wconf 87' lang='lat' dir='ltr'><strong>iudicassent</strong></span> <span class='ocrx_word' id='word_1_253' title='bbox 3420 996 3519 1035; x_wconf 85' lang='lat' dir='ltr'><strong>no-</strong></span> 
     </span>
    </p>
   </div>
   <div class='ocr_carea' id='block_1_39' title="bbox 1927 1070 3520 1145">
    <p class='ocr_par' dir='ltr' id='par_1_39' title="bbox 1927 1070 3520 1145">
     <span class='ocr_line' id='line_1_39' title="bbox 1927 1070 3520 1145; baseline 0.001 -18"><span class='ocrx_word' id='word_1_254' title='bbox 1927 1072 2016 1128; x_wconf 91' lang='lat' dir='ltr'><strong>bis</strong></span> <span class='ocrx_word' id='word_1_255' title='bbox 2056 1073 2282 1144; x_wconf 90' lang='lat' dir='ltr'><strong>quidam</strong></span> <span class='ocrx_word' id='word_1_256' title='bbox 2327 1070 2660 1128; x_wconf 82' lang='lat' dir='ltr'><strong>exstinctam</strong></span> <span class='ocrx_word' id='word_1_257' title='bbox 2707 1087 2831 1127; x_wconf 87' lang='lat' dir='ltr'><strong>esse</strong></span> <span class='ocrx_word' id='word_1_258' title='bbox 2887 1073 3120 1130; x_wconf 81' lang='lat' dir='ltr'><strong>victoris</strong></span> <span class='ocrx_word' id='word_1_259' title='bbox 3165 1072 3520 1145; x_wconf 86' lang='lat' dir='ltr'><strong>imperatoris</strong></span> 
     </span>
    </p>
   </div>
   <div class='ocr_carea' id='block_1_40' title="bbox 1928 1163 3519 1236">
    <p class='ocr_par' dir='ltr' id='par_1_40' title="bbox 1928 1163 3519 1236">
     <span class='ocr_line' id='line_1_40' title="bbox 1928 1163 3519 1236; baseline 0.002 -17"><span class='ocrx_word' id='word_1_260' title='bbox 1928 1164 2334 1236; x_wconf 85' lang='lat' dir='ltr'><strong>impotentiam,</strong></span> <span class='ocrx_word' id='word_1_261' title='bbox 2370 1164 2682 1234; x_wconf 79' lang='lat' dir='ltr'><strong>factamque</strong></span> <span class='ocrx_word' id='word_1_262' title='bbox 2712 1163 2858 1219; x_wconf 90' lang='lat' dir='ltr'><strong>inter</strong></span> <span class='ocrx_word' id='word_1_263' title='bbox 2880 1164 3058 1234; x_wconf 87' lang='lat' dir='ltr'><strong>ipsum</strong></span> <span class='ocrx_word' id='word_1_264' title='bbox 3087 1174 3145 1221; x_wconf 89' lang='lat' dir='ltr'><strong>et</strong></span> <span class='ocrx_word' id='word_1_265' title='bbox 3164 1166 3280 1221; x_wconf 86' lang='lat' dir='ltr'><strong>Deo</strong></span> <span class='ocrx_word' id='word_1_266' title='bbox 3302 1166 3519 1222; x_wconf 81' lang='lat' dir='ltr'><strong>charis-</strong></span> 
     </span>
    </p>
   </div>
   <div class='ocr_carea' id='block_1_41' title="bbox 1927 1253 3509 1327">
    <p class='ocr_par' dir='ltr' id='par_1_41' title="bbox 1927 1253 3509 1327">
     <span class='ocr_line' id='line_1_41' title="bbox 1927 1253 3509 1327; baseline 0 -17"><span class='ocrx_word' id='word_1_267' title='bbox 1927 1253 2133 1310; x_wconf 90' lang='lat' dir='ltr'><strong>simum</strong></span> <span class='ocrx_word' id='word_1_268' title='bbox 2164 1254 2486 1324; x_wconf 84' lang='lat' dir='ltr'><strong>episcopum</strong></span> <span class='ocrx_word' id='word_1_269' title='bbox 2516 1253 3045 1319; x_wconf 67' lang='lat' dir='ltr'><strong>reconciliationem,</strong></span> <span class='ocrx_word' id='word_1_270' title='bbox 3069 1270 3134 1311; x_wconf 86' lang='lat' dir='ltr'><strong>ac</strong></span> <span class='ocrx_word' id='word_1_271' title='bbox 3159 1255 3363 1327; x_wconf 84' lang='lat' dir='ltr'><strong>synodi</strong></span> <span class='ocrx_word' id='word_1_272' title='bbox 3392 1257 3509 1327; x_wconf 88' lang='lat' dir='ltr'><strong>quii</strong></span> 
     </span>
    </p>
   </div>
   <div class='ocr_carea' id='block_1_42' title="bbox 1927 1345 3521 1411">
    <p class='ocr_par' dir='ltr' id='par_1_42' title="bbox 1927 1345 3521 1411">
     <span class='ocr_line' id='line_1_42' title="bbox 1927 1345 3521 1411; baseline -0.001 -9"><span class='ocrx_word' id='word_1_273' title='bbox 1927 1346 2056 1402; x_wconf 84' lang='lat' dir='ltr'><strong>dem</strong></span> <span class='ocrx_word' id='word_1_274' title='bbox 2121 1346 2575 1402; x_wconf 85' lang='lat' dir='ltr'><strong>convocationem</strong></span> <span class='ocrx_word' id='word_1_275' title='bbox 2623 1345 2890 1411; x_wconf 87' lang='lat' dir='ltr'><strong>desiisse,</strong></span> <span class='ocrx_word' id='word_1_276' title='bbox 2948 1346 3326 1404; x_wconf 85' lang='lat' dir='ltr'><strong>Ecclesiarum</strong></span> <span class='ocrx_word' id='word_1_277' title='bbox 3384 1361 3521 1406; x_wconf 75' lang='lat' dir='ltr'><strong>vero</strong></span> 
     </span>
    </p>
   </div>
   <div class='ocr_carea' id='block_1_43' title="bbox 1925 1437 3520 1508">
    <p class='ocr_par' dir='ltr' id='par_1_43' title="bbox 1925 1437 3520 1508">
     <span class='ocr_line' id='line_1_43' title="bbox 1925 1437 3520 1508; baseline 0.001 -16"><span class='ocrx_word' id='word_1_278' title='bbox 1925 1452 2119 1508; x_wconf 89' lang='lat' dir='ltr'><strong>pacem</strong></span> <span class='ocrx_word' id='word_1_279' title='bbox 2172 1438 2423 1495; x_wconf 85' lang='lat' dir='ltr'><strong>rediisse.</strong></span> <span class='ocrx_word' id='word_1_280' title='bbox 2478 1437 2586 1493; x_wconf 88' lang='lat' dir='ltr'><strong>Sed</strong></span> <span class='ocrx_word' id='word_1_281' title='bbox 2632 1453 2756 1508; x_wconf 72' lang='lat' dir='ltr'><strong>quae</strong></span> <span class='ocrx_word' id='word_1_282' title='bbox 2801 1437 2969 1493; x_wconf 90' lang='lat' dir='ltr'><strong>modo</strong></span> <span class='ocrx_word' id='word_1_283' title='bbox 3008 1454 3040 1494; x_wconf 75' lang='grc' dir='ltr'><strong>α</strong></span> <span class='ocrx_word' id='word_1_284' title='bbox 3085 1439 3378 1495; x_wconf 85' lang='lat' dir='ltr'><strong>sanctitate</strong></span> <span class='ocrx_word' id='word_1_285' title='bbox 3424 1446 3520 1494; x_wconf 85' lang='lat' dir='ltr'><strong>tua</strong></span> 
     </span>
    </p>
   </div>
   <div class='ocr_carea' id='block_1_44' title="bbox 1926 1529 3571 1601">
    <p class='ocr_par' dir='ltr' id='par_1_44' title="bbox 1926 1529 3571 1601">
     <span class='ocr_line' id='line_1_44' title="bbox 1926 1529 3571 1601; baseline 0.001 -17"><span class='ocrx_word' id='word_1_286' title='bbox 1926 1530 2133 1600; x_wconf 89' lang='lat' dir='ltr'><strong>scripta</strong></span> <span class='ocrx_word' id='word_1_287' title='bbox 2168 1539 2297 1584; x_wconf 91' lang='lat' dir='ltr'><strong>sunt</strong></span> <span class='ocrx_word' id='word_1_288' title='bbox 2326 1529 2567 1599; x_wconf 79' lang='lat' dir='ltr'><strong>graviter</strong></span> <span class='ocrx_word' id='word_1_289' title='bbox 2594 1545 2696 1585; x_wconf 92' lang='lat' dir='ltr'><strong>nos</strong></span> <span class='ocrx_word' id='word_1_290' title='bbox 2727 1529 3150 1586; x_wconf 88' lang='lat' dir='ltr'><strong>contristarunt.</strong></span> <span class='ocrx_word' id='word_1_291' title='bbox 3184 1531 3334 1586; x_wconf 85' lang='lat' dir='ltr'><strong>Nihil</strong></span> <span class='ocrx_word' id='word_1_292' title='bbox 3368 1531 3520 1585; x_wconf 89' lang='lat' dir='ltr'><strong>enim</strong></span> <span class='ocrx_word' id='word_1_293' title='bbox 3565 1594 3571 1601; x_wconf 45' lang='grc'><strong>,</strong></span> 
     </span>
    </p>
   </div>
   <div class='ocr_carea' id='block_1_45' title="bbox 1926 1617 3518 1691">
    <p class='ocr_par' dir='ltr' id='par_1_45' title="bbox 1926 1617 3518 1691">
     <span class='ocr_line' id='line_1_45' title="bbox 1926 1617 3518 1691; baseline 0.001 -18"><span class='ocrx_word' id='word_1_294' title='bbox 1926 1617 2058 1673; x_wconf 92' lang='lat' dir='ltr'><strong>boni</strong></span> <span class='ocrx_word' id='word_1_295' title='bbox 2084 1634 2154 1673; x_wconf 82' lang='lat' dir='ltr'><strong>ex</strong></span> <span class='ocrx_word' id='word_1_296' title='bbox 2175 1619 2379 1690; x_wconf 76' lang='lat' dir='ltr'><strong>iactata</strong></span> <span class='ocrx_word' id='word_1_297' title='bbox 2404 1618 2616 1689; x_wconf 88' lang='lat' dir='ltr'><strong>synodo</strong></span> <span class='ocrx_word' id='word_1_298' title='bbox 2636 1618 2855 1691; x_wconf 62' lang='lat'><strong>11“</strong></span> <span class='ocrx_word' id='word_1_299' title='bbox 2875 1629 3198 1690; x_wconf 77' lang='lat' dir='ltr'><strong>exspectare</strong></span> <span class='ocrx_word' id='word_1_300' title='bbox 3235 1620 3386 1683; x_wconf 85' lang='lat' dir='ltr'><strong>licet,</strong></span> <span class='ocrx_word' id='word_1_301' title='bbox 3411 1620 3518 1675; x_wconf 90' lang='lat' dir='ltr'><strong>nisi</strong></span> 
     </span>
    </p>
   </div>
   <div class='ocr_carea' id='block_1_46' title="bbox 1928 1708 3515 1779">
    <p class='ocr_par' dir='ltr' id='par_1_46' title="bbox 1928 1708 3515 1779">
     <span class='ocr_line' id='line_1_46' title="bbox 1928 1708 3515 1779; baseline -0.002 -14"><span class='ocrx_word' id='word_1_302' title='bbox 1928 1709 2244 1765; x_wconf 88' lang='lat' dir='ltr'><strong>misericors</strong></span> <span class='ocrx_word' id='word_1_303' title='bbox 2273 1708 2561 1773; x_wconf 82' lang='lat' dir='ltr'><strong>Dominus,</strong></span> <span class='ocrx_word' id='word_1_304' title='bbox 2610 1709 2771 1764; x_wconf 88' lang='lat' dir='ltr'><strong>solita</strong></span> <span class='ocrx_word' id='word_1_305' title='bbox 2803 1724 2940 1765; x_wconf 86' lang='lat' dir='ltr'><strong>usus</strong></span> <span class='ocrx_word' id='word_1_306' title='bbox 2979 1708 3351 1779; x_wconf 82' lang='lat' dir='ltr'><strong>providentia,</strong></span> <span class='ocrx_word' id='word_1_307' title='bbox 3392 1718 3515 1764; x_wconf 82' lang='lat' dir='ltr'><strong>tur-</strong></span> 
     </span>
    </p>
   </div>
   <div class='ocr_carea' id='block_1_47' title="bbox 1853 1796 3518 1892">
    <p class='ocr_par' dir='ltr' id='par_1_47' title="bbox 1853 1796 3518 1892">
     <span class='ocr_line' id='line_1_47' title="bbox 1853 1796 3518 1892; baseline -0.002 -37"><span class='ocrx_word' id='word_1_308' title='bbox 1853 1837 1892 1892; x_wconf 69' lang='grc' dir='ltr'><strong><em>η</em></strong></span> <span class='ocrx_word' id='word_1_309' title='bbox 1929 1800 2282 1855; x_wconf 89' lang='lat' dir='ltr'><strong>bulentorum</strong></span> <span class='ocrx_word' id='word_1_310' title='bbox 2312 1798 2625 1853; x_wconf 55' lang='lat' dir='ltr'><strong>datmonum</strong></span> <span class='ocrx_word' id='word_1_311' title='bbox 2660 1798 2949 1853; x_wconf 85' lang='lat' dir='ltr'><strong>machinas</strong></span> <span class='ocrx_word' id='word_1_312' title='bbox 2983 1796 3252 1853; x_wconf 88' lang='lat' dir='ltr'><strong>destruat.</strong></span> <span class='ocrx_word' id='word_1_313' title='bbox 3290 1797 3427 1852; x_wconf 81' lang='lat' dir='ltr'><strong>Nam</strong></span> <span class='ocrx_word' id='word_1_314' title='bbox 3460 1805 3518 1851; x_wconf 94' lang='lat' dir='ltr'><strong>et</strong></span> 
     </span>
    </p>
   </div>
   <div class='ocr_carea' id='block_1_48' title="bbox 1924 1889 3515 1964">
    <p class='ocr_par' dir='ltr' id='par_1_48' title="bbox 1924 1889 3515 1964">
     <span class='ocr_line' id='line_1_48' title="bbox 1924 1889 3515 1964; baseline -0.002 -17"><span class='ocrx_word' id='word_1_315' title='bbox 1924 1894 1980 1947; x_wconf 92' lang='lat' dir='ltr'><strong>in</strong></span> <span class='ocrx_word' id='word_1_316' title='bbox 2029 1907 2225 1964; x_wconf 79' lang='lat' dir='ltr'><strong>magna</strong></span> <span class='ocrx_word' id='word_1_317' title='bbox 2265 1890 2475 1963; x_wconf 87' lang='lat' dir='ltr'><strong>synodo</strong></span> <span class='ocrx_word' id='word_1_318' title='bbox 2516 1890 2733 1962; x_wconf 65' lang='lat' dir='ltr'><strong>(Nicaaas</strong></span> <span class='ocrx_word' id='word_1_319' title='bbox 2762 1898 3145 1962; x_wconf 85' lang='lat' dir='ltr'><strong>eongregatam</strong></span> <span class='ocrx_word' id='word_1_320' title='bbox 3173 1889 3360 1961; x_wconf 88' lang='lat' dir='ltr'><strong>dico),</strong></span> <span class='ocrx_word' id='word_1_321' title='bbox 3396 1889 3515 1945; x_wconf 84' lang='lat' dir='ltr'><strong>suf-</strong></span> 
     </span>
    </p>
   </div>
   <div class='ocr_carea' id='block_1_49' title="bbox 1923 1980 3516 2054">
    <p class='ocr_par' dir='ltr' id='par_1_49' title="bbox 1923 1980 3516 2054">
     <span class='ocr_line' id='line_1_49' title="bbox 1923 1980 3516 2054; baseline -0.003 -15"><span class='ocrx_word' id='word_1_322' title='bbox 1923 1983 2120 2054; x_wconf 85' lang='lat' dir='ltr'><strong>fragati</strong></span> <span class='ocrx_word' id='word_1_323' title='bbox 2150 1983 2378 2053; x_wconf 88' lang='lat' dir='ltr'><strong>quidem</strong></span> <span class='ocrx_word' id='word_1_324' title='bbox 2412 1990 2543 2037; x_wconf 91' lang='lat' dir='ltr'><strong>sunt</strong></span> <span class='ocrx_word' id='word_1_325' title='bbox 2569 1981 2897 2038; x_wconf 83' lang='lat' dir='ltr'><strong>orthodoxis</strong></span> <span class='ocrx_word' id='word_1_326' title='bbox 2918 1982 2977 2047; x_wconf 91' lang='lat' dir='ltr'><strong>ii,</strong></span> <span class='ocrx_word' id='word_1_327' title='bbox 3006 1982 3103 2052; x_wconf 90' lang='lat' dir='ltr'><strong>qui</strong></span> <span class='ocrx_word' id='word_1_328' title='bbox 3131 1981 3248 2036; x_wconf 86' lang='lat' dir='ltr'><strong>Arii</strong></span> <span class='ocrx_word' id='word_1_329' title='bbox 3275 1980 3516 2051; x_wconf 91' lang='lat' dir='ltr'><strong>partium</strong></span> 
     </span>
    </p>
   </div>
   <div class='ocr_carea' id='block_1_50' title="bbox 1923 2070 3519 2141">
    <p class='ocr_par' dir='ltr' id='par_1_50' title="bbox 1923 2070 3519 2141">
     <span class='ocr_line' id='line_1_50' title="bbox 1923 2070 3519 2141; baseline -0.002 -13"><span class='ocrx_word' id='word_1_330' title='bbox 1923 2084 2104 2137; x_wconf 87' lang='lat' dir='ltr'><strong>erant,</strong></span> <span class='ocrx_word' id='word_1_331' title='bbox 2140 2080 2197 2127; x_wconf 90' lang='lat' dir='ltr'><strong>et</strong></span> <span class='ocrx_word' id='word_1_332' title='bbox 2225 2071 2542 2141; x_wconf 81' lang='lat' dir='ltr'><strong>apostolicae</strong></span> <span class='ocrx_word' id='word_1_333' title='bbox 2576 2070 2703 2125; x_wconf 83' lang='lat' dir='ltr'><strong>fidei</strong></span> <span class='ocrx_word' id='word_1_334' title='bbox 2739 2070 3074 2140; x_wconf 79' lang='lat' dir='ltr'><strong>expositioni</strong></span> <span class='ocrx_word' id='word_1_335' title='bbox 3106 2070 3368 2126; x_wconf 83' lang='lat' dir='ltr'><strong>manibus</strong></span> <span class='ocrx_word' id='word_1_336' title='bbox 3399 2070 3519 2125; x_wconf 88' lang='lat' dir='ltr'><strong>suis</strong></span> 
     </span>
    </p>
   </div>
   <div class='ocr_carea' id='block_1_51' title="bbox 1924 2160 3519 2221">
    <p class='ocr_par' dir='ltr' id='par_1_51' title="bbox 1924 2160 3519 2221">
     <span class='ocr_line' id='line_1_51' title="bbox 1924 2160 3519 2221; baseline -0.004 0"><span class='ocrx_word' id='word_1_337' title='bbox 1924 2178 2232 2221; x_wconf 80' lang='lat' dir='ltr'><strong>assensere.</strong></span> <span class='ocrx_word' id='word_1_338' title='bbox 2262 2162 2642 2217; x_wconf 79' lang='lat' dir='ltr'><strong>Perrexerunt</strong></span> <span class='ocrx_word' id='word_1_339' title='bbox 2689 2170 2874 2214; x_wconf 88' lang='lat' dir='ltr'><strong>tamen</strong></span> <span class='ocrx_word' id='word_1_340' title='bbox 2912 2161 3132 2215; x_wconf 78' lang='lat' dir='ltr'><strong>veritati</strong></span> <span class='ocrx_word' id='word_1_341' title='bbox 3184 2160 3395 2215; x_wconf 83' lang='lat' dir='ltr'><strong>bellum</strong></span> <span class='ocrx_word' id='word_1_342' title='bbox 3430 2160 3519 2214; x_wconf 49' lang='lat' dir='ltr'><strong>in.</strong></span> 
     </span>
    </p>
   </div>
   <div class='ocr_carea' id='block_1_52' title="bbox 1922 2248 3517 2325">
    <p class='ocr_par' dir='ltr' id='par_1_52' title="bbox 1922 2248 3517 2325">
     <span class='ocr_line' id='line_1_52' title="bbox 1922 2248 3517 2325; baseline -0.004 -13"><span class='ocrx_word' id='word_1_343' title='bbox 1922 2256 2090 2321; x_wconf 87' lang='lat' dir='ltr'><strong>ferre,</strong></span> <span class='ocrx_word' id='word_1_344' title='bbox 2113 2252 2296 2325; x_wconf 87' lang='lat' dir='ltr'><strong>quoad</strong></span> <span class='ocrx_word' id='word_1_345' title='bbox 2327 2251 2589 2308; x_wconf 78' lang='lat' dir='ltr'><strong>Ecclesiae</strong></span> <span class='ocrx_word' id='word_1_346' title='bbox 2614 2265 2819 2319; x_wconf 89' lang='lat' dir='ltr'><strong>corpus</strong></span> <span class='ocrx_word' id='word_1_347' title='bbox 2845 2248 3283 2321; x_wconf 87' lang='lat' dir='ltr'><strong>discerpserunt.</strong></span> <span class='ocrx_word' id='word_1_348' title='bbox 3317 2251 3387 2307; x_wconf 88' lang='lat' dir='ltr'><strong>Et</strong></span> <span class='ocrx_word' id='word_1_349' title='bbox 3413 2250 3517 2306; x_wconf 87' lang='lat' dir='ltr'><strong>tri-</strong></span> 
     </span>
    </p>
   </div>
   <div class='ocr_carea' id='block_1_53' title="bbox 1921 2342 3521 2419">
    <p class='ocr_par' dir='ltr' id='par_1_53' title="bbox 1921 2342 3521 2419">
     <span class='ocr_line' id='line_1_53' title="bbox 1921 2342 3521 2419; baseline -0.003 -17"><span class='ocrx_word' id='word_1_350' title='bbox 1921 2349 2075 2419; x_wconf 88' lang='lat' dir='ltr'><strong>ginta</strong></span> <span class='ocrx_word' id='word_1_351' title='bbox 2123 2345 2351 2417; x_wconf 88' lang='lat' dir='ltr'><strong>quidem</strong></span> <span class='ocrx_word' id='word_1_352' title='bbox 2396 2359 2496 2414; x_wconf 90' lang='lat' dir='ltr'><strong>per</strong></span> <span class='ocrx_word' id='word_1_353' title='bbox 2539 2359 2716 2399; x_wconf 86' lang='lat' dir='ltr'><strong>annos</strong></span> <span class='ocrx_word' id='word_1_354' title='bbox 2750 2343 2897 2399; x_wconf 85' lang='lat' dir='ltr'><strong>inter</strong></span> <span class='ocrx_word' id='word_1_355' title='bbox 2944 2357 3002 2398; x_wconf 91' lang='lat' dir='ltr'><strong>se</strong></span> <span class='ocrx_word' id='word_1_356' title='bbox 3043 2342 3521 2398; x_wconf 88' lang='lat' dir='ltr'><strong>communicantes</strong></span> 
     </span>
    </p>
   </div>
   <div class='ocr_carea' id='block_1_54' title="bbox 1924 2434 3521 2513">
    <p class='ocr_par' dir='ltr' id='par_1_54' title="bbox 1924 2434 3521 2513">
     <span class='ocr_line' id='line_1_54' title="bbox 1924 2434 3521 2513; baseline -0.004 -18"><span class='ocrx_word' id='word_1_357' title='bbox 1924 2441 2313 2513; x_wconf 89' lang='lat' dir='ltr'><strong>perstiterunt,</strong></span> <span class='ocrx_word' id='word_1_358' title='bbox 2345 2446 2462 2493; x_wconf 87' lang='lat' dir='ltr'><strong>tum</strong></span> <span class='ocrx_word' id='word_1_359' title='bbox 2490 2437 2584 2513; x_wconf 88' lang='lat' dir='ltr'><strong>qui</strong></span> <span class='ocrx_word' id='word_1_360' title='bbox 2616 2434 2937 2506; x_wconf 86' lang='lat' dir='ltr'><strong>apostolicis</strong></span> <span class='ocrx_word' id='word_1_361' title='bbox 2965 2435 3318 2507; x_wconf 75' lang='lat' dir='ltr'><strong>dogmatibus</strong></span> <span class='ocrx_word' id='word_1_362' title='bbox 3350 2434 3521 2490; x_wconf 67' lang='lat' dir='ltr'><strong>iuba:-</strong></span> 
     </span>
    </p>
   </div>
   <div class='ocr_carea' id='block_1_55' title="bbox 1926 2527 3523 2601">
    <p class='ocr_par' dir='ltr' id='par_1_55' title="bbox 1926 2527 3523 2601">
     <span class='ocr_line' id='line_1_55' title="bbox 1926 2527 3523 2601; baseline -0.004 -14"><span class='ocrx_word' id='word_1_363' title='bbox 1926 2532 2144 2595; x_wconf 88' lang='lat' dir='ltr'><strong>rebant,</strong></span> <span class='ocrx_word' id='word_1_364' title='bbox 2175 2540 2289 2586; x_wconf 88' lang='lat' dir='ltr'><strong>tum</strong></span> <span class='ocrx_word' id='word_1_365' title='bbox 2313 2530 2409 2601; x_wconf 87' lang='lat' dir='ltr'><strong>qui</strong></span> <span class='ocrx_word' id='word_1_366' title='bbox 2440 2529 2557 2585; x_wconf 85' lang='lat' dir='ltr'><strong>Arii</strong></span> <span class='ocrx_word' id='word_1_367' title='bbox 2580 2527 2926 2597; x_wconf 87' lang='lat' dir='ltr'><strong>blasphemia</strong></span> <span class='ocrx_word' id='word_1_368' title='bbox 2952 2527 3300 2590; x_wconf 81' lang='lat' dir='ltr'><strong>laborabant.</strong></span> <span class='ocrx_word' id='word_1_369' title='bbox 3330 2527 3523 2582; x_wconf 81' lang='lat' dir='ltr'><strong>Antio-</strong></span> 
     </span>
    </p>
   </div>
   <div class='ocr_carea' id='block_1_56' title="bbox 1924 2617 3519 2693">
    <p class='ocr_par' dir='ltr' id='par_1_56' title="bbox 1924 2617 3519 2693">
     <span class='ocr_line' id='line_1_56' title="bbox 1924 2617 3519 2693; baseline -0.004 -14"><span class='ocrx_word' id='word_1_370' title='bbox 1924 2624 2063 2679; x_wconf 68' lang='lat' dir='ltr'><strong>chiae</strong></span> <span class='ocrx_word' id='word_1_371' title='bbox 2100 2638 2262 2689; x_wconf 89' lang='lat' dir='ltr'><strong>vero,</strong></span> <span class='ocrx_word' id='word_1_372' title='bbox 2306 2630 2588 2693; x_wconf 88' lang='lat' dir='ltr'><strong>postrema</strong></span> <span class='ocrx_word' id='word_1_373' title='bbox 2625 2618 2837 2691; x_wconf 88' lang='lat' dir='ltr'><strong>synodo</strong></span> <span class='ocrx_word' id='word_1_374' title='bbox 2880 2627 3124 2689; x_wconf 88' lang='lat' dir='ltr'><strong>peracta,</strong></span> <span class='ocrx_word' id='word_1_375' title='bbox 3160 2617 3385 2687; x_wconf 87' lang='lat' dir='ltr'><strong>quando</strong></span> <span class='ocrx_word' id='word_1_376' title='bbox 3416 2617 3519 2685; x_wconf 79' lang='lat' dir='ltr'><strong>Dei</strong></span> 
     </span>
    </p>
   </div>
   <div class='ocr_carea' id='block_1_57' title="bbox 1923 2706 3522 2785">
    <p class='ocr_par' dir='ltr' id='par_1_57' title="bbox 1923 2706 3522 2785">
     <span class='ocr_line' id='line_1_57' title="bbox 1923 2706 3522 2785; baseline -0.006 -14"><span class='ocrx_word' id='word_1_377' title='bbox 1923 2716 2207 2771; x_wconf 89' lang='lat' dir='ltr'><strong>hominem</strong></span> <span class='ocrx_word' id='word_1_378' title='bbox 2233 2728 2495 2785; x_wconf 83' lang='lat' dir='ltr'><strong>magnum</strong></span> <span class='ocrx_word' id='word_1_379' title='bbox 2520 2711 2802 2767; x_wconf 77' lang='lat' dir='ltr'><strong>Melctium</strong></span> <span class='ocrx_word' id='word_1_380' title='bbox 2836 2708 2892 2763; x_wconf 89' lang='lat' dir='ltr'><strong>in</strong></span> <span class='ocrx_word' id='word_1_381' title='bbox 2923 2709 3228 2780; x_wconf 84' lang='lat' dir='ltr'><strong>apostolica</strong></span> <span class='ocrx_word' id='word_1_382' title='bbox 3266 2708 3358 2765; x_wconf 84' lang='lat' dir='ltr'><strong>illa</strong></span> <span class='ocrx_word' id='word_1_383' title='bbox 3390 2706 3522 2773; x_wconf 82' lang='lat' dir='ltr'><strong>sede</strong></span> 
     </span>
    </p>
   </div>
   <div class='ocr_carea' id='block_1_58' title="bbox 1924 2797 3523 2876">
    <p class='ocr_par' dir='ltr' id='par_1_58' title="bbox 1924 2797 3523 2876">
     <span class='ocr_line' id='line_1_58' title="bbox 1924 2797 3523 2876; baseline -0.008 -12"><span class='ocrx_word' id='word_1_384' title='bbox 1924 2808 2290 2871; x_wconf 90' lang='lat' dir='ltr'><strong>collocarunt,</strong></span> <span class='ocrx_word' id='word_1_385' title='bbox 2316 2821 2379 2862; x_wconf 90' lang='lat' dir='ltr'><strong>ac</strong></span> <span class='ocrx_word' id='word_1_386' title='bbox 2411 2805 2602 2876; x_wconf 88' lang='lat' dir='ltr'><strong>paucis</strong></span> <span class='ocrx_word' id='word_1_387' title='bbox 2622 2812 2749 2875; x_wconf 89' lang='lat' dir='ltr'><strong>post</strong></span> <span class='ocrx_word' id='word_1_388' title='bbox 2779 2801 2978 2858; x_wconf 86' lang='lat' dir='ltr'><strong>diebus</strong></span> <span class='ocrx_word' id='word_1_389' title='bbox 3008 2800 3156 2871; x_wconf 84' lang='lat' dir='ltr'><strong>regia</strong></span> <span class='ocrx_word' id='word_1_390' title='bbox 3190 2797 3523 2854; x_wconf 84' lang='lat' dir='ltr'><strong>auctoritate</strong></span> 
     </span>
    </p>
   </div>
   <div class='ocr_carea' id='block_1_59' title="bbox 1924 2889 3522 2969">
    <p class='ocr_par' dir='ltr' id='par_1_59' title="bbox 1924 2889 3522 2969">
     <span class='ocr_line' id='line_1_59' title="bbox 1924 2889 3522 2969; baseline -0.006 -16"><span class='ocrx_word' id='word_1_391' title='bbox 1924 2900 2079 2954; x_wconf 86' lang='lat' dir='ltr'><strong>illum</strong></span> <span class='ocrx_word' id='word_1_392' title='bbox 2104 2900 2411 2969; x_wconf 71' lang='lat' dir='ltr'><strong>eiecerunt,</strong></span> <span class='ocrx_word' id='word_1_393' title='bbox 2445 2904 2736 2967; x_wconf 87' lang='lat' dir='ltr'><strong>promotus</strong></span> <span class='ocrx_word' id='word_1_394' title='bbox 2765 2893 2992 2964; x_wconf 89' lang='lat' dir='ltr'><strong>quidem</strong></span> <span class='ocrx_word' id='word_1_395' title='bbox 3022 2900 3108 2947; x_wconf 90' lang='lat' dir='ltr'><strong>est</strong></span> <span class='ocrx_word' id='word_1_396' title='bbox 3139 2890 3382 2945; x_wconf 83' lang='lat' dir='ltr'><strong>Euzoius</strong></span> <span class='ocrx_word' id='word_1_397' title='bbox 3401 2889 3522 2945; x_wconf 79' lang='lat' dir='ltr'><strong>Arii</strong></span> 
     </span>
    </p>
   </div>
   <div class='ocr_carea' id='block_1_60' title="bbox 1926 2979 3523 3059">
    <p class='ocr_par' dir='ltr' id='par_1_60' title="bbox 1926 2979 3523 3059">
     <span class='ocr_line' id='line_1_60' title="bbox 1926 2979 3523 3059; baseline -0.006 -14"><span class='ocrx_word' id='word_1_398' title='bbox 1926 2990 2055 3046; x_wconf 86' lang='lat' dir='ltr'><strong>tabe</strong></span> <span class='ocrx_word' id='word_1_399' title='bbox 2099 2988 2312 3059; x_wconf 86' lang='lat' dir='ltr'><strong>liquido</strong></span> <span class='ocrx_word' id='word_1_400' title='bbox 2359 2986 2619 3050; x_wconf 88' lang='lat' dir='ltr'><strong>infectus,</strong></span> <span class='ocrx_word' id='word_1_401' title='bbox 2670 2999 2950 3040; x_wconf 87' lang='lat' dir='ltr'><strong>recessere</strong></span> <span class='ocrx_word' id='word_1_402' title='bbox 2984 2991 3172 3039; x_wconf 88' lang='lat' dir='ltr'><strong>autem</strong></span> <span class='ocrx_word' id='word_1_403' title='bbox 3213 2997 3245 3037; x_wconf 92' lang='lat' dir='ltr'><strong>e</strong></span> <span class='ocrx_word' id='word_1_404' title='bbox 3285 2979 3523 3051; x_wconf 84' lang='lat' dir='ltr'><strong>vestigio</strong></span> 
     </span>
    </p>
   </div>
   <div class='ocr_carea' id='block_1_61' title="bbox 1927 3071 3522 3152">
    <p class='ocr_par' dir='ltr' id='par_1_61' title="bbox 1927 3071 3522 3152">
     <span class='ocr_line' id='line_1_61' title="bbox 1927 3071 3522 3152; baseline -0.006 -16"><span class='ocrx_word' id='word_1_405' title='bbox 1927 3080 2023 3152; x_wconf 89' lang='lat' dir='ltr'><strong>qui</strong></span> <span class='ocrx_word' id='word_1_406' title='bbox 2067 3079 2382 3148; x_wconf 78' lang='lat' dir='ltr'><strong>evangelica</strong></span> <span class='ocrx_word' id='word_1_407' title='bbox 2419 3077 2674 3148; x_wconf 86' lang='lat' dir='ltr'><strong>dogmata</strong></span> <span class='ocrx_word' id='word_1_408' title='bbox 2713 3074 3157 3148; x_wconf 77' lang='lat' dir='ltr'><strong>propugnabant,</strong></span> <span class='ocrx_word' id='word_1_409' title='bbox 3205 3071 3522 3143; x_wconf 82' lang='lat' dir='ltr'><strong>mansitque</strong></span> 
     </span>
    </p>
   </div>
   <div class='ocr_carea' id='block_1_62' title="bbox 222 3162 1821 3242">
    <p class='ocr_par' dir='ltr' id='par_1_62' title="bbox 222 3162 1821 3242">
     <span class='ocr_line' id='line_1_62' title="bbox 222 3162 1821 3242; baseline 0.006 -27"><span class='ocrx_word' id='word_1_410' title='bbox 222 3178 334 3217; x_wconf 86' lang='grc' dir='ltr'><strong>σαν</strong></span> <span class='ocrx_word' id='word_1_411' title='bbox 382 3162 438 3217; x_wconf 74' lang='grc' dir='ltr'>δὲ</span> <span class='ocrx_word' id='word_1_412' title='bbox 483 3166 804 3237; x_wconf 86' lang='grc' dir='ltr'>παραυτίκα</span> <span class='ocrx_word' id='word_1_413' title='bbox 860 3167 912 3220; x_wconf 79' lang='lat' dir='ltr'><strong>oi</strong></span> <span class='ocrx_word' id='word_1_414' title='bbox 974 3167 1085 3221; x_wconf 85' lang='grc' dir='ltr'><strong>τῶν</strong></span> <span class='ocrx_word' id='word_1_415' title='bbox 1122 3168 1497 3238; x_wconf 83' lang='grc' dir='ltr'>εὐαγγελικῶν</span> <span class='ocrx_word' id='word_1_416' title='bbox 1528 3171 1821 3242; x_wconf 37' lang='grc' dir='ltr'>,δογμάτων</span> 
     </span>
    </p>
   </div>
   <div class='ocr_carea' id='block_1_63' title="bbox 1923 3162 2656 3242">
    <p class='ocr_par' dir='ltr' id='par_1_63' title="bbox 1925 3168 2656 3241">
     <span class='ocr_line' id='line_1_63' title="bbox 1925 3168 2656 3241; baseline -0.005 -14"><span class='ocrx_word' id='word_1_417' title='bbox 1925 3188 1995 3228; x_wconf 78' lang='lat' dir='ltr'><strong>ex</strong></span> <span class='ocrx_word' id='word_1_418' title='bbox 2025 3171 2123 3226; x_wconf 91' lang='lat' dir='ltr'><strong>illo</strong></span> <span class='ocrx_word' id='word_1_419' title='bbox 2156 3180 2404 3241; x_wconf 87' lang='lat' dir='ltr'><strong>tempore</strong></span> <span class='ocrx_word' id='word_1_420' title='bbox 2435 3168 2656 3225; x_wconf 78' lang='lat' dir='ltr'><strong>divisio.</strong></span> 
     </span>
    </p>
   </div>
   <div class='ocr_carea' id='block_1_64' title="bbox 221 3251 1822 3335">
    <p class='ocr_par' dir='ltr' id='par_1_64' title="bbox 221 3251 1822 3335">
     <span class='ocr_line' id='line_1_64' title="bbox 221 3251 1822 3335; baseline 0.005 -28"><span class='ocrx_word' id='word_1_421' title='bbox 221 3251 720 3326; x_wconf 70' lang='grc' dir='ltr'>ὑπερασπίζοντας,</span> <span class='ocrx_word' id='word_1_422' title='bbox 753 3258 849 3312; x_wconf 75' lang='grc' dir='ltr'>καὶ</span> <span class='ocrx_word' id='word_1_423' title='bbox 881 3258 941 3325; x_wconf 65' lang='grc' dir='ltr'><strong>ἐξ</strong></span> <span class='ocrx_word' id='word_1_424' title='bbox 965 3259 1178 3312; x_wconf 71' lang='grc' dir='ltr'>ἐκείνου</span> <span class='ocrx_word' id='word_1_425' title='bbox 1204 3258 1517 3331; x_wconf 84' lang='grc' dir='ltr'>μεμένηκεν</span> <span class='ocrx_word' id='word_1_426' title='bbox 1543 3263 1577 3333; x_wconf 86' lang='grc' dir='ltr'><strong>ή</strong></span> <span class='ocrx_word' id='word_1_427' title='bbox 1614 3261 1822 3335; x_wconf 75' lang='grc' dir='ltr'>διαίρε-</span> 
     </span>
    </p>
   </div>
   <div class='ocr_carea' id='block_1_65' title="bbox 222 3361 1071 3409">
    <p class='ocr_par' dir='ltr' id='par_1_65' title="bbox 222 3361 1071 3409">
     <span class='ocr_line' id='line_1_65' title="bbox 222 3361 1071 3409; baseline -0.001 -9"><span class='ocrx_word' id='word_1_428' title='bbox 222 3361 336 3409; x_wconf 84' lang='grc' dir='ltr'>σις.</span> <span class='ocrx_word' id='word_1_429' title='bbox 1068 3372 1071 3373; x_wconf 63' lang='grc'><strong><em>⁷</em></strong></span> 
     </span>
    </p>
   </div>
   <div class='ocr_carea' id='block_1_66' title="bbox 301 3438 1819 3515">
    <p class='ocr_par' dir='ltr' id='par_1_66' title="bbox 301 3438 1819 3515">
     <span class='ocr_line' id='line_1_66' title="bbox 301 3438 1819 3515; baseline 0.004 -23"><span class='ocrx_word' id='word_1_430' title='bbox 301 3438 397 3504; x_wconf 83' lang='grc' dir='ltr'>Εἰς</span> <span class='ocrx_word' id='word_1_431' title='bbox 440 3439 627 3497; x_wconf 65' lang='grc' dir='ltr'>ἐκεῖνα</span> <span class='ocrx_word' id='word_1_432' title='bbox 663 3442 926 3513; x_wconf 76' lang='grc' dir='ltr'>ἁφορῶσα</span> <span class='ocrx_word' id='word_1_433' title='bbox 970 3441 1066 3509; x_wconf 69' lang='grc' dir='ltr'>καὶ</span> <span class='ocrx_word' id='word_1_434' title='bbox 1105 3443 1175 3497; x_wconf 79' lang='grc' dir='ltr'>τὰ</span> <span class='ocrx_word' id='word_1_435' title='bbox 1230 3446 1389 3514; x_wconf 84' lang='grc' dir='ltr'>ὅμοια</span> <span class='ocrx_word' id='word_1_436' title='bbox 1438 3444 1729 3515; x_wconf 77' lang='grc' dir='ltr'>προορῶσα</span> <span class='ocrx_word' id='word_1_437' title='bbox 1785 3446 1819 3515; x_wconf 89' lang='grc' dir='ltr'><strong>ή</strong></span> 
     </span>
    </p>
   </div>
   <div class='ocr_carea' id='block_1_67' title="bbox 223 3528 1822 3631">
    <p class='ocr_par' dir='ltr' id='par_1_67' title="bbox 223 3528 1822 3631">
     <span class='ocr_line' id='line_1_67' title="bbox 223 3528 1822 3631; baseline 0.005 -50"><span class='ocrx_word' id='word_1_438' title='bbox 223 3528 393 3584; x_wconf 81' lang='grc' dir='ltr'>ἀθλία</span> <span class='ocrx_word' id='word_1_439' title='bbox 416 3528 563 3631; x_wconf 68' lang='grc' dir='ltr'>ψυχή</span> <span class='ocrx_word' id='word_1_440' title='bbox 604 3550 705 3603; x_wconf 89' lang='grc' dir='ltr'><strong>μου</strong></span> <span class='ocrx_word' id='word_1_441' title='bbox 761 3533 937 3587; x_wconf 78' lang='grc' dir='ltr'>στένει</span> <span class='ocrx_word' id='word_1_442' title='bbox 972 3535 1067 3586; x_wconf 78' lang='grc' dir='ltr'>καὶ</span> <span class='ocrx_word' id='word_1_443' title='bbox 1106 3534 1380 3605; x_wconf 74' lang='grc' dir='ltr'>ὀδύρεται,</span> <span class='ocrx_word' id='word_1_444' title='bbox 1405 3535 1556 3589; x_wconf 67' lang='grc' dir='ltr'>οὐδὲν</span> <span class='ocrx_word' id='word_1_445' title='bbox 1589 3535 1822 3605; x_wconf 81' lang='grc' dir='ltr'>καραδο-</span> 
     </span>
    </p>
   </div>
   <div class='ocr_carea' id='block_1_68' title="bbox 225 3620 1823 3694">
    <p class='ocr_par' dir='ltr' id='par_1_68' title="bbox 225 3620 1823 3694">
     <span class='ocr_line' id='line_1_68' title="bbox 225 3620 1823 3694; baseline 0.001 -19"><span class='ocrx_word' id='word_1_446' title='bbox 225 3620 403 3675; x_wconf 80' lang='grc' dir='ltr'>κοῦσα</span> <span class='ocrx_word' id='word_1_447' title='bbox 446 3620 704 3693; x_wconf 64' lang='grc' dir='ltr'>χόηστόν.</span> <span class='ocrx_word' id='word_1_448' title='bbox 742 3622 877 3676; x_wconf 71' lang='grc' dir='ltr'>Οὐδὲ</span> <span class='ocrx_word' id='word_1_449' title='bbox 926 3622 1037 3694; x_wconf 81' lang='grc' dir='ltr'><strong>γὰρ</strong></span> <span class='ocrx_word' id='word_1_450' title='bbox 1071 3624 1251 3677; x_wconf 77' lang='grc' dir='ltr'>ἴσασιν</span> <span class='ocrx_word' id='word_1_451' title='bbox 1307 3626 1356 3677; x_wconf 83' lang='lat' dir='ltr'><strong>oi</strong></span> <span class='ocrx_word' id='word_1_452' title='bbox 1407 3626 1471 3676; x_wconf 80' lang='grc' dir='ltr'>ὲκ</span> <span class='ocrx_word' id='word_1_453' title='bbox 1505 3625 1613 3677; x_wconf 86' lang='grc' dir='ltr'><strong>τῶν</strong></span> <span class='ocrx_word' id='word_1_454' title='bbox 1647 3624 1823 3677; x_wconf 75' lang='grc' dir='ltr'>ἄλλων</span> 
     </span>
    </p>
   </div>
   <div class='ocr_carea' id='block_1_69' title="bbox 222 3712 1822 3785">
    <p class='ocr_par' dir='ltr' id='par_1_69' title="bbox 222 3712 1822 3785">
     <span class='ocr_line' id='line_1_69' title="bbox 222 3712 1822 3785; baseline 0 -18"><span class='ocrx_word' id='word_1_455' title='bbox 222 3713 548 3785; x_wconf 82' lang='grc' dir='ltr'>διοικήσεων</span> <span class='ocrx_word' id='word_1_456' title='bbox 594 3713 685 3767; x_wconf 82' lang='grc' dir='ltr'>τὸν</span> <span class='ocrx_word' id='word_1_457' title='bbox 736 3712 1055 3783; x_wconf 67' lang='grc' dir='ltr'>ἐγκείμενον</span> <span class='ocrx_word' id='word_1_458' title='bbox 1104 3717 1218 3775; x_wconf 80' lang='grc' dir='ltr'>τοῖς</span> <span class='ocrx_word' id='word_1_459' title='bbox 1250 3715 1461 3767; x_wconf 76' lang='grc' dir='ltr'>δώδεκα</span> <span class='ocrx_word' id='word_1_460' title='bbox 1504 3715 1822 3782; x_wconf 70' lang='grc' dir='ltr'>κεφαλαίοις</span> 
     </span>
    </p>
   </div>
   <div class='ocr_carea' id='block_1_70' title="bbox 229 3806 1823 3879">
    <p class='ocr_par' dir='ltr' id='par_1_70' title="bbox 229 3806 1823 3879">
     <span class='ocr_line' id='line_1_70' title="bbox 229 3806 1823 3879; baseline -0.001 -18"><span class='ocrx_word' id='word_1_461' title='bbox 229 3806 351 3861; x_wconf 74' lang='grc' dir='ltr'>ἱόν·</span> <span class='ocrx_word' id='word_1_462' title='bbox 393 3806 532 3861; x_wconf 77' lang='grc' dir='ltr'>ἀλλὰ</span> <span class='ocrx_word' id='word_1_463' title='bbox 578 3810 645 3879; x_wconf 75' lang='grc' dir='ltr'>τῇ</span> <span class='ocrx_word' id='word_1_464' title='bbox 706 3807 1043 3879; x_wconf 59' lang='grc' dir='ltr'>περιφανείξι</span> <span class='ocrx_word' id='word_1_465' title='bbox 1099 3807 1193 3861; x_wconf 88' lang='grc' dir='ltr'><strong>τοῦ</strong></span> <span class='ocrx_word' id='word_1_466' title='bbox 1243 3807 1421 3861; x_wconf 87' lang='grc' dir='ltr'>ταῦτα</span> <span class='ocrx_word' id='word_1_467' title='bbox 1480 3808 1823 3878; x_wconf 69' lang='grc' dir='ltr'>γεγραφότος</span> 
     </span>
    </p>
   </div>
   <div class='ocr_carea' id='block_1_71' title="bbox 226 3895 1823 3970">
    <p class='ocr_par' dir='ltr' id='par_1_71' title="bbox 226 3895 1823 3970">
     <span class='ocr_line' id='line_1_71' title="bbox 226 3895 1823 3970; baseline 0.003 -20"><span class='ocrx_word' id='word_1_468' title='bbox 226 3900 615 3970; x_wconf 73' lang='grc' dir='ltr'>προσέχοντες,</span> <span class='ocrx_word' id='word_1_469' title='bbox 648 3900 803 3955; x_wconf 75' lang='grc' dir='ltr'>οὐδὲν</span> <span class='ocrx_word' id='word_1_470' title='bbox 830 3897 1199 3954; x_wconf 73' lang='grc' dir='ltr'>ὑποπτεύουσι</span> <span class='ocrx_word' id='word_1_471' title='bbox 1240 3898 1482 3970; x_wconf 83' lang='grc' dir='ltr'>φλαῦρον</span> <span class='ocrx_word' id='word_1_472' title='bbox 1505 3915 1521 3931; x_wconf 68' lang='grc' dir='ltr'><strong>ν</strong></span> <span class='ocrx_word' id='word_1_473' title='bbox 1554 3899 1647 3953; x_wconf 76' lang='grc' dir='ltr'>καὶ</span> <span class='ocrx_word' id='word_1_474' title='bbox 1668 3895 1823 3970; x_wconf 69' lang='grc' dir='ltr'>οἶμαι</span> 
     </span>
    </p>
   </div>
   <div class='ocr_carea' id='block_1_72' title="bbox 222 3990 1826 4063">
    <p class='ocr_par' dir='ltr' id='par_1_72' title="bbox 222 3990 1826 4063">
     <span class='ocr_line' id='line_1_72' title="bbox 222 3990 1826 4063; baseline 0.001 -19"><span class='ocrx_word' id='word_1_475' title='bbox 222 3990 306 4055; x_wconf 77' lang='grc' dir='ltr'>ὡς</span> <span class='ocrx_word' id='word_1_476' title='bbox 327 3992 356 4044; x_wconf 84' lang='grc' dir='ltr'><strong>ό</strong></span> <span class='ocrx_word' id='word_1_477' title='bbox 379 3992 472 4045; x_wconf 79' lang='grc' dir='ltr'>τὸν</span> <span class='ocrx_word' id='word_1_478' title='bbox 497 3993 708 4046; x_wconf 71' lang='grc' dir='ltr'>ἐκείνου</span> <span class='ocrx_word' id='word_1_479' title='bbox 730 3992 1117 4063; x_wconf 80' lang='grc' dir='ltr'>διαδεξάμενος</span> <span class='ocrx_word' id='word_1_480' title='bbox 1144 3991 1333 4063; x_wconf 87' lang='grc' dir='ltr'>θρόνον</span> <span class='ocrx_word' id='word_1_481' title='bbox 1362 3993 1542 4046; x_wconf 82' lang='grc' dir='ltr'>πάντα</span> <span class='ocrx_word' id='word_1_482' title='bbox 1570 4009 1826 4063; x_wconf 85' lang='grc' dir='ltr'>πραγμα-</span> 
     </span>
    </p>
   </div>
   <div class='ocr_carea' id='block_1_73' title="bbox 220 4082 1823 4156">
    <p class='ocr_par' dir='ltr' id='par_1_73' title="bbox 220 4082 1823 4156">
     <span class='ocr_line' id='line_1_73' title="bbox 220 4082 1823 4156; baseline -0.001 -20"><span class='ocrx_word' id='word_1_483' title='bbox 220 4082 470 4148; x_wconf 79' lang='grc' dir='ltr'>τεύεται,</span> <span class='ocrx_word' id='word_1_484' title='bbox 497 4084 641 4138; x_wconf 78' lang='grc' dir='ltr'>ὥστε</span> <span class='ocrx_word' id='word_1_485' title='bbox 671 4084 905 4156; x_wconf 77' lang='grc' dir='ltr'>δευτέρᾳ</span> <span class='ocrx_word' id='word_1_486' title='bbox 952 4083 1127 4137; x_wconf 78' lang='grc' dir='ltr'>ταῦτα</span> <span class='ocrx_word' id='word_1_487' title='bbox 1175 4082 1443 4154; x_wconf 79' lang='grc' dir='ltr'>κρατῦναι</span> <span class='ocrx_word' id='word_1_488' title='bbox 1496 4083 1720 4155; x_wconf 82' lang='grc' dir='ltr'>συνόδῳ.</span> <span class='ocrx_word' id='word_1_489' title='bbox 1764 4084 1823 4136; x_wconf 83' lang='grc'><strong>’0</strong></span> 
     </span>
    </p>
   </div>
   <div class='ocr_carea' id='block_1_74' title="bbox 223 4172 1820 4246">
    <p class='ocr_par' dir='ltr' id='par_1_74' title="bbox 223 4172 1820 4246">
     <span class='ocr_line' id='line_1_74' title="bbox 223 4172 1820 4246; baseline -0.001 -19"><span class='ocrx_word' id='word_1_490' title='bbox 223 4174 341 4246; x_wconf 77' lang='grc' dir='ltr'><strong>γὰρ</strong></span> <span class='ocrx_word' id='word_1_491' title='bbox 367 4174 427 4239; x_wconf 71' lang='grc' dir='ltr'>ἐξ</span> <span class='ocrx_word' id='word_1_492' title='bbox 473 4174 853 4245; x_wconf 67' lang='grc' dir='ltr'>ἐπιτάγματος</span> <span class='ocrx_word' id='word_1_493' title='bbox 905 4174 1132 4228; x_wconf 88' lang='grc' dir='ltr'>τοιαῦτα</span> <span class='ocrx_word' id='word_1_494' title='bbox 1186 4173 1299 4243; x_wconf 86' lang='lat'><strong>(7|)</strong></span> <span class='ocrx_word' id='word_1_495' title='bbox 1337 4172 1528 4244; x_wconf 81' lang='grc' dir='ltr'>πρώην</span> <span class='ocrx_word' id='word_1_496' title='bbox 1560 4173 1781 4244; x_wconf 73' lang='grc' dir='ltr'>γράψας</span> <span class='ocrx_word' id='word_1_497' title='bbox 1804 4216 1820 4237; x_wconf 91' lang='grc'><strong>,</strong></span> 
     </span>
    </p>
   </div>
   <div class='ocr_carea' id='block_1_75' title="bbox 229 4264 1827 4342">
    <p class='ocr_par' dir='ltr' id='par_1_75' title="bbox 229 4264 1827 4342">
     <span class='ocr_line' id='line_1_75' title="bbox 229 4264 1827 4342; baseline -0.003 -21"><span class='ocrx_word' id='word_1_498' title='bbox 229 4268 326 4321; x_wconf 82' lang='grc' dir='ltr'>καὶ</span> <span class='ocrx_word' id='word_1_499' title='bbox 347 4267 755 4339; x_wconf 83' lang='grc' dir='ltr'>ἀναθεματίσας</span> <span class='ocrx_word' id='word_1_500' title='bbox 781 4269 909 4330; x_wconf 74' lang='grc' dir='ltr'><strong>τούς</strong></span> <span class='ocrx_word' id='word_1_501' title='bbox 930 4266 1143 4328; x_wconf 83' lang='grc' dir='ltr'>τούτοις</span> <span class='ocrx_word' id='word_1_502' title='bbox 1171 4266 1435 4336; x_wconf 70' lang='grc' dir='ltr'>ἐμμένειν</span> <span class='ocrx_word' id='word_1_503' title='bbox 1469 4264 1545 4336; x_wconf 77' lang='grc' dir='ltr'>μὴ</span> <span class='ocrx_word' id='word_1_504' title='bbox 1567 4264 1827 4342; x_wconf 79' lang='grc' dir='ltr'>βουλομέ-</span> 
     </span>
    </p>
   </div>
   <div class='ocr_carea' id='block_1_76' title="bbox 227 4356 1824 4429">
    <p class='ocr_par' dir='ltr' id='par_1_76' title="bbox 227 4356 1824 4429">
     <span class='ocr_line' id='line_1_76' title="bbox 227 4356 1824 4429; baseline 0 -20"><span class='ocrx_word' id='word_1_505' title='bbox 227 4373 378 4421; x_wconf 63' lang='grc' dir='ltr'>νους.</span> <span class='ocrx_word' id='word_1_506' title='bbox 417 4358 470 4411; x_wconf 89' lang='grc' dir='ltr'><strong>τί</strong></span> <span class='ocrx_word' id='word_1_507' title='bbox 512 4358 615 4412; x_wconf 85' lang='grc' dir='ltr'><strong>οὐκ</strong></span> <span class='ocrx_word' id='word_1_508' title='bbox 661 4356 728 4412; x_wconf 78' lang='grc' dir='ltr'>ἂν</span> <span class='ocrx_word' id='word_1_509' title='bbox 766 4358 1037 4429; x_wconf 62' lang='grc' dir='ltr'>,πράξειεν</span> <span class='ocrx_word' id='word_1_510' title='bbox 1071 4359 1425 4429; x_wconf 78' lang='grc' dir='ltr'>οίκουμενικῇ</span> <span class='ocrx_word' id='word_1_511' title='bbox 1480 4356 1824 4428; x_wconf 77' lang='grc' dir='ltr'>προκαθίσας</span> 
     </span>
    </p>
   </div>
   <div class='ocr_carea' id='block_1_77' title="bbox 229 4444 1822 4520">
    <p class='ocr_par' dir='ltr' id='par_1_77' title="bbox 229 4444 1822 4520">
     <span class='ocr_line' id='line_1_77' title="bbox 229 4444 1822 4520; baseline -0.001 -19"><span class='ocrx_word' id='word_1_512' title='bbox 229 4447 472 4520; x_wconf 74' lang='grc' dir='ltr'>συνύδῳς</span> <span class='ocrx_word' id='word_1_513' title='bbox 526 4448 639 4510; x_wconf 70' lang='grc' dir='ltr'><strong>Καὶ</strong></span> <span class='ocrx_word' id='word_1_514' title='bbox 666 4444 725 4503; x_wconf 80' lang='grc' dir='ltr'>εὖ</span> <span class='ocrx_word' id='word_1_515' title='bbox 774 4447 904 4514; x_wconf 74' lang='grc' dir='ltr'>ἴσθι,</span> <span class='ocrx_word' id='word_1_516' title='bbox 937 4449 1199 4511; x_wconf 79' lang='grc' dir='ltr'>δέσποτα,</span> <span class='ocrx_word' id='word_1_517' title='bbox 1238 4448 1314 4513; x_wconf 84' lang='grc' dir='ltr'>ὡς</span> <span class='ocrx_word' id='word_1_518' title='bbox 1353 4449 1529 4512; x_wconf 77' lang='grc' dir='ltr'>οὐδεὶς</span> <span class='ocrx_word' id='word_1_519' title='bbox 1577 4446 1690 4501; x_wconf 86' lang='grc' dir='ltr'><strong>τῶν</strong></span> <span class='ocrx_word' id='word_1_520' title='bbox 1723 4448 1822 4517; x_wconf 80' lang='grc' dir='ltr'>τὴν</span> 
     </span>
    </p>
   </div>
   <div class='ocr_carea' id='block_1_78' title="bbox 1996 3442 3523 3514">
    <p class='ocr_par' dir='ltr' id='par_1_78' title="bbox 1996 3442 3523 3514">
     <span class='ocr_line' id='line_1_78' title="bbox 1996 3442 3523 3514; baseline -0.001 -16"><span class='ocrx_word' id='word_1_521' title='bbox 1996 3442 2123 3498; x_wconf 72' lang='lat' dir='ltr'><strong>Hmc</strong></span> <span class='ocrx_word' id='word_1_522' title='bbox 2162 3444 2389 3498; x_wconf 86' lang='lat' dir='ltr'><strong>intuens</strong></span> <span class='ocrx_word' id='word_1_523' title='bbox 2416 3453 2473 3500; x_wconf 91' lang='lat' dir='ltr'><strong>et</strong></span> <span class='ocrx_word' id='word_1_524' title='bbox 2507 3443 2707 3498; x_wconf 89' lang='lat' dir='ltr'><strong>similia</strong></span> <span class='ocrx_word' id='word_1_525' title='bbox 2742 3442 3091 3514; x_wconf 86' lang='lat' dir='ltr'><strong>prospiciens</strong></span> <span class='ocrx_word' id='word_1_526' title='bbox 3120 3442 3309 3498; x_wconf 80' lang='lat' dir='ltr'><strong>infelix</strong></span> <span class='ocrx_word' id='word_1_527' title='bbox 3337 3442 3523 3497; x_wconf 88' lang='lat' dir='ltr'><strong>anima</strong></span> 
     </span>
    </p>
   </div>
   <div class='ocr_carea' id='block_1_79' title="bbox 1925 3535 3521 3608">
    <p class='ocr_par' dir='ltr' id='par_1_79' title="bbox 1925 3535 3521 3608">
     <span class='ocr_line' id='line_1_79' title="bbox 1925 3535 3521 3608; baseline 0.001 -17"><span class='ocrx_word' id='word_1_528' title='bbox 1925 3551 2070 3601; x_wconf 90' lang='lat' dir='ltr'><strong>mea,</strong></span> <span class='ocrx_word' id='word_1_529' title='bbox 2120 3536 2395 3607; x_wconf 84' lang='lat' dir='ltr'><strong>suspirat,</strong></span> <span class='ocrx_word' id='word_1_530' title='bbox 2444 3536 2745 3608; x_wconf 89' lang='lat' dir='ltr'><strong>lugetque,</strong></span> <span class='ocrx_word' id='word_1_531' title='bbox 2798 3535 2938 3591; x_wconf 86' lang='lat' dir='ltr'><strong>nihil</strong></span> <span class='ocrx_word' id='word_1_532' title='bbox 2981 3544 3309 3608; x_wconf 80' lang='lat' dir='ltr'><strong>exspectans</strong></span> <span class='ocrx_word' id='word_1_533' title='bbox 3362 3535 3521 3593; x_wconf 90' lang='lat' dir='ltr'><strong>boni.</strong></span> 
     </span>
    </p>
   </div>
   <div class='ocr_carea' id='block_1_80' title="bbox 1924 3625 3522 3695">
    <p class='ocr_par' dir='ltr' id='par_1_80' title="bbox 1924 3625 3522 3695">
     <span class='ocr_line' id='line_1_80' title="bbox 1924 3625 3522 3695; baseline 0 -14"><span class='ocrx_word' id='word_1_534' title='bbox 1924 3626 2115 3695; x_wconf 79' lang='lat' dir='ltr'><strong>Neque</strong></span> <span class='ocrx_word' id='word_1_535' title='bbox 2148 3625 2295 3680; x_wconf 88' lang='lat' dir='ltr'><strong>enim</strong></span> <span class='ocrx_word' id='word_1_536' title='bbox 2333 3625 2562 3679; x_wconf 91' lang='lat' dir='ltr'><strong>insitum</strong></span> <span class='ocrx_word' id='word_1_537' title='bbox 2603 3626 2659 3679; x_wconf 89' lang='lat' dir='ltr'><strong>in</strong></span> <span class='ocrx_word' id='word_1_538' title='bbox 2701 3625 2999 3681; x_wconf 88' lang='lat' dir='ltr'><strong>duodecim</strong></span> <span class='ocrx_word' id='word_1_539' title='bbox 3041 3625 3316 3695; x_wconf 86' lang='lat' dir='ltr'><strong>capitibus</strong></span> <span class='ocrx_word' id='word_1_540' title='bbox 3348 3640 3522 3681; x_wconf 86' lang='lat' dir='ltr'><strong>vene-</strong></span> 
     </span>
    </p>
   </div>
   <div class='ocr_carea' id='block_1_81' title="bbox 1925 3715 3521 3784">
    <p class='ocr_par' dir='ltr' id='par_1_81' title="bbox 1925 3715 3521 3784">
     <span class='ocr_line' id='line_1_81' title="bbox 1925 3715 3521 3784; baseline 0.001 -14"><span class='ocrx_word' id='word_1_541' title='bbox 1925 3731 2058 3770; x_wconf 88' lang='lat' dir='ltr'><strong>num</strong></span> <span class='ocrx_word' id='word_1_542' title='bbox 2102 3717 2359 3769; x_wconf 79' lang='lat' dir='ltr'><strong>norunt‘</strong></span> <span class='ocrx_word' id='word_1_543' title='bbox 2392 3715 2489 3784; x_wconf 89' lang='lat' dir='ltr'><strong>qui</strong></span> <span class='ocrx_word' id='word_1_544' title='bbox 2532 3715 2765 3770; x_wconf 90' lang='lat' dir='ltr'><strong>aliarum</strong></span> <span class='ocrx_word' id='word_1_545' title='bbox 2806 3723 2937 3771; x_wconf 90' lang='lat' dir='ltr'><strong>sunt</strong></span> <span class='ocrx_word' id='word_1_546' title='bbox 2984 3715 3311 3771; x_wconf 68' lang='lat' dir='ltr'><strong>dioecesium</strong></span> <span class='ocrx_word' id='word_1_547' title='bbox 3362 3733 3375 3769; x_wconf 90' lang='lat'><strong>:</strong></span> <span class='ocrx_word' id='word_1_548' title='bbox 3421 3715 3521 3771; x_wconf 89' lang='lat' dir='ltr'><strong>sed</strong></span> 
     </span>
    </p>
   </div>
   <div class='ocr_carea' id='block_1_82' title="bbox 1924 3800 3523 3876">
    <p class='ocr_par' dir='ltr' id='par_1_82' title="bbox 1924 3800 3523 3876">
     <span class='ocr_line' id='line_1_82' title="bbox 1924 3800 3523 3876; baseline 0.001 -16"><span class='ocrx_word' id='word_1_549' title='bbox 1924 3807 2044 3876; x_wconf 85' lang='lat' dir='ltr'><strong>ejus</strong></span> <span class='ocrx_word' id='word_1_550' title='bbox 2059 3805 2153 3875; x_wconf 90' lang='lat' dir='ltr'><strong>qui</strong></span> <span class='ocrx_word' id='word_1_551' title='bbox 2170 3805 2261 3859; x_wconf 83' lang='lat' dir='ltr'><strong>illa</strong></span> <span class='ocrx_word' id='word_1_552' title='bbox 2282 3807 2504 3876; x_wconf 89' lang='lat' dir='ltr'><strong>scripsit</strong></span> <span class='ocrx_word' id='word_1_553' title='bbox 2519 3807 2823 3861; x_wconf 83' lang='lat' dir='ltr'><strong>claritatem</strong></span> <span class='ocrx_word' id='word_1_554' title='bbox 2838 3806 3207 3871; x_wconf 86' lang='lat' dir='ltr'><strong>attendentes,</strong></span> <span class='ocrx_word' id='word_1_555' title='bbox 3228 3800 3364 3861; x_wconf 80' lang='lat' dir='ltr'><strong>nihil</strong></span> <span class='ocrx_word' id='word_1_556' title='bbox 3387 3808 3523 3862; x_wconf 84' lang='lat' dir='ltr'><strong>sini-</strong></span> 
     </span>
    </p>
   </div>
   <div class='ocr_carea' id='block_1_83' title="bbox 1927 3890 3520 3971">
    <p class='ocr_par' dir='ltr' id='par_1_83' title="bbox 1927 3890 3520 3971">
     <span class='ocr_line' id='line_1_83' title="bbox 1927 3890 3520 3971; baseline 0.001 -17"><span class='ocrx_word' id='word_1_557' title='bbox 1927 3906 2104 3954; x_wconf 89' lang='lat' dir='ltr'><strong>strum</strong></span> <span class='ocrx_word' id='word_1_558' title='bbox 2126 3899 2509 3969; x_wconf 88' lang='lat' dir='ltr'><strong>suspicantur:</strong></span> <span class='ocrx_word' id='word_1_559' title='bbox 2533 3904 2591 3953; x_wconf 90' lang='lat' dir='ltr'><strong>et</strong></span> <span class='ocrx_word' id='word_1_560' title='bbox 2605 3900 2699 3969; x_wconf 90' lang='lat' dir='ltr'><strong>qui</strong></span> <span class='ocrx_word' id='word_1_561' title='bbox 2722 3898 2843 3971; x_wconf 88' lang='lat' dir='ltr'><strong>ejus</strong></span> <span class='ocrx_word' id='word_1_562' title='bbox 2861 3899 2981 3955; x_wconf 87' lang='lat' dir='ltr'><strong>sedi</strong></span> <span class='ocrx_word' id='word_1_563' title='bbox 3003 3900 3290 3964; x_wconf 81' lang='lat' dir='ltr'><strong>successit,</strong></span> <span class='ocrx_word' id='word_1_564' title='bbox 3304 3890 3520 3962; x_wconf 82' lang='lat' dir='ltr'><strong>omnia,</strong></span> 
     </span>
    </p>
   </div>
   <div class='ocr_carea' id='block_1_84' title="bbox 1926 3990 3522 4062">
    <p class='ocr_par' dir='ltr' id='par_1_84' title="bbox 1926 3990 3522 4062">
     <span class='ocr_line' id='line_1_84' title="bbox 1926 3990 3522 4062; baseline 0.001 -17"><span class='ocrx_word' id='word_1_565' title='bbox 1926 3990 2145 4061; x_wconf 87' lang='lat' dir='ltr'><strong>opinor,</strong></span> <span class='ocrx_word' id='word_1_566' title='bbox 2179 4001 2385 4055; x_wconf 85' lang='lat' dir='ltr'><strong>movet,</strong></span> <span class='ocrx_word' id='word_1_567' title='bbox 2417 4004 2480 4047; x_wconf 90' lang='lat' dir='ltr'><strong>ut</strong></span> <span class='ocrx_word' id='word_1_568' title='bbox 2510 3992 2685 4046; x_wconf 88' lang='lat' dir='ltr'><strong>altera</strong></span> <span class='ocrx_word' id='word_1_569' title='bbox 2720 3990 2933 4062; x_wconf 82' lang='lat' dir='ltr'><strong>synodo</strong></span> <span class='ocrx_word' id='word_1_570' title='bbox 2962 3990 3051 4046; x_wconf 87' lang='lat' dir='ltr'><strong>illa</strong></span> <span class='ocrx_word' id='word_1_571' title='bbox 3079 3990 3391 4046; x_wconf 77' lang='lat' dir='ltr'><strong>conﬁrmet.</strong></span> <span class='ocrx_word' id='word_1_572' title='bbox 3415 3991 3522 4059; x_wconf 83' lang='lat' dir='ltr'><strong>Qui</strong></span> 
     </span>
    </p>
   </div>
   <div class='ocr_carea' id='block_1_85' title="bbox 1926 4080 3522 4153">
    <p class='ocr_par' dir='ltr' id='par_1_85' title="bbox 1926 4080 3522 4153">
     <span class='ocr_line' id='line_1_85' title="bbox 1926 4080 3522 4153; baseline 0.001 -18"><span class='ocrx_word' id='word_1_573' title='bbox 1926 4081 2075 4136; x_wconf 90' lang='lat' dir='ltr'><strong>enim</strong></span> <span class='ocrx_word' id='word_1_574' title='bbox 2110 4097 2211 4152; x_wconf 89' lang='lat' dir='ltr'><strong>pro</strong></span> <span class='ocrx_word' id='word_1_575' title='bbox 2235 4081 2470 4151; x_wconf 89' lang='lat' dir='ltr'><strong>imperio</strong></span> <span class='ocrx_word' id='word_1_576' title='bbox 2493 4097 2672 4151; x_wconf 91' lang='lat' dir='ltr'><strong>nuper</strong></span> <span class='ocrx_word' id='word_1_577' title='bbox 2694 4081 2824 4136; x_wconf 83' lang='lat' dir='ltr'><strong>talia</strong></span> <span class='ocrx_word' id='word_1_578' title='bbox 2856 4080 3098 4150; x_wconf 88' lang='lat' dir='ltr'><strong>scripsit,</strong></span> <span class='ocrx_word' id='word_1_579' title='bbox 3134 4080 3279 4137; x_wconf 90' lang='lat' dir='ltr'><strong>etiis</strong></span> <span class='ocrx_word' id='word_1_580' title='bbox 3303 4084 3400 4153; x_wconf 86' lang='lat' dir='ltr'><strong>qui</strong></span> <span class='ocrx_word' id='word_1_581' title='bbox 3426 4097 3522 4137; x_wconf 88' lang='lat' dir='ltr'><strong>ac-</strong></span> 
     </span>
    </p>
   </div>
   <div class='ocr_carea' id='block_1_86' title="bbox 1927 4168 3530 4243">
    <p class='ocr_par' dir='ltr' id='par_1_86' title="bbox 1927 4168 3530 4243">
     <span class='ocr_line' id='line_1_86' title="bbox 1927 4168 3530 4243; baseline 0 -15"><span class='ocrx_word' id='word_1_582' title='bbox 1927 4174 2216 4243; x_wconf 87' lang='lat' dir='ltr'><strong>quiescere</strong></span> <span class='ocrx_word' id='word_1_583' title='bbox 2236 4174 2320 4229; x_wconf 86' lang='lat' dir='ltr'><strong>his</strong></span> <span class='ocrx_word' id='word_1_584' title='bbox 2337 4174 2548 4228; x_wconf 76' lang='lat' dir='ltr'><strong>nollent</strong></span> <span class='ocrx_word' id='word_1_585' title='bbox 2564 4174 2859 4229; x_wconf 83' lang='lat' dir='ltr'><strong>anathema</strong></span> <span class='ocrx_word' id='word_1_586' title='bbox 2878 4172 3039 4238; x_wconf 79' lang='lat' dir='ltr'><strong>dixit,</strong></span> <span class='ocrx_word' id='word_1_587' title='bbox 3062 4173 3194 4243; x_wconf 90' lang='lat' dir='ltr'><strong>quid</strong></span> <span class='ocrx_word' id='word_1_588' title='bbox 3219 4168 3530 4243; x_wconf 63' lang='lat' dir='ltr'><strong>praesidens</strong></span> 
     </span>
    </p>
   </div>
   <div class='ocr_carea' id='block_1_87' title="bbox 1927 4261 3520 4333">
    <p class='ocr_par' dir='ltr' id='par_1_87' title="bbox 1927 4261 3520 4333">
     <span class='ocr_line' id='line_1_87' title="bbox 1927 4261 3520 4333; baseline -0.001 -16"><span class='ocrx_word' id='word_1_589' title='bbox 1927 4262 2168 4317; x_wconf 89' lang='lat' dir='ltr'><strong>concilio</strong></span> <span class='ocrx_word' id='word_1_590' title='bbox 2225 4278 2339 4317; x_wconf 89' lang='lat' dir='ltr'><strong>non</strong></span> <span class='ocrx_word' id='word_1_591' title='bbox 2391 4264 2555 4333; x_wconf 78' lang='lat' dir='ltr'><strong>aget?</strong></span> <span class='ocrx_word' id='word_1_592' title='bbox 2602 4262 2673 4317; x_wconf 85' lang='lat' dir='ltr'><strong>At</strong></span> <span class='ocrx_word' id='word_1_593' title='bbox 2726 4262 2890 4326; x_wconf 84' lang='lat' dir='ltr'><strong>scito,</strong></span> <span class='ocrx_word' id='word_1_594' title='bbox 2950 4261 3194 4329; x_wconf 87' lang='lat' dir='ltr'><strong>domine,</strong></span> <span class='ocrx_word' id='word_1_595' title='bbox 3238 4263 3520 4318; x_wconf 90' lang='lat' dir='ltr'><strong>neminem</strong></span> 
     </span>
    </p>
   </div>
   <div class='ocr_carea' id='block_1_88' title="bbox 1925 4348 3524 4423">
    <p class='ocr_par' dir='ltr' id='par_1_88' title="bbox 1925 4348 3524 4423">
     <span class='ocr_line' id='line_1_88' title="bbox 1925 4348 3524 4423; baseline 0.001 -17"><span class='ocrx_word' id='word_1_596' title='bbox 1925 4368 2119 4407; x_wconf 88' lang='lat' dir='ltr'><strong>eorum</strong></span> <span class='ocrx_word' id='word_1_597' title='bbox 2154 4353 2262 4422; x_wconf 90' lang='lat' dir='ltr'><strong>qui.</strong></span> <span class='ocrx_word' id='word_1_598' title='bbox 2286 4353 2505 4408; x_wconf 89' lang='lat' dir='ltr'><strong>insitam</strong></span> <span class='ocrx_word' id='word_1_599' title='bbox 2540 4352 2597 4408; x_wconf 89' lang='lat' dir='ltr'><strong>in</strong></span> <span class='ocrx_word' id='word_1_600' title='bbox 2633 4353 2722 4408; x_wconf 87' lang='lat' dir='ltr'><strong>his</strong></span> <span class='ocrx_word' id='word_1_601' title='bbox 2759 4352 2995 4407; x_wconf 71' lang='lat' dir='ltr'><strong>bmresin</strong></span> <span class='ocrx_word' id='word_1_602' title='bbox 3029 4361 3259 4417; x_wconf 89' lang='lat' dir='ltr'><strong>norunt,</strong></span> <span class='ocrx_word' id='word_1_603' title='bbox 3305 4348 3524 4423; x_wconf 69' lang='grc' dir='ltr'><strong>ιιεδ</strong></span> 
     </span>
    </p>
   </div>
   <div class='ocr_carea' id='block_1_89' title="bbox 1928 4444 3518 4515">
    <p class='ocr_par' dir='ltr' id='par_1_89' title="bbox 1928 4444 3518 4515">
     <span class='ocr_line' id='line_1_89' title="bbox 1928 4444 3518 4515; baseline 0 -16"><span class='ocrx_word' id='word_1_604' title='bbox 1928 4444 2229 4499; x_wconf 85' lang='lat' dir='ltr'><strong>adductum</strong></span> <span class='ocrx_word' id='word_1_605' title='bbox 2254 4444 2329 4502; x_wconf 84' lang='lat' dir='ltr'><strong>iri</strong></span> <span class='ocrx_word' id='word_1_606' title='bbox 2360 4453 2422 4499; x_wconf 93' lang='lat' dir='ltr'><strong>ut</strong></span> <span class='ocrx_word' id='word_1_607' title='bbox 2450 4461 2513 4499; x_wconf 87' lang='lat' dir='ltr'><strong>ea</strong></span> <span class='ocrx_word' id='word_1_608' title='bbox 2551 4446 2804 4515; x_wconf 86' lang='lat' dir='ltr'><strong>recipiat,</strong></span> <span class='ocrx_word' id='word_1_609' title='bbox 2845 4445 3098 4515; x_wconf 83' lang='lat' dir='ltr'><strong>quamvis</strong></span> <span class='ocrx_word' id='word_1_610' title='bbox 3126 4444 3297 4515; x_wconf 91' lang='lat' dir='ltr'><strong>duplo</strong></span> <span class='ocrx_word' id='word_1_611' title='bbox 3325 4444 3518 4514; x_wconf 85' lang='lat' dir='ltr'><strong>plures</strong></span> 
     </span>
    </p>
   </div>
   <div class='ocr_carea' id='block_1_90' title="bbox 228 4533 1821 4611">
    <p class='ocr_par' dir='ltr' id='par_1_90' title="bbox 228 4536 1821 4611">
     <span class='ocr_line' id='line_1_90' title="bbox 228 4536 1821 4611; baseline 0 -20"><span class='ocrx_word' id='word_1_612' title='bbox 228 4538 563 4611; x_wconf 70' lang='grc' dir='ltr'>ἑγκειμένην</span> <span class='ocrx_word' id='word_1_613' title='bbox 590 4540 775 4605; x_wconf 77' lang='grc' dir='ltr'>αὐτοῖς</span> <span class='ocrx_word' id='word_1_614' title='bbox 812 4539 1029 4610; x_wconf 73' lang='grc' dir='ltr'>αἵρεσιν</span> <span class='ocrx_word' id='word_1_615' title='bbox 1049 4540 1371 4608; x_wconf 75' lang='grc' dir='ltr'>ἐγνωκότων</span> <span class='ocrx_word' id='word_1_616' title='bbox 1407 4539 1654 4607; x_wconf 81' lang='grc' dir='ltr'>ἀνέξεται</span> <span class='ocrx_word' id='word_1_617' title='bbox 1682 4536 1821 4592; x_wconf 82' lang='grc' dir='ltr'>αὐτὰ</span> 
     </span>
    </p>
   </div>
   <div class='ocr_carea' id='block_1_91' title="bbox 1923 4533 3522 4611">
    <p class='ocr_par' dir='ltr' id='par_1_91' title="bbox 1928 4533 3522 4605">
     <span class='ocr_line' id='line_1_91' title="bbox 1928 4533 3522 4605; baseline -0.002 -15"><span class='ocrx_word' id='word_1_618' title='bbox 1928 4535 2251 4590; x_wconf 88' lang='lat' dir='ltr'><strong>decernant.</strong></span> <span class='ocrx_word' id='word_1_619' title='bbox 2281 4534 2399 4591; x_wconf 87' lang='lat' dir='ltr'><strong>Jam</strong></span> <span class='ocrx_word' id='word_1_620' title='bbox 2427 4536 2675 4605; x_wconf 88' lang='lat' dir='ltr'><strong>quidem,</strong></span> <span class='ocrx_word' id='word_1_621' title='bbox 2712 4536 2931 4590; x_wconf 88' lang='lat' dir='ltr'><strong>etiamsi</strong></span> <span class='ocrx_word' id='word_1_622' title='bbox 2960 4536 3150 4605; x_wconf 88' lang='lat' dir='ltr'><strong>plures</strong></span> <span class='ocrx_word' id='word_1_623' title='bbox 3178 4542 3389 4589; x_wconf 90' lang='lat' dir='ltr'><strong>temere</strong></span> <span class='ocrx_word' id='word_1_624' title='bbox 3418 4533 3522 4587; x_wconf 90' lang='lat' dir='ltr'><strong>ista</strong></span> 
     </span>
    </p>
   </div>
   <div class='ocr_carea' id='block_1_92' title="bbox 224 4630 1823 4705">
    <p class='ocr_par' dir='ltr' id='par_1_92' title="bbox 224 4630 1823 4705">
     <span class='ocr_line' id='line_1_92' title="bbox 224 4630 1823 4705; baseline 0 -19"><span class='ocrx_word' id='word_1_625' title='bbox 224 4630 509 4698; x_wconf 72' lang='grc' dir='ltr'>δέξασθαι,</span> <span class='ocrx_word' id='word_1_626' title='bbox 541 4633 647 4688; x_wconf 81' lang='grc' dir='ltr'>κᾶν</span> <span class='ocrx_word' id='word_1_627' title='bbox 667 4634 755 4698; x_wconf 73' lang='grc' dir='ltr'>δὶς</span> <span class='ocrx_word' id='word_1_628' title='bbox 780 4634 1027 4688; x_wconf 82' lang='grc' dir='ltr'>τοσοῦτοι</span> <span class='ocrx_word' id='word_1_629' title='bbox 1050 4634 1418 4704; x_wconf 76' lang='grc' dir='ltr'>ψηφίσωνται.</span> <span class='ocrx_word' id='word_1_630' title='bbox 1442 4634 1556 4687; x_wconf 79' lang='grc' dir='ltr'><strong>Καὶ</strong></span> <span class='ocrx_word' id='word_1_631' title='bbox 1584 4634 1693 4705; x_wconf 81' lang='grc' dir='ltr'>γὰρ</span> <span class='ocrx_word' id='word_1_632' title='bbox 1721 4632 1823 4705; x_wconf 78' lang='grc' dir='ltr'><strong>ήδη</strong></span> 
     </span>
    </p>
   </div>
   <div class='ocr_carea' id='block_1_93' title="bbox 228 4723 1826 4797">
    <p class='ocr_par' dir='ltr' id='par_1_93' title="bbox 228 4723 1826 4797">
     <span class='ocr_line' id='line_1_93' title="bbox 228 4723 1826 4797; baseline -0.002 -18"><span class='ocrx_word' id='word_1_633' title='bbox 228 4725 329 4779; x_wconf 70' lang='grc' dir='ltr'>καὶ</span> <span class='ocrx_word' id='word_1_634' title='bbox 354 4723 617 4779; x_wconf 75' lang='grc' dir='ltr'>πλειόνων</span> <span class='ocrx_word' id='word_1_635' title='bbox 659 4725 736 4790; x_wconf 80' lang='grc' dir='ltr'>ὡς</span> <span class='ocrx_word' id='word_1_636' title='bbox 786 4725 946 4795; x_wconf 68' lang='grc' dir='ltr'>ἔτυχε</span> <span class='ocrx_word' id='word_1_637' title='bbox 991 4726 1167 4780; x_wconf 89' lang='grc' dir='ltr'>ταῦτα</span> <span class='ocrx_word' id='word_1_638' title='bbox 1212 4726 1657 4797; x_wconf 77' lang='grc' dir='ltr'>βεϐαιωσάντων,</span> <span class='ocrx_word' id='word_1_639' title='bbox 1695 4727 1826 4779; x_wconf 79' lang='grc' dir='ltr'>ἀντ-</span> 
     </span>
    </p>
   </div>
   <div class='ocr_carea' id='block_1_94' title="bbox 114 4814 1824 4906">
    <p class='ocr_par' dir='ltr' id='par_1_94' title="bbox 114 4814 1824 4906">
     <span class='ocr_line' id='line_1_94' title="bbox 114 4814 1824 4906; baseline 0.001 -38"><span class='ocrx_word' id='word_1_640' title='bbox 114 4824 121 4829; x_wconf 80' lang='grc'><em>’</em></span> <span class='ocrx_word' id='word_1_641' title='bbox 226 4814 472 4906; x_wconf 65' lang='grc' dir='ltr'>ἔστημεν</span> <span class='ocrx_word' id='word_1_642' title='bbox 494 4815 553 4869; x_wconf 77' lang='grc' dir='ltr'>ὲν</span> <span class='ocrx_word' id='word_1_643' title='bbox 592 4816 826 4886; x_wconf 79' lang='grc' dir='ltr'>Ἐφέσῳ,</span> <span class='ocrx_word' id='word_1_644' title='bbox 859 4817 953 4871; x_wconf 65' lang='grc' dir='ltr'><strong>καὶ⁵</strong></span> <span class='ocrx_word' id='word_1_645' title='bbox 983 4818 1044 4869; x_wconf 91' lang='grc' dir='ltr'><strong>οὐ</strong></span> <span class='ocrx_word' id='word_1_646' title='bbox 1086 4818 1352 4889; x_wconf 68' lang='grc' dir='ltr'>πρότερον</span> <span class='ocrx_word' id='word_1_647' title='bbox 1377 4817 1824 4888; x_wconf 79' lang='grc' dir='ltr'>ἐκοινωνήσαμεν</span> 
     </span>
    </p>
   </div>
   <div class='ocr_carea' id='block_1_95' title="bbox 225 4902 1824 4977">
    <p class='ocr_par' dir='ltr' id='par_1_95' title="bbox 225 4902 1824 4977">
     <span class='ocr_line' id='line_1_95' title="bbox 225 4902 1824 4977; baseline 0 -19"><span class='ocrx_word' id='word_1_648' title='bbox 225 4902 311 4976; x_wconf 82' lang='grc' dir='ltr'><strong>τῷ</strong></span> <span class='ocrx_word' id='word_1_649' title='bbox 339 4902 513 4959; x_wconf 82' lang='grc' dir='ltr'>ταῦτα</span> <span class='ocrx_word' id='word_1_650' title='bbox 539 4906 865 4977; x_wconf 85' lang='grc' dir='ltr'>γεγραφότι,</span> <span class='ocrx_word' id='word_1_651' title='bbox 911 4905 1017 4968; x_wconf 78' lang='grc' dir='ltr'>ἓως</span> <span class='ocrx_word' id='word_1_652' title='bbox 1039 4908 1152 4968; x_wconf 84' lang='grc' dir='ltr'>τοῖς</span> <span class='ocrx_word' id='word_1_653' title='bbox 1181 4906 1316 4977; x_wconf 82' lang='grc' dir='ltr'>παρ’</span> <span class='ocrx_word' id='word_1_654' title='bbox 1360 4906 1520 4976; x_wconf 81' lang='grc' dir='ltr'>ἡμῶν</span> <span class='ocrx_word' id='word_1_655' title='bbox 1555 4904 1824 4959; x_wconf 80' lang='grc' dir='ltr'>ἑκτεθεῖσι</span> 
     </span>
    </p>
   </div>
   <div class='ocr_carea' id='block_1_96' title="bbox 231 4995 1827 5068">
    <p class='ocr_par' dir='ltr' id='par_1_96' title="bbox 231 4995 1827 5068">
     <span class='ocr_line' id='line_1_96' title="bbox 231 4995 1827 5068; baseline 0 -19"><span class='ocrx_word' id='word_1_656' title='bbox 231 4995 584 5068; x_wconf 67' lang='grc' dir='ltr'>συνθέμενος,</span> <span class='ocrx_word' id='word_1_657' title='bbox 612 4997 907 5068; x_wconf 85' lang='grc' dir='ltr'>σύμφωνον</span> <span class='ocrx_word' id='word_1_658' title='bbox 929 4996 1113 5060; x_wconf 79' lang='grc' dir='ltr'>αὐτοῖς</span> <span class='ocrx_word' id='word_1_659' title='bbox 1135 4996 1827 5068; x_wconf 57' lang='grc' dir='ltr'>διδασκαλίανπροσήρμο-</span> 
     </span>
    </p>
   </div>
   <div class='ocr_carea' id='block_1_97' title="bbox 227 5086 1824 5161">
    <p class='ocr_par' dir='ltr' id='par_1_97' title="bbox 227 5086 1824 5161">
     <span class='ocr_line' id='line_1_97' title="bbox 227 5086 1824 5161; baseline -0.002 -18"><span class='ocrx_word' id='word_1_660' title='bbox 227 5106 347 5155; x_wconf 87' lang='grc' dir='ltr'>σεν,</span> <span class='ocrx_word' id='word_1_661' title='bbox 398 5090 660 5161; x_wconf 83' lang='grc' dir='ltr'>οὐδεμίαν</span> <span class='ocrx_word' id='word_1_662' title='bbox 690 5090 801 5142; x_wconf 87' lang='grc' dir='ltr'><strong>τῶν</strong></span> <span class='ocrx_word' id='word_1_663' title='bbox 836 5086 1150 5157; x_wconf 82' lang='grc' dir='ltr'>κεφαλαίων</span> <span class='ocrx_word' id='word_1_664' title='bbox 1186 5087 1414 5141; x_wconf 74' lang='grc' dir='ltr'>ἐκείνων</span> <span class='ocrx_word' id='word_1_665' title='bbox 1456 5088 1824 5158; x_wconf 82' lang='grc' dir='ltr'>ποιησάμενος</span> 
     </span>
    </p>
   </div>
   <div class='ocr_carea' id='block_1_98' title="bbox 233 5177 1821 5254">
    <p class='ocr_par' dir='ltr' id='par_1_98' title="bbox 233 5177 1821 5254">
     <span class='ocr_line' id='line_1_98' title="bbox 233 5177 1821 5254; baseline -0.004 -18"><span class='ocrx_word' id='word_1_666' title='bbox 233 5183 479 5254; x_wconf 82' lang='grc' dir='ltr'>μνήμην.</span> <span class='ocrx_word' id='word_1_667' title='bbox 512 5182 623 5235; x_wconf 79' lang='grc' dir='ltr'>Καὶ</span> <span class='ocrx_word' id='word_1_668' title='bbox 648 5179 806 5235; x_wconf 83' lang='grc' dir='ltr'>τοῦτο</span> <span class='ocrx_word' id='word_1_669' title='bbox 840 5181 1022 5252; x_wconf 79' lang='grc' dir='ltr'>ῥᾴδιον</span> <span class='ocrx_word' id='word_1_670' title='bbox 1048 5179 1252 5247; x_wconf 86' lang='grc' dir='ltr'>γνῶναι</span> <span class='ocrx_word' id='word_1_671' title='bbox 1274 5179 1323 5231; x_wconf 63' lang='grc' dir='ltr'>τε</span> <span class='ocrx_word' id='word_1_672' title='bbox 1346 5197 1374 5232; x_wconf 79' lang='grc' dir='ltr'><strong>ν</strong></span> <span class='ocrx_word' id='word_1_673' title='bbox 1413 5177 1513 5249; x_wconf 79' lang='grc' dir='ltr'>σὴν</span> <span class='ocrx_word' id='word_1_674' title='bbox 1540 5177 1821 5249; x_wconf 84' lang='grc' dir='ltr'>ὁσιότητα,</span> 
     </span>
    </p>
   </div>
   <div class='ocr_carea' id='block_1_99' title="bbox 230 5269 1823 5344">
    <p class='ocr_par' dir='ltr' id='par_1_99' title="bbox 230 5269 1823 5344">
     <span class='ocr_line' id='line_1_99' title="bbox 230 5269 1823 5344; baseline -0.003 -17"><span class='ocrx_word' id='word_1_675' title='bbox 230 5272 575 5327; x_wconf 81' lang='grc' dir='ltr'>κελεύσασαν</span> <span class='ocrx_word' id='word_1_676' title='bbox 595 5270 898 5344; x_wconf 78' lang='grc' dir='ltr'>ζητηθῆναι</span> <span class='ocrx_word' id='word_1_677' title='bbox 936 5270 1005 5324; x_wconf 85' lang='grc' dir='ltr'>τὰ</span> <span class='ocrx_word' id='word_1_678' title='bbox 1043 5269 1432 5340; x_wconf 77' lang='grc' dir='ltr'>πεπραγμένα.</span> <span class='ocrx_word' id='word_1_679' title='bbox 1479 5269 1823 5322; x_wconf 81' lang='grc' dir='ltr'>’Δπόκεινται</span> 
     </span>
    </p>
   </div>
   <div class='ocr_carea' id='block_1_100' title="bbox 228 5344 1822 5434">
    <p class='ocr_par' dir='ltr' id='par_1_100' title="bbox 228 5344 1822 5434">
     <span class='ocr_line' id='line_1_100' title="bbox 228 5344 1822 5434; baseline -0.003 -19"><span class='ocrx_word' id='word_1_680' title='bbox 228 5360 341 5434; x_wconf 80' lang='grc' dir='ltr'><strong>γάρ</strong></span> <span class='ocrx_word' id='word_1_681' title='bbox 364 5361 603 5425; x_wconf 85' lang='grc' dir='ltr'>πάντως,</span> <span class='ocrx_word' id='word_1_682' title='bbox 638 5360 781 5415; x_wconf 80' lang='grc' dir='ltr'>κατὰ</span> <span class='ocrx_word' id='word_1_683' title='bbox 802 5359 865 5413; x_wconf 81' lang='grc' dir='ltr'>τὸ</span> <span class='ocrx_word' id='word_1_684' title='bbox 886 5359 1377 5431; x_wconf 80' lang='grc' dir='ltr'>παρακολουθῆσαν</span> <span class='ocrx_word' id='word_1_685' title='bbox 1400 5344 1541 5421; x_wconf 77' lang='grc' dir='ltr'>ἔθος,</span> <span class='ocrx_word' id='word_1_686' title='bbox 1573 5359 1670 5429; x_wconf 78' lang='grc' dir='ltr'><strong>τῆς</strong></span> <span class='ocrx_word' id='word_1_687' title='bbox 1695 5374 1822 5411; x_wconf 86' lang='grc' dir='ltr'>συν-</span> 
     </span>
    </p>
   </div>
   <div class='ocr_carea' id='block_1_101' title="bbox 225 5449 1820 5523">
    <p class='ocr_par' dir='ltr' id='par_1_101' title="bbox 225 5449 1820 5523">
     <span class='ocr_line' id='line_1_101' title="bbox 225 5449 1820 5523; baseline -0.003 -16"><span class='ocrx_word' id='word_1_688' title='bbox 225 5452 351 5507; x_wconf 85' lang='grc' dir='ltr'>όδου</span> <span class='ocrx_word' id='word_1_689' title='bbox 373 5452 469 5517; x_wconf 79' lang='grc' dir='ltr'>τὰς</span> <span class='ocrx_word' id='word_1_690' title='bbox 495 5451 825 5523; x_wconf 72' lang='grc' dir='ltr'>ὑπογραφάς</span> <span class='ocrx_word' id='word_1_691' title='bbox 852 5450 1067 5522; x_wconf 72' lang='grc' dir='ltr'>ἔχοντα.</span> <span class='ocrx_word' id='word_1_692' title='bbox 1099 5450 1256 5503; x_wconf 84' lang='grc' dir='ltr'>Ἐστι</span> <span class='ocrx_word' id='word_1_693' title='bbox 1288 5449 1344 5502; x_wconf 82' lang='grc' dir='ltr'>δὲ</span> <span class='ocrx_word' id='word_1_694' title='bbox 1384 5449 1661 5520; x_wconf 64' lang='grc' dir='ltr'>πλείονα-ἢ</span> <span class='ocrx_word' id='word_1_695' title='bbox 1690 5466 1820 5503; x_wconf 81' lang='grc' dir='ltr'>πεν-</span> 
     </span>
    </p>
   </div>
   <div class='ocr_carea' id='block_1_102' title="bbox 226 5538 1823 5615">
    <p class='ocr_par' dir='ltr' id='par_1_102' title="bbox 226 5538 1823 5615">
     <span class='ocr_line' id='line_1_102' title="bbox 226 5538 1823 5615; baseline -0.004 -16"><span class='ocrx_word' id='word_1_696' title='bbox 226 5544 470 5615; x_wconf 86' lang='grc' dir='ltr'>τήκοντα</span> <span class='ocrx_word' id='word_1_697' title='bbox 492 5541 769 5609; x_wconf 80' lang='grc' dir='ltr'>συνοδικά,</span> <span class='ocrx_word' id='word_1_698' title='bbox 792 5542 892 5615; x_wconf 78' lang='grc' dir='ltr'><strong>τήν</strong></span> <span class='ocrx_word' id='word_1_699' title='bbox 923 5541 1260 5613; x_wconf 85' lang='grc' dir='ltr'>κατηγορίαν</span> <span class='ocrx_word' id='word_1_700' title='bbox 1280 5540 1388 5594; x_wconf 87' lang='grc' dir='ltr'><strong>τῶν</strong></span> <span class='ocrx_word' id='word_1_701' title='bbox 1417 5538 1625 5593; x_wconf 85' lang='grc' dir='ltr'>δώδεκα</span> <span class='ocrx_word' id='word_1_702' title='bbox 1651 5556 1823 5610; x_wconf 79' lang='grc' dir='ltr'>κεφα-</span> 
     </span>
    </p>
   </div>
   <div class='ocr_carea' id='block_1_103' title="bbox 1925 4618 3520 4697">
    <p class='ocr_par' dir='ltr' id='par_1_103' title="bbox 1925 4618 3520 4697">
     <span class='ocr_line' id='line_1_103' title="bbox 1925 4618 3520 4697; baseline -0.002 -16"><span class='ocrx_word' id='word_1_703' title='bbox 1925 4627 2256 4691; x_wconf 76' lang='lat' dir='ltr'><strong>sanxisseut,</strong></span> <span class='ocrx_word' id='word_1_704' title='bbox 2284 4618 2587 4681; x_wconf 78' lang='lat' dir='ltr'><strong>restitimus</strong></span> <span class='ocrx_word' id='word_1_705' title='bbox 2611 4618 2755 4697; x_wconf 86' lang='lat' dir='ltr'><strong>apud</strong></span> <span class='ocrx_word' id='word_1_706' title='bbox 2779 4626 3061 4697; x_wconf 88' lang='lat' dir='ltr'><strong>Ephesum</strong></span> <span class='ocrx_word' id='word_1_707' title='bbox 3088 4643 3101 4678; x_wconf 88' lang='lat'><strong>:</strong></span> <span class='ocrx_word' id='word_1_708' title='bbox 3128 4640 3232 4680; x_wconf 90' lang='lat' dir='ltr'><strong>nec</strong></span> <span class='ocrx_word' id='word_1_709' title='bbox 3256 4623 3414 4695; x_wconf 90' lang='lat' dir='ltr'><strong>prius</strong></span> <span class='ocrx_word' id='word_1_710' title='bbox 3439 4622 3520 4678; x_wconf 90' lang='lat' dir='ltr'><strong>illi</strong></span> 
     </span>
    </p>
   </div>
   <div class='ocr_carea' id='block_1_104' title="bbox 1922 4714 3522 4786">
    <p class='ocr_par' dir='ltr' id='par_1_104' title="bbox 1922 4714 3522 4786">
     <span class='ocr_line' id='line_1_104' title="bbox 1922 4714 3522 4786; baseline 0.002 -19"><span class='ocrx_word' id='word_1_711' title='bbox 1922 4716 2020 4785; x_wconf 89' lang='lat' dir='ltr'><strong>qui</strong></span> <span class='ocrx_word' id='word_1_712' title='bbox 2049 4715 2167 4770; x_wconf 58' lang='lat' dir='ltr'><strong>hate</strong></span> <span class='ocrx_word' id='word_1_713' title='bbox 2194 4716 2494 4785; x_wconf 88' lang='lat' dir='ltr'><strong>scripserat</strong></span> <span class='ocrx_word' id='word_1_714' title='bbox 2515 4716 3074 4782; x_wconf 89' lang='lat' dir='ltr'><strong>communicavimus,</strong></span> <span class='ocrx_word' id='word_1_715' title='bbox 3108 4730 3274 4786; x_wconf 89' lang='lat' dir='ltr'><strong>quam</strong></span> <span class='ocrx_word' id='word_1_716' title='bbox 3301 4714 3370 4769; x_wconf 92' lang='lat' dir='ltr'><strong>iis</strong></span> <span class='ocrx_word' id='word_1_717' title='bbox 3397 4729 3522 4784; x_wconf 70' lang='lat' dir='ltr'><strong>qua:</strong></span> 
     </span>
    </p>
   </div>
   <div class='ocr_carea' id='block_1_105' title="bbox 1923 4803 3519 4881">
    <p class='ocr_par' dir='ltr' id='par_1_105' title="bbox 1923 4803 3519 4881">
     <span class='ocr_line' id='line_1_105' title="bbox 1923 4803 3519 4881; baseline -0.004 -20"><span class='ocrx_word' id='word_1_718' title='bbox 1923 4820 2359 4877; x_wconf 79' lang='lat' dir='ltr'><strong>cxposueramus</strong></span> <span class='ocrx_word' id='word_1_719' title='bbox 2402 4805 2711 4861; x_wconf 83' lang='lat' dir='ltr'><strong>assentiens</strong></span> <span class='ocrx_word' id='word_1_720' title='bbox 2742 4820 3044 4881; x_wconf 89' lang='lat' dir='ltr'><strong>consonam</strong></span> <span class='ocrx_word' id='word_1_721' title='bbox 3083 4805 3171 4859; x_wconf 92' lang='lat' dir='ltr'><strong>his</strong></span> <span class='ocrx_word' id='word_1_722' title='bbox 3206 4803 3519 4859; x_wconf 87' lang='lat' dir='ltr'><strong>doctrinam</strong></span> 
     </span>
    </p>
   </div>
   <div class='ocr_carea' id='block_1_106' title="bbox 1925 4893 3521 4966">
    <p class='ocr_par' dir='ltr' id='par_1_106' title="bbox 1925 4893 3521 4966">
     <span class='ocr_line' id='line_1_106' title="bbox 1925 4893 3521 4966; baseline -0.003 -14"><span class='ocrx_word' id='word_1_723' title='bbox 1925 4896 2386 4960; x_wconf 87' lang='lat' dir='ltr'><strong>accommodavit,</strong></span> <span class='ocrx_word' id='word_1_724' title='bbox 2444 4896 2653 4952; x_wconf 83' lang='lat' dir='ltr'><strong>nullam</strong></span> <span class='ocrx_word' id='word_1_725' title='bbox 2712 4895 2960 4966; x_wconf 86' lang='lat' dir='ltr'><strong>capitum</strong></span> <span class='ocrx_word' id='word_1_726' title='bbox 3022 4895 3247 4950; x_wconf 89' lang='lat' dir='ltr'><strong>illorum</strong></span> <span class='ocrx_word' id='word_1_727' title='bbox 3309 4893 3521 4948; x_wconf 79' lang='lat' dir='ltr'><strong>faciens</strong></span> 
     </span>
    </p>
   </div>
   <div class='ocr_carea' id='block_1_107' title="bbox 1924 4986 3521 5059">
    <p class='ocr_par' dir='ltr' id='par_1_107' title="bbox 1924 4986 3521 5059">
     <span class='ocr_line' id='line_1_107' title="bbox 1924 4986 3521 5059; baseline -0.003 -14"><span class='ocrx_word' id='word_1_728' title='bbox 1924 4989 2285 5045; x_wconf 89' lang='lat' dir='ltr'><strong>mentionem.</strong></span> <span class='ocrx_word' id='word_1_729' title='bbox 2349 4988 2509 5056; x_wconf 84' lang='lat' dir='ltr'><strong>Quod</strong></span> <span class='ocrx_word' id='word_1_730' title='bbox 2572 4989 2796 5059; x_wconf 89' lang='lat' dir='ltr'><strong>quidem</strong></span> <span class='ocrx_word' id='word_1_731' title='bbox 2846 4987 3122 5043; x_wconf 85' lang='lat' dir='ltr'><strong>sanctitati</strong></span> <span class='ocrx_word' id='word_1_732' title='bbox 3190 4996 3300 5042; x_wconf 66' lang='lat' dir='ltr'><strong>tuae</strong></span> <span class='ocrx_word' id='word_1_733' title='bbox 3359 4986 3521 5041; x_wconf 84' lang='lat' dir='ltr'><strong>facile</strong></span> 
     </span>
    </p>
   </div>
   <div class='ocr_carea' id='block_1_108' title="bbox 1924 5079 3523 5151">
    <p class='ocr_par' dir='ltr' id='par_1_108' title="bbox 1924 5079 3523 5151">
     <span class='ocr_line' id='line_1_108' title="bbox 1924 5079 3523 5151; baseline -0.004 -17"><span class='ocrx_word' id='word_1_734' title='bbox 1924 5080 2093 5137; x_wconf 87' lang='lat' dir='ltr'><strong>fuerit</strong></span> <span class='ocrx_word' id='word_1_735' title='bbox 2108 5080 2506 5151; x_wconf 85' lang='lat' dir='ltr'><strong>perspicere,si</strong></span> <span class='ocrx_word' id='word_1_736' title='bbox 2533 5087 2655 5135; x_wconf 86' lang='lat' dir='ltr'><strong>acta</strong></span> <span class='ocrx_word' id='word_1_737' title='bbox 2690 5079 2943 5150; x_wconf 87' lang='lat' dir='ltr'><strong>conquiri</strong></span> <span class='ocrx_word' id='word_1_738' title='bbox 2965 5079 3159 5150; x_wconf 85' lang='lat' dir='ltr'><strong>jubeat</strong></span> <span class='ocrx_word' id='word_1_739' title='bbox 3188 5096 3201 5130; x_wconf 92' lang='lat'>:</span> <span class='ocrx_word' id='word_1_740' title='bbox 3234 5092 3523 5132; x_wconf 86' lang='lat' dir='ltr'><strong>asservan-</strong></span> 
     </span>
    </p>
   </div>
   <div class='ocr_carea' id='block_1_109' title="bbox 1926 5169 3523 5244">
    <p class='ocr_par' dir='ltr' id='par_1_109' title="bbox 1926 5169 3523 5244">
     <span class='ocr_line' id='line_1_109' title="bbox 1926 5169 3523 5244; baseline -0.003 -18"><span class='ocrx_word' id='word_1_741' title='bbox 1926 5181 2019 5226; x_wconf 89' lang='lat' dir='ltr'><strong>tur</strong></span> <span class='ocrx_word' id='word_1_742' title='bbox 2048 5174 2197 5227; x_wconf 89' lang='lat' dir='ltr'><strong>enim</strong></span> <span class='ocrx_word' id='word_1_743' title='bbox 2228 5188 2460 5242; x_wconf 87' lang='lat' dir='ltr'><strong>prorsus</strong></span> <span class='ocrx_word' id='word_1_744' title='bbox 2486 5188 2553 5227; x_wconf 79' lang='lat' dir='ltr'><strong>ex</strong></span> <span class='ocrx_word' id='word_1_745' title='bbox 2583 5187 2740 5227; x_wconf 84' lang='lat' dir='ltr'><strong>more</strong></span> <span class='ocrx_word' id='word_1_746' title='bbox 2773 5188 2899 5227; x_wconf 88' lang='lat' dir='ltr'><strong>cum</strong></span> <span class='ocrx_word' id='word_1_747' title='bbox 2930 5170 3126 5244; x_wconf 90' lang='lat' dir='ltr'><strong>synodi</strong></span> <span class='ocrx_word' id='word_1_748' title='bbox 3156 5169 3523 5239; x_wconf 77' lang='lat' dir='ltr'><strong>subscriptio-</strong></span> 
     </span>
    </p>
   </div>
   <div class='ocr_carea' id='block_1_110' title="bbox 1923 5260 3520 5335">
    <p class='ocr_par' dir='ltr' id='par_1_110' title="bbox 1923 5260 3520 5335">
     <span class='ocr_line' id='line_1_110' title="bbox 1923 5260 3520 5335; baseline -0.001 -19"><span class='ocrx_word' id='word_1_749' title='bbox 1923 5262 2109 5317; x_wconf 90' lang='lat' dir='ltr'><strong>nihus.</strong></span> <span class='ocrx_word' id='word_1_750' title='bbox 2151 5264 2381 5318; x_wconf 73' lang='lat' dir='ltr'><strong>Exstant</strong></span> <span class='ocrx_word' id='word_1_751' title='bbox 2430 5273 2616 5318; x_wconf 89' lang='lat' dir='ltr'><strong>autem</strong></span> <span class='ocrx_word' id='word_1_752' title='bbox 2656 5263 2920 5335; x_wconf 86' lang='lat' dir='ltr'><strong>synodica</strong></span> <span class='ocrx_word' id='word_1_753' title='bbox 2963 5264 3096 5333; x_wconf 81' lang='lat' dir='ltr'><strong>plus</strong></span> <span class='ocrx_word' id='word_1_754' title='bbox 3131 5277 3298 5332; x_wconf 88' lang='lat' dir='ltr'><strong>quam</strong></span> <span class='ocrx_word' id='word_1_755' title='bbox 3352 5260 3520 5330; x_wconf 81' lang='lat' dir='ltr'><strong>quin-</strong></span> 
     </span>
    </p>
   </div>
   <div class='ocr_carea' id='block_1_111' title="bbox 1924 5349 3520 5425">
    <p class='ocr_par' dir='ltr' id='par_1_111' title="bbox 1924 5349 3520 5425">
     <span class='ocr_line' id='line_1_111' title="bbox 1924 5349 3520 5425; baseline -0.005 -16"><span class='ocrx_word' id='word_1_756' title='bbox 1924 5355 2227 5425; x_wconf 78' lang='lat' dir='ltr'><strong>quaginta,</strong></span> <span class='ocrx_word' id='word_1_757' title='bbox 2280 5370 2402 5424; x_wconf 70' lang='lat' dir='ltr'><strong>qua:</strong></span> <span class='ocrx_word' id='word_1_758' title='bbox 2450 5353 2745 5409; x_wconf 89' lang='lat' dir='ltr'><strong>duodecim</strong></span> <span class='ocrx_word' id='word_1_759' title='bbox 2803 5352 3047 5423; x_wconf 87' lang='lat' dir='ltr'><strong>capitum</strong></span> <span class='ocrx_word' id='word_1_760' title='bbox 3108 5349 3520 5406; x_wconf 86' lang='lat' dir='ltr'><strong>accusationem</strong></span> 
     </span>
    </p>
   </div>
   <div class='ocr_carea' id='block_1_112' title="bbox 1925 5441 3515 5516">
    <p class='ocr_par' dir='ltr' id='par_1_112' title="bbox 1925 5441 3515 5516">
     <span class='ocr_line' id='line_1_112' title="bbox 1925 5441 3515 5516; baseline -0.006 -15"><span class='ocrx_word' id='word_1_761' title='bbox 1925 5447 2327 5502; x_wconf 86' lang='lat' dir='ltr'><strong>demonstrant.</strong></span> <span class='ocrx_word' id='word_1_762' title='bbox 2357 5446 2495 5502; x_wconf 87' lang='lat' dir='ltr'><strong>Nam</strong></span> <span class='ocrx_word' id='word_1_763' title='bbox 2526 5454 2584 5501; x_wconf 91' lang='lat' dir='ltr'><strong>et</strong></span> <span class='ocrx_word' id='word_1_764' title='bbox 2614 5446 2937 5516; x_wconf 88' lang='lat' dir='ltr'><strong>priusquam</strong></span> <span class='ocrx_word' id='word_1_765' title='bbox 2972 5443 3253 5513; x_wconf 88' lang='lat' dir='ltr'><strong>Ephesum</strong></span> <span class='ocrx_word' id='word_1_766' title='bbox 3286 5441 3515 5499; x_wconf 85' lang='lat' dir='ltr'><strong>iremus.</strong></span> 
     </span>
    </p>
   </div>
   <div class='ocr_carea' id='block_1_113' title="bbox 1923 5528 3521 5608">
    <p class='ocr_par' dir='ltr' id='par_1_113' title="bbox 1923 5528 3521 5608">
     <span class='ocr_line' id='line_1_113' title="bbox 1923 5528 3521 5608; baseline -0.008 -14"><span class='ocrx_word' id='word_1_767' title='bbox 1923 5540 2121 5595; x_wconf 85' lang='lat' dir='ltr'><strong>beatus</strong></span> <span class='ocrx_word' id='word_1_768' title='bbox 2151 5539 2393 5595; x_wconf 85' lang='lat' dir='ltr'><strong>Joannes</strong></span> <span class='ocrx_word' id='word_1_769' title='bbox 2422 5538 2489 5593; x_wconf 87' lang='lat' dir='ltr'><strong>ad</strong></span> <span class='ocrx_word' id='word_1_770' title='bbox 2521 5540 2632 5593; x_wconf 82' lang='lat' dir='ltr'><strong>Deo</strong></span> <span class='ocrx_word' id='word_1_771' title='bbox 2662 5536 3022 5592; x_wconf 83' lang='lat' dir='ltr'><strong>charissimos</strong></span> <span class='ocrx_word' id='word_1_772' title='bbox 3053 5533 3350 5608; x_wconf 84' lang='lat' dir='ltr'><strong>episcopos</strong></span> <span class='ocrx_word' id='word_1_773' title='bbox 3379 5528 3521 5587; x_wconf 86' lang='lat' dir='ltr'><strong>seri-</strong></span> 
     </span>
    </p>
   </div>
   <div class='ocr_carea' id='block_1_114' title="bbox 358 5688 3162 5766">
    <p class='ocr_par' dir='ltr' id='par_1_114' title="bbox 358 5688 3162 5766">
     <span class='ocr_line' id='line_1_114' title="bbox 358 5688 3162 5766; baseline -0.004 -13"><span class='ocrx_word' id='word_1_774' title='bbox 358 5694 415 5761; x_wconf 73' lang='lat'><strong>0)</strong></span> <span class='ocrx_word' id='word_1_775' title='bbox 447 5696 715 5752; x_wconf 85' lang='lat' dir='ltr'><strong>Baronius</strong></span> <span class='ocrx_word' id='word_1_776' title='bbox 739 5695 807 5751; x_wconf 88' lang='lat' dir='ltr'><strong>ad</strong></span> <span class='ocrx_word' id='word_1_777' title='bbox 837 5711 888 5751; x_wconf 71' lang='grc' dir='ltr'><strong>αι</strong></span> <span class='ocrx_word' id='word_1_778' title='bbox 918 5693 981 5751; x_wconf 88' lang='lat' dir='ltr'><strong>C.</strong></span> <span class='ocrx_word' id='word_1_779' title='bbox 1013 5694 1138 5766; x_wconf 55' lang='grc' dir='ltr'>ιιι).</span> <span class='ocrx_word' id='word_1_780' title='bbox 1172 5704 1303 5750; x_wconf 91' lang='lat' dir='ltr'><strong>tom.</strong></span> <span class='ocrx_word' id='word_1_781' title='bbox 1332 5694 1423 5760; x_wconf 72' lang='lat' dir='ltr'><strong>Vl,</strong></span> <span class='ocrx_word' id='word_1_782' title='bbox 1456 5708 1581 5766; x_wconf 76' lang='lat' dir='ltr'><strong>pag.</strong></span> <span class='ocrx_word' id='word_1_783' title='bbox 1612 5693 1701 5760; x_wconf 83' lang='lat'><strong>78,</strong></span> <span class='ocrx_word' id='word_1_784' title='bbox 1724 5692 1812 5760; x_wconf 79' lang='lat'><strong>79,</strong></span> <span class='ocrx_word' id='word_1_785' title='bbox 1855 5693 2105 5751; x_wconf 87' lang='lat' dir='ltr'><strong>eamdem</strong></span> <span class='ocrx_word' id='word_1_786' title='bbox 2134 5693 2422 5764; x_wconf 83' lang='lat' dir='ltr'><strong>epistolam</strong></span> <span class='ocrx_word' id='word_1_787' title='bbox 2449 5692 2640 5749; x_wconf 88' lang='lat' dir='ltr'><strong>Latine</strong></span> <span class='ocrx_word' id='word_1_788' title='bbox 2671 5705 2882 5748; x_wconf 79' lang='lat' dir='ltr'><strong>versam</strong></span> <span class='ocrx_word' id='word_1_789' title='bbox 2915 5688 3162 5762; x_wconf 88' lang='lat' dir='ltr'><strong>protulit.</strong></span> 
     </span>
    </p>
   </div>
   <div class='ocr_carea' id='block_1_115' title="bbox 322 5763 1155 5838">
    <p class='ocr_par' dir='ltr' id='par_1_115' title="bbox 322 5763 1155 5838">
     <span class='ocr_line' id='line_1_115' title="bbox 322 5763 1155 5838; baseline -0.002 -16"><span class='ocrx_word' id='word_1_790' title='bbox 322 5768 413 5833; x_wconf 66' lang='lat' dir='ltr'><strong>7i)</strong></span> <span class='ocrx_word' id='word_1_791' title='bbox 443 5766 536 5824; x_wconf 84' lang='lat' dir='ltr'><strong>Sic</strong></span> <span class='ocrx_word' id='word_1_792' title='bbox 562 5766 733 5838; x_wconf 79' lang='lat' dir='ltr'><strong>Neap.</strong></span> <span class='ocrx_word' id='word_1_793' title='bbox 767 5766 930 5822; x_wconf 87' lang='lat' dir='ltr'><strong>Sirm.</strong></span> <span class='ocrx_word' id='word_1_794' title='bbox 962 5763 1155 5821; x_wconf 82' lang='grc' dir='ltr'>ταῦτα.</span> 
     </span>
    </p>
   </div>
  </div>
