4078 6320
172 368 337 436 I313

1509 364 1872 427 EPISTULA
1937 365 2170 427 CXI-II,

3341 366 3477 430 13M

174 475 520 548 Πνεύματος
550 475 808 546 σάλπιγξ,
835 476 973 547 πρὸς
994 474 1089 529 τὸν
1116 464 1289 545 μέγαν
1318 472 1522 546 ἔδραμε
1555 473 1785 542 Πέτρον,

1893 472 1956 526 ad
1982 486 2236 542 magnum
2255 472 2476 527 Petrum
2494 487 2551 530 se
2577 474 2830 537 contulit,
2853 484 2914 530 ut
2938 476 3023 543 iis,
3049 477 3141 547 qui
3169 477 3477 535 Antiochiae

174 566 340 624 ὥστε
375 569 488 631 τοῖς
525 569 585 621 ἐν
635 566 936 639 ’Δντιοχείᾳ
976 567 1105 636 περὶ
1139 564 1405 636 τῆςλκατά
1433 562 1600 634 νόμον
1636 562 1789 615 πολι-

176 658 351 721 τείας
389 658 800 729 ἀμφισϐητοῦσι
832 659 961 729 παρ’
996 656 1163 712 αὐτοῦ
1194 656 1423 726 κομίσαι
1465 654 1564 724 τὴν
1613 652 1788 717 λύσιν,

181 748 383 820 σωλλῷ
418 750 620 816 μᾶλλον
656 750 835 820 ἡμεῖς’
862 751 912 801 οἱ
942 750 1181 813 εὐτελεῖς
1233 749 1327 802 καὶ
1361 747 1605 819 σμικροὶ,
1652 746 1789 814 πρὸς

181 843 292 898 τὸν
325 842 687 897 ἀποστολικδν
718 841 875 911 ὑμῶν
896 842 1164 913 τρέχομεν
1197 839 1419 912 θρόνον,
1468 838 1611 892 ὥστε
1662 839 1790 907 παρ’

187 934 355 1007 ὑμῶν
381 934 569 987 λαϐεῖν
599 935 712 997 τοῖς
736 933 845 986 τῶν
885 933 1225 1005 Ἐκκλησιῶν
1248 932 1435 985 ἕλκεσι
1467 930 1788 1003 θεραπείαν.

187 1025 302 1081 Διά
325 1026 505 1079 πάντα
523 1024 635 1095 γὰρ
666 1022 879 1095 ὑμίν-τὸ
907 1022 1212 1095 πρωτεύειν
1248 1023 1528 1093 ἁρμόττει.
1568 1020 1791 1085 Πολλοῖς

189 1119 311 1191 γὰρ
346 1122 377 1175 ό
426 1117 692 1187 ὑμέτερος
748 1116 939 1187 θρόνος
994 1118 1284 1186 κοσμεῖται
1333 1113 1826 1184 πλεονεκτήμασι.’

191 1212 313 1273 Τὰς
344 1211 443 1281 μὲν
481 1210 591 1278 γὰρ
643 1208 809 1272 ἄλλας
848 1209 1032 1271 πόλεις
1077 1208 1111 1279 ἢ
1149 1206 1403 1278 μέγεθος,
1443 1204 1719 1276 ἢκάλλος,
1756 1203 1789 1273 ἢ

194 1302 406 1372 πλῆθος
434 1302 543 1354 τῶν
566 1301 872 1371 οἰκητόρων
895 1302 1092 1371 κοσμεῖ
1115 1317 1128 1330 ·
1159 1300 1309 1361 ἐνίας
1327 1298 1383 1350 δὲ
1411 1297 1617 1351 τούτων
1641 1297 1793 1348 ἐστε-

198 1394 444 1466 ρημένας
482 1395 596 1462 (75)
637 1392 989 1462 πνευματικά
1018 1408 1140 1445 τινα
1172 1389 1485 1461 λαμπρύνει
1518 1388 1794 1459 χαρίσμα-

193 1503 269 1541 τα
288 1503 305 1516 ·
335 1490 399 1558 τῇ
422 1487 478 1541 δὲ
501 1485 747 1557 ὑμετέρᾳ
773 1485 949 1564 ςροράν
974 1484 1177 1539 ἔδωκεν
1205 1482 1425 1552 ἀγαθῶν
1446 1484 1476 1534 ὀ
1513 1482 1624 1535 τῶν
1655 1482 1795 1549 ἀγα-

191 1578 311 1632 θῶν
341 1577 597 1649 χορηγός.
629 1578 695 1631 Ἥ
725 1577 834 1655 γὰρ
850 1576 989 1643 αὑτὴ
1022 1575 1212 1629 πασῶν
1246 1574 1501 1645 μεγίστη,
1539 1572 1637 1626 καὶ
1655 1572 1797 1642 λαμ-

198 1670 468 1742 προτάτη,
502 1670 727 1740 καὶτῆς
760 1669 1087 1740 οἰκουμένης
1119 1666 1539 1737 προκαθημένη,
1592 1666 1688 1719 καὶ
1716 1664 1795 1733 τῷ

201 1762 397 1833 πλήθει
426 1762 536 1815 τῶν
567 1762 871 1831 οἰκητόρων
897 1760 1264 1830 κυμαίνουσα.
1309 1758 1452 1827 Πρὸς
1477 1757 1536 1810 δὲ
1558 1755 1789 1818 τούτοις,

1891 562 1960 615 de
1988 561 2149 632 legali
2184 562 2602 618 conversatione
2635 563 3008 636 ambiget-ant,
3055 566 3478 636 explicationem

1885 655 1960 710 ab
1990 655 2084 709 illo
2116 654 2372 718 referret,
2396 657 2571 711 multo
2601 658 2776 727 magis
2802 673 2905 714 nos
2941 659 3179 714 humiles
3203 668 3260 715 et
3292 662 3481 731 pusilli

1891 745 1959 800 ad
1984 746 2340 815 apostolicam
2363 745 2550 800 sedem
2568 756 2806 802 vestram
2822 751 3185 813 accurrimus,
3206 760 3267 805 ut
3289 751 3484 805 Eccled

1848 904 1851 905 ν
1892 834 2103 889 siarum
2147 834 2433 890 ulceribus
2487 834 2794 891 remedium
2840 854 2870 890 a
2922 838 3077 893 vobis
3108 840 3478 911 accipiamus.

1891 925 2062 979 Vobis
2108 926 2260 980 enim
2302 927 2508 995 primas
2553 926 2611 981 in
2645 927 2907 981 omnibus
2960 936 3150 983 tenere
3197 929 3479 984 convenit.

1883 1015 2075 1071 Multis
2114 1014 2385 1086 siquidem
2418 1007 2793 1087 praerbgativis
2826 1026 3058 1073 ornatur
3084 1018 3245 1075 sedes
3273 1028 3481 1075 vestra.

1892 1104 2107 1159 Etenim
2131 1104 2266 1159 alias
2283 1105 2451 1161 urbes
2476 1116 2636 1161 ornat
2659 1106 2743 1160 vel
2763 1107 3106 1176 magnitudo,
3124 1111 3211 1163 vel
3235 1109 3485 1180 pulchri-

1894 1197 2047 1262 tudo,
2078 1198 2165 1251 vel
2186 1198 2558 1252 habitatorum
2578 1198 2890 1267 frequentia
2918 1216 2932 1251 :
2961 1196 3260 1254 nonnullas
3291 1199 3483 1263 etiam,

1893 1302 2015 1356 quae
2057 1286 2144 1342 his
2192 1296 2405 1352 carent,
2505 1288 2813 1358 spiritualia
2861 1290 3110 1358 quaedam
3138 1286 3307 1345 'dona
3350 1290 3482 1345 illu-

1892 1386 2069 1434 strant
2101 1397 2115 1432 :
2150 1386 2352 1434 vestrae
2378 1395 2510 1434 vero
2539 1380 2816 1434 honorum
2842 1380 3178 1435 afﬂuentiam
3206 1381 3484 1437 bonorum

1893 1470 2120 1541 largitor
2141 1469 2315 1524 dedit.
2354 1470 2451 1524 Illa
2480 1470 2628 1525 enim
2656 1470 2904 1524 omnium
2933 1472 3168 1526 maxima
3203 1481 3260 1527 et
3288 1472 3483 1528 claris-

1895 1559 2055 1625 sima,
2087 1574 2210 1629 quae
2237 1567 2294 1615 et
2321 1560 2444 1614 orbi
2475 1569 2747 1615 terrarum
2776 1561 3058 1631 praesidet,
3094 1572 3150 1618 et
3176 1563 3483 1619 incolarum

1895 1652 2250 1708 multitudine
2274 1652 2658 1708 redundat.Ad
2674 1654 2791 1709 haec
2808 1654 3102 1724 imperium
3121 1656 3269 1731 quod
3294 1671 3484 1712 rerum

1896 1759 2047 1798 nunc
2075 1748 2306 1813 potitur,
2343 1753 2398 1799 et
2431 1760 2593 1799 suum
2624 1744 2740 1815 ipsa
2774 1760 2977 1801 nomen
3007 1746 3245 1801 subditis
3277 1746 3484 1817 imper-

198 1824 312 1905 itat-
343 1850 437 1903 νῦν
484 1824 795 1923 κρατούσαν
833 1824 1134 1920 ἡγεμονίαν
1184 1824 1515 1917 ἐϐλάστησεο
1554 1842 1650 1899 καὶ
1694 1848 1792 1915 τῆς

1896 1838 2001 1891 tiit.
2027 1838 2311 1908 Praecipue
2338 1849 2522 1894 autem
2549 1838 2697 1892 illam
2724 1838 2859 1893 fides
2880 1848 3059 1903 ornat,
3087 1839 3308 1911 [188
3326 1842 3488 1911 cujus

198 1942 410 2007 οἰκείας
438 1942 814 2012 προσηγορίας
842 1944 955 2005 τοῖς
985 1940 1310 2012 ἀρχομένοις
1356 1937 1647 2008 μετέδωκε.
1680 1937 1787 1989 Κο-

200 2035 332 2103 σμεῖ
373 2026 429 2087 δὲ
481 2033 653 2104 αὐτὴν
694 2033 1063 2103 διαφερόντως
1109 2034 1140 2100 ὴ
1191 2032 1408 2094 πίστις’
1463 2030 1555 2083 καὶ
1582 2029 1791 2100 μάρτυς

196 2121 497 2194 ἀξιόχρεως
527 2122 557 2175 ό
581 2122 726 2185 θεῖος
772 2121 1094 2183 Ἀπόστολος
1137 2120 1295 2189 βοῶν,
1331 2121 1413 2172 ὅτι
1451 2137 1469 2169 ι
1515 2118 1579 2171 Ἦ
1608 2117 1790 2179 πίστις

196 2212 356 2282 ὑμῶν
384 2212 813 2280 καταγγέλλεται
843 2213 901 2264 έν
927 2211 1035 2281 ὅλῳ
1064 2210 1142 2281 τῷ
1173 2210 1385 2280 κόσμῳ.
1414 2228 1431 2260 ι
1461 2209 1523 2261 Εἰ
1549 2207 1606 2261 δὲ
1630 2206 1791 2269 εὐθὺς

191 2304 463 2374 δεξαμένη
497 2304 564 2357 τά
597 2302 692 2356 τοῦ
731 2303 1004 2374 σωτηρίου
1062 2300 1417 2373 κηρύγματος
1473 2299 1787 2369 σπέρματα.

188 2398 313 2458 τοῖς
344 2394 694 2461 ἀξιαγάστοις
716 2394 927 2455 τούτοις
954 2393 1232 2465 ἐϐεϐρίοει
1262 2394 1519 2463 καρποῖς,
1548 2389 1632 2452 τίς
1658 2388 1792 2442 ἀπό-

189 2502 309 2555 χρη
331 2484 487 2552 λόγος
513 2485 613 2555 τὴν
651 2484 749 2538 νῦν
777 2486 834 2536 ἐν
860 2485 997 2555 αὐτῇ
1035 2483 1465 2552 πολιτευομένην
1506 2478 1790 2532 εύσέὸειαν

190 2576 554 2645 εὐορημῆσαι;
593 2577 747 2644 Ἔχει
781 2576 837 2627 δὲ
872 2576 967 2628 καὶ
1005 2574 1115 2628 τῶν
1150 2574 1346 2627 κοινῶν
1396 2572 1657 2640 Πατέρων
1695 2570 1790 2623 καὶ

190 2666 536 2720 διδασκάλων
585 2668 684 2736 τῆς
739 2665 1001 2738 ἀληθείας
1052 2666 1260 2736 Πέτρου
1311 2666 1403 2719 καὶ
1449 2663 1664 2716 Παύλου
1694 2663 1793 2725 τάς

191 2758 395 2829 θήκας,
449 2756 559 2810 τῶν
606 2757 812 2811 πιστῶν
866 2757 966 2819 τὰς
1002 2756 1179 2826 ψυχὰς
1231 2754 1595 2824 φωτιζούσας.
1636 2753 1699 2805 Ἦ
1736 2753 1791 2805 δὲ

190 2848 575 2921 τρισμακαρία
608 2849 817 2902 τούτων
860 2846 955 2902 καὶ
1003 2849 1123 2901 θεία
1155 2847 1388 2919 ξυνωρὶς
1419 2846 1660 2900 ἀνέτειλε
1692 2845 1791 2914 μὲν

189 2946 257 2995 ὲν
278 2943 341 3011 τῇ
374 2940 505 3011 ἑῴα,
541 2942 637 2994 καὶ
672 2941 911 2993 πάντοσε
945 2939 1045 3001 τὰς
1084 2941 1310 3001 ἀκτῖνας
1352 2938 1662 3007 ἐξέπεμψεν
1683 2954 1698 2969 ·
1733 2937 1790 2988 ἐν

189 3032 254 3087 δὲ
289 3034 351 3103 τῇ
383 3031 543 3084 Δύσει
576 3030 876 3101 προθύμως
906 3030 1128 3093 ἐδέξατο
1155 3029 1252 3092 τάς
1278 3028 1374 3082 τοῦ
1411 3028 1526 3096 βίου
1556 3024 1787 3095 δυσμὰς.

1898 1932 2052 1986 testis
2074 1932 2308 1987 idoneus
2335 1940 2421 1987 est
2440 1933 2665 1988 divinus
2693 1934 2917 1998 Paulus,
2952 1934 3196 1989 clamans
3224 1951 3238 1986 :
3274 1953 3292 1984 ι
3321 1934 3486 1989 Fides

1892 2003 2075 2077 vestra
2123 2023 2487 2077 annuntiatur
2518 2023 2580 2076 in
2618 2022 2881 2077 universo
2908 2022 3118 2077 mundo
3153 2021 3216 2075 “‘.
3260 2041 3278 2073 ι
3324 2020 3484 2089 Quod

1894 2115 1939 2168 si
1965 2113 2148 2169 statim
2184 2120 2309 2184 post
2352 2121 2606 2183 suscepta
2644 2114 2905 2169 salutaris
2942 2113 3356 2188 praedicationis
3390 2128 3485 2168 se-

1893 2204 2043 2257 mina
2070 2204 2356 2258 mirabiles
2394 2204 2496 2258 hos
2520 2201 3041 2273 fructusuberrime
3068 2203 3321 2273 protulit,
3347 2219 3488 2273 pra:-

1894 2295 2146 2354 dieando
2166 2310 2292 2365 quae
2326 2296 2381 2349 in
2410 2310 2476 2351 ea
2501 2311 2650 2351 nunc
2698 2296 2848 2367 viget
2876 2296 3067 2365 pietati
3104 2310 3357 2370 quaenam
3385 2310 3489 2365 par

1892 2402 2013 2442 esse
2063 2386 2239 2456 passit
2296 2386 2518 2439 oratio?
2554 2385 2731 2441 Habet
2781 2395 3049 2456 praeterea
3107 2381 3485 2442 communium

1893 2479 2115 2533 Patrum
2144 2478 2646 2547 magistrorumque
2676 2478 2929 2533 veritatis
2957 2479 3103 2534 Petri
3130 2487 3187 2534 et
3210 2479 3365 2534 Pauli
3402 2494 3491 2533 se-

1893 2570 2106 2639 pulcra,
2142 2569 2386 2625 ﬁdelidm
2422 2572 2634 2625 animas
2660 2570 3052 2625 illuminantia.
3078 2571 3486 2641 Quorumibea-

1892 2662 2168 2717 tissimum
2186 2678 2249 2717 ac
2266 2662 2515 2717 divinum
2536 2678 2656 2732 par,
2676 2663 2731 2717 in
2750 2662 2975 2719 Oriente
2991 2664 3217 2734 quidem
3233 2662 3488 2720 exortum
3516 2712 3521 2717 .

1893 2762 1997 2819 est,
2013 2763 2069 2809 et
2082 2755 2264 2823 radios
2281 2770 2723 2825 quaquaversum
2743 2739 2965 2811 ὥθ’υὰἰὶ
2981 2757 3105 2813 :sed
3121 2757 3176 2812 in
3191 2756 3489 2813 Occidente

1893 2845 2020 2900 vitae
2042 2861 2300 2901 occasum
2327 2848 2473 2900 ultro
2502 2847 2693 2911 subiit,
2734 2856 2899 2917 atque
2934 2848 3065 2903 inde
3108 2864 3260 2905 nunc
3293 2849 3487 2904 orbem

1896 2934 2217 2988 universum
2251 2936 2559 2991 collustrat.
2608 2937 2674 2991 Hi
2712 2938 2899 2992 sedem
2933 2949 3171 2995 vestram
3202 2941 3489 2996 nobilissi~

1895 3040 2041 3079 mam
2092 3024 2457 3081 reddiderunt
2498 3044 2514 3080 :
2561 3027 2655 3082 hic
2703 3012 2978 3083 bonorum
3039 3040 3355 3085 vestrorum
3403 3038 3495 3086 est

190 3122 453 3178 κάκεῖθεν
490 3120 585 3175 νῦν
620 3121 958 3189 καταυγάζει
985 3120 1101 3192 τὴν,
1119 3120 1468 3190 οἰκουμένην.
1510 3114 1671 3172 Οὗτοι
1698 3116 1790 3170 τὸν

1894 3132 2055 3185 apex.
2096 3116 2164 3171 At
2202 3119 2422 3173 illorum
2467 3119 2656 3175 sedem
2689 3135 2843 3177 nunc
2875 3121 3042 3175 etiam
3081 3121 3301 3177 illorum
3342 3121 3492 3177 Deus

191 3214 464 3286 ὑμέτερον
518 3213 986 3283 περιφανέστατον
1039 3212 1151 3284 (74)
1212 3212 1500 3282 ἀπέφηναν
1561 3208 1783 3280 θρόνον·

188 3298 352 3370 οὗτος
385 3306 492 3359 τῶν
530 3305 754 3375 ἀγαθῶν
804 3306 914 3359 τῶν
964 3305 1249 3375 ὑμετέρων
1286 3307 1316 3358 ὁ
1346 3300 1613 3373 κολοφὼν.
1655 3302 1713 3353 ‘0
1744 3300 1789 3353 δ’

1898 3208 2214 3273 illustravit,
2236 3209 2368 3263 dum
2396 3210 2452 3263 in
2469 3226 2534 3264 ea
2554 3211 2906 3266 sanctitatem
2921 3222 3160 3268 vestram
3180 3222 3345 3270 recite
3363 3213 3489 3269 fidei

1900 3301 2086 3356 radios
2104 3300 2428 3373 fundentem
2462 3303 2769 3359 constituit.

191 3404 423 3457 ἔκείνων
450 3402 585 3466 Θεὸς
612 3404 707 3456 καὶ
734 3403 831 3456 νῦν
862 3402 954 3455 τὸν
989 3402 1219 3456 ἐκείνων
1255 3400 1572 3472 ὲλάμπρυνε
1598 3398 1819 3471 θρόνον,
1850 3397 1948 3469 τὴν
1978 3397 2251 3468 ὑμετέραν
2282 3397 2596 3469 ἁγιωσύνην
2636 3397 2859 3469 ἱδρύσας
2898 3403 2957 3455 ἐν
2994 3401 3165 3475 τούτῳ
3192 3401 3293 3471 τῆς
3330 3400 3491 3472 ὀρθο-

189 3496 377 3563 δοξίας
416 3497 511 3559 τὰς
543 3498 769 3560 ἀκτῖνας
805 3498 1077 3566 ἀφιεῖσαν.

272 3591 379 3643 Καὶ
415 3589 605 3643 τούτου
635 3590 805 3643 πολλά
848 3590 949 3659 μὲν
997 3590 1145 3643 ἐστιν
1199 3591 1383 3659 εὕρετν
1410 3591 1504 3643 καὶ
1534 3589 1669 3643 ἄλλα
1701 3605 1787 3640 τεο

192 3683 413 3753 κμήρια
436 3699 449 3714 ·
482 3684 645 3753 ἀρκεῖ
667 3682 724 3735 δὲ
762 3682 1041 3751 ὐμῶν-καὶ
1070 3684 1098 3735 ὁ
1132 3683 1274 3734 κατά
1306 3682 1417 3734 τῶν
1454 3681 1793 3750 δυσωνύμων

192 3770 515 3839 Μανιχαίων
541 3770 702 3841 ζῆλος
730 3810 745 3833 ,
782 3770 841 3823 ὃν
873 3772 1068 3844 πρώην
1119 3769 1272 3839 ὑμῶν
1309 3772 1342 3840 ἡ
1396 3769 1613 3840 ὁσιότης
1660 3768 1810 3835 ὲγύοι

196 3878 401 3934 μνωσε,
426 3861 652 3927 δείξασα
680 3862 780 3932 τὴν
810 3864 938 3934 περὶ
964 3861 1033 3915 τὰ
1062 3860 1180 3914 θεῖα
1209 3861 1311 3930 τῆς
1342 3861 1618 3931 ὑμετέρας
1642 3860 1793 3930 φιλο-

192 3951 349 4015 θεῖας
384 3951 640 4023 σπουὸην.
694 3950 938 4020 Ἀπόχρη
964 3950 1059 4003 καὶ
1081 3950 1148 4003 τά
1179 3949 1274 4003 νῦν
1313 3950 1445 4021 παρέ
1476 3949 1634 4019 ὑμῶν
1658 3966 1793 4021 γρα-

186 4042 365 4111 φέντα
401 4042 494 4095 τὸν
536 4041 897 4095 ἀποστολικὸν
948 4041 1103 4112 ὑμῶν
1147 4042 1474 4113 χαρακτῆρα
1526 4040 1789 4112 δηλῶσαι.

206 4132 685 4203 Ἐντετυχήκαμεν
722 4133 831 4202 γὰρ
877 4136 992 4195 τοῖς
1040 4134 1196 4202 παρά
1236 4132 1338 4203 τῆς
1380 4134 1477 4202 σῆς
1504 4118 1507 4119 ν
1531 4124 1805 4215 γραφεῖσι.

191 4223 475 4294 ὁσιότητος
502 4224 630 4294 περὶ
652 4225 750 4293 τῆς
776 4223 872 4276 τοῦ
893 4223 1029 4277 Θεοῦ
1056 4226 1148 4277 καὶ
1184 4224 1436 4295 Σωτῆρος
1458 4223 1618 4295 ἡμῶν
1638 4225 1793 4278 ὲναν·

193 4314 556 4385 θρὼπήσεως,
587 4313 684 4367 καὶ
708 4313 1101 4385 ἐθαυμάσαμεν
1125 4314 1223 4386 τὴν
1251 4314 1362 4369 τῶν
1390 4315 1793 4387 γεγραμμένων

194 4404 507 4477 ἀκρίϐειαν.
562 4405 879 4477 Ἀμφότερα
906 4406 1013 4475 γάρ
1039 4406 1184 4459 κατὰ
1212 4406 1410 4459 ταυτὸν
1444 4406 1658 4479 ἐδήλου,
1698 4408 1794 4462 καὶ

190 4498 298 4568 τὴν
325 4497 391 4551 sx
436 4496 533 4550 τοῦ
567 4496 739 4550 ἀϊδίου
772 4497 985 4569 [Ιατρδς
1015 4498 1184 4551 ἀΐδιον
1215 4498 1445 4569 θεότητα
1480 4498 1572 4553 τοῦ
1613 4500 1815 4556 Move?

191 4585 389 4658 γενοῦς
413 4628 428 4654 ,
462 4587 559 4641 καὶ
608 4586 707 4658 τὴν
760 4589 824 4639 ἐκ
859 4586 1175 4657 σπέρματος
1218 4586 1470 4659 Ἀϐραὰμ
1498 4586 1593 4640 καὶ
1625 4586 1794 4640 Δασὶδ

192 4677 594 4750 ὰνθρωπότητα
614 4695 629 4709 ·
666 4679 759 4732 καὶ
792 4679 873 4731 ὅτι
909 4677 1050 4731 κατά
1082 4679 1258 4732 πάντα
1292 4679 1426 4750 ἡμῖν
1455 4679 1489 4748 ἡ
1523 4664 1791 4749 ληφθεῖσα

193 4768 359 4838 φύσις
389 4767 579 4838 ἐῴκει,
610 4768 774 4839 μόνον
799 4768 855 4821 δὲ
894 4767 1150 4837 ἀνόμοιος
1180 4764 1249 4839 ἦλα
1277 4767 1356 4837 τῷ
1391 4768 1573 4839 πάσης
1606 4769 1789 4839 ἀμαρο

191 4857 319 4923 τίας
343 4856 592 4930 ἀμύητος
623 4858 937 4929 διαμεῖναι·
973 4858 1276 4931 ἐπειδήπερ
1310 4860 1412 4912 οὐκ
1445 4860 1511 4912 ὲκ
1548 4858 1786 4929 φύσεως,

194 4950 319 5023 ἀλλῖ
342 4953 408 5006 ἑκ
433 4948 812 5026 προαιρέσεως
844 4950 985 5019 αὕτη
1015 4949 1231 5019 φύεται.
1263 4945 1393 5020 Εἶχε
1422 4948 1479 5002 δὲ
1508 4949 1603 5003 καί¹
1630 4948 1791 5004 τοῦτο

194 5043 267 5097 τὰ
284 5044 611 5115 γράμματα,
642 5043 718 5107 ὡς
748 5036 828 5108 εἷς
858 5042 956 5113 μὲν
987 5044 1015 5096 ὁ
1034 5028 1332 5112 μονογενὴς
1358 5039 1453 5093 τοῦ
1476 5040 1615 5095 Θεοῦ
1635 5041 1785 5105 Υἱὸς,

194 5133 414 5208 ἀπαθὴς
439 5134 497 5187 δὲ
517 5133 681 5188 αὑτοῦ
714 5136 749 5204 ἡ
771 5133 963 5204 θεότης
982 5174 998 5197 ,
1046 5133 1141 5186 καὶ
1171 5132 1441 5201 ἄτρεπτος
1459 5174 1474 5197 ,
1506 5132 1600 5186 καὶ
1628 5134 1789 5187 ἀναλ-

192 5226 438 5290 λοίωτος,
472 5224 725 5298 καθάπερ
761 5227 791 5278 ό
824 5227 1091 5297 γεννήσας
1136 5224 1301 5278 αὐτὸν
1333 5223 1547 5295 Πατὴρ,
1591 5223 1686 5281 καὶ
1730 5226 1791 5280 τὸ

193 5318 463 5385 πανάγιον
488 5313 716 5386 Πνεῦμα
740 5333 753 5347 ο
790 5316 886 5370 καὶ
911 5316 1002 5371 διὰ
1030 5316 1191 5370 τοῦτο
1215 5316 1315 5386 τὴν
1353 5314 1603 5387 παθητὴν
1630 5316 1790 5371 ἔλαϐε

272 5452 314 5484 ⁸⁸
342 5451 500 5508 Rom.
530 5467 570 5515 ι,
594 5452 645 5506 8.
740 5473 747 5480 ·

197 5576 331 5635 odit.
361 5575 782 5631 Balleriniorum
814 5583 945 5644 tom.
976 5574 1018 5635 Ι,
1051 5590 1105 5644 p.
1148 5572 1245 5629 941
1285 5588 1404 5642 seq.
1437 5589 1505 5628 ex
1535 5574 1654 5644 ipsa
1686 5578 1789 5630 hac

198 5647 477 5704 Sirmondi
505 5646 774 5709 editione,
807 5643 999 5699 Latine
1039 5643 1109 5697 ab
1149 5644 1387 5699 Herveto
1433 5643 1571 5698 ante
1611 5646 1787 5699 inter-

196 5717 561 5786 pretationem
613 5714 1136 5786 commentariorum
1176 5712 1512 5786 Theodoreti
1557 5715 1609 5768 in
1660 5716 1789 5786 Epi-

198 5784 369 5845 stolas
389 5786 540 5843 Pauli
568 5784 821 5861 apostoli,
853 5785 998 5855 apud
1045 5784 1342 5839 Baronium
1380 5798 1603 5854 quoque
1636 5784 1787 5843 ad’a.

1962 3584 2134 3652 Cujus
2160 3583 2387 3653 quidem
2411 3585 2491 3640 rei
2520 3601 2647 3641 cum
2672 3587 2779 3641 alia
2804 3588 2978 3643 multa
3006 3588 3063 3643 in
3090 3600 3346 3662 promptu
3378 3593 3493 3651 sint

1890 3682 2238 3743 argumenta,
2284 3674 2485 3729 sufﬁcit
2515 3677 2669 3731 zelus
2717 3687 2903 3734 vester
2942 3678 3209 3737 adversus
3258 3683 3491 3741 infames

1893 3763 2246 3828 Manichazos,
2275 3778 2439 3833 quem
2467 3767 2729 3822 sanctitas
2750 3778 2934 3825 vestra
2964 3789 3145 3842 nuper
3168 3776 3407 3842 exeruit,
3434 3790 3493 3835 et

1892 3870 2003 3927 quo
2030 3871 2213 3909 rerum
2232 3854 2546 3909 divinarum
2567 3856 2753 3913 studio
2767 3868 2953 3915 vester
2971 3861 3027 3916 in
3050 3864 3224 3920 Deum
3242 3866 3314 3920 sit
3334 3884 3491 3924 amor

1892 3946 2174 4017 patefecit.
2218 3944 2511 4000 Sufﬁciunt
2552 3957 2610 4003 et
2649 3964 2773 4018 quae
2820 3965 2969 4006 nunc
3016 3968 3048 4007 a
3083 3954 3243 4010 vobis
3287 3959 3493 4030 scripta

1883 4047 2043 4101 sunt,
2080 4046 2141 4093 ut
2174 4039 2540 4108 apostolicum
2585 4038 2968 4098 characterem
3014 4053 3263 4101 vestrum
3297 4058 3489 4104 osten-

1893 4123 2045 4186 dant.
2080 4130 2381 4185 lncidimns
2411 4146 2651 4201 namque
2693 4132 2753 4186 in
2776 4132 2891 4198 illa,
2925 4150 3049 4204 quae
3074 4134 3143 4192 de
3174 4138 3271 4193 Dei
3299 4138 3491 4195 Salva-

1896 4224 2148 4293 torisque
2186 4223 2362 4278 nostri
2406 4224 2791 4280 incarnatione
2833 4226 3099 4283 sanctitas
3132 4239 3317 4285 vestra
3349 4233 3490 4288 scri-

1892 4315 2023 4385 psit,
2057 4322 2113 4369 et
2140 4315 2400 4370 admirati
2427 4331 2619 4370 sumus
2639 4327 2884 4372 exactam
2913 4318 3100 4389 operis
3124 4304 3488 4393 diligentiam.

1892 4405 2139 4477 Utraque
2166 4407 2314 4463 enim
2346 4408 2541 4462 eadem
2574 4424 2741 4479 Opera
2764 4410 3103 4476 declarabat,
3138 4420 3195 4467 et
3225 4422 3491 4470 aternam

1893 4511 1963 4550 ex
2006 4506 2217 4552 aeterno
2255 4497 2419 4551 Patre
2450 4496 2730 4567 Unigeniti
2758 4497 3127 4566 divinitatem,
3153 4512 3211 4556 et
3242 4502 3491 4574 ejusdem

1894 4604 1960 4643 ex
2000 4588 2234 4643 Abrahae
2268 4595 2324 4643 et
2353 4588 2582 4644 Davidis
2613 4590 2826 4646 semine
2851 4591 3253 4649 humanitatem
3285 4612 3299 4652 :
3328 4611 3393 4651 ac
3419 4597 3499 4654 sie

1888 4680 2083 4735 ‘milem
2116 4696 2214 4750 per
2234 4680 2421 4735 omnia
2454 4678 2627 4736 nobis
2645 4672 2818 4737 fuisse
2845 4692 3185 4755 assumptam
3209 4696 3488 4753 naturam,

1896 4772 2003 4828 hoc
2052 4788 2163 4828 uno
2207 4774 2556 4839 dissimilem,
2593 4774 2743 4844 quod
2780 4774 2995 4845 peccati
3035 4791 3236 4847 expers
3274 4778 3493 4853 1139

1894 4865 2181 4931 manserit,
2205 4867 2420 4937 quippe
2446 4882 2569 4937 quae
2596 4881 2707 4925 non
2738 4881 2807 4927 ex
2830 4876 3052 4933 natura,
3089 4867 3187 4922 sed
3211 4883 3277 4923 ex
3312 4854 3490 4925 libera

1892 4955 2177 5013 voluntate
2224 4958 2489 5013 nascitur.
2538 4958 2607 5012 Et
2638 4957 2745 5013 hoc
2775 4966 3044 5028 praeterea
3079 4954 3277 5015 litterre
3309 4962 3490 5017 conti-

1892 5046 2103 5102 nebant
2137 5062 2311 5105 unum
2348 5062 2472 5103 esse
2504 5045 2851 5119 unigenitum
2875 5048 2971 5103 Dei
2995 5048 3292 5115 Filium,et
3320 5051 3493 5122 impa-

1899 5138 2114 5193 tibilem
2141 5139 2264 5209 ejus
2297 5139 2666 5204 divinitatem,
2703 5154 2827 5210 qua:
2859 5154 2963 5194 nec
2988 5139 3130 5195 verti
3164 5152 3350 5211 queat,
3386 5160 3490 5199 nec

1898 5232 2124 5293 mutari,
2162 5228 2380 5283 sicutet
2404 5229 2498 5299 qui
2530 5230 2709 5299 ipsum
2732 5229 2925 5300 genuit
2946 5230 3129 5295 Pater,
3161 5238 3219 5285 et
3250 5230 3491 5301 Spiritus
3517 5273 3523 5281 .

1900 5328 2125 5376 sanctus
2160 5338 2173 5374 :
2220 5320 2458 5390 ideoque
2494 5320 2783 5391 patibilem
2824 5330 3081 5377 naturam
3123 5321 3449 5394 sumpsisse,
3473 5325 3492 5345 '

1895 5576 1957 5632 C.
1992 5578 2121 5642 M9,
2152 5591 2193 5634 t.
2226 5579 2315 5643 νι,
2348 5596 2403 5650 p.
2438 5578 2540 5633 105
2571 5594 2686 5650 seq.
2719 5586 2777 5634 et
2800 5580 2951 5637 alibi.

1971 5650 2083 5717 (7'5)
2116 5650 2334 5703 Τούτων
2357 5650 2413 5703 δὲ
2443 5652 2622 5719 ἑστερ.
2655 5650 2853 5705 Baller.

1974 5718 2087 5789 (74)
2122 5718 2606 5791 περιφανέστερον.
2638 5720 2811 5790 Neap.
