4078 6320
565 293 597 357 ’1
611 293 710 353 115

1555 277 2040 340 THEODORETI
2078 273 2415 335 EPISCOPI
2454 276 2818 336 CYRENSIS

3693 275 3816 338 1316

569 399 698 468 quia
733 395 915 450 divina
961 409 1154 447 nunra
1193 393 1502 461 passionem
1543 404 1652 442 non
1701 387 2002 456 recipiebat
2033 404 2045 436 :
2080 392 2139 437 ut

2259 383 2425 447 ρύσιν,
2458 384 2752 453 ιπειδήπερ
2800 385 2829 451 ἠ
2861 381 2979 434 θεία
3011 381 3170 451 φῦσις
3204 383 3304 435 οὐκ
3340 382 3566 453 ἐδέχετο
3615 387 3816 450 πάθος·

569 504 668 557 per
696 485 877 541 carnis
908 483 1142 552 propriae
1183 482 1490 550 paSsionem
1533 476 2031 547 impassibilitatem
2073 474 2139 527 iis

569 578 665 647 qui
702 578 756 631 in
793 577 968 644 ipsum
1007 573 1298 627 crederent
1331 571 1644 640 largiretur.
1679 568 1802 623 Hec
1826 577 1883 622 et
1918 561 2024 620 alia
2053 566 2141 619 his

570 676 796 739 cognata
818 666 1017 720 litteris
1038 664 1480 718 continebantur.
1511 661 1622 715 Nos
1646 676 1778 714 vero
1799 659 2138 730 spiritualem

571 758 891 828 sapientiam
918 767 1064 810 tuam
1104 753 1378 814 admirati,
1406 752 1645 822 Spiritus
1673 751 1846 805 sancti
1887 749 2138 821 gratiam,

570 863 691 917 qua:
732 863 828 916 per
854 861 952 900 vos
989 845 1168 899 locuta
1199 851 1304 907 est,
1337 842 1592 896 laudibus
1623 840 1938 902 extulimus,
1983 853 2140 908 roga-

571 952 821 1006 musque,
863 945 918 991 et
938 936 1313 996 obsecramus,
1356 943 1410 985 ct
1436 945 1747 1001 precamur,
1786 937 1843 982 et
1866 928 2142 997 supplices

570 1043 790 1083 oramus
818 1027 1158 1081 sanctitatem
1185 1036 1354 1086 tuam,
1384 1031 1444 1076 ut
1467 1026 1786 1091 tempestate
1805 1019 2022 1093 iactatis
2045 1018 2140 1074 Dei

571 1119 828 1174 Ecclesiis
851 1134 1010 1187 opem
1034 1117 1192 1172 ferat.

640 1209 777 1262 Cum
807 1208 954 1264 enim
997 1223 1095 1277 per
1125 1222 1220 1261 eos
1255 1221 1394 1275 quos
1429 1203 1689 1259 sanctitas
1733 1211 1826 1257 tua
1863 1200 2139 1271 Ephesum

571 1299 744 1360 misit,
770 1297 1110 1368 tempestatis
1133 1297 1337 1351 exitum
1365 1308 1734 1365 speraremus,
1755 1293 1812 1346 in
1838 1292 2142 1362 graviorem

574 1391 869 1460 procellam
912 1388 1116 1457 delapsi
1145 1402 1356 1441 sumus.
1407 1385 1901 1440 Alexandrinorum
1940 1382 2143 1452 quippe

569 1481 908 1552 iustissimus
958 1479 1189 1533 antistes
1239 1477 1664 1548 haudquaquam
1707 1484 2001 1530 contentus
2038 1473 2145 1527 fuit

576 1572 758 1641 iniqua
801 1571 902 1625 hac
941 1578 996 1625 et
1039 1569 1396 1641 iniustissima
1435 1568 1776 1638 depositione
1815 1565 2144 1620 sanctissimi

2243 473 2327 524 ἵνα
2357 473 2432 542 τῷ
2459 473 2617 526 πάθει
2641 474 2736 541 τῆς
2768 475 2901 536 ἰδίας
2927 475 3125 543 σαρκδς
3160 474 3259 542 τὴν
3286 473 3567 527 ἀπάθειαν
3592 478 3711 538 τοῖς
3754 479 3822 541 εἰς

2242 563 2404 616 αὐτὸν
2439 566 2826 618 πεπιστευκόσι
2850 565 3158 635 χαρίσηται.
3195 565 3403 628 ταῦτα,
3434 567 3533 619 καὶ
3573 569 3680 620 ὅσα
3711 572 3822 621 τοπι-

2241 670 2354 716 τοις
2379 655 2496 707 ἐστὶ
2533 658 2792 727 συγγενῆ,
2817 663 3058 728 περιεῖχε
3086 657 3155 709 τά
3183 659 3513 728 γράμματα.
3556 659 3751 728 Ἦμεξ
3773 660 3821 711 δὲ

2242 743 2339 814 τὴν
2389 748 2764 817 πνευματικήν
2819 764 2910 799 σου
2948 747 3139 815 σοςίαν
3186 747 3603 818 θαυμάσαντες,
3641 752 3739 821 τὴν
3764 751 3822 804 δι’

2243 835 2397 904 ὑμῶν
2421 837 2800 908 φθεγξαμένην
2832 837 2924 890 τοῦ
2963 838 3117 905 ἁγίου
3151 838 3473 910 Πνεῦματος
3509 841 3822 910 ἀνυμνήσαο

2247 943 2345 994 μεν
2391 927 2585 996 χάριν·
2624 930 2715 981 καὶ
2759 927 3222 998 παρακαλοῦμεν,
3274 930 3366 982 καὶ
3415 929 3822 1000 ἀντιόολοῦμεν,

2245 1018 2338 1068 καὶ
2374 1017 2607 1086 δεόμεθα
2637 1059 2651 1082 ,
2704 1020 2796 1071 καὶ
2836 1019 3147 1088 ίκετεύομέν
3187 1036 3281 1071 σου
3339 1020 3444 1089 τὴν
3498 1020 3824 1089 avius-(imm,

2245 1107 2522 1177 ἐπαμῦναι
2556 1114 2674 1174 ταῖς
2707 1111 2798 1163 τοῦ
2821 1109 2955 1162 Θεοῦ
2995 1110 3342 1180 Ἐκκλησίαις
3373 1111 3821 1181 χειμαζομέναις.

2317 1198 2488 1252 Λῦσιν
2527 1201 2634 1270 γάρ
2674 1200 2892 1253 ἔσεσθαι
2925 1198 3019 1252 τοῦ
3054 1200 3320 1264 κλύδωνος
3355 1201 3825 1272 προσδοκήσαντες

2243 1290 2330 1343 διά
2355 1290 2462 1343 τῶν
2496 1291 2644 1361 παρά
2668 1292 2765 1360 τῆς
2786 1291 3056 1361 ὑμετέρας
3079 1290 3387 1361 ἁγιωσύνης
3424 1294 3508 1355 είς
3543 1291 3646 1362 τὴν
3673 1293 3825 1360 Ἔφε-

2250 1395 2346 1431 σον
2392 1380 2846 1446 ἀποσταλέντων,
2901 1381 3259 1452 χαλεπωτέρᾳ
3319 1381 3827 1452 περιπεπτώκαμεν

2248 1468 2406 1543 ζάλῃ.
2470 1473 2527 1526 '0
2575 1473 2682 1544 γάρ
2715 1475 2812 1544 τῆς
2863 1473 3268 1542 Ἀλεξανδρείας
3314 1474 3671 1536 δικαιότατος
3712 1476 3829 1545 πρό·

2249 1561 2400 1629 εδρος
2431 1565 2532 1615 οὐκ
2578 1564 2817 1634 ἠρκέσθη
2870 1569 2935 1634 τῇ
2962 1566 3147 1635 ἀνόμῳ
3175 1564 3350 1635 ταύτῃ
3386 1567 3486 1618 καὶ
3517 1568 3823 1636 ἀδικωτάτη

574 1662 794 1730 Deoque
819 1660 1122 1715 charissimi
1147 1657 1878 1725 Constantinopolitanorum
1900 1653 2142 1722 episcopi

2259 1651 2565 1722 καθαιρέσει
2609 1652 2702 1704 τοῦ
2752 1655 3058 1720 ἁγιωτάτου
3117 1656 3211 1707 καὶ
3267 1655 3699 1723 θεοφιλεστάτοο
3753 1657 3830 1723 τῆς

575 1753 782 1806 domini
805 1751 1068 1815 Flaviani,
1092 1765 1269 1819 neque
1291 1749 1462 1818 ipsius
1491 1749 1727 1801 animam
1751 1747 1992 1816 explevit
2012 1761 2145 1799 con-

2259 1742 2895 1796 Κωνσταντινουπολιτῶν
2923 1745 3224 1797 ἐπισκόπου
3256 1745 3350 1798 τοῦ
3374 1763 3575 1816 κυριου
3605 1747 3832 1799 9126m-

576 1840 774 1894 similis
810 1848 1020 1908 strages
1047 1839 1280 1892 aliorum
1313 1837 1721 1905 episcoporum,
1765 1835 1858 1888 sed
1895 1849 1982 1888 me
2011 1849 2150 1902 quo-

2259 1827 2363 1892 νοῦ,
2399 1830 2519 1882 οὐδὲ
2545 1831 2840 1902 ἐνέπλησεν
2869 1832 3034 1886 αὐτοῦ
3058 1835 3147 1886 τὸν
3175 1834 3348 1903 Θυμδν
3377 1836 3492 1888 τῶν
3519 1836 3704 1890 ἄλλων
3733 1840 3834 1889 ἐπι-

575 1945 681 2000 que
704 1931 987 1983 absentem
1014 1929 1225 1984 calamo
1249 1928 1501 1981 similiter
1525 1926 1816 1995 iugulavit,
1845 1940 1947 1978 nec
1975 1926 2028 1978 in
2058 1927 2150 1994 jus

2259 1919 2470 1972 σκόπων
2491 1921 2523 1989 ὴ
2556 1921 2912 1991 παραπλησία
2935 1927 3115 1992 σφαγή
3139 1940 3152 1950 ·
3178 1923 3314 1976 ἀλλά
3338 1925 3487 1993 κάμὲ
3516 1925 3616 1976 τὸν
3639 1926 3834 1977 ἀπόντα

574 2029 854 2083 vocatum,
888 2034 989 2073 nec
1019 2027 1342 2088 praesentem
1358 2016 1686 2086 iudicatum,
1719 2030 1820 2069 nec
1841 2017 2148 2086 interroga-

575 2122 713 2174 tum,
743 2110 809 2164 de
842 2110 938 2164 Dei
973 2124 1038 2164 ac
1066 2108 1370 2163 Salvatoris
1395 2107 1570 2160 nostri
1606 2107 1983 2160 lncarnatione
2014 2107 2148 2176 quid

576 2201 832 2255 sentiam.
860 2199 928 2252 Et
960 2197 1263 2251 homicidas
1289 2195 1533 2264 quidem,
1563 2211 1626 2248 ac
1655 2195 2036 2264 sepulcrorum
2066 2195 2149 2250 ef-

578 2289 862 2351 fractores,
899 2287 1310 2353 alienarumque
1347 2283 1665 2352 nuptiarum
1703 2283 2007 2348 invasores,
2040 2299 2152 2338 non

577 2382 731 2452 prius
750 2378 1117 2433 condemnant
1127 2375 1364 2446 iudices,
1384 2391 1548 2444 quam
1573 2373 1656 2428 vel
1678 2375 1778 2443 ipsi
1803 2374 2020 2443 objecta
2038 2375 2151 2428 cri-

577 2471 722 2525 mina
755 2467 1099 2523 confessione
1134 2483 1230 2522 sua
1263 2465 1555 2525 ﬁrmarint,
1589 2465 1673 2517 vel
1707 2463 1776 2516 ab
1807 2463 1929 2517 aliis
1963 2472 2153 2532 aperte

576 2561 786 2616 fuerint
799 2559 1066 2614 convicti.
1085 2557 1196 2611 Nos
1215 2563 1398 2609 autem
1423 2553 1514 2606 hic
1536 2554 1592 2606 in
1617 2552 1832 2622 1190
1857 2551 2062 2607 divinis
2077 2554 2156 2606 le-

578 2654 738 2724 gibus
753 2650 1032 2705 enutritus
1048 2648 1271 2717 triginta
1287 2645 1532 2714 quinque
1549 2644 1926 2698 mansionibus
1941 2643 2151 2697 distan-

579 2751 664 2798 tes
691 2740 1074 2796 condemnavit
1095 2737 1366 2792 utvoluit.
1385 2736 1571 2804 Neque
1612 2749 1759 2788 nunc
1789 2741 2004 2788 tantum
2050 2733 2156 2787 hoc

578 2833 728 2893 fecit,
748 2831 845 2886 sed
873 2845 1016 2884 anno
1038 2827 1205 2884 etiam
1241 2825 1547 2896 superiore,
1575 2840 1699 2879 cum
1724 2839 1791 2878 eo
1817 2823 2048 2893 profecti
2069 2837 2157 2876 es-

579 2934 703 2979 sent
724 2923 834 2977 duo
850 2923 954 2975 viri
978 2919 1308 2990 Apollinaris
1325 2917 1519 2971 morbo
1537 2915 1747 2979 infecti,
1773 2923 1830 2968 et
1850 2913 2156 2968 calumnias

579 3014 636 3068 in
666 3029 768 3067 nos
803 3011 1124 3074 texuissent,
1154 3023 1491 3078 consurgens
1527 3006 1584 3059 in
1613 3004 1850 3060 ecclesia
1877 3019 1980 3058 nos
2014 3018 2146 3056 ana-

581 3100 823 3154 themate
857 3097 1081 3152 conllxit
1114 3115 1126 3149 :
1165 3096 1332 3166 idque
1363 3110 1487 3149 cum
1528 3093 1596 3148 ad
1625 3108 1751 3147 eum
1780 3091 2150 3162 scripsissem,

580 3199 637 3245 et
657 3205 778 3259 qua!
796 3189 1058 3243 sentirem
1090 3202 1190 3257 per
1215 3186 1430 3240 litteras
1456 3183 1853 3254 exposuissem.

653 3472 768 3541 Ego
797 3484 922 3524 vero
955 3468 1213 3524 Ecclesia
1243 3481 1374 3522 sane
1410 3472 1794 3535 tempestatem
1819 3461 2016 3525 deﬂeo,
2047 3477 2156 3516 ca:-

584 3575 766 3619 terum
809 3562 980 3630 quieti
1039 3559 1254 3613 studeo.
1301 3557 1408 3611 Sex
1447 3555 1595 3610 enim
1651 3563 1710 3609 et
1760 3552 1953 3623 viginti
2001 3552 2160 3606 annis

585 3653 931 3708 commissam
979 3649 1114 3703 mihi
1154 3648 1222 3701 ab
1256 3647 1643 3701 universorum
1679 3645 1792 3698 Deo
1831 3642 2155 3705 Ecclesiam,

585 3758 808 3813 precum
834 3749 1140 3795 vestrarum
1169 3737 1375 3791 auxilio
1397 3749 1523 3791 cum
1558 3735 1816 3796 rexerim,
1851 3747 2031 3801 neque
2056 3729 2160 3786 sub

587 3832 903 3886 beatissimo
938 3829 1222 3883 Theodoto
1260 3827 1504 3880 antistite
1539 3822 1798 3885 Orientis,
1839 3837 2020 3891 neque
2059 3820 2161 3876 sub

589 3923 655 3977 iis
671 3923 761 3991 qui
798 3922 875 3974 illi
903 3921 955 3973 in
990 3918 1458 3973 Antiochenorum
1486 3915 1618 3970 sede
1645 3920 2050 3977 successerunt,
2075 3914 2158 3968 vel

589 4013 870 4066 minimam
893 4009 1374 4079 reprehensionem
1411 4005 1669 4070 sustinui,
1691 4005 1787 4060 sed
1808 4005 1995 4059 divina
2021 4004 2158 4058 mihi

585 4111 917 4172 cooperante
966 4101 1158 4171 gratia,
1215 4114 1381 4168 supra
1421 4098 1567 4151 mille
1606 4097 1817 4151 animas
1869 4096 2163 4150 Marcionis

591 4196 782 4250 morbo
815 4193 1062 4254 liberavi,
1088 4191 1397 4260 multasque
1430 4189 1565 4244 alias
1601 4204 1667 4242 ex
1685 4188 1882 4242 Ariiet
1906 4185 2163 4241 Eunomii

588 4285 836 4355 partibus
874 4283 942 4336 ad
967 4277 1246 4336 Christum
1277 4280 1571 4334 Dominum
1610 4277 1859 4348 perduxi.
1886 4277 1954 4331 Et
1986 4277 2166 4331 octin-

2249 2011 2452 2080 ὁμοίως
2482 2011 2716 2082 καλάμῳ
2742 2014 3099 2081 κατέσφαξεν.
3124 2013 3246 2067 οὔτε
3271 2015 3514 2079 καλέσας
3542 2018 3629 2078 είς
3655 2020 3835 2086 κριτή-

2254 2120 2388 2172 ριον,
2421 2102 2545 2156 οὔτε
2573 2105 2813 2175 παρόντα
2841 2106 3052 2177 κρίνας,
3082 2109 3181 2159 οὐκ
3204 2108 3492 2178 ἐρωτήσας
3514 2109 3647 2161 τίνα
3668 2108 3834 2178 φρονῶ

2251 2195 2379 2265 περὶ
2409 2194 2508 2263 τῆς
2554 2194 2648 2248 τοῦ
2696 2195 2830 2248 Θεοῦ
2877 2198 2971 2249 καὶ
3005 2198 3254 2268 Σωτῆρος
3283 2199 3445 2269 ήμῶν
3481 2199 3836 2270 ινανθρωπή-

2253 2301 2411 2348 σεως.
2445 2284 2558 2339 Kal.
2584 2287 2709 2349 τοὺς
2742 2287 2843 2357 μὲν
2878 2287 3255 2358 ἀνδροφόνους,
3283 2291 3377 2342 καὶ
3414 2289 3836 2360 τυμδωρὺχοκ.

2255 2377 2348 2429 καὶ
2369 2377 2495 2438 τοὺς
2513 2377 2614 2441 τὰς
2630 2377 2913 2449 ἀλλοτρίας
2929 2379 3266 2449 συλήσαντας
3287 2381 3470 2443 εὒνάς.
3491 2383 3552 2433 οὐ
3575 2384 3839 2451 πρότερον

2255 2468 2674 2536 κατακρίνουσιν
2726 2471 2777 2522 οί
2827 2470 3175 2536 δικάζοντες,
3223 2472 3330 2533 ἕως
3368 2473 3434 2526 ἀν
3471 2473 3504 2543 ἢ
3555 2475 3718 2527 αὐτοὶ
3748 2475 3842 2535 τὰς

2254 2557 2590 2626 κατηγορίας
2623 2561 2742 2621 ταῖς
2765 2559 3077 2628 ὁμολογίαις
3109 2563 3453 2629 κυρώσωσιν,
3488 2562 3521 2632 ἢ
3552 2565 3691 2633 παρ’
3725 2564 3841 2616 ἑτέ.

2257 2659 2365 2713 ρων
2387 2645 2632 2714 ἐναργῶς
2656 2646 3003 2715 ἐλεγχθῶσιν.
3051 2648 3226 2717 una;
3257 2649 3316 2701 δὲ
3341 2651 3371 2701 ό
3403 2651 3517 2712 τοῖς
3556 2649 3730 2712 θείοις
3757 2651 3843 2701 νό-

2256 2752 2379 2805 μοις
2421 2735 2861 2807 ἐντεθραμμένος
2910 2738 3070 2791 πέντε
3098 2741 3192 2791 καὶ
3234 2739 3534 2809 τριάκοντα
3578 2741 3842 2810 σταθμοῖς

2253 2828 2628 2898 ἀφεστηκότας
2660 2829 2982 2900 κατέκρινεν
3014 2831 3090 2893 ὡς
3122 2829 3376 2902 ἠθέλησε.
3423 2833 3538 2884 Καὶ
3578 2832 3747 2885 τοῦτο
3785 2835 3842 2884 οὐ

2255 2916 2351 2970 νῦν
2383 2917 2546 2987 μόνον
2579 2919 2901 2987 πεποίηκεν,
2929 2920 3065 2973 ἀλλά
3097 2920 3192 2973 καὶ
3226 2922 3422 2991 πέρυσι
3454 2924 3602 2992 μετά
3625 2924 3722 2977 δύο
3753 2925 3845 2978 ἂ)-

2257 3005 2388 3076 δρας
2443 3006 2552 3059 τῶν
2607 3007 2706 3078 τὴν
2792 3008 3169 3079 Ἀπολιναρίου
3221 3014 3379 3063 νόσον
3436 3013 3846 3084 εἰσδεξαμένων

2258 3098 2438 3149 ὲκείσε
2467 3096 2796 3168 δραμόντας,
2829 3101 2923 3152 καὶ
2956 3102 3319 3168 συκοφαντίας
3352 3101 3474 3155 καθ’
3509 3104 3673 3173 ἡμῶν
3706 3107 3848 3176 ὑφή-

2256 3204 2473 3251 ναντας,
2515 3189 2755 3252 ἀναστὰς
2809 3191 2898 3242 ἐπ’
2925 3190 3220 3261 ἐκκλησίας
3273 3193 3422 3261 ἡμᾶς
3452 3193 3844 3262 ἀνεθεμάτισε’

2258 3275 2354 3327 καὶ
2383 3275 2555 3329 ταῦτα
2584 3275 2718 3345 ἐμοῦ
2742 3276 3053 3344 γράψαντος
3081 3279 3216 3348 πρὸς
3253 3278 3436 3342 αὑτὸν,
3469 3281 3564 3331 καὶ
3593 3282 3630 3333 ἀ
3662 3283 3848 3351 φρονῶ

2255 3364 2344 3417 διά
2368 3366 2712 3436 γραμμάτων
2733 3367 3091 3437 δηλώσαντος.

2341 3455 2485 3520 Ἐγὼ
2515 3456 2572 3509 δὲ
2606 3457 2869 3527 ὀδύρομαι
2900 3459 2999 3528 μὲν
3025 3459 3124 3527 τῆς
3158 3459 3480 3530 Ἐκκλησίας
3509 3460 3601 3512 τὸν
3634 3461 3847 3515 κλύδω-

2259 3563 2346 3610 να,
2378 3547 2478 3615 τὴν
2515 3547 2570 3600 δὲ
2596 3548 2822 3617 ἡσυχίαν
2868 3549 3207 3620 ἀσπάζομαι.
3247 3550 3345 3618 Ἐξ
3387 3552 3492 3620 γάρ
3531 3555 3627 3606 καὶ
3668 3554 3849 3608 εἴκοσι

2260 3636 2353 3705 ἐτη
2383 3635 2482 3707 τὴν
2513 3638 2944 3708 ὲγχειρισθεῐσάν
2988 3658 3078 3710 μοι
3115 3643 3264 3712 παρά
3287 3644 3381 3697 τοῦ
3407 3645 3545 3698 Θεοῦ
3568 3647 3680 3698 τῶν
3705 3647 3849 3699 ὅλων

2278 3728 2606 3798 Ἐκκλησίαν
2645 3729 2828 3797 ἱθύνας
2852 3730 2940 3783 διὰ
2963 3731 3063 3795 τὰς
3094 3732 3362 3804 ὑμετέρας
3394 3736 3582 3804 εὐχάς,
3619 3738 3726 3791 οὐκ
3752 3739 3828 3790 ἑτέ

2259 3816 2354 3869 τοῦ
2380 3819 2797 3887 μακαριωτάτου
2825 3819 3077 3873 Θεοδότου
3112 3823 3204 3874 τοῦ
3230 3823 3328 3892 τῆς
3371 3823 3665 3892 ’Δνατολῆς
3710 3843 3846 3897 προ-

2261 3908 2436 3978 έδρου,
2466 3910 2566 3960 οὐκ
2594 3908 2815 3962 ἐπὶτῶν
2855 3913 2973 3978 μετ’
3009 3913 3236 3978 ἐκεῖνον,
3269 3914 3377 3968 τῶν
3405 3915 3494 3967 τὸν
3524 3916 3847 3988 Ἀντιοχέων

2261 3998 2657 4066 διαδεξαμένων
2695 3998 2904 4068 θρόνον,
2932 4003 3031 4071 τὴν
3071 4001 3338 4073 τυχοῦσαν
3379 4004 3587 4074 μέμψιν
3616 4007 3846 4078 ὑπέμει-

2263 4105 2349 4154 να,
2367 4089 2501 4142 am
2523 4089 2623 4158 τῆς
2646 4090 2792 4154 θείας
2817 4109 2906 4159 μοι
2924 4092 3146 4163 χάριτος
3164 4097 3602 4166 συνεργησάσης,
3627 4101 3846 4158 πλείους

2266 4182 2367 4250 μὲν
2399 4182 2432 4251 ἢ
2469 4183 2643 4253 χιλίας
2664 4183 2843 4253 ψυχάς
2872 4184 3223 4255 ἠλευθέρωσα
3250 4186 3350 4255 τῆς
3392 4188 3726 4258 Μαρκίωνος
3764 4191 3846 4242 νό-

2267 4294 2384 4342 σου,
2421 4279 2646 4342 πολλοὺς
2672 4279 2727 4331 δὲ
2755 4278 2951 4342 ἄλλους
2978 4281 3044 4331 ἐκ
3072 4280 3172 4348 τῆς
3218 4279 3429 4350 Ἀρείου
3457 4282 3553 4335 καὶ
3581 4283 3844 4354 Εὐνομία-ι

588 4386 873 4447 gentarum
900 4373 1268 4428 Ecclesiarum
1307 4371 1633 4441 pastoralem
1667 4385 1855 4424 curam
1885 4373 1897 4386 '
1934 4368 2154 4423 sortitus

2271 4369 2583 4440 συμμορίας
2619 4370 2969 4440 προσήγαγον
2999 4368 3080 4438 τῷ
3121 4370 3367 4441 Δεσπότῃ
3389 4372 3641 4442 Χριστῷδ
3669 4373 3767 4427 καὶ
3793 4375 3845 4424 ἐν

592 4482 745 4530 sum;
768 4474 848 4518 tot
875 4465 1024 4518 enim
1051 4463 1224 4534 Cyrus
1241 4463 1410 4516 habet
1425 4462 1714 4530 parmcias,
1734 4461 1787 4514 in
1809 4459 2010 4529 quibus
2033 4474 2160 4528 pre-

588 4572 713 4610 cum
741 4564 1049 4609 vestrarum
1073 4553 1275 4606 auxilio
1309 4551 1501 4604 lolium
1529 4550 1740 4603 nullum
1777 4549 2027 4602 relictum
2053 4555 2159 4611 est,

589 4649 682 4702 sed
711 4646 968 4701 omnibus
983 4644 1255 4699 haareticis
1277 4643 1560 4697 erroribus
1583 4656 1712 4712 grex
1733 4650 1921 4695 noster
1940 4647 2162 4708 ereptus

590 4748 694 4794 cst.
726 4737 888 4792 Novit
913 4741 1007 4805 qui
1034 4735 1218 4790 omnia
1247 4734 1535 4803 conspicit,
1575 4743 1709 4802 quot
1738 4731 1947 4802 lapides
1973 4730 2042 4785 ab
2073 4731 2159 4784 in-

592 4830 770 4884 fandis
807 4828 1079 4884 haareticis
1112 4827 1166 4881 in
1198 4842 1284 4880 me
1329 4827 1606 4896 coniectos
1638 4824 1950 4895 exceperim
1983 4841 1996 4876 :
2025 4832 2162 4892 quot

595 4921 727 4975 mihi
769 4919 955 4974 multis
990 4918 1046 4972 in
1073 4917 1309 4973 urbibus
1333 4915 1577 4971 Orientis
1623 4915 1921 4971 certamina
1955 4913 2166 4969 fuerint

594 5012 855 5067 adversus
909 5011 1160 5083 gentiles,
1207 5008 1468 5064 adversus
1503 5007 1743 5070 Iudaeos,
1794 5015 1851 5062 et
1903 5006 2167 5060 adversus

594 5118 839 5158 errorem
869 5118 1094 5158 omnem
1112 5100 1454 5156 haereticum.
1504 5099 1571 5153 Et
1611 5109 1733 5169 post
1775 5107 1956 5154 tantos
1998 5097 2167 5153 sudo-

601 5207 690 5246 res
726 5207 788 5246 ac
827 5191 1045 5246 labores
1115 5191 1298 5246 ndicta
1338 5205 1503 5246 causa
1527 5190 1926 5245 condemnatus
1951 5207 2093 5245 sum.

671 5368 740 5421 At
776 5383 877 5436 ego
915 5367 1227 5436 apostolicae
1253 5375 1448 5422 vestra:
1486 5367 1630 5421 sedis
1664 5377 1921 5436 exspecto
1946 5376 2169 5422 senten-

599 5462 752 5520 tiam,
801 5468 858 5512 ct
901 5473 997 5512 oro
1051 5468 1214 5528 atque
1264 5459 1513 5514 obtestor
1565 5459 1770 5529 ιιθι
1823 5461 2168 5515 sanctitatem

604 5558 772 5612 tuam,
793 5559 852 5603 ut
876 5549 1007 5601 mihi
1028 5549 1096 5603 ad
1123 5557 1332 5604 rectum
1354 5566 1417 5604 ac
1429 5551 1636 5620 iustum
1663 5550 1904 5604 tribunal
1925 5561 2170 5605 vestrum

602 5642 920 5710 provocanti
952 5655 1111 5711 opem
1142 5641 1305 5707 ferat,
1331 5642 1628 5712 iubeatque
1652 5643 1718 5697 ad
1748 5658 1844 5697 vos
1879 5643 2087 5708 venire,
2116 5654 2172 5697 et

2267 4460 2614 4522 ὀκτακοσίαις
2645 4459 2997 4527 Ἐκκλησίαις
3021 4459 3211 4530 ἔλαχον
3226 4463 3531 4530 ποιμαίνειν
3552 4465 3846 4526 ’τοσαύτας

2270 4551 2378 4620 γὰρ
2400 4553 2431 4621 ἡ
2457 4551 2672 4621 Κύρρος
2708 4550 2996 4620 παροικίας
3019 4550 3150 4620 ἔχει,
3177 4553 3235 4604 ὲν
3266 4545 3354 4615 αἷς
3397 4552 3517 4606 οὐδὲ
3553 4553 3613 4606 ἒν
3636 4554 3727 4607 διὰ
3754 4557 3846 4619 τὰς

2275 4642 2549 4712 ὑμετέρας
2605 4642 2769 4710 εὐχὰς
2815 4641 3092 4712 μεμένηκε
3149 4621 3419 4706 ζιζάνιον·
3474 4644 3613 4697 ἀλλὰ
3669 4647 3846 4717 πάσης

2278 4733 2561 4802 αίρετικῆς
2584 4732 2952 4801 ἡλευθέρωται
2983 4732 3188 4802 πλάνης
3204 4734 3265 4786 τὺ
3285 4735 3554 4805 ἡμέτερον
3579 4737 3843 4808 ποίμνιον.

2279 4821 2428 4877 Οἶδεν
2453 4825 2485 4874 ὁ
2515 4824 2689 4876 πάντα
2729 4823 2941 4895 ἐφορῶν
2976 4825 3174 4888 πόσους
3212 4824 3480 4896 ἐδεξάμην
3521 4827 3709 4892 λίθους
3749 4830 3848 4884 ὑπὸ

2275 4915 2383 4968 τῶν
2418 4915 2747 4985 δυσωνύμων
2787 4916 2908 4968 κατ’
2955 4915 3091 4985 ἐμοῦ
3136 4917 3490 4986 πεμφθέντας
3535 4922 3846 4988 αἱρετικῶν.

2275 5009 2474 5070 πόσους
2499 5010 2555 5061 ὲν
2577 5010 2697 5069 ταῖς
2735 5006 2945 5061 πλείοσι
2972 5010 3072 5079 τῆς
3115 5008 3403 5078 ’Δνατολῆς
3447 5010 3671 5063 πόλεσιν
3698 5011 3849 5082 ἔσχον

2272 5098 2488 5166 ἀγῶνας
2513 5099 2647 5168 πρὸς
2671 5097 2959 5169 Ἓλληνας,
2989 5100 3126 5171 πρὸς
3169 5099 3479 5163 Ἰουδαίους,
3507 5100 3644 5170 πρὸς
3678 5104 3850 5155 πᾶσαν

2275 5191 2487 5261 πλάνην
2517 5191 2823 5260 αίρετικήν.
2860 5190 2968 5243 Καὶ
3001 5191 3141 5259 μετά
3169 5189 3456 5253 τοσούτους
3495 5189 3729 5260 ἱδρῶτας
3763 5192 3850 5244 καὶ

2279 5282 2474 5344 πόνους
2503 5280 2577 5350 μὴ
2606 5279 2969 5348 δικασάμενος
2997 5279 3346 5352 κατεκρίθην.

2363 5371 2504 5438 Ἐγὼ
2529 5371 2586 5423 δὲ
2631 5371 2724 5424 τοῦ
2761 5371 3118 5426 ἀποστολικοῦ
3155 5372 3308 5442 ὑμῶν
3345 5373 3537 5444 θρόνου
3574 5373 3847 5443 περιμένω

2281 5458 2377 5529 τὴν
2408 5459 2606 5528 ψῆφον·
2635 5460 2732 5512 καὶ
2758 5461 3002 5522 ἱκετεύω,
3039 5461 3130 5514 καὶ
3155 5461 3418 5514 ἀντιϐολῶ
3441 5464 3540 5530 τὴν
3571 5465 3674 5534 σὴν
3702 5464 3849 5530 ἀγιὸο

2281 5569 2438 5622 τητα,
2471 5550 2748 5621 ὲπαμῦναί
2779 5569 2868 5619 μοι
2895 5553 2956 5603 τὸ
2981 5550 3140 5620 ὀρθὸν
3173 5552 3326 5621 ὑμῶν
3366 5555 3458 5605 καὶ
3491 5552 3702 5605 δίκαιον
3741 5554 3850 5604 ἐπι·

2284 5643 2601 5713 καλουμένῳ
2651 5643 2952 5715 κριτήριον,
3010 5643 3102 5697 καὶ
3137 5641 3390 5697 κελεῦσαι
3435 5643 3671 5714 δραμεῖν
3725 5643 3851 5716 πρὶς

3953 60 3992 400 l

3981 465 4000 516 Ξ
4010 461 4011 468 χ
