4078 6320
117 344 265 409 1311

1477 346 1839 407 EPISTULA
1878 325 2093 406 CXIII.

123 461 273 529 ὑμᾶς
311 456 446 527 (75),
476 456 582 509 ’καὶ
626 457 891 520 ἐπιδεῖξαί
933 474 1033 527 μου
1068 457 1167 527 τὴν
1208 455 1562 510 διδασκαλίαν
1597 458 1710 518 τοῖς

1822 454 2121 510 doctrinam
2162 468 2342 509 meam
2390 451 2710 525 apostolicis
2747 455 2994 527 vestigiis
3036 451 3401 514 inhaerentem

121 548 505 611 ἁποπολικοῖς
533 548 737 618 εχνεσιν
762 547 1059 637 ἑπομένην.
1081 549 1237 600 Ἐστι
1266 548 1376 617 γάρ
1403 564 1490 616 μοι
1511 545 1579 599 τὰ
1609 546 1707 615 μὲν

126 641 235 712 πρὸ
261 640 429 694 εἴκοσι
457 638 594 692 ἐτῶν
618 635 1106 709 συγγεγραμμένα,
1127 638 1196 693 τὰ
1222 638 1276 691 δὲ
1306 637 1412 707 πρὸ
1438 635 1708 690 ὀκτωκαί-

119 736 280 795 δεκα,
304 730 372 783 τὰ
395 730 452 783 δὲ
481 730 587 801 πρὸ
618 730 1033 792 πεντεκαίδεκα,
1065 729 1134 783 τὰ
1160 729 1217 782 δὲ
1239 727 1346 799 πρὸ
1367 728 1705 787 δυοκαίδεκα,

116 824 193 877 τὰ
222 823 321 894 μὲν
352 822 492 901 πρὸς
522 821 831 893 Ἀρειανοὺς
862 823 954 876 καὶ
982 821 1370 891 Εὑνομιανοὺς,
1396 820 1465 872 τὰ
1490 820 1546 873 δὲ
1574 819 1709 887 πρὸς

134 914 426 979 Ἰουδαίους
451 914 545 968 καὶ
572 914 862 984 Ἕλληνας,
885 914 953 967 τὰ
978 914 1035 967 δὲ
1075 914 1209 984 πρὸς
1242 912 1377 976 ,τοὺς
1402 913 1459 965 ἐν
1486 911 1708 982 Περσίδι

127 1006 361 1078 μάγους,
392 1004 528 1058 ἄλλα
573 1003 702 1075 περὶ
740 1003 839 1074 τῆς
869 1002 1097 1057 καθόλου
1132 1001 1417 1071 Προνοίας,
1451 1001 1612 1071 ἕτερα
1653 998 1710 1052 δὲ
1738 1028 1749 1037 κ

125 1096 259 1165 περὶ
280 1095 557 1163 θεολογίας
603 1096 700 1150 καὶ
727 1096 824 1164 τῆς
858 1094 1011 1157 θείας
1039 1092 1525 1163 ὲνανθρωπήσεως.
1577 1093 1711 1160 Ἠρ-

130 1182 397 1257 μήνευταί
426 1199 516 1252 μοι
551 1182 638 1234 διὰ
661 1180 759 1252 τὴν
795 1179 948 1233 θείαν
976 1179 1159 1249 χάριν,
1190 1177 1286 1231 καὶ
1318 1176 1388 1229 τὰ
1419 1174 1711 1227 ἀποστολι-

123 1276 204 1330 κὰ
238 1274 676 1344 συγγράμματα,
734 1270 827 1324 καὶ
871 1268 943 1322 τὰ
990 1267 1304 1341 προφητικὰ
1342 1265 1707 1334 θεσπίσματα.

126 1367 242 1423 Καὶ
283 1365 462 1436 ῥᾴδιον
499 1368 561 1418 ὲκ
604 1362 804 1415 τούτων
840 1360 1201 1431 καταμαθεῖν,
1245 1358 1357 1410 εῖτε
1399 1355 1592 1425 ἀκλινῆ
1622 1354 1712 1407 τὸν

118 1456 328 1511 κανόνα
383 1454 484 1525 τῆς
542 1453 776 1516 πίστεως
836 1452 1172 1522 διετήρησα,
1224 1448 1335 1501 εἴτε
1391 1447 1489 1516 τὴν
1534 1445 1722 1500 τούτου

102 1547 379 1619 ’παρέϐην
424 1544 715 1614 εὐθύτητα.
751 1542 916 1597 Ἀλλὰ
959 1545 1034 1613 μὴ
1081 1532 1422 1610 διαπτύσητέ
1468 1556 1569 1609 μου
1616 1536 1712 1607 τὴν

128 1640 392 1701 ἱκετείαν,
430 1634 756 1707 παρακαλῶ,
796 1633 930 1705 μηδὲ
957 1632 1057 1702 τὴν
1085 1632 1274 1685 ἀθλίαν
1321 1648 1422 1700 μου
1454 1628 1714 1699 παρίδητε

125 1728 325 1782 πολιὰν
350 1726 489 1798 μετὰ.
522 1724 739 1787 πολλοὺς
764 1722 1099 1793 ὑϐρισμένην
1123 1720 1408 1790 καμάτους

1811 547 2124 601 ostendere.
2162 543 2302 601 Sunt
2321 546 2471 601 enim
2498 547 2658 611 mihi,
2691 563 2814 617 qua:
2835 548 3035 617 partim
3070 555 3198 602 ante
3225 562 3402 603 annos

1809 634 2025 707 viginti,
2062 637 2263 706 partim
2311 646 2438 691 ante
2485 636 2817 701 octodecim,
2849 637 3051 707 partim
3080 644 3206 692 ante
3232 637 3400 707 quin-

1810 726 2012 792 decim,
2027 729 2227 797 partim
2245 735 2372 782 ante
2390 727 2681 783 duodecim
2706 729 2921 800 scripsi,
2937 728 3188 798 quaedam
3210 743 3401 783 contra

1810 822 2043 877 Arianos
2071 830 2127 876 et
2153 820 2550 884 Eunomianos,
2586 820 2836 889 quaedam
2868 827 3059 875 contra
3092 818 3312 875 Iudaeos
3344 828 3399 873 ct

1810 912 2064 981 gentiles,
2098 900 2563 981 qutedam'contra
2586 926 2774 981 magos
2793 912 2887 980 qui
2914 918 3044 965 sunt
3072 910 3130 964 in
3151 908 3398 970 Perside,

1812 1005 1919 1058 alia
1962 1003 2030 1058 de
2077 1001 2379 1057 universali
2427 1001 2802 1067 Providentia,
2848 1018 2905 1056 et
2952 1002 3059 1055 alia
3099 1014 3293 1055 rursus
3332 998 3402 1054 de

1812 1095 2107 1166 theologia,
2125 1094 2303 1163 deque
2318 1092 2505 1148 divina
2536 1093 2936 1148 incarnatione.
2956 1093 3216 1162 Exposita
3233 1094 3402 1149 ctiam

1813 1193 1943 1238 sunt
1975 1199 2005 1237 a
2036 1198 2122 1238 me
2149 1199 2248 1253 per
2269 1182 2514 1237 divinam
2535 1180 2767 1253 gratiam
2794 1188 2911 1234 tum
2944 1178 3247 1248 apostolica
3267 1180 3404 1234 scri-

1812 1285 1924 1344 pta,
1968 1283 2084 1328 tum
2138 1274 2461 1343 prophetica
2501 1272 2746 1328 oracula.
2787 1271 2856 1326 Et
2894 1269 3054 1325 facile
3084 1276 3171 1326 est
3209 1284 3277 1324 ex
3315 1269 3405 1325 his

1811 1380 2165 1437 cognoscere,
2197 1380 2267 1419 an
2299 1364 2552 1419 stabilem
2577 1363 2703 1417 ﬁdei
2738 1363 2980 1434 regulam
3007 1365 3298 1427 servarim,
3332 1378 3404 1417 an

1813 1457 1881 1511 ab
1907 1457 2027 1528 ejus
2059 1454 2392 1511 rectitudine
2426 1454 2767 1509 deﬂexerim.
2795 1452 2904 1508 Sed
2930 1452 3125 1518 nolite,
3146 1453 3403 1517 obsecro,

1814 1548 2090 1620 supplices
2110 1563 2261 1603 meas
2284 1561 2480 1617 preces
2500 1551 2786 1615 respuere,
2811 1560 2915 1600 nec
2937 1546 3197 1599 miseram
3223 1559 3404 1600 meam

1814 1644 2071 1699 canitiem
2106 1653 2233 1714 post
2277 1642 2481 1697 multos
2520 1641 2740 1698 labores
2771 1640 3171 1696 contumeliose
3206 1648 3406 1695 tracta-

1818 1742 1927 1788 tam
1955 1734 2263 1803 despicere.

200 1818 319 1889 Πρὸ
350 1818 408 1870 δὲ
442 1817 685 1876 πάντων,
715 1813 907 1885 μαθεῖν
939 1810 1204 1866 ἀντιϐολῶ
1237 1809 1369 1881 παρ’
1401 1810 1429 1862 ὑ
1440 1807 1577 1879 μῶν,
1604 1807 1714 1860 εἴτε

1888 1826 2028 1881 Ante
2051 1826 2233 1880 omnia
2264 1830 2327 1881 ut
2364 1841 2393 1879 a
2428 1825 2587 1879 vobis
2620 1824 2823 1879 docear
2861 1838 2980 1888 oro,
3011 1838 3081 1877 an
3115 1837 3204 1876 me
3236 1837 3404 1893 opor-

128 1911 239 1981 χρή
272 1927 337 1980 με
364 1908 585 1978 στέρξαι
615 1908 715 1977 τὴν
751 1906 934 1960 ἄδικον
971 1902 1175 1975 ταύτην
1218 1902 1560 1971 καθαίρεσιν,
1604 1900 1713 1952 εἴτε

131 2003 233 2073 μή·
265 2001 363 2072 τὴν
385 1998 492 2070 γὰρ
528 1998 798 2069 ὑμετέραν
823 1995 1117 2067 προσμένω
1145 1992 1349 2063 ψῆφον.
1385 1990 1505 2045 Κᾶν
1536 1988 1718 2043 κελεύ-

128 2109 268 2163 σητε
301 2094 415 2154 τοῖς
447 2087 994 2159 καταψηφισαμένοις
1023 2087 1299 2156 ἐμμεῖναι,
1342 2081 1586 2153 ὲμμενῶ,
1622 2080 1718 2134 καὶ

125 2187 309 2240 οὐδενὶ
354 2184 658 2256 ἀνθρώπων
707 2180 983 2250 ἐνοχλήσω
1022 2177 1231 2238 λοιπὸν,
1278 2175 1413 2230 ἀλλὰ
1466 2174 1613 2245 μενῶ
1657 2172 1718 2226 τὸ

128 2278 352 2341 ἀκλινὲς
370 2276 465 2331 τοῦ
484 2274 619 2329 Θεοῦ
647 2273 743 2327 καί
765 2271 1018 2342 Σωτῆρος
1045 2268 1203 2340 ἡμῶν
1234 2266 1539 2338 κριτήριον.
1563 2264 1718 2333 Ἐμοὶ

127 2370 213 2437 δὲ,
248 2370 322 2433 ὡς
366 2371 395 2423 ό
427 2366 702 2439 Δεσπότης
754 2364 1023 2436 μαρτυρεῖ
1055 2361 1207 2425 Θεὸς,
1251 2360 1313 2412 ού
1356 2358 1521 2429 τίμῆς
1568 2356 1716 2427 μέλει

130 2462 233 2515 καὶ
268 2460 443 2530 δόξης,
477 2458 614 2511 ἀλλὰ
663 2458 823 2519 μόνον
855 2452 950 2507 τοῦ
991 2451 1360 2522 γεγενημένου
1395 2448 1713 2501 σκανδάλου*

128 2556 216 2608 ὅτι
252 2552 437 2607 πολλοὶ
461 2550 570 2604 τῶν
610 2547 1014 2615 ἁπλουστέρων,
1045 2546 1140 2598 καὶ
1166 2543 1401 2613 μάλιστα
1423 2542 1473 2593 οἱ
1511 2541 1574 2591 ἐκ
1600 2538 1705 2591 δια-

129 2647 319 2717 φόρων
357 2644 621 2715 αἱρέσεων
654 2641 787 2710 παρ’
814 2637 970 2708 ἡμῶν
1009 2633 1411 2707 ζωγρηθέντες,
1436 2629 1514 2700 τῷ
1544 2629 1719 2700 θρόνῳ

129 2734 247 2790 τῶν
291 2732 746 2803 κατακρινάντων
791 2728 1173 2797 προσέχοντες,
1232 2720 1544 2794 αἱρετικοὺς
1588 2720 1719 2782 ἴσως

127 2826 286 2896 ἡμᾶς
324 2822 748 2892 ὑπολήψονται,
801 2820 903 2889 τὴν
962 2816 1056 2871 τοῦ
1104 2816 1371 2887 δόγματος
1432 2812 1719 2884 ἀκρίϐειαν

129 2915 377 2969 κατιδεῖν
420 2914 482 2966 οὐ
521 2912 831 2980 δυνάμενοι.
864 2909 985 2962 Ὀτι
1012 2907 1067 2959 δὲ
1096 2905 1210 2975 (76)
1245 2903 1499 2959 τοσοῦτον
1528 2903 1719 2973 χρόνον

130 3006 566 3068 ὲπισκοπεύσας,
612 3002 712 3055 οὐκ
760 3000 939 3054 οίκίαν
997 2997 1337 3068 ἐκτησάμην.
1385 2996 1488 3049 οὐκ
1528 2993 1718 3063 ἀγρὸν,

130 3099 237 3150 οὑκ
272 3094 479 3158 όόολδν,
557 3092 616 3145 οὐ
676 3091 869 3160 τάφον,
909 3088 1048 3144 ἀλλὰ
1085 3089 1187 3158 τὴν
1224 3085 1543 3157 αὐθαίρετον
1605 3084 1718 3155 (77)

130 3188 475 3261 ὴσπασάμην
505 3185 717 3246 πενίαν,
767 3182 863 3236 καὶ
900 3182 966 3235 τὰ
1018 3180 1170 3252 παρὰ
1209 3179 1318 3233 τῶν
1357 3178 1609 3249 πατέρων
1641 3177 1723 3239 εἰς

133 3281 288 3361 ήμᾷς
345 3279 568 3332 ἐλθόντα
621 3274 758 3347 μετὰ
814 3273 915 3344 τὴν
978 3275 1202 3326 ἐκείνων
1258 3268 1515 3339 τελευτὴν
1561 3266 1722 3329 εὐθὺς

133 3357 463 3440 διανείμας,
516 3367 701 3420 ίσασιν
750 3370 993 3428 ἅπαντες
1045 3364 1095 3417 οί
1152 3360 1252 3432 τὴν
1290 3359 1463 3430 Ἐᾠαν
1511 3357 1723 3412 οἰκοῦν-

134 3480 255 3517 τις.
480 3514 482 3516 ,

211 3552 328 3622 Πρὸ
362 3549 420 3604 δὲ
462 3548 701 3613 πάντων,
737 3544 964 3598 ἱκετεύω
996 3543 1097 3611 τὴν
1128 3543 1279 3613 ἱερὰν
1313 3540 1467 3612 ὑμῶν
1510 3540 1603 3593 καὶ
1643 3538 1722 3609 τῷ

136 3644 262 3713 θεῷ
296 3642 457 3713 φίλην
482 3639 747 3710 κεφαλὴν,
788 3638 1092 3707 παρασχεῖν
1127 3651 1218 3702 μοι
1257 3633 1367 3686 τῶν
1401 3630 1722 3702 προσευχῶν

138 3735 241 3806 τὴν
265 3733 536 3804 βοήθειαν.
568 3728 755 3783 Ταῦτα
791 3727 879 3779 διὰ
914 3725 1024 3778 τῶν
1050 3722 1463 3777 εὑλαϐεστάτων
1491 3721 1585 3773 καὶ
1606 3721 1724 3774 θεο-

140 3825 477 3896 ςιλεστάτων
519 3818 910 3890 πρεσϐυτέρων
951 3815 1210 3868 ’Υπατίου
1267 3813 1362 3867 καλ⁹
1422 3812 1721 3882 ’Δϐραμίου

136 3916 253 3969 τῶν
283 3911 737 3985 χωρεπισκόπων,
772 3908 867 3961 καὶ
907 3906 1164 3959 ’Δλυπίου
1214 3904 1309 3957 τοῦ
1345 3903 1577 3975 ἐξάρχου
1609 3904 1722 3957 τῶν

139 4007 273 4077 παρ’
300 4007 433 4075 ἡμῖν
473 4001 813 4072 μοναζόντων
844 3999 943 4070 τὴν
977 3997 1251 4067 ὑμετέραν
1277 3996 1587 4065 ἁγιωσύνην
1614 3996 1716 4049 ὲδί-

135 4098 294 4163 ὂαξα·
329 4093 625 4163 ἐπειδήπερ
655 4091 756 4162 έμὲ
781 4090 1009 4162 δραμεῖν
1044 4089 1184 4160 πρὸς
1214 4090 1357 4160 ὑμᾶς
1387 4089 1455 4143 τὰ
1486 4088 1594 4143 τῶν
1622 4088 1721 4161 βα-

141 4186 369 4241 σιλικῶν
416 4183 766 4256 γραμμάτων
806 4181 1005 4249 ἐπέσχε
1061 4180 1258 4249 δεσμὰ,
1303 4178 1591 4251 ὠσπεροῦν
1628 4181 1725 4234 καὶ

136 4280 270 4340 τοὺς
303 4275 521 4339 ἄλλους.
550 4274 660 4327 Καὶ
684 4269 989 4344 παρακαλῶ
1018 4270 1117 4342 τὴν
1149 4270 1421 4341 ὑμετέραν
1444 4271 1720 4341 ὁσιότητα,

140 4368 240 4420 καὶ
286 4365 416 4418 ἰδεῖν
451 4362 648 4425 αὐτοὺς
683 4359 989 4431 πατρικῶς,
1032 4358 1128 4412 καὶ
1166 4358 1265 4422 τὰς
1292 4358 1531 4422 ἀκλινεῖς
1567 4359 1722 4429 ὑμῶν

1821 1925 1933 1971 teat
1956 1916 2011 1971 in
2039 1917 2141 1971 hac
2162 1917 2365 1987 injusta
2390 1915 2733 1986 depositione
2756 1913 3135 1983 acquiescere,
3160 1927 3229 1966 an
3251 1925 3361 1964 non
3388 1928 3402 1964 :

1819 2013 2056 2060 vestram
2079 2004 2229 2059 enim
2253 2004 2582 2059 sententiam
2605 2011 2890 2072 exspecto.
2926 1999 3083 2068 Quod
3107 1999 3151 2054 si
3177 1999 3232 2053 in
3252 1998 3406 2070 judi-

1819 2095 1957 2149 catis
2011 2109 2236 2148 manere
2287 2108 2376 2147 me
2419 2077 2729 2164 iusseritis,
2775 2091 3033 2156 manebo,
3081 2104 3263 2160 neque
3305 2088 3407 2143 ulli

1820 2182 2105 2236 hominum
2140 2181 2406 2251 deinceps
2444 2176 2713 2235 molestus
2741 2184 2859 2244 ero,
2906 2178 3006 2234 sed
3054 2189 3269 2233 rectum
3305 2176 3406 2232 Dei

1820 2273 2230 2344 Salvatorisque
2271 2273 2449 2327 nostri
2478 2269 3133 2344 judiciumlexspectabo.
3160 2268 3246 2324 Mc
3278 2267 3407 2337 qui-

1820 2364 1967 2430 dem,
2009 2366 2167 2420 testis
2204 2372 2288 2419 est
2320 2362 2585 2418 Dominus
2621 2363 2791 2428 Deus,
2843 2361 3072 2417 honoris
3120 2369 3177 2415 et
3217 2360 3408 2431 gloriae

1820 2471 1953 2510 cura
1985 2470 2097 2510 non
2130 2455 2336 2526 tangit,
2373 2453 2469 2509 sed
2503 2451 2747 2508 scandali
2782 2451 2930 2523 quod
2972 2451 3233 2523 injectum
3267 2459 3352 2504 est
3391 2467 3406 2503 :

1820 2545 1949 2615 quia
1983 2546 2141 2600 multi
2179 2560 2210 2600 e
2248 2542 2704 2615 simplicioribus,
2753 2549 2919 2613 atque
2947 2542 2984 2596 ii
3019 2543 3279 2605 maxime,
3311 2540 3433 2618 qui:

1820 2652 1887 2692 ex
1909 2636 2147 2693 diversis
2170 2636 2477 2691 haeresibus
2505 2651 2675 2707 opera
2700 2645 2891 2691 nostra
2920 2643 3291 2699 emerserunt,
3319 2649 3430 2702 me?

1820 2726 1946 2781 dem
1978 2726 2199 2780 illorum
2226 2725 2319 2795 qui
2349 2724 2793 2780 condemnarunt
2825 2723 3198 2789 attendentes,

1821 2818 1959 2872 ticos
1986 2830 2088 2870 nos
2121 2815 2354 2871 fortasse
2389 2815 2805 2880 existimabunt,
2832 2830 2957 2871 eum
2979 2814 3253 2885 dogmatis

1821 2906 2114 2961 lectionem
2145 2907 2459 2976 perspicere
2483 2922 2593 2961 non
2625 2907 2857 2977 possint.
2894 2905 3109 2976 1192
3139 2892 3410 2979 Quodque

1821 2999 2139 3069 episcopatu
2163 3006 2245 3053 tot
2270 3000 2431 3054 annis
2447 3008 2623 3069 gesto,
2644 3013 2754 3054 non
2780 2998 3007 3053 domum
3030 2997 3408 3068 acquisierim,

1822 3105 1932 3147 non
1956 3104 2168 3159 agrum,
2194 3104 2305 3144 non
2336 3089 2587 3157 obolum,
2608 3105 2719 3144 non
2753 3090 3094 3160 sepulcrum,
3118 3089 3215 3145 sed
3240 3104 3411 3159 spon—

1825 3187 2040 3232 laneam
2082 3179 2102 3199 ‘
2134 3188 2517 3249 paupertatem
2553 3182 2839 3250 amplexus
2876 3180 3004 3245 sim,
3038 3169 3096 3237 et
3122 3198 3188 3238 ea
3226 3198 3349 3252 qua!
3380 3199 3414 3238 a

1823 3269 2148 3339 parentibus
2165 3270 2231 3323 ad
2257 3285 2360 3325 nos
2378 3280 2765 3341 pervenerant,
2787 3281 2913 3342 post
2934 3258 3155 3329 illorum
3176 3284 3410 3330 mortem

1822 3356 2009 3411 statim
2043 3356 2446 3422 distribuerim,
2479 3358 2664 3414 sciunt
2699 3374 2891 3415 omnes
2921 3362 3017 3431 qui
3063 3361 3318 3419 habitant
3354 3365 3413 3419 in

1823 3444 2067 3502 Oriente.

1893 3539 2013 3595 Prae
2041 3539 2302 3595 omnibus
2343 3550 2528 3597 autem
2559 3557 2778 3597 sacrum
2800 3545 3027 3615 Deoque
3056 3545 3285 3601 charum
3315 3546 3435 3603 ca-'

1823 3639 1923 3701 put
1970 3639 2216 3685 vestrum
2260 3633 2519 3697 obsecro,
2558 3641 2620 3688 ut
2661 3635 2927 3704 precibus
2962 3636 3099 3692 mibi
3153 3652 3315 3707 opem
3354 3647 3412 3692 et

1824 3721 2090 3776 auxilium
2141 3720 2304 3776 ferat.
2342 3721 2468 3777 llaec
2506 3739 2605 3791 per
2643 3726 3140 3783 reverendissimos
3183 3730 3411 3800 Deoquc

1822 3811 2179 3867 charissimos
2221 3812 2595 3884 presbyteros,
2657 3813 2952 3886 Hypatium
2992 3826 3049 3872 et
3086 3819 3414 3875 Abramium

1824 3905 2274 3974 chorepiseopos,
2316 3917 2372 3959 et
2409 3904 2664 3977 Alypium
2706 3908 3109 3963 monachorum
3141 3912 3236 3981 qui
3265 3914 3413 3982 apud

1824 4010 1927 4050 nos
1981 4003 2111 4049 sunt
2162 3995 2462 4050 exarchum
2523 3994 2804 4049 sanctitati
2852 3990 3052 4051 vestrae
3102 4001 3349 4070 διιεςοεεί
3394 4019 3408 4055 :

1825 4085 2275 4156 quandoquidem
2322 4102 2391 4141 ne
2436 4086 2504 4140 ad
2544 4102 2644 4141 vos
2692 4087 3085 4143 contenderem
3134 4091 3413 4161 regiarum

1824 4176 2137 4233 litterarum
2178 4178 2399 4233 vincula
2436 4179 2811 4243 retinuerunt,
2852 4180 3316 4250 quemadmodum
3353 4192 3414 4239 et

1826 4268 1981 4322 alios.
2008 4269 2077 4324 Et
2108 4258 2459 4325 sanctitatem
2492 4281 2733 4325 vestram
2757 4286 2877 4335 oro,
2912 4281 2973 4326 ut
2997 4280 3054 4327 et
3077 4283 3307 4342 paterno
3327 4276 3413 4330 af-

1827 4359 1973 4414 fectu
2022 4360 2148 4415 illos
2195 4360 2404 4426 videat,
2456 4370 2511 4416 et
2548 4363 2791 4418 sinceras
2840 4378 3006 4418 aures
3056 4373 3269 4420 vestras
3303 4366 3445 4422 illis

140 4454 315 4517 ἀκοὰς
349 4453 600 4524 εὐμενεῖς
642 4453 826 4515 αὑτοῖς
864 4453 1188 4522 παρασχεῖνκ
1224 4451 1317 4505 καὶ
1354 4450 1415 4505 τὸ
1454 4468 1718 4522 συκοφαν-

1826 4450 2094 4521 benignas
2147 4451 2411 4521 przebeat,
2450 4460 2507 4507 et
2555 4451 2848 4507 calumniis
2886 4461 3137 4508 vexatam
3179 4470 3245 4509 ac
3291 4456 3415 4532 sine

142 4547 408 4614 τούμενον
445 4545 539 4597 καὶ
588 4542 767 4613 μάτην
824 4541 1232 4612 πολεμούμενόν
1277 4558 1379 4612 μου
1415 4542 1594 4613 γῆρας
1621 4543 1723 4612 τῆς

142 4635 420 4703 ὑμετέρας
454 4631 685 4699 ἀξιῶσαι
721 4630 1068 4701 κηδεμονίας,
1108 4630 1205 4684 καὶ
1234 4630 1341 4700 πρὸ
1378 4631 1597 4684 πάντων
1627 4632 1726 4702 τῆς

143 4722 672 4794 ὲπιδεδουλευμένης
706 4721 943 4786 πίστεως
986 4723 1153 4792 παντὶ
1197 4722 1370 4776 σθένει
1419 4723 1723 4795 φροντίσαι,

144 4817 239 4869 καὶ
281 4814 525 4885 ιρυλαξαι
568 4817 689 4879 ταῖς
717 4813 1065 4884 Ἐκκλησίαις
1099 4814 1191 4867 τὸν
1234 4814 1485 4885 πατρῷον
1525 4814 1727 4883 κλῆρον

143 4910 445 4980 ἀκήρατον·
484 4905 573 4960 τνα
603 4904 698 4959 καὶ
724 4903 824 4968 τὰς
852 4903 973 4959 ἀντὶ
1002 4905 1207 4959 τούτων
1240 4904 1542 4969 ἀντιδόσεις
1569 4905 1727 4975 δέξηι

141 5015 232 5054 ται
270 4996 425 5068 ὑμῶν
465 4999 500 5067 ἡ
535 4996 758 5067 ἁγιότης
799 4995 949 5066 παρὰ
974 4992 1071 5047 τοῦ
1104 4993 1479 5066 μεγαλοδώρου
1522 4994 1725 5047 Δεσπό-

144 5108 240 5146 του

365 5243 949 5395 ἕέῗωιμόὲωιξιίοτει
987 5328 1018 5367 a
1059 5311 1224 5395 εἰναι.
1270 5311 1362 5381 qui
1402 5312 1731 5395 pau]o_.post

145 5381 388 5441 habebat
416 5381 495 5447 ὥς
531 5385 732 5438 ἴσασιν.
789 5382 1103 5437 Lectionem
1160 5381 1327 5451 Neap.
1373 5391 1430 5436 et
1479 5381 1726 5436 Vatican.

146 5454 291 5525 apud
318 5454 621 5525 rliegvetum
648 5460 707 5525 et
734 5452 933 5525 Baron.
965 5453 1081 5522 ipse
1120 5466 1316 5525 sensus
1342 5452 1602 5525 postulat.

217 5522 335 5595 (77)
381 5521 519 5580 Cum
560 5522 697 5579 vitio
743 5521 1151 5595 typothetarnm
1200 5521 1495 5577 excidisset
1548 5530 1730 5577 extre-

1827 4556 1992 4596 eausa
2016 4540 2391 4611 impugnatam
2416 4532 2758 4599 senectutem
2790 4554 2969 4599 meam
2996 4544 3183 4601 studio
3202 4531 3415 4622 mea.

1826 4632 2071 4687 videntia
2094 4641 2277 4687 vestra
2306 4633 2584 4705 dignetur,
2622 4644 2738 4689 tum
2773 4644 2902 4691 ante
2938 4638 3124 4692 omnia
3160 4626 3287 4693 fidei
3324 4640 3414 4694 in-

1827 4723 1985 4778 sidiis
2017 4724 2273 4794 appetita:
2294 4739 2458 4794 quam
2482 4726 2775 4780 maximam
2800 4734 2985 4795 potest
3010 4742 3211 4783 curam
3233 4739 3412 4800 gerat,

1826 4815 2641 4885 paternamque-btereditatem
2689 4816 2952 4872 Ecclesiis
2996 4800 3273 4890 integram.
3312 4801 3420 4877 cui.

1830 4905 2054 4970 stodiat,
2090 4913 2153 4960 ut
2182 4921 2285 4977 pro
2309 4906 2398 4962 his
2429 4907 2597 4961 etiam
2627 4917 2846 4978 paratas
2879 4910 3357 4966 remunerationes
3382 4894 3432 4967 af

1830 4997 2093 5053 muniﬁco
2137 5006 2194 5054 et
2239 4997 2456 5053 liberali
2497 4998 2732 5055 Domino
2785 5001 3048 5057 sanctitas
3097 5010 3278 5057 vestra
3325 4987 3414 5058 re?

1833 5088 2021 5157 cipiat.

1835 5243 2161 5319 mnm_ve_r_bi
2195 5245 2597 5319 αὐθαίρετον-ει
2624 5246 2842 5319 initium
2871 5249 3155 5317 sequentis
3182 5250 3434 5319 ὴσπασ...

1832 5327 1955 5386 qua:
1989 5311 2144 5369 facile
2173 5311 2372 5386 sarciri
2409 5316 2770 5386 conjectando
2816 5311 3091 5386 poterant,
3124 5319 3171 5373 si
3200 5311 3284 5373 vel
3329 5335 3419 5373 ca-

1831 5383 2135 5451 ruissemus
2189 5384 2461 5440 beneﬁcio
2509 5383 2717 5441 codicis
2758 5383 3238 5451 Vindobonensis;
3292 5388 3416 5442 Bal-

1833 5450 2016 5572 leérinii
2048 5454 2189 5508 male
2220 5455 2617 5526 rescripseram
2661 5457 2797 5511 am
2830 5458 2926 5528 τὴν
2966 5450 3278 5529 αὐτομάτην
3320 5474 3417 5512 πε-

1836 5537 1864 5572 ν
1888 5539 1980 5572 αν.

1836 5537 1953 5575 νιαν
1966 5563 1980 5578 .

3262 341 3423 410 1313’
3514 329 3521 336 ’
