4078 6320
701 315 830 381 1319

1732 309 2219 379 THEODORETI
2257 308 2595 369 EPISCOPI
2632 305 2996 370 CYRENSIS

3843 286 3977 348 13'20

1555 436 1716 491 CXIII
1748 438 1844 491 bis.
1878 467 1948 476 —-—
1982 435 2092 505 (78)
2122 450 2169 489 s.
2203 447 2385 487 ιεωιιε
2413 449 2555 487 pars
2584 450 2648 486 an
2677 444 3075 486 τιιεοοοιετυι.

770 578 980 649 1193
1016 576 1378 631 Dilectissimo
1416 574 1566 630 fratri
1605 575 1944 631 Theodorito
1969 576 2260 646 episcopo,
2294 580 2333 633 Α
2365 589 2474 627 non
2517 574 2837 637 crediderit,
2875 569 3335 627 condemnabitur
3363 570 3431 620 ”.
3468 585 3486 618 ι
3543 566 3700 621 Soiis
3735 566 3969 637 justiti:

694 670 807 728 Leo
842 671 1152 739 episcopus.

765 761 1157 817 Renieantibus
1214 758 1281 813 ad
1354 774 1455 813 nos
1520 754 1784 813 fratribus
1846 764 1901 810 et
1975 769 2261 811 consacer-

692 852 915 908 dotibus
947 852 1173 912 nostris,
1210 864 1349 919 quos
1382 849 1450 903 ad
1485 857 1734 903 sanctum
1776 845 2079 900 concilium
2107 844 2265 899 sedes

694 944 839 999 beati
894 943 1037 997 Petri
1089 941 1309 1003 direxit,
1358 941 1680 1010 agnovimus
1722 937 2070 991 dilectionem
2116 944 2263 988 tuam

694 1048 932 1103 superno
979 1032 1254 1102 adjutorio
1303 1030 1586 1083 nobiscum
1632 1036 1738 1082 tam
1776 1026 2114 1081 Nestorianaa
2160 1025 2263 1077 im-

692 1122 934 1194 pietatis,
975 1137 1138 1191 quam
1176 1121 1531 1191 Eutychianas
1578 1119 1832 1182 vesaniae,
1874 1117 2147 1172 exstitisse
2180 1117 2266 1171 vi-

692 1211 939 1267 ctricem.
967 1209 1121 1265 Unde
1146 1210 1444 1279 gloriamur
1472 1209 1526 1262 in
1549 1207 1779 1262 Domino
1799 1248 1813 1271 ,
1840 1222 1965 1261 cum
1992 1206 2265 1275 Propheta

692 1313 955 1357 canentes
981 1320 994 1355 :
1028 1322 1046 1352 ι
1074 1302 1420 1371 Adjutorium
1443 1310 1691 1355 nostrum
1714 1302 1770 1355 in
1790 1299 2011 1355 nomine
2028 1298 2261 1359 Domini,

690 1398 787 1468 qui
814 1397 944 1467 fecit
974 1397 1174 1451 coelum
1207 1404 1262 1449 et
1294 1403 1496 1447 terram
1533 1394 1600 1457 ",
1637 1412 1655 1443 ι
1697 1392 1791 1462 qui
1826 1392 2036 1446 nullum
2075 1404 2176 1442 nos
2208 1389 2264 1441 in

692 1485 896 1541 nostris
941 1484 1201 1541 fratribus
1245 1482 1636 1537 detrimentum
1677 1480 1951 1535 sustinere
1994 1475 2261 1547 permisit,

700 1577 796 1633 sed
835 1591 957 1646 quas
1002 1582 1190 1629 nostro
1228 1575 1383 1644 prius
1427 1572 1733 1628 ministerio
1776 1569 2086 1632 definierat,
2134 1566 2261 1620 uni-

692 1682 863 1723 versa
883 1665 1244 1719 fraternitatis
1267 1661 1655 1718 irretractabili
1678 1660 1913 1715 firmavit
1928 1672 2178 1721 assensu,
2198 1665 2258 1710 ut

690 1772 822 1813 vere
853 1773 884 1810 a
909 1772 967 1811 se
998 1754 1267 1826 prodiisse
1303 1753 1638 1817 ostenderet,
1667 1750 1812 1820 quod
1840 1750 1994 1821 prius
2027 1764 2059 1802 a
2090 1748 2265 1818 prima

694 1846 940 1901 omnium
970 1846 1099 1900 sede
1128 1845 1420 1899 formatum
1443 1884 1455 1907 ,
1484 1843 1654 1897 totius
1676 1842 1973 1897 Christiani
1998 1839 2151 1895 orbis
2172 1840 2264 1910 ju-

2360 665 2547 734 jubar,
2571 666 2758 720 densis
2777 680 2874 734 per
2899 662 3179 717 Orientem
3208 660 3450 716 Nestorii
3478 667 3538 714 et
3566 659 3852 729 Eutychis
3878 676 3969 713 ne-

2366 753 2513 809 bulis
2549 754 2898 823 impeditum,
2948 767 3085 823 pure
3123 751 3193 805 ab
3235 750 3538 806 Occidente
3588 748 3962 818 resplenduit,

2368 845 2462 899 ubi
2509 846 2731 900 culmen
2779 860 3053 900 summum
3103 844 3159 897 in
3211 842 3476 913 apostolis
3516 848 3581 897 et
3626 841 3967 895 doctoribus

2366 933 2746 1003 principaliter
2777 932 3084 987 collocavit.
3128 922 3385 997 Quamvis
3414 944 3520 985 nec
3562 928 3686 983 illic
3720 942 3962 998 unquam

2366 1023 2607 1077 defuisse
2634 1022 2942 1077 credendus
2960 1023 3054 1085 sit,
3075 1037 3183 1091 quo
3205 1014 3555 1075 confessores
3575 1018 3689 1074 sibi
3710 1020 3964 1089 egregios

2368 1113 2671 1172 reservavit
2706 1131 2720 1168 :
2755 1115 2830 1168 ita
2854 1122 2935 1178 ut,
2966 1112 3097 1166 dum
3126 1112 3307 1166 denuo
3332 1120 3641 1164 conaretur
3658 1108 3852 1163 hostis
3868 1124 3965 1162 au-

2374 1206 2578 1274 tiquus,
2606 1220 2707 1273 per
2735 1202 2963 1258 secundi
2990 1202 3290 1257 Pharaonis
3315 1201 3683 1271 impmnitens
3705 1214 3811 1254 eor
3839 1198 3957 1253 ﬁdei

2367 1295 2599 1350 Abrahaz
2628 1309 2817 1349 semen
2849 1303 2905 1349 et
2930 1293 3071 1349 filios
3102 1290 3545 1361 repromissionis
3574 1290 3955 1360 exstinguere,

2364 1384 2477 1438 Deo
2512 1385 2831 1447 miserante,
2866 1364 3243 1452 languescens,
3274 1380 3380 1434 nisi
3415 1378 3548 1443 sibi,
3576 1393 3799 1433 nocere
3826 1379 3957 1432 nihil

2366 1484 2568 1545 posset.
2602 1476 2679 1529 De
2712 1490 2821 1543 quo
2848 1483 2903 1529 et
2940 1472 3074 1527 illud
3100 1472 3449 1541 omnipotens
3470 1470 3805 1525 mirabilius
3828 1471 3953 1542 egit,

2366 1565 2496 1635 quia
2529 1572 2585 1620 et
2611 1581 2751 1634 quos
2774 1565 2880 1619 sibi
2906 1565 3087 1619 socios
3123 1562 3190 1617 ad
3232 1560 3516 1617 lsraelitici
3545 1561 3752 1633 populi
3786 1560 3956 1618 cide:

2367 1658 2658 1720 asciverat,
2699 1673 2808 1711 non
2844 1671 2969 1711 cum
3012 1654 3318 1727 tyrannidis
3351 1664 3587 1709 auctore
3629 1654 3951 1715 submersit,

2365 1746 2463 1801 sed
2494 1762 2619 1802 cum
2653 1762 2756 1801 suo
2796 1745 3001 1817 p0pulo
3037 1743 3407 1815 congregavit,
3444 1750 3518 1808 et,
3569 1741 3725 1797 sicut
3768 1758 3953 1798 revera

2368 1854 2427 1893 se
2452 1838 2700 1909 dignum,
2733 1847 2789 1893 et
2819 1837 2920 1892 soli
2948 1837 3054 1911 sibi
3090 1836 3349 1907 possibile
3389 1835 3514 1889 fons
3548 1834 3955 1889 misericordia:

692 1938 899 1994 dicium
932 1937 1245 2007 recepisset,
1272 1944 1335 1989 ut
1362 1936 1414 1989 in
1441 1934 1547 1989 hoc
1568 1948 1787 2004 quoque
1811 1932 1978 2001 capiti
2010 1931 2260 1986 membra
2299 1923 2337 1977 Β
2366 1934 2616 1992 noverat,
2640 1928 2818 1981 victos
2840 1942 2871 1980 a
2889 1924 3052 1983 nobis
3071 1924 3358 1980 nobiscum
3380 1923 3512 1979 fecit
3534 1937 3665 1977 esse
3687 1924 3949 1978 victores.

692 2028 1029 2085 concordent
1064 2044 1079 2079 :
1113 2026 1169 2080 in
1208 2040 1320 2095 quo
1352 2024 1587 2093 amplior
1638 2022 1799 2077 nobis
1837 2019 2103 2076 accrescit
2134 2034 2263 2089 gau-

692 2119 855 2174 dendi
883 2117 1128 2181 materia,
1158 2116 1289 2170 dum
1326 2124 1477 2170 tanto
1510 2114 1681 2184 magis
1714 2128 1772 2167 se
1811 2110 2047 2182 perculit
2076 2109 2261 2163 inimi-

690 2226 809 2277 cus,
837 2219 1042 2281 quanto
1070 2216 1262 2264 contra
1294 2206 1496 2262 Christi
1536 2205 1818 2258 ministros
1850 2202 2049 2258 sazvius
2081 2202 2263 2255 insur-

691 2302 854 2357 rexit.
875 2300 1011 2355 Nam
1034 2314 1102 2353 ne
1127 2298 1358 2353 aliarum
1380 2296 1594 2350 sedium
1617 2293 1681 2347 ad
1703 2307 1845 2355 eam,
1869 2305 2032 2359 quam
2053 2288 2263 2344 caneris

691 2393 950 2448 omnium’
967 2391 1230 2446 Dominus
1262 2387 1456 2442 statuit
1489 2384 1805 2455 praesidere,
1842 2396 2141 2438 consensus
2172 2393 2261 2433 as—

693 2481 929 2537 sentatio
972 2478 1279 2543 videretur,
1344 2483 1439 2529 aut
1491 2476 1596 2529 alia
1653 2473 1912 2543 qualibet
1962 2471 2262 2540 subrepere

693 2580 877 2644 posset
904 2571 1132 2626 adversa
1169 2566 1432 2638 suspirio,
1464 2563 1672 2619 inventi
1709 2563 1863 2633 prius
1900 2569 2029 2617 sunt
2064 2561 2159 2631 qui
2192 2559 2261 2614 de

688 2665 916 2737 judiciis
940 2661 1146 2717 nostris
1168 2659 1529 2729 ambigerem.
1550 2657 1619 2711 Et
1638 2654 1769 2709 dum
1793 2653 2068 2717 nonnulli,
2096 2668 2126 2706 a
2151 2651 2262 2707 dis-

691 2754 962 2810 sensionis
986 2752 1195 2824 incitati
1226 2758 1472 2812 auctore,
1503 2748 1569 2802 ad
1595 2747 2093 2802 contradictionum
2120 2745 2261 2800 bella

689 2844 1004 2914 prosiliunt,
1042 2841 1110 2896 ad
1141 2841 1315 2911 majus
1350 2839 1586 2903 bonum,
1619 2838 1762 2891 malo
1787 2837 1907 2908 ejus
1936 2844 2161 2890 auctore
2183 2843 2263 2888 to-

691 2929 802 2984 tius
839 2929 1101 2983 bonitatis
1135 2928 1507 2997 dispensante,
1542 2932 1866 2995 perventum
1899 2932 2004 2979 est.
2040 2923 2262 2980 Dulcius

692 3018 964 3089 siquidem
989 3034 1215 3072 munera
1240 3017 1427 3086 gratia:
1449 3016 1645 3070 divinae
1667 3014 2017 3086 proveniunt,
2045 3012 2262 3083 quoties

692 3124 803 3161 non
839 3109 954 3161 sine
984 3108 1193 3177 magnis
1232 3106 1526 3161 sudoribus
1552 3106 1915 3176 acquiruntur
1946 3120 1960 3155 :
1988 3110 2042 3156 et
2080 3102 2262 3156 minus

690 3200 897 3253 bonum
921 3199 1095 3253 videri
1122 3198 1261 3252 solet
1278 3214 1379 3268 pax
1409 3197 1726 3251 continuata
1746 3211 1845 3265 per
1868 3196 2061 3258 otium,
2097 3209 2260 3263 quam

691 3288 907 3343 reddita
935 3304 1033 3359 per
1064 3288 1328 3342 laborem.
1357 3288 1474 3356 Ipsa
1501 3302 1719 3357 quoque
1746 3286 1951 3340 veritas
1978 3293 2033 3339 et
2058 3284 2260 3339 clarius

692 3378 995 3441 renitescit,
1026 3386 1083 3431 et
1106 3376 1302 3431 fortius
1324 3377 1615 3441 retinetur,
1652 3376 1782 3430 dum
1806 3390 1928 3445 qua:
1954 3373 2090 3429 ﬁdes
2110 3374 2261 3444 prius

691 3470 976 3533 docuerat,
1013 3470 1127 3524 haec
1153 3478 1337 3539 postea
1367 3468 1699 3523 examinatio
1732 3466 2089 3521 confirmavit.
2126 3465 2261 3517 Mul-

692 3568 808 3612 tum
861 3559 1099 3628 denique
1148 3558 1502 3613 sacerdotalis
1559 3556 1722 3610 ofﬁcii
1771 3556 2028 3609 meritum
2083 3554 2264 3622 splen-

690 3651 885 3713 descit,
927 3651 1021 3704 ubi
1055 3651 1134 3704 sic
1170 3663 1509 3703 summorum
1545 3656 1793 3701 servatur
1828 3646 2125 3699 auctoritas
2147 3684 2161 3707 ,
2203 3652 2264 3697 ut

692 3738 748 3792 in
781 3737 933 3791 nullo
975 3736 1296 3791 inferiorum
1323 3744 1546 3805 putetur
1584 3734 1869 3787 imminuta
1903 3718 2129 3803 libertas
2163 3750 2174 3782 :
2207 3741 2263 3785 et

688 3828 759 3883 ad
806 3829 1067 3898 majorem
1113 3828 1210 3880 Dei
1260 3826 1489 3895 gloriam
1537 3824 1752 3893 proﬁcit
1803 3822 1926 3875 finis
1974 3820 2259 3885 examinis,

693 3918 911 3988 quando
936 3918 1003 3972 ad
1031 3917 1134 3972 hoc
1158 3931 1215 3971 se
1239 3915 1438 3984 accipit
1460 3913 1719 3969 exerendi
1748 3912 1965 3975 fiducia,
1990 3920 2053 3965 ut
2075 3910 2261 3964 vinca-

691 4022 782 4064 tur
814 4006 1135 4071 adversitas,
1164 4021 1233 4060 ne
1267 4004 1413 4074 quod
1439 4020 1535 4074 per
1561 4021 1617 4058 se
1654 4003 1917 4073 probatur
1945 4002 2262 4072 reprohum,

690 4099 893 4155 silentii
932 4096 1250 4167 prmjudicio
1278 4096 1530 4148 videatur
1560 4108 1902 4171 oppressum.

760 4190 985 4245 Exsulta
1019 4189 1205 4258 igitur,
1236 4187 1554 4241 charissime
1586 4185 1774 4247 frater,
1804 4192 1860 4237 et
1890 4182 1947 4239 in
1976 4183 2140 4236 unico
2166 4182 2264 4236 Dei

693 4281 829 4336 Filio
864 4280 1037 4333 victor
1065 4278 1298 4331 cxsulta.
1335 4276 1476 4331 Vicit
1498 4290 1596 4345 per
1624 4289 1724 4328 nos
1752 4273 1841 4335 ille
1874 4288 1974 4342 pro
1999 4287 2077 4336 se,
2109 4271 2266 4341 cujus

688 4371 871 4427 carnis
901 4370 1101 4425 veritas
1134 4368 1435 4439 negabatur
1468 4385 1480 4420 :
1512 4366 1645 4419 vicit
1682 4381 1782 4434 per
1813 4380 1914 4419 nos
1946 4372 2003 4419 et
2037 4378 2139 4433 pro
2166 4379 2268 4417 no-

690 4463 777 4517 his
813 4452 923 4527 ille,
950 4462 1039 4515 cui
1085 4460 1336 4514 vicimus.
1377 4457 1627 4514 Secunda
1675 4466 1760 4511 est
1799 4464 1923 4525 post
1970 4454 2264 4508 adventum

2364 2018 2501 2072 Nam
2526 2016 2655 2071 dum
2688 2017 2841 2073 solus
2871 2031 3000 2071 vere
3031 2017 3104 2071 sit
3124 2016 3351 2070 humani
3380 2017 3608 2085 generis
3633 2017 3824 2072 hostis
3849 2018 3954 2087 spi-

2366 2109 2507 2163 ritus
2531 2106 2745 2180 119‘
2762 2106 3039 2173 falsitatis,
3058 2121 3249 2161 omnes
3270 2105 3338 2159 de
3358 2106 3453 2161 illo
3463 2107 3580 2176 jam
3607 2108 3950 2178 triumphare

2364 2216 2473 2256 non
2502 2199 2733 2255 dubium
2759 2208 2862 2264 est,
2897 2214 3037 2269 quos
3062 2198 3167 2253 sibi
3195 2197 3401 2252 veritas
3432 2198 3769 2254 vindicavit.
3799 2200 3949 2254 Nune

2364 2307 2591 2361 prorsus
2637 2292 2728 2346 illa
2768 2290 3156 2361 Redemptoris
3185 2292 3360 2345 nostri
3403 2290 3577 2355 dicta,
3623 2307 3802 2361 quam
3844 2293 3949 2346 sint

2364 2383 2562 2438 divinae
2605 2384 2969 2447 auctoritatis,
3024 2392 3274 2453 apparet,
3323 2382 3455 2436 dum
3514 2365 3717 2436 contra
3765 2383 3947 2436 hostes

2364 2476 2491 2531 fidei
2522 2476 2600 2531 sic
2627 2484 2905 2545 aptantur,
2939 2483 3001 2528 ut
3027 2474 3096 2529 de
3138 2474 3272 2543 ipsis
3297 2472 3506 2526 dictum
3534 2488 3664 2526 esse
3690 2472 3945 2527 dubitare

2365 2583 2477 2622 non
2502 2569 2684 2623 liceat.
2720 2586 2739 2617 ι
2769 2566 2900 2638 Yos,
2936 2566 3137 2635 inquit,
3171 2580 3238 2619 ex
3269 2573 3423 2633 patre
3449 2562 3678 2618 diabolo
3705 2564 3865 2627 estis,
3895 2574 3946 2617 et

2363 2653 2638 2710 desideria
2662 2654 2838 2723 patris
2867 2654 3036 2708 vestri
3063 2653 3231 2707 vultis
3257 2652 3509 2723 implere.
3539 2652 3642 2707 Ille
3666 2651 3943 2707 homicida

2364 2745 2466 2799 fuit
2490 2746 2559 2800 ab
2590 2746 2767 2809 initio,
2795 2756 2852 2800 et
2884 2746 2939 2799 in
2966 2746 3196 2800 veritate
3222 2760 3333 2799 non
3370 2745 3542 2808 stetit,
3575 2744 3714 2813 quia
3744 2746 3943 2800 veritas

2363 2831 2420 2885 in
2447 2845 2514 2886 eo
2538 2847 2648 2887 non
2675 2840 2778 2887 est.
2812 2830 3044 2898 Quando
3072 2829 3316 2901 loquitur
3337 2831 3715 2897 mendacium,
3740 2848 3812 2887 ex
3837 2833 3943 2887 suis

2362 2921 2627 2991 loquitur,
2656 2922 2785 2991 quia
2808 2922 3045 2976 mendax
3072 2930 3177 2985 est,
3206 2930 3263 2975 et
3285 2930 3438 2991 pater
3460 2922 3582 2991 ejus
3603 2923 3667 2974 ".
3689 2942 3711 2974 ι

2430 3012 2578 3066 Nihil
2623 3028 2754 3089 ergo
2785 3012 3098 3067 mirandum
3131 3021 3216 3067 est
3257 3011 3403 3081 quod
3445 3011 3526 3076 hi,
3568 3012 3668 3081 qui
3708 3013 3771 3067 in
3801 3015 3933 3069 veri—

2362 3109 2473 3156 tate
2516 3102 2615 3156 Dei
2663 3110 2866 3157 nostra:
2907 3112 3119 3157 natura
3159 3101 3505 3156 mendacium
3552 3102 3939 3163 crediderunt,

2364 3192 2504 3262 patri
2530 3208 2633 3247 suo
2664 3202 2721 3247 et
2755 3195 2903 3248 circa
2928 3194 3036 3259 ista
3061 3192 3420 3258 concordant,
3442 3193 3720 3264 quidquid
3746 3198 3940 3257 visum,

2363 3285 2631 3355 quidquid
2671 3284 2943 3349 auditum,
2988 3284 3259 3355 quidquid
3296 3285 3533 3354 denique
3580 3294 3725 3340 teste
3774 3288 3943 3341 Erat:-

2361 3375 2503 3445 gelio
2523 3383 2724 3430 tactum
2759 3366 2843 3430 est
2861 3384 3026 3445 atque
3061 3375 3339 3445 palpatum
3371 3375 3426 3429 in
3454 3376 3624 3429 unico
3656 3376 3760 3431 Dei
3791 3378 3938 3439 ﬁlio,

2361 3481 2470 3518 non
2500 3466 2621 3535 ejus
2652 3466 2809 3537 cujus
2844 3466 3138 3535 probatum
3178 3474 3264 3521 est
3291 3475 3625 3531 asserentes,
3672 3468 3775 3522 sed
3805 3484 3938 3523 coae-

2364 3562 2534 3609 ternre
2553 3564 2610 3609 et
2631 3554 3009 3609 eoessentialis
3029 3555 3179 3610 Patri
3203 3554 3371 3609 fuisse
3394 3555 3726 3611 substantiae
3754 3576 3766 3609 :
3790 3559 3940 3627 quasi

2364 3656 2457 3699 aut
2488 3646 2800 3717 divinitatis
2829 3656 3024 3700 natura
3059 3647 3241 3702 crucis
3265 3648 3415 3716 ligno
3436 3647 3698 3702 transﬁxa
3736 3650 3829 3715 sit,
3854 3662 3937 3705 aut

2364 3738 2805 3794 inconvertibilis
2832 3753 3084 3793 crescere
3117 3752 3218 3806 per
3253 3746 3461 3799 aetates,
3496 3747 3552 3792 et
3587 3738 3645 3792 in
3676 3740 3936 3809 sapientia

2365 3827 2630 3899 proﬁcere
2650 3828 2917 3898 sapientia
2939 3828 3295 3896 sempiterna,
3319 3828 3404 3881 vel
3428 3828 3640 3898 Spiritu
3663 3830 3835 3895 Deus,
3852 3833 3937 3901 qui

2365 3915 2590 3984 spiritus
2610 3924 2716 3979 est,
2740 3914 2973 3970 subinde
2998 3916 3197 3985 repleri
3221 3917 3483 3984 potuerit.
3507 3918 3567 3971 In
3594 3918 3701 3973 hoc
3727 3936 3935 3991 quoque

2365 4023 2421 4062 se
2451 4000 2648 4062 acerba
2678 4008 2899 4063 vesania
2924 4023 2999 4087 ex
3019 4024 3128 4077 quo
3159 4017 3383 4063 auctore
3412 4013 3715 4066 accesserit
3744 4013 3936 4081 prodit,

2364 4097 2509 4165 quod
2532 4106 2805 4166 quantum
2822 4097 2876 4150 in
2896 4112 2955 4152 se
2971 4106 3072 4161 est,
3094 4098 3363 4153 universis
3387 4115 3588 4155 nocere
3623 4102 3814 4158 molita
3840 4115 3932 4159 est.

2366 4186 2500 4240 Nam
2532 4186 2626 4255 qui
2656 4201 2754 4241 vos
2790 4188 3175 4257 persequendo
3206 4187 3416 4255 afﬂixit,
3448 4197 3683 4247 cateros
3709 4193 3780 4247 ad
3813 4208 3933 4249 con-

2366 4292 2589 4331 sensum
2610 4279 2833 4333 sceleris
2855 4278 3184 4349 impellendo
3202 4266 3541 4350 depravavit.
3563 4280 3675 4337 Sed
3698 4295 3804 4340 nec
3823 4295 3931 4342 nos.

2364 4368 2493 4423 licet
2545 4369 2602 4422 in
2654 4369 2885 4439 singulis
2931 4368 3215 4447 fratribus,
3268 4371 3398 4441 quia
3446 4373 3701 4428 membra
3757 4386 3932 4430 nostra

2367 4471 2516 4523 sunt,
2548 4460 2911 4524 vulnerasset,
2948 4476 2978 4514 a
3018 4462 3237 4530 speciali
3272 4461 3465 4529 dolore
3500 4462 3637 4517 fecit
3660 4474 3928 4535 exceptos.

690 4553 907 4609 Domini
937 4554 1052 4606 1132c
1086 4551 1209 4605 orbi
1256 4550 1544 4605 festivitas.
1588 4547 1883 4604 Reddituin
1918 4547 2118 4601 saeculo
2155 4553 2260 4609 est,
2294 4562 2340 4619 ι)
2367 4550 2569 4619 quibus
2614 4566 2756 4604 nova
2810 4558 2866 4605 et
2908 4550 3155 4606 inaudita
3186 4552 3361 4621 prius,
3386 4538 3582 4623 'atque
3632 4554 3929 4611 incredibili

692 4644 951 4716 praedone
975 4651 1267 4713 prostrato,
1291 4640 1683 4696 incarnationis
1705 4639 1904 4694 divina:
1925 4636 2264 4709 mysterium,

690 4735 835 4805 quod
885 4733 1111 4789 humani
1160 4733 1378 4804 generis
1425 4731 1705 4795 inimicus,
1755 4729 1884 4799 quia
1925 4728 2094 4782 rebus
2137 4727 2271 4796 ipsis

690 4825 909 4880 auferre
948 4840 1054 4879 non
1092 4818 1343 4895 poterat,
1377 4822 1669 4877 calumniis
1710 4819 2061 4876 obscurabat.
2096 4818 2269 4885 Quin-

692 4916 802 4970 imo
825 4915 892 4969 ab
914 4913 1324 4969 incredulorum
1353 4911 1527 4967 corde
1550 4910 1791 4981 perierat
1820 4908 2129 4963 immortale
2157 4923 2274 4978 my-

691 5002 939 5064 sterium,
979 5002 1107 5070 quia
1138 5000 1277 5055 nihil
1314 4999 1540 5070 prodest
1578 5007 1725 5053 tanta
1760 4998 1909 5054 salus
1941 4996 2257 5061 incredulis,

693 5090 810 5161 ipsa
840 5090 1081 5145 Veritate
1114 5090 1229 5144 suis
1266 5086 1801 5156 dicente.discipulis
1832 5103 1845 5139 :
1884 5105 1902 5136 ι
1940 5085 2045 5151 Qui
2078 5085 2259 5140 credi-

690 5181 853 5247 derit,
889 5188 943 5236 et
978 5180 1286 5251 baptizatus
1315 5178 1504 5242 fuerit,
1550 5177 1734 5233 salvus
1760 5176 1867 5232 erit
1900 5195 1911 5230 :
1940 5176 2035 5247 qui
2075 5186 2257 5231 autem

2362 4640 2590 4696 audacia
2619 4640 2826 4697 inferre
2859 4651 3051 4696 contra
3086 4658 3246 4697 suum
3279 4653 3446 4713 caput
3484 4652 3570 4699 est
3602 4646 3833 4701 molitus
3856 4646 3927 4700 in-

2360 4732 2584 4802 juriam.
2611 4732 2718 4787 Sed
2742 4733 2953 4787 utinam
2971 4734 3054 4788 vel
3085 4743 3214 4803 post
3229 4741 3308 4788 tot
3324 4735 3562 4804 pessima
3586 4739 3927 4809 resipiscens

2366 4838 2611 4879 nonmos
2638 4824 2802 4880 etiam
2834 4824 2903 4878 de
2932 4839 3035 4879 suo
3066 4832 3288 4879 mterua:
3318 4825 3695 4883 damnationis
3717 4830 3928 4886 interitu

2369 4912 2768 4979 contristasset.
2792 4912 2963 4978 Quam
2988 4928 3303 4968 mensuram
3320 4914 3545 4970 sceleris
3568 4919 3926 4986 pratermisiL

2371 5003 2459 5057 cui
2501 5018 2570 5058 ne
2604 5003 2711 5060 hoc
2743 5002 2994 5070 sufﬁcere
3033 5006 3236 5083 potuit,
3263 5006 3411 5076 quod
3456 5022 3558 5062 nec
3588 5011 3605 5028 '
3641 5009 3789 5065 vivis
3818 5027 3927 5081 par-

2369 5091 2564 5155 cendo,
2595 5106 2699 5147 nec
2731 5093 2999 5157 mortuis,
3038 5095 3205 5149 etiam
3250 5095 3308 5148 in
3338 5096 3605 5165 sanguine
3637 5095 3928 5154 innocentis

2369 5189 2425 5234 et
2450 5180 2707 5235 catholici
2733 5182 3037 5239 sacerdotis
3056 5184 3294 5253 pollutas
3312 5184 3670 5255 jampridem,
3696 5187 3926 5242 abdicata

776 5336 815 5367 ”
852 5334 990 5390 Psal.
1022 5349 1201 5399 cxxtu,
1232 5334 1284 5389 8.
1361 5333 1407 5366 ’θ
1438 5332 1605 5387 Marc.
1636 5348 1746 5395 xvi,
1791 5331 1876 5386 16.
1951 5331 1995 5361 ’³
2026 5331 2182 5388 Joan.
2222 5349 2335 5397 Vl",
2374 5334 2462 5389 ιι.

767 5476 877 5547 (78)
905 5474 1042 5530 Cum
1071 5474 1394 5547 Sirmondus
1430 5474 1569 5528 hanc
1608 5473 2015 5547 S_.__Leonis_P.
2064 5472 2134 5547 hi.
2164 5490 2254 5547 re-

693 5542 1041 5616 sponsionem
1081 5545 1398 5615 subjecisset
1462 5555 1610 5597 tonio
1639 5544 1712 5616 IY_
1742 5544 1881 5616 Opp.
1912 5542 2261 5616 Theodoreti,

694 5611 764 5669 ne
793 5615 923 5685 quid
954 5616 1020 5668 ab
1050 5630 1116 5669 eo
1143 5611 1348 5685 editum
1388 5624 1588 5685 nostrre
1622 5612 1855 5685 editioni
1906 5611 2138 5685 deesset,
2183 5614 2265 5665 vi-

694 5680 825 5742 sum'
845 5693 929 5740 est
956 5699 1073 5738 eam
1104 5700 1225 5739 cum
1257 5680 1583 5738 Theodoreti
1616 5683 1812 5736 litteris
1849 5683 2199 5752 conjungere,
2231 5700 2260 5736 e

2363 5480 2683 5555 recensione
2714 5488 2897 5555 tamen,
2924 5482 3027 5555 FF.
3059 5483 3499 5555 Balleriniorum,
3530 5486 3628 5555 qui
3657 5501 3778 5542 eam
3814 5494 3922 5542 tan-

2370 5562 2533 5634 quam
2564 5551 2847 5634 epistolam
2882 5552 2984 5607 120
3012 5554 3306 5611 ediderunt
3342 5556 3491 5634 inter
3518 5551 3700 5625 Opera
3752 5557 3928 5612 Lemn:

2370 5616 2436 5670 Μ.
2474 5618 2536 5673 Τ.
2569 5616 2674 5689 1’ρ.
2709 5621 2845 5673 1218
2870 5638 2980 5689 seq.
