4078 6320
211 394 350 464 1325

1534 412 1651 471 ΕΗ
1664 410 1894 472 STOLA
1934 415 2166 483 CXVII.

3345 439 3482 506 1321i

208 512 490 586 μεμένηκε
541 517 805 583 δυσωδίας
849 520 1114 593 ἀμύητος,
1169 527 1264 578 καὶ
1315 525 1489 590 οὐδεὶς
1535 528 1758 581 τάναντὶ

208 602 423 624 u--.._’.,.
465 604 545 624 ,ΩΑ
592 605 631 624 ιε
665 607 751 624 ,v,
826 607 839 624 9
905 607 953 624 In
1145 613 1216 624 ιιι
1246 612 1257 624 ι
1341 615 1352 624 ι
1443 616 1454 624 .
1639 615 1652 624 ι
1736 618 1747 624 -

1863 575 1868 586 ,
1899 528 1993 583 sed
2017 533 2373 599 apostolicam
2399 536 2627 606 gratiam
2659 537 2924 613 integram
2956 554 3323 610 conservavit.
3351 557 3484 624 Qua:

202 602 423 670 φρονῶν
463 604 545 665 είς
588 605 796 660 ἐκεῖνον
821 607 1100 670 ἐκάθισεν.
1133 612 1270 666 ἀλλὰ
1302 615 1402 684 τὴν
1430 615 1795 687 ἁποστολικὴν

201 689 367 760 χάριν
391 693 670 765 ἀκήρατον
705 696 1011 765 διεφύλαξε.
1064 701 1146 756 Τὰ
1185 703 1295 776 γὰρ
1329 707 1459 776 παρ’
1491 707 1645 776 ὑμῶν
1672 724 1793 779 xpe-

195 783 478 856 θησόμενα
507 789 823 859 στέρξομεν,
859 793 1020 847 ὁποῖα
1047 793 1110 848 ἂν
1140 791 1197 869 ᾖ,
1221 799 1286 868 τῇ
1321 797 1564 870 ὑμετέρα
1589 801 1793 852 δικαιο-

192 875 392 948 κρισία
423 877 754 948 θαρροῦντες
779 895 792 908 ⁸
821 884 916 938 καὶ
940 884 1196 956 ἀξιοῦμεν
1229 889 1337 940 ἀπὸ
1361 888 1467 942 τῶν
1497 890 1790 962 ἐγγράφων

191 966 476 1035 κριθῆναι.
514 967 739 1034 Πλείους
780 971 890 1042 γὰρ
926 973 958 1044 ἢ
993 977 1286 1045 τριάκοντα
1341 979 1657 1049 συνέγραψα
1705 980 1788 1050 βί-

193 1055 380 1117 ϐλους,
410 1058 552 1110 κατὰ
573 1059 786 1132 Ἀρείου
821 1063 915 1116 καὶ
945 1065 1231 1134 Εύνομίου,
1265 1068 1406 1121 κατὰ
1437 1071 1783 1140 Μαρκίωνος,

193 1147 343 1199 κατὰ
375 1149 734 1214 Μακεδονίου,
779 1153 921 1207 κατὰ
968 1154 1259 1227 Ἑλλήνων,
1287 1152 1442 1213 ’κατὰ
1492 1161 1781 1214 Ἰουδαίων·

190 1239 522 1308 ἡρμήνευσα
568 1242 624 1294 δὲ
661 1244 756 1296 καὶ
788 1244 888 1314 τὴν
920 1245 1070 1298 θείαν
1097 1247 1339 1318 Γραφήνο
1366 1252 1461 1304 καὶ
1493 1253 1672 1323 ῥᾴδιον
1706 1253 1783 1324 τῷ

189 1325 506 1400 βουλομένῳ
532 1333 891 1403 καταμαθείν,
920 1335 996 1399 ὡς
1028 1341 1138 1400 τοῖς
1177 1340 1556 1404 ἁποστολικοϊς
1581 1343 1782 1413 ἴχνεσιν

185 1415 559 1485 ἠκολούθησα,
601 1420 696 1472 ἕνα
742 1423 1027 1492 κηρύττων
1077 1425 1223 1492 Υίὺν,
1263 1427 1340 1491 ὡς
1387 1429 1482 1483 ἕνα
1538 1433 1776 1504 Πατέρα,

185 1506 290 1557 καὶ
339 1505 397 1559 ἓν
455 1507 609 1574 ἆγιον
666 1511 907 1582 Πνεῦμα·
950 1514 1079 1584 μίαν
1124 1516 1223 1585 τῆς
1256 1519 1486 1588 Τριάδος
1525 1521 1774 1594 οεὸτητα,

182 1596 323 1664 μίαν
359 1596 658 1666 βασιλείαν.
693 1602 823 1670 μίαν
867 1604 1138 1671 ἐξουσίαν,
1170 1608 1467 1681 άῖδιότητα,
1511 1615 1777 1684 ἀτρεπτό-

181 1701 350 1752 τητα,
381 1687 673 1753 ἀπάθειαν,
706 1691 765 1746 ἓν
799 1692 1034 1766 θέλημα,
1064 1697 1275 1752 τελείαν
1302 1700 1394 1754 τοῦ
1420 1703 1626 1772 Κυρίου
1670 1707 1775 1776 Ἰη-

182 1775 287 1828 σοῦ
317 1779 553 1848 Χριστοῦ
583 1782 681 1848 τὴν
709 1784 963 1855 θεότητα,
994 1789 1204 1842 τελείαν
1224 1792 1329 1861 ,τὴν
1354 1792 1768 1866 ἀνθρωπὸτητα,

175 1867 286 1939 τὴν
317 1869 403 1924 διὰ
436 1872 532 1943 τὴν
555 1876 830 1947 ἡμετέραν
859 1881 1134 1952 σωτηρίαν
1158 1883 1474 1953 ληφθεῖσαν,
1506 1889 1599 1940 καὶ
1631 1889 1759 1959 ὑπὲρ

1872 1898 2211 1967 manitatem,
2236 1919 2357 1972 qua:

176 1962 344 2030 ἡμῶν
383 1964 461 2034 τῷ
491 1965 706 2038 θανάτῳ
736 1969 1156 2040 παραδοθεῖσαν.
1187 1975 1301 2028 Οὐκ
1342 1977 1501 2030 ἄλλον
1532 1973 1650 2033 οἶδα
1681 1980 1771 2032 τὸν

183 2049 315 2102 Υἱὸν
350 2051 443 2104 τοῦ
483 2054 794 2125 ἀνθρώπου,
846 2060 942 2112 καὶ
973 2060 1131 2114 ἄλλον
1169 2064 1259 2116 τὸν
1302 2064 1428 2117 re»
1469 2066 1564 2118 τοῦ
1609 2067 1766 2120 Θεοῦ’

177 2139 320 2193 ἀλλὰ
347 2143 438 2195 τὸν
465 2146 647 2207 αὑτὸν,
677 2147 804 2200 Υἰὸν
834 2149 934 2218 μὲν
961 2150 1054 2204 τοῦ
1089 2152 1224 2206 Θεοῦ
1256 2156 1350 2208 καὶ
1381 2156 1511 2209 Θεὸν
1541 2160 1604 2210 ἐκ
1633 2159 1767 2212 Θεοῦ

174 2235 566 2304 γεγενημένον⁸
599 2237 726 2292 Υἱὺν
754 2239 808 2293 δὲ
840 2241 1150 2312 ἀνθρώπου,
1193 2245 1279 2300 διὰ
1302 2248 1398 2319 τὴν
1432 2251 1495 2302 ἐκ
1527 2252 1766 2322 σπέρμα-

172 2341 272 2387 τος
305 2327 555 2400 Ἀϐραὰμ
600 2332 692 2384 καὶ
739 2333 904 2387 Δαϐὶδ
938 2335 1235 2404 ληφθεῖσαν
1282 2338 1374 2391 τοῦ
1408 2341 1594 2395 δούλου
1630 2362 1765 2414 μορ·-

171 2416 307 2485 φήν.
345 2418 527 2472 Ταῦτα
559 2422 652 2474 καὶ
681 2422 751 2474 τὰ
779 2424 988 2488 τούτοις
1028 2429 1385 2500 παραπλήσια
1416 2430 1647 2485 διατελῶ
1687 2434 1765 2487 δι-

169 2506 412 2562 δάσκων.
450 2510 635 2565 Ταῦτα
665 2516 757 2567 καὶ
796 2518 853 2568 ὲν
880 2520 992 2580 τοῖς
1017 2519 1310 2590 γράμμασι
1339 2522 1429 2575 τοῦ
1456 2525 1760 2592 ἀγιωτάτου

171 2600 273 2652 καὶ
306 2601 602 2671 ὀσιωτάτου
634 2606 1064 2674 ἀρχιεπισκὸπου
1097 2609 1358 2664 δεσπότου
1400 2630 1502 2682 μου
1532 2615 1760 2681 Λέοντος

167 2684 333 2758 εὗρον
373 2692 687 2762 ἐγκείμενα,
731 2697 823 2748 καὶ
855 2696 946 2749 τὸν
980 2697 1089 2751 τῶν
1140 2701 1275 2753 ὅλων
1313 2702 1530 2774 ὕμνησα
1557 2709 1760 2760 Δεσπό-

163 2797 289 2847 την,
327 2781 408 2841 ὅτι
441 2785 555 2846 τοῖς
587 2785 965 2850 άποστολικοῖς
1003 2789 1164 2844 αὐτοῦ
1198 2793 1428 2864 δόγμασι
1459 2798 1752 2867 συμφωνεῖ).

161 2869 408 2937 Δέξασθέ
446 2892 547 2943 μου
578 2877 778 2940 τοίνυν,
814 2882 1138 2948 παρακαλῶ.
1164 2883 1263 2954 τὴν
1299 2887 1528 2950 ἱκεσίαν,
1561 2890 1653 2941 καὶ
1682 2893 1755 2959 μὴ

157 2964 435 3034 πιρίδητε
467 2965 811 3038 ἠδικημένον.
845 2971 1046 3025 Τούτου
1079 2974 1188 3045 γάρ
1218 2976 1281 3047 δὴ
1302 2978 1474 3049 ’χάριν
1508 2982 1597 3032 καὶ
1634 2984 1756 3046 τοὺς

164 3053 616 3121 θεοφιλεστάτους
669 3063 1073 3132 πρεσδυτέρους
1115 3067 1374 3125 ’Υπάτιον
1428 3072 1521 3123 καὶ
1557 3072 1754 3143 Ἀϐρά-

168 3163 291 3212 μιον
351 3148 478 3210 τοὺς
524 3153 1000 3221 κωρεπισκόπους,
1029 3157 1123 3209 καὶ
1184 3157 1434 3212 Ἀλύπιον
1473 3163 1582 3215 τῶν
1624 3167 1752 3235 παρ’

161 3237 300 3303 ἡμῖν
345 3238 688 3304 μοναζάντων
741 3241 831 3294 τὸν
868 3243 1115 3316 ἔξαρχον,
1149 3247 1286 3318 πρὸς
1328 3251 1426 3319 τὴν
1481 3253 1750 3325 ὑμετέραν
1779 3243 1820 3297 C

159 3325 443 3390 φιλοοεΐαν
511 3329 832 3398 ἀπέστειλα,
890 3334 990 3405 βίῳ
1067 3338 1164 3404 μὲν
1228 3339 1467 3413 λαμπρῷ
1518 3361 1754 3415 κοσμου-

165 3418 386 3488 μένους,
465 3423 808 3494 δυναμένους
869 3430 929 3482 δὲ
980 3433 1072 3484 καὶ
1114 3433 1206 3485 διὰ
1248 3436 1349 3503 τῆς
1394 3438 1641 3511 γλώττης
1685 3445 1928 3515 ἀκριϐῶς

158 3509 337 3563 λειαν.

448 3650 591 3706 PlZ'.
633 3683 703 3691 —
733 3656 1082 3725 Φλωρεντίῳ
1135 3661 1466 3728 ἐπισκόπῳ.

232 3759 309 3810 Οὐ
343 3761 623 3825 παντελῶς
672 3763 781 3832 ἄρα
819 3766 930 3819 τῶν
963 3769 1267 3840 ἀνθρώπων
1302 3774 1362 3826 τὸ
1393 3774 1550 3842 γένος
1591 3779 1623 3846 ἡ
1657 3779 1750 3831 τοῦ

147 3845 298 3909 «Θεοῦ
330 3848 424 3900 καὶ
463 3849 715 3920 Σωτῆρος
748 3854 908 3924 ἡμῶν
938 3859 1251 3913 ἐπιλέλοιπε
1280 3865 1460 3935 χάρις·
1508 3845 1623 3919 ἀλλὲ
1660 3871 1752 3936 ἐγ-

153 3938 454 3991 κατέλιπεν
477 3942 609 4009 ἡμῖν
638 3944 862 4017 σπέρμα
888 3948 986 4018 τὴν
1007 3951 1280 4019 ὑμετέραν
1305 3956 1636 4028 ἁγιωσύνην,
1664 3961 1749 4013 ἵνα

156 4027 252 4097 μὴ.
278 4028 357 4092 ὡς
390 4030 599 4101 Σόδομα
632 4035 956 4106 γενηθῶμεν
990 4041 1085 4094 καὶ
1117 4042 1419 4116 Γομόρροις
1462 4048 1742 4124 ὁμοιωθῶ-

203 4136 281 4172 εν.
316 4117 486 4175 Τοῦτο
533 4125 683 4193 ἡμᾶς
720 4125 1086 4199 ἀπαγορεύειν
1129 4136 1482 4190 παντάπασιν
1525 4141 1625 4194 οὐκ
1659 4142 1740 4212 ἐᾷ·

148 4209 294 4262 ἀλλὰ
339 4211 432 4264 τοῦ
481 4215 717 4283 χαλεποῦ
762 4220 1031 4289 χειμῶνος
1077 4226 1405 4296 προσμένειν
1444 4231 1544 4301 τὴν
1593 4230 1744 4286 λύσιν

149 4303 471 4371 παρεγγυᾷ-
508 4303 667 4358 τοῦτο
698 4306 845 4376 ἡμᾶς
871 4308 1160 4375 εὐέλπιδας
1211 4314 1602 4386 ἀπεργάζεται.
1648 4322 1747 4375 Διά

146 4406 237 4443 τοι
290 4391 450 4445 τοῦτο
503 4395 600 4448 καὶ
657 4398 785 4462 τοὺς
841 4400 1290 4471 θεοφιλεστάτους
1339 4411 1745 4484 πρεσϐυτέρους

159 4482 428 4535 ’Υπάτιον
479 4485 574 4538 καὶ
623 4486 921 4560 Ἀὁράμιον
963 4495 1090 4557 τοὺς
1125 4501 1590 4567 χωρεπισκόπους,
1650 4506 1743 4557 καὶ

162 4571 422 4625 ’Ᾱλύπιον
475 4573 584 4627 τῶν
642 4579 773 4647 παρ’
814 4581 944 4651 ἡμῖν
983 4585 1323 4653 μοναζόντιυν
1361 4589 1452 4643 τὸν
1489 4591 1742 4664 ἔξαρχον,

146 4660 294 4732 πρὸς
323 4663 423 4732 τὴν
453 4665 727 4737 ὑμετέραν
765 4669 1165 4744 ἀπεστείλαμεν
1197 4677 1485 4750 άγιότητα,
1520 4660 1606 4736 ἵνα
1642 4685 1740 4755 τὴν
1778 4746 1808 4755 _
1844 4705 2011 4751 tatem
2035 4700 2067 4753 d

146 4754 540 4824 ἐπισκήψασαν
562 4761 682 4822 ταίς
715 4760 816 4830 τῆς
857 4762 1152 4853 Ἀνατολῆς
1185 4746 1533 4842 Ἐκκλησίαις
1559 4746 1740 4828 διαλύ-
1776 4746 1817 4800 D

141 4861 285 4915 σητε
312 4850 632 4919 συμφοράν.
684 4852 795 4905 Καὶ
829 4853 1046 4924 πρῶτον
1081 4850 1180 4928 μὲν
1220 4862 1320 4931 τὴν
1345 4863 1551 4918 ἄνωθεν
1583 4869 1735 4938 παρὰ

142 4935 261 4988 τῶν
305 4937 466 5007 ίερῶν
493 4941 805 4995 ἀποστόλων
836 4947 1237 5016 παραδοθεῖσαν
1264 4955 1396 5023 ἡμῖν
1430 4958 1736 5029 κρατύνητε

142 5027 358 5090 πίστιν.
392 5030 486 5083 καὶ
513 5032 612 5102 τὴν
640 5033 1026 5091 ἐπαναστᾶσαν
1064 5040 1274 5112 αἵρεσιν
1319 5047 1730 5121 στηλιτεύσητε,

141 5116 245 5169 καὶ
292 5118 418 5182 τοὺς
461 5125 906 5194 παραχαράττειν
936 5127 1253 5197 τολμῶντας
1290 5134 1387 5204 τῆς
1410 5116 1734 5209 οἰκονομίας

139 5204 208 5257 τὸ
234 5206 496 5276 κήρυγμα
518 5212 809 5278 προφανῶς
839 5212 1174 5287 ἐξελέγξητε,
1202 5217 1391 5274 ἔπειτα
1417 5222 1474 5276 δὲ
1505 5204 1732 5280 καὶντὼν

142 5296 292 5368 ὑπὲρ
337 5299 436 5368 τῆς
481 5301 763 5367 εὐσεϐείας
810 5305 1233 5378 πολεμουμένων
1275 5313 1726 5390 ύπερμαχήσητε.

153 5386 332 5457 ’Υπὲρ
360 5387 470 5460 γὰρ
491 5390 590 5460 τῆς
618 5393 984 5466 άποστολικῆς
1018 5400 1273 5467 πίστεως,
1293 5386 1606 5474 ἁγιώτατοι,
1632 5386 1732 5482 τὴν

141 5476 332 5530 ἄδικον
357 5480 565 5552 ταύτην
604 5487 819 5556 σφαγὴν
849 5488 1243 5562 ὑπεμείναμεν,
1265 5496 1342 5558 ὡς
1366 5499 1474 5552 τῶν
1497 5501 1729 5572 εὐαγγε-

140 5567 312 5621 λικῶν
339 5570 624 5643 δογμάτων
646 5577 707 5630 ού
739 5580 1053 5650 προϊέμενοι
1085 5583 1182 5652 τὴν
1213 5587 1486 5658 ἀλήθειαν.
1522 5594 1730 5664 Πρέπει

141 5657 198 5710 δὲ
250 5660 404 5730 ὑμῶν
454 5666 521 5735 τῇ
553 5666 794 5738 ὁσιότητι
844 5669 920 5742 μὴ
957 5673 1204 5743 παριδεῖν
1249 5681 1376 5743 τοὺς
1421 5684 1729 5755 ὁμόφρονας

144 5750 345 5817 ἀδίκως
369 5755 777 5830 ἐλαυνομένους,
802 5762 937 5818 ἀλλὰ
968 5765 1170 5822 παῦσαι
1200 5773 1265 5842 τῇ
1290 5750 1475 5846 ﬁta-aiat
1505 5750 1729 5853 βοηθείᾳ

1897 635 1927 672 ιι
1978 621 2134 676 vobis
2174 622 2381 680 fuerint
2426 628 2691 697 judicata,
2741 633 2797 688 in
2835 636 2941 702 his,
2976 621 3391 717 qualiacunque
3416 667 3480 706 ea

1894 715 2290 784 erunt,judicii
2319 721 2486 774 vestri
2515 723 2762 792 aequitati
2793 729 3134 789 conﬁdentes
3162 741 3482 808 acquiesce-

1894 816 2016 856 mus
2044 821 2056 856 :
2082 813 2139 858 et
2188 822 2445 877 rogamus
2489 825 2551 866 ut
2581 815 2856 884 judicium
2893 837 2960 875 ex
3011 826 3231 896 scriptis
3272 837 3480 888 consti-

1893 901 2101 947 tuatur.
2132 895 2329 953 Libros
2349 899 2494 956 enim
2527 906 2720 976 scripsi
2755 911 2988 980 amplius
3008 895 3251 986 triginta,
3284 922 3478 978 adver—

1891 997 1985 1037 sus
2038 984 2231 1040 Arium
2270 999 2326 1044 et
2388 993 2741 1063 Eunomium,
2783 1001 3048 1060 adversus
3104 1008 3470 1080 Marcionem,

1887 1073 2154 1131 adversus
2194 1078 2596 1152 Maecdonium,
2624 1077 2892 1147 adversus
2921 1098 3176 1165 gentiles,
3206 1102 3474 1162 adversus

1884 1164 2123 1223 Judazos.
2150 1170 2552 1243 lntcrpretalus
2583 1194 2703 1234 sum
2734 1164 2952 1254 quoque
2981 1191 3468 1263 1198.divinam

1885 1253 2226 1327 Scripturam
2252 1281 2261 1314 :
2288 1276 2344 1319 et
2362 1266 2521 1323 facile
2542 1279 2648 1337 est,
2672 1274 2714 1327 si
2733 1253 3030 1344 quisivelit,
3054 1283 3471 1353 deprehendere

1883 1359 1970 1400 me
2002 1364 2102 1417 per
2130 1357 2429 1422 apostolica
2457 1363 2684 1434 vestigia
2720 1366 3033 1437 incessisse,
3076 1390 3244 1432 unum
3276 1383 3471 1449 ιιι-σέόὶ-

1880 1438 2055 1492 cando
2080 1443 2298 1512 Filium,
2321 1449 2464 1505 sicut
2480 1469 2650 1508 unum
2671 1456 2906 1526 Patrem,
2924 1471 2980 1517 et
2999 1480 3167 1520 unum
3200 1468 3467 1539 Spiritum

1879 1541 2160 1598 sanetum,
2200 1551 2365 1592 unam
2399 1540 2688 1601 Trinitatis
2730 1548 3074 1608 divinitatem
3098 1597 3111 1621 ,
3145 1573 3314 1614 unum
3352 1562 3471 1619 ‘re-s

1875 1638 2066 1692 gnum,
2094 1643 2257 1682 unam
2285 1636 2605 1702 potentiam,
2635 1642 3018 1709 aeternitatem,
3048 1648 3466 1713 immutabilita-

1878 1720 2006 1776 tem,
2039 1715 2553 1791 impassibilitatem,
2576 1743 2742 1784 unam
2771 1733 3132 1803 voluntatem,
3163 1741 3463 1812 perfectam

1874 1802 2087 1859 Domini
2105 1812 2276 1864 nostri
2294 1812 2423 1868 Jcsu
2439 1815 2644 1873 Christi
2659 1822 3023 1894 divinitatem,
3044 1802 3342 1900 perfectam
3361 1839 3464 1895 liu-

2383 1918 2607 1978 prepter
2640 1923 2884 1972 nostram
2920 1921 3153 1977 salutem
3181 1941 3460 2002 assumpta

1877 1996 1980 2051 est,
2028 1996 2085 2043 et
2140 2003 2367 2063 propter
2394 2013 2495 2053 nos
2524 2005 2687 2058 morti
2716 2007 2935 2064 tradita.
2963 2011 3084 2068 Non
3124 2016 3293 2073 alium
3330 1996 3458 2078 novi

1877 2077 2073 2132 Filium
2100 2081 2430 2149 hominis,et
2452 2091 2617 2146 alium
2650 2095 2847 2151 Filium
2878 2102 2972 2156 Dei
3007 2121 3021 2157 :
3054 2106 3149 2160 sed
3178 2112 3456 2180 eumdem,

1877 2169 2076 2224 Filium
2126 2174 2350 2242 quidem
2400 2178 2517 2245 Dei,
2571 2193 2628 2237 et
2667 2185 2838 2243 Deum
2893 2208 2961 2246 ex
3009 2195 3120 2251 Deo
3154 2201 3399 2270 genitum
3439 2223 3454 2268 ;

1876 2258 2071 2314 Filium
2113 2274 2242 2318 vero
2286 2265 2547 2336 hominis,
2577 2283 2803 2344 propter
2847 2291 3119 2351 sumptam
3146 2303 3214 2342 ex
3247 2293 3457 2352 semine

1873 2347 2107 2405 Abrahm
2132 2363 2186 2407 et
2228 2354 2446 2412 Davidis
2478 2363 2624 2416 servi
2656 2363 2911 2424 formam.
2951 2347 3074 2429 llrcc
3119 2387 3176 2432 et
3222 2381 3327 2437 alia

1873 2441 2074 2497 similia
2101 2443 2300 2502 docere
2329 2465 2440 2505 non
2473 2468 2650 2510 cesso.
2691 2457 2819 2515 Haec
2853 2461 2970 2532 ipsa
3011 2465 3065 2520 in
3099 2466 3298 2528 litteris
3330 2489 3457 2531 san-

1869 2534 2098 2590 ctissimi
2144 2554 2209 2593 ac
2253 2541 2556 2600 beatissimi
2604 2547 2812 2607 domini
2875 2557 2984 2612 mei
3030 2557 3232 2618 Leonis
3271 2569 3452 2634 posita

1870 2627 2073 2694 reperi,
2117 2629 2400 2702 Deumque
2452 2637 2839 2697 universorum
2872 2645 3113 2718 laudavi,
3153 2656 3299 2727 quod
3322 2644 3458 2728 apo?

1868 2718 2078 2773 stolicis
2118 2723 2238 2791 ejus
2297 2726 2513 2794 placitis
2565 2737 2928 2793 consentiam.
2956 2739 3228 2814 Suscipite
3259 2747 3452 2820 igitur,

1866 2825 2074 2878 qmeso,
2106 2828 2298 2881 preces
2323 2834 2492 2887 meas,
2525 2831 2579 2877 et
2611 2823 2808 2897 injuria
2824 2845 3146 2902 Oppressum
3169 2855 3238 2895 ne
3271 2842 3455 2916 despi-

1865 2901 1990 2954 cite.
2027 2904 2321 2973 Propterea
2365 2911 2514 2964 enim
2549 2914 2661 2969 Deo
2697 2919 3055 2982 charissimos
3100 2933 3453 3005 presbyteros

1865 2992 2159 3082 llypatium
2222 3007 2276 3052 et
2337 3001 2657 3062 Abramium
2726 2992 3171 3090 chorcpiscopos,
3220 2992 3452 3101 ρι’-ΑΙ)-

2898 3072 2916 3085 .
2997 3072 3171 3090 πται
3223 3072 3276 3080 ν-
3323 3072 3411 3101 "'J

1862 3072 2013 3151 pium
2060 3090 2452 3148 monachorum
2493 3098 2587 3166 qui
2637 3102 2783 3170 apud
2830 3120 2932 3177 nos
2959 3118 3100 3164 sunt
3149 3118 3448 3173 exarchum

1861 3172 1926 3225 ad
1967 3176 2224 3242 pietatem
2256 3191 2492 3238 vestram
2528 3188 2670 3254 misi,
2707 3200 2764 3246 et
2797 3193 2921 3250 vitae
2956 3198 3202 3259 claritate
3225 3209 3447 3277 conspi-

1855 3277 2007 3327 cuos,
2037 3276 2093 3320 et
2114 3269 2206 3336 qui
2226 3273 2411 3328 verbis
2437 3279 2650 3344 possint
2669 3282 2735 3336 dc
2761 3300 2944 3342 rerum
2963 3301 3275 3351 nostrarum
3300 3307 3446 3354 statu

1861 3366 2113 3411 accurate
2150 3375 2249 3414 vos
2285 3363 2538 3422 edocere.

1987 3452 2131 3521 ὑμᾶς
2197 3456 2405 3522 διδάξαι
2470 3463 2538 3516 τὰ
2600 3469 2738 3522 κατὰ
2794 3473 2891 3545 τὴν
2950 3478 3224 3552 ἡμετέραν
3281 3487 3442 3540 εὐτέ-

2216 3670 2424 3728 CXVII.
2444 3707 2511 3715 —
2531 3679 2798 3738 Florentio
2819 3689 3079 3759 episcopo.

1929 3782 2131 3854 Utique
2165 3789 2469 3850 humanum
2503 3813 2677 3867 genus
2709 3802 2803 3858 Dei
2838 3816 2888 3860 et
2932 3809 3234 3872 Salvatoris
3265 3829 3437 3879 nostri

1852 3872 2026 3942 gratia
2072 3879 2223 3932 omni
2266 3897 2334 3935 ex
2386 3894 2543 3953 parte
2583 3904 2694 3943 non
2744 3893 3017 3965 destituit,
3062 3908 3156 3959 sed
3215 3912 3440 3982 reliquit

1855 3964 2019 4020 nobis
2072 3983 2260 4026 semen
2303 3978 2651 4034 sanctitatem
2698 3992 2867 4054 tuam,
2919 4006 2986 4045 ne
3040 3993 3234 4054 ﬁainus
3293 4005 3439 4061 sicut

1853 4052 2112 4123 Sodoma,
2160 4073 2217 4116 et
2260 4064 2475 4138 1199
2514 4070 2834 4132 Gemorrhae
2881 4082 3089 4140 similes
3121 4106 3188 4144 ne
3242 4094 3431 4156 simus.

1853 4143 1967 4200 Hoc
2021 4165 2123 4206 nos
2177 4154 2364 4210 animo
2413 4161 2635 4228 penitus
2682 4165 2918 4227 deiicere
2974 4191 3083 4230 non
3135 4181 3284 4247 sinit,
3337 4192 3431 4243 sed

1854 4239 2095 4297 molestae
2127 4252 2473 4316 tempestatis
2501 4256 2708 4311 exitum
2737 4267 3150 4338 Opperirijubet
3170 4292 3181 4325 :
3201 4277 3302 4331 imo
3333 4298 3433 4338 nos

1849 4329 1904 4382 in
1933 4331 2131 4387 bonam
2169 4352 2322 4406 spem
2350 4345 2532 4413 erigit.
2563 4347 2859 4420 Pr0pterea
2891 4358 3056 4413 etiam
3083 4364 3432 4436 Γοιὶεἱοδιεεξ-

1846 4438 1966 4477 mos
2018 4429 2374 4500 presbyteros
2424 4434 2718 4507 Hypatium
2767 4455 2823 4499 et
2879 4429 3212 4509 Abramiuni
3266 4460 3430 4516 clior--

1843 4515 2154 4587 epise0pos.
2180 4530 2236 4577 et
2260 4525 2515 4597 Alypium
2544 4537 2938 4594 monachorum
2969 4547 3113 4614 apud
3149 4564 3248 4604 nes
3277 4567 3431 4608 exar-‘

1846 4605 2033 4673 chum,
2067 4612 2136 4666 ad
2164 4616 2513 4674 sanctitatem
2544 4632 2782 4682 vestram
2817 4632 3086 4702 misimus,
3120 4647 3179 4692 ut
3212 4644 3431 4699 calami-

2073 4703 2344 4771 epellatis,
2377 4724 2500 4778 quas
2523 4713 2765 4772 Urientis
2801 4719 3078 4780 Ecclesias
3112 4734 3428 4800 occupavit.

1844 4787 1922 4841 Ac
1966 4791 2206 4858 primum
2242 4797 2465 4865 quidem
2512 4803 2765 4861 traditam
2813 4812 2974 4868 nobis
3009 4816 3140 4872 olim
3183 4836 3212 4874 a
3261 4827 3431 4881 sacris

1844 4884 2112 4949 apostolis
2147 4885 2312 4943 ﬁdem
2359 4894 2721 4967 eonﬁrmetis,
2777 4914 3134 4981 exortamque
3194 4914 3436 4975 hmresin

1843 4973 2224 5040 proscribatis,
2276 4987 2332 5034 et
2379 4997 2476 5037 eos
2527 4987 2623 5056 qui
2676 4973 3071 5054 incarnationis
3116 5003 3425 5063 doctrinam

1840 5060 2152 5120 adulterare
2176 5069 2295 5123 ausi
2325 5082 2454 5127 sunt
2502 5084 3067 5157 aperteredargualis
3105 5108 3118 5144 :
3158 5101 3274 5148 tum
3305 5098 3429 5153 illo-

1843 5169 1964 5207 rum
2016 5155 2237 5225 deinde,
2280 5163 2375 5232 qui
2417 5166 2643 5236 pietatis
2695 5188 2857 5230 causa
2896 5155 3197 5250 vexantur,
3243 5198 3426 5256 patro-

1843 5243 2050 5300 cinium
2093 5257 2149 5304 et
2188 5250 2563 5312 defensionem
2606 5263 2941 5335 suscipiatis.
2989 5270 3094 5325 Pro
3127 5279 3428 5344 apostolica

1841 5333 1990 5389 enim
2039 5336 2166 5405 fide,
2206 5342 2294 5396 vir
2327 5347 2694 5419 sanctissime,
2731 5354 2987 5425 injustam
3021 5360 3182 5417 istam
3215 5365 3424 5422 cladem

1840 5429 2085 5497 perpessi
2131 5445 2342 5499 sumus,
2404 5439 2553 5507 quod
2616 5447 3048 5513 apostolicorum
3105 5453 3424 5525 dogmatum

1838 5517 2126 5573 veritatem
2169 5523 2409 5592 abjicere
2441 5531 2704 5588 nolimus.
2749 5536 2916 5594 Decet
2953 5556 3118 5609 porro
3165 5548 3427 5603 sanctita-

1840 5617 1948 5661 tem
2003 5619 2261 5678 vestram,
2310 5617 2504 5674 eadem
2540 5622 2826 5681 vobiscum
2865 5631 3175 5690 sentientes
3205 5652 3304 5706 per
3341 5639 3426 5694 in-

1831 5699 2032 5768 juriam
2082 5703 2272 5770 pulsos
2307 5707 2325 5728 '
2355 5723 2466 5763 non
2503 5711 2808 5785 deSpicere,
2845 5721 2942 5776 sed
2981 5725 3131 5792 justo
3174 5728 3424 5785 subsidio

1838 5789 2092 5858 injuriam
2139 5796 2460 5865 reprimere,
2509 5819 2571 5858 ac
2605 5808 2892 5865 veritatem
2925 5816 3212 5882 praefracte
3245 5821 3422 5894 impne
