4086 6326
238 375 374 441 i329

1585 377 1943 439 FPlSTOLA
1982 380 2153 441 CXX.

3372 385 3509 446 13230

235 492 421 562 pmer
457 488 525 542 τά
565 488 837 559 ἀλλότρια·
877 488 1015 557 ὑπὲρ
1065 486 1303 556 ἐμαυτοῦ
1347 486 1401 540 δὲ
1436 486 1616 555 λέγειν
1654 489 1815 557 μόνου

1948 499 2092 553 :eret,
2139 500 2303 559 atque
2339 502 2491 547 extra
2544 494 2850 549 commissae
2901 512 3036 548 mm
3088 494 3329 549 civitatis
3380 497 3519 551 lines

233 581 520 652 βιάζομαι,
551 580 651 649 τῆς
682 579 868 632 ἀδίκου
904 596 971 648 με
1009 576 1531 647 καταναγκαζούσης
1583 580 1817 649 σφαγῆς.

233 672 390 725 Οἶκοι
413 670 520 741 γάρ
550 687 618 741 με
652 669 746 722 τοῦ
777 668 1055 738 βασιλικοῦ
1092 668 1475 740 καθείργοντος
1509 671 1696 740 νόμου,
1729 671 1823 722 καὶ

236 764 557 836 περαιτέρω
582 762 693 816 τῶν
724 762 864 833 ὅρων
884 762 982 832 τῆς
1005 761 1095 816 ὑπ’
1119 761 1252 831 ἐμοῦ
1281 761 1707 831 ποιμαινομένης
1735 761 1824 813 πό-

237 854 381 916 λεως
422 851 737 924 προϐαίνειν
768 849 1089 915 κωλύοντος,
1119 849 1381 904 ἐκάθισαν
1424 849 1547 903 κατ’
1585 849 1716 919 ἐμοῦ
1764 848 1826 901 τὸ

237 943 546 1015 συνέδριον,
612 941 704 994 τὸν
758 941 815 994 δὲ
870 942 1033 1001 πέντε
1078 942 1171 994 καὶ
1221 940 1515 1010 τριάκοντα
1564 938 1825 1009 σταθμοῖς

238 1033 591 1104 ἀφεστηκότα
628 1031 975 1103 κατέκριναν.
1002 1030 1113 1083 Kal.
1150 1029 1180 1081 ό
1223 1031 1320 1100 μὲν
1364 1029 1473 1082 τῶν
1522 1030 1659 1083 ὅλων
1691 1030 1825 1094 Θεὸς

240 1125 386 1195 πρὸς
429 1124 521 1177 τὸν
564 1124 907 1196 πατριάρχην
950 1121 1202 1193 Ἀϐραὰμ
1247 1122 1375 1195 περί⁸
1427 1123 1677 1191 Σοδόμων
1723 1123 1824 1193 ἔφη

240 1214 342 1269 καὶ
416 1212 742 1287 Γομόρρων·
797 1232 816 1265 ι
866 1211 1097 1284 Κραυγὴ
1158 1212 1407 1283 Σοδόμων
1462 1214 1557 1265 καὶ
1617 1212 1826 1283 Γομόρ-

239 1306 356 1375 ρων
402 1303 775 1375 πεπλήθυνται
826 1301 963 1374 πρός
1019 1321 1118 1373 με,
1170 1304 1263 1357 καὶ
1316 1305 1371 1358 αἱ
1428 1301 1694 1374 ἁμαρτίαι
1732 1303 1829 1355 αύ-

237 1393 355 1447 τῶν
397 1376 633 1463 μεγάλαι
660 1392 885 1461 σφόδρα.
928 1393 1189 1457 Καταϐἀς
1216 1388 1309 1446 οῦν
1349 1392 1572 1461 ὂψομαι,
1599 1393 1647 1444 εί
1690 1390 1831 1443 κατὰ

237 1487 343 1558 τὴν
377 1488 627 1558 κραυγὴν
666 1486 847 1540 αὐτῶν
879 1486 978 1557 τὴν
1017 1486 1319 1557 ἐρχομένην
1342 1483 1559 1549 ,ταύτην
1588 1482 1723 1551 πρός
1762 1496 1829 1550 με

242 1579 646 1633 συντελοῦνται.
682 1579 744 1631 El
777 1578 832 1632 δὲ
877 1578 975 1648 μὴ,
1018 1577 1105 1630 ῐνα
1140 1576 1275 1645 γνῶ.
1315 1595 1335 1627 ι
1403 1573 1594 1627 Καίτοι
1645 1570 1832 1639 σαορῶς

240 1671 365 1743 ᾔδει
387 1671 494 1724 τῶν
528 1669 830 1743 ἀνθρώπων
855 1670 1077 1722 ἐκείνων
1097 1668 1195 1739 τὴν
1219 1665 1503 1738 πονηρίαν·
1536 1664 1650 1718 ἀλλ’
1683 1663 1833 1732 ὅμως

242 1762 375 1832 ἔφη·
417 1780 436 1813 ι
474 1762 734 1827 Καταϐἀς
760 1760 984 1831 ὄψομαι,
1021 1779 1039 1812 ι
1073 1759 1338 1813 διδάσκων
1369 1758 1517 1829 ἡμᾶς
1543 1755 1832 1822 ἀναμένειν

1924 582 2109 652 egredi
2128 592 2356 648 vetaret,
2377 584 2646 653 judicium
2671 586 2959 640 adversum
2984 602 3068 639 me
3086 586 3515 651 constituerunt,

1925 679 1983 724 ct
2018 670 2239 739 triginta
2273 673 2523 743 quinque
2559 674 2941 729 mansionibus
2972 674 3224 728 dissitum
3258 675 3519 729 condem-

1925 768 2147 813 narunt.
2177 760 2246 814 Et
2294 762 2442 817 Deus
2473 763 2698 832 quidem
2737 764 3145 825 universorum,
3183 762 3248 816 ad
3285 764 3520 833 patriar-

1926 851 2083 906 cliam
2108 854 2478 910 Abrahamum
2500 854 2566 908 de
2591 855 2845 910 Sodomis
2859 866 2913 909 et
2930 855 3233 909 Gomorrba
3254 856 3512 922 loquens,

1936 959 1953 989 ι
1977 940 2215 1007 Clamor,
2250 944 2355 1007 ait,
2394 944 2765 999 Sodomorum
2805 955 2863 1001 et
2901 946 3221 1001 Gomorrhaa
3254 944 3520 1013 multipli-
3562 974 3567 977 -

1928 1040 2101 1113 catus
2126 1040 2211 1085 est
2245 1032 2313 1085 ad
2350 1048 2457 1098 mc,
2501 1044 2557 1088 et
2606 1045 2830 1103 peccata
2872 1052 3061 1089 eorum
3111 1051 3303 1105 magna
3338 1034 3517 1088 valde.

1929 1122 2265 1177 Descendam
2310 1124 2497 1193 igitur,
2548 1135 2605 1179 et
2648 1126 2848 1179 videbo
2882 1136 3063 1179 utrum
3094 1128 3389 1180 clamorem
3427 1126 3522 1194 qui

1931 1212 2081 1265 venit
2137 1213 2206 1267 ad
2265 1229 2354 1267 me
2415 1229 2583 1282 opere
2638 1215 2973 1284 compleant.
3033 1214 3128 1269 Sin
3181 1214 3393 1275 minus,
3464 1222 3525 1266 ut

1932 1302 2099 1355 sciam
2130 1300 2194 1355 ’⁸.
2229 1324 2246 1352 ι
2295 1303 2411 1357 Etsi
2458 1313 2800 1373 perspectam
2855 1305 3092 1359 habebat
3136 1306 3422 1358 hominum
3460 1302 3528 1358 ii-

1933 1390 2113 1443 lorum
2154 1390 2479 1459 nequitiam,
2510 1399 2749 1447 attamen
2786 1411 2804 1444 ι
2835 1392 3193 1457 Descendam,
3236 1392 3439 1460 inquit,
3468 1399 3528 1447 ει

1932 1483 2184 1547 videbo,»
2208 1482 2412 1538 docens
2436 1500 2539 1538 nos
2564 1500 2750 1539 rerum
2776 1484 3171 1554 experientiam
3200 1482 3413 1551 1202
3428 1496 3527 1551 op-

1935 1573 2125 1643 periri.
2160 1573 2231 1627 At
2260 1572 2350 1628 isti
2388 1590 2490 1628 nos
2522 1589 2627 1629 nec
2670 1574 2727 1628 in
2769 1574 3041 1645 judicium
3090 1584 3373 1631 vocantes.
3423 1586 3527 1626 nec

1937 1679 2126 1719 vocem
2165 1672 2412 1720 nostram
2457 1665 2774 1731 audientes,
2816 1682 2920 1721 nec
2948 1681 3015 1719 ex
3045 1664 3207 1718 nobis
3236 1662 3367 1732 quid
3394 1678 3524 1715 sen-

1939 1755 2141 1810 tiamus
2202 1770 2534 1826 cognoscere
2593 1757 2933 1820 laborantes,
2989 1754 3235 1810 veritatis
3280 1753 3526 1807 hostium

242 1854 358 1908 τῶν
390 1854 730 1926 πραγμάτων
766 1854 865 1926 τὴν
898 1856 1112 1925 πεῖραν.
1142 1844 1302 1906 Οὗτοι
1344 1850 1401 1904 δὲ
1438 1850 1538 1903 ούκ
1576 1848 1653 1910 εἰς
1677 1846 1830 1898 δικα-

1948 1843 2109 1901 έιιτοιοί
2154 1846 2487 1917 jugulandos
2532 1863 2645 1903 nos
2676 1848 3083 1918 prodiderunt“
3247 1922 3252 1933 '

246 1948 473 2019 στήριον
497 1950 647 2018 ἡμᾶς
682 1948 1033 2011 καλέσαντες,
1068 1947 1130 1999 οὐ
1183 1945 1370 2015 φωνῆς
1406 1943 1566 2015 ἡμῶν
1628 1939 2057 2008 ἐπακούσαντες,
2124 1944 2183 1996 ού
2239 1942 2293 1996 τί
2364 1944 2671 2023 φρονοῦμεν
2709 1943 2901 2014 μαθεῖν
2946 1944 3077 2015 παρ’
3124 1939 3281 2025 ἡμῶν
3337 1938 3525 2011 metu}-

247 2054 466 2102 σαντες,
497 2037 574 2106 τῷ
601 2037 756 2108 θυμῷ
781 2036 891 2091 τῶν
921 2038 1017 2106 τῆς
1048 2036 1308 2107 ἀληθείας
1337 2034 1546 2107 ἐχθρῶν
1576 2033 1673 2104 τὴν
1701 2030 1977 2103 ἡμετέραν
2004 2034 2218 2105 σφαγὴν
2244 2035 2587 2104 ἐχαρίσαντο.
3090 2043 3099 2047 ”
3178 2026 3181 2031 ’

320 2129 466 2199 Ἐγὼ
489 2131 547 2185 δὲ
570 2131 671 2203 τὴν
698 2132 797 2202 μὲν
826 2132 1057 2203 ἡσυχίαν
1076 2131 1414 2201 ἀσπάζομαι,
1441 2130 1534 2184 καὶ
1551 2127 1835 2200 διαφερόνυ

246 2239 362 2284 τως
393 2223 452 2274 ὲν
491 2222 566 2293 τῷ
607 2223 835 2293 παρόντι
874 2221 1074 2293 καιρῷ,
1120 2222 1234 2274 τῶν
1267 2220 1642 2275 ἀποστολικῶν
1682 2218 1834 2290 παρά

249 2313 467 2377 πόλλοις
521 2312 929 2384 διαφθαρέντων
979 2314 1288 2383 δογμάτων,
1336 2313 1433 2366 καὶ
1498 2316 1599 2383 τῆς
1643 2312 1837 2381 καινῆς

249 2403 647 2475 κρατυνθείσης
670 2404 955 2476 αἱρέσεως.
983 2404 1098 2458 Ἴνα
1122 2405 1181 2458 δὲ
1212 2406 1287 2476 μή
1327 2423 1413 2470 τις
1436 2406 1546 2461 τῶν
1579 2402 1834 2473 ἀγνοούν-

252 2510 363 2547 των
391 2495 540 2565 ἡμᾶς
578 2494 778 2565 ἀληθὲς
811 2492 947 2548 εἶναι
983 2496 1251 2567 πιστεύσῃ
1278 2496 1377 2559 τάς
1408 2495 1538 2550 καθθ
1560 2495 1719 2566 ἡμῶν
1745 2511 1841 2564 γε·

253 2586 564 2655 γενημένας
597 2586 875 2650 διαϐολάς,
905 2588 999 2640 καὶ
1033 2588 1392 2659 σκανδαλισθῇ
1420 2588 1649 2657 νομίσας
1674 2586 1839 2656 ἕτερα

257 2678 415 2747 παρὰ
444 2678 544 2747 τὴν
576 2678 939 2747 εύαγγελικὴν
965 2677 1315 2731 διδασκαλίαν
1358 2680 1598 2749 φρονεῖν,
1629 2677 1841 2730 ἀντιϐο-

256 2764 335 2818 λῶ
359 2764 472 2835 (85)
504 2765 604 2835 τὴν
634 2764 906 2836 ὑμετέραν
934 2764 1433 2835 μεγαλοπρέπειαν,
1464 2762 1669 2834 ταύτην
1694 2762 1843 2833 αἰτῆ-

258 2873 353 2909 σαι
378 2856 476 2927 τὴν
506 2856 664 2926 χάριν
693 2856 791 2927 τὴν
825 2856 1131 2911 καλλίνικον
1159 2855 1429 2927 κορυφὴν,
1465 2854 1605 2907 ὥστε
1645 2870 1710 2923 με
1744 2853 1843 2923 τὴν

270 2947 544 3018 Ἑσπέραν
590 2947 941 3011 καταλαϐεῖν,
972 2948 1069 3001 καὶ
1102 2948 1253 3018 παρά
1280 2948 1393 3009 τοῖς
1419 2947 1477 2999 έν
1511 2945 1696 3017 ἐκείνῃ
1723 2942 1845 2995 θεο-

261 3038 607 3108 φιλεστάτοις
638 3037 735 3090 καὶ
768 3036 1094 3105 ἁγιωτάτοις
1137 3036 1461 3098 ἐπισκόποις
1493 3030 1843 3087 δικάσασθαιο

260 3131 358 3183 καὶ
382 3132 430 3182 εἰ
452 3129 676 3199 ὀφθείην
702 3129 877 3200 βραχὺ
904 3128 1034 3198 γοῦν
1067 3145 1120 3181 τι
1147 3126 1529 3199 παρεκϐαίνων
1566 3125 1661 3205 τοῦ
1692 3125 1848 3177 κανό-

260 3239 353 3285 νος
379 3221 481 3290 τῆς
503 3221 761 3285 πίστεως,
790 3219 937 3289 αὐτῷ
959 3236 1025 3289 με
1051 3218 1421 3290 παραδοθῆναι
1442 3216 1519 3288 τῷ
1540 3215 1848 3286 μεσαιτάτῳ

262 3311 366 3381 τῆς
399 3310 670 3379 θαλάττης
705 3309 871 3379 βυθῷ.
930 3310 992 3362 Εἰ
1040 3309 1098 3360 δὲ
1138 3308 1260 3361 οὐδὲ
1304 3306 1511 3376 ταύτην
1561 3306 1715 3375 ὑμῶν
1753 3304 1851 3373 τὴν

2008 2130 2121 2201 Ego
2165 2140 2349 2187 autem
2380 2130 2662 2185 silentium
2691 2130 2873 2186 libens
2919 2138 3102 2195 teneo,
3141 2130 3246 2184 hoc
3293 2128 3527 2183 maxime
3620 2137 3663 2185 ,‘

1937 2221 2207 2291 tempore,
2236 2238 2362 2277 eum
2387 2222 2686 2293 apostolica
2714 2221 2969 2293 dogmata
2998 2222 3144 2290 apud
3178 2222 3381 2275 multos
3404 2234 3528 2273 cor-
3614 2220 3617 2221 ⁷

1937 2321 2099 2382 rupta
2147 2321 2296 2379 sunt,
2350 2322 2409 2368 et
2458 2328 2599 2367 nova
2644 2312 2870 2367 haeresis
2900 2312 3047 2365 vires
3087 2326 3151 2365 ac
3182 2310 3353 2364 robur
3382 2308 3529 2387 obtig-

1938 2401 2079 2457 nuit.
2102 2402 2303 2457 Verum
2334 2416 2404 2456 ne
2433 2402 2558 2471 quis
2583 2416 2773 2455 eorum
2798 2400 3002 2470 quibus
3031 2399 3149 2454 noti
3174 2412 3287 2452 non
3312 2384 3548 2463 sumus,

1940 2508 2099 2548 veras
2142 2492 2333 2547 credat
2359 2506 2482 2547 esse
2526 2492 2852 2555 calumnias,
2881 2505 3003 2559 qua:
3030 2489 3083 2542 in
3138 2502 3237 2541 nos
3270 2486 3530 2556 conjecta:

1941 2591 2089 2648 sunt,
2132 2581 2575 2652 oil‘endaturque,
2607 2581 2825 2637 diversa
2858 2596 2960 2635 nos
2993 2581 3063 2634 ab
3092 2579 3406 2648 evangeliea
3432 2576 3532 2631 do-

1941 2674 2119 2730 ctrina
2146 2675 2355 2729 sentire
2394 2673 2737 2739 existimans,
2778 2670 3211 2743 magnitudinem
3242 2677 3393 2724 tuam
3428 2667 3529 2721 ob-

1953 2774 2148 2829 testor,
2183 2765 2329 2819 banc
2367 2780 2400 2819 a
2440 2765 2655 2820 victore
2706 2764 2956 2834 Augusto
3000 2763 3230 2833 gratiam
3272 2768 3440 2830 petat,
3473 2768 3535 2813 ut

1948 2859 2001 2913 in
2056 2856 2412 2913 Occidentem
2453 2856 2693 2922 veniam,
2738 2855 2928 2925 ibique
2968 2870 2999 2909 a
3046 2855 3159 2909 Deo
3192 2850 3537 2908 cbarissimis

1946 2948 2419 3016 sanctissimisque
2470 2947 2746 3016 episcopis
2799 2946 3017 3017 judicer
3057 2962 3071 2998 :
3117 2960 3182 2999 ac
3212 2944 3257 2998 si
3291 2945 3377 2997 vel
3428 2942 3536 2997 mi-

1945 3041 2158 3095 nimum
2192 3056 2222 3093 a
2255 3039 2379 3095 fidei
2420 3040 2606 3111 regula
2637 3039 2929 3094 deﬂectere
2965 3037 3174 3100 videar,
3206 3037 3264 3090 in
3294 3035 3538 3091 medium

1948 3130 2117 3185 maris
2174 3130 2509 3200 profundum
2560 3128 2810 3199 dejiciar.
2860 3126 3017 3194 Quod
3048 3128 3094 3183 si
3142 3128 3230 3182 his
3276 3125 3541 3196 precibus

1951 3221 2149 3275 vestris
2192 3236 2304 3279 non
2349 3222 2530 3284 cedet,
2590 3221 2842 3276 habitare
2889 3236 2977 3274 me
3023 3216 3215 3274 saltem
3256 3219 3447 3290 jubeat
3484 3218 3542 3272 in

1953 3313 2284 3366 monasterio
2311 3321 2523 3373 nostro,
2549 3312 2695 3381 quod
2725 3311 2948 3381 quidem
2978 3329 3005 3366 a
3031 3312 3345 3382 Cyrrestica
3371 3315 3385 3331 '
3414 3311 3540 3365 mil-

262 3400 452 3469 δέησιν
479 3401 714 3469 δέχεται,
738 3400 959 3468 οἰκῆσαι
988 3399 1118 3467 γοῦν
1144 3416 1210 3469 με
1233 3397 1545 3451 κελευσάτω
1573 3396 1631 3449 τὸ
1654 3395 1844 3466 ἡμέτε-

1954 3402 2187 3457 liaribus
2231 3404 2385 3456 abest
2438 3410 2660 3457 centum
2708 3411 2765 3455 et
2802 3401 3021 3472 viginti,
3077 3402 3146 3456 ab
3196 3402 3544 3456 Antiochena

266 3509 363 3562 ρον
401 3493 783 3561 μοναστήριον,
837 3490 864 3543 ὃ
915 3491 1015 3560 τῆς
1052 3492 1149 3559 μὲν
1187 3490 1519 3562 Κυρρεστῶν
1555 3490 1728 3540 εἴκοσι
1759 3488 1851 3539 καὶ

265 3582 465 3634 ἑκατὸν
488 3580 685 3651 μιλίοις
714 3580 1013 3649 ἀφέστηκε,
1047 3579 1145 3648 τῆς
1169 3580 1225 3631 δὲ
1260 3578 1530 3645 Ἀντιόχου
1566 3577 1727 3627 πέντε
1759 3576 1852 3627 καὶ

267 3672 663 3743 ἐϐδομήκοντα,
721 3673 829 3724 ἀπὸ
870 3671 927 3723 δὲ
968 3671 1134 3741 τριῶν
1184 3670 1372 3739 μιλίων
1410 3668 1509 3736 τῆς
1561 3665 1853 3734 Ἀπαμέων

265 3764 539 3817 διάκειται
564 3763 792 3824 πόλεως.
831 3760 1069 3824 Τούτων,
1093 3762 1141 3812 εί
1174 3761 1271 3828 μὲν
1304 3759 1547 3820 δυνατὸν,
1574 3758 1634 3809 τὸ
1663 3758 1858 3825 πρότε-

271 3865 393 3921 ρον·
432 3852 481 3903 εί
516 3850 572 3902 δὲ
610 3852 707 3920 μὴ,
739 3850 799 3901 τὸ
830 3848 961 3917 γοῦν
1009 3846 1257 3916 δεύτερον
1304 3842 1712 3914 παρασχεθῆναί
1767 3857 1857 3907 μοι

270 3945 361 3997 διά
388 3942 483 3996 τοῦ
518 3942 788 4011 ὑμετέρου
824 3940 1084 4010 μεγέθους
1121 3937 1445 4010 παρακαλῶ.
1482 3930 1557 3988 υῦ
1594 3934 1690 4004 τὴν
1725 3933 1858 4002 μνή-

275 4050 387 4103 μην
408 4033 509 4085 κάν
529 4035 596 4103 τῇ
613 4030 961 4101 ὁιανοίᾳ,κάν
988 4032 1053 4100 τῇ
1078 4027 1312 4099 γλώττῃ,
1338 4026 1599 4096 διηνεκῶς
1628 4024 1856 4093 περιεξέ-

273 4140 468 4196 ρομεν,
498 4123 835 4185 ἱκετεύοντες
866 4122 958 4172 τὸν
986 4120 1097 4172 τῶν
1126 4120 1409 4189 δυνάμεων
1453 4116 1675 4185 Κύριον,
1705 4112 1861 4183 ἀμεί-

268 4214 479 4284 ψασθαι
508 4214 607 4282 τὴν
635 4212 914 4283 ὑμετέραν
944 4210 1441 4282 μεγαλοπρέπειαν,
1468 4210 1559 4261 καὶ
1587 4211 1698 4268 τοῖς
1723 4222 1859 4275 παρ-

272 4306 417 4369 οῦσι,
449 4306 545 4358 καὶ
574 4307 688 4367 τοῖς
728 4303 1013 4373 μέλλουσιν
1051 4300 1298 4369 ἀγαθοῖς.
1333 4299 1518 4352 Ταῦτα
1560 4298 1614 4349 δὲ
1649 4295 1860 4365 γράψαι

274 4395 373 4449 νῦν
423 4392 801 4465 ἠναγκάσθην,
834 4392 1022 4461 μαθὼν
1052 4391 1129 4455 ῶς
1153 4408 1297 4454 τινες
1335 4389 1430 4443 καὶ
1468 4388 1566 4459 τὴν
1615 4384 1862 4439 ἐντεῦθεν

280 4500 375 4553 μοι
395 4481 689 4535 καττύουσι
716 4482 1048 4551 μετάστασιν
1076 4479 1210 4551 (84).

817 4591 949 4646 PK'.
984 4621 1054 4631 --
1080 4595 1401 4660 Λουπικίῳ.

1955 3488 2196 3561 quinque
2216 3502 2270 3546 et
2294 3492 2657 3563 septuaginta,
2689 3493 2868 3547 tribus
2902 3502 3085 3546 autem
3122 3491 3449 3545 milliaribus
3475 3492 3545 3545 ab

1956 3584 2093 3638 urbe
2142 3584 2307 3638 distat
2355 3585 2651 3654 Apamena.
2688 3583 2915 3649 Horum,
2949 3584 2994 3637 si
3040 3584 3263 3655 quidem
3308 3583 3548 3653 ﬁeripo-

1956 3682 2085 3737 test,
2148 3676 2301 3742 prius
2353 3676 2514 3741 illud;
2566 3678 2651 3729 sin
2701 3677 2906 3753 minus,
2954 3676 3189 3729 alterum
3240 3686 3390 3729 certe
3433 3689 3549 3728 ma-

1957 3765 2263 3835 gnitudinis
2296 3775 2489 3819 vestrae
2512 3780 2683 3835 opera
2702 3766 2933 3819 concedi
2959 3767 3094 3820 mihi
3118 3766 3354 3835 postulo.
3378 3764 3551 3836 Cujus

1962 3873 2063 3911 nos
2098 3858 2417 3912 memoriam
2449 3863 2505 3911 et
2526 3857 2709 3910 animo
2736 3866 2790 3912 et
2816 3858 2997 3927 lingua
3014 3865 3282 3927 perpetuo
3313 3858 3552 3911 circum-

1960 3952 2210 4015 ferimus,
2263 3953 2530 4007 virtutum
2569 3950 2865 4005 Dominum
2910 3951 3283 4013 obsecrantes,
3332 3958 3392 4003 ut
3436 3966 3551 4003 ma-

1962 4045 2329 4113 gniﬁcentiam
2356 4052 2591 4098 vestram
2624 4053 2679 4096 et
2702 4043 3067 4112 pmsentibus
3088 4051 3143 4095 et
3163 4041 3365 4096 futuris
3388 4042 3551 4095 bonis

1961 4144 2296 4190 remuneret.
2335 4134 2460 4189 limo
2502 4151 2634 4189 vero
2684 4150 2833 4189 nunc
2882 4143 2943 4188 ut
2991 4135 3293 4189 scriberem
3329 4148 3397 4186 eo
3427 4149 3548 4187 sum

1964 4228 2212 4295 adactus,
2247 4227 2457 4305 1203
2491 4227 2638 4297 Quod
2690 4236 2751 4280 ut
2798 4228 2928 4281 hinc
2953 4227 3117 4282 etiam
3163 4227 3315 4282 abire
3350 4225 3545 4299 jubcar
3610 4248 3615 4254 δ

1966 4316 2144 4371 moliri
2195 4313 2462 4389 quosdam
2510 4318 2762 4389 cognovi.

2494 4601 2657 4658 CXX.
2685 4634 2753 4643 -—
2781 4604 3013 4677 Lupicio.

348 4703 515 4777 Οἶμαι
543 4709 637 4760 καὶ
668 4709 794 4770 τοὺς
823 4710 923 4776 τῆς
954 4706 1212 4776 ἀληθείας
1264 4707 1601 4775 σχετλιάζειν
1632 4709 1844 4781 ἐχθροῦι

2037 4711 2292 4767 Arbitror
2315 4713 2481 4768 etiam
2513 4714 2662 4783 ipsos
2688 4717 2945 4772 veritatis
2966 4718 3154 4773 hostes
3182 4718 3453 4790 indignari
3479 4724 3551 4776 ob

277 4801 374 4850 ἐπὶ
422 4802 542 4860 ταῖς
593 4798 800 4859 ἀδίκοις
853 4798 1009 4865 ἡμῶν
1064 4796 1157 4849 καὶ
1207 4798 1544 4867 παρανόμοις
1604 4804 1858 4868 σᾳαγαῖς.

277 4888 469 4957 Πολλῷ
495 4888 551 4939 δὲ
584 4887 769 4951 πλέον,
802 4887 878 4949 ὡς
923 4887 1089 4951 εἰκὸς,
1124 4888 1249 4957 ἀνιᾷ
1285 4890 1409 4951 τοὺς
1433 4890 1735 4961 τροφίμους
1765 4895 1861 4964 τῆς

274 4979 562 5043 εὐσεϐείας
606 4981 639 5049 ἡ
682 4978 843 5049 καινὴ
886 4977 1024 5047 αῦτη
1065 4980 1158 5031 καὶ
1202 4979 1506 5050 παράδοξος
1558 4985 1859 5053 τραγῳδία,

275 5065 355 5123 ὧν
393 5073 426 5139 ἡ
476 5069 718 5140 ὑμετέρα
775 5067 1043 5139 πρωτεύει
1094 5066 1557 5136 μεγαλοπρέπεια.
1589 5070 1863 5141 ΙΙροσήκει

276 5162 341 5213 δὲ
371 5161 497 5225 τοὺς
557 5160 743 5213 πλεῖον
791 5158 1089 5227 ἀλγοῦντας
1123 5158 1343 5210 πλείονα
1391 5159 1627 5229 σπουδήν
1668 5178 1726 5212 τε
1769 5161 1864 5214 καὶ

281 5251 594 5323 προθυμίαν
635 5253 987 5319 εἰσενεγκεῖν,
1016 5248 1156 5302 ὥστε
1196 5249 1262 5301 τὰ
1291 5249 1566 5313 δυσσεϐῶς
1594 5252 1688 5304 καὶ
1720 5270 1861 5322 παρ-

278 5344 497 5413 ανόμως
545 5326 892 5412 γεγενημένα
932 5344 1087 5395 λύσιν
1119 5342 1324 5406 λαϐεῖν,
1354 5342 1417 5396 τὸ
1438 5342 1493 5395 δὲ
1520 5343 1858 5412 διασπασθῆ-

275 5455 365 5494 ναι
389 5438 701 5492 κινδυνεῦον
729 5437 888 5507 σῶμα
912 5438 1011 5508 τῆς
1057 5437 1383 5505 Ἐκκλησίας
1418 5439 1497 5501 είς
1536 5438 1634 5507 τὴν
1657 5439 1857 5508 προτέ-

341 5594 383 5625 ³⁸
408 5590 545 5648 Gen.
573 5609 721 5658 xvm,
752 5592 843 5657 2|,
871 5593 958 5646 2‘2.

1972 4803 2204 4873 injustas
2231 4813 2289 4857 et
2312 4803 2529 4873 iniquas
2554 4807 2875 4861 vexationes
2908 4824 3046 4877 quas
3069 4811 3328 4883 patimur.
3383 4812 3553 4866 Multo

1968 4902 2156 4947 autem
2180 4895 2372 4963 magis,
2410 4902 2469 4948 ut
2495 4910 2594 4965 par
2620 4906 2725 4960 est,
2764 4897 2984 4967 pietatis
3008 4901 3280 4965 alumnos,
3316 4917 3553 4970 quorum

1971 4985 2228 5054 princeps
2252 4994 2337 5039 est
2366 4986 2773 5056 magniﬁcentia
2804 4998 2915 5054 tua,
2963 4992 3251 5046 contristat
3276 4992 3394 5046 haec
3413 5009 3553 5048 nova

1969 5082 2025 5128 et
2049 5075 2294 5128 inaudita
2323 5076 2608 5146 tragmdia.
2635 5076 3104 5135 Convenitautcm
3138 5083 3310 5151 utqui
3336 5083 3556 5153 gravius

1968 5167 2285 5232 condolent,
2318 5168 2579 5239 majorem
2604 5179 2862 5224 conatum
2886 5182 2941 5226 et
2963 5174 3374 5228 contentionem
3400 5175 3531 5230 adhi

1967 5257 2163 5323 beant,
2216 5266 2277 5312 ut
2304 5275 2426 5327 qua:
2452 5259 2617 5329 impie
2643 5270 2697 5315 et
2726 5262 2916 5331 inique
2942 5274 3062 5318 aeta
3085 5272 3215 5319 sunt
3243 5265 3544 5321 dissolvan-

1967 5359 2077 5415 tur,
2112 5351 2336 5420 etquod
2371 5350 2424 5404 in
2452 5351 2860 5408 diiacerationis
2884 5355 3133 5424 periculo
3159 5368 3410 5411 versatur
3434 5374 3531 5412 eor

1966 5456 2069 5509 pus
2106 5439 2399 5504 Ecclesizc,
2437 5439 2503 5494 ad
2548 5440 2837 5509 pristinam
2886 5440 3074 5497 redeat
3112 5446 3549 5501 consensionem.

351 5705 462 5773 ('85)
495 5706 674 5761 Locus
703 5713 883 5760 exstat
930 5707 1097 5760 etiam
1145 5707 1286 5775 apud
1336 5706 1557 5771 Βία-οη,
1596 5714 1633 5759 t.
1686 5705 1775 5769 VI,
1815 5721 1865 5774 [ι.
1912 5706 2026 5769 106,
2062 5706 2128 5761 ad
2154 5723 2202 5761 a.
2241 5705 2299 5761 C.
2336 5706 2458 5763 439.

351 5775 461 5846 (Si)
496 5778 920 5846 ;t::a-ai'3:::tv.
962 5778 1125 5846 Nrap.
