4086 6326
301 395 436 461 I333

1587 366 1950 448 errarem
1985 385 2256 447 CXXIII.

3425 376 3568 450 ιεει

295 506 578 583 γεγήμεθα
605 506 738 579 (86),
773 506 870 561 xui
894 506 984 561 τὸν
1014 506 1221 561 τούτων
1244 506 1389 577 ἡμᾶς
1423 503 1736 577 ἀξιώσαντα
1766 502 1875 557 τῶν

1996 500 2313 559 ldueialiter
2337 504 2576 576 agimus,
2604 504 2717 561 imo
2741 510 2799 560 et
2818 501 3123 575 gaudemus
3145 493 3204 558 et
3227 502 3498 567 lanamur.
3514 516 3571 561 et

292 602 633 672 παθημάτων
675 596 976 670 ὑμνοῢμεν,
1008 599 1103 652 καὶ
1143 596 1243 668 μὶν
1298 596 1364 668 δὴ
1398 598 1493 650 καὶ
1561 596 1688 659 τοὺς
1751 610 1881 647 συν-

287 694 448 768 ⁴ίιθεις
475 692 570 746 ἐπὶ
588 691 718 757 τοὺς
744 690 944 754 αὐτοὺς
967 689 1189 759 ἀγῶνας
1212 686 1660 761 παρακαλοῦμεν.
1692 688 1755 741 Et
1783 685 1883 758 μὲν

289 783 405 854 γάρ
430 783 609 836 ἴσασιν
634 783 781 854 ἡμᾶς
800 779 894 834 τὸν
909 778 1269 836 άποστολικδν
1292 777 1491 834 κανόνα
1510 778 1613 847 τῆς
1644 776 1882 840 πίστεως

298 874 377 946 μὴ
408 872 799 944 φυλάττοντας,
823 866 1305 937 άλλἹκκλίνοντας
1330 869 1482 937 δεξιὰ
1512 869 1546 941 ἦ
1581 869 1875 941 ἀριστερὰ,

294 965 392 1019 καὶ
429 962 823 1036 μισησάτωσαν
846 1003 862 1028 ,
904 963 1003 1018 καὶ
1054 961 1155 1033 τῆς
1222 961 1475 1025 ιναντίας
1537 958 1886 1030 γενέσθωσαν

302 1055 514 1128 μοίρας.
548 1053 643 1109 καὶ
677 1052 819 1125 μετά
856 1054 968 1109 τῶν
995 1051 1382 1124 πολεμούντων
1410 1051 1781 1123 τετάχθωσαν.
1818 1050 1882 1106 Εἰ

295 1147 357 1203 ει
382 1146 481 1219 τὴν
509 1145 677 1219 ὀρθὴν
700 1145 796 1201 τοῦ
828 1143 1185 1216 εὐαγγελικοῦ
1219 1143 1574 1217 κηρύγματος
1600 1159 1887 1215 προσμαρ-

297 1237 554 1310 τυροῦσιν
597 1238 731 1309 ἡμίν
781 1236 1155 1302 διδασκαλίαν,
1196 1234 1412 1307 βοῶμεν
1468 1235 1606 1307 πρὸς
1650 1233 1881 1298 αὐτούς’

304 1329 519 1400 «Στῆτε
536 1329 638 1384 καὶ
672 1329 833 1399 ὑμεῖς
875 1327 1313 1401 περιζωσάμενοι
1350 1327 1449 1391 τάς
1482 1326 1691 1397 ὀσφύας
1733 1324 1888 1395 ὑμῶν

301 1421 360 1476 ἂν
392 1420 642 1493 ἀληθείᾳ,
677 1421 774 1474 καὶ
809 1419 1211 1492 ὑποδησάμενοι
1250 1414 1378 1483 τοὺς
1428 1419 1597 1481 πόδας
1636 1419 1696 1471 ἐν
1747 1418 1888 1470 ἑτοι-

304 1512 477 1585 μασίᾳ
516 1511 611 1566 τοῦ
654 1510 991 1581 Εὐαγγελίου
1030 1512 1129 1580 τῆς
1162 1512 1406 1581 εἰρήνης,
1450 1529 1469 1561 ι
1517 1508 1707 1563 καὶτὰ
1735 1507 1885 1577 ἑξῆς.

300 1602 439 1657 Φασὶ
482 1601 592 1674 γάρ
638 1601 739 1673 τὴν
776 1600 1003 1672 ἀρετὴν,
1058 1602 1121 1654 οὐ
1169 1601 1332 1671 μόνον
1373 1600 1747 1671 σωφροσύνην,
1793 1599 1889 1653 καὶ

303 1687 677 1760 δικαιοσύνην,
704 1689 798 1743 καὶ
837 1688 1125 1758 φρόνησιν,
1158 1688 1296 1743 ἀλλὰ
1332 1690 1428 1746 καὶ⁸
1466 1688 1689 1761 ἀνδρίαν
1718 1689 1887 1760 ἔχειν,

304 1794 400 1831 και
425 1777 515 1832 διά
554 1777 763 1849 ταύτης
796 1778 1197 1850 κατορθοῦσθαι
1226 1779 1513 1845 κάκείνας.
1542 1780 1655 1835 Καὶ
1699 1782 1809 1854 γὰρ
1850 1783 1884 1853 ἠ

304 1866 619 1938 δικαιοσύνη
653 1870 735 1932 είς
771 1868 863 1922 τὸν
904 1869 1045 1923 κατὰ
1071 1869 1187 1939 (87)
1224 1870 1325 1940 τῆς
1378 1870 1595 1937 ἀδικίας
1648 1872 1886 1942 πόλεμον

305 1956 478 2012 δεῖται
523 1959 623 2029 τῆς
679 1958 904 2031 άνδρίας
958 1962 1275 2031 συμμάχου,
1326 1961 1421 2017 καὶ
1467 1964 1501 2034 ἡ
1559 1960 1887 2034 σωφροσύνη

308 2048 559 2122 συνεργῷ
591 2052 658 2121 τῇ
698 2050 892 2122 ἀνδρίᾳ.
936 2051 1201 2123 χρωμένη
1243 2052 1345 2124 τὴν
1390 2052 1690 2107 ἀκολασίαν
1738 2054 1884 2123 νικᾷ.

268 2186 273 2191 .
307 2138 408 2191 Διά
439 2154 526 2193 τοι
563 2138 724 2194 τοῦτο
746 2141 841 2194 καὶ
867 2143 897 2195 ό
926 2141 1034 2195 τῶν
1056 2141 1195 2196 ὅλων
1228 2142 1362 2207 Θεὸς
1390 2142 1529 2215 πρὸς
1560 2143 1653 2196 τὸν
1671 2144 1891 2216 Προφή-

306 2246 408 2301 την
440 2229 544 2302 εφη
566 2247 581 2261 σ
618 2251 636 2284 ι
685 2232 745 2286 '0
773 2231 832 2287 δὲ
875 2233 1085 2298 δίκαιός
1127 2252 1231 2305 μου
1269 2237 1335 2289 ὲκ
1367 2234 1606 2300 πίστεως
1638 2236 1889 2309 ζήσεται,

1984 591 2141 648 illum
2187 594 2481 652 laudamus
2528 595 2625 668 qui
2655 595 2747 651 his
2768 609 2872 651 nos
2896 592 3161 650 aerumnis
3186 592 3446 665 dignatus
3467 602 3559 649 est

1984 692 2151 755 atque
2198 685 2340 742 adeo
2370 686 2674 743 familiares
2722 687 2793 742 ad
2821 685 3048 742 eosdem
3078 700 3284 757 agones
3305 683 3577 740 adhorta-

1983 790 2132 830 mur.
2195 775 2416 831 Etenim
2470 778 2519 833 si
2565 793 2672 833 nos
2707 777 2896 846 sciunt
2937 775 3298 848 apostolicam
3330 776 3579 848 regulam

1985 883 2099 923 non
2139 883 2384 936 servare,
2444 868 2545 925 sed
2578 868 2649 925 ad
2672 867 2925 924 dextram
2970 868 3059 924 vel
3089 865 3160 922 ad
3183 866 3377 923 lmam
3406 865 3578 923 defle-

1984 965 2160 1024 ctere,
2206 956 2431 1013 oderint
2460 965 2636 1025 certe,
2672 952 3285 1028 adversarumquesint
3314 954 3578 1026 partium,
3666 960 3667 963 “

1985 1056 2043 1105 et
2084 1048 2197 1103 illis
2223 1056 2594 1121 aggregentur
2642 1048 2975 1121 qui'bellum
3004 1055 3203 1105 contra
3227 1059 3334 1106 nos
3351 1052 3575 1121 gerunt.

1985 1138 2058 1194 At
2072 1138 2120 1195 si
2137 1146 2349 1195 rectam
2369 1139 2703 1211 evangelicae
2721 1136 3135 1210 praedicationis
3151 1133 3462 1193 doctrinam
3479 1147 3590 1189 nos

1986 1240 2177 1286 tenere
2204 1229 2309 1300 ipsi
2333 1238 2465 1285 sunt
2487 1237 2680 1296 testes,
2699 1228 2770 1285 ad
2793 1228 2946 1301 ipsos
2969 1227 3332 1286 clamamus":
3352 1234 3381 1299 _s‘
3403 1222 3611 1297 Stator

1986 1325 2043 1377 et
2074 1332 2193 1384 vos,
2226 1319 2498 1375 succincti
2526 1320 2749 1375 lumbos
2775 1327 2995 1377 vestros
3026 1317 3086 1374 in
3097 1316 3365 1382 veritate,
3382 1312 3440 1372 et
3465 1314 3582 1382 cale

1987 1410 2131 1466 eeati
2160 1409 2333 1481 pedes
2363 1411 2417 1465 in
2444 1412 2849 1482 prmparatione
2878 1409 3168 1482 Evangelii
3190 1409 3346 1480 pacis
3361 1407 3431 1475 “,
3451 1426 3471 1461 ι
3498 1450 3509 1485 η
3525 1413 3603 1474 οι,

1987 1510 2211 1559 caetera.
2248 1502 2265 1521 '
2303 1500 2578 1557 Virtutem
2618 1502 2769 1557 enim
2815 1500 3002 1557 ferunt
3051 1516 3164 1556 non
3202 1498 3383 1556 solum
3435 1507 3584 1555 tem-

1989 1590 2320 1662 perantiam,
2363 1599 2422 1646 et
2457 1591 2843 1662 justitiam,“
2881 1591 3234 1662 prudentiam
3263 1586 3582 1660 complecti,

1989 1680 2084 1736 sed
2107 1680 2279 1737 etiam
2309 1679 2722 1748 fortitudinem,
2751 1688 2810 1738 et
2834 1681 3104 1753 perhanc
3136 1680 3260 1736 illas
3284 1679 3389 1734 rite
3411 1675 3582 1749 perﬁ-

1990 1784 2139 1826 cere.
2194 1769 2421 1827 Justitia
2456 1772 2662 1843 quippe
2705 1771 2777 1827 ad
2822 1770 3209 1828 debellandam
3252 1767 3584 1842 iniustitiam

1987 1861 2279 1918 auxiliaria
2329 1876 2473 1932 opus
2514 1861 2686 1919 habet
2727 1861 3076 1929 fortitudine,
3128 1869 3187 1917 et
3218 1857 3586 1931 temperantia

1988 1968 2095 2025 ope
2118 1953 2251 2009 nixa
2273 1951 2624 2010 fortitudinis
2645 1953 3133 2025 intemperantiam
3160 1951 3429 2008 devincit.
3452 1950 3589 2006 Pro-

1989 2049 2180 2112 pterea
2200 2042 2592 2100 universorum
2616 2045 2765 2101 Deus
2790 2045 3082 2117 prophetae
3104 2044 3187 2101 ait
3210 2060 3226 2100 :
3253 2044 3474 2100 «Justus
3489 2055 3589 2097 au-

1992 2140 2105 2189 tem
2150 2148 2313 2190 meus
2367 2148 2437 2190 ex
2482 2134 2591 2192 ﬁde
2628 2136 2810 2203 vivet;
2872 2137 3022 2208 quod
3057 2136 3106 2193 si
3129 2134 3472 2193 subtraxerit
3502 2148 3583 2201 se,

1991 2241 2105 2282 non
2123 2226 2365 2298 placebit
2384 2227 2587 2284 anim
2610 2243 2748 2285 mea:
2764 2228 2811 2275 9⁸
2834 2245 2850 2284 :
2870 2248 2890 2281 ι
2920 2228 3140 2301 1200
3150 2226 3589 2285 subtractionem

306 2320 403 2374 καὶ
437 2320 535 2375 ἐὰν
579 2322 988 2393 ὑποστείληται,
1034 2303 1139 2378 οὐκ
1189 2325 1403 2381 εὐδοκεῖ
1448 2327 1480 2395 ἠ
1519 2323 1667 2396 ψυχή
1694 2303 1799 2397 μου
1832 2303 1892 2381 ιν

1996 2318 2279 2389 appellans
2305 2319 2679 2375 timiditatem.
2708 2318 3039 2375 Adhaeresee
3069 2303 3265 2392 igitur,
3298 2334 3334 2375 o
3355 2319 3591 2376 charum

306 2410 482 2483 αὐτῷ.
523 2430 544 2464 ι
596 2411 931 2487 ’Υποστολην
951 2413 1009 2467 δὲ
1038 2414 1139 2486 τὴν
1169 2414 1376 2470 δειλίαν
1407 2415 1681 2486 ὠνόμασε.
1724 2417 1892 2488 Ἐχου

1996 2416 2183 2480 caput,
2214 2409 2569 2480 dogmatibus
2605 2410 2927 2484 apostolicis
2960 2428 2975 2465 :
3012 2430 3031 2464 ι
3052 2411 3256 2469 Veniet
3282 2411 3595 2481 enim-post
3648 2478 3649 2481 η

307 2504 514 2571 τοίνυν,
542 2498 587 2559 ὧ
614 2504 743 2577 φίλη
772 2506 1006 2577 κεφαλὴ,
1034 2506 1144 2560 τῶν
1171 2506 1548 2562 άποστολικῶν
1582 2508 1891 2579 δογμάτων.

2000 2501 2284 2558 modicum
2332 2502 2741 2575 aliquantulum
2792 2504 2889 2575 qui
2936 2511 3210 2559 venturus
3239 2510 3347 2567 est,
3390 2509 3449 2558 ct
3481 2514 3595 2555 non

314 2611 335 2644 s
363 2594 524 2659 Ἥξει
561 2595 672 2665 γάρ
706 2596 830 2649 ὅσον
861 2596 986 2650 ὅσον
1017 2598 1047 2649 ό
1084 2598 1403 2667 ερχόμενος,
1436 2598 1530 2653 καὶ
1567 2596 1630 2653 οὐ
1669 2600 1895 2670 χρονιεῖ,

2005 2593 2250 2651 tardabit
2281 2614 2295 2649 :
2321 2605 2380 2652 et
2400 2596 2600 2652 reddet
2615 2595 2918 2667 unicuique
2939 2593 3249 2651 secundum
3267 2607 3437 2665 opera
3451 2592 3593 2664 ejus.

305 2683 402 2737 καὶ
447 2682 713 2738 ἀποδώσει
761 2683 977 2755 ἑκάστῳ
1023 2686 1166 2739 κατὰ
1207 2687 1279 2740 τὰ
1328 2686 1463 2757 ῑργα
1511 2687 1895 2757 αὑτοῢ.-Παρ-

2000 2685 2256 2741 Ριωιει-ἰι
2299 2687 2450 2741 enim
2497 2685 2674 2759 ﬁgura
2729 2686 2896 2759 hujus
2951 2685 3146 2742 mundi
3162 2684 3229 2751 ⁸⁸,
3257 2703 3277 2737 ι
3316 2692 3375 2740 et
3407 2696 3597 2740 rerum

308 2772 437 2842 άγει
469 2773 580 2844 γάρ
616 2773 679 2827 τὸ
712 2773 899 2845 σχῆμα
925 2771 1270 2845 τοῦἵκόσμου
1302 2774 1519 2839 τούτου,
1542 2794 1561 2826 ι
1600 2776 1695 2828 καὶ
1722 2777 1902 2846 ἐμφαο

306 2864 536 2935 νήσεται
573 2866 607 2937 ἡ
638 2864 748 2918 τῶν
776 2864 1124 2936 πραγμάτων
1153 2864 1402 2937 ἀλήθεια.

725 2979 897 3035 PKI".
929 3010 1003 3021 —
1028 2978 1112 3046 Τῷ
1133 2978 1299 3045 αὐτῷ
1323 2978 1459 3052 (88).

380 3087 492 3140 Καὶ
529 3086 718 3159 μακρά
740 3089 782 3160 νή
814 3088 1097 3160 ἐπιστολὴ,
1138 3091 1234 3144 καὶ
1264 3093 1553 3163 χαρίεσσα,
1582 3098 1679 3150 καὶ
1712 3097 1775 3152 τὸ
1802 3099 1903 3169 τῆς

1998 2777 2212 2832 Veritas
2240 2776 2704 2835 manifestabitur.

2505 2975 2743 3033 CXXIII.
2779 3005 2850 3017 —-
2884 2974 3096 3031 Eidem.

2080 3090 2150 3147 Et
2180 3090 2392 3161 prolixa
2424 3088 2531 3145 fuit
2559 3089 2814 3160 epistola,
2850 3096 2908 3145 et
2934 3087 3171 3152 urbana,
3204 3083 3603 3159 ﬂagrantisque

307 3175 535 3248 ἀγάπης
582 3177 785 3248 θερμόν
828 3194 891 3231 τε
940 3180 1037 3232 καὶ
1083 3160 1309 3252 γνήσιον
1341 3160 1745 3252 θποφσίνουσα.

2004 3197 2071 3236 ac
2101 3160 2379 3253 germanae
2409 3181 2577 3239 index
2609 3182 2901 3238 charitatis
2929 3189 3056 3238 tua.
3094 3181 3269 3238 Tanta
3292 3189 3483 3238 autem
3510 3182 3613 3238 la:-

308 3266 580 3338 τοσαύτης
618 3284 684 3339 με
732 3269 1002 3341 θυμηδίας
1044 3270 1365 3341 ἐνέπλησεν,
1390 3273 1531 3327 ὥστε
1577 3276 1780 3345 ἥκιστα
1804 3296 1900 3348 με-

308 3360 606 3427 ταγνῶναι,
644 3361 726 3413 ὃτι
760 3360 828 3433 δὴ
872 3362 1066 3434 ἑτέραν
1101 3362 1248 3434 ἔχειν
1292 3365 1536 3419 ὲτόπασα
1566 3366 1805 3420 διάνοιαν
1840 3369 1901 3422 τὸ

309 3450 411 3520 τῆς
460 3451 731 3522 προτέρας
787 3452 1096 3523 προοίμιον.
1148 3454 1255 3507 Τοῦ
1290 3456 1398 3527 γάρ
1433 3456 1527 3509 νοῦ
1573 3458 1680 3511 τῶν
1714 3476 1901 3530 γραμ-

316 3540 574 3611 μάτωνή
623 3540 817 3609 ἄγνοια
881 3542 973 3595 τὸν
1025 3543 1127 3612 τῆς
1169 3544 1464 3616 ἀδελφικῆς
1519 3548 1900 3622 φιλοστοργίας

312 3633 635 3704 άπεκάλυψε
668 3633 965 3707 θησαυρὸν,
994 3638 1089 3690 καὶ
1133 3638 1194 3691 τδ
1237 3640 1337 3709 τῆς
1366 3641 1603 3705 πίστεως
1633 3643 1900 3713 ἐδήλωσεν

311 3725 639 3797 ἀκραιφνὲς,
706 3727 800 3780 καὶ
846 3726 939 3781 τὸν
986 3729 1117 3799 περὶ
1162 3729 1260 3800 τὴν
1308 3731 1589 3784 εὐσέϐειαν
1634 3733 1899 3801 ἐγνώρισε

315 3815 500 3886 ζῆλον.
536 3814 645 3869 Τοῦ
689 3817 874 3886 μέντοι
909 3820 1189 3889 προφήτου
1241 3820 1367 3884 τοὺς
1404 3820 1599 3889 λόγους
1646 3823 1741 3875 καὶ
1780 3840 1900 3876 πει-

317 3908 564 3977 ρασμοῦς
595 3908 1009 3979 διενειμάμεθα,
1053 3910 1150 3962 καὶ
1194 3912 1227 3979 ἡ
1276 3910 1376 3980 μὲν
1405 3912 1623 3982 ὁσιότης
1660 3931 1753 3967 σου
1783 3916 1898 3979 τοῖς

312 3996 498 4067 λόγοις
530 4000 834 4070 ἐχρήσατοο
876 4002 1038 4069 ἡμεῖς
1082 4001 1139 4053 δὲ
1168 4004 1291 4063 ταῖς
1323 4004 1606 4070 καταιγίσι
1653 4006 1749 4059 καὶ
1777 4023 1899 4077 τρι-

316 4089 544 4159 κυμίαις
572 4088 898 4161 βαλλόμεθα,
937 4092 1031 4143 καὶ
1074 4089 1219 4143 κατὰ
1258 4090 1367 4145 τῶν
1403 4092 1465 4145 τὸ
1501 4095 1709 4162 σκάφος
1750 4097 1902 4168 ἐρετ-

316 4182 519 4237 τόντων
550 4184 670 4253 μετ⁹
703 4182 917 4237 ἐκείνου
943 4184 1187 4255 βοῶμεψ
1221 4206 1241 4239 ι
1265 4187 1667 4257 Φυλασσόμενοι
1697 4190 1902 4259 μάταια

318 4274 416 4329 καὶ
456 4273 650 4343 ψευδῆ,
690 4272 838 4328 ἔλεον
872 4275 1055 4329 αὐτῶν
1100 4277 1480 4345 ἐγκατέλιπον.
1510 4296 1527 4329 ι
1566 4279 1796 4347 Παρέξει
1846 4280 1902 4334 δὲ

321 4366 452 4428 ἴσως
478 4368 508 4419 ό
532 4366 621 4419 καὶ
656 4365 813 4436 ἡμῶν
846 4368 1102 4421 κάκείνου
1133 4370 1434 4439 Δεσπότης,
1471 4371 1563 4423 καὶ
1593 4373 1742 4440 ἡμᾶς
1772 4373 1904 4426 άνα-

318 4454 497 4517 δῦναι,
531 4454 630 4509 καὶ
665 4453 760 4508 τοῦ
800 4457 1001 4525 κήτους
1039 4457 1422 4528 ἀπαλλαγῆναι
1478 4459 1541 4512 ΕΞ
1572 4458 1627 4512 δὲ
1659 4461 1753 4512 καὶ
1783 4461 1904 4525 ζέον

320 4545 579 4618 ἐπιμείνῃ
605 4546 668 4599 τὸ
715 4547 914 4617 ῥόθιον,
949 4548 1244 4619 ἐλπίζομεν
1282 4551 1376 4603 καὶ
1407 4550 1580 4614 οὕτως
1617 4553 1717 4621 τῆς
1751 4551 1904 4617 θείας

321 4634 725 4690 ἁπολαύσεσθαι
756 4629 1118 4707 προμηθείας,
1155 4640 1249 4694 καὶ¹
1271 4644 1336 4713 τῇ
1374 4643 1539 4714 πείρᾳ
1566 4645 1781 4711 μαθεῖν,
1817 4644 1895 4708 ὡς

321 4728 357 4797 ἡ
379 4725 609 4798 δύναμις
633 4728 798 4781 αὐτοῦ
824 4729 883 4781 ὲν
907 4729 1167 4801 ἀσθενείᾳ
1192 4731 1495 4786 τελειοῦται
1512 4750 1524 4762 '
1549 4737 1643 4788 καὶ
1666 4735 1775 4806 γὰρ
1805 4736 1905 4789 αὐ-

241 4871 247 4877 _
320 4817 451 4879 τοὺς
491 4817 617 4881 τοὺς
672 4818 957 4883 κινδύνους
997 4822 1064 4891 τῇ
1118 4820 1378 4893 ἀσθενείᾳ
1411 4823 1569 4893 ἡμῶν
1607 4825 1900 4896 ὲμέτρησε.

323 4909 428 4963 Τὸν
460 4908 561 4980 μιν
592 4909 700 4980 γὰρ
734 4909 875 4963 θείον
908 4912 1115 4965 ἐκεῖνον
1146 4913 1433 4984 προφήτην
1473 4914 1717 4978 ἅπαντες
1776 4918 1909 4971 καθ-

320 5000 463 5071 ἧκαν
497 5001 578 5064 είς
620 5000 675 5053 τὸ
713 5000 949 5068 πέλαγος
980 5002 1030 5055 oi
1054 5002 1439 5067 συμπλέοντες*
1460 5006 1583 5075 ἐμοὶ
1609 5005 1665 5058 δὲ
1696 5006 1785 5059 καὶ
1810 5007 1907 5079 τὴν

321 5093 423 5163 τῆς
454 5096 554 5165 σῆς
581 5094 863 5165 ὁσιότητος
896 5094 1169 5164 παρέσχεν
1205 5094 1557 5166 παραψυχὴν,
1599 5100 1691 5150 καὶ
1726 5099 1909 5168 μέντοι

325 5184 421 5237 καὶ
457 5183 631 5238 ἄλλων
684 5183 951 5252 θεοφιλῶν
989 5182 1235 5253 ἀνδρῶν·
1280 5180 1373 5246 οὒς
1403 5184 1503 5254 τῆς
1554 5185 1907 5257 Ὀνησιφόρου

326 5272 420 5326 τοῦ
448 5273 757 5343 θαυμασίου
796 5277 979 5344 τυχεῖν
1026 5274 1278 5343 εὐλογίας
1311 5274 1451 5344 μετὰ
1475 5275 1575 5343 τῆς
1609 5279 1707 5347 σῆς
1758 5279 1909 5346 φιλο-

325 5362 473 5427 θεῖας
492 5364 886 5436 προσεύχομαι,
911 5367 1104 5437 ὅτιτὴν
1129 5366 1319 5421 ἅλυσιν
1336 5367 1493 5438 ἡμῶν
1507 5368 1608 5421 οὐκ
1634 5370 1911 5445 ἐπῃσχύν-

398 5546 446 5613 'f
473 5542 673 5613 Epheﬁs.
701 5559 789 5613 vr,
830 5543 917 5598 Η.

320 5628 387 5679 ιι,
418 5612 472 5668 9.
519 5611 592 5645 “³⁶
616 5612 663 5668 ιι
685 5611 814 5669 Cor.
840 5629 935 5679 ιιι,
969 5613 1021 5669 9.

418 5736 510 5806 86)
541 5734 862 5806 γεγήοαμεν
882 5735 950 5806 N-

420 5738 510 5876 gg;
541 5738 862 5862 ἒεγήθαμεν
883 5738 950 5791 Ν.
1170 5807 1180 5820 ⁸
1788 5813 1799 5828 ι

588 5820 640 5863 te
663 5815 814 5862 recte
847 5805 1018 5878 Neap.
1048 5808 1093 5861 A
1127 5806 1418 5868 Sirmondo
1449 5812 1640 5869 aberat
1672 5829 1825 5869 κατα.

1027 5544 1071 5576 ³³
1096 5542 1298 5602 llabac.
1333 5564 1390 5613 ll,
1419 5549 1494 5615 4;
1526 5548 1690 5607 liebr.
1724 5568 1777 5617 x,
1814 5552 1903 5609 ‘58.

2002 3274 2123 3327 tilia
2169 3287 2259 3327 me
2306 3273 2581 3342 replevit,
2641 3282 2703 3328 ut
2727 3273 2962 3329 minime
2989 3274 3279 3344 poeniteat,
3316 3274 3481 3329 aliam
3514 3286 3604 3327 me

2001 3365 2339 3419 sententiam
2378 3366 2435 3419 in
2467 3365 2676 3434 prioris
2704 3365 2940 3420 exordio
2972 3367 3337 3436 conjectasse.
3376 3365 3603 3436 Ignora-

2003 3452 2082 3507 tio
2108 3453 2258 3507 enim
2296 3466 2494 3507 sensus
2521 3452 2837 3508 litterarum
2871 3451 3104 3507 fraterni
3133 3452 3342 3508 amoris
3375 3452 3604 3507 thesau-

2001 3557 2125 3596 rnm
2153 3544 2393 3612 aperuit,
2420 3550 2480 3598 et
2509 3541 2636 3598 ﬁdei
2660 3543 3039 3598 sinceritatem
3062 3542 3327 3605 ostendit,
3354 3549 3411 3596 et
3430 3542 3607 3612 pieta-

2005 3634 2078 3688 tis
2130 3636 2310 3690 zelum
2357 3633 2641 3705 patefecit.
2702 3633 2981 3690 Caeterum
3028 3635 3313 3706 prophetae
3337 3634 3510 3689 verba
3548 3642 3605 3689 et
3707 3679 3715 3687 .

2000 3742 2280 3785 aerumnas
2310 3726 2457 3780 inter
2484 3740 2589 3780 nos
2622 3724 2942 3792 divisimus,
2999 3734 3057 3781 et
3082 3726 3352 3782 sanctitas
3374 3724 3605 3797 quidem

2006 3831 2101 3875 tua
2137 3818 2322 3872 verbis
2354 3831 2453 3870 usa
2479 3823 2587 3877 est.
2645 3830 2749 3870 nos
2781 3831 2916 3870 vero
2965 3818 3227 3888 procellis
3258 3827 3314 3873 et
3341 3816 3608 3873 fluctibus

1997 3913 2297 3983 jactamur,
2326 3916 2383 3963 et
2409 3906 2677 3961 adversus
2700 3905 2825 3961 illos
2850 3908 2947 3983 qui
2973 3909 3159 3962 navim
3188 3910 3359 3965 remis
3385 3911 3608 3981 propcl-

2003 4003 2147 4065 lunt,
2176 3986 2301 4055 cum
2333 3998 2456 4069 ipso
2481 3998 2785 4053 clamamus
2820 4016 2833 4051 :
2876 4018 2893 4048 ι
2917 3996 3023 4065 Qui
3047 3999 3370 4057 custodiunt
3387 4002 3604 4058 vanita-

2003 4102 2089 4149 tes
2120 4100 2177 4147 et
2208 4088 2498 4146 mendacia
2521 4128 2536 4154 ,
2595 4089 3056 4145 misericordiam“
3081 4105 3240 4146 suam
3284 4092 3603 4164 derelique-

2004 4183 2249 4240 νηπίη.»
2287 4181 2569 4238 Concedet
2593 4191 2780 4237 autem
2803 4182 3038 4238 fortasse
3066 4192 3127 4239 et
3147 4193 3341 4240 noster
3368 4192 3426 4240 et
3447 4186 3603 4242 illius

2003 4278 2311 4341 Dominus,
2366 4286 2429 4329 ut
2480 4289 2831 4345 emergamus
2885 4284 2944 4331 et
2993 4291 3130 4342 nos,
3187 4276 3604 4349 liberemurque

2004 4384 2036 4423 a
2065 4375 2209 4422 ceto.
2268 4365 2425 4432 Quod
2461 4366 2507 4420 si
2538 4366 2773 4439 saeviens
2806 4366 3051 4435 procella
3078 4374 3293 4436 pergat,
3329 4368 3410 4423 sic
3433 4367 3602 4422 etiam

1936 4491 1983 4550 υ
2008 4458 2208 4513 divina.
2235 4455 2601 4527 providentia:
2624 4465 2909 4526 compotes
2931 4456 3149 4511 futuros
3169 4473 3272 4512 nos
3291 4474 3601 4527 speramus,

2007 4558 2065 4607 et
2114 4549 2457 4619 experientia
2489 4557 2881 4618 comperturos
2921 4549 3187 4603 virtutem
3215 4551 3336 4620 ejus
3364 4550 3418 4603 in
3446 4548 3604 4604 infir-

2007 4642 2199 4697 mitate
2224 4638 2416 4711 perﬁci
2437 4637 2480 4670 ³⁸
2509 4656 2523 4692 :
2555 4640 2686 4709 quia
2717 4639 2964 4710 pericula
2986 4639 3103 4709 ipsa
3130 4655 3256 4694 eum
3279 4639 3603 4697 inﬁrmitate

2008 4743 2198 4789 nostra
2224 4747 2580 4788 commensus
2613 4740 2720 4788 est.
2757 4733 2976 4787 Etenim
3011 4731 3262 4787 divinum
3286 4732 3441 4787 illum
3469 4750 3603 4805 pro-

2008 4824 2231 4895 phetam
2264 4834 2445 4879 nautre
2470 4838 2664 4879 omnes
2696 4823 2970 4878 miserunt
2998 4823 3055 4877 in
3082 4840 3234 4878 mare
3267 4842 3282 4878 :
3314 4824 3451 4879 mihi
3471 4840 3605 4882 vero

2009 4926 2065 4973 et
2096 4917 2409 4972 sanctitatis
2436 4925 2546 4970 tua:
2573 4915 2833 4979 solatium
2864 4914 3124 4985 praebuit,
3151 4915 3363 4985 1207
3383 4923 3441 4970 et
3465 4898 3601 4972 alio-

2010 5026 2134 5064 rum
2165 5009 2332 5064 etiam
2370 5008 2485 5063 Deo
2511 5007 2843 5062 dilectorum
2868 5008 3135 5061 virorum.
3173 5006 3387 5073 Quibus
3416 5015 3477 5061 ut
3502 5005 3604 5061 ad-

2011 5097 2253 5152 mirandi
2279 5096 2614 5166 Onesiphori
2640 5095 3087 5151 benedictionem
3123 5111 3231 5149 una
3256 5110 3378 5149 cum
3400 5096 3602 5165 pietate

2011 5198 2103 5245 tua
2153 5197 2563 5258 consequantur
2614 5198 2775 5258 opto,
2834 5188 2963 5257 quia
2995 5197 3245 5242 catenam
3277 5204 3457 5242 meam
3492 5203 3602 5244 non

2010 5281 2337 5345 erubuistis,
2364 5279 2458 5335 sed
2478 5279 2920 5345 tribulationum,
2943 5294 3080 5348 quas
3103 5294 3204 5349 pro
3231 5278 3436 5349 pietate
3456 5271 3603 5349 passi

2013 5388 2227 5439 sumus,
2262 5372 2565 5443 participes
2593 5370 2799 5426 fuistis.
2835 5369 2953 5425 Hoc
2971 5370 3217 5447 quidem,
3253 5368 3499 5435 domine,
3523 5368 3604 5427 sio

2000 5609 2006 5614 .
2034 5554 2079 5585 “
2110 5551 2276 5608 Hebr.
2312 5568 2366 5617 κ,
2401 5552 2511 5615 '57:
2540 5551 2698 5605 Rom.
2743 5565 2802 5616 ιι,
2848 5548 2959 5616 6;Ι
2990 5546 3119 5604 Cor.
3160 5564 3255 5611 vn,
3283 5548 3338 5602 7.
3402 5547 3451 5582 ³⁷
3472 5546 3601 5605 Ιρη,

2017 5742 2192 5867 lo(:8)
2219 5742 2289 5798 Et
2318 5743 2435 5798 haec
2478 5746 2657 5797 exstat
2693 5736 2929 5811 epistola
2962 5735 3107 5809 apud
3138 5735 3341 5790 πει-οη.
3364 5733 3505 5803 l.e.,
3537 5748 3613 5806 p.-
