4086 6326
132 425 303 491 133⁵1

1499 428 1859 491 ΕΡΙΞΤΟΙΛ
1905 428 2156 489 CXXVI.

3318 427 3458 493 i338

132 543 271 614 γὰρ
306 541 535 611 ἀπαθὴς
581 542 614 613 ἡ
652 540 745 613 τοῦ
779 543 1121 610 Μονογενοῦς
1156 543 1375 614 θεότης·
1406 544 1621 614 ἀπαθὴς
1653 543 1764 615 γάρ

1884 544 2076 615 ιυίρρο
2106 552 2190 599 est
2224 552 2420 597 natura
2456 543 2806 614 Trinitatis),
2866 551 2920 595 et
2953 557 3053 597 nos
3083 541 3135 597 id
3165 546 3315 611 quod
3346 545 3458 611 pati

129 636 257 704 τῆς
311 634 551 705 Τριάδος
591 638 624 705 ἡ
660 634 854 702 φύσιςο
883 636 945 687 τὸ
985 635 1039 689 δὲ
1092 636 1323 706 πάσχειν
1382 638 1627 705 πεφυκὸς
1688 637 1762 707 μὴ

137 730 633 801 προσομολογηθῇ
666 729 795 797 παρ’
826 728 1006 798 ήμῶν,
1048 730 1224 801 μάτην
1255 729 1558 801 θρυλλεϊται
1590 730 1650 782 τὸ
1687 729 1761 799 μὴ

137 819 473 891 γενόμενον
513 820 703 881 πάθος.
750 819 857 872 Τοῦ
918 818 1025 889 γὰρ
1077 821 1380 889 πάσχοντος
1434 821 1534 873 οὐκ
1588 819 1761 883 ὄντος,

140 911 289 974 πῶς
328 911 401 964 ἂν
439 910 650 979 γένοιτο
692 910 890 976 πάθοςς
940 911 1150 980 Ἀπαθῆ
1195 912 1293 981 μὲν
1340 911 1449 981 γὰρ
1477 912 1577 983 τὴν
1609 911 1763 964 θείαν

144 1002 342 1070 φύσιν
377 1001 744 1071 κηρύττομεν.
778 1002 1208 1072 Συνομολογοῦσι
1241 1001 1295 1055 δὲ
1330 1002 1489 1055 τοῦτο
1521 1003 1763 1055 κάκεῖνοι

146 1093 583 1166 παραπλησίως
629 1094 783 1163 ήμϊν.
815 1094 940 1156 Πῶς
973 1091 1039 1147 ἂν
1084 1088 1176 1145 οὖν
1206 1091 1416 1161 γένοιτο
1470 1092 1639 1155 πάθος
1666 1093 1767 1157 οὐχ

150 1184 546 1253 ὑποκειμένου
576 1183 671 1237 τοῦ
700 1184 1039 1255 πάσχοντος;
1072 1184 1305 1255 Δόκησις
1342 1184 1450 1254 γάρ
1504 1185 1625 1237 ἀντὶ
1669 1187 1766 1249 τῆς

153 1270 466 1341 ἀληθείας,
508 1272 604 1326 καὶ
636 1272 910 1341 φαντασία
952 1274 1255 1341 φανήσεται
1296 1273 1356 1325 τὸ
1391 1273 1532 1343 μέγα
1566 1274 1666 1342 τῆς
1690 1260 1767 1325 οἱ·

157 1362 443 1434 κονομίας
480 1365 801 1435 μυστήριον.
834 1362 1037 1417 Τοῦτον
1062 1363 1121 1417 δὲ
1156 1364 1249 1417 τὸν
1296 1363 1468 1434 μῦθον
1518 1362 1770 1416 Βαλεντῖ-

160 1468 288 1514 νος,
346 1452 445 1504 καὶ
496 1452 875 1522 Βαρδησάνης,
928 1451 1021 1504 καὶ
1072 1451 1360 1521 Μαρκίων,
1412 1452 1508 1505 καὶ
1572 1452 1765 1518 Μάνης

161 1540 508 1611 ἐγέννησαν.
551 1540 615 1593 Ἦ
649 1540 707 1592 δὲ
737 1538 1004 1592 ἀνέκαθεν
1041 1543 1164 1603 ταῖς
1205 1540 1558 1610 Ἐκκλησίαις
1593 1559 1770 1611 παρα-

163 1631 401 1685 δοθεῖσα
433 1630 751 1684 διδασκαλία
780 1630 875 1683 ἕνα
934 1631 1033 1700 μὲν
1050 1631 1179 1684 Υίὸν
1210 1634 1303 1684 καὶ
1336 1633 1474 1699 μετὰ
1499 1632 1597 1701 τὴν
1619 1634 1759 1685 ὲναν-

166 1722 471 1789 θρώπησιν
511 1716 619 1793 οἶδε
661 1719 867 1791 Κύριον
910 1720 1071 1790 ἡμῶν
1118 1722 1327 1791 Ἰησοῦν
1357 1723 1631 1791 Χριστόν·
1672 1724 1770 1775 καὶ

1870 647 2056 710 potest
2112 654 2222 693 non
2276 638 2663 700 conﬁteamur,
2722 632 2938 705 1209
2987 636 3194 689 frustra
3220 636 3462 704 iactatur

1869 732 2089 803 passio,
2148 748 2269 799 qua:
2302 730 2452 783 nulla
2494 729 2619 783 fuit.
2681 728 2901 783 Patiens
2936 743 3172 795 namque
3220 727 3265 781 si
3294 725 3459 790 desit,

1870 826 1965 894 qui
1999 822 2172 892 possit
2196 836 2317 876 esse
2345 820 2561 890 passio?
2617 819 2985 888 lmpatibilem
3017 828 3182 888 porro
3215 816 3460 871 divinam

1870 892 2123 969 naiuram
2172 913 2539 983 przedicamus
2588 930 2601 964 :
2653 920 2816 979 atque
2846 910 2953 963 hoc
3001 920 3057 964 et
3095 909 3200 979 ipsi
3225 906 3473 978 perinde

1871 1020 1936 1059 ac
1962 1018 2063 1059 nos
2092 1002 2444 1058 conﬁtentur.
2502 1000 2623 1067 Quo
2644 1016 2776 1071 ergo
2799 1008 2960 1070 pacto
2987 999 3059 1053 sit
3082 999 3295 1069 passio,
3334 1012 3467 1051 cum

1870 1093 2088 1164 patiens
2121 1091 2301 1147 subsit
2328 1091 2549 1145 nullus?
2604 1090 2755 1144 Vana
2795 1090 2943 1143 enim
2974 1088 3189 1159 species
3234 1103 3336 1157 pro
3368 1103 3466 1142 ve-

1873 1186 2056 1250 ritate,
2082 1192 2139 1239 et
2162 1185 2488 1254 phantasma
2523 1180 2802 1234 videbitur
2835 1195 3096 1249 magnum
3130 1178 3469 1233 incarnatio-

1872 1275 1962 1330 nis
1992 1275 2341 1346 mysterium.
2401 1270 2557 1326 Hanc
2587 1286 2724 1326 vero
2754 1270 2998 1325 fabulam
3046 1270 3375 1325 Valentinus
3407 1277 3466 1325 et

1872 1365 2234 1429 Bardesanes,
2282 1371 2341 1419 et
2387 1362 2633 1417 Marcion
2684 1369 2740 1415 et
2774 1360 2961 1415 Manes
2986 1369 3347 1437 pepererunt.
3397 1360 3472 1415 At

1873 1464 2033 1511 vetus
2063 1454 2329 1509 Ecclesiis
2358 1454 2491 1508 olim
2521 1452 2724 1507 tradita
2745 1452 3040 1522 disciplina
3070 1466 3241 1506 unum
3268 1452 3470 1508 Filium

1874 1546 2040 1603 etiam
2071 1553 2196 1615 post
2220 1543 2668 1600 incarnationem
2701 1532 2857 1599 novit
2887 1544 3183 1600 Dominum
3212 1554 3467 1602 nostrum

1874 1638 2062 1695 Jesum
2088 1637 2396 1701 Christum,
2435 1644 2491 1691 et
2517 1636 2779 1703 eumdem
2809 1635 3105 1691 conﬁtetur
3132 1637 3307 1692 Deum
3341 1644 3473 1691 ante

1878 1732 2099 1793 saecula,
2130 1738 2186 1784 et
2213 1729 2497 1784 hominem
2528 1728 2583 1781 in
2611 1725 2718 1781 ﬁne
2745 1726 2964 1781 dierum
2990 1727 3197 1782 factum
3221 1727 3473 1794 ;‘factum

165 1813 268 1867 τὸν
298 1812 467 1866 αὐτὸν
498 1813 752 1881 ὁμολογεῖ
785 1812 918 1864 Θεὸν
957 1812 1305 1884 προαιώνιον,
1340 1814 1433 1867 καὶ
1473 1813 1768 1885 ἄνθρωπον

1884 1829 2061 1875 autem
2088 1820 2368 1875 hominem
2400 1819 2780 1890 assumptione
2802 1819 3185 1886 humanitatis,
3215 1834 3329 1873 non
3351 1833 3475 1873 mu-

169 1904 267 1958 ὲπ*
304 1904 547 1973 ἐσχάτου
601 1903 709 1957 τῶν
755 1903 979 1974 ἡμερῶν
1039 1904 1360 1973 γενόμενονο
1393 1907 1685 1975 γενόμενον
1720 1906 1775 1958 δὲ

1884 1911 2087 1964 talione
2131 1908 2373 1963 deitatis.
2442 1907 2498 1962 Si
2550 1909 2699 1963 enim
2756 1908 3056 1963 humanam
3114 1907 3172 1962 in
3216 1902 3473 1961 naturam

172 1994 475 2064 ἄνθρωπον
525 1997 592 2065 τῇ
637 1994 941 2065 προσλήψει
974 1994 1072 2065 τῆς
1123 1995 1564 2067 ἀνθρωπότητος,
1603 1999 1665 2051 οὔ
1694 2000 1759 2069 τῇ

172 2086 357 2155 τροπῇ
402 2086 506 2147 τῆς
553 2085 827 2156 θεότητος.
879 2084 940 2138 Ei
995 2085 1102 2156 γὰρ
1148 2086 1245 2156 τὴν
1300 2088 1380 2149 εἰς
1425 2088 1776 2159 ἀνθρωπείαν

175 2173 349 2243 φύσιν
397 2175 431 2243 ή
488 2173 606 2227 θεία
646 2174 810 2242 φύσις
846 2174 1055 2244 ὑπέστη
1115 2175 1347 2245 τροπὴν,
1398 2176 1497 2228 οὐκ
1556 2176 1777 2245 ἔμεινεν

176 2266 325 2336 δπερ
364 2260 464 2336 ἦν·
492 2266 543 2319 εξ
571 2265 628 2319 δὲ
664 2265 737 2337 μὴ
766 2264 914 2319 ἔστιν
938 2267 1076 2336 ὅπερ
1108 2262 1195 2337 ἦν,
1226 2267 1437 2335 ψευδῶς
1480 2269 1642 2322 αὐτὸν
1680 2286 1778 2322 και

178 2355 337 2410 λοῦσι
396 2357 531 2410 Θεὸν
575 2358 626 2410 οἱ
678 2356 855 2411 ταῦτα
925 2356 1342 2428 θρησκεύοντες.
1418 2358 1559 2412 Ἀλλ’
1619 2362 1779 2430 ἡμεῖς

179 2446 463 2519 ἄτρεπτον
501 2447 663 2517 ῐσμεν
712 2448 805 2501 τὸν
862 2448 1128 2517 μονογενῆ
1184 2448 1275 2501 τοῦ
1320 2449 1454 2503 Θεοῦ
1500 2450 1642 2514 Υίδν,
1704 2450 1781 2516 ὡς

181 2537 343 2604 Θεὸν,
385 2541 479 2592 καὶ⁵
512 2538 607 2591 τοῦ
656 2540 825 2602 ὅντως
877 2538 1013 2591 Θεοῦ
1048 2538 1196 2593 Υἱόν.
1235 2541 1653 2613 Μεμαθήκαμεν
1673 2543 1783 2615 γὰρ

185 2630 342 2700 παρά
373 2630 476 2698 τῆς
526 2629 675 2692 θείας
726 2630 971 2699 Γραφῆς,
1008 2631 1084 2693 ὡς
1140 2632 1198 2683 ὲν
1258 2634 1437 2701 μορφῇ
1489 2632 1625 2685 Θεοῦ
1668 2634 1782 2687 ’ύπ-

186 2720 377 2792 ἅρχων
406 2721 567 2774 ελαῦε
602 2720 701 2791 τὴν
731 2721 827 2775 τοῦ
855 2720 1044 2774 δούλου
1074 2714 1307 2791 μορφὴν,
1339 2724 1433 2775 καὶ
1466 2724 1783 2793 σπέρματος

198 2809 459 2883 Ἀϐραάμ
493 2809 789 2866 ὶπελάὁετο
811 2810 947 2883 (90),
991 2811 1092 2865 ούκ
1134 2812 1213 2873 εἰς
1260 2814 1482 2884 σπέρμα
1527 2814 1783 2885 Ἀϐραάμ

190 2903 545 2975 μετεϐλήθη,
604 2904 699 2956 καὶ
756 2903 1125 2973 κεκοινώνηκε
1178 2907 1581 2976 παραπλησίως
1650 2910 1784 2978 ἡμῖν

190 2999 399 3070 σαρκός
444 3016 503 3051 τε
542 3000 634 3052 καὶ
689 2999 943 3068 αἵματος,
985 3001 1078 3050 καὶ
1132 3001 1313 3069 ψυχῆς
1369 3002 1639 3055 ἀθανάτου
1692 3006 1787 3059 καὶ

188 3089 455 3161 ἀμώμου.
492 3088 679 3144 Ταῦτα
706 3089 1067 3161 διατηρήσας,
1094 3092 1234 3162 ὑπὲρ
1260 3092 1358 3162 μὲν
1389 3094 1496 3146 τῶν
1530 3097 1785 3167 ήμαρτη-

1878 2001 2065 2056 divina
2098 2010 2294 2054 natura
2330 2006 2539 2054 mutata
2565 2006 2651 2054 est
2673 2039 2687 2063 ,
2729 2014 2841 2053 non
2878 1998 3083 2053 mansit
3112 1996 3263 2067 quod
3297 2003 3420 2051 erat
3458 2013 3473 2049 :

1878 2093 1923 2147 si
1970 2101 2154 2147 autem
2190 2106 2301 2144 non
2333 2098 2419 2145 est
2449 2090 2599 2158 quod
2626 2097 2747 2144 erat
2770 2132 2784 2154 ,
2834 2088 2977 2144 falso
3005 2088 3161 2143 illum
3195 2086 3479 2159 appellant

1880 2186 2054 2239 Deum
2106 2182 2201 2252 qui
2253 2181 2381 2235 talia
2425 2189 2785 2235 venerantur.
2848 2178 2921 2235 At
2948 2194 3052 2235 nos
3074 2178 3477 2234 immutabilem

1882 2279 2090 2333 scimus
2135 2274 2480 2346 unigenitum
2520 2272 2618 2328 Dei
2663 2271 2888 2339 Filium,
2928 2280 2990 2327 ut
3014 2272 3226 2339 Deum,
3279 2280 3337 2327 et
3358 2271 3479 2326 veri

1882 2368 1979 2422 Dei
2008 2367 2232 2421 Filium.
2294 2365 2374 2419 Ex
2426 2364 2613 2418 divina
2653 2362 2803 2418 enim
2839 2361 3132 2433 Scriptura
3178 2359 3479 2421 didicimus

1882 2459 2061 2531 quod,
2105 2473 2232 2513 cum
2263 2458 2319 2511 in
2350 2456 2527 2510 forma
2552 2456 2652 2509 Dei
2674 2463 2845 2519 esset,
2883 2453 3118 2510 formam
3145 2453 3295 2509 servi
3322 2468 3480 2509 accc-

1884 2550 2061 2621 perit,
2085 2557 2142 2603 et
2170 2563 2358 2604 semen
2382 2545 2619 2601 Abraha:
2640 2544 3026 2615 assumpserit,
3063 2559 3178 2599 non
3209 2543 3267 2598 in
3291 2556 3477 2597 semen

1884 2643 2120 2699 Abrahae
2148 2649 2399 2695 mutatus
2428 2640 2501 2694 sit
2531 2657 2545 2692 :
2573 2637 2831 2708 quodque
2864 2636 3299 2707 participaverit,
3335 2634 3481 2689 sicut

1886 2743 1941 2789 et
1963 2749 2085 2795 nos,
2114 2746 2336 2787 carnem
2359 2740 2418 2784 et
2437 2728 2787 2799 sanguinem,
2816 2727 3171 2797 animamque
3197 2725 3482 2779 immorta-

1885 2823 1995 2879 lem
2028 2831 2085 2879 et
2112 2823 2231 2878 sine
2254 2820 2488 2875 macula.
2523 2817 2652 2873 Haec
2674 2832 2801 2873 cum
2827 2823 3125 2882 servasset,
3157 2829 3259 2885 pro
3285 2802 3483 2882 corpo-

1887 2917 2045 2972 ribus
2096 2930 2220 2986 quae
2263 2919 2559 2984 peccarant
2607 2909 2822 2981 peccati
2849 2923 3049 2979 expers
3084 2921 3288 2977 corpus
3320 2920 3481 2961 suum

1888 3008 2122 3075 obtulit;
2159 3022 2262 3078 pro
2295 3004 2588 3061 animabus
2616 3016 2771 3068 vero,
2804 3002 3045 3056 animam
3078 2999 3148 3054 ab
3176 2997 3329 3053 omni
3356 3010 3485 3067 pec-

1889 3108 2014 3156 cato
2043 3098 2294 3153 liberam.
2363 3097 2664 3166 Propterea
2714 3092 3031 3148 communis
3063 3089 3234 3144 etiam
3295 3102 3487 3143 resur-

147 3205 155 3211 ’
193 3184 374 3237 κάτων
417 3182 687 3252 σωμάτων
720 3183 781 3235 τὸ
807 3184 1195 3254 ἀναμάρτητον
1232 3186 1395 3237 αὐτοῦ
1422 3189 1784 3258 προσενήνοχε

1899 3190 2165 3247 rectionis
2218 3203 2373 3259 spem
2425 3186 2718 3241 habemus.
2768 3182 3038 3239 Primitiis
3086 3181 3233 3237 enim
3292 3178 3486 3249 utique

197 3274 380 3346 σῶμα,
405 3275 548 3346 ὑπὲρ
582 3274 638 3327 δὲ
668 3274 776 3328 τῶν
803 3274 994 3344 ψυχῶν
1016 3274 1115 3344 τὴν
1146 3276 1327 3346 πάσης
1358 3278 1650 3349 ἐλευθέραν
1682 3298 1786 3351 κη-

194 3364 485 3428 λίδος..Διά
505 3382 589 3417 τοι
609 3365 767 3417 τοῦτο
790 3366 999 3436 καὶτῆς
1019 3369 1205 3437 κοινῆς
1225 3369 1575 3432 ἀναστάσεως
1597 3370 1790 3439 ἔχομεν

197 3457 299 3529 τὴν
352 3457 572 3509 ἑλπίδαο
614 3460 682 3527 τῇ
731 3456 840 3529 γὰρ
894 3458 1119 3530 ἀπαρχῇ
1157 3460 1424 3529 δήπουθεν
1472 3464 1789 3534 κοινωνήσει

197 3538 265 3602 τὸ
313 3549 500 3617 γένος·
550 3549 645 3603 καὶ
701 3549 952 3620 καθάπερ
994 3551 1069 3620 τῷ
1117 3552 1289 3622 ’Δδὲιμ
1339 3546 1799 3624 ὲκοινωνήσαμεν

200 3640 301 3710 τῆς
338 3640 614 3709 τελευτῆς,
643 3640 785 3693 οὕτω
818 3639 881 3710 δὴ
927 3643 1019 3693 καὶ
1044 3640 1123 3710 τῷ
1150 3644 1304 3712 Σωτῆ
1318 3661 1366 3695 ’δι
1422 3646 1647 3717 Χριστῷ
1678 3664 1791 3699 κοι-

205 3733 516 3803 νωνήσομεν
545 3732 645 3801 τῆς
673 3732 840 3800 ζωῆς.
874 3734 983 3785 Καὶ
1005 3734 1163 3786 τοῦτο
1190 3737 1377 3803 σαφῶς
1411 3738 1552 3807 ἡμᾶς
1581 3741 1608 3791 ὁ
1647 3738 1790 3801 θεῖος

219 3820 534 3885 ’Δπὸστολος
567 3820 938 3886 ὲξεπαίδευσε.
973 3839 990 3870 ι
1021 3821 1159 3872 Νυνὶ
1194 3822 1333 3889 γὰρ,
1364 3822 1523 3891 φησὶ,
1555 3824 1792 3893 Χριστὸς

208 3917 497 3986 ἐγήγερται
548 3916 612 3966 ὲκ
659 3912 893 3985 νεκρῶν,
940 3913 1164 3983 ἀπαρχὴ
1209 3913 1318 3967 τῶν
1376 3915 1792 3985 κεκοιμημένων

210 4009 443 4076 ἐγένετο.
488 4005 705 4077 Ἐπειδὴ
744 4005 853 4075 γάρ
895 4006 961 4057 δι’
1002 4005 1295 4075 ἀνθρώπου
1342 4006 1370 4057 ὁ
1410 4006 1662 4070 θάνατος,
1695 4008 1793 4061 καὶ

210 4100 280 4153 δι’
308 4098 591 4169 ἀνθρώπου
638 4098 935 4161 ἀνάστασις
974 4098 1207 4169 νεκρῶν.
1235 4099 1446 4168 Ὥσπερ
1481 4100 1590 4170 γάρ
1632 4102 1688 4153 ὲν
1716 4099 1793 4171 τῷ

227 4176 610 4263 οΛδὰμ’πάντες
631 4189 1087 4261 ἀποθνήσκουσιν,
1120 4189 1263 4243 οὕτω
1283 4190 1376 4243 καὶ
1394 4192 1450 4243 ἑν
1472 4192 1794 4263 τῷΧριστῷ

212 4283 403 4346 πάντες
431 4282 948 4353 ζωοποιηθήσονται.
974 4299 992 4331 ι
1034 4280 1221 4333 Ταῦτα
1264 4280 1359 4333 νῦν
1401 4282 1460 4335 ού
1502 4283 1791 4349 διδάσκων,

214 4375 329 4429 ἀλλ’
354 4374 720 4443 ἁναμνήσκων
753 4372 972 4444 γράφω,
1020 4372 1115 4425 καὶ
1154 4376 1438 4443 συντεμείν
1484 4374 1793 4439 σπουδάσας

215 4466 311 4538 τῆς
338 4464 624 4534 ἐπιστολῆς
674 4462 971 4535 ὑπερέϐην,
1014 4463 1089 4527 ὡς
1117 4458 1293 4533 οἶμαι,
1317 4465 1410 4518 τὸν
1460 4466 1607 4535 ὅρον,
1644 4466 1793 4519 Ἐπι.

1891 3285 1907 3302 ⁸
1934 3278 2365 3338 communicabit
2414 3286 2590 3332 totum
2624 3290 2799 3347 genus
2851 3292 2864 3328 :
2906 3283 2969 3329 et‘
3016 3270 3483 3344 quemadmodum

1891 3388 2015 3429 cum
2039 3373 2250 3427 Adamo
2269 3370 2573 3440 participes
2592 3367 2790 3423 mortis
2808 3368 3036 3433 fuimus,
3066 3366 3142 3420 ita
3168 3362 3383 3434 1210
3404 3362 3488 3417 vi-

1892 3474 1960 3520 ta:
1991 3479 2116 3519 cum
2146 3461 2370 3517 Christo
2395 3459 2683 3515 Salvatore
2732 3457 3030 3527 participes
3054 3454 3285 3532 erimus.
3308 3451 3485 3533 Quod

1892 3564 2081 3626 aperte
2114 3568 2215 3608 nos
2247 3551 2440 3606 docuit
2473 3549 2697 3604 divinus
2728 3548 3064 3617 Apostolus:
3098 3565 3115 3597 ‹
3139 3546 3301 3601 Νιιηο
3325 3558 3483 3609 vere,

1895 3646 2097 3715 inquit,
2116 3642 2374 3697 Christus
2402 3639 2708 3695 resurrexit
2734 3653 2765 3692 e
2794 3638 3051 3704 mortuis,
3079 3636 3339 3706 primitiae
3360 3634 3490 3690 dor-

1895 3736 2185 3789 mientium
2214 3732 2513 3802 :quoniam
2535 3730 2761 3800 quidem
2792 3745 2893 3799 per
2918 3729 3198 3783 hominem
3232 3744 3402 3791 mors,
3432 3735 3489 3780 et

1893 3841 1992 3895 per
2020 3824 2301 3877 hominem
2338 3821 2678 3876 resurrectio
2705 3830 3055 3875 mortuorum
3102 3837 3115 3873 :
3162 3828 3219 3874 et
3253 3804 3487 3873 sicut‘in

1895 3915 2105 3969 Adamo
2148 3928 2342 3967 omnes
2366 3911 2683 3965 moriuntur
2711 3951 2725 3975 ,
2782 3909 2860 3963 ita
2883 3920 2940 3964 et
2965 3909 3021 3963 in
3044 3908 3268 3965 Christo
3295 3923 3489 3962 omnes

1893 3999 2412 4058 viviﬁcabuntur“.
2443 4019 2461 4052 ι
2522 3997 2650 4055 Hac
2672 4007 2859 4053 autem
2892 4013 2995 4069 ego
3031 4014 3140 4053 non
3173 4007 3235 4051 ut
3260 3998 3488 4052 doceam

1894 4095 2100 4160 scribo,
2121 4094 2217 4149 sed
2238 4102 2297 4148 ut
2321 4107 2577 4148 revocem
2610 4092 2667 4145 in
2694 4090 3041 4147 memoriam.
3058 4089 3127 4145 Et
3151 4089 3282 4144 licet
3305 4088 3492 4143 brevi-

1895 4187 1991 4240 tati
2016 4184 2347 4249 studuerim,
2372 4183 2641 4255 epistolae,
2667 4190 2731 4237 ut
2751 4182 2973 4252 opinor,
2998 4181 3224 4236 modum
3253 4182 3488 4236 excessi.

1896 4275 2187 4332 Seribendi
2215 4290 2353 4330 vero
2386 4272 2526 4327 mihi
2559 4280 2757 4327 auctor
2796 4272 2901 4327 fuit
2939 4271 3298 4341 undiquaque
3328 4285 3490 4326 reve-

1897 4368 2262 4423 rendissimus
2308 4374 2365 4422 et
2398 4364 2854 4436 religiosissimus
2877 4362 3169 4435 presbyter
3217 4370 3275 4417 et
3304 4361 3492 4415 archi-

1898 4460 2175 4516 mandrita
2212 4459 2472 4514 Mecimas
2495 4498 2509 4522 ,
2559 4457 2655 4527 qui
2686 4455 2972 4512 charitatis
3000 4456 3119 4527 lege
3148 4454 3350 4510 ductus
3380 4463 3493 4508 tam

221 4558 416 4613 στεῖλαι
443 4556 503 4610 δέ
539 4571 605 4626 με
643 4552 987 4625 προύτρεψεν
1021 4556 1049 4607 ὁ
1076 4556 1253 4609 πάντα
1276 4555 1665 4619 εὐσεϐέστατος
1694 4556 1784 4609 καὶ

1891 4552 2114 4622 longum
2141 4552 2246 4606 iter
2267 4548 2526 4614 confecit,
2544 4556 2621 4614 et,
2642 4546 3088 4603 admirabilitatis
3100 4554 3298 4602 vestrae
3313 4546 3489 4600 zelum

220 4646 621 4716 θεοφιλέστατος
648 4645 1019 4716 πρεσϐύτερος
1048 4644 1143 4699 καὶ⁵
1166 4645 1594 4717 ἀρχιμανδρίτης
1617 4646 1793 4699 Μεκί-

228 4756 345 4812 μας,
374 4738 461 4791 διὰ
497 4738 595 4807 μὲν
638 4737 730 4789 τὸν
777 4734 880 4805 τῆς
931 4735 1154 4805 ἀγάπης
1184 4737 1347 4807 νόμον
1376 4736 1493 4790 ὁδὸν
1523 4736 1795 4806 τοσαύτην

223 4829 499 4895 ἐξανύσας,
522 4828 738 4893 διδάξας
762 4827 818 4880 δὲ
841 4827 1118 4897 ήμᾶςττὺν
1150 4828 1251 4897 τῆς
1281 4828 1552 4899 ὑμετέρας
1582 4828 1797 4900 θαυμα-

228 4925 461 4995 σιότητος
508 4921 694 4993 ζῆλον,
733 4920 827 4974 καὶ
866 4920 1097 4991 αἰτήσας
1126 4918 1430 4992 πυρσεύσαι
1460 4919 1651 4974 τοῦτον
1683 4923 1796 4984 τοῖς

1901 4658 2364 4708 commemorans,
2396 4640 2561 4712 petiit
2592 4649 2652 4694 ut
2675 4640 2827 4695 hunc
2854 4640 3035 4710 ipsum
3064 4638 3266 4693 litteris
3288 4638 3493 4693 nostris

1897 4736 2346 4793 accenderemus.
2388 4734 2503 4805 Ego
2532 4731 2718 4803 igitur
2770 4740 2828 4786 et
2867 4728 3163 4800 postulatis
3208 4729 3389 4799 parui,
3435 4736 3493 4783 et

1899 4828 2188 4900 epistolam
2211 4825 2431 4896 scripsi,
2470 4832 2527 4879 et
2554 4824 2942 4879 universorum
2968 4821 3259 4876 Dominum
3281 4836 3403 4883 oro,
3431 4826 3494 4874 ut

1854 4964 1871 4987 ,
1899 4936 1998 4975 vos
2024 4919 2081 4972 in
2105 4915 2211 4972 ﬁde
2234 4914 2531 4979 custodiat,
2557 4922 2615 4969 et
2636 4910 3000 4968 excribrantis
3015 4911 3257 4965 victores
3271 4908 3519 4967 eiiiciat..

224 5008 555 5091 γράμμασιν.
602 5015 747 5083 Ἐγὼ
784 5014 962 5069 τοίνυν
992 5014 1086 5067 καὶ
1134 5015 1233 5084 τὴν
1283 5016 1499 5085 αἴτησιν
1563 5015 1854 5086 ἐδεξάμην,
1894 5015 1989 5069 καὶ
2030 5016 2283 5085 γέγραφα
2328 5006 2427 5083 τὴν
2472 5008 2781 5081 ἐπιστολὴν,
2821 5007 3033 5061 καὶτὸν
3060 5006 3171 5059 τῶν
3212 5006 3351 5059 ὅλων
3378 5008 3491 5059 ἰκε-

226 5114 357 5169 τεύω
379 5113 677 5184 Δεσπότην,
709 5111 1025 5183 φρουρῆσαι
1060 5110 1205 5178 ὑμᾶς
1244 5110 1303 5162 ἐν
1348 5113 1413 5179 τῇ
1445 5110 1651 5176 πίστει,
1699 5114 1795 5165 καὶ
1834 5111 2117 5182 κρείττους
2140 5107 2419 5179 ἀποφῆναι
2446 5102 2541 5159 τοῦ
2574 5102 2919 5168 σινιάζοντος.

461 5228 652 5297 PKQ".
692 5258 763 5269 ——
791 5225 1126 5292 Zaé’wta'rd)
1170 5226 1508 5291 ὲπισκόπῳ.

308 5340 573 5411 Ἐπῄνεσά
615 5356 709 5392 σου
755 5337 853 5409 τὴν
902 5338 1181 5407 ῥσιότητα,
1252 5339 1657 5393 καταλιποῦσαν
1707 5340 1797 5392 τὸν

232 5432 507 5501 ἐπίφθονον
544 5430 756 5501 θρόνον.
801 5429 859 5483 Ὀ
883 5430 992 5500 γὰρ
1023 5430 1195 5484 πάλαι
1234 5430 1532 5502 οεδάσμιος
1566 5429 1663 5485 νῦν
1704 5431 1797 5499 γέ-

232 5541 349 5594 γονε
378 5523 818 5590 καταγέλαστος*
852 5520 1012 5575 ὢνιον
1043 5522 1151 5590 γὰρ
1188 5522 1355 5575 αὐτὸν
1401 5524 1562 5592 ἡμεῖς
1608 5524 1800 5596 ἐποιή-

300 5680 335 5713 “
368 5679 385 5734 1
413 5679 539 5736 Cor.
569 5696 655 5745 xv,
690 5678 781 5746 9.0,
810 5679 901 5733 ει.

2218 5220 2453 5277 CXXVI.
2484 5248 2558 5260 —
2593 5215 2885 5273 Sabiniano
2910 5217 3171 5287 episcopo.

1976 5339 2333 5394 Sanctitatem
2356 5344 2504 5391 tuam
2520 5333 2781 5390 laudibus
2800 5331 2997 5397 extuli,
3019 5345 3148 5386 cum
3164 5327 3490 5383 invidias-ur.

1905 5430 2222 5486 cathedram
2247 5428 2492 5499 reliquit.
2525 5426 2656 5494 Quae
2682 5426 2831 5481 enim
2858 5420 3171 5479 veneranda
3196 5420 3325 5474 olim
3350 5429 3493 5479 erat,

1909 5538 2057 5577 nunc
2092 5521 2232 5576 facta
2260 5528 2345 5577 est
2368 5518 2602 5575 ridicula
2651 5536 2664 5572 :
2710 5515 2959 5573 venalem
2986 5513 3193 5585 quippe
3216 5512 3364 5567 illam
3395 5523 3496 5564 nec

294 5820 405 5893 {90)
435 5820 604 5875 Recte
634 5819 715 5875 sic
761 5819 931 5890 Neap.
975 5818 1256 5875 Sirmonrl.
1304 5818 1539 5874 habebat
1596 5816 1919 5871 ἁπελὲιῦετο.
