4086 6326
173 365 321 435 1341

1524 365 1888 427 EPISTULA
1926 366 2155 431 CXXX.

3333 363 3480 430 1342

170 500 296 539 νων
350 481 451 556 μὲν
493 481 587 536 καὶ
640 479 944 544 Ἰουδαίων,
999 481 1090 534 καί
1147 479 1328 552 πάσης
1391 480 1778 553 είρηνευοόσης

1894 482 2221 550 l'rucntibus,
2254 484 2372 540 sola
2416 492 2602 540 autem
2635 482 2881 538 Ecclesia
2925 488 3309 554 tempestatem
3341 498 3475 553 pro-

169 576 473 646 αερέσεως,
521 575 690 645 μόνης
735 574 795 628 δὲ
836 574 937 645 τῆς
975 572 1301 643 Ἐκκλησίας
1351 571 1777 643 χειμαζομένης,

172 666 671 742 καὶήπαγχαλέπῳ
720 664 953 720 κλύδωνι
999 663 1429 737 περιπεσούσης.
1479 664 1588 718 Καὶ
1620 665 1780 735 ἡμεῖς

171 759 237 813 δὲ
284 758 657 831 διαφερόντως
700 758 800 828 τῆς
832 756 943 810 τῶν
983 756 1267 829 ὑμετέρων
1306 753 1626 826 προσευχῶν
1668 754 1782 806 δεό-

179 846 335 916 μεθα
367 846 643 920 βοηθείας,
682 844 779 899 καὶ
804 844 913 899 τῶν
940 844 1313 915 νομισθέντων
1359 840 1781 911 συναγωνιστῶν

171 936 731 1008 ἀνταγωνιζομένων.

171 1050 365 1105 ΡΚΘν.
393 1082 462 1091 -
487 1050 707 1121 Μάγνῳ
738 1048 1073 1121 Ἀντωγίνῳ
1114 1048 1499 1121 πρεσϐυτέρῳ
1533 1046 1635 1101 καί
1670 1046 1778 1115 dp-

724 1117 1084 1191 χιμανδρίτῃ
1111 1116 1247 1190 (9|).

253 1234 400 1295 Τοὺς
442 1231 544 1303 μὲν
579 1228 800 1302 νύκτωρ
846 1228 1111 1294 πλέοντας
1148 1232 1201 1284 ot
1244 1229 1355 1285 τῶν
1382 1230 1622 1302 λιμινων
1648 1230 1785 1301 ψυχ-

172 1322 469 1395 αγωγοῢσι
500 1322 721 1395 πυρσοίο
762 1321 890 1386 τοὺς
924 1320 983 1375 δὲ
1028 1321 1130 1390 τῆς
1160 1322 1528 1392 ἀποστολικῖπ
1555 1339 1777 1394 προκινο

171 1414 511 1479 δυνεύοντας
538 1414 799 1478 πίστεως,
825 1412 936 1466 τῶν
963 1412 1277 1484 όμοπίστων
1300 1415 1328 1468 6
1349 1413 1533 1486 ζῆλος.
1567 1413 1782 1486 Ίκανὴν

171 1507 370 1560 τοίνυν
423 1506 621 1578 ἔχομεν
676 1502 1016 1576 παραψυχὴν
1064 1505 1166 1575 τῆς
1197 1503 1474 1575 ὑμετέρας
1505 1504 1784 1574 φιλοθεῖας

174 1598 316 1662 τοὺς
354 1597 495 1668 ὑπὲρ
546 1595 656 1649 τῶν
704 1596 867 1650 θείων
897 1596 1184 1668 δογμάτων
1219 1596 1440 1665 ἀγῶνας
1468 1596 1780 1659 ἀκούοντες.

174 1690 303 1743 Καὶ
330 1688 439 1761 γάρ
475 1688 679 1759 ταύτην
709 1688 839 1758 ὑμῖν
890 1686 989 1760 τὴν
1040 1687 1271 1758 γνώμην
1312 1690 1341 1741 6
1387 1687 1784 1759 Μεγαλόδωρος

176 1781 523 1851 ἐδωρήσατο,
568 1780 664 1833 καὶ
709 1780 811 1848 τῆς
855 1778 1065 1835 τούτων
1092 1779 1260 1833 ἓνεκα
1294 1778 1544 1849 φυλακῆς
1602 1778 1785 1831 πάντα
1814 1816 1859 1871 Β

181 1872 355 1925 πόνον
383 1869 687 1940 εἰσφέρετε.
750 1869 892 1938 Ἐγὼ
940 1869 998 1924 δὲ
1040 1869 1127 1924 διά
1167 1871 1266 1940 τῆς
1326 1870 1601 1941 ὑμετέρας
1645 1868 1786 1939 ψυχ-

180 1962 584 2033 αγωγούμενος
616 1961 930 2033 προθυμίας
981 1963 1187 2032 μικρὰν
1219 1961 1489 2015 ἀντίδοσιν
1513 1960 1778 2030 εἰσφέρω,

180 2053 301 2107 τῶν
338 2050 567 2120 ἀγώνων
611 2052 757 2122 ὑμᾶς
789 2050 902 2105 τῶν
947 2050 1107 2105 θείων
1154 2050 1377 2122 ἔχεσθαι
1429 2048 1784 2121 παρακαλῶν,

181 2143 291 2197 καὶ
335 2145 444 2197 τῶν
495 2143 807 2196 ἀντιπάλων
839 2141 916 2204 ὡς
966 2141 1254 2195 εὐαλώτων
1310 2145 1673 2213 καταφρονεῖν
1709 2140 1792 2213 (τί

182 2233 302 2303 γάρ
332 2230 721 2303 ἀσθενέστερον
747 2231 859 2284 τῶν
892 2232 991 2302 τῆς
1038 2231 1298 2302 ἀληθείας
1334 2231 1780 2304 ἑστερημένων),

184 2323 515 2379 πεποιθέναι
546 2323 605 2377 δὲ
632 2322 710 2393 τῷ
729 2318 969 2397 εἰπόντν
1007 2341 1026 2376 ι
1062 2323 1138 2377 Οὐ
1177 2326 1250 2395 μή
1286 2341 1345 2378 σε
1379 2324 1517 2389 ἀνῶ,
1554 2323 1677 2376 οὐδὲ
1708 2323 1784 2394 μή

188 2432 257 2470 σε
279 2406 717 2483 ὲγκαταλίπῶτι
754 2414 885 2467 καίο
926 2434 945 2467 ι
996 2414 1130 2469 ’ἰδοὺ
1169 2414 1281 2483 ἐγὼ
1310 2415 1429 2486 μεθ’
1476 2414 1630 2487 ὑμῶν
1671 2416 1787 2485 είμι

192 2502 377 2566 πάσας
407 2503 508 2566 τὰς
540 2504 755 2573 ἡμέρας
775 2503 881 2566 ἕως
912 2504 1013 2573 τῆς
1046 2504 1358 2568 συντελείας
1385 2504 1481 2558 τοῦ
1511 2505 1725 2568 αἰῶνος.
1761 2522 1780 2555 ι

201 2594 560 2664 Ἐπαμύνατε
601 2594 659 2647 δὲ
694 2593 866 2664 κάμοὶ
903 2597 1022 2658 ταῖς
1052 2598 1413 2666 προσευχαῖς,
1446 2598 1534 2650 ἵνα
1563 2596 1786 2667 θαρρῶν

186 2683 451 2753 ἐπιλέγω·
484 2704 505 2737 ‹
542 2684 747 2757 Κύριος
781 2684 1143 2757 ὲμοὶοβοηθδς,
1175 2687 1270 2742 καὶ
1289 2688 1351 2741 οὐ
1382 2688 1785 2760 φοὸηθήσομαι,

185 2772 252 2829 τί
270 2775 484 2844 ποιήσει
517 2792 609 2844 μοι
634 2774 943 2845 ἄνθρωπος.
981 2793 1000 2826 ›

539 2887 665 2942 PA'.
687 2916 760 2929 --
791 2888 1049 2960 Τιμοθέῳ
1099 2890 1435 2956 ἐπισκόπφ.

272 3002 348 3056 οὐ
386 3002 565 3073 μάτην
600 3001 711 3073 ἀρα
743 3003 852 3056 τῶν
876 2995 1016 3057 ὅλων
1056 3005 1086 3058 6
1108 3005 1472 3077 κυϐερνήτης
1513 3010 1791 3081 συγχωρεῖ

190 3096 309 3159 τοῖς
345 3096 617 3166 πνεύμασι
655 3097 770 3160 τοῖς
804 3095 1069 3160 ἐναντίοις
1098 3097 1366 3169 διεγεῖραι
1397 3099 1497 3171 τῆς
1529 3100 1790 3165 ἀσεδείας

191 3189 267 3246 τὰ
316 3189 559 3262 κύματα·
612 3188 728 3243 ἀλλ’
782 3190 871 3243 ἵνα
922 3189 1031 3242 τῶν
1081 3188 1355 3244 πλεόντων
1394 3190 1658 3263 βασανίσῃ
1689 3192 1788 3255 τὰς

190 3280 444 3351 γνώμας,
480 3280 572 3332 καὶ
600 3278 709 3332 τῶν
741 3278 839 3349 μὲν
872 3278 974 3350 τὴν
1019 3278 1245 3349 ἀνδρίαν
1273 3279 1558 3351 γυμνώσγι,
1593 3281 1704 3335 τῶν
1731 3282 1789 3334 δὲ

191 3371 298 3444 τὴν
318 3372 522 3425 δειλίαν
551 3370 766 3441 ἐλέγξῃ·
800 3372 897 3426 καὶ
922 3372 1050 3436 τοὺς
1092 3372 1193 3442 μὲν
1216 3374 1318 3443 τῆς
1347 3372 1630 3437 εὐσεϐείας
1655 3373 1790 3440 ἔξω·

193 3461 293 3516 θεν
325 3459 750 3531 περικειμένους
782 3462 1000 3532 μορφὴν
1030 3462 1272 3533 γυμνοὺς
1298 3462 1447 3533 δείξῃ
1482 3463 1592 3516 τῶν
1621 3480 1793 3533 προσ·

191 3551 440 3612 ωπείων,
476 3552 604 3614 τοὺς
642 3550 700 3603 δὲ
757 3550 862 3620 τῆς
920 3551 1181 3621 ἀληθείας
1212 3552 1532 3624 ἀνακηρύξῃ
1578 3554 1793 3623 προμά-

194 3660 351 3716 χους.
391 3643 563 3695 Τοῦτο
610 3644 707 3695 κιπύ⁸
740 3641 836 3696 νῦν
874 3642 1240 3713 γεγενημένον
1283 3642 1653 3714 ἐθεασάμεθα.
1684 3644 1792 3698 Τοῦ

194 3735 310 3806 γάρ
357 3732 625 3804 χειμῶνος
651 3733 1079 3801 ἐπαναστάντος,
1112 3736 1160 3788 oi
1204 3734 1302 3806 μὲν
1336 3735 1663 3806 ἐγύμνωσαν
1694 3738 1793 3807 τὴν

196 3827 595 3896 κεκρυμμένην
650 3826 934 3891 ἀσέϐειαν,
984 3827 1036 3881 οξ
1079 3828 1136 3880 δὲ
1177 3826 1485 3899 προῦδοσαν
1524 3830 1592 3899 ἣν
1647 3819 1808 3900 εἶχον

196 3914 483 3989 ἀλήθειαν,
509 3918 603 3972 καὶ
628 3919 727 3988 τῆς
746 3920 854 3973 τῶν
883 3919 1194 3973 ἀντιπάλων
1219 3921 1465 3989 ἐγένοντο
1491 3922 1801 3992 φάλαγγος,

199 4012 300 4065 καὶ
337 4010 473 4081 μετὰ
505 4011 731 4065 ἐκείνων
764 4011 1052 4082 βάλλουσιν
1085 4012 1181 4076 οὓς
1210 4013 1466 4085 ἀριστέας
1489 4014 1795 4086 ὠνόμαζον.

90 4143 131 4185 ,Ι
199 4103 268 4156 Οἱ
300 4102 357 4155 δὲ
385 4101 558 4154 ταῦτα
591 4101 831 4173 ὁρῶντες
853 4143 868 4163 ,
901 4104 1029 4167 τοὺς
1074 4103 1174 4173 μὲν
1216 4104 1510 4174 πολεμίους
1542 4106 1792 4173 μισοῦσι,

197 4189 332 4251 τοὺς
359 4189 414 4241 δὲ
446 4190 781 4260 αὐτομόλους
816 4187 1095 4263 θρηνοῦσι,
1125 4196 1236 4257 τοῖς
1263 4194 1319 4245 δὲ
1352 4195 1491 4265 ὑπὲρ
1522 4195 1630 4249 τῶν
1661 4198 1799 4249 ἀπο-

201 4279 469 4333 στολικῶν
502 4280 934 4351 πολεμουμένοις
973 4282 1261 4353 δογμάτων
1312 4285 1575 4355 ἐπαρκεῖν
1618 4287 1799 4359 ὀρρω-

198 4368 411 4423 δοῦσιν.
448 4370 510 4423 Εἰ
536 4370 593 4423 δὲ
633 4372 727 4423 καὶ
763 4371 1067 4444 βιαιότερον
1108 4374 1293 4439 αὐτοῖς
1318 4378 1365 4429 οἰ
1397 4376 1801 4448 προδεδωκότες

199 4460 502 4522 ἐπίθοιντο,
534 4461 674 4530 τάχα
717 4461 780 4527 δὴ
823 4463 917 4515 καὶ
945 4464 1099 4517 αὐτοὶ
1132 4464 1239 4518 τῶν
1268 4467 1597 4531 τοξευόντων
1639 4472 1794 4541 γενήυ

202 4571 414 4619 σονται,
459 4554 552 4607 καὶ
581 4553 690 4607 τῶν
725 4555 1036 4625 ὀμοπίστων
1060 4557 1122 4611 οὐ
1150 4558 1449 4626 φείσονται,
1483 4561 1621 4616 ἀλλά
1654 4563 1798 4616 κατά

200 4648 415 4700 τούτων
444 4648 572 4708 τοὺς
605 4646 887 4718 καλάμους
917 4649 1055 4719 μετά
1092 4650 1201 4702 τῶν
1236 4651 1342 4705 ὑπὸ
1376 4654 1527 4722 σφῶν
1558 4671 1800 4725 κατηγο-

208 4738 491 4810 ρουμένων
524 4737 819 4809 ὠθήσουσι·
859 4740 1153 4817 καὶταῦτα
1202 4744 1354 4816 παρά
1397 4746 1496 4817 τῆς
1531 4746 1682 4809 θείας
1718 4748 1803 4801 δε-

201 4830 520 4899 διδαγμένοι
564 4831 603 4882 Γ
608 4832 810 4901 ραφῆς,
841 4830 917 4895 ὡς
965 4832 1028 4885 τὸ
1073 4815 1174 4904 μὲν
1211 4815 1463 4905 ἀδικῆσαι
1492 4836 1584 4892 τὸν
1629 4838 1800 4904 πέλας

203 4921 486 4990 τιμωρίας
532 4922 856 4989 ὑπεύθυνον,
901 4924 963 4977 τὸ
994 4924 1050 4978 δέ
1080 4942 1142 4994 γε
1183 4926 1509 4999 ἀδικηθῆναι
1557 4930 1665 4985 τῶν
1704 4949 1802 5002 μεο

211 5013 393 5083 γάλων
439 5015 531 5067 καὶ
573 5014 815 5085 διαρκῶν
871 5016 1198 5071 ἀντιδόσεων
1256 5019 1536 5091 πρόξενον.
1588 5023 1702 5094 Τῆς
1742 5024 1800 5079 δὲ

214 5106 318 5176 σῆς
361 5106 693 5171 θεοσεϐείας.
749 5109 846 5161 καὶ
889 5108 983 5164 τὸν
1017 5111 1158 5180 ὑπὲρ
1198 5110 1299 5181 τῆς
1348 5113 1586 5178 πίστεως
1616 5113 1799 5185 ζῆλον,

211 5197 309 5251 καὶ
343 5196 441 5268 τὴν
463 5198 591 5267 περὶ
610 5200 758 5269 ἡμᾶς
788 5198 1001 5253 εὔνοιαν
1029 5193 1185 5265 οὗτος
1215 5203 1242 5255 6
1271 5198 1479 5256 κλύδων
1501 5206 1798 5271 ἐπέδειξεν.

207 5287 327 5343 Καὶ
356 5288 464 5360 γάρ
500 5290 584 5353 δὶς
614 5292 749 5362 ἡμῖν
776 5292 1119 5358 ἐπέστειλας,
1150 5293 1259 5348 τῶν
1282 5294 1672 5369 δεδιττομένων
1705 5316 1804 5352 κα-

204 5380 587 5449 ταφρονήσας.
638 5382 735 5435 καὶ
786 5381 885 5453 τὴν
940 5383 1236 5456 ἀδελφικὴν
1285 5386 1670 5459 φιλοστοργίαν
1714 5389 1802 5444 διά

206 5468 328 5525 τῶν
379 5473 727 5542 γραμμάτων
772 5473 1070 5544 ἐδήλωσας,
1125 5477 1220 5530 καὶ
1254 5477 1348 5543 οὓς
1395 5480 1541 5551 ἔχεις
1584 5480 1802 5549 ἀγῶνας

1884 578 2193 648 cellamque
2243 577 2628 648 gravissimam
2680 577 3014 633 sustinente.
3052 574 3167 630 Nos
3194 589 3327 629 vero
3365 590 3479 645 prae

1884 668 2098 722 caeteris
2144 684 2374 738 precum
2446 676 2759 722 vestrarum
2810 665 3019 723 auxilio
3080 664 3417 736 indigemus,
3464 667 3478 686 ⁸

1878 758 1995 836 illis
2039 759 2176 830 ipsis
2220 774 2324 815 nos
2354 758 2453 831 qui
2496 773 2853 830 propugnare
2886 755 3261 812 credebantur
3293 753 3479 824 impu-

1883 851 2202 922 gnantibus.

1999 1053 2239 1112 CXXlX.
2282 1084 2354 1094 —
2386 1051 2894 1125 HagnoAntonino
2936 1049 3247 1123 presbytero
3301 1054 3372 1109 σε.

2454 1122 2913 1199 ᾰζείιὺηαηάνίιω.

1957 1239 2065 1294 Eos
2083 1236 2178 1308 qui
2207 1245 2376 1293 noctu
2397 1235 2663 1305 navigant
2701 1239 2968 1304 portuum
3008 1228 3158 1287 faces
3189 1228 3480 1285 consolan-

1884 1338 1997 1397 tur;
2026 1345 2124 1400 pro
2151 1328 2363 1400 1213
2398 1326 2506 1382 ﬁde
2530 1341 2664 1381 vero
2696 1323 3053 1388 dimicantes,
3079 1320 3303 1378 illorum
3326 1318 3481 1374 zelus

1884 1422 1981 1493 qui
2012 1419 2265 1477 eamdem
2287 1417 2454 1474 simul
2480 1416 2648 1473 ﬁdem
2677 1421 2891 1472 tenent.
2934 1412 3325 1469 Abundantem
3347 1424 3481 1481 ergo

1884 1512 2158 1566 habemus
2199 1506 2660 1574 consolationem,
2698 1519 2826 1560 cum
2867 1503 3095 1576 pietatis
3140 1510 3340 1565 vestrae
3376 1514 3481 1571 pro

1885 1600 2091 1657 divinis
2120 1597 2475 1670 dogmatibus
2508 1610 2716 1669 agones
2752 1594 3033 1650 audimus.
3086 1592 3241 1649 lianc
3271 1590 3480 1648 etenim

1884 1693 2044 1748 vobis
2059 1698 2298 1747 mentem
2320 1688 2512 1762 injecit
2526 1685 2826 1748 muniﬁcus
2848 1686 3124 1757 Largitor,
3145 1691 3208 1739 ut
3230 1698 3331 1756 pro
3363 1682 3486 1738 illo-

1886 1796 2013 1835 rum
2036 1779 2289 1835 custodia
2318 1777 2535 1832 nullum
2574 1776 2824 1831 laborem
2854 1772 3159 1845 refugiatis.
3188 1772 3304 1843 Ego
3345 1785 3481 1826 vero

1890 1873 1995 1927 hac
2040 1880 2225 1927 vestra
2273 1868 2560 1925 alacritate
2604 1874 2888 1922 recreatus
2930 1866 3183 1937 exiguam
3228 1861 3481 1919 retribuo

1888 1963 2239 2026 mercedem,
2305 1967 2369 2017 ut
2423 1960 2482 2015 in
2527 1957 2735 2015 divinis
2786 1957 3056 2029 agonibus
3111 1953 3485 2027 perseveretis

1887 2065 2055 2107 orans
2097 2060 2157 2116 et
2191 2050 2539 2106 adversarios
2566 2056 2627 2102 ut
2663 2056 2829 2118 captu
2869 2045 3060 2103 faciles
3114 2043 3484 2106 contemnatis

1890 2141 2071 2215 (quid
2118 2140 2269 2196 enim
2325 2137 2661 2194 imbecillius
2691 2146 2778 2193 est
2822 2136 2894 2193 iis
2930 2138 3026 2207 qui
3073 2136 3308 2191 veritate
3354 2140 3486 2189 sunt

1887 2228 2246 2301 destitutil),
2280 2228 2333 2284 ei
2358 2236 2546 2283 autem
2568 2226 2864 2283 cenﬁdatis
2886 2225 2983 2297 qui
3013 2225 3154 2280 dixit
3182 2241 3198 2278 :
3233 2244 3252 2276 ι
3272 2223 3395 2279 Non
3430 2231 3485 2279 te

1889 2322 2170 2389 deseram,
2214 2337 2396 2392 neque
2436 2328 2491 2376 te
2533 2320 2925 2391 .derelinquam
2961 2318 3039 2386 δ³;
3079 2337 3098 2370 ι
3149 2325 3207 2373 et
3239 2335 3253 2372 :
3290 2337 3309 2370 ‹
3340 2316 3484 2385 Ecce

1887 2429 1992 2486 ego
2021 2413 2311 2467 vobiscum
2342 2427 2464 2467 sum
2494 2410 2757 2465 omnibus
2797 2409 2998 2466 diebus
3027 2424 3205 2479 usque
3240 2409 3309 2464 ad
3350 2423 3487 2463 con-

1888 2504 2316 2563 summationem
2345 2501 2532 2558 saeculi
2558 2503 2627 2554 “.
2672 2520 2691 2553 ι
2734 2501 3005 2574 Adjuvate
3038 2501 3208 2556 etiam
3239 2516 3329 2556 me
3362 2513 3490 2570 pre-

1888 2598 2070 2662 cibus,
2097 2604 2159 2651 ut
2192 2594 2427 2650 ﬁdenter
2460 2593 2721 2663 adjiciam
2758 2613 2773 2649 :
2810 2612 2829 2645 ι
2860 2592 3129 2661 Dominus
3158 2590 3301 2645 mihi
3335 2590 3491 2662 adju-

1888 2699 1998 2757 tor,
2030 2697 2087 2745 et
2120 2702 2233 2744 non
2258 2686 2467 2743 timebo
2493 2686 2629 2757 quid
2653 2685 2822 2742 faciat
2842 2685 2982 2741 mihi
3007 2684 3177 2742 homo
3194 2683 3263 2740 ⁸⁸.
3294 2703 3313 2735 ι

2246 2901 2462 2958 CXXX.
2483 2932 2555 2943 —-
2584 2902 2850 2957 Timotheo
2887 2903 3146 2974 episcopo.

1960 3014 2083 3069 Non
2135 3013 2235 3068 abs
2279 3028 2339 3068 re
2375 3012 2636 3068 videlicet
2664 3012 3000 3068 adversariis
3044 3012 3337 3083 spiritibus
3360 3026 3493 3082 per-

1888 3105 2065 3161 mittit
2103 3104 2351 3160 omnium
2398 3105 2605 3160 Reetor
2642 3113 2706 3160 ut
2753 3103 3054 3174 impietatis
3095 3103 3298 3159 ﬁuctus
3363 3118 3497 3159 eon-

1893 3195 2187 3261 citent,sed
2214 3210 2282 3249 eo
2310 3193 2440 3259 ﬁne,
2485 3201 2547 3249 ut
2590 3193 2968 3265 navigantium
3026 3193 3242 3249 animos
3296 3195 3490 3264 explo-

1893 3298 2022 3352 ret,
2078 3295 2247 3355 atque
2315 3286 2551 3340 aliorum
2605 3284 2991 3341 fortitudinem
3047 3292 3300 3355 retegat,
3351 3283 3494 3339 alio-

1894 3395 2017 3433 rum
2085 3377 2438 3432 timiditatem
2503 3383 2797 3445 coarguat;
2860 3383 2918 3430 et
2982 3376 3051 3429 iis
3107 3376 3332 3446 quidem
3393 3374 3488 3445 qui

1893 3480 2181 3526 externam
2211 3477 2422 3523 tantum
2450 3469 2671 3539 pietatis
2695 3468 2938 3538 speciem
2956 3467 3163 3522 habent
3192 3480 3489 3539 personam

1895 3562 2126 3627 adimat,
2152 3560 2408 3617 veritatis
2445 3568 2632 3616 autem
2672 3560 2997 3615 defensores
3027 3574 3154 3615 cum
3188 3557 3351 3615 laude
3398 3572 3491 3611 re-

1896 3655 2140 3709 nuntiet.
2189 3653 2306 3708 lloc
2362 3668 2513 3706 nunc
2576 3652 2744 3706 etiam
2811 3650 3018 3705 factum
3085 3648 3491 3720 perspeximus.

1897 3748 2101 3802 Exorta
2133 3746 2282 3801 enim
2309 3752 2633 3814 tempestate
2667 3744 2761 3798 alii
2794 3744 3128 3799 occultatam
3153 3740 3494 3811 impietatem

1898 3836 2302 3909 patefecerunt,
2359 3834 2453 3888 alii
2497 3849 2662 3904 quam
2704 3833 2967 3888 tenebant
2996 3834 3287 3889 veritatem
3331 3831 3495 3886 dese-

1898 3934 2155 3991 ruerunt,
2182 3926 2251 3980 ad
2287 3924 2643 3993 hostiumque
2669 3931 2858 3993 partes
2900 3922 3260 3986 transierunt,
3286 3929 3344 3973 et
3369 3934 3493 3974 cum

1900 4020 2011 4074 illis
2045 4034 2143 4073 eos
2171 4016 2383 4071 feriunt
2406 4029 2546 4085 quos
2570 4013 2806 4067 maxime
2836 4021 3096 4067 strenuos
3120 4009 3492 4081 appellabant.

1900 4110 2007 4177 Qui
2038 4125 2172 4164 vero
2221 4109 2340 4162 haec
2381 4108 2694 4169 intuentur,
2741 4104 2931 4159 hostes
2967 4101 3192 4173 quidem
3233 4101 3497 4166 oderunt,

1904 4200 2329 4270 desertoresque
2368 4199 2582 4269 lugent,
2627 4196 2721 4253 sed
2766 4194 2984 4269 1215
3014 4194 3082 4250 iis
3108 4194 3203 4265 qui
3231 4194 3497 4265 apostoli-

1903 4308 2097 4348 eorum
2147 4293 2464 4362 dogmatum
2513 4303 2679 4344 causa
2727 4297 3120 4359 oppugnantur
3154 4302 3316 4357 opem
3351 4284 3497 4340 ferre

1901 4374 2319 4456 pertimescunt.
2336 4381 2492 4448 Quod
2508 4382 2553 4436 si
2580 4380 2766 4435 aerius
2787 4379 2911 4434 illos
2928 4387 3157 4449 urgeant
3180 4377 3495 4447 transfugas,

1835 4508 1879 4562 ο
1904 4474 2139 4529 fortasse
2164 4482 2221 4529 et
2244 4473 2350 4542 ipsi
2376 4472 2443 4527 ad
2478 4472 2845 4543 iaculantium
2874 4485 3165 4526 numerum
3208 4469 3494 4534 accedent,

1906 4566 2145 4636 fideique
2189 4566 2542 4621 consortibus
2587 4582 2699 4621 non
2738 4573 2992 4636 parcent,
3040 4561 3137 4618 sed
3181 4561 3408 4633 sagittas
3442 4560 3499 4615 in

1908 4659 2033 4713 illos
2055 4672 2181 4712 cum
2221 4658 2287 4712 iis
2332 4659 2556 4713 mittent
2581 4672 2723 4728 quos
2748 4656 2972 4727 ipsimet
3000 4661 3261 4710 accusant
3288 4669 3303 4706 :
3332 4652 3501 4722 idque

1905 4765 2032 4805 cum
2090 4765 2158 4803 cx
2188 4749 2376 4804 divina
2419 4748 2705 4819 Scriptura
2741 4748 3075 4813 didicerint,
3099 4754 3157 4801 et
3188 4760 3367 4816 poena:
3388 4744 3493 4799 ob-

1905 4843 2131 4898 noxiam
2164 4857 2296 4916 esse
2328 4841 2587 4913 iniuriam
2638 4841 2696 4896 in
2743 4839 3078 4911 proximum,
3112 4845 3169 4892 et
3218 4850 3412 4907 magna
3433 4848 3505 4891 ac

1906 4934 2130 4991 stabilia
2163 4933 2388 5004 praemia
2422 4932 2667 4988 ferendis
2694 4927 3292 5003 injuriis-comparari.
3319 4925 3503 4980 Picta-

1909 5029 1980 5084 tis
2002 5030 2021 5051 ⁶
2043 5043 2209 5099 porro
2237 5037 2345 5082 tua:
2372 5033 2429 5081 et
2460 5025 2639 5081 zelum
2668 5039 2769 5094 pro
2807 5022 2937 5088 ﬁde,
2972 5030 3031 5078 et
3056 5018 3503 5076 benevolentiam

1907 5136 2038 5190 erga
2068 5135 2169 5174 nos
2193 5118 2434 5190 procella
2464 5117 2569 5173 ista
2590 5115 3015 5173 demonstravit.
3055 5114 3195 5169 Nam
3227 5121 3285 5167 et
3315 5111 3406 5166 bis
3430 5110 3504 5164 ad

1905 5229 2008 5267 nos
2030 5210 2327 5282 scripsisti,
2354 5224 2453 5266 eos
2484 5223 2757 5280 spernens
2785 5206 2881 5278 qui
2907 5205 3286 5269 deterrebant,
3309 5210 3365 5258 et
3389 5203 3502 5258 fra-

1904 5309 2125 5356 ternum
2154 5314 2401 5356 amorem
2439 5315 2541 5371 per
2578 5297 2798 5353 litteras
2840 5294 3157 5361 ostendisti,
3198 5302 3254 5350 et
3295 5292 3504 5365 agones

1905 5392 2163 5448 indicasti
2193 5406 2334 5462 quos
2368 5406 2468 5461 pro
2518 5388 2837 5461 apostolicis
2869 5386 3222 5459 dogmatibus
3253 5384 3498 5441 sustine-

1904 5484 2025 5539 bas.
2061 5482 2331 5555 Mandastj
2374 5480 2524 5536 enim
2575 5488 2637 5536 ut
2682 5477 3078 5542 scriberemus,
3124 5489 3376 5547 quaenam
3428 5471 3500 5527 de

283 5624 335 5659 ⁸³
357 5626 525 5682 Josue
553 5642 591 5691 ι,
615 5627 670 5682 5.
746 5624 1008 5683 “Matth.
1045 5644 1228 5696 xxviii,
1257 5630 1346 5687 20.
1424 5632 1469 5665 ⁸⁸
1505 5633 1649 5688 Psal.
1684 5649 1848 5700 cxvu,
1884 5632 1938 5689 6.

288 5758 401 5831 (9|)
450 5759 675 5830 Μάγνῳ,
754 5761 1062 5833 Ἀντωνέι;›,
1120 5766 1508 5835 πρεσϐυτέροις

1536 5811 1549 5833 ,
1602 5769 1794 5840 ἀρχιμ.
1840 5769 2010 5839 Neap.
2050 5768 2130 5824 Ad
2154 5768 2349 5849 plures
2380 5768 2604 5839 quidem
2627 5766 2858 5839 epistola
2878 5763 3088 5837 scripta
3112 5764 3345 5823 videtur.
