4086 6326
608 289 744 355 1347

609 492 787 562 ligiosi
817 492 884 557 ιι,
925 512 943 543 ι
1001 500 1058 546 et
1096 491 1468 557 considerent,
1525 507 1636 548 non
1704 499 1903 548 anima:
1958 490 2185 547 victoris

610 581 898 652 Stephani,
939 581 1035 636 sed
1079 583 1299 652 corpori
1337 583 1484 654 justa
1513 584 1865 653 persolvisse.
1903 583 2047 650 Quin
2078 581 2182 651 ipsi

608 687 827 742 quoque
872 672 940 726 ad
979 674 1127 727 hunc
1167 672 1338 736 diem,
1373 688 1496 726 cum
1543 673 2000 744 triumphantium
2045 688 2186 728 mar-

611 773 787 834 tyrum
817 764 1020 834 templa
1066 763 1426 834 ingredimur,
1478 763 1747 820 sciscitari
1789 767 2030 821 solemus
2059 763 2186 834 quis

608 861 836 908 vocetur
861 853 955 922 qui
1002 853 1058 906 in
1103 853 1264 907 theca
1301 853 1559 908 conditus
1609 864 1694 910 est
1727 872 1740 908 :
1771 864 1828 910 et
1856 856 2059 925 quibus
2097 869 2184 908 res

606 953 736 998 nota
781 953 865 998 est
914 942 1250 1012 respondent
1283 944 1558 999 lulianum
1592 944 1823 1000 fortasse
1865 955 2182 1016 martyrem,

606 1041 702 1086 aut
726 1032 1056 1095 Romanum,
1092 1040 1188 1085 aut
1221 1033 1593 1088 Timotheum.
1624 1034 1690 1088 Et
1720 1036 1970 1104 quamvis
2003 1050 2069 1089 ne
2103 1035 2185 1088 in-

606 1133 756 1192 tegra
788 1122 1011 1191 quidem
1035 1123 1109 1177 ibi
1135 1124 1246 1178 sint
1269 1139 1501 1192 corpora
1525 1125 1725 1194 posita,
1751 1125 1845 1179 sed
1877 1125 2185 1194 perexigua:

606 1211 872 1280 reliquiae,
917 1214 1196 1268 communi
1246 1221 1428 1268 tamen
1483 1207 1704 1268 nomﬁle
1762 1216 1926 1269 etiam
1983 1230 2182 1284 corpus

605 1301 969 1370 appellamus.
998 1301 1091 1357 Sic
1139 1303 1365 1372 angelus
1411 1303 1626 1356 Domini
1657 1319 1856 1373 corpus
1889 1305 2182 1358 deinum

604 1393 843 1456 vocavit,
876 1393 1004 1462 quia
1027 1407 1226 1461 corpus
1249 1402 1371 1446 erat
1397 1393 1614 1447 Domini
1645 1396 2047 1449 universorum.
2075 1395 2181 1449 Sed

602 1494 659 1541 et
699 1485 962 1538 Dominus
1021 1484 1137 1553 ipse
1192 1499 1303 1538 non
1347 1493 1599 1539 naturam
1653 1487 2016 1551 invisibilem,
2085 1486 2181 1541 sed

601 1591 805 1644 corpus
826 1574 1085 1629 daturum
1120 1590 1176 1629 se
1200 1575 1456 1644 promisit
1485 1580 1615 1645 pro‘
1646 1578 1835 1631 mundi
1863 1579 1972 1631 vita
1996 1594 2008 1630 :
2036 1597 2054 1629 ι
2081 1577 2181 1631 Pa-

602 1665 690 1718 nis
713 1665 882 1728 enim,
916 1665 1012 1727 ait,
1047 1678 1210 1732 quem
1244 1679 1345 1732 ego
1366 1663 1528 1729 dabo,
1567 1681 1695 1720 caro
1731 1682 1848 1719 mea
1884 1674 1989 1729 est,
2012 1680 2176 1736 quam

1622 287 2109 351 THEODORETI
2149 286 2487 348 EPISCOPI
2529 289 2894 352 CYRENSIS

599 417 624 452 r
657 413 769 465 am,
802 413 928 456 eum
962 399 1038 454 ait
1068 416 1080 452 :
1125 418 1143 452 ι
1188 400 1537 456 Curaverunt
1575 401 1920 473 Stephanum
1954 401 2057 455 viri
2103 415 2177 453 re-

2292 399 2484 468 φάιου,
2525 402 2662 456 ἀλλὰ
2712 403 2774 456 τδ
2823 401 2983 472 σῶμα
3034 400 3146 454 τῶν
3192 397 3579 470 νομιζομένων
3620 395 3896 465 ἠξίωσαν.

3768 277 3901 343 13ίὲ

2287 491 2391 545 Ka.‘
2429 492 2592 561 μέχρι
2621 492 2677 545 δέ
2702 492 2798 545 τοῦ
2836 490 3123 562 παρόντος,
3151 493 3210 542 ὲν
3237 491 3352 552 τοῖς
3389 490 3508 540 τῶν
3556 484 3898 540 καλλινίῖωθ

2288 580 2586 650 μαρτύρων
2623 580 2884 644 εἰσιόντες
2913 582 3122 649 σηκοῖς,
3159 579 3371 652 ἐρωτᾷν
3421 576 3719 646 εἰώθαμεν
3746 575 3834 638 τίς
3870 577 3894 625 ὁ

2285 669 2343 721 ὲν
2380 672 2444 739 τῇ
2500 671 2642 743 θήκῃ
2704 672 2968 724 καλεῖται·
3005 671 3057 724 oi
3088 670 3147 724 δὲ
3189 671 3240 722 τ’
3276 668 3485 739 ἀληθὲς
3521 668 3743 729 εἰδότες
3773 669 3896 718 ἀπε-

2286 761 2584 830 κρίνονται,
2620 763 2655 831 ἢ
2694 762 2978 816 Ἰουλιανὸν
3009 761 3170 830 τυχὸν
3197 760 3288 812 τὸν
3329 760 3601 830 μάρτυρα
3623 797 3636 820 ,
3676 758 3710 827 ἢ
3769 757 3893 808 Ῥω-

2288 853 2475 922 μανὸν,
2501 852 2533 921 ἦ
2562 853 2846 923 Τιμόθεονο
2873 852 3051 906 καίτοι
3082 851 3342 914 πολλάκις
3368 851 3497 904 οὐδὲ
3518 849 3758 902 τελείων
3787 847 3894 899 τῶν

2288 946 2557 1014 σωμάτων
2597 946 2888 1016 κειμένων,
2945 943 3082 998 ἀλλὰ
3131 944 3529 1014 σμικροτάτων
3587 941 3890 1009 λειψάνων·

2286 1035 2400 1087 ἀλλ’
2429 1037 2577 1105 ὅμως
2621 1036 2698 1105 τῷ
2729 1035 2890 1104 κοινῷ
2916 1037 3140 1106 ὀνόματι
3177 1035 3270 1087 καὶ
3303 1034 3366 1087 τδ
3399 1034 3572 1104 σῶμα
3603 1048 3892 1102 προταττ-

2286 1126 2540 1196 ρεύομεν.
2567 1128 2756 1190 Οὕτως
2783 1127 3058 1195 ὸᾶγγελος
3092 1126 3185 1179 τοῦ
3225 1125 3440 1196 Κυρίου
3482 1124 3551 1176 «:2.
3585 1125 3758 1191 σῶμα
3787 1121 3890 1174 Κέ-

2287 1235 2400 1288 ριον
2429 1219 2892 1288 προσηγόρευσεν,
2926 1217 3112 1288 ἐπειδὴ
3160 1218 3319 1286 σῶμα
3349 1213 3419 1287 ἦν
3452 1215 3558 1269 τοῦ
3600 1216 3714 1267 τῶν
3751 1215 3889 1267 ὅλων

2285 1309 2508 1378 Κυρίου.
2568 1310 2678 1361 Καὶ
2723 1311 2880 1374 αὐτὸς
2931 1309 2986 1361 δὲ
3039 1311 3066 1363 ὀ
3106 1307 3328 1378 Κύριος,
3381 1309 3443 1361 οὐ
3511 1309 3618 1375 τὴν
3651 1307 3886 1374 ἀόρατον

2283 1399 2466 1467 φύσιν,
2495 1397 2631 1451 ἀλλὰ
2670 1399 2730 1451 τὸ
2766 1399 2926 1468 σῶμα
2958 1397 3150 1450 δώσειν
3178 1398 3452 1467 ὑπέσχετο
3485 1397 3638 1466 ὑπὲρ
3660 1397 3763 1464 τῆς
3791 1393 3884 1446 τεῦ

2281 1488 2486 1556 κόσμου
2509 1489 2651 1557 ζωῆς
2674 1507 2688 1520 ·
2731 1509 2749 1540 ι
2801 1490 2857 1542 Ὀ
2892 1489 2997 1558 γὰρ
3019 1490 3201 1560 ἄρτος,
3233 1488 3424 1557 φησὶν,
3461 1487 3527 1540 δν
3554 1486 3669 1554 ἐγὼ
3699 1485 3884 1542 δώσω.

2280 1581 2312 1649 ή
2357 1577 2494 1648 σάρξ
2529 1597 2632 1647 μου
2675 1581 2855 1642 ἐστὶν,
2888 1580 2954 1650 ἢν
2992 1579 3104 1647 ἐγὼ
3140 1579 3296 1632 δώσω
3333 1580 3482 1648 ὑπὲρ
3533 1579 3644 1646 τῆς
3675 1577 3770 1629 τοῦ
3801 1578 3888 1628 1-5-

2284 1687 2419 1738 σμου
2451 1670 2616 1737 ζωῆς.
2657 1688 2675 1721 ι
2711 1671 2827 1723 Κάν
2866 1674 2931 1741 τῇ
2954 1670 3063 1723 τῶν
3089 1670 3246 1723 θείων
3280 1669 3615 1740 μυστηρίων
3638 1666 3884 1734 παραδό-

600 1771 703 1827 ego
735 1755 878 1810 dabo
927 1771 1026 1823 pro
1072 1754 1260 1808 mundi
1291 1754 1402 1809 vita
1433 1755 1500 1807 ³².
1548 1773 1564 1805 ι
1636 1756 1704 1808 Ει
1757 1757 1812 1808 in
1861 1733 2176 1809 divinorum

2283 1733 2363 1815 σει
2394 1733 2575 1814 λαδὼν
2617 1762 2676 1814 τὸ
2711 1733 2979 1833 σύμϐολον
3013 1763 3135 1835 ἔφη’
3177 1782 3195 1814 ι
3245 1733 3422 1814 ’έοῦτό
3453 1733 3582 1816 ἐστι
3619 1762 3680 1812 τὺ
3714 1733 3880 1826 ἐῶμά

603 1847 988 1918 mysteriorum
1028 1846 1325 1900 traditione
1363 1845 1672 1916 symbolum
1705 1847 1985 1914 accipiens
2006 1845 2176 1899 dixit:

610 1959 627 1990 ι
670 1939 784 1993 11οο
815 1947 901 1992 est
923 1953 1125 2006 corpus
1149 1950 1352 2001 meum,
1388 1938 1532 2007 quod
1563 1952 1662 2005 pro
1699 1936 1853 1989 vobis
1882 1936 2044 1989 datur
2064 1936 2131 2000 ⁸³,
2153 1956 2170 1987 ι

602 2039 716 2094 aut,
750 2031 904 2099 juxta
942 2028 1262 2097 Apostolum
1300 2028 1366 2092 ",
1413 2047 1430 2078 ι
1468 2027 1761 2095 frangitur.
1792 2043 1808 2074 ι
1839 2025 2027 2094 Neque
2068 2025 2178 2079 ullo

609 2133 840 2187 usquam
870 2117 1013 2181 loco,
1040 2132 1164 2172 cum
1190 2116 1258 2171 de
1281 2117 1536 2185 passione
1555 2115 1838 2179 disseruit,
1864 2115 2176 2186 impassibi-

600 2209 705 2262 lem
731 2208 1078 2262 divinitatem
1116 2208 1584 2262 commemoravit.

667 2298 899 2367 Oportet
920 2307 1103 2353 autem
1135 2314 1229 2352 eos
1258 2298 1352 2367 qui
1376 2298 1757 2353 contradicere
1785 2298 2030 2362 student,
2049 2307 2176 2354 ante

596 2389 702 2443 alia
744 2389 927 2442 omnia
984 2389 1344 2458 interrogare,
1401 2398 1587 2443 utrum
1645 2392 1944 2462 perfectam
1981 2407 2010 2443 a
2062 2389 2174 2443 Deo

598 2478 779 2533 Verbo
818 2478 1186 2533 conﬁteantur
1218 2488 1557 2546 assumptam
1598 2493 1718 2532 esse
1756 2479 2050 2532 humanam
2078 2493 2174 2531 na-

598 2579 801 2631 turam,
855 2575 911 2621 et
969 2585 1038 2622 an
1097 2567 1354 2620 unionem
1416 2566 1757 2620 inconfusam
1797 2583 1916 2620 esse
1973 2567 2170 2620 factam

596 2658 803 2713 dicant.
855 2659 980 2712 Haec
1026 2657 1176 2712 enim
1218 2657 1263 2711 si
1297 2656 1671 2711 concedantur
1697 2697 1712 2722 ,
1772 2665 1967 2711 caetera
2006 2657 2169 2710 etiam

595 2749 793 2803 ordine
817 2748 1139 2817 precedent.
1170 2756 1225 2802 et
1258 2748 1442 2818 passio
1480 2748 1731 2800 humanae
1766 2757 1977 2801 natura:
2016 2745 2174 2800 attri-

594 2837 822 2892 buetur.
873 2839 979 2891 [sta
1006 2853 1106 2908 ego
1137 2853 1285 2892 nunc
1328 2838 1653 2906 compendio
1689 2838 1910 2901 dictavi,
1953 2845 2008 2891 et
2055 2837 2174 2906 epi-

595 2928 749 2983 stolae
799 2928 1024 2982 modum
1052 2928 1260 2983 excessi
1293 2945 1304 2981 :
1339 2928 1462 2982 misi
1496 2938 1681 2983 autem
1718 2936 1774 2984 et
1809 2944 1972 2998 quam
1997 2945 2174 2998 nuper

600 3019 816 3090 1219
857 3020 1208 3090 scripseram,
1253 3021 1474 3076 hortatu
1519 3021 1916 3090 religiosissimi
1948 3029 2004 3074 et
2042 3036 2172 3074 san-
2199 3062 2243 3119 ο

595 3109 828 3164 ctissimi
871 3109 1113 3164 hominis
1155 3110 1252 3163 Dei
1287 3109 1582 3164 dominiN.
1615 3110 1837 3164 brevem
1874 3109 2173 3163 institutio-

596 3215 744 3264 nem,
770 3215 892 3269 (ποτε
925 3209 981 3254 et
1019 3200 1133 3270 ipsa
1164 3199 1402 3254 sufﬁciat
1425 3199 1491 3253 ad
1520 3199 1820 3254 docendam
1849 3198 2172 3267 apostolico-

597 3307 718 3345 rum
775 3291 1090 3361 dogmatum
1119 3291 1427 3346 veritatem.
1468 3289 1623 3355 Quod
1681 3291 1727 3344 si
1775 3291 2170 3361 calligraphum

595 3389 792 3434 nactus
827 3381 1005 3446 fuero.
1036 3382 1251 3434 mittam
1284 3381 1562 3436 sanctitati
1603 3389 1708 3435 tua:
1739 3382 1829 3435 illa
1859 3382 2022 3435 etiam
2053 3395 2174 3450 quae

595 3471 798 3540 dialogi
835 3487 984 3526 more
1016 3487 1114 3540 per
1145 3472 1628 3542 interrogationem
1671 3480 1727 3526 et
1761 3473 2171 3541 responsionem

598 3562 924 3632 conscripsi,
963 3563 1267 3617 orationem
1321 3565 1540 3634 longius
1591 3563 1922 3632 producens,
1973 3572 2030 3615 et
2075 3563 2176 3615 Pa-

598 3666 743 3711 trum
793 3657 1063 3712 doctrinis
1117 3666 1304 3711 nostra
1361 3657 1762 3711 communiens.
1815 3655 1935 3709 Misi
1987 3665 2171 3720 autem

597 3766 744 3805 nunc
760 3750 921 3804 etiam
951 3765 1153 3819 paucas
1176 3758 1422 3802 veterum
1445 3748 1827 3817 magistrorum
1850 3745 2168 3810 sententias,

596 3855 718 3910 quae
749 3842 881 3893 satis
913 3841 1024 3893 siut
1060 3840 1127 3892 ad
1158 3839 1422 3892 doctrina:
1446 3838 1665 3890 illorum
1695 3852 1921 3905 sc0pum
1947 3837 2175 3892 demou-

595 3927 904 3984 strandum.
952 3925 1276 3996 Rependere
1317 3926 1485 3996 igitur
1525 3927 1703 3988 nobis,
1748 3925 1861 3980 Deo
1885 3926 2174 3980 dilectissi-

595 4032 705 4080 me,
734 4032 958 4086 preeum
979 4016 1245 4070 auxilium
1274 4015 1523 4086 dignare,
1560 4027 1622 4070 ut
1657 4031 1852 4070 srevam
1885 4024 2176 4085 tempesta-

596 4113 706 4161 tem
734 4105 1126 4168 transiliamus,
1148 4114 1204 4159 et
1235 4104 1302 4158 ad
1342 4105 1667 4175 tranquillos
1715 4104 2012 4159 Salvatoris
2041 4121 2171 4174 por-

597 4204 687 4252 tus
710 4197 1067 4266 appellamus.

699 4307 933 4363 CXXXI.
966 4338 1035 4347 ——
1065 4306 1299 4378 Longino
1339 4309 1768 4362 archimandrin
1801 4309 2061 4366 Doliches.

2281 1867 2406 1919 μου,
2429 1851 2493 1903 τὸ
2510 1850 2647 1920 ὑπὲρ
2670 1851 2698 1903 ὖ
2708 1850 2823 1920 μῶν
2848 1850 3146 1921 διδόμενον,
3171 1871 3188 1902 ι
3222 1852 3253 1921 ἢ
3281 1850 3589 1919 κλώμενον,
3613 1849 3757 1902 κατὰ
3788 1847 3879 1898 τδν

2291 1941 2632 1995 Ἀπόστολον.
2695 1944 2803 1995 Καὶ
2839 1943 3073 2012 οὐδαμοῦ
3122 1944 3252 2013 περὶ⁸
3284 1941 3494 2004 πάθους
3532 1938 3875 2008 διαλεχθεξ.
4022 1941 4023 2010 ι

2276 2032 2375 2103 τῆς
2405 2033 2648 2095 ἀπαθοῦς
2675 2033 2917 2104 ἐμνήσθη
2953 2032 3225 2104 θεότητος.

2349 2207 2468 2278 Χρὴ
2498 2207 2555 2260 δέ
2589 2209 2696 2278 πρὸ
2737 2207 2848 2260 τῶν
2886 2207 3062 2262 ἄλλων
3099 2207 3355 2260 ἁπάντων
3393 2209 3525 2270 τοὺς
3561 2207 3876 2274 ἀντιλέγειν

2277 2296 2690 2369 ἐπιχειροῦντας
2727 2295 3058 2368 ἐρωτᾶσθαι,
3088 2299 3136 2350 εί
3181 2296 3623 2366 συνομολογοῦσι
3656 2295 3876 2349 τελείαν

2278 2385 2382 2438 ὑπὸ
2410 2385 2506 2438 τοῦ
2536 2386 2669 2438 Θεοῦ
2714 2386 2888 2453 Λόγου
2936 2386 3333 2457 προσειλῆῳϐαι
3374 2389 3473 2456 τὴν
3509 2387 3874 2456 ἀνθρωπείαν

2275 2474 2459 2542 φύσιν,
2493 2475 2586 2527 καὶ⁸
2619 2477 2667 2528 εί
2708 2474 2804 2544 τὴν
2837 2474 3035 2528 ἕνωσιν
3065 2475 3371 2545 άσὺγχυτον
3393 2476 3737 2546 γεγενῆσθαί
3775 2495 3878 2544 φα-

2274 2578 2380 2615 σιν.
2410 2563 2473 2615 El
2511 2563 2618 2633 γὰρ
2654 2563 2827 2616 ταῦτα
2865 2565 3348 2637 συνομολογηθείη,
3382 2569 3479 2620 καὶ
3519 2568 3698 2620 τᾶλλα
3731 2569 3874 2620 κατὰ

2272 2651 2424 2713 τάξιν
2452 2652 2812 2722 προϐήσεται,
2846 2653 2939 2705 καὶ
2967 2654 3026 2705 τὸ
3059 2653 3227 2718 πάθος
3262 2659 3328 2725 τῇ
3358 2656 3581 2727 παθητῇ
3627 2675 3874 2728 προσαρ-

2275 2741 2606 2812 μοσθήσεται
2641 2741 2822 2811 φύσει.
2865 2743 3051 2797 Ταῦτα
3107 2747 3164 2797 ἐν
3202 2746 3487 2816 κεφαλαίῳ
3528 2746 3630 2799 νῦν
3665 2750 3872 2817 ὑπηγό-

2275 2847 2465 2900 ρευσα,
2499 2833 2593 2885 καὶ
2633 2833 2734 2902 τῆς
2762 2833 3054 2900 ἐπιστολῆς
3088 2836 3362 2906 ὑπερέϐην
3379 2837 3440 2889 τὸ
3472 2837 3697 2906 μέτρον.
3749 2841 3870 2890 Ἀπ-

2273 2918 2488 2972 ἐστειλα
2521 2920 2577 2973 δὲ
2611 2922 2704 2974 καὶ
2733 2921 2800 2992 ἢν
2836 2922 3028 2993 πρώην
3081 2925 3318 2995 ἔγραψα,
3361 2929 3713 2997 προτραπεὶς
3765 2929 3871 2981 ὑτέι

2275 3010 2369 3064 τοῦ
2428 3011 2842 3080 θεοφιλεστάτου
2880 3015 2974 3067 καὶ
3037 3014 3343 3083 άγιωτάτου
3414 3018 3713 3087 ἀνθρώπου
3777 3020 3870 3072 τοῦ

2275 3099 2412 3154 θεοῦ
2445 3101 2541 3154 τοῦ
2593 3103 2904 3172 κυρίου.....
2942 3105 3205 3177 σύντομον
3248 3108 3630 3171 διδασκαλίαν,
3665 3112 3868 3181 ἱκανὴν

2275 3188 2444 3245 οὖσαν
2472 3193 2566 3246 καὶ
2583 3193 2752 3265 αὐτὴν
2781 3196 2987 3264 διδάξαι
3007 3198 3106 3268 τὴν
3127 3198 3234 3252 τῶν
3256 3200 3635 3256 ἀποπολικῶν
3664 3206 3872 3276 δογμά·

2275 3303 2383 3338 των
2423 3285 2703 3356 ἀλήθειαν.
2742 3288 2805 3339 El
2848 3288 2904 3341 δὲ
2947 3288 3166 3360 εὕροιμι
3219 3291 3622 3363 καλλιγράφον,

2278 3393 2370 3430 σου
2401 3380 2467 3448 τῇ
2501 3377 2739 3449 ὁσιότητι
2771 3380 2867 3432 καὶ
2900 3379 2936 3432 ἃ
2965 3380 3287 3448 διαλογικῶς
3321 3383 3662 3455 συνέγραψα,
3707 3402 3873 3438 τουτ-

2277 3470 2391 3522 έστι
2436 3470 2580 3524 κατὰ
2616 3471 2888 3541 ἐρώτησιν
2926 3474 3020 3525 καὶ
3044 3474 3372 3544 ἀπόκρισιν,
3419 3476 3514 3528 καὶ
3564 3477 3660 3528 τὸν
3701 3477 3870 3546 λόγον

2277 3561 2529 3632 εὐρύνας,
2567 3563 2662 3615 καὶ
2705 3562 2987 3633 ὀχυρώσας
3017 3565 3083 3617 τὰ
3110 3566 3352 3636 ἡμέτερα
3385 3570 3505 3631 ταῖς
3532 3569 3645 3621 τῶν
3681 3571 3868 3623 Πατέ-

2278 3669 2386 3720 ρων
2409 3651 2799 3714 διδασκαλίαις.
2842 3654 3164 3707 Ἀπέστειλα
3197 3656 3252 3708 δὲ
3280 3655 3375 3708 νῦν
3405 3658 3500 3709 καὶ
3523 3658 3717 3725 ὀλίγας
3755 3661 3868 3715 τῶν

2275 3742 2521 3812 ἀρχαίων
2565 3742 2907 3796 διδασκάλων
2955 3746 3199 3815 χρήσεις,
3239 3748 3430 3811 ἱκανάς
3481 3749 3652 3814 οὖδας
3683 3753 3862 3820 δεῖξαι

2274 3831 2366 3885 τὸν
2419 3833 2520 3902 τῆς
2558 3833 2784 3886 ἐκείνων
2839 3835 3191 3898 διδασκαλίας
3245 3839 3464 3892 σκοπόν.
3526 3843 3861 3898 Ἀντιδοῧναι

2275 3922 2450 3974 τοίνυν
2481 3925 2633 3992 ἡμῖν,
2667 3924 3076 3994 θεοφιλέστατε,
3113 3927 3450 3991 καταξίωσον
3483 3931 3583 4001 τὴν
3638 3934 3861 3988 ἐπικου-

2278 4011 2398 4082 ρίαν
2428 4012 2535 4064 τῶν
2567 4014 2905 4084 προσευχῶν,
2939 4016 3026 4068 ἵνα
3049 4017 3142 4070 τὸν
3174 4018 3408 4086 χαλεπὸν
3434 4019 3860 4094 διαπεράτωμεν

2273 4103 2542 4165 κλύδωνα,
2578 4105 2673 4157 καὶ
2713 4105 2822 4159 τῶν
2863 4106 3144 4176 εὐστόμων
3180 4110 3274 4161 τοῦ
3305 4111 3558 4182 Σωτῆρος
3591 4117 3856 4186 ἐπιτύχω-

2276 4210 2376 4261 μεν
2408 4192 2664 4264 λιμένων.

2397 4304 2564 4356 ΡΛΑ’.
2587 4335 2657 4344 -
2682 4307 2947 4374 Λογγίνῳ
2976 4308 3404 4380 ἁρχιμανδρίτῃ
3437 4315 3725 4383 Δολιχῆς.

666 4422 734 4475 Et
781 4422 957 4476 zelum
997 4437 1098 4491 pro
1145 4421 1368 4490 pietate,
1424 4429 1479 4474 et
1523 4421 1844 4474 charitatem
1889 4422 1942 4475 in
1984 4423 2171 4491 proxi-

2349 4417 2460 4470 Καὶ
2489 4417 2579 4468 τὸν
2619 4417 2758 4488 ὑπὲρ
2785 4418 2883 4487 τῆς
2927 4419 3209 4485 εὐσεϐείας
3240 4422 3422 4491 ζῆλον,
3457 4425 3552 4477 καὶ
3590 4427 3693 4493 τὴν
3728 4433 3854 4497 περὶ

597 4528 747 4568 mum
776 4512 966 4582 religio
992 4520 1172 4566 vestra
1209 4511 1530 4565 declaravit.
1563 4511 1866 4580 Utrumque
1893 4513 2039 4573 enim
2070 4513 2176 4569 hoc

597 4613 845 4674 tempore
892 4618 1197 4657 connexum
1250 4612 1356 4656 est.
1422 4603 1528 4656 Pro
1579 4603 1892 4671 apostolicis
1938 4620 2174 4674 namque

597 4694 946 4765 dogmatibus
976 4693 1537 4763 oppugnamur,quod
1577 4703 1858 4763 paternam
1881 4695 2174 4750 haeredita—

600 4795 711 4839 tem
763 4800 871 4840 non
917 4783 1257 4854 projicimus,
1298 4783 1392 4838 sed
1440 4783 1658 4853 quidvis
1708 4785 1821 4853 pati
1870 4786 2173 4849 malumus,

597 4892 762 4946 quam
816 4876 1024 4945 apicem
1075 4890 1246 4929 unum
1297 4874 1366 4928 de
1415 4874 1726 4943 evangeliea
1776 4873 1881 4927 ﬁde
1932 4875 2175 4930 ablatum

599 4965 970 5021 contemnere.
1015 4965 1474 5021 Communicastis
1513 4979 1641 5034 ergo
1684 4964 2030 5034 passionibus
2075 4983 2177 5021 no-

600 5057 752 5121 stris,
789 5064 904 5109 tum
945 5071 1042 5126 per
1083 5056 1296 5111 litteras
1335 5054 1704 5118 consolantes,
1737 5063 1852 5107 tum
1895 5055 2178 5111 mittentes

600 5147 1091 5203 reverendissimos
1142 5161 1207 5200 ac
1267 5144 1710 5215 religiosissimos
1761 5143 2074 5198 Matthmum
2123 5155 2185 5198 et

598 5237 832 5292 lsacium
886 5236 1144 5289 diaconos
1186 5253 1199 5288 :
1243 5233 1610 5304 audietisque,
1657 5243 1739 5288 sat
1779 5234 1914 5298 scio,
1951 5249 1979 5287 a
2021 5236 2171 5304 justo

597 5326 790 5381 Judice
826 5343 840 5378 :
884 5343 902 5376 ι
940 5325 999 5379 ln
1027 5341 1250 5379 carcere
1276 5341 1446 5389 eram,
1489 5333 1544 5378 et
1573 5325 1803 5377 venistis
1834 5325 1900 5378 ad
1936 5341 2022 5379 me
2046 5325 2110 5379 ⁸⁵.
2147 5309 2180 5376 ι’

600 5417 755 5472 Licet
785 5417 930 5471 enim
961 5417 1099 5471 viles
1130 5417 1326 5483 simus,
1356 5432 1418 5471 ac
1451 5416 1656 5487 pusilli,
1682 5423 1738 5470 et
1759 5431 1954 5485 magno
1977 5431 2172 5485 pecca-

601 5517 782 5562 torum
813 5522 982 5562 onere
1012 5510 1239 5578 gravati,
1265 5519 1321 5563 at
1347 5508 1664 5578 magniﬁcus
1694 5510 1708 5526 ⁶
1733 5516 1788 5562 et
1820 5507 2062 5562 liberalis
2090 5519 2175 5562 est

675 5660 718 5690 ἰ
756 5662 874 5714 Act.
912 5677 1022 5727 vin,
1053 5662 1106 5714 2.
1184 5661 1405 5716 "Joan.
1433 5677 1503 5724 γι,
1543 5662 1626 5714 5‘2.
1705 5663 1748 5692 ⁵³
1784 5661 1914 5715 Luc.
1948 5679 2076 5729 χχιι,
2117 5664 2201 5718 19.

2275 4509 2365 4561 τὸν
2395 4509 2564 4572 πέλας
2593 4511 2816 4581 ἀγάπην
2847 4511 3042 4575 ἔδειξεν
3073 4515 3226 4585 ὑμῶν
3259 4516 3614 4584 ὴθεοσέὄεια.
3653 4521 3852 4591 Ἀμφό-

2274 4617 2407 4670 τερα
2437 4602 2543 4671 γὰρ
2574 4602 2665 4653 ἐπὶ
2697 4601 2790 4653 τοῦ
2827 4604 3092 4673 παρόντος
3122 4607 3494 4670 συνέζευκται.
3536 4609 3709 4682 ’Υπὲρ
3746 4614 3853 4681 γὰρ

2276 4691 2384 4743 τῶν
2426 4692 2800 4746 άποστολικῶν
2856 4695 3249 4766 πολεμούμεθα
3281 4699 3607 4768 δογμάτων,
3669 4705 3852 4770 ἐπειδὴ

2276 4782 2370 4833 τὸν
2400 4781 2652 4853 πατρῷον
2680 4784 2740 4836 οὒ
2771 4785 3075 4856 προϊέμεθα
3115 4789 3335 4858 κλῆρον,
3367 4789 3504 4842 ἀλλὰ
3540 4794 3650 4844 πᾶν
3682 4795 3854 4846 ὁτιοίν

2279 4871 2473 4925 παθεῖν
2513 4874 2815 4946 αἱρούμεθα
2853 4878 3139 4950 μᾶλλον,ἢ
3193 4881 3322 4950 μίαν
3369 4883 3600 4953 κεραίαν
3651 4886 3719 4937 ἐκ
3761 4886 3854 4952 τῆς

2279 4963 2639 5032 εὐαγγελικῆς
2682 4967 2918 5025 πίστεως
2970 4969 3219 5042 παριδεῖν
3273 4972 3632 5043 συλουμένην.
3665 4976 3856 5027 Κεκοι-

2279 5059 2560 5126 νωνήκατε
2611 5058 2789 5110 τοίνυν
2852 5060 2983 5130 ἡμῖν
3020 5061 3128 5113 τῶν
3186 5062 3561 5133 παθημάτων,
3615 5065 3719 5118 καὶ
3770 5066 3856 5120 διὰ

2279 5146 2621 5218 γραμμάτων
2653 5147 3177 5220 ψυχαγωγήσαντες,
3230 5154 3324 5204 καὶ
3371 5153 3695 5222 πέμψαντες
3725 5157 3854 5225 πρὶς

2281 5238 2426 5306 ἡμᾶς
2458 5237 2583 5300 τοὺς
2609 5239 2972 5309 τιμιωτάτους
3003 5243 3096 5294 καὶ
3123 5243 3552 5307 εὐλαϐεστάτους
3578 5245 3855 5298 Marianis-2

2281 5331 2375 5383 mi
2408 5329 2660 5400 Ἰσαάκην
2695 5331 2820 5394 τοὺς
2852 5331 3132 5396 διακόνους
3152 5349 3166 5364 ⁸
3208 5335 3322 5399 καὶ,
3355 5329 3413 5386 εὖ
3449 5331 3589 5399 οἶδα,
3629 5337 3854 5388 άκούτε-

2283 5419 2377 5473 σθε
2409 5422 2558 5492 παρὰ
2598 5421 2692 5474 τοῦ
2727 5421 2935 5476 δικαίου
2975 5424 3178 5493 Κριτοῦ
3201 5442 3214 5455 ·
3253 5443 3272 5475 ι
3310 5425 3399 5479 Ἐν
3428 5425 3647 5499 φυλακῇ
3690 5428 3852 5498 ἢμην,

2281 5510 2377 5563 καὶ
2415 5509 2603 5579 ἤλθετε
2657 5511 2793 5582 πρός
2823 5531 2911 5582 με.
2951 5532 2968 5563 ι
3016 5514 3078 5566 Εἰ
3118 5514 3228 5582 γὰρ
3273 5515 3368 5568 καὶ
3413 5516 3580 5585 ἡμεῖς
3625 5515 3855 5579 εὐτελεῖς

2281 5665 2328 5695 ⁸⁸
2353 5665 2373 5718 l
2395 5664 2522 5719 Cor.
2565 5682 2636 5730 xu,
2661 5666 2748 5722 2i.
2830 5669 2872 5700 "
2901 5668 3088 5723 Matth.
3125 5685 3247 5735 xxv,
3269 5669 3356 5723 56.
