4086 6326
46 358 243 428 1349
956 386 979 423 ς·
1403 350 1771 419 EPISTOLA
1810 352 2139 415 CXXXIII.
3268 363 3409 431 1350

47 472 181 527 καὶ
220 469 489 547 σμικροὶ,
512 469 611 524 καὶ
652 466 824 523 πολὺν
854 463 1279 539 ἁμαρτημάτων
1323 462 1523 536 φόρτον
1554 477 1707 536 περι·

1824 462 2110 519 Dominus.
2162 465 2463 538 PrOpterea
2508 468 2725 539 1220
2768 483 2880 524 non
2929 484 3275 543 magnorum,
3312 478 3410 534 sed

44 564 380 637 κείμενοι,
410 562 527 618 ἀλλ’
576 564 606 616 ὁ
652 558 929 631 Δεσπότης
962 556 1250 629 φιλότιμός
1276 572 1337 610 τε
1380 556 1475 609 καὶ
1526 571 1704 625 μεγα-

1813 570 2111 624 parvorum
2158 558 2498 615 mentionem
2554 559 2724 627 facit,
2775 560 2968 619 dicens
3010 581 3024 617 :
3077 583 3095 616 ι
3126 563 3412 633 Quantum

44 657 366 731 λόδωρος.
408 657 509 712 Διά
540 672 626 711 τοι
656 651 817 709 τοῦτο
841 652 904 706 ού
940 650 1051 705 τῶν
1094 650 1368 722 μεγάλων,
1422 648 1558 702 άλλὰ
1592 646 1703 701 τῶν

1812 643 2022 702 fecistis
2067 638 2165 702 imi
2218 664 2287 705 ex
2335 650 2520 721 parvis
2582 652 2705 707 istis
2766 653 3034 722 minimis,
3077 656 3174 729 qui
3212 656 3271 712 in
3319 674 3410 716 me

46 747 365 822 σμικρῶν
394 734 692 820 μέμνηται,
722 743 818 797 καί
848 758 1047 813 φησιν·
1080 760 1100 793 ι
1123 741 1240 809 Ἐφ’
1261 740 1386 793 ὅσον
1407 739 1703 811 ἐποιήσατε

1810 736 2069 802 credunt,
2095 738 2231 793 mihi
2267 738 2479 797 fecistis
2506 741 2594 797 "2
2630 760 2648 793 ι
2694 742 2965 810 Quoniam
2998 760 3133 816 ergo
3157 756 3215 803 et
3242 749 3414 805 rectis

50 838 161 892 ἑνὶ
190 838 329 894 τῶν
352 834 604 909 σμικρῶν
625 833 736 888 τῶν
762 832 1065 904 ἐλαχίστων
1097 830 1206 884 τῶν
1228 830 1598 884 πιστευόντων
1621 829 1705 892 είς

1810 825 2165 900 dogmatibus
2188 831 2481 897 excellitis,
2515 842 2574 889 et
2596 832 2861 889 laudabili
2896 835 3010 889 vita
3038 836 3323 903 relucetis,
3355 852 3414 896 et

49 930 213 998 ἐμὲ,
283 929 412 1000 ἐμοὶ
451 926 768 997 ὶποιήσατε.
798 941 819 975 ι
870 922 1089 994 Ἐπειδὴ
1120 920 1305 975 τοίνυν
1349 920 1446 974 καὶ
1486 923 1546 973 ὲν
1592 922 1705 985 τοῖς

1810 935 2077 995 magnam;
2113 921 2351 993 proinde
2394 924 2538 995 apud
2580 925 2753 980 Deum
2803 925 3062 982 ﬁduciam
3116 928 3407 995 obtinetis,

48 1019 290 1091 ὀρθοῖς
324 1016 660 1089 διαπρέπετε
701 1013 958 1085 δόγμασι,
980 1014 1090 1066 καὶ
1118 1010 1211 1082 τῷ,
1234 1010 1539 1081 άξιεπαίνῳ
1565 1009 1707 1080 λάμο

1811 1011 2070 1084 adjuvate
2115 1029 2206 1071 me
2252 1014 2540 1087 precibus,
2581 1022 2642 1070 ut
2692 1017 2953 1073 resistere
2990 1019 3219 1089 possim.
3253 1022 3407 1092 juxta

55 1127 231 1163 πετε
268 1108 398 1180 βίῳ,
432 1107 529 1162 καὶ
567 1104 769 1177 πολλὴν
800 1102 1052 1159 ἐντεῦθεν
1094 1100 1230 1174 πρὸς
1255 1100 1348 1154 τὸν
1373 1098 1508 1153 Θεὸν
1552 1098 1705 1170 ἔχετε

1810 1116 2002 1157 vocem
2049 1103 2299 1174 Apostoli
2333 1105 2403 1171 ⁸⁸,
2451 1103 2718 1161 adversus
2771 1106 3003 1164 insidias
3050 1111 3298 1176 erroris,
3352 1120 3411 1167 et

54 1199 465 1273 παρρησίαν,
500 1197 823 1270 ἐπαμύνατέ
871 1213 964 1268 μοι
1011 1196 1135 1256 ταῖς
1188 1195 1522 1263 προσευχαῖς
1543 1231 1558 1257 ,
1619 1191 1707 1263 ἵνα

1812 1190 2038 1261 pessimi
2080 1193 2345 1249 daemonis
2395 1195 2704 1251 tendiculas
2748 1197 3031 1269 eﬁ‘ugiam.
3066 1209 3125 1256 et
3145 1202 3233 1257 vel
3280 1218 3409 1258 cum

58 1293 389 1363 ἀντισχεῖν
408 1289 645 1362 δυνηθῶ,
670 1288 813 1343 κατά
832 1286 932 1359 την
952 1284 1318 1356 άποστολικὴν
1340 1283 1544 1353 φωνην,
1569 1280 1707 1354 πρὸς

1810 1280 2009 1352 exigua
2035 1281 2259 1350 ﬁducia,
2286 1285 2345 1339 in
2370 1285 2463 1341 die
2485 1286 2856 1357 apparitionis
2882 1305 2970 1346 me
3005 1292 3193 1347 sistam
3222 1308 3408 1350 coram

57 1380 183 1449 τὰς
227 1381 524 1452 μεθοδείας
548 1381 651 1453 τῆς
680 1378 915 1448 πλάνης,
942 1376 1035 1431 καὶ
1058 1374 1311 1447 διαφύγω
1337 1374 1437 1438 τὰς
1460 1372 1553 1428 τοῦ
1576 1372 1707 1426 ἁλά-

1808 1372 1960 1442 justo
1988 1371 2205 1429 Iudice.

66 1490 307 1547 στορος
340 1474 548 1544 πάγας,
600 1474 697 1530 καὶ
733 1472 872 1545 μετὰ
924 1472 1168 1543 σμικρᾶς
1230 1467 1545 1542 παρρησίας
1583 1468 1640 1521 ὲν
1710 1468 1772 1538 τῇ
1810 1466 1911 1539 τῆς
1976 1466 2303 1537 ἐπιφανείας
2359 1466 2546 1540 ἡμέρᾳ
2592 1470 2861 1539 παραστῶ
2906 1470 3019 1544 (92)
3080 1471 3159 1545 ἐῷ
3211 1473 3409 1547 δικαίῳ

64 1568 315 1621 Κοιτῆ.

183 1584 246 1620 ιτ
299 1607 315 1621 .

134 1582 174 1639 ρ
250 1568 459 1733 ῇΡΔΒη
486 1707 557 1718 -
588 1677 710 1745 ἰὄςι
741 1676 1056 1743 ἐπισκόπῳ
1096 1674 1353 1744 Ἐδέσης
1380 1673 1520 1747 (95).

156 1792 328 1855 Τοὺς
365 1790 759 1863 ἀδικουμένους
791 1790 893 1845 οὐκ
942 1790 1197 1861 ἀθυμεῖν,
1220 1787 1379 1843 ’ἀλλὰ
1416 1787 1627 1859 χαίρειν
1672 1787 1702 1839 ὁ

73 1884 396 1954 Δεσπότης
438 1881 796 1955 προσέταξεν,
833 1883 928 1937 καὶ
980 1882 1045 1936 ὲκ
1092 1882 1205 1934 τῶν
1248 1879 1494 1935 παλαιιῖιν
1519 1877 1703 1932 ἕλκειν

72 1972 584 2045 παραδειγμάτων
628 1972 731 2042 τῆς
768 1970 1131 2042 ψυχαγωγίας
1156 1970 1257 2033 τὰς
1286 1968 1561 2042 ἀφορμάς.
1608 1966 1702 2019 Ἐκ

75 2066 208 2137 γὰρ
243 2064 361 2119 τῶν
390 2064 609 2135 πρῶτον
643 2063 861 2134 φύντων
906 2060 1213 2135 ἀνθρώπων
1241 2060 1405 2132 μέχρι
1432 2057 1527 2112 τοῦ
1562 2075 1703 2129 παρ-

72 2157 261 2220 όντος
308 2155 530 2228 καιροῦ,
562 2155 694 2218 τοὺς
744 2154 838 2209 τδν
875 2153 1014 2208 ὅλων
1061 2152 1464 2213 ἐσπουδακότας
1522 2149 1701 2203 σέὃειν

78 2246 239 2300 Θεὸν
265 2246 415 2300 ἐστιν
444 2247 627 2317 εὑρεῖν
650 2244 812 2317 ’παρὰ
842 2243 951 2297 τῶν
996 2241 1457 2313 συμϐεϐιωκὸτων
1487 2240 1703 2311 ἀνθρώ-

80 2354 222 2391 πων
278 2336 668 2407 ἠδικημένους,
724 2336 820 2389 καὶ
853 2335 1129 2396 πλείστοις
1173 2333 1313 2401 ἄγαν
1353 2347 1705 2402 περιπεπτω-

82 2428 275 2491 κότας
300 2426 567 2498 ἀνιαροῖς.
584 2424 696 2479 Καὶ
722 2423 931 2477 τούτων
954 2423 1019 2476 ἂν
1041 2424 1130 2475 τὸν
1154 2420 1456 2488 κατάλογον
1484 2418 1703 2474 ἅπαντα

80 2516 414 2593 διεξῆλθον,
445 2514 605 2588 εἴπερ
625 2513 949 2568 ἐπέστελλον
974 2512 1129 2582 ἀνδρὶ
1153 2510 1252 2581 τὴν
1282 2508 1705 2581 θείανιάκριὸῶς

83 2610 203 2663 οὐκ
246 2606 606 2679 ἑπισταμένῳ
647 2606 895 2676 Γραφήν.
941 2602 1161 2672 Ἐπειδὴ
1205 2601 1261 2655 δὲ
1305 2601 1560 2654 παιδόθεν
1591 2602 1705 2664 τοῖς

86 2700 280 2764 θείοις
337 2699 642 2770 ὲνετράφης
699 2693 923 2763 λογίοις,
974 2692 1380 2761 θεοφιλέστατε,
1427 2690 1705 2760 παρέλκον

85 2785 271 2862 οἴμαι
308 2789 470 2842 τοῦτο
520 2789 716 2840 ποιεῖν.
760 2785 854 2848 Είς
892 2782 1134 2847 ἐκείνους
1166 2782 1225 2835 δὲ
1273 2782 1435 2851 μόνον
1492 2782 1705 2851 ἀφορᾷν

88 2882 272 2947 ἀξιῶ,
315 2880 409 2934 καὶ
455 2877 567 2933 τῶν
611 2873 1147 2948 φιλανθρωποτάτων
1187 2872 1379 2941 ἱερέων
1431 2872 1556 2934 τοὺς
1606 2871 1704 2940 μὲν

89 2971 448 3043 ἠδικηκότας
475 2970 716 3041 θρηνεῖν,
747 2967 875 3029 τοὺς
914 2965 971 3018 δὲ
1001 2962 1358 3035 παρορῶντας
1390 2961 1581 3025 ἐλεεῖν,
1613 2959 1706 3012 καὶ

94 3060 199 3114 τδν
242 3061 347 3130 μὲν
377 3059 474 3129 τῆς
523 3054 855 3128 Ἐκκλησίας
898 3052 1187 3124 ὀδύρεσθαι
1222 3049 1469 3104 κλύδωνα
1489 3067 1503 3081 ·
1534 3051 1614 3102 ὃτι
1649 3047 1706 3101 δὲ

94 3150 219 3205 τῶν
264 3150 408 3221 ὑπὲρ
454 3149 554 3220 τῆς
603 3145 891 3208 εὐσεϐείας
951 3140 1294 3213 παθημάτων
1344 3140 1699 3210 μετέσχομεν,

97 3241 331 3312 χαίρειν
378 3238 476 3293 καὶ
530 3235 853 3308 γάννυσθαι,
904 3236 1000 3288 καὶ
1042 3234 1135 3287 τὸν
1172 3232 1377 3302 ταύτης
1422 3235 1572 3302 ἡμᾶς
1604 3232 1705 3301 τῆς

104 3331 341 3404 μερίδος
370 3328 714 3400 πεποιηκότα
742 3325 1008 3399 διηνεκῶς
1042 3325 1323 3395 άνυμνεῖν.
1361 3323 1706 3394 Παραχωρή-

103 3440 306 3494 σωμεν
342 3424 456 3486 τοῖς
479 3419 805 3474 ἀπεκτονόσι
838 3418 934 3472 καὶ
967 3416 1155 3487 τιμῆς,
1197 3416 1293 3469 καὶ
1332 3415 1566 3486 τρυφῆς,
1610 3414 1707 3467 καὶ

104 3513 432 3585 προεδρίας,
465 3513 560 3567 καὶ
594 3512 693 3582 τῆς
727 3510 993 3580 δυστήνου
1020 3507 1202 3578 δόξης.
1244 3507 1421 3561 Μόνον
1448 3507 1504 3559 δὲ
1548 3508 1708 3576 ἡμεῖς

104 3605 227 3657 τῶν
266 3602 639 3672 εὐαγγελικῶν
659 3601 947 3671 δογμάτων
987 3597 1264 3669 ἐχώμεθα,
1297 3595 1393 3649 καὶ
1416 3594 1533 3665 μετ’
1563 3594 1709 3647 ὲκεί-

106 3713 224 3749 νων
252 3695 319 3749 ἂν
344 3696 441 3767 δὲῃ
468 3696 577 3748 πᾶν
597 3693 779 3748 ὁτιοῦν
803 3690 1052 3758 ἀλγεινὸν
1081 3690 1466 3759 ὑπομένωμεν,
1488 3687 1582 3739 καὶ
1608 3687 1708 3755 τὴν

108 3788 437 3859 ἀξιόκτητον
464 3785 656 3841 πενίαν
688 3786 784 3839 τοῦ
815 3781 1236 3854 πολυφρόντιδος
1278 3780 1711 3850 προτιμήσωμεν

112 3879 377 3934 πλούτου.
409 3877 598 3933 Ταῦτα
630 3877 686 3931 δὲ
709 3876 930 3948 γράφω,
958 3875 1019 3928 ού
1052 3874 1377 3944 παραίνεσιν
1432 3870 1700 3943 εἰσφέρων

113 3970 319 4042 (ἔγνων
341 3970 451 4040 γάρ
484 3985 576 4023 σου
627 3968 720 4038 τῆς
751 3965 1031 4035 ὁσιότητος
1071 3964 1172 4035 τὴν
1204 3967 1264 4017 ὲν
1305 3965 1417 4026 τοῖς
1445 3963 1711 4032 ἀλγεινοῖς

114 4059 479 4133 παρρησίαν),
513 4058 651 4113 ἀλλὰ
679 4058 781 4129 τὴν
815 4056 1056 4128 ἐμαυτοῦ
1079 4056 1305 4127 γνώμην
1337 4055 1507 4126 δήλην
1542 4056 1607 4124 τῇ
1641 4056 1709 4125 σῇ

113 4151 370 4224 φιλοθεῖα
422 4150 612 4216 ποιῶν,
664 4151 761 4205 καὶ
821 4150 1091 4203 διδάσκων
1137 4147 1212 4211 ὡς
1251 4147 1417 4219 ἔχεις,
1453 4147 1709 4213 δέσποτα,

117 4243 532 4312 συναγωνιστάς
562 4242 817 4314 ἀσμένως
842 4242 946 4312 τῆς
975 4238 1232 4311 ἀληθείας
1264 4238 1709 4311 προκινδυνεύον-

114 4351 240 4399 τας.
284 4333 455 4387 Τοῦτο
494 4333 665 4387 πάλαι
712 4331 999 4403 βουληθεὶς
1047 4327 1372 4393 ἐπιστεῖλαι,
1408 4330 1507 4399 οὐχ
1550 4322 1711 4399 εὗρον

2091 1668 2355 1728 (ΣΧἈΧΙΙ.
2386 1703 2456 1713 -
2485 1674 2595 1730 Iba:
2627 1677 2866 1749 episwpo
2898 1676 3109 1732 ﬁdem.

1882 1785 1993 1841 Eos
2035 1787 2130 1857 qui
2187 1788 2444 1858 injuriam
2494 1790 2787 1859 patiuntur
2834 1792 3021 1846 animo
3066 1806 3175 1847 non
3218 1792 3406 1864 dejici,

1811 1874 1909 1929 sed
1948 1876 2189 1947 gaudere
2224 1878 2490 1935 Dominus
2524 1880 2713 1953 jussit,
2746 1889 2803 1937 et
2834 1881 3229 1953 consolationis
3261 1885 3407 1941 invi-

1811 1974 2051 2033 tamenta
2085 1983 2154 2023 ex
2185 1970 2433 2041 antiquis
2456 1973 2723 2043 exemplis
2764 1973 2992 2028 ducere.
3038 1974 3170 2028 Post
3195 1976 3410 2045 primos

1810 2062 1961 2117 enim
1997 2063 2254 2118 homines
2292 2063 2562 2130 natosad
2601 2064 2708 2119 hoc
2743 2079 2920 2134 usque
2957 2073 3178 2135 tempus
3213 2067 3410 2123 obser-

1810 2170 1942 2209 vare
1991 2165 2097 2221 est,
2133 2155 2415 2211 studiosos
2464 2155 2564 2211 Dei
2611 2155 2997 2211 universorum
3044 2158 3291 2213 cultores
3339 2158 3411 2213 ab

1813 2244 1882 2299 iis
1935 2243 2269 2315 quibuscum
2322 2243 2587 2299 vivebant
2636 2244 2860 2315 injuriis
2909 2255 3140 2300 vexatos
3190 2260 3414 2317 semper

1811 2334 2006 2401 fuisse,
2032 2335 2412 2406 plurimasque
2438 2345 2495 2391 et
2519 2352 2715 2406 graves
2739 2336 2795 2391 in
2820 2335 3102 2392 molestias
3126 2335 3409 2413 incidisse.
3451 2325 3453 2327 ’

1810 2425 2059 2492 Quorum
2099 2442 2202 2498 ego
2255 2426 2530 2498 integrum
2583 2427 2893 2498 catalogum
2942 2442 3323 2491 recenserem,
3363 2426 3411 2484 si

1811 2518 1879 2570 ad
1911 2515 2192 2570 bominEm
2229 2518 2557 2582 scriberem,
2588 2519 2679 2572 cui
2708 2516 2898 2571 divina
2931 2515 3218 2587 Scriptura
3250 2516 3412 2586 peni-

1813 2617 1904 2661 tus
1933 2616 2197 2678 pereepta
2220 2623 2331 2663 non
2355 2618 2525 2664 esset.
2559 2608 2669 2664 Sed
2699 2623 2825 2663 cum
2858 2608 2914 2663 in
2940 2607 3145 2664 divinis
3176 2608 3415 2678 eloquiis

1812 2712 1843 2751 a
1879 2714 2077 2768 puero,
2116 2698 2215 2753 Dei
2257 2699 2658 2762 amantissime,
2692 2699 2770 2754 sis
2814 2699 3103 2765 educatus,
3144 2713 3412 2769 superva-

1812 2803 2047 2843 caneum
2082 2790 2190 2843 hoc
2221 2804 2345 2844 esse
2377 2789 2644 2845 arbitror.
2678 2790 2867 2845 Solum
2896 2805 3031 2860 rogo
3069 2796 3131 2844 ut
3169 2789 3294 2845 illos
3329 2790 3414 2845 in-

1816 2882 2026 2941 tueare,
2070 2885 2238 2946 atque
2279 2892 2346 2930 ex
2391 2878 2809 2933 humanissimis
2858 2879 2980 2933 istis
3027 2879 3414 2935 sacerdotibus

1814 2980 1911 3021 eos
1944 2966 2134 3038 lugeas
2164 2969 2258 3038 qui
2296 2968 2556 3039 injuriam
2613 2968 2845 3036 faciunt,
2876 2984 3071 3026 eorum
3108 2971 3412 3028 misereare

1734 3072 1780 3133 ο
1811 3054 1907 3124 qui
1963 3055 2324 3125 despiciunt:
2369 3065 2484 3111 tum
2530 3057 2793 3113 Ecclesia:
2844 3058 3071 3128 quidem
3110 3060 3409 3129 procellam

1807 3145 2095 3216 deplores;
2131 3147 2279 3217 quod
2323 3164 2455 3203 vero
2492 3164 2869 3203 aarumnarum
2904 3165 3004 3219 pro
3036 3150 3245 3220 pietate
3284 3168 3406 3222 par-

1807 3235 2008 3303 ticipes
2041 3234 2332 3302 fuerimus,
2366 3238 2606 3308 gaudeas
2642 3238 2853 3308 1221
2896 3248 2954 3293 et
2998 3240 3221 3305 laeteris,
3253 3252 3310 3296 et
3339 3243 3409 3298 il-

1806 3325 1923 3384 lum
1968 3327 2062 3397 qui
2119 3327 2176 3382 in
2224 3328 2368 3382 hanc
2416 3338 2621 3384 sortem
2673 3344 2774 3383 nos
2826 3330 3015 3400 allegit
3067 3330 3294 3387 laudare
3337 3350 3409 3388 ne

1808 3432 2013 3473 cesses.
2044 3417 2322 3473 Cedamus
2366 3418 2822 3475 interfectoribus
2851 3419 3123 3475 honorem
3167 3429 3225 3476 et
3265 3422 3409 3477 deli-

1808 3507 1945 3572 cias,
1978 3516 2036 3563 et
2074 3508 2224 3563 sedis
2266 3510 2712 3581 praerogativam,
2748 3516 2805 3564 et
2832 3509 3068 3580 gloriam
3108 3510 3409 3567 infelicem.

1810 3598 2047 3653 Tantum
2094 3600 2431 3669 evangelicis
2470 3617 2574 3657 nos
2621 3601 2972 3672 dogmatibus
3015 3600 3413 3666 inhaereamus,

1808 3696 1867 3741 et
1903 3702 2029 3741 cum
2060 3687 2193 3751 illis,
2229 3687 2273 3741 si
2306 3703 2445 3756 opus
2477 3700 2583 3753 est,
2615 3689 2838 3758 quidvis
2866 3705 3126 3759 asperum
3158 3690 3408 3760 perfera-

1810 3792 1962 3841 mus,
2006 3777 2454 3849 laudabilemque
2494 3788 2878 3849 paupertatem
2919 3780 3100 3849 plenis
3148 3796 3408 3836 curarum

1811 3868 2022 3924 divitiis
2070 3875 2495 3939 anteponamus.
2549 3867 2677 3925 llaec
2724 3881 2910 3924 autem
2956 3871 3163 3936 scribo,
3200 3886 3310 3930 non
3349 3882 3410 3927 ut
3521 3867 3524 3869 Α

1812 3956 2196 4012 cohortatione
2250 3964 2403 4024 utar;
2453 3956 2584 4011 novi
2636 3957 2784 4011 enim
2836 3958 3312 4022 sanctitatistuze
3353 3961 3412 4019 in

1814 4044 1981 4102 rebus
2032 4046 2246 4117 asperis
2289 4049 2657 4103 constantiam
2706 4067 2719 4103 :
2764 4050 2859 4104 sed
2906 4057 2970 4104 ut
3014 4050 3266 4121 religioni
3302 4061 3412 4108 tua:

1813 4154 2037 4195 sensum
2072 4155 2257 4195 meum
2287 4141 2554 4211 aperiam,
2592 4141 2934 4212 doceamque
2965 4142 3173 4197 habere
3210 4152 3285 4210 te,
3313 4145 3413 4201 do-

1813 4230 1963 4287 mine
1985 4272 1999 4296 ,
2046 4232 2493 4297 commilitones,
2543 4233 2637 4303 qui
2678 4248 2736 4287 se
2780 4232 3049 4303 periculis
3080 4249 3181 4303 pro
3208 4235 3417 4305 pietate

1769 4369 1775 4374 .
1814 4325 2055 4381 libenter
2091 4326 2378 4397 objiciant.
2409 4325 2566 4393 Quod
2607 4327 2835 4397 quidem
2865 4326 2933 4381 ad
2976 4334 3029 4381 te
3052 4328 3167 4397 jam
3195 4326 3415 4396 pridem

115 4428 212 4483 τὸν
243 4426 542 4498 κομιοῦντα
569 4425 639 4479 τά
674 4425 1001 4496 γράμματα.
1051 4420 1358 4493 Ἐπιτυχὼν
1385 4421 1443 4475 δὲ
1478 4420 1575 4475 νῦν
1613 4422 1707 4475 τοῦ

1816 4416 2062 4473 scribere
2102 4433 2228 4473 cum
2271 4417 2324 4472 in
2364 4418 2552 4473 animo
2588 4428 2755 4483 esset,
2784 4434 2900 4472 non
2930 4418 3113 4473 inveni
3141 4419 3237 4488 qui
3265 4418 3414 4474 litte-

116 4520 455 4590 τιμιωτάτου
503 4519 601 4572 καὶ
631 4515 1031 4570 εὐλαϐεστάτου
1078 4513 1454 4586 πρεσϐυτέρου
1502 4512 1710 4580 Ὀξέου,

120 4608 315 4681 ἀνδρὸς
361 4610 458 4669 καὶ
498 4598 933 4681 τῆςεύσεϐείας
957 4605 1431 4678 ὑπερμαχοῦντος,
1477 4604 1573 4658 καὶ
1613 4605 1714 4675 τῆς

122 4700 222 4769 σῆς
251 4700 626 4773 ἐξηρτημένον
663 4698 971 4763 εὐσεϐείας,
1015 4698 1111 4751 καὶ
1149 4697 1371 4769 γράφω,
1416 4697 1512 4751 καὶ
1550 4713 1711 4768 περι-

124 4789 439 4861 πτύσσομαί
490 4808 587 4845 σου
632 4790 731 4861 τὴν
776 4790 1053 4860 ὁσιότητα,
1100 4791 1197 4843 καὶ
1243 4786 1546 4863 παρακαλῶ
1590 4789 1714 4850 ταῖς

127 4885 459 4952 προσευχαῖς
509 4883 657 4953 ἡμᾶς
704 4881 1050 4953 ὑπερείδειν,
1084 4880 1205 4943 καὶ
1272 4879 1550 4949 στηρίζειν
1601 4881 1713 4941 τοῖς

127 4971 470 5043 γράμμασιν·
658 4972 661 4975 ’

213 5079 384 5169 ΡΔΕ.
415 5111 484 5123 --
531 5081 781 5149 Ἰωάννῃ
817 5082 1132 5146 ἐπισκόπῳ
1162 5082 1614 5151 Papum-maiae.

201 5191 328 5246 Ὀτι
362 5194 461 5263 μὲν
486 5195 587 5246 οὐκ
615 5195 973 5264 ἁμνημονεῖς,
1014 5193 1275 5255 δέσποτα,
1304 5193 1401 5263 τῆς
1439 5192 1717 5263 ἡμετέρας

133 5282 334 5350 φιλίας,
366 5284 463 5336 καὶ
494 5282 666 5353 ⁴ᾔδειν,
718 5283 814 5335 καὶ
844 5277 959 5336 οἴδα
1013 5281 1232 5351 σαφῶς.
1279 5278 1618 5351 Ἐϐουλόμην
1660 5280 1717 5333 δὲ

133 5372 281 5444 ὅμως
307 5374 402 5427 καὶ
432 5374 704 5445 ηὐχόμην,
729 5374 829 5444 τὴν
862 5374 962 5444 μὲν
984 5372 1099 5445 (94)
1140 5373 1239 5441 σὴν
1274 5371 1588 5426 θεοσέϐειαν
1618 5372 1717 5442 τῆς

202 5528 247 5560 ³⁸
294 5525 485 5583 Βαιιιι.
524 5543 651 5594 xxv,
686 5528 773 5583 £0.
853 5528 899 5561 "
931 5528 1135 5598 Ephes.
1170 5544 1243 5591 tv,
1289 5528 1377 5582 14.

206 5680 319 5754 (92)
342 5681 421 5754 l_ta
450 5689 599 5738 recte
634 5681 1007 5754 Neap._Sirm.
1030 5681 1268 5754 habebat
1293 5700 1307 5736 :
1332 5684 1501 5754 παρά.

214 5751 324 5825 (93)
356 5751 583 5821 Baron.,
616 5751 872 5819 tomIVI,
902 5752 1085 5821 p.101
1122 5767 1240 5822 seq.
1295 5753 1361 5807 ad
1415 5751 1465 5807 a.
1508 5752 1568 5809 C.
1599 5754 1724 5819 449,

1817 4520 1908 4560 ras
1947 4505 2237 4575 perferret.
2288 4506 2451 4561 Nunc
2491 4521 2625 4561 vero
2666 4506 3195 4562 reverendissimum
3226 4514 3245 4526 '
3278 4506 3413 4562 reli-

1816 4596 2303 4666 giosissimumque
2334 4597 2719 4667 presbyterum
2756 4596 2957 4653 Ozeam
2988 4606 3204 4663 nactus,
3229 4599 3416 4654 virum

1817 4687 1912 4757 qui
1952 4694 2009 4741 et
2052 4687 2315 4757 pietatem
2366 4694 2574 4752 tuetur,
2614 4695 2671 4742 et
2721 4687 2823 4742 tibi
2875 4688 3259 4744 deditissimus
3304 4698 3413 4750 cst,

1816 4776 2024 4839 scribo,
2064 4784 2122 4831 ct
2165 4776 2346 4829 saluto
2383 4777 2729 4833 sanctitatem
2778 4786 2952 4841 tuam,
2998 4785 3057 4839 et
3105 4793 3205 4834 oro
3252 4785 3314 4833 ut
3358 4784 3416 4833 et

1820 4868 2080 4938 precibus
2109 4884 2206 4922 me.
2226 4867 2444 4933 fulcias,
2475 4876 2533 4923 et
2561 4868 2768 4925 litteris
2800 4868 3113 4925 conﬁrmes.

1974 5080 2260 5137 CXXXIII.
2290 5109 2358 5119 —
2382 5077 2583 5132 Joanm'
2616 5076 2854 5146 episcopo
2888 5075 3259 5131 Germaniam.

1897 5195 2281 5250 Immemorem
2325 5200 2409 5257 te,
2451 5191 2707 5255 domine,
2756 5189 3016 5244 amicitia:
3059 5198 3264 5244 nostrae
3309 5202 3422 5244 non

1824 5301 1947 5342 esse
1994 5284 2238 5340 sciebam
2289 5282 2573 5354 equidem,
2617 5290 2674 5337 et
2715 5280 2930 5352 liquido
2969 5280 3121 5336 novi.
3165 5279 3275 5335 Sed
3320 5295 3424 5351 ego

1828 5374 2150 5445 religionem
2204 5382 2353 5428 tuam
2407 5373 2664 5430 volebam
2717 5381 2775 5427 et
2833 5370 3093 5441 optabam
3137 5384 3253 5427 rem
3298 5386 3425 5445 per—

1828 5682 2080 5739 eamdem
2106 5680 2272 5736 habet
2298 5681 2609 5752 epistolam.

1910 5752 2020 5823 (94)
2052 5756 2153 5824 μὲν
2176 5751 2360 5806 addidi
2393 5768 2425 5807 c
2450 5751 2623 5822 Neap.
