4086 6326
164 325 322 392 3353

1495 327 1858 390 EPISTOLA
1895 330 2170 392 CXXXV.

3331 333 3469 398 i356

160 442 316 502 αἰαὶ,
358 439 450 492 καὶ
489 439 638 508 παρὰ
691 442 801 502 τοῖς
845 439 950 503 ἔξω
999 441 1235 512 μερίδος.
1292 441 1348 494 ’0
1381 441 1438 494 δὲ
1486 444 1593 496 τῶν
1637 444 1773 497 ὅλων

1881 445 2210 513 perfectiora
2255 447 2441 517 exigit.
2490 466 2508 497 ι
2547 445 2787 517 Diligite,
2843 445 3041 516 inquit,
3086 445 3338 502 inimicos
3377 463 3472 501 ve-

161 529 465 599 Δσσπότης
508 530 576 584 τά
609 530 914 602 τελεώτερα
948 530 1102 599 παρά
1150 531 1257 584 τῶν
1301 533 1516 586 οἰκείων
1546 534 1771 588 ἀπαιτεῖ

162 619 468 691 μαθητῶν.
502 640 519 671 ι
554 623 830 689 Ἀγαπᾶτε
855 622 983 692 γὰρ,
1016 625 1168 693 φησι,
1192 623 1318 686 τοὺς
1341 622 1568 693 ἐχθροὺς
1592 623 1766 693 ὑμῶν.

165 711 246 765 El
279 712 388 782 γὰρ
434 715 561 776 τοὺς
617 713 947 779 ἀγαπῶντας
981 715 1123 784 ὑμᾶς
1172 716 1444 780 ἀγαπᾶτε,
1497 715 1550 768 τί
1608 715 1770 770 πλέον

161 804 420 865 natam;
454 801 583 855 Ἰδοὺ
606 801 700 854 καὶ
733 801 782 853 οἱ
818 802 1135 872 ἁμαρτωλοὶ
1163 802 1258 856 καὶ
1286 805 1335 855 ot
1361 802 1592 856 τελῶναι
1611 804 1771 858 τοῦτο

164 891 455 946 τωιούσιν.
486 913 504 944 ι
535 894 728 962 Ἡμεῖς
761 893 816 946 δὲ
849 895 970 947 οὐδὲ
998 895 1099 964 τῆς
1128 893 1426 963 τελωνικῆς
1454 896 1768 950 ἀπελαύσα-

163 999 287 1052 μεν
304 983 546 1052 ἀγάπης.
568 984 677 1036 Καὶ
707 984 757 1036 τί
775 984 918 1052 λέγω
945 984 1278 1054 τελωνικῆς;
1305 986 1440 1039 Οὐδὲ
1472 981 1540 1058 ἧς
1563 990 1770 1058 τυγχά-

158 1092 368 1128 νουσιν
397 1078 446 1130 οί
497 1076 814 1148 ἀνδροφόνοι
855 1078 951 1132 καὶ
995 1077 1191 1150 γόητες
1231 1079 1290 1132 ἐν
1328 1081 1439 1142 τοῖς
1491 1081 1772 1150 δεσμωτη-

163 1166 324 1236 ρίοις
356 1166 694 1238 παραψυχῆς
717 1169 1129 1237 ἀπελαύσαμεν.
1157 1169 1219 1222 Εί
1245 1170 1302 1222 δὲ
1334 1171 1536 1233 πάντες
1567 1171 1771 1236 ταύτην

159 1257 465 1328 ἐζήλωσαν
493 1262 592 1332 τὴν
623 1262 904 1331 ὠμότητα,
942 1262 1095 1315 οὐδὲν
1136 1261 1326 1332 Ξτερον
1364 1263 1707 1327 ὑπελείπετο,
1734 1263 1768 1333 ἢ

158 1347 390 1413 ζῶντας
415 1351 515 1419 μὲν
545 1351 638 1404 ὑπ’
679 1352 888 1413 ἐνδείας
935 1349 1307 1419 ἀναλωθῆναι,
1337 1351 1773 1423 τελευτήσαντας

157 1436 229 1492 δι
264 1439 343 1510 μὴ
375 1439 486 1511 (97)
523 1441 682 1510 τάφῳ
712 1439 1106 1510 παραδοθῆναι,
1133 1439 1273 1494 ἀλλὰ
1319 1441 1498 1494 κυνῶν
1538 1442 1632 1495 καὶ
1669 1440 1771 1511 θηο

162 1527 293 1596 ρῶν
332 1529 592 1596 γενέσθαι
642 1529 830 1600 βοράν.
872 1529 1013 1584 Ἀλλ’
1044 1531 1288 1600 ῆρκεσαν
1335 1532 1468 1601 ἡμῖν
1515 1533 1564 1584 oi
1615 1530 1772 1585 τοῦδε

159 1616 270 1670 τοῦ
308 1616 424 1687 βίον
456 1620 952 1689 καταφρονοῦντες,
993 1622 1090 1674 καὶ
1125 1620 1236 1674 τῶν
1279 1623 1514 1677 αίωνίων
1548 1621 1772 1692 ἀγαθῶν

163 1709 607 1780 προσδεχόμενοι
649 1711 748 1782 τὴν
787 1711 1115 1775 ἀπόλαυσιν,
1148 1712 1197 1765 οἳ
1236 1713 1585 1783 παντοδαπῆς
1620 1715 1771 1785 ἡμᾶς

1875 546 2041 592 stros.
2087 538 2144 594 Si
2190 540 2336 594 enim
2378 540 2608 612 diligitis
2639 556 2736 595 eos
2776 541 2872 608 qui
2911 555 3009 596 vos
3036 539 3306 610 diligunt,
3333 539 3470 610 quid

1874 630 2112 699 amplius
2157 630 2373 686 facitis?
2401 632 2543 688 Ecce
2587 640 2907 703 peceatores
2944 641 3000 687 et
3041 631 3324 702 publicani
3365 632 3474 687 hoc

1873 723 2086 777 faciunt
2118 723 2185 776 ".
2218 741 2236 775 ι
2276 723 2347 778 At
2379 739 2481 779 nos
2519 740 2591 780 ne
2628 725 3052 795 publicanorum
3082 724 3305 793 quidem
3335 724 3472 780 cha-

1874 813 2094 870 ritatem
2123 815 2334 886 experti
2363 831 2575 871 sumus.
2599 815 2668 870 Et
2693 815 2828 886 quid
2857 815 2983 870 dico
3011 815 3472 883 publicanorum?

1873 905 1953 959 Ne
1981 906 2132 961 illam
2166 907 2414 977 quidem,
2441 923 2554 978 qua
2590 907 2885 963 homicida
2911 915 2969 960 et
2993 905 3226 962 veneﬁci
3257 906 3313 962 in
3346 921 3470 961 car-

1874 996 2098 1052 ceribus
2125 996 2409 1063 fruuntur,
2427 998 2861 1055 consolationem
2881 999 3216 1068 accepimus.
3241 998 3398 1065 Quod
3421 999 3469 1054 si

1874 1088 2262 1144 crudelitatem
2301 1088 2464 1143 istam
2505 1088 2683 1143 secuti
2715 1102 2913 1144 omnes
2953 1097 3161 1152 essent,
3191 1089 3470 1158 reliquum

1874 1180 2026 1234 aliud
2076 1196 2187 1234 non
2239 1189 2390 1244 erat,
2444 1194 2611 1250 quam
2664 1187 2728 1234 ut
2769 1179 2858 1233 vel
2903 1177 3234 1248 superstites
3279 1177 3470 1248 inopia

1874 1271 2308 1336 conﬁeeremur,
2355 1270 2577 1344 ηπ
2609 1271 2699 1326 vel
2739 1271 2946 1327 mortui
2991 1271 3278 1340 sepultura
3315 1286 3472 1326 care-

1875 1380 2094 1430 remus,
2141 1373 2200 1420 et
2240 1363 2477 1418 canibus
2519 1362 2763 1431 ferisque
2817 1361 3015 1431 praeda
3048 1376 3318 1439 essemus.
3365 1361 3477 1418 Sed

1875 1453 2176 1508 adfuerunt
2222 1452 2387 1508 nobis
2428 1451 2524 1522 qui
2578 1451 2724 1508 hanc
2758 1451 2926 1506 vitam
2979 1460 3370 1520 aspernantur,
3418 1459 3480 1505 et

1874 1554 2212 1602 aeternorum
2243 1545 2520 1600 bonorum
2557 1542 2803 1599 fructum
2832 1549 3176 1612 exspectant,
3210 1542 3477 1612 omnique
3561 1549 3564 1552 λ

1874 1652 1979 1691 nos
2029 1635 2427 1692 consolationis
2483 1649 2690 1706 genere
2753 1634 3136 1689 sublevarunt.
3195 1632 3478 1703 Benignus

1876 1738 2062 1784 autem
2111 1747 2130 1779 ι
2158 1727 2428 1782 Dominus
2465 1726 2536 1780 de
2571 1727 2713 1782 calo
2745 1725 2993 1781 auditum
3019 1723 3154 1780 fecit
3166 1724 3470 1796 judicium;

159 1799 540 1872 ψυχαγωγίας
578 1802 839 1871 ἠξίωσαν.
876 1805 936 1855 '0
968 1803 1026 1857 δὲ
1080 1803 1461 1874 φιλάνθρωπος
1507 1823 1524 1855 ι
1567 1804 1772 1874 Κύριος

1879 1832 2026 1876 terra
2061 1822 2292 1876 tremuit
2334 1829 2392 1875 et
2437 1819 2669 1890 quievit,
2709 1834 2835 1874 cum
2876 1791 3204 1888 exsurgeret
3243 1818 3299 1872 in
3329 1815 3476 1887 judi-

163 1893 244 1946 ἐκ
273 1892 368 1945 τοῦ
399 1893 630 1962 οὐρανοῦ
666 1897 926 1963 ῆκούτισε
958 1896 1165 1967 κρίσιν.
1202 1895 1269 1948 Ἦ
1299 1896 1356 1949 δὲ
1391 1898 1463 1965 γῆ
1505 1896 1772 1966 ἐφοϐήθη,

163 1985 272 2037 καὶ
301 1983 574 2054 ἡσύχασεν
608 1988 668 2038 ὲν
698 1985 775 2056 τῷ
804 1988 1105 2058 ἀναστῆναι
1129 1989 1208 2050 εις
1231 1986 1414 2057 κρίσιν
1448 1989 1538 2042 τὸν
1563 1988 1716 2041 Θεόν.
1750 2008 1767 2039 ι

1876 1914 2022 1968 cium
2052 1913 2199 1968 Deus
2225 1914 2308 1965 “‘.
2349 1932 2368 1964 ι
2402 1942 2472 1952 -—-
2509 1930 2528 1963 ι
2553 1910 2769 1966 Inimici
2797 1925 2929 1964 vero
2961 1910 3083 1979 ejus
3115 1925 3241 1965 mox
3277 1917 3340 1964 ut
3371 1909 3475 1963 ho-

1877 2005 2151 2060 norificati
2196 2005 2428 2058 fuerunt
2467 2012 2524 2056 et
2570 2001 2819 2064 exaltati,
2854 1999 3179 2055 deficientes
3209 1999 3479 2069 quemad-

161 2105 185 2114 -
209 2105 243 2115 -
283 2094 303 2126 σ
335 2077 397 2126 0i
435 2077 493 2127 δὲ
534 2076 723 2145 ἐχθροὶ
759 2076 926 2130 αὐτοῦ
956 2076 1073 2146 ἅμα
1100 2076 1179 2146 τῷ
1201 2077 1528 2145 δοξασθῆναι
1575 2079 1773 2141 αὐτοὺς

1878 2098 2106 2152 modum
2157 2097 2346 2150 fumus
2404 2093 2732 2149 defecerunt
2771 2093 2836 2146 “.
2885 2112 2904 2144 ι
2962 2091 3345 2162 Proscriptum
3391 2101 3479 2146 est

163 2168 272 2218 καὶ
315 2164 619 2232 ὑψωθῆναι,
653 2165 1003 2229 ἐκλείποντες
1025 2166 1170 2218 ὡσεὶ·
1193 2166 1398 2230 καπνὸς
1438 2167 1706 2231 ἐξέλιπον.
1751 2187 1767 2218 ι

177 2253 602 2324 Ἔστηλίτευται
648 2255 706 2308 δὲ
759 2256 820 2308 τὸ
858 2255 962 2324 τῆς
1015 2255 1211 2325 καινῆς
1260 2257 1527 2326 αἱρέσεως
1556 2259 1774 2328 ψεῦδος,

1877 2189 2104 2244 ἥξει-θεῖε
2148 2203 2307 2242 novae
2350 2186 2723 2252 mendacium,
2761 2194 2818 2240 et
2867 2183 3185 2240 divinorum
3230 2184 3483 2254 Evange-

1877 2279 2079 2333 liorum
2125 2281 2332 2334 veritas
2377 2278 2559 2348 palam
2612 2277 2964 2347 pradieatur.
3013 2276 3128 2330 Nos
3173 2289 3310 2329 vero
3349 2289 3477 2330 cum

163 2347 515 2420 κηρύττεται
545 2348 603 2402 δὲ
650 2348 1013 2419 προφανῶςή
1060 2349 1171 2402 τῶν
1214 2347 1374 2402 θείων
1425 2350 1773 2419 Εὐαγγελίων

1879 2372 2042 2425 beato
2075 2371 2281 2424 Davide
2319 2347 2696 2424 exclamamus
2729 2386 2741 2420 :
2783 2387 2799 2418 ι
2830 2366 3166 2421 Benedictus
3192 2365 3344 2420 Deus
3380 2367 3478 2433 qui

165 2438 429 2508 ἀλήθεια.
466 2439 660 2508 Ἡμεῖς
683 2439 739 2492 δὲ
766 2441 906 2510 μετὰ
925 2439 1019 2492 τοῦ
1045 2441 1320 2511 μακαρίου
1345 2440 1556 2511 βοῶμεν
1573 2443 1739 2496 Δαὸίδ
1760 2459 1771 2471 ·

174 2552 197 2585 ι
228 2532 541 2603 Εὐλογητὸς
576 2537 606 2589 ὁ
626 2534 780 2600 Θεὸς,
822 2537 852 2588 ὁ
879 2535 1051 2588 ποιῶν
1106 2533 1394 2604 θαυμάσια
1435 2535 1646 2605 μεγάλα
1680 2537 1776 2604 μό·

165 2641 293 2688 νος,
325 2625 418 2679 καὶ
463 2625 757 2696 stilova
789 2626 850 2678 τὸ
886 2626 1058 2694 ὄνομα
1087 2626 1186 2695 τῆς
1236 2625 1396 2696 δόξης
1447 2627 1635 2691 αὑτοῦ,
1681 2628 1776 2680 καὶ

169 2717 600 2790 πληρωθήσεται
619 2721 717 2789 τῆς
731 2717 888 2788 δόξης
908 2716 1071 2772 αὑτοῦ
1095 2720 1243 2773 πᾶσα
1264 2721 1296 2790 η
1315 2719 1408 2790 γῆ.
1430 2719 1663 2785 Γένοιτο,
1683 2722 1776 2786 γέ-

170 2824 350 2863 νοιτο.
384 2828 404 2861 ι

499 2924 668 2977 ΡΛΕ’.
687 2954 755 2964 ——
794 2926 1079 2994 Ῥωμύλῳ
1106 2927 1443 2992 ἑπισκόπῳ.

265 3054 485 3127 Ἐπειδὴ
512 3055 612 3125 τῆς
644 3056 884 3120 παλαιᾶς
942 3059 1092 3128 ἡμᾶς
1146 3059 1462 3129 ἀνέμνησας
1510 3058 1770 3130 ἱστορίας,

1879 2455 2010 2510 facit
2049 2457 2324 2510 mirabilia
2354 2470 2552 2524 magna
2595 2455 2768 2518 solus,
2797 2465 2856 2508 et
2884 2454 3243 2509 benedictum
3273 2468 3482 2509 nomen

1878 2541 2187 2610 maiestatis
2214 2543 2356 2612 ejus.
2384 2552 2442 2596 et
2472 2541 2781 2613 replebitur
2803 2543 3104 2612 majestate
3139 2543 3261 2612 ejus
3298 2542 3480 2598 omnis

1881 2640 2048 2687 terra.
2081 2634 2221 2701 Fiat,
2251 2635 2344 2690 ﬁat
2367 2637 2454 2689 ⁴⁸”.
2489 2657 2506 2688 ι

2231 2928 2489 2984 CXXXV.
2507 2959 2577 2969 —
2609 2929 2836 2983 Romulo
2867 2932 3125 3000 episcopo.

1951 3063 2407 3131 Quandoquidem
2445 3071 2690 3117 veterem
2719 3063 2882 3116 nobis
2911 3063 3199 3119 historiam
3235 3081 3481 3124 comme-

173 3149 279 3203 καὶ
313 3148 418 3200 τῶν
460 3148 649 3218 Σύρων
678 3149 813 3218 ἔφης
860 3152 952 3202 τὸν
1000 3151 1245 3220 βασιλέα,
1275 3151 1381 3203 τῶν
1417 3152 1511 3203 τοῦ
1553 3152 1772 3222 Ἰσραὴλ

1880 3157 2129 3219 morasti,
2158 3156 2539 3226 Syrorumque
2572 3171 2757 3225 regem
2791 3157 2892 3218 ais,
2922 3172 3045 3210 cum
3084 3159 3228 3228 regis
3265 3161 3482 3219 lsraelis

177 3240 454 3310 βασιλέων
473 3243 535 3292 τὸ
565 3240 950 3311 φιλάνθρωπον
976 3243 1359 3312 λογισάμενον,
1385 3245 1566 3295 ἱκέτου
1590 3245 1690 3312 σχῆ
1702 3261 1775 3312 μα

172 3333 386 3396 λαϐεῖν,
422 3335 515 3385 καὶ
572 3335 647 3401 μὴ
681 3334 1002 3404 διαμαρτεῖν
1052 3336 1152 3403 τῆς
1193 3337 1459 3401 αἰτήσεως
1491 3353 1504 3364 ·
1530 3336 1776 3404 ἀναμνήο

175 3424 364 3492 σθητι,
423 3424 690 3488 δέσποτα,
749 3426 844 3477 καὶ
911 3427 1009 3494 τῆς
1062 3426 1210 3488 θείας
1265 3425 1454 3495 ὀργῆς.
1506 3427 1610 3477 ἰ’δν
1667 3427 1776 3497 γὰρ

190 3517 400 3585 Ἀχαὰὸ
432 3516 508 3585 τῷ
533 3516 668 3587 ἐλέῳ
702 3520 1051 3589 χρησάμενον
1086 3518 1438 3588 πανωλεθρίᾳ
1465 3518 1774 3587 παρέδωκε,

175 3611 278 3664 καὶ
303 3611 389 3664 διὰ
409 3611 500 3663 τοῦ
538 3613 824 3680 Προφήτου
850 3611 948 3680 τὴν
976 3610 1156 3679 ψῆφον
1187 3609 1497 3677 ἐξήνεγκεν.
1543 3627 1558 3659 ι
1587 3609 1776 3660 Ἔσται

1882 3248 2283 3300 humanitatem
2341 3248 2528 3300 animo
2581 3256 2888 3316 reputaret,
2928 3250 3195 3317 supplicis
3244 3252 3483 3310 formam

1881 3340 2202 3406 sumpsisse,
2238 3347 2294 3392 et
2340 3339 2666 3406 impetrasse
2716 3338 2862 3406 quod
2906 3341 3152 3407 petebat,
3186 3345 3482 3399 recordare

1882 3439 1938 3482 tu
1966 3430 2162 3491 etiam,
2197 3429 2442 3491 domine,
2478 3429 2573 3482 ira:
2599 3443 2663 3482 ac
2689 3428 2917 3482 ultionis
2946 3427 3164 3484 divinae.
3195 3431 3481 3487 Acbabum

1878 3520 2049 3583 enim,
2077 3519 2170 3588 qui
2203 3519 2588 3574 misericordia
2616 3535 2750 3572 usus
2776 3519 2978 3582 fuerat,
3014 3536 3275 3589 supremo
3312 3523 3481 3580 exitio

1882 3611 2156 3670 multavit,
2184 3619 2238 3662 et
2264 3609 2594 3667 sententiam
2630 3608 2686 3662 in
2718 3625 2844 3662 eum
2872 3625 2970 3678 per
2994 3611 3323 3679 prophetam
3355 3628 3483 3682 pro-

178 3703 317 3772 γὰρ.
350 3704 535 3771 φησὶν,
570 3705 604 3772 ἡ
636 3703 782 3771 ψυχή
817 3718 910 3752 σου
946 3701 1067 3752 ἀντὶ
1101 3701 1200 3767 τῆς
1240 3700 1416 3769 ψυχῆς
1456 3699 1646 3762 αὑτοῦ,
1683 3701 1773 3753 καὶ

1882 3701 2026 3756 tulit.
2071 3722 2087 3752 ι
2125 3701 2265 3762 Erit,
2307 3701 2511 3769 inquit,
2539 3702 2720 3755 anima
2768 3712 2859 3754 tua
2899 3719 3000 3772 pro
3036 3704 3219 3758 anima
3252 3705 3392 3774 ejus,
3425 3719 3484 3760 et

176 3797 208 3848 ὁ
247 3795 374 3856 λαός
404 3811 498 3846 σου
541 3796 661 3847 ἀντὶ
689 3793 781 3846 τοῦ
822 3792 950 3846 λαοῦ
983 3793 1209 3845 αὑτοῦ.)
1249 3792 1442 3860 Ἡμεῖς
1465 3793 1522 3845 δὲ
1558 3791 1773 3845 κελευό-

1881 3794 2120 3862 populus
2161 3802 2290 3845 tuus
2330 3807 2432 3860 pro
2477 3793 2684 3861 populo
2721 3793 2842 3861 ejus
2867 3792 2934 3846 “.
2968 3813 2986 3844 ι
3022 3793 3133 3847 Nos
3171 3810 3305 3849 vero
3351 3797 3484 3852 hinc

184 3883 330 3955 μεθα
364 3885 452 3940 διὰ
476 3885 684 3938 τούτων
716 3883 894 3954 κρίσει
928 3884 1256 3952 κεραννύναι
1283 3883 1373 3934 τὸν
1403 3884 1574 3944 ἔλεον,
1607 3886 1682 3946 ὡς
1705 3886 1777 3940 ,οὐ

178 3978 389 4038 παντὸς
417 3977 568 4030 ἐλέου
601 3977 932 4046 ἀρέσκοντος
972 3976 1062 4027 τὸν
1090 3975 1201 4026 τῶν
1225 3975 1362 4027 ὅλων
1395 3974 1618 4042 Κύρνον.
1653 3979 1776 4027 Δια-

179 4067 461 4138 φερόντως
501 4069 557 4120 δὲ
596 4066 861 4134 λογισμοῦ
898 4067 1070 4119 δεῖται
1122 4066 1400 4134 σώφρονος
1450 4081 1481 4135 η
1523 4066 1778 4135 παροῦσα

180 4159 462 4222 ὑπόθεσις,
505 4161 642 4229 Περὶ
689 4159 799 4228 γὰρ
836 4160 998 4211 θείων
1050 4159 1435 4227 ἀγωνιζόμεθα
1463 4160 1774 4226 δογμάτων,

176 4254 240 4304 ἐν
274 4246 354 4314 οἷς
397 4250 594 4320 ἔχομεν
637 4251 734 4320 τὴν
767 4254 865 4321 τῆς
900 4252 1175 4321 σωτηρίας
1212 4251 1424 4303 ἐλπίδα.
1472 4249 1680 4318 Πολλὴν
1719 4250 1776 4302 δὲ

176 4342 336 4409 ὅμως
371 4343 520 4393 ἐστιν
559 4342 686 4394 ἰδεῖν
731 4344 834 4395 κάν
887 4340 1097 4404 τούτοις
1143 4340 1448 4409 ἀνθρώπων
1486 4343 1770 4411 διαφοράν.

177 4430 250 4481 Οἱ
294 4431 392 4498 μὲν
425 4431 536 4499 γὰρ
592 4429 808 4500 ἀληθῶς
838 4431 935 4501 τὴν
970 4433 1159 4501 κοινὴν
1212 4431 1774 4494 νοσοῦσινάσέὀειαν,

178 4524 233 4574 οἱ
268 4521 322 4574 δὲ
351 4521 658 4592 ἀδιαφόρως
705 4524 800 4576 καὶ
832 4523 1008 4576 ταῦτα
1047 4525 1142 4576 καὶ
1190 4523 1260 4576 τὰ
1289 4524 1501 4585 τούτοις
1554 4522 1774 4576 ἐναντία

179 4613 613 4682 προσφέρουσιν.
641 4613 858 4682 Ἕτεροι
892 4614 948 4666 δὲ
987 4613 1085 4684 τὴν
1116 4613 1371 4683 ἀλήθειαν
1397 4615 1772 4681 ἐπιστάμενοι,

177 4704 394 4773 ταύτην
428 4706 524 4774 μὲν
572 4708 629 4758 ὲν
676 4709 786 4768 τοῖς
826 4707 923 4776 τῆς
961 4706 1139 4775 ψυχῆς
1172 4704 1621 4787 κατακρύπτουσι
1675 4721 1773 4757 τα-

187 4797 393 4867 μείοις,
417 4795 486 4851 τὰ
516 4797 575 4850 δὲ
604 4797 838 4868 δυσσεϐῆ
869 4797 1005 4867 μετὰ
1043 4797 1153 4849 τῶν
1183 4798 1356 4851 ἄλλων
1391 4798 1772 4869 κηρύττουσιν.

189 4888 381 4939 Ἀλλοι
401 4886 458 4940 δὲ
485 4887 581 4940 τοῦ
618 4887 812 4952 φθόνου
840 4887 900 4937 τὸ
931 4885 1102 4948 πάθος
1152 4886 1459 4953 δεξάμενοι,
1491 4887 1549 4937 τὸ
1577 4887 1776 4938 οἰκεῖον

183 4975 350 5046 ἔχθος
374 4977 630 5047 ἀφορμὴν
661 4976 755 5030 τοῦ
787 4977 931 5031 κατὰ
970 4977 1068 5046 τῆς
1105 4977 1364 5046 ἀληθείας
1404 4977 1642 5046 πολέμου
1683 4993 1780 5029 πε-

1878 3886 2138 3954 jubemur
2204 3884 2644 3938 misericordiam
2698 3893 3008 3953 temperare
3054 3886 3301 3954 judicio,
3354 3904 3483 3944 cum

1882 3979 2269 4033 universorum
2305 3977 2417 4029 Deo
2458 3975 2720 4045 quaelibet
2764 3977 3144 4032 misericordia
3194 3994 3304 4033 non
3365 3980 3481 4048 pla-

1881 4077 2019 4123 ceat.
2067 4068 2125 4120 in
2165 4067 2361 4135 primis
2407 4074 2593 4119 autem
2644 4067 2880 4120 consilio
2919 4066 3180 4135 prudenti
3224 4082 3364 4137 opus
3400 4079 3484 4122 est

1881 4163 1936 4213 in
1962 4158 2219 4228 praasenti
2244 4158 2485 4228 negotio.
2508 4158 2585 4212 De
2613 4157 2819 4212 divinis
2841 4157 2988 4212 enim
3022 4158 3238 4228 1225
3261 4159 3484 4228 dogma-

1881 4249 2032 4302 tibus
2069 4257 2371 4311 certamus,
2407 4247 2460 4301 in
2495 4245 2703 4316 quibus
2736 4246 2973 4316 positam
3018 4247 3290 4303 habemus
3327 4265 3482 4318 spem

1880 4339 2092 4394 salutis.
2127 4337 2234 4393 Red
2271 4355 2524 4409 magnam
2561 4340 2616 4393 in
2651 4338 2742 4392 his
2771 4338 2939 4392 etiam
2973 4338 3161 4392 videre
3190 4347 3273 4393 est
3301 4339 3481 4394 homi-

1882 4444 2015 4483 num
2059 4427 2452 4483 diﬂ'erentiam.
2495 4428 2731 4494 Quidam
2778 4428 2926 4482 enim
2969 4431 3250 4484 communi
3290 4445 3482 4484 revera

1883 4520 2136 4575 laborant
2179 4521 2490 4588 impietate;
2540 4521 2764 4589 quidam
2805 4520 2960 4574 nullo
3004 4520 3329 4577 discrimine
3367 4532 3481 4576 tum

1885 4614 2002 4668 haec
2030 4619 2146 4665 tum
2185 4611 2293 4665 illis
2331 4610 2610 4665 contraria
2650 4609 2941 4680 proferunt
2969 4612 3023 4665 in
3064 4611 3328 4667 medium.
3374 4607 3482 4668 Alii
3516 4682 3522 4688 _

1886 4718 2012 4757 cum
2039 4709 2354 4772 perceptam
2383 4702 2624 4756 habeant
2655 4701 2967 4764 veritatem,
3007 4701 3148 4756 hanc
3183 4701 3236 4756 in
3280 4715 3480 4756 arcano

1885 4795 2090 4848 mentis
2111 4808 2255 4862 penu
2287 4793 2616 4857 recondunt,
2637 4802 2691 4847 et
2720 4793 2886 4862 impia
2917 4807 3041 4847 cum
3073 4793 3198 4847 aliis
3222 4793 3484 4862 profiten-

1879 4894 1990 4939 tur.
2032 4883 2140 4940 Alii
2182 4899 2380 4938 rursus
2411 4883 2617 4938 invidia
2651 4884 2782 4938 tacti
2812 4883 3196 4954 impugnanda:
3234 4883 3484 4938 veritatis

1878 4976 2230 5032 occasionem
2258 4991 2321 5029 ex
2351 4974 2726 5030 simultatibus
2761 4975 2878 5028 suis
2911 4974 3206 5044 arripiunt,
3233 4989 3454 5028 omnem

1880 5081 1988 5136 que
2019 5067 2075 5120 in
2102 5066 2353 5120 veritatis
2376 5081 2663 5134 prsccones
2689 5065 2990 5134 nequitiam
3029 5073 3306 5120 exercent.
3340 5065 3483 5119 Sunt

1880 5160 2046 5214 etiam
2090 5158 2184 5227 qui
2227 5158 2658 5227 apostolicorum
2686 5157 3003 5228 dogmatum
3029 5157 3322 5211 veritatem
3360 5173 3478 5210 am-

1889 5253 2207 5321 plectuntur
2231 5251 2477 5321 quidem,
2503 5251 2597 5305 sed
2623 5250 3026 5305 dominantium
3054 5251 3357 5319 potentiam
3387 5265 3483 5304 ve—

1888 5341 1980 5392 riti
2028 5340 2170 5392 hanc
2189 5337 2439 5408 proferre
2471 5339 2528 5393 in
2559 5340 2840 5409 publicum
2873 5338 3235 5393 reformidant
3263 5355 3277 5390 :
3308 5346 3363 5391 et
3398 5337 3484 5391 in-

1884 5433 2196 5503 gemiscant
2220 5431 2468 5502 quidem,
2493 5432 2793 5502 delentque
2815 5432 2886 5486 ob
2915 5431 3184 5485 malorum
3217 5430 3479 5497 frequen-

187 5069 473 5136 ποίηνται,
511 5069 604 5121 καὶ
637 5070 820 5122 πᾶσαν
861 5068 1006 5122 κατὰ
1037 5068 1146 5120 τῶν
1177 5069 1274 5138 τῆς
1310 5067 1570 5136 ἀληθείας
1608 5067 1780 5138 κηρύ-

185 5177 304 5214 κων
328 5159 638 5229 εἰσφέρουσι
669 5161 1020 5230 κακοήθειαν.
1061 5161 1176 5212 Εἰσὶ
1204 5160 1261 5211 δὲ
1301 5161 1349 5210 οἳ
1383 5160 1491 5209 τῶν
1525 5158 1623 5228 μὲν
1646 5160 1781 5210 ἀπο-

190 5254 458 5309 πολικῶν
503 5255 792 5324 δογμάτων
829 5255 1168 5316 ἀσπάζονται
1200 5254 1299 5322 τὴν
1350 5251 1632 5320 ἀλήθειαν,
1679 5250 1779 5320 τὴν

187 5347 252 5400 δὲ
279 5346 384 5400 τῶν
418 5346 764 5417 κρατούντων
791 5347 1068 5408 δείσαντες
1104 5345 1447 5409 δυναστείαν,
1489 5342 1779 5413 δημοσιεῦ-

190 5454 286 5494 σαι
313 5438 520 5509 ταύτην
564 5438 900 5507 πεφρίκασι·
947 5439 1036 5491 καὶ⁵
1093 5437 1337 5489 στένουσι
1371 5437 1468 5505 μὲν
1522 5435 1614 5486 καὶ
1656 5433 1777 5486 ὀδύ-

265 5594 316 5628 “
342 5593 534 5651 Matth.
573 5611 628 5660 ν,
661 5595 751 5658 44,
789 5594 876 5647 ιδ.
953 5594 1016 5624 ⁶²⁶
1059 5593 1202 5646 l’sal.
1235 5607 1392 5652 uxv,
1419 5589 1470 5654 8,
1493 5589 1548 5642 9.
1589 5590 1634 5621 ”
1669 5586 1812 5644 Psal.
1851 5602 2030 5655 xxxw,
2064 5589 2154 5644 20.
2215 5589 2280 5621 ⁶³⁴
2305 5589 2447 5643 Psal.
2483 5604 2624 5652 tut,
2658 5586 2743 5653 i8,
2780 5587 2866 5645 i9.
2909 5587 2953 5619 “
2987 5584 3054 5640 Ill
3086 5585 3223 5656 Reg.
3261 5600 3350 5652 xx,
3381 5584 3474 5640 Ω.

268 5748 380 5821 (97)
419 5750 551 5821 μηδέ
587 5749 757 5818 Neap.

515 5846 787 5910 Pet-[nou
831 5843 947 5902 Gn.
986 5837 1297 5902 LXX'thl.
3037 5831 3114 5894 l3
