4086 6326
682 346 820 411 1355

1665 345 2151 405 THEODORETI
2191 344 2529 404 EPISCOI’l
2570 346 2933 405 CYllEXSlS

3855 340 3982 403 ηεξ

680 460 848 522 tiam,
899 459 1000 527 ipsi
1043 468 1223 511 tamen
1271 472 1394 515 cum
1442 459 1510 510 iis
1555 466 1842 510 versantur
1876 458 1969 526 qui
2020 457 2257 525 ingentes

2372 474 2556 527 ρονται
2589 458 2697 509 τῶν
2735 458 2919 509 κακῶν
2955 456 3053 526 τὴν
3088 457 3279 525 φορὰν,
3323 458 3538 509 σύνεισι
3570 456 3631 509 δὲ
3676 457 3847 525 ὅμως
3876 457 3977 513 rei;

678 549 879 605 fluctus
907 549 1205 603 concitant.
1245 548 1364 613 Quo
1396 563 1464 601 ex
1499 562 1728 601 numero
1758 558 1905 601 tuam
1932 563 2051 603 esse
2083 548 2259 616 pieta-

681 652 787 696 tem
821 654 1131 695 censemus.
1163 639 1297 692 Nam
1341 650 1397 692 et
1444 655 1633 693 sanam
1664 640 1717 693 in
1754 640 1959 693 divinis
1989 640 2260 710 dogmati-

676 732 779 785 bus
808 728 979 797 ipsam
1026 743 1148 781 esse
1192 727 1489 789 credimus,
1530 736 1587 782 et
1626 729 1954 782 charitatem
1993 744 2121 799 erga
2161 743 2263 782 nos

676 820 917 875 retinere
979 820 1334 884 arbitramur,
1384 819 1479 876 sed
1545 820 1615 875 ob
1675 823 1847 875 solam
1910 821 2261 875 timiditatem

678 911 909 979 tempori
936 910 1164 965 servire.
1193 910 1305 966 Hac
1332 910 1403 966 de
1435 927 1616 975 causa,
1645 912 1772 966 licet
1795 913 2030 967 aliorum
2054 911 2261 967 nemini

676 1002 1006 1061 scribamus,
1034 1012 1089 1054 et
1114 1001 1179 1054 ad
1204 1003 1465 1071 pietatem
1490 1014 1639 1057 tuam
1670 1004 1982 1067 scribimus,
2016 1014 2071 1058 et
2099 1003 2168 1057 ab
2197 1017 2261 1057 ea

677 1091 889 1144 litteras
911 1092 1234 1160 accipimus,
1262 1093 1534 1163 cognitam
1560 1096 1680 1163 ejus
1707 1104 1944 1149 mentem
1973 1094 2259 1158 habentes,

678 1182 970 1250 timorique
1046 1182 1229 1252 aliquo
1304 1184 1467 1239 modo
1552 1185 1914 1254 ignoscentes.
1988 1185 2263 1255 Benignus

676 1282 861 1326 autem
911 1274 1176 1328 Dominus
1222 1275 1436 1329 timoris
1483 1290 1702 1345 quoque
1751 1276 2067 1331 occasiones
2112 1290 2262 1330 nunc

678 1362 897 1430 penitus
938 1364 1259 1431 amputavit,
1301 1380 1474 1434 nuper
1513 1367 1805 1419 excitatam
1854 1376 2104 1436 retegens
2155 1367 2260 1419 im-

678 1453 957 1520 pietatem,
1001 1454 1531 1525 Evangeliorumque
1578 1457 1920 1511 manifestam
1966 1459 2262 1513 ostendens

677 1542 987 1596 veritatem.
1026 1544 1134 1597 Nos
1165 1561 1317 1609 vero,
1345 1549 1597 1614 quamvis
1629 1564 1722 1601 ora
1749 1550 1907 1602 nobis
1940 1559 2017 1603 tot
2049 1560 2257 1613 essent,

667 1643 811 1699 quot
861 1634 1065 1701 capilli,
1111 1635 1410 1705 benignum
1447 1641 1460 1656 ‘
1504 1639 1794 1691 Dominum
1850 1656 1948 1707 pro
1997 1621 2260 1709 dignitate

677 1724 900 1779 laudare
944 1742 1053 1780 non
1091 1743 1405 1796 possumus,
1434 1731 1604 1799 quod,
1636 1747 1756 1800 qua:
1801 1748 1829 1784 a
1872 1732 2031 1786 nobis
2068 1734 2261 1801 praedi-

2362 552 2462 613 τὰς
2488 551 2784 621 τρικυμίας
2808 550 3098 619 ἐγείρουσι.
3132 549 3348 618 Ταύτης
3368 549 3475 617 τῆς
3507 549 3856 618 συμμορίας
3886 547 3971 609 τὴ.

2365 644 2464 713 σὴν
2492 640 2630 695 εἶναι
2675 641 2984 695 θεοσέὅειαν
3012 641 3334 711 ’δριζόμεθα⁸
3369 642 3689 708 Ὑγιαίνειν
3728 640 3841 709 μὲν
3878 638 3973 704 γὰρ

2364 735 2533 805 αὐτὴν
2581 736 2639 788 ὲν
2677 737 2787 797 τοῖς
2844 731 3009 794 θείοις
3063 731 3292 801 δόγμασι
3336 733 3839 802 πεπιστεύκαμεν,
3888 736 3973 783 καὶ

2363 825 2460 895 τὴν
2506 826 2633 895 περὶ
2687 826 2835 894 ἡμᾶς
2886 822 3171 888 διασώζειν
3220 825 3448 893 ἀγάπην
3504 824 3849 893 νομίζομεν.
3892 822 3974 874 διὰ

2368 918 2536 987 μόνην
2578 917 2632 968 δὲ
2663 915 2867 968 δειλίαν
2903 915 3407 984 συμπεριφέρεσθαι
3436 915 3517 985 τῷ
3560 914 3769 983 καιρῷ,
3810 912 3891 967 Οὗ
3914 916 3975 981 δὴ

2363 1005 2738 1078 χάριν,οὑδενὶ
2775 1004 2882 1057 τῶν
2912 1004 3085 1058 άλλων
3119 1004 3558 1067 ἐπιστέλλοντες,
3594 1008 3665 1074 τῇ
3712 1007 3777 1073 σῇ
3828 1005 3975 1068 φιλε-

2365 1098 2503 1167 θεΐᾳι
2534 1097 2626 1150 καὶ
2678 1096 2984 1166 γράφομεν,
3022 1095 3115 1147 καὶ
3166 1096 3294 1164 παρ’
3351 1096 3530 1166 αὐτῆς
3564 1096 3851 1165 δεχόμεθα
3912 1098 3973 1146 τὲ

2365 1188 2701 1259 γράμματα·
2756 1186 2846 1238 τὸν
2901 1187 2997 1255 μὲν
3050 1186 3250 1238 σκοπὸν
3304 1186 3531 1248 εἰδότες,
3574 1190 3645 1255 τῇ
3704 1187 3763 1237 δὲ
3798 1187 3971 1251 δειλίᾳ

2368 1279 2696 1347 συγγνώμην
2728 1277 2873 1329 οὕτω
2907 1296 3021 1340 πως
3060 1277 3334 1345 νέμοντες.
3387 1277 3537 1330 Ὁδὲ
3577 1277 3971 1345 φιλάνθρωπος

2365 1373 2569 1443 Κύριος
2600 1371 2693 1423 καὶ
2716 1370 2814 1433 τὰς
2838 1369 2939 1438 τῆς
2967 1369 3199 1430 δειλείας
3230 1368 3514 1433 παντελῶς
3543 1370 3669 1421 νῦν
3687 1368 3967 1434 ἀπέκοψε-δ

2364 1462 2638 1533 ἀφορμὰς,
2675 1462 2776 1531 τὴν
2810 1462 2908 1530 μὲν
2936 1458 3425 1530 καινοτομηθείσαν
3452 1461 3648 1523 δείξας
3684 1460 3965 1521 ἀσέϐειαν,

2361 1556 2461 1623 τὴν
2491 1554 2548 1606 δὲ
2573 1553 2679 1605 τῶν
2711 1552 3056 1619 Εὑαγγελίων
3088 1550 3302 1619 γυμνὴν
3348 1551 3637 1614 ἐπιδείξας
3677 1551 3964 1619 ἀλήθειαν.

2377 1648 2568 1716 Ἡμεῖς
2610 1645 2665 1697 δὲ
2714 1644 2838 1708 ρῠτε
2888 1647 3008 1707 ταῖς
3045 1644 3221 1714 θριξὶν
3262 1644 3576 1713 ἰσαρίθμων
3624 1647 3765 1713 ἡμῖν
3815 1660 3967 1709 γενε-

2370 1738 2547 1807 μένων
2580 1736 2885 1805 στομάτων,
2918 1736 3157 1805 ὑμνῆσαι
3186 1735 3305 1788 κατ’
3330 1733 3490 1799 ἀξίαν
3519 1734 3618 1785 τὸν
3656 1734 3968 1801 φιλάνθρωέ

678 1824 895 1878 cantur,
930 1817 996 1869 ad
1021 1818 1210 1871 eadem
1248 1795 1466 1890 1226
1494 1795 1672 1888 palam
1697 1822 2041 1890 praedicanda
2072 1825 2153 1877 vel
2180 1839 2257 1877 re-

2365 1795 2463 1881 πον
2496 1795 2773 1897 δυνάμεθα
2820 1795 3158 1896 Κύρίονίὸτι
3197 1826 3266 1878 τὰ
3318 1795 3445 1895 παρ’
3478 1795 3967 1897 ήμῶν-κηρυττὸο

677 1909 1143 1975 pugnantissimos
1212 1911 1413 1980 adegit.
1475 1912 1799 1968 Audivimus
1865 1916 2011 1968 enim
2082 1917 2260 1985 ipsum

677 1999 841 2051 etiam
877 2000 1097 2068 pietatis
1135 2010 1237 2054 tuae
1282 2003 1755 2069 contubernalem,
1790 2022 1911 2059 cum
1945 2010 2263 2062 anathema-

681 2091 870 2144 tismos
906 2092 960 2143 in
1003 2092 1212 2161 magnis
1249 2093 1480 2147 urbibus
1514 2094 1694 2149 editos
1718 2109 2025 2167 cognosset,
2051 2099 2120 2151 ab
2158 2100 2259 2151 ali-

678 2195 787 2247 quo
818 2195 1145 2241 cancrorum
1176 2182 1393 2235 incessu
1421 2182 1716 2247 destitisse,
1752 2195 2009 2255 rectaque
2045 2186 2259 2256 ingres-

677 2286 799 2324 sum
826 2285 968 2333 esse,
998 2286 1124 2324 cum
1153 2270 1219 2326 de
1248 2272 1597 2342 dogmatibus
1633 2276 1688 2329 in
1718 2289 1990 2332 conventu
2020 2280 2258 2348 quodam

676 2359 994 2414 dissereret.
1041 2360 1269 2429 Oportet
1308 2373 1490 2417 autem
1530 2382 1640 2420 non
1683 2369 1915 2436 tempori
1949 2385 2259 2424 accommo-

683 2454 809 2507 dare
836 2468 1142 2515 sermones,
1169 2456 1263 2508 sed
1300 2465 1503 2511 rectam
1536 2474 1751 2529 semper
1784 2472 1837 2513 et
1877 2478 2145 2531 nusquam
2179 2464 2261 2516 in-

676 2542 872 2597 ﬂexam
922 2544 1167 2601 veritatis
1200 2562 1450 2602 normam
1484 2565 1827 2606 conservare.

995 2746 1275 2801 CXXXVI.
1307 2779 1373 2786 —
1402 2746 1538 2817 Cyro
1574 2752 1941 2819 magistriano.

748 2858 901 2911 Dolui
956 2859 1334 2921 vehementer,
1379 2875 1504 2914 cum
1548 2862 1825 2915 tristitiam
1874 2867 2102 2932 cognovi
2154 2883 2260 2934 qua

673 2948 1033 3005 conﬂictaris.
1066 2947 1169 3012 Qui
1200 2950 1345 3001 enim
1377 2959 1625 3017 poteram
1659 2968 1767 3005 non
1802 2953 2010 3016 dolere,
2040 2958 2133 3023 qui
2168 2967 2258 3010 tua

676 3036 862 3091 omnia
910 3049 1029 3087 mea
1084 3034 1242 3098 facio,
1285 3046 1343 3088 et
1390 3038 1671 3105 apostolici
1715 3054 1922 3092 memor
1954 3055 2071 3093 sum
2114 3057 2257 3110 prae-

2367 1936 2524 1989 μενα,
2571 1919 2819 1979 καὶτοὺς
2849 1918 3275 1980 ἐναντιωτάτους
3319 1917 3622 1986 προφανῶς
3669 1917 3967 1985 κηρύττειν

2362 2012 2692 2080 ἠνάγκασεν.
2732 2009 3074 2077 Ἦκούσαμεν
3105 2008 3213 2078 γὰρ
3247 2008 3321 2069 ὡς
3363 2010 3457 2061 καὶ¹
3509 2009 3619 2076 τῆς
3661 2010 3764 2077 σῆς
3818 2009 3967 2076 φίλοι

2364 2102 2513 2164 θεῖας
2538 2104 2565 2153 ό
2592 2100 2857 2164 σύνοικος,
2881 2101 3044 2167 γνοὺς
3073 2100 3198 2163 τοὺς
3225 2102 3283 2152 ὲν
3308 2102 3426 2163 ταῖς
3458 2100 3738 2167 μεγάλαις
3776 2100 3961 2151 πόλεσι

2362 2193 2767 2263 γεγενημένους
2816 2192 3319 2262 ἁναθεματισμοὺς,
3371 2191 3660 2245 ἐπαύσατο
3723 2192 3826 2260 μὲν
3868 2192 3964 2259 τὴν

2362 2285 2524 2355 λοξὴν
2574 2285 2684 2336 τῶν
2720 2286 2999 2355 καρκίνων
3050 2284 3276 2353 πορείαν
3324 2284 3691 2352 μιμούμενος.
3738 2283 3959 2336 ἐδάδισε

2363 2376 2552 2444 δὲτὴν
2604 2375 2825 2427 εὐθεῖαν
2876 2376 3002 2444 περὶ
3048 2375 3335 2444 δογμάτων
3385 2374 3697 2443 διαλεχθεὶς
3744 2375 3803 2426 ἓν
3858 2391 3961 2425 τινι

2364 2467 2691 2537 πανηγύρει.
2742 2466 2862 2536 Χρὴ
2892 2466 2949 2518 δὲ
2996 2465 3071 2535 μὴ
3102 2470 3215 2528 τοῖς
3262 2470 3474 2534 καιροῖς
3509 2466 3959 2535 προσαρμόττειν

2363 2558 2488 2619 τοὺς
2529 2557 2743 2623 λόγους,
2785 2556 2898 2608 ἀλλ’
2936 2555 3127 2624 ἀκλινῆ
3158 2556 3257 2623 τῆς
3305 2554 3562 2623 ἀληθείας
3606 2556 3702 2608 τὸν
3754 2554 3957 2607 κανόνα

2362 2647 2646 2711 διασώζειν
2676 2646 2781 2699 ἀεί.

2683 2758 2863 2823 ΡΛΕΓ.
2900 2788 2967 2795 -
3002 2759 3171 2823 Κύρῳ
3196 2754 3628 2824 μαγιστριανῷ.

2435 2872 2569 2924 Δίαν
2601 2870 2817 2940 ἡλγησα
2847 2871 2945 2938 τὴν
2989 2867 3277 2935 συμϐᾶσαν
3326 2867 3453 2934 ὑμῖν
3488 2866 3739 2934 ἀθυμίαν
3779 2883 3958 2936 μεμα-

2363 2962 2567 3031 θηκώς.
2605 2962 2731 3023 Πῶς
2762 2960 2871 3031 γὰρ
2925 2960 3025 3012 οὐκ
3068 2958 3295 3027 ἔμελλον
3335 2957 3491 3009 τοῦτο
3535 2958 3858 3021 πείσεσθαι,
3894 2962 3957 3011 τὰ

2365 3051 2607 3121 ὑμέτερα
2633 3050 3027 3119 οἰκειούμενος,
3068 3048 3166 3102 καὶ
3195 3048 3294 3119 τῆς
3332 3047 3708 3118 άπηστολικῆς
3744 3065 3956 3117 μεμνη-

676 3126 819 3194 cepti
842 3127 907 3189 “,
934 3125 1079 3193 quod
1109 3141 1217 3179 non
1244 3128 1420 3180 solum
1446 3128 1685 3197 gaudere
1716 3146 1839 3183 cum
1865 3132 2253 3200 gaudentibus,

2365 3144 2526 3211 μένος
2552 3141 2896 3211 νομοθεσίας,
2931 3140 2966 3209 ἢ
3009 3140 3069 3193 οὐ
3118 3140 3280 3209 μόνον
3314 3139 3527 3208 χαίρειν
3558 3139 3704 3207 μετὰ
3733 3144 3956 3208 χαιρόν-

675 3232 865 3271 verum
892 3218 1056 3271 etiam
1088 3217 1216 3272 ﬂere
1240 3220 1397 3288 jubet
1426 3236 1550 3274 eum
1582 3221 1877 3275 ﬂentibus?
1913 3222 2018 3278 Sed
2052 3234 2108 3279 et
2142 3226 2256 3294 ipsa

675 3322 933 3361 aerumnae
966 3309 1205 3377 gravitas
1232 3310 1375 3377 potis
1397 3319 1481 3365 est
1509 3311 1574 3365 ad
1611 3313 2085 3383 participationem
2116 3330 2253 3370 ma:-

677 3398 818 3451 roris
843 3400 926 3451 vel
954 3399 1349 3454 infensissimos
1373 3417 1738 3457 commovere.
1762 3404 1902 3470 Quid
1931 3408 2077 3461 enim
2100 3424 2253 3476 atque

678 3490 969 3544 molestum
1009 3500 1175 3559 queat
1216 3508 1355 3555 esse,
1394 3502 1452 3546 ut
1496 3497 1725 3564 conjuge
1769 3498 1993 3563 privari,
2038 3516 2159 3567 quze
2201 3510 2255 3553 et

678 3581 1011 3635 matrimonii
1078 3583 1266 3651 jugum
1329 3583 1601 3653 inculpate
1664 3586 1914 3650 duxerit,
1975 3599 2031 3642 et
2088 3591 2254 3643 vitam

679 3672 875 3725 marito
900 3672 1200 3741 jucundam
1240 3674 1566 3738 reddiderit,
1604 3686 1657 3729 et
1690 3676 1908 3731 famiiim
1938 3694 2099 3733 curas
2127 3698 2252 3749 par-

679 3763 776 3816 tita
818 3762 909 3825 sit,
958 3778 1021 3815 ac
1058 3762 1359 3817 domestica
1398 3780 1721 3832 procurans,
1760 3768 1863 3820 alia
1897 3769 2252 3824 omnia"cum

670 3853 869 3907 eodem
909 3853 1325 3917 administrarit,
1358 3862 1412 3907 et
1441 3872 1560 3924 quae
1595 3858 1745 3910 utilia
1777 3870 1933 3912 erant
1966 3876 2252 3930 suggesse-

677 3944 769 4003 rit,
815 3952 871 3995 et
910 3942 1011 3995 viri
1059 3944 1281 3995 monitis
1322 3946 1579 3999 obsecuta
1610 3948 1713 4001 sit?
1739 3946 1894 4012 Quod
1928 3964 2056 4002 vero
2090 3952 2251 4004 simul

670 4050 799 4088 cum
838 4034 928 4086 illa
966 4034 1012 4086 is
1048 4036 1213 4086 etiam
1246 4035 1339 4102 qui
1370 4051 1435 4088 ex
1470 4052 1533 4089 ea
1564 4047 1724 4091 natus
1752 4040 1950 4101 fueral,
1979 4041 2255 4095 studiose-

675 4141 780 4195 que
816 4124 1081 4179 educatus
1121 4140 1183 4177 ac
1226 4125 1427 4178 litteris
1471 4126 1775 4190 institutus,
1811 4130 1904 4197 qui
1951 4132 2251 4185 senectutis

674 4218 922 4271 levamen
972 4215 1189 4270 futurus
1238 4217 1583 4284 sperabatur,
1632 4219 1688 4271 in
1732 4235 1858 4273 vere
1900 4220 2016 4289 ipso
2053 4224 2247 4287 aetatis,

673 4307 848 4377 prima
876 4315 1259 4359 succrescente
1291 4307 1567 4376 lanugine,
1595 4300 1805 4363 tumulo
1831 4311 2119 4365 mandatus
2143 4323 2246 4377 est,

673 4400 958 4468 cujusnam
998 4397 1204 4453 doloris
1239 4414 1346 4451 non
1381 4401 1596 4455 excedit
1624 4386 2109 4472 magnitudinem?
2145 4406 2251 4460 lta-

672 4501 781 4555 que
798 4487 843 4540 si
862 4487 1029 4540 solam
1052 4489 1177 4540 mali
1202 4487 1309 4541 vim
1332 4498 1387 4543 et
1407 4498 1656 4545 naturam
1686 4502 2017 4561 spectemus,
2042 4496 2248 4551 nullam

680 4576 871 4644 recipit
905 4577 1352 4631 consolationem.
1391 4580 1599 4650 1227
1636 4581 1706 4636 At
1743 4583 1786 4651 si
1818 4586 2036 4653 generis
2080 4588 2250 4641 totius

678 4668 1060 4721 mortalitatem
1099 4668 1283 4723 animo
1318 4671 1641 4741 cogitemus,
1670 4676 2045 4745 prolatamque
2081 4678 2135 4730 in
2166 4695 2252 4748 ge-

664 4772 780 4811 nus
810 4758 1125 4813 universum
1158 4763 1508 4827 sententiam,
1533 4767 2093 4839 communitatemque
2117 4786 2252 4839 pra:-

674 4856 826 4900 terea
855 4847 1004 4913 mali,
1035 4863 1157 4902 cum
1198 4850 1359 4921 plena
1385 4851 1454 4904 sit
1479 4854 1589 4905 vita
1620 4853 1933 4923 bujusmodi
1974 4874 2249 4913 aerumna-

632 4952 635 4957 ·
675 4952 826 4999 rum,
875 4936 1118 4992 feremus
1160 4938 1378 4994 fortiter
1422 4944 1567 5011 quod
1616 4946 1842 5011 accidit,
1888 4950 2251 5019 mmrorisque

674 5028 895 5081 aculeos
933 5029 1310 5095 retundamus,
1352 5044 1515 5102 atque
1545 5035 1926 5095 admirandum
1958 5041 2110 5094 illum
2135 5042 2251 5097 lau-

676 5116 759 5172 dis
776 5132 997 5171 carmen
1034 5120 1419 5176 eoncinemus:
1449 5142 1467 5173 ‹
1497 5125 1761 5179 Dominus
1784 5127 1957 5192 dedit,
1985 5131 2250 5186 Dominus

673 5197 899 5263 abstulit
927 5226 938 5261 :
966 5209 1109 5262 sicut
1142 5210 1373 5265 Domino
1412 5213 1639 5280 placuit,
1676 5216 1757 5270 sic
1794 5225 1849 5271 ct
1885 5218 2087 5274 factum
2120 5233 2204 5277 est
2234 5241 2245 5275 :

667 5300 739 5355 sit
767 5315 964 5355 nomen
986 5301 1201 5356 Domini
1231 5304 1580 5359 benedictum
1614 5306 1666 5360 in
1695 5310 1893 5363 saecula
1924 5312 1989 5365 ⁸⁸.
2028 5333 2045 5363 ι
2082 5314 2251 5369 Nobis

675 5405 807 5448 vero
829 5392 896 5446 ad
918 5393 1345 5448 consolationem
1374 5411 1551 5451 causae
1574 5408 1701 5453 sunt
1724 5400 1888 5455 etiam
1915 5405 2245 5473 complures.

686 5582 689 5585 -
744 5540 787 5567 "
828 5548 982 5601 Rom.
1028 5564 1118 5611 xu,
1164 5549 1242 5602 15.
1323 5549 1365 5579 ⁸⁸
1401 5550 1502 5603 Job
1531 5567 1566 5609 ι.
1602 5553 1691 5617 2i,
1722 5552 1807 5608 22.

742 5700 856 5771 (98)
898 5704 972 5757 lla
1040 5718 1069 5755 e
1134 5703 1301 5772 Neap.
1363 5705 1761 5772 rescripsimus.
1831 5706 1994 5761 Sirm.
2064 5707 2341 5781 βάλωμεν.

2362 3250 2492 3292 των,
2516 3232 2651 3285 ἀλλὰ
2706 3233 2800 3284 καὶ
2849 3231 3058 3284 κλαίειν
3110 3230 3247 3299 μετὰ
3284 3229 3578 3281 κλαιόντων
3622 3230 3954 3298 παρεγγυὶς

2363 3325 2473 3377 Καὶ
2504 3323 2635 3377 αὐτὸ
2663 3322 2721 3374 δέ
2756 3338 2820 3387 γε
2854 3322 2915 3373 τὸ
2938 3320 3108 3383 πάθος
3140 3320 3321 3371 ἱκανὸν
3348 3322 3428 3381 είς
3466 3319 3827 3386 συμπάθειαν
3867 3326 3957 3370 ιιιῑί

2363 3418 2488 3478 τοὺς
2522 3414 2985 3484 δυσμενεστάτους
3007 3413 3252 3465 ἑλκύσαι.
3285 3412 3349 3463 Τί
3371 3411 3477 3481 γάρ
3500 3410 3680 3472 οὕτως
3705 3413 3954 3482 ἀνιαρὸν,

2362 3508 2436 3570 ὼς
2471 3504 2741 3576 ὁμοζύγου
2796 3505 3149 3575 στερηθῆναι,
3213 3503 3452 3573 ἐννόμως
3492 3502 3589 3571 μὲν
3641 3503 3954 3567 ὲλκυσάσης

2363 3598 2452 3648 τὸν
2483 3595 2576 3649 τοῦ
2639 3596 2818 3663 γάμου
2855 3594 3039 3662 ζυγὸν,
3078 3594 3155 3663 τῷ
3204 3593 3260 3646 δὲ
3310 3596 3541 3663 συνοίκῳ
3579 3594 3810 3664 θυμήρη
3868 3596 3955 3645 τὸν

2366 3687 2478 3756 βίον
2505 3686 2919 3756 ἐργασαμένης,
2957 3688 3053 3739 καὶ
3086 3687 3184 3755 τῆς
3213 3687 3389 3749 οἰκίας
3416 3686 3512 3749 τὰς
3536 3686 3837 3755 φροντίδας
3868 3702 3955 3752 μευ

2367 3779 2687 3848 ρισαμένης.
2745 3778 2837 3829 καὶ
2882 3777 2943 3829 τὸ
2989 3777 3089 3847 μὲν
3136 3777 3281 3829 ἔνδον
3327 3778 3754 3846 οἱκουρησάσης.
3792 3777 3864 3829 τὰ
3910 3777 3951 3828 δ’

2359 3870 2493 3923 ἄλλα
2528 3870 2705 3922 πάντα
2730 3869 3251 3939 συγκυϐερνησάσης
3311 3868 3405 3921 καὶ
3420 3869 3479 3920 τὸ
3516 3870 3798 3920 συνοίσειν
3827 3872 3946 3937 μέλ·

2360 3961 2449 4011 λον
2482 3959 2947 4028 εἰσηγησαμένης,
2983 3963 3075 4011 καὶ
3115 3960 3236 4019 ταῖς
3282 3958 3376 4010 τοῦ
3423 3957 3616 4026 ἀνδρὸς
3669 3959 3949 4025 ὑποθημο-

2362 4051 2547 4113 σύναις
2578 4050 2837 4120 eiiciam;
2866 4051 2940 4102 Τὸ
2971 4051 3027 4103 δὲ
3056 4051 3152 4103 καὶ
3186 4051 3284 4102 σὺν
3324 4049 3496 4120 ταύτῃ
3534 4050 3627 4102 τὸν
3669 4050 3731 4116 ἐξ
3779 4051 3948 4118 αὐτῆς

2360 4140 2559 4209 φύντα,
2598 4142 2692 4194 καὶ
2736 4141 3014 4211 ἐπιμελῶς
3058 4142 3421 4211 ἐκτραφέντα,
3477 4143 3575 4193 καὶ
3624 4142 3812 4207 λόγοις
3865 4144 3945 4191 ὲν-

2359 4232 2691 4303 ασκηθέντα,
2712 4232 2807 4285 καὶ
2824 4233 3148 4302 γηρωκόμον
3171 4232 3493 4286 ἐλπισθέντα
3516 4232 3874 4303 γενήσεσθαι,
3894 4236 3945 4284 ἐν

2359 4324 2508 4394 αὑτῷ
2538 4324 2616 4395 τῷ
2651 4320 2745 4395 ἦρι
2776 4324 2875 4393 τῆς
2906 4324 3141 4393 ἡλικίας,
3183 4324 3374 4377 ἰούλων
3415 4323 3601 4375 λοιπὸν
3649 4310 3946 4392 2:929:53-

2358 4432 2487 4477 των,
2523 4412 2859 4483 παραδοῦναι
2908 4413 2986 4482 τῷ
3018 4412 3195 4483 τάφῳ.
3235 4413 3396 4473 ποίας
3445 4412 3743 4479 ἀχθηδόνος
3775 4414 3941 4481 ὑπερ·

2356 4501 2518 4571 δολὴν
2546 4501 2904 4565 καταλείπει;
2942 4500 3002 4552 Ei
3034 4500 3135 4571 μὲν
3172 4497 3264 4554 οὖν
3303 4502 3383 4564 είς
3414 4501 3587 4570 αὐτὴν
3612 4502 3941 4570 ἀποϐλέψαι-

2357 4609 2457 4661 μεν
2494 4593 2663 4661 μόνην
2686 4592 2780 4645 τοῦ
2815 4591 3021 4654 πάθους
3043 4592 3138 4660 τὴν
3176 4593 3361 4661 φύσιν,
3391 4592 3650 4660 οὐδεμίαν
3683 4593 3940 4662 23/412734:-

2355 4683 2483 4749 γίαν
2512 4682 2832 4751 είσδέχεται.
2866 4683 2926 4733 Εἰ
2957 4682 3013 4734 δὲ
3044 4683 3104 4734 τὸ
3137 4683 3328 4751 θνητὸν
3355 4682 3453 4734 τοῦ
3484 4683 3677 4749 γένους
3708 4688 3788 4746 εἰς
3822 4685 3937 4735 νοῦν

2356 4772 2618 4844 λάῦοιμεν
2644 4773 2756 4840 (98)
2811 4773 2907 4826 καὶ
2932 4773 3030 4843 τὴν
3065 4772 3219 4827 θείαν
3272 4773 3451 4843 ψῆφον
3499 4774 3599 4842 τὴν
3658 4774 3807 4826 κατὰ
3850 4774 3933 4826 τοῦ

2359 4870 2549 4936 γένους
2572 4868 2963 4938 ἑξενεχθεϊσαν,
2988 4870 3081 4921 καὶ
3113 4868 3248 4939 πρὸς
3274 4871 3483 4931 τούτοις
3511 4868 3573 4920 τὸ
3607 4868 3707 4922 τοῦ
3741 4870 3936 4932 πάθεος

2357 4963 2535 5013 κοινὸν
2590 4960 2829 5029 (πλήρης
2889 4959 2994 5031 γὰρ
3050 4959 3160 5013 τῶν
3212 4958 3470 5012 τοιούτων
3518 4960 3867 5030 παθημάτων
3910 4965 3935 5015 ό

2357 5050 2529 5118 βίος)·
2586 5050 2806 5119 οἴσομεν
2858 5052 3122 5117 γενναίως
3157 5050 3216 5103 τὸ
3262 5050 3499 5116 γεγονὸς,
3530 5051 3625 5102 καὶ
3692 5052 3793 5115 τὰς
3843 5053 3935 5117 τῆς

2356 5142 2593 5210 ἀθυμίας
2655 5142 3114 5213 ἀποκρουσόμεθα
3164 5140 3489 5212 προσϐολὰς,
3537 5142 3631 5193 καὶ
3676 5143 3777 5211 τὴν
3815 5144 3933 5196 θεν-

2359 5232 2560 5301 μασίαν
2586 5232 2800 5301 ἐκείνην
2849 5232 3055 5303 ᾄσομεν
3092 5232 3362 5300 ὑμνῳδίαν
3383 5248 3395 5262 ·
3428 5250 3447 5282 r
3482 5232 3541 5283 Ὀ
3570 5231 3773 5300 Κύριος
3820 5233 3933 5284 Eam-

2356 5338 2471 5385 κεν,
2496 5323 2524 5374 ὁ
2550 5322 2751 5390 Κύριος
2774 5322 3047 5390 ἀφείλετο,
3080 5322 3157 5383 ὼς
3202 5320 3277 5390 τῷ
3314 5321 3506 5391 Κυρίῳ
3533 5320 3735 5384 ἔδοξεν,
3765 5323 3929 5381 οὕτως

2354 5412 2448 5463 καὶ
2489 5412 2740 5479 ἐγένετο·
2789 5413 2873 5479 εἴη
2906 5412 2964 5465 τὸ
2989 5411 3159 5483 ὄνομα
3195 5412 3403 5483 Κυρίου
3448 5411 3816 5486 εύλογημὲνυν
3854 5422 3927 5477 εἰς
