4086 6326
212 357 244 422 1
255 360 365 425 35.7

1489 374 1853 444 EPISTOLA
1893 388 2229 454 CXXXVII.

3357 409 3492 477 1333

207 475 351 539 τοὺς
384 474 588 540 αἰῶνας
653 498 668 529 ι
715 478 907 551 Ἡμεῖς
955 482 1008 536 δὲ
1068 486 1160 536 καὶ
1210 487 1428 553 πλείους
1478 491 1674 561 ἔχομεν
1724 497 1784 546 εἰς

208 567 550 594 ..-ι-...νηηιη
580 573 826 594 L.--_,_a-
870 574 978 594 riu“
1015 593 1021 594 ,
1059 576 1069 594 ς
1186 578 1210 589 ~
1284 582 1294 594 .
1463 584 1472 594 .
1658 589 1695 594 --
1769 590 1777 594 .

1909 499 2071 571 Spem
2117 521 2354 576 namque
2407 513 2829 565 resurrectionis
2884 516 3225 571 munifcstam
3274 524 3493 594 accepi-

208 567 553 641 παραψυχὴν
576 573 847 643 ἀφορμάς.
870 574 980 637 Τὰς
1013 576 1119 646 γὰρ
1150 578 1248 648 τῆς
1273 582 1624 649 ἀναστάσεως
1653 589 1805 641 ἐλπί-

203 658 316 718 δας
368 662 611 732 ἐναργῶς
670 663 991 735 ἐδεξάμεθα,
1037 670 1131 721 καὶ
1190 673 1289 741 τὴν
1338 674 1449 727 τῶν
1490 677 1802 733 τεθνεώτων

202 748 606 819 προσ-μένομεν
652 753 981 807 ἀναϐίωσιν·
1040 760 1132 811 καὶ
1186 762 1446 827 πολλάκις
1484 768 1803 838 ἀκηκόαμεν

200 835 312 889 τοῦ
347 841 621 895 Δεσπότου
665 842 835 897 ὕπνον
873 847 1204 918 κεκληκότος
1236 851 1329 905 τὸν
1370 854 1617 912 θάνατον.
1655 862 1716 912 El
1746 862 1803 913 δὲ

201 927 571 997 πιστεύομεν,
594 931 881 1001 ὼσπεροῦν
914 937 1263 1008 πιστεύομεν,
1292 945 1413 1007 ταῖς
1432 944 1526 998 τοῦ
1552 949 1801 1019 Σωτῆρος

201 1020 448 1085 φωναῖς,
482 1020 542 1071 οὐ
592 1019 672 1073 δεῖ
696 1022 917 1093 θρηνεῖν
966 1030 1091 1090 τοὺς
1123 1031 1507 1102 κοιμηθέντας,
1538 1036 1641 1089 καί)
1692 1056 1800 1108 μα-

198 1106 535 1184 κρότεροςῇ
566 1111 658 1166 τοῦ
693 1116 941 1182 εἰωθότος
982 1120 1011 1170 6
1059 1118 1247 1185 ὕπνος.
1301 1124 1460 1179 Ἀλλὰ
1502 1106 1799 1199 προσδέχεὲ

196 1202 341 1254 σθαι
366 1203 478 1272 μὲν
533 1206 637 1275 χρὴ
670 1208 769 1278 τὴν
803 1210 1100 1265 ἀνάστασιν
1127 1229 1140 1242 ·
1189 1214 1389 1270 εἰδέναι
1417 1219 1474 1271 δὲ
1528 1221 1605 1283 ὡς
1638 1223 1801 1291 σοφὸς

191 1292 289 1346 ὣν
332 1296 438 1349 τῶν
469 1297 603 1350 ὅλων
633 1301 662 1352 6
716 1302 1011 1373 Πρύτανις,
1052 1307 1149 1359 καὶ
1200 1309 1262 1361 οὐ
1293 1311 1360 1364 τά
1410 1314 1656 1383 παρόντα
1698 1317 1798 1384 μό-

192 1403 322 1451 νον,
354 1388 489 1440 eam
529 1393 622 1444 xui.
655 1393 723 1445 τά
775 1395 1037 1462 μέλλοντα
1070 1399 1357 1467 γινώσκων
1412 1396 1800 1479 σαφῶς,’πρὸς

188 1476 271 1528 τὸ
336 1479 615 1550 συμφέρον
669 1482 837 1537 ἰθύνει
897 1485 967 1539 τά
1024 1492 1349 1560 πράγματα.
1384 1493 1553 1547 Τοῦτο
1593 1496 1657 1566 δὴ
1703 1476 1799 1550 καὶ

194 1568 378 1635 σοφός
404 1587 487 1633 τις
529 1571 706 1636 εἰδὼς,
757 1577 883 1644 περὶ
931 1579 1191 1632 τοιούτων
1219 1581 1464 1638 θανάτων
1490 1586 1794 1654 φιλοσοφεῖ,

189 1658 301 1710 καί
335 1677 500 1730 φησιν
525 1680 536 1692 ·
572 1682 589 1714 ί
613 1663 874 1737 Ἦρπὰγη
913 1670 1046 1737 πρὶν
1077 1672 1109 1740 ή
1142 1674 1310 1726 κακία
1339 1674 1549 1749 ἀλλάξῃ
1580 1677 1796 1732 σύνεσιν

1910 606 2052 656 mus,
2080 600 2096 612 '
2128 607 2585 669 mortuorumque
2625 602 2693 656 ad
2733 604 2896 658 vitam
2931 608 3167 662 reditum
3203 624 3493 682 exspecta—

1908 698 2058 751 mus,
2100 696 2155 741 ct
2196 689 2488 745 Dominum
2535 708 2680 762 saepe
2724 696 3036 753 audivimus
3082 716 3209 755 cum
3257 714 3495 760 mortem

1907 789 2161 830 somnum
2200 780 2519 849 appellaret.
2548 783 2703 849 Quod
2732 786 2777 839 si
2816 786 3116 846 Salvatoris
3153 794 3339 855 verbis
3375 812 3497 851 cre-

1908 862 2110 931 dimus,
2149 876 2209 921 ut
2254 886 2445 925 revera
2481 871 2793 940 credimus,
2838 877 3024 948 lugere
3065 897 3161 937 eos
3215 884 3310 952 qui
3359 886 3492 941 dor-

1908 955 2152 1012 mierunt
2176 975 2288 1014 non
2320 973 2558 1031 Oportet,
2590 968 2803 1023 tametsi
2839 985 3067 1027 somnus
3087 974 3249 1029 solito
3273 978 3345 1032 sit
3366 994 3495 1047 pro.

1905 1046 2069 1101 lixior
2096 1069 2107 1103 :
2138 1051 2235 1105 sed
2268 1056 2637 1123 exspectanda
2673 1067 2757 1112 est
2786 1065 3141 1130 resurrectio,
3171 1067 3491 1123 sciendum-

1905 1154 2013 1206 quc
2054 1141 2226 1195 Deum
2290 1146 2695 1211 universorum,
2732 1165 2857 1204 cum
2902 1156 3123 1223 sapiens
3160 1158 3253 1223 sit,
3290 1169 3347 1214 et
3378 1170 3490 1215 non

1905 1230 2198 1294 praesentia
2229 1242 2461 1299 tantum,
2495 1238 2589 1292 sed
2620 1238 2806 1295 futura
2833 1244 2998 1297 etiam
3036 1247 3247 1317 liquido
3284 1268 3491 1322 cogno-

1905 1328 2040 1385 scat,
2072 1320 2138 1376 ad
2166 1322 2219 1377 id
2243 1339 2333 1379 res
2358 1341 2550 1382 omnes
2574 1330 2812 1401 dirigere
2843 1335 2990 1403 quod
3018 1340 3307 1397 conducat.
3332 1320 3490 1409 Quod

1902 1410 2167 1465 nimirum
2193 1414 2413 1484 sapiens
2435 1419 2659 1487 quidam
2686 1437 2812 1476 cum
2836 1423 3184 1497 intelligeret,
3211 1431 3279 1485 de
3307 1432 3492 1504 hujus-

1904 1503 2052 1556 modi
2085 1506 2354 1563 mortibus
2389 1510 2829 1586 philosophatur,
2858 1526 2915 1571 et
2940 1520 3018 1573 ait
3049 1538 3061 1572 :
3103 1540 3121 1571 (
3159 1503 3491 1594 Raptusest

1902 1594 2226 1667 priusquam
2277 1602 2486 1657 malitia
2544 1615 2783 1661 mutaret
2834 1609 3174 1666 intellectum
3214 1615 3335 1684 ejus
3365 1618 3428 1672 ι’.
3463 1638 3483 1669 ι

1900 1685 2174 1744 Cedamus
2213 1690 2401 1761 igitur,
2440 1694 2693 1763 obsecro,
2737 1699 2971 1769 sapienti
3013 1717 3199 1757 rerum
3240 1708 3488 1763 omnium

188 1751 431 1804 αὐτοῦ.»
456 1754 957 1828 Παραχωρήσωμεν
978 1762 1179 1827 τοίνυν,
1203 1767 1527 1835 παρακαλῶ,
1545 1770 1623 1840 τῷ
1649 1771 1784 1842 σοφὶξ

188 1840 299 1869 ,ιε
329 1844 528 1869 --..-λ-
556 1847 617 1869 ιτ.
645 1848 701 1869 ε,
722 1851 802 1869 ,ηρ
998 1854 1010 1869 ι
1120 1855 1132 1869 1
1180 1854 1203 1869 υ
1426 1855 1437 1869 ι
1512 1862 1524 1869 .
1608 1860 1613 1869 ι
1748 1862 1759 1869 .

1900 1779 2293 1850 Gubernatori,
2319 1797 2374 1842 et
2413 1791 2812 1859 amplectamur
2845 1796 2965 1865 ejus
2992 1796 3237 1862 decreta,
3272 1801 3486 1869 qualia-

186 1840 300 1895 τοῦ
329 1844 528 1905 παντὸς
556 1847 904 1921 Κυϐερνήτῃ,
927 1854 1020 1905 καὶ
1045 1854 1357 1925 στέρξωμεν
1381 1855 1450 1911 τὰ
1477 1840 1792 1932 οἰκονομούξ

190 1948 367 1999 μενα,
406 1935 568 1987 ὁποῖα
620 1941 738 1990 ποτ’
770 1941 835 1991 ἂν
877 1937 945 2013 ᾖ,
986 1941 1087 1994 κᾶν
1125 1944 1371 2016 θυμήρη,
1416 1932 1517 2001 κᾶν
1546 1950 1789 2023 λυπηρά.

189 2023 471 2111 Σύμφορα
520 2029 629 2100 γὰρ
668 2032 839 2086 ταῦτα
875 2036 968 2087 καὶ
1007 2035 1259 2108 λυσιτελῆ
1282 2078 1296 2103 ,
1336 2042 1431 2093 καὶ
1474 2042 1792 2113 φιλοσοφίας

185 2106 460 2186 πρόξενα,
484 2122 575 2173 καὶ
604 2125 889 2191 στεφάνων
918 2128 1031 2191 τοῖς
1062 2130 1392 2201 καρτεροῦσι
1418 2139 1749 2205 παρεκτικά.

410 2228 574 2303 PAZ'.
608 2263 679 2272 —
719 2234 959 2306 Ἰωάννῃ
992 2240 1421 2313 ἀρχιμανδρίτῃ
1462 2247 1594 2317 (99).

281 2340 341 2394 '0
377 2342 475 2411 μὲν
505 2347 774 2416 μακάριος
813 2351 977 2403 Δαϐὶδ
1022 2353 1184 2424 ἕτερά
1226 2372 1346 2410 τινα
1384 2360 1790 2433 πεπλημμέληο

185 2446 315 2495 κεν,
355 2431 390 2485 ἀ
417 2435 511 2487 καὶ
537 2437 864 2508 ἀνάγραπτοι
889 2445 1191 2514 πεποίηκεν
1222 2450 1301 2510 εἰς
1324 2448 1422 2518 τὴν
1444 2450 1553 2503 τῶν
1592 2455 1787 2523 ὲσομέ·

187 2536 313 2570 νων.
339 2519 607 2589 ὠφέλειαν
659 2528 686 2577 6
745 2530 925 2596 σοφῶς
950 2530 1168 2586 ἅπαντα
1218 2538 1573 2606 πρυτανεύων
1630 2544 1785 2606 Θεός.

202 2610 520 2665 Ἀϐεσαλὼν
560 2616 615 2667 δὲ
644 2617 671 2667 6
700 2621 1055 2689 πατραλοίας,
1094 2626 1187 2676 καὶ
1218 2628 1522 2691 μιαιφόνος,
1544 2632 1637 2683 καὶ
1657 2631 1787 2684 δυσ-

190 2701 382 2771 σεϐὴς,
421 2705 514 2757 καὶ
546 2696 906 2782 παμπόνηρος
929 2713 1213 2784 τύραννος,
1245 2718 1345 2771 οὐκ
1375 2722 1599 2775 ἐκείνων
1626 2724 1787 2794 χάριν

186 2792 293 2863 τὴν
329 2795 469 2847 κατά
498 2796 591 2849 τοῦ
632 2801 841 2865 πατρὸς
891 2803 1181 2870 ἀνεδέξατο
1227 2807 1425 2863 λύτταν
1454 2829 1468 2842 ο
1516 2813 1651 2867 ἀλλά
1687 2792 1785 2885 τῆς

184 2886 511 2955 τυραννίδος
528 2890 895 2962 ἐπιθυμήσας,
915 2895 1004 2947 τὸν
1023 2897 1356 2952 ἀδικώτατον
1377 2904 1586 2955 ἐκεῖνον
1606 2907 1787 2975 προεί-

187 2974 318 3028 λετο
341 2976 593 3047 πόλεμον.
638 2980 693 3033 ὐ
720 2983 904 3051 μέντοι
928 2985 1069 3049 θεῖος
1090 2988 1274 3054 Δαϐὶδ,
1298 2993 1390 3043 καὶ
1413 2993 1618 3049 τούτων
1641 2995 1784 3050 οὕτω

186 3067 553 3135 γιγνομὲνων.
585 3069 684 3138 τῆς
718 3074 1087 3145 εἰργασμένης
1129 3078 1574 3151 ἁνεμιμνήσκετο
1604 3086 1785 3157 πλημ-

191 3155 439 3224 μελείας.
467 3158 639 3226 Κάγὼ
662 3162 838 3215 τοίνυν
858 3163 1019 3234 ἕτερα
1044 3167 1143 3236 μέν
1169 3186 1291 3235 τινα
1316 3174 1540 3244 ἐμαυτῷ
1568 3178 1786 3233 σύνοιδα
1815 3149 1856 3205 C

191 3246 667 3318 πλημμελήματα,
692 3252 791 3323 τὴν
811 3253 866 3305 δέ
890 3272 953 3322 γε
976 3257 1318 3333 δογματικὴν
1337 3264 1447 3317 τῶν
1470 3267 1785 3324 ἀποστόλων

185 3335 542 3392 διδασκαλίαν
597 3343 874 3415 ἀκραιφνῆ
930 3347 1250 3421 διετήρησα.
1294 3357 1356 3408 Oi
1408 3358 1465 3410 δὲ
1512 3362 1606 3413 καὶ
1656 3366 1784 3427 τοὺς

188 3427 373 3491 θείους
399 3431 491 3484 καὶ
514 3433 639 3496 τοὺς
662 3436 1035 3505 ἀνθρωπείους
1070 3447 1415 3517 πατήσαντες
1449 3451 1668 3521 νόμους,
1690 3457 1783 3509 καὶ

185 3517 430 3582 ἀπόντας
459 3522 602 3591 ήμᾶς
631 3528 1079 3597 κατακρίναντες,
1116 3535 1213 3603 οὐχ
1262 3538 1401 3607 ὑπὲρ
1432 3517 1782 3612 ὦν-ήμάρτο-

191 3626 296 3679 μεν
329 3614 426 3681 τὴν
448 3612 627 3683 ψῆφον
659 3618 961 3688 ἐξήνεγκαν
984 3638 997 3651 ·
1022 3623 1081 3673 οὺ
1120 3623 1227 3693 γὰρ
1259 3622 1327 3697 ἦν
1351 3633 1536 3690 αὐτοῖς
1560 3634 1691 3703 δῆλα
1712 3638 1782 3689 τὰ

187 3705 586 3772 κεκρυμμένα·
645 3708 782 3761 ἀλλὰ
836 3711 1206 3785 ψευδολογίαν,
1258 3720 1350 3773 καὶ
1416 3728 1780 3794 συκοφαντίαν

187 3789 404 3860 ὕφηναν
428 3794 551 3846 καθ’
579 3797 756 3867 ήμῶν,
792 3800 993 3868 μᾶλλον
1021 3804 1077 3856 δὲ
1120 3808 1234 3870 τοῖς
1282 3789 1661 3881 ἀποστολικοίς
1688 3819 1777 3872 δό-

187 3897 367 3951 γμασι
393 3887 687 3954 προφανῶς
715 3891 1101 3961 πολεμοῦντες,
1136 3897 1227 3977 τὸν
1251 3901 1484 3966 ἐκείνοις
1508 3907 1776 3977 ἑπόμενον

186 3974 565 4046 ἁπεκήρυξαν.
610 3996 629 4030 t
682 3980 820 4033 Ἀλλ’
849 3984 1120 4056 ἐξηγέρθη
1150 3965 1224 4053 ib;
1258 3992 1287 4042 6
1316 3965 1501 4048 ὑπνῶν
1546 3965 1773 4071 Κύριος,

184 4062 285 4113 καὶ
308 4062 554 4133 διήλεγξε
576 4070 700 4131 τοὺς
723 4069 951 4141 ἐχθροὺς
984 4075 1170 4141 αὐτοῦ,
1203 4080 1297 4131 καὶ
1325 4081 1526 4148 ὄνειδος
1556 4062 1774 4145 althde

184 4152 387 4205 ἔδωκεν
417 4156 621 4219 αὐτοῖς.
659 4177 678 4208 ι
716 4160 825 4214 Καὶ
851 4162 920 4216 τὰ
973 4166 1075 4234 μὲν
1114 4168 1341 4241 κίϐδηλα
1390 4177 1485 4228 καὶ
1536 4180 1667 4234 νόθα
1698 4183 1774 4235 δι-

184 4244 446 4298 εσκέδασε
477 4246 745 4318 δόγματα,
775 4252 810 4305 ἃ
837 4254 893 4307 δὲ
917 4258 1234 4325 παρέδωκεν
1253 4266 1386 4335 ἡμῖν
1402 4269 1458 4320 ἐν
1474 4273 1585 4333 τοῖς
1608 4273 1772 4344 ἱεροῖς

183 4333 558 4401 Εὐαγγελίοις,
580 4339 678 4390 σὺν
717 4344 1000 4416 παρρησία
1034 4333 1401 4417 κηρύττεσθαι
1424 4333 1771 4427 παρεσκεύαζ-

184 4441 295 4479 σεν.
340 4426 501 4497 Ἡμῖν
538 4430 594 4481 δὲ
648 4430 818 4484 ταῦτα
872 4435 952 4497 εἰς
1001 4438 1215 4492 τελείαν
1263 4445 1427 4513 ἀρκεῖ
1476 4448 1763 4523 θυμηδίαν.
1803 4479 1845 4533 ο

184 4516 319 4569 Οὐδὲ
345 4518 455 4587 γὰρ
484 4519 692 4583 πόλεως
726 4522 1122 4597 ἐπιθυμοῦμεν.
1161 4532 1219 4583 ἐν
1320 4516 1647 4606 μοχθοῦντές
1679 4544 1769 4598 τὸν

184 4609 399 4663 ἅπαντα
422 4611 870 4685 διατετελέκαμεν
890 4618 1077 4689 χρόνον
1106 4640 1118 4652 ·
1147 4624 1283 4679 ἀλλὰ
1314 4628 1410 4699 τὴν
1447 4631 1555 4684 τῶν
1588 4634 1770 4705 Εὐαγ·

182 4701 377 4768 γελίων
402 4701 664 4773 ἀλήθειαν
689 4705 967 4777 ποθοῦμεν
997 4717 1410 4794 κρατυνομένην
1436 4723 1588 4794 όρᾷν,
1629 4701 1769 4779 Τοΰ.

156 4790 273 4844 ’τον
296 4790 352 4843 δὲ
379 4792 537 4867 ἡμῶν
560 4793 650 4847 τὸν
675 4795 840 4849 πόθον
878 4800 905 4850 ὁ
930 4802 1208 4875 Δεσπότης
1226 4785 1634 4881 ’πεπλήρωκεψ
1670 4819 1770 4872 Διά

180 4882 334 4935 τοῦτο
363 4884 678 4954 γαννύμεθα
704 4889 796 4941 καὶ
835 4892 1170 4965 γεγιήθαμεν.
1211 4901 1306 4952 καὶ
1342 4902 1433 4954 τὸν
1466 4907 1770 4975 μεγαλόδω-

187 4989 274 5042 ριν
299 4973 498 5043 Κύριον
531 4976 832 5047 ὑμνοῦμεν,
876 4982 969 5033 καὶ
1000 4985 1099 5054 τὴν
1141 4985 1413 5063 ὑμετέραν
1449 4973 1760 5053 θεοσέϐειαν

179 5063 332 5115 τοῦτο
355 5067 452 5118 σὺν
472 5068 608 5135 ἡμῖν
644 5071 1067 5142 παρακαλοῦμεν
1093 5081 1289 5143 ποιεῖν,
1333 5083 1426 5147 καὶ¹
1458 5085 1761 5154 ὑμνοῦντας

183 5155 449 5208 ἱκετεῦσαι
502 5157 829 5225 σπουδαίως,
883 5162 969 5215 ἴνα
1019 5168 1112 5219 καὶ
1143 5171 1271 5233 τοὺς
1308 5172 1405 5225 νῦν
1440 5178 1539 5246 μὲν
1566 5181 1759 5248 ταῦτα,

180 5244 270 5299 νῦν
288 5245 342 5298 δὲ
369 5251 550 5302 ἐκεῖνα
577 5250 854 5319 λέγοντας,
892 5258 983 5307 καὶ
1012 5259 1147 5327 πρὸς
1177 5264 1300 5327 τοὺς
1337 5272 1563 5337 καιροὺς
1596 5289 1761 5341 μετα-

179 5336 553 5409 ϐαλλομένους,
574 5343 823 5414 καθάπερ
835 5349 883 5398 οἱ
906 5351 1293 5418 χαμαιλέοντες
1307 5336 1527 5427 τὴντῶν
1546 5336 1759 5428 φύλλων

183 5431 718 5508 μεταμφιέσκονταίι]
763 5437 946 5507 χρόαν,
978 5442 1006 5491 6
1056 5442 1433 5515 φιλάνθρωπος
1482 5450 1756 5527 βεϐαιώσῃ

244 5590 284 5621 ιτ
327 5587 454 5659 Sap.
494 5607 567 5656 ιν,
607 5593 691 5645 Η.
770 5593 813 5624 ⁸⁸
852 5595 993 5649 Psal.
1026 5613 1189 5665 vau,
1220 5601 1308 5667 65,
1362 5604 1456 5663 66.

1901 1888 2119 1943 cunque
2152 1876 2285 1943 sint,
2317 1894 2413 1933 seu
2458 1882 2725 1951 jucunda,
2754 1902 2851 1940 seu
2899 1888 3096 1943 tristia.
3135 1889 3298 1946 Utilia
3334 1893 3485 1947 enim

1900 1974 2030 2018 sunt
2060 1965 2161 2020 ista
2185 1976 2243 2022 et
2270 1971 2661 2039 conducibilia,
2695 1992 2818 2045 qua:
2856 1987 2914 2032 et
2943 1980 3205 2036 virtutem
3237 1991 3482 2040 exactam

1902 2054 2124 2123 pariunt
2149 2067 2204 2110 et
2231 2073 2464 2115 coronas
2489 2063 2852 2122 tolerantibus
2876 2070 3190 2140 acquirunt.

2011 2259 2231 2332 1228
2256 2262 2569 2321 CXXXVII.
2594 2298 2661 2306 —
2684 2268 2886 2324 Joanni
2920 2273 3375 2333 arcltimandritw.

1972 2374 2030 2426 In
2057 2374 2181 2429 aliis
2219 2377 2443 2446 quidem
2482 2382 2764 2439 nonnullis
2790 2385 2978 2455 lapsus
2999 2399 3086 2445 est
3133 2390 3330 2449 beatus
3382 2395 3486 2450 Das

1898 2463 2011 2528 vid,
2076 2481 2197 2535 qua:
2250 2478 2312 2519 ut
2376 2469 2444 2523 ad
2507 2480 2859 2541 posterorum
2922 2479 3217 2536 utilitatem
3284 2483 3487 2541 litteris

1898 2555 2314 2623 mandarentur,
2353 2559 2485 2614 fecit
2516 2565 2611 2631 qui
2636 2566 2920 2634 sapienter
2947 2572 3131 2626 omnia
3162 2574 3486 2633 moderatur

1898 2645 2063 2699 Deus.
2086 2645 2361 2702 Caeterum
2391 2649 2631 2707 Absalon
2662 2657 2960 2724 parricida,
2991 2668 3049 2715 et
3074 2664 3496 2733 sanguinarins,

1895 2744 1952 2788 et
1992 2736 2213 2804 impius,
2245 2749 2301 2794 et
2325 2741 2772 2821 improbissimus
2813 2756 3097 2820 tyrannus,
3126 2755 3334 2812 nullius
3359 2758 3487 2813 illoc

1897 2850 2019 2889 rum
2054 2854 2219 2893 causa
2252 2840 2405 2895 rabie
2447 2843 2503 2894 in
2558 2850 2770 2910 patrem
2804 2844 3053 2899 exarsit:
3094 2846 3190 2900 sed
3225 2848 3355 2917 quia
3401 2858 3486 2920 ty-

1898 2928 2186 2982 rannidem
2236 2930 2552 2996 affectabat,
2605 2932 2815 2987 idcirco
2872 2932 3283 3003 iniquissimum
3344 2940 3486 2995 illud

1896 3015 2103 3072 bellum
2138 3035 2435 3091 aggressus
2459 3031 2561 3078 est.
2587 3024 2657 3078 At
2682 3032 2864 3079 tamen
2887 3024 3117 3083 divinus
3135 3028 3330 3095 David,
3356 3046 3484 3087 cum

1895 3108 2108 3164 luecita
2142 3127 2201 3165 se
2235 3112 2525 3180 haberent,
2589 3115 2816 3170 admissi
2860 3118 3112 3174 criminis
3154 3122 3487 3180 recordaba-

1891 3208 2001 3252 tur.
2037 3200 2125 3255 Sic
2158 3202 2328 3272 igitur
2357 3213 2414 3257 et
2454 3221 2556 3275 ego
2596 3207 2833 3261 aliorum
2884 3210 3109 3277 quidem
3145 3210 3480 3268 delictorum

1890 3289 2024 3343 mihi
2055 3293 2314 3346 conscius
2347 3309 2468 3347 sum
2504 3311 2517 3347 :
2549 3296 2645 3349 sed
2690 3297 3059 3368 dogmaticam
3099 3304 3478 3370 apostolorum

1888 3381 2195 3436 doctrinam
2220 3384 2495 3439 sinceram
2531 3389 2770 3441 servavi.
2822 3388 2926 3454 Qui
2954 3406 3086 3445 vero
3136 3392 3354 3449 divinas
3422 3405 3481 3451 et

1888 3470 2157 3527 humanas
2180 3474 2329 3544 leges
2370 3477 2787 3544 proculcarunt,
2810 3479 3178 3552 absentesque
3217 3498 3318 3539 nos
3348 3500 3479 3540 con-

1886 3562 2241 3629 demnarunt,
2276 3582 2386 3621 non
2421 3567 2488 3621 de
2517 3568 2585 3622 iis
2609 3585 2731 3638 qua:
2766 3573 3119 3641 peccavimus
3139 3577 3473 3632 sententiam

1885 3656 2134 3709 tulerunt
2165 3660 2298 3725 (non
2338 3659 2486 3713 enim
2514 3661 2804 3717 manifesta
2836 3663 2948 3719 illis
3000 3672 3161 3720 erant
3197 3683 3321 3734 quae
3378 3684 3474 3723 oc-

1883 3747 2078 3817 culta),
2130 3748 2224 3802 sed
2257 3749 2606 3805 mendacium
2636 3761 2692 3807 et
2738 3756 3073 3810 calumniam
3137 3767 3330 3813 contra
3370 3776 3473 3815 nos

1882 3844 2201 3902 texuerunt,
2228 3847 2324 3893 aut
2354 3840 2543 3909 potius
2566 3844 2885 3912 apostolicis
2911 3845 3264 3916 dogmatibus
3280 3861 3473 3920 aperte

1880 3928 2087 3982 bellum
2119 3929 2445 3996 inferentes,
2484 3948 2612 3987 eum
2643 3936 2739 4003 qui
2767 3936 2859 3989 illa
2887 3938 3206 3993 sectabatur
3243 3941 3471 3997 abdica-

1879 4026 2025 4070 runt.
2072 4037 2089 4067 ‹
2128 4016 2235 4072 Sed
2269 4020 2546 4076 excitatus
2591 4033 2676 4077 est
2717 4033 2979 4093 tanquam
3034 4026 3314 4083 dormiens
3364 4030 3471 4085 Do-

1877 4106 2083 4171 minus,
2114 4114 2169 4159 et
2202 4108 2484 4176 percussit
2522 4110 2779 4167 inimicos
2814 4128 2964 4179 suos,
3018 4123 3076 4169 et
3106 4117 3469 4186 opprobrium

1876 4196 2279 4265 sempiternum
2304 4198 2456 4254 dedit
2485 4200 2594 4256 illis
2626 4202 2690 4255 ‘9.
2726 4222 2744 4254 ι
2800 4203 2867 4258 Et
2894 4204 3208 4263 adulterina
3239 4210 3464 4278 quidem

1874 4304 1940 4343 ac
1968 4290 2156 4359 spuria
2180 4290 2437 4359 dogmata
2461 4292 2753 4363 dissipavit
2791 4312 2804 4347 :
2846 4312 2969 4365 qua:
2997 4310 3182 4353 autem
3207 4299 3263 4353 in
3292 4303 3465 4357 sacris

1872 4378 2188 4448 Evangeliis
2220 4381 2385 4436 nobis
2417 4383 2668 4449 tradidit,
2706 4400 2770 4439 ea
2804 4395 2865 4440 ut
2928 4387 3106 4444 libere
3157 4391 3465 4460 praedicen-

1876 4474 1965 4520 tur
1994 4470 2197 4523 elfecit.
2234 4470 2405 4526 Nobis
2438 4489 2567 4529 vera
2593 4474 2659 4529 ad
2692 4476 2993 4546 perfectam
3029 4491 3042 4501 '
3096 4482 3264 4537 animi
3318 4484 3461 4539 laeti-

1876 4558 2007 4612 tiam
2037 4559 2153 4614 haec
2204 4562 2505 4618 sufﬁciunt.
2546 4565 2736 4635 Neque
2776 4569 2925 4621 enim
2966 4568 3204 4627 civitatis
3243 4572 3462 4630 deside-

1874 4650 1957 4703 rio
1983 4658 2255 4718 tenemur,
2289 4654 2345 4706 in
2374 4670 2483 4724 qua
2508 4656 2825 4713 laborantes
2853 4668 3071 4730 tempus
3100 4678 3265 4720 omne
3321 4681 3455 4722 con-

1873 4743 2218 4811 sumpsimus
2267 4761 2280 4797 :
2322 4747 2416 4801 sed
2469 4750 2844 4819 evangelicam
2872 4754 3165 4809 veritatem
3204 4757 3458 4826 cupimus

1872 4833 2281 4888 constabilitam
2319 4836 2510 4892 videre
2561 4857 2573 4891 :
2621 4848 2678 4893 et
2711 4840 2817 4895 hoc
2851 4843 3067 4914 1229
3118 4845 3457 4904 desiderium

1872 4932 2125 4978 nostrum
2183 4926 2451 4983 Dominus
2506 4930 2768 5000 explevit,
2828 4950 3062 5005 eamque
3116 4938 3187 4993 ob
3232 4955 3455 4996 causam

1868 5015 2174 5083 gaudemus
2204 5028 2259 5072 et
2280 5018 2552 5087 laetamur,
2574 5030 2630 5075 et
2653 5024 2974 5079 muniﬁcum
3008 5028 3301 5084 Dominum
3331 5032 3454 5087 lau-

1868 5106 2084 5172 damus,
2119 5117 2177 5163 et
2207 5111 2469 5179 pietate'm
2507 5120 2655 5167 tuam
2690 5124 2748 5169 ut
2773 5116 2917 5171 idem
2950 5120 3240 5174 nobiscum
3290 5122 3457 5181 faciat

1866 5198 2175 5265 hortamur,
2204 5211 2370 5271 atque
2418 5212 2478 5257 ut
2501 5205 2779 5261 laudando
2812 5209 3057 5279 impense
3113 5228 3356 5281 oremus,
3395 5226 3456 5273 ut
3518 5230 3522 5232 ‘

1861 5303 1959 5341 eos
1983 5291 2078 5357 qui
2118 5307 2267 5346 nunc
2312 5293 2428 5348 lucc
2472 5311 2622 5350 nunc
2656 5298 2747 5351 illa
2808 5299 3030 5368 dicunt,
3066 5310 3121 5356 et
3149 5306 3453 5361 secundum

1868 5381 2119 5443 tempora
2158 5388 2443 5436 mutantur
2464 5383 2895 5442 chamaeleonum
2924 5405 3097 5455 more,
3153 5395 3245 5462 qui
3300 5395 3457 5451 folio-

1870 5479 1994 5518 rum
2022 5468 2264 5524 colorem
2296 5472 2556 5542 induunt,
2581 5477 2826 5535 clemens
2850 5481 3113 5538 Dominus
3139 5485 3449 5553 conﬁrmet,

246 5747 350 5817 (99)
376 5748 557 5823 liabet
594 5752 734 5809 hanc
761 5757 1048 5826 epistolam
1087 5760 1286 5817 Baron.
1331 5764 1395 5819 ad
1442 5784 1490 5821 a.
1518 5766 1577 5823 C.
1608 5768 1731 5836 450,
1776 5778 1812 5825 t.
1853 5772 1939 5841 Vl,
1983 5789 2037 5845 p.
2074 5774 2195 5830 127.
2273 5782 2276 5784 ⁷
