4086 6326
666 305 803 373 1363

1666 314 2151 377 ΤΠΕΟΒΟΠΕΣΠ
2184 311 2521 377 EPISCOPI
2556 319 2921 383 CYRENSIS

3798 325 3925 392 1364

656 414 949 475 hominum
998 418 1237 483 invoco,
1304 428 1365 476 ut
1437 423 1651 477 ﬁrmum
1730 424 1865 495 ipsis
1930 426 2210 497 imperium

2327 431 2422 484 καὶ
2464 434 2831 509 εὐσεϐεστάτῃ
2881 437 3208 513 Δύγούστῃ·
3256 438 3396 512 ὑπὲρ
3430 430 3509 495 ὧν
3558 441 3645 507 είς
3693 441 3920 513 δύναμιν

656 507 949 572 custodiat,
990 509 1136 578 quod
1169 519 1225 565 et
1273 512 1508 567 subditis
1536 515 1836 569 clementer
1866 517 2139 586 proﬁciat,
2170 527 2225 571 et

656 597 908 653 hostibus
928 607 1195 656 terrorem
1223 603 1448 675 injiciat.
1472 606 1951 677 praestabilemque
1971 608 2225 663 omnibus

652 703 841 757 pacem
868 693 1145 749 conciliet.
1176 694 1255 749 Ad
1280 696 1385 752 hoc
1410 699 1575 752 etiam
1621 700 1691 754 ab
1723 701 1805 755 cis
1832 700 2220 773 postulandum

653 780 974 849 magnitudo
993 789 1173 838 vestra
1202 784 1349 840 ﬂecti
1372 802 1430 842 se
1458 788 1619 853 sinat,
1646 798 1704 843 ut
1732 790 1988 848 Ecclesiae
2012 801 2223 861 tempe-

651 868 779 923 stati
808 864 1111 938 perfectum
1143 872 1307 929 ﬁnem
1333 875 1636 946 imponant,
1672 888 1729 934 et
1764 879 2035 950 synodum
2088 895 2223 935 con-

650 961 866 1030 gregari
899 962 1152 1031 jubeant,
1183 981 1293 1021 non
1318 981 1512 1026 eorum
1532 969 1733 1023 iterum
1758 971 1854 1040 qui
1898 972 2223 1028 tumultuari

649 1049 797 1105 soliti
828 1053 1053 1109 turbent
1073 1057 1391 1123 concilium,
1423 1060 1520 1114 sed
1553 1060 1649 1130 qui
1699 1076 1825 1116 cum
1866 1062 2053 1133 quiete
2103 1063 2224 1119 illo-

649 1154 770 1197 rum
794 1143 889 1214 qui
923 1145 1109 1205 divina
1128 1158 1258 1206 sunt
1285 1150 1488 1227 edocti,
1539 1163 1595 1208 et
1614 1154 1915 1223 apostolica
1968 1153 2221 1225 dogmata

647 1235 997 1305 conﬁrment,
1074 1249 1130 1296 et
1174 1242 1360 1313 spnrla
1409 1252 1577 1315 atque
1650 1260 1681 1299 a
1754 1246 1989 1301 veritate
2041 1246 2221 1302 aliena

650 1325 925 1397 rejiciant,
949 1337 1010 1383 ut
1040 1344 1203 1385 suum
1223 1330 1355 1390 hinc
1374 1333 1593 1392 lucrum
1619 1338 1633 1354 ‘
1664 1336 1986 1407 magnitudo
2036 1346 2221 1392 vestra

643 1427 1039 1493 consequatur.

994 1728 1151 1785 CXL.
1167 1764 1236 1773 —
1256 1733 1558 1789 Vincomato
1588 1739 1862 1808 magistro.

676 1894 679 1899 .
713 1842 885 1901 Valde
919 1862 1039 1901 sum
1067 1848 1317 1913 miratus,
1351 1848 1442 1903 ubi
1482 1850 1710 1919 cognovi
1760 1850 2217 1921 magniﬁcentiam

644 1945 908 2002 vestram,
932 1952 1057 1993 cum
1091 1953 1178 1993 res
1211 1947 1428 1993 nostras
1452 1940 1671 2009 penitus
1698 1940 1996 2011 ignoraret,
2022 1958 2088 1998 ac
2123 1960 2215 1999 so-

644 2028 753 2081 lam
781 2045 905 2099 quae
928 2030 983 2084 in
1000 2046 1101 2085 nos
1122 2030 1263 2086 facta
1295 2039 1379 2087 est
1405 2032 1662 2103 injuriam
1687 2032 1993 2099 didicisset,
2030 2042 2237 2105 patro-'

643 2119 851 2173 rinium
884 2128 1133 2175 nostrum
1150 2123 1475 2192 suscepisse,
1512 2122 1803 2194 omniaque
1860 2126 2119 2192 movisse,
2156 2136 2218 2181 ut

645 2223 989 2279 comparatas
1047 2220 1240 2267 contra
1275 2227 1378 2268 nos
1428 2214 1713 2271 machinas
1765 2224 2066 2272 everteret.
2107 2217 2215 2273 Sed

643 2300 1007 2370 magnitudini
1062 2302 1288 2372 quidem
1354 2313 1551 2361 vestra:
1601 2306 1897 2365 munificus
1949 2310 2219 2366 Dominus

642 2390 805 2461 digna
837 2407 1067 2462 prorsus
1089 2396 1534 2465 compensatione
1581 2398 1875 2456 retribuet.
1909 2399 2015 2467 Qui
2065 2403 2212 2456 enim

642 2498 739 2551 pro
773 2485 964 2556 exigua
989 2502 1131 2556 aqua
1167 2489 1475 2543 mercedem
1521 2506 1581 2546 se
1630 2491 1887 2547 daturum
1934 2494 2215 2564 pollicitus

636 2583 745 2638 est,
771 2576 1006 2645 majores
1031 2576 1177 2632 haud
1200 2578 1368 2633 dubie
1392 2584 1866 2638 remunerationes
1893 2597 2121 2655 reponet
2146 2589 2215 2643 iis

638 2664 733 2732 qui
761 2666 965 2736 majora
995 2665 1270 2723 dederint.
1303 2669 1415 2725 Nos
1478 2686 1611 2725 vero
1631 2673 1759 2728 talia
1806 2676 1952 2744 passi
1998 2692 2210 2742 sumus,

638 2770 747 2810 non
776 2756 953 2812 solum
977 2774 1008 2813 a
1038 2758 1502 2816 manifestissimis
1533 2762 1748 2835 1335
1798 2765 2068 2829 hostibus,
2116 2784 2211 2822 ve-

638 2862 763 2903 rum
787 2849 951 2904 etiam
976 2866 1006 2905 a
1032 2852 1327 2920 germanis,
1355 2861 1415 2906 ut
1438 2862 1717 2923 putamus,
1748 2857 1941 2912 amicis
1973 2858 2069 2925 (ab
2104 2860 2211 2916 illis

638 2938 898 2997 nimirum
922 2942 1170 3011 appetiti,
1210 2943 1278 2995 ab
1318 2943 1437 2998 istis
1484 2946 1734 3017 proditi),
1779 2950 1961 3017 qualia
2003 2952 2209 3017 nullus,

640 3039 737 3087 aut
764 3033 1023 3101 perpauci
1046 3040 1295 3087 veterum
1327 3037 1695 3103 pertulerunt.
1718 3039 1853 3105 Quis
1895 3041 2041 3096 enim
2102 3044 2209 3099 tale

635 3122 903 3194 judicium
924 3124 1136 3203 audivit
1154 3128 1427 3196 unquam?
1451 3128 1585 3195 Quis
1627 3146 1804 3195 reum,
1849 3149 2013 3203 quem
2060 3136 2203 3191 ultra

637 3210 881 3281 quinque
902 3220 959 3267 et
981 3202 1203 3285 triginta
1253 3215 1566 3273 mansiones
1615 3202 1877 3290 positum,
1904 3221 2205 3289 detinebat,

634 3301 916 3375 judicibus
961 3312 1023 3357 ut
1045 3306 1327 3365 absentem
1352 3309 1668 3380 judicarent
1718 3313 2044 3384 imperavit?
2074 3317 2213 3384 Quis

637 3393 882 3449 crudelis
899 3396 1038 3451 adeo
1062 3398 1392 3455 etimmanis
1417 3401 1587 3471 judex
1617 3402 1743 3468 fuit,
1778 3413 1840 3459 ut
1882 3421 1979 3462 eos
1996 3408 2210 3478 judica-

637 3491 741 3546 τοι,
790 3500 1027 3553 quorum
1073 3503 1261 3543 vocem
1288 3506 1401 3546 non
1450 3492 1723 3558 audierat,
1774 3511 1877 3551 nec
1932 3498 2211 3569 judicaret

639 3574 821 3640 modo,
846 3576 943 3629 sed
965 3577 1389 3645 condemnaret,
1426 3590 1482 3635 et
1513 3581 1736 3650 quidem
1764 3585 1924 3640 valde
1968 3589 2208 3644 crudeli-

636 3672 721 3719 ter
779 3678 843 3719 ac
878 3664 1238 3723 immaniter?
1269 3668 1404 3723 Nam
1450 3686 1577 3725 cum
1602 3673 1830 3743 jusserit
1856 3677 2125 3736 Dominus
2159 3682 2208 3715 τ’

634 3766 762 3806 eum
790 3753 885 3823 qui
913 3763 1103 3823 peccat
1128 3772 1159 3810 e
1182 3756 1446 3815 fratribus
1475 3769 1531 3815 et
1571 3765 1866 3819 consilium
1919 3784 2030 3823 non
2059 3772 2204 3840 pati-

636 3850 746 3907 tur,
778 3852 903 3913 post
926 3860 1115 3915 unam,
1142 3857 1197 3902 et
1229 3848 1475 3918 alteram,
1518 3868 1583 3909 ac
1613 3855 1836 3911 tertiam
1874 3858 2208 3917 admonitio—

632 3947 782 3998 nem,
808 3934 1011 3992 habere
1038 3936 1303 4009 deinceps
1330 3942 1473 3997 sicut
1530 3945 1814 4006 ethnicum
1866 3958 1925 4006 et
1955 3952 2206 4020 publica-

632 4037 786 4090 num,
818 4027 1114 4083 rectissimi
1137 4037 1193 4084 et
1208 4030 1495 4100 justissimi
1520 4034 1738 4105 judices
1757 4054 1826 4094 ne
1856 4040 1947 4097 illa
1964 4042 2192 4113 quidem

630 4129 753 4183 quae
780 4114 1017 4171 ethnicis
1030 4126 1087 4172 et
1120 4118 1434 4187 publicanis
1450 4121 1777 4191 impertiant
1805 4124 1933 4183 ﬁdei
1972 4144 2203 4185 consor-

633 4204 781 4259 tibus
802 4216 1217 4265 concesserunt.
1278 4211 1405 4267 Illos
1458 4214 1606 4269 enim
1641 4225 1697 4270 et
1725 4203 1916 4274 vident
1963 4229 2019 4275 et
2065 4224 2205 4280 allo-

628 4310 878 4366 quuntur
902 4299 1201 4366 interdum,
1230 4306 1466 4361 maximo
1496 4308 1665 4364 etiam
1707 4326 1832 4368 cum
1886 4315 2119 4381 honore,
2154 4322 2202 4376 si

2236 3091 2283 3154 C

2328 524 2420 579 τὸν
2447 527 2652 596 ἀγαθὸν
2692 529 2925 584 ἱκετεύω
2958 533 3261 603 Δεσπότην,
3291 531 3433 586 ὥστε
3461 533 3654 588 αὐτῶν
3699 535 3918 605 βεϐαίαν

2329 621 2565 691 φυλάξαι
2584 622 2683 694 τὴν
2714 622 3015 692 βασιλείαν,
3042 624 3151 677 τῶν
3181 625 3282 694 μὲν
3317 626 3586 694 ὑπηκόων
3607 625 3916 696 φιλανθρὼ-

2328 731 2445 775 πως
2472 714 2954 786 προμηθουμένην,
2999 718 3128 779 τούς
3163 717 3223 771 δὲ
3268 719 3565 789 πολεμίως
3613 720 3912 790 δεδιττομὲο

2326 824 2444 876 νην,
2509 808 2605 859 καὶ
2661 808 2763 880 τὴν
2811 806 3123 873 ἀξιέπαινον
3176 809 3401 881 εἰρήνην
3459 813 3911 881 πρυτανεύουσαν

2326 900 2553 955 ἅπασιν.
2592 901 2895 956 ’ἱκετεῦσαι
2929 902 2987 955 δὲ
3017 902 3216 966 αὐτοὺς
3243 904 3661 976 παρακληθήτω
3696 905 3762 958 τὸ
3788 905 3911 975 ὑμέ-

2326 1008 2484 1061 τερον
2514 992 2765 1063 μέγεθος,
2788 991 2972 1048 δοῦναι
3000 994 3159 1049 λύσιν
3185 994 3399 1048 τελείαν
3426 996 3508 1066 τῷ
3537 996 3643 1066 τῆς
3679 994 3907 1064 Ἐκκλη-

2327 1087 2451 1150 σίας
2475 1086 2728 1157 χειμῶνι,
2763 1086 2860 1140 καὶ
2884 1084 3142 1140 κελεύσαι
3173 1085 3642 1157 συναθροισθῆναι
3670 1086 3903 1146 σύνοδον.

2328 1177 2403 1249 μὴ
2425 1178 2587 1231 πάλιν
2610 1176 2719 1231 τῶν
2746 1177 2993 1248 θορυϐεῖν
3018 1176 3290 1231 εἰωθότων
3308 1176 3371 1229 τὸ
3396 1177 3684 1247 συνέδριον
3711 1193 3904 1245 ταρατ-

2323 1267 2545 1331 τόντων,
2572 1267 2712 1321 ἀλλά
2742 1266 2863 1338 μεθ’
2895 1267 3126 1338 ἡσυχίας
3151 1265 3260 1319 τῶν
3295 1267 3363 1320 τά
3384 1266 3516 1321 θεῖα
3542 1268 3906 1335 πεπαιδευμέ-

2322 1374 2429 1411 νων
2447 1372 2461 1387 ·
2491 1356 2562 1410 τά
2594 1358 2695 1427 μὲν
2713 1356 3048 1411 ἀποστολικά
3075 1356 3321 1427 δόγματα
3346 1356 3744 1427 βεϐαιούντων,
3769 1358 3902 1411 ἀπο-

2324 1449 2620 1520 κρινόντων
2660 1450 2720 1503 δὲ
2759 1449 2831 1504 τά
2861 1449 2991 1504 νόθα
3024 1450 3121 1503 καὶ
3166 1449 3265 1518 τῆς
3315 1448 3581 1517 ἀληθείας
3615 1448 3898 1518 ἀλλότρια·

2323 1546 2412 1598 ἵνα
2453 1543 2548 1597 καὶ
2582 1544 2644 1596 τὸ
2686 1542 2939 1597 ὲντεῦθεν
2982 1542 3248 1613 δρέψηται
3298 1540 3488 1615 κέρδος
3535 1541 3605 1594 τὸ
3647 1542 3905 1613 ὑμέτερον

2326 1635 2573 1705 μέγεθος.

2565 1754 2699 1808 PM’.
2742 1782 2812 1794 --
2840 1749 3191 1821 Βιγκομὰ-ιφ
3220 1750 3530 1819 ματ-ἱστρφ
3551 1747 3663 1817 (5)-

2392 1871 2528 1923 Λίαν
2580 1867 2866 1938 ἐθαύμασα
2909 1868 3072 1934 γνοὺς
3108 1866 3192 1919 ὅτι
3238 1865 3475 1934 πάμπαν
3515 1862 3802 1929 ἀγνοοῦσα
3842 1862 3901 1915 es

2320 1959 2443 2013 καθ’
2474 1959 2624 2029 ἡμᾶς
2657 1958 2691 2029 ἡ
2730 1954 2973 2027 ὑμετέρα
3004 1952 3470 2025 μεγαλοπρέπεια,
3506 1950 3691 2019 μόνην
3726 1949 3788 2001 δὲ
3812 1950 3903 2019 τὴν

2318 2053 2440 2107 καθ’
2471 2050 2629 2125 ἡμῶν
2673 2050 2889 2104 ἀδικίαν
2935 2046 3219 2118 μαθοῦσα.
3274 2046 3579 2115 συνήγορος
3614 2043 3779 2113 ἡμῶν

2318 2144 2514 2216 εφάνη,
2539 2144 2633 2197 καὶ
2666 2141 2846 2194 πάντα
2875 2139 3043 2210 πόρον
3076 2137 3349 2207 ἐκίνησεν,
3381 2134 3524 2189 ὥστε
3552 2133 3816 2219 διαλῦσαι
3839 2131 3901 2185 τά

2318 2232 2444 2287 καθ’
2465 2231 2627 2302 ἡμῶν
2664 2227 3013 2301 τυρευθέντα.
3063 2226 3225 2280 Ἀλλά
3262 2224 3340 2296 τῷ
3384 2226 3484 2297 μὲν
3520 2225 3783 2295 ὑμετέρῳ
3809 2238 3899 2293 με-

2317 2326 2465 2394 γέθει
2508 2324 2673 2379 δώσει
2704 2324 2921 2386 πάντως
2953 2321 3055 2385 τάς
3094 2319 3395 2383 ἀντιδόσεις
3443 2320 3473 2371 δ
3518 2319 3901 2389 μεγαλὰδωρος

2318 2417 2544 2487 Κύριος.
2612 2415 2654 2469 0
2682 2414 2791 2485 γὰρ
2824 2413 2966 2483 ὑπὲρ
2996 2409 3228 2481 σμικροῦ
3265 2409 3455 2472 ὓδατος
3486 2409 3686 2478 μισθὸν
3712 2408 3901 2462 δώσειν

2315 2506 2780 2575 ἐπαγγειλάμενος
2803 2544 2817 2563 ,
2851 2502 3072 2572 μείζους
3102 2500 3330 2569 παρέξει
3360 2499 3637 2570 δήπουθεν
3666 2501 3899 2568 ἀμοιϐὰς

2314 2600 2425 2659 τοῖς
2448 2598 2516 2649 τὰ
2545 2594 2767 2664 μείζονα
2791 2592 3099 2647 δεδωκόσιν.
3141 2591 3331 2658 Ἡμεῖς
3354 2590 3410 2643 δὲ
3437 2590 3671 2643 τοιαῦτα
3696 2590 3899 2642 πεπόν-

2315 2689 2383 2742 θα
2390 2705 2510 2759 μεν,
2526 2687 2587 2740 οὐ
2608 2686 2768 2752 μόνον
2787 2702 2862 2737 πα
2869 2683 2938 2754 ρά
2948 2682 3056 2736 τῶν
3074 2680 3487 2752 προδηλοτάτων
3502 2676 3744 2750 ἐχθρῶν,
3770 2681 3899 2733 ἀλλὰ

2315 2782 2405 2834 καὶ
2447 2778 2599 2851 παρὰ
2641 2776 2750 2832 τῶν
2787 2775 3046 2847 γνησίων,
3079 2773 3154 2837 ὡς
3202 2772 3682 2842 ὑπολαμϐάνομεν,
3710 2772 3901 2840 φίλων,

2315 2873 2420 2927 ὐπὸ
2454 2873 2554 2943 μὲν
2586 2870 2812 2924 ἐκείνων
2854 2865 3276 2936 πολεμηθέντες,
3305 2865 3411 2916 ὐπὸ
3439 2864 3497 2916 δὲ
3529 2863 3745 2915 τούτων
3771 2880 3902 2933 προ-

2311 2944 2577 3026 δδθέντες,
2628 2958 2717 3015 οἷα
2754 2961 2787 3029 ἦ
2828 2959 3026 3022 οὐδεὶς,
3059 2956 3093 3027 ἦ
3133 2958 3270 3025 ἄγαν
3298 2956 3470 3022 ὀλίγοι
3500 2954 3614 3007 τῶν
3651 2954 3902 3008 παλαιῶν

2312 3058 2647 3126 ὑπέστησαν.
2682 3054 2778 3115 Τίς
2810 3052 2920 3121 γὰρ
2952 3048 3209 3118 τοιαύτης
3235 3047 3387 3115 δίκης
3416 3047 3621 3114 ἀκήκοε
3645 3044 3901 3107 mir-mas;

2312 3148 2409 3210 Τίς
2440 3147 2531 3199 τὸν
2573 3142 3051 3214 κατηγορούμενον
3090 3138 3196 3209 πρὸ
3249 3137 3411 3191 πέντε
3461 3135 3557 3189 καὶ
3594 3136 3903 3207 τριάκοντα

2310 3237 2550 3307 πεδήσας
2575 3232 2854 3304 σταθμῶν,
2881 3229 3136 3284 ἐκέλευσε
3166 3226 3384 3281 δικάσαι
3420 3223 3499 3295 τῷ
3539 3223 3619 3295 μὴ
3663 3225 3903 3295 παρόντε

2308 3328 2434 3391 τούς
2459 3323 2754 3391 δικαστάς
2782 3321 2879 3385 Τίς
2907 3320 2965 3373 δὲ
2994 3320 3169 3381 οὕτως
3196 3318 3345 3386 ὠμὸς
3374 3317 3467 3371 καὶ
3501 3316 3784 3386 θηριώδης
3806 3333 3901 3383 γε·

2308 3420 2534 3491 γένηται
2578 3416 2859 3485 δικαστὴς,
2902 3414 3045 3467 ὥστε
3091 3411 3313 3465 δικάσαι
3354 3409 3636 3481 ἀνδράσιν,
3679 3406 3760 3462 ὧν
3802 3411 3901 3475 τῆς

2310 3514 2493 3582 φωνῆς
2519 3512 2619 3565 οὐκ
2642 3510 2935 3579 ἐπήκουσε,
2976 3505 3071 3559 καὶ
3098 3504 3162 3558 οὐ
3182 3502 3401 3557 δικάσαι
3424 3503 3606 3572 μόνον.
3633 3503 3776 3555 ἀλλά
3805 3505 3900 3554 καὶ

2308 3600 2693 3662 καταδικάσαι,
2732 3598 2829 3653 καὶ
2872 3596 3034 3651 τοῦτο
3074 3595 3195 3648 λίαν
3227 3594 3391 3664 ὠμῶς
3423 3594 3519 3647 καὶ
3562 3592 3900 3663 θηριωδῶςς

2310 3694 2353 3745 Τ
2355 3692 2421 3745 οὗ
2453 3693 2561 3763 γὰρ
2611 3690 2818 3761 Κυρίου
2860 3686 3289 3757 προστεταχότος
3326 3685 3420 3739 τὸν
3459 3683 3903 3754 πλημμελοῦντα

2307 3785 2417 3837 τῶν
2446 3780 2721 3850 ἀδελφῶν,
2750 3779 2845 3833 καὶ
2888 3778 2991 3847 τῆς
3022 3775 3354 3847 συμϐουλίας
3394 3775 3495 3828 οὐκ
3536 3773 3898 3843 ἀνεχόμενον,

2312 3874 2449 3944 μετὰ
2486 3875 2730 3943 πρώτην,
2776 3870 2872 3923 καὶ
2907 3868 3192 3938 δευτέραν,
3235 3866 3330 3919 καὶ
3363 3865 3553 3935 τρίτην
3578 3864 3895 3924 νουθεσίαν,

2309 3967 2531 4037 ὕστερον
2558 3964 2702 4033 ἔχειν
2728 3963 2803 4026 ὡς
2840 3961 2932 4016 τὸν
2955 3958 3162 4013 ἑθνικδν
3198 3958 3292 4011 καὶ
3315 3957 3406 4012 τὸν
3432 3954 3672 4025 τελώνην
3688 3973 3706 3988 ο
3725 3958 3777 4007 οἱ
3804 3959 3898 4026 ὁρ-

2309 4060 2523 4113 θότατοι
2552 4058 2648 4110 καὶ
2666 4054 2999 4109 δικαιότατοι
3028 4053 3233 4121 κριταὶ,
3255 4050 3377 4104 οὐδὲ
3402 4042 3477 4103 ὧν
3505 4050 3619 4111 τοῖς
3652 4048 3897 4111 seum,-

2307 4149 2403 4203 καὶ
2424 4147 2677 4209 τελώναις
2708 4144 3071 4215 μεταδιδόασι,
3089 4142 3200 4215 τοῖς
3219 4139 3538 4210 ὁμοπίστοις
3564 4139 3893 4208 μετέδοσαν.

2322 4242 2591 4303 Ἑκείνους
2614 4239 2713 4309 μὲν
2733 4237 2842 4307 γὰρ
2863 4237 2957 4289 καὶ
2977 4232 3193 4304 ὁρῶσιν,
3227 4234 3321 4285 καὶ
3342 4230 3489 4284 ἔστιν
3512 4232 3599 4284 ὅτε
3626 4230 3895 4301 προσδια-

2307 4332 2579 4399 λέγονται,
2610 4331 2705 4382 καὶ
2741 4327 2879 4398 μετά
2908 4325 3164 4394 πλείστης
3193 4326 3328 4396 ὅσης
3353 4323 3543 4393 τιμῆς.
3574 4325 3739 4394 εἰπερ
3766 4323 3894 4376 τινα

627 4407 791 4459 quam
820 4393 1059 4463 speciem
1091 4405 1285 4465 gerant
1314 4397 1597 4470 dignitatis
1623 4419 1759 4459 :nos
1785 4421 1913 4461 vero
1939 4420 1996 4462 et
2035 4419 2203 4476 tecto,

2314 4393 2487 4492 ἔχοιεν
2514 4393 2825 4489 ἀξιώματος
2854 4417 3209 4489 περιφάνειαν
3235 4432 3249 4445 ·
3452 4413 3509 4465 δὲ
3540 4393 3896 4484 προσέταξαν

626 4493 683 4537 ct
701 4498 861 4553 aqua,
908 4496 966 4539 et
990 4485 1157 4541 rebus
1201 4489 1460 4545 omnibus
1514 4492 1733 4549 excludi
1784 4498 2069 4567 jusserunt
2119 4502 2199 4558 lta

625 4572 888 4626 nimirum
910 4573 1216 4633 imitatores
1238 4593 1361 4633 esse
1389 4581 1683 4643 voluerunt
1711 4586 1886 4644 Patris
1913 4593 2087 4647 nostri
2105 4595 2202 4664 qui

626 4662 682 4717 in
713 4662 867 4719 caelis
898 4672 1005 4731 est,
1040 4684 1059 4718 ι
1095 4667 1191 4739 qui
1242 4670 1413 4725 solem
1441 4688 1599 4728 suum
1660 4678 1802 4741 oriri
1845 4670 1977 4737 facit
2033 4662 2203 4757 super

623 4752 800 4809 bzinos
820 4760 878 4810 et
897 4758 1089 4822 malos,
1114 4765 1171 4812 et
1196 4760 1336 4829 pluit
1352 4776 1519 4833 super
1533 4766 1715 4839 justos
1737 4780 1796 4824 et
1816 4771 2050 4842 injustos
2074 4752 2140 4830 τί.
2175 4796 2193 4828 ι

623 4844 825 4901 Verum
850 4849 989 4903 istos
1006 4850 1231 4918 quidem
1256 4853 1455 4910 missos
1486 4856 1703 4913 faciam.
1737 4860 1913 4933 Prope
1940 4872 2026 4920 est
2051 4868 2201 4922 enim

623 4934 844 4992 Domini
867 4940 1160 5010 judicium,
1199 4943 1255 4997 in
1279 4961 1390 5014 quo
1422 4963 1531 5004 non
1590 4962 1843 5021 gestuum
1899 4957 2199 5026 simulatio,

622 5026 722 5082 sed
748 5043 931 5084 rerum
965 5033 1175 5089 veritas
1216 5037 1505 5104 quaeritur.
1556 5041 1987 5117 Magnitudinem
2034 5068 2201 5121 porro

622 5126 859 5175 vestram
890 5136 1017 5191 oro,
1065 5132 1127 5177 ut
1155 5128 1359 5196 gratias
1406 5131 1545 5185 meis
1575 5136 1761 5190 verbis
1792 5140 1968 5208 agatis
1993 5142 2197 5202 Christi

621 5211 826 5266 amanti
843 5213 1145 5285 victorique
1163 5218 1502 5288 imperatori,
1521 5233 1580 5283 et
1603 5227 2034 5304 religiosissima:
2058 5236 2198 5293 Deo-

623 5319 731 5371 que
754 5304 1128 5367 dilectissimre
1155 5311 1433 5381 Augustae,
1469 5317 1616 5383 quod
1647 5321 1742 5388 pio
1767 5323 2001 5394 imperio
2058 5333 2196 5385 vali-

621 5393 745 5449 dam
770 5396 1011 5454 radicem
1031 5398 1283 5455 dederint
1299 5401 1576 5472 pietatem,
1600 5411 1617 5426 ⁴
1635 5393 1963 5486 illm-umque
1988 5420 2197 5493 1235

689 5548 733 5579 "
770 5552 957 5609 Matth.
1000 5570 1146 5622 XVIII,
1193 5559 1276 5611 Π.
1353 5563 1399 5592 ἰ
1436 5562 1623 5620 Matth.
1666 5585 1717 5631 ι’,
1750 5570 1837 5624 43.

2308 4513 2383 4585 μὴ
2411 4512 2627 4581 στέγης,
2675 4508 2749 4582 μὴ
2785 4507 2997 4572 ὓδατος,
3030 4506 3103 4579 μὴ
3144 4506 3270 4561 ὅλου
3299 4506 3645 4576 μεταλαχεῑν.
3702 4506 3894 4569 Οὕτως

2305 4603 2676 4674 ἐϐουλήθησαν
2702 4600 2939 4673 μιμηταὶ
2960 4600 3210 4670 γενέσθαι
3237 4598 3331 4652 τοῦ
3369 4597 3584 4665 Πατρὸς
3606 4598 3769 4667 ἡμῶν
3794 4598 3891 4649 τοῦ

2303 4698 2363 4749 ὲν
2395 4697 2507 4756 τοῖς
2530 4695 2799 4766 οὐρανοῖς,
2833 4712 2851 4744 ι
2881 4692 2942 4756 ὃς
2968 4691 3250 4746 ἀνατέλλει
3273 4690 3367 4743 τὸν
3403 4690 3557 4760 ἥλιον
3581 4689 3753 4742 αὐτοῦ
3794 4690 3891 4742 ἐπὶ

2309 4787 2576 4857 πονηροὺς
2608 4787 2702 4839 καλ⁸
2741 4783 2997 4852 ἀγαθοὺς.
3036 4784 3127 4835 καὶ
3171 4780 3355 4853 βρέχει
3381 4780 3476 4833 ἐπὶ
3503 4779 3751 4842 δικαίους
3794 4780 3893 4833 καὶ

2306 4878 2546 4939 ἀδίκους.
2576 4895 2595 4927 ι
2639 4875 2799 4929 Ἀλλά
2826 4874 3045 4936 τούτους
3080 4875 3177 4943 μὲν
3217 4873 3384 4926 ἐάσω.
3443 4870 3789 4941 Ἐγγύςγαρ
3831 4870 3895 4923 τὸ

2303 4967 2571 5020 Δεσπὸτου
2623 4969 2935 5038 κριτήριον,
2987 4964 3127 5018 ἔνθα·
3178 4966 3240 5019 οὐ
3295 4964 3536 5033 ζητεῖται
3588 4962 3895 5033 σχημάτων

2304 5060 2610 5129 ὑπόκρισις,
2636 5057 2771 5115 ἀλλὰ
2796 5058 3136 5127 πραγμάτων
3160 5056 3405 5127 ἀλήθεια.
3439 5055 3511 5109 Τὸ
3534 5056 3593 5108 δὲ
3622 5056 3893 5126 ὑμέτερον

2304 5150 2609 5221 παρακαλῶ
2662 5148 2911 5219 μέγεθος,
2963 5150 3061 5221 τὴν
3117 5150 3258 5221 ὑπὲρ
3311 5147 3470 5221 ἡμῶν
3522 5147 3624 5218 τῆς
3663 5149 3894 5219 χάριτος

2300 5240 2587 5308 ὁμολογίαν
2611 5239 2690 5309 τῷ
2714 5238 3040 5309 φιλοχρίστῳ
3065 5240 3161 5291 καὶ
3190 5238 3470 5308 νικηφόρῳ
3496 5240 3895 5307 προσενεγκεῖν

2306 5332 2533 5401 βασιλεῖ,
2568 5334 2661 5389 καὶ
2707 5333 2772 5401 τῇ
2818 5328 3182 5401 εὐσεϐεστάτη
3216 5330 3309 5383 καὶ
3342 5329 3736 5400 θεοφιλεστάτη
3779 5330 3894 5383 Λύ-

2302 5423 2529 5494 γούστῃ,
2552 5425 2633 5475 ὅτι
2662 5425 2730 5493 τῇ
2762 5421 2977 5475 εὐσεϐεῖ
3008 5419 3255 5492 βασιλείᾳ
3299 5419 3451 5490 ῥίζαν
3486 5420 3700 5475 ἔδωκαν
3738 5422 3891 5492 ἰσχυ-

691 5708 765 5781 (Ξξ)
800 5709 960 5771 Sirm.
994 5715 1254 5789 μαῖστρῳ.
1296 5720 1381 5780 Est
1410 5721 1522 5779 lucc
1553 5698 1782 5802 epistola
1808 5746 2024 5803 quoque
2053 5736 2193 5809 apud

2314 5753 2455 5805 rom,
2491 5750 2620 5793 tum.
2660 5741 2744 5807 \‘l,
2779 5756 2896 5810 pag.
2940 5739 3054 5805 ιει,
3080 5739 3144 5793 ad
3167 5757 3219 5794 tt.
3239 5739 3300 5795 C.
3329 5739 3452 5796 450.
