4086 6326
179 322 338 438 ιιιε

1503 365 1868 427 EPISTULA
1908 361 2137 423 CXLII.

3330 339 3473 414 1366

180 484 300 553 ραν
317 483 415 556 τὴν
438 481 740 544 εὐσέϐειαν,
764 481 859 534 καὶ
883 480 1233 552 ἀντιϐολῆσαι
1260 480 1438 535 αὐτῶν
1474 480 1533 532 τὸ
1553 479 1777 550 κράτος,
1812 524 1816 535 .

1915 473 2188 528 ιοιεῐιιὶιιηι
2203 467 2464 531 exoretis,
2495 480 2555 519 ut
2576 467 2790 518 tirmam
2840 461 3105 517 Ecclesiis
3129 476 3322 531 pacem
3355 458 3474 515 em-

179 573 423 642 βεϐαίαν
461 573 830 643 πρυτανεῦσαι
860 574 978 635 ταῖς
1021 571 1371 641 Ἐκκλησίαις
1406 571 1507 641 τὴν
1530 571 1775 641 εἰρήνην,

179 663 293 718 καὶ
322 662 538 718 σύνοδον
561 663 913 735 ἀθροισθῆναι
963 661 1238 722 κελεῦσαι,
1279 661 1353 732 μὴ
1389 661 1497 714 τῶν
1537 677 1777 729 ταραχθ-

177 755 389 820 ποιῶν,
438 754 823 809 διακυκὼντων
865 754 955 807 τὸν
1004 754 1296 822 σύλλογον,
1336 753 1473 806 ἀλλὰ
1519 752 1627 804 τῶν
1682 754 1780 821 τῆς

175 845 456 915 ἀληθείας
482 845 748 916 ἐραστῶν,
775 845 874 916 τὴν
905 843 1271 915 ἀποιστολικὴν
1303 845 1679 914 κρατυνόντων
1700 843 1781 895 δι-

173 935 513 998 δασκαλίαν,
533 937 627 990 καὶ
646 937 1136 1008 ἀποκηρυττόντων
1153 939 1250 1008 τὴν
1265 937 1459 1006 καινὴν
1482 937 1567 1006 (6),
1579 935 1784 1003 ταύτην

1880 566 2012 626 ciat,
2049 571 2106 616 et
2133 560 2403 632 synodum
2467 555 2789 626 congregari
2841 554 3054 625 iubeat,
3108 569 3216 607 non
3268 553 3476 606 tumul-

1884 654 2159 709 tuantium
2191 665 2387 705 rursus
2419 641 2716 703 hominum.
2737 647 2830 717 qui
2881 654 3215 700 conventum
3242 654 3470 714 pertur—

1883 746 2037 798 bent.
2063 743 2160 798 sed
2181 740 2435 796 veritatis
2488 739 2791 794 amantium
2835 738 2929 806 qui
2970 737 3278 790 doctrinam
3339 749 3476 804 apo--

1884 835 2136 889 stolicam
2158 831 2461 897 stabiliant,
2492 843 2805 898 novamque
2828 828 2986 882 istam
3017 835 3074 881 et
3104 825 3498 880 adulterinam.

1885 923 2122 978 haeresin
2189 921 2566 976 exterminent
2617 937 2631 972 :
2680 929 2764 974 ut-
2793 919 2993 972 horum
3041 917 3208 972 etiam
3261 913 3481 986 optabi-

177 1026 292 1080 καὶ
321 1026 574 1096 κίϐδηλον
598 1027 809 1098 αἵρεσιν
829 1045 843 1058 ·
874 1029 960 1083 ἵνα
997 1030 1090 1082 καὶ
1131 1028 1241 1081 τῶν
1277 1028 1616 1096 ἀξιεράστων
1658 1025 1785 1078 τού-

173 1119 306 1170 σέων
342 1119 521 1171 πόνων
544 1119 696 1191 παρά
718 1119 812 1173 τοῦ
846 1119 1232 1191 φιλανθρώπου
1250 1107 1459 1189 Κυρίου
1483 1114 1786 1187 κομίσησθε

177 1208 324 1274 τοὺς
354 1210 624 1281 καρπούς.

1884 1014 2023 1068 lium
2068 1004 2325 1067 laborum
2360 1007 2575 1066 fructus
2618 1025 2647 1063 a
2674 1009 2914 1077 benigno
2964 1008 3199 1062 Domino
3229 1012 3481 1075 reporte-

1860 1107 1864 1110 ’
1891 1105 1983 1158 tis.
2513 1111 2515 1113 ‘

177 1321 384 1375 PMA'.
413 1351 484 1362 -—-
521 1322 856 1391 Μαρκέλλῳ
880 1322 1318 1392 ἀρχιμανδρίτῃ
1347 1321 1468 1376 τῶν
1513 1323 1788 1391 Ἀκοιμτῖο

909 1327 1318 1447 ιξχιμανόριτῃ
1347 1327 1468 1376 τῶν
1513 1327 1788 1391 Ἀκοιμή-

946 1411 1052 1448 ων.

1960 1334 2229 1408 ΟΧιιη-
2249 1332 2500 1387 Marcello
2536 1330 2971 1385 archimandrin
3001 1327 3410 1382 Acaemetarum.

271 1505 598 1576 Λαμπρύνει
629 1507 728 1575 μὲν
756 1505 912 1576 ὑμῶν
944 1505 1042 1576 τὴν
1071 1505 1384 1561 θεοσέϐειαν
1415 1509 1444 1559 ό
1476 1506 1792 1570 ἀξιέπαινος

1965 1515 2242 1570 lllustrcm
2275 1513 2500 1583 quidem
2530 1511 2664 1566 facit
2705 1511 2968 1581 pietatem
3001 1520 3151 1563 tuam
3193 1506 3489 1562 laudabilis

190 1595 341 1665 βίος,
380 1597 482 1666 τῆς
502 1596 611 1649 τῶν
634 1595 882 1665 ἀγγέλων
910 1595 1184 1660 πολιτείας
1207 1597 1264 1650 ὲν
1292 1599 1358 1667 τῇ
1385 1600 1454 1668 γῇ
1489 1597 1586 1668 τὴν
1612 1597 1795 1651 εἰκόνα

1915 1605 2031 1667 rita,
2072 1604 2396 1673 angelorum
2433 1599 2876 1671 conversationis
2913 1599 2969 1652 in
3005 1608 3154 1653 terra
3197 1596 3490 1665 imaginem

185 1685 421 1750 δεικνύς
437 1702 454 1716 ·
484 1686 864 1757 λαμπρότερον
885 1685 941 1739 δὲ
969 1685 1161 1740 τοῦτον
1181 1685 1462 1757 ἀπέφηνεν
1481 1686 1512 1738 ὁ
1531 1686 1674 1756 ὑπὲρ
1699 1686 1797 1754 τῆς

1915 1693 2170 1757 referens,
2211 1691 2308 1748 sed
2350 1690 2713 1745 illustriorem
2753 1688 2935 1744 reddit
2974 1689 3126 1742 zelus
3170 1686 3296 1740 [idei
3355 1701 3491 1754 apo-

189 1776 569 1846 ἁποστολικῆς
619 1775 856 1840 πίστεως
900 1776 1082 1847 ζῆλος.
1116 1776 1295 1848 Ὅπερ
1334 1775 1442 1845 γάρ
1475 1777 1592 1829 ἐστι
1627 1775 1798 1845 πλοίῳ

1915 1785 2132 1842 stolicte.
2166 1783 2324 1850 Quod
2369 1782 2516 1837 enim
2559 1781 2780 1850 navigio
2817 1790 2902 1834 est
2937 1779 3147 1841 carina,
3197 1786 3254 1831 et
3298 1774 3495 1829 funda-

197 1868 314 1937 μὲν
348 1867 562 1936 τρόπις.
613 1867 762 1938 οἰκίᾳ
805 1867 863 1920 δὲ
896 1865 1169 1936 θεμέλιος.
1207 1867 1368 1920 τοῦτο
1405 1870 1516 1930 τοῖς
1553 1867 1800 1920 εὐσεϐεῖν

193 1957 664 2028 προαιρουμένοις
694 1960 728 2028 ἡ
772 1955 880 2011 τῶν
928 1956 1304 2026 εύαγγελικῶν
1354 1957 1641 2029 δογμάτων
1667 1959 1800 2030 ἀλή-

195 2050 354 2104 θεια.
401 2049 618 2120 Ταύτης
661 2048 718 2102 δὲ
748 2048 1156 2120 πολεμηθείσης
1192 2048 1447 2118 ἐκθύμως
1492 2048 1801 2121 ὕπερηθλή-

199 2159 368 2210 σατε,
418 2143 517 2212 οὐχ
575 2142 651 2204 ὡς
697 2140 1034 2211 ἀσθενούσης
1093 2141 1626 2212 προκινδυνεύοντες,
1668 2141 1804 2195 ἀλλά

197 2234 313 2305 τὴν
375 2231 620 2302 φιλόθεον
679 2231 1085 2296 ἐπιδεικνύντες
1131 2231 1392 2287 διάθεσιν.
1439 2233 1506 2286 Ἦ
1556 2233 1666 2302 γάρ
1709 2232 1804 2285 τοῦ

203 2325 489 2378 Δεσπότου
529 2323 768 2394 Χριστοῦ
806 2324 1123 2378 διδασκαλία
1163 2326 1224 2379 τὸ
1267 2323 1530 2395 σταθερὸν
1558 2323 1671 2394 ἔχει
1713 2327 1808 2378 καὶ

209 2411 462 2481 βέϐαιον,
509 2411 654 2464 κατὰ
686 2412 785 2482 τὴν
829 2411 993 2465 αὑτοῦ
1036 2411 1129 2466 τοῦ
1175 2412 1427 2482 Σωτῆρος
1479 2413 1804 2482 ὑπόσχεσιν·

214 2523 234 2552 ι
279 2503 452 2556 Πύλαι
495 2504 644 2577 ᾅδου,
712 2506 876 2576 φησιν
911 2545 925 2569 ,
982 2506 1042 2558 οὐ
1092 2504 1511 2574 κατισχύσουσιν
1557 2504 1744 2571 αὐτῆς.
1784 2521 1801 2553 ι

221 2592 404 2663 ’Υπὲρ
426 2594 629 2664 ταύτης
669 2596 760 2646 καὶ
805 2596 951 2664 ἡμᾶς
983 2593 1352 2663 ἀτιμασθῆναι
1410 2595 1502 2646 καὶ
1531 2594 1809 2662 σφαγῆναι

207 2685 240 2735 ὁ
270 2682 654 2754 φιλάνθρωπος
685 2683 778 2734 καὶ
812 2683 1188 2752 μεγαλόδωρος
1213 2683 1410 2752 ἠξίωσε
1444 2681 1668 2752 Κύριος.
1699 2682 1810 2753 Τὴν

211 2774 332 2843 γάρ
362 2773 425 2842 δὴ
455 2773 683 2842 ἀτιμίαν
706 2774 890 2842 τιμὴν,
921 2777 1014 2826 καὶ
1047 2774 1144 2842 τὴν
1171 2774 1388 2845 σφαγὴν
1415 2773 1561 2845 ζωὴν
1585 2774 1799 2843 ὑπειλή-

213 2881 425 2933 φαμεν.
477 2863 822 2932 Ἦκούσαμεν
865 2864 975 2935 γὰρ
1025 2864 1117 2917 τοῦ
1172 2864 1496 2919 Ἀποστόλου
1543 2864 1813 2932 λέγοντος,

215 2958 306 3010 ὅτι
342 2975 358 3006 ι
380 2956 543 3026 Ἡμῖν
591 2956 699 3010 ἀπὸ
724 2955 860 3009 Θεοῦ
881 2957 1147 3028 ἐχαρίσθη
1172 2957 1232 3008 οὐ
1265 2957 1425 3027 μόνον
1445 2957 1506 3010 τὸ
1544 2959 1624 3020 είς
1653 2956 1817 3010 αὐτὸν

219 3050 526 3114 πιστεύειν,
549 3048 684 3103 ἀλλὰ
707 3050 801 3102 καὶ
827 3049 886 3102 τὸ
907 3050 1006 3102 me
1015 3067 1046 3120 ρ
1076 3047 1244 3102 αὑτοῦ
1277 3049 1526 3118 πάσχειν.
1543 3069 1561 3100 ι
1583 3049 1815 3119 Ἀνέστη

1905 1884 2154 1929 mentum
2189 1872 2446 1935 aediﬁcio,
2496 1871 2550 1924 id
2589 1871 2768 1939 ipsum
2819 1870 2907 1940 pie
2951 1869 3144 1922 vivere
3178 1865 3497 1921 volentibus

1904 1966 2348 2036 evangelicorum
2384 1964 2701 2033 dogmatum
2732 1970 2818 2016 est
2847 1960 3074 2016 veritas.
3111 1959 3218 2014 Pro
3258 1957 3362 2011 hac
3399 1972 3498 2026 op-

1906 2064 2148 2127 pugnata
2188 2071 2287 2110 vos
2328 2055 2576 2109 animose
2611 2052 2967 2117 decertastis,
3003 2066 3114 2104 non
3150 2048 3306 2118 quasi
3342 2045 3499 2101 inﬁr—

1908 2165 2052 2204 mam
2085 2155 2471 2218 protegentes,
2511 2145 2609 2201 sed
2639 2144 2740 2199 Dei
2784 2150 3059 2198 amantem
3097 2141 3360 2195 aﬂ‘ectum
3404 2136 3503 2194 de-

1908 2242 2202 2295 clarantcs.
2227 2239 2435 2294 Christi
2459 2238 2607 2293 enim
2640 2234 2859 2291 Domini
2899 2233 3154 2288 doctrina
3177 2229 3392 2285 stabilis
3417 2238 3503 2284 est

1909 2339 1964 2385 et
2010 2332 2187 2396 ﬁrma,
2244 2337 2408 2399 prout
2463 2327 2716 2382 Salvator
2763 2326 2881 2395 ipse
2921 2322 3201 2393 promisit,
3251 2320 3445 2375 dicens
3483 2335 3497 2370 :

1918 2444 1935 2475 ι
1967 2425 2145 2478 Porta
2179 2422 2342 2476 inferi
2373 2437 2484 2476 non
2509 2419 2888 2490 praevalebunt
2917 2415 3183 2471 adversus
3216 2429 3340 2469 eam
3375 2413 3440 2465 τ’.
3475 2430 3495 2463 ι

1912 2517 2020 2569 Pro
2059 2516 2162 2568 hac
2184 2524 2240 2568 et
2271 2529 2374 2568 nos
2408 2512 2681 2566 dedecore
2712 2509 2850 2564 amci
2874 2508 3120 2577 caedique
3139 2506 3414 2576 benignus
3440 2518 3504 2556 ac

1913 2605 2164 2660 liberalis
2197 2604 2465 2657 Dominus
2489 2602 2687 2672 dignos
2715 2599 2952 2656 censuit.
2980 2597 3232 2652 Dedecus
3266 2608 3505 2661 namque
3533 2587 3536 2590 ’

1916 2698 2203 2759 honorem,
2237 2702 2294 2748 et
2341 2692 2544 2747 eadem
2595 2691 2764 2744 vitam
2805 2687 3280 2750 existimavimus,
3322 2691 3384 2738 ut
3409 2682 3505 2752 qui

1915 2775 2239 2856 Apostolum
2274 2783 2549 2838 dicentem
2582 2780 2898 2835 audivimus
2927 2797 2940 2832 :
2976 2798 2994 2830 ι
3027 2776 3198 2831 Nobis
3239 2774 3507 2829 donatum

1919 2893 2041 2938 esse
2076 2893 2106 2930 a
2139 2877 2272 2943 Deo,
2305 2890 2422 2930 non
2443 2875 2622 2929 solum
2649 2881 2709 2928 ut
2735 2873 2791 2926 in
2824 2887 2952 2926 eum
2974 2869 3284 2932 credamus,
3314 2872 3519 2920 verum

1912 2969 2087 3024 “etiam
2113 2975 2173 3022 ut
2194 2982 2296 3038 pro
2321 2966 2419 3020 illo
2445 2965 2724 3035 patiamur
2747 2963 2816 3018 ".
2852 2981 2869 3014 ι
2900 2962 3188 3016 Excitatus
3216 2966 3402 3012 autem
3424 2964 3512 3012 est

1923 3059 2193 3114 citissime
2239 3067 2500 3128 tanquam
2536 3055 2822 3110 dormiens
2851 3053 3142 3116 Dominus,
3182 3060 3239 3106 et
3265 3066 3361 3105 ora
3389 3048 3514 3119 qui-

217 3141 283 3194 δὲ
325 3141 553 3211 τάχιστα
595 3141 670 3204 ὡς
712 3143 738 3194 ό
772 3141 956 3193 ὑπνῶν
1002 3139 1232 3211 Κύριος,
1271 3142 1367 3194 καὶ
1411 3139 1676 3212 ἐνέφραξε
1718 3140 1816 3211 μὲν

1922 3149 2048 3203 dem
2076 3146 2376 3209 obstruxit,
2423 3161 2545 3214 qua:
2568 3144 2838 3198 adversus
2876 3143 3048 3198 Deum
3083 3139 3508 3210 blasphemiam,

219 3231 298 3285 τὰ
332 3231 571 3301 στόματα
603 3231 672 3284 τι
690 3231 953 3285 λαλοῦντα
977 3231 1117 3284 κατὰ
1146 3231 1242 3285 τοῦ
1276 3231 1413 3285 Θεοῦ
1443 3231 1814 3300 βλασφημίαν,

223 3323 330 3378 καὶ
381 3322 502 3376 καθ’
548 3322 706 3392 ἡμῶν
753 3322 1001 3377 ἀδικίαν·
1055 3323 1154 3386 τὰς
1199 3323 1255 3377 δὲ
1302 3323 1411 3377 τῶν
1453 3322 1820 3376 εὐσεϐούντων

225 3414 480 3484 γλώττας
520 3417 600 3479 είς
630 3415 727 3485 τὴν
761 3415 967 3486 συνήθη
1000 3405 1307 3484 ἀποστολὴν
1336 3415 1404 3469 τὰ
1434 3415 1652 3484 νάματα
1687 3430 1822 3483 προ-

227 3509 355 3578 χεῖν
388 3508 773 3561 ἀνεσκεύασεν.
813 3509 1015 3577 Ἰἰμεῖς
1043 3508 1098 3560 δὲ
1138 3510 1237 3578 τῆς
1274 3509 1504 3577 ἡσυχίας
1533 3508 1659 3570 τοὺς
1701 3508 1820 3570 ἀξι-

231 3596 502 3667 εράστους
530 3597 822 3667 τρυγῶμεν
849 3597 1093 3667 καρπούς
1115 3613 1127 3627 ·
1165 3598 1260 3650 καὶ
1292 3586 1391 3666 τὴν
1427 3597 1524 3666 μὲν
1549 3595 1662 3648 τῶν
1701 3596 1822 3648 Ἕκα

233 3686 478 3757 κλησιῶν
519 3677 686 3756 ζάλην
713 3686 946 3758 ὁρῶντες
973 3685 1267 3754 ἀλγοῦμεν,
1305 3684 1622 3753 γαννύμεθα
1649 3683 1705 3736 δὲ
1733 3684 1827 3736 καὶ

233 3778 646 3849 εὖφραινόμεθα
693 3777 990 3848 φροντίδων
1025 3776 1460 3846 ἀπηλλαγμένοι.
1498 3777 1578 3846 Τῇ
1610 3775 1666 3828 δὲ
1708 3775 1828 3828 θεοί

238 3867 430 3938 σεϐείει
464 3885 557 3921 σου
589 3868 677 3921 ἀεὶ
712 3868 810 3937 μὲν
839 3866 1185 3943 συνήσθημεν
1217 3865 1306 3918 διὰ
1343 3865 1523 3918 πάντα
1553 3864 1831 3934 θαυμαζο-

241 3962 383 4034 μένη
410 3975 422 3986 ·
452 3960 612 4031 μέχρι
643 3958 700 4012 δὲ
728 3958 822 4011 τοῦ
848 3958 1116 4028 παρόντος
1146 3957 1245 4009 οὐκ
1269 3955 1612 4026 ἐγράψαμεν,
1635 3956 1696 4008 ού
1723 3955 1830 4008 τῶν

1929 3237 2146 3308 1236
2169 3243 2362 3291 contra
2389 3251 2490 3289 nos
2515 3235 2862 3304 iniquitatem
2889 3233 3257 3302 loquebantur
3280 3231 3360 3294 ";
3395 3229 3518 3298 pio-

1925 3351 2048 3388 rum
2092 3349 2223 3388 vcro
2257 3333 2474 3404 linguas
2509 3331 2793 3396 excitavit,
2842 3338 2904 3384 ut
2938 3329 3162 3385 solitum
3191 3327 3256 3381 ad
3287 3340 3512 3381 cursum

1926 3427 2119 3482 latices
2162 3425 2521 3494 profundant.
2562 3424 2674 3478 Nos
2710 3422 2882 3492 porro
2919 3422 3184 3476 amabiles
3218 3419 3423 3489 quietis
3459 3425 3517 3473 et

1928 3516 2136 3570 silentii
2165 3514 2379 3568 fructus
2401 3514 2706 3583 carpimus,
2743 3521 2799 3567 et
2823 3512 3195 3568 Ecclesiarum
3227 3525 3358 3564 sane
3387 3522 3520 3578 pro-

1928 3603 2122 3656 cellam
2168 3602 2453 3654 intuentes
2497 3601 2750 3655 dolemus
2806 3619 2818 3652 :
2860 3599 2957 3654 sed
3007 3614 3037 3652 a
3070 3598 3220 3652 curis
3275 3605 3520 3651 remotos
3565 3605 3573 3609 ’

1929 3709 2032 3747 nos
2055 3708 2176 3746 esse
2201 3691 2508 3761 gaudemus
2529 3699 2586 3745 et
2609 3691 2880 3744 laztamur.
2907 3691 3104 3744 Pietati
3127 3696 3310 3743 autem
3338 3695 3443 3742 tuae
3463 3688 3522 3741 in

1930 3781 2190 3836 omnibus
2217 3781 2560 3835 admirandae
2587 3779 2848 3850 gratulati
2888 3793 3106 3847 semper
3143 3791 3355 3831 sumus.
3384 3775 3524 3830 Hac-

1934 3884 2094 3927 tenus
2133 3881 2315 3926 tamen
2337 3886 2447 3925 non
2479 3868 2825 3940 scripsimus,
2848 3867 3138 3923 charitatis
3155 3867 3328 3938 legem
3347 3864 3525 3920 haud-

1932 3978 2208 4032 quaquam
2238 3970 2586 4032 spernentes,
2617 3960 2712 4015 sed
2735 3959 3013 4014 scribendi
3047 3958 3526 4029 opportunitatem

236 4053 344 4120 τῆς
368 4052 589 4120 ἀγάπης
615 4051 797 4122 νόμων
830 4049 1246 4120 ὀλιγωροῦντες,
1276 4047 1391 4102 ἀλλ’
1427 4048 1685 4118 ἀφορμήν
1708 4045 1816 4100 τινε

1935 4062 2337 4125 exspectantes.
2372 4053 2532 4108 Nunc
2566 4053 2751 4121 itaque
2789 4050 3237 4121 religiosissimos
3281 4047 3529 4119 pruden-

236 4145 432 4203 λαϐεῖν
474 4142 821 4213 γραμμάτων
869 4141 1290 4212 προσμένοντες.
1335 4139 1543 4193 Αὐτίκα
1585 4139 1680 4192 νῦν
1725 4141 1816 4192 τοῖς

1939 4147 2295 4216 tissimosque
2331 4146 2633 4200 monachos
2668 4149 2842 4211 nacti,
2881 4143 2977 4214 qui
3025 4143 3148 4197 aliis
3181 4142 3250 4197 de
3289 4141 3458 4195 rebus
3495 4155 3528 4197 a

241 4235 663 4297 εὐσεϐεστάτοις
692 4233 787 4286 καὶ
824 4232 1215 4294 συνετωτάτοις
1248 4230 1632 4301 συντετυχότες
1665 4230 1816 4299 μονά·

1940 4237 2236 4292 sanctitate
2274 4245 2370 4290 tua
2408 4235 2564 4304 missi
2609 4243 2761 4302 sunt,
2801 4235 3017 4304 egimus
3057 4232 3335 4301 extemplo
3378 4231 3527 4301 quod

243 4332 458 4395 ζονσιν,
516 4327 566 4380 οἳ
626 4325 776 4396 παρὰ
810 4324 910 4393 τῆς
946 4324 1044 4393 σῆς
1092 4323 1372 4393 ὁσιότητος
1418 4322 1623 4392 ἑτέρων
1676 4320 1816 4373 ἓνεκε

1941 4327 2322 4398 cupiebamus,
2369 4327 2596 4397 Deoque
2625 4325 2890 4382 dilectum
2924 4332 3086 4394 caput
3132 4332 3288 4378 tuum
3322 4322 3529 4392 ample-

242 4419 451 4493 χρειῶν
486 4417 894 4486 ἀπεστάλησαν.
948 4414 1112 4477 εὐθὺς
1152 4413 1496 4484 δεδράκαμεν
1540 4411 1601 4464 τὸ
1643 4410 1808 4462 ποθού

1942 4424 2154 4473 ctentes
2187 4418 2434 4482 oramus,
2469 4419 2710 4487 primum
2737 4419 2753 4439 ‘
2787 4416 3010 4486 quidem
3037 4423 3099 4468 ut
3136 4414 3400 4485 precibus
3428 4427 3530 4468 nos

249 4528 437 4583 μενον,
465 4510 561 4564 καὶ
580 4502 679 4578 τὴν
714 4506 936 4576 θεοφιλῆ
983 4522 1078 4557 σου
1121 4505 1619 4574 περιπτυσσόμενοι
1661 4519 1804 4570 κεφα

1947 4519 2187 4576 tueatur,
2221 4509 2421 4570 deinde
2455 4519 2516 4564 ut
2544 4510 2709 4564 etiam
2745 4508 2948 4563 litteris
2975 4506 3266 4561 exhilaret.
3306 4505 3412 4559 Per
3445 4503 3530 4557 di-

245 4603 375 4672 λὴν,
422 4597 849 4670 παρακαλοῦμεν
888 4597 1105 4667 πρῶτον
1140 4595 1236 4664 μὲν
1281 4595 1429 4664 ἡμᾶς
1465 4593 1680 4662 ἀνέχειν
1723 4593 1814 4653 ταῑ

1943 4603 2128 4656 vinam
2151 4601 2300 4655 enim
2324 4603 2550 4672 gratiam
2575 4608 2800 4672 propter
2820 4598 3122 4670 apostolica
3146 4596 3401 4665 dogmata
3431 4609 3529 4662 op-

251 4693 611 4763 ττροσευχαῖς,
660 4688 851 4742 ἔπειτα
900 4686 956 4739 δὲ
999 4684 1093 4738 καὶ
1135 4684 1462 4755 γράμμασιν
1506 4680 1816 4753 εὐφραίνειν

1947 4693 2171 4764 pugnati
2207 4699 2418 4748 sumtis.

250 4781 359 4836 Διά
389 4781 500 4851 γάρ
524 4779 623 4848 τὴν
651 4777 801 4830 θείαν
830 4775 991 4847 χάριν
1018 4774 1156 4844 ὑπὲρ
1191 4773 1300 4825 τῶν
1329 4771 1702 4826 ἁτὲοστολικῶν
1749 4786 1846 4822 περ

252 4874 390 4929 ςτολε
398 4875 473 4944 μή
482 4861 619 4942 μεθα
653 4870 959 4940 δογμάτων.

746 4983 923 5036 PMB’.
957 5013 1025 5023 ——
1062 4981 1146 5046 Τῷ
1178 4978 1358 5044 αὐτῷ.

341 5103 448 5155 Καὶ
470 5101 571 5173 ἢδη
596 5100 664 5153 δι’
689 5098 775 5152 ἑτέ
787 5115 893 5167 ρων
922 5083 1272 5166 γραμμάτων
1293 5093 1392 5165 τὴν
1423 5094 1519 5164 σὴν
1554 5093 1849 5164 προσείπο⁹

267 5210 371 5263 μεν
400 5190 734 5246 θεοσέϐειαν.
757 5190 874 5250 τοῖς
899 5186 1251 5256 τιμιωτάτοις
1285 5183 1537 5253 ἀδελφοῖς
1571 5187 1683 5246 τοῖς
1716 5185 1850 5253 ous-

261 5284 449 5352 τέροις
489 5280 587 5350 τὴν
621 5277 911 5348 ἐπιστολὴν
945 5275 1238 5339 δεδωκότες
1264 5291 1277 5304 ·
1313 5275 1407 5328 καὶ
1451 5273 1544 5327 νῦν
1585 5275 1643 5327 δὲ
1692 5273 1854 5326 πάλιν

265 5371 773 5448 προσφθεγγόμεθα
806 5388 899 5423 σου
935 5369 1033 5440 τὴν
1065 5369 1348 5439 ἀγιότητα.
1408 5367 1712 5438 Προτρέπει
1747 5367 1855 5436 γὰρ

2481 4978 2682 5036 CXLII.
2711 5007 2776 5018 —
2799 4951 3004 5031 Eidem.

2026 5099 2094 5154 Et
2117 5097 2240 5152 aliis
2269 5097 2379 5166 jam
2417 5093 2618 5148 litteris
2663 5091 2922 5160 pietatem
2953 5098 3103 5141 tuam
3137 5083 3290 5138 all‘ati
3329 5095 3541 5144 sumus,

1957 5190 2083 5244 data
2135 5185 2613 5243 reverendissimis
2655 5181 2924 5236 fratribus
2959 5178 3161 5233 vestris
3202 5172 3458 5245 epistola,
3489 5177 3547 5225 et

1960 5294 2110 5331 nunc
2159 5278 2364 5333 iterum
2416 5274 2763 5330 sanctitatem
2825 5280 2974 5325 tuam
3025 5265 3385 5335 alloquimur.
3430 5262 3548 5316 Hoc

1960 5369 2107 5421 enim
2133 5369 2312 5421 facere
2328 5381 2425 5420 nos
2447 5365 2708 5419 admouet
2728 5371 2842 5417 tum
2867 5357 3189 5414 admiranda
3212 5356 3322 5409 vita
3339 5360 3544 5417 vestra,

345 5552 392 5584 τ’
430 5549 621 5606 Matth.
649 5547 875 5611 “1,18.
951 5547 998 5579 ⁷³
1038 5543 1276 5614 Philipp.
1305 5559 1342 5607 t,
1393 5542 1483 5596 29.
1556 5542 1603 5574 ἰ
1645 5541 1785 5595 l’sal.
1824 5558 1964 5606 xcm,
2005 5541 2036 5594 si

347 5710 424 5778 (6)
453 5710 618 5778 κενήν
646 5706 815 5775 Neap.
842 5705 1140 5778 Utramque
1177 5702 1466 5758 lectionem
1493 5701 1605 5754 sive
1647 5699 1860 5757 ilciiua,
1894 5698 2007 5754 site
2069 5716 2203 5767 quau,
2247 5717 2272 5746 ι·
2331 5714 2441 5765 quo
2498 5697 2737 5749 nterim
2791 5692 3104 5762 v-‘pmolam,
3147 5690 3319 5745 codex
3347 5687 3556 5745 Vatica-

279 5773 384 5837 nus
409 5773 691 5851 conjunvit
717 5773 858 5846 apud
887 5775 1077 5828 llarnn.
1120 5773 1152 5824 l.
1181 5788 1227 5824 υ.
