4086 6326
144 418 336 485 1355
1523 401 1883 466 EPISTOLA
1932 400 2182 460 CXLIV.
3352 393 3496 460 1370

146 530 371 594 υὶυύς.
412 526 585 599 Εἶπερ
618 527 728 599 ἄρα
756 526 903 589 τινές
937 527 1103 578 εἰσιν
1138 524 1249 594 ἐγὼ
1288 524 1395 596 γὰρ
1436 522 1535 575 οὐκ
1565 522 1747 587 οἴομαι
1772 533 1783 546 ·

1895 508 2043 568 enim
2089 530 2200 568 non
2233 522 2367 583 puto
2399 529 2411 563 ε
2452 511 2551 566 sed
2597 512 2738 565 hanc
2778 525 2998 579 semper
3023 510 3357 565 calumniam
3388 512 3495 567 Ec-

149 618 338 675 ἁὶλὸ.
366 619 575 692 ταύτην
605 621 687 674 ἀεὶ
720 619 819 691 τὴν
853 618 1219 687 συκοφαντίαν
1250 616 1391 670 κατὰ
1426 615 1525 684 τῆς
1564 611 1790 679 Ἐκκλη-

1900 608 2083 666 clesiae
2099 607 2194 677 qui
2215 607 2332 661 Arii
2355 616 2411 660 et
2427 604 2709 667 Eunomii,
2727 604 2935 673 quique
2952 603 3287 673 Apollinaris
3309 613 3497 674 partes

152 713 322 778 σίας
360 714 412 767 ot
449 713 547 782 τῆς
601 712 812 783 ’Δρείου
862 712 955 765 καὶ
994 711 1288 782 Εὐνομίου,
1326 709 1425 761 καί.
1479 706 1666 777 μέντοι
1703 705 1790 757 καὶ

1901 710 2210 764 sectantur,
2252 699 2611 769 impudenter
2630 697 2988 753 aﬂinxerunt.
3033 698 3113 753 Ac
3156 714 3291 753 vero
3333 697 3495 754 l‘acilc

177 805 628 877 Ἀπολλιναρίου
686 803 998 874 συμμορίας
1069 802 1296 872 ὰναίδην
1341 799 1637 870 ἐξύφηναν.
1687 795 1790 848 Kal

1900 805 1988 853 est
2014 792 2377 865 diligentibus
2406 791 2701 860 pervidere
2733 790 3135 845 celeberrimos
3169 791 3361 845 Patres
3397 804 3497 844 no-

156 895 383 967 ρᾴδιον
425 896 631 965 γνῶναι
680 895 795 958 τοῖς
839 892 1171 961 φιλοπόνοις,
1224 891 1301 955 ὡς
1348 890 1401 943 oi
1444 886 1790 957 πανεύφημοι

1903 895 2073 953 stros,
2103 886 2313 942 lumina
2346 884 2745 948 Ecclesiarum,
2781 883 2927 937 hanc
2958 884 3133 952 ipsam
3168 899 3197 937 τι
3237 882 3499 939 veritatis

162 985 447 1058 Πατέρσς
477 984 657 1057 ἡμῶν,
690 984 800 1038 τῶν
840 983 1180 1050 Ἐκκλησιῶν
1208 984 1258 1035 οἱ
1297 980 1607 1052 φωστῆρες,
1644 977 1790 1048 παρὰ

1903 980 2161 1035 hostibus
2191 979 2636 1033 criminationem
2660 991 2854 1047 passos
2886 991 3030 1039 esse,
3062 991 3230 1045 quam
3255 989 3359 1030 nos
3390 974 3497 1029 hoc

158 1079 308 1133 τῶν
349 1078 451 1150 τῆς
503 1078 763 1149 ἀληθείας
814 1076 1025 1149 ἐχθρῶν
1070 1073 1273 1143 ταύτην
1317 1074 1418 1139 τὴν
1461 1068 1790 1139 κατηγορίαν

1903 1081 2155 1141 tempore
2191 1069 2261 1124 ab
2309 1068 2539 1139 optimis
2578 1082 2737 1123 novae
2780 1068 3059 1121 haereseos
3104 1065 3498 1120 defensoribus

166 1170 535 1240 ὑπέμειναν,
578 1170 646 1239 ἢν
687 1168 782 1221 νῦν
833 1168 994 1237 ἡμεῖς
1025 1164 1177 1237 παρά
1215 1163 1327 1217 τῶν
1361 1162 1655 1233 βελτίστων
1697 1160 1798 1228 ὑφ-

170 1258 478 1329 ιστάμεθα
518 1259 620 1329 τῆς
681 1256 875 1327 καινῆς
921 1256 1226 1326 προμάχων
1281 1253 1568 1325 αἱρέσεως.
1622 1245 1723 1302 Ὧν
1770 1250 1798 1300 ὁ

168 1356 481 1422 πάνσοφος
542 1354 823 1423 Δεσπότης
878 1350 1163 1420 ἐγύμνωσε
1217 1350 1318 1422 τὴν
1366 1346 1644 1404 ἀσέϐειαν.
1695 1350 1799 1400 οὐκ

170 1446 579 1517 ἀνασχόμενος
635 1445 736 1516 τὴν
782 1445 1007 1500 ἀνοσίαν
1049 1444 1265 1514 αἵρεσιν
1308 1446 1373 1513 τῇ
1436 1439 1797 1511 μακροθυμίᾳ

84 1586 141 1615 ε,
172 1536 496 1607 κρατῦναι.
548 1536 799 1600 Πεισθεὶς
834 1536 1018 1590 τοίνυν
1054 1535 1130 1597 ὡς
1189 1534 1490 1605 όμοδόξοις,
1534 1532 1795 1592 δέσποτα,

166 1627 438 1697 γράφεις
481 1626 688 1699 (ῥᾴδιον
729 1625 787 1678 δέ
830 1641 913 1679 σοι
949 1623 1111 1679 τοῦτο
1147 1624 1244 1678 καὶ
1275 1625 1339 1677 ὲκ
1388 1622 1599 1677 πολλῶν
1639 1622 1797 1693 ἡμῶν

176 1718 657 1791 συγγραμμάτων
682 1716 921 1788 μαθεῖν),
949 1715 1162 1779 ἀντίδος
1187 1715 1255 1769 τὰ
1273 1715 1597 1785 γράμματα.
1637 1712 1794 1765 Ἔστι

170 1809 309 1878 γὰρ
339 1809 509 1863 ταῦτα
542 1809 723 1869 πάλιν,
772 1809 870 1862 σὺν
905 1807 1027 1877 Θεῷ
1062 1807 1250 1876 φάναι,
1298 1807 1397 1874 τῆς
1446 1806 1669 1873 ἀγάπης
1702 1807 1794 1857 ἐκ·

186 1901 487 1969 καύματα.
521 1901 636 1971 Hpb
664 1900 719 1953 δὲ
748 1900 858 1952 τῶν
898 1901 1267 1971 γραμμάτων,
1298 1898 1386 1960 δὸς
1415 1898 1525 1950 τῶν
1560 1913 1795 1963 προσευ-

180 1993 315 2062 χῶν
341 1993 439 2061 τὴν
467 1993 739 2063 βοήθειαν,
778 1992 869 2045 καὶ
905 1993 998 2045 τὸν
1025 1991 1230 2060 ἀγαθὸν
1258 1990 1419 2061 ἡμῶν
1441 1988 1795 2056 ἁντιϐόλησον

180 2083 426 2151 Κύριον,
466 2085 601 2155 πρὸς
635 2086 736 2152 τὶν
767 2083 983 2154 ἀπλανῆ
1034 2074 1365 2137 κατευθῦναι
1405 2081 1637 2151 πορείαν
1667 2080 1795 2142 τοὺς

176 2173 500 2245 ἡμετέρους
534 2174 719 2237 πόδας,
754 2175 841 2227 ἵνα
876 2175 1015 2245 μετὰ
1048 2176 1157 2227 τῶν
1209 2172 1376 2227 αὐτοῦ
1398 2173 1580 2244 νόμων
1604 2168 1796 2234 ἐξανύ-

185 2283 385 2336 σωμεν
414 2268 505 2319 τὸν
542 2268 865 2336 λειπόμενον
895 2267 1117 2338 δρόμον.
1144 2267 1329 2338 Ἔχων
1350 2268 1462 2337 γὰρ
1487 2266 1589 2337 τὴν
1612 2266 1676 2317 ὲκ
1698 2264 1795 2335 τῆς

182 2355 452 2425 καθαρᾶς
481 2356 667 2427 βιοτῆς
702 2359 1044 2431 παῤῥησίαν,
1072 2361 1246 2430 ῥᾷστα
1282 2357 1493 2421 πείσεις
1521 2353 1614 2411 τὸν
1640 2358 1795 2426 εὐερ-

184 2450 379 2517 γετεῖν
406 2451 783 2521 ἐπειγόμενον.

556 2563 731 2619 ΡΜΔ’.
767 2592 837 2602 -—
872 2564 1002 2631 Τοῖς
1034 2566 1443 2633 στρατιώταις.

268 2671 387 2724 Μία
419 2672 517 2741 μὲν
552 2672 773 2726 πάντων
801 2673 1107 2744 ἀνθρώπων
1140 2674 1321 2744 φύσις.
1352 2678 1411 2730 αί
1432 2676 1488 2730 δὲ
1514 2675 1623 2729 τῶν
1665 2675 1796 2746 βίων

190 2761 553 2833 προαιρέσεις
576 2759 770 2814 πολλαὶ
800 2763 895 2816 καὶ
915 2763 1185 2832 διάφοροι.
1217 2764 1280 2818 Oi
1324 2762 1425 2835 μὲν
1462 2765 1571 2834 γὰρ
1609 2781 1794 2817 ναυτι-

188 2850 316 2913 κὸν,
354 2852 402 2903 οἱ
429 2850 486 2903 δὲ
518 2852 817 2922 πολεμικὸν
836 2851 1119 2924 αἱροῦνται
1156 2854 1290 2925 βίον
1316 2856 1411 2909 καὶ
1431 2857 1482 2908 οί
1511 2857 1611 2925 μὲν
1639 2855 1796 2924 ἀθλη-

187 2942 375 3004 τικὸν,
414 2944 463 2995 οἱ
489 2943 547 2997 δὲ
570 2944 898 3014 γεωργικόν·
930 2946 1025 2998 καὶ
1052 2946 1103 2999 οί
1133 2947 1232 3016 μὶν
1262 2947 1444 3017 τήνδε,
1474 2949 1522 3000 οἱ
1548 2947 1606 3001 δὲ
1637 2947 1795 3017 τήνδε

188 3032 298 3104 τὴν
336 3034 530 3103 τέχνην
553 3034 1016 3107 μεταχειρίζουσι.
1043 3036 1152 3091 Καὶ
1180 3037 1265 3091 ἴνα
1284 3038 1384 3098 τὰς
1416 3037 1582 3099 ἄλλας
1623 3056 1793 3109 παρα·

189 3124 343 3178 λίπω
372 3125 656 3196 διαφορὰς,
681 3126 732 3179 οἱ
759 3126 860 3196 μέν
892 3127 999 3182 εισι
1027 3126 1138 3179 τῶν
1170 3126 1474 3198 ἀνθρώπων
1513 3128 1793 3183 σπουδαῖοι

191 3216 296 3265 καὶ
315 3215 577 3283 ἐμμελεῖς
606 3214 736 3285 περὶ
764 3215 835 3269 τὰ
858 3214 1001 3279 θεία,
1021 3216 1241 3271 καὶτῶν
1266 3217 1646 3272 ἀποστολικῶν
1674 3217 1793 3286 δογ-
1822 3201 1868 3263 C

196 3308 391 3376 μάτων
443 3307 859 3363 ἑκπαιδεύονται
913 3308 1015 3381 τὴν
1057 3310 1369 3381 ἀκρίϐειαν·
1410 3310 1461 3363 οί
1501 3310 1558 3365 δὲ
1596 3311 1796 3381 γαστρὶ

186 3396 529 3464 δουλεύουσι,
567 3400 663 3451 καὶ
702 3398 812 3452 τῶν
848 3399 1095 3471 αἰσχρῶν
1118 3400 1326 3473 ἡδονῶν
1366 3400 1465 3471 τὴν
1492 3400 1796 3456 ἀπόλαυσιν

189 3488 499 3560 εὐημερίαν
530 3490 1026 3562 ὑπολαμϐάνουσιν·
1069 3492 1218 3549 ἄλλοι
1248 3493 1306 3547 δέ
1353 3510 1418 3563 γε
1467 3492 1623 3565 μέσοι
1671 3494 1796 3548 τού-

187 3597 307 3634 των
359 3582 631 3637 κάκείνων
670 3583 805 3648 eici,
835 3583 931 3637 καὶ
963 3583 1090 3639 οὔτε
1136 3584 1234 3656 τὴν
1265 3584 1667 3655 ιπαινουμένην
1698 3585 1795 3655 ζησ

188 3666 349 3722 λοῦσι
380 3668 636 3741 σπουδὴν,
672 3669 798 3725 οὕτε
826 3670 918 3725 τὸν
942 3673 1247 3729 ἀκόλαστον
1266 3673 1616 3736 ἀσπάζονται
1652 3674 1792 3745 βίον,

188 3761 297 3829 τὴν
323 3760 383 3814 δὲ
407 3761 688 3833 ἁπλότητα
709 3762 913 3835 τιμῶσι
934 3764 1035 3834 τῆς
1062 3765 1317 3829 πίστεως.
1368 3765 1642 3837 Ἦγοῦμαι
1676 3768 1791 3821 τοί-

186 3868 290 3906 νυν
319 3853 444 3917 τοὺς
477 3853 893 3924 ἐπισκήψαντας
918 3856 1112 3927 ἐκείνῳ
1130 3856 1209 3926 τῷ
1237 3856 1402 3927 λόγῳ,
1432 3859 1493 3923 ὃς
1525 3877 1691 3930 φησιν
1716 3857 1794 3913 εί-

187 3942 282 3996 ναί
321 3960 443 3996 τινα
492 3944 776 4008 παντελῶς
822 3946 1064 4000 ἀδύνατα
1104 3949 1183 4019 τῷ
1213 3948 1353 4020 Θεῷ,
1384 3952 1446 4003 οὐ
1474 3950 1585 4004 τῶν
1626 3968 1791 4005 σπου-

183 4032 357 4089 δαίων
395 4030 556 4102 εἶναι,
600 4036 696 4090 καὶ
724 4037 792 4091 τὰ
816 4037 935 4090 θεῖα
967 4040 1439 4109 πεπαιδευμένων,
1467 4042 1584 4097 ἀλλ’
1608 4043 1641 4115 ἢ
1665 4044 1789 4098 τούς

186 4143 322 4189 των,
368 4126 417 4181 οἳ
459 4127 561 4199 τὴν
598 4128 890 4200 ἀκρίϐειαν
928 4130 1038 4185 τῶν
1077 4133 1453 4189 ἀποστολικῶν
1499 4136 1789 4208 δογμάτων

187 4218 295 4273 οὐκ
326 4220 527 4283 ίσασιν,
551 4220 585 4291 ἢ
606 4221 856 4285 ἐκείνων,
887 4223 938 4277 οἳ
978 4226 1101 4289 ταῖς
1131 4225 1493 4294 ἡδυπαθείαις
1519 4228 1787 4282 δεδουλω·

183 4309 343 4382 μένοι
378 4313 513 4383 πρὸς
541 4315 669 4376 τοὺς
690 4315 921 4386 καιροὺς
952 4316 1404 4385 μεταϐάλλονται,
1438 4320 1537 4373 καὶ
1557 4317 1653 4373 νῦν
1688 4320 1787 4391 μὲν

180 4396 381 4460 ταῦτα,
422 4399 519 4453 νῦν
550 4400 609 4453 δὲ
634 4402 820 4455 ἐκεῖνα
849 4404 1269 4474 πρεσϐεύουσιν.
1316 4408 1534 4480 Ἐπειδὴ
1565 4409 1621 4463 δὲ
1646 4410 1786 4481 γράη

177 4490 285 4559 ita:
318 4491 448 4560 περὶ
472 4491 682 4546 τούτων
713 4494 862 4564 ἡμᾶς
897 4497 1161 4566 ᾐτήσατε,
1197 4501 1355 4570 σιγᾷν
1384 4501 1476 4553 ἐπὶ
1514 4501 1607 4553 τοῦ
1643 4520 1785 4572 παρ-

177 4583 337 4646 όντος
363 4582 791 4655 βεϐουλευμένος
819 4585 1031 4657 βραχέα
1059 4590 1236 4643 εἰπεῖν
1267 4584 1669 4662 ἀναγκάζομαι.
1710 4597 1776 4666 τῇ

180 4677 490 4747 Δεσποτικῇ
522 4676 848 4745 πειθόμενος
870 4679 1082 4752 ὲντολῇυ
1122 4701 1139 4732 ι
1164 4682 1337 4736 Παντὶ
1372 4683 1502 4754 γὰρ,
1525 4686 1683 4754 φησὶ,
1702 4687 1780 4757 τῷ

176 4766 421 4821 αἰτοῦντί
456 4784 516 4820 σε
543 4768 708 4823 δίδου.
748 4788 768 4821 ι

268 4856 459 4939 Ἡμεῖς
481 4857 662 4911 τοίνυν
694 4859 876 4915 πάντα
910 4863 1011 4934 μὲν
1048 4854 1310 4918 δύνασθαί
1344 4882 1526 4937 φαμεν
1548 4867 1638 4921 τὸν
1666 4868 1778 4921 τῶν

177 4946 319 5002 ϐλων
351 4946 506 5001 Θεόνθ
537 4952 605 5021 τῇ
631 4950 689 5005 δὲ
713 4951 916 5010 πάντα
957 4958 1108 5025 φωνῇ
1136 4956 1272 5024 μόνα
1307 4956 1377 5010 τὰ
1411 4958 1551 5012 καλὰ
1588 4961 1681 5013 καὶ
1710 4961 1779 5016 τὰ

180 5039 366 5109 ἀγαθὰ
394 5043 1039 5115 συμπεριλαμϐάνεσθαι.
1086 5049 1144 5101 '0
1181 5048 1291 5120 γὰρ
1319 5050 1479 5119 φύσει
1518 5055 1681 5123 σοφός
1715 5073 1776 5109 τε

179 5134 279 5188 καὶ
303 5133 511 5202 ἀγαθὸς
535 5136 690 5189 οὐδὲν
715 5138 826 5193 τῶν
852 5140 1113 5195 ἐναντίων
1144 5144 1451 5217 προσίεται,
1479 5147 1617 5201 ἀλλὰ
1641 5148 1778 5219 μόνα

178 5226 252 5278 τὰ
278 5228 344 5296 τῇ
387 5227 548 5296 φύσει
573 5227 876 5299 πρέποντα.
912 5232 978 5286 Et
1002 5234 1058 5287 δέ
1091 5251 1239 5299 τινες
1271 5237 1617 5308 ἀντιλέγουσι
1640 5241 1775 5309 τῷδε

178 5313 259 5386 τῷ
279 5314 446 5386 λόγῳ.
482 5318 674 5390 ἔρεσθε
699 5323 918 5386 αὐτοὺς.
948 5326 995 5377 εί
1017 5325 1242 5383 δύναται
1268 5330 1575 5399 ψεύσασθαι
1606 5335 1634 5387 ό
1668 5335 1774 5387 τῶν

179 5405 315 5461 ὅλων
339 5407 474 5471 Θεὸς
508 5410 612 5480 τῆς
652 5412 912 5481 ἀληθείας
952 5418 1270 5492 νομοθέτης·
1301 5421 1404 5475 κᾶν
1440 5424 1536 5479 μὲν
1570 5427 1775 5478 εἴποιεν

180 5498 401 5554 δυνατὸν
433 5501 512 5570 τῷ
536 5502 654 5572 Θεῷ
678 5507 740 5557 τὸ
762 5505 976 5575 ψεῦδος,
1000 5509 1075 5572 ὡς
1095 5510 1377 5577 δυσσεϐεῖς
1404 5516 1499 5567 καὶ
1535 5515 1774 5587 βλασφή-

187 5606 314 5651 μους
351 5590 453 5658 τῆς
476 5594 748 5663 ὑμετέρας
780 5603 1093 5669 συμμορίας
1125 5601 1436 5666 ἐξελάσατε.
1464 5606 1527 5659 Et
1560 5608 1615 5661 δὲ
1646 5611 1767 5661 σύν-

185 5681 355 5735 θοιντο
388 5686 483 5737 καὶ
506 5694 681 5751 αυτοὶ,
710 5690 781 5757 μὴ
813 5691 1040 5746 δυνατὸν
1066 5689 1203 5748 εἶναι
1228 5698 1385 5751 τοῦτο
1410 5700 1485 5769 τῷ
1509 5702 1615 5753 τῶν
1637 5702 1772 5754 ὅλων

247 5844 285 5873 ’⁸
330 5840 466 5903 Luc.
495 5861 565 5907 rt,
596 5847 685 5900 5i}.

1902 1163 2264 1219 sustinemus.
2321 1160 2569 1228 Quorum
2638 1159 2982 1229 impietatem
3053 1158 3498 1227 sapientissimus

1900 1257 2173 1314 Dominus
2197 1256 2477 1325 patefecit,
2498 1269 2612 1309 non
2635 1254 2971 1323 permittens
2994 1251 3257 1305 diuturna
3282 1250 3500 1319 patien-

1902 1351 1979 1404 tia
1999 1348 2269 1403 nefariam
2296 1347 2536 1402 baeresin
2564 1343 2941 1400 corroborari.
2966 1344 3166 1398 Ratum
3197 1343 3366 1413 igitur
3396 1342 3497 1394 ha-

1903 1444 2064 1505 bens,
2088 1440 2334 1502 domine,
2364 1446 2419 1492 te
2449 1438 2523 1493 ad
2548 1435 2677 1492 ﬁdei
2712 1447 3002 1492 consortes
3035 1436 3285 1491 scribere
3326 1434 3498 1505 (quod

1903 1532 2002 1587 tibi
2026 1529 2185 1585 facile
2216 1538 2301 1584 est
2330 1543 2398 1582 ex
2430 1528 2622 1583 multis
2656 1526 3144 1582 lucubrationibus
3175 1526 3384 1579 nostris
3409 1539 3501 1579 co‘

1901 1620 2192 1690 gnoscere)
2228 1620 2445 1675 litteras
2471 1619 2640 1674 redde
2666 1637 2679 1673 :
2704 1626 2873 1673 erunt
2898 1620 3047 1672 enim
3080 1618 3167 1671 hae
3196 1632 3414 1679 rursus,
3450 1620 3498 1668 si

1900 1718 2014 1771 Deo
2036 1716 2239 1784 placet,
2264 1714 2333 1769 ad
2356 1713 2685 1769 charitatem
2712 1711 3091 1766 incitamenta.
3116 1712 3256 1763 Ante
3282 1708 3500 1762 litteras

1900 1817 2085 1863 autem
2110 1821 2339 1875 precum
2370 1804 2640 1859 auxilium
2670 1803 2886 1872 1239
2915 1802 3226 1871 impertire.
3254 1801 3496 1854 bonum-

1900 1915 2007 1968 que
2038 1898 2334 1952 Dominum
2374 1905 2627 1951 nostrum
2653 1910 2819 1949 exora
2843 1935 2855 1959 ,
2892 1906 2954 1948 ut
2991 1895 3059 1947 ad
3102 1895 3247 1947 viam
3284 1903 3494 1948 rectam

1899 1993 2072 2061 pedes
2106 2000 2329 2046 nostros
2363 1989 2588 2060 dirigat,
2622 1988 2769 2041 unde
2800 1995 2858 2040 et
2887 1986 3164 2056 reliquum
3206 1986 3381 2056 ipsius
3418 1986 3500 2040 le-

1901 2076 2030 2156 gum
2072 2098 2297 2138 cursum
2335 2095 2685 2151 peragamus.
2729 2080 2868 2134 Nam
2911 2094 3036 2135 cum
3072 2094 3139 2134 ex
3174 2078 3496 2145 integritate

1900 2176 2028 2231 vitae
2055 2175 2317 2230 ﬁduciam
2350 2174 2586 2241 adeptus
2617 2172 2716 2233 sis,
2737 2170 2789 2225 ei
2809 2170 2908 2238 qui
2934 2169 3002 2225 ad
3027 2167 3493 2225 benefaciendum

1901 2277 2127 2339 paratus
2157 2274 2242 2321 est
2271 2263 2533 2320 facillime
2566 2262 2953 2333 persuadebis.

2342 2567 2574 2625 CXLIV.
2598 2597 2671 2609 ——
2702 2570 2721 2587 ‘
2752 2565 3028 2622 Militibus.

1970 2684 2088 2741 Una
2125 2681 2355 2752 quidem
2386 2681 2638 2736 omnium
2674 2680 2966 2734 hominum
3002 2688 3088 2735 est
3117 2691 3336 2745 natura,
3370 2679 3500 2735 vita:

1898 2784 2084 2832 autem
2116 2775 2373 2830 instituta
2403 2774 2581 2829 multa
2624 2784 2755 2828 sunt
2780 2779 2838 2828 et
2869 2772 3112 2827 diversa.
3150 2770 3257 2827 Alii
3288 2770 3497 2841 quippe

1898 2866 2202 2930 nauticam,
2237 2866 2333 2921 alii
2360 2864 2656 2919 militarem
2690 2863 2860 2917 vitam
2888 2862 3123 2939 eligunt.
3160 2874 3218 2917 et
3253 2861 3492 2930 quibus-

1898 2958 2023 3017 dam
2049 2956 2313 3013 atbletica
2335 2956 2536 3025 placet,
2568 2952 2902 3024 quibusdam
2938 2952 3240 3017 rusticana,
3274 2962 3331 3008 et
3354 2952 3499 3007 hanc

1897 3050 2125 3121 quidem
2167 3048 2286 3112 alii,
2320 3048 2464 3104 hanc
2502 3046 2597 3102 alii
2642 3057 2821 3101 artem
2859 3057 3143 3101 exercent.
3185 3046 3393 3114 Atque,
3436 3055 3499 3099 ut

1900 3151 2135 3197 caeteras
2175 3139 2525 3195 diﬁerentias
2571 3137 3023 3207 pretermittam,
3076 3136 3367 3191 hominum
3400 3135 3495 3190 alii

1898 3243 2032 3288 sunt
2052 3234 2203 3289 circa
2229 3247 2319 3287 res
2338 3231 2556 3286 divinas
2585 3228 2822 3284 studiosi
2845 3236 2903 3285 et
2922 3229 3124 3293 exacti,
3157 3232 3254 3298 qui
3283 3236 3339 3283 et
3366 3244 3499 3298 apo-

1898 3325 2093 3392 stolica
2139 3323 2397 3395 dogmata
2453 3320 2785 3376 condiscunt
2832 3330 3090 3376 accurate
3129 3340 3140 3373 :
3174 3321 3267 3375 alii
3311 3320 3495 3374 ventri

1897 3417 2177 3479 serviunt,
2212 3415 2569 3485 turpiumque
2591 3412 2943 3483 voluptatum
2976 3411 3220 3469 fructum
3256 3413 3495 3468 felicita-

1897 3517 2009 3565 tem
2042 3508 2388 3565 arbitrantur
2413 3524 2428 3559 :
2452 3505 2547 3561 alii
2580 3504 2683 3561 bos
2716 3505 2860 3561 inter
2887 3513 2948 3561 et
2983 3506 3107 3561 illos
3138 3514 3271 3560 sunt
3300 3504 3494 3569 medii,

1894 3601 1991 3672 qui
2018 3616 2125 3655 nec
2154 3598 2423 3655 laudabili
2466 3597 2653 3653 studio
2700 3597 2796 3652 illo
2832 3596 3137 3671 ducuntur,
3173 3612 3280 3651 nec
3302 3597 3498 3651 incon-

1894 3692 2153 3747 tinentia:
2176 3698 2307 3745 sunt
2332 3688 2529 3751 dediti,
2557 3689 2653 3743 sed
2678 3687 2809 3744 ﬁdei
2833 3689 3251 3758 simplicitatem
3281 3688 3493 3742 colunt.

1894 3782 2166 3838 Existimo
2204 3797 2335 3851 ergo
2367 3796 2463 3836 eos
2492 3782 2588 3851 qui
2621 3780 2834 3835 dictum
2872 3780 3010 3835 illud
3048 3781 3492 3849 reprehendunt,

1893 3873 2043 3945 quod
2069 3874 2184 3928 Deo
2206 3872 2462 3943 quaedam
2486 3870 2858 3941 impossibilia
2881 3886 3117 3939 prorsus
3146 3886 3269 3925 esse
3298 3872 3396 3938 ait,
3436 3871 3491 3925 in

1893 3965 2271 4021 studiosorum
2312 3962 2630 4033 divinisque
2676 3962 2734 4016 in
2784 3962 2958 4017 rebus
3000 3962 3351 4018 eruditorum
3388 3979 3495 4018 nu-

1892 4074 2047 4115 mero
2087 4074 2198 4113 non
2243 4072 2387 4121 esse,
2446 4056 2542 4112 sed
2588 4071 2785 4111 eorum
2828 4056 3015 4126 potius
3051 4058 3146 4125 qui
3188 4056 3493 4127 apostolica

1889 4153 2148 4223 dogmata
2169 4160 2429 4207 accurate
2458 4165 2570 4205 non
2601 4158 2831 4215 norunt,
2860 4159 2957 4205 aut
2979 4165 3177 4204 eorum
3202 4150 3297 4220 qui
3333 4150 3494 4205 volu-

1889 4242 2139 4312 ptatibus
2195 4242 2345 4312 capti
2401 4254 2529 4296 cum
2578 4249 2829 4310 tempore
2883 4247 3195 4306 mutantur,
3240 4249 3298 4295 et
3339 4255 3494 4295 nunc

1889 4336 2015 4398 ista,
2058 4350 2203 4390 .iunc
2238 4334 2345 4389 alia
2387 4332 2741 4404 proﬁtentur.
2775 4332 3048 4398 Quoniam
3081 4342 3268 4387 autem
3302 4332 3373 4388 de
3402 4332 3493 4387 bis

1886 4442 1917 4481 a
1951 4442 2039 4480 me
2075 4425 2243 4483 scribi
2276 4426 2620 4495 postulastis,
2652 4427 2758 4480 etsi
2805 4425 2971 4480 silere
3016 4426 3073 4479 in
3098 4440 3342 4496 praesens
3376 4433 3489 4480 sta-

1890 4527 2133 4581 tueram,
2155 4533 2332 4588 pauca
2352 4517 2543 4573 dicere
2567 4518 2893 4587 compellor,
2926 4517 3147 4572 Domini
3169 4517 3487 4591 obsequens

1889 4610 2150 4665 mandato
2186 4628 2201 4664 :
2242 4630 2258 4662 ι
2292 4608 2455 4664 Omni
2486 4610 2696 4679 petenti
2734 4619 2787 4663 te
2820 4610 3005 4663 tribue
3031 4610 3097 4663 ⁷⁷.
3136 4628 3155 4661 ι

1960 4876 2071 4932 Nos
2124 4876 2290 4948 igitur
2340 4878 2527 4932 omnia
2571 4878 2799 4948 quidem
2842 4892 3009 4947 posse
3047 4876 3265 4949 1m
3309 4876 3487 4933 Deum

1887 4969 2275 5026 universorum
2314 4970 2594 5038 dicimus,
2646 4970 2743 5026 sed
2788 4973 3025 5025 omnium
3058 4970 3331 5026 vocabulo
3372 4970 3486 5027 sola

1890 5064 2120 5120 honesta
2149 5076 2207 5121 et
2234 5064 2379 5121 bona
2406 5064 2827 5135 comprehendi.
2859 5064 2963 5131 Qui
2990 5066 3138 5120 enim
3164 5074 3361 5119 natura
3400 5073 3487 5120 est

1887 5158 2111 5226 sapiens
2125 5156 2400 5217 etbonus.
2433 5160 2845 5213 contrariorum
2866 5156 3081 5212 nullum
3104 5156 3368 5221 admittit,
3388 5156 3485 5213 sed

1886 5261 1948 5301 ea
1999 5255 2211 5302 tantum
2253 5262 2377 5316 qua:
2424 5258 2637 5302 naturae
2686 5248 3047 5303 conveniunt.
3092 5248 3251 5315 Quod
3298 5248 3342 5303 si
3384 5249 3481 5319 qui

1886 5349 2052 5393 erunt
2084 5339 2179 5407 qui
2208 5339 2615 5403 contradicant,
2648 5339 2988 5409 interrogate
3017 5340 3140 5393 illos
3165 5356 3241 5394 an
3261 5339 3482 5394 mentiri

1886 5431 2061 5497 possit
2076 5445 2470 5485 universorum
2491 5430 2659 5493 Deus,
2687 5438 2780 5501 qui
2805 5432 3056 5486 veritatis
3079 5442 3163 5487 est
3180 5432 3478 5501 legislator.

1884 5523 1964 5575 Ac
1983 5522 2028 5575 si
2047 5520 2271 5591 quidem
2294 5522 2516 5585 mentiri
2544 5523 2719 5577 Deum
2745 5539 2909 5592 posse
2930 5522 3197 5582 dixerint.
3216 5534 3478 5591 tanquam

1886 5616 2077 5682 impios
2130 5628 2180 5667 et
2227 5616 2597 5683 blasphemus,
2624 5618 2694 5671 de
2736 5629 2882 5673 coetu
2927 5629 3113 5673 vostro
3163 5616 3478 5672 exturbate.

1885 5708 1981 5763 Sin
2005 5710 2344 5763 asscnserint
2378 5720 2426 5762 οι
2468 5709 2593 5779 ipsi.
2626 5714 2727 5764 hoc
2754 5711 2924 5763 Datim
2954 5711 3341 5764 universorum
3368 5723 3478 5764 non
