4086 6326
160 375 345 447 1373
1534 384 1903 447 EPISTOLA
1940 385 2187 447 CXLIV.
3369 383 3464 449 131
3476 385 3501 447 ί

149 496 355 549 νίκου
378 491 656 561 Στεφάνου
690 494 856 565 φησὶν
889 494 922 564 ἡ
958 494 1079 549 θεία
1126 493 1339 567 Γραφήο
1384 514 1401 548 ι
1429 496 1785 565 Συνεκόμισαε

1913 498 2223 568 umphante
2259 493 2543 570 Stephano
2587 498 2776 554 dicere
2818 497 3068 553 divinam
3110 494 3504 566 Scripturam:

151 585 241 639 δὲ
276 584 376 639 τὸν
405 585 678 655 Στέφανον
720 584 915 658 ἄνδρες
943 586 1210 651 εὐλαϐεῖς.
1243 605 1261 639 ι
1305 587 1501 641 Καίτοι
1537 586 1599 640 τὸ
1634 586 1785 658 σῶμα

1916 608 1935 640 ι
1965 588 2321 660 Sepelierunt
2352 576 2539 646 autem
2574 589 2923 661 Stephanum
2967 588 3074 643 viri
3102 587 3348 658 religiosi
3369 588 3437 641 “.
3478 606 3496 638 ο

1906 680 2153 737 Tametsi
2178 686 2359 737 solum
2381 697 2584 753 corpus
2607 682 2825 739 tumulo
2840 681 3161 737 mandatum
3187 681 3293 735 sit:
3320 684 3502 735 anima

1904 787 2038 827 vero
2086 774 2320 829 minime
2370 774 2588 845 sepulta
2638 783 2725 829 est
2769 788 2897 828 cum
2948 788 3204 844 corpore,
3257 779 3501 826 attamen

1904 879 2202 921 commune
2253 881 2460 923 nomen
2505 867 2689 921 solum
2738 880 2942 937 corpus
2985 864 3248 919 obtinuit.
3293 862 3504 917 Eodem

1905 954 2075 1009 modo
2105 954 2305 1010 beatus
2341 955 2516 1012 Iacob
2542 955 2673 1025 ﬁliis
2702 956 2822 1011 suis
2852 954 2996 1011 dixit
3025 974 3037 1009 :
3078 973 3096 1006 ι
3137 954 3382 1025 Sepelite
3414 960 3509 1007 me'

1882 1060 2032 1115 eum
2060 1046 2315 1117 patribus
2339 1047 2483 1104 meis
2500 1048 2567 1103 ".
2602 1067 2621 1100 ι
2656 1048 2727 1103 Ει
2751 1063 2863 1103 non
2894 1048 3071 1103 dixit:
3107 1046 3351 1118 Sepelite
3372 1060 3502 1101 cor-

1904 1145 2011 1207 p'us
2062 1154 2248 1195 meum
2277 1156 2291 1194 :
2326 1139 2661 1212 adiecitque,
2704 1158 2723 1191 ‹
2754 1138 2837 1195 Ibi
2871 1140 3217 1210 sepelierunt
3246 1137 3502 1192 Abraha-

1904 1244 2057 1309 mum
2101 1239 2159 1286 et
2202 1230 2395 1288 Saram
2440 1248 2674 1288 uxorem
2721 1234 2845 1304 ejus
2880 1251 2893 1287 :
2924 1241 2982 1287 et
3032 1231 3109 1287 ibi
3160 1230 3505 1301 sepelierunt

1902 1321 2152 1378 lsaacum
2192 1330 2249 1379 et
2282 1323 2593 1380 Rebeccam
2624 1340 2857 1381 uxorem
2890 1326 3013 1397 ejus
3042 1342 3055 1379 :
3086 1333 3142 1378 et
3166 1323 3245 1378 ibi
3266 1321 3503 1391 sepelie-

1905 1422 2040 1470 runt
2080 1414 2236 1470 Liam
2268 1416 2356 1483 ⁸³;
2399 1436 2418 1469 ι
2467 1425 2525 1474 et
2551 1432 2662 1472 non
2704 1414 2847 1472 dixit
2882 1430 3117 1487 corpora
3156 1415 3403 1482 illorum.
3431 1411 3505 1466 Et

1903 1522 2039 1562 vero
2075 1507 2306 1563 nomina
2341 1510 2659 1565 communia
2694 1518 2825 1565 sunt
2867 1494 3167 1579 corporum
3201 1514 3257 1561 et
3285 1503 3502 1560 anima-

1906 1615 2029 1654 rum
2059 1618 2072 1653 :
2106 1607 2349 1656 attamen
2376 1602 2495 1657 sola
2511 1614 2747 1673 corpora
2764 1593 3159 1657 communibus
3178 1596 3508 1654 nominibus

1904 1693 2226 1763 appellavit.
2264 1691 2357 1749 Sic
2383 1703 2441 1749 et
2472 1709 2575 1749 nos
2594 1709 2843 1764 persaepe
2869 1699 3190 1749 sanctorum
3219 1688 3502 1760 apostolo—

1905 1800 2032 1839 rum
2062 1792 2120 1839 et
2155 1794 2466 1855 martyrum
2508 1786 2711 1855 templa
2738 1799 3148 1855 nuncupamus,
3194 1790 3361 1853 atque
3392 1780 3503 1834 hoc

155 1872 377 1927 νυσίου
405 1873 587 1945 τυχὸν,
617 1873 711 1928 τὸν
746 1874 805 1928 δὲ
833 1874 1142 1938 Ἰονλιανοῦ,
1173 1875 1206 1943 ἢ
1238 1876 1470 1946 Κοσμᾶο
1503 1875 1684 1929 καίτοι
1716 1875 1785 1927 εί-

1898 1871 2147 1945 Dionysii
2178 1872 2434 1943 fortasse,
2468 1873 2607 1929 illud
2632 1873 2864 1940 Juliani,
2885 1874 2973 1929 vel
2995 1872 3209 1929 Cosmaa
3237 1870 3499 1931 dicimus,

153 1967 361 2033 δότες,
398 1965 475 2029 ὡς
508 1965 681 2038 μικρὰ
717 1966 979 2031 πολλάκις
1016 1965 1244 2038 λείψανα
1278 1967 1549 2038 σωμάτων
1586 1969 1646 2021 ἐν
1670 1967 1785 2021 τού-

1900 1967 2122 2023 tametsi
2168 1981 2281 2021 non
2309 1968 2631 2039 ignoremus
2665 1967 2897 2038 exiguas
2936 1966 3277 2037 plerumque
3305 1977 3503 2032 corpo—

98 2091 121 2100 π
155 2073 299 2121 τοις
333 2058 710 2123 κατάκεινται,
753 2057 811 2109 at
850 2057 908 2111 δὲ
947 2057 1123 2127 ψυχαὶ
1142 2059 1201 2111 έν
1233 2056 1533 2126 θειοτέροις
1568 2057 1785 2129 χωρίοις

1898 2074 2024 2113 rum
2052 2056 2322 2127 reliquias
2352 2056 2409 2111 in
2436 2056 2527 2112 bis
2552 2072 2701 2122 esse,
2727 2056 2943 2111 animas
2967 2068 3103 2111 vero
3128 2052 3504 2108 divinioribus

153 2148 636 2205 διαναπαύονται.
668 2151 794 2205 Κάν
814 2151 883 2219 τῇ
917 2152 1072 2220 κοινῇ
1095 2149 1153 2203 δὲ
1184 2151 1381 2220 χρήσει
1402 2150 1561 2204 τοῦτο
1590 2151 1651 2203 τὸ
1671 2149 1785 2211 ἔθος

1896 2149 1954 2205 in
1986 2149 2129 2205 locis
2157 2150 2533 2219 requiescere.
2570 2147 2715 2215 Quin
2743 2156 2813 2206 et
2842 2148 2901 2202 in
2944 2144 3229 2202 communi
3257 2159 3362 2199 usu
3390 2142 3501 2198 hoc

158 2241 333 2293 [att-2
362 2240 562 2311 εὑρεῖν.
608 2241 667 2295 '0
701 2240 847 2295 δεῖνα
875 2242 1005 2313 γὰρ,
1047 2241 1249 2311 φαμὲν,
1286 2240 1548 2309 ἀπέθανε,
1580 2242 1676 2295 καὶ
1726 2242 1785 2295 Ὀ

1901 2240 2270 2299 animadverti
2307 2240 2467 2295 solet.
2492 2240 2743 2295 Dicimus
2770 2239 2919 2294 enim
2944 2256 2959 2293 :
2999 2239 3095 2294 ille
3127 2237 3291 2297 obiit.
3319 2244 3377 2291 et
3401 2236 3501 2291 llle

154 2332 331 2385 δεῖνα
369 2333 429 2386 ὲν
463 2332 602 2402 τῷδε
638 2334 961 2386 κατάκειται
1004 2333 1116 2404 (ιο)
1166 2333 1246 2404 τῷ
1276 2334 1445 2404 τόπῳ·
1482 2334 1576 2387 καὶ
1617 2332 1785 2387 ταῦτα

1897 2332 1952 2387 in
1990 2333 2098 2388 hoc
2120 2332 2244 2387 loco
2266 2331 2409 2386 situs
2432 2338 2540 2396 est,
2571 2330 2679 2386 etsi
2704 2330 3057 2400 exploratum
3084 2328 3355 2383 habemus
3379 2325 3502 2380 ani-

160 2421 386 2486 εἰδότες
417 2422 493 2486 ὡς
519 2423 787 2487 ἀθάνατος
817 2426 850 2495 ἡ
874 2426 1043 2495 ψυχὴ,
1081 2427 1176 2479 καὶ
1201 2426 1279 2489 ὡς
1322 2428 1383 2480 οὐ
1421 2429 1670 2480 κοινωνεῖ
1692 2426 1785 2479 τοῦ

1894 2442 2041 2483 mam
2072 2442 2196 2482 esse
2229 2426 2628 2489 immortalem,
2661 2439 2765 2481 nec
2806 2424 3021 2479 tumulo
3050 2422 3303 2493 corporis
3326 2420 3502 2491 parti-

160 677 366 746 μόνον
388 676 597 748 ἠξιὼοη
624 678 828 747 ταφῆς.
859 679 893 747 ή
922 678 979 733 δέ
1007 679 1155 753 ψυχὴ
1180 680 1241 733 οὐ
1275 680 1549 750 συνετάφη
1589 678 1668 750 τῷ
1698 678 1798 733 σώο

160 783 355 835 past,
393 767 509 822 ἀλλ’
540 768 694 838 ὅμως
731 766 827 821 τοῦ
864 769 1047 823 κοινοῦ
1083 770 1351 841 ὀνόματος
1400 768 1494 822 καὶ
1545 768 1708 839 μόνον
1733 768 1797 821 τὸ

156 858 363 928 σῶμα
395 859 714 931 μετέλαχεν.
742 860 930 926 Οὕτως
957 863 987 915 ό
1016 863 1287 934 μακάριος
1329 860 1526 915 Ἰακὼϐ
1548 863 1662 924 τοῖς
1685 860 1798 914 υίέ-

156 967 274 1004 σιν
297 951 481 1020 ἔλεγευ
514 971 533 1002 ι
563 951 776 1021 Θάψετέ
805 969 873 1023 με
902 953 1171 1025 μετὰτῶν
1199 953 1454 1024 πατέρων
1484 970 1609 1025 μου·
1644 974 1663 1007 ι
1702 952 1797 1008 καὶ

151 1044 290 1095 οὐκ
313 1038 462 1095 εἴπεο
491 1041 704 1113 Θάψετέ
724 1062 828 1115 μου
858 1045 920 1098 τὸ
951 1046 1131 1117 σῶμω
1156 1046 1252 1100 καὶ
1277 1046 1579 1117 ἐπήγαγεν·
1606 1065 1626 1097 ι
1650 1046 1798 1099 Ἐκεῖ

154 1134 403 1204 ιθαψαν
434 1135 689 1208 Ἁϐραάμ
714 1140 811 1191 καὶ
840 1138 1059 1211 Σάρραν
1087 1138 1187 1210 τὴν
1219 1142 1458 1207 γυναῖκα
1482 1140 1671 1195 αὑτοῦ·
1700 1141 1795 1194 καὶ

153 1231 311 1283 ἐκεῖ
338 1228 551 1299 ἔθαψαν
591 1230 798 1295 Ἰσαάκ,
832 1232 929 1285 καὶ
971 1231 1271 1287 ’Ῥεϐέκκαν
1297 1232 1398 1305 τὴν
1432 1236 1671 1303 γυναῖκα
1696 1234 1797 1287 αὐ-

152 1320 303 1376 τοῦ’
338 1322 433 1375 καὶ
465 1324 584 1376 ἐκεῖ
610 1322 818 1393 ἔθαψαν
852 1325 949 1395 τὴν
983 1324 1167 1377 Λείανο
1209 1344 1227 1376 ι
1264 1326 1356 1379 καὶ
1389 1327 1490 1379 οὐκ
1527 1321 1648 1379 εἷπε
1679 1342 1691 1355 ·
1713 1326 1794 1379 Τὰ

151 1415 420 1468 ἐκείνων
446 1414 696 1485 σώματα.
746 1417 856 1469 Καὶ
892 1416 998 1487 μὴν
1039 1417 1109 1470 τὰ
1144 1418 1387 1488 ὀνόματα
1412 1419 1567 1472 κοινὰ
1603 1419 1793 1488 σωμά-

150 1522 294 1558 των
326 1506 447 1560 ἐστὶ
480 1508 577 1561 καὶ
610 1507 820 1577 ψυχῶν·
852 1507 967 1560 ἀλλ’
992 1508 1141 1577 ὅμως
1168 1508 1263 1561 καὶ
1298 1509 1437 1579 μόνα
1464 1509 1531 1563 τά
1562 1506 1795 1580 σώματα

151 1600 245 1651 ἐκ
273 1598 391 1651 τῶν
430 1599 628 1653 κοινῶν
664 1599 948 1669 ὀνομάτων
988 1599 1267 1655 ἐκάλεσεν.
1302 1600 1461 1654 Οὕτω
1494 1602 1589 1655 καὶ
1632 1603 1793 1671 ἡμεῖς

152 1689 453 1753 πολλάκις
489 1692 618 1754 τοὺς
654 1689 764 1745 τῶν
786 1691 974 1757 ’ἁγίων
1012 1690 1330 1744 ἀποστόλων
1364 1691 1459 1744 καὶ
1496 1689 1794 1760 προφητῶν

154 1781 282 1835 καὶ
323 1782 618 1853 μαρτύρων
646 1784 848 1853 σηκοὺς
874 1783 1240 1853 ὀνομάζομεν,
1278 1783 1492 1837 καὶτὸν
1535 1782 1635 1854 μὲν
1673 1784 1794 1837 Διο-

156 2511 356 2581 τάφου
385 2513 463 2582 τῷ
490 2514 727 2583 σώματι.
767 2515 924 2569 Οὕτω
948 2518 1041 2570 καὶ
1065 2520 1093 2571 ό
1122 2518 1354 2585 ἄγγελος
1381 2517 1508 2589 ἔφη·
1542 2538 1559 2569 ι
1596 2517 1784 2583 Δεῦτε,

161 2603 411 2675 βλέπετε
458 2606 551 2659 τὸν
607 2607 770 2660 τόπον
802 2608 937 2661 ὅπου
983 2606 1161 2662 ἔκειτο
1189 2611 1217 2662 ὀ
1247 2609 1451 2680 Κύριος
1484 2624 1496 2637 ·
1548 2629 1565 2660 ι
1602 2610 1663 2662 οὐ
1690 2610 1787 2679 τὴν

161 2696 415 2765 Oed-tnta
450 2698 807 2767 περικλείσας
849 2699 928 2768 τῷ
964 2699 1142 2771 τάφῳ,
1177 2700 1315 2753 ἀλλὰ
1359 2700 1451 2753 τοῦ
1481 2701 1688 2772 Κυρίου
1727 2702 1791 2756 τὸ

166 2787 343 2859 σῶμα
382 2788 461 2859 τῷ
482 2789 578 2842 τοῦ
612 2790 820 2859 Κυρίου
847 2791 1303 2863 προσαγορεύσας
1338 2792 1585 2862 ὀνόματι.

248 2881 377 2943 Ὀτι
405 2880 466 2934 δὲ
487 2880 581 2934 καὶ
608 2883 723 2943 τοῖς
750 2881 927 2949 ἁγίοις
955 2882 1199 2955 Πατράσι
1225 2882 1397 2937 ταῦτα
1429 2884 1595 2943 δοκεῖ.
1620 2884 1787 2937 ἀκου-

170 2972 436 3027 σάτωσαν
474 2972 798 3027 ’Δθανασίου
841 2972 938 3027 τοῦ
976 2976 1340 3047 πανευφήμου
1386 2976 1488 3044 τῆς
1535 2975 1785 3043 Ἀλεξαν-

161 3063 365 3132 δρείας
394 3062 857 3137 ἀρχιεπισκόπου,
887 3066 948 3129 ὃς
966 3067 1034 3120 δι’
1065 3066 1358 3137 ὁμολογίας
1386 3068 1487 3139 τὴν
1508 3068 1782 3140 ἀρχιερω-

164 3154 347 3226 σύνην
375 3156 651 3226 ἐκόσμησε
672 3194 686 3219 ,
721 3156 974 3226 βοῶντος·
1012 3176 1030 3208 ι
1060 3158 1183 3228 Ζωὴ
1215 3150 1508 3213 ἀποθανεῖν
1535 3159 1597 3211 οὖ
1624 3159 1784 3213 δύνα-
1811 3196 1856 3253 C

163 3265 289 3310 ται,
326 3249 529 3317 μᾶλλον
572 3248 630 3302 δὲ
665 3250 914 3313 καὶτοὺς
950 3252 1179 3323 νεκροὺς
1213 3251 1489 3314 ζωοποιεῖ.
1524 3272 1543 3303 ι
1581 3254 1775 3306 Ἀκου-

169 3340 428 3394 σάτωσαν
476 3342 573 3395 καὶ
604 3340 703 3395 τοῦ
740 3342 1183 3414 πολυθρυλλήτου
1224 3344 1505 3413 Δαμάσου,
1540 3344 1637 3398 τοῦ
1683 3349 1781 3417 τῆς

179 3431 407 3503 Ῥώμης
438 3433 759 3493 ἐπισκόπου.
802 3433 1057 3505 βοῶντος·
1092 3455 1136 3487 ι.
1158 3437 1225 3489 Εἴ
1257 3454 1337 3499 τις
1385 3437 1551 3499 εἴποι,
1598 3438 1679 3490 ὅτι
1724 3441 1783 3491 ὲν

167 3524 257 3595 τῷ
293 3525 515 3597 σταυρῷ
553 3527 716 3579 πόνον
747 3527 1046 3598 ὑπέμεινεν
1090 3534 1123 3599 η
1168 3528 1384 3600 θεότης,
1433 3530 1528 3582 καὶ
1567 3529 1689 3600 οὐχὶ
1720 3532 1781 3583 τὸ

172 3617 338 3687 σῶμα
371 3617 511 3688 μετὰ
537 3618 638 3690 τῆς
665 3620 867 3690 ψυχῆς,
909 3622 943 3690 ἡ
975 3620 1069 3673 τοῦ
1108 3619 1297 3673 δούλου
1332 3619 1537 3693 μορφὴ.
1578 3622 1645 3692 ἢν
1687 3639 1777 3675 τε-

167 3709 324 3763 λείαν
368 3708 652 3775 ἀνέλαδεν,
685 3709 939 3779 ἀνάθεμα
974 3710 1137 3764 ἔστω.
1172 3729 1190 3761 ι
1223 3710 1645 3764 ’Δκουσάτωσαν
1682 3712 1778 3764 καὶ

174 3801 271 3857 τοῦ
302 3803 609 3870 άγιωτάτου
641 3804 735 3857 καὶ
766 3804 1070 3858 ὀσιωτάτου
1102 3807 1204 3875 τῆς
1238 3804 1529 3873 Ῥωμαίων
1552 3806 1778 3859 ἐπισκό-

174 3913 279 3949 που
294 3893 385 3948 τοῦ
416 3896 609 3964 κυρίου
635 3896 889 3959 Λέοντος,
916 3895 1013 3949 νῦν
1042 3895 1407 3966 γεγραφότος
1442 3916 1462 3948 ι
1492 3896 1613 3949 Ὅτι
1640 3895 1778 3949 επα-

174 3985 269 4037 θεν
299 3985 327 4036 ό
347 3984 474 4047 Υἱὸς
497 3984 592 4036 τοῦ
626 3983 785 4049 Θεοῦ,
811 3985 887 4050 ὡς
917 3985 1111 4039 παθεῖν
1136 3985 1393 4055 ἠδύνατο,
1420 3988 1482 4039 οὐ
1505 3986 1648 4045 κατὰ
1678 3987 1777 4058 τὴν

172 4076 450 4131 λασοῦσαν
480 4077 667 4146 φύσιν,
704 4078 843 4131 ἀλλὰ
884 4079 1027 4133 κατὰ
1064 4079 1163 4150 τὴν
1210 4078 1528 4149 ληφθεῖσαν.
1570 4081 1634 4133 Ἥ
1666 4081 1777 4153 γὰρ

175 4168 390 4241 ἀπαθὴς
421 4168 587 4238 φύσις
614 4170 677 4225 τὸ
702 4172 948 4242 παθητὸν
965 4172 1126 4225 ἔλαϐε
1150 4173 1332 4243 σῶμα,
1357 4173 1452 4227 καὶ
1474 4174 1606 4227 αὐτὸ
1637 4191 1777 4245 παρ-

177 4260 374 4317 έδωκεν
404 4261 546 4331 ὑπὲρ
573 4259 754 4331 ἡμῶν,
781 4262 867 4313 ἵνα
890 4262 991 4333 τὴν
1022 4264 1305 4335 ἡμετέραν
1336 4264 1643 4335 ἐργάσηται
1676 4282 1786 4317 σω-

179 4354 393 4425 τηρίαν.
442 4355 536 4407 καὶ
569 4352 672 4423 τὴν
718 4353 928 4407 οἰκείαν
973 4355 1137 4423 φύσιν
1178 4357 1448 4425 ἐφύλαξεν
1504 4357 1713 4426 ἀπαθῆ.
1749 4376 1766 4407 ι

180 4447 290 4500 Καὶ
316 4444 499 4501 πάλιν·
538 4467 557 4498 ‹
589 4448 665 4500 Οὐ
707 4446 817 4517 γὰρ
839 4442 1005 4517 ἦλθεν
1032 4450 1119 4503 ἴνα
1156 4450 1256 4520 τὴν
1288 4452 1498 4504 οἰκείαν
1528 4452 1770 4522 ἀπολέσῃ

1894 2520 2102 2589 cipare.
2133 2519 2216 2574 Ita
2244 2528 2302 2574 et
2323 2520 2555 2590 angelus
2581 2517 2723 2573 dixit
2749 2536 2763 2571 :
2799 2536 2817 2568 ι
2849 2518 3068 2581 Venite,
3094 2515 3282 2582 videte
3312 2515 3498 2569 locum

1894 2612 1989 2666 ubi
2023 2611 2239 2681 positus
2265 2620 2389 2666 erat
2417 2611 2710 2674 Dominus,
2743 2629 2761 2661 ι
2794 2626 2906 2665 non
2935 2609 3289 2664 divinitatem
3321 2606 3501 2661 inclu-

1894 2702 2034 2757 dens
2058 2702 2295 2769 tumulo,
2323 2702 2421 2759 sed
2444 2702 2667 2759 Domini
2700 2701 2917 2776 [253
2941 2716 3144 2773 corpus
3175 2701 3283 2755 hoc
3308 2698 3497 2769 appel-
3526 2731 3529 2736 ε

1892 2791 2023 2846 lans
2040 2791 2290 2848 nomine.

1960 2882 2118 2950 Quod
2148 2898 2283 2938 vero
2314 2887 2518 2939 sanctis
2550 2899 2773 2955 quoque
2809 2885 3072 2941 Patribus
3116 2883 3235 2939 haec
3273 2883 3346 2937 ita
3374 2882 3496 2936 visa

1889 2974 2021 3041 sint,
2068 2974 2296 3030 audiant
2346 2974 2709 3030 Athanasium
2757 2973 3106 3030 Alexandriae
3161 2972 3493 3027 laudatissi-

1890 3083 2042 3122 mum
2074 3068 2419 3139 episcopum,
2466 3068 2563 3139 qui
2613 3077 2671 3124 et
2709 3065 3093 3138 pontificatum
3138 3064 3491 3121 confessione

1889 3175 1987 3215 sua
2011 3160 2322 3225 exornavit,
2361 3160 2689 3215 clamantem
2722 3177 2735 3212 :
2771 3179 2788 3210 ι
2817 3158 2942 3213 Vita
2974 3156 3119 3212 mori
3143 3171 3255 3211 non
3284 3160 3491 3225 potest,

1890 3252 2004 3306 imo
2032 3266 2167 3307 vero
2195 3260 2444 3307 mortuos
2474 3250 2740 3307 viviﬁcat.
2768 3256 2787 3301 ι
2832 3250 3077 3329 Audiant
3109 3256 3167 3304 et
3189 3246 3490 3303 celeberri—

1889 3361 2039 3400 mum
2070 3345 2366 3401 Damasum
2404 3343 2727 3414 episcopum
2764 3344 2951 3399 Roma:
2986 3342 3352 3397 clamantem:
3381 3359 3398 3390 ι
3432 3340 3488 3395 Si
3589 3409 3595 3415 _

1886 3440 2014 3509 quis
2057 3439 2290 3505 dixerit,
2350 3437 2499 3509 quod
2546 3439 2601 3493 in
2653 3452 2819 3492 cruce
2881 3450 3102 3507 paenam
3160 3433 3492 3489 sustinuerit

1886 3531 2179 3597 divinitas,
2204 3540 2262 3587 et
2294 3546 2403 3585 non
2448 3546 2653 3600 corpus
2686 3544 2813 3585 cum
2849 3528 3054 3591 anima,
3083 3541 3207 3595 quae
3228 3533 3312 3579 est
3340 3522 3487 3578 servi

1884 3623 2082 3689 forma,
2105 3639 2269 3693 quam
2292 3624 2599 3693 perfectam
2620 3621 2945 3691 assumpsit,
2972 3618 3265 3673 anathema
3296 3616 3448 3670 sit“.
3465 3635 3482 3665 ι

1884 3713 2130 3768 Audiant
2188 3721 2247 3767 et
2300 3714 2715 3769 sanctissimum
2752 3727 2817 3765 ac
2868 3708 3347 3781 religiosissimum
3378 3706 3489 3760 Ro-

1885 3821 2174 3861 manorum
2202 3805 2549 3874 episcopum,
2568 3801 2871 3857 dominum
2897 3801 3160 3863 Leonem,
3181 3813 3332 3852 nunc
3350 3797 3491 3851 scri-

1884 3897 2109 3952 bentem
2140 3914 2152 3948 :
2191 3915 2209 3946 ‹
2245 3894 2403 3961 Quod
2449 3909 2647 3966 passus
2697 3892 2771 3947 sit
2826 3891 2924 3945 Dei
2954 3890 3148 3953 Filius,
3184 3889 3329 3943 sicut
3369 3886 3482 3956 pati

1864 3994 2127 4059 poterat,
2147 4002 2257 4041 non
2281 3985 2590 4041 secundum
2616 3992 2873 4040 naturam
2896 3998 3019 4053 qua-
3042 3980 3364 4051 assumpsit,
3386 3976 3483 4033 sed

1885 4080 2193 4136 secundum
2210 4095 2332 4134 eam
2357 4094 2480 4150 qua:
2497 4085 2776 4147 assumpta
2806 4084 2910 4130 est.
2942 4070 3306 4143 Impassibilis
3333 4070 3484 4125 enim

1884 4181 2083 4229 natura
2102 4173 2363 4243 passibile
2395 4188 2597 4243 corpus
2623 4169 2942 4240 assumpsit,
2969 4177 3026 4223 et
3048 4166 3281 4222 tradidit
3304 4164 3484 4234 ipsum

1886 4282 1988 4339 pro
2018 4266 2199 4332 nobis,
2236 4274 2295 4321 ut
2328 4274 2573 4320 nostram
2610 4271 2939 4335 operaretur
2963 4260 3218 4323 salutem,
3265 4265 3322 4313 et
3356 4270 3487 4327 pro—

1882 4360 2060 4429 priam
2091 4368 2346 4413 naturam
2369 4361 2387 4378 '
2410 4356 2636 4412 illzesam
2662 4355 2965 4411 custodivit
2991 4354 3061 4405 ⁸⁸.
3098 4371 3115 4403 ι
3148 4352 3217 4405 Ει
3241 4350 3443 4405 iterum
3466 4385 3480 4400 .

1891 4471 1910 4503 ι
1947 4453 2067 4507 Non
2107 4452 2256 4506 enim
2287 4451 2441 4505 venit
2484 4460 2544 4504 ut
2586 4436 3173 4519 propriam‘amitteret
3202 4452 3478 4502 naturam,

182 4535 357 4605 φύσιν,
384 4536 499 4589 ἀλλ’
536 4536 625 4590 ἵνα
657 4537 755 4608 τὴν
785 4539 1063 4611 ἡμετέραν
1086 4536 1259 4612 σώσῃ.
1291 4560 1310 4591 ι
1347 4540 1409 4594 Εἰ
1437 4543 1616 4595 τοίνυν
1642 4560 1773 4595 κατ-

1890 4544 1977 4599 sed
2013 4554 2075 4598 ut
2123 4553 2372 4597 nostram
2415 4550 2666 4595 servaret
2688 4541 2755 4591 “.
2795 4557 2812 4590 ι
2845 4536 3218 4605 Quamobrem
3276 4534 3321 4587 si
3377 4548 3479 4587 nos

178 4629 465 4703 ηγοροῦσιν
497 4630 657 4703 ἡμῶν
691 4632 1016 4703 εἰρηκότων,
1058 4635 1140 4687 ὅτι
1193 4635 1295 4687 ὅσα
1330 4635 1579 4705 βούλεται
1616 4636 1775 4688 δύνα-

183 4740 267 4779 ται
298 4725 325 4778 ό
355 4724 511 4791 θεὸς,
555 4723 810 4795 βούλεται
842 4725 899 4778 δὲ
942 4726 1011 4780 τὰ
1038 4730 1103 4797 τῇ
1134 4725 1300 4781 αὑτοῦ
1342 4728 1501 4797 φύσει
1531 4727 1774 4796 πρέπον-

182 4834 267 4881 τα,
291 4815 357 4869 τὰ
393 4816 452 4870 δὲ
490 4817 566 4890 μὴ
602 4817 886 4886 πρέποντα
924 4816 1049 4871 οὔτε
1073 4817 1345 4889 βούλεται.
1382 4820 1504 4873 οὒτε
1525 4820 1770 4873 δύναται’

182 4906 655 4979 κατηγορείτωσαν
681 4909 777 4960 καὶ
798 4907 966 4961 τῶνδε
991 4908 1100 4961 τῶν
1127 4910 1322 4977 ἁγίων,
1351 4912 1445 4963 καὶ
1470 4909 1576 4961 τῶν
1599 4894 1775 4963 ἄλλων

186 4997 451 5062 ἁπάντων,
479 4998 595 5051 ὅσοι
641 4998 821 5051 ταῦτα
851 4990 1240 5071 πρεσϐεύουσι.
1271 5002 1771 5072 Κατηγορείτωσαν

187 5089 273 5157 καὶ
290 5090 380 5143 τοῦ
419 5090 748 5159 ’Δποστόλου
779 5091 1038 5162 βοῶντοςο
1080 5112 1098 5140 σ
1136 5093 1253 5145 Ἵνα
1282 5092 1368 5145 διὰ
1397 5092 1773 5165 δύυηπραγμά-

186 5197 287 5235 τισιν
318 5182 692 5253 ἀμεταθέτων,
754 5185 812 5235 ὲν
861 5178 945 5247 οἷς
998 5184 1263 5237 ἀδύνατον
1325 5185 1629 5255 ψεύσασθαι
1681 5185 1772 5237 τὸν

188 5272 326 5329 Θεόν.
365 5296 385 5326 ι
418 5275 530 5330 Καὶ
567 5275 751 5330 πάλιν·
787 5296 805 5327 ι
837 5277 899 5329 Εἰ
931 5277 1292 5347 ἀπιστοῦμεν,
1317 5278 1527 5340 ἐκεῖνος
1580 5276 1773 5339 πιστὸς

194 5364 349 5439 μένει,
391 5367 736 5439 ἀρνήσασθαι
767 5368 959 5420 ἑαυτὸν
989 5368 1049 5420 οὐ
1081 5367 1328 5421 δύναται.
1366 5389 1384 5418 ι

257 5539 293 5573 “¹
323 5542 445 5596 Act.
476 5557 593 5603 vm,
626 5543 682 5597 ‘2.
760 5543 806 5574 ⁸³
842 5541 979 5597 Gen.
1009 5559 1154 5605 mx,
1187 5540 1275 5595 29.
1353 5542 1400 5572 ⁸³
1441 5542 1577 5596 ibid.
1610 5539 1698 5603 50,
1731 5540 1819 5595 51.

1875 4642 2137 4689 accusant
2180 4631 2328 4703 quod
2369 4631 2705 4697 dixerimus,
2742 4632 2915 4685 Deum
2950 4643 3110 4699 posse
3138 4628 3322 4681 omnia
3358 4640 3477 4693 qua:

1874 4728 2014 4793 vult,
2052 4727 2195 4781 velle
2247 4734 2430 4779 autem
2464 4741 2588 4795 quae
2632 4725 2807 4795 ipsius
2866 4733 3077 4777 natura:
3119 4718 3476 4780 conveniunt,

1875 4834 1999 4889 qua:
2025 4833 2159 4871 vero
2208 4832 2318 4871 non
2358 4816 2722 4881 conveniunt,
2772 4830 2838 4870 ea
2884 4828 3066 4883 neque
3102 4812 3246 4866 velle
3295 4822 3477 4877 neque

1874 4924 2060 4980 posse,
2114 4914 2378 4962 accusent
2420 4906 2587 4960 etiam
2620 4906 2723 4961 hos
2766 4906 2979 4967 Patres,
3012 4910 3069 4955 et
3100 4901 3238 4955 alios
3284 4912 3479 4952 omnes

1875 5000 1969 5070 qui
2024 4999 2217 5055 eadem
2267 4997 2873 5052 aibrmanLAccusent
2918 5004 2973 5049 et
3002 4992 3325 5062 Apostolum
3360 4988 3476 5043 cla-

1874 5098 2118 5146 mantem
2148 5108 2161 5143 :
2196 5111 2212 5140 ι
2239 5090 2309 5146 Ut
2339 5106 2435 5159 per
2475 5089 2613 5144 duas
2655 5104 2745 5142 res
2790 5085 3124 5145 immobiles,
3176 5082 3229 5135 in
3271 5078 3479 5149 quibus

1874 5181 2217 5253 impossibile
2252 5190 2337 5235 est
2375 5180 2601 5235 mentiri
2635 5181 2809 5234 Deum
2838 5179 2905 5232 ⁸⁷.
2941 5200 2958 5228 ι
2996 5178 3063 5231 Et
3103 5176 3345 5229 iterum:
3378 5190 3395 5223 ι
3418 5169 3476 5225 Si

1874 5290 1985 5329 non
2024 5272 2328 5337 credimus,
2378 5272 2471 5326 ille
2527 5270 2705 5327 fidelis
2752 5278 3063 5340 permanet,
3126 5277 3333 5335 negare
3389 5276 3493 5318 se»

1876 5367 2057 5436 ipsum
2088 5379 2199 5418 non
2234 5373 2415 5433 potest
2438 5364 2505 5416 ⁸⁸.
2547 5382 2564 5413 ι

1898 5540 1943 5571 ⁸⁸
1968 5540 2211 5604 Damas.,
2247 5539 2418 5609 Epist.
2454 5538 2524 5591 ad
2545 5536 2861 5595 Paulinum.
2938 5533 2984 5565 ⁸⁸
3011 5533 3167 5593 Leo..
3202 5531 3377 5598 Epist.
3403 5528 3479 5587 ad

191 5603 513 5667 Flavianum.
592 5612 639 5644 “
681 5613 816 5668 ibid.
897 5613 941 5644 ⁸⁷
984 5603 1151 5668 Hebr.
1185 5628 1261 5676 vt,
1294 5612 1380 5667 18.
1458 5610 1504 5643 ³³
1541 5613 1584 5666 ll
1618 5611 1761 5665 Tim.
1796 5627 1854 5674 ιι,
1889 5612 1977 5665 15.

249 5762 360 5844 ,(ιῡ)
392 5766 656 5846 κατεθέτη
683 5767 873 5837 (scrib.
909 5768 1199 5846 κατετέθη)
1230 5768 1399 5839 Neap.
1431 5769 1662 5846 Vulgata
1696 5768 1772 5821 lc-

201 5840 293 5892 ctio
338 5840 507 5909 magis
550 5847 917 5894 consentanea
958 5848 1041 5894 est
1087 5840 1150 5896 iis
1208 5856 1329 5909 qua!
1366 5844 1677 5908 sequuntur
1734 5854 1763 5892 c

1883 5766 2161 5829 Matthmo,
2198 5768 2440 5836 itemque
2496 5766 2744 5836 epistolm
2768 5765 2889 5821 130.
2927 5764 3084 5830 cujus
3135 5775 3260 5817 cum
3302 5761 3473 5816 altera

1877 5848 2031 5907 parte
2067 5837 2181 5892 fere
2222 5836 2289 5891 ad
2321 5835 2550 5892 verbum
2578 5835 2854 5891 consentit
2885 5845 3094 5890 nostra.
