4086 6326
177 375 352 440 15277

1517 364 1885 425 EPISTOLA
1925 364 2139 424 CXLV.

3383 361 3520 425 i378

174 486 368 548 υἱούς
395 503 409 546 ;
436 479 499 535 Εἰ
533 483 631 553 μὲν
662 484 770 552 γὰρ
801 482 910 535 τῶν
939 481 1217 549 σιγώντων
1247 476 1410 551 ἦμεν,
1437 481 1594 548 ἱσχεν
1613 478 1678 530 ἂν
1710 476 1806 545 χώε

1924 475 2068 528 illius
2103 475 2243 529 duos
2267 475 2574 529 affirmare?
2607 474 2662 528 Si
2705 476 2854 529 enim
2895 477 3195 530 tacentium
3229 490 3260 528 e
3283 491 3520 528 numero

169 588 318 640 ραν
368 575 496 637 ἴσως
532 577 564 645 ὴ
598 575 824 642 ὑποψία.
870 572 1088 641 Ἐπειδὴ
1132 573 1187 625 δὲ
1235 572 1396 643 ἔργον
1433 569 1653 638 εἴχομεν
1683 568 1808 628 τοὺς

167 665 359 736 ὑπὲρ
397 666 503 718 τῶν
549 666 919 719 άποστολικῶν
955 666 1242 734 δογμάτων
1286 664 1530 730 ἀγῶνας,
1570 664 1662 714 καὶ
1697 664 1809 723 τοῖς

169 757 308 810 τοῦ
341 758 542 827 Κυρίου
579 760 850 826 ποιμνίοις
885 759 984 826 τὴν
1012 756 1399 825 διδασκαλικὴν
1422 754 1810 823 προσφέρομεν

171 848 378 910 πόαν,
437 850 531 900 καὶ
589 848 725 917 πρὸς
767 846 976 910 τούτοις
1024 847 1186 899 πέντε
1234 846 1328 899 καὶ
1358 847 1656 915 τριάκοντα
1687 863 1810 897 συν·-

169 937 538 1007 εγράῲαμεν
566 937 802 1007 βίϐλους,
831 941 930 1008 τήν
954 953 1015 989 τε
1041 938 1191 991 θείαν
1219 938 1444 1008 Γραφὴν
1475 937 1811 1009 ἑρμηνεύονο

163 1046 323 1091 τες,
374 1030 467 1082 καὶ
503 1029 564 1080 τὸ
594 1029 702 1080 τῶν
737 1030 1000 1099 αἱρέσεων
1043 1030 1413 1099 διελέγχοντες
1457 1029 1690 1098 ψεῦδοςο
1727 1030 1812 1081 εὑ.

173 1120 472 1188 ἐλεγκτος
491 1120 601 1189 ἄρα
633 1121 665 1188 ἡ
695 1123 846 1191 παρὰ
869 1121 1072 1174 τούτων
1107 1119 1426 1174 συντεθεῖσα
1462 1119 1807 1189 ψευδολογία.

175 1210 418 1263 Πολλαὶ
472 1212 570 1281 μὲν
631 1213 740 1281 γὰρ
791 1215 1078 1284 ἀκροατῶν
1133 1214 1398 1284 μυριάδες
1439 1214 1811 1284 μαρτυροῦσιν

172 1301 347 1369 ἡμῖν
373 1299 471 1370 τὴν
506 1300 616 1353 τῶν
633 1301 1307 1372 εὐαγγελικῶνδογμάτων
1341 1300 1812 1370 πεπρεσϐευκόσιν

169 1391 490 1463 ἀλήθειαν.
524 1394 818 1462 Πρόκειται
835 1393 894 1447 δὲ
919 1395 1012 1446 καὶ
1036 1383 1107 1446 τὰ
1128 1393 1538 1462 συγγράμματα
1561 1395 1671 1454 τοῖς
1689 1390 1814 1460 βου-

168 1480 454 1552 λομένοις
477 1485 560 1546 εἰς
590 1483 843 1554 βάσανον.
881 1485 956 1537 Οὐ
990 1484 1102 1553 γὰρ
1126 1485 1265 1554 ὑπὲρ
1291 1481 1479 1544 δυάδος
1509 1482 1662 1543 υίων,
1695 1479 1810 1533 ἀλλ’

169 1573 216 1624 ὖ
227 1574 352 1643 πὲρ
366 1572 462 1625 τοῦ
479 1573 803 1643 μονογενοῦς
816 1571 947 1627 Υίοῦ
963 1574 1058 1625 τοῦ
1075 1573 1233 1636 Θεοῦ,
1252 1573 1346 1626 καὶ
1367 1571 1502 1642 πρὸς
1516 1571 1807 1639 Ἕλληνας,

171 1670 301 1718 καὶ
345 1666 481 1735 προς
521 1654 835 1730 Ἰουδαίους,
887 1666 980 1718 καὶ
1010 1666 1145 1736 πρὸς
1171 1667 1296 1727 τοὺς
1330 1662 1430 1733 τὴν
1455 1665 1665 1736 ’Λρείου
1714 1664 1809 1715 καὶ

173 1756 476 1827 Εὐνομίαν
526 1757 680 1810 νόσον
729 1757 1168 1827 είσδεξαμένους,
1207 1756 1302 1807 καὶ
1347 1755 1484 1824 πρὸς
1538 1755 1663 1816 τοὺς
1709 1753 1808 1823 τὴν

1912 585 2184 634 essemus,
2250 573 2483 626 haberet
2539 572 2723 626 locum
2786 573 3023 627 fortasse
3074 573 3339 642 suspicio.
3377 576 3519 625 tium

1913 676 2046 716 vero
2071 662 2230 717 labor
2261 663 2352 717 hic
2373 672 2563 719 noster
2590 665 2778 732 fuerit,
2809 679 2911 735 pro
2942 665 3262 734 apostolicis
3293 665 3520 741 dogma-

1915 757 2066 810 tibus
2093 757 2404 823 decertare,
2442 759 2816 828 gregibusque
2857 759 3077 813 Domini
3109 758 3378 813 doctrina:
3423 775 3521 827 pa—

1913 847 2107 902 bulum
2150 851 2417 919 prtebere,
2454 851 2626 905 libros
2659 851 2852 904 adbrec
2885 851 3130 920 quinque
3176 859 3232 904 et
3288 852 3518 921 triginta

1913 941 2438 1011 conscripserimus,
2465 942 2666 1011 partim
2703 941 3046 1010 Scripturam
3081 941 3325 995 divinam
3348 956 3509 1010 expo-

1914 1041 2132 1094 nentes,
2181 1033 2384 1100 partim
2431 1032 2733 1090 baaresium
2787 1031 3087 1086 falsitatem
3139 1031 3515 1096 confutantes,

1913 1123 2064 1176 nullo
2110 1122 2332 1195 1m
2363 1125 2558 1193 utique
2588 1123 2812 1193 negotio
2858 1122 3090 1177 istorum
3127 1121 3398 1176 orationis
3423 1136 3521 1172 va-

1915 1215 2060 1269 nitas
2087 1216 2418 1270 revincitur.
2445 1215 2631 1270 Multa:
2652 1214 2929 1286 siquidem
2957 1213 3276 1267 auditorum
3311 1212 3517 1282 myria-

1915 1301 2014 1357 des
2040 1310 2212 1358 testes
2252 1311 2404 1369 sunt,
2448 1319 2552 1358 nos
2590 1302 3041 1372 evangelicorum
3081 1301 3400 1363 dogmatum
3425 1313 3522 1352 ve-

1915 1393 2136 1449 ritatem
2161 1394 2457 1450 tradidisse
2483 1411 2510 1446 ε·
2525 1402 2728 1464 ιιι-ωειο
2753 1402 2884 1448 sunt
2908 1400 2964 1447 et
2985 1391 3299 1460 conscripta
3321 1404 3515 1460 opera,

1914 1495 1976 1542 ut
1999 1489 2290 1559 explorent
2314 1489 2409 1560 qui
2439 1488 2634 1544 velint.
2665 1487 2788 1541 Non
2807 1486 2958 1540 enim
2990 1500 3092 1554 pro
3123 1482 3253 1537 ﬁliis
3273 1481 3515 1547 duobus,

1913 1582 2011 1637 sed
2046 1597 2148 1652 pro
2199 1582 2486 1654 unigenito
2519 1582 2618 1636 Dei
2659 1580 2822 1646 Filio,
2853 1588 2910 1634 et
2950 1586 3146 1634 contra
3185 1577 3425 1642 Graecos,
3462 1586 3522 1630 et

1912 1682 2108 1726 contra
2179 1673 2442 1739 Judaaos,
2499 1682 2556 1728 et
2611 1679 2807 1726 contra
2858 1671 2975 1725 Arii
3037 1678 3206 1739 atque
3257 1667 3518 1723 Eunomii

1913 1766 2110 1820 morbo
2153 1766 2492 1831 laborantes,
2546 1774 2604 1820 et
2649 1772 2846 1819 contra
2890 1779 2988 1818 eos
3047 1762 3142 1832 qui
3184 1758 3518 1831 Apollinarii

190 1849 598 1921 ’Λπολιναρίου
629 1849 1060 1921 φρενοϐλάϐειαν
1087 1847 1526 1917 ἀσπαζομένους,
1557 1843 1653 1900 κάι
1683 1847 1806 1913 μένα

1912 1859 2212 1912 amentiam
2260 1866 2566 1922 sectantur,
2619 1859 2706 1912 vel
2759 1857 2854 1926 qui
2903 1855 3200 1910 Marcionis
3231 1854 3358 1908 tabe
3397 1869 3524 1907 cor-

173 1957 286 1992 τοι
324 1941 418 1993 καὶ
448 1940 582 2011 πρὸς
604 1943 729 2003 τοὺς
759 1943 825 2010 τῇ
862 1940 1190 2011 Μαρκίωνος
1221 1937 1474 2006 σηπεδόνι
1501 1937 1805 2006 κατεχομέ-

173 2047 332 2093 νους
384 2021 782 2101 ἀγωνιζόμενοι
841 2030 1321 2098 διατετελέκαμεν,
1363 2028 1636 2096 Ἕλληνας
1705 2028 1803 2092 μὲν

176 2120 508 2184 πείθοντες,
547 2122 627 2174 ὅτι
656 2121 820 2184 αὐτός
849 2121 998 2173 ἐστιν
1032 2123 1059 2173 ὁ
1084 2119 1197 2173 τῶν
1229 2120 1489 2174 ἁπάντων
1520 2123 1804 2190 Δημιουρ-

177 2212 323 2280 γὺς,
358 2215 384 2264 ὁ
411 2213 505 2265 τοῦ
536 2214 622 2265 ἀεὶ
653 2214 811 2276 ὄντος
853 2213 990 2267 Θεοῦ
1018 2214 1288 2276 συνατδιος
1314 2213 1464 2275 Υἱόςο
1514 2212 1803 2276 Ἰουδαίους

177 2303 282 2368 δὲ,
326 2305 405 2356 ὅτι
455 2306 584 2374 περὶ
611 2304 777 2358 αὑτοῦ
805 2305 904 2369 τὰς
939 2305 1278 2376 προρρήσεις
1301 2307 1351 2357 οἱ
1388 2307 1667 2376 προφῆται
1703 2320 1805 2356 πε-

181 2395 464 2464 ποίηνται
487 2397 654 2458 (τοὺς
683 2395 739 2448 δὲ
775 2396 984 2467 Ἀρείου
1007 2399 1102 2449 καὶ
1119 2397 1386 2466 Εὑνομίου
1410 2396 1800 2466 κληρονόμους,

181 2492 288 2544 ὅτι
324 2490 415 2543 τοῦ
446 2491 662 2561 Πατρὸς
688 2491 1000 2561 ὁμοούσιος,
1029 2493 1294 2561 ὁμότιμός
1332 2509 1392 2544 τε
1421 2492 1517 2544 καὶ
1560 2491 1804 2544 ίσοδύνα-

187 2598 330 2651 μος·
359 2583 485 2646 τοὺς
513 2583 570 2635 δὲ
594 2585 696 2654 τῆς
727 2585 840 2654 (Η)
872 2584 1204 2655 Μαρκίωνος
1235 2585 1435 2654 λύττης
1471 2582 1807 2654 μετεσχηκό-

182 2691 327 2738 τας,
351 2677 434 2728 ὅτι
457 2676 558 2728 οὐκ
581 2676 785 2741 ἁγαθός
812 2678 926 2729 ἐστι
957 2679 1139 2745 μόνον,
1170 2677 1306 2729 ἀλλὰ
1331 2677 1426 2728 καὶ
1446 2675 1675 2738 δίκαιος·
1703 2675 1804 2726 οὐκ

186 2766 522 2837 ἀλλοτρίων,
583 2767 725 2820 κατὰ
781 2768 872 2820 τὸν
907 2768 1134 2821 ἐκείνων
1182 2767 1370 2838 μῦθον,
1425 2767 1538 2819 ἁλλ’
1585 2767 1803 2820 οἰκείων

189 2860 532 2928 ποιημάτων
577 2859 789 2930 Σωτήρ.
836 2860 950 2913 Καὶ
995 2859 1334 2925 ἁπαξαπλῶς
1391 2858 1530 2926 πρὸς
1589 2857 1803 2926 αἵρεσιν

190 2950 444 3018 ἑκάστην
461 2950 877 3020 διαμαχόμενοι,
893 2955 982 3004 τὸν
1009 2954 1104 3004 ἕνα
1133 2954 1459 3021 προσκυνεῖν
1482 2951 1804 3021 παρεγγυῶ-

195 3057 309 3108 μεν
340 3040 490 3092 Υἱόν.

280 3133 390 3184 Καὶ
423 3133 476 3184 τί
515 3133 597 3184 δεῖ
635 3136 1033 3202 μακρηγορεῖν,
1069 3131 1190 3198 ἐξὸν
1219 3134 1502 3202 συντόμως
1531 3132 1801 3198 διελέγξαι

193 3225 264 3275 τὸ
289 3223 483 3291 ψεῦδος
504 3241 528 3287 ;·
551 3224 688 3285 Τοὺς
718 3225 825 3294 γὰρ
855 3224 976 3276 καθ’
1012 3225 1244 3276 ἕκαστον
1288 3224 1407 3286 ἕτος
1442 3224 1518 3292 τῷ
1556 3226 1808 3293 παναγίῳ

199 3314 538 3383 προσιόντας
583 3314 943 3384 βαπτίσματι,
983 3316 1082 3386 τὴν
1127 3316 1444 3368 ὲκτεϐεῖσαν
1497 3318 1556 3367 ἐν
1600 3316 1809 3387 Noui;

201 3408 364 3477 παρὰ
395 3408 502 3459 τῶν
538 3407 710 3475 ἁγίων
743 3410 840 3460 καὶ
879 3409 1170 3478 μακαρίων
1211 3408 1471 3476 [Ιατέρων
1511 3407 1692 3460 πίστιν
1717 3411 1809 3458 ὲκ-

203 3497 508 3566 μανθάνειν
576 3496 1108 3565 παρασκευαζόμεν’
1161 3498 1254 3548 καὶ
1311 3498 1806 3565 μυσταγωγοῦντες

197 3589 406 3650 αὐτοὺς
444 3590 519 3649 ὡς
551 3586 1027 3657 προσετάχοημεν,
1065 3587 1401 3654 βαπτίζομεν
1435 3590 1514 3647 εἰς
1540 3591 1599 3640 τὸ
1633 3587 1807 3656 ὄνομα

195 3679 296 3730 τοῦ
332 3680 565 3748 Πατρὸς,
602 3682 694 3731 καὶ
725 3680 818 3729 τοῦ
853 3678 1003 3737 Υἱοῦ,
1030 3680 1126 3729 καὶ
1155 3678 1246 3729 τοῦ
1274 3679 1434 3743 ἁγίου
1465 3679 1802 3747 Πνεύματος,

197 3771 403 3832 ἑνικῶς
427 3773 665 3838 ἑκάστην
692 3770 1066 3840 προσηγορίαν
1090 3770 1510 3838 προσφέροντες.
1543 3769 1653 3820 Καὶ
1675 3770 1807 3836 μέν·

195 3880 284 3915 τοι
327 3864 422 3914 καὶ
465 3864 564 3923 τὰς
599 3863 751 3924 θείας
786 3862 1131 3930 λειτουργίας
1185 3861 1242 3911 ἐν
1273 3862 1390 3921 ταῖς
1453 3860 1808 3927 Ἐκκλησίαις

200 3954 604 4015 ἐπιτελοῦντες,
674 3953 767 4004 καὶ
834 3952 1111 4020 ἀρχούσης
1177 3951 1268 4001 καὶ
1327 3949 1604 4017 ληγούης
1664 3949 1805 4018 ἠμέ-

202 4063 306 4116 ρας
339 4048 470 4114 (I‘Z),
506 4048 598 4096 καὶ
629 4045 797 4113 αὐτὴν
828 4044 882 4095 δὲ
916 4044 1011 4111 τὴν
1039 4043 1252 4111 ἡμέραν
1285 4041 1425 4092 κατὰ
1451 4043 1805 4111 τριτημόριον

195 4137 540 4205 διαιροῦντες
566 4137 868 4205 δοξάζομεν
897 4135 987 4185 τὸν
1011 4132 1252 4203 Πατέρα,
1291 4133 1382 4184 καὶ
1415 4133 1506 4185 τὸν
1540 4135 1688 4197 Υἱον,
1712 4137 1804 4188 καὶ

195 4233 262 4282 τὸ
296 4230 451 4295 ἅγιον
495 4227 738 4296 Πνεῦμα.
782 4227 843 4278 Εἰ
883 4226 940 4276 δὲ
978 4225 1070 4277 δύο
1108 4226 1256 4286 υἱοὺς
1290 4227 1432 4277 κατὰ
1465 4225 1562 4295 τὴν
1599 4228 1803 4280 τούτων

198 4321 572 4387 συκοφαντίαν
620 4318 1019 4388 πρεσὸεύομεν,
1067 4317 1186 4369 τίνα
1217 4315 1515 4386 δοξάζομεν
1543 4355 1556 4378 ,
1593 4319 1715 4370 τίνα
1745 4319 1804 4372 δὲ

196 4410 615 4481 ἀπροσκύνητον
650 4410 1088 4475 mulsia-musa;
1127 4409 1342 4470 Μανίας
1397 4408 1504 4478 γὰρ
1544 4411 1800 4479 ἐσχάτης,

195 4503 293 4555 δύο
332 4502 430 4570 μὲν
455 4497 595 4554 εἶναι
632 4500 911 4552 πιστεύειν
942 4501 1111 4562 υἱοὺς,
1146 4501 1225 4551 ἐνὶ
1253 4500 1310 4552 δὲ
1347 4502 1494 4570 μόνῳ
1529 4502 1627 4571 τὴν
1651 4503 1800 4567 δοξο·
1835 4541 1877 4593 D

197 4588 388 4654 λογίαν
425 4589 777 4658 προσφέρειν.
823 4588 919 4650 Τίς
968 4587 1025 4638 δὲ
1070 4587 1246 4651 οὕτως
1295 4589 1685 4660 ὲμὸρόντητος,
1722 4593 1799 4656 ὡς

197 4679 294 4731 τοῦ
321 4680 464 4732 Θείου
494 4680 710 4732 Παύλου
739 4679 970 4748 βοῶντος
995 4679 1233 4733 άκούωψ
1264 4699 1282 4730 ι
1317 4677 1410 4742 Εἷς
1445 4681 1668 4752 Κύριος,
1699 4684 1800 4752 μία

201 4772 408 4833 πίστις.
434 4773 491 4823 ἓν
519 4772 826 4840 βάπτισμα·
868 4792 886 4821 ι
919 4772 1011 4824 καὶ
1040 4772 1222 4825 πάλιν·
1259 4791 1278 4823 ι
1312 4766 1409 4860 Ilii;
1437 4773 1642 4842 Κύριος
1689 4775 1799 4843 ’1η-

201 4863 330 4927 σοῦς
391 4864 648 4934 Χριστὸς,
688 4865 755 4917 δι’
798 4859 859 4918 οὗ
902 4864 970 4918 τά
1003 4866 1217 4918 πάιν-τα⁹
1260 4884 1278 4916 ι
1311 4865 1795 4936 ἀντινομοθετῆσαι

200 4961 270 5029 τῇ
310 4957 631 5027 διδασκαλίᾳ,
663 4956 758 5009 τοῦ
801 4957 1140 5027 Πνεύματος,
1177 4961 1269 5010 καὶ
1295 4957 1420 5027 διχῆ
1471 4958 1564 5010 τὸν
1594 4959 1690 5011 ἕνα
1717 4976 1808 5011 τεν

208 5053 359 5118 μιῖν;
405 5047 567 5100 una
617 5048 728 5116 γὰρ
784 5049 963 5118 μάτην
998 5048 1295 5118 ἀδολεσχῶ.
1334 5049 1470 5100 Οὐδὲ
1515 5051 1623 5119 γὰρ
1655 5043 1806 5104 οῦτοι

206 5139 370 5206 φάναι
396 5137 661 5207 τολμῶσι,
692 5140 784 5190 καὶ
803 5138 980 5191 ταῦτα
999 5139 1078 5209 τῷ
1095 5139 1281 5208 ψεύδει
1304 5139 1796 5210 συντεθραμμένοι,

204 5229 279 5292 ὡς
329 5229 502 5281 ταῦτα
542 5230 809 5296 λεγόντων
861 5230 1018 5300 ἡμῶν
1063 5231 1333 5298 ἀκηκόασι
1384 5231 1628 5283 πώποτε·
1664 5233 1799 5286 ἀλλὰ

204 5321 281 5390 τῷ
315 5321 412 5383 τὰς
437 5321 532 5373 δύο
564 5323 757 5389 φύσεις
787 5321 1073 5390 ὁμολογεῖν
1111 5322 1204 5375 τοῦ
1235 5326 1507 5375 Δεσπότου
1539 5325 1799 5392 Χριστοῦ,

205 5410 296 5464 δύο
316 5412 532 5479 λέγουσι
558 5412 848 5483 κηρύττειν
871 5415 1042 5477 υἱούς.
1074 5415 1178 5468 Καὶ
1205 5415 1434 5468 συνιδεῖν
1468 5416 1567 5467 οὐκ
1589 5415 1804 5468 ἐθέλου-

273 5566 322 5601 ⁹⁸
357 5568 564 5638 Ephes.
614 5586 691 5636 tv,
724 5571 777 5625 5.
855 5570 902 5604 ’³
942 5572 961 5625 ι
989 5571 1118 5626 Cor.
1151 5587 1262 5635 unt,
1294 5574 1345 5625 6.

278 5731 390 5811 (lt)
423 5727 710 5811 ἓίοΝθΞΡ·
743 5744 845 5799 pro
870 5727 1299 5811 ςτοῦβίςπξοηάίτ

1913 1950 2058 2019 repti
2110 1959 2261 2014 sunt,
2309 1958 2525 2005 certare
2583 1965 2866 2020 nunquam
2922 1947 3260 2008 destitimus.
3314 1945 3522 2002 Graecis

1911 2040 2138 2108 quidem
2191 2041 2600 2110 persuadentes
2643 2042 2825 2111 ipsum
2865 2056 2988 2096 esse
3027 2040 3276 2093 omnium
3328 2051 3519 2092 rerum

1911 2129 2294 2196 Conditorem,
2340 2132 2667 2201 sempiterni
2731 2133 2829 2186 Dei
2889 2131 3089 2186 Filium
3135 2140 3518 2192 coaeternum;

1910 2221 2115 2276 Iudaeis
2156 2233 2365 2287 autem,
2392 2222 2460 2277 de
2510 2223 2604 2278 illo
2649 2223 2955 2278 editaesse
2987 2222 3251 2276 vaticinia
3275 2219 3522 2290 prophe-

1915 2322 2126 2379 tarum;
2172 2314 2289 2369 Arii
2323 2315 2700 2385 Eunomiique
2740 2314 3078 2378 haeredibus,
3114 2313 3365 2384 ejusdem
3392 2325 3518 2365 esse

1913 2421 2041 2460 cum
2069 2406 2234 2460 Patre
2279 2407 2627 2469 substantias,
2652 2406 3017 2476 ejusdemque
3051 2403 3280 2476 honoris
3319 2410 3376 2457 et
3418 2417 3518 2473 po-

1912 2497 2135 2561 tentiae;
2164 2495 2462 2550 Marcionis
2484 2495 2677 2550 furore
2709 2494 3138 2559 insanientibus,
3163 2509 3276 2548 non
3306 2493 3511 2548 bonum

1915 2598 2129 2643 tantum
2159 2604 2304 2656 esse,
2336 2603 2532 2643 verum
2567 2587 2736 2641 etiam
2771 2589 3010 2657 justum,
3040 2601 3152 2640 non
3181 2586 3513 2644 alienorum,

1912 2687 1974 2731 ut
1998 2678 2100 2746 ipsi
2133 2678 2479 2743 fabulantur,
2505 2680 2524 2698 '
2546 2676 2645 2731 sed
2672 2691 2901 2730 suorum
2929 2676 3105 2745 ipsius
3139 2690 3370 2743 operum
3398 2672 3521 2728 Sal—

1912 2780 2181 2823 vatorem.
2218 2769 2422 2838 Atque,
2475 2777 2536 2822 ut
2583 2768 2755 2821 semel
2792 2768 2993 2833 dicam,
3024 2767 3293 2820 adversus
3320 2780 3518 2836 quam-

1911 2858 2050 2912 libet
2074 2857 2310 2911 haeresin
2341 2857 2695 2921 dimicantes,
2738 2872 2909 2910 unum
2944 2856 3144 2910 Filium
3170 2854 3517 2909 adorandum

1913 2962 2203 3001 monemus

1986 3128 2055 3181 Et
2103 3128 2239 3197 quid
2290 3129 2451 3197 longa
2495 3127 2747 3181 oratione
2785 3126 2868 3180 uti
2904 3142 3044 3196 opus
3073 3135 3175 3188 est,
3217 3143 3343 3180 cum
3380 3144 3520 3197 pau-

1915 3220 1995 3272 cis
2027 3218 2381 3272 mendacium
2423 3218 2676 3272 refellere
2723 3217 2929 3271 lieeat?
2968 3217 3076 3271 Eos
3128 3219 3279 3271 enim
3312 3220 3405 3288 qui
3443 3220 3513 3273 ad

1914 3319 2331 3366 sacrosanctum
2395 3309 2673 3377 baptisma
2735 3308 2969 3378 singulis
3011 3309 3172 3363 annis
3219 3310 3513 3375 accedunt,

1912 3403 2078 3456 fidem
2107 3402 2301 3456 Nicaeae
2323 3417 2352 3454 a
2383 3401 2592 3454 sanctis
2622 3400 2885 3453 Patribus
2919 3402 3228 3469 expositan‘i
3263 3403 3515 3456 ediscere

1906 3495 2168 3563 jubcmus
2208 3510 2218 3544 :
2256 3501 2310 3545 et
2351 3492 2716 3544 insumentes-
2754 3505 2872 3553 eos,
2924 3492 3068 3544 sicut
3116 3492 3254 3559 jussi
3297 3509 3513 3555 sumus,

1911 3587 2262 3654 baptizamus
2314 3588 2368 3638 in
2426 3585 2653 3637 nomine
2695 3583 2876 3636 Patris
2930 3592 2984 3635 et
3047 3583 3167 3637 Filii
3197 3593 3254 3638 et
3277 3583 3514 3653 Spiritus

1910 3678 2110 3736 sancti,
2146 3675 2507 3741 singulariter
2531 3673 2969 3742 unumquodque
2998 3689 3200 3727 nomen
3228 3674 3517 3743 proferen-

1908 3773 2012 3817 tes.
2044 3765 2187 3827 Quin
2227 3774 2284 3816 et
2314 3779 2504 3817 sacras
2536 3765 2794 3832 liturgias
2831 3765 2883 3816 in
2923 3765 3191 3820 Ecelesiis
3219 3767 3512 3828 obeuntes,

1910 3867 2024 3909 tum
2089 3857 2320 3908 ineunte
2378 3852 2593 3924 12"]
2631 3854 2742 3915 die,
2780 3864 2898 3907 tum
2951 3856 3264 3923 desinente,
3317 3859 3412 3913 sed
3458 3871 3515 3913 ct

1908 3949 2055 4001 diem
2089 3949 2269 4016 ipsum
2306 3949 2361 3998 in
2408 3948 2630 4000 tertiam
2676 3956 2892 4015 partem
2934 3949 3270 4015 dividentes,
3299 3953 3510 4021 glorifi-

1906 4056 2100 4096 camus
2166 4040 2384 4093 Patrem
2441 4049 2495 4092 et
2545 4039 2745 4092 Filium
2793 4047 2849 4092 et
2912 4050 3164 4094 sanctum
3219 4043 3486 4112 Spiritum

1906 4131 2064 4197 Quod
2091 4132 2136 4185 si
2167 4131 2307 4182 duos
2334 4129 2499 4192 ﬁlios,
2529 4138 2588 4183 ut
2635 4131 2726 4182 isti
2771 4131 3205 4192 calumniantur,
3240 4136 3479 4202 prsediea

1908 4237 2052 4285 inus,
2093 4236 2391 4290 quemnam
2450 4219 2828 4290 glorificamus
2855 4262 2868 4284 ,
2916 4232 3012 4276 aut
3054 4240 3350 4293 quemnam
3390 4228 3511 4281 sine

1905 4314 2228 4368 adorationc
2259 4312 2662 4381 relinquimus?
2698 4313 2974 4369 Extremas
3017 4330 3260 4385 namque
3284 4325 3372 4372 est
3407 4319 3509 4373 de-

1905 4406 2147 4468 mentiae,
2193 4405 2334 4457 duos
2374 4405 2612 4472 quidem
2643 4406 2872 4460 credere
2917 4406 3062 4462 ﬁlios
3110 4424 3254 4474 esse,
3306 4421 3366 4465 et
3412 4413 3509 4466 uni

1907 4498 2176 4552 duntaxat
2235 4495 2470 4565 gloriam
2515 4496 2804 4552 exhibere.
2855 4497 2990 4563 Quis
3037 4514 3205 4568 porro
3239 4501 3379 4556 adeo
3425 4515 3512 4558 est

1910 4605 2127 4651 vecors,
2183 4599 2246 4644 ut
2300 4592 2532 4645 Paulum
2592 4591 2925 4646 clamantem
2982 4593 3269 4648 audiens:
3305 4615 3321 4645 ι
3356 4596 3512 4653 Unus

1909 4683 2199 4743 Dominus.
2229 4700 2337 4737 una
2369 4683 2525 4747 fides,
2560 4698 2732 4735 unum
2761 4680 3117 4760 baptisma”;
3146 4703 3161 4734 ι
3181 4692 3240 4739 et
3269 4684 3506 4740 iterum:

1915 4795 1934 4826 ι
1958 4776 2110 4832 Unus
2132 4777 2401 4831 Dominus
2416 4777 2576 4830 Jesus
2600 4774 2991 4844 Christus,per
3005 4791 3171 4844 quem
3191 4776 3376 4832 omnia
3391 4777 3458 4839 ’³,
3486 4798 3502 4828 ι

1907 4868 2243 4923 contrariam
2276 4868 2546 4922 doctrinae
2587 4866 2834 4936 Spiritus
2860 4867 3038 4938 legem
3071 4876 3296 4933 statuat,
3326 4877 3383 4924 et
3422 4869 3504 4923 Μ-

1905 4958 2100 5014 fariam
2136 4976 2309 5014 unum
2345 4959 2601 5014 dividat?
2647 4961 2854 5014 Verum
2905 4974 3008 5031 ego
3051 4960 3260 5014 frustra
3293 4961 3511 5031 longior

1906 5066 2049 5105 sum.
2091 5051 2229 5104 Nam
2260 5067 2328 5105 ne
2366 5051 2470 5120 ipsi
2503 5050 2755 5120 quidem,
2791 5052 2924 5106 licet
2950 5051 3156 5106 assueti
3194 5052 3506 5119 mendacio,

1908 5140 2098 5195 dicere
2138 5141 2350 5196 audent
2395 5143 2502 5195 ista
2542 5156 2602 5196 se
2654 5158 2912 5212 unquam,
2958 5158 3028 5196 ex
3056 5157 3155 5197 ore
3184 5151 3377 5198 nostro
3407 5160 3510 5198 au-

1909 5232 2079 5287 diisse
2109 5251 2120 5284 :
2161 5233 2256 5287 sed
2283 5235 2412 5300 quia
2435 5233 2643 5288 Christi
2665 5235 2884 5288 Domini
2911 5234 3050 5288 duas
3081 5242 3310 5289 naturas
3333 5235 3510 5290 conti-

1913 5335 2116 5388 temur,
2145 5327 2271 5379 ideo
2309 5325 2450 5379 tilios
2491 5326 2632 5381 duos
2669 5326 2943 5381 afﬁrmate
2974 5326 3149 5380 aiunt.
3185 5325 3298 5382 Nec
3329 5327 3513 5381 anim-

1913 5418 2205 5473 advertere
2236 5417 2430 5472 volunt
2469 5418 2754 5475 hominem
2805 5431 3262 5490 unumquemque
3297 5425 3354 5478 et
3396 5417 3514 5470 ani-

276 5800 388 5874 μὲ)
420 5799 593 5872 Neap.
621 5799 956 5856 Sirmondus
986 5799 1224 5855 habebat
1249 5817 1260 5850 :
1284 5800 1614 5870 ἀρχομένης,
1659 5818 1711 5854 κ.
1749 5799 1797 5851 λ.
1838 5799 1937 5870 τῆς
1967 5799 2063 5869 ἡμ.
