4086 6326
637 306 779 368 1379

1631 304 2117 365 THEODQRETI
2160 304 2496 381 EPISCUPI
2535 303 2901 362 CYRENSIS

3785 297 3927 362 ΒΞ

637 430 782 469 tuam
846 414 1046 473 habere
1098 414 1481 477 immortalem,
1536 423 1592 466 et
1638 427 1841 483 corpus
1898 403 2061 467 ntorti
2110 406 2202 465 'ob-

2322 432 2424 474 σιν,
2455 414 2530 474 ὡς
2564 411 2996 481 τῶνάνθρώπων
3022 410 3251 471 ἕκαστος
3291 410 3385 462 καὶ
3419 410 3601 480 ψυχὴν
3642 410 3925 463 ἀθάνατον

638 507 885 567 noxium,
916 504 1303 574 neminemque
1354 505 1420 559 ad
1455 506 1601 560 hunc
1650 504 1798 559 diem
1840 506 2089 574 reperiri,
2116 504 2208 573 qui

634 594 865 651 Paulum
914 592 1054 646 duos
1082 592 1281 647 Paulos
1315 595 1584 657 nominet,
1611 594 1739 663 quia
1775 594 2011 647 animam
2045 594 2211 646 habet

634 695 691 739 et
748 695 968 749 corpus,
1006 687 1100 732 aut
1147 681 1367 734 Petrum
1406 682 1545 734 duos
1584 682 1797 743 Petros,
1841 691 1937 734 aut
1969 680 2212 734 Abraha-

635 786 807 833 mum,
858 779 953 823 aut
1006 769 1275 823 Adamum
1325 788 1336 822 :
1383 770 1481 824 sed
1537 781 1860 824 naturarum
1912 769 2212 823 discrimen

628 872 841 921 norunt
864 877 1075 923 omnes,
1111 862 1248 915 duos
1278 878 1409 916 vero
1450 863 1649 917 Paulos
1672 864 1765 931 qui
1805 878 1947 916 unus
1982 872 2065 915 est
2103 878 2211 917 non

636 953 851 1019 dicunt.
882 950 973 1005 Sic
997 966 1127 1018 ergo
1153 957 1209 1001 et
1233 950 1522 1004 Dominum
1544 951 1727 1005 Jesum
1753 948 2059 1013 Christum,
2086 950 2211 1002 uni-

635 1044 882 1113 genitum
910 1041 1005 1095 Dei
1057 1041 1277 1103 Filium,
1310 1040 1588 1094 hominem
1627 1040 1830 1093 factum
1866 1040 2036 1093 Deum
2074 1040 2209 1093 Ver-

636 1138 787 1196 bum,
826 1144 883 1187 et
912 1133 1108 1186 Filium
1148 1132 1243 1186 Dei
1268 1141 1324 1187 et
1349 1131 1548 1186 Filium
1580 1132 1820 1185 hominis
1847 1131 2207 1200 appellantes,

633 1228 776 1281 sicut
816 1225 999 1279 edocti
1047 1240 1077 1278 a
1116 1224 1303 1279 divina
1349 1224 1633 1293 Scriptura
1683 1238 1893 1281 sumus.
1930 1220 2212 1289 haudqua-

632 1332 795 1386 quam
820 1315 961 1369 duos
1002 1313 1143 1367 filios
1178 1313 1432 1376 dicimus,
1464 1312 1560 1366 sed
1589 1311 1897 1367 divinitatis
1928 1319 1983 1364 et
2014 1310 2209 1363 huma-

633 1404 823 1459 nitatis
858 1404 1226 1473 proprietates
1250 1402 1599 1457 confitemur.
1645 1402 1739 1456 Isti
1770 1417 1902 1455 vero
1943 1415 2010 1453 ex
2049 1399 2211 1453 nobis

633 1503 969 1563 assumptam
1027 1503 1291 1563 negantes
1332 1503 1609 1556 naturam,
1654 1509 1797 1564 aegre
1844 1493 2029 1547 ferunt
2083 1509 2209 1547 eum

632 1585 749 1640 haec
777 1584 1009 1639 audiunt
1043 1583 1258 1655 1m
1292 1600 1322 1638 a
1360 1584 1539 1638 nobis.

700 1766 810 1829 Nos
839 1781 1005 1836 porro
1035 1765 1308 1819 undenam
1354 1766 1691 1835 impietatem
1731 1767 1892 1819 istam
1923 1767 2209 1824 hauserint
2243 1755 2282 1808 Β

632 1868 850 1927 Oportet
897 1859 1295 1911 demonstrare.
1329 1858 1464 1911 Nam
1516 1859 1704 1912 Simon
1736 1860 1980 1929 quidem,
2008 1870 2064 1914 et
2101 1861 2210 1915 Me-

630 1947 865 2010 nander,
904 1946 1121 2002 Cerdon
1165 1954 1221 1998 et
1261 1950 1276 1964 ‘
1311 1946 1551 2001 Marcion
1596 1948 1820 2017 penitus
1866 1960 2066 2019 negant
2122 1952 2207 2005 in-

631 2039 1026 2101 carnationem,
1060 2036 1513 2105 nativitatemque
1569 2054 1635 2092 ex
1692 2039 1912 2109 Virgine
1967 2042 2207 2097 fabulam

628 2141 848 2186 vocant.
897 2131 1219 2187 Valentinus
1265 2139 1470 2193 autem,
1514 2140 1569 2184 et
1598 2131 1887 2197 Basilides,
1918 2144 1973 2188 et
2000 2135 2206 2191 Bardc-

629 2240 809 2285 sanes,
837 2233 893 2277 et
924 2224 1273 2286 Harmonius,
1332 2230 1388 2277 et
1436 2224 1531 2293 qui
1578 2224 1822 2295 ejusdem
1868 2236 1996 2280 sunt
2041 2238 2203 2292 noue,

629 2313 869 2384 Virginis
917 2313 1138 2405 culidem
1192 2314 1608 2382 conceptionem
1646 2323 1703 2369 ct
1747 2325 1963 2385 partum
2004 2318 2205 2371 admit-

629 2414 772 2468 tunt,
809 2405 901 2458 sed
943 2405 1080 2458 nihil
1125 2421 1191 2458 ex
1224 2405 1442 2474 Virgine
1477 2406 1839 2476 assumpsisse
1869 2410 2042 2463 Deum
2075 2410 2208 2464 Ver-

628 2496 758 2549 bum
795 2494 1026 2549 dicunt:
1056 2512 1153 2565 per
1191 2512 1311 2551 eam
1346 2505 1557 2550 tantum
1600 2499 1759 2567 quasi
1818 2515 1916 2568 per
1958 2502 2205 2555 canalem

626 2584 915 2655 quemdam
942 2587 1243 2656 trajecisse,
1268 2586 1695 2657 hominibusque
1709 2590 2051 2658 apparuisse,
2078 2607 2203 2645 cum

626 2677 863 2743 speciem
890 2678 1060 2730 solam
1098 2678 1351 2741 referret,
1376 2688 1541 2747 atque
1569 2680 1734 2732 homo
1757 2695 1878 2735 esse
1898 2682 2202 2746 videretur,

624 2765 1091 2834 quemadmodum
1149 2767 1304 2820 visus
1346 2773 1431 2819 est
1483 2766 1797 2820 Ahrahamo
1828 2776 1885 2821 et
1921 2769 2045 2821 aliis
2078 2770 2203 2837 qui-

626 2858 856 2911 busdam
917 2857 1220 2910 veteribus.
1280 2858 1351 2911 At
1397 2873 1531 2911 vero
1576 2858 1740 2911 Arius
1774 2867 1830 2911 et
1874 2858 2199 2923 Eunomius,

624 2963 826 3016 corpus
869 2947 1091 3016 quidem
1125 2948 1508 3016 assumpsisse,
1542 2946 1637 3001 sed
1665 2947 1863 3001 animae
1900 2958 2085 3016 partes
2113 2948 2199 3002 di-

622 3039 907 3091 vinitatem
938 3038 1162 3099 abiisse,
1215 3037 1291 3091 ita
1334 3046 1395 3091 ut
1421 3037 1653 3090 humilia
1675 3037 1859 3089 omnia
1896 3044 2008 3091 tum
2033 3037 2198 3091 verba

625 3134 740 3178 tum
770 3126 910 3179 facta
955 3126 1083 3179 huic
1112 3126 1372 3179 tribuant.
1396 3125 1768 3194 Apollinarius
1793 3140 1924 3178 vero
1959 3125 2197 3179 animam

619 3216 790 3271 etiam
824 3216 995 3285 ipsam
1023 3232 1147 3269 cum
1184 3230 1417 3285 corpore
1446 3216 1807 3283 assumpsisse
1852 3216 1948 3279 ait,
1979 3231 2089 3269 non
2115 3224 2198 3269 ta-

624 3321 746 3359 men
799 3305 1142 3367 rationalem,
1204 3304 1299 3358 sed
1354 3304 1667 3367 animalem,
1701 3319 1798 3357 seu
1839 3307 2199 3375 vegetativam

622 3411 784 3463 quam
823 3395 1277 3448 vocantzmentis
1315 3394 1463 3449 enim
1486 3394 1654 3457 vices,
1692 3394 1888 3464 inquit,
1941 3397 2200 3451 divinitas

622 3485 888 3553 implevit.
938 3483 1146 3537 Anima:
1193 3492 1379 3537 autem
1427 3485 1741 3553 mentisque
1788 3486 2201 3541 distinctionem

620 3574 689 3628 ab
737 3575 981 3629 externis
1030 3574 1224 3629 didicit
1266 3575 1629 3643 philowphis.
1670 3591 1797 3630 cum
1828 3577 2014 3631 divina
2050 3577 2200 3631 Scri—

620 3676 783 3735 plura
816 3681 882 3719 ex
914 3665 1095 3719 anima
1133 3674 1190 3719 et
1218 3680 1455 3735 corpore
1491 3676 1745 3721 constare
1792 3667 2069 3727 hominem
2104 3668 2201 3722 do-

618 3767 757 3812 ceat.
808 3777 825 3810 ι
878 3757 1174 3820 Formavit,
1224 3757 1425 3826 inquit,
1473 3758 1617 3812 Deus
1658 3758 1939 3813 hominem
1973 3760 2038 3814 de
2068 3762 2200 3816 limo

621 3859 800 3913 terrae,
832 3860 887 3902 ct
918 3848 1207 3918 inspiravit
1236 3850 1290 3901 in
1327 3849 1519 3903 faciem
1548 3852 1667 3920 ejus
1689 3850 2023 3919 spiraculum
2050 3854 2197 3918 vitae,

618 3950 673 3993 et
701 3940 875 3995 factus
905 3950 989 3993 est
1016 3941 1181 3992 homo
1210 3940 1263 3992 in
1290 3941 1527 3995 animam
1567 3942 1930 3997 viventem“.
1967 3962 1983 3993 ι
2013 3944 2201 3997 EtDo-

620 4030 803 4082 minus
825 4032 879 4083 in
910 4030 1081 4083 sacris
1114 4029 1425 4098 Evangeliis
1456 4032 1719 4101 apostolis
1751 4032 1889 4087 dixit
1922 4050 1935 4085 ε
1970 4052 1986 4083 ι
2019 4033 2199 4087 Nolite

618 4121 811 4175 timere
842 4136 937 4174 eos
964 4121 1057 4189 qui
1090 4120 1351 4175 occidunt
1372 4137 1571 4192 corpus
1614 4124 1852 4178 animum
1877 4133 2060 4179 autem
2087 4141 2199 4180 non

617 4221 848 4281 possunt
883 4212 1139 4266 occidere
1158 4214 1224 4263 ⁸⁷.

686 4493 1080 4549 Haereticorum
1122 4508 1254 4561 ergo
1300 4492 1615 4563 dogmatum
1668 4504 1815 4549 tanta
1845 4503 1929 4550 est
1968 4498 2110 4552 inter
2136 4514 2195 4553 se

615 4600 796 4654 pugna
827 4593 881 4636 et
912 4582 1202 4637 dissensio.
1233 4584 1325 4636 lsti
1374 4592 1558 4637 autem
1601 4585 2019 4653 Apollinarium,
2059 4589 2193 4657 quin

616 4672 781 4727 etiam
805 4672 1023 4742 1259
1056 4672 1245 4725 Arium
1287 4682 1341 4725 et
1374 4672 1723 4737 Eunomium,
1762 4674 2041 4743 impietate
2071 4678 2192 4730 vin-

615 4778 741 4815 cere
768 4762 1183 4825 contendentes,
1220 4762 1630 4815 disseminatam
1676 4764 1808 4817 olim
1843 4781 1872 4817 a
1904 4766 2192 4821 Valentino

615 4863 671 4905 et
693 4852 1022 4915 Bardesane,
1052 4864 1351 4921 posteaque
1389 4862 1418 4905 a
1448 4854 1917 4921 praestantissimis
1938 4857 2192 4927 agricolis

619 4942 879 4994 radicitus
906 4942 1221 4995 convulsam
1255 4942 1511 5006 hzeresin,
1542 4960 1690 4997 nunc
1720 4946 1970 5012 proferre
2008 4950 2190 5003 conati

615 5038 765 5083 sunt.
815 5032 1079 5084 Similiter
1102 5032 1247 5083 enim
1292 5042 1457 5101 atque
1491 5035 1590 5098 illi,
1617 5046 1960 5104 assumptum
1994 5054 2059 5092 ex
2099 5056 2191 5093 na-

612 5131 739 5175 tura
769 5132 953 5175 nostra
986 5123 1153 5176 fuisse
1197 5124 1415 5177 Domini
1458 5140 1659 5193 corpus
1684 5137 1972 5196 negarunt.
2004 5129 2191 5185 Eccle-

610 5213 694 5266 sia
722 5221 925 5276 autem,
970 5216 1283 5283 apostolicis
1314 5216 1557 5285 vestigiis
1588 5218 1867 5283 insistens,
1895 5229 1950 5274 et
1985 5220 2188 5277 divini-

616 5310 782 5357 tatem
837 5304 1153 5373 perfectam,
1212 5318 1267 5360 et
1328 5307 1725 5371 humanitatem
1786 5310 2080 5379 perfectam
2134 5317 2188 5369 in

612 5392 833 5447 Christo
868 5396 1095 5449 Domino
1125 5397 1453 5451 considerat.
1484 5400 1549 5452 Et
1583 5402 2041 5468 quemadmodum
2064 5422 2159 5459 cor

682 5552 733 5583 “
771 5552 905 5606 Gen.
938 5566 995 5615 ιι,
1041 5556 1088 5605 7.
1164 5557 1208 5582 θ’
1252 5554 1440 5609 Matth.
1484 5573 1536 5620 χ,
1564 5556 1654 5610 28.

687 5709 800 5779 (15)
826 5710 920 5762 καί
947 5710 1100 5765 abest
1130 5725 1156 5763 a
1185 5710 1351 5781 Neap.

2315 503 2449 571 ἔχει,
2481 502 2572 554 καὶ
2600 502 2757 570 σῶμα
2788 501 2999 571 θνητόν·
3032 502 3126 555 καὶ
3153 500 3327 564 οὐδεὶς
3352 502 3515 571 μέχρι
3546 503 3646 555 καὶ
3667 504 3921 571 τήμερον

2312 594 2404 647 δύο
2433 595 2674 656 Παύλους
2700 593 2792 645 τὸν
2820 592 3031 645 Παῦλον
3054 593 3355 661 ὠνόμασεν,
3373 593 3564 662 ἐπειδὴ
3593 594 3692 645 καὶ

2314 686 2428 755 ἔχει
2450 685 2741 754 καὶσῶμα·
2776 684 2867 736 καὶ
2890 683 3002 752 (15)
3023 682 3148 735 οὔτε
3164 685 3255 735 τὸν
3272 684 3480 753 Πέτρον
3508 683 3607 736 δύο
3644 684 3911 753 ῐῐέτρονς.

2312 776 2438 829 οὔτε
2472 776 2565 829 τὸν
2580 774 2850 845 Ἀϐραὰμ,
2876 774 3000 826 οὔτε
3028 774 3121 825 τὸν
3136 774 3326 845 Ἀδάμ.
3345 774 3485 826 Ἀλλ’
3508 770 3625 826 οἶδε
3645 774 3751 843 μὲν
3780 774 3911 827 hx-

2316 886 2437 932 στος
2468 869 2577 921 τῶν
2605 866 2820 935 φύσεων
2868 867 2928 919 τὸ
2964 866 3234 937 διάτορον,
3262 866 3357 919 δύο
3413 866 3471 920 δὲ
3519 867 3783 930 Παύλους
3814 869 3913 919 οὐκ

2312 959 2571 1029 ὀνομάζει
2596 960 2688 1012 τὸν
2716 958 2833 1012 ἱνα.
2864 956 3021 1009 Οὖτω
3045 959 3224 1010 τοίνυν
3247 958 3350 1010 καὶ
3381 958 3474 1010 τὸν
3502 956 3725 1025 Κύριον
3754 960 3911 1027 ἡμῶν

2326 1051 2533 1121 Ἰησοῦν
2571 1050 2825 1120 Χριστὸν,
2881 1049 2972 1100 τὸν
3019 1049 3281 1118 μονογενῆ
3314 1049 3407 1101 τοῦ
3441 1049 3587 1101 Θεοῦ
3621 1049 3782 1113 Υἱὸν,
3820 1051 3905 1101 τδν

2303 1130 2810 1211 ’ὲνανθρωπήσαντα
2831 1139 2962 1191 Θεὸν
2982 1140 3175 1207 Λόγον,
3201 1143 3292 1191 καὶ
3316 1140 3444 1191 Υἱὸν
3472 1140 3637 1202 Θεοῦ,
3662 1142 3765 1191 καὶ
3784 1141 3903 1193 Ὶῖἱν

2312 1232 2603 1302 ἀνθρώπου
2654 1230 3172 1302 προσαγορεύοντες,
3216 1231 3291 1292 ὡς
3354 1233 3507 1301 παρᾶ
3585 1233 3688 1299 τῆς
3757 1232 3902 1293 (tein;

2313 1324 2538 1394 Γραφῆς
2576 1322 2951 1393 ἐδιδάχθημεν,
2990 1322 3051 1373 οὐ
3091 1321 3183 1373 δύο
3212 1322 3392 1390 φαμὲν
3424 1323 3601 1385 υἱοὺς,
3632 1320 3784 1375 ἀλλὰ.
3812 1322 3905 1389 τῆς

2315 1415 2567 1483 θεότητος
2611 1419 2704 1468 καὶ
2758 1417 2856 1483 τῆς
2901 1413 3322 1484 ἀνθρωπότητος
3371 1413 3757 1483 ὁμολογοῦμεν
3811 1417 3904 1476 τας

2317 1506 2607 1574 ἰδιότητας.
2662 1499 2822 1559 Οὗτοι
2854 1505 2910 1558 δὲ
2940 1506 3041 1575 τὴν
3084 1504 3145 1569 ἐξ
3174 1504 3328 1575 ἡμῶν
3359 1505 3670 1576 ληφθεῖσαν
3702 1504 3903 1574 ἀρνού-

2317 1614 2467 1666 μενοι
2493 1597 2677 1664 φύσιν,
2708 1596 3120 1667 δυσχεραίνουσι
3140 1596 3308 1649 τῶνδε
3329 1596 3437 1647 τῶν
3461 1596 3643 1664 λόγων
3673 1597 3903 1650 ἀκούον-

2315 1706 2428 1751 τες.

2403 1780 2583 1849 Ἠμᾶς
2639 1779 2695 1831 δὲ
2727 1779 2894 1845 δεῖξαι
2930 1781 3196 1849 προσήκει
3248 1779 3411 1832 πόθεν
3462 1780 3674 1849 ταύτην
3725 1780 3900 1847 tead-

2314 1888 2479 1923 σαντο
2520 1870 2617 1939 τὴν
2672 1869 2949 1923 ἀσέϐειαν.
2986 1870 3169 1939 Σίμων
3218 1872 3317 1940 μὲν
3362 1870 3494 1940 γὰρ,
3554 1874 3653 1922 καὶ
3686 1872 3903 1923 Μέναν-

2310 1962 2459 2030 ὅρος,
2511 1963 2735 2033 Κέρδων
2779 1964 2870 2015 καὶ
2907 1962 3172 2032 Μαρκίων
3213 1964 3564 2016 παντάπασιν
3608 1963 3905 2034 ἀρνοῦνται

2309 2059 2409 2122 τὴν
2447 2053 2881 2123 ὲνανθρώπησιν,
2936 2053 3029 2104 καὶ
3057 2053 3156 2121 τὴν
3205 2054 3601 2123 ἐκιΠαρθένου
3642 2053 3907 2122 γέννησιν

2313 2144 2645 2213 μυθολογίαν
2680 2144 3039 2198 ἀποκαλοῦσι.
3078 2143 3393 2208 Βαλεντίνος
3418 2145 3497 2206 δὲ,
3521 2146 3619 2197 καὶ
3652 2145 3909 2198 Βασιλεί-

2308 2238 2424 2304 δης,
2479 2236 2574 2289 καὶ
2623 2236 3009 2307 Βαρδησάνης,
3051 2236 3147 2288 καὶ
3195 2234 3514 2305 Ἀρμόνιος,
3556 2236 3657 2289 καὶ
3702 2238 3759 2288 οἱ
3806 2237 3907 2305 τῆς

2308 2330 2512 2381 τούτων
2536 2328 2869 2398 συμμορίας,
2899 2327 3146 2397 δέχονται
3192 2328 3292 2397 μὲν
3332 2328 3430 2397 τῆς
3471 2328 3763 2398 Παρθένου

2309 2420 2529 2488 κύησιν,
2559 2418 2765 2471 καὶτὸν
2799 2418 2958 2470 τόκον
2978 2438 2990 2450 -
3033 2418 3186 2470 οὐδὲν
3219 2418 3274 2469 δὲ
3306 2418 3397 2469 τὸν
3436 2418 3573 2470 Θεὸν
3612 2419 3798 2486 Λόγον
3845 2421 3909 2471 ἐκ

2305 2509 2405 2578 τῆς
2447 2507 2725 2577 Παρθένου
2776 2506 3198 2576 προσειληφέναι
3244 2506 3441 2575 φασὶν,
3488 2505 3629 2559 ἀλλα
3667 2505 3909 2576 κὰροδόν

2306 2619 2427 2654 τινα
2456 2600 2522 2652 δι’
2557 2598 2728 2668 αὐτῆς
2752 2598 2939 2669 ὥσπερ
2964 2599 3051 2651 διὰ
3090 2598 3328 2667 σωλῆνος
3368 2599 3731 2670 ποιήσασθαι,
3779 2602 3906 2651 ἐπι-

2308 2692 2543 2759 φανῆναι
2590 2690 2645 2740 δὲ
2688 2691 2800 2750 τοῖς
2837 2687 3147 2756 ἀνθρώποις
3200 2690 3471 2759 φαντασία
3520 2690 3906 2758 χρησάμενον,

2307 2781 2402 2834 καὶ
2447 2780 2602 2844 δόξας
2661 2775 2801 2832 εἶναι
2863 2779 3186 2849 ἄνθρωπος,
3243 2780 3301 2830 ὅν
3349 2780 3549 2849 τρόπον
3602 2780 3770 2851 ὤφθη
3830 2782 3909 2851 τῷ

2318 2871 2595 2940 Ἀϐραὰμ,
2628 2872 2720 2922 καί
2752 2888 2893 2922 τισιν
2929 2871 3111 2932 ἄλλοις
3140 2871 3246 2923 τῶν
3280 2870 3546 2925 παλαιῶν.
3582 2873 3818 2943 Ἄρειος
3852 2874 3909 2925 δὲ

2304 2962 2399 3014 καὶ
2433 2962 2720 3031 Εὐνόμιος,
2776 2962 2936 3031 σῶμα
2974 2964 3073 3031 μὲν
3123 2963 3287 3015 αὐτὸν
3332 2964 3542 3032 ἔφασαν
3581 2965 3905 3033 εἰληφέναι,

2226 3082 2271 3139 C
2302 3056 2401 3124 τὴν
2430 3053 2661 3122 θεότητα
2681 3053 2737 3105 δὲ
2762 3055 2827 3105 τὰ
2858 3055 2953 3123 τῆς
2977 3057 3152 3123 ψυχῆς
3188 3057 3572 3126 ἐνηργηκέναι,
3611 3058 3701 3107 ἴνα
3720 3058 3909 3128 ταύτῃ

2305 3144 2374 3193 τὰ
2402 3143 2636 3195 ταπεινὰ
2676 3142 2769 3194 καὶ
2825 3141 2937 3193 τῶν
2984 3143 3246 3213 ῥημάτων
3278 3144 3373 3196 καὶ
3405 3144 3515 3195 τῶν
3548 3145 3911 3213 πραγμάτων

2307 3234 2683 3303 προσάψωσιν.
2718 3233 2777 3284 '0
2814 3232 2870 3284 δέ
2906 3250 2968 3293 γε
3009 3232 3385 3302 Ἀπολινάριος
3415 3234 3505 3285 καὶ
3526 3233 3709 3302 ψυχὴν
3735 3237 3909 3286 αὑτὸν

2309 3323 2448 3391 μετὰ
2484 3321 2578 3374 τοῦ
2630 3321 2884 3391 σώματος
2935 3323 3137 3391 ἔφησεν
3167 3322 3467 3392 εἰληφέναι,
3518 3323 3639 3375 ἀλλ’
3687 3326 3752 3377 οὐ
3807 3326 3911 3396 τὴν

2306 3414 2552 3483 λογικὴν,
2582 3414 2720 3467 ἀλλὰ
2754 3412 2852 3484 τὴν
2885 3414 3121 3483 ζωτικὴν
3152 3415 3323 3483 ἧγουν
3360 3413 3591 3482 φυτικὴν
3632 3415 3911 3483 ὀνομαζο-

2309 3502 2501 3572 μένην.
2538 3502 2644 3554 Τοῦ
2692 3500 2784 3553 νοῦ
2836 3502 2966 3571 γὰρ,
3027 3504 3198 3571 φησὶ,
3232 3502 3331 3572 τὴν
3377 3502 3565 3572 χρείαν
3615 3505 3648 3573 ἡ
3703 3504 3907 3573 θεότης

2308 3592 2568 3663 ὲτελήρου.
2609 3594 2803 3663 Ψυχῆς
2840 3595 2896 3646 δὲ
2928 3596 3022 3646 καὶ
3044 3594 3136 3646 νοῦ
3176 3595 3274 3664 τὴν
3302 3595 3567 3665 διαίρεσιν
3599 3597 3761 3666 παρὰ
3791 3599 3901 3649 τῶν

2306 3683 2412 3747 ἔξω
2461 3684 2754 3753 μεμάθηκε
2794 3684 3120 3753 φιλοσόφων.
3158 3685 3221 3736 ῚΙ
3268 3685 3373 3756 γὰρ
3424 3684 3544 3737 θεία
3590 3686 3793 3757 Γραφὴ
3839 3689 3903 3738 ἐκ

2303 3775 2483 3843 ψυχῆς
2514 3776 2661 3842 λέγει
2694 3776 2787 3827 καὶ
2819 3774 3072 3845 σώματος
3102 3776 3422 3828 συνεστάναι
3463 3776 3555 3829 τὸν
3584 3776 3898 3846 ἄνθρωπον.

2311 3882 2329 3915 ι
2370 3864 2625 3935 Ἐποίησε
2652 3866 2781 3934 γὰρ,
2837 3865 3025 3933 φησιν,
3051 3866 3078 3915 ὁ
3124 3863 3254 3925 Θεὸς
3300 3864 3391 3916 τὸν
3440 3864 3735 3935 ἄνθρωπον
3769 3866 3900 3934 χοῦν

2305 3956 2413 4009 ἀπὸ
2442 3957 2538 4023 τῆς
2573 3957 2694 4024 γῆς,
2726 3957 2820 4008 καὶ
2845 3955 3181 4025 ἐνεφύσησεν
3218 3957 3299 4019 εὶς
3313 3956 3373 4008 τὸ
3400 3958 3698 4025 πρόσωπον
3729 3957 3899 4011 αὐτοῦ

2305 4048 2471 4118 πνοὴν
2527 4048 2691 4118 ζωῆς,
2748 4050 2841 4101 καὶ
2901 4049 3121 4116 ἐγένετο
3180 4050 3209 4101 ό
3250 4051 3541 4117 ἄνθρωπος
3585 4052 3668 4115 εἰς
3714 4052 3899 4122 ψυχὴν

2303 4139 2504 4203 ζῶσαν.
2544 4160 2561 4189 ι
2600 4140 2709 4192 Καὶ
2738 4142 2766 4192 ό
2820 4140 3029 4211 Κύριος
3062 4142 3121 4193 ὲν
3154 4144 3268 4204 τοῖς
3317 4143 3483 4210 ἱεροῖς
3533 4142 3897 4209 Εὐαγγελξοες

2301 4234 2414 4293 τοῖς
2452 4231 2776 4294 ἀποστόλοις
2816 4231 2957 4301 ἔφη·
2994 4250 3011 4281 ι
3041 4231 3131 4301 Μὴ
3185 4231 3442 4298 φοὸεῖσθε
3479 4231 3587 4283 ἀπὸ
3618 4232 3731 4284 τῶν
3758 4235 3895 4287 ἁπο-

2304 4322 2626 4373 κτεινόντων
2673 4321 2734 4373 τὸ
2788 4322 2969 4392 σῶμα,
3005 4320 3102 4392 τὴν
3134 4308 3188 4373 δὲ
3224 4322 3401 4390 ψυχὴν
3444 4322 3520 4391 μὴ
3570 4322 3894 4392 δυναμένων

2232 4422 2273 4474 ι)
2305 4413 2644 4466 ἀποκτεῖναι.
2680 4432 2697 4463 ι

2374 4505 2453 4557 Τὰ
2486 4506 2582 4574 μὲν
2612 4500 2703 4557 οὖν
2735 4504 2844 4557 τῶν
2869 4504 3163 4575 αἱρετικῶν
3189 4504 3436 4573 δόγματα
3471 4504 3745 4574 τοσαύτην
3776 4504 3891 4574 ἔχει

2304 4593 2439 4662 πρὸς
2480 4593 2685 4663 ἄλληλα
2718 4593 3017 4663 διαμάχην.
3049 4585 3207 4645 Οῦτοι
3245 4594 3300 4645 δὲ
3343 4594 3435 4644 τὸν
3484 4593 3887 4662 Ἀπολινάριον,

2302 4684 2395 4734 καὶ
2427 4683 2610 4750 μέντοι
2658 4683 2751 4735 καὶ
2776 4684 2994 4754 ’Λρειον
3030 4683 3126 4735 καὶ
3164 4683 3429 4751 Εὐνόμιον
3462 4683 3773 4754 ὑπερϐῆναι
3821 4687 3884 4751 τῇ

2302 4772 2527 4840 ἀσεὸεἱα
2577 4772 3080 4842 φιλονεικήσειντες,
3110 4772 3208 4842 τὴν
3255 4773 3360 4825 ὑπὸ
3418 4772 3743 4826 Βαλεντίνου
3794 4778 3886 4826 καὶ

2303 4862 2652 4931 Βαρδησάνου
2684 4864 2851 4916 πάλαι
2888 4866 3191 4935 σπαρεῖσαν
3225 4864 3459 4934 αἰρεσιν,
3500 4860 3620 4918 εἶτα
3651 4867 3884 4936 πρόρρι-

2302 4953 2391 5014 ζον
2429 4953 2532 5004 ὑπὸ
2564 4954 2672 5005 τῶν
2708 4955 2948 5025 ἀρίστων
2970 4954 3419 5007 ἀνασπασθεῖσαν
3450 4956 3741 5025 γεωργῶν,
3786 4975 3885 5025 φυ-

2299 5043 2491 5095 τεῦσαι
2531 5044 2625 5095 νῦν
2652 5044 3042 5115 ἐπειράθησαν.
3081 5046 3484 5116 Παραπλησίως
3517 5047 3628 5118 γὰρ
3650 5048 3878 5111 ἐκείνοις

2300 5133 2615 5202 ἠρνήθησαν
2661 5137 2723 5187 ἐκ
2759 5136 2855 5204 τῆς
2906 5136 3178 5206 ἡμετέρας
3211 5136 3425 5205 φύσεως
3478 5139 3879 5211 προσειλῆφθαι

2298 5227 2390 5279 τοῦ
2418 5229 2690 5281 Δεσπότου
2720 5231 2781 5283 τὸ
2820 5230 3000 5299 σῶμα.
3040 5231 3103 5282 Ἡ
3136 5230 3191 5282 δὲ
3239 5230 3558 5300 Ἐκκλησία,
3600 5234 3716 5293 τοῖς
3748 5232 3879 5303 ἀπίοι

2300 5317 2567 5381 στολικοῖς
2601 5319 2801 5390 ἴχνεσιν
2832 5321 3099 5391 ἑπομένη,
3129 5323 3221 5373 καὶ
3253 5321 3481 5391 θεότητα
3512 5322 3753 5388 τελείαν,
3787 5327 3877 5374 καὶ

2299 5409 2695 5482 ἀνθρωπότητα
2742 5413 2955 5468 τελείαν
2990 5418 3047 5467 ἐν
3084 5413 3161 5484 τῷ
3199 5414 3446 5485 Δεσπότῃ
3482 5414 3711 5487 Χριστῷ
3746 5413 3878 5467 ﬂatur
