4086 6326
201 341 344 414 1381

1517 336 1881 399 EPISTOLA
1921 316 2127 396 CXLV.

3349 333 3488 398 138‘2

199 460 311 529 ρεῐ.
342 457 554 525 Ὠσπερ
575 454 685 525 γὰρ
718 454 877 507 ἔλαϐε
916 454 1099 523 σῶμα,
1131 453 1191 505 οὐ
1226 454 1482 529 δεύμενος
1515 448 1787 518 σώματος,

1898 460 1996 514 pus
2020 444 2255 513 sumpsit
2296 459 2530 514 corpore
2570 462 2676 500 non
2706 460 2893 516 egens,
2930 444 3025 498 scd
3057 451 3115 497 ut
3159 446 3490 512 corporibus

194 547 338 602 ἀλλὰ
370 548 504 600 πᾶσι
546 549 660 608 τοῖς
710 544 925 615 σώμασι
983 544 1050 596 δι’
1090 524 1310 597 ὲκείνού
1345 542 1444 612 τήν
1488 538 1789 593 ἀθανασίαν

198 636 769 709 πραγματευόμενος·
824 633 969 688 οὕτω
1019 633 1083 705 δὴ
1139 635 1231 686 καὶ
1268 631 1447 702 ψυχὴν
1492 630 1649 682 ἔλαϐε
1691 626 1789 697 τήν

198 728 559 800 κυϐερνῶσαν
607 727 669 780 τὸ
710 726 889 797 σῶμα,
939 726 1029 778 ἵνα
1081 727 1234 778 πᾶσα
1256 722 1402 792 ψυχὴ
1442 722 1532 775 διὰ
1584 721 1790 788 ταύτης

204 821 460 892 μετάσχῃ
508 819 608 888 τῆς
645 818 1069 888 άτρεπτότητος.
1123 817 1187 868 Εἰ
1227 815 1337 884 γὰρ
1386 815 1479 867 καὶ
1527 813 1789 867 ἀθάνατοί

200 912 347 961 εέσιν
378 912 432 960 αἱ
467 910 662 978 ψυχαὶ,
706 906 823 961 ἀλλ’
862 909 965 960 ούκ
1003 908 1284 975 ἄτρεπτοι.
1318 904 1527 967 Πολλὰς
1560 904 1669 974 γὰρ
1696 904 1791 956 καὶ

199 999 612 1070 ἁγχιστρόφους
651 997 951 1067 μεταϐολὰς
1001 994 1353 1063 ὑπομένουσι,
1403 993 1498 1046 νῦν
1542 994 1640 1061 μὲν
1669 994 1790 1045 τού-

198 1106 320 1151 τοις
355 1087 743 1158 ἀρεσκόμεναι,
775 1086 870 1141 νῦν
908 1086 964 1139 δὲ
999 1086 1253 1147 ἐκείνοις.
1289 1076 1363 1137 Ob
1394 1083 1458 1153 δὴ
1494 1082 1790 1154 χάρινκαὶ

200 1178 643 1247 πλημμελοῦμεν
674 1179 1090 1247 ἐκτρεπόμενοι,
1143 1180 1237 1233 καὶ
1268 1178 1364 1249 τὴν
1392 1180 1484 1231 ἐπὶ
1519 1180 1587 1233 τὰ
1622 1179 1790 1248 χείρω

201 1270 384 1338 ῥοπὴν
428 1267 815 1338 εἰσδεχόμενοι.
869 1269 1025 1321 Μετὰ
1069 1270 1124 1322 δὲ
1163 1268 1260 1337 τήν
1295 1269 1615 1332 ἀνάστασιν,
1657 1268 1791 1319 ἀπο·-

197 1360 362 1412 λαύει
414 1359 513 1429 μὲν
547 1358 846 1419 ἀθανασίας
904 1358 997 1412 καὶ
1059 1357 1368 1428 ἀφθαρσίας
1419 1358 1487 1409 τὰ.
1538 1356 1789 1425 σώματα,

197 1450 541 1504 ἀπολαύουσι
571 1450 627 1502 δὲ
652 1448 920 1511 ἀπαθείας
945 1448 1039 1501 καὶ
1068 1450 1469 1518 ἀτρεπτότητος
1501 1449 1556 1500 αἱ
1599 1446 1788 1517 ψυχαί.

199 1543 308 1597 Διά
330 1560 412 1596 τοι
432 1542 606 1601 τοῦτο,
628 1543 724 1596 καὶ
742 1543 903 1612 σῶμα
918 1542 1098 1594 λαϐὼν
1124 1543 1217 1594 καὶ
1236 1543 1414 1611 ψυχὴν
1444 1544 1470 1594 6
1497 1542 1791 1609 μονογενὴς

199 1635 339 1696 Υἱὸς
386 1633 522 1686 Θεοῦ
565 1635 698 1701 (Η),
739 1634 932 1704 μώμου
981 1633 1154 1686 ταῦτα
1186 1633 1386 1695 παντὸς
1422 1633 1684 1702 ἐλεύθερα
1715 1632 1791 1683 δι-

199 1724 464 1793 εφύλαξε.
496 1727 589 1778 καὶ
612 1724 710 1795 τὴν
748 1726 891 1795 ὑπὲρ
925 1724 1016 1777 τοῦ
1040 1725 1227 1793 γένους
1260 1725 1450 1778 θυσίαν
1486 1726 1793 1791 προσήνεγ-

200 1831 323 1867 κεν.
356 1814 455 1867 Διά
491 1815 599 1882 γὰρ
625 1813 689 1884 δὴ
729 1815 888 1866 τοῦτο
914 1813 1009 1866 καὶ
1042 1814 1331 1884 ἀρχιερεὺς
1359 1813 1515 1883 ήμῶν
1540 1812 1791 1881 ἐχρημά-

197 1920 355 1957 τισεν
374 1919 385 1931 ·
415 1905 715 1974 ἀρχιερεὺς
738 1902 795 1955 δὲ
820 1904 917 1972 οὐχ
956 1903 1030 1965 ὡς
1060 1902 1213 1966 Θεὸς,
1254 1903 1369 1955 ἀλλ’
1403 1902 1477 1965 ὡς
1507 1902 1792 1970 ἄνθρωπος

204 1994 496 2062 κέκληται.
536 1987 647 2046 Καὶ
690 1994 853 2056 αὐτὸς
884 1996 1186 2065 προσφέρει
1233 1993 1329 2062 μὲν
1373 1992 1447 2055 ὼς
1482 1990 1790 2062 ἄνθρωπος,

200 2084 423 2153 δέχεται
480 2083 537 2135 δὲ
590 2084 689 2154 τήν
735 2082 927 2136 θυσίαν
975 2084 1113 2153 μετὰ
1154 2081 1250 2134 τοῦ
1302 2080 1515 2151 Πατρὸς
1567 2080 1792 2133 καὶτοῦ

199 2175 364 2241 ἁγίου
398 2173 710 2244 Πνεύματος
734 2172 809 2236 ὡς
836 2174 987 2237 Θεὸς.
1024 2174 1083 2225 El
1123 2175 1221 2243 μὲν
1251 2171 1361 2243 γὰρ
1400 2172 1495 2225 τοῦ
1532 2173 1705 2243 ’Λδὰμ
1733 2174 1794 2225 τὸ

203 2266 368 2335 σῶμα
405 2267 563 2336 μόνον
592 2267 925 2336 ἐξήμαρτεν,
962 2266 1067 2317 ἔδει
1102 2266 1261 2317 τοῦτο
1295 2263 1455 2334 μόνον
1488 2265 1794 2319 ἀπολαῦσαι

199 2357 305 2426 τῆς
342 2356 662 2426 θεραπείας.
698 2356 850 2408 Ἐπεὶ
885 2356 942 2408 δὲ
966 2357 1025 2408 οὐ
1054 2356 1214 2426 μόνον
1254 2359 1621 2427 συνήμαρτεν,
1656 2355 1795 2409 ἀλλὰ

203 2449 305 2503 καὶ
345 2452 699 2519 προήμαρτεν
736 2448 943 2517 ἡψυχὴ
985 2448 1275 2521 (πρότερος
1327 2450 1435 2519 γὰρ
1476 2451 1503 2501 6
1532 2447 1794 2516 λογισμὸς

201 2539 635 2610 ὃιαγράφει“τήν
662 2540 963 2608 ἁμαρτίαν,
998 2535 1100 2590 εἷθ’
1132 2539 1306 2601 οὕτως
1338 2538 1543 2605 ταύτην
1574 2538 1661 2589 διὰ
1700 2536 1794 2589 τοῦ

209 2629 468 2699 σώματος
504 2630 739 2697 ἐνεργεῖ)
774 2644 785 2655 ·
824 2627 1031 2680 δίκαιον
1056 2622 1124 2697 ἦν
1150 2627 1321 2699 δήπου
1347 2629 1441 2681 καὶ
1462 2628 1667 2697 ταύτην
1695 2629 1796 2699 τῆς

206 2718 450 2787 ἰατρείας
475 2720 681 2785 τυχεῖν.
735 2716 898 2769 Ἀλλά
940 2717 1048 2786 γὰρ
1085 2717 1357 2787 παρέλκον
1387 2720 1519 2781 ἴσως
1552 2722 1614 2771 ὲκ
1650 2718 1795 2786 λογι-

204 2811 364 2879 σμῶν
417 2809 688 2862 ποιεῖσθαι
740 2808 931 2862 τούτου
962 2812 1060 2872 τὰς
1110 2809 1436 2873 ἀποδείξεις,
1487 2811 1584 2880 τῆς
1647 2810 1797 2873 θείας

202 2901 365 2955 τοῦτο
402 2899 589 2970 σαφῶς
633 2899 1017 2970 κηρυττούσης
1055 2900 1303 2971 Γραφῆς,
1336 2901 1446 2953 Καὶ
1481 2901 1591 2970 γὰρ
1629 2901 1797 2954 Δαϐὶδ

200 2996 232 3046 6
265 2992 554 3054 θεσπέσιος
587 2994 681 3046 καὶ
710 2993 739 3045 6
767 2992 1041 3056 θειότατος
1069 2993 1275 3064 Πέτρος
1306 2992 1603 3064 διαρρήδην
1640 2992 1797 3046 τοῦτο

203 3084 576 3146 διδάσκουσιν,
602 3086 630 3136 6
664 3084 763 3153 μὲν
796 3084 1082 3156 πόρρωθεν
1116 3084 1519 3155 προθεσπίζων,
1554 3087 1581 3137 ὁ
1608 3084 1665 3137 δὲ
1696 3085 1795 3153 τὴν

203 3177 518 3247 πρόρρησιν
540 3176 916 3247 ὲρμνηνεύων.
936 3178 1074 3246 Φησὶ
1093 3177 1149 3230 δὲ
1172 3178 1315 3231 οὕτω
1342 3177 1449 3229 τῶν
1480 3178 1796 3230 ἀποστόλων

204 3272 235 3323 6
266 3268 482 3339 πρῶτος
504 3285 515 3296 ·
557 3289 574 3319 ι
606 3270 903 3341 Προφήτης
932 3270 1194 3340 ὑπάρχων
1231 3271 1259 3323 6
1292 3269 1479 3334 Aa6l'6,
1508 3269 1604 3322 καὶ
1642 3267 1799 3331 εἰδὼς

207 3362 294 3413 ὅτι
330 3361 480 3429 ὅρκῳ
508 3359 721 3429 ὤμοσεν
754 3359 947 3429 αὺτῷὀ
972 3359 1103 3423 Θεὸς
1135 3361 1199 3412 ὲκ
1229 3358 1445 3431 καρποῦ
1470 3360 1571 3429 τῆς
1599 3358 1799 3426 ὀσφύος

207 3450 377 3529 αὐτού
414 3450 742 3519 ἀναστήσειν
778 3449 921 3501 κατὰ
958 3449 1137 3515 σάρκα
1176 3449 1267 3502 τὸν
1291 3449 1546 3517 Χριστὸν,
1579 3448 1801 3499 καθίσαι

209 3541 309 3595 ἐπὶ
340 3539 433 3593 τοῦ
484 3540 677 3610 θρόνου
715 3539 907 3606 αὐτοῦ,
955 3539 1221 3610 προειδὼς
1257 3539 1487 3609 ὲλάλησε
1531 3540 1661 3609 περὶ
1702 3540 1802 3608 τῆς

210 3631 565 3693 ἀναστάσεως
593 3631 782 3693 αὑτοῦ,
810 3632 895 3683 ὅτι
937 3632 1037 3683 ούκ
1067 3630 1464 3700 ἐγκατελείφθη
1505 3632 1583 3692 εἰς
1615 3630 1740 3700 ᾅδου
1768 3630 1801 3698 ή

208 3720 360 3793 ψυχή
389 3705 577 3787 αὐτοῦ,
601 3724 723 3776 οὐδὲ
758 3725 790 3792 ή
820 3723 957 3792 σὰρξ
984 3722 1150 3775 αὑτοῦ
1185 3718 1328 3774 εἶδεν
1356 3721 1674 3792 διαφθοράν.
1707 3741 1725 3771 ι

288 3817 466 3871 Πολλὰ
496 3817 552 3869 δὲ
586 3816 727 3869 κατὰ
771 3815 969 3868 ταυτὸν
1006 3816 1152 3884 ἡμᾶς
1183 3814 1269 3867 διὰ
1312 3814 1423 3866 τῶν
1457 3814 1655 3881 ὀλίγων
1684 3813 1806 3865 τού-

209 3928 325 3964 των
352 3908 703 3975 ὲξεπαίδευσε
738 3908 936 3974 λόγων.
966 3907 1191 3977 Πρῶτον
1225 3906 1323 3975 μὲν
1356 3907 1430 3968 ὼς
1469 3908 1501 3975 ἡ
1537 3906 1803 3974 ληφθεῖσα

214 3999 378 4066 φύσις
423 4000 487 4050 ἐκ
528 3998 625 4066 τῆς
672 3998 871 4067 ὀσφύος
922 4001 1016 4050 τοῦ
1044 3999 1207 4051 Δαϐὶδ
1238 4000 1467 4066 κατάγει
1501 3998 1562 4050 τὸ
1605 4000 1761 4066 γένος
1787 4014 1802 4027 ο

213 4088 409 4140 ἔπειτα
436 4088 493 4140 δὲ
519 4088 601 4139 ὅτι
631 4088 690 4155 ού
730 4072 891 4158 σῶμα
923 4088 1107 4158 μόνον,
1140 4088 1278 4141 ἀλλά
1318 4089 1414 4141 καὶ
1461 4088 1642 4159 ψυχήν
1672 4088 1805 4141 ἀθά-

212 4193 378 4230 νατον
401 4175 591 4228 ἔλαϐε·
622 4178 715 4228 καὶ
746 4176 886 4246 πρὸς
915 4174 1147 4239 τούτοις,
1173 4177 1254 4228 ὅτι
1283 4176 1458 4228 ταῦτα
1483 4175 1560 4245 τῷ
1592 4175 1807 4244 θανάτῳ

210 4266 534 4334 παρέδωκεν
569 4265 706 4336 (15),
738 4265 774 4318 ἆ
801 4265 986 4318 λαϐὼν
1028 4267 1192 4318 πάλιν
1243 4266 1543 4336 ἀνέστησεν
1574 4266 1647 4327 ὡς
1681 4264 1805 4333 ήθέ-

210 4361 402 4431 λησεν.
438 4342 616 4411 Αὑτοῦ
645 4359 754 4429 γάρ
796 4359 946 4411 ἐστιν
974 4361 1007 4429 ή
1043 4359 1194 4429 φωνή
1222 4376 1234 4388 ο
1269 4376 1288 4409 ι
1313 4357 1528 4411 Λύσατε
1561 4358 1652 4410 τὸν
1681 4357 1805 4410 ναὸν

208 4450 423 4514 τοῦτον,
457 4449 551 4502 καὶ
591 4452 650 4502 ὲν
699 4450 879 4519 τρισὶν
922 4449 1159 4519 ἡμέραις
1196 4448 1373 4519 ἐγερῶ
1398 4449 1579 4503 αὐτόν.
1623 4468 1641 4500 ›
1692 4450 1805 4502 Με-

214 4541 549 4613 μαθήκαμεν
571 4539 627 4592 δὲ
663 4537 799 4611 (16),
836 4540 910 4602 ὡς
937 4542 971 4610 ή
1018 4539 1138 4593 θεία
1170 4540 1331 4608 φύσις
1370 4540 1658 4602 ἀθάνατος.
1698 4540 1803 4592 Πέ-

212 4631 381 4683 πονθε
423 4630 536 4701 γὰρ
574 4632 637 4683 τὸ
693 4631 969 4699 παθητὸν,
1003 4633 1095 4683 καὶ
1143 4630 1204 4683 τὸ
1246 4630 1455 4693 ἀπαθὲς
1492 4630 1802 4700 μεμένηκεν

208 4721 446 4783 ἀπαθές.
468 4721 890 4792 Ἐνηνθρὼπησε
910 4722 1018 4790 γὰρ
1049 4725 1075 4774 6
1097 4722 1229 4784 Θεὸς
1251 4720 1558 4791 Λόγος,ούχ
1582 4722 1672 4773 ἵνα
1694 4738 1802 4773 πα-

1824 1783 1864 1835 Β

1824 3119 1867 3181 C

1894 537 2152 590 omnibus
2189 550 2287 606 per
2333 535 2467 591 illud
2519 545 2804 606 praestaret
2856 534 3370 589 immortalitatem:
3407 536 3488 590 sic

1892 636 1950 680 et
1987 628 2223 680 animam
2252 628 2486 697 sumpsit
2512 642 2717 696 corpus
2753 627 3175 697 gubernantem,
3212 636 3273 678 ut
3308 627 3491 679 omnis

1893 732 1992 783 per
2024 717 2169 770 illam
2195 718 2378 771 anima
2404 718 2908 771 immutabilitatem
2942 717 3363 786 adipisceretur.
3398 716 3493 769 Li-

1894 816 1983 861 cet
2012 807 2161 861 enim
2219 809 2560 862 immortales
2593 809 2706 861 sint
2751 808 2967 872 animm,
3006 823 3111 859 non
3164 814 3344 859 tamen
3386 806 3492 857 im-

1893 898 2210 952 mutabiles.
2240 898 2437 952 Multas
2470 900 2619 953 enim
2654 914 2858 967 easque
2893 897 3217 966 frequentes
3249 897 3493 950 subeunt

1894 988 2252 1053 mutationes,
2310 1004 2437 1042 cum
2492 989 2659 1041 modo
2713 988 2801 1041 bis
2858 988 3227 1053 delectentur,
3284 981 3494 1040 ‘modo

1894 1078 2022 1132 illis.
2051 1078 2171 1145 Quo
2196 1095 2328 1133 sane
2364 1080 2423 1133 ﬁt
2465 1081 2631 1133 etiam
2670 1088 2731 1132 ut
2773 1094 3091 1147 peccemus,
3136 1078 3265 1131 dum
3298 1078 3366 1131 ad
3394 1078 3493 1131 de-

1894 1170 2098 1223 teriora
2126 1170 2525 1235 convertimur,
2547 1178 2601 1224 et
2631 1170 2698 1224 ad
2719 1186 2782 1224 ea
2804 1169 3237 1239 propendemus.
3254 1170 3383 1223 Post
3405 1184 3493 1222 re-

1894 1261 2294 1314 surrectionem
2308 1269 2491 1314 autem
2506 1260 2767 1315 fruuntur
2782 1265 3016 1328 corpora
3034 1259 3256 1328 quidem
3273 1259 3344 1312 im
3354 1274 3497 1311 mor-

1897 1352 2104 1404 talitate
2151 1360 2207 1405 et
2252 1351 2693 1420 incorruptione,
2726 1352 2922 1404 animae
2956 1362 3091 1405 vero
3139 1349 3495 1419 impassibili-

1897 1451 2065 1497 tatem
2106 1443 2361 1497 obtinent
2400 1455 2457 1498 et
2486 1443 3013 1497 immutabilitatem.
3043 1442 3340 1511 Propterea
3369 1458 3494 1495 cum

1894 1547 1952 1589 et
1982 1535 2219 1588 animam
2244 1542 2534 1604 eteorpus
2566 1534 2894 1603 sumpsisset
2931 1533 3252 1603 unigenitus
3279 1533 3374 1587 Dei
3404 1533 3494 1587 Fi-

1894 1624 2023 1689 lius,
2048 1625 2163 1678 lure
2194 1626 2263 1678 ab
2291 1626 2441 1678 omni
2480 1625 2603 1678 labe
2638 1624 2814 1678 libera
2844 1624 3109 1687 servavit,
3147 1622 3497 1691 bestiamque

1895 1714 2099 1768 obtulit
2151 1731 2250 1783 pro
2276 1730 2477 1785 genere
2529 1715 2822 1779 universo;
2860 1714 3095 1783 ideoque
3148 1720 3203 1767 et
3249 1715 3498 1783 pontitex

1895 1814 2086 1860 noster
2106 1808 2414 1876 appellatus
2438 1814 2544 1861 est.
2578 1806 2834 1861 Pontifex
2870 1816 3054 1859 autem
3086 1822 3195 1858 non
3238 1812 3299 1879 ut
3322 1806 3493 1868 Deus,

1896 1900 1993 1951 sed
2022 1906 2082 1951 ut
2116 1897 2280 1951 homo
2316 1907 2547 1952 Vocatus
2574 1908 2689 1963 est;
2724 1906 2780 1952 et
2816 1897 2932 1967 ipse
2973 1896 3198 1966 quidem
3230 1892 3396 1950 o‘ll‘ert
3437 1903 3498 1947 ut

1896 1992 2083 2065 homo,
2138 1992 2371 2061 suscipit
2401 2001 2583 2046 autem
2636 1993 2873 2045 hostiam
2913 2006 3037 2045 cum
3077 1991 3238 2044 Patre
3286 1999 3343 2043 et
3372 2004 3497 2043 cum

1894 2092 2089 2137 sancto
2151 2082 2361 2152 Spiritu
2411 2092 2470 2136 ut
2505 2084 2669 2159 Deus.
2704 2082 2923 2135 Etenim
2963 2082 3008 2135 si
3025 2074 3249 2135 ’Adami
3295 2093 3500 2150 carpus

1893 2173 2076 2228 solum
2105 2164 2405 2242 peccasset,
2440 2174 2545 2228 hoc
2569 2172 2784 2243 1250
2804 2164 2980 2227 selum
3008 2171 3199 2226 curari
3225 2172 3497 2240 oportuis-

1897 2273 2005 2317 set.
2040 2263 2178 2328 Quia
2203 2278 2336 2317 vero
2362 2263 2542 2317 anima
2564 2279 2675 2317 non
2703 2263 2883 2317 solum
2911 2262 3075 2316 simul
3105 2265 3378 2331 peccavit,
3403 2260 3500 2314 sed

1895 2357 2055 2426 prius
2081 2356 2248 2411 etiam
2276 2355 2525 2425 peccavit
2544 2354 2718 2426 (prior
2741 2355 2889 2409 enim
2920 2354 3183 2424 cogitatio
3211 2362 3502 2423 peccatum

1897 2449 2175 2520 designat,
2207 2458 2324 2504 tum
2384 2446 2522 2501 illud
2562 2445 2766 2500 deinde
2803 2462 2899 2514 per
2942 2460 3148 2513 corpus
3187 2444 3498 2513 operatur),

1897 2558 2118 2611 aequum
2157 2542 2263 2595 fuit
2289 2540 2517 2595 omnino
2548 2540 2692 2594 hanc
2728 2539 2895 2594 etiam
2925 2538 3231 2607 persanari.
3278 2536 3382 2591 Sed
3412 2552 3504 2590 su—

1899 2648 2307 2704 pervacaneum
2350 2640 2437 2686 est
2481 2630 2717 2687 fortasse
2769 2629 3083 2684 rationibus
3120 2628 3227 2681 hoc
3275 2626 3505 2679 demon-

1900 2735 2100 2793 strare,
2147 2741 2275 2781 cum
2316 2726 2503 2781 divina
2565 2726 2854 2796 Scriptura
2907 2733 3101 2793 aperte
3153 2720 3498 2791 prOnuntiet.

1898 2818 2039 2873 Nam
2067 2826 2125 2872 et
2159 2817 2382 2872 divinus
2418 2817 2614 2883 David,
2644 2826 2699 2872 et
2735 2815 3119 2871 divinissimus
3167 2814 3368 2868 Petrus
3422 2810 3507 2865 di-

1899 2917 2050 2962 serte
2073 2907 2181 2962 hoc
2204 2906 2431 2973 docent,
2462 2907 2554 2961 ille
2583 2907 2759 2961 multo
2780 2913 2907 2960 ante
2939 2905 3269 2970 vaticinans,
3299 2903 3390 2956 hic
3412 2918 3509 2956 va-

1900 3000 2157 3054 ticinium
2201 2999 2511 3054 declarans.
2542 2998 2633 3054 Sic
2666 3011 2853 3053 autem
2885 3000 2965 3053 ait
3001 2998 3262 3068 princeps
3286 3003 3509 3065 aposto—

1900 3090 2083 3144 lorum
2120 3110 2132 3143 :
2170 3110 2187 3141 ι
2219 3091 2495 3160 Propheta
2517 3106 2645 3145 cum
2669 3101 2817 3146 esset
2844 3089 3042 3154 David,
3071 3098 3127 3143 et
3151 3087 3324 3141 sciret
3356 3086 3506 3156 quod

1900 3179 2267 3251 jurejurando
2291 3181 2534 3250 jurasset
2567 3180 2646 3233 illi
2671 3181 2817 3234 Deus
2838 3178 3195 3234 excitandum
3218 3176 3504 3230 Christum
3574 3194 3579 3205 κ

1904 3270 2211 3325 secundum
2242 3281 2489 3336 carnem,
2526 3270 2595 3325 de
2635 3270 2819 3324 fructu
2847 3269 3021 3323 lumbi
3055 3269 3194 3337 ejus,
3225 3277 3286 3320 ut
3316 3265 3508 3319 sedeat

1904 3378 2072 3432 super
2094 3361 2281 3417 sedem
2313 3363 2453 3432 ejus,
2491 3361 2791 3431 providens
2840 3362 3061 3415 locutus
3097 3367 3183 3412 est
3211 3358 3280 3413 de
3315 3372 3504 3411 resur-

1905 3452 2153 3505 rectione
2181 3449 2391 3506 Christi
2418 3469 2431 3503 :
2459 3452 2590 3520 quia
2613 3466 2794 3520 neque
2818 3450 3083 3504 derelicta
3107 3450 3265 3502 estin
3290 3447 3509 3501 inferno

1902 3545 2089 3598 anima
2114 3544 2255 3614 ejus,
2273 3559 2453 3614 neque
2482 3560 2612 3600 caro
2635 3546 2756 3615 ejus
2788 3543 2929 3599 vidit
2958 3543 3380 3615 corruptionem
3399 3539 3500 3593 ⁸⁸.»

1981 3831 2149 3886 Multa
2188 3842 2372 3887 autem
2403 3832 2597 3903 paucis
2640 3830 2729 3887 his
2764 3834 2952 3888 verbis
2975 3835 3167 3888 eadem
3205 3850 3370 3903 opera
3406 3850 3508 3890 nos

1908 3924 2117 3979 docuit.
2156 3925 2403 3978 Primum
2428 3924 2675 3995 quidem,
2708 3926 2855 3995 quod
2900 3936 3096 3987 natura
3129 3938 3409 3998 assumpta
3440 3929 3509 3982 de

1908 4016 2098 4070 lumbo
2120 4016 2343 4071 Davidis
2372 4032 2547 4087 genus
2579 4017 2749 4075 ducat
2782 4018 3020 4073 :deinde
3054 4019 3202 4087 quod
3238 4035 3349 4073 non
3382 4036 3509 4073 cor-

1906 4124 2011 4177 pus
2036 4108 2236 4175 solum,
2266 4109 2362 4163 sed
2387 4109 2628 4164 animam
2663 4126 2886 4180 quoque
2939 4112 3239 4180 sumpserit
3280 4114 3509 4166 immor-

1908 4198 2074 4252 talem
2106 4216 2118 4251 :
2146 4207 2203 4251 et
2233 4208 2499 4268 praeterea
2529 4200 2680 4270 quod
2709 4202 2876 4256 morti
2911 4203 3028 4257 haec
3053 4203 3363 4267 tradiderit,
3389 4220 3512 4272 qum

1909 4289 2117 4342 iterum
2166 4305 2395 4345 sumens
2443 4292 2805 4346 exsuscitavit
2876 4294 3021 4348 sicut
3075 4293 3270 4347 voluit.
3334 4294 3513 4364 Ipsius

1908 4382 2059 4434 enim
2095 4397 2202 4435 vox
2227 4391 2309 4437 est
2349 4400 2363 4435 :
2397 4401 2414 4431 ι
2455 4381 2961 4453 Solvite‘templum
2997 4385 3122 4451 hoc,
3156 4394 3213 4439 et
3242 4385 3299 4440 in
3334 4385 3512 4440 tribus

1836 4502 1880 4556 Β
1911 4471 2109 4526 diebus
2138 4472 2395 4527 excitabo
2422 4473 2558 4527 illud
2583 4475 2648 4527 9°.
2684 4493 2702 4525 ι
2757 4475 2977 4530 Scimus
3035 4484 3221 4531 autem
3262 4476 3510 4530 divinam

1905 4572 2159 4639 naturam
2188 4578 2309 4618 esse
2338 4565 2730 4619 immortalem.
2755 4566 2958 4622 Passus
2981 4568 3130 4622 enim
3155 4578 3241 4621 est
3268 4568 3321 4622 id
3360 4573 3510 4638 quod

1898 4664 2021 4711 erat
2050 4655 2331 4726 passibile,
2368 4668 2425 4712 et
2450 4658 2794 4726 impassibile
2830 4661 3034 4713 mansit
3065 4660 3214 4729 quod
3253 4670 3375 4715 erat
3407 4662 3512 4715 im-

1898 4749 2180 4816 passibile.
2214 4749 2414 4804 Factus
2446 4750 2652 4819 quippe
2696 4759 2782 4805 est
2828 4752 2997 4806 homo
3044 4754 3202 4807 Deus
3244 4753 3507 4817 Verbum,

210 4811 385 4882 θητήν
407 4813 666 4884 ἀποφήνῃ
694 4811 791 4880 τὴν
815 4811 998 4881 ἀπαθῆ
1026 4812 1208 4879 φύσιν,
1228 4813 1342 4865 ἀλλ’
1375 4813 1463 4867 ἵνα
1488 4816 1555 4884 τῇ
1582 4813 1796 4883 -παθητῇ

1898 4853 2011 4891 non
2038 4847 2097 4892 ut
2126 4839 2441 4908 passibilem
2494 4840 2757 4895 redderet
2793 4842 3195 4911 impassibilem
3221 4852 3506 4909 naturam,

208 4902 376 4973 φύσει
424 4902 513 4955 διὰ
543 4903 636 4955 τοῦ
670 4904 875 4965 πάθους
899 4904 996 4972 τὴν
1031 4903 1303 4957 ἀπάθειαν
1326 4903 1662 4975 δωρήσηται.
1688 4904 1800 4955 Καὶ

208 4993 375 5057 αὐτὸς
414 4994 469 5045 δὲ
510 4995 539 5046 6
576 4994 779 5063 Κύριος
825 4996 883 5046 ὲν
928 4997 1041 5057 τοῖς
1095 4996 1260 5064 ἱεροῖς
1305 4996 1660 5064 Εὐαγγελίοις
1706 4994 1801 5049 νῦν

212 5086 317 5156 μέν
350 5102 516 5154 φησιν
538 5102 552 5115 ο
590 5103 610 5135 ι
647 5086 926 5149 Ἑξουσξαν
956 5088 1063 5157 ἔχω
1113 5089 1287 5141 θεῖναι
1326 5091 1424 5158 τὴν
1461 5092 1643 5162 ψυχήν
1672 5110 1796 5161 μου,

208 5178 308 5231 καὶ
333 5178 580 5241 ἐξουσίαν
603 5178 710 5248 ἔχω
725 5182 886 5234 πάλιν
913 5181 1096 5235 λαϐεῖν
1116 5182 1305 5253 αὐτήν.
1328 5184 1519 5247 Οὐδεὶς
1536 5185 1682 5256 αἴρει
1699 5187 1801 5239 αὖ·

208 5268 312 5335 τὴν
344 5268 441 5320 ἀπ’
465 5269 633 5339 ἐμοῦ’
672 5270 784 5339 ἐγὼ
815 5273 1007 5342 τίθημι
1060 5274 1229 5345 αὐτήν
1266 5276 1361 5328 ἀπ’
1415 5277 1677 5347 ἐμαυτοῦ,
1711 5279 1796 5333 ἵνα

209 5359 377 5411 πάλιν
420 5360 569 5413 λάϐω
594 5361 767 5432 αὐτήν
842 5383 861 5415 ι
897 5364 992 5418 νῦν
1030 5365 1086 5419 δέ
1108 5385 1122 5399 σ
1158 5386 1175 5417 ι
1214 5368 1314 5420 Διά
1347 5369 1503 5423 τοῦτο
1532 5374 1560 5425 6
1603 5375 1795 5445 Πατήρ

272 5529 332 5562 *⁸
369 5534 491 5589 Act.
529 5552 589 5601 ιι,
614 5536 701 5603 50,
745 5539 836 5593 Ἠ.
910 5540 977 5592 ’³.
1019 5541 1175 5598 Joan.
1210 5560 1264 5611 ιι,
1303 5546 1388 5601 19.

288 5688 400 5763 (μ)
431 5690 524 5743 τοῦ
549 5690 684 5763 Θεοῦ
707 5694 879 5763 Neap.

287 5760 399 5832 (15)
432 5761 811 5832 παραδέδωκεν
827 5760 1003 5836 Neap.

1908 4930 2004 4983 sed
2068 4942 2128 4985 ut
2177 4932 2386 5003 1251
2433 4935 2680 5003 passibili
2733 4945 2945 4991 natura:
3005 4936 3505 5007 impassibilitatem
3562 4950 3565 4952 '

1907 5021 2227 5093 largiretur.
2279 5025 2385 5080 Sed
2411 5036 2468 5081 et
2502 5028 2769 5083 Dominus
2796 5030 2915 5098 ipse
2956 5029 3012 5083 in
3053 5032 3225 5086 sacris
3250 5032 3506 5102 Evange-

1907 5113 1996 5168 liis
2015 5115 2124 5169 ait:
2153 5134 2171 5167 ί
2198 5117 2533 5172 Potestatem
2556 5120 2736 5174 habeo
2759 5122 3001 5191 ponendi
3035 5124 3276 5178 animam
3303 5140 3505 5191 meam,

1908 5212 1966 5257 et
2010 5212 2338 5272 potestatem
2387 5207 2567 5265 habeo
2611 5211 2811 5266 iterum
2856 5214 3112 5269 sumendi
3159 5230 3302 5269 eam.
3334 5217 3511 5287 Nemo

1907 5293 2051 5346 tollit
2090 5298 2105 5313 ’
2130 5310 2251 5349 eam
2299 5312 2329 5351 a
2363 5314 2451 5351 me
2486 5318 2498 5351 :
2528 5301 2626 5355 sed
2656 5318 2758 5372 ego
2788 5318 2935 5373 pono
2960 5320 3082 5358 eam
3117 5321 3148 5359 a
3181 5307 3414 5374 meipso,
3445 5317 3508 5361 ut

1906 5382 2109 5439 iterum
2166 5402 2382 5443 sumam
2416 5391 2589 5446 illam.
2625 5394 2785 5448 Nune
2814 5402 2947 5450 v'ero
2982 5405 3276 5466 propterea
3308 5413 3394 5453 me
3418 5398 3507 5453 div-

1992 5712 2102 5785 (16)
2137 5716 2229 5769 καί
2263 5717 2416 5775 addit
2443 5720 2608 5778 idem.
