4086 6326
217 340 326 402 385

1498 337 1862 401 EPiSTOLA
1902 340 2119 402 CXLV.

3330 346 3468 413 1386

176 455 377 509 τοῦτον
426 456 557 528 ἡμῖν
609 453 709 522 τῆς
745 451 981 512 πίστεως
1014 449 1105 504 τὸν
1161 445 1486 519 χαρακτῆρα
1536 444 1622 497 διὰ
1665 445 1775 496 τῶν

1879 446 2121 502 hominis
2160 455 2218 502 et
2260 447 2425 503 homo
2457 448 2788 520 appelletur,
2817 467 2930 507 non
2953 453 3010 509 in
3035 451 3142 511 hoc
3166 471 3476 514 conversus

175 544 403 598 οἰκείων
475 543 823 612 γραμμάτων
886 540 1282 609 προσήνεγκεν.
1343 531 1505 588 οὗτοι
1571 533 1772 595 πάντες

176 634 372 705 σαφῶς
418 634 830 699 ἐξεπαίδευσαν,
855 630 931 694 ὡς
977 623 1059 694 εἷς
1098 628 1227 690 Υἱὸς
1263 629 1292 680 6
1340 623 1637 695 μονογενὴς
1680 623 1773 677 τοῦ

171 728 319 781 Θεοῦ
366 727 494 792 Υίδς
561 726 657 780 καὶ
707 725 840 788 Θεὸς
897 720 1224 794 προαιώνιος
1276 720 1342 771 ἐκ
1407 716 1504 771 τοῦ
1562 715 1774 786 Πατρδς

170 820 442 891 ἀρρήτως
467 818 860 889 γεγενημένοςο
909 817 1004 868 καὶ
1053 814 1130 876 ὡς
1169 810 1309 882 μετά
1353 809 1452 880 τὴν
1499 804 1773 879 ἐνανθρώα-

172 929 347 982 πησιν
409 912 502 965 καὶ⁷
561 911 689 973 Υἱὸς
745 908 1037 979 ἀνθρώπου
1101 905 1196 958 καὶ
1261 902 1545 973 ἄνθρωπος
1606 902 1776 970 ἐχρη-

175 999 448 1068 μάτισεν,
494 999 596 1052 οὐκ
653 1000 734 1062 είς
788 997 952 1051 τοῦτο
1004 992 1242 1065 τραπεὶς
1300 991 1612 1062 (ἄτρεπτον
1665 989 1774 1059 γὰρ

177 1089 301 1160 ἔχει
332 1089 434 1161 τὴν
470 1089 693 1158 φύσιν),
726 1089 863 1143 ἀ).λά
894 1083 1221 1158 προσλαϐὼν
1249 1083 1310 1137 τὸ
1343 1083 1616 1154 ἡμέτερον
1637 1096 1648 1110 '
1679 1083 1775 1135 καὶ

170 1183 262 1235 ὅτι
289 1182 452 1246 αὐτὸς
513 1183 610 1236 καὶ
648 1181 866 1250 ἀπαθὴς
899 1176 991 1249 ἦν,
1047 1179 1142 1232 καὶ
1186 1177 1458 1239 ἀθάνατος
1494 1177 1570 1239 ὼς
1614 1175 1771 1239 Θεὸς,

171 1275 275 1327 καὶ
306 1273 502 1338 θνητὸς
534 1273 630 1328 καὶ
661 1273 904 1345 παθητὸς
931 1272 1007 1335 ὡς
1051 1270 1368 1342 ἄνθρωπος’
1406 1267 1546 1339 μετὰ
1583 1267 1640 1321 δὲ
1675 1266 1774 1337 τὴν

169 1365 504 1429 ἀνάστασιν,
535 1365 634 1418 καὶ
671 1364 814 1418 κατά
867 1363 926 1414 τὸ
954 1361 1314 1431 ἀνθρώπειον,
1345 1361 1440 1412 καὶ
1494 1360 1593 1429 τὴν
1632 1357 1774 1411 ἀπά-

171 1457 334 1510 θειαν
361 1457 458 1510 καὶ
488 1457 589 1527 τὴν
623 1455 926 1510 ἀθανασίαν
957 1453 1195 1517 ἐδέξατο.
1238 1453 1300 1504 Et
1328 1452 1436 1520 γάρ
1473 1450 1569 1504 καὶ
1601 1447 1773 1519 μεμέ-

171 1566 312 1621 νηκε
338 1549 500 1619 σῶμα
527 1549 587 1601 τὸ
611 1547 790 1617 σῶμα,
825 1547 939 1600 ἀλλ’
972 1545 1184 1607 ἀπαθές
1207 1545 1324 1596 ἐστι
1352 1542 1447 1596 καὶ
1480 1542 1771 1605 ἀθάνατον,

169 1643 275 1694 καὶ
303 1641 446 1694 θεῖον
473 1639 643 1702 ὅντως
681 1639 842 1706 σῶμα
867 1677 880 1701 ,
911 1637 1007 1690 καὶ
1047 1636 1168 1708 θείᾳ
1193 1635 1320 1708 δόξῃ
1349 1633 1736 1703 δεδοξασμένον
1754 1648 1768 1662 ’

171 1731 275 1784 καὶ
318 1729 482 1784 τοῦτο
510 1729 699 1798 σαφῶς
737 1729 885 1799 ἡμᾶς
911 1729 940 1780 6
982 1728 1252 1798 μακάριος
1292 1723 1498 1788 ἐδίδαξε
1534 1722 1768 1784 Παῦλος.

1881 537 2070 606 (habet
2127 538 2277 592 enim
2331 547 2586 595 naturam
2642 541 3092 617 immutabilem),
3138 547 3234 602 sed
3269 563 3338 604 eo
3382 564 3471 604 as-

1877 639 2099 700 sumpto
2131 630 2278 701 quod
2315 641 2568 687 nostrum
2594 642 2715 688 erat
2746 651 2759 688 :
2807 637 3068 706 quodque
3110 637 3476 709 impassibilis

1877 719 1996 788 ipse
2021 727 2079 774 et
2110 719 2442 776 immortalis
2471 731 2594 776 erat
2627 733 2688 777 ut
2715 722 2882 788 Deus,
2923 735 2981 781 et
3009 727 3261 784 mortalis
3299 730 3476 799 passi-

1878 811 2118 882 bilisque
2152 821 2214 868 ut
2237 813 2442 880 homo;
2473 823 2600 884 post
2621 817 3090 873 resurrectionem
3109 833 3266 886 vero,
3302 821 3482 874 etiam

1877 904 2186 959 secundum
2223 904 2538 972 .hominem,
2589 906 3091 977 impassibilitatem
3140 910 3477 966 immortali-

1878 1002 2159 1064 tatcmque
2198 995 2430 1050 sortitus
2470 1005 2573 1050 est.
2623 995 2740 1052 Etsi
2780 998 2929 1052 enim
2981 1014 3189 1070 corpus
3245 991 3473 1064 mansit,

1876 1093 2119 1140 attamen
2175 1085 2516 1156 impassibile
2550 1095 2636 1142 est
2688 1096 2745 1143 et
2794 1089 3144 1160 immortale,
3198 1106 3266 1147 ac
3325 1091 3474 1148 divi-

1876 1192 2008 1230 num
2062 1192 2256 1232 revera
2309 1193 2556 1249 corpus,
2636 1188 2694 1235 et
2767 1179 2956 1236 divina
3022 1181 3198 1252 gloria
3267 1183 3481 1255 gloriﬁ-

1878 1275 2082 1322 catum.
2141 1266 2212 1323 Et
2261 1266 2368 1322 hoc
2419 1279 2608 1338 aperte
2655 1284 2758 1324 nos
2791 1265 3208 1326 doeuitbentus'
3243 1271 3472 1328 Paulus.

1886 1375 1904 1408 ι
1939 1357 2141 1412 Nostra
2185 1359 2356 1423 enim,
2401 1359 2605 1430 inquit,
2653 1362 3002 1416 conversatio
3055 1361 3109 1416 in
3157 1364 3316 1419 emlis
3367 1374 3474 1428 est,

1880 1449 2027 1504 unde
2075 1449 2244 1503 etiam
2271 1448 2613 1506 Salvatorem
2645 1461 3031 1521 exspectamus
3061 1453 3356 1510 Dominum
3385 1454 3480 1510 Je-

1878 1556 2000 1595 sum
2054 1540 2356 1608 Christum,
2400 1543 2497 1612 qui
2541 1542 2863 1600 reformabit
2905 1561 3109 1616 corpus
3142 1545 3478 1603 humilitatis

1878 1641 2098 1698 nostrae,
2153 1643 2212 1688 ut
2262 1633 2546 1690 conforme
2602 1633 2694 1689 θοι
2733 1636 2951 1706 corpori
2984 1635 3174 1709 glorias
3211 1639 3332 1708 ejus
3365 1639 3408 1694 ’.
3449 1659 3468 1691 ι

1879 1726 1949 1782 Et
1980 1742 2093 1780 non
2125 1724 2266 1780 dixit
2296 1726 2482 1797 gloria:
2515 1727 2656 1796 ejus,
2708 1727 2803 1782 sed
2841 1730 3051 1799 corpori
3099 1728 3285 1800 gloria:
3336 1731 3472 1802 ejus.

177 1842 198 1872 ε
247 1819 438 1891 Ἠμῶν
479 1819 588 1890 γάρ
612 1859 628 1883 ,
670 1819 836 1888 φησὶ,
871 1818 929 1871 τὸ
957 1817 1268 1888 πολίτευμα
1303 1817 1359 1868 ἐν
1393 1814 1643 1885 οὐρανοῖς
1679 1812 1775 1864 ὑπ-

1879 1817 1947 1871 Ει
2000 1817 2268 1871 Dominus
2315 1816 2456 1885 ipse,
2499 1831 2626 1871 cum
2662 1816 2894 1874 dixisset
2927 1821 3234 1891 apostolis:
3283 1841 3302 1873 ι
3332 1820 3478 1878 Sunt

172 1910 361 1980 ἀρχει,
378 1908 439 1974 ἐξ
457 1903 517 1964 οὗ
537 1909 632 1963 καὶ
657 1909 886 1979 Σωτῆρα
909 1906 1329 1978 ἀπεκδεχόμεθα
1351 1904 1554 1974 Κύριον
1570 1902 1776 1973 Ἰησοῦν

171 2001 438 2072 Χριστὸν,
471 1999 534 2064 ὃς
570 1999 1043 2070 μετασχηματίσει
1070 1998 1131 2052 τὸ
1156 1999 1316 2070 σῶμα
1361 1998 1464 2066 τῆς
1504 1993 1774 2049 ταπεινώο

175 2109 322 2158 σεως
359 2092 519 2163 ἡμῶν
549 2094 629 2156 είς
649 2091 710 2144 τὸ
739 2091 1000 2160 γενέσθαι
1025 2090 1158 2144 αὐτὸ
1195 2090 1521 2160 σύμμορφον
1550 2086 1629 2156 τῷ
1665 2085 1770 2138 σώο

180 2201 320 2255 ματι
357 2184 456 2251 τῆς
485 2182 648 2252 δόξης
686 2180 875 2236 αὑτοῦ.
911 2201 928 2233 ι
964 2182 1076 2235 Καὶ
1097 2182 1200 2234 οὐκ
1225 2175 1347 2234 εἶπε
1376 2177 1446 2245 τῇ
1488 2177 1637 2244 δόξῃ
1670 2179 1777 2230 αὺ-

172 2276 310 2341 τοῦ,
342 2275 479 2330 ἀλλά
510 2274 588 2341 τῷ
613 2275 840 2344 σώματι
863 2273 974 2343 τῆς
1007 2273 1195 2342 δόξης
1219 2271 1430 2327 αὑτοῦ.
1477 2271 1585 2324 Καὶ
1615 2268 1776 2331 αὐτὸς

171 2367 238 2420 δὲ
264 2369 294 2421 ὁ
332 2367 535 2438 Κύριος
566 2365 743 2420 εἰπὼν
771 2368 882 2430 τοῖς
917 2365 1271 2428 ἀποστόλοις·
1301 2381 1320 2416 ι
1349 2361 1470 2417 Είσί
1499 2379 1644 2425 τινες
1667 2358 1778 2414 τῶν

174 2452 286 2510 ὧδε
313 2455 588 2520 ἑστώτων,
631 2457 832 2520 οἵτινες
857 2457 918 2510 οὑ
953 2456 1028 2527 μὴ
1059 2456 1350 2524 γεύσονται
1396 2452 1649 2517 θανάτου,
1672 2451 1777 2512 ἕως

176 2550 250 2604 ἂν
285 2548 438 2604 ἴδωσι
478 2549 572 2603 τὸν
623 2548 750 2602 Υίδν
798 2547 892 2602 τοῦ
929 2545 1225 2617 ἀνθρώπου
1278 2545 1577 2617 ἐρχόμενον
1611 2544 1670 2594 ἐν
1707 2546 1772 2613 τῇ

173 2639 308 2710 δόξῃ
329 2639 424 2692 τοῦ
451 2637 685 2710 Πατρὺς,
719 2635 1030 2709 παρέλαϐεν
1067 2635 1268 2697 αὐτοὺς
1301 2636 1440 2704 μετά
1464 2633 1525 2698 ἒξ
1562 2631 1775 2716 ἡμέρας

174 2733 259 2793 είς
293 2731 420 2802 ³Βρος
461 2729 664 2800 ὑψηλὸν
691 2729 835 2792 λίαν,
887 2729 982 2782 καὶ
1028 2724 1431 2797 μετεμορφώθη
1464 2723 1776 2796 ἔμπροσθεν

173 2821 386 2883 αὐτῶν,
421 2819 518 2873 καὶ
546 2819 766 2888 ἐγένετο
809 2817 872 2871 τὸ
906 2818 1201 2888 πρόσωπον
1234 2814 1401 2868 αὐτοῦ
1431 2814 1507 2877 ώς
1542 2817 1570 2868 6
1601 2815 1772 2886 ἥλιος,

176 2916 278 2967 καὶ
307 2913 374 2967 τά
399 2913 592 2984 ἱμάτια
613 2910 783 2965 αὐτοῦ
816 2909 1052 2981 λαμπρὰ
1081 2909 1156 2973 ὼς
1183 2909 1242 2961 τὸ
1271 2908 1408 2976 φῶς.
1442 2907 1680 2974 Ἑδίδαξε
1716 2905 1774 2959 δὲ

171 3004 271 3058 διὰ
299 3003 506 3058 τούτων
545 3004 644 3074 τῆς
665 3003 926 3076 δευτέρας
952 3001 1278 3072 ἐπιφανείας
1301 3003 1395 3055 τὸν
1422 3002 1640 3072 τρόπον.
1666 3001 1774 3054 Καὶ

175 3098 257 3163 ὡς
307 3095 682 3169 ἀτιερίγραφος
747 3095 845 3167 μὲν
893 3097 926 3167 ή
972 3094 1243 3166 ληφθεῖσα
1293 3093 1456 3164 φύσις
1505 3095 1608 3146 οὐκ
1658 3092 1771 3145 ἔστι

1879 1907 2104 1978 quidam
2146 1907 2213 1962 de
2250 1905 2350 1961 hic
2374 1907 2672 1973 stantibus,
2709 1908 2804 1978 qui
2845 1926 2955 1965 non
2991 1911 3296 1982 gustabunt
3322 1927 3476 1968 mor-

1881 2008 2014 2064 tem,
2071 2000 2249 2054 donec
2283 1999 2510 2054 videant
2553 2000 2756 2055 Filium
2789 2001 3033 2058 hominis
3067 2003 3384 2061 venientem
3418 2005 3477 2060 in

1879 2092 2052 2163 gloria
2095 2091 2272 2146 Patr-is
2325 2092 2390 2156 ¹⁰,
2430 2111 2448 2142 ι
2510 2100 2635 2161 post
2692 2108 2787 2147 sex
2815 2093 2935 2149 dies
2967 2095 3267 2167 assumpsit
3293 2111 3391 2153 eos
3418 2097 3477 2152 in

1881 2193 2122 2238 montem
2143 2182 2424 2237 excelsum
2460 2181 2640 2246 valde,
2672 2191 2728 2237 et
2759 2184 3180 2256 transfiguratus
3216 2195 3302 2243 est
3346 2197 3477 2245 num

1880 2275 2126 2340 illos;et
2160 2274 2304 2329 facta
2336 2283 2423 2330 est
2466 2274 2636 2330 facies
2676 2277 2798 2348 ejus
2849 2276 2994 2331 sicut
3048 2279 3152 2344 sol,
3197 2289 3255 2334 et
3303 2280 3478 2336 vesti-

1846 2350 2067 2422 ‘menta
2089 2366 2210 2437 ejus
2242 2364 2426 2420 lucida
2460 2365 2607 2420 sicut
2633 2367 2726 2420 lux
2765 2367 2829 2421 “.
2859 2368 2964 2424 Per
2985 2369 3105 2425 haec
3151 2379 3340 2426 autem
3389 2386 3479 2428 se-

1879 2457 2045 2512 cundi
2072 2456 2345 2511 adventus
2374 2455 2598 2509 modum
2633 2455 2897 2522 ostendit,
2937 2466 2994 2512 et
3025 2459 3174 2530 quod
3215 2475 3327 2516 non
3365 2461 3480 2516 cir-

1880 2547 2217 2616 cumscripta
2248 2546 2475 2615 quidem
2519 2555 2717 2601 natura
2753 2557 3034 2619 assumpta
3078 2565 3190 2605 non
3228 2560 3314 2607 est
3348 2551 3478 2622 (hoc

1879 2640 2029 2694 enim
2056 2638 2230 2693 solius
2255 2637 2572 2693 Divinitatis
2615 2638 2832 2712 1254
2880 2649 2966 2697 est
3011 2643 3345 2719 proprium),
3392 2646 3480 2700 di-

1877 2731 2022 2785 vina:
2075 2737 2257 2784 tamen
2315 2730 2506 2801 gloriae
2550 2731 2879 2800 splendores
2933 2733 3176 2800 emittet,
3231 2743 3289 2791 et
3331 2737 3477 2793 lucis

1879 2819 2066 2874 radios
2090 2819 2355 2892 vibrabit,
2386 2819 2673 2875 oculorum
2696 2820 2870 2876 aciem
2894 2825 3308 2896 praestringens.
3335 2823 3477 2882 Cum

1878 2912 1983 2966 hac
2024 2912 2196 2984 gloria
2251 2913 2542 2968 ascendit:
2589 2913 2669 2968 sic
2726 2913 2910 2984 ipsum
2963 2917 3143 2987 angeli
3175 2925 3476 2974 venturum

1878 3005 2158 3060 dixerunt.
2199 3005 2425 3060 Illorum
2457 3004 2606 3060 enim
2640 3019 2744 3060 vox
2765 3017 2889 3061 est:
2933 3026 2952 3058 ι
2981 3005 3082 3063 Hic
3121 3009 3216 3079 qui
3257 3025 3477 3065 assum-

1880 3105 2006 3166 ptus
2029 3103 2112 3152 est
2136 3112 2166 3150 a
2206 3096 2364 3151 vobis
2403 3096 2456 3150 in
2493 3097 2720 3160 caelum,
2757 3096 2838 3152 sic
2879 3099 3064 3154 veniet
3115 3101 3479 3171 quemadmo-

175 3189 362 3255 (τοῦτο
391 3191 496 3262 γὰρ
557 3190 726 3261 μόνης
759 3189 858 3259 τῆς
907 3188 1160 3259 θεότητος
1212 3186 1401 3252 ἴδιον),
1440 3187 1538 3250 τὰς
1570 3185 1627 3239 δὲ
1673 3187 1773 3256 τῆς

1881 3189 2011 3242 dum
2067 3188 2284 3243 vidistis
2324 3205 2452 3267 eum
2487 3201 2711 3245 euntem
2745 3191 2800 3246 in
2837 3193 3038 3250 cmlum
3079 3194 3142 3247 “.
3175 3212 3194 3246 ι
3242 3194 3311 3249 Et
3348 3211 3476 3251 cum

175 3283 330 3347 θείας
353 3283 511 3352 δόξης
541 3284 744 3353 ἀφήσει
775 3281 1172 3352 μαρμαρυγὰς,
1205 3281 1301 3334 καὶ
1335 3281 1513 3349 φωτὸς
1547 3280 1774 3340 ἀκτῖνας

175 3375 480 3445 ἐκπέμψει,
522 3375 620 3444 τῆς
650 3372 888 3442 ὀπτικῆς
933 3355 1240 3442 αἰσθήσεως
1268 3370 1674 3441 ὑπερϐαίνουσα
1708 3369 1776 3421 τά

177 3465 379 3535 μέτρα.
432 3465 587 3518 Μετά
640 3463 853 3533 ταύτης
908 3461 1186 3533 ἀνελήφθη
1220 3463 1318 3533 τῆς
1363 3460 1558 3531 δόξης·
1601 3460 1776 3525 οὕτως

177 3555 346 3608 αὑτὸν
391 3554 602 3624 ἔφασαν
653 3556 808 3626 ἥξειν
865 3556 917 3607 οἱ
966 3554 1223 3623 ἄγγελοιο
1259 3553 1440 3606 αὐτῶν
1493 3555 1602 3624 γάρ
1659 3554 1777 3606 ἐστι

176 3646 370 3716 φωνή·
401 3665 418 3698 ι
452 3642 620 3708 Οὗτος
643 3649 671 3698 6
704 3646 1036 3716 ἀναληφθεὶς
1071 3646 1163 3713 ἀφ’
1201 3645 1357 3714 ὑμῶν
1389 3645 1468 3707 είς
1493 3644 1583 3697 τὸν
1607 3645 1776 3714 ούρα-

175 3738 272 3790 νδν
327 3735 502 3800 οὕτως
557 3736 862 3800 ἐλεύσεται,
904 3737 962 3790 ὃν
1023 3737 1230 3807 τρόπον
1273 3735 1572 3790 ἐθεάσασθε
1613 3736 1776 3788 αὑτὸν

176 3829 549 3902 πορευόμενον
590 3829 671 3892 είς
724 3827 817 3880 τὸν
861 3828 1110 3895 οὐρανόν.
1154 3845 1172 3877 ι
1209 3825 1319 3880 Καὶ
1351 3829 1464 3885 τοῖς
1511 3824 1677 3888 θείοις
1719 3825 1776 3878 δὲ

174 3923 516 3985 ἀποστόλοις,
553 3921 742 3989 ὀφθεὶς
791 3919 929 3989 μετά
965 3922 1062 3990 τὴν
1099 3920 1419 3978 ἀνάστασιν,
1454 3917 1557 3970 καὶ.
1588 3919 1778 3986 χεῖρας

173 4012 365 4075 αὐτοῖς
408 4012 502 4065 καὶ
551 4009 719 4073 πόδας
765 4009 1054 4074 ὑπέδειξε·
1107 4008 1186 4078 τῷ
1235 4008 1291 4062 δέ
1332 3999 1504 4078 Θωμᾷ
1545 4009 1648 4061 ’καὶ
1677 4008 1776 4078 τὴν

174 4106 445 4177 πλευρὰν,
473 4107 567 4158 καὶ
593 4103 705 4156 τῶν
734 4104 882 4173 ἥλων
916 4103 1008 4155 καὶ
1038 4101 1139 4172 τῆς
1169 4099 1370 4170 λόγχης
1397 4098 1496 4161 τὰς
1527 4097 1774 4160 ώτειλάς.

174 4197 282 4251 Διὰ
309 4197 417 4267 γὰρ
445 4195 510 4266 δὴ
536 4194 768 4258 τούτους
808 4191 936 4256 τοὺς
971 4193 1234 4263 ἄντικρυς
1267 4191 1638 4261 ἀρνουμένους
1678 4193 1778 4259 τῆς

175 4287 382 4360 σαρκδς
411 4285 507 4357 τὴν
536 4285 830 4355 ἀνάληψιν,
855 4285 951 4337 καὶ
978 4283 1168 4353 μέντοι
1199 4285 1295 4336 καὶ
1325 4284 1452 4345 τοὺς
1483 4282 1697 4344 ἄλλους,
1727 4280 1776 4333 οἳ

174 4379 322 4452 μετά
345 4379 445 4449 τὴν
470 4378 768 4432 ἀνάστασιν
793 4378 872 4438 είς
899 4374 1154 4444 θεότητός
1179 4390 1312 4442 φασι
1339 4372 1776 4442 μεταϐεϐλῆσθαι

171 4468 342 4539 φύσιν
369 4470 468 4537 τὴν
521 4466 617 4518 τοῦ
658 4466 914 4536 σώματος
957 4464 1144 4532 φύσιν,
1180 4460 1446 4529 ἐφύλαξεν
1487 4463 1778 4532 ἀκεραίους

1878 3277 2083 3334 divinis
2109 3295 2302 3333 rursus
2327 3280 2596 3350 apostolis
2636 3281 2983 3350 apparuisset
3040 3291 3165 3352 post
3221 3301 3474 3342 resurre-

1877 3369 2140 3433 ctionem,
2171 3377 2226 3422 et
2254 3385 2450 3424 manus
2486 3371 2596 3425 illis
2624 3379 2681 3425 et
2714 3371 2884 3442 pedes
2913 3375 2929 3392 ‘
2956 3373 3218 3440 ostendit,
3244 3376 3476 3434 Thomas

1877 3478 2010 3518 vero
2034 3463 2200 3518 etiam
2231 3463 2398 3528 latus,
2440 3471 2496 3518 et
2547 3466 2830 3519 clavorum
2883 3481 2951 3520 ac
2993 3467 3202 3523 lanceae
3254 3469 3478 3525 cicatri-

1877 3569 1970 3609 ces
2000 3556 2063 3607 ".
2099 3553 2333 3624 Pmpter
2356 3554 2493 3609 istos
2524 3556 2695 3620 enim,
2753 3556 2849 3626 qui
2894 3565 3086 3626 aperte
3138 3569 3342 3631 negant
3388 3577 3489 3618 ³ο--

1879 3645 2251 3714 sumptionem
2296 3647 2502 3710 carnis,
2557 3655 2613 3700 et
2655 3647 2794 3701 alios
2845 3647 3034 3715 simul,
3087 3651 3183 3720 qui
3223 3654 3480 3723 corporis

1879 3744 2129 3790 naturam
2167 3747 2292 3806 post
2313 3736 2780 3792 resurrectionem
2820 3754 3144 3795 conversam
3196 3741 3367 3799 luisse
3419 3745 3478 3800 in

1877 3828 2188 3883 divinitatis
2225 3838 2474 3883 naturam
2517 3828 2732 3892 dicunt,
2774 3829 2985 3901 integra
3025 3834 3267 3886 servavit
3292 3836 3479 3891 clavo-

1879 3934 2000 3973 rum
2031 3926 2087 3972 et
2126 3919 2330 3972 lanceae
2364 3918 2628 3987 vestigia:
2665 3928 2721 3973 et
2755 3935 2883 3974 cum
2907 3920 3013 3973 alia
3044 3935 3276 3991 corpora
3325 3925 3477 3979 omni

1877 4010 2002 4065 labe
2048 4009 2222 4064 libera
2282 4010 2508 4074 excitet,
2566 4011 2620 4065 in
2661 4014 2887 4082 proprio
2921 4028 3156 4084 corpore
3180 4016 3477 4072 vulnerum

1881 4103 2034 4170 signa
2070 4103 2318 4172 reliquit,
2356 4112 2417 4157 ut
2455 4118 2552 4158 eos
2591 4103 2686 4173 qui
2736 4106 2991 4176 corporis
3038 4109 3479 4178 assumptionem

1881 4204 2084 4266 negant
2117 4211 2305 4250 errare
2340 4196 2636 4251 convincat
2674 4213 2742 4252 ex
2773 4198 3122 4265 vulneribus,
3162 4208 3218 4254 et
3253 4215 3349 4255 eos
3383 4202 3478 4271 qui

1880 4288 1936 4341 in
1958 4289 2194 4342 alteram
2236 4296 2494 4342 naturam
2530 4303 2736 4358 corpus
2775 4305 3109 4345 conversum
3144 4290 3316 4346 fuisse
3371 4309 3479 4363 pu-

1883 4386 2019 4441 tant,
2042 4393 2107 4431 ex
2137 4378 2421 4432 clavorum
2457 4379 2710 4449 vestigiis
2737 4379 2932 4434 doceat
2952 4379 3008 4433 in
3031 4382 3269 4452 propria:
3288 4381 3481 4438 forma:

1882 4469 2030 4524 nolis
2067 4470 2457 4538 permansisse.
2488 4469 2644 4536 Quod
2683 4470 2727 4523 si
2765 4471 2890 4540 quis
2921 4471 3290 4528 demonstrari
3318 4489 3481 4545 posse

169 4561 288 4615 τῶν
310 4558 459 4628 ἥλων
499 4559 594 4611 καὶ
635 4557 735 4630 τῆς
779 4556 983 4624 λόγχης
1011 4556 1140 4617 τοὺς
1189 4553 1413 4615 τύπους.
1463 4553 1573 4606 Καὶ
1607 4554 1775 4608 τᾶλλα

1885 4571 2060 4631 putet,
2098 4577 2302 4631 corpus
2335 4562 2552 4616 Domini
2588 4572 2712 4632 post
2758 4564 3226 4620 resurrectionem
3277 4581 3482 4637 corpus

173 4649 412 4720 σώματα
437 4646 633 4718 μώμου
676 4643 878 4705 παντὸς
905 4643 1138 4712 ἐγείρων
1166 4641 1452 4710 ἐλεύθερα,
1479 4642 1557 4711 τῷ
1591 4643 1779 4711 οἰκείῳ

97 4746 102 4750 ’
172 4741 396 4812 σώματι
431 4741 504 4792 τά
540 4739 650 4792 τῶν
684 4736 1032 4805 παθημάτων
1085 4738 1290 4806 σημεῖα
1340 4735 1655 4798 κατέλιπεν,
1691 4736 1778 4786 ἵνα

173 4835 277 4889 καὶ
306 4811 433 4896 In");
461 4830 835 4902 ἀρνουμένους
865 4827 956 4880 τοῦ
991 4828 1244 4897 σώματος
1271 4827 1366 4897 τὴν
1391 4826 1658 4897 ἀνάληψιν
1691 4827 1780 4880 διὰ

171 4925 290 4978 τῶν
317 4907 668 4992 παθημάτων
721 4919 1112 4988 πλανωμένους
1135 4919 1330 4990 ἐλέγξῃ
1364 4959 1377 4979 ,
1416 4921 1510 4972 καὶ
1541 4923 1666 4982 τους
1702 4923 1780 4982 εἰς

175 5016 376 5082 ἑτέραν
411 5013 576 5082 φύσιν
611 5009 1051 5082 μεταϐεϐλῆσθαι
1079 5008 1139 5061 τὸ
1169 5009 1329 5077 σῶμα
1355 5011 1674 5078 νομίζοντας
1699 5013 1775 5063 δι-

175 5101 318 5173 δάξῃ
353 5101 442 5153 δια
479 5100 576 5154 τοῦ
623 5099 801 5153 τύπου
827 5097 936 5149 τῶν
967 5097 1136 5166 ἥλων,
1174 5097 1248 5162 ὼς
1286 5099 1380 5150 ἐπὶ
1427 5100 1534 5150 τῶν
1561 5101 1778 5152 οἰκείων

174 5194 557 5267 χαρακτήρων
616 5193 952 5262 μεμένηκεν.
1007 5191 1068 5242 Εἰ
1098 5191 1156 5242 δέ
1199 5207 1282 5252 τις
1314 5189 1589 5254 ἀπόδειξιν
1633 5191 1779 5261 ἔχειν

177 5289 355 5342 οἴεται
380 5285 478 5338 τοῦ
508 5284 582 5356 μὴ
617 5282 990 5353 μεμενηκέναι
1011 5283 1169 5351 σῶμα
1204 5282 1340 5351 μετὰ
1360 5283 1454 5352 τὴν
1477 5285 1778 5337 ἀνάστασιν

178 5379 278 5435 τοῦ
327 5375 534 5447 Κυρίου
585 5375 648 5427 τὸ
700 5374 892 5444 σῶμα,
945 5375 1021 5436 ὡς
1078 5374 1481 5442 κεκλεισμένων
1531 5375 1638 5427 τῶν
1684 5377 1776 5428 θυ-

182 5469 296 5542 ρῶν
319 5467 456 5540 πρδς
481 5467 610 5530 τοὺς
641 5465 889 5536 μαθητὰς
921 5465 1206 5524 εἰσελθεῖν,
1230 5467 1634 5536 ἀναμνησθήτω
1659 5468 1776 5529 πῶς

178 5561 275 5615 ἐπὶ
302 5559 585 5630 θαλάσσης
620 5557 842 5610 ἐϐάδιαε
867 5555 1059 5626 θνητὸν
1086 5557 1224 5626 ἔχων
1259 5557 1339 5610 ἐτι
1372 5559 1430 5609 τὸ
1474 5560 1653 5630 σῶμα,
1683 5561 1778 5614 καὶ

260 5717 279 5748 ³
317 5715 558 5784 Philipp.
623 5729 704 5776 ιιι,
740 5711 830 5776 20,
870 5712 960 5766 ει.

183 5801 343 5859 seqq.

1071 5712 1112 5741 ¹⁰
1155 5711 1346 5765 Matth.
1379 5730 1486 5781 xvi,
1520 5715 1608 5768 ‘28.

508 5877 783 5936 ΡΑτιιοι.
834 5873 950 5934 Gn.
993 5873 1310 5935 LXXXIII.

1709 5718 1748 5747 ¹¹
1789 5718 1980 5772 Matth.
2021 5737 2151 5783 xvn,
2195 5722 2214 5773 l
2273 5739 2424 5792 seqq.

1884 4669 1994 4706 non
2029 4654 2422 4722 permansisse,
2454 4654 2602 4724 quod
2635 4654 2820 4724 januis
2849 4655 3055 4710 clausis
3083 4656 3150 4710 ad
3178 4657 3485 4728 discipulos

1882 4746 1954 4799 sit
2003 4746 2306 4815 ingressus,
2366 4747 2684 4801 meminerit
2735 4764 2846 4818 quo
2892 4751 3058 4804 modo
3117 4766 3286 4821 super
3327 4768 3506 4822 mare.

1884 4838 2116 4891 mortale
2149 4838 2329 4892 adhuc
2358 4838 2571 4893 habens
2596 4855 2800 4909 corpus
2830 4841 3164 4908 ambularit;
3203 4844 3484 4913 quomodo

1885 4929 2016 4982 item
2058 4937 2220 4982 natus
2240 4929 2313 4981 sit
2334 4928 2673 4998 virginitatis
2695 4930 2976 4999 signacula
3000 4948 3231 4988 servans
3253 4933 3482 5000 intacta;

1881 5023 1938 5068 et
1994 5015 2273 5084 quomodo
2318 5017 2512 5071 itidem
2560 5018 2943 5074 insidiantium
3002 5037 3145 5090 saepe
3192 5038 3388 5078 manus
3414 5024 3487 5082 ab

1882 5107 1992 5161 illis
2016 5108 2424 5177 circumseptus
2447 5110 2706 5164 evaserit.
2757 5110 2825 5163 Et
2864 5111 3079 5182 1255
3110 5113 3245 5183 quid
3299 5114 3498 5188 Domi-g

1884 5214 2016 5252 num
2042 5199 2187 5264 dico,
2227 5201 2323 5269 qui
2358 5216 2468 5254 non
2493 5202 2672 5255 solum
2707 5202 2894 5267 homo,
2933 5220 3128 5258 verum
3149 5205 3317 5259 etiam
3341 5206 3488 5261 Deus

1882 5300 2155 5346 eratante
2183 5294 2402 5357 saecula,
2433 5295 2522 5347 cui
2553 5295 2713 5349 facile
2741 5305 2862 5350 erat
2893 5280 3110 5351 emcere
3139 5298 3327 5351 omnia
3365 5313 3487 5366 quae

1885 5382 2095 5435 vellet?
2139 5383 2333 5438 Dicant
2366 5400 2472 5453 qua
2505 5386 2718 5440 ratione
2761 5385 3018 5441 llabacuc
3065 5404 3133 5442 ex
3183 5387 3371 5443 Judaaa
3430 5387 3487 5440 in

1889 5472 2217 5543 Babylonem
2251 5477 2520 5545 temporis
2560 5485 2842 5531 momento
2880 5477 3187 5544 transierit,
3224 5485 3280 5531 et
3313 5477 3488 5532 fovea:

1889 5572 2080 5633 operta
2131 5568 2456 5634 penetrarit,
2503 5567 2827 5638 Danieliqne
2865 5568 3051 5623 cibum
3091 5569 3359 5636 intulerit,
3397 5579 3489 5623 at-

2515 5724 2555 5754 "
2591 5723 2713 5778 Act.
2743 5755 2777 5789 ι,
2818 5726 2903 5779 Η.
3007 5724 3048 5756 ⁸³
3085 5723 3242 5780 Joan.
3282 5740 3374 5789 xx,
3414 5721 3486 5778 26

3004 5885 3079 5947 44
