4086 6326
224 390 370 459 1393

1540 395 1908 455 EPISTULA
1939 396 2184 456 CXLVI.

3330 395 3332 397 ’
3368 382 3510 450 1394

219 507 436 578 Κυρίου
468 505 624 577 ήμῶν
655 505 831 577 Ἰησοῦ
860 505 1120 578 Χριστοῦ,
1149 506 1242 560 καὶ
1335 504 1524 575 ἀγάπη
1548 505 1642 558 τοῦ
1679 504 1811 556 Θεοῦ

1919 505 2062 560 ritus
2090 503 2161 559 sit
2185 517 2310 557 cum
2342 502 2600 556 omnibus
2625 499 2781 554 vobis
2805 499 2850 530 "
2869 541 2883 566 ,
2920 516 2937 550 ι
2975 496 3382 568 praeposuitque
3405 499 3513 566 hoc

218 600 326 654 καὶ
361 600 609 670 Πατρὶς,
649 600 744 653 καὶ
783 602 816 671 ἡ
858 600 1112 655 κοινωνία
1159 598 1253 653 τοῦ
1295 599 1450 667 ἁγίου
1494 597 1814 667 Ῐινεύματος

218 692 316 761 εἴη
355 690 494 762 μετά
521 692 739 744 πάντων
771 691 947 762 ὑμῶν.
987 711 1003 742 ι
1052 693 1162 745 Καὶ
1194 690 1549 762 προτέθεικεν
1579 689 1815 743 ἐνταῦθα

219 783 288 836 οῦ
323 783 484 853 μόνον
507 783 601 836 τοῦ
623 784 762 836 Πνεύ
772 801 961 855 ματος,
986 783 1120 838 ἀλλὰ
1152 785 1246 838 καὶ
1266 782 1430 837 αὐτοῦ
1459 782 1552 835 τοῦ
1577 782 1813 853 Πατρὸς,

219 873 330 946 τὴν
356 873 451 927 τοῦ
488 875 729 944 Χριστοῦ
762 876 1156 946 προσηγορίαν.
1193 875 1368 928 Τοῦτο
1417 874 1474 926 δὲ
1513 874 1570 926 ὲν
1611 873 1817 935 πάσαις

222 967 351 1030 ταῖς
420 966 772 1036 Ἐκκλησίαις
826 967 926 1036 τῆς
985 967 1255 1038 μυστικῆς
1308 968 1425 1019 ἐστι
1471 965 1817 1036 λειτουργίας

225 1057 539 1128 προοίμιον.
564 1059 842 1129 Προσήκει
866 1059 1046 1112 τοίνυν
1073 1058 1213 1112 κατά
1243 1058 1332 1110 τὸν
1361 1057 1668 1127 θαυμάσιον
1693 1056 1818 1110 τοῦ-

223 1166 323 1202 τον
341 1149 523 1217 νόμον,
554 1151 648 1202 καὶ
679 1151 742 1202 ἐκ
760 1150 868 1202 τῶν
904 1148 1184 1220 μυστικῶν
1211 1148 1608 1218 ἀπολειφθῆναι
1635 1165 1817 1218 γραμ-

228 1238 422 1308 μάτων
461 1239 520 1290 τὸ
564 1239 888 1292 σεπτότατον
930 1239 1099 1307 ὄνομα
1128 1237 1221 1289 τοῦ
1251 1237 1386 1290 Θεοῦ
1413 1237 1514 1290 ’καὶ
1563 1229 1817 1308 Σωτῆρος

222 1329 389 1401 ἡμῶν
428 1328 599 1398 Ἰησοῦ
633 1328 891 1400 Χριστοῦ.
939 1329 1099 1382 Ἀλλά
1119 1329 1228 1399 γὰρ
1260 1329 1512 1398 περιττὸν
1540 1329 1666 1397 περὶ
1687 1328 1813 1380 τοῦο

221 1435 329 1473 του
355 1420 637 1489 μηκύνειν.
671 1422 945 1474 Ἕκαστον
969 1419 1078 1490 γὰρ
1109 1420 1446 1494 Ἐπιστολῆς
1474 1420 1761 1490 προοίμιοι
1787 1421 1814 1472 6

223 1510 371 1574 θεῖος
430 1513 748 1575 Ἀπόστολος
801 1512 930 1581 τῇδε
984 1514 1050 1582 τῇ
1106 1511 1452 1582 προσηγορία
1502 1511 1815 1581 λαμπρύνει

221 1599 326 1652 νῦν
360 1600 458 1670 μὲν
503 1601 716 1668 λέγων’
756 1619 774 1652 ι
818 1600 1029 1663 Παῦλος
1080 1599 1267 1662 δοῦλος
1326 1587 1500 1668 Ἰησοῦ
1550 1600 1811 1668 Χριστοῦ,

222 1688 423 1760 κλητὸς
455 1689 782 1751 ἀπόστολος·
813 1708 830 1741 ι
869 1688 964 1742 νῦν
996 1689 1081 1741 δέ’
1118 1707 1137 1739 ι
1178 1688 1394 1752 Παῦλος
1437 1687 1636 1758 κλητὸς
1676 1688 1812 1740 ἀπό‹

225 1775 415 1842 στολος
438 1781 610 1852 Ἰησοῦ
635 1780 874 1850 Χριστοῦ
897 1797 908 1810 ·
938 1801 956 1833 ι
994 1781 1087 1834 καί
1114 1799 1125 1811 ·
1160 1799 1176 1830 ι
1210 1780 1419 1842 Παῦλος
1443 1780 1631 1843 δοῦλος
1650 1779 1810 1845 Θεοῦ,

1916 597 2039 651 loco
2079 610 2190 650 non
2236 594 2416 648 solum
2456 591 2711 663 Spiritui,
2743 589 2842 645 sed
2870 589 2975 660 ipsi
3008 589 3174 644 etiam
3199 589 3371 654 Patri,
3406 605 3512 644 no-

1917 705 2045 742 men
2099 687 2327 742 Christi.
2380 685 2492 740 lloc
2533 699 2700 754 porro
2734 683 2788 736 in
2812 682 3074 736 omnibus
3102 681 3366 736 Eeclesils
3397 697 3512 753 my-

1911 780 2068 845 ,sticaa
2097 773 2334 847 liturgia:
2360 786 2444 832 est
2470 775 2781 830 exordium.
2839 772 3070 843 Oportet
3121 771 3311 844 igitur,
3356 772 3515 842 juxta

1918 871 2227 926 mirabilem
2266 872 2407 925 hanc
2442 870 2638 939 legem,
2676 868 2841 921 etiam
2891 881 2960 919 ex
3017 865 3262 936 mysticis
3309 865 3515 920 litteris

1918 979 2232 1033 expungere
2287 961 2744 1016 colendissimum
2774 975 2975 1014 nomen
3001 959 3099 1014 Dei
3125 967 3182 1012 et
3211 955 3515 1012 Salvatoris

1919 1053 2091 1108 nostri
2142 1052 2269 1108 Jesu
2306 1051 2531 1106 Christi.
2580 1053 2650 1106 At
2697 1051 2844 1106 enim
2900 1062 3372 1119 supervacaneum
3427 1054 3516 1108 est

1918 1146 1986 1200 de
2024 1146 2130 1198 hoc
2159 1144 2317 1214 plura
2349 1143 2556 1196 dicere.
2591 1141 2944 1210 Singulorum
2974 1141 3123 1194 enim
3149 1138 3516 1225 epistolarutn

1918 1234 2187 1304 prommia
2215 1232 2438 1287 divinus
2470 1231 2768 1300 Apostolus
2813 1231 3056 1284 illustrat
3097 1229 3206 1282 hoc
3263 1228 3512 1294 nomine,

1918 1341 2065 1379 nunc
2093 1324 2316 1394 quidem
2343 1323 2534 1377 dicens
2563 1341 2576 1375 :
2625 1341 2642 1373 ι
2679 1321 2881 1376 Paulus
2925 1329 3119 1374 servus
3156 1319 3285 1375 Jesu
3304 1317 3515 1376 Christi

1918 1425 2146 1471 vocatus
2193 1416 2492 1486 Apostolus
2524 1413 2602 1478 il";
2639 1433 2654 1464 ι
2699 1428 2846 1467 nunc
2894 1428 3066 1466 vero:
3117 1431 3134 1462 ι
3161 1407 3367 1465 Paulus
3412 1425 3512 1466 vo-
3565 1399 3576 1408 ’

1917 1510 2076 1562 catus
2110 1508 2406 1577 Apostolus
2432 1506 2561 1560 Jesu
2584 1505 2790 1559 Christi
2817 1505 2894 1571 ²⁸;
2929 1523 2946 1554 ι
2988 1513 3044 1558 et
3074 1521 3087 1557 :
3122 1522 3140 1554 ι
3169 1503 3375 1557 Paulus
3398 1519 3517 1557 ser-

1917 1616 2020 1653 vus
2051 1600 2172 1664 Dei,
2204 1598 2503 1668 Apostolus
2538 1611 2671 1649 vero
2717 1595 2926 1666 1261
2961 1595 3091 1650 Jesu
3136 1593 3344 1649 Christi
3390 1594 3456 1648 ".
3489 1613 3508 1644 ι

1917 1691 1986 1745 Et
2011 1690 2283 1760 prooemio
2310 1687 2758 1744 benedictionem
2783 1693 3066 1754 coaptans,
3092 1700 3160 1738 ex
3211 1684 3318 1738 hoc
3362 1682 3515 1737 illam

1917 1785 2069 1839 fonte
2114 1783 2360 1847 deducit,
2419 1782 2654 1851 Filiique
2705 1779 3132 1850 appellationem
3159 1793 3283 1831 cum
3316 1776 3428 1830 Deo
3456 1785 3516 1830 et

218 1872 525 1936 ἀπόστολος
556 1873 611 1924 δὲ
650 1872 823 1944 Ἰησοῦ
855 1873 1115 1944 Χριστοῦ.
1151 1873 1259 1924 Kal
1286 1872 1363 1942 τῷ
1412 1873 1687 1944 προοιμίῳ
1715 1873 1811 1944 τὴν

1920 1876 2078 1930 Patre
2134 1873 2415 1927 connectit
2459 1872 2695 1926 dicens:
2733 1889 2751 1921 ι
2790 1869 2977 1924 Gratia
3026 1867 3187 1921 vobis
3239 1873 3296 1920 et
3343 1880 3448 1936 pax
3482 1879 3514 1918 a

214 1965 508 2032 emortua
529 1965 842 2028 συνάπτων,
877 1966 941 2017 ἐκ
970 1963 1176 2034 ταύτης
1199 1963 1404 2034 ταύτην
1435 1963 1667 2036 ἀρύεται
1712 1965 1814 2034 τῆς

215 2056 432 2126 πηγῆς,
459 2056 551 2108 καὶ
579 2055 657 2126 τῷ
686 2054 806 2126 Θεῷ
836 2057 930 2109 καὶ
978 2056 1156 2126 Πατρὶ
1185 2057 1284 2123 τὴν
1318 2055 1411 2106 τοῦ
1463 2055 1593 2109 Υἱοῦ
1641 2073 1813 2127 προσο-

212 2147 458 2218 ηγορίαν
495 2144 821 2213 συζεύγνυσι
849 2145 1026 2212 λέγων
1048 2163 1061 2177 ·
1085 2165 1103 2196 ι
1134 2144 1309 2213 Χάρις
1334 2143 1462 2214 ὑμῖν
1495 2144 1590 2196 καὶ
1620 2146 1810 2216 εἰρήνη

214 2235 337 2290 ἀπὸ
361 2235 496 2287 Θεοῦ
527 2235 742 2306 Πατρὸς
769 2234 924 2303 ήμῶν
950 2235 1044 2287 καὶ
1073 2234 1278 2304 Κυρίου
1301 2231 1476 2304 Ἰησοῦ
1515 2235 1808 2302 Χριστοῦ.»

1923 1967 2035 2019 Deo
2061 1967 2220 2024 Patre
2255 1973 2443 2018 nostro
2472 1971 2527 2017 et
2562 1961 2797 2016 Domino
2833 1959 2965 2014 Jesu
3001 1957 3225 2017 Christo
3265 1956 3329 2009 ’⁷.
3374 1975 3392 2006 ι
3445 1953 3516 2010 Ει

1920 2057 2275 2126 cpistolarum
2310 2072 2531 2126 quoque
2560 2054 2696 2109 fines
2719 2053 2823 2107 hac
2844 2058 3076 2105 exornat
3099 2047 3511 2106 benedictione:

1927 2167 1943 2200 ι
1982 2148 2171 2203 Gratia
2212 2147 2429 2202 Domini
2473 2147 2601 2216 Jesu
2629 2145 2837 2201 Christi
2873 2159 2998 2200 cum
3037 2143 3299 2199 omnibus
3331 2139 3513 2223 vobis.

1919 2244 2095 2294 Amen
2145 2241 2209 2294 ²⁸.
2244 2259 2262 2290 ι

215 2326 340 2380 Kal
369 2325 474 2380 τῶν
500 2325 834 2379 Ἐπιστολῶν
859 2325 913 2377 δὲ
943 2326 1011 2378 τὰ
1044 2327 1170 2397 τέλη
1203 2327 1332 2397 τῇδε
1362 2329 1430 2397 τῇ
1467 2326 1689 2400 εὐλογίᾳ
1729 2330 2047 2403 διακοσμεί’
2087 2351 2104 2384 ι
2146 2334 2210 2386 ’Π
2248 2333 2410 2405 χάρις
2470 2331 2563 2386 τοῦ
2599 2331 2808 2404 Κυρίου
2854 2329 3034 2402 Ἰησοῦ
3093 2327 3330 2400 Χριστοῦ
3375 2327 3516 2398 μετά

217 2420 448 2474 πάντων
482 2417 658 2488 ὑμῶν.
699 2419 889 2488 Ἀμήν.

298 2512 409 2565 Καὶ
435 2511 627 2581 ἑτέρας
656 2511 712 2563 δὲ
745 2511 1072 2580 παμπόλλας
1106 2511 1408 2581 μαρτυρίας
1431 2511 1578 2564 ἐστιν
1605 2513 1808 2582 εὑρεῖν,

215 2601 295 2655 δι’
329 2595 403 2655 ὧν
432 2602 773 2670 καταμαθεῖν
807 2603 1056 2666 εὐπετὲς,
1087 2603 1161 2664 ὡς
1196 2604 1224 2654 6
1252 2603 1456 2674 Κύριος
1504 2603 1662 2674 ήμῶν
1708 2604 1814 2673 ’1η-

217 2692 356 2758 σοῦς
394 2695 626 2764 Χριστὸς
669 2697 768 2747 οὐκ
815 2693 943 2747 ἄλλο
999 2694 1292 2764 πρόσωπόν
1351 2698 1467 2747 ἐστι
1529 2696 1682 2766 παρὰ
1723 2695 1815 2748 τὸν

217 2784 356 2839 Υἱδν
407 2785 503 2854 τῆς
549 2786 780 2854 Τριάδος
831 2778 1203 2856 πληρωτικὸν.
1261 2785 1318 2838 '0
1349 2786 1458 2856 γὰρ
1509 2786 1674 2848 αὐτὸς
1711 2787 1816 2858 πρὸ

219 2875 329 2946 μὲν
367 2875 472 2930 τῶν
500 2877 714 2930 αἰώνων
747 2878 877 2941 Υἱὸς
899 2874 968 2948 ἦν
1003 2877 1302 2947 μονογενὴς
1331 2878 1426 2930 καὶ
1463 2880 1594 2943 Θεὸς
1615 2881 1810 2949 Λόγος,

221 2967 367 3036 μετά
406 2968 462 3021 δὲ
512 2968 612 3038 τὴν
649 2968 1063 3038 ὲνανθρώπησιν
1104 2969 1398 3041 ὠνομάσθη
1455 2973 1551 3024 καὶ
1602 2970 1810 3041 Ἰησοῦς

217 3058 321 3111 καὶ
353 3058 605 3129 Χριστὸς,
643 3060 751 3112 ἀπὸ
782 3061 888 3112 τῶν
922 3061 1267 3130 πραγμάτων
1307 3061 1405 3124 τὰς
1436 3063 1812 3132 προσηγορίας

215 3146 534 3217 δεξάμενος.
594 3149 800 3220 Ἰησοῦς
859 3152 959 3220 μὲν
1009 3152 1117 3220 γὰρ
1169 3151 1372 3220 Σωτὴρ
1421 3154 1806 3224 ἑρμηνεύεται.

222 3258 246 3291 ι
293 3241 560 3305 Καλέσεις
595 3243 702 3312 γὰρ
732 3243 791 3296 τὸ
829 3244 1000 3313 ὄνομα
1037 3245 1204 3297 αὑτοῦ
1254 3246 1484 3314 Ἰησοῦν,
1522 3249 1602 3299 ὅτι
1652 3248 1812 3309 αὐτὸς

1985 2515 2051 2567 Ει
2087 2515 2191 2569 alia
2228 2531 2396 2585 porro
2438 2514 2675 2586 plurima
2731 2514 3046 2568 testimonia
3093 2515 3346 2583 reperire
3395 2523 3504 2578 est,

1913 2619 1982 2657 ex
2034 2605 2240 2674 quibus
2273 2605 2522 2674 proclive
2574 2603 2648 2658 sit
2694 2617 3033 2673 cognoscere
3073 2602 3368 2657 Dominum
3415 2619 3518 2658 no-

1914 2701 2091 2747 strum
2130 2694 2318 2749 Jesum
2346 2693 2627 2749 Christum
2673 2687 2801 2747 'non
2862 2693 3028 2746 aliam
3062 2707 3185 2746 esse
3219 2707 3515 2761 personam

1915 2804 2082 2860 quam
2112 2781 2336 2853 Filium,
2361 2788 2456 2844 sed
2493 2787 2827 2842 Trinitatem
2857 2787 3161 2856 complere.
3183 2787 3331 2842 ldem
3363 2788 3516 2843 enim

1918 2881 2036 2948 ipse
2087 2886 2214 2932 ante
2246 2877 2444 2932 saecula
2472 2877 2698 2948 quidem
2744 2877 2917 2932 Filius
2962 2885 3083 2930 erat
3110 2876 3429 2948 unigenitus
3459 2884 3518 2933 et

1920 2969 2065 3022 Dens
2099 2967 2341 3022 Verbum
2376 2985 2388 3021 :
2427 2976 2549 3037 post
2594 2967 3033 3021 incarnationem
3077 2983 3213 3022 vero
3254 2975 3311 3022 et
3355 2967 3518 3024 Jesus

1918 3069 1976 3115 et
2029 3059 2284 3115 Christus
2317 3059 2627 3128 appellatus
2657 3067 2763 3122 est,
2799 3075 2866 3112 ex
2908 3059 3077 3114 rebus
3122 3059 3390 3115 vocabula
3419 3059 3518 3116 de—
3604 3135 3611 3143 Ι

1919 3152 2164 3204 sumens.
2205 3149 2367 3207 Jesus
2398 3149 2602 3219 quippe
2637 3149 2947 3219 explicatur
2973 3148 3241 3205 Salvator.

1996 3258 2015 3292 ι
2050 3241 2286 3296 Vocabis
2322 3241 2475 3295 enim
2532 3255 2738 3296 nomen
2788 3243 2908 3312 ejus
2935 3240 3125 3296 Jesum
3161 3259 3175 3295 :
3207 3242 3325 3312 ipse
3365 3241 3516 3296 enim
3541 3299 3558 3320 I

218 3329 390 3384 σώσει
434 3333 524 3385 τὸν
568 3334 696 3386 λαὸν
727 3334 892 3387 αὑτοῦ
940 3335 1046 3388 ἀπὸ
1073 3335 1196 3387 ’τῶν
1229 3335 1522 3407 ἁμαρτιῶν
1557 3336 1744 3390 αὑτοῦ.
1787 3356 1804 3388 ι

1921 3333 2131 3386 salvum
2170 3333 2333 3387 faciet
2365 3333 2629 3401 populum
2665 3347 2827 3386 suum
2865 3347 2894 3386 a
2927 3334 3169 3402 peccatis
3198 3349 3394 3388 eorum
3412 3334 3512 3388 ¹⁹.›

211 3419 456 3489 Χριστὸς
507 3421 563 3474 δὲ
599 3422 908 3493 κέκληται,
944 3425 1020 3488 ὡς
1055 3425 1201 3477 κατά
1232 3425 1291 3478 τὸ
1342 3426 1685 3497 ἀνθρώπειον
1734 3427 1814 3497 τῷ

216 3511 501 3580 Πνεῦματι
523 3513 600 3583 τῷ
624 3515 872 3584 παναγίῳ
901 3516 1167 3586 χρισοεὶς,
1204 3517 1294 3570 καὶ
1326 3519 1678 3589 χρηματίσας
1709 3521 1813 3590 ἀρ-

215 3605 439 3674 χιερεὺς
467 3605 646 3675 ἡμῶν,
709 3607 804 3659 καὶ
857 3609 1177 3673 ἀπόστολος,
1233 3611 1327 3662 καὶ
1376 3613 1684 3681 προφήτης,
1720 3613 1814 3664 καὶ

218 3691 498 3758 βασιλεῦς.
535 3698 773 3768 Μωῦσῆς
812 3699 907 3768 μὲν
944 3698 1053 3769 γὰρ
1084 3701 1112 3752 6
1147 3699 1436 3764 θεσπέσιος
1465 3701 1565 3772 βοᾷ
1596 3702 1813 3772 πόρρω·

217 3783 316 3838 θεν
339 3801 354 3815 ·
387 3804 404 3835 ι
445 3787 740 3857 Προφήτην
783 3788 912 3857 ὑμῖν
945 3790 1242 3858 ἀναστήσει
1276 3788 1483 3858 Κύριος
1505 3793 1532 3842 6
1565 3790 1698 3854 Θεὸς
1747 3791 1813 3844 ἐκ

213 3874 332 3930 τῶν
361 3876 605 3944 ἀδελφῶν
638 3876 815 3946 ὑμῶν,
848 3877 922 3941 ὡς
954 3879 1076 3945 ἐμέ.
1110 3897 1128 3930 ι
1172 3881 1231 3932 Ὀ
1265 3880 1322 3932 δὲ
1350 3880 1493 3943 θεῖος
1520 3880 1688 3934 Δαϐὶδ
1715 3881 1812 3934 κέ-

216 3981 430 4037 κραγεν
455 3965 628 4034 λέγων
650 3983 663 3998 ·
695 3985 713 4018 ι
756 3967 960 4037 Ὠμοσε
993 3967 1219 4038 Κύριος,
1256 3968 1350 4021 καὶ
1392 3969 1455 4021 οὐ
1494 3969 1812 4039 μεταμελη-

216 4056 469 4126 θήσεται,
527 4060 592 4110 ab
649 4059 830 4126 ἱερεὺς
879 4062 958 4121 εἰς
1009 4061 1101 4112 τὸν
1148 4059 1323 4112 αἰῶνα
1352 4061 1494 4114 κατὰ
1522 4060 1620 4132 τὴν
1658 4059 1813 4126 τάξιν

214 4143 578 4215 Μελχισεδέκ.
607 4148 826 4201 Βεϐαιοί
855 4148 911 4202 δὲ
935 4147 1034 4219 τὴν
1064 4151 1406 4222 προφητείαν
1427 4154 1455 4205 6
1483 4151 1627 4216 θεῖος
1656 4152 1816 4205 Ἀπό·

217 4236 409 4301 στολος
442 4225 535 4290 καὶ
570 4238 731 4292 πάλιν
758 4257 771 4269 ·
829 4258 847 4291 ι
892 4243 1150 4312 Ἔχοντες
1199 4239 1294 4297 οῦν
1340 4245 1603 4315 ἀρχιερέα
1638 4245 1812 4318 μέγαν

212 4326 574 4396 διεληλυθότα
623 4331 750 4393 τοὺς
798 4333 1088 4404 οὐρανοὺς,
1151 4335 1362 4401 Ἰησοῦν
1418 4336 1510 4388 τὸν
1541 4336 1670 4388 Υἱὸν
1717 4336 1810 4389 τοῦ

211 4417 380 4484 Θεοῦ,
403 4421 698 4492 κρατῶμεν
723 4422 823 4491 τῆς
851 4425 1164 4494 ὁμολογίας.
1201 4427 1321 4480 Ὀτι
1354 4427 1408 4480 δὲ
1435 4428 1528 4480 καὶ
1558 4428 1813 4498 βασιλεύς

216 4508 340 4561 ιστι
378 4509 703 4580 προαιώνιος
731 4512 807 4575 ὡς
838 4513 994 4577 Θεὸς,
1027 4516 1058 4584 ἡ
1089 4516 1404 4587 προφητικὴ
1449 4517 1614 4570 πάλιν
1664 4520 1812 4588 ἡμᾶς

220 4598 460 4670 μελῳδία
502 4601 764 4657 διδάσκει.
817 4624 833 4655 ι
889 4605 947 4658 '0
998 4605 1187 4676 θρόνος
1227 4623 1320 4660 σου
1366 4608 1496 4680 γὰρ,
1548 4610 1748 4679 φησὶν,
1783 4613 1811 4664 6

1919 3421 2177 3477 Christus
2201 3437 2334 3475 vero
2366 3422 2678 3491 appellatus
2715 3430 2822 3487 est,
2856 3430 3116 3492 tanquam
3159 3423 3368 3494 Spiritu
3394 3440 3519 3479 san-

1921 3523 2009 3568 cto
2045 3515 2349 3570 secundum
2380 3516 2662 3571 hominem
2703 3503 2925 3581 unctus,
2967 3526 3023 3571 et
3056 3517 3236 3573 factus
3271 3519 3518 3589 pontifex

1920 3614 2130 3668 noster,
2169 3613 2226 3659 et
2271 3607 2578 3675 apostolus,
2612 3608 2705 3660 'et
2744 3607 3036 3676 propheta,
3069 3616 3126 3662 et
3171 3623 3286 3662 rex.
3339 3608 3519 3674 Moses

1919 3698 2070 3751 enim
2121 3697 2346 3752 divinus
2405 3699 2568 3768 longe
2608 3708 2736 3753 ante
2782 3698 3095 3754 clamabat:
3129 3719 3146 3751 ι
3179 3701 3518 3771 Prophetam

1920 3787 2076 3842 vobis
2104 3788 2392 3842 suscitabit
2435 3789 2705 3842 Dominus
2740 3789 2886 3842 Deus
2911 3788 2979 3842 de
3010 3789 3278 3846 fratribus
3311 3791 3518 3846 vestris

1919 3882 2064 3936 sicut
2093 3880 2279 3945 me”;
2322 3900 2339 3932 ι
2382 3890 2439 3936 et
2479 3880 2705 3935 divinus
2746 3880 2921 3934 David
2953 3881 3290 3937 vociferatus
3316 3891 3404 3938 est
3430 3883 3518 3938 di-

1919 3986 2088 4026 cens:
2123 3991 2139 4021 ι
2173 3970 2386 4026 Juravit
2435 3971 2723 4037 Dominus,
2775 3978 2831 4023 et
2865 3986 2977 4025 non
3018 3973 3313 4041 paenitebit
3363 3989 3516 4040 eum,

1921 4061 2002 4115 Tu
2039 4077 2100 4116 es
2150 4064 2409 4118 sacerdos
2461 4063 2516 4116 in
2570 4072 2840 4117 aeternum
2892 4064 3199 4118 secundum
3262 4066 3518 4122 ordinem

1921 4152 2325 4208 Melchisedech
2358 4155 2423 4208 ³⁸.
2463 4171 2480 4204 ι
2529 4152 2950 4224 Conﬁrmatque
2987 4156 3338 4227 preph‘etiam
3375 4158 3520 4214 divi-

1920 4260 2024 4299 nus
2056 4245 2355 4315 Apostolus
2379 4246 2443 4300 ³².
2490 4247 2560 4301 Ει
2614 4247 2818 4302 iterum
2860 4249 2936 4302 ait
2968 4267 2981 4303 :
3017 4269 3035 4300 ι
3082 4251 3362 4307 Habentes
3386 4269 3518 4324 ergo

1920 4337 2237 4406 pontificem
2282 4355 2563 4408 magnum,
2593 4341 2688 4409 qni
2738 4341 3054 4410 penetravit
3092 4343 3283 4406 caelos,
3328 4344 3517 4399 Jesum

1921 4426 2118 4480 Filium
2149 4426 2267 4493 Del,
2289 4435 2579 4482 teneamus
2610 4429 3097 4487 confessionem”.
3133 4452 3148 4482 ι
3191 4432 3348 4498 Quod
3383 4451 3517 4490 vero

1920 4519 1991 4572 sit
2035 4518 2204 4573 etiam
2254 4536 2350 4575 rex
2400 4528 2528 4576 ante
2563 4523 2764 4577 saecula
2809 4524 2961 4578 velut
2993 4525 3158 4589 Deus,
3191 4511 3517 4596 prbphetica

1921 4625 2114 4668 rursus
2147 4610 2385 4666 melodia
2420 4627 2523 4666 nos
2555 4611 2737 4668 docet.
2779 4614 2993 4685 1262
3025 4634 3042 4666 ι
3083 4614 3275 4682 Sedes,
3313 4617 3514 4688 inquit,

214 4691 374 4757 Θεὸς,
400 4693 481 4756 εἰς
510 4694 602 4747 τὸν
633 4693 803 4748 αἰῶνα
835 4696 929 4749 τοῦ
967 4698 1187 4762 αἰῶνος·
1220 4699 1416 4770 ῥάϐδος
1444 4701 1740 4772 εὐθύτητος
1773 4705 1804 4774 ή

1918 4708 2038 4768 tua,
2100 4702 2287 4767 Deus,
2352 4703 2410 4758 in
2459 4705 2721 4758 saeculum
2775 4708 2995 4773 saeculi;
3043 4710 3198 4779 virga
3247 4709 3514 4767 directio-

215 4781 419 4852 ῥάϐδος
465 4783 565 4853 τῆς
615 4784 895 4854 βασιλείας
931 4804 1046 4840 σου.
1089 4808 1109 4840 ι
1167 4789 1548 4844 Ὑποδείκνυσι
1587 4792 1645 4846 δὲ
1675 4795 1808 4864 ήμῖν

215 4874 316 4926 καὶ
348 4872 409 4926 τὸ
457 4874 798 4944 ἀνθρώπειον
831 4878 996 4931 αὐτοῦ
1051 4880 1273 4951 κράτος.
1313 4883 1492 4952 Ἕχων
1533 4884 1643 4955 γὰρ
1700 4886 1808 4938 τῶν

211 4964 357 5017 ὅλων
383 4962 486 5054 τὴν
517 4965 835 5022 δεσποτείαν
864 4968 938 5032 ὡς
975 4970 1106 5034 Θεὸς
1148 4973 1240 5025 καὶ
1276 4973 1631 5046 δημιουργὸς,
1669 4976 1807 5046 λαμ-

214 5054 371 5108 6άνει
401 5055 605 5125 ταύτην
644 5057 720 5122 ὡς
747 5059 1056 5131 ἄνθρωπος.
1087 5058 1160 5116 Οῦ
1192 5063 1258 5134 δή
1293 5065 1453 5135 χάριν
1489 5067 1798 5136 ἐπήγαγεν·

221 5165 240 5197 ι
273 5147 600 5218 ’11γὰπησας
653 5150 1040 5222 δικαιοσύνην,
1070 5155 1164 5206 καὶ
1214 5156 1486 5227 ἐμίσησας
1532 5158 1802 5230 ἀνομίαν’

213 5239 304 5292 διὰ
331 5239 487 5293 τοῦτο
517 5241 700 5312 ἔχρισὲ
731 5261 788 5296 σε
815 5245 843 5296 6
871 5244 1026 5312 Θεὸς,
1053 5249 1082 5301 6
1114 5247 1246 5320 Θεός
1279 5266 1395 5312 σου,
1432 5249 1614 5304 ἔλαιον
1635 5251 1806 5318 ἀγαλ-

212 5331 454 5395 λιάσεως
478 5335 629 5405 παρά
656 5334 785 5398 τοὺς
821 5338 1084 5409 μετόχους
1117 5356 1232 5394 σου.
1263 5359 1280 5391 ι
1318 5341 1429 5393 Καὶ
1474 5343 1532 5394 ὲν
1575 5341 1652 5412 τῷ
1689 5343 1810 5395 δευ-

210 5422 362 5495 τέρῳ
391 5423 448 5476 δέ
480 5442 648 5495 φησιν
677 5426 880 5498 ψαλμῷ
917 5429 1079 5494 αὐτὸς
1126 5433 1154 5483 6
1186 5430 1431 5502 χρισθείς
1454 5445 1466 5461 ·
1507 5451 1525 5482 ι
1576 5433 1722 5501 Ἐγὼ
1748 5435 1806 5487 δὲ

1914 4790 2022 4855 nis,
2099 4790 2254 4862 virga
2325 4793 2479 4862 regni
2550 4793 2629 4847 tui
2669 4794 2736 4847 ".
2793 4814 2811 4847 ι
2872 4796 3155 4851 Ostendit‘
3185 4806 3371 4854 autem
3420 4819 3516 4872 pa-

1916 4883 2050 4936 riter
2082 4891 2138 4936 ct
2172 4883 2477 4937 humanum
2517 4886 2639 4956 ejus
2670 4885 2988 4956 imperium.
3021 4887 3162 4944 Cum
3191 4892 3514 4947 enim.uni.

1914 4989 2201 5028 versorum
2252 4975 2453 5031 habeat
2505 4977 2852 5034 dominatum
2901 4990 2961 5035 ut
2995 4981 3140 5038 Deus
3185 4992 3241 5039 et
3270 4997 3512 5053 creator,

1915 5064 2067 5118 hunc
2089 5066 2289 5136 accipit
2314 5075 2376 5120 ut
2414 5068 2601 5123 homo.
2637 5069 2820 5136 Quare
2851 5069 3140 5143 subjunxit
3169 5092 3181 5127 :
3221 5094 3237 5126 ι
3262 5075 3511 5133 Dilexisti

1905 5157 2200 5228 justitiam,
2227 5170 2283 5213 et
2312 5160 2479 5216 odisti
2512 5161 2861 5232 iniquitatem
2891 5181 2905 5217 :
2935 5175 3233 5235 propterea
3270 5168 3430 5225 unxit
3457 5180 3511 5226 te

1907 5248 2074 5316 Deus,
2125 5250 2270 5305 Deus
2332 5259 2482 5317 tuus,
2549 5253 2674 5308 oleo
2733 5253 2942 5308 laatitiaa
2990 5271 3104 5325 prae
3159 5258 3513 5316 consortibus

1907 5343 2018 5396 tuis
2052 5342 2116 5396 ³⁸.
2153 5363 2170 5393 ι
2206 5344 2266 5397 1η
2295 5344 2540 5399 secundo
2565 5361 2786 5416 quoque
2815 5347 3027 5416 psalmo
3057 5357 3256 5406 unctus
3287 5350 3404 5421 ipse
3432 5352 3512 5408 sic

1906 5435 1983 5488 ait
2009 5453 2022 5488 :
2065 5455 2082 5486 ι
2123 5436 2243 5506 Ego.
2272 5448 2456 5491 autem
2492 5439 2833 5495 constitutus
2864 5455 2985 5494 sum
3013 5457 3108 5496 rex
3134 5441 3206 5496 ab
3239 5458 3307 5498 eo
3339 5460 3510 5514 super

213 5515 564 5587 κατεστάθην
623 5518 878 5588 βασιλεὺς
922 5521 1014 5576 ὑπ’
1062 5523 1229 5576 αὐτοῦ
1280 5523 1374 5577 ἐπὶ
1421 5524 1560 5577 Σιὼν
1592 5525 1717 5596 ὄρος
1745 5528 1806 5580 τὸ

1918 5527 2036 5583 Sion
2065 5536 2308 5586 montem
2362 5541 2617 5587 sanctum
2645 5534 2788 5607 ejus,
2818 5535 3131 5606 prtedicans
3166 5545 3507 5608 praeceptum

287 5674 336 5704 ’³
371 5673 415 5727 11
441 5674 569 5730 Cor.
605 5691 719 5742 xm,
762 5677 846 5730 15.

215 5745 264 5775 ε’
306 5742 497 5798 Matth.
524 5762 562 5810 ι,
589 5747 680 5800 21.

218 5812 264 5846 ⁸⁸
304 5811 439 5867 ibid.
478 5810 530 5868 8.

958 5677 1002 5708 ’⁷⁵
1042 5679 1202 5733 Rom.
1235 5695 1273 5740 l,
1320 5680 1370 5733 1.

762 5679 846 5730 15.
958 5679 1002 5708 ’⁷⁵
1042 5679 1202 5733 Rom.
1235 5695 1273 5740 ι,
1320 5680 1370 5733 1.
1487 5680 1531 5712 ’⁸
1573 5681 1592 5736 1
1636 5679 1768 5736 Cor.
1806 5699 1811 5736 ι

760 5748 802 5777 ³⁰
829 5748 988 5802 Deut.
1028 5765 1179 5815 xvnl,
1220 5749 1304 5804 15.
1377 5750 1420 5838 ³1
1451 5750 1595 5806 Psal.
1633 5754 1811 5818 (ΜΛ.

1918 5726 1919 5734 η
2035 5685 2078 5716 ²⁶
2115 5683 2222 5738 Tit.
2253 5701 2290 5749 ι,
2323 5687 2370 5739 1.
2477 5688 2523 5718 ’⁷
2565 5689 2724 5745 Rom.
2755 5706 2792 5755 ι,
2822 5691 2874 5744 7.
2982 5692 3027 5724 ³⁸
3065 5691 3224 5746 Rom.
3264 5708 3377 5755 xvr,
3410 5693 3501 5747 24.

1919 5753 1937 5783 ²
1975 5753 2141 5809 Hebr.
2186 5772 2280 5823 vn,
2316 5757 2406 5810 2|.
2465 5759 2508 5792 ³⁸
2547 5761 2690 5816 l‘sal.
2730 5777 2803 5828 ιν,
2841 5761 2924 5816 11.
3004 5761 3047 5793 ³⁸
3087 5761 3230 5817 Psal.
3269 5777 3412 5828 xuv,
3449 5763 3516 5816 7.‘

2035 5685 2078 5755 ’ἐ
2115 5683 2222 5738 Tit.
2253 5701 2290 5749 ι,
2323 5687 2370 5739 1.
2477 5688 2523 5718 ’⁷
2565 5689 2724 5745 Rom.
2755 5706 2792 5755 I,
2822 5691 2874 5744 7.
2982 5692 3027 5724 "'
3065 5691 3224 5746 Rom-
3264 5708 3377 5755 XVI:
3410 5693 3501 5747 24-
