4086 6326
630 269 763 335 1399

628 377 721 432 Dei
760 390 857 447 per
890 374 1075 431 Jesum
1106 372 1384 431 Christum
1416 375 1480 428 ".
1504 396 1520 426 ι
1566 376 1765 430 Eadem
1800 377 1963 430 etiam
2016 374 2205 429 docuit
2236 387 2273 439 Α

628 466 896 535 Ephesios
927 484 939 520 :
971 486 989 517 ι
1028 465 1165 533 Quia
1203 466 1258 520 in
1288 466 1579 531 charitate,
1608 467 1805 538 inquit,
1849 467 2205 536 praedestina-

628 558 709 609 vit
737 572 835 611 nos
866 557 920 611 in
956 556 1308 626 adoptionem
1331 557 1565 613 ﬁliorum
1597 574 1695 627 per
1720 559 1902 614 Jesum
1926 556 2205 613 Christum

631 647 687 700 in
722 648 898 717 ipsum
925 647 993 699 ".
1039 666 1055 698 ι
1091 648 1148 701 Si
1180 664 1330 719 ergo,
1360 649 1486 718 quia
1521 666 1811 706 commune
1862 661 1948 706 est
2004 668 2206 707 nomen

627 737 851 801 Christi,
890 736 1201 807 gloriﬁcare
1232 739 1511 794 Christum
1548 757 1654 795 non
1681 751 1897 812 Oportet
1925 751 1986 797 ut
2012 745 2206 809 Deum,

627 844 805 897 neque
844 838 903 883 ut
929 829 1125 884 Filium
1167 832 1317 885 illum
1349 832 1723 897 adorahimus,
1751 835 1879 904 quia
1910 838 2067 890 multi
2104 837 2207 891 hoc

625 936 844 991 quoque
888 938 1086 976 nomen
1124 923 1305 977 sortiti
1362 932 1512 979 sunt.
1550 926 1615 979 Et
1673 926 1805 995 quid
1864 926 1990 981 dico
2046 927 2208 981 Filii?

625 1010 807 1079 ipsum
848 1012 995 1065 enim
1031 1012 1125 1065 Dei
1162 1028 1364 1067 nomen
1415 1015 1571 1067 multi
1600 1030 1630 1068 a
1679 1016 1792 1069 Deo
1829 1016 2016 1070 datum
2047 1032 2204 1071 acce-

624 1116 775 1169 pere.
821 1119 837 1153 ι
889 1102 1033 1156 Deus
1075 1103 1303 1157 deorum
1341 1105 1602 1159 Dominus
1645 1106 1864 1162 locutus
1890 1118 1995 1173 est,
2032 1119 2087 1163 et
2111 1125 2206 1161 vo-

624 1190 768 1246 cavit
819 1201 1020 1246 terram
1045 1194 1110 1248 ".
1145 1214 1161 1244 ι
1214 1196 1278 1249 Ει
1315 1214 1326 1247 :
1370 1215 1387 1245 σ
1430 1196 1541 1266 Ego
1594 1197 1706 1250 dixi
1748 1216 1760 1251 :
1798 1199 1880 1253 Dii
1920 1202 2052 1254 estis
2078 1200 2143 1263 ",
2179 1219 2197 1251 ι

624 1286 641 1303 ’
670 1293 725 1336 et
764 1301 775 1335 :
815 1302 833 1335 ι
865 1282 981 1337 Diis
1009 1302 1116 1339 non
1152 1287 1408 1341 detrahes
1441 1290 1505 1342 ‘°.
1547 1308 1563 1340 ›
1608 1289 1761 1343 Multi
1810 1291 1973 1344 etiam
2019 1292 2201 1345 subri-

622 1374 837 1444 pientes
873 1377 978 1431 hoc
1014 1378 1117 1431 sibi
1155 1380 1483 1433 vocabulum
1524 1380 1893 1435 vindicarunt.
1928 1382 2028 1447 Qui
2054 1385 2201 1436 enim

624 1466 879 1522 homines
933 1468 1272 1538 deceperunt
1320 1470 1593 1526 daemones
1641 1487 1840 1525 nomen
1888 1473 1992 1527 hoc
2042 1474 2206 1528 idolis

624 1557 1028 1627 imposuerunt.
1056 1558 1210 1613 Unde
1231 1561 1429 1615 clamat
1452 1562 1719 1617 Jeremias
1746 1583 1759 1618 :
1791 1584 1807 1615 ι
1841 1564 1946 1629 Dii,
1968 1566 2063 1634 qui
2094 1581 2206 1619 cm-

623 1647 706 1702 los
723 1656 779 1701 et
804 1656 1005 1702 terram
1047 1665 1157 1705 non
1193 1651 1462 1716 fecerunt,
1492 1663 1719 1723 pereant
1747 1656 1814 1711 de
1848 1665 2016 1719 terra,
2051 1665 2106 1712 et
2134 1657 2203 1713 de

624 1736 712 1791 his
748 1752 870 1805 qua:
898 1737 1001 1791 sub
1027 1738 1167 1793 caelo
1200 1748 1330 1795 sunt
1356 1741 1422 1794 ".
1456 1762 1474 1793 ι
1509 1742 1577 1796 Ει
1601 1742 1799 1798 iterum
1838 1762 1851 1797 :
1884 1764 1903 1795 ι
1935 1745 2204 1799 Fecerunt
2236 1734 2275 1788 Β

622 1828 726 1883 sibi
757 1828 894 1883 deos
924 1840 1236 1900 argenteos,
1284 1840 1338 1885 et
1384 1834 1516 1888 deos
1548 1850 1746 1889 aureos
1761 1837 1825 1889 ".
1857 1855 1873 1887 ι
1915 1838 1982 1891 Ει
2016 1837 2203 1900 Isaias,

621 1932 748 1975 eum
800 1920 1075 1975 idolorum
1108 1933 1440 1978 structuram
1479 1925 1803 1988 derisisset.“
1824 1927 2201 1996 dixissetque:

626 2030 647 2062 ι
696 2010 932 2067 Medium
974 2015 1095 2083 ejus
1146 2015 1452 2085 combussit
1504 2018 1636 2086 igni,
1688 2028 1744 2072 et
1792 2034 1916 2072 cum
1967 2020 2205 2073 coxisset

620 2114 835 2163 carnes,
869 2102 1129 2166 comedit,
1168 2113 1223 2156 et
1256 2103 1393 2157 dixit
1425 2126 1436 2157 :
1480 2106 1592 2159 Vah
1639 2106 1933 2160 calefactus
1975 2123 2117 2169 sum,
2147 2117 2203 2161 et

621 2190 730 2244 vidi
769 2192 952 2247 locum
973 2194 1051 2258 ⁶³;
1087 2213 1106 2245 ι
1149 2203 1262 2247 tum
1298 2196 1529 2264 subjecit
1562 2214 1573 2248 :
1613 2215 1630 2247 ‹
1668 2197 1959 2266 Reliquum
2014 2207 2197 2251 autem

620 2279 740 2348 ejus
762 2278 893 2335 fecit
926 2282 1089 2335 deum
1115 2291 1168 2336 et
1194 2284 1447 2353 sculptile
1482 2285 1611 2347 sibi,
1640 2294 1697 2339 et
1729 2286 1921 2341 adorat
1944 2288 2076 2340 illud
2114 2288 2200 2341 di-

621 2386 789 2426 cens:
816 2372 1012 2427 Libera
1043 2390 1151 2437 me,
1185 2376 1314 2443 quia
1346 2375 1485 2429 deus
1529 2392 1684 2430 meus
1707 2393 1767 2432 es
1795 2389 1851 2431 tu
1881 2381 1943 2430 “‘.
1988 2398 2005 2429 ι
2032 2378 2202 2444 Quam

621 2460 693 2513 ob
727 2476 947 2515 causam
972 2462 1165 2533 lugens
1195 2464 1317 2519 illos
1358 2465 1433 2518 ait
1464 2484 1474 2518 :
1512 2485 1527 2514 ι
1567 2466 1716 2520 Scito
1756 2467 1901 2535 quod
1951 2468 2090 2521 ciuis
2123 2478 2206 2522 est

622 2567 717 2606 cor
746 2568 939 2607 eorum
960 2555 1023 2607 “.
1052 2574 1068 2604 ι
1100 2555 1167 2609 Ει
1199 2558 1504 2610 carminum
1532 2556 1730 2610 artifex
1771 2558 1940 2612 David
1970 2560 2203 2628 psallere

624 2659 722 2699 nos
746 2643 966 2699 docuit:
991 2664 1008 2695 ι
1033 2645 1300 2711 Quoniam
1324 2662 1517 2702 omnes
1540 2646 1614 2699 dii
1645 2646 2202 2717 gentium'daemonia,

621 2738 888 2793 Dominus
918 2748 1099 2794 autem
1126 2741 1294 2813 cmlos
1324 2740 1456 2793 fecit
1480 2742 1544 2792 “.
1580 2762 1599 2791 ι

621 2827 707 2879 ϐὶδ
739 2827 962 2895 ψάλλειν
1004 2831 1150 2900 ἡμᾶς
1207 2831 1476 2896 ἐδίδαξεν·
1561 2834 1729 2885 «Ὅτι
1778 2836 1979 2897 πάντες
2032 2836 2080 2886 οἰ
2159 2835 2272 2888 Θεοὶ

620 2920 891 2990 ἐποίησεν.
914 2940 932 2973 ι

686 3014 959 3071 Caeterum
997 3017 1066 3071 iis
1097 3019 1190 3088 qui
1231 3020 1491 3089 pietatem
1527 3022 1710 3076 colere
1766 3031 1971 3075 norunt
2025 3022 2200 3076 nomi-
2228 3026 2269 3081 C

620 3120 752 3157 num
786 3106 1146 3174 tequivocatio
1188 3108 1324 3162 nihil
1364 3109 1551 3164 oﬁicit.
1608 3111 1825 3165 Scimus
1864 3112 2010 3165 enim
2052 3112 2196 3180 quod

619 3196 892 3251 daemones
922 3197 1027 3251 sibi
1058 3198 1190 3267 ipsis
1215 3207 1269 3252 et
1306 3200 1464 3254 idolis
1508 3201 1719 3272 1267
1758 3202 1894 3256 falso
1955 3201 2196 3255 divinam

619 3288 1039 3357 appellationem
1094 3291 1417 3355 indiderint,
1472 3294 1644 3347 sancti
1688 3310 1819 3348 vero
1846 3294 1994 3347 hunc
2023 3296 2199 3348 hono-

622 3395 735 3434 rem
778 3380 951 3451 gratia
995 3382 1105 3435 sint
1151 3383 1333 3451 adepti
1372 3403 1383 3437 :
1422 3401 1615 3439 revera
1648 3396 1831 3440 autem
1869 3387 1971 3440 hac
2005 3398 2199 3441 natura

618 3469 791 3524 Deum
822 3485 943 3524 esse
976 3470 1143 3523 Deum
1176 3475 1581 3536 universorum,
1616 3482 1671 3527 et
1700 3475 2039 3543 unigenitum
2082 3477 2202 3545 ejus

620 3558 839 3624 Filium,
873 3568 929 3613 et
962 3559 1223 3629 Spiritum
1269 3575 1539 3617 sanctum.
1571 3565 1747 3633 Atque
1776 3565 1881 3619 hoc
1913 3568 2200 3635 perspicue

620 3649 1029 3713 laudatissimus
1056 3651 1257 3705 Paulus
1288 3669 1389 3707 nos
1413 3652 1621 3709 docuit.
1671 3655 1802 3724 Ejus
1842 3656 1990 3709 enim
2034 3656 2197 3713 verba

622 3750 787 3796 sunt:
834 3741 1015 3815 oNam
1076 3743 1178 3795 etsi
1236 3754 1365 3797 sunt
1418 3744 1509 3813 qui
1568 3745 1825 3799 dicantur
1879 3746 1953 3799 dii
2015 3748 2195 3813 multi,

619 3834 733 3886 sive
760 3832 815 3885 in
848 3833 1008 3898 cmio,
1036 3834 1150 3888 sive
1176 3836 1229 3887 in
1257 3843 1400 3889 terra
1431 3834 1727 3905 (siquidem
1758 3846 1885 3891 sunt
1912 3838 1987 3891 dii
2017 3840 2196 3905 multi,

620 3931 677 3978 et
708 3922 917 3977 domini
961 3924 1161 3995 multi),
1193 3926 1351 3979 nobis
1380 3937 1561 3982 tamen
1585 3945 1728 3983 unus
1757 3930 1901 3984 Deus
1928 3932 2107 3987 Pater.
2133 3947 2199 3984 ex

620 4028 730 4082 quo
761 4013 966 4078 omnia,
1000 4022 1054 4069 et
1092 4030 1193 4068 nos
1228 4016 1282 4069 in
1321 4016 1473 4069 illum
1504 4035 1516 4069 :
1558 4028 1611 4072 et
1648 4035 1790 4072 unus
1810 4020 2073 4075 Dominus
2106 4021 2198 4075 Je-

620 4122 715 4161 sus
746 4106 1021 4174 Christus,
1046 4124 1143 4177 per
1162 4126 1325 4178 quem
1353 4111 1559 4175 omnia,
1583 4120 1639 4165 ct
1668 4128 1769 4167 nos
1794 4130 1890 4182 per
1918 4115 2069 4168 illum
2096 4117 2191 4170 ⁶⁷.»

622 4196 862 4266 Spiritus
892 4214 1113 4269 quoque
1149 4201 1246 4254 Dei
1286 4209 1509 4256 sanctus
1542 4211 1771 4257 vocatur
1809 4205 2071 4275 Spiritus,
2102 4207 2197 4263 sed

619 4296 676 4345 et
736 4289 977 4345 hominis
1026 4291 1191 4346 etiam
1221 4293 1422 4347 anima.
1463 4313 1480 4345 ι
1510 4295 1715 4361 Exibit,
1749 4296 1945 4367 inquit,
1972 4299 2200 4368 spiritus

1596 267 2085 329 THEODORETI
2126 270 2463 329 EPISCOPI
2503 269 2865 330 CYRENSIS

2307 379 2431 449 τήρ.
2472 379 2631 431 Ὥστε
2678 380 2859 432 οὐκέτι
2907 373 2956 430 εἴ
2984 376 3195 439 δοῦλος,
3236 376 3349 430 ἀλλ’
3396 377 3513 437 υἱός
3540 392 3553 403 ·
3586 376 3636 426 εἰ
3671 374 3740 426 δὲ
3780 375 3923 434 υίὸς.

2306 472 2399 522 καὶ
2443 470 2779 540 κληρονόμος
2820 468 2955 522 Θεοῦ
3008 469 3096 521 διὰ
3141 467 3312 537 Ἰησοῦ
3360 465 3679 537 Χριστοῦ.»
3726 464 3923 517 ταῦτα

2306 561 2362 613 δὲ
2389 564 2481 614 καὶ
2524 562 2803 630 Ἐφεσίους
2847 561 3122 627 ἐδίδαξεν·
3168 581 3187 611 r
3227 561 3318 613 Ἐν
3349 561 3544 628 ἀγάπῃ
3575 557 3721 625 γὰρ,
3760 558 3923 625 φησὶ.

2308 653 2603 723 προορίσας
2650 654 2796 724 ἡμᾶς
2843 655 2922 715 εἰς
2974 654 3249 706 υἱοθεσίαν
3288 651 3378 704 διὰ
3423 648 3613 720 Ἰησοῦ
3665 647 3923 718 Χρισπῦ

2308 745 2384 804 εἰς
2410 741 2592 794 αὐτόν.
2621 762 2639 794 ι
2675 744 2736 795 El
2762 744 2959 804 τοίνυν,
2993 744 3115 795 ἐπεὶ
3138 742 3316 795 κοινόν
3348 744 3470 793 ἐστι
3494 739 3558 792 τὸ
3600 738 3797 806 ὄνομα
3832 737 3923 789 τοῦ

2308 832 2566 903 Χριστοῦ,
2602 832 2849 898 δοξάζειν
2886 836 2946 887 οὑ
2985 835 3068 887 δεῖ
3120 836 3211 887 τὸν
3241 834 3479 905 Χριστὸν
3507 832 3591 893 ὡς
3619 830 3793 890 Θεδνς
3822 845 3923 897 μοι

2304 924 2361 977 δὲ
2395 924 2470 996 ὡς
2502 924 2629 976 Υἱὸν
2659 926 2822 977 αὑτὸν
2856 928 3343 996 προσκυνήσομεν·
3388 921 3586 975 πολλσί
3649 920 3774 988 γὰρ
3832 920 3919 970 καῖ

2305 994 2457 1065 τοῦδε
2516 1014 2807 1083 μετέλαχον
2859 1014 2954 1067 τοῦ
3000 1014 3283 1083 ὀνόματος.
3332 1014 3445 1065 Καὶ
3492 1012 3548 1063 τὶ
3616 1011 3779 1076 λέγω
3828 1008 3919 1059 τοῦ

2308 1103 2470 1165 Υἱοῦς
2503 1105 2675 1173 αὐτὴν
2707 1106 2816 1174 γάρ
2854 1106 2951 1176 τὴν
2992 1105 3124 1165 Θεὸς
3163 1104 3542 1173 προσηγορίαν
3584 1100 3793 1152 πολλοὶ
3824 1100 3919 1165 μὲν

2306 1194 2497 1249 ελαδον
2528 1196 2621 1247 τοῦ
2657 1196 2792 1248 Θεοῦ
2815 1196 3130 1258 δεδωκότος.
3172 1216 3189 1245 ο
3210 1195 3341 1256 Θεὸς
3364 1194 3508 1247 Θεῶν
3536 1192 3767 1263 Κύριος

2305 1288 2457 1357 λησε,
2487 1286 2581 1339 καὶ
2628 1287 2854 1340 ἐκάλεσε
2896 1288 2994 1358 τὴν
3046 1288 3170 1356 γῆν.
3207 1306 3224 1337 ι
3282 1286 3422 1340 Καί·
3492 1304 3512 1336 ι
3547 1283 3710 1352 Ἐγὼ
3746 1282 3884 1335 εἶτ-,ει

2308 1379 2429 1431 Θεοί
2476 1382 2620 1431 ἐστε.
2647 1398 2662 1427 ι
2704 1381 2813 1433 Καί
2883 1380 3085 1441 «Θεοῦς
3122 1380 3183 1431 οὐ
3210 1378 3645 1448 κακολογήσας.
3678 1376 3919 1429 mane.

2306 1470 2503 1529 δὲκαὶ
2534 1472 2882 1542 ἁρπάσαντες
2923 1472 3081 1538 τήνδε
3108 1470 3205 1541 τὴν
3236 1470 3428 1538 κλῆσιν
3471 1469 3821 1538 ἐσχήκασιν.
3858 1468 3915 1518 Oi

2305 1561 2414 1633 γὰρ
2444 1564 2568 1626 τοὺς
2599 1562 2921 1635 ἀνθρώπους
2962 1563 3413 1631 ἐξαπατήσαντες
3463 1561 3745 1629 δαίμονες
3806 1560 3914 1619 τοῖς

2308 1654 2547 1716 εἰδώλοις
2580 1655 2735 1723 τήνδε
2784 1653 2879 1725 τὴν
2931 1655 3307 1725 προσηγορίαν
3364 1652 3680 1723 ἐπέθεσαν.
3732 1644 3812 1702 Οὗ

2305 1744 2465 1814 χάριν
2512 1746 2782 1816 Ἱερεμίας
2815 1746 2944 1816 βοᾷ·
2991 1765 3009 1796 ι
3042 1746 3187 1810 Θεοὶ,
3219 1748 3269 1798 οἳ
3298 1746 3389 1798 τὸν
3418 1744 3666 1816 οὐρανὸν
3693 1742 3794 1794 καὶ
3818 1742 3909 1809 τὴν

2303 1840 2407 1905 γῆν
2448 1837 2548 1889 οὐκ
2584 1837 2867 1904 ἐποίησαν,
2902 1836 3296 1889 ἀπολέσθωσαν
3324 1836 3436 1888 ἀπὸ
3468 1832 3787 1905 προσώπου
3812 1828 3910 1897 τῆς

2303 1929 2425 1994 γῆς,
2456 1929 2549 1980 καὶ
2585 1927 2693 1980 ἀπὸ
2737 1929 3033 1999 προσώπου
3070 1928 3164 1981 τοῦ
3198 1926 3450 1997 οὐρανοῦ.
3480 1945 3499 1976 ι
3547 1926 3670 1978 Καὶ
3705 1921 3905 1974 πάλινν

2290 2019 2607 2086 ηἘποίησαν
2653 2020 2866 2080 ἑαυτοῖς
2917 2018 3073 2079 θεοὺς
3122 2015 3399 2086 ἀργυροῦς
3437 2016 3539 2066 καὶ
3573 2014 3746 2073 θεοὺς
3777 2027 3905 2079 χρυ·

2306 2111 2455 2174 σοῦς.
2478 2129 2496 2161 ι
2531 2111 2641 2164 Καὶ
2671 2112 2698 2162 6
2736 2110 2963 2173 Ἡσαΐας
3000 2110 3342 2180 κωμῳδήσας
3378 2109 3481 2175 τὴν
3514 2106 3630 2158 τῶν
3667 2103 3902 2156 εἰδώλων

2304 2203 2689 2271 κατασκευὴν,
2732 2201 3003 2271 εἰρηκὼς,
3043 2203 3124 2254 ὅτι
3176 2201 3289 2253 «Τὸ
3316 2201 3496 2268 ἣμισυ
3546 2195 3726 2250 αὐτοῦ
3784 2211 3902 2247 κετ-

2309 2293 2539 2345 έκαυσεν
2570 2294 2626 2344 ὲν
2656 2293 2808 2362 πυρὶ,
2843 2295 2935 2345 καὶ
2970 2294 3214 2362 ὀπτήσας
3247 2291 3413 2360 κρέας
3454 2289 3658 2357 ἔφαγε,
3691 2286 3791 2339 καὶ
3826 2281 3898 2335 εἷ-

2311 2401 2409 2435 πεν
2429 2401 2440 2413 ·
2493 2383 2615 2435 Ἢδύ
2651 2400 2740 2453 μοι
2775 2386 2854 2437 ὅτι
2881 2382 3245 2452 ἐθερμάνθην,
3276 2384 3369 2434 καὶ
3392 2376 3536 2433 εἶδον
3562 2378 3690 2447 φῶς
3714 2417 3731 2440 ,
3752 2396 3772 2428 ›
3811 2379 3896 2428 καὶ

2303 2476 2585 2545 ἐπήγαγε·
2652 2475 2765 2527 «Τὸ
2818 2474 2874 2527 δὲ
2927 2474 3113 2527 λοιπὸν
3167 2472 3398 2541 ἔγλυφεν
3448 2470 3525 2535 ὡς
3573 2470 3741 2531 Θεὸν,
3808 2468 3896 2519 καὶ

2302 2568 2600 2634 προσκυνεῖ
2631 2564 2781 2633 αὐτῷ
2809 2564 2982 2631 λέγων
3002 2581 3016 2594 ο
3068 2563 3281 2627 Ἐξελοῦ
3320 2580 3412 2631 με,
3448 2562 3531 2613 ὅτι
3564 2559 3696 2622 θεός
3721 2576 3823 2627 μου
3851 2550 3896 2607 εἴ

2304 2656 2388 2709 σύ.
2423 2676 2440 2706 ι
2467 2650 2543 2708 Οὗ
2577 2656 2641 2726 δὴ
2668 2658 2829 2725 χάριν
2865 2656 3060 2715 αὐτοὺς
3094 2656 3425 2725 ὀδυρόμενος
3453 2653 3609 2719 λέγει
3637 2669 3653 2682 ο
3692 2647 3895 2702 «Γνῶθι

2304 2747 2386 2799 ὅτι
2417 2747 2664 2817 σποδὸς-1]
2694 2748 2891 2817 καρδία
2928 2748 3129 2800 αὐτῶν.
3165 2749 3276 2799 Καὶ
3299 2749 3327 2799 6
3368 2744 3665 2815 μελοποιὸς
3708 2743 3769 2797 δὲ
3793 2743 3892 2793 Δα-

2311 2840 2419 2891 τῶν
2480 2840 2649 2893 ἐθνῶν
2707 2840 2981 2910 δαιμόνια,
3020 2843 3049 2893 6
3088 2840 3153 2893 ’δὲ
3200 2840 3403 2910 Κύριος
3449 2839 3580 2901 τοὺς
3629 2834 3895 2906 οὐρανοὺς

2387 3021 2548 3074 Ἀ).λά
2585 3024 2646 3075 τὸ
2681 3022 2789 3075 τῶν
2831 3024 3110 3092 ὀνομάτων
3146 3023 3436 3092 ὁμώνυμον
3468 3022 3623 3075 οὐδὲν
3660 3025 3777 3083 τοῖς
3806 3024 3889 3073 εὑο

2311 3114 2488 3165 σεδεῖν
2524 3116 2910 3184 ἐπισταμένοις
2952 3114 3293 3183 λυμαίνεται.
3350 3116 3542 3183 Ἶσμεν
3591 3114 3706 3184 γὰρ
3733 3114 3809 3177 ὡς
3844 3115 3889 3167 ei

2306 3208 2558 3278 δαίμονες
2591 3209 2803 3278 ψευδῶς
2842 3210 3024 3278 σφίσιν
3056 3227 3114 3261 τε
3149 3212 3333 3271 αὐτοῖς
3374 3213 3468 3262 καὶ
3510 3212 3624 3274 τοῖς
3650 3209 3887 3271 ειδὼὶοις

2307 3297 2407 3367 τὴν
2443 3298 2593 3351 θείαν
2621 3300 2993 3371 προσηγορίαν
3020 3299 3289 3353 ἐπέθεσαν
3314 3318 3327 3331 ·
3357 3303 3405 3353 οἱ
3443 3301 3497 3352 δὲ
3524 3300 3675 3368 ἀγιοι
3709 3301 3885 3371 χάριτι

2307 3389 2513 3457 ταύτην
2554 3390 2802 3454 ἐδέξαντο
2846 3390 2946 3461 τὴν
2980 3393 3178 3463 τιμήν·
3218 3391 3440 3461 ἀληθῶς
3491 3391 3551 3443 δὲ
3598 3392 3697 3443 καὶ
3730 3391 3883 3459 φύσει

2308 3476 2439 3537 Θεὸς
2474 3478 2501 3530 6
2529 3479 2637 3531 τῶν
2675 3479 2811 3533 ὅλων
2840 3481 2994 3543 Θεὸς,
3028 3483 3123 3533 καὶ
3151 3481 3178 3532 6
3209 3480 3505 3549 μονογενὴς
3536 3479 3706 3533 αὐτοῦ
3740 3480 3878 3542 Υἱὸς,

2310 3569 2401 3621 καὶ
2430 3571 2491 3621 τὸ
2526 3571 2789 3638 πανάγιον
2825 3571 3070 3642 Πνεῦμα.
3109 3572 3217 3623 Καὶ
3252 3570 3412 3623 τοῦτο
3452 3570 3643 3640 σαφῶς
3684 3573 3713 3624 6
3753 3589 3879 3623 παν-

2309 3662 2557 3730 εὑςρημος
2620 3662 2857 3728 ἐδίδαξεν
2912 3665 3061 3733 ἡμᾶς
3112 3662 3341 3725 Παῦλος.
3395 3662 3535 3731 Φησὶ
3569 3662 3626 3714 δὲ
3676 3662 3873 3724 οὕτως’

2314 3773 2332 3805 ι
2356 3754 2463 3806 Καὶ
2494 3756 2603 3824 γὰρ
2641 3756 2801 3827 εἴπερ
2833 3757 2940 3809 εἰσὶ
2979 3755 3263 3825 λεγόμενοι
3299 3754 3415 3809 θεοὶ
3454 3757 3661 3820 πολλοὶ,
3698 3759 3802 3809 εἴτε
3825 3758 3875 3808 ὲν

2306 3846 2541 3917 οὐρανῷ,
2578 3848 2689 3900 εἴτε
2732 3849 2825 3901 ἐπὶ
2866 3849 2993 3917 γῆς,
3043 3850 3233 3922 ὥσπερ
3265 3851 3370 3903 εἰσὶ
3412 3850 3524 3902 θεοὶ
3565 3850 3767 3911 πολλοὶ,
3790 3850 3874 3903 καὶ

2310 3938 2489 4008 κύριοι
2530 3938 2739 4007 πολλοὶ,
2777 3940 2894 3993 ἀλλ’
2924 3943 3056 4011 ἡμῖν
3091 3936 3174 4005 εἷς
3198 3942 3329 4003 Θεὸς
3355 3943 3383 3994 ὀ
3411 3941 3621 4009 Πατὴρ,
3647 3942 3707 4005 ἐξ
3729 3936 3785 3995 οὗ
3811 3942 3870 3993 τὰ

2312 4033 2507 4096 ⁸τεὶντα,
2533 4032 2626 4086 καὶ
2656 4033 2819 4101 ἡμεῖς
2846 4035 2925 4096 εἰς
2970 4033 3133 4087 αὐτόν
3162 4034 3273 4102 (24)
3296 4050 3309 4063 ·
3336 4034 3429 4085 καὶ
3457 4027 3536 4096 εἷς
3572 4034 3789 4102 Κύριος,
3808 4033 3869 4085 δι’

2306 4118 2365 4176 οὗ
2399 4122 2469 4174 τὰ
2518 4123 2715 4189 πάντα,
2753 4125 2848 4178 καὶ
2876 4127 3040 4193 ἡμεῖς
3068 4126 3135 4178 δι’
3163 4124 3351 4179 αὑτοῦ.
3380 4143 3398 4176 ι
3432 4126 3546 4178 Καὶ
3579 4124 3795 4195 Πνεῦμα
3818 4125 3867 4178 δι

2306 4212 2441 4267 Θεοῦ
2474 4215 2533 4267 τὸ
2564 4216 2829 4284 πανάγιον
2860 4217 3111 4269 καλεῖται
3137 4217 3391 4287 Πνεῦμα·
3426 4216 3567 4270 ἀλλά
3603 4218 3697 4277 καὶ
3726 4219 3757 4290 ἠ
3784 4215 3865 4270 τοῦ

2306 4303 2595 4376 ἀνθρώπου
2651 4305 2819 4375 ψυχή.
2894 4325 2910 4356 ι
2951 4307 3328 4373 Ἑξελεύσεται
3388 4306 3536 4376 γὰρ,
3600 4309 3761 4376 φησι,
3812 4310 3863 4361 τὸ

620 4380 743 4453 ejus
788 4381 853 4435 ⁸⁸.
889 4400 907 4433 ι
942 4381 1009 4438 Et
1042 4399 1054 4435 :
1108 4400 1127 4433 ι
1153 4381 1491 4448 Benedicite,
1517 4386 1745 4455 spiritus
1792 4398 1845 4442 et
1884 4391 2083 4444 anima:
2107 4392 2198 4461 ju-

2306 4394 2528 4466 Πνεῦμα
2568 4396 2798 4450 αὐτοῦ.»
2842 4399 2985 4451 Καί·
3044 4418 3063 4449 ‹
3094 4400 3400 4478 Εὐλογεῖξε,
3443 4398 3735 4469 πνεύματα
3783 4402 3862 4454 καὶ

620 4482 856 4538 storum,
880 4472 1114 4529 Domino
1141 4473 1239 4525 ⁶⁹.ι
1274 4475 1343 4528 Et
1364 4477 1584 4545 angelos
1609 4477 1737 4532 item
1763 4479 1988 4549 spiritus
2016 4482 2205 4551 appel-

622 4562 755 4616 lavit
779 4562 1107 4634 hymnorum
1130 4564 1385 4619 conditor
1403 4566 1570 4633 David
1599 4586 1611 4623 :
1648 4588 1664 4618 ι
1695 4567 1797 4635 Qui
1822 4569 1955 4625 facis
1981 4572 2204 4641 angelos

623 4663 749 4706 tuos
788 4653 1033 4722 spiritus,
1065 4664 1122 4713 et
1154 4654 1436 4710 ministros
1464 4665 1584 4711 tuos
1608 4656 1880 4717 ﬂammam
1910 4660 2050 4729 ignis
2078 4663 2140 4714 7°.
2178 4681 2194 4713 ι

623 4742 692 4796 Ει
724 4743 857 4812 quid
890 4746 1113 4814 angelos
1148 4744 1292 4810 dico,
1320 4754 1375 4799 et
1409 4747 1689 4801 hominum
1715 4750 1967 4804 animas?
1992 4751 2125 4806 Nam
2149 4761 2203 4806 et

623 4833 901 4890 daemones
944 4836 1024 4891 sic
1063 4837 1331 4892 Dominus
1372 4840 1700 4908 appellavit:
1750 4842 2072 4909 «Assumet,
2112 4845 2183 4898 in-

625 4926 764 4995 quit,
815 4938 1022 4996 septem
1075 4930 1213 4987 alios
1251 4930 1476 5001 spiritus
1501 4947 1686 4987 secum
1721 4936 2013 5003 nequiores
2041 4952 2118 4997 se,
2146 4947 2202 4991 et

628 5016 1009 5085 ingredientur
1051 5020 1105 5073 in
1148 5020 1299 5075 illum
1331 5039 1342 5074 :
1377 5030 1433 5075 et
1473 5022 1605 5077 ﬁent
1632 5026 1929 5079 novissima
1962 5027 2201 5082 hominis

626 5108 775 5161 illius
798 5108 982 5178 pejora
1014 5110 1295 5179 prioribus
1330 5112 1393 5166 '“.
1427 5132 1445 5164 ι
1485 5113 1591 5168 Sed
1639 5131 1817 5185 neque
1854 5117 2003 5186 pium
2055 5118 2202 5173 laedit

623 5203 728 5255 ista
758 5202 1140 5270 :cquivocatio.
1167 5204 1317 5260 Unus
1340 5206 1486 5261 enim
1517 5218 1714 5267 natura
1742 5210 1884 5263 Deus
1913 5222 1998 5265 est
2020 5212 2199 5278 Pater,

698 5382 742 5411 ⁵⁸
776 5381 949 5435 Calai.
986 5401 1055 5445 vv,
1084 5386 1135 5448 6,
1162 5386 1211 5438 7.

624 5465 685 5524 tt.
714 5451 796 5524 li.
847 5454 921 5524 _“
958 5454 1190 5508 Baruch.
1230 5473 1314 5516 γι,
1353 5451 1428 5509 ὀί
1489 5459 1531 5489 ⁸³
1562 5459 1659 5513 Isa.
1700 5477 1851 5524 χειν,
1896 5463 1976 5513 16.
2061 5463 2102 5491 °“
2130 5451 2262 5517 ibid.

625 5520 677 5581 ὅ,
709 5522 761 5574 6.
838 5522 881 5551 ⁵⁸⁸
918 5524 1057 5577 Psal.
1097 5542 1247 5589 (λιν,
1277 5528 1327 5580 εί.
1407 5528 1447 5557 ⁶⁹
1483 5528 1614 5581 Dan.
1652 5546 1725 5595 Ill,
1760 5520 1847 5585 56;
1926 5533 1969 5561 "°
2001 5533 2138 5586 l’sal.
2179 5552 2287 5599 cm,

701 5679 751 5745 (ῑὶ
768 5678 807 5744 ὅ)
834 5675 966 5733 11ωο
1010 5698 1022 5739 ;
1056 5682 1144 5733 καὶ
1193 5684 1348 5755 ἡμεῖς

1291 5387 1334 5417 ⁸⁷
1368 5387 1566 5456 Ephes.
1607 5406 1643 5447 ι,
1811 5390 1854 5421 ⁵⁸
1890 5392 2029 5445 Psal.
2065 5408 2206 5453 xux,
2246 5395 2291 5446 l.

2302 4485 2470 4555 ψυχαὶ
2504 4487 2750 4553 δικαίων,
2781 4488 2870 4541 τὸν
2906 4489 3128 4561 Κύριον.
3154 4511 3171 4541 ι
3215 4491 3322 4543 Καὶ
3366 4490 3494 4553 τοὺς
3537 4492 3861 4560 ἁγγέλουςδὲ

2306 4578 2594 4649 πνεύματα
2644 4582 3094 4653 προσηγόρευσεν
3129 4585 3157 4636 6
3203 4584 3497 4653 ὑμνοποιὸς
3545 4583 3726 4637 Δαϐίδ.
3772 4586 3860 4637 «Ὀ

2304 4667 2473 4720 ποιῶν
2505 4668 2634 4739 γὰρ,
2682 4673 2836 4741 φησι,
2878 4674 3001 4735 τοὺς
3048 4673 3311 4741 ἀγγέλους
3344 4673 3507 4726 αὐτοῦ
3577 4676 3856 4744 πνεύματα,

2306 4757 2397 4809 καὶ
2441 4758 2567 4822 τοὺς
2622 4760 2970 4831 λειτουργοὺς
3014 4762 3181 4816 αὐτοῦ
3213 4764 3384 4832 πυρὸς
3421 4764 3616 4832 φλόγα.
3646 4786 3663 4818 ι
3699 4767 3857 4819 Καὶτί

2307 4848 2451 4916 λέγω
2480 4852 2603 4914 τοὺς
2632 4853 2917 4921 ἀγγέλους,
2942 4855 3037 4907 καὶ
3078 4856 3187 4908 τῶν
3212 4854 3514 4925 ἀνθρώπων
3540 4857 3641 4919 τὰς
3662 4858 3853 4927 ψυχάς

2309 4943 2402 4993 καὶ
2433 4945 2542 5011 γὰρ
2576 4947 2700 5007 τοὺς
2738 4944 2999 5014 δαίμονας
3041 4946 3215 5009 οὕτως
3237 4947 3265 4998 ὀ
3296 4948 3573 5016 Δεσπότης
3605 4950 3850 5018 ὠνόμασε.

2314 5052 2330 5083 ι
2360 5033 2750 5104 Παραλὴψεται
2802 5035 2930 5107 γὰρ,
2963 5037 3149 5108 φησὶν,
3193 5037 3373 5108 ἕτερα·
3409 5037 3552 5091 ἑπτὰ
3597 5039 3852 5108 πνεύματα

2309 5126 2649 5196 πονηρότερα
2682 5127 2900 5192 ἑαυτοῦ,
2932 5130 3027 5181 καὶ
3053 5128 3427 5182 εἰσελεύσεται
3465 5132 3543 5193 εἰς
3570 5131 3749 5195 αὐτὸν,
3776 5132 3851 5183 καὶ

2308 5214 2461 5268 ἔσται
2484 5233 2553 5269 τα
2580 5218 2787 5287 ἔσχατα
2826 5217 2916 5270 τοῦ
2948 5217 3236 5289 ἀνθρώπου
3268 5219 3475 5274 ἐκείνου
3526 5221 3737 5290 χείρονα
3765 5220 3849 5272 τῶν

2373 5396 2415 5427 ⁵⁹
2448 5397 2589 5451 Psal.
2631 5413 2805 5460 LXX“,
2840 5397 2892 5452 6.
2972 5398 3019 5431 ”
3053 5396 3226 5452 Exod.
3253 5412 3387 5461 xxn,
3412 5396 3504 5451 ‘28.
3606 5398 3647 5429 ⁶¹
3675 5398 3841 5452 Jerem.

2298 5466 2379 5518 i7.
2460 5467 2504 5498 ⁸³
2534 5467 2665 5520 ibid.
2708 5468 2795 5521 20.
2899 5468 2945 5501 ⁸⁸
2982 5468 3128 5523 Psal.
3163 5483 3295 5534 xcv,
3333 5468 3385 5522 5.
3481 5469 3525 5499 ⁵⁷
3562 5468 3840 5531 lCor.v1u,

2312 5536 2363 5589 4.
2442 5537 2485 5567 '”
2519 5536 2653 5592 Luc.
2684 5554 2742 5603 ll,
2769 5537 2859 5593 26.

1411 5684 1488 5747 εἰς
1544 5683 1763 5740 αὺτ.--
1818 5687 2015 5752 πάντα,
2070 5705 2188 5758 qua:

2306 5699 2355 5745 ut
2400 5691 2451 5746 in
2484 5692 2677 5765 Neap,
2708 5695 2931 5750 aberant
2968 5710 2998 5751 a
3022 5694 3183 5750 Sirm.
3213 5704 3384 5751 textu.
