4086 6326
163 378 337 448 1401

1515 405 1883 468 EPISTULA
1922 408 2165 473 CXLVI.

3345 427 3487 489 1402

154 497 453 601 τεράστιον.
482 519 525 601 ιι·
549 501 687 601 Ἀλλ’
722 505 841 558 οὐδὲ
870 510 900 577 ἡ
933 509 1223 581 ὁμωνυμία
1252 513 1342 567 τὸν
1368 515 1569 586 εὐσεϐῆ
1603 518 1771 572 λωδᾶ-

1888 534 1944 578 et
1967 525 2284 595 unigenitus
2324 529 2444 598 ejus
2482 527 2675 592 Filius,
2711 534 2766 583 et
2803 537 3029 587 sanctus
3066 530 3187 601 ejus
3214 528 3480 601 Spiritus.

147 602 309 683 ται.
341 584 431 683 εἷς
459 593 566 663 γὰρ
608 594 767 663 φύσει
802 599 934 663 Θεὸς
964 604 991 654 6
1031 602 1242 676 Πατὴρ,
1279 608 1373 661 καὶ
1426 610 1455 661 6
1488 584 1786 683 μονογενὴς

147 680 367 771 αξιτοῦ
419 682 570 747 Υἱὸς.
612 687 706 739 καὶ
750 690 811 742 :6
858 688 1125 761 πανάγιον
1179 698 1347 751 αὐτοῦ
1399 701 1661 771 Πνεῦμα·
1691 680 1785 757 καὶ

156 763 274 832 εἷς
317 772 473 840 φύσει
507 775 657 842 Υἱὸς,
696 777 790 831 τοῦ
825 781 960 834 Θεοῦ
999 789 1321 857 μονογενὴς,
1372 790 1401 841 ὁ
1439 763 1788 865 ἐνανθρωπή-

160 875 301 925 σας
340 865 472 929 Θεὸς
507 869 700 937 Λόγος,
740 873 770 923 6
810 873 1013 944 Κύριος
1050 879 1209 946 ἡμῶν
1256 880 1464 951 Ἰησοῦς
1517 884 1781 954 Χριστός’

157 955 291 1007 καὶ
330 955 383 1009 ἒν
424 959 651 1030 Πνεῦμα
696 962 849 1031 ἅγιον
876 970 902 1019 6
943 969 1327 1040 Παράκλητος,
1356 972 1413 1035 6;
1460 975 1660 1044 πληροῖ
1687 979 1784 1049 τῆς

159 1046 428 1117 Τριάδσς
460 1052 553 1105 τὸν
585 1055 840 1126 ἀριθμόν.
893 1060 1050 1113 Οὕτω
1103 1063 1315 1116 πολλῶν
1364 1046 1783 1138 ὀνομαζομένων

158 1141 453 1210 πατέρων
499 1145 594 1198 ἕνα
648 1152 1064 1221 προσκυνοῦμεν
1096 1155 1337 1224 Πατέρα,
1388 1159 1481 1211 τὸν
1530 1160 1636 1230 πρὸ
1674 1160 1785 1213 τῶν

155 1229 412 1284 αἰώνων
446 1236 680 1306 Πατέρα,
717 1239 809 1294 τὸν
844 1244 941 1294 καὶ
969 1244 1174 1315 ταύτην
1205 1251 1320 1311 τοῖς
1346 1229 1658 1320 ἀνθρώποις
1680 1252 1781 1321 τὴν

158 1322 490 1393 ἐπίκλησιν
522 1327 813 1397 δεδωκότα,
847 1334 987 1386 κατὰ
1017 1336 1115 1406 τὴν
1160 1338 1255 1390 τοῦ
1304 1340 1629 1394 Ἀποστόλου
1663 1362 1780 1412 φω-

155 1413 316 1481 νήν.
363 1417 655 1487 «Κάμπτω
686 1422 817 1494 γὰρ,
854 1428 1010 1495 φησὶ,
1039 1429 1109 1481 τὰ
1152 1430 1356 1497 γόνατὰ
1385 1450 1487 1502 μου
1521 1436 1657 1505 7:96;
1692 1437 1783 1489 :6v

161 1506 419 1577 Πατέρα
468 1510 563 1564 τοῦ
619 1514 828 1583 Κυρίου
874 1517 1033 1586 ἡμῶν
1087 1521 1265 1587 Ἰησοῦ
1317 1524 1578 1593 Χριστοῦ,
1627 1526 1685 1592 ἐξ
1719 1518 1780 1579 οῦ

157 1595 347 1649 πᾶσα
381 1602 588 1671 πατριὰ
617 1605 675 1656 ἐν
703 1606 919 1677 οὐρανῷ
958 1610 1053 1661 καὶ
1083 1611 1177 1663 ἐπὶ
1210 1614 1315 1682 γῆς
1345 1614 1691 1683 ὀνομάζεται.
1719 1636 1737 1667 ι

260 1691 355 1761 Μὴ
380 1693 559 1746 τοίνυν
594 1696 670 1767 τῷ
708 1698 905 1762 ἄλλους
924 1699 1290 1771 ὀνομάζεσθαι
1312 1706 1608 1776 Χριστοῦς,
1643 1711 1781 1763 ἀπο-

158 1786 546 1855 στερήσωμεν
591 1790 819 1854 ἑαυτοὺς
861 1794 961 1863 τῆς
998 1795 1095 1848 τοῦ
1143 1797 1348 1867 Κυρίου
1402 1800 1561 1869 ⁴ἡμῶν
1604 1802 1779 1872 Ἰησοῦ

158 1872 433 1945 Χριστοῦ
461 1883 903 1952 προσκυνήσεως.
948 1886 1037 1950 Ὠς
1063 1888 1172 1958 γὰρ
1205 1890 1415 1942 πολλῶν
1450 1892 1774 1963 ὠνομασμέ-

158 1984 302 2019 νων
350 1966 488 2020 θεῶν
537 1988 594 2023 τε
633 1974 727 2026 καὶ
778 1977 1054 2046 πατέρων,
1085 1973 1167 2041 εἷς
1198 1981 1345 2032 ἐστιν
1378 1984 1405 2034 ὀ
1429 1982 1521 2034 ἐπὶ
1554 1983 1773 2037 πάντων

156 2056 326 2123 Θεὸς
361 2064 455 2113 καὶ
499 2064 606 2133 7:96
643 2065 857 2121 αἰώνων
893 2069 1104 2142 Πατήρ.
1131 2071 1242 2123 Καὶ
1263 2072 1477 2125 πολλῶν
1500 2075 1774 2145 κεκλημέ-

158 2167 299 2204 νων
330 2152 483 2216 υἱῶν,
516 2152 597 2218 εἷς
619 2158 647 2209 6
680 2153 935 2228 ἀληθινὸς
972 2162 1067 2214 καὶ
1112 2162 1273 2231 φύσει
1306 2164 1434 2227 Υἱός
1461 2182 1475 2197 ·
1508 2167 1603 2219 καὶ
1640 2167 1774 2219 πολ-

156 2241 301 2295 λῶν
330 2249 863 2317 προσηγορευμένων
892 2252 1240 2322 πνευμάτων,
1282 2254 1341 2307 ἓν
1381 2256 1497 2308 ἐστι
1541 2258 1602 2309 τὸ
1641 2276 1776 2312 παν-

162 2334 346 2401 ἀγιον
382 2337 637 2411 Πνεῦμα’
673 2340 817 2395 οὕτω
866 2343 1078 2398 πολλῶν
1130 2346 1444 2414 κληθέντων
1497 2349 1774 2418 Χριστῶν,

108 2442 117 2447 ’
160 2431 266 2495 εἷς
297 2436 504 2505 Κύριος
555 2437 765 2503 Ἰησοῦς
808 2439 1069 2508 Χριστὸς,
1094 2442 1162 2494 δι’
1194 2435 1255 2494 οὗ
1291 2442 1358 2496 τὰ
1389 2444 1587 2498 πάντα.
1613 2445 1776 2498 Μάλα

159 2526 236 2578 δὲ
268 2528 495 2589 εἰκότως
524 2530 569 2597 ἠγ
595 2529 897 2597 Ἐκκλησία
932 2531 1089 2584 τοῦδε
1126 2534 1421 2603 ἐξήρτηται
1459 2536 1553 2588 τοῦ
1588 2537 1779 2606 ὀνόμα-

160 2633 296 2678 τος.
335 2618 574 2671 Ἤκουσε
607 2620 715 2689 γὰρ
744 2619 840 2672 τοῦ
871 2624 1247 2690 νυμφοστόλου
1280 2626 1493 2679 Παύλου
1520 2626 1773 2694 βοῶντος·

174 2726 197 2756 ε
246 2706 613 2777 Ἦρμοσάμην
662 2710 806 2779 ὑμᾶς
837 2710 919 2764 ἐνὶ
955 2711 1133 2782 ἀνδρὶ,
1176 2713 1445 2783 παρθένον
1477 2717 1647 2786 ἁγνὴν
1674 2734 1778 2769 πα-

167 2797 462 2867 ραστῆσαι
510 2799 588 2869 τῷ
638 2800 882 2871 Χριστῷ.
915 2820 931 2852 ι
984 2803 1095 2856 Καὶ
1136 2805 1325 2857 πάλιψ
1403 2810 1509 2860 (Οἱ
1562 2810 1773 2879 ἄνδρες,

164 2889 438 2955 ἀγαπᾶτε
473 2892 571 2953 τὰς
602 2883 870 2961 γὐναῖκας
902 2895 1076 2964 ὑμῶν,
1098 2897 1174 2959 ὡς
1195 2899 1291 2950 καὶ
1326 2901 1353 2951 6
1375 2900 1609 2970 Χριστὸς
1638 2903 1777 2970 ἠγά-

167 2996 327 3048 πησε
360 2980 458 3050 τὴν
514 2982 863 3051 Ἐκκλησίαν.
897 3003 915 3035 ι
948 2986 1060 3037 Καὶ
1105 2982 1261 3049 αὖθις
1322 2988 1527 3041 εἰπών’
1572 3011 1590 3042 ι
1627 2992 1776 3044 ’Λντὶ

164 3067 374 3120 τούτου
404 3071 717 3151 καταλείψει
747 3073 842 3126 ἄνθ
852 3092 1034 3145 ρωπος
1063 3076 1155 3129 τὸν
1174 3079 1388 3149 πατέρα
1414 3081 1508 3133 και¹
1536 3082 1634 3154 τὴν
1668 3101 1774 3153 μη-

1887 613 1957 669 Ει
1992 631 2134 671 unus
2156 627 2354 672 natura
2378 618 2545 673 Filius
2568 617 2666 672 Dei
2692 618 3028 688 unigenitus,
3050 620 3198 675 Deus
3211 621 3477 690 Verbum,

1887 708 1983 777 qui
2012 708 2181 763 homo
2207 708 2387 765 factus
2414 720 2520 776 est,
2564 709 2832 766 Dominus
2873 719 3064 766 noster
3109 712 3271 767 Jesus
3312 712 3481 766 Chri-

1888 811 2005 855 stus
2037 819 2050 855 :
2100 810 2158 856 et
2191 818 2336 857 unus
2368 802 2606 872 Spiritus
2630 812 2855 858 sanctus
2885 803 3230 869 Paraeletus,
3266 805 3361 874 qui
3386 821 3483 859 ex-

1886 880 1999 961 plet
2055 909 2347 949 numerum
2414 896 2632 966 1268
2688 896 2997 950 Trinitatis.
3039 896 3119 951 Ita
3165 898 3325 951 multi
3351 912 3477 951 cum

1887 984 2231 1053 appellentur
2280 994 2495 1054 patres,
2543 1001 2715 1041 unum
2760 986 3055 1041 adoramus
3098 988 3338 1051 Patrem,
3381 988 3479 1057 qui

1887 1084 2014 1132 ante
2053 1078 2252 1133 saecula
2275 1088 2360 1133 est
2383 1080 2563 1146 Pater,
2597 1080 2691 1149 qui
2724 1087 2781 1134 et
2814 1079 2960 1134 hanc
3000 1079 3324 1135 hominibus
3376 1095 3477 1149 ap-

1886 1169 2241 1238 pellationem
2287 1170 2461 1237 dedit,
2503 1172 2647 1226 sicut
2683 1171 2817 1225 dicit
2848 1170 3183 1240 Apostolus:
3234 1190 3251 1237 ι
3287 1172 3478 1228 Ριοςιο

1885 1276 2063 1331 genua
2120 1277 2242 1316 mea
2286 1262 2353 1317 ad
2387 1264 2605 1318 Patrem
2634 1262 2851 1317 Domini
2885 1263 3057 1316 nostri
3082 1262 3213 1318 Jesu
3246 1262 3474 1330 Christi,

1886 1367 1953 1405 ex
1992 1368 2103 1423 quo
2138 1354 2319 1408 omnis
2355 1353 2659 1423 paternitas
2685 1354 2741 1407 in
2766 1353 2925 1408 caelis
2949 1362 3005 1407 et
3035 1354 3090 1407 in
3124 1360 3271 1407 terra
3293 1355 3475 1407 nomi-

1888 1452 2051 1500 natur
2089 1444 2152 1495 ⁷².
2186 1462 2204 1494 ι
2238 1478 2243 1485 α

1955 1708 2035 1762 Ne
2093 1708 2261 1778 igitur
2306 1724 2373 1763 eo
2416 1704 2575 1779 quod
2611 1709 2705 1764 alii
2734 1709 3093 1764 nominentur
3122 1707 3346 1770 Christi,
3371 1720 3477 1762 nos

1887 1800 2035 1870 ipsos
2085 1800 2302 1855 Domini
2358 1801 2530 1854 nostri
2558 1801 2687 1855 Jesu
2734 1800 2940 1856 Christi
2969 1800 3295 1854 adoratione
3326 1796 3479 1851 frau-

1890 1895 2104 1948 demus.
2143 1892 2621 1959 Quemadmodum
2656 1894 2828 1959 enim,
2862 1908 2987 1947 cum
3018 1892 3178 1946 multi
3202 1890 3475 1945 nominati

1887 1988 1999 2040 sint
2049 1984 2133 2039 dii
2173 1993 2231 2039 et
2282 1993 2487 2055 patres,
2542 2000 2683 2038 unus
2727 1992 2812 2038 est
2841 1999 3006 2054 super
3033 1998 3228 2045 omnes
3252 1980 3398 2036 Deus
3420 1988 3478 2036 et

1866 2066 2048 2134 Pater
2068 2090 2195 2133 ante
2218 2079 2416 2133 saecula
2450 2096 2463 2131 :
2499 2087 2701 2134 etcum
2727 2077 2887 2131 multi
2912 2076 3171 2147 appellati
3204 2074 3316 2130 sint
3356 2074 3475 2141 ﬁlii,

1884 2187 2026 2225 unus
2064 2180 2149 2225 est
2185 2187 2350 2226 verus
2387 2178 2443 2225 et
2485 2180 2681 2224 natura
2717 2170 2890 2224 Filius
2921 2188 2933 2222 :
2967 2177 3169 2224 etcum
3194 2166 3350 2221 multi
3374 2182 3475 2221 vo-

1880 2260 1989 2315 cati
2020 2260 2131 2315 sint
2172 2261 2421 2330 spiritus,
2470 2248 2615 2313 unus
2665 2265 2750 2313 est
2801 2257 3039 2328 Spiritus
3085 2265 3350 2323 sanctus;
3397 2256 3477 2311 sic

1880 2368 2008 2407 cum
2034 2352 2193 2407 multi
2227 2351 2535 2422 nuneupati
2562 2352 2672 2406 sint
2713 2349 2942 2414 Christi,
2991 2365 3137 2404 unus
3167 2356 3253 2403 est
3292 2347 3477 2403 Domi-

1880 2460 1985 2498 nus
2013 2442 2173 2499 Jesus
2197 2444 2474 2506 Christus,
2497 2460 2598 2514 per
2619 2459 2783 2513 quem
2812 2442 3169 2497 omniaJure
3200 2447 3385 2495 autem
3411 2455 3477 2495 ac

1880 2537 2079 2591 merito
2113 2536 2358 2591 Ecclesia
2386 2535 2519 2589 huic
2546 2533 2757 2588 nomini
2786 2534 3052 2589 adhaeret.
3076 2532 3303 2587 Audivit
3322 2546 3477 2585 nam-

1879 2644 1987 2697 que
2017 2628 2453 2699 paranymphum
2480 2627 2709 2681 Paulum
2742 2626 3070 2680 clamantem
3102 2643 3115 2678 :
3152 2644 3171 2675 ι
3195 2622 3474 2692 Despondi

1881 2734 1978 2772 vos
2000 2718 2093 2771 uni
2124 2718 2246 2771 viro
2271 2716 2542 2787 virginem
2568 2724 2773 2770 castam
2806 2698 3072 2770 exhibere
3097 2712 3320 2768 Christo
3346 2712 3412 2764 ".
3449 2731 3467 2762 ι

1881 2811 1948 2863 Et
1981 2824 2200 2864 rursum
2239 2828 2250 2861 :
2290 2829 2307 2860 ι
2342 2810 2483 2871 Viri,
2512 2808 2728 2878 diligite
2757 2822 2957 2861 uxores
2983 2812 3218 2870 vestras,
3254 2805 3399 2859 sicut
3420 2813 3479 2859 et

1878 2900 2135 2955 Christus
2158 2900 2352 2954 dilexit
2382 2899 2685 2954 Ecclesiam
2713 2897 2777 2952 ⁷³.
2814 2918 2833 2949 ι
2868 2898 2937 2951 Ει
2985 2912 3181 2951 rursus
3220 2911 3348 2950 cum
3386 2894 3475 2948 di-

1881 2990 2090 3045 xisset:
2139 3009 2157 3041 ι
2196 2991 2429 3059 Propter
2460 2989 2568 3044 hoc
2619 2988 2899 3057 relinquet
2938 2986 3106 3041 homo
3160 2994 3373 3055 patrem
3419 2991 3477 3037 et

1880 3090 2110 3138 matrem
2140 3098 2317 3146 suam,
2353 3089 2411 3137 et
2468 3080 2775 3135 adhaerebit
2821 3079 2975 3133 uxori
3015 3094 3149 3143 suae,
3203 3086 3259 3131 et
3312 3085 3478 3132 erunt

164 3160 315 3231 τέρα
361 3162 551 3227 αὐτοῦ,
588 3166 683 3217 καὶ
706 3167 1249 3238 προσκολληθήσεται
1278 3172 1415 3241 πρὸς
1443 3173 1542 3243 τὴν
1582 3179 1771 3241 γυναῖ-

1881 3175 1991 3227 duo
2020 3174 2077 3227 in
2097 3190 2262 3229 carne
2288 3188 2418 3237 una,
2452 3193 2469 3224 ι
2509 3172 2830 3243 subjunxit:
2871 3191 2889 3222 ι
2926 3170 3345 3225 Saeramentum
3369 3168 3476 3224 hoc

169 3268 255 3305 κα
284 3252 473 3317 αὑτοῦ,
510 3254 602 3307 καὶ
633 3255 845 3309 ἔσονται
877 3260 925 3311 οἱ
952 3258 1046 3311 δύο
1076 3261 1158 3323 είς
1192 3260 1374 3332 σάρκα
1413 3264 1544 3332 μίαν
1564 3281 1575 3293 ·
1601 3284 1618 3315 ι
1672 3268 1770 3317 ιέπ⁴

167 3347 388 3414 ἡγαγε·
431 3347 542 3398 ιΤὸ
595 3350 898 3419 μυστήριον
952 3351 1111 3405 τοῦτο
1160 3354 1304 3423 μέγα
1353 3356 1536 3408 ἐστίν·
1575 3357 1687 3426 ἐγὼ
1716 3358 1772 3412 δὲ

168 3431 329 3503 λέγω
358 3438 435 3499 εἰς
467 3438 724 3507 Χριστὸν,
764 3442 857 3493 καὶ
891 3444 972 3505 εἰς
1006 3444 1105 3513 τὴν
1146 3446 1496 3518 Ἐκκλησίαν.
1520 3468 1538 3498 ι
1576 3451 1774 3502 "Axon-

171 3542 276 3579 σον
310 3527 476 3580 αὑτοῦ
515 3526 803 3598 λέγοντος·
839 3551 856 3582 ι
879 3533 1115 3603 Χριστὸς
1147 3538 1296 3605 ἡμᾶς
1346 3537 1681 3609 ἐξηγόρασεν
1707 3543 1771 3594 ἐκ

169 3616 283 3684 τῆς
317 3618 566 3686 κατάρας
606 3620 695 3672 τοῦ
732 3622 922 3691 νόμου,
948 3626 1245 3695 γενόμενος
1288 3627 1429 3698 ὑπὲρ
1454 3630 1615 3699 ήμῶν
1640 3648 1771 3683 κατ-

171 3710 310 3778 ἀρα.
340 3727 359 3759 ι
398 3711 506 3762 Καὶ
537 3711 804 3781 ἑτέρωθι·
846 3732 864 3764 ι
890 3714 961 3766 Ἢ
990 3717 1257 3783 ἀγνοεῖτε,
1276 3719 1360 3770 ὅτι
1389 3721 1503 3772 ὅσοι
1527 3724 1605 3784 είς
1630 3723 1769 3793 Χρι-

174 3799 306 3851 στὸν
332 3799 719 3872 ἐϐαπτίσθητε,
748 3804 828 3868 εἰς
858 3805 948 3860 τὸν
980 3807 1210 3861 Θάνατον
1241 3810 1406 3863 αὑτοῦ
1437 3796 1770 3884 ἐϐαπτίσθη-

171 3909 270 3959 τε;
303 3911 321 3944 ι
358 3894 468 3946 Καὶ
500 3894 735 3966 ἀλλαχοῦ
759 3913 771 3925 ·
812 3918 830 3949 ι
857 3899 1014 3952 Ὅσοι
1045 3903 1125 3965 εἰς
1164 3904 1400 3974 Χριστὸν
1432 3904 1771 3977 ἐϐαπτίσθή-

167 3999 258 4049 τε,
291 3984 524 4054 Χριστὸν
548 3987 893 4043 ἐνεδύσασθε.
932 4012 950 4043 ι
987 3994 1098 4046 Καὶ
1145 3994 1307 4049 πάλιν
1332 4012 1345 4027 ⁸
1386 4014 1406 4049 ι
1443 3997 1769 4063 Ἐνδύσασθε

166 4076 269 4129 τὸν
310 4076 517 4149 Κύριον
560 4079 769 4149 Ἰησοῦν
811 4084 1069 4155 Χριστὸν,
1114 4088 1209 4140 καὶ
1250 4089 1352 4158 τῆς
1402 4092 1607 4162 σαρκδς
1638 4094 1770 4163 πρό-

168 4184 326 4222 νοιαν
356 4172 430 4241 μὴ
458 4172 698 4225 ποιεῖσθε
729 4177 810 4236 εἰς
837 4176 1159 4247 ἐπιθυμίας.
1189 4198 1208 4232 ι

246 4261 435 4316 Ταῦτα
462 4263 558 4317 καὶ
584 4262 798 4329 τούτοις
832 4269 1138 4339 προσόμοια
1166 4271 1549 4345 μεμαθηκότες
1574 4275 1623 4328 οἱ
1661 4276 1769 4329 τῶν

168 4353 337 4433 θείων
386 4354 609 4426 δωρεῶν
656 4360 1042 4429 τετυχηκότες,
1098 4362 1263 4432 ἔρωτι
1317 4366 1410 4418 τοῦ
1469 4366 1766 4436 φιλοδώρου

169 4445 473 4509 Δεσπότου,
516 4447 610 4501 καὶ
637 4450 734 4518 τὴν
782 4451 1112 4521 τριπόθητον
1162 4454 1330 4507 αὑτοῦ
1390 4459 1767 4530 προσηγορίαν

1884 3283 2140 3337 magnum
2172 3276 2294 3321 est:
2346 3282 2447 3337 ego
2492 3276 2675 3319 autem
2709 3266 2835 3320 dico
2880 3265 2936 3318 in
2978 3264 3261 3318 Christum
3314 3270 3371 3316 et
3419 3262 3476 3317 in

1882 3358 2186 3414 Ecclesiam
2242 3358 2306 3411 ⁷⁵.
2348 3377 2365 3408 ι
2414 3356 2557 3411 Audi
2587 3358 2767 3425 ipsum
2794 3355 3074 3409 dicentem
3111 3371 3124 3407 :
3168 3372 3187 3404 ι
3219 3351 3477 3407 Christus

1881 3466 1985 3505 nos
2040 3450 2276 3505 redemit
2330 3449 2399 3504 de
2449 3448 2743 3502 maledicto
2800 3448 2935 3517 legis
2967 3447 3144 3502 factus
3180 3462 3281 3515 pro
3314 3445 3478 3500 nobis

1882 3540 2236 3596 maledictum
2294 3541 2357 3593 ⁷⁸.
2394 3560 2411 3591 ι
2470 3539 2537 3593 Ει
2584 3538 2713 3593 alibi
2753 3556 2765 3591 :
2812 3556 2830 3588 ι
2863 3538 2947 3591 An
2995 3536 3280 3607 ignoratis,
3326 3536 3475 3606 quod

1880 3633 2197 3703 quicunque
2238 3631 2503 3703 haptizati
2560 3631 2696 3686 estis
2754 3630 2833 3695 '”,
2892 3630 2948 3683 in
3011 3640 3247 3683 mortem
3303 3628 3479 3698 ipsius

1880 3727 2142 3795 baptizati
2193 3728 2366 3782 estis?
2398 3748 2413 3777 ι
2462 3727 2530 3781 Ει
2559 3726 2731 3779 alibi:
2784 3744 2801 3775 ι
2839 3723 3168 3792 Quicunque
3209 3722 3266 3775 in
3309 3720 3474 3776 Chri-

1882 3827 2025 3873 stum
2054 3817 2269 3888 1269
2295 3817 2555 3887 baptizati
2578 3817 2732 3880 estis,
2763 3815 3047 3871 Christum
3075 3813 3335 3868 induistis
3356 3814 3418 3866 ⁷⁸.
3448 3832 3469 3866 ι

1880 3912 1951 3966 Ει
1995 3911 2240 3965 iterum:
2307 3908 2653 3963 rlnduimini
2713 3908 3007 3962 Dominum
3066 3905 3253 3961 Jesum
3311 3904 3477 3959 Chri-

1866 4011 2047 4067 stum,
2069 4010 2125 4056 et
2146 4000 2331 4056 carnis
2358 4015 2546 4054 curam
2570 4016 2640 4055 ne
2670 3998 2918 4054 feceritis
2938 3998 2996 4052 in
3025 3995 3320 4051 desideriis
3349 3995 3419 4049 ".
3450 4013 3468 4047 ι

1949 4282 2075 4338 llaec
2129 4290 2187 4337 et
2232 4282 2321 4337 his
2372 4281 2574 4338 similia
2634 4280 2817 4336 edocti
2871 4280 2966 4351 qui
3006 4279 3191 4333 divina
3241 4295 3473 4334 munera

1878 4370 2162 4425 consecuti
2195 4380 2345 4435 sunt,
2372 4369 2619 4425 munifici
2656 4369 2876 4425 Domini
2928 4385 3137 4434 amore,
3184 4368 3472 4423 desidera-

1877 4464 2201 4519 bilissimam
2248 4478 2473 4533 quoque
2513 4462 2660 4517 illius
2696 4461 3123 4532 appellationem
3157 4461 3214 4515 in
3239 4476 3336 4515 ore
3362 4460 3472 4514 cir-

169 4537 231 4588 ὲν
257 4536 337 4607 τῷ
371 4538 599 4607 στόματι
649 4543 1029 4612 περιφέρουσι,
1070 4546 1164 4597 καὶ
1212 4546 1282 4600 τὰ
1335 4547 1429 4601 τοῦ
1489 4549 1768 4621 ’ᾼσματος

1878 4555 2211 4619 eumferunt,
2272 4563 2329 4610 et
2384 4554 2473 4609 illa
2507 4554 2718 4609 Cantici
2754 4554 3099 4609 canticorum
3125 4553 3425 4608 inclamant
3455 4571 3469 4607 :

168 4627 282 4681 τῶν
313 4629 574 4699 ᾀσμάτων
619 4630 847 4702 βοῶσιψ
892 4654 908 4687 ι
944 4636 1290 4705 Ἀδελιριδοῦς
1345 4659 1447 4710 μου
1482 4643 1628 4713 ἐμοὶ,
1669 4646 1769 4697 κά-

169 4718 256 4787 γὼ
311 4722 488 4791 αὐτῷ·
540 4724 599 4774 ἐν
627 4728 693 4795 τῇ
724 4728 857 4797 σκιᾷ
890 4728 1055 4780 αὑτοῦ
1087 4730 1433 4802 ἐπεθύμησα,
1473 4737 1569 4788 καὶ
1608 4737 1769 4791 6x519-

172 4831 300 4898 £33:
339 4816 432 4868 καὶ
468 4817 496 4867 6
522 4817 735 4886 καρπὸς
777 4818 942 4871 αὐτοῦ
985 4820 1191 4888 γλυκὺς
1228 4825 1286 4877 ὲν
1318 4825 1556 4894 λάρυγγί
1590 4844 1710 4898 μου.
1744 4848 1761 4881 ι

170 4906 316 4971 Πρδς
345 4906 402 4958 δὲ
425 4907 657 4972 τούτοις.
679 4909 790 4961 ’καὶ
816 4910 915 4980 τὴν
946 4913 1254 4984 ἐπέραστον
1285 4920 1666 4991 προσηγορίαν
1701 4922 1761 4991 ἢν.

170 4998 369 5069 ἔχομεν
410 5002 473 5052 ἐκ
513 5004 609 5069 τῆς
653 5003 745 5055 τοῦ
780 5004 1023 5073 Χριστοῦ
1054 5010 1427 5079 προσηγορίας
1469 5012 1761 5082 ἐλάϐομεν.

169 5088 490 5159 Χριστιανοὶ
524 5092 632 5163 γὰρ
662 5095 1065 5165 όνομαζόμεθα.
1115 5100 1249 5171 Περὶ
1282 5102 1472 5156 τούτου
1520 5105 1612 5157 τοῦ
1647 5106 1765 5159 ὀνό-

176 5197 347 5248 ματος
377 5185 768 5254 προαγορεύων
810 5188 838 5239 ὁ
864 5186 972 5241 τῶν
1002 5190 1142 5243 ὅλων
1174 5194 1279 5264 ἔφη
1312 5195 1475 5259 Θεός·
1511 5215 1529 5247 ι
1555 5198 1679 5262 Τοῖς
1708 5199 1765 5254 δὲ

168 5270 478 5327 δουλεύουσί
510 5293 597 5346 μοι
627 5277 960 5349 κληθήσεται
982 5280 1154 5351 ὄνομα
1180 5285 1387 5349 καινὸν,
1408 5287 1435 5339 ὃ
1464 5288 1763 5363 εὐλογηθή-

173 5378 326 5417 σεται
358 5366 451 5454 ἐπὶ
488 5368 589 5438 τῆς
621 5370 743 5437 γῆς.
772 5392 789 5422 ι
826 5372 1029 5427 Τούτου
1083 5376 1147 5446 δὴ
1200 5378 1362 5449 χάριν
1392 5380 1758 5454 διαφερόντως

170 5454 202 5524 ἡ
249 5451 541 5530 Ἐκκλῇσία
570 5462 732 5533 τῆσδε
764 5465 861 5533 τῆς
882 5470 1255 5539 προσηγορίας
1285 5470 1603 5543 ἐξήρτηται.
1632 5477 1758 5529 Ὅτε

172 5547 276 5619 γὰρ
321 5553 741 5625 ὲνηνθρὼπησεν
774 5558 801 5608 ὀ
848 5560 1145 5632 μονογενὴς
1161 5562 1257 5615 τοῦ
1285 5564 1422 5618 Θεοῦ
1455 5568 1607 5632 Υἱὸς,
1636 5571 1757 5623 τότε

172 5639 402 5712 Χριστὸς
430 5644 746 5718 ὠνομάσθη.
786 5650 908 5703 τότε
936 5651 1043 5705 τῶν
1073 5654 1378 5727 ἀνθρώπων
1407 5660 1443 5730 ἡ
1471 5663 1631 5729 φύσις
1664 5664 1755 5714 τοῦ

239 5759 283 5790 τ’
314 5760 512 5828 Ephes.
549 5779 626 5820 ut.
672 5767 752 5819 ll.

176 5825 217 5857 "
245 5825 417 5885 Galat.
453 5834 649 5900 “1,,27.
730 5838 771 5866 ’τ’
810 5837 967 5893 Rom.
1007 5857 1119 5907 xm,
1160 5825 1283 5896 ll.“
1320 5845 1365 5875 ⁰⁰
1400 5825 1642 5915 οὲιῖίῗιῖ,

833 5768 878 5844 ξ¹³
905 5768 948 5822 ll
972 5767 1097 5824 Cor.
1131 5774 1284 5844 $1.2.
1360 5776 1407 5805 ⁷⁵
1442 5775 1642 5844 Ephes.
1671 5796 1724 5841 ν,
1757 5780 1845 5832 εκ.

1877 4669 1894 4699 ι
1927 4648 2308 4704 Consobrinus
2361 4662 2519 4702 meus
2558 4646 2717 4712 mihi,
2766 4655 2823 4701 et
2867 4661 2969 4716 ego
3019 4645 3095 4699 illi
3130 4663 3143 4699 :
3183 4645 3240 4699 in
3275 4645 3472 4700 umbra

1867 4741 1990 4810 ejus
2029 4738 2367 4803 desideravi,
2431 4746 2488 4793 et
2542 4738 2685 4803 sedi,
2739 4745 2796 4792 et
2851 4737 3067 4791 fructus
3115 4738 3239 4807 ejus
3292 4736 3473 4791 dulcis

1868 4832 2077 4902 gutturi
2133 4847 2258 4887 meo
2315 4832 2384 4885 ⁸ο.
2424 4851 2442 4883 ι
2503 4831 2732 4885 Accedit
2774 4828 2922 4899 quod
2973 4828 3210 4884 amabile
3241 4842 3468 4893 nomen,

1868 4925 2015 4996 quod
2043 4926 2307 4995 gerimus,
2331 4940 2398 4978 ex
2421 4923 2627 4979 Christi
2663 4924 2885 4977 nomine
2918 4920 3277 4992 sumpsimus:
3303 4920 3468 4987 Chri-

1866 5019 2031 5073 stiani
2055 5019 2205 5073 enim
2228 5033 2638 5087 nuncupamur.
2673 5017 2749 5071 De
2777 5017 2880 5069 hoc
2910 5016 3137 5070 nomine
3159 5013 3470 5068 vaticinans

1868 5111 2254 5166 universorum
2301 5110 2446 5164 Deus
2492 5108 2629 5163 dixit
2662 5125 2675 5161 :
2727 5127 2745 5159 ι
2776 5106 3164 5162 Servientibus
3198 5105 3336 5161 mihi
3373 5120 3471 5159 vo-

1866 5205 2083 5260 cabitur
2099 5218 2304 5258 nomen
2320 5218 2545 5265 novum,
2565 5202 2711 5272 quod
2736 5200 3101 5257 benedicetur
3118 5199 3176 5254 in
3198 5208 3346 5254 terra
3360 5198 3426 5253 ⁸¹.
3440 5216 3459 5249 ι

1864 5298 1948 5356 0b
1993 5299 2136 5353 hanc
2182 5311 2405 5351 causam
2439 5295 2687 5350 Ecclesia
2714 5294 2846 5349 huic
2876 5293 3227 5363 potissimum
3254 5290 3464 5347 nomini

1870 5390 2135 5444 adhaeret.
2186 5387 2325 5442 Nam
2375 5385 2596 5456 quando
2642 5385 2961 5440 incarnatus
3012 5393 3098 5439 est
3139 5382 3313 5438 Filius
3342 5381 3461 5447 Dei,

1871 5490 2003 5536 tunc
2033 5478 2288 5535 Christus
2325 5476 2637 5548 appellatus
2673 5482 2798 5529 est:
2846 5482 2977 5527 tunc
3020 5471 3307 5526 hominum
3361 5485 3465 5523 na-

1871 5581 1990 5625 turn
2014 5567 2401 5623 intellectualis
2430 5566 2657 5621 luminis
2687 5565 2872 5620 radios
2894 5564 3140 5633 suscepit
3167 5581 3178 5615 :
3209 5571 3341 5617 tunc
3365 5577 3463 5614 ve-

1869 5663 2051 5717 ritatis
2080 5676 2362 5731 praecones
2384 5660 2577 5715 orbein
2604 5668 2765 5713 terra:
2792 5658 3161 5712 illustrarunt.
3200 5653 3460 5708 Ecelesirn

1928 5780 1973 5809 ⁷⁵
2014 5778 2148 5831 ibid.
2183 5777 2272 5836 51,
2305 5778 2393 5832 52.
2474 5779 2517 5809 ⁷⁵
2547 5778 2723 5833 Colat.
2755 5793 2832 5843 ιιι,
2868 5776 2951 5831 l5.
3032 5776 3078 5807 ""
3110 5774 3267 5828 llom.
3303 5787 3377 5837 γι,
3400 5769 3455 5833 ἓ.

1812 5850 1852 5879 ’⁸⁸
1888 5850 1990 5903 La.
2033 5865 2154 5915 LXV,
2196 5851 2277 5904 lli.
