4086 6326
666 343 797 409 ιιοτ

1646 342 2135 403 THEODORETI
2187 343 2532 407 EPISCOPI
2573 347 2938 408 CYRENSIS

3804 335 3831 399 1
3842 336 3931 397 illi

660 470 880 524 porum,
931 452 1236 507 instaurare
1281 447 1464 503 omnia
1512 449 1567 503 in
1587 448 1812 504 Christo
1831 463 1952 517 qua:
1976 448 2032 501 in
2065 447 2229 511 οιιιιιίιι1

2345 450 2469 523 δόξῃ
2520 451 2927 520 δεδοξασμένον.
2976 448 3068 517 Μὴ
3102 446 3283 500 τοίνυν
3327 444 3593 514 φύγωμεν
3658 459 3933 512 ﬁgente-

661 557 717 599 rt
753 561 873 615 qua:
908 546 961 598 in
993 552 1137 597 terra
1175 549 1301 596 sunt
1328 542 1382 594 in
1414 542 1532 611 ipso
1570 543 1608 593 ⁸.
1644 558 1661 590 ι
1690 540 1976 594 Discamus
1998 544 2179 593 autem
2206 553 2237 591 a

664 635 818 691 beata
854 636 955 689 hac
991 635 1174 703 lingua
1199 634 1364 688 etiam
1400 646 1509 701 quo
1544 630 1704 685 modo
1724 629 2033 700 gloriﬁcare
2072 643 2237 697 Opor-

662 732 773 778 teat
827 722 1252 783 benefactorem,
1300 721 1411 775 Deo
1470 728 1527 773 et
1574 718 1722 773 Patri
1778 734 1977 773 nomen
2030 716 2237 772 Christi

658 816 1061 871 consociantes.
1124 812 1386 868 Romanis
1440 814 1588 868 enim
1646 813 1898 867 scribens
1968 812 2049 865 sic
2111 810 2234 863 ait:

664 924 686 955 ‹
715 904 916 974 (Juxta)
946 904 1299 972 Evangelium
1334 918 1517 957 meum
1541 910 1599 956 et
1629 902 2072 971 praedicationem
2106 902 2236 956 Jesu

653 993 881 1056 Christi,
929 993 1231 1048 secundum
1290 993 1680 1047 revelationem
1734 991 1978 1061 mysterii
2029 999 2238 1059 tempo-

657 1083 812 1140 ribus
854 1084 1072 1138 aeternis
1125 1084 1323 1138 taciti:
1375 1082 1522 1153 quod
1576 1097 1724 1136 nunc
1769 1082 2103 1151 patefactum
2152 1089 2238 1135 est

655 1188 755 1243 per
789 1173 1097 1243 Scripturas
1132 1174 1524 1244 prophetarum
1559 1174 1863 1227 secundum
1898 1180 2233 1243 praeceptum

651 1264 841 1318 aeterni
869 1264 986 1328 Dei,
1022 1272 1078 1318 et
1109 1266 1176 1318 ad
1211 1264 1581 1319 obeditionem
1614 1263 1741 1318 ﬁdei
1769 1265 1823 1318 in
1860 1266 2075 1320 cunctis
2099 1281 2232 1335 gen-

658 1354 809 1408 tibus
832 1355 1057 1425 cogniti,
1084 1356 1185 1410 soli
1208 1352 1575 1424 sapienti'Deo
1600 1371 1697 1424 per
1723 1355 1909 1410 Jesum
1928 1356 2231 1423 Christum,

653 1446 744 1499 cui
789 1446 959 1516 gloria
1001 1445 1056 1498 in
1099 1446 1316 1499 saecula.
1350 1446 1525 1500 Amen
1555 1448 1596 1499 ⁸.
1627 1466 1644 1498 ι
1695 1448 1774 1501 Ad
1807 1448 2075 1516 Ephesios
2102 1463 2233 1502 vero

652 1537 905 1591 scribens
952 1536 1031 1589 sic
1077 1535 1356 1590 laudavit:
1410 1556 1429 1588 ι
1461 1536 1523 1591 Ei
1572 1547 1755 1591 autem
1794 1539 1886 1607 qui
1924 1547 2118 1607 potens
2151 1547 2235 1591 est

651 1628 835 1680 omnia
889 1627 1066 1681 facere
1116 1628 1630 1697 superabundanter
1668 1644 1831 1697 quam
1873 1629 2111 1698 petimus
2139 1636 2235 1683 aut

652 1716 1030 1787 intelligimus,
1074 1720 1376 1773 secundum
1418 1720 1677 1773 virtutem
1726 1736 1847 1790 quae
1878 1730 2141 1790 operatur
2178 1721 2232 1774 in

652 1807 833 1872 nobis,
886 1809 987 1878 ipsi
1027 1810 1197 1880 gloria
1244 1810 1299 1864 in
1349 1811 1593 1865 Ecclesia
1635 1811 1690 1864 in
1728 1809 1950 1865 Christo
1986 1811 2137 1890 Jesu.
2177 1813 2231 1865 in

649 1911 843 1953 omnes
871 1900 1253 1968 generationes
1277 1902 1623 1956 smeulorum.
1660 1904 1831 1956 Amen
1858 1904 1897 1955 ³.
1928 1923 1944 1953 ι
1978 1902 2046 1957 Ει
2072 1903 2233 1971 paulo

649 1991 905 2057 superius
939 2008 951 2043 :
1008 2010 1023 2042 ι
1062 1992 1235 2059 Hujus
1280 1994 1361 2045 rei
1415 1994 1588 2062 gratia
1628 1993 1787 2047 ﬂecto
1815 2010 1989 2063 genua
2021 2010 2140 2047 mea
2164 1994 2231 2048 ad

651 2077 868 2131 Patrem
908 2080 1121 2133 Domini
1164 2081 1338 2134 nostri
1380 2081 1510 2135 Jesu
1572 2081 1799 2143 Christi,
1857 2099 1923 2137 ex
1955 2099 2065 2151 quo
2110 2099 2232 2136 oni-

652 2169 739 2223 nis
778 2170 1078 2237 paternitas
1122 2171 1177 2223 in
1226 2172 1383 2225 ccelis
1428 2181 1483 2225 et
1517 2172 1570 2225 in
1603 2183 1744 2227 terra
1796 2174 2109 2227 nominatur
2136 2174 2176 2226 ⁸,
2206 2193 2223 2224 ι

652 2255 720 2317 Et
752 2267 873 2325 post
909 2258 1149 2325 plurima
1178 2278 1189 2311 :
1236 2278 1253 2310 ι
1283 2260 1499 2314 Gratias
1523 2262 1756 2330 agimus,
1796 2262 1992 2331 inquit,
2015 2279 2233 2332 semer

652 2362 753 2415 pro
788 2350 1046 2403 omnibus
1075 2349 1235 2404 vobis
1282 2351 1335 2403 in
1368 2353 1589 2405 nomine
1623 2352 1840 2407 Domini
1888 2353 2061 2417 nostri
2102 2355 2229 2409 Jesu

648 2436 855 2491 Christi
899 2439 1009 2492 Deo
1043 2450 1097 2492 et
1135 2441 1280 2494 Patri
1304 2443 1344 2493 ⁸.
1382 2461 1399 2492 ι
1439 2442 1870 2511 Philippensium
1896 2446 2062 2499 etiam
2091 2447 2230 2501 libe-

651 2527 924 2581 ralitatem
999 2527 1213 2600 1274
1273 2531 1755 2588 benedictionibus
1817 2551 2178 2592 remunerans
2214 2580 2228 2592 .

654 2635 674 2665 ι
707 2616 850 2671 Deus
880 2625 1063 2671 autem
1094 2635 1267 2684 meus,
1301 2622 1501 2690 inquit,
1532 2623 1755 2692 impleat
1784 2642 2003 2680 onmem
2038 2643 2231 2682 neces-

644 2706 863 2759 sitatem
891 2718 1127 2762 vestram
1151 2712 1452 2764 secundum
1480 2713 1703 2767 divitias
1731 2730 1856 2768 suas
1886 2716 1939 2768 in
1970 2716 2139 2784 gloria
2174 2718 2228 2770 in

647 2794 869 2858 Christo
910 2797 1037 2851 Jesu
1089 2799 1128 2852 ⁸.
1168 2819 1185 2850 ι
1211 2800 1463 2856 Hebraeis
1496 2813 1676 2857 autem
1710 2805 1781 2858 ita
1812 2814 2067 2873 precatus
2098 2816 2181 2861 est
2215 2827 2227 2860 :

655 2902 673 2935 ι
702 2885 843 2939 Deus
889 2888 1058 2954 pacis,
1097 2888 1190 2957 qui
1220 2890 1410 2944 eduxit
1444 2892 1510 2946 de
1542 2895 1776 2947 mortuis
1806 2906 2081 2961 pastorem
2117 2914 2230 2951 ma-

644 2989 810 3044 guum
828 2978 1010 3031 ovium
1043 2979 1096 3031 in
1125 2982 1387 3051 sanguine
1412 2985 1724 3038 testamenti
1755 2988 1969 3050 aeterni,
1998 2990 2015 3005 ‘
2037 2988 2225 3041 Domi—

644 3081 776 3120 num
802 3077 1051 3122 nostrum
1083 3070 1288 3136 Iesum,
1318 3082 1466 3143 aptet
1489 3091 1586 3129 vos
1613 3075 1665 3127 in
1693 3076 1838 3129 omni
1867 3092 2032 3145 opere
2058 3078 2223 3141 bono,

647 3165 708 3210 ut
760 3156 973 3221 faciatis
1029 3162 1149 3229 ejus
1189 3135 1548 3229 volun-tatem,
1581 3166 1789 3221 faciens
1818 3168 1871 3221 in
1903 3169 2057 3222 vobis
2079 3170 2225 3238 quod
2253 3135 2295 3193 ϐ

645 3247 857 3314 placeat
885 3264 1074 3303 coram
1104 3268 1159 3305 se
1194 3270 1292 3321 per
1313 3255 1498 3308 Jesum
1530 3256 1834 3323 Christum,
1860 3260 1950 3312 cui
1986 3269 2068 3313 est
2108 3262 2225 3330 glo-

644 3342 724 3395 ria
777 3342 832 3396 in
879 3346 1076 3399 smcula
1126 3348 1472 3403 sreculorum.
1526 3349 1701 3404 Amen
1754 3351 1791 3404 ".
1828 3371 1843 3401 ι
1882 3352 2001 3406 Non
2049 3354 2223 3407 solum

642 3442 827 3487 autem
854 3434 983 3487 dum
1009 3436 1297 3503 glorilicat,
1333 3437 1425 3490 sed
1458 3438 1623 3491 etiam
1654 3439 1783 3491 dum
1818 3440 2141 3494 exhortatur
2172 3452 2228 3496 et

644 3523 971 3588 obtestatur,
1016 3525 1295 3579 Christum
1331 3542 1454 3581 cum
1478 3528 1589 3581 Deo
1634 3538 1688 3582 el
1742 3530 1898 3584 Patre
1922 3533 2224 3601 coniungit,

642 3625 699 3668 et
747 3614 907 3669 beato
956 3616 1243 3671 Timotheo
1298 3618 1548 3672 scribens
1599 3621 1840 3674 clamat:
1885 3641 1901 3671 ι
1937 3622 2229 3677 Testificor

641 3719 826 3759 coram
866 3706 974 3760 Deo
1013 3716 1067 3761 et
1104 3708 1229 3761 Jesu
1260 3710 1481 3763 Christo
1512 3712 1551 3764 ⁸.
1592 3732 1608 3761 ι
1647 3713 1715 3767 Et
1749 3714 1946 3769 iterum
1981 3733 1991 3768 :
2030 3736 2047 3765 ‹
2080 3718 2224 3772 Prm-

640 3796 786 3865 cipio
821 3797 916 3850 tibi
951 3814 1135 3852 coram
1165 3802 1274 3855 Deo
1301 3802 1395 3871 qui
1419 3803 1657 3857 viviticat
1688 3808 1891 3871 omnia,
1924 3818 1979 3862 et
2008 3808 2225 3864 Christo

639 3886 766 3940 Jesu
821 3888 913 3956 qui
964 3891 1336 3945 testimonium
1386 3894 1629 3947 reddidit
1678 3897 1783 3951 sub
1824 3898 2019 3954 Pontio
2050 3902 2225 3956 Pilato

643 3975 844 4030 bonam
902 3979 1327 4045 confessionem,
1386 3993 1448 4038 ut
1506 4000 1693 4040 serves
1732 3989 2047 4044 mandatum
2106 3993 2223 4047 sine

640 4067 854 4121 macula
884 4067 1376 4137 irreprehensibile
1409 4090 1583 4145 usque
1609 4077 1664 4130 in
1687 4078 1983 4134 adventum
2006 4082 2221 4137 Domini

639 4157 815 4217 nostri
844 4158 971 4213 Jesu
1001 4159 1229 4225 Christi,
1265 4180 1427 4233 quem
1462 4168 1577 4221 suis
1604 4171 1945 4238 temporibus
1970 4175 2224 4230 ostendet

638 4246 833 4303 beatus
854 4256 909 4303 et
941 4251 1089 4305 solus
1114 4264 1327 4320 potens,
1360 4256 1475 4309 Rex
1510 4273 1719 4329 regum,
1742 4262 2006 4319 Dominus
2043 4265 2223 4319 domi-

639 4340 907 4405 nantium,
938 4342 1032 4409 qui
1065 4343 1214 4397 solus
1238 4346 1405 4400 habet
1432 4348 1925 4413 immortalitatem.
1958 4364 2013 4409 et
2038 4357 2219 4413 lucem

2345 541 2489 611 ρίαν,
2520 540 2687 614 δι’,ἦς
2739 541 3128 609 ἀπελαύσαμεν
3182 538 3476 607 σωτηρίας,
3512 536 3581 588 δι’
3613 528 3682 603 ἧς
3722 536 3937 587 dvent-

2340 633 2497 702 νίσθη
2528 636 2594 687 τὰ
2642 636 2839 697 πάντα,
2886 633 2963 695 ὡς
3003 632 3167 695 αὐτὸς
3214 631 3317 699 ἔφη
3356 630 3384 681 ὁ
3414 626 3750 686 διδάσκαλος
3786 624 3939 691 ’Βεε-

2344 726 2481 789 σίοις
2532 727 2756 797 γράφων
2775 744 2786 755 ·
2835 746 2852 776 ι
2876 727 3035 779 Κατὰ
3062 725 3162 794 τὴν
3200 722 3450 776 εὐδοκίαν
3479 717 3677 783 αὑτοῦ,
3706 717 3783 787 ἧν
3810 733 3935 784 στρο-

2339 816 2491 869 έθετο
2525 819 2582 869 ὲν
2616 817 2765 887 αὐτῷ
2810 820 2889 881 είς
2937 815 3249 884 οἰκονομίαν
3282 811 3377 866 τοῦ
3414 811 3805 881 πληρώματος
3836 809 3932 860 τίει

2341 908 2567 977 καιρῶν,
2593 905 3181 976 ἀνακεφαλαιώσασθαι
3200 904 3269 956 τὰ
3290 904 3470 957 πάντα
3490 905 3545 952 ἐν
3574 901 3659 971 τῷ
3691 898 3931 970 Χριστῷ.

2337 1001 2406 1053 τὰ
2437 1002 2495 1051 ἐν
2518 1003 2631 1063 τοῖς
2662 1002 2913 1070 οὐρανοῖς
2967 998 3061 1050 καὶ
3088 998 3180 1049 ἐπὶ
3209 999 3307 1064 τῆς
3336 996 3441 1065 γῆς
3468 996 3526 1045 ἐν
3555 992 3735 1062 αῦτῷ.
3768 1011 3789 1043 ι
3824 993 3934 1045 Mi-

2338 1091 2522 1160 θωμεν
2549 1091 2605 1144 δὲ
2657 1090 2805 1161 παρὰ
2837 1090 2938 1157 τῆς
2971 1088 3245 1159 μακαρίας
3295 1086 3531 1154 ταυτησὶ
3558 1085 3820 1151 γλώττης
3844 1084 3932 1135 καὶ

2336 1184 2484 1246 ὅπως
2521 1184 2602 1235 δεῖ
2635 1182 2878 1247 δοξάζειν
2905 1183 2993 1233 τὸν
3027 1180 3340 1250 εὐεργέτην,
3378 1178 3459 1246 τῷ
3493 1178 3621 1246 Θεῷ
3646 1179 3740 1229 καὶ
3766 1178 3933 1245 Πατρί

2335 1272 2434 1344 τὴν
2474 1273 2571 1325 τοῦ
2623 1271 2859 1343 Χριστοῦ
2905 1271 3275 1340 προσηγορίαν
3306 1267 3767 1338 προσάπτοντας.
3806 1266 3931 1319 Ῥω-

2340 1364 2523 1435 μαίοις
2549 1364 2770 1434 μὲνγὰρ
2789 1362 3119 1415 ἐπιστέλλων
3139 1356 3239 1415 ὧδέ
3261 1378 3394 1431 φησι
3410 1380 3422 1390 -
3455 1380 3474 1409 ι
3503 1361 3579 1412 Τὸ
3596 1358 3931 1426 Εὐαγγὲλιόν

2340 1470 2463 1521 μου,
2489 1454 2581 1505 καὶ
2611 1454 2672 1505 τὸ
2694 1452 2957 1521 κήρυγμα
2990 1450 3166 1519 Ἰησοῦ
3189 1450 3447 1519 Χριστοῦ,
3476 1449 3625 1501 κατὰ
3658 1448 3933 1501 ἀποκάλυ-

2335 1544 2427 1609 ψιν
2468 1543 2761 1611 μυστηρίου
2814 1542 3023 1611 χρόνοις
3055 1540 3295 1602 αἰωνίοις
3336 1541 3738 1609 σεσιγημένου.
3782 1556 3934 1605 φανε-

2338 1630 2603 1697 ρωθέντος
2626 1648 2683 1680 τε
2707 1628 2800 1682 νῦν
2824 1628 2914 1681 διὰ
2934 1646 2991 1681 τε
3012 1629 3241 1699 Γραφῶν
3263 1628 3631 1698 προφητικῶν
3652 1630 3782 1682 κατ’
3817 1632 3930 1681 ἐστι·

2337 1720 2507 1790 ταγὴν
2552 1721 2646 1775 τοῦ
2696 1721 2914 1774 αἰωνίου
2964 1721 3119 1781 Θεοῦ,
3157 1722 3251 1772 καὶ
3276 1722 3354 1782 είς
3387 1720 3654 1791 ὑπακοὴν
3698 1720 3932 1783 πίστεως

2267 1791 2305 1845 Β
2336 1815 2415 1875 εἰς
2446 1813 2625 1864 πάντα
2663 1813 2729 1864 τὰ
2775 1812 2901 1882 ἔθνη
2938 1811 3357 1880 γνωρισθέντος,
3415 1812 3569 1881 μόνῳ
3628 1812 3785 1880 σορῷ
3819 1811 3932 1877 Θεῷ

2334 1905 2421 1956 διὰ.
2484 1904 2657 1973 Ἰησοῦ
2706 1903 2945 1973 Χριστοῦ
2975 1945 2989 1968 ,
3040 1896 3083 1971 ᾧ
3131 1906 3164 1973 ἡ
3200 1903 3323 1968 δόξα
3372 1905 3449 1967 εἰς
3519 1904 3654 1965 τοὺς
3704 1904 3930 1962 αἰῶνας.

2348 1997 2537 2065 Ἀμήν.
2564 2014 2579 2044 ι
2629 1995 2894 2063 Ἐρεσίοις
2917 1995 2973 2047 δὲ
3021 1994 3249 2064 γράφων
3285 1994 3459 2057 οῦτως
3510 1994 3768 2064 ὕμνησεο
3810 1994 3931 2063 «Τῷ

2332 2088 2388 2140 δὲ
2418 2088 2699 2156 δυναμένῳ
2737 2086 2879 2157 ὑπὲρ
2920 2087 3096 2139 πάντα
3147 2086 3371 2153 ποιῆσαι
3425 2086 3570 2153 ὑπὲρ
3620 2086 3693 2137 ὲκ
3752 2101 3933 2154 περισ-

2337 2178 2429 2230 σοῦ
2460 2173 2532 2232 ὧν
2563 2178 2883 2246 αἰτούμεθα,
2919 2179 2950 2246 ἦ
2986 2176 3234 2245 νοοῦμεν,
3268 2178 3408 2227 κατὶ
3434 2177 3537 2243 τὴν
3570 2176 3811 2243 δίναμιν
3841 2177 3932 2243 τὴν

2333 2270 2733 2340 ἐνεργουμένην
2768 2273 2825 2321 ἐν
2853 2272 3008 2337 ἡμῖν,
3038 2267 3183 2336 αὐτῷ
3275 2268 3402 2330 δόξα
3454 2269 3516 2319 ὲν
3697 2269 3926 2335 Ἐκκὶηο

2336 2360 2427 2429 ei;
2478 2363 2535 2413 ἐν
2586 2360 2806 2430 Χριστῷ
2854 2358 3032 2428 Ἰησοῦ
3091 2361 3170 2421 εἰς
3218 2361 3399 2422 πάσας
3450 2359 3554 2421 τὰς
3604 2361 3812 2426 γενεὰς
3840 2360 3927 2411 τοῦ

2335 2450 2528 2514 αἰῶνος
2562 2452 2669 2503 τῶν
2701 2451 2936 2504 αἰώνων.
2975 2452 3168 2524 Ἀμήν.
3206 2473 3222 2504 ι
3250 2453 3359 2505 Καὶ
3395 2450 3597 2520 μικρὸν
3629 2450 3691 2503 δὲ
3730 2450 3923 2503 τούτων

2334 2542 2642 2612 ἔμπροσθεν
2694 2541 2868 2604 οὕτως
2900 2542 3004 2612 ἔφη
3029 2561 3041 2573 ·
3083 2563 3100 2594 ι
3132 2541 3333 2595 Τούτου
3366 2540 3535 2610 χάριν
3574 2541 3828 2611 κάμπτω
3862 2543 3924 2594 τὲ

2332 2634 2535 2703 γόνατᾶ
2571 2651 2671 2702 μου
2706 2634 2842 2703 πρὸς
2871 2634 2961 2685 τὸν
2995 2634 3209 2704 Πατέρα
3236 2632 3329 2685 τοῦ
3366 2633 3582 2703 Κυρίου
3618 2635 3787 2703 ἡμῶν
3837 2635 3925 2700 Ἰηο

2334 2725 2429 2777 σοῦ
2460 2724 2715 2793 Χριστοῦ,
2754 2724 2811 2789 ἐξ
2847 2719 2907 2778 οὗ
2934 2727 3081 2777 πᾶσα
3118 2723 3322 2793 πατριὰ
3366 2726 3423 2776 ἐν
3454 2718 3682 2793 οὐρανῷ
3710 2724 3804 2776 καὶ
3840 2724 3924 2775 ἐπὶ

2332 2816 2437 2883 γῆς
2496 2816 2839 2885 ὀνομάζεται.
2874 2833 2891 2865 ι
2955 2818 3063 2867 Καὶ
3129 2816 3265 2883 μετὰ
3327 2812 3599 2867 πλεῖστα·
3644 2815 3923 2883 «531:9:-

2334 2908 2589 2975 στοῦμεν,
2624 2907 2777 2974 φησι,
2823 2906 3055 2957 πάντοτε
3088 2906 3227 2975 ὑπὲρ
3262 2905 3477 2957 πάντων
3515 2905 3678 2973 ὑμῶν
3726 2908 3783 2957 ἐν
3806 2908 3924 2957 ἐνόν

2334 3013 2465 3064 ματι
2490 2995 2583 3047 τοῦ
2622 2994 2829 3063 Κυρίου
2861 2993 3017 3062 ἡμῶν
3066 2989 3541 3061 ἸησοῦΧριστοῦ.
3575 2989 3657 3058 τῷ
3691 2990 3817 3059 Θεῷ
3835 2990 3921 3042 καί

2332 3087 2525 3155 Πατρί.
2552 3104 2570 3136 ι
2610 3085 2719 3138 Καὶ
2745 3085 2925 3154 μέντοι
2959 3083 3053 3135 καὶ
3079 3082 3176 3152 τὴν
3204 3080 3582 3147 Φιλιππησίων
3610 3081 3921 3149 φιλοτιμίαν

2331 3182 2451 3241 ταῖς
2486 3177 2755 3242 εὐλογίαις
2786 3175 3089 3245 ἠμείψατο·
3133 3193 3163 3237 ι
3192 3174 3250 3227 ὐ
3281 3174 3337 3226 δὲ
3380 3172 3511 3233 Θεός
3561 3190 3665 3241 μου
3700 3172 3914 3243 πληρὼο

2332 3286 2422 3321 σαι
2460 3270 2639 3322 πᾶσαν
2688 3267 2876 3336 χρείαν
2906 3265 3061 3335 ὑμῶν
3092 3263 3235 3317 κατὰ
3280 3263 3372 3315 τδν
3408 3260 3642 3314 πλοῦτον
3668 3261 3841 3315 αὐτοῦ
3869 3264 3917 3313 ἐν

2328 3358 2453 3427 δόξῃ
2481 3362 2537 3409 ἐν
2568 3356 2790 3427 Χριστῷ
2832 3355 3030 3424 Ἰησοῦ.
3059 3373 3079 3404 ι
3129 3353 3404 3422 Ἑϐραίοις
3438 3352 3493 3404 δὲ
3541 3350 3723 3415 οὕτως
3766 3350 3919 3420 ἐττηά

2330 3450 2455 3513 ξατο
2480 3466 2493 3478 ·
2531 3466 2551 3499 ι
2587 3449 2645 3500 '0
2678 3448 2736 3501 δὲ
2759 3446 2891 3510 θεὸς
2933 3448 3030 3515 τῆς
3057 3446 3301 3516 εἰρήνης,
3338 3447 3365 3498 ὁ
3388 3443 3687 3511 ἀναγαγὼν
3718 3446 3784 3496 ὲκ
3812 3444 3917 3495 τῶν

2328 3541 2537 3611 νεκρῶν
2569 3540 2661 3593 τὸν
2698 3540 2930 3609 ποιμένα
2955 3538 3061 3591 τῶν
3083 3537 3372 3609 προόἁτων
3406 3537 3496 3589 τὸν
3528 3538 3708 3605 μέγαν
3742 3538 3798 3588 ἐν
3834 3535 3915 3587 αἷ-

2333 3649 2461 3701 ματι
2511 3632 2776 3700 διαθήκης
2808 3629 3050 3693 αἰωνίου,
3102 3632 3192 3682 τὸν
3239 3628 3443 3698 Κύριον
3478 3628 3636 3698 ἡμῶν
3679 3625 3910 3696 Ἰησοῦν,

2328 3721 2656 3793 καταρτίσαι
2687 3722 2829 3791 ὑμᾶς
2860 3723 2920 3793 ἐν,
2948 3722 3108 3775 παντὶ
3140 3722 3285 3790 ἔργῳ
3308 3719 3522 3788 ἀγαθῷ,
3552 3721 3632 3783 είς
3664 3720 3727 3771 τι
3762 3720 3913 3788 ποιῆ-

2328 3830 2417 3865 σαι
2457 3813 2516 3865 τὸ
2563 3812 2778 3881 θέλημα
2818 3811 3009 3874 αὐτοῦ,
3045 3812 3213 3864 ποιῶν
3244 3814 3300 3863 ἐν
3352 3812 3481 3879 ὑμῖν
3514 3811 3576 3862 τὸ
3622 3810 3911 3880 εὐάρεστον

2326 3902 2554 3955 ἐνώπιον
2581 3904 2743 3956 αὑτοῦ
2774 3903 2862 3956 διὰ
2897 3902 3071 3970 Ἰησοῦ
3105 3902 3365 3974 Χριστοῦ,
3460 3905 3491 3970 ἡ
3513 3903 3643 3967 δόξα
3680 3904 3764 3963 εἰς
3792 3902 3908 3964 τοῦς

2325 3994 2549 4058 αἰῶνας.
2602 3994 2796 4064 Ἀμήν.
2825 4012 2841 4044 ι
2872 3995 2945 4047 Οὐ
2987 3994 3147 4064 μόνον
3196 3994 3253 4047 δὲ
3300 3994 3621 4063 δοξολογῶν.
3654 3994 3793 4048 ἀλλά
3824 3994 3908 4045 καί

2326 4082 2739 4155 παραγγέλλων,
2787 4084 2879 4135 καί
2928 4082 3457 4155 διαμαρτυρόμενος,
3514 4084 3779 4137 συνάπτει
3823 4083 3905 4137 τὸν

2323 4175 2557 4247 Χριστὸν
2582 4175 2659 4247 τῷ
2684 4175 2804 4244 θεῴ
2845 4176 2939 4228 καὶ
2969 4177 3164 4245 Πατρί.
3199 4177 3311 4228 Καὶ
3344 4176 3420 4247 τῷ
3463 4176 3725 4247 μακαρίῳ
3749 4176 3905 4241 Τιμο-

2324 4268 2430 4337 θέῳ
2457 4267 2685 4337 γράφων
2718 4266 2813 4337 βοᾷ
2836 4284 2849 4296 ·
2869 4285 2895 4316 v
2918 4268 3371 4337 Διαμαρτύρομαι
3393 4266 3627 4319 ἐνώπιον
3655 4266 3753 4319 τοῦ
3778 4264 3901 4319 Θεοῦ

2324 4360 2418 4411 καὶ
2467 4357 2643 4429 Ἰησοῦ
2673 4357 2932 4426 Χριστοῦ.
2962 4378 2978 4404 ι
3010 4358 3121 4411 Καὶ
3144 4358 3334 4411 πάλιψ
3370 4378 3389 4408 ι
3421 4358 3801 4426 Παραγγέλλω
3825 4372 3898 4409 σοι

638 4427 909 4483 inhabitat
970 4431 1456 4491 inaccessibilem:
1501 4455 1665 4508 quem
1716 4443 1899 4498 nullus
1934 4445 2217 4503 hominum

2331 4450 2554 4504 ἐνώπιον
2600 4450 2694 4502 τοῦ
2724 4451 2859 4504 Θεοῦ
2912 4450 3005 4503 τοῦ
3048 4451 3443 4519 ζωογονοῦντος
3473 4451 3540 4504 τὰ
3586 4454 3790 4517 πάντα,
3817 4450 3899 4503 καὶ

637 4518 791 4582 vidit,
830 4521 924 4575 sed
961 4539 1065 4576 nec
1095 4525 1281 4579 videre
1302 4537 1501 4596 potest,
1526 4531 1614 4584 cui
1642 4531 1820 4587 honor
1843 4544 1896 4588 et
1926 4536 2217 4606 imperium

636 4612 1051 4677 sempiternum.
1078 4616 1250 4670 Amen
1282 4618 1322 4671 ’.
1353 4638 1369 4669 ι
1676 4608 1679 4611 ἦ

2328 4541 2563 4614 Χριστοῦ
2626 4540 2820 4610 Ἰησοῦ,
2887 4542 2980 4595 τοῦ
3042 4545 3496 4619 μαρτυρήσαντος
3541 4544 3640 4595 ἐπὶ
3686 4543 3897 4597 Ποντίου

2330 4635 2559 4687 Πιλάτου
2586 4632 2685 4701 τὴν
2712 4632 2880 4702 καλὴν
2923 4633 3236 4701 ὁμολογίαν,
3267 4629 3506 4703 τηρῆσαί
3539 4649 3601 4685 σε
3628 4633 3730 4703 τὴν
3760 4636 3898 4686 ὲντου

637 4698 735 4765 Hi"
770 4700 995 4755 ἄσπιλον
1033 4706 1395 4777 ἀνεπίληπτον
1429 4712 1589 4781 μέχρι
1620 4717 1716 4784 τῆς
1769 4719 2090 4786 ἐπιφανείας
2113 4725 2207 4778 τοῦ
2244 4728 2447 4794 Κυρίου
2495 4726 2652 4796 ἡμῶν
2698 4724 2872 4793 Ἰησοῦ
2937 4726 3198 4795 Χριστοῦ,
3226 4726 3291 4796 ἣν
3351 4728 3570 4797 καιροῖς
3621 4726 3776 4787 ἰδίοις
3804 4725 3897 4777 δεί-

639 4794 717 4858 ξει
749 4797 775 4849 ὁ
814 4798 1081 4867 μακάριος
1110 4803 1201 4854 καὶ
1254 4806 1409 4873 μόνος
1437 4806 1723 4877 δυνάστης,
1756 4813 1782 4862 ὁ
1812 4812 2062 4880 βασιλεὺς
2093 4818 2199 4870 τῶν
2241 4820 2633 4888 βασιλευόντων
2660 4858 2673 4881 ,
2702 4818 2794 4870 καὶ
2861 4817 3067 4886 Κύριος
3126 4819 3233 4870 τῶν
3269 4817 3655 4889 κυριευόντων,
3685 4822 3714 4870 ὁ
3752 4819 3895 4886 μόνος

638 4890 773 4959 ἔχων
813 4891 1133 4953 ἀθανασίαν,
1164 4896 1278 4961 φῶς
1313 4898 1476 4951 οίκῶν
1523 4900 1843 4971 ἀπρόσιτονο
1875 4905 1931 4957 ὃν
1960 4903 2097 4962 εἶδεν
2158 4913 2331 4977 οὖδελς
2386 4912 2710 4983 ἀνθρώπων,
2742 4913 2865 4967 οῦτε
2930 4914 3058 4965 ἰδεῖν
3108 4912 3365 4966 δύναται⁶
3394 4904 3437 4980 ᾧ
3472 4911 3609 4982 τιμὴ
3640 4913 3736 4965 καὶ
3774 4915 3894 4985 κρά-

636 4997 727 5043 τος
754 4983 986 5035 αἰώνιον.
1036 4985 1093 5036 Ἀ
1102 4988 1225 5053 μὴν.

708 5100 831 5156 llrec
890 5119 919 5156 a
974 5104 1175 5158 divinis
1216 5109 1478 5175 apostolis
1524 5110 1838 5175 didicimus,
1889 5114 2029 5169 hanc
2054 5119 2215 5172 nobis

634 5193 947 5247 doctrinam
995 5204 1049 5248 et
1078 5196 1316 5251 Joannes
1355 5207 1411 5252 et
1436 5200 1742 5265 Matthatus,
1776 5207 2214 5273 evangelicarum

636 5285 1011 5339 narrationum
1034 5284 1181 5341 ﬂuvii
1208 5290 1450 5351 maximi,
1476 5295 1847 5361 protulerunt.
1875 5296 1973 5351 Hic
1994 5300 2215 5368 quidem

635 5374 826 5429 dicens
856 5392 869 5428 :
916 5394 934 5426 ι
965 5375 1131 5431 Liber
1166 5384 1540 5449 generationis
1575 5386 1705 5441 Jesu
1742 5387 1947 5443 Christi
1985 5391 2081 5445 ﬁlii
2118 5392 2219 5447 Da-

636 5464 799 5529 vidis,
845 5464 943 5519 ﬁlii
983 5467 1216 5525 Abraha:
1266 5473 1343 5538 ¹⁰;
1384 5494 1401 5525 ι
1438 5476 1530 5531 ille
1558 5492 1686 5532 vero
1721 5493 1841 5547 qua:
1869 5490 1995 5537 ante
2020 5483 2214 5537 saecula

715 5667 727 5697 ¹
767 5666 964 5735 Ephes.
1004 5686 1040 5731 ι,
1079 5671 1133 5723 9.
1209 5675 1227 5702 ¹
1259 5673 1412 5727 Rom.
1446 5692 1551 5733 xvi.
1582 5676 1763 5731 23-27.

647 5738 661 5769 '
701 5736 864 5793 llcbr.
892 5754 1001 5803 xm,
1040 5740 1129 5807 ‘20,
1163 5740 1251 5795 2|.
1292 5790 1297 5795 .
1329 5744 1348 5774 ⁸
1386 5744 1427 5797 ll
1453 5744 1593 5799 Tim.
1628 5764 1697 5812 Iv,
1740 5749 1799 5802 l5

1892 5682 2091 5760 Ephes,
2132 5698 2207 5741 ιιι,
2239 5684 2327 5735 ‘20.
2428 5686 2448 5713 ⁸
2485 5683 2619 5735 ibid.
2648 5684 2729 5736 14.
2823 5682 2843 5712 ⁸
2879 5683 2993 5752 Eph

1900 5752 1917 5779 ’
1950 5752 1967 5805 1
2003 5752 2141 5805 Tim.
2174 5769 2246 5816 γι,
2278 5753 2436 5807 15-16
2464 5768 2543 5823 sq.
2590 5753 2631 5783 "
2664 5752 2851 5807 Matth.
2888 5752 2999 5815 1,1.

2394 5117 2580 5171 Ταῦτα
2616 5115 2767 5186 παρὰ
2809 5115 2921 5168 τῶν
2949 5115 3111 5169 Θείων
3165 5116 3526 5186 ἐδιδάχθημεν
3567 5118 3889 5180 ἀποστόλων,

2323 5210 2525 5281 ταύτην
2567 5209 2661 5261 καὶ
2708 5208 3093 5272 Ἰωάννηςλκαὶ
3152 5207 3453 5270 Ματθαῖος.
3484 5208 3596 5262 τῶν
3625 5212 3891 5279 εὐαγγελι-

2324 5302 2435 5355 κῶν
2464 5300 2837 5371 κηρυγμάτων
2871 5303 2918 5353 oi
2956 5300 3207 5371 μέγιστοι
3243 5302 3500 5371 ποταμοὶ,
3522 5303 3623 5374 τὴν
3644 5304 3887 5357 διδασκα-

2324 5392 2443 5445 λίαν
2502 5392 2633 5459 ἡμῖν
2689 5392 3099 5462 προσήνεγκανο
3159 5392 3187 5443 6
3247 5390 3346 5460 μὲν
3404 5390 3611 5443 εἰπών·
3672 5392 3886 5456 «Βίϐλος

2325 5483 2590 5552 γενέσεως
2617 5482 2791 5551 Ἰησοῦ
2814 5481 3049 5552 Χριστοῦ
3076 5482 3192 5535 υἱοῦ
3218 5482 3404 5547 Δαὸὶδ,
3436 5482 3553 5536 υἰοῦ
3584 5486 3823 5556 Ἀϐραάμ
3841 5503 3883 5539 ἰ

2428 5686 2448 5713 ⁸
2485 5683 2619 5735 ibid.
2648 5684 2729 5736 1-4.

2823 5682 2843 5712 ⁸
2879 5683 3077 5757 Epiros.
3109 5699 3161 5748 τ’,
3183 5682 3270 5736 20.
3388 5683 3409 5713 ⁸
3439 5681 3649 5757 Ρίιὶιὶρτ
3677 5731 3683 5737 .
3712 5703 3779 5751 tv,
3809 5684 3879 5741 l9.

4048 688 4051 791 ι
