4086 6326
157 381 182 444 ι
203 381 313 448 109

1479 373 1846 436 EPISTOLA
1881 373 2162 438 CXLVII.

3319 371 3460 442 ιιω

150 488 190 539 ὁ
219 486 286 540 δέ
318 485 389 539 τὰ
436 485 542 556 πρὸ
584 485 692 539 τῶν
742 483 956 537 αἰώνων
986 479 1267 556 ⁸ἐπιδείξας
1289 496 1302 510 ·
1340 499 1360 532 ι
1396 479 1488 534 Ἐν
1517 481 1660 552 ἀρχῇ
1693 475 1762 551 ἦν

1869 478 2019 536 fuere
2073 478 2436 535 manifestans
2475 520 2487 532 .
2551 499 2566 526 ι
2601 479 2658 533 in
2712 479 2987 550 principio
3026 487 3149 536 erat
3189 481 3454 550 Verbum,

151 579 190 629 ὁ
223 578 423 645 Λόγος,
454 550 548 630 καὶ
579 578 608 629 ὁ
641 576 810 644 Λόγος
844 570 914 645 ἦν
941 550 1078 644 πρὸς
1111 572 1202 625 τὸν
1226 572 1380 634 Θεὸν,
1411 571 1508 625 καὶ
1536 550 1669 636 Θεὸς
1690 550 1760 643 ἦν

153 671 189 718 ὁ
227 667 422 734 Λόγος.
450 660 621 730 Οὗτος
649 661 716 736 ἦν
753 668 811 718 ἐν
838 667 983 736 ἀρχῇ
1018 664 1158 736 πρὸς
1185 663 1279 717 τὸν
1327 661 1462 715 Θεόν
1483 679 1495 689 ·
1533 663 1630 715 καὶ
1679 664 1761 718 ὅτι

151 757 352 811 πάντα
383 757 451 811 δι’
473 755 639 810 αὑτοῦ
672 756 892 824 ἐγένετο
918 754 1055 826 (23).
1093 773 1112 806 ι

1867 581 1924 625 et
1959 571 2201 628 Verbum
2235 567 2358 625 erat
2394 569 2541 642 apud
2568 571 2853 637 Deum,’et
2877 572 3024 629 Deus
3041 583 3164 628 erat
3194 574 3457 641 Verbum.

1869 663 1986 718 Hoc
2044 673 2166 719 erat
2210 664 2268 718 in
2313 663 2590 734 principio
2641 663 2787 734 apud
2817 663 3013 732 Deum,
3060 675 3117 722 et
3147 666 3333 723 omnia
3360 683 3464 740 per

1871 755 2050 825 ipsum
2085 756 2228 813 facta
2259 765 2390 812 sunt
2420 756 2485 810 “.
2518 773 2536 808 ι

159 983 389 1054 1275
405 984 769 1065 Sequuntur
791 983 1112 1066 Epistohr,
1138 1004 1294 1064 qum,
1329 1004 1367 1044 α
1391 985 1728 1066 Sirmondo
1762 987 1825 1046 in
1849 985 2160 1046 volumine
2185 985 2988 1066 cpistolnrum‘Theodorett'
3003 997 3460 1066 pratermtssce,

539 1066 608 1125 in
643 1063 942 1128 Garnei'it'
961 1063 1286 1145 ρᾼςιιειιινίο
1335 1063 1588 1145 ει-αίίίζί-
1622 1065 1785 1145 edita

1869 1065 2142 1145 “uerunt;
2183 1063 2524 1145 secundum
2573 1065 2879 1145 ordinem,
2923 1063 3100 1145 quem

997 1143 1345 1204 Gamerius
1395 1142 1889 1222 t'niTheoidoreti
1924 1143 2312 1222 aliorumque
2361 1142 2642 1222 epistolis

1285 1221 1745 1282 constituendis
1776 1221 2161 1285 observavit.

278 1346 450 1403 PMZ'.
480 1378 551 1389 -—
584 1349 830 1416 Ἰωάννῃ
859 1347 1173 1413 ἐπισκόπῳ
1201 1348 1776 1427 Γερμανικείιιςμϐ).

236 1461 326 1516 Τὰ
357 1462 456 1531 μὲν
489 1462 732 1532 πρότερα
765 1459 1071 1530 γράμματα
1098 1454 1200 1528 τῆς
1240 1457 1342 1528 σῆς
1367 1458 1648 1528 ὁσιότητος
1669 1459 1762 1512 εύ-

154 1549 271 1615 ὓὺς
297 1551 591 1620 δεξάμενος
625 1551 1025 1621 ἀντιγέγραφα.
1057 1551 1193 1622 Περὶ
1221 1548 1279 1602 δὲ
1324 1549 1434 1602 τῶν
1461 1549 1763 1619 προκειμέ-

155 1659 280 1694 νων
311 1641 462 1694 οὐδέν
491 1643 637 1694 ἐστιν
665 1640 884 1692 ἐλπίσαι
909 1638 1164 1710 χρηστόν.
1190 1637 1302 1707 Τῆς
1326 1637 1435 1708 γὰρ
1466 1635 1762 1702 παντελοῦς

154 1731 508 1796 ἀποστασίας
549 1731 922 1800 ὑπολαμϐάνω
968 1716 1144 1783 ταῦτα
1188 1726 1328 1782 εἶναι
1379 1729 1658 1798 προοίμια.
1690 1728 1764 1780 Τὸ

153 1825 279 1896 γὰρ
327 1826 455 1888 τοὺς
496 1824 847 1896 -Θρηνοῦντας
891 1824 960 1877 τὰ
1015 1821 1156 1876 κατὰ
1193 1821 1334 1892 βίαν,
1363 1821 1436 1884 ὦς
1474 1837 1658 1890 φασιν,
1705 1821 1762 1873 ἐν

169 1916 393 1987 Ἐφέσῳ
415 1915 759 1986 γεγενημένα
783 1914 859 1984 μὴ
883 1911 1308 1984 μεταμέλεσθαι,
1340 1910 1456 1964 ἀλλ’
1477 1910 1763 1980 ἐπιμένειν

2010 1346 2262 1401 CXLVII.
2309 1378 2360 1388 --
2404 1345 2604 1400 Joanm'
2635 1345 2892 1416 Ερηεορο
2933 1313 3302 1401 Germanicit'.

1938 1460 2021 1516 Ad
2055 1460 2272 1531 priores
2304 1459 2619 1516 sanctitatis
2645 1471 2754 1514 tuae
2783 1459 3000 1514 litteras
3041 1459 3300 1530 rescripsi
3336 1474 3464 1516 cum

1869 1537 2111 1626 primum
2166 1552 2374 1623 accepi.
2421 1553 2499 1608 De
2542 1552 2802 1622 praesenti
2844 1561 3030 1608 autem
3079 1569 3268 1609 rerum
3319 1560 3463 1608 statu

1871 1646 2012 1700 nihil
2064 1645 2196 1699 boni
2249 1659 2474 1714 sperare
2521 1645 2675 1705 licet,
2713 1641 3152 1713 defectionisque
3201 1643 3469 1698 absoluta:

1871 1737 2031 1791 initia
2064 1737 2184 1791 haec
2214 1750 2337 1792 esse
2362 1735 2622 1790 arbitror.
2653 1733 2811 1800 Quod
2832 1734 2982 1789 enim
3011 1734 3091 1800 hi,
3129 1734 3346 1806 1276
3367 1732 3463 1804 qui

1872 1844 1961 1883 res
1986 1843 2084 1897 per
2109 1827 2244 1892 vim,
2291 1834 2355 1880 ut
2393 1824 2710 1896 perhibent,
2765 1825 2969 1895 Ephesi
3017 1833 3200 1896 gestas
3234 1823 3465 1890 deﬂent,

1870 1930 2113 1975 mentem
2152 1934 2266 1973 non
2316 1925 2554 1982 mutant,
2602 1915 2700 1973 sed
2757 1916 2815 1972 in
2857 1916 2927 1972 iis
2970 1922 3299 1986 permanent
3344 1929 3468 1986 qua

151 2009 284 2069 τοῖς
327 2006 668 2077 παρανόμοις
720 2004 851 2076 παρ’
885 2003 1064 2058 αὐτῶν
1120 2002 1489 2074 τολμηθεῖσιν,
1539 2002 1632 2054 καὶ
1666 2003 1765 2054 ἐπ-

1869 2014 2062 2060 contra
2090 2006 2239 2077 leges
2260 2014 2582 2076 patrarunt,
2624 2013 2681 2060 et
2719 2005 3049 2075 injustitiam
3078 2005 3245 2060 simul
3271 2004 3470 2075 impie-

154 2089 474 2169 οικοδομεῖν
505 2097 648 2152 κατὰ
672 2098 870 2151 ταυτὸν
907 2097 1010 2168 τήν
1040 2113 1101 2150 τε
1135 2094 1350 2150 ἀδικίαν
1387 2094 1481 2147 καὶ
1504 2093 1604 2163 τὴν
1637 2092 1766 2164 aut:

157 2190 344 2252 ϐειαν,
377 2192 470 2244 καὶ
505 2191 566 2242 τὸ
609 2190 735 2252 τοὺς
788 2187 983 2252 ἄλλους
1046 2187 1183 2259 μήτε
1231 2182 1646 2255 συμϐουλεύειν,
1681 2184 1768 2238 ἵνα

155 2277 356 2344 αὐτοῖς
399 2279 670 2352 ἐξαρνηθῇ
714 2280 782 2333 τὰ
814 2277 1175 2350 τολμηθέντα,
1213 2280 1350 2349 μήτε
1393 2277 1766 2348 ἐπιμενόντων

159 2366 254 2438 οἷς
293 2373 631 2443 παρανόμως
687 2371 921 2442 ἔδρασαν
976 2371 1199 2440 φεύγειν
1233 2369 1334 2441 τὴν
1368 2369 1678 2434 κοινωνίαν,
1715 2368 1767 2421 τί

159 2466 284 2520 τῶν
319 2465 572 2537 χρηστῶν
619 2465 863 2530 ἐλπίζειν
894 2466 997 2536 ἐᾷς
1040 2466 1102 2517 Εἰ
1137 2465 1234 2534 μὲν
1260 2465 1369 2535 γὰρ
1415 2463 1650 2534 ἐπῄνουν
1698 2461 1768 2515 τὰ

161 2556 520 2627 γεγενημένα
569 2555 643 2618 ὡς
693 2553 753 2609 εὖ
800 2558 895 2610 καὶ
929 2556 1110 2619 καλῶς
1142 2556 1356 2625 ἔχοντα,
1393 2556 1620 2618 εἰκότως
1653 2558 1767 2618 τοῖς

163 2649 326 2720 παρὰ
355 2648 504 2716 σφῶν
529 2648 944 2717 ἐπαινουμένοις
969 2647 1256 2717 ἐπέμενον.
1283 2648 1346 2700 Εἰ
1371 2647 1427 2700 δὲ
1454 2646 1764 2718 θρηνοῦσιν,

161 2741 251 2804 ὡς
278 2739 547 2809 λέγουσιν,
596 2740 689 2792 καὶ
723 2739 937 2810 ἀνάγκῃ
969 2741 1064 2793 καὶ
1092 2738 1182 2811 βίᾳ
1213 2738 1388 2792 ταῦτα
1421 2739 1766 2810 πεπραχέναι

165 2831 329 2900 φασὶ,
365 2830 417 2883 τί
462 2830 666 2901 δήποτε
711 2830 787 2900 μὴ
832 2821 944 2900 (27)
980 2829 1334 2900 ἐξαρνοῦνται
1364 2830 1399 2884 ἃ.
1433 2833 1768 2901 παρανόμως

162 2919 517 2991 δεδράκασιν,
550 2918 687 2972 ἀλλὰ
723 2919 786 2994 τὸ.
809 2917 1006 2988 παρὸν,
1045 2919 1140 2972 καὶ
1167 2920 1375 2989 σφόδρα
1401 2919 1460 2972 ὃν
1486 2919 1767 2991 ὀλιγοχρό-

163 3028 307 3076 νιον,
332 3010 428 3064 τοῦ
460 3011 749 3081 μέλλοντος
781 3005 1219 3080 προτετίμηται;
1253 3011 1320 3063 Τί
1348 3011 1550 3081 δήποτε
1583 3011 1639 3062 δέ
1675 3011 1769 3063 καὶ

167 3103 467 3175 προφανῶς
494 3102 804 3171 ψεύδονται,
847 3102 940 3155 καί
968 3119 1100 3171 φασι
1134 3101 1406 3171 μηδεμίαν
1437 3101 1768 3170 γεγενῆσθαι

167 3196 306 3266 περὶ
346 3195 408 3246 τὸ
434 3193 613 3264 δόγμα
658 3194 1042 3263 καινοτομίαν;
1090 3192 1191 3245 Διὰ
1222 3193 1408 3255 ποίους
1439 3193 1634 3262 φόνους
1677 3194 1770 3247 καὶ

168 3286 430 3356 γοητείας
483 3284 753 3354 ἐξηλάθην
819 3285 964 3353 ἐγὼς
1003 3286 1063 3337 Ὀ
1123 3283 1274 3338 δεῖνά
1322 3301 1472 3349 τινας
1524 3285 1770 3356 μοιχείας

170 3377 511 3447 ἐτόλμησεν;
543 3375 736 3438 Ποίους
785 3376 812 3427 ό
841 3375 989 3428 δεῖνα
1016 3372 1278 3447 διώρυξεν
1311 3374 1548 3444 τάφους;
1598 3375 1766 3445 Δῆλόν
1795 3361 1837 3418 C

169 3445 429 3523 ἐστι-καὶ
471 3471 584 3531 τοῖς
633 3465 950 3538 βαρϐάροις,
991 3467 1065 3529 ὡς
1103 3445 1391 3537 δογμάτων
1425 3467 1587 3538 χάριν
1622 3466 1769 3537 κάμὲ

168 3561 270 3614 καὶ
302 3559 432 3622 τοὺς
462 3558 656 3621 ἄλλους
684 3557 975 3627 ἐξήλασαν.
1020 3558 1129 3611 Καὶ
1180 3559 1292 3629 γὰρ
1327 3557 1418 3610 τὸν
1452 3557 1639 3627 κύριον
1670 3558 1770 3610 Δό-

172 3669 330 3722 μνον,
360 3651 436 3714 ὡς
489 3651 558 3704 τὰ
593 3649 865 3718 κεφάλαια
924 3649 1002 3719 μὴ
1055 3648 1372 3718 δεξάμενον,
1423 3648 1673 3702 καθεῖλον
1719 3651 1769 3702 οἰ

172 3744 465 3815 βέλτιστοι,
496 3741 837 3810 πανεύφημα
868 3738 1047 3794 ταῦτα
1077 3739 1429 3805 καλέσαντες,
1464 3739 1556 3792 καὶ
1595 3740 1769 3810 ἐμμέ-

167 3854 288 3889 νειν
341 3833 553 3896 τούτοις
597 3832 1053 3902 ὁμολογήσαντες.
1123 3829 1263 3898 Ἐγὼ
1294 3830 1403 3900 γὰρ
1447 3831 1627 3883 αὐτῶν
1669 3830 1770 3895 τὰς

170 3925 495 3988 καταθέσεις
524 3923 787 3991 ἀνέγνων·
814 3924 912 3993 ἐμὲ
943 3923 998 3974 δὲ
1022 3922 1097 3985 ὼς
1125 3921 1223 3992 τῆς
1253 3922 1517 3990 αἱρέσεως
1541 3922 1770 3992 ἔξαρχον

169 4015 555 4086 ἁπεκήρυξαν,
590 4015 683 4067 καὶ
705 4015 833 4076 τοὺς
861 4013 1054 4076 ἄλλους
1080 4013 1342 4075 ὡσαύτως
1367 4012 1454 4064 διὰ
1480 4013 1580 4083 τὴν
1602 4014 1769 4083 αὐτὴν

168 4109 353 4162 αἰτίαν
383 4105 658 4172 ἐξέϐαλον.
677 4105 801 4158 ’Ότι
831 4105 940 4176 γὰρ
970 4104 1067 4176 τὴν
1097 4105 1407 4174 πρακτικὴν
1433 4105 1632 4176 ἀρετὴν
1658 4109 1770 4169 τοῖς

182 4200 532 4272 Ἀμαξοϐίοις
566 4197 766 4267 μᾶλλον
789 4197 822 4267 ἢ
853 4199 1034 4259 αὐτοῖς
1060 4196 1470 4265 νομοθετεῖσθαι
1502 4199 1650 4268 παρὰ
1674 4196 1767 4251 τοῦ

169 4296 425 4363 Σωτῆρος
460 4290 753 4349 ὑπέλαϐον,
789 4288 928 4342 αὐτὰ
988 4287 1086 4358 βοᾷ
1134 4287 1204 4340 τὰ
1242 4290 1563 4359 πράγματα.
1611 4291 1769 4342 Κατὰ

167 4387 284 4457 γὰρ
310 4383 663 4440 Κανδιδιανοῦ
691 4383 784 4436 τοῦ
817 4381 1036 4435 Πισίδου
1064 4381 1174 4449 (28)
1200 4381 1478 4442 λιϐέλλους
1505 4381 1768 4437 ἐπέδοσαν

167 4495 337 4541 τινες,
394 4475 639 4547 μοιχείας
689 4472 854 4526 αὑτοῦ
913 4470 1352 4542 κατηγοροῦντες
1395 4472 1618 4538 πολλὰς,
1674 4475 1768 4526 καὶ

167 4571 368 4642 ἐτέρας
402 4567 763 4640 παρανομίας.
798 4565 906 4617 Καί
934 4582 1096 4633 φασιν
1119 4565 1400 4633 εἰρηκέναι
1425 4567 1522 4635 τῆς
1549 4566 1767 4618 συνόδου

165 4664 265 4720 τὸν
303 4660 549 4730 ἔξαρχον·
605 4661 668 4712 Εἰ
727 4656 1013 4726 δογμάτων
1074 4659 1459 4727 κατηγορεῖτε,
1497 4656 1765 4727 δεχόμεθα

166 4753 300 4808 τοὺς
333 4749 627 4811 λιϐέλλους·
660 4748 746 4801 ὀύ
796 4748 906 4817 γὰρ
948 4746 1202 4815 ἤλθομεν.
1225 4745 1490 4814 μοιχείαις
1520 4745 1758 4800 δικάσαι.

166 4845 274 4900 Διά
304 4858 385 4897 τοι
417 4840 575 4894 τοῦτο
612 4839 710 4892 καὶ
741 4838 986 4907 ’Λθήνιον
1015 4838 1108 4890 καὶ
1145 4836 1489 4900 Ἀϐανάσιον,
1529 4837 1633 4889 ὑπὸ
1665 4838 1763 4906 τῆς

168 4934 500 5004 ἀνατολικῆς
538 4931 902 5002 ἐκϐληθέντας
944 4927 1186 4993 συνόδου,
1223 4927 1323 4990 τὰς
1366 4927 1573 4990 οἰκείας
1624 4929 1762 4981 ἁποέ

168 5027 358 5084 λαϐεῖν
392 5023 719 5095 Ἐκκλησίας
745 5020 1057 5074 ἐκέλευσαν·
1082 5018 1156 5082 ὡς
1181 5019 1336 5072 οὐδὲν
1361 5019 1461 5090 μὲν
1491 5020 1620 5090 περὶ
1645 5019 1762 5090 βίου

247 5181 289 5213 ¹¹
324 5181 482 5237 Joan.
522 5195 560 5244 ι,
598 5177 712 5231 1-5.

249 5313 359 5378 (25)
397 5313 606 5369 θεῖοι-ο
639 5311 1043 5366 desiderantur.

247 5379 359 5456 (26)
391 5385 543 5456 Hanc
571 5383 881 5456 epistolam,
925 5399 1060 5456 quze
1080 5383 1135 5435 in
1185 5380 1445 5456 omnibus
1474 5381 1760 5456 codicibus

172 5451 267 5512 est
311 5451 620 5510 centesima
657 5453 918 5506 vicesima
969 5453 1183 5522 quinta,
1242 5451 1572 5522 Sirmondus
1627 5468 1656 5505 a
1702 5468 1759 5506 se

217 5526 599 5580 mtermissam
631 5521 997 5577 collocaverat
1031 5523 1085 5576 in
1113 5521 1416 5590 appendice
1447 5523 1514 5577 ad
1547 5533 1757 5576 tomum

201 5596 244 5649 V
284 5593 524 5663 Operum
572 5592 927 5653 Theodoreti,
971 5609 1023 5661 p.
1061 5592 1162 5646 70°)
1187 5606 1325 5663 seq.;
1351 5607 1514 5660 quam
1542 5607 1608 5646 ex
1641 5594 1763 5662 ejus

173 5662 461 5719 voluntate
495 5664 870 5733 posuissemus
912 5678 1013 5717 suo
1049 5674 1188 5726 loco,
1221 5662 1328 5714 nisi
1355 5669 1632 5733 etomnes
1663 5679 1763 5733 nu-

176 5734 314 5804 meri
352 5731 521 5804 seqq.
585 5732 1154 5804 epistolarum,_quos
1205 5733 1383 5804 solent
1426 5731 1764 5804 incitandis

177 5800 513 5861 Theodoreti
556 5800 811 5875 epistolis
843 5800 1050 5873 sequi,‘
1074 5801 1380 5874 perturbati
1429 5800 1683 5868 fuissent,
1708 5809 1764 5857 et

1868 2107 2151 2170 tatemque
2196 2106 2593 2169 superstruunt
2649 2113 2663 2150 :
2710 2097 2804 2151 alii
2847 2113 2982 2153 vero
3022 2113 3128 2153 nec
3170 2097 3466 2152 consilium

1869 2193 2003 2247 dant
2027 2199 2089 2246 ut
2121 2193 2341 2262 ejurent
2359 2205 2483 2261 qua:
2505 2199 2721 2262 patrata
2759 2198 2908 2255 sunt,
2941 2205 3046 2246 nec
3070 2195 3263 2245 eorum
3287 2189 3384 2260 qui
3409 2189 3466 2244 in

1869 2298 2160 2352 perperam
2209 2283 2380 2352 gestis
2418 2290 2782 2353 perseverant
2822 2281 3274 2338 communionem
3314 2279 3468 2335 devi—

1871 2377 2024 2436 tant?
2054 2375 2188 2445 quid
2227 2374 2360 2429 boni
2397 2390 2624 2444 sperare
2671 2375 2996 2445 permittit?
3043 2373 3260 2428 Etenim
3312 2371 3357 2426 si
3399 2385 3466 2426 ea

1869 2481 1993 2535 qua:
2029 2467 2171 2519 facta
2201 2473 2351 2529 sunt,
2391 2473 2654 2535 tanquam
2705 2465 2847 2520 bene
2873 2481 2937 2520 ac
2984 2474 3134 2520 recte
3167 2471 3320 2534 gesta
3345 2462 3466 2516 lau-

1869 2557 2083 2620 darent,
2107 2559 2234 2626 jure
2273 2557 2328 2611 in
2355 2557 2424 2611 iis
2453 2573 2576 2626 qua:
2612 2556 2717 2627 ipsi
2739 2555 3035 2611 laudarent
3074 2555 3465 2626 persisterent.

1870 2646 1939 2701 At
1975 2646 2020 2700 si
2063 2647 2288 2715 lugent,
2345 2653 2405 2698 ut
2451 2645 2682 2708 dicunt,
2731 2653 2788 2701 et
2823 2642 2876 2698 vi
2925 2657 2990 2698 ac
3024 2640 3359 2697 necessitate
3383 2637 3466 2693 fee-

1871 2739 2014 2795 cisse
2073 2753 2132 2793 se
2191 2738 2369 2801 aiunt,
2429 2752 2531 2792 cur
2587 2751 2695 2789 non
2765 2733 3062 2804 repudiant
3113 2746 3238 2802 qua:
3276 2737 3466 2785 contra

1869 2830 2018 2901 leges
2050 2837 2302 2900 egerunt,
2364 2826 2461 2882 sed
2527 2824 2675 2895 quod
2717 2839 2960 2894 praesens
3027 2831 3150 2886 est,
3211 2818 3468 2892 quamvis

1869 2922 2053 2993 exigui
2111 2921 2184 2975 sit
2240 2919 2528 2989 temporis,
2582 2917 2771 2972 futuro
2812 2916 3112 2971 antelatum
3143 2914 3273 2970 est?
3325 2911 3467 2980 Quid

1870 3024 2060 3070 autem
2088 3009 2253 3068 etiam
2288 3020 2476 3082 aperte
2499 3011 2870 3072 mentiuntur,
2889 3017 2944 3061 et
2972 3007 3179 3067 nullam
3202 3005 3471 3060 doctrinae

1875 3105 2294 3159 innovationem
2323 3103 2522 3158 iactam
2561 3100 2794 3155 dicunt?
2815 3098 3092 3166 Quasnam
3111 3095 3183 3150 ob
3212 3094 3390 3150 caedes
3414 3105 3473 3149 et

1871 3195 2142 3250 maleﬁcia
2169 3195 2434 3264 expulsus
2463 3209 2564 3262 ego
2592 3207 2715 3247 sum
2743 3191 2766 3245 ?
2799 3204 3051 3260 quamam
3079 3187 3171 3243 hic
3195 3187 3470 3242 adulteria

1873 3287 2197 3344 commisit?
2235 3302 2356 3357 quae
2424 3286 2682 3354 sepulcra
2741 3284 2832 3343 ille
2885 3280 3163 3352 perfodit?
3207 3279 3471 3334 Berbaris

1873 3381 2006 3451 ipsis
2029 3388 2380 3450 perspectum
2412 3387 2499 3432 est
2524 3376 2647 3431 illos
2674 3385 2789 3430 tum
2833 3390 2942 3439 me,
2983 3383 3100 3429 tum
3141 3373 3300 3438 alios,
3336 3371 3470 3440 dog-

1871 3482 2081 3526 matum
2144 3485 2311 3525 causa
2367 3468 2617 3540 ejccisse.
2676 3468 2814 3523 Nam
2859 3474 2916 3522 et
2948 3467 2966 3487 ⁶
3013 3462 3301 3520 dominum
3360 3462 3471 3516 Do-

1871 3578 2085 3627 mnum,
2134 3561 2282 3632 quod
2318 3560 2572 3631 Capitula
2626 3575 2738 3614 non
2782 3558 3076 3628 reciperet,
3122 3557 3231 3611 viri
3272 3553 3466 3626 optimi

1871 3653 2273 3722 deposuerunt,
2307 3652 2457 3705 omni
2498 3650 2661 3705 laude
2686 3650 2850 3722 digna
2879 3651 2996 3704 haec
3018 3647 3375 3712 aiiirmantes,
3412 3655 3470 3702 et

1872 3741 1927 3795 in
1955 3742 2043 3796 his
2068 3756 2132 3819 se.
2164 3740 2518 3810 acquiescere
2543 3741 2901 3809 proﬁtentes;
2933 3755 3125 3794 eorum
3157 3739 3304 3793 enim
3340 3754 3470 3809 pro.

1871 3833 2145 3889 fessiones
2176 3847 2279 3902 ego
2313 3831 2456 3902 legi:
2492 3847 2579 3885 me
2613 3845 2748 3885 vero
2774 3831 2928 3886 velut
2955 3832 3230 3885 limrescos
3263 3824 3470 3900 princi-

1871 3938 1996 3992 pem
2032 3922 2388 3986 abdicarunt,
2433 3931 2488 3976 et
2530 3922 2670 3977 alios
2700 3923 2908 3993 pariter
2946 3922 3198 3978 eamdem
3237 3923 3308 3976 ob
3337 3937 3469 3976 cau-

1852 4019 1988 4069 sam
2025 4015 2380 4084 expulerunt.
2418 4014 2669 4068 Activam
2723 4014 2930 4084 quippe
2968 4013 3231 4067 virtutem
3271 4013 3469 4069 Hama-

1871 4106 2055 4160 xobiis
2105 4106 2290 4176 potius
2349 4121 2514 4175 quam
2559 4105 2667 4162 sibi
2715 4121 2746 4160 a
2796 4106 3089 4161 Servatore
3138 4105 3466 4175 imperatam

1873 4197 2023 4269 ipsos
2045 4189 2412 4262 existimasse,
2445 4215 2533 4254 res
2573 4200 2830 4253 clamant.
2869 4197 3148 4253 Adversus
3171 4197 3468 4254 Candidia-

1871 4305 2007 4344 num
2050 4291 2199 4346 enim
2237 4291 2480 4347 Pisidam
2523 4309 2650 4347 cum
2680 4293 2900 4347 libellos
2930 4292 3156 4362 quidam
3187 4293 3468 4361 porrexis-

1871 4391 2016 4448 sent,
2044 4377 2215 4438 multa
2247 4385 2368 4455 ejus
2400 4385 2676 4439 adulteria
2710 4392 2765 4438 et
2788 4384 2892 4438 alia
2929 4384 3138 4439 scelera
3163 4383 3470 4438 criminan-

1873 4482 1972 4540 tes,
2000 4476 2213 4546 1277
2243 4476 2438 4547 synodi
2458 4477 2748 4546 pnesidem
2779 4475 3130 4545 respondisse
3154 4476 3341 4530 ferunt
3371 4475 3464 4532 :Si

1870 4569 2124 4638 dogmata
2167 4569 2428 4640 arguitis,
2463 4569 2680 4624 libellos
2715 4568 3062 4623 admittimus
3111 4585 3122 4621 :
3170 4583 3282 4622 non
3313 4568 3466 4628 enim
3517 4563 3524 4568 ’

1869 4659 2147 4722 venimus,
2170 4670 2230 4714 ut
2251 4660 2319 4714 de
2349 4660 2642 4714 adulteriis
2663 4660 2997 4730 judicemus.
3026 4659 3182 4716 Unde
3204 4667 3261 4714 et
3297 4659 3468 4715 Athe-

1871 4749 2024 4804 nium
2068 4759 2123 4805 et
2157 4751 2542 4815 Athanasium,
2575 4752 2643 4806 ab
2676 4752 2935 4806 orientali
2971 4751 3179 4822 synodo
3207 4761 3470 4808 exaucto-

1871 4850 2040 4903 ratos,
2070 4841 2230 4896 sedes
2249 4859 2376 4897 suas
2411 4843 2660 4912 recipere
2695 4843 3022 4912 jusserunt:
3059 4842 3214 4911 quasi
3250 4843 3318 4897 de
3346 4833 3465 4898 ~vita

1871 4929 2133 4986 Servator
2170 4942 2363 4987 noster
2404 4934 2579 5004 legem
2628 4934 2839 4988 nullam
2893 4934 3172 4998 statuerit,
3213 4934 3307 4988 sed
3332 4934 3467 5004 dog-

1870 5032 2016 5078 mata
2055 5024 2171 5080 sola
2217 5040 2441 5079 servare
2481 5025 2828 5097 praeceperit,
2878 5041 3000 5095 quae
3049 5025 3298 5080 omnium
3348 5040 3478 5079 ma-

1866 5314 2171 5370 Garnerius
2195 5314 2310 5385 ipse
2343 5316 2397 5370 in
2423 5317 2693 5378 auctario,
2726 5315 2822 5370 ubi
2853 5323 3255 5369 commentatur
3282 5313 3337 5367 in
3362 5312 3465 5368 bas

1867 5385 2151 5453 epistolas,
2179 5395 2380 5440 nostra:
2415 5403 2540 5440 eum
2582 5386 2826 5441 dedisset
2865 5387 3046 5440 locum
3074 5401 3138 5438 ac
3165 5399 3462 5438 numerum

1868 5471 2030 5522 quem
2057 5472 2158 5509 nos
2177 5457 2277 5525 ipsi
2301 5457 2576 5518 dedimus.
2609 5457 2706 5511 Est
2730 5465 2914 5511 autem
2936 5456 3051 5509 hmo
3086 5455 3317 5525 epistola
3344 5454 3459 5507 col-

1866 5526 1976 5578 lata
2015 5540 2140 5578 cum
2199 5524 2389 5580 codice
2448 5527 2884 5590 Vindobonensi,
2933 5526 3090 5596 cujus
3138 5524 3459 5595 discrepan-

1867 5596 2245 5668 teslcctiones
2282 5597 2516 5668 margini
2549 5597 2925 5668 ascripsimus.

1945 5665 2054 5806 E27)
2080 5668 2162 5719 ἐκ.
2192 5665 2425 5720 Vindob.

1968 5736 2058 5804 28)
2101 5737 2360 5790 Πισιδίου.
2405 5737 2425 5778 Ἰ

1968 5736 2058 5804 28)
2101 5737 2360 5790 Πισιδίου.
2405 5735 2571 5791 Vind.
