4086 6326
165 393 322 460 1413

1580 379 1948 441 EPISTULA
1981 381 2092 442 CL.

3340 374 3481 440 1415

157 508 361 563 PMG’.
394 537 466 548 -—
502 495 1261 574 ’Artt‘wagoor_é:zto'_ro.1ﬁc
1294 494 1625 574 γραφείσης
1661 509 1765 574 παι

1882 491 2100 574 1280
2134 489 2368 573 GKHX;
2409 523 2481 531 —
2521 492 2841 574 Enetum-um
2898 490 3138 574 epistola;
3184 492 3396 572 seripula
3445 507 3478 544 α

197 577 326 646 ’ρὰ
365 576 644 631 Ἰωάννου
673 564 1032 630 ’ἓπῖσκόπου
1071 564 1427 636 Ἀντιοχείας
1473 564 1625 632 πρὸς
1662 564 1770 616 1V8-

243 648 518 714 ι’τόριον.

243 757 340 828 Τῷ
370 757 606 827 δεσπότῃ
641 773 740 825 μου
771 751 1174 821 θεοφιλεστὰτῳ
1230 746 1325 801 καὶ
1348 744 1630 814 όσιωτάτῳ
1656 745 1775 796 ἐπι-

162 847 367 920 σκόπῳ
393 848 693 918 Νεστορίῳ,
740 845 997 915 Ἰωάννης
1026 846 1084 897 ἐν
1118 840 1310 911 Κυρίῳ
1330 839 1562 910 χαίρειν.

247 940 358 992 Τὸν
400 937 641 1008 ἐμαυτοῦ
691 935 891 990 σκοπὸν
951 935 1078 1004 περὶ
1136 932 1235 1002 τὴν
1286 930 1384 1000 σὴν
1436 926 1770 991 θεοσέϐειαν,

163 1046 226 1081 κ.
267 1045 318 1083 τ.
353 1048 398 1082 Α.

2032 560 2243 616 Joanne
2269 563 2513 632 episeopo
2550 560 2873 616 Antiocheno
2899 560 2969 616 a'd
3008 561 3337 616 Nestorium.

1953 743 2188 799 Domino
2224 759 2346 799 meo
2378 743 2663 814 piissimo.
2715 742 3175 811 sanctissimeque
3216 739 3483 810 cpisc0po

1883 836 2161 899 Nestorio,
2190 836 2432 890 Joannes
2464 836 2518 889 in
2551 835 2785 890 Domino
2809 835 3064 888 salutem.

1954 927 2126 981 Meam
2158 926 2227 980 dc
2265 928 2594 997 tuapictatc
2627 925 2980 988 sententiam,
3015 933 3126 978 etc.

391 1145 585 1199 Exstat
609 1146 748 1197 inter
773 1143 1025 1214 epistolas
1067 1141 1292 1195 Joannis
1323 1102 1658 1198 Amice/teni,
1697 1135 1912 1204 hujusce
1944 1133 2269 1204 Putrologiw
2315 1134 2511 1190 Graeca:
2557 1142 2684 1186 tom.
2716 1131 2974 1195 LXXVII,
3004 1134 3104 1186 col.
3139 1132 3300 1186 1449.

158 1258 308 1314 PN'.
339 1288 410 1298 —
449 1256 776 1322 Ἐπιστολὴ
807 1254 1171 1322 Θεοδωρίτου
1205 1252 1546 1307 ἐπισκόπου
1565 1248 1769 1322 ζςῇρυυ

160 1330 327 1399 πρὸς
362 1327 653 1394 Ἰωάννην
681 1317 1037 1394 ’Λάτιοχείίὶς
1070 1324 1411 1376 ἐπίσκοπον
1440 1317 1678 1391 (55-53).

249 1442 386 1497 Δίαν
409 1443 622 1513 ἤλγησα
643 1443 754 1503 τοῖς
771 1438 1237 1508 ἁναθεματισμοῖς
1255 1433 1512 1505 ἐντυχὼν,
1545 1432 1638 1495 οὓς
1656 1430 1769 1501 (56)

159 1534 501 1596 ἀπέστειλας
549 1533 853 1604 ἀνατρέψαι
899 1531 1125 1594 τούτους
1162 1529 1455 1599 ἐγγράφως
1484 1528 1628 1596 ἡμῖν
1656 1524 1767 1593 (57)

164 1626 457 1689 κελεύσας,
492 1626 586 1679 καὶ
615 1624 713 1696 τὴν
756 1622 1042 1694 αἱρετικὴν
1081 1621 1264 1674 αὐτῶν
1314 1621 1523 1673 ἔννοιαν
1555 1615 1769 1686 γυμνὴν

163 1716 348 1768 ἅπασι
402 1718 765 1785 καταστῆσαι.
794 1713 1050 1784 Ἥλγησα
1090 1712 1148 1766 δὲ
1185 1711 1296 1783 (58)
1330 1712 1410 1764 ὅτι
1451 1708 1591 1780 ἀνὴρ
1646 1725 1764 1760 ποι-

1887 1245 2358 1317 1281-1288
2382 1237 2488 1300 CL.
2520 1277 2589 1286 ——
2611 1244 2920 1299 Theodoreti
2952 1245 3183 1316 episcopi
3210 1242 3338 1315 Cyri
3370 1243 3484 1315 ερί-

2025 1317 2163 1369 stola
2191 1318 2261 1370 ad
2289 1317 2553 1370 Joannem
2593 1317 2979 1370 Antiochenam
3009 1317 3330 1385 episcopum.

1951 1427 2120 1481 Valde
2150 1427 2325 1493 dolui,
2363 1442 2489 1482 cum
2517 1427 3015 1482 anathematismos
3050 1427 3480 1497 legissem,quos

1879 1519 2157 1584 direxisti,
2193 1519 2356 1574 nobis
2377 1519 2732 1589 praecipiens,
2781 1530 2842 1572 ut
2867 1533 2964 1573 eos
2986 1521 3195 1589 scripto
3224 1518 3482 1574 destrue-

1878 1627 2085 1677 remus,
2141 1623 2198 1666 et
2252 1621 2313 1667 ut
2357 1612 2686 1667 liwrctioum
2741 1627 2936 1667 eorum
2989 1626 3214 1666 sensum
3266 1611 3478 1666 nudum

1875 1704 2136 1758 omnibus
2163 1704 2234 1758 ob
2264 1704 2456 1759 oculos
2490 1718 2851 1779 poneremus.
2879 1702 3039 1757 Dolui
3081 1711 3289 1766 autem,
3327 1701 3477 1771 quod

169 1805 388 1874 μαίνειν
414 1804 593 1875 λαχὼν
622 1805 718 1859 καὶ
747 1805 984 1875 ποίμνην
1005 1804 1279 1872 τοσαύτην
1307 1799 1763 1870 πεπιστευμένος,

1874 1798 1959 1852 vir
1983 1797 2243 1866 pascendi
2285 1797 2520 1851 sortitus
2543 1796 2805 1861 cilicium,
2857 1805 2912 1851 et
2947 1796 3036 1850 cui
3074 1811 3205 1866 grex
3254 1794 3479 1865 1289

167 1896 271 1950 καὶ
303 1897 628 1968 θεραπεύειν
663 1896 734 1950 τὰ
757 1896 958 1965 ἀσθενῆ
990 1895 1099 1947 τῶν
1136 1895 1428 1965 προϐάτων
1464 1909 1764 1964 προστεταο

161 1988 397 2058 γμένος,
429 1992 576 2042 νοσεῖ
605 1989 704 2058 μὲν
734 1988 930 2061 αὐτὸςδ
951 1988 1046 2039 καὶ
1073 1987 1192 2040 λίαν
1226 1985 1494 2054 σφοδρῶς,
1519 1985 1766 2051 ἀναπιμ-

157 2079 317 2150 πλᾷν
356 2097 411 2132 τε
445 2081 703 2151 πειρᾶται
734 2079 833 2147 τῆς
867 2078 1026 2130 νόσου
1069 2079 1162 2130 καὶ
1213 2077 1282 2130 τὰ
1315 2077 1631 2145 θρέμματα,
1673 2076 1766 2126 καὶ

154 2171 288 2226 τῶν
330 2171 538 2242 ἀγρίων
593 2171 800 2243 θηρίων
848 2168 1212 2241 χαλεπώτερα
1247 2168 1315 2220 τὰ
1363 2166 1766 2237 ποιμαινόμενα

157 2263 521 2334 καθίστησιν.
568 2264 632 2317 ΟΞ
675 2264 774 2335 μὲν
831 2265 940 2331 γὰρ
993 2264 1064 2316 τὰ
1109 2261 1508 2331 διεσπαρμένα,
1539 2262 1632 2313 καὶ
1668 2260 1766 2328 τῆς

160 2357 413 2427 ποίμνης
441 2356 828 2428 κεχωρισμένα
855 2355 1157 2409 διασπῶσιν
1187 2353 1546 2425 ἁρπάζοντες
1572 2354 1599 2406 ό
1625 2352 1679 2404 δὲ
1709 2354 1766 2406 ἐν

161 2447 331 2518 μέσῳ
363 2447 564 2518 ταύτης
597 2447 908 2521 τυγχάνων.
944 2446 1042 2500 καὶ
1079 2447 1259 2516 σωτὴρ
1293 2441 1434 2498 εἶναι
1466 2447 1561 2499 καὶ
1591 2443 1768 2514 φύλαξ

156 2538 585 2608 νενομισμένος,
613 2536 882 2609 λαθραίαν
907 2538 1006 2608 τὴν
1037 2537 1248 2606 πλάνην
1276 2540 1388 2600 τοῖς
1421 2536 1767 2606 πειθομένοις

155 2629 366 2696 ἐνίησι.
403 2629 475 2681 Τὸ
506 2628 606 2698 μὲν
627 2629 736 2699 γὰρ
762 2626 1060 2698 προφανῶς
1105 2625 1392 2696 πολεμοῦν,
1426 2626 1651 2679 δυνατὸν
1673 2627 1768 2678 καὶ

157 2719 533 2789 φυλάξασθαι·
567 2721 628 2772 τὸ
656 2719 714 2772 δὲ
749 2721 807 2772 ὲν
845 2721 1086 2789 σχήματι
1123 2717 1307 2786 φιλίας
1339 2718 1440 2790 τὴν
1469 2717 1765 2784 ἐπιϐουλὴν

158 2811 503 2881 προσφέρον,
557 2809 867 2880 ἀφύλακτον
913 2807 1162 2879 εὑρίσκει
1207 2809 1299 2862 τὸν
1334 2807 1764 2879 πολεμούμενον,

161 2901 270 2954 καὶ
311 2901 424 2969 (59)
473 2899 661 2972 ῥᾳδίαν
693 2899 843 2969 αὐτῷ
873 2899 973 2970 τὴν
1002 2899 1210 2970 βλάϐην
1242 2899 1505 2970 ἐντίθησι·
1555 2899 1636 2951 διὸ
1673 2899 1767 2954 καὶ

160 2993 282 3044 τῶν
304 2990 503 3058 ἔξωθεν
531 2992 917 3062 πολεμούντων
937 2995 988 3045 οἱ
1021 2991 1234 3046 ἔνδοθεν
1272 2992 1399 3045 πολε
1409 2991 1638 3061 μοῦντές
1659 2993 1766 3044 εἰει

160 3083 453 3156 χαλεπιῦτε
464 3100 542 3155 ροι
553 3123 566 3136 .

245 3174 404 3228 Τουτί
432 3191 500 3246 με
531 3174 792 3247 μειζόνως
817 3175 1030 3246 ἠνίασε,
1054 3176 1116 3229 τὸ
1147 3177 1204 3229 ἐν
1230 3175 1512 3238 εὐσεϐείας
1541 3174 1766 3245 ὀνόματί

159 3284 229 3322 τε
259 3270 352 3322 καὶ
385 3269 648 3340 σχήματι,
694 3271 788 3324 καὶ
837 3273 894 3322 ὲν
945 3270 1202 3340 ποιμένος
1235 3268 1509 3338 ἀξιώματι
1559 3269 1766 3339 τυγχά-

161 3377 333 3413 νοντα
383 3360 479 3424 τὰς
521 3361 802 3434 αἱρετικὰς
834 3361 930 3414 καὶ
963 3360 1320 3430 βλασφήμους
1367 3359 1531 3430 page:
1560 3361 1762 3428 φωνάς·

164 3452 270 3505 καὶ
319 3451 419 3521 τὴν
463 3453 629 3506 πάλαι
679 3451 1001 3506 σϐεσθείσαν
1050 3451 1430 3523 Ἀπολιναρίου
1484 3452 1767 3522 φλήναφον

163 3541 309 3612 ὁμοῦ
355 3544 448 3595 καὶ
478 3542 714 3614 δυσσεϐῆ
743 3544 1096 3597 διδασκαλίαν
1141 3542 1576 3598 ἀνανεώσασθαι.
1624 3545 1768 3615 Πρός

159 3651 232 3686 τε
259 3636 469 3698 τούτοις
509 3635 570 3688 τὸ
600 3635 676 3706 μὴ
709 3636 868 3706 μόνον
889 3635 1061 3688 ταῦτα
1097 3633 1454 3707 πρεσϐεῦσαι,
1489 3635 1628 3689 ἀλλὰ
1668 3638 1765 3690 καὶ

162 3725 298 3787 τοὺς
340 3725 414 3796 μὴ
450 3725 813 3794 πειθομένους
865 3724 1013 3796 αὐτῷ
1061 3723 1518 3797 συμὸλασφημεῖν
1568 3727 1765 3778 ἀναθε-

168 3815 399 3885 ματίσαι
449 3814 740 3884 τολμῆσαι·
801 3815 960 3886 εἰπερ
1012 3813 1230 3885 ἀληθῶς
1271 3814 1439 3867 αὐτοῦ
1478 3815 1652 3868 ταῦτα
1696 3815 1766 3869 τὰ

164 3908 508 3977 γεννήματα,
547 3906 642 3960 καὶ
672 3907 732 3959 οὐ
759 3904 869 3959 τῶν
899 3905 1108 3978 ἐχθρῶν
1131 3922 1216 3968 τις
1247 3907 1343 3976 τῆς
1377 3905 1654 3976 ἀληθείας,
1689 3907 1765 3972 ὡς

162 3997 231 4062 ἐξ
251 3998 462 4050 ἐκείνου
494 3996 667 4049 ταῦτα
700 3994 1061 4057 συντεθεικὼς
1088 3994 1314 4066 ἔρριψεν
1337 3999 1395 4047 ὲν
1423 3997 1596 4068 μέσῳ,
1623 4000 1765 4052 κατὰ

160 4087 232 4142 τδ
272 4087 640 4160 μυθευόμενον
696 4088 874 4140 ἐκεῖνο
929 4087 1100 4160 μῆλον
1133 4088 1230 4160 τῆς
1271 4087 1467 4158 ἔριδος,
1504 4092 1585 4154 εἰς
1631 4089 1765 4162 ὕψος

163 4179 286 4249 ὲγεί
295 4197 404 4251 ρων
423 4179 522 4250 τὴν
549 4179 746 4250 φλόγα.

253 4271 397 4342 Ἐγὼ
447 4273 650 4337 τοίνυν,
699 4273 797 4325 εἴτ’
834 4274 1062 4339 ἐκεῖνος,
1100 4271 1199 4326 εἴτ’
1235 4273 1393 4338 ἄλλος
1443 4291 1547 4338 τις,
1595 4276 1672 4338 ὡς
1705 4275 1765 4340 ἐξ

161 4361 382 4416 ἐκείνου
438 4352 609 4415 ταῦτα
661 4362 995 4428 συντέθεικε,
1030 4361 1108 4432 τῷ
1163 4364 1304 4431 φωτὶ
1345 4363 1439 4417 τοῦ
1494 4365 1762 4434 παναγίου

1871 1898 2056 1945 tantus
2080 1900 2166 1945 est
2198 1890 2466 1955 creditus,
2504 1896 2561 1944 et
2594 1905 2728 1944 oves
2769 1889 3018 1944 inﬁrmas
3069 1902 3269 1943 curare
3326 1903 3475 1958 prae.

1869 1990 2112 2051 ceptum,
2155 1998 2266 2036 non
2316 1982 2496 2036 solum
2551 1982 2776 2052 languet
2799 1982 2938 2050 ipse,
2974 1990 3031 2035 et
3054 1981 3278 2050 quidem
3307 1978 3476 2033 vehe-

1869 2084 2106 2138 menter,
2144 2073 2241 2127 scd
2269 2072 2466 2126 nititur
2489 2073 2658 2126 etiam
2689 2087 2823 2126 oves
2849 2072 3186 2143 aegritudine
3213 2070 3472 2141 implere,

1867 2177 1922 2222 et
1956 2166 2090 2222 feris
2111 2166 2303 2221 bestiis
2328 2169 2528 2222 saevius
2556 2183 2620 2222 ea
2667 2183 2790 2238 qua:
2813 2164 3234 2236 suntpascenda
3262 2165 3476 2220 discer-

1868 2261 1967 2329 pit.
2009 2259 2090 2313 llli
2124 2275 2363 2330 namque
2388 2275 2451 2315 ea
2477 2275 2601 2330 quae
2651 2267 2782 2315 sunt
2826 2259 3098 2329 dispersa,
3136 2266 3192 2312 ct
3225 2272 3256 2312 a
3304 2273 3474 2328 grege

1867 2351 2065 2414 divisa,
2121 2352 2401 2420 rapientes
2447 2352 2790 2406 dilacerant:
2826 2350 2918 2405 hic
2961 2356 3147 2404 autem
3192 2349 3250 2402 in
3285 2348 3473 2402 medio

1867 2446 2050 2514 gregis
2092 2444 2385 2510 exsistens,
2435 2452 2493 2498 et
2536 2444 2780 2499 salvator
2817 2449 3112 2513 reputatus
3163 2448 3222 2496 et
3256 2449 3469 2507 custos,

1868 2535 2132 2589 latentem
2157 2551 2406 2590 errorem
2442 2535 2498 2589 in
2520 2551 2638 2600 eos,
2665 2536 2762 2605 qui
2794 2535 2870 2589 illi
2895 2543 3110 2605 parent,
3139 2533 3468 2590 introducit.

1866 2624 2023 2690 Quod
2050 2627 2201 2679 enim
2233 2636 2423 2695 aperte
2468 2635 2772 2697 oppugnat,
2826 2627 3114 2682 observari
3151 2625 3312 2680 facile
3344 2635 3468 2684 est:

1866 2715 2013 2784 quod
2046 2732 2177 2771 vero
2212 2717 2316 2772 sub
2340 2717 2602 2772 amicitia:
2623 2718 2808 2790 specie
2836 2717 3072 2773 insidias
3105 2724 3284 2788 parat,
3316 2716 3476 2771 inve-

1867 2806 1950 2860 nit
1973 2821 2101 2862 eum
2135 2816 2330 2861 contra
2368 2823 2534 2877 quem
2577 2816 2806 2879 pugnat,
2853 2808 3163 2874 incautum,
3195 2809 3360 2877 eique
3386 2807 3468 2862 fa-

1866 2896 1971 2951 cile
2000 2896 2168 2951 int‘ert
2203 2897 2484 2952 laesioncm
2520 2915 2534 2951 :
2563 2899 2710 2953 unde
2736 2899 2804 2954 iis
2858 2899 2955 2969 qui
3003 2898 3253 2955 exterius
3295 2914 3472 2971 oppu-

1867 2997 2058 3058 gnant,
2088 2989 2324 3044 interius
2349 2999 2664 3062 pugnantes
2689 2999 2822 3046 sunt
2851 2992 3136 3046 saeviores.

1941 3169 2057 3228 lloc
2081 3187 2167 3225 me
2197 3174 2373 3228 multo
2409 3175 2586 3246 magis
2617 3175 2933 3241 contristat,
2975 3175 3124 3247 quod
3162 3176 3268 3232 sub
3298 3176 3475 3246 pieta-

1872 3261 1942 3314 tis
1983 3263 2207 3316 nomine
2252 3273 2420 3333 atque
2467 3265 2663 3335 figura,
2719 3276 2776 3321 et
2822 3268 2876 3321 in
2913 3267 3153 3338 pastoris
3201 3267 3474 3340 dignitate

1869 3355 2204 3419 consistens,
2227 3355 2283 3410 in
2310 3356 2604 3413 liaarcticas
2625 3368 2683 3414 et
2710 3359 3068 3430 blasphemas
3088 3377 3256 3417 voces
3274 3377 3470 3416 erum-

1869 3449 1974 3517 pit,
2006 3456 2062 3503 et
2086 3448 2298 3504 dudum
2331 3453 2665 3508 exstinctam
2705 3453 3014 3523 Apolinarii
3047 3454 3267 3509 inanem
3303 3454 3472 3508 simul

1871 3541 2216 3612 impiumque
2263 3543 2574 3599 doctrinam
2609 3553 2857 3600 revocat.
2900 3543 3079 3616 Super
3117 3545 3235 3601 haec
3261 3553 3471 3611 autem,

1869 3649 1980 3688 non
2031 3635 2210 3688 solum
2248 3635 2380 3690 talia
2413 3637 2646 3701 sentire,
2693 3635 2791 3691 sed
2839 3645 2896 3692 et
2940 3638 3056 3692 suis
3106 3637 3474 3707 blasphemiis

1869 3741 1980 3778 non
2025 3725 2443 3781 consentientes
2489 3728 2963 3784 anathematizare
3013 3729 3471 3799 praesumpserit;

1870 3818 1917 3872 si
1959 3826 2145 3873 tamen
2187 3817 2364 3887 ipsius
2403 3818 2509 3872 ista
2559 3827 2691 3872 sunt
2724 3820 2999 3890 germina,
3037 3829 3094 3875 et
3132 3837 3245 3875 non
3283 3821 3472 3875 inimi-

1869 3926 2063 3964 corum
2124 3909 2402 3980 quispiam
2463 3909 2744 3975 veritatis,
2800 3921 3065 3981 tauquam
3108 3913 3322 3967 exilio
3357 3912 3475 3968 haec

1869 4019 2234 4074 componens,
2280 4003 2519 4072 projecit
2564 4002 2621 4056 in
2677 4001 2947 4066 medium,
2983 4004 3289 4058 secundum
3337 4004 3475 4060 illud

1869 4097 2020 4166 quod
2052 4104 2138 4150 est
2191 4095 2246 4149 in
2285 4093 2498 4159 fabula,
2542 4094 3140 4164 pomum.discordite,
3191 4096 3247 4151 in
3294 4097 3470 4152 altum

1867 4187 2146 4242 flammam
2191 4187 2463 4242 exaltans.

1939 4279 2056 4349 Ego
2082 4279 2344 4349 proinde,
2381 4279 2498 4334 sive
2527 4277 2596 4344 is,
2642 4279 2760 4335 sive
2792 4279 2936 4335 alius
2964 4280 3269 4351 quispiam,
3315 4282 3472 4337 velut

1869 4387 1938 4426 ex
1974 4371 2128 4427 illius
2163 4387 2426 4441 persona,
2478 4371 2597 4427 haec
2631 4367 3036 4442 composuerit,
3069 4373 3279 4428 auxilio
3325 4375 3470 4431 lucis

165 4454 491 4526 Πνεὺματος
523 4453 772 4526 συνὲργῳ
797 4453 938 4524 πρὸς
970 4453 1069 4524 τὴν
1103 4447 1332 4537 ἔρευναν
1357 4459 1458 4528 τῆς
1483 4458 1764 4529 αἱρετικῆς

1874 4463 2210 4518 sanctissimi
2269 4463 2518 4534 Spiritus
2589 4464 2658 4519 ad
2710 4464 3132 4535 inquisitionem
3180 4481 3363 4537 pravas
3414 4478 3472 4523 et

163 4546 495 4611 κακοδοξίας
536 4548 909 4616 χρησάμενοτῆ
944 4545 1088 4600 κατᾶ
1129 4547 1191 4600 τὸ
1211 4535 1423 4620 ’μέτρον
1452 4551 1554 4619 τῆς
1591 4550 1767 4604 δοθεί-

166 4654 274 4707 σης
315 4654 405 4707 μοι
443 4637 727 4706 δυνάμεως
771 4635 1033 4708 διήλεγξα
1077 4637 1274 4704 ταῦτα,
1308 4639 1384 4703 ὡς
1411 4634 1520 4694 οἷόν
1571 4659 1630 4694 τε
1675 4638 1742 4711 ἦν

164 4730 268 4796 καὶ
311 4731 409 4794 τὰς
448 4727 816 4798 εὐαγγελικὰς
848 4730 944 4782 καὶ
976 4729 1344 4818 ἁποστολιξιὰς
1375 4733 1654 4805 ἀντέθηκα
1684 4734 1766 4787 δι-

162 4824 490 4888 δασκαλίας·
548 4825 642 4877 καὶ
678 4823 740 4876 τὸ
784 4822 1075 4877 ἀλλόκοτον
1119 4824 1215 4878 τοῦ
1251 4826 1522 4898 δόγματος
1565 4826 1764 4894 ἔδειξαο

167 4915 264 4968 καὶ
283 4914 414 4980 ὅσην
450 4913 564 4982 ἔχει
597 4912 897 4982 διαφωνίαν
938 4911 1074 4982 πρὸς
1111 4913 1178 4966 τὰ
1219 4914 1340 4967 θεῖα
1376 4916 1622 4987 δόγματα
1668 4937 1761 4972 πε-

167 5005 373 5076 ποίηκα
424 5005 678 5076 φανερόν·
720 5003 1098 5076 παρεξετάσας
1146 5006 1287 5060 αὐτὰ
1329 5010 1442 5072 τοῖς
1481 5008 1577 5064 τοῦ
1615 5010 1759 5064 θείου

167 5094 490 5166 Πνεύματος
534 5095 736 5164 λόγοις,
768 5098 862 5148 καὶ
892 5094 1111 5162 διδάξας
1133 5097 1282 5161 ὅπως
1307 5099 1635 5171 ἀσύμφωνα,
1667 5106 1762 5155 καὶ

164 5186 280 5238 τῶν
303 5185 462 5238 θείων
493 5185 775 5256 ἀλλότρια.

242 5277 388 5347 Πρὸς
419 5278 477 5332 δὲ
506 5278 607 5350 τὴν
637 5278 734 5331 τοῦ
778 5278 1230 5350 ἀναθεματισμοῦ
1264 5282 1470 5352 τόλμαν
1506 5285 1762 5341 τοσοῦτον

168 5367 306 5437 δρῶ,
345 5370 427 5422 ὅτι
462 5370 698 5434 Παῦλος,
744 5371 773 5423 ό
827 5371 1350 5441 μεγαλοφωνότατος
1383 5377 1482 5445 τῆς
1508 5375 1765 5448 ἀληθείας

168 5459 370 5532 κῆρυξ,
396 5461 524 5522 τοὺς
547 5449 1036 5534 παραφθείραντας
1060 5465 1128 5517 τὰ
1151 5465 1484 5534 εὐαγγελικὰ
1513 5470 1608 5521 καὶ
1632 5471 1767 5523 ἀπο-

171 5538 398 5606 οτολιιιὰ
427 5553 737 5624 διδάγματα
769 5555 1156 5627 ἀνεθεμάτισε,
1218 5540 1313 5611 καὶ
1365 5559 1476 5612 τῶν
1517 5561 1767 5629 ἀγγέλων

243 5689 452 5761 (35—35)
483 5689 637 5746 Hanc
651 5692 987 5748 contulimus
1011 5707 1136 5747 cum
1165 5691 1299 5747 edit.
1324 5692 1602 5752 Mansiana
1631 5695 1762 5753 Col—

172 5765 214 5820 le
228 5762 583 5849 etznamplis‘s.
608 5762 819 5818 Ccncil.
851 5771 983 5817 tom.
1013 5763 1077 5829 V,
1100 5778 1154 5833 p.
1185 5764 1273 5818 85.

242 5832 353 5906 (56)
385 5832 468 5897 οἷς
498 5832 683 5900 ϐαι-η.⁴

1869 4555 2145 4610 haeretica:
2174 4555 2486 4626 opinionis
2541 4572 2698 4620 usus,
2754 4573 2856 4627 pro
2891 4556 3060 4613 modo
3095 4557 3311 4628 1290
3338 4575 3471 4614 cono

1869 4662 2039 4701 cessas
2061 4647 2198 4700 mihi
2216 4647 2520 4714 facultatis,
2553 4648 2736 4719 quoad
2765 4647 2883 4705 fieri
2910 4649 3185 4720 potuit,ea
3208 4649 3466 4717 refutavi,

1869 4739 2267 4810 doctrinasque
2300 4741 2655 4812 evangelicas
2688 4750 2745 4796 et
2778 4742 3114 4811 apostolicas
3146 4741 3169 4766 *
3204 4743 3465 4814 opposui,

1869 4844 1935 4882 ac
1974 4829 2250 4899 dogmatis
2277 4828 2681 4885 absurditatem
2703 4831 2962 4901 patefeci,
2986 4841 3044 4886 et
3063 4841 3331 4902 quantum
3356 4833 3469 4889 dis-

1868 4933 2060 4990 crepet
2095 4937 2124 4975 a
2163 4921 2372 4976 divinis
2419 4921 2811 4992 dogmatibus,
2854 4923 3079 4994 planum
3117 4924 3246 4990 feci,
3293 4939 3357 4979 ea
3396 4925 3466 4980 ad

1868 5013 2046 5067 sancti
2104 5012 2355 5083 Spiritus
2416 5013 2641 5083 eloquia
2693 5014 3080 5084 perpendens.
3149 5015 3469 5087 decensque

1868 5104 2112 5173 qualiter
2139 5120 2168 5158 a
2197 5104 2404 5160 divinis
2434 5105 2617 5160 aliena
2647 5106 2760 5160 sint
2793 5113 2849 5160 et
2878 5104 3260 5161 dissentanea.

1939 5288 2220 5342 Adversus
2281 5295 2469 5344 autem
2523 5287 2815 5343 audaciam
2869 5288 3316 5343 anathematismi
3365 5288 3473 5346 hoc

1865 5378 2136 5442 dixerim,
2194 5395 2398 5450 nempe
2456 5380 2734 5444 Paulum,
2801 5379 3176 5435 clarissimum
3215 5381 3471 5438 veritatis

1866 5486 2212 5542 praeconem,
2245 5472 2369 5526 illos
2395 5472 2914 5545 anathematizasse,
2943 5472 3038 5542 qui
3069 5471 3383 5544 evangelica
3413 5481 3470 5526 et

1867 5564 2171 5636 apostolica
2215 5565 2553 5620 documenta
2606 5574 2975 5636 corruperant
3012 5583 3026 5618 :
3069 5565 3238 5637 idque
3268 5578 3469 5622 ausum

1946 5695 2059 5768 (57)
2085 5700 2215 5768 ἡμῖν
2248 5697 2401 5753 addit
2429 5699 2499 5753 Μ.

1946 5769 2058 5834 (58)
2090 5767 2149 5821 τε
2177 5767 2343 5824 Gam.

1946 5769 2037 5834 (58
2090 5785 2149 5821 τε
2177 5769 2343 5824 Gam.

1945 5769 2058 5912 (5t);
2085 5840 2178 5894 καί
2217 5839 2409 5896 aberat
2439 5855 2470 5894 a
2506 5837 2674 5897 Garn.
