4086 6326
103 348 279 418 Hi7

1535 353 1901 419 EPISTOLA
1938 351 2082 411 CLI.

3294 347 3433 416 H18

99 462 225 515 ὑπ’
252 459 513 531 ἀλλήλων
544 461 691 531 ἡμᾶς
725 461 959 533 δρῶντες
1005 462 1455 533 δαπανωμένους
1487 463 1652 517 αἴτιοι
1677 462 1727 515 δὲ

1839 465 2118 521 auctores,
2164 456 2261 525 qui
2308 436 2669 527 apbstolicam
2700 454 2863 511 fidem
2909 469 3272 527 corrumpere
3313 469 3437 516 ten-

96 552 350 608 τούτων
368 552 419 606 oi
437 552 537 624 τὴν
563 554 927 626 ἀποστολικὴν
951 555 1260 629 διαφθεῖραι
1289 558 1474 611 πίστιν
1504 555 1736 623 φιλονει-

100 646 418 714 κήσαντες
451 645 547 697 καὶ
580 648 695 708 τοῖς
727 646 1103 714 εὐαγγελικοίς
1132 647 1399 717 δόγμασιν
1446 647 1735 701 ἀλλόκοτον

103 740 499 795 διδασκαλίαν
528 737 796 793 ἑπιθεῖναι
834 737 1227 809 τολμήσαντεςο
1256 738 1352 791 καὶ
1389 736 1457 791 τὰ
1497 736 1732 809 δυσσεϐῆ

105 832 444 901 κεφάλαια,
481 832 519 886 ἃ
555 829 693 901 μετά
721 827 1187 899 ἀναθεματισμῶν
1234 830 1317 892 είς
1344 829 1443 900 τὴν
1484 828 1735 899 βασιλίδα

108 922 297 976 πόλιν
333 919 676 992 ἐξέπεμψαν,
708 919 1132 992 δεξάμενοι,καὶ
1165 920 1289 981 ταῖς
1326 920 1557 983 οἰκείαις
1597 918 1731 987 ὑπο-ε

107 1016 405 1084 γραφαῖς,
445 1012 522 1076 ὡς
559 1011 843 1083 ᾠήθησαν,
900 1009 1321 1081 βεϐαιώσαντες,
1352 1010 1390 1065 ἀ
1449 1010 1637 1080 σαφῶς
1668 1013 1767 1065 ὲκ⁴

108 1107 237 1176 τῆς
296 1105 503 1175 πικρᾶς
560 1104 938 1174 Ἀπολιναρίου
991 1101 1330 1173 βεϐλάστηκε
1376 1101 1554 1173 ῥίζης.
1587 1103 1745 1156 Μετ--

109 1196 250 1267 έχει
293 1195 354 1250 δὲ
407 1197 501 1249 καὶ
537 1196 639 1265 τῆς
678 1196 887 1266 Ἀρείου
933 1194 1029 1248 καὶ
1076 1194 1343 1265 Εὑνομίὸυ
1386 1193 1727 1258 δυσσεϐείαςο

112 1290 177 1341 εἰ
234 1287 298 1341 δέ
349 1302 436 1351 τις
477 1286 723 1357 ἀκριϐῶς
782 1286 1019 1339 κατιδεῖν
1074 1284 1407 1357 ἐθελήσειεν,
1454 1285 1579 1339 οὐδὲ
1632 1286 1733 1357 τῆς

113 1374 499 1429 Οὐαλεντίνου
525 1375 620 1428 καὶ
650 1374 980 1446 Μαρκίωνος
1005 1373 1214 1446 ἄμοιρα
1245 1372 1571 1439 δυσσεϐείας
1597 1391 1731 1445 τυγ-

114 1466 314 1536 χάνει.

221 1554 316 1609 Ἐν
356 1556 457 1628 μὲν
483 1557 594 1628 γὰρ
623 1556 704 1625 τῷ
733 1554 937 1626 πρώτῳ
962 1554 1240 1628 κεφαλαίῳ
1268 1557 1371 1629 τὴν
1406 1557 1546 1629 ὑπὲρ
1574 1557 1733 1629 ἡμῶν

119 1646 520 1719 γεγενημένην
571 1648 883 1715 οίκονομίαν
931 1646 1206 1702 ἐκϐάλλει·
1242 1648 1343 1701 οὐκ
1382 1647 1733 1719 ἀνειληφέναι

120 1738 226 1790 τὸν
272 1736 406 1790 Θεὸν
461 1737 634 1805 Λόγον
687 1735 849 1805 φύσιν
891 1736 1261 1808 ἀνθρωπείαν,
1302 1736 1419 1791 ἀλλ’
1444 1738 1612 1793 αὑτὸν
1653 1741 1734 1802 εἰς

126 1830 321 1900 σάρκα
348 1827 753 1899 μεταϐληθῆναι
774 1827 1065 1881 διδάσκωνο
1095 1832 1188 1883 καὶ
1216 1830 1437 1900 δοκήσει
1472 1830 1567 1884 καὶ
1599 1847 1734 1898 φανο
1763 1810 1806 1864 Β

120 1922 300 1994 τασίᾳ
325 1922 424 1992 τὴν
445 1920 540 1974 τοῦ
569 1920 824 1991 Σωτῆρος
852 1920 1011 1991 ἡμῶν
1034 1920 1472 1993 ὲνανθρώπησιν,
1498 1921 1612 1974 ἀλλ’
1633 1922 1734 1975 οὐκ

124 2011 370 2084 ἀληθεία
401 2011 728 2082 γεγενῆσθαι
760 2009 1127 2081 δογματίζων.
1162 2010 1352 2065 Ταῦτα
1375 2011 1430 2065 δὲ
1452 2013 1550 2083 τῆς
1579 2012 1734 2084 Μαρ-

128 2106 335 2169 κίωνος
370 2107 463 2159 καὶ
490 2104 585 2157 τοῦ
612 2105 889 2167 Μάνεντος
912 2104 1007 2157 καὶ
1032 2103 1390 2157 Οὐαλεντίνου
1413 2102 1733 2169 δυσσεϐείας

128 2200 379 2270 ὑπάρχει
410 2199 749 2268 γεννήματα.
791 2196 879 2251 Ἐν
935 2196 992 2249 δὲ
1028 2195 1107 2267 τῷ
1161 2196 1399 2268 δευτέρῳ
1432 2196 1526 2250 καὶ
1563 2199 1733 2270 τρίτῳ

122 2291 445 2362 κεφαλαίῳ,
476 2288 669 2361 ὥσπερ
702 2289 1094 2359 ἐπιλαθόμενος
1121 2282 1196 2342 ὧν
1219 2289 1277 2342 ὲν
1306 2289 1616 2360 προοιμίοις
1640 2289 1731 2356 ἑξ·-

132 2386 316 2449 έθετο,
343 2385 445 2455 τὴν
474 2384 597 2437 καθ’
634 2384 933 2436 ὑπόστασιν
974 2382 1169 2435 ἕνωσιν
1200 2364 1429 2451 εἰσάγει,
1462 2383 1559 2435 καὶ
1601 2380 1730 2435 σύν-

126 2476 260 2531 οδον
290 2476 409 2531 καθ’
442 2476 640 2530 ἕνωσιν
680 2476 938 2546 φυσικὴν,
978 2474 1178 2546 κρᾶσίν
1191 2492 1329 2532 ττινα
1350 2475 1445 2527 καί
1469 2475 1732 2545 σύγχυσιν

124 2568 229 2623 διὰ
252 2568 457 2622 τούτων
494 2569 601 2621 τῶν
628 2567 912 2634 ὀνομάτων
945 2566 1276 2636 γεγενῆσθαι
1304 2567 1573 2645 διδάσκων
1630 2571 1730 2639 τῆς

126 2677 197 2714 τε
236 2658 348 2732 (48)
386 2660 535 2722 θείας
570 2659 787 2728 φύσεως
839 2657 934 2713 καὶ
969 2656 1069 2726 τῆς
1116 2656 1211 2710 τοῦ
1243 2656 1430 2711 δούλου
1488 2661 1726 2730 μορφῆς.

130 2753 309 2807 Τοῦτο
334 2753 430 2823 τῆς
461 2751 749 2823 αίρετικῆς
797 2749 1176 2819 Ἀπολιναρίου
1212 2750 1566 2819 καινοτομίας
1608 2751 1730 2805 ἐστὶ

129 2841 347 2913 κύημα.
380 2843 468 2896 Ἐν
494 2842 550 2895 δὲ
578 2840 658 2911 τῷ
680 2840 925 2911 τετάρτῳ
954 2838 1235 2910 κεφαλαίῳ
1254 2840 1590 2911 ἀπαγορεύει
1617 2840 1728 2895 τῶν

132 2929 514 2999 εὐαγγελικῶν
540 2930 635 2983 καὶ
668 2927 1043 2983 ἀποπολικῶν
1079 2927 1272 2997 φωνῶν
1305 2929 1403 3000 τὴν
1436 2930 1725 3002 διαίρεσιν,

132 3020 235 3073 καὶ
275 3019 374 3073 οὐκ
417 3020 481 3090 ἑᾷ
514 3018 658 3072 κατὰ
690 3018 791 3081 τὰς
826 3017 935 3071 τῶν
965 3017 1266 3088 όρθοδόξων
1292 3019 1555 3089 Πατέρων
1579 3020 1729 3075 5.5a-

138 3107 367 3170 σκαλίας
398 3108 497 3169 τὰς
528 3106 629 3178 μὲν
662 3106 990 3177 θεοπρεπεϊς
1024 3105 1208 3175 φωνὰς
1262 3109 1393 3178 περὶ
1437 3110 1539 3180 τῆς
1574 3109 1727 3173 Θείας

134 3192 576 3268 ὲκλαμϐάνεσθαι
608 3198 826 3267 φύσεως
872 3197 971 3261 τὰς
997 3197 1053 3250 δὲ
1080 3198 1347 3261 ταπεινὰς
1384 3200 1479 3253 καὶ
1509 3201 1726 3271 ἀνθρω-

135 3290 308 3352 πίνως
329 3290 627 3362 εἰρημένας
653 3291 721 3361 τῇ
752 3287 1126 3362 ἀναληφθείσῃ
1150 3290 1485 3359 προσάπτειν
1514 3291 1728 3362 ἀνθρω-

137 3381 351 3452 πότητιο
378 3383 472 3435 καὶ
506 3381 756 3436 ἐντεῦθεν
784 3382 967 3435 τοίνυν
998 3380 1148 3435 ἐστιν
1176 3383 1358 3453 εὑρεῖν
1381 3383 1509 3447 τοὺς
1536 3384 1727 3455 εὐφροο

134 3474 358 3539 νοῦντας
387 3476 487 3545 τὴν
525 3476 626 3545 τῆς
668 3474 927 3538 ἀσεϐείας
971 3474 1316 3543 συγγένειαν.
1352 3476 1571 3545 Ἄρειος
1614 3477 1725 3548 γὰρ

139 3568 235 3623 καὶ
266 3567 548 3637 Εὑνόμιος,
590 3566 797 3635 κτίσμα
826 3567 922 3620 καὶ
952 3566 1010 3630 ἐξ
1039 3566 1139 3618 οὐκ
1174 3567 1365 3633 όντων,
1404 3567 1497 3620 καὶ
1539 3565 1723 3621 δοῦλον

133 3660 231 3714 τὸν
266 3658 531 3729 μονογενῆ
566 3657 688 3711 Υἱδν
720 3656 817 3709 τοῦ
844 3656 979 3710 Θεοῦ
1004 3654 1144 3709 εῖναι
1173 3658 1494 3725 φάσκοντες,
1523 3660 1592 3711 τά
1624 3675 1724 3712 τα·-

136 3751 336 3814 πεινῶς
384 3750 491 3803 ὑπὸ
524 3748 617 3802 τοῦ
650 3749 925 3802 Δεσπότου
955 3748 1196 3819 Χριστοῦ
1242 3749 1337 3802 καὶ
1365 3748 1721 3819 ἀνθρωπίνως

133 3842 400 3915 είρημὶνα
425 3845 492 3912 τῇ
516 3841 732 3910 θεότητι
758 3841 923 3894 αὐτοῦ
949 3841 1226 3912 προσάψαι
1248 3841 1635 3912 τετολμήκςισι⁸
1662 3843 1723 3896 τὸ

134 3932 469 4006 ἑτεροούσιον
496 3931 747 3985 ἐντεῦθεν
784 3933 877 3985 καὶ
903 3932 963 3984 τὸ
986 3932 1243 4002 ἀνόμοιον
1275 3932 1720 3997 κατασκευάζον..

132 4041 247 4087 τις.
282 4023 421 4094 Πρὸς
471 4022 701 4087 τούτοις,
737 4022 824 4075 ἵνα
875 4020 1111 4075 συνελὼν
1169 4022 1328 4086 εῑπω,
1386 4022 1559 4094 αὐτὴν
1619 4025 1720 4095 τὴν

130 4112 319 4183 ἀπαθῆ
357 4115 449 4167 καὶ
481 4114 750 4185 ἄτρεπτον
795 4112 889 4166 τοῦ
935 4111 1178 4183 Χριστοῦ
1226 4112 1456 4185 θεότητα
1494 4115 1591 4170 καὶ
1618 4102 1728 4169 nat-

131 4207 269 4272 θεῐν,
294 4206 383 4258 καὶ
410 4204 791 4275 σταυρωθῆναι
818 4203 911 4259 καὶ
934 4204 1231 4258 ἀποθανεῖν
1257 4205 1353 4259 καὶ
1379 4207 1617 4276 ταφῆναι
1643 4208 1722 4261 δι-

130 4295 401 4366 αγορεύει.
438 4293 610 4346 ’τοῦτο
666 4293 721 4345 δὲ
784 4294 879 4346 καὶ
923 4293 1025 4362 τῆς
1065 4293 1279 4365 Ἀρείου
1326 4297 1420 4348 καὶ
1450 4297 1719 4367 Εὐνομίου

135 4386 330 4457 μανίας
358 4383 636 4437 ἐπέκεινα·
663 4382 787 4435 οὐδὲ
812 4383 921 4453 γὰρ
945 4385 991 4437 oi
1015 4383 1220 4453 κτίσμα
1249 4382 1557 4454 τολμῶντες
1586 4386 1719 4438 ἀπο-

130 4477 317 4533 καλεῖν
358 4475 452 4530 τδν
484 4474 724 4545 Ποιητὴν
756 4475 865 4528 τῶν
899 4475 1036 4528 ὅλων
1087 4475 1181 4528 καὶ
1223 4478 1592 4547 Δημιουργὸν,
1636 4481 1717 4543 είς
1751 4509 1793 4563 D

129 4571 334 4641 ταύτην
360 4568 653 4636 ἐξώκειλαν
668 4568 769 4639 τὴν
789 4567 1062 4621 ἀσέϐειαν.
1090 4567 1413 4638 Βλασφημεῖ
1431 4567 1488 4621 δὲ
1512 4568 1605 4621 καὶ
1636 4570 1716 4631 είς

129 4662 199 4717 τὸ
246 4660 394 4730 άγιον
438 4660 683 4733 Πνεῦμα·
723 4661 823 4713 οὐκ
856 4661 921 4713 ὲκ
960 4660 1058 4712 τοῦ
1115 4660 1330 4731 Πατρδς
1368 4659 1501 4712 αὐτὸ
1541 4659 1716 4727 λέγων

108 4751 547 4821 -ὲκπορεύεσθαι,
578 4750 722 4805 κατά
758 4748 855 4821 τὴν
886 4748 982 4802 τοῦ
1022 4751 1230 4820 Κυρίου
1263 4749 1470 4821 φωνὴν,
1502 4750 1619 4804 ἀλλ’
1656 4750 1716 4817 ἐξ

130 4840 264 4896 Υίοῦ
293 4840 389 4912 τὴν
419 4841 654 4913 ὓπαρξιν
689 4841 853 4912 ἔχειν.
891 4841 1004 4895 Καὶ
1028 4832 1187 4903 οὗτος
1212 4839 1269 4893 δὲ
1295 4840 1404 4893 τῶν
1428 4841 1714 4897 Ἀπολινα-

133 4936 255 5010 ρίου
276 4934 602 5007 σπερμάτων
625 4934 655 4988 ὁ
686 4933 917 5005 καρπός⁸
950 4930 1250 5000 γειτνιάζξι
1282 4931 1339 4984 δὲ
1374 4933 1469 4985 καὶ
1496 4937 1563 5004 τῇ
1592 4935 1714 4987 Μα-

134 5029 365 5084 κεδονίου
390 5028 605 5098 πονηρᾷ
630 5026 895 5096 γεωργίᾳ.
925 5024 1163 5097 Τοιαῦτα
1188 5022 1283 5075 τοῦ
1318 5024 1615 5091 Αίγυτιτίου
1645 5024 1715 5079 τὰ

134 5121 403 5193 κυήματα,
436 5117 677 5189 πονηροῦ
710 5116 923 5187 πατρὸς
954 5114 1174 5184 ἀληθῶς
1197 5114 1398 5181 ἔγγονα
1417 5117 1714 5186 πονηρότε-

138 5229 225 5285 ρα.
280 5209 461 5265 Ταῦτα
497 5208 553 5263 δὲ
590 5208 709 5262 δέον
745 5208 778 5277 ἢ
820 5204 1200 5277 ἀμϐλωθρίδια
1248 5205 1470 5274 ποιῆσαι
1514 5223 1714 5275 κυοφο-

137 5305 384 5378 ρούμενα,
411 5302 445 5374 ἢ
479 5301 641 5364 εὐθὺς
668 5299 932 5371 τεχθέντα
958 5299 1269 5370 διαφθεῖραι
1301 5299 1429 5361 τοὺς
1460 5299 1569 5351 τῶν
1602 5300 1706 5369 ψυ-

133 5392 240 5463 χῶν
272 5389 362 5461 τὴν
393 5391 635 5460 ἰατρείαν
666 5389 1202 5460 ἐγκεχειρισμένους,
1234 5388 1311 5451 ὡς
1359 5387 1581 5460 ὀλέθρια
1609 5390 1703 5442 καὶ

137 5482 229 5551 τῆς
248 5482 514 5553 ἡμετέρας
535 5478 750 5549 φύσεως
779 5479 1109 5550 δηλητήρια,
1131 5477 1486 5547 ὲκτρέφουσιν
1509 5480 1557 5531 οἱ
1585 5496 1706 5547 γεν-

136 5572 301 5631 νάδαι,
324 5573 415 5625 καὶ
446 5570 647 5639 πολλῆς
680 5568 891 5634 ἀξιοῦσι
928 5569 1165 5640 σπουδῆς
1199 5569 1286 5621 ἐπ’
1322 5569 1529 5640 ὀλέθρῳ
1560 5572 1709 5640 σφῶν

137 5660 303 5717 αὐτῶν
328 5662 418 5714 καὶ
443 5660 553 5713 τῶν
576 5661 674 5722 τὰς
696 5659 865 5723 ἀκοὰς
891 5661 1074 5723 αὐτοῖς
1101 5660 1322 5730 ὑπέχειν
1348 5660 1709 5729 ἀνεχομένων.

208 5784 311 5859 (43)
335 5783 422 5838 Sic
444 5784 614 5838 Mans.
653 5780 813 5837 Vind.
841 5781 918 5833 δέ.

405 5877 677 5939 Ρλτιιυιι.
729 5874 845 5935 (in.
902 5870 1219 5933 LXXXIII.

966 6140 1039 6167 ..χι

1840 554 2136 614 tarunt,et
2182 547 2239 601 in
2284 546 2624 619 evangelicis
2647 546 3002 618 dogmatibus
3032 547 3269 602 alienam
3308 553 3432 606 ausi

1836 646 1967 694 sunt
2011 639 2630 702 induceredoctrinam
2654 657 2671 709 ;
2699 650 2867 711 atque
2896 639 3064 712 impia
3092 641 3276 712 capita
3308 658 3437 713 qua

1836 746 1962 787 cum
2002 729 2483 789 anathematismis
2519 734 2577 786 in
2624 733 2834 804 regiam
2883 733 3081 788 urbem
3141 734 3431 800 miserant,

1835 832 2191 894 receperunt,
2231 834 2289 879 et
2329 824 2594 896 propriis,
2626 833 2795 895 prout
2844 825 3097 880 arbitrati
3126 836 3277 891 sunt,
3303 842 3434 896 pro-

1835 915 2110 971 baverunt
2153 916 2684 987 subscriptionibus.
2723 916 2853 972 Hac
2895 917 2966 973 ab
3002 933 3193 974 amara
3220 920 3434 989 Apolli-

1834 1007 1979 1062 narii
1999 1004 2185 1063 radice
2206 1007 2509 1079 pullulasse
2537 1008 2594 1063 in
2617 998 2914 1079 propatulo
2943 1018 3062 1077 est;
3094 1011 3233 1082 quin
3259 1013 3428 1067 etiam

1834 1098 2097 1169 Eunomii
2137 1099 2371 1171 Ariique
2440 1101 2742 1171 impietatis
2782 1101 3155 1172 participant;
3189 1111 3357 1173 atque
3382 1103 3430 1158 si

1835 1191 1961 1262 quis
1982 1188 2279 1263 diligenter
2322 1196 2560 1249 scrutari
2605 1194 2865 1261 voluerit,
2904 1208 3088 1265 neque
3128 1194 3431 1261 Valentini,

1836 1298 2017 1355 neque
2058 1283 2353 1341 Marcionis
2393 1285 2664 1341 carebunt
2693 1285 3029 1357 impietatu

1906 1558 1969 1614 In
2012 1559 2195 1629 primo
2241 1559 2391 1616 enim
2442 1561 2646 1632 capite,
2675 1562 2775 1619 Dei
2804 1566 3173 1621 oeconomiam
3206 1572 3435 1637 propter

1834 1666 1939 1707 nos
1976 1650 2181 1706 factam
2238 1654 2454 1725 rejicit,
2500 1655 2710 1712 docens
2752 1656 3285 1714 divinum-Verbum
3323 1673 3434 1713 non

1836 1744 2149 1814 suscepisse
2162 1744 2465 1801 humanam
2489 1756 2771 1813 naturam,
2796 1750 2893 1805 sed
2918 1750 3099 1821 ipsum
3128 1752 3183 1807 in
3209 1766 3433 1808 carnem

1837 1843 2109 1889 mutatum
2156 1851 2319 1904 esse;
2369 1828 2444 1893 et.
2474 1838 2878 1911 dogmatizans,
2927 1844 3113 1913 specie
3167 1851 3224 1899 et
3260 1859 3437 1915 appa-

1837 1926 2019 1979 rentia
2047 1928 2562 1993 tantum,,minime
2599 1947 2731 1986 vero
2771 1947 2967 2003 reapse
3012 1934 3217 1990 factam
3262 1936 3437 1991 fuisse

1838 2010 2142 2068 Salvatoris
2173 2016 2350 2070 nostri
2381 2017 2846 2088 incarnationem;
2884 2024 3006 2093 qua:
3032 2024 3261 2094 quidem
3287 2025 3435 2082 Mar-

1836 2100 2037 2166 cionis,
2065 2102 2339 2159 Manentis
2358 2115 2416 2160 et
2440 2106 2722 2162 Valentini
2758 2109 3064 2179 impietatis
3098 2121 3230 2168 sunt
3264 2113 3434 2170 fetus.

1835 2191 1897 2247 In
1923 2193 2169 2250 secundo
2209 2211 2347 2250 vero
2384 2205 2441 2252 et
2482 2199 2877 2271 tertio-capite,
2910 2203 3120 2260 oblitus
3144 2207 3305 2276 quasi
3335 2220 3437 2262 e0-

1836 2300 1985 2351 rum,
2045 2303 2168 2357 quae
2216 2286 2274 2341 in
2325 2289 2601 2359 prooemio
2629 2303 2986 2362 exposuerat,
3028 2296 3435 2369 hypostaticam

1836 2379 2100 2435 unionem
2139 2380 2378 2447 inducit,
2423 2390 2483 2437 et
2534 2398 2873 2441 concursum
2908 2391 3217 2445 secundum
3239 2392 3434 2464 physi-

1834 2486 1954 2525 cam
1974 2471 2261 2537 unionem,
2282 2482 2339 2527 et
2356 2472 2475 2528 fieri
2493 2489 2595 2543 per
2622 2475 2739 2530 haec
2766 2479 3011 2547 nomina,
3033 2480 3195 2537 docet
3219 2474 3436 2539 mistio—

1833 2577 1960 2615 nem
1973 2562 2268 2632 quamdam
2293 2573 2351 2619 et
2372 2565 2925 2625 confusioneminter
2951 2573 3168 2645 1293
3184 2574 3430 2631 divinam

1833 2664 2093 2710 naturam
2143 2666 2203 2711 et
2244 2655 2653 2714 humanitatem
2689 2679 2703 2714 :
2741 2669 2799 2716 et
2846 2665 2954 2718 hoc
2991 2664 3061 2718 ab
3102 2666 3433 2736 Apollinarii

1833 2746 2095 2803 haeretica
2141 2748 2502 2807 innovatione
2548 2751 2826 2822 originem
2862 2754 3055 2810 trahit.
3119 2756 3178 2811 In
3227 2769 3432 2828 quarto

1831 2838 2059 2916 demum
2112 2843 2329 2911 capite,
2385 2843 2831 2914 evangelicarum
2876 2856 2934 2901 et
2993 2848 3431 2918 apostolicarum

1828 2946 2029 2986 vocum
2081 2931 2317 3003 denegat
2358 2933 2804 3005 distinctionem;
2848 2953 3030 3008 neque
3062 2941 3219 3007 sinit,
3254 2954 3316 2998 ut
3342 2959 3431 2999 se-

1832 3022 2082 3077 cundum
2128 3023 2572 3080 orthodoxorum
2624 3026 2855 3082 Patrum
2903 3028 3217 3087 doctrinam
3262 3049 3432 3091 voces

1831 3128 1956 3182 quat
1983 3114 2494 3182 Deo‘conveniunt,
2532 3116 2602 3173 de
2641 3118 2739 3174 Dei
2770 3130 2974 3175 natura
3010 3122 3427 3197 intelligantur;

1832 3220 1956 3274 qua:
1980 3220 2115 3260 vero
2146 3206 2387 3262 humiles
2413 3218 2470 3263 et
2499 3223 2658 3264 more
2685 3211 2974 3268 hominum
3003 3214 3186 3281 dictae,
3216 3226 3277 3273 ut
3304 3234 3427 3275 sus-

1832 3306 2005 3368 cepta;
2050 3299 2401 3369 applicentur
2452 3300 2819 3370 humanitati;
2861 3320 2926 3360 ac
2970 3306 3100 3362 inde
3147 3309 3242 3379 qui
3282 3326 3431 3366 sana:

1833 3389 2039 3444 mentis
2065 3397 2217 3456 sunt,
2247 3390 2409 3446 facile
2440 3391 2701 3463 detegent
2735 3394 3039 3465 impietatis
3082 3398 3439 3458 afﬁnitatem.-

1830 3474 1997 3530 Arius
2027 3476 2185 3547 enim.
2233 3486 2290 3532 et
2330 3478 2661 3545 Ennomius,
2706 3490 3022 3536 creaturam
3068 3494 3235 3554 atque
3260 3502 3290 3539 e
3316 3502 3429 3542 non

1830 3567 2229 3622 exsistentibus
2252 3567 2482 3633 factum,
2526 3575 2580 3623 et
2614 3586 2842 3627 servum
2876 3572 3260 3630 existimantes
3304 3592 3431 3633 esse

1830 3653 2033 3708 Filium
2073 3653 2171 3707 Dei
2223 3655 2597 3724 unigenitum,
2635 3673 2759 3727 quae
2812 3658 3101 3715 humiliter
3146 3672 3314 3734 atque
3359 3665 3431 3721 de

1830 3743 2177 3799 humanitate
2209 3744 2357 3800 dicta
2389 3757 2521 3801 sunt
2552 3763 2584 3801 a
2621 3747 2846 3802 Christo
2875 3750 3428 3825 Domino,.ejusdem

1829 3834 2109 3889 divinitati
2148 3834 2271 3889 ausi
2305 3844 2437 3905 sunt
2470 3837 2825 3903 attribuere;
2867 3839 3106 3909 indeque
3132 3841 3423 3900 diversita-

1827 3937 1939 3979 tem
1994 3925 2252 3981 essentia:
2294 3934 2463 3995 atque
2494 3925 3014 3983 dissimilitudinem
3041 3931 3422 3990 confecerunt.

1828 4016 2123 4080 Praeterea,
2155 4022 2219 4069 ut
2249 4015 2497 4070 breviter
2537 4015 2740 4081 dicam,
2779 4016 2987 4073 Christi
3036 4019 3215 4090 ipsam
3280 4022 3426 4078 divi-

1826 4106 2080 4171 nitatem,
2110 4106 2384 4175 passionis
2406 4115 2462 4162 et
2486 4108 2816 4163 mutationis
2848 4110 3175 4177 immunem,
3206 4120 3263 4167 et
3284 4117 3421 4185 pati,

1826 4208 1883 4253 ct
1914 4199 2185 4268 crucifigi,
2213 4206 2269 4253 et
2308 4199 2473 4263 mori,
2511 4207 2568 4253 et
2602 4201 2819 4255 tumulo
2840 4202 3057 4273 contegi
3086 4218 3251 4272 posse
3283 4221 3424 4275 pra:—

1825 4291 2005 4359 dicat;
2041 4290 2348 4361 quodsane
2386 4291 2503 4345 Arii
2539 4302 2597 4346 et
2648 4293 2910 4348 Eunomii
2946 4294 3220 4349 insaniam
3259 4313 3423 4368 supc-

1822 4391 1926 4438 rat.
1964 4382 2086 4436 Non
2124 4382 2275 4437 enim
2294 4397 2362 4437 eo
2383 4382 2682 4451 impietatis
2698 4394 3091 4453 processerunt
3113 4386 3199 4443 vel
3234 4385 3273 4440 ii
3323 4390 3420 4458 qui

1823 4470 2069 4527 universi
2083 4470 2427 4530 conditorem
2440 4481 2814 4527 etcreatorem
2828 4474 2947 4528 ausi
2960 4482 3092 4528 sunt
3106 4485 3418 4532 creaturam

1820 4565 2088 4621 vocitare.
2107 4564 2487 4633 Blasphemias
2506 4563 2677 4619 etiam
2696 4563 2908 4634 profert
2924 4564 2982 4619 in
2999 4564 3269 4635 Spiritum
3288 4582 3384 4623 san
3397 4598 3417 4608 -

1820 4665 1993 4720 ctum,
2022 4670 2279 4711 asserens
2311 4670 2423 4709 non
2453 4670 2522 4709 ex
2557 4655 2722 4709 Patre
2756 4655 3084 4725 procedere,
3109 4656 3415 4713 secundum

1820 4746 2042 4801 Domini
2066 4746 2257 4811 verba,
2288 4745 2386 4800 sed
2415 4762 2485 4800 ex
2512 4746 2655 4800 Filio
2682 4745 2891 4801 habere
2921 4745 3329 4817 substantiam;
3360 4763 3417 4806 et

1820 4834 1913 4890 hic
1936 4846 2022 4890 est
2044 4835 2373 4905 Apollinarii
2398 4834 2674 4890 seminum
2697 4834 2935 4899 fructus,
2960 4836 3071 4905 qui
3115 4844 3170 4892 et
3199 4837 3267 4893 ad
3291 4854 3416 4907 per-

1820 4941 1995 4982 versae
2050 4926 2358 4982 Macedonii
2420 4927 2773 4999 agriculturze
2847 4926 3111 4981 viciniam
3175 4929 3412 4985 accedit.

1816 5020 1977 5075 Tales
2016 5030 2147 5075 sunt
2192 5020 2432 5093 Egyptii
2492 5020 2661 5086 fetus,
2726 5020 2963 5091 improbi
3001 5021 3179 5090 patris
3222 5038 3413 5079 revera

1816 5113 1991 5183 magis
2038 5112 2293 5183 improba
2333 5114 2541 5184 proles.
2584 5113 2713 5169 Haec
2754 5113 3005 5183 quidem,
3041 5131 3281 5185 quorum
3325 5117 3412 5171 vel

1816 5204 2000 5259 adhuc
2047 5204 2104 5258 in
2152 5213 2313 5259 utero
2365 5205 2753 5260 exsistentium
2793 5205 3008 5261 abortio
3059 5204 3413 5269 sollicitanda

1813 5293 2033 5360 fuisset,
2071 5296 2160 5349 vel
2211 5306 2468 5350 rccenter
2518 5306 2667 5361 nata,
2720 5306 2979 5366 tanquam
3007 5298 3320 5366 perniciosa
3357 5310 3414 5354 et

1811 5385 1976 5440 noxia
2022 5393 2228 5441 nostrae
2275 5386 2492 5459 1295
2532 5394 2762 5453 natura),
2805 5388 3210 5455 labefactanda,
3256 5390 3412 5446 alunt

1816 5478 2071 5548 generosi
2127 5478 2209 5533 illi
2244 5480 2371 5545 viri,
2411 5488 2468 5533 ct
2498 5481 2674 5535 multo
2701 5480 2888 5535 studio
2918 5496 2981 5535 ea
3008 5480 3315 5539 defendunt
3340 5483 3411 5538 ad

1819 5571 2097 5641 propriam
2154 5572 2492 5641 perniciem,
2540 5588 2844 5643 eorumque
2895 5575 2992 5646 qui
3057 5575 3193 5646 ipsis
3229 5559 3410 5631 aures

1824 5663 2045 5732 prml‘mn
2055 5675 2092 5717 t.
