4086 6326
71 323 259 393 1425

1476 333 1838 395 EPISTULA
1876 331 2018 392 CLI.

3275 319 3414 384 1426

89 441 356 515 Ἰωσήφ·
404 463 423 496 ι
469 443 763 516 Παράλαϐε
819 446 882 499 τὸ
945 444 1155 500 παιδίον
1200 444 1295 498 καὶ
1341 444 1441 512 τὴν
1495 441 1710 513 μητέρα

1835 439 2002 493 ncndi
2028 453 2186 503 eam;
2227 450 2390 491 nemo
2432 433 2574 489 tollit
2609 448 2730 489 eam
2757 448 2787 487 a
2813 448 2901 487 me
2932 430 2997 486 ³³.
3032 450 3050 482 ι
3084 431 3154 487 Ει
3188 433 3416 503 angelus

74 531 310 600 αὑτοῦ,
345 535 443 589 καὶ
475 535 711 605 πορεύου
758 538 835 601 είς
865 539 968 607 γῆν
1007 533 1575 608 Ἰσραήλ-,τεθνήκασι
1604 532 1712 600 γὰρ

80 628 327 691 πάντες
390 629 441 680 οἱ
466 628 758 698 ζητοῦντες
776 628 875 700 τὴν
904 628 1085 701 ψυχὴν
1121 628 1219 682 τοῦ
1264 627 1503 681 παιδίου.
1547 645 1567 678 ι
1602 626 1712 679 Καὶ

78 718 119 767 ὁ
153 715 567 789 εὖαγγελιστής
592 734 605 748 ’
644 738 662 770 ι
696 718 904 789 Ἰησοῦς
929 719 987 773 δὲ
1022 717 1363 791 προέκοπτεν
1387 714 1594 785 ἡλικίᾳ,
1620 714 1714 767 καὶ

86 808 312 883 amata,
345 808 441 862 xui.
465 809 651 880 χάριτι
678 810 830 879 παρὰ
856 810 976 882 Θεῷ
1007 812 1103 863 καὶ
1144 808 1477 881 ἀνθρώποις.
1521 828 1539 860 ι
1576 809 1719 879 Προ-

87 888 318 952 animi:
363 899 420 954 δὲ
458 900 650 973 ἡλικίᾳ
675 900 767 956 καὶ
800 901 966 972 σοφίᾳ
997 905 1059 955 οὐ
1091 901 1284 972 θεότης
1314 901 1347 971 ἡ
1382 900 1466 954 ἀεὶ
1500 898 1718 962 τελεία,

89 989 239 1042 ἀλλ’
293 992 328 1061 ἡ
348 990 668 1063 ἀνθρωπεία
701 992 884 1063 φύσις,
919 995 953 1063 ἡ
978 993 1157 1066 χρόνῳ
1188 994 1284 1047 καὶ
1313 993 1600 1064 γινομένη,
1625 991 1720 1045 καὶ

86 1079 401 1154 αὐξομένη
429 1082 542 1155 (59)
580 1084 677 1138 καὶ
703 1084 1075 1157 τελειουμένη.

188 1250 275 1313 Οὗ
309 1258 468 1329 χάριν
516 1258 585 1314 τά
628 1262 729 1333 μὲν
761 1258 1079 1333 ἀνθρώπινα
1123 1261 1303 1315 πάντα
1328 1262 1421 1316 τοῦ
1448 1261 1722 1315 Δεσπότου

94 1348 390 1419 Χριστοῦ,
413 1351 604 1405 πείνάν
626 1369 768 1423 φημι
789 1351 883 1405 καὶ
899 1351 1060 1423 δίψαν
1078 1354 1171 1407 καὶ
1193 1353 1383 1419 κόπον,
1412 1355 1504 1406 καὶ
1532 1352 1720 1419 ὕπνον,

97 1439 220 1493 καὶ
240 1438 466 1505 δειλίαν,
491 1442 586 1496 καὶ
608 1442 857 1515 ἱδρῶτας,
885 1444 980 1497 καὶ
998 1444 1325 1514 προσευχὴν,
1352 1444 1448 1497 καὶ
1477 1444 1721 1512 ἄγνοιαν,

102 1530 221 1583 καὶ
255 1532 361 1587 ὅσα
383 1533 610 1589 τοιαῦτα
637 1535 735 1605 τῆς
765 1536 1039 1605 ἡμετέρας
1056 1536 1317 1607 άπαρχῆς
1347 1531 1486 1589 εἷναί
1521 1552 1721 1607 φαμεν,

101 1626 190 1694 ἣν
214 1623 509 1679 ἀναλαϐὼν
534 1628 563 1680 ὁ
587 1627 721 1691 Θεὸς
749 1628 1154 1699 Αόγοςκήνωσεν
1177 1628 1377 1697 ἑαυτῷ,
1406 1629 1504 1697 τὴν
1527 1630 1727 1699 ἡμετέ-

109 1730 234 1785 ραν
273 1718 807 1790 πραγματευόμενος
845 1720 1143 1794 σωτηρίαν.
1170 1720 1274 1774 Τὸν
1307 1720 1365 1774 δὲ
1393 1719 1502 1773 τῶν
1537 1720 1727 1790 χωλῶν

102 1806 353 1879 δρόμον,
381 1810 477 1864 καὶ
510 1810 618 1866 τῶν
646 1811 861 1883 νεκρῶν
888 1815 988 1884 τὴν
1016 1814 1333 1878 ἀνάστασιν,
1365 1815 1462 1868 καὶ
1489 1815 1587 1879 τὰς
1612 1814 1720 1866 τῶν

109 1898 557 1972 ἄρτων-πηγάς,
592 1903 689 1957 καὶ
730 1906 829 1974 τὴν
869 1905 965 1959 τοῦ
990 1906 1181 1970 ὓδατος
1208 1908 1286 1971 είς
1312 1901 1453 1959 οἶνον
1487 1905 1722 1976 μεταϐο-

105 1993 251 2066 λὴν,
286 1994 380 2048 καὶ
407 1995 591 2062 πάσας
624 1995 724 2061 τὰς
763 1996 927 2062 ἄλλας
956 1997 1411 2069 θαυματουργίας
1439 1998 1540 2067 τῆς
1569 1998 1722 2062 θείας

110 2080 272 2138 εἶναι
285 2084 572 2157 δυνάμεως
599 2086 738 2161 ἔργα
761 2088 1113 2159 πιστεύομεν.
1152 2090 1241 2153 Ὦς
1261 2089 1351 2143 τὸν
1378 2089 1539 2142 αὐτόν
1579 2107 1722 2159 φημι

108 2177 189 2247 δὴ
240 2178 337 2233 τὸν
377 2180 659 2253 Δεσπότην
710 2180 969 2252 Χριστὸν,
1019 2182 1114 2235 καὶ
1144 2182 1396 2252 πάσχειν,
1449 2183 1542 2237 καὶ
1574 2182 1720 2253 πάθη

111 2268 302 2323 λύειν·
334 2270 561 2342 πάσχειν
613 2272 713 2343 μὲν
764 2272 907 2326 κατά
938 2273 1001 2326 τὸ
1043 2272 1343 2344 ὁρώμενον,
1371 2272 1521 2327 λύειν
1556 2273 1613 2327 δὲ
1647 2276 1717 2329 τὰ

118 2362 285 2433 πάθη
308 2364 451 2419 κατὰ
478 2364 579 2436 τὴν
607 2366 867 2439 ἀρρήτως
897 2364 1154 2419 οἰκοῦσαν
1193 2365 1444 2437 θεότητα.
1475 2367 1637 2439 Δηλοῖ
1669 2366 1726 2420 δὲ

115 2452 293 2507 τοῦτο
309 2455 495 2524 σαφῶς
512 2455 607 2510 καὶ
629 2456 738 2510 τῶν
759 2455 921 2527 ιερῶν
939 2455 1292 2525 Εὑαγγελίων
1312 2457 1344 2527 ή
1373 2456 1724 2527 ίστορία.Κα“ι

128 2545 491 2617 μανθάνομεν
515 2547 748 2611 ἐκεῖθεν,
768 2548 843 2610 ὡς
865 2548 924 2600 ἐν
952 2548 1129 2618 φάτνῃ
1156 2547 1409 2617 κείμενος
1430 2548 1523 2601 καὶ
1550 2549 1726 2619 σπάρ-

122 2650 280 2701 γανα
312 2634 798 2707 περιϐεϐλημένος,
831 2635 937 2688 ὑπὸ
971 2634 1203 2704 ἀστέρος
1235 2632 1588 2704 ὲκηρύττετο,
1622 2634 1717 2686 καὶ

126 2727 246 2781 ὑπὸ
274 2726 464 2798 μάγων
492 2729 905 2797 προσεκυνείτο,
930 2727 1024 2779 καὶ
1059 2726 1164 2779 ὑπὸ
1195 2726 1448 2795 ἀγγέλων
1483 2728 1724 2797 ὑμνεῖτο,

123 2819 235 2873 καὶ
256 2817 605 2890 διακρίνομεν
621 2818 885 2883 εὐσεϐῶς,
907 2818 987 2873 ὅτι
1011 2818 1080 2872 τὰ
1103 2819 1268 2891 ῥάκη,
1288 2818 1381 2872 καὶ
1405 2818 1725 2891 σπάργανα,

124 2909 239 2964 καὶ
265 2909 368 2979 τῆς
398 2909 587 2982 κλίνης
620 2912 654 2981 ἡ
685 2910 909 2982 ἀπορία,
942 2911 1036 2964 καὶ
1070 2913 1103 2980 ἡ
1137 2911 1308 2982 πολλὴ
1327 2911 1595 2978 εὐτέλεια,
1630 2912 1729 2981 τῆς

126 3002 558 3073 ἀνθρωπότητος
584 3002 731 3056 ἴδια..
749 3003 807 3055 'O
833 3002 889 3055 δὲ
918 3002 1028 3055 τῶν
1059 3003 1267 3072 Μάγων
1301 3002 1501 3074 δρόμος
1519 3003 1613 3057 καὶ
1635 3001 1728 3074 τοῦ

127 3093 368 3165 ἀστέρος
388 3095 423 3165 ἡ
443 3093 677 3165 ποδηγία
698 3096 839 3164 καὶὴ
860 3094 968 3147 τῶν
982 3092 1229 3162 ἀγγέλων
1249 3073 1437 3165 χορεία
1469 3073 1730 3165 κηρύττει

128 3188 242 3258 τὴν
281 3186 375 3240 τοῦ
404 3187 780 3259 κρυπτομένου
806 3186 1058 3257 θεότητα.
1106 3187 1295 3249 Οὕτως
1340 3186 1730 3256 ἀποδιδράσκει

135 3278 248 3349 μὶν
282 3278 361 3341 είς
392 3278 689 3347 Αἴγυπτον,
719 3278 815 3331 καὶ
844 3279 911 3349 τῇ
943 3280 1091 3348 φυγῇ
1122 3277 1221 3346 τῆς
1255 3275 1499 3346 Ἡρώδου
1529 3276 1731 3348 μανίας

133 3369 577 3424 ἀπαλλάττεται·
609 3372 705 3424 καί
756 3370 864 3442 γάρ
908 3370 1197 3442 ἄνθρωπος
1244 3365 1334 3441 ἦν.
1364 3370 1615 3422 Συσσείει
1648 3368 1729 3434 δὲ,

138 3460 288 3515 κατά
311 3462 401 3514 τὸν
430 3464 748 3534 Προφήτην,
785 3463 854 3516 τὰ
892 3462 1248 3532 χειροποίητα
1272 3463 1572 3530 Αἰγύπτου·
1600 3460 1735 3524 Θεὸς

137 3560 258 3623 γάρ
297 3552 530 3625 ὑπῆρχε.
562 3554 960 3625 Περιτέμνεται
1003 3554 1095 3606 καὶ
1132 3553 1393 3623 φυλάττει
1441 3554 1534 3607 τὸν
1569 3553 1735 3622 νόμον

138 3642 243 3695 καὶ
275 3642 607 3713 καθαρσίους
642 3643 942 3715 προσφέρει
969 3641 1183 3705 θυσίας·
1214 3643 1278 3694 ἐκ
1308 3642 1417 3713 γὰρ
1454 3643 1553 3712 τῆς
1602 3644 1734 3695 Ἰεσ-

143 3746 244 3787 σαι
281 3733 618 3805 βεϐλάστηκε
647 3732 761 3808 (60)
797 3736 972 3807 ῥίζης.
1012 3736 1123 3788 Καὶ
1168 3735 1273 3788 ὑπὸ
1315 3736 1481 3805 νόμον
1530 3736 1603 3798 ὡς
1644 3735 1737 3789 άν-

140 3826 363 3896 Ορωπος
402 3822 492 3898 ἦν·
539 3828 633 3881 καὶ
660 3826 817 3892 ἔλυσε
863 3828 955 3881 τὸν
1003 3830 1168 3898 νόμον
1211 3827 1351 3897 μετὰ
1400 3826 1611 3892 ταῦτα,
1644 3832 1739 3881 καὶ

140 3920 348 3975 δέδωκε
382 3923 483 3991 τὴν
509 3922 706 3995 καινὴν
732 3920 1023 3993 διαθήκην·
1058 3920 1358 3992 νομοθέτης
1378 3920 1489 3991 γάρ
1521 3916 1611 3991 ἦν,
1646 3923 1741 3976 καὶ

143 4012 354 4083 ταύτην
371 4013 532 4080 αὐτὸς
550 4013 746 4069 δώσειν
772 4014 859 4070 διὰ
886 4014 996 4067 τῶν
1022 4012 1322 4085 προφητῶν
1350 4014 1741 4086 ἐπηγγείλατο.

160 4102 495 4175 Ἑϐαπτίσθη
523 4105 630 4158 ὑπὸ
676 4105 949 4159 Ἰωάννου·
984 4103 1143 4157 τοῦτο
1176 4104 1417 4156 δείκνυσι
1444 4102 1511 4171 τὸ,
1538 4102 1741 4175 ἡμέτε-

1758 1784 1800 1837 Β

1757 3142 1805 3205 C

1819 531 1887 586 ad
1914 530 2216 600 Josephum
2245 550 2257 582 :
2293 547 2311 580 ι
2339 527 2541 597 Accipe
2569 542 2804 597 puerum
2830 538 2889 581 et
2922 532 3155 581 matrem
3191 526 3332 596 ejus,
3361 535 3420 581 et

1819 625 1959 680 vade
1984 625 2041 679 in
2079 632 2282 679 terram
2318 623 2518 688 Israel;
2544 621 2790 677 defuncti
2816 628 2946 676 sunt
2971 620 3121 675 enim
3150 619 3245 689 qui
3272 635 3423 689 qua:-

1821 718 2018 771 rebant
2041 717 2281 771 animam
2307 715 2468 786 pueri
2495 716 2558 768 ³⁶.
2594 732 2611 765 ι
2643 713 2992 784 Evangelista
3017 712 3227 782 pariter
3255 728 3267 764 :
3303 730 3322 761 ι
3354 712 3421 765 lit

1819 809 1981 864 Jesus
2012 808 2337 878 proﬁciebat
2368 806 2660 877 sapientia,
2692 814 2748 859 et
2778 812 2963 869 aetate,
2989 811 3047 858 et
3074 804 3249 874 gratia
3275 804 3419 873 apud

1822 901 1995 956 Deum
2036 912 2092 955 et
2133 900 2391 954 homines
2412 886 2475 953 ³⁷’.
2511 919 2529 951 υ
2583 898 2808 956 Proﬁcit
2835 906 3023 954 autem
3057 904 3218 953 aetate
3249 904 3306 952 et
3338 912 3397 950 sa

1822 992 2031 1062 pientia
2070 1006 2423 1061 nequaquam
2451 990 2735 1055 divinitas,
2775 1006 2897 1059 quae
2929 1006 3149 1061 semper
3177 988 3420 1060 perfecta

1822 1093 1930 1150 est,
1958 1085 2053 1139 sed
2082 1086 2322 1139 humana
2347 1093 2567 1150 natura,
2607 1098 2729 1153 quae
2751 1090 2808 1137 et
2833 1081 2894 1136 ﬁt
2915 1090 3183 1153 tempore,
3213 1091 3269 1136 et
3294 1080 3427 1135 ad0«

1824 1175 2005 1241 lescit,
2040 1187 2097 1231 et
2135 1176 2302 1230 ﬁnem
2339 1176 2527 1231 habet.

1897 1264 2265 1332 Quamobrem
2306 1266 2549 1321 hrmana
2595 1266 2782 1320 omnia
2818 1263 3026 1320 Christi
3062 1263 3304 1328 Domini,
3341 1262 3425 1317 fa-

1827 1372 1995 1421 mem,
2045 1358 2293 1428 inquam,
2337 1358 2511 1422 sitim,
2549 1358 2816 1422 calorem,
2863 1371 3141 1420 somnum,
3192 1363 3424 1419 metum,

1829 1448 2112 1514 sudorem,
2149 1449 2482 1514 orationem,
2520 1448 2817 1513 inscitiam,
2855 1458 2913 1502 et
2956 1447 3062 1502 alia
3107 1445 3427 1518 huiusmodi

1829 1556 1951 1610 quae
1986 1549 2175 1595 nostra
2212 1555 2336 1595 esse
2372 1539 2643 1604 dicimus,
2700 1537 2979 1607 accipiens
3014 1535 3266 1590 divinum
3296 1533 3430 1589 Ver—

1831 1633 1962 1687 bum
2012 1633 2119 1687 sibi
2162 1632 2413 1702 adjunxit
2466 1639 2668 1685 nostrae
2716 1629 2910 1685 salutis
2951 1627 3150 1698 gratia.
3188 1625 3426 1681 Cursum

1831 1739 1963 1779 vero
1994 1722 2208 1777 claudis
2237 1722 2580 1786 restitutum,
2604 1729 2662 1775 et
2694 1729 3042 1774 mortuorum
3066 1716 3431 1772 resurrectio-

1830 1831 1979 1880 nem,
2009 1823 2065 1868 et
2102 1814 2262 1884 panis
2297 1813 2537 1883 ecpiam,
2562 1821 2619 1867 et
2646 1826 2802 1881 aqua:
2831 1812 2887 1865 in
2913 1808 3105 1864 vinum
3147 1818 3429 1864 transmu-

1832 1906 2097 1960 tationem
2147 1913 2345 1959 caetera
2389 1903 2630 1973 denique
2678 1902 2968 1968 miracula,
3006 1915 3174 1972 opera
3218 1899 3433 1970 1300

1829 2013 1951 2053 esse
1987 1996 2189 2051 divinae
2218 1996 2481 2066 potentiae
2510 1995 2809 2050 credimus.
2849 1993 3033 2061 Quare
3071 2001 3128 2048 et
3161 1992 3273 2063 pati
3303 1992 3431 2046 dico

1831 2091 2013 2160 ipsum
2056 2086 2339 2142 Christum
2386 2085 2718 2149 Dominum,
2762 2091 2820 2138 et
2856 2082 3143 2153 passiones
3190 2081 3430 2137 solvere.

1832 2181 1952 2237 Pati
2010 2180 2236 2250 quidem
2295 2177 2601 2233 secundum
2660 2174 2952 2231 oculorum
3018 2174 3429 2244 receptionem,

1834 2276 1888 2332 id
1951 2284 2038 2331 est
2086 2277 2313 2332 realiter
2366 2276 2671 2331 secundum
2728 2272 3161 2339 homanitatem;
3217 2272 3434 2327 solvere

1832 2386 1968 2427 vero
1994 2370 2280 2440 passiones
2319 2367 2629 2424 secundum
2659 2366 3030 2430 divinitatem,
3058 2364 3435 2436 inexplicabili

1834 2460 2000 2515 modo
2042 2461 2098 2514 in
2146 2461 2267 2530 ipso
2302 2459 2665 2513 habitantem.
2701 2456 2859 2524 Quod
2898 2471 3031 2510 sane
3060 2456 3226 2511 etiam
3251 2470 3438 2509 sacro-

1835 2568 1957 2606 rum
2000 2551 2430 2621 Evangeliorum
2480 2549 2713 2604 historia
2770 2548 3083 2603 luculenter
3132 2545 3379 2602 ostendit
3420 2564 3432 2598 ε

1835 2644 2077 2714 indeque
2112 2642 2381 2697 discimus
2404 2640 2575 2711 quod,
2613 2640 2743 2695 dum
2778 2638 2833 2693 in
2874 2636 3105 2708 praesepi
3137 2637 3348 2708 iaceret
3380 2645 3437 2691 et

1834 2735 2021 2792 fasciis
2058 2736 2395 2807 cingeretur,
2428 2734 2587 2791 stella
2620 2748 2747 2789 eum
2787 2731 3100 2795 nuntiabat,
3132 2730 3272 2801 magi
3302 2745 3438 2786 vero

1837 2829 2175 2894 adorabant,
2226 2838 2285 2883 et
2338 2826 2517 2898 angeli
2563 2824 2895 2888 laudabant;
2957 2832 3125 2894 atque
3179 2824 3436 2893 religiose

1837 2919 2256 2976 consideramus
2309 2917 2460 2988 quod
2504 2914 2785 2985 panniculi
2835 2923 2892 2970 et
2947 2913 3160 2978 fasces,
3195 2915 3437 2985 lectique

1839 3012 2025 3083 inopia
2055 3021 2221 3081 atque
2253 3009 2558 3080 indigentia
2600 3022 2835 3071 summa,
2862 3007 3196 3062 humanitati
3229 3015 3436 3062 convc-

1838 3102 2026 3167 niant;
2070 3102 2352 3171 Magorum
2386 3115 2520 3155 vero
2560 3098 2666 3154 iter
2698 3100 2971 3168 stellaque
3006 3098 3143 3153 illud
3168 3098 3436 3169 dirigens.

1834 3202 1891 3247 et
1920 3191 2244 3261 angelorum
2292 3190 2520 3254 chorus,
2564 3188 2914 3243 divinitatem
2963 3188 3135 3256 illius,
3180 3191 3276 3259 qui
3316 3206 3440 3245 eam

1834 3283 2167 3345 occultabat,
2195 3282 2517 3337 ostendunt.
2566 3281 2658 3335 Sic
2698 3281 2755 3335 in
2796 3280 3090 3352 (Egyptum
3128 3297 3187 3335 se
3217 3283 3438 3349 recipit,

1835 3384 1893 3432 et
1933 3375 2059 3446 fuga
2088 3376 2229 3430 vitat
2258 3374 2496 3430 llerodis
2532 3373 2670 3428 iram
2694 3414 2709 3437 ,
2752 3381 3045 3443 prepterea
3081 3374 3229 3442 quod
3277 3374 3441 3427 homo

1836 3474 1974 3522 erat.
2006 3467 2073 3521 Et
2100 3466 2415 3533 m‘anul'acta
2440 3465 2661 3537 {Egypti
2686 3465 2936 3520 concutit
2964 3464 3109 3519 idola
3135 3464 3443 3519 secundum

1836 3557 2186 3626 prophetam,
2209 3556 2338 3626 quia
2358 3556 2506 3611 Deus
2526 3564 2666 3609 erat.
2691 3554 3148 3621 Circumciditur,
3184 3564 3242 3610 et
3262 3555 3442 3625 legen.

1839 3658 2052 3713 servat,
2094 3658 2151 3704 et
2195 3649 2603 3719 puriﬁcationis
2650 3646 2921 3702 sacriﬁcia
2963 3648 3162 3710 oﬁ'crt,
3207 3647 3334 3715 quia
3378 3662 3445 3701 ex

1838 3742 1992 3797 Jesso
2053 3740 2227 3811 stirpe
2278 3740 2549 3811 originem
2606 3740 2802 3803 traxit;
2862 3748 2918 3793 et
2960 3739 3065 3807 legi
3116 3739 3341 3807 parebat
3387 3750 3446 3792 ut

1843 3836 2029 3900 homo,
2066 3842 2121 3889 et
2152 3834 2328 3903 legem
2378 3821 2601 3886 tandem
2646 3831 2831 3895 solvit,
2871 3836 2925 3883 et
2965 3845 3170 3884 novum
3216 3829 3447 3883 tradidit

1843 3935 2273 3993 testamentum;
2319 3925 2458 3995 legis
2495 3924 2646 3980 enim
2685 3924 2830 3978 lator
2875 3930 3016 3985 erat,
3054 3923 3347 3992 ipsumque
3386 3938 3443 3977 se

1844 4022 2105 4076 daturum
2148 4035 2250 4089 per
2292 4018 2595 4089 prophetas
2637 4016 2920 4087 pollicitus
2958 4025 3097 4070 erat.
3142 4016 3187 4069 A
3235 4014 3446 4069 Joanne

1844 4111 2158 4182 baptizatus
2183 4119 2289 4173 est,
2321 4117 2377 4163 et
2410 4109 2517 4163 hoc
2547 4108 2952 4162 humanitatem
2987 4105 3249 4161 ostendit.
3281 4107 3433 4161 Pater

149 4214 265 4266 ρον.
290 4198 672 4269 Μαρτυρεῖται
710 4197 919 4253 ἀνωθεν
951 4198 1058 4252 ὑπὸ
1101 4197 1197 4251 τοῦ
1232 4198 1467 4269 Πατρὸς,
1502 4199 1597 4252 καὶ
1638 4199 1729 4252 ύπί

1846 4204 1915 4258 de
1940 4218 2005 4259 eo
2037 4201 2200 4257 ﬁdem
2228 4202 2381 4265 facit,
2400 4208 2457 4255 et
2479 4200 2900 4255 demonstratur
2924 4214 2954 4253 a
2980 4197 3192 4267 Spiritu
3221 4206 3441 4261 saneto;

148 4288 249 4342 τοῦ
272 4289 410 4343 Πνεύ
420 4307 588 4359 ματος
604 4290 902 4344 δείκνυται·
926 4290 1087 4343 τοῦτο
1104 4290 1368 4362 κηρύττει
1394 4290 1486 4344 τὸν
1504 4291 1744 4363 προαιὼο

1848 4296 1954 4349 hoc
1978 4293 2241 4364 praedicat
2276 4301 2404 4347 ante
2437 4292 2637 4346 saecula
2668 4291 2850 4360 ipsum
2882 4288 3075 4344 fuisse.
3100 4289 3265 4343 Fame.
3296 4288 3445 4341 Iaho-

151 4395 287 4433 νιον.
349 4380 701 4452 Ἐπείνησεν,
753 4381 890 4435 ἀλλὰ
961 4384 1058 4435 καὶ
1113 4382 1315 4447 πολλὰς
1372 4382 1619 4454 χιλιάδας
1681 4386 1729 4437 ὲ)

1850 4388 2012 4451 ravit,
2039 4387 2135 4442 sed
2171 4395 2228 4441 et
2258 4386 2430 4459 multa
2456 4385 2629 4439 millia
2655 4385 2901 4454 quinque
2928 4382 3163 4451 replevit
3187 4379 3443 4449 panibus.

153 4472 318 4527 πέντε
366 4473 550 4544 ἄρτων
582 4474 828 4545 ὲκόρεσε·
868 4472 1030 4529 τοῦτο
1058 4473 1221 4538 θεῖον,
1256 4477 1431 4529 ἐκεῖνο
1461 4475 1729 4545 ἀνθρώπια

1848 4480 1963 4535 Hoc
1992 4480 2276 4544 divinum;
2310 4478 2447 4532 illud
2475 4478 2778 4532 humanum
2801 4482 2907 4531 est.
2936 4474 3037 4530 Siti
3074 4472 3367 4535 laboravit,
3392 4481 3445 4525 «ει

152 4580 264 4615 νον.
315 4562 566 4634 Ἐδίψησε
595 4564 689 4617 καὶ
710 4563 911 4635 ᾔτησεν
930 4564 1096 4636 ὓδωρ,
1135 4564 1273 4617 ἀλλὰ
1304 4566 1455 4635 πηγὴ
1479 4560 1548 4635 ἦν
1579 4563 1746 4633 ζωῆς·

154 4647 253 4702 καὶ
278 4647 338 4701 τὺ
371 4651 469 4719 μὲν
507 4646 575 4721 ἦν
604 4649 705 4721 τῆς
742 4649 1092 4721 ἀνθρωπίνης
1133 4652 1443 4719 ἀσθενείας,
1472 4654 1533 4707 τὸ
1562 4653 1619 4707 δὲ
1648 4655 1749 4726 τῆς

154 4740 308 4803 θείας
349 4740 650 4812 δυνάμεως.
702 4742 1100 4814 Ἐκαθεύδησεν
1141 4746 1198 4798 ὲν
1238 4744 1316 4816 τῷ
1360 4746 1563 4817 πλοίῳ,
1611 4746 1750 4800 ἀλλὰ

160 4833 257 4886 καὶ
282 4831 378 4902 τῆς
402 4832 673 4903 θαλάττης
697 4835 797 4905 τὴν
813 4834 981 4906 ζάλην
998 4836 1261 4909 ἐκοίμησε
1282 4854 1293 4867 ·
1322 4837 1480 4891 τοῦτο
1504 4839 1617 4907 (ﬁl)
1648 4839 1747 4907 τῆς

160 4922 408 4995 παθητῆς
452 4924 689 4995 φύσεως,
734 4929 912 4981 ἐκεῖνο
948 4927 1050 4996 τῆς
1089 4929 1382 5000 ποιητικῆς
1418 4929 1513 4982 καὶ
1575 4930 1740 4999 δημι-

160 5016 421 5088 ουργικῆς
465 5016 561 5071 καὶ
596 5018 699 5088 τῆς
735 5022 847 5083 τοῖς
881 5021 1019 5075 πᾶσι
1048 5021 1111 5074 τὸ
1142 5017 1282 5075 εἶναι
1322 5021 1740 5093 δωρησαμένης.

174 5106 461 5163 Ἐκοπίασε
492 5107 738 5179 βαδίσας,
789 5109 928 5164 ἀλλά
956 5114 1050 5165 καί
1070 5111 1277 5183 χωλοὺς
1300 5113 1600 5182 ἀρτίποδας
1631 5115 1745 5183 sip-

118 5206 119 5209 “
162 5198 387 5268 γάσατο,
430 5200 526 5253 καὶ
546 5201 775 5270 νεκροὺς
792 5200 859 5254 ὲκ
890 5202 999 5255 τῶν
1021 5203 1208 5272 τάφων
1234 5204 1529 5275 ἀνέστησε·
1560 5205 1654 5258 καὶ
1687 5203 1747 5258 τὸ

171 5292 267 5363 μὲν
294 5286 360 5361 ἦν
382 5292 479 5363 τῆς
510 5292 889 5365 ύπερκοσμίου
915 5294 1223 5366 δυνάμεως,
1252 5297 1314 5349 τὺ
1338 5296 1394 5350 δὲ
1419 5299 1520 5369 τῆς
1546 5299 1577 5366 ἡ
1588 5296 1746 5365 μετέ-

174 5399 269 5455 ρας
332 5382 636 5448 ἀσθενείας.
727 5384 1022 5439 Ἐδειλίασε
1078 5386 1329 5451 θάνατον,
1400 5390 1493 5441 καὶ

1588 5387 1746 5440 ἔλυσε

239 5537 283 5568 ⁸⁸
308 5537 463 5593 Joan.
490 5555 544 5603 χ,
579 5538 662 5593 18.
741 5539 784 5571 ³⁸
808 5540 998 5597 Matth.
1028 5557 1086 5607 ll,
1112 5542 1203 5598 ‘20.
1281 5546 1322 5575 ’⁷
1350 5543 1485 5600 Luc.
1522 5562 1581 5611 ιι,
1614 5543 1700 5597 lii.

374 5709 697 5772 γιγνομαντι,
737 5698 1221 5772 και-αὐξανομένη.
1250 5700 1422 5757 Mans.

237 5760 342 5833 (60)
371 5760 759 5839 ἐϐεϐλαστηκει
794 5760 961 5825 Mans.

1848 4592 2047 4647 aquam
2086 4576 2264 4645 petiit,
2291 4573 2385 4629 sed
2420 4582 2540 4628 erat
2578 4571 2704 4626 fons
2730 4571 2885 4638 vitae;
2919 4570 3160 4641 primum
3194 4568 3448 4621 humanae

1849 4665 2265 4730 imbecillitatis,
2285 4663 2591 4718 secundum
2628 4677 2761 4717 vero
2789 4660 2998 4733 1301
3026 4660 3227 4715 divinae
3254 4666 3448 4728 poten—

1849 4758 1939 4812 tite
1995 4763 2099 4811 est.
2143 4753 2414 4810 Dormivit
2458 4754 2511 4808 in
2561 4754 2725 4818 navi,
2776 4752 2874 4808 sed
2920 4759 2978 4807 et
3025 4750 3192 4804 maris
3236 4746 3450 4804 sedavit

1849 4844 2168 4915 procellam.
2206 4842 2455 4898 Alterum
2490 4843 2755 4913 patientis
2787 4849 3000 4897 naturae
3028 4848 3112 4896 est
3138 4839 3447 4910 proprium,

1850 4935 2086 4988 alterum
2128 4933 2383 4988 convenit
2416 4943 2628 4988 natura:
2660 4931 2944 4996 ellicienti,
2987 4936 3043 4985 et
3086 4928 3364 4993 creatrici,
3395 4937 3453 4981 et

1849 5040 1973 5095 qua:
1998 5032 2196 5079 cuncta
2231 5031 2292 5078 ut
2329 5024 2660 5079 exsisterent
2694 5022 2843 5078 fecit.
2872 5020 3222 5077 Ambulando
3252 5018 3449 5075 defati-

1844 5124 2004 5187 gatus
2038 5126 2143 5176 est.
2182 5116 2277 5170 sed
2314 5115 2541 5171 claudos
2564 5114 2729 5169 etiam
2762 5114 2997 5181 sanavit,
3024 5120 3082 5167 et
3107 5121 3357 5167 mortuos
3384 5128 3453 5166 ex

1846 5208 2116 5277 sepulcris
2138 5208 2417 5262 excitavit.
2456 5207 2573 5262 Hoc
2597 5205 2862 5276 potentiae
2893 5215 3014 5262 erat
3053 5204 3276 5267 divinae,
3315 5202 3448 5256 illud

1847 5312 2049 5355 nostrae
2083 5300 2408 5355 debilitatis.
2449 5300 2673 5354 Timore
2707 5299 2903 5353 mortis
2932 5297 3225 5368 perculsus
3255 5301 3359 5359 est,
3395 5300 3449 5349 et

1848 5401 2081 5447 mortem
2114 5390 2309 5457 solvit;
2343 5391 2580 5447 alterum
2625 5389 2875 5445 mortalis
2915 5395 2999 5442 est
3042 5386 3280 5455 signum,
3311 5385 3449 5438 altc~

1929 5698 2040 5763 (ﬁt)
2090 5698 2457 5754 Scrihendum
2515 5705 2631 5751 erat
2666 5697 2881 5751 εὲκεῖνο
2944 5698 3041 5766 μὲν
3089 5713 3135 5748 τ.

1858 5771 2015 5825 nam
2043 5771 2092 5824 ξέ
2132 5770 2225 5841 τῆς
2254 5784 2434 5840 πθετῖτ·
2476 5784 2525 5819 κ’
2565 5768 2614 5823 δ’

3206 5712 3263 5749 π.
3320 5712 3449 5764 φυτ.
