4086 6326
192 350 341 425 M33

1575 362 1943 425 EPISTOLA
1975 364 2116 424 CLI.

3348 356 3491 428 1.436

184 472 283 525 λιν
309 465 459 540 φωνὴ
482 424 864 538 θάγαλλιάσεως
892 468 987 523 καί⁵
1027 467 1396 541 σωτηρίαςὲν
1442 473 1671 542 σκηναῖς
1710 473 1790 522 6t-

1905 469 2241 527 humiliasti:
2289 468 2471 535 annis,
2517 470 2723 539 quibus
2754 469 2999 527 vidimus
3038 468 3183 526 mala
3212 468 3283 525 ⁸³.
3323 488 3344 523 ι
3375 469 3489 528 Vos

194 560 387 614 παίων.
419 558 554 613 Τότε
586 560 682 614 καὶ
704 562 867 632 ἡμεῖς
903 560 1174 633 βοήσομεν
1203 561 1341 634 πρὸς
1376 562 1538 617 αὐτόν
1566 580 1580 593 ·
1630 580 1650 613 ε
1682 562 1785 615 E6-

189 650 514 721 φράνθημεν
537 651 654 706 ἀνθ’
686 644 760 705 ὧν
780 654 1007 723 ἡμερῶν
1035 654 1408 718 ὲταπείνωσας
1441 655 1589 725 ἡμᾶς
1644 652 1782 724 (70),

187 741 333 794 ἐτῶν
355 737 432 798 ὧν
461 744 680 815 εἴδομεν
704 744 871 800 κακά.
913 763 932 795 ι
966 746 1076 798 Kal.
1114 747 1272 816 ὑμεῖς
1297 746 1355 799 δὲ
1387 747 1487 815 τῆς
1512 746 1784 817 αἰτήσεως

185 832 469 902 τυχόντες,
504 834 879 913 ἀνυμνρῦντες
904 837 1067 889 αὐτὸν
1090 838 1266 908 ἐρεῖτε
1304 854 1319 869 ·
1357 854 1377 889 ι
1407 836 1716 906 Εὐλογητὸς
1754 836 1784 887 6

1893 571 2078 618 autem
2104 562 2253 616 nacti
2298 561 2753 632 postulationem,
2783 562 3073 618 laudantes
3092 577 3219 617 eum
3245 559 3443 617 dicetis
3472 577 3487 615 :

1900 673 1918 706 ι
1955 654 2287 709 Benedictus
2323 654 2611 719 Dominus,
2661 653 2759 724 qui
2813 668 2925 709 non
2960 654 3167 709 amovit
3207 652 3490 708 orationes

1892 753 2132 809 nostras,
2163 752 2221 798 et
2251 743 2692 799 misericordiam
2718 760 2873 800 suam
2902 760 2934 800 a
2966 744 3237 801 nobis.Ei‘
3266 742 3340 799 sit
3367 741 3489 813 glo-

1895 834 1978 887 ria
2000 833 2059 888 in
2082 834 2305 890 saecula.
2340 834 2516 890 Amen
2542 836 2609 889 “.
2653 853 2671 887 ι

186 923 332 988 Θεὸς
358 924 416 989 ὃς
452 928 553 982 οὐκ
589 928 870 1000 ἀπέστησε
903 930 1003 1001 τὴν
1028 929 1335 1002 προσευχὴν
1383 930 1564 1002 ἡμῶν,
1598 931 1692 984 καὶ
1721 928 1782 983 τὸ
1819 926 1966 991 ἔλεος
1989 928 2155 982 αὐτοῦ
2189 929 2281 997 ἀφ’
2312 928 2491 1001 ήμῶνέ
2522 928 2683 1000 Αὐτῷ
2707 932 2741 1001 ή
2801 928 2929 994 δόξα
2987 929 3069 994 είς
3096 930 3223 994 τοὺς
3255 926 3485 991 αιῶνας.

201 1011 405 1091 Ἀμήν.
448 1040 466 1072 ι

187 1129 332 1185 Ὀτι
358 1132 455 1185 καί
484 1133 635 1202 μετὰ
669 1134 784 1199 τὴν
819 1134 1281 1202 ἐνανθρώπησιν
1311 1128 1403 1201 εἷς
1454 1139 1582 1203 ι’ἰος
1616 1155 1647 1189 0
1672 1130 1786 1190 Κύ-

534 1220 670 1271 ριος
693 1205 865 1273 ἡμῶν
904 1205 1146 1271 Ἰησοῦς
1170 1206 1442 1274 Χριστός.

274 1312 338 1364 Oi
366 1311 463 1375 τὰς
494 1312 618 1367 καθ’
667 1314 824 1384 ἡμῶν
859 1315 1228 1383 συκοφαντίας
1260 1316 1671 1373 συντεθεικότες
1706 1314 1787 1376 εἰς

186 1403 295 1456 δύο
336 1404 578 1474 μερίζειν
598 1407 745 1476 ἡμᾶς
774 1423 937 1475 φασιν
961 1406 1075 1477 (71)
1108 1408 1257 1472 υίοίις
1299 1408 1389 1461 τὸν
1438 1408 1553 1461 ἕνα
1581 1405 1789 1477 Κύριον

190 1494 359 1565 ἡμῶν
395 1496 604 1565 Ἰησοῦν
630 1497 887 1569 Χριστόν.
921 1498 1111 1568 Ἡμεῖς
1140 1498 1196 1551 δὲ
1229 1497 1483 1552 τοσοῦτον
1513 1497 1791 1567 ἀπέχομεν

189 1584 299 1637 τοῦ
340 1584 516 1640 ταῦτα
554 1590 793 1659 φρονεῖν,
824 1590 907 1641 ὃτι
942 1590 1036 1643 καὶ
1083 1590 1209 1653 τούς
1238 1590 1410 1643 ταῦτα
1447 1589 1627 1658 λέγειν
1668 1587 1792 1640 τολ-

194 1675 425 1747 μῶντας
471 1678 582 1749 (72)
617 1680 954 1745 δυσσεϐείας,
978 1681 1323 1751 γραφόμεθα.
1356 1681 1495 1733 Ἕνα
1526 1680 1634 1751 γὰρ
1664 1679 1791 1731 Υίὸν

1960 1134 2172 1207 1307
2183 1132 2367 1207 _Qtlod
2395 1144 2445 1207 et
2474 1144 2589 1207 post
2618 1134 2967 1207 humanitatis
2980 1141 3435 1207 ἀεσιιπιριιοηετη,

1957 1201 2151 1258 unicis
2176 1203 2344 1258 Filius
2371 1206 2441 1259 sit
2470 1201 2728 1258 Dominus
2759 1211 2939 1257 noster
2966 1201 3121 1257 Iesus
3153 1203 3415 1260 Christus.

1965 1314 2068 1382 Qui
2105 1315 2410 1380 calumnias
2456 1316 2513 1371 in
2556 1330 2661 1371 nos
2699 1315 3093 1381 contulerunt,
3132 1315 3187 1369 in
3225 1314 3367 1371 duos
3400 1314 3489 1371 dt-

1899 1416 2033 1463 cunt
2073 1407 2217 1462 ﬁlios
2233 1423 2335 1463 nos
2351 1408 2604 1463 dividere
2640 1406 2866 1461 unicum
2904 1405 3198 1461 Dominum
3236 1416 3488 1463 nostrum

1896 1502 2083 1555 .lesum
2105 1499 2407 1555 Christum.
2441 1499 2643 1555 Verum
2669 1506 2881 1555 tantum
2927 1497 3086 1553 abest
3134 1506 3198 1553 ut
3228 1513 3331 1553 nos
3361 1498 3488 1553 talia

1900 1591 2226 1663 cogitemus,
2256 1597 2319 1645 ut
2346 1598 2404 1649 et
2424 1590 2549 1645 illos
2571 1590 2664 1661 qui
2689 1605 2754 1644 ea
2784 1589 2971 1645 dicere
2987 1589 3214 1654 audent,
3238 1589 3491 1661 impieta-

1899 1683 1970 1737 tis
1994 1695 2335 1735 accusemus.
2368 1680 2503 1735 Nam
2530 1679 2756 1735 unicum
2773 1680 2975 1734 Filium
3010 1679 3266 1735 venerari
3286 1695 3318 1733 a
3334 1695 3491 1736 sacra

192 1766 359 1837 παρὰ
417 1767 521 1838 τῆς
566 1768 715 1833 θείας
764 1770 991 1840 Γραφῖκ
1020 1750 1363 1841 προσκυνεῖν
1406 1750 1788 1839 ἐδιδάχθημεν,

1905 1774 2186 1845 Scriptura
2209 1774 2394 1831 edocti
2426 1789 2639 1839 sumus,
2675 1774 2971 1828 Dominum
3006 1774 3221 1828 scilicet
3237 1780 3491 1826 nostrum

188 1856 295 1908 ’τὸν
345 1854 548 1924 Κύριον
600 1856 759 1927 ἡμῶν
812 1856 1024 1927 Ἰησοῦν
1071 1857 1328 1928 Χριστὸν,
1374 1856 1466 1909 τὸν
1519 1855 1787 1927 μονογενῆ

193 1944 333 1997 Υίδν
376 1944 473 1998 τοῦ
528 1944 688 2012 Θεοῦ,
732 1945 825 2000 τὸν
865 1946 1364 2019 ὲνανθρωπήσαντα
1411 1948 1543 2003 Θεὸν
1582 1949 1788 2016 Λόγον·

191 2037 296 2092 τὸν
338 2038 447 2108 γὰρ
487 2039 649 2092 αὐτὸν
687 2039 1091 2110 ὁμολογοῦμεν,
1131 2041 1227 2093 καὶ
1264 2040 1397 2094 Θεὸν
1445 2040 1789 2111 προαιώνιον,

196 2130 302 2182 καὶ
332 2129 620 2201 ἄνθρωπον
652 2130 740 2185 διὰ
773 2131 876 2203 τὴν
912 2131 1020 2186 τῶν
1052 2131 1360 2204 ἀνθρώπων
1404 2134 1679 2204 σωτηρίαν
1706 2133 1791 2184 ἐπ’

194 2220 449 2291 ἐσχάτων
480 2221 595 2292 (75)
634 2222 744 2275 τῶν
779 2221 1002 2293 ἡμερῶν
1038 2224 1330 2294 γενόμενον
1356 2236 1369 2252 ·
1419 2223 1710 2293 γενόμενον
1736 2222 1794 2273 δὲ

195 2315 489 2384 ἄνθρωπον
526 2315 588 2369 οὐ
619 2316 685 2386 τῇ
719 2297 893 2387 τροπῇ
929 2317 1026 2388 τῆς
1058 2319 1333 2389 θεότητος,
1366 2318 1505 2371 ἀλλὰ
1534 2321 1601 2388 τῇ
1628 2334 1796 2389 προσ-

196 2407 366 2475 λήψει
416 2407 515 2475 τῆς
560 2406 1002 2476 ἀνθρωπότητος.
1059 2410 1363 2480 ’Λτρεπτον
1408 2407 1519 2479 γὰρ
1549 2408 1660 2478 ἕχει
1695 2408 1794 2476 τὴν

193 2498 307 2567 τῆς
331 2497 584 2568 θεότητος
619 2500 779 2567 φύσιν
809 2499 901 2553 καὶ
933 2499 1316 2573 ἀναλλοίωτον,
1348 2499 1603 2570 καθάπερ
1632 2500 1660 2551 6
1690 2499 1796 2569 πρὸ

194 2589 315 2642 τῶν
341 2587 551 2643 αἰώνων
581 2590 847 2660 γεννήσας
874 2591 1037 2643 αὐτὸν
1064 2592 1277 2660 Πατὴρ,
1307 2591 1401 2643 καὶ
1431 2591 1569 2661 ὅπερ
1600 2590 1665 2643 ἄν
1710 2606 1794 2652 τις

198 2687 300 2739 ἐπὶ
326 2688 424 2757 τῆς
449 2684 541 2739 τοῦ
572 2686 784 2758 Πατρὸς
810 2687 999 2749 οὐσίας
1028 2688 1263 2758 νοήσειε,
1307 2685 1403 2739 καὶ
1448 2685 1539 2737 ἐπὶ
1570 2684 1669 2753 τῆς
1698 2682 1794 2735 τοῦ

198 2776 547 2846 Μονογενοῦς
576 2777 736 2830 τοῦτο
766 2776 987 2840 πάντως
1016 2778 1261 2847 εὑρήσει.
1312 2776 1403 2841 Ἐξ
1436 2774 1656 2846 ἐκείνης
1688 2773 1797 2845 γὰρ

200 2868 308 2939 τῆς
332 2868 520 2931 οὐσίας
547 2867 889 2938 γεγέννηται.
918 2869 1028 2921 Καὶ
1056 2868 1217 2921 τοῦτο
1237 2867 1506 2921 διδάσκων
1538 2868 1567 2918 6
1592 2866 1797 2936 Κύριος

204 2961 315 3031 ἔφη
344 2960 419 3032 τῷ
458 2961 711 3032 Φιλίππῳ
743 2978 758 2992 ·
811 2981 828 3013 ι
871 2961 929 3013 '0
975 2961 1237 3031 ἑωρακὼς
1288 2960 1411 3032 ἐμὲ,
1460 2960 1672 3033 ἑώρακε
1706 2959 1797 3013 τὸν

206 3051 458 3120 Πατέρα.
496 3069 514 3103 ι
554 3052 665 3104 Καὶ
700 3051 861 3105 πάλιν
902 3050 1130 3139 ἑτέρωθι
1154 3068 1169 3083 ·
1207 3068 1227 3101 ι
1264 3051 1456 3141 ,Πάντα
1486 3052 1586 3103 ὅσα
1626 3049 1744 3119 ἔχει
1769 3051 1797 3102 6
1828 3084 1871 3141 ο

210 3143 426 3214 Πατὴρ,
482 3142 594 3213 ὲμά
632 3144 771 3196 ἐστι.
815 3161 834 3193 ι
892 3128 1001 3196 Kal.
1049 3140 1322 3213 ἀλλαχοῦ·
1378 3160 1396 3193 ι
1435 3142 1578 3209 Ἐγὼ
1626 3141 1724 3195 καὶ
1773 3143 1801 3194 6

210 3232 404 3303 Πατὴρ
427 3232 484 3285 ἓν
512 3235 700 3303 ἐσμεν.
740 3253 756 3284 ι
792 3232 904 3285 Καὶ
943 3231 1107 3302 ἔτερα
1134 3232 1191 3284 δὲ
1227 3230 1398 3305 μυρία
1430 3230 1576 3286 ἔστιν
1616 3232 1803 3302 εὑρεῖν

206 3324 273 3376 τὸ
296 3324 492 3376 ταυτὸν
520 3323 619 3393 τῆς
662 3322 850 3385 οὐσίας
880 3320 1216 3391 σημαίνοντα

287 3410 422 3476 Θεδς
457 3413 556 3480 μὲν
602 3407 697 3465 οῦν
736 3412 837 3466 οὐκ
885 3411 1125 3479 ἐγένετο,
1162 3412 1275 3464 ἀλλ’
1306 3409 1412 3484 ἦν·
1465 3430 1483 3463 ι
1529 3414 1619 3465 Ἐν
1649 3413 1791 3482 ἀρχῇ

211 3505 449 3576 γὰρ(74)
466 3502 533 3577 ἦν
551 3507 578 3558 ό
608 3505 803 3574 Λόγος,
827 3504 921 3558 καὶ
948 3508 974 3557 6
998 3506 1171 3573 Λόγος
1186 3501 1252 3577 ἦν
1267 3505 1401 3577 πρὸς
1424 3505 1514 3558 τὸν
1534 3504 1687 3569 Θεὸν,
1714 3505 1807 3557 καὶ

212 3600 350 3662 Θεὸς
381 3595 450 3670 ἦν
477 3600 505 3651 6
538 3598 727 3667 Λόγος.
770 3617 788 3649 ι
832 3598 1156 3669 Ἀνθρωπος
1194 3599 1251 3652 δὲ
1284 3600 1383 3652 οὐκ
1408 3592 1497 3668 ἦν,
1534 3598 1650 3650 ἀλλ’
1682 3597 1805 3665 ἐγέ-

213 3709 360 3755 νετο,
387 3691 605 3759 ἐγένετο
633 3691 691 3744 δὲ
717 3689 1042 3761 προσλαϐὼν
1072 3690 1132 3742 τὸ
1161 3690 1429 3760 ἡμέτερον
1454 3707 1467 3719 ·
1500 3690 1659 3744 τοῦτο
1700 3691 1805 3759 γὰρ

214 3784 244 3834 ὁ
276 3781 549 3851 μακάριος
582 3780 684 3851 ἔφη
718 3779 955 3844 Παῦλος·
987 3799 1004 3832 ι
1037 3782 1135 3843 Ὃς
1161 3782 1218 3831 ἐν
1252 3781 1433 3850 μορφῆ
1461 3778 1596 3831 Θεοῦ
1628 3779 1806 3849 ὑπάρ-

186 3892 351 3945 χων,
381 3876 477 3943 οὐχ
508 3873 798 3944 ἁρπαγμὸν
827 3874 1072 3944 ἡγήσατο
1106 3872 1167 3925 τὸ
1206 3868 1346 3925 εἶναι
1394 3874 1484 3924 ἴσα
1516 3871 1652 3942 Θεῷ,
1690 3872 1806 3925 ἀλλ’

214 3969 416 4020 ἑαυτὸν
436 3965 693 4026 ὲκένωσε,
721 3966 936 4033 μορφὴν
959 3963 1147 4015 δούλου
1176 3962 1380 4017 λαϐὼν.
1411 3982 1428 4013 ι
1460 3963 1571 4015 καὶ
1602 3962 1766 4015 πάλιν
1789 3978 1802 3993 ·

221 4077 242 4109 ‹
278 4057 354 4110 Οὐ
391 4055 498 4125 γὰρ
522 4055 690 4126 δήπου
716 4055 965 4122 ἀγγέλων
990 4054 1447 4124 ἐπιλαμϐάνεται,
1474 4052 1611 4106 ἀλλὰ
1636 4054 1805 4124 σπέρ-

219 4163 396 4218 ματος
428 4144 679 4217 Ἀϐραὰμ
707 4144 1164 4215 ἐπιλαμϐάνεται.
1197 4165 1214 4196 ι
1243 4146 1354 4197 Καὶ
1379 4142 1535 4209 αὖθις
1557 4163 1569 4177 ·
1601 4165 1619 4198 ‹
1658 4147 1809 4199 Ἐπεὶ

214 4238 317 4295 οὖν
369 4241 435 4293 τὰ
488 4239 671 4293 παιδία
722 4236 1090 4308 κεκοινώνηκε
1155 4237 1357 4309 σαρκὸς
1405 4239 1498 4291 καὶ
1551 4238 1805 4307 αἵματος,

217 4332 624 4404 παραπλησίως
658 4331 754 4386 καὶ
782 4330 943 4393 αὐτὸς
967 4330 1198 4401 μετέσχε
1229 4331 1336 4383 τῶν
1366 4328 1565 4383 αὐτῶν.
1596 4346 1613 4380 ι
1652 4326 1810 4383 Οὐτω

1894 1867 2083 1922 Jesum
2119 1865 2427 1930 Christum,
2469 1864 2822 1936 unigenitum
2859 1865 3060 1919 Filium
3094 1864 3215 1929 Dei,
3247 1864 3491 1921 Verbum

1895 1960 2088 2023 Deum,
2124 1959 2273 2029 quod
2298 1959 2601 2013 humanum
2628 1974 2830 2030 corpus
2860 1959 3190 2033 assumpsit,
3219 1972 3285 2012 ac
3305 1957 3490 2027 ipsum

1895 2050 2069 2105 Deum
2087 2065 2208 2105 esse
2230 2049 2629 2119 sempiternum
2651 2048 2911 2115 fatemur,
2930 2057 2989 2105 et
3005 2048 3289 2103 hominem
3308 2052 3495 2102 extre-

1896 2124 2378 2213 misltemporibus
2398 2139 2628 2205 factum,
2652 2142 3136 2215 proptersalutem
3158 2138 3445 2195 hominum
3477 2155 3491 2191 :

1896 2234 2101 2286 factum
2134 2240 2343 2297 autem,
2380 2246 2492 2287 non
2526 2230 2837 2285 mutatione
2878 2229 3210 2295 divinitatis,
3252 2227 3351 2284 sed
3391 2228 3497 2282 bu-

1896 2322 2045 2376 mani
2092 2321 2346 2392 corporis
2395 2320 2818 2391 assumptione;
2874 2317 3276 2373 immutabilem
3326 2315 3497 2370 habet

1898 2412 2207 2468 divinitatis
2231 2421 2506 2478 naturam,
2534 2426 2718 2481 neque
2752 2408 3126 2465 vicissitudini
3165 2408 3493 2479 subiectam,

1898 2500 2366 2569 quemadmodum
2400 2500 2585 2565 Pater,
2627 2500 2724 2570 qui
2771 2515 2901 2555 eum
2935 2506 3065 2555 ante
3105 2498 3304 2554 saecula
3332 2512 3495 2567 gene~

1899 2592 2071 2657 ravit;
2121 2601 2177 2647 et
2230 2590 2507 2661 quidquid
2556 2591 2627 2648 de
2671 2592 2851 2647 Patris
2891 2599 3090 2645 natura
3140 2588 3494 2660 intelligitur,

1899 2680 2069 2737 etiam
2101 2681 2157 2735 in
2190 2681 2471 2753 Unigeniti
2500 2690 2701 2737 natura
2756 2682 2985 2737 omnino
3038 2681 3341 2745 invenitur,
3368 2695 3496 2735 cum

1900 2788 1968 2827 ex
1997 2772 2192 2827 eadem
2210 2780 2372 2827 natus
2397 2772 2470 2827 sit
2503 2781 2702 2828 natura
2743 2790 2757 2828 :
2803 2774 3023 2843 hocque
3069 2771 3280 2828 docens
3304 2772 3495 2827 Domi-

1856 2880 1867 2889 '
1900 2879 2027 2927 nus,
2060 2863 2201 2917 dixit
2226 2862 2527 2931 Philippo:
2578 2881 2597 2915 ι
2627 2863 2730 2930 Qui
2773 2862 2925 2918 videt
2960 2878 3071 2927 me,
3110 2861 3266 2919 videt
3300 2870 3355 2916 et
3390 2862 3496 2916 Pa-

1902 2965 2045 3011 trem
2069 2954 2137 3009 ".
2176 2974 2193 3006 ι
2232 2953 2302 3010 Et
2324 2953 2528 3010 iterum
2554 2952 2816 3011 aliunde:
2852 2971 2870 3007 ι
2906 2952 3105 3010 Omnia
3153 2967 3499 3025 qutecunqne

1902 3044 2071 3098 habet
2102 3044 2286 3109 Pater,
2310 3058 2434 3098 mea
2460 3036 2599 3099 sunt
2626 3045 2699 3099 ⁵⁸.
2740 3063 2758 3096 ι
2806 3044 2873 3099 Et
2904 3044 3075 3099 alibi:
3116 3063 3134 3095 ι
3170 3032 3285 3115 Ego
3311 3052 3367 3099 et
3399 3045 3498 3098 Pa-

1910 3146 1994 3191 ter
2048 3151 2218 3190 unum
2259 3152 2452 3192 sumus
2491 3137 2560 3192 ⁸⁷.
2601 3156 2619 3189 ι
2674 3137 2740 3192 Et
2783 3136 2891 3192 alia
2931 3137 3224 3191 innumera
3261 3134 3497 3191 inveniri

1908 3238 2157 3300 possunt,
2186 3245 2308 3299 quae
2335 3238 2545 3302 natura:
2568 3231 2881 3302 signiﬁcant
2916 3232 3381 3288 convenientiam.

1978 3417 2124 3471 Deus
2167 3415 2337 3487 igitur
2388 3417 2619 3474 minime
2668 3420 2847 3475 factus
2896 3430 3001 3485 est,
3041 3419 3137 3475 sed
3172 3432 3293 3475 erat
3328 3439 3341 3474 :
3386 3440 3403 3472 ι
3438 3420 3500 3475 In

1909 3507 2181 3577 principio
2205 3508 2353 3561 enim
2396 3518 2517 3563 erat
2538 3510 2806 3575 Verbum,
2838 3521 2893 3567 et
2923 3504 3167 3567 Verbum
3196 3526 3315 3568 erat
3356 3515 3501 3583 apud

1909 3599 2104 3660 Deum,
2132 3606 2189 3653 et
2217 3598 2362 3652 Deus
2397 3607 2518 3653 erat
2545 3600 2790 3655 Verbum
2818 3602 2884 3656 ³⁸.
2928 3620 2947 3654 ι
2996 3603 3172 3658 Homo
3214 3620 3350 3658 vero
3390 3621 3500 3658 non

1908 3689 2156 3752 erat,sed
2183 3689 2359 3743 factus
2378 3698 2497 3755 est;
2529 3690 2908 3746 factusautem
2941 3702 3308 3758 est,nostram
3350 3711 3505 3750 assu-

1910 3796 2065 3835 mens
2084 3786 2359 3845 naturam;
2389 3778 2561 3834 ethoc
2586 3779 2781 3845 beatus
2796 3782 2999 3837 Paulus
3024 3784 3162 3837 dixit
3187 3802 3231 3837 ει
3252 3785 3501 3851 Quicum

1911 3874 1965 3928 in
2000 3872 2175 3927 forma
2201 3871 2296 3925 Dei
2344 3880 2509 3937 esset,
2539 3889 2650 3926 non
2675 3874 2925 3943 rapinam
2951 3875 3167 3945 1308
3197 3878 3503 3933 arbitratus

1910 3974 1995 4021 est
2029 3980 2150 4019 esse
2178 3979 2235 4018 se
2264 3964 2531 4033 :equalem
2573 3965 2708 4027 Deo,
2737 3966 2834 4021 sed
2862 3967 3220 4037 semetipsum
3249 3969 3501 4023 exinani-

1910 4059 2010 4121 vit,
2039 4057 2270 4112 formam
2296 4056 2441 4111 servi
2469 4058 2749 4127 accipiens
2779 4060 2844 4114 ¹⁹.
2880 4079 2897 4111 ι
2927 4061 2996 4116 Ει
3030 4062 3232 4116 iterum
3260 4078 3274 4117 :
3320 4081 3338 4113 ι
3364 4062 3507 4117 Nus-

1911 4165 2075 4220 quam
2105 4148 2253 4203 enim
2282 4148 2505 4218 angelos
2533 4151 2921 4219 apprehendit,
2962 4152 3057 4207 sed
3086 4169 3275 4208 semen
3326 4153 3504 4208 Abra-

1912 4241 1996 4296 hte
2025 4238 2395 4310 apprehendit
2427 4240 2496 4293 ⁶⁰.
2533 4260 2551 4292 ι
2608 4241 2676 4295 Ει
2706 4241 2928 4297 denuo:
2957 4263 2989 4294 .‹
3023 4242 3162 4310 Quia
3188 4260 3320 4315 ergo
3347 4244 3505 4314 pueri

1912 4330 2461 4397 communicaverunt
2486 4332 2637 4385 carni
2659 4340 2717 4387 et
2745 4333 3020 4403 sanguini,
3052 4342 3111 4388 et
3153 4334 3271 4404 ipse
3306 4333 3506 4388 simili-

219 4427 323 4482 καὶ
357 4425 596 4495 παθητὸς
626 4420 695 4496 ἦν
732 4426 826 4477 καὶ
861 4423 1097 4493 ἀπαθὴς,
1131 4424 1225 4475 καὶ
1255 4422 1447 4491 θνητὸς
1478 4420 1573 4475 καὶ¹
1610 4422 1802 4475 ἀθάνα-

1913 4434 1997 4479 ter
2037 4424 2386 4493 participavit
2420 4422 2630 4478 eisdem
2662 4425 2728 4479 δι.
2762 4444 2778 4476 ι
2814 4425 2905 4480 Sic
2934 4436 2990 4481 ct
3024 4426 3348 4496 impatibilis
3386 4436 3510 4481 erat

219 4534 351 4581 τος·
390 4516 629 4586 παθητὸς
662 4517 760 4586 μὲν
800 4517 896 4568 καὶ
934 4514 1126 4584 θνητὸς
1154 4513 1229 4577 ὡς
1256 4514 1565 4584 ἄνθρωπος,
1599 4514 1815 4583 ἀπαθὴς

219 4611 287 4665 δὲ
322 4610 417 4663 καὶ
457 4609 726 4670 ἀθάνατος
759 4607 835 4670 ὡς
874 4607 1027 4669 Θεός.
1071 4607 1158 4669 Ὠς
1184 4606 1294 4676 γὰρ
1332 4606 1465 4669 Θεὸς
1503 4606 1603 4676 τὴν
1639 4606 1817 4676 σάρκα

220 4701 329 4772 τὴν
370 4701 576 4755 οἰκείαν
619 4700 945 4769 τεθνηκυῖαν
981 4699 1310 4769 ἀνέστησεν·
1345 4698 1509 4751 αὐτοῦ
1552 4697 1661 4767 γάρ
1702 4699 1819 4752 ἐστι

224 4795 385 4865 φωνὴ
408 4812 421 4825 ·
455 4813 473 4844 ι
506 4793 717 4846 Λύσατε
742 4791 835 4845 τὸν
858 4792 983 4845 ναὸν
1012 4792 1350 4857 τοῦτον,·καὶ
1374 4795 1432 4844 ὲν
1468 4795 1652 4863 τρισὶν
1681 4793 1819 4861 ἡμέ-

227 4901 357 4956 ραις
389 4874 568 4952 ἕγερῶ
597 4881 760 4935 αὐτόν
783 4898 796 4912 ·
834 4900 851 4933 ι
880 4882 974 4935 καὶ
1002 4882 1075 4944 ὡς
1106 4882 1391 4952 ἅνθρωπος
1418 4882 1473 4934 δὲ
1514 4884 1675 4953 μέχρι
1716 4882 1811 4936 τοῦ

228 4974 441 5038 πάθους
467 4970 535 5044 ἦν
565 4972 805 5042 παθητὸς
834 4974 928 5025 καὶ
961 4971 1152 5041 θνητός
1186 4989 1199 5003 ·
1242 4972 1381 5041 μετὰ
1410 4974 1517 5043 γὰρ
1557 4976 1655 5046 τὴν
1688 4976 1820 5028 ἀνά-

235 5080 448 5125 στασιν,
469 5063 563 5114 καὶ
585 5061 659 5124 ὡς
684 5060 970 5132 ἄνθρωπος
999 5061 1112 5130 ἔχει
1154 5062 1253 5133 τὴν
1300 5062 1571 5117 ἀπάθειαν
1602 5065 1696 5117 καὶ
1722 5066 1822 5135 τὴν

234 5153 534 5209 ἀθανασίαν
586 5154 681 5206 καὶ
714 5153 814 5222 τὴν
842 5153 1179 5222 ἀφθαρσίαν·
1214 5153 1309 5205 καὶ
1350 5154 1449 5216 τὰς
1496 5154 1821 5224 θεοπρεπεῖς

236 5245 465 5316 ἀφίησιν
495 5246 784 5314 ἀστραπάς
809 5259 822 5271 '
850 5244 949 5295 οὐκ
982 5245 1062 5303 εἰς
1091 5242 1344 5313 θεότητος
1370 5242 1529 5311 φύσιν
1559 5244 1699 5297 κατὰ
1724 5246 1824 5315 τὴν

236 5337 419 5390 σάοκα
449 5333 835 5405 μεταϐληθεὶς,
866 5332 1001 5386 ἀλλὰ
1038 5332 1136 5402 τῆς
1168 5333 1591 5406 ἀνθρωπότητος
1622 5334 1825 5403 φυλάτ-

309 5473 355 5504 "
383 5471 528 5527 Psal.
552 5486 767 5531 LXXXIX,
798 5470 880 5525 15.

1915 4524 1971 4571 et
2001 4515 2313 4585 impatiens,
2343 4528 2401 4573 et
2446 4517 2695 4572 mortalis
2752 4527 2808 4573 et
2862 4519 3208 4573 immortalis.
3259 4519 3509 4573 Patibilis

1916 4605 2141 4674 quidem
2166 4613 2223 4660 et
2260 4605 2527 4671 mortalis,
2555 4623 2662 4676 qua
2693 4607 2891 4672 homo;
2918 4602 3421 4677 impatiens‘autem
3454 4615 3511 4661 et

1918 4696 2269 4758 immortalis,
2326 4712 2433 4767 qua
2475 4697 2638 4751 Deus.
2677 4696 2793 4764 Qua
2828 4697 2975 4751 Deus
3034 4698 3183 4752 enim
3224 4696 3507 4766 proprium

1917 4804 2119 4859 corpus
2133 4805 2201 4844 ex
2215 4798 2393 4843 morte
2418 4789 2701 4849 excitavit;
2733 4805 2859 4843 nam
2886 4791 3006 4859 ejus
3030 4798 3115 4844 est
3138 4804 3245 4843 vox
3279 4805 3292 4840 :
3338 4807 3356 4838 ι
3388 4788 3509 4843 Sol-

1919 4879 2031 4933 vite
2082 4880 2346 4949 tcmplum
2392 4879 2519 4945 hoc,
2570 4889 2627 4933 et
2674 4879 2729 4933 in
2786 4880 2962 4934 tribus
3010 4880 3209 4934 diebus
3258 4880 3510 4934 excitabo

1921 4969 2057 5023 illud
2077 4971 2143 5023 θ’.
2184 4990 2201 5021 ι
2240 4972 2305 5024 Et
2330 4971 2552 5040 quidem
2587 4986 2767 5041 usque
2799 4970 2865 5025 ad
2892 4970 3164 5040 passionis
3192 4980 3427 5040 tempus,
3448 4978 3512 5025 ut

1922 5062 2110 5128 homo,
2148 5062 2396 5133 patibilis
2429 5073 2549 5119 erat
2582 5072 2636 5119 et
2663 5063 2949 5129 mortalis;
2985 5072 3109 5133 post
3144 5064 3509 5119 resurrectio-

1923 5171 2049 5209 nem
2074 5171 2225 5218 vero,
2248 5164 2303 5208 et
2333 5172 2442 5224 qua
2482 5155 2647 5209 homo
2666 5197 2681 5221 ,
2716 5154 3011 5224 impatiens
3032 5163 3116 5209 est
3140 5164 3196 5210 et
3225 5155 3509 5209 immorta—

1921 5242 2020 5307 lis,
2054 5250 2217 5312 atque
2251 5243 2628 5314 incorruptus,
2662 5260 2726 5299 ac
2761 5244 3004 5315 fulgores
3028 5244 3140 5299 Deo
3172 5245 3511 5299 convenien-

1925 5342 2007 5391 tes
2031 5335 2261 5401 dimisit,
2288 5352 2467 5405 neque
2497 5337 2807 5393 secundum
2838 5353 3060 5393 carnem
3085 5345 3331 5393 mutatus
3350 5337 3510 5392 estin

956 5471 1002 5542 ff
1031 5469 1173 5542 Psal.
1195 5487 1312 5532 LXV,
1335 5470 1421 5524 9.0.
1501 5473 1546 5503 ⁸⁵
1566 5472 1721 5527 Joan.
1744 5492 1793 5527 xu

1905 5483 1929 5529 ι.
2008 5474 2239 5529 l“.loan.
2306 5474 2522 5539 armis.
2608 5474 3037 5542 "Joan.x,30.
3118 5474 3344 5530 "Joan.
3383 5474 3507 5540 |,l.

239 5544 288 5575 ⁸³
314 5543 549 5612 Philipp.
591 5557 649 5605 ιι,
682 5540 735 5606 5,
759 5540 810 5594 6.
889 5541 932 5572 ⁶⁰
957 5538 1124 5595 Hebr.
1154 5559 1208 5606 ll,
1246 5541 1330 5596 16.
1409 5542 1449 5572 ⁶¹
1479 5542 1648 5597 Hebr.
1681 5559 1738 5607 ll,
1780 5550 1800 5597 ‘l

1941 5545 1984 5576 ⁶¹
2019 5544 2178 5599 Joan.
2215 5560 2275 5609 ιι,
2308 5544 2398 5599 29.

315 5677 425 5741 (7m
465 5678 915 5748 εὐφρανθήσομεν
944 5669 1015 5731 ὧν
1041 5679 1221 5746 ἡςι.ἱτ.

319 5750 367 5809 (7
382 5751 426 5802 il
454 5750 656 5816 ἕερασαν
683 5749 851 5802 Mans.

319 5820 430 5891 (ἴτ’)
459 5820 613 5891 τολμ.
646 5818 764 5885 λεγ.
795 5819 965 5872 .‘luns.

1253 5678 1349 5747 ἡμ..
1386 5676 1552 5731 Mans.

1954 5734 1957 5739 _
2005 5677 2113 5741 (75)
2151 5678 2237 5730 ἐπ’
2270 5679 2495 5749 ἐσχάτου
2530 5680 2693 5733 idem.

2004 5751 2113 5821 (7t)
2147 5753 2251 5821 γὰρ
2284 5751 2433 5805 abest
2472 5766 2499 5804 a
2534 5750 2769 5805 Vindob.
