4086 6326
197 371 374 436 ιιιι

1571 367 1938 430 EPISTOLA
1975 365 2185 426 CLIII.

3390 360 3531 429 1M2

189 483 616 555 κατελάϐομεν
646 483 748 554 τὴν
786 483 1047 552 Ἐφεσίων
1078 481 1434 555 μητρόπολιν,
1470 484 1563 535 καὶ
1587 480 1820 551 εὕρομεν

1926 475 1999 531 ad
2021 474 2389 545 Ephesiorum
2435 475 2767 545 metrOpolin
2826 475 3190 539 devenimus,
3245 480 3301 529 et
3327 475 3520 530 confu-

191 576 420 647 πάσης
449 573 766 645 συγχύσεως
809 576 905 627 καὶ
964 573 1231 646 ἐμφυλίου
1285 573 1531 642 πολέμου
1571 572 1685 642 (84)
1723 571 1822 639 γέ-

195 683 406 736 μοντα
455 665 527 718 τὰ
568 665 1006 736 έκκλησιαστικά
1056 665 1382 736 πράγματα,
1411 662 1686 734 Κυρίλλου
1729 662 1824 714 τοῦ

211 755 644 828 ’Δλεξανδρέως
688 756 826 828 (85),
865 757 959 810 καὶ
991 757 1277 827 Μέμνονος
1297 756 1392 810 τοῦ
1426 755 1676 823 Ἐφεσίου
1709 753 1824 823 (86)

194 848 742 921 συμφραξαμένων,
770 850 864 900 καὶ
909 847 1118 918 πλῆθος
1155 846 1480 920 ἀγροικικδν
1535 844 1825 916 συναθροι-

199 942 464 1007 σάντων,
489 942 584 996 καὶ
619 942 760 1012 μήτε
816 940 918 1008 τῆς
951 941 1113 1009 ἁγίας
1153 939 1537 1011 Πεντηκοστῆς
1563 940 1662 1010 τὴν
1691 956 1828 992 παν-

195 1033 431 1105 ¹Ιιγυριν
455 1034 765 1088 ἐπιτελέσαι
783 1033 1285 1103 συγχωρησάντων,
1315 1033 1453 1102 μήτε
1479 1030 1581 1094 τὰς
1602 1032 1827 1101 tempt-

198 1126 330 1190 νὰς
360 1125 394 1198 ἢ
428 1125 528 1187 τὰς
552 1124 784 1188 ἑωθινὰς
816 1124 1165 1196 λειτουργίας
1186 1141 1200 1157 ο
1239 1125 1376 1196 πρὸς
1409 1124 1465 1177 δὲ
1491 1121 1702 1185 τούτοις
1730 1120 1825 1176 καὶ

197 1218 330 1281 τὰς
363 1217 526 1286 ἁγίας
574 1216 893 1287 ἐκκλησίας,
950 1217 1043 1271 καὶ
1085 1215 1155 1269 τὰ
1196 1216 1329 1285 ἅγια
1371 1213 1647 1286 μαρτύρια
1693 1215 1828 1267 ἀπο-

201 1306 588 1370 κλεισάντων,
631 1305 754 1358 καθ’
799 1301 1028 1369 έαιῆοὺς
1069 1305 1126 1359 δὲ
1167 1305 1265 1358 σὺν
1308 1307 1422 1368 τοῖς
1466 1303 1826 1374 ἀπατηθεῐσιν

205 1399 326 1450 ὑπ’
379 1397 560 1450 αὐτῶν
614 1397 1124 1468 συνεδρευσάντων,
1166 1397 1262 1451 καὶ
1310 1397 1480 1468 μυρία
1530 1396 1826 1466 παράνομα

204 1489 651 1560 ἐργασαμένων,
682 1490 774 1542 καὶ
797 1487 924 1554 τούς
949 1507 1009 1543 τε
1033 1489 1145 1543 τῶν
1173 1489 1349 1558 ἁγίων
1374 1487 1636 1558 Πατέρων
1661 1488 1824 1540 κανό-

205 1599 349 1646 νας,
399 1583 470 1635 τά
512 1597 572 1633 τε
628 1561 872 1652 ὑμέτερα
914 1580 1278 1650 πατησάντων
1308 1579 1680 1650 θεσπίσματα⁹
1729 1579 1827 1631 καὶ

205 1674 405 1726 ταῦτα
425 1673 520 1727 τοῦ
556 1674 1156 1744 μεγαλοπρεπεστάτου
1174 1673 1416 1744 κόμητος
1442 1671 1822 1737 Κανδιδιανοῦ,

207 1766 323 1819 τοῦ
352 1766 500 1836 παρὰ
516 1768 618 1836 τῆς
641 1767 913 1838 ὑμετέρας
938 1765 1284 1837 φιλοχρίστου
1307 1765 1554 1838 κορυφῆς
1577 1765 1822 1818 ἀποστα-

1929 567 2180 622 sionibus
2214 567 2588 637 intestinoque
2621 567 2769 622 bello
2791 582 2881 622 res
2909 565 3317 622 ecclesiasticas
3333 565 3526 636 opple-

1931 668 2016 712 tas
2035 673 2156 712 esse
2182 657 2556 725 comperimus
2595 675 2607 709 :
2642 656 3097 727 quandoquidem
3123 655 3365 726 Cyrillus
3398 655 3529 711 Ale-

1931 749 2241 804 xandrinus
2273 758 2330 804 et
2360 749 2618 803 Memnon
2673 747 2969 817 Ephesius,
3024 743 3286 806 satellitio
3308 761 3532 816 compa-

1931 849 2075 906 rato,
2137 854 2447 908 magnaque
2482 837 2785 909 agrestium
2834 837 3125 890 hominum
3173 835 3531 890 multitudine

1929 938 2148 996 coacta,
2172 945 2243 984 ne
2270 936 2476 984 sanctae
2500 927 2726 998 quidem
2748 928 3103 983 Pentecostes
3146 925 3532 983 festumeele-

1929 1021 2117 1086 brare,
2134 1021 2476 1076 matutinave
2500 1029 2596 1074 aut
2621 1020 2941 1088 veSpertina
2961 1019 3138 1090 cilicia
3151 1019 3308 1074 obire
3319 1018 3531 1089 permi-

1909 1118 2143 1174 serunt.
2180 1111 2260 1165 Ac
2301 1118 2502 1180 praeter
2561 1109 2701 1174 haec,
2761 1120 2982 1164 sanctas
3024 1111 3191 1164 etiam
3242 1109 3527 1170 ecclesias.

1929 1211 2259 1273 sanctasque
2285 1214 2592 1274 martyrum
2612 1201 2762 1257 aedes
2783 1201 2949 1255 nobis
2968 1200 3393 1271 praecludentes,
3423 1200 3530 1272 ipsi

1929 1303 2058 1344 cum
2088 1289 2421 1360 quibusdam
2447 1291 2502 1344 in
2537 1305 2788 1346 errorem
2836 1289 3058 1344 illorum
3103 1289 3362 1354 abductis
3385 1290 3532 1344 inter

1930 1395 1989 1435 se
2021 1379 2337 1436 confessum
2385 1379 2770 1446 instituerunt,
2823 1389 3252 1449 sanctorumque
3302 1379 3528 1435 Patrum

1931 1472 2262 1538 canonihus,
2293 1475 2308 1494 ‘
2345 1472 2659 1542 vestrisque
2713 1471 2958 1529 decretis
3006 1472 3364 1542 proculcatis,
3401 1486 3530 1526 sex-

1929 1571 2092 1618 centa
2117 1563 2390 1616 scelerum
2407 1563 2659 1632 exempla
2680 1561 3016 1618 ediderunt:
3038 1578 3166 1617 cum
3197 1570 3382 1616 tamen
3413 1577 3531 1616 ma-

1931 1653 2425 1724 gniﬁcentissimus
2453 1669 2638 1708 comes
2667 1652 3046 1709 Candidianus
3071 1654 3531 1710 aChristiainan-

1932 1752 1988 1798 te
2043 1743 2375 1798 celsitudine
2423 1750 2606 1797 vestra
2656 1743 2881 1808 missus,
2937 1751 2994 1798 et
3037 1743 3245 1814 scripto
3295 1753 3352 1798 et
3410 1744 3530 1797 sine

208 1834 443 1923 λέντος,
481 1834 974 1928 παρεγγυήσαντος
1012 1834 1200 1920 αὐτοῖς
1242 1858 1337 1910 καὶ
1375 1834 1690 1927 ⁷ἐγγράφως
1730 1856 1820 1909 καὶ

1930 1834 2141 1905 scripto
2219 1835 2330 1889 illis
2416 1834 2799 1890 denuntiasset
2825 1876 2840 1898 ,
2918 1844 2981 1890 ut
3053 1835 3529 1890 sanctissimorum

209 1950 518 2020 ἀγράφως,
544 1951 832 2021 ἀναμεῖναι
862 1953 990 2015 τοὺς
1019 1950 1359 2021 πανταχόθεν
1395 1949 1826 2020 ἀφικνουμένους

209 2041 572 2109 ἀγιωτάτους
611 2043 968 2107 ἐπισκόπους,
1000 2044 1093 2097 καὶ
1119 2043 1246 2095 τότε
1280 2044 1430 2113 κοινῇ
1459 2042 1519 2094 τὸ
1547 2043 1824 2112 συνέδριον

213 2133 456 2202 ποιῆσαι
477 2134 618 2187 κατά
644 2134 714 2188 τὰ
749 2135 1058 2205 γράμματα
1085 2135 1187 2203 τῆς
1216 2135 1486 2204 ὑμετέρας
1514 2133 1820 2197 εὐσεϐείας·

211 2224 326 2276 καὶ
364 2225 530 2278 αὑτοῦ
588 2226 646 2278 δὲ
691 2227 962 2298 Κυρίλλου
1005 2225 1100 2279 τοῦ
1155 2225 1555 2297 Ἀλεξανδρέως
1583 2223 1824 2278 ἐπιστεί-

213 2315 420 2380 λαντός
452 2335 544 2386 μοι
580 2317 658 2386 τῷ
683 2318 783 2389 τῆς
828 2318 1167 2388 Ἀντιοχέων,
1197 2319 1304 2388 πρὸ
1343 2316 1437 2371 δύο
1471 2317 1694 2387 ἡμερῶν
1723 2315 1820 2368 τοῦ

211 2408 527 2477 γενομένου
563 2409 654 2462 ὑπ’
680 2410 861 2463 αὐτῶν
903 2409 1216 2480 συνεδρίου,
1245 2409 1392 2479 ὡς,ίὴ
1419 2408 1641 2472 σύνοδος
1668 2409 1820 2462 πᾶσα

214 2500 492 2568 ἀναμένει
521 2518 624 2570 μου
657 2501 758 2571 τὴν
798 2501 1125 2571 παρουσίαν.

299 2628 392 2680 Διὸ
425 2630 771 2701 ἀμφοτέρους
817 2631 944 2693 τοὺς
987 2631 1422 2702 προειρημένους
1467 2631 1815 2702 καθείλομεν,

217 2717 499 2790 Κύριλλον
529 2722 624 2774 καὶ
657 2723 943 2792 Μέμνονα,
973 2723 1068 2774 καὶ
1114 2723 1297 2794 πάσης
1351 2723 1818 2794 ἐκκλησιαπικῆς

215 2811 578 2881 λειτουργίας
609 2813 928 2884 ἀλλοτρίους
981 2817 1402 2886 πεποιήκαμεν·
1445 2817 1575 2878 τοὺς
1613 2815 1670 2868 δὲ
1704 2815 1817 2868 λοι-

219 2902 388 2969 ποὺς,
422 2902 550 2966 τοὺς
581 2901 789 2972 ταύτης
819 2904 919 2974 τῆς
943 2904 1290 2974 παρανομίας
1324 2905 1510 2967 αὐτοῖς
1551 2905 1815 2976 κοινωνή-

221 3008 451 3058 σαντας,
485 2993 889 3063 ἀκοινωνήτους
919 2995 1325 3065 πεποιήκαμεν,
1371 2995 1478 3058 ἕως
1512 2993 1578 3047 ἂν
1615 2995 1685 3049 τὰ
1721 3013 1816 3049 κε-

219 3083 432 3153 φάλαια
454 3083 523 3136 τὰ
558 3083 711 3150 παρὰ
747 3084 1018 3156 Κυρίλλου
1061 3085 1472 3156 ἐκπεμφθέντα,
1512 3086 1614 3155 τῆς
1658 3087 1815 3140 Ἀπο-

1930 1927 2320 1997 episcoporum
2380 1925 2752 1997 undecunque
2827 1927 3244 1981 advenientium
3283 1942 3528 1998 praesen-

1934 2018 2066 2072 tiam
2124 2027 2529 2088 exspectarent,
2559 2033 2626 2073 ac
2679 2026 2795 2072 tum
2846 2017 3072 2073 demum
3126 2017 3284 2089 juxta
3342 2018 3527 2087 pieta-

1932 2109 2006 2163 tis
2065 2118 2263 2164 vestrae
2314 2110 2560 2174 litteras,
2607 2109 3007 2164 convenienter
3051 2109 3323 2181 synodum
3374 2108 3526 2163 cele-

1927 2201 2179 2256 brarent.
2208 2201 2317 2256 Sed
2343 2211 2399 2256 et
2419 2201 2535 2272 ipse
2566 2211 2789 2272 quoque
2824 2200 3069 2274 Cyrillus
3097 2201 3524 2264 Alexandrinus.

1925 2291 2100 2346 biduo
2122 2300 2249 2346 ante
2278 2291 2536 2347 habitum
2563 2293 2630 2346 ab
2654 2291 2791 2362 ipsis
2819 2275 3145 2348 consessum
3177 2294 3356 2358 illum,
3385 2294 3527 2348 scr'ro

1923 2392 2111 2452 pserat
2135 2383 2204 2437 ad
2235 2399 2324 2438 me.
2382 2383 2788 2438 Antiochenum
2821 2385 3165 2454 episcopum,
3217 2388 3366 2456 quod
3407 2387 3528 2440 uni-

1923 2491 2081 2530 versa
2127 2475 2372 2547 synodus
2403 2490 2588 2530 meum
2609 2475 2910 2531 adventum
2933 2477 3381 2550 praestolabatur.

2014 2605 2238 2675 1315
2267 2606 2500 2674 Propter
2531 2604 2652 2660 hac
2685 2620 2818 2676 ergo
2856 2616 3178 2676 utrumque,
3230 2606 3525 2679 Cyrillum,

1921 2705 2199 2766 inquam,
2257 2706 2314 2752 et
2359 2696 2704 2751 Memnonem
2761 2699 3278 2764 exauctoravimus,
3338 2710 3395 2752 et
3456 2698 3526 2753 ab

1920 2788 2074 2840 omni
2124 2787 2502 2842 ecclesiastica
2553 2787 2842 2842 functione
2895 2789 3247 2844 amovimus:
3281 2788 3526 2859 reliquos

1919 2894 2054 2933 vero
2084 2879 2252 2950 hujus
2306 2879 2625 2949 iniquitatis
2678 2895 2874 2934 eorum
2929 2880 3110 2936 socios
3139 2881 3524 2936 excommuni-

1920 2971 2128 3025 cationi
2175 2971 2548 3041 subjecimus,
2596 2971 2776 3025 donec
2832 2972 3034 3041 capita,
3093 2987 3216 3042 quae
3260 2971 3521 3044 Cyrillus.

1920 3061 2248 3132 Apollinarii
2275 3062 2604 3117 etEunomii
2636 3068 2692 3115 et
2720 3060 2838 3116 Arii
2864 3063 3144 3133 perversis
3172 3062 3526 3134 dogmatibus

218 3151 472 3246 λιναρίου
500 3175 596 3228 καὶ
645 3151 916 3246 Εὐνομίου
947 3175 1044 3230 καὶ
1095 3151 1310 3248 Ἀρείου
1352 3151 1674 3245 κακοδοξίας
1721 3179 1818 3248 γέ-

1923 3152 2085 3222 plena
2137 3152 2437 3222 evulgavit,
2489 3151 2753 3234 abjiciant
2803 3160 2860 3207 et
2909 3152 3401 3220 anathematizent,
3456 3169 3523 3208 ac

225 3242 434 3337 μοντα,
469 3266 742 3320 ἐκϐάλωσι
784 3242 879 3319 καὶ
931 3242 1417 3337 ἀναθεματίσωσι,
1448 3242 1744 3322 καὶ-κατὰ*
1762 3269 1820 3322 τὸ

1923 3243 2076 3313 juxta
2109 3242 2334 3312 pietatis
2360 3250 2559 3298 vestrae
2596 3242 2886 3298 decretum
2919 3244 3294 3300 communiter
3327 3245 3522 3300 nobis-

117 3423 123 3436 .
220 3359 327 3428 τῆς
365 3359 641 3430 ὑμετέρας
695 3360 980 3423 εὐσεϐείας
1030 3361 1269 3430 γράμμα
1328 3363 1484 3432 κοινῇ
1543 3361 1641 3413 σὺν
1687 3361 1820 3430 ἡμῖν

225 3449 715 3521 συνεδρεύσαντες,
760 3451 983 3522 ἡσύχως
1017 3453 1113 3505 καὶ
1158 3451 1407 3522 ἀκριϐῶς
1448 3454 1515 3506 τά
1557 3469 1617 3505 τε
1649 3451 1819 3524 ζητή-

226 3559 379 3612 ματα
411 3543 510 3596 σὺν
537 3543 671 3612 ἡμῖν
707 3540 884 3608 ἴδωσι,
925 3543 1021 3596 καὶ
1049 3543 1110 3596 τὸ
1144 3543 1369 3606 εὐσεϐὲς
1401 3544 1511 3598 τῶν
1560 3545 1820 3617 Πατέρων

227 3631 584 3704 βεϐαιώσωσι
616 3634 813 3703 δόγμα.

301 3743 436 3816 Περὶ
473 3744 532 3796 δὲ
567 3743 670 3814 τῆς
698 3744 839 3814 ὲμῆς
875 3743 1206 3814 βραδύτητος
1240 3744 1373 3797 ἵστω
1405 3743 1558 3811 ὑμῶν
1587 3745 1620 3814 ἠ
1667 3743 1820 3796 εὐσέ-

225 3835 371 3898 ϐεια,
403 3835 479 3899 ὠς
524 3835 664 3905 πρὸς
708 3835 768 3887 τὺ
801 3839 1054 3906 χερσαῖον
1095 3837 1373 3906 διάστημα
1411 3836 1512 3907 τῆς
1542 3836 1663 3890 ὁδοῦ
1708 3837 1819 3908 (διὰ

223 3934 330 4002 γῆς
354 3932 466 4005 γάρ
498 3931 657 4004 ἡμῶν
687 3933 857 4003 ὴόδὸς
886 3929 1204 4004 γεγένηταί)
1241 3932 1448 4002 σφόδρα
1481 3933 1820 4002 ὲπεταχὺναο

225 4039 331 4094 μεν
350 4038 364 4052 ⁸
395 4026 810 4096 τεσσαράκοντα
838 4024 947 4095 γὰρ
986 4024 1155 4093 μονὰς
1177 4023 1517 4093 ὡδεύσαμεν,
1546 4023 1819 4095 μηδεμιᾶς

222 4114 522 4184 ἀνακωχῆς
562 4114 706 4168 κατὰ
749 4115 851 4185 τὴν
884 4115 1114 4186 πορείαν
1155 4113 1588 4179 ἀπολαύσαντες,
1629 4115 1704 4177 ὡς
1733 4113 1818 4179 ἔξ-

223 4219 376 4256 εστιν
420 4204 573 4274 ὑμῶν
606 4207 672 4276 τῇ
722 4205 1053 4276 φιλοχρίστῳ
1088 4205 1337 4278 βασιλείᾳ
1371 4204 1524 4276 παρά
1571 4205 1682 4258 τῶν
1717 4207 1817 4269 τὰς

223 4295 371 4348 κατά
419 4295 518 4367 τὴν
563 4296 681 4349 ὁδὸν
714 4297 900 4360 πόλεις
951 4298 1246 4352 οἰκούντων
1285 4299 1499 4369 μαθεῖν.
1554 4301 1701 4372 Πρὸς
1758 4299 1815 4353 δὲ

220 4384 438 4450 τούτοις
471 4387 566 4439 καὶ
586 4387 615 4439 ὁ
644 4387 801 4456 λιμὸς
828 4387 972 4441 κατά
1003 4387 1100 4458 τὴν
1136 4389 1470 4458 Ἀντιόχειαν
1501 4390 1810 4458 γενόμενος,

225 4475 324 4529 καὶ
358 4477 415 4528 αἱ
443 4477 564 4529 καθ’
599 4477 836 4548 ἑκάστην
865 4477 1080 4548 ἡμέραν
1113 4482 1352 4550 ταραχαὶ
1373 4479 1468 4532 τοῦ
1499 4480 1696 4552 δήμου,
1720 4482 1813 4534 καὶ

1923 3348 2051 3387 cum
2092 3349 2416 3388 consessum
2458 3333 2768 3399 celebrent,
2823 3336 3377 3405 controversiasque,
3413 3351 3523 3405 qua

1923 3425 2184 3479 convenit
2220 3424 2508 3496 diligentia
2533 3433 2589 3480 et
2620 3425 2838 3495 quiete,
2876 3441 2984 3480 una
3011 3426 3302 3481 nobiscum
3342 3426 3524 3482 discu-

1922 3515 2083 3580 tiant,
2101 3524 2158 3571 et
2179 3515 2331 3585 pium
2356 3525 2673 3570 sanctorum
2692 3515 2917 3571 Patrum
2936 3515 3135 3587 dogma
3160 3516 3515 3579 conﬁrment.

1994 3757 2152 3825 Quod
2192 3774 2325 3814 vero
2382 3760 2599 3815 tardius
2650 3761 2934 3832 aliquanto
2985 3763 3329 3831 advenerim,
3366 3765 3518 3821 aliud

1921 3867 2102 3906 causae
2143 3851 2268 3905 fuit.
2319 3851 2456 3906 Nam
2491 3853 2538 3907 si
2579 3853 2860 3908 terrestris
2900 3853 3114 3908 itineris
3163 3855 3514 3912 intervallum

1922 3942 2094 4015 (terra
2152 3945 2303 3998 enim
2356 3943 2630 4015 venimus)
2680 3944 2858 4014 pietas
2930 3953 3112 4000 vestra
3160 3949 3514 4016 spectaverit,

1922 4051 2118 4106 magna
2150 4035 2398 4106 profecto
2449 4035 2733 4091 celeritate
2777 4052 2881 4092 nos
2923 4037 3029 4092 iter
3069 4038 3176 4094 hoc
3207 4039 3512 4096 confecisse

1919 4126 2255 4195 comperiet:
2312 4125 2590 4196 siquidem
2639 4127 3004 4198 quadraginta
3040 4129 3357 4185 mansiones
3390 4146 3515 4200 per-

1918 4218 2252 4287 agravimus,
2309 4218 2460 4272 nulla
2509 4233 2754 4288 unquam
2829 4235 2858 4273 a
2905 4221 3314 4291 progrediendo
3374 4225 3514 4279 rela-

1919 4309 2142 4363 xatione
2179 4308 2288 4374 usi,
2341 4310 2808 4379 quemadmodum
2833 4312 3056 4367 Christo
3087 4313 3287 4369 dilecta
3329 4325 3513 4373 vestra

1918 4399 2198 4468 maiestas,
2241 4414 2309 4454 ex
2365 4416 2556 4456 earum
2613 4402 2900 4456 civitatum
2953 4402 3168 4476 incolis,
3238 4421 3338 4475 per
3374 4422 3510 4476 quas

1919 4489 2026 4542 iter
2060 4491 2312 4555 fecimus,
2352 4490 2512 4545 facile
2543 4491 2851 4562 intelligere
2911 4473 3110 4561 potest.
3155 4473 3350 4550 Fames
3374 4473 3514 4566 prae-

227 4567 380 4636 παρά
410 4565 523 4634 (87)
560 4566 651 4621 τὸν
708 4543 918 4636 καίρδν
949 4543 1291 4640 σφοδροτάτη
1330 4543 1598 4642 γενομένη
1635 4572 1811 4641 ἑπομ-

2096 4543 2099 4544 ν
2912 4543 3110 4561 τη---
3155 4543 3336 4550 __----.
3374 4543 3484 4566 τ...

1923 4590 2091 4645 terea,
2119 4597 2240 4651 quae
2260 4583 2658 4637 Antiochenam
2685 4583 2968 4638 civitatem
3001 4585 3364 4641 vehementer
3400 4588 3510 4642 alli-

225 4656 378 4743 δρία,
411 4657 446 4728 ἢ
479 4658 574 4710 κα)⁵
604 4659 853 4711 κίνδυνον
883 4659 948 4712 ὲκ
971 4659 1080 4712 τῶν
1116 4661 1435 4732 χειμάρρων
1469 4663 1718 4732 ἐπήγαγε
1748 4665 1814 4734 τῇ

1923 4671 2015 4732 xit.
2045 4681 2097 4726 et
2131 4673 2466 4742 quotidianae
2487 4675 2676 4744 populi
2706 4676 3177 4745 perturbationes,
3209 4688 3263 4732 et
3304 4679 3510 4750 {rigens

225 4733 404 4812 πόλει,
441 4749 543 4803 οὐκ
568 4748 758 4817 ὀλίγας
790 4749 1008 4820 ⁴ἡμέρας
1033 4751 1183 4821 ἡμᾶς
1225 4753 1306 4814 είς
1334 4751 1434 4822 τὴν
1478 4733 1816 4825 προειρημέέ

225 4846 334 4910 νην·
351 4840 549 4910 ἐπέσχε
577 4839 754 4924 πόλιν.

227 5147 398 5201 PNK".
426 5178 497 5187 —
538 5147 827 5217 Ἀναφορὰ
846 5147 1022 5286 ληὲἔς
1278 5153 1430 5221 πρὸς
1478 5157 1576 5220 τά(
1622 5155 1810 5218 ,ϐασι-

301 5331 505 5400 Ἕτερα
555 5329 844 5402 γνωρίζειν
891 5333 958 5402 τῇ
1018 5333 1260 5406 ὑμετέρᾳ
1334 5336 1810 5409 προσδοκήσαντες

229 5422 498 5495 εὐσεϐείᾳ,
533 5424 604 5478 τὰ
644 5424 865 5477 ἐναντία
914 5425 1157 5495 δηλῶσαι
1207 5427 1641 5500 ἠναγκάσθημεν
1665 5471 1678 5493 ,
1710 5432 1810 5502 τῆς

299 5623 408 5694 (84)
448 5623 684 5694 πολέμου
712 5626 901 5680 aberat
935 5642 964 5679 a
997 5627 1165 5684 Garn.

297 5694 408 5764 (85)
450 5694 858 5764 Ἀλεξανδρείας
880 5695 948 5748 Μ.

297 5705 387 5762 (8:)
454 5705 858 5764 Ἀλεξανδρείας
880 5705 948 5748 Μ.

297 5705 408 5836 (86$
445 5765 560 5818 τοῦ.
581 5765 831 5835 Ἐφεσίου
859 5767 1017 5823 abest
1047 5769 1270 5824 a‘lllans.

1915 4773 2119 4834 praeter
2136 4773 2355 4837 tempus
2371 4768 2455 4822 vis
2482 4768 2766 4836 imbrium,
2795 4785 2919 4838 quae
2966 4771 3309 4827 torrentibus
3348 4773 3512 4827 inun-

1917 4855 2203 4923 dantibus,
2240 4859 2297 4912 in
2327 4859 2629 4914 discrimen
2680 4859 2962 4915 civitatem
3013 4861 3353 4928 adduxerat,
3398 4879 3507 4919 non

1918 4962 2128 5016 paucos
2154 4965 2378 5020 quoque
2403 4949 2526 5005 dies
2545 4949 2600 5004 in
2632 4966 2800 5020 supra
2848 4951 2996 5006 dicta
3021 4952 3243 5008 civitate
3272 4969 3374 5009 nos
3407 4955 3508 5009 de-

1922 5039 2228 5095 tinuerunt.

1988 5170 2204 5242 1316
2237 5170 2500 5227 CLlll.—
2524 5171 2735 5227 Relatio
2756 5175 3059 5228 eorumdem
3095 5175 3167 5228 ad
3201 5177 3434 5245 reginas.

1987 5349 2278 5407 Contraria
2311 5353 2378 5408 iis
2407 5369 2530 5424 quae
2553 5355 2933 5424 sperabamus,
2961 5365 3160 5412 vestra:
3210 5359 3400 5428 pietati
3429 5362 3507 5416 si-

1911 5441 2164 5512 gniﬁcari
2211 5445 2484 5515 compulsi
2533 5463 2749 5515 sumus,
2805 5449 3086 5519 tyrannica
3136 5449 3327 5522 Cyrilli
3380 5453 3508 5510 Alc-

1988 5638 2098 5714 (87)
2133 5643 2269 5714 gregi,
2298 5641 2466 5714 Mans.
2511 5642 2565 5696 in
2602 5659 2774 5714 marg.

1983 5709 2094 5765 l88\
2137 5709 2228 5766 Est
2258 5712 2312 5766 in
2347 5711 2538 5766 eadem
2573 5709 2898 5770 collectione
2934 5715 2968 5768 l.
3001 5731 3073 5781 c.,
3100 5732 3152 5787 p.
3189 5716 3324 5772 1277
3344 5729 3465 5785 scq.
