4086 6326
666 291 806 359 1H7

1660 299 2146 360 THEODORETI
2188 299 2526 360 EPISCOPI
2565 300 2934 362 CYRENSIS

3813 300 3938 365 1M3

661 407 800 477 tium
843 405 1231 474 imperatorum
1279 414 1597 460 nostrorum
1645 407 1858 462 litteras
1899 423 2018 463 sese
2057 409 2239 479 adjun-

2349 410 2458 462 τῶν
2489 409 2894 463 εὐσεϐεστάτων
2936 408 3029 462 καὶ
3077 409 3440 480 φιλοχρίστων
3472 411 3633 481 ἡμῶν
3677 412 3940 483 βασιλέων

660 494 868 556 aerint.
900 509 1072 563 eaque
1102 493 1390 558 modestia,
1432 513 1554 566 qua:
1586 499 1900 553 sacerdotes
1923 499 2102 565 decet,
2127 516 2248 569 quae

663 588 1046 658 disputantur,
1135 588 1612 657 pervestigarint;
1666 592 2249 645 excommunicationis

665 677 880 731 vinculo
932 677 1308 742 absolventur,
1352 689 1407 733 et
1439 679 1492 733 in
1535 681 1892 737 sacerdotalis
1951 683 2244 738 ministerii

661 764 840 820 locum
889 768 1270 820 restituentur.

665 899 878 975 1320
921 899 1072 954 CLV.
1094 899 1420 975 -Ερίειοία
1449 901 1671 957 Joannis
1703 907 1931 975 episcopi
1968 906 2248 960 Antioche-

733 972 806 1044 ιιι,
839 979 1269 1044 murorumque,
1299 973 1388 1041 qui
1427 989 1544 1025 cum
1580 976 1692 1044 ipso
1722 972 1897 1040 erant,
1945 976 2013 1029 ad
2047 975 2246 1029 clerum

733 1038 1402 1109 Constantinopolitanum.

733 1145 1006 1200 lntellexit
1039 1146 1185 1201 haud
1215 1148 1384 1204 dubie
1405 1151 1582 1220 pietas
1605 1163 1788 1207 vestra
1823 1154 2041 1224 iniquas
2073 1163 2243 1210 teme—

659 1239 944 1308 rariasque
967 1238 1158 1310 Cyrilli
1184 1241 1534 1297 Alexandrini
1565 1244 1978 1316 Memnonisque
2000 1247 2242 1315 Ephesii,

656 1336 713 1382 et
757 1340 1086 1385 ceterorum
1125 1334 1220 1400 qui
1267 1348 1390 1386 eum
1429 1335 1562 1404 ipsis
1606 1345 1756 1400 sunt,
1791 1327 2242 1402 machinationes,
2278 1339 2285 1342 ’

656 1432 850 1472 contra
913 1434 1077 1474 omne
1125 1419 1212 1475 fas
1253 1429 1309 1476 et
1345 1423 1456 1492 jus,
1493 1425 1588 1493 qui
1627 1434 1818 1480 contra
1872 1426 2245 1496 piissimorum

657 1505 972 1577 Christique
1023 1510 1322 1564 amantium
1371 1512 1762 1582 imperatorum
1811 1527 2125 1570 nostrorum
2149 1517 2244 1570 lit-

659 1608 806 1652 teras
839 1597 984 1654 inter
1024 1613 1083 1653 κθ
1125 1616 1444 1656 consessum
1480 1607 1813 1662 constituere
1847 1621 1957 1660 non
1993 1616 2121 1661 ειιιιι
2155 1623 2248 1663 νο-

657 1688 771 1742 riti.

726 1780 1074 1851 Quapropter
1112 1785 1488 1855 necessarium
1537 1786 1797 1842 duximus
1841 1790 2101 1858 pietatem
2146 1806 2240 1845 ve-

660 1879 828 1925 stram
863 1873 1154 1928 certiorem
1190 1874 1392 1940 l'acere,
1425 1891 1618 1932 omnes
1648 1880 1868 1934 illorum
1909 1890 2140 1936 conatus
2188 1889 2246 1936 et

658 1963 1117 2028 machinationes,
1185 1968 1341 2036 juxta
1389 1969 1672 2037 prophetae
1697 1970 1987 2038 dictum",
2029 1989 2244 2048 aranea:

662 2055 826 2108 telam
856 2071 996 2111 esse.
1039 2057 1120 2110 Illi
1152 2067 1336 2111 autem
1380 2060 1472 2127 qui
1499 2061 1614 2116 haec
1643 2063 1762 2116 ausi
1795 2072 1940 2128 sunt,
1971 2074 2032 2118 ut
2075 2073 2246 2120 teme-

661 2144 856 2208 ritatis,
882 2147 1206 2215 iniquitatis,
1232 2151 1677 2221 conlusiouisque
1699 2163 1973 2219 auctores,
2006 2155 2242 2228 Cyrillus

658 2243 715 2288 et
743 2235 1022 2302 Memnon,
1071 2253 1103 2292 a
1139 2239 1302 2294 nobis
1341 2242 1699 2309 exauctorati,
1749 2252 1916 2315 atque
1945 2247 2243 2317 episcopali

659 2324 923 2394 dignitate
979 2327 1130 2380 exuti
1185 2333 1349 2392 sunt;
1407 2336 1638 2383 caeteros
1684 2346 1848 2396 vero,
1903 2333 1996 2402 qui
2049 2348 2242 2387 eorum

659 2417 941 2471 consessui
967 2416 1158 2472 adesse
1183 2419 1499 2484 voluerunt,
1528 2423 2081 2478 excommunicationi
2115 2425 2245 2479 sub-

655 2505 952 2574 jecimus,‘
989 2507 1188 2582 donec,
1239 2511 1462 2579 proprio
1501 2527 1688 2567 errore
1731 2515 1935 2584 agnito,
1983 2516 2241 2573 haeretica

657 2591 845 2665 Cyrilli
867 2595 1215 2650 Alexandrini
1246 2599 1423 2668 capita
1451 2601 1937 2680 anathematizent,
1963 2605 2238 2677 ﬁdemque

659 2693 974 2740 sanctorum
1022 2687 1266 2752 Patrum,
1307 2690 1400 2758 qui
1435 2689 1492 2745 in
1525 2691 1704 2746 Nicaea
1758 2694 2025 2766 Bithynia:
2065 2713 2242 2767 quon-

658 2773 783 2829 dam
815 2784 1210 2843 convenerunt,
1260 2779 1479 2834 sincero
1516 2782 1700 2838 animo
1747 2787 2201 2855 complectantur.

727 2962 806 3018 Ne
843 2965 968 3034 quis
997 2966 1163 3037 igitur
1196 2983 1263 3023 ex
1301 2985 1491 3025 eorum
1522 2988 1776 3037 numero,
1805 2975 1899 3045 qui
1939 2977 2239 3033 seditiones

2350 503 2429 564 εἰς
2473 501 2535 554 τὸ
2574 502 2845 572 συνέδριον
2893 502 3235 565 συνελθόντες
3291 501 3412 570 μεθ’
3449 504 3687 572 ἡσυχίας
3737 504 3938 574 Eafa-3:1

2349 590 2663 660 πρεπούσης
2698 593 2763 644 τὰ
2792 591 3098 661 ζητούμενα
3127 595 3490 662 ὲρευνήσωσι,
3521 593 3622 646 τοῦ
3650 611 3712 646 τε
3739 594 3934 662 δεσμώ

2346 682 2447 751 τῆς
2472 683 2865 752 ἀκοινωνησίας
2894 683 3389 754 ἀπαλλαγήσονται,
3413 684 3636 754 καὶτὴν
3657 688 3934 756 ἱερατικὴν

2347 773 2721 843 ἀπολήψονται
2745 772 3106 844 λειτουργίαν.

2347 902 2438 954 PN
2444 903 2593 956 E'.—
2610 905 2934 970 Ἐπιστολὴ
2953 903 3062 974 (92)
3080 904 3348 957 Ἰωάννου
3369 905 3716 958 ἐπισκόπου
3732 906 3907 959 Ἀντισ
3919 937 3934 945 -

2419 976 2606 1041 χείας,
2641 977 2741 1027 καί
2780 975 2898 1028 τῶν
2927 975 3049 1028 σὺν
3082 974 3262 1041 αὐτῷ,
3290 976 3442 1042 πρὸς
3474 977 3587 1028 τὸν
3614 980 3932 1030 Κωνστατ-

2419 1048 2827 1111 τινουπόλεως
2861 1043 3107 1112 κλῆρον.

2422 1157 2604 1225 Ἔγνω
2626 1175 2730 1211 που
2760 1159 2974 1220 πάντως
3012 1158 3166 1228 ὐμῶν
3215 1157 3529 1230 ήεύλάὸεια
3573 1158 3646 1210 τὰ
3685 1158 3934 1227 ἀθέσμοις

2347 1251 2442 1306 καὶ
2501 1253 2838 1322 παρανόμως
2881 1251 2987 1304 ὑπὸ
3031 1251 3299 1319 Κυρίλλου
3359 1250 3456 1304 τοῦ
3511 1250 3928 1321 Ἀλεξανδρέως.

2347 1343 2442 1395 καὶ
2491 1342 2772 1410 Μέμνονος
2825 1339 2920 1393 τοῦ
2968 1339 3240 1407 Ἐφεσίου,
3287 1341 3381 1394 καὶ
3423 1340 3536 1392 τῶν
3590 1339 3694 1391 σὺν
3734 1342 3929 1402 αὐτοῖς,

2347 1430 2498 1502 παρὰ
2562 1431 2624 1484 τὸ
2683 1432 2920 1502 γράμμα
2977 1429 3086 1484 τῶν
3152 1430 3559 1484 εὐσεϐεστάτων
3631 1430 3732 1483 καὶ
3796 1429 3930 1496 φιλο-

2347 1521 2583 1592 χρίστων
2637 1520 2794 1592 ήμῶν
2852 1521 3117 1592 βασιλέων
3177 1522 3655 1592 συνεδρευσάντων
3715 1537 3929 1590 γεγενη-

2349 1614 2507 1685 μένα.

2422 1793 2512 1846 Διὸ
2547 1791 2847 1859 ἀναγκαῖον
2893 1788 3152 1860 ᾠήθημεν
3193 1790 3459 1859 γνωρίσαι
3498 1788 3661 1857 ὑμῶν
3709 1794 3774 1860 τῇ
3817 1790 3925 1843 θεο-

2353 1885 2558 1956 σεϐείᾳ,
2590 1885 2665 1947 ὡς
2696 1887 2879 1938 ὲκεῖνα
2911 1884 3009 1953 μὲν
3043 1885 3260 1936 ᾶπαντα
3287 1884 3354 1936 τὰ
3392 1885 3484 1937 ὐπ’
3516 1885 3706 1939 αὐτῶν
3736 1886 3921 1955 τολμη-

2353 1977 2532 2039 θέντα,
2562 1976 2706 2039 ίστδς
2742 1977 3002 2045 ἀράχνης,
3037 1975 3176 2027 κατὰ
3209 1976 3299 2028 τὸν
3334 1977 3650 2047 προφήτην,
3681 1980 3925 2047 ὑπάρχει.

2349 2067 2512 2121 Αὐτοὶ
2538 2067 2594 2120 δὲ
2626 2069 2672 2119 οἱ
2705 2066 2880 2120 ταῦτα
2918 2067 3333 2136 τετολμηκότες,
3364 2070 3391 2121 ὃ
3421 2086 3480 2121 τε
3511 2068 3808 2138 Κύριλλος,
3843 2072 3928 2123 καὶ

2349 2161 2381 2212 δ
2416 2158 2676 2228 Μέμνων,
2707 2156 2782 2220 ὡς
2811 2147 3028 2227 ἔξαρνοι
3053 2156 3151 2225 τῆς
3180 2156 3407 2221 ἀταξίας
3450 2159 3547 2211 καὶ
3585 2161 3929 2229 παρανομίας

2349 2252 2629 2321 γενόμενοι
2691 2250 2782 2318 ὑφ’
2833 2249 2990 2318 ήμῶν
3042 2249 3450 2321 καθῃρέθησαν,
3515 2253 3612 2304 καὶ
3664 2253 3928 2324 ἀλλότριοι

2351 2341 2449 2410 τῆς
2483 2341 2788 2410 ἐπισκοπῆς
2821 2339 3085 2408 ἐγένοντο·
3139 2339 3266 2404 τούς
3322 2341 3379 2394 δὲ
3430 2342 3529 2394 σὺν
3580 2343 3772 2406 αὐτοῖς
3814 2361 3926 2397 συν-

2351 2432 2604 2504 εδρεῦσαι
2627 2432 2934 2502 ἑλομένους,
2969 2433 3364 2502 ἀκοινωνήτους
3388 2436 3801 2505 πεποιήκαμεν,
3831 2438 3928 2497 ἕως

2350 2521 2418 2574 ἂν
2445 2521 2506 2574 τὸ
2543 2522 2745 2573 οἰκεῖον
2802 2521 3114 2588 ἐπιγνόντες
3152 2521 3550 2592 πλημμέλημα,
3580 2524 3657 2578 τὰ
3695 2542 3756 2578 τε
3786 2528 3928 2597 αἶρε-

2346 2613 2473 2666 τικὰ
2502 2613 2776 2682 κεφάλαια
2799 2613 3072 2684 Κυρίλλου
3095 2613 3184 2679 τοῦ
3231 2615 3628 2687 Ἀλεξανδρέως
3656 2619 3930 2685 ἀναθεμα-

2347 2704 2560 2764 τίσωσι,
2589 2702 2683 2754 καὶ
2720 2702 2821 2773 τὴν
2858 2703 3040 2755 πίστιν
3066 2691 3173 2756 τῶν
3209 2704 3380 2771 ἁγίων
3420 2704 3686 2775 Πατέρων
3727 2706 3840 2758 τῶν
3872 2709 3927 2759 ἐν

2347 2794 2554 2864 Νικαίᾳ.
2581 2794 2683 2864 τῆς
2705 2793 2962 2857 Βιθυνίας
2993 2795 3484 2866 συναθροισθέντων
3516 2798 3724 2861 ἀδόλως
3761 2815 3926 2851 κατα-

2345 2883 2622 2948 δέξωνται.
3123 2901 3134 2907 ‘

2418 2977 2508 3046 Μή
2557 2977 2737 3030 τοίνυν
2785 2977 3062 3050 θορυϐήσῃ
3101 2997 3183 3044 τις
3208 2980 3307 3050 τὴν
3336 2981 3614 3052 ὑμετέραν
3643 2983 3927 3037 εὐλάξειαν

656 3052 896 3107 excitare
940 3055 1138 3118 solent,
1176 3067 1416 3112 vestram
1451 3060 1712 3130 pietatem
1745 3067 2037 3120 conturbet
2069 3085 2082 3120 :
2111 3084 2237 3122 nam

2344 3065 2452 3120 τῶν
2472 3065 2541 3120 τὰ
2566 3060 2786 3122 τοιαῦτα
2815 3073 2992 3124 ποιεῖν
3013 3071 3298 3126 είωθότων’
3330 3074 3587 3145 οὐδεμίαν
3616 3077 3726 3147 γὰρ
3754 3079 3925 3146 ίσχίεν,

659 3144 935 3197 temerarii
975 3153 1030 3198 et
1057 3146 1326 3217 illegitimi
1365 3151 1582 3207 illorum
1627 3169 1814 3220 ausus,
1849 3166 1909 3210 ut
1935 3157 2046 3228 jam
2075 3160 2243 3231 signi-

653 3235 963 3300 ficavimus,
1004 3238 1210 3293 nullam
1255 3243 1476 3310 penitus
1517 3244 1628 3298 vim
1674 3244 1897 3302 habent.

729 3324 841 3380 Hoc
875 3328 1052 3397 ipsum
1085 3345 1302 3400 quoque
1340 3333 1431 3402 pio
1459 3333 1777 3405 Christique
1828 3342 2034 3395 amanti
2064 3342 2242 3412 impe-

656 3419 825 3470 ratori
887 3430 1097 3483 nostro,
1140 3423 1463 3493 exterisque
1511 3426 2070 3496 magniﬁcentissimis
2097 3433 2244 3488 cele-

657 3506 1022 3579 berrimisque
1056 3511 1397 3583 principibus
1435 3515 1818 3572 indicavimus.

650 3627 869 3710 1321
928 3640 1533 3721 CLVI.:—Eo_1_‘umdem
1566 3649 1637 3702 ad
1681 3649 1934 3721 populum
1977 3652 2241 3709 German-

1100 3713 1505 3783 tinOpolt'tanum
1546 3713 1790 3788 epistola.

704 3820 958 3892 Synodus
989 3822 1239 3892 piissimo
1264 3823 1710 3899 ﬂdelissimoque,
1725 3847 1786 3886 ac
1801 3831 2020 3889 Christo
2036 3836 2238 3890 amanti

655 3913 857 3982 pepulo
911 3922 1114 3969 sanctae
1151 3915 1246 3969 Dei
1269 3916 1529 3974 Ecclesiae
1559 3919 2204 3996 Constantinopolitanae.

729 4103 838 4159 Lex
860 4113 942 4159 est
970 4105 1090 4160 sine
1126 4107 1335 4178 scripto
1365 4110 1560 4165 tradita
1585 4114 1919 4181 pastoribus,
1944 4133 2141 4187 nempe
2179 4128 2240 4172 ut

653 4194 899 4249 sedulam
947 4211 1172 4265 operam
1215 4210 1437 4266 navent,
1485 4217 1555 4256 ne
1582 4219 1801 4275 gregem
1840 4215 1936 4260 aut
1965 4207 2116 4264 fures
2155 4227 2241 4264 ra-

650 4283 824 4354 piant,
866 4293 961 4338 aut
985 4284 1116 4340 fera:
1148 4285 1430 4355 devorent,
1473 4301 1568 4346 aut
1614 4294 1795 4348 morbi
1825 4297 2240 4370 qualescunque

653 4375 867 4431 laedant.
891 4375 1046 4443 Quod
1067 4377 1112 4431 si
1138 4378 1214 4431 illi
1233 4381 1324 4449 qui
1345 4383 1619 4450 pecudum
1639 4399 1829 4438 curam
1851 4399 2236 4458 susceperunt,

2344 3155 2418 3220 ὡς
2457 3158 2555 3229 ήδη
2593 3159 2964 3232 ἐδηλώσαμεν,
2997 3163 3112 3234 ἔχει
3143 3165 3210 3218 τὰ
3243 3167 3576 3236 παρανόμως
3612 3170 3707 3221 ὐπ’
3748 3171 3928 3223 αὐτῶν

2336 3249 2702 3320 τολμηθέντα.

2414 3341 2587 3395 Τοῦτο
2611 3345 2667 3397 δὲ
2692 3345 2787 3397 καὶ
2812 3347 2890 3416 τῷ
2914 3348 3130 3401 εὐσεϐεῖ
3159 3351 3253 3403 καὶ
3279 3351 3608 3423 φιλοχρίστῳ
3641 3355 3674 3422 ἡ
3682 3354 3805 3424 μῶν
3835 3357 3925 3424 βας

2345 3433 2483 3486 σιλεϊ
2507 3436 2907 3507 ἐγνωρίσαμεν,
2937 3440 3032 3492 καὶ
3057 3442 3171 3503 τοῖς
3202 3441 3814 3514 μεγαλοπρεπεστάτοις
3837 3447 3924 3499 καὶ

2329 3525 2706 3591 ’ἐνδοξοτάτοις
2734 3528 2984 3600 ἄρχουσι.

2341 3658 2436 3710 ΡΝ
2443 3663 2511 3726 C,"
2520 3701 2532 3714 .
2559 3691 2628 3700 -
2664 3664 2991 3738 Ἐπιστολὴ
3015 3665 3132 3738 τῶν
3154 3667 3354 3722 αὐτῶν
3371 3669 3521 3738 πρὸς
3541 3672 3652 3726 τὸν
3670 3673 3739 3727 ἐν
3765 3675 3924 3728 Kair-

2414 3735 2920 3787 σταντινουπόλει
2955 3737 3112 3788 λαόν
3138 3737 3271 3807 (93).

2413 3839 2503 3910 Τῷ
2539 3842 2937 3915 εὐλαϐεστάτῳ,
2979 3848 3073 3900 καὶ
3113 3852 3444 3922 πιστοτάτῳ,
3477 3853 3573 3906 καὶ
3593 3856 3923 3929 φιλοχρίστῳ

2339 3930 2454 4002 λαῷ
2485 3933 2583 4003 τῆς
2619 3935 2676 3987 ὲν
2702 3936 3274 3996 Κωνσταντινουπόλει
3307 3944 3469 4012 ἁγίας
3501 3946 3595 3999 τοῦ
3627 3948 3764 4002 θεοῦ
3806 3951 3920 4003 Ἐκ-

2340 4022 2441 4091 κλη
2451 4021 2568 4084 σίας
2605 4025 2638 4092 ἡ
2671 4025 2909 4090 σύνοδος.

2409 4110 2589 4182 Νόμος
2613 4111 2764 4168 ἐστὶν
2783 4115 3026 4186 ἄγραφος
3053 4121 3166 4181 τοῖς
3190 4122 3409 4192 ποιμέσι
3432 4123 3633 4196 πολλὴν
3651 4128 3762 4182 τῶν
3794 4148 3917 4201 προ-

2341 4201 2522 4256 ϐάτων
2543 4204 2814 4257 ποιεῖσθαι
2835 4207 3182 4277 κηδεμονίαν,
3212 4213 3300 4264 ἵνα
3325 4215 3459 4284 μήτε
3482 4215 3729 4289 κλέπτης
3753 4223 3916 4273 ταῦτα

2339 4290 2597 4365 λῃστεύῃ,
2633 4295 2771 4363 μήτε
2801 4293 2964 4367 θηρία
3000 4299 3282 4374 κατεσθίῃ.
3317 4304 3450 4376 μήτε
3476 4306 3632 4370 νόσος
3661 4309 3915 4382 λυμαίνη-

2339 4399 2446 4436 ται.
2481 4385 2542 4437 Ei
2575 4386 2631 4438 δὲ
2681 4389 2730 4440 οἱ
2762 4385 2870 4441 τῶν
2898 4390 3109 4458 ἀλόγων
3142 4394 3431 4463 προὸἁτων
3459 4397 3559 4468 τὴν
3595 4402 3913 4473 κηδεμονίαν

653 4475 856 4520 tantam
885 4468 1306 4537 providentiam,
1333 4479 1648 4543 tantamque
1669 4476 2098 4533 sollicitudinem
2124 4480 2231 4536 illis

2344 4476 2773 4546 πεπιστευμένοι
2830 4482 3099 4552 τοσαύτην
3150 4483 3652 4562 αὐτῶνρτοιοῦνται
3709 4497 3914 4563 apem;-

653 4556 999 4626 impendunt,
1052 4569 1112 4614 ut
1160 4560 1352 4617 beatus
1396 4563 1565 4620 Jacob
1617 4565 1687 4620 ad
1741 4567 1928 4623 Laban
1979 4571 2230 4626 clamet:

661 4667 678 4698 ι
707 4647 824 4700 Diei
849 4659 981 4702 aestu
1021 4650 1238 4716 urebar,
1274 4661 1331 4707 et
1352 4655 1529 4709 noctis
1550 4656 1694 4726 gelu,
1716 4656 2064 4729 fugiebatque
2092 4677 2238 4716 som—

651 4753 754 4792 nus
795 4739 863 4793 ab
900 4741 1074 4795 oculis
1121 4743 1280 4808 meis,
1316 4754 1537 4814 captum
1584 4763 1614 4801 a
1646 4748 1821 4803 bestia
1856 4750 1952 4804 tlhi
2004 4769 2114 4806 non
2155 4762 2238 4808 atF

650 4829 750 4882 tuli
778 4829 852 4895 '°;
875 4851 892 4880 ι
921 4843 1181 4901 quantam
1203 4835 1414 4890 ratione
1452 4838 1697 4906 praeditis
1724 4839 2023 4898 Salvatoris
2057 4845 2232 4900 nostri

649 4923 905 4992 gregibus
945 4940 1135 4979 curam
1183 4927 1504 4997 impendere
1559 4946 1658 5000 par
1703 4932 1845 4997 erit,
1904 4936 1997 5005 qui
2046 4953 2236 5009 greges

649 5012 852 5070 divinis
905 5016 1319 5075 eharaeteribus
1368 5022 1613 5091 insigniti
1665 5033 1812 5088 sunt,
1854 5026 1909 5079 in
1951 5025 2231 5083 Christum

647 5103 870 5172 quidem
906 5106 1186 5177 baptizati,
1217 5120 1273 5165 et
1306 5112 1581 5173 Christum
1619 5114 1815 5179 induti,
1856 5126 1910 5171 et
1963 5118 2231 5174 Dominiei

648 5194 834 5250 vultus
871 5198 1078 5252 lumine
1104 5199 1322 5269 signati.
1358 5202 1724 5267 Quamobrem
1756 5222 1823 5260 ne
1855 5209 2012 5262 vanis
2048 5226 2233 5263 rumo-

651 5278 806 5332 ribus
846 5283 1061 5338 seducti
1095 5300 1329 5341 maerore
1371 5289 1683 5355 tabescatis,
1726 5293 2077 5352 thrharumve
2130 5297 2233 5352 ﬂu-

723 5433 767 5466 "
801 5434 904 5489 lsa.
938 5452 1042 5501 ιιι,
1068 5439 1123 5493 5.
1190 5441 1234 5472 ⁸⁸
1265 5441 1399 5496 Gen.
1433 5461 1577 5511 xxxi,
1607 5445 1790 5518 59,μο

866 5593 1153 5680 ,ξᾼναιρορὰ
1183 5599 1434 5680 Manssin
1455 5606 1696 5680 margine
1721 5609 1759 5662 l.
1798 5626 1870 5676 e.,
1896 5626 1948 5680 p.
1975 5614 2130 5672 1275.

2339 4564 2511 4630 θειαν,
2534 4567 2607 4630 ὡς
2639 4568 2765 4639 βοᾷν
2790 4569 2881 4621 τὸν
2912 4573 3182 4642 μακάριον
3214 4576 3409 4630 Ἰακὼϐ
3436 4581 3573 4651 πρὸς
3600 4584 3696 4638 τὸν
3717 4587 3910 4640 Λάδα-ν

2344 4675 2362 4706 ι
2397 4658 2583 4728 Ἠμην
2619 4661 3015 4731 συγκαιόμενος
3051 4665 3127 4736 τῷ
3156 4666 3396 4738 καύματι
3422 4672 3525 4740 τῆς
3561 4676 3800 4747 ἡμέρας,
3833 4680 3915 4733 καὶ

2344 4752 2569 4821 παγετῷ
2603 4754 2702 4823 τῆς
2738 4756 2956 4823 νυκτὸς,
2983 4760 3080 4812 καὶ
3103 4762 3376 4830 ,ἀφίστατο
3407 4767 3436 4818 ὁ
3464 4764 3632 4831 ὕπνος
3676 4771 3786 4825 ἀπὸ
3819 4773 3910 4825 τῶν

2337 4843 2631 4914 ὀφθαλμῶν
2673 4864 2797 4916 μου,
2827 4849 2921 4901 καὶ
2959 4849 3295 4921 θηριάλωτον
3346 4857 3448 4911 οὐκ
3471 4859 3710 4932 ἐνήνοχα
3758 4881 3857 4918 σοι’
3883 4866 3906 4914 ἰ

2337 4935 2470 5004 ὅσην
2492 4936 2596 5006 χρὴ
2618 4940 2951 5010 ποιήσασθαι
2982 4945 3237 5012 πρόνοιαν
3263 4947 3373 5000 τῶν
3410 4948 3648 5019 λογικῶν
3690 4957 3781 5009 τοῦ
3808 4958 3908 5009 2e:-

2335 5028 2400 5094 τῆ
2411 5043 2500 5094 ρος
2531 5029 2686 5098 ἡμῶν
2725 5032 3034 5101 προϐάτων,
3059 5030 3103 5090 ἃ
3131 5039 3256 5103 τούς
3287 5041 3466 5108 θείους
3487 5047 3799 5118 περίκειται
3828 5069 3910 5119 χα-

2336 5123 2636 5190 ρακτῆρας,
2671 5125 3036 5194 βαπτισθέντα
3065 5129 3162 5196 μὲν
3187 5133 3265 5194 είς
3290 5133 3548 5204 Χριστὸν,
3586 5139 3909 5211 ὲνδυσάμινι

2332 5209 2390 5261 δὲ
2427 5212 2679 5282 Χριστὸν,
2711 5218 2805 5271 καὶ
2827 5220 3204 5290 σημειωθέντα
3229 5225 3307 5296 τῷ
3331 5227 3471 5290 φωτὶ
3497 5230 3593 5285 τοῦ
3625 5209 3905 5303 “pomisne

2335 5304 2584 5374 κυρίους
2643 5309 2843 5365 Τούτου
2906 5313 3066 5383 χάριν
3131 5318 3429 5376 ἀναγκαῖον
3489 5327 3756 5402 ᾠήθημεν
3820 5337 3904 5392 τὰς

721 5647 830 5734 (93)
866 5647 1037 5718 Habet
1798 5647 2207 5752 calﬁeri?”
2251 5703 2304 5758 p.
2335 5687 2469 5743 19.75
2501 5703 2613 5760 seq.
