4086 6326
612 357 739 422 1151

674 553 787 592 rem
816 535 1043 590 victoriis
1071 531 1299 593 clarum,
1338 544 1551 583 ramum
1577 526 1881 597 signiﬁcem
1906 522 2185 593 depositio-

676 622 796 660 nem
824 601 1012 673 συν-ἰαί
1035 609 1085 656 et
1103 600 1413 655 Hannonis.

676 782 858 838 Pietas
900 788 1102 843 vestra,
1134 792 1257 848 qua
1303 774 1701 831 benefaciendo
1726 775 1851 829 orbi
1896 783 1953 828 et
1993 773 2186 829 Eccle-

607 872 706 929 siis
731 871 829 926 Dei
864 868 1137 932 clarescit,
1159 866 1327 938 jussit
1349 880 1451 920 nos
1483 866 1540 919 in
1566 862 1937 933 Ephesiorum
1962 864 2189 919 civitate

607 961 951 1033 congregari,
1007 970 1067 1014 ut
1105 957 1233 1013 inde
1256 958 1471 1011 lucrum
1514 963 1569 1009 et
1592 971 1693 1025 pax
1717 954 1977 1010 Ecclesiae
1998 951 2186 1011 conci-

606 1053 861 1118 liaretur,
898 1067 1009 1105 non
1042 1058 1105 1105 ut
1128 1051 1315 1104 omnia
1338 1048 1665 1103 confusione
1691 1059 1748 1103 et
1772 1046 2192 1116 perturbatione

606 1142 1038 1213 complerentur.
1094 1139 1201 1194 Sed
1230 1147 1289 1193 et
1316 1138 1434 1207 ipsa
1460 1147 1659 1192 vestrae
1684 1135 1989 1207 majestatis
2010 1134 2192 1190 edicta

607 1241 796 1304 aperte
850 1246 913 1287 ac
960 1231 1167 1285 diserte
1213 1231 1357 1300 piam
1404 1238 1645 1283 vestram
1689 1235 1744 1282 et
1778 1226 2061 1297 paciﬁcam
2091 1240 2194 1298 pro

608 1324 870 1379 Ecclesiis
894 1323 989 1377 Dei
1024 1322 1270 1377 indicant
1293 1330 1554 1375 mentem.

680 1517 848 1586 Atqui
894 1514 1131 1586 Cyrillus
1178 1512 1615 1576 Alexandrinus,
1658 1514 1724 1565 ad
1759 1512 2060 1582 perniciem
2090 1512 2197 1567 Ec-

605 1609 919 1671 clesiarum,
958 1616 1019 1661 ut
1050 1606 1292 1669 videtur,
1327 1613 1383 1659 et
1408 1616 1571 1658 natus
1592 1614 1649 1658 et
1672 1605 1962 1667 educatus,
1985 1618 2198 1658 assum-

606 1708 700 1769 pta
746 1698 1130 1767 cooperatrice
1177 1696 1485 1751 Memnonis
1528 1696 1753 1764 Ephesii
1784 1696 2033 1759 audacia,
2082 1694 2196 1765 pri-

1590 345 2079 409 THEODORETI
2119 344 2456 404 EPISCOPI
2488 345 2849 407 CYRENSIS

600 466 805 525 CLVII.
833 494 901 505 —-
925 462 1129 518 Raetia
1155 458 1439 516 Orientalis
1456 455 1786 512 conciliabit“
1810 455 1880 509 ad
1900 457 2186 525 imperato-
2216 461 2260 516 Α
2287 454 2456 525 PNZ'.
2481 484 2550 494 —
2584 456 2881 524 ’.ἀναφορὰ

3750 340 3879 405 ίίὲξ

2903 454 3013 522 τῆς
3034 454 3402 522 Ανατολικῆς
3429 452 3709 509 συνόδου
3734 460 3878 522 δρὸς

2359 524 2465 577 τὸν
2493 521 2853 578 καλλινίκόγ
2889 521 3178 589 βασιλέα,
3213 521 3495 591 δηλοῦσα
3544 522 3647 577 καί
3704 521 3878 589 αὖθις

2348 594 2475 659 ,τὴν
2529 594 2941 664 γεγενημένην
2994 597 3345 663 καθαίρεσιν
3395 596 3711 661 Κυρίλλου
3781 598 3876 647 καὶ

2360 662 2672 731 Μέμνονος
2704 662 2838 733 (96).

2372 778 2433 832 Ἦ
2462 778 2846 851 διαλάμπουσα
2876 779 3029 849 ὑμῶν
3056 779 3305 845 εὐσέϐεια
3332 780 3421 831 ἐπ’
3455 779 3759 849 εὐεργεσίᾳ
3783 783 3877 849 τῆς

2289 872 2743 942 οἱκουμένηςκαὶ
2767 871 2877 923 τῶν
2906 870 3004 924 τοῦ
3044 871 3179 925 Θεοῦ
3220 870 3562 941 Ἐκκλησιῶν
3590 872 3877 924 ἐκέλευσεν

2290 960 2439 1033 ἡμᾶς
2474 962 2532 1014 ἐν
2561 963 2625 1031 τῇ
2650 961 2760 1015 τῶν
2792 960 3055 1030 Ἐφεσίων
3083 960 3456 1031 ἀθροισθῆναι,
3484 961 3634 1014 ὥστε
3692 962 3879 1031 κέρδος

2291 1054 2385 1106 καὶ
2409 1054 2634 1124 είρήνην
2654 1056 2717 1125 τῇ
2743 1052 3043 1125 Ἐκκλησία
3062 1055 3433 1124 περιποιῆσαι,
3459 1054 3559 1123 οὐχ
3583 1054 3731 1107 ὥστε
3756 1070 3880 1119 συγ-

2291 1143 2503 1215 χύσεως
2548 1147 2644 1200 καὶ
2687 1145 2913 1213 ἀταξίας
2950 1147 3127 1200 πάντα
3174 1145 3483 1213 πληρῶσαι.
3515 1147 3634 1199 Καὶ
3665 1146 3879 1198 αὺτὰόἐ

2290 1235 2359 1290 τὰ
2399 1236 2494 1291 τοῦ
2531 1238 2799 1307 ὑμετέρου
2854 1237 3095 1307 κράτους
3147 1236 3495 1307 θεσπίσματα
3546 1238 3744 1304 σαφῶς
3795 1239 3883 1290 καὶ

2293 1327 2593 1399 διαρρήδην
2627 1330 2717 1381 τὸν
2753 1328 2953 1397 εὐσεϐῆ
2983 1328 3137 1397 ὑμῶν
3166 1329 3260 1380 καὶ
3285 1327 3564 1398 είρηνικὸν
3609 1328 3757 1398 ὑπὲρ
3782 1328 3880 1380 τῶν

2292 1417 2386 1474 τοῦ
2415 1419 2652 1490 Χριστοῦ
2695 1420 3035 1489 Ἐκκλησιῶν
3075 1420 3269 1489 μηνύει
3294 1420 3523 1473 σκοπόν.

2377 1512 2437 1563 Ὀ
2458 1511 2513 1565 δέ
2542 1511 2632 1564 ἐπ’
2657 1511 2867 1581 ὀλέθρῳ
2893 1512 3001 1566 τῶν
3037 1512 3371 1581 Ἐκκλησιῶν
3407 1514 3506 1566 καὶ
3538 1514 3763 1582 τεχθεκ
3796 1514 3883 1565 καὶ

2294 1604 2545 1675 τραφεὶς.
2578 1603 2655 1665 ὡς
2708 1604 2873 1667 ἔοικε,
2907 1605 3174 1675 Κύριλλος
3234 1608 3261 1657 ὁ
3303 1606 3401 1675 τῆς
3448 1605 3880 1675 Ἀλεξανδρείας.

2298 1698 2561 1767 συνεργὸν
2586 1696 2767 1750 λαὸὼν
2803 1698 2901 1767 τὴν
2928 1698 3209 1767 Μέμνονος
3249 1697 3342 1749 τοῦ
3389 1698 3653 1765 Ἐφεσίου
3686 1696 3882 1767 69373-

610 1802 757 1841 mum
781 1786 1007 1857 quidem
1039 1787 1095 1840 in
1121 1785 1400 1856 placidum
1428 1794 1489 1840 et
1517 1786 1667 1855 pium
1704 1786 1920 1856 ηπ
1944 1797 2191 1841 vestrum

2302 1804 2451 1857 τητα,
2480 1786 2695 1858 πρῶτον
2733 1788 2830 1857 μὲν
2869 1790 2946 1849 εἰς
2988 1786 3049 1839 τὸ
3075 1786 3310 1855 γαληνὸν
3349 1788 3444 1839 καὶ
3478 1786 3709 1848 εὐσεϐὲς
3737 1785 3886 1854 ὑμῶν

607 1878 853 1934 edictum
869 1878 1135 1946 peccavit,
1161 1892 1259 1945 per
1281 1876 1465 1929 omnia
1483 1890 1543 1929 se
1558 1877 1847 1945 profanum
1869 1874 2191 1930 ostendens.

610 1970 747 2024 Nam
794 1984 919 2023 cum
953 1976 1135 2022 vestra
1175 1968 1433 2035 majestas
1483 1967 1808 2035 praeceperit
1852 1966 1920 2019 de
1966 1965 2070 2021 fide
2108 1965 2196 2019 di-

608 2060 787 2131 ligens
833 2074 1064 2114 examen
1110 2068 1168 2113 et
1212 2058 1668 2125 inquisitionem,
1725 2072 1957 2125 eamque
2002 2057 2196 2111 haberi

608 2166 737 2206 cum
771 2150 1068 2205 concordia
1097 2158 1153 2203 et
1176 2164 1309 2217 pace
1334 2148 1584 2201 omnium
1622 2165 1633 2198 :
1665 2146 1905 2216 Cyrillus
1934 2147 2001 2200 de
2026 2147 2199 2216 Apol-

611 2241 793 2296 linarii
820 2240 1170 2311 dogmatibus
1192 2246 1503 2301 accusatus,
1553 2237 1661 2291 imo
1688 2238 1802 2307 ipse
1828 2237 2071 2306 seipsum
2104 2252 2197 2291 re-

610 2332 907 2403 darguens,
955 2346 1055 2400 per
1078 2346 1163 2392 ea,
1193 2343 1316 2397 qum
1347 2343 1470 2381 cum
1498 2327 1975 2380 anathematismis
1996 2341 2201 2396 nuper-

617 2426 753 2479 rime
800 2424 856 2477 in
899 2424 1104 2494 regiam
1144 2421 1335 2475 urbem
1386 2436 1509 2473 cum
1546 2420 1765 2489 propria
1790 2420 2199 2487 subscriptione

617 2514 786 2579 misit,
821 2515 874 2567 in
908 2514 1115 2582 quibus
1143 2511 1525 2579 deprehensus
1546 2521 1629 2563 est
1654 2508 1860 2563 sentire
1881 2523 2006 2561 cum
2030 2508 2201 2576 impio

614 2616 671 2661 et
716 2605 977 2660 heretico
1024 2603 1363 2674 Apollinario
1387 2642 1403 2665 ,
1454 2602 1542 2655 his
1564 2601 1823 2655 omnibus
1846 2601 2197 2669 posthabitis,

609 2698 771 2769 quasi
797 2706 1043 2766 tempora
1070 2696 1186 2750 haec
1232 2694 1379 2763 regia
1403 2692 1804 2761 gubernatione
1830 2692 2095 2744 destituta
2116 2706 2202 2745 es-

616 2799 758 2853 sent,
811 2790 868 2843 in
917 2801 1139 2841 omnem
1185 2785 1493 2855 prolabitur
1536 2784 1883 2853 iniquitatem
1920 2798 2200 2851 :cumque

612 2887 897 2951 oporteret
942 2878 1214 2931 rationem
1252 2876 1487 2930 reddere
1520 2890 1702 2944 pravae
1728 2889 1841 2928 suae
1870 2874 1938 2927 de
1970 2874 2202 2927 Domino

614 2978 808 3025 nostro
861 2970 990 3024 Jesu
1035 2967 1259 3022 Christo
1302 2966 1603 3035 opinionis,
1658 2965 1765 3019 sibi
1813 2964 2202 3019 auctoritatem

616 3075 913 3130 usurpans,
946 3072 1129 3127 neque
1156 3060 1172 3077 '
1199 3072 1231 3110 a
1256 3054 1587 3117 canonibus,
1613 3068 1793 3121 neque
1815 3068 1846 3106 a
1866 3054 2066 3107 vestris
2084 3054 2203 3106 edi-

2299 1879 2662 1948 παρηνὸμησε
2709 1878 3006 1947 θέσπισμα,
3036 1877 3124 1931 διὰ
3156 1876 3373 1929 πάντων
3414 1876 3477 1928 τὸ
3514 1876 3886 1930 aneos-imm»

2300 1972 2465 2025 αὐτοῦ
2499 1971 2733 2033 δεικνύς.
2779 1970 2886 2023 Τοῦ
2933 1972 3041 2040 γὰρ
3092 1972 3360 2040 ὑμετέρου
3422 1970 3671 2040 κράτους
3713 1969 3887 2027 θεσπί-

2299 2078 2493 2125 σαντος
2516 2064 2643 2133 περὶ
2674 2062 2909 2125 πίστεως
2940 2062 3037 2131 τὴν
3068 2062 3312 2126 ἐξέτασιν
3334 2062 3624 2129 γενέσθαι.
3672 2063 3769 2113 καὶ
3798 2059 3887 2117 3i-

2300 2168 2461 2206 σανον
2508 2152 2711 2222 ἀκριϐῆ
2764 2153 2862 2220 τὴν
2916 2152 3035 2225 μεθ’
3064 2151 3316 2221 ὁμονοίας
3361 2152 3457 2203 καὶ
3505 2153 3738 2220 εἰρήνης
3784 2148 3887 2199 τῶν

2300 2244 2539 2298 πάντων·
2573 2247 2599 2296 ὁ
2630 2242 2897 2311 Κύριλλος
2932 2244 3022 2294 ἐπὶ
3047 2246 3157 2305 τοῖς
3197 2241 3577 2311 Ἀπολιναρίου
3626 2242 3887 2307 δόγμασι-,ι

2300 2334 2722 2404 ἐγκαλούμενος,
2764 2333 2959 2402 μᾶλλον
2992 2333 3047 2385 δέ
3085 2332 3245 2394 αὐτὸς
3286 2332 3483 2385 ἑαυτὸν
3531 2330 3790 2396 ἐλέγξας,
3825 2330 3889 2380 δι’

2301 2421 2376 2479 ὧν
2403 2426 2591 2495 πρώην
2624 2428 2701 2487 είς
2729 2426 2827 2494 τὴν
2865 2424 3109 2495 βασιλίδα
3134 2425 3286 2477 πόλιν
3323 2425 3440 2491 μετ’
3476 2423 3618 2485 ιδίας
3652 2424 3889 2490 ὑπογρα-

2303 2521 2410 2587 φῆς
2444 2516 2730 2569 ἀπέστειλε
2779 2518 2897 2585 μετ’
2929 2514 3413 2585 ἁναθεματισμλῦν,
3449 2516 3512 2566 ἐν
3553 2508 3640 2576 οἷς
3686 2514 3756 2565 τὰ
3802 2512 3889 2565 τοῦ

2301 2604 2593 2670 δυσσεϐοῦς
2632 2608 2727 2659 καὶ
2768 2607 3048 2676 αἱρετικοῦ
3084 2606 3460 2673 Ἀπολιναρίου
3509 2606 3729 2675 φρονῶν
3758 2607 3887 2674 ἐλή-

2302 2699 2548 2766 λεγκται,
2576 2698 2669 2751 καὶ
2699 2698 2910 2760 οὐδενὸς
2933 2698 3137 2751 τούτων
3164 2696 3476 2767 φροντίσας,
3510 2698 3585 2759 ὡς
3610 2699 3671 2749 ἐν
3704 2696 3888 2749 ἀϐασι-

2303 2793 2513 2853 λεύτοις
2548 2794 2784 2861 καιροῖς,
2810 2792 2979 2859 χωρεῖ
3010 2790 3144 2859 πρὸς
3172 2792 3350 2843 πᾶσαν
3392 2789 3769 2857 παρανομίαν·
3804 2790 3889 2840 καὶ

2303 2883 2421 2934 δέον
2454 2882 2612 2951 λόγον
2642 2880 2825 2933 δοῦναι
2872 2881 3012 2950 ὑπὲρ
3056 2874 3130 2935 ὧν
3175 2880 3551 2950 διεφθαρμένη
3584 2880 3793 2949 χρῆται
3825 2884 3887 2949 τῇ

2304 2974 2436 3044 περὶ
2464 2972 2557 3024 τὸν
2590 2970 2795 3041 Κύριον
2823 2971 2981 3041 ἡμῶν
3017 2970 3221 3042 Ἰησοῦν
3249 2971 3483 3041 Χριστὸν
3516 2971 3671 3041 δόξῃ,
3710 2972 3890 3040 ἀρετα-

2305 3081 2404 3126 σας
2442 3063 2620 3132 ἐαυτῷ
2647 3063 2745 3132 τὴν
2773 3063 3078 3125 αὑθεντίαν,
3109 3063 3207 3131 τὴν
3245 3064 3380 3132 μήτε
3414 3063 3564 3131 παρὰ
3584 3061 3699 3115 τῶν
3730 3064 3891 3114 κανὸ-

616 3155 721 3207 etis
760 3151 813 3206 ei
855 3163 1174 3204 concessam
1199 3188 1216 3210 ,
1269 3147 1325 3201 in
1362 3160 1524 3199 omne
1548 3159 1719 3215 genus
1748 3144 2110 3199 immodestia:
2135 3159 2198 3199 ac

2304 3171 2410 3207 νων
2435 3153 2585 3225 αὖτῷ
2611 3153 2923 3224 δεδομένην,
2955 3154 3091 3224 μήτε
3122 3153 3229 3205 ἀπὸ
3258 3153 3366 3205 τῶν
3397 3152 3685 3223 ὑμετέρων
3711 3152 3894 3205 θεσπι·

613 3240 846 3299 soeleris
868 3240 999 3294 ruit.

687 3424 1059 3492 Quamobrem
1113 3428 1261 3475 mota
1294 3427 1481 3473 sancta
1512 3418 1771 3487 synodus,
1825 3433 1947 3486 quae
1969 3432 2079 3472 non
2101 3432 2201 3487 ap-

618 3517 873 3589 probavit
912 3516 1033 3587 ejus
1070 3512 1492 3567 adinventiones
1516 3509 1641 3563 ﬁdei
1676 3509 1983 3576 pestiferas,
2022 3509 2201 3578 ipsum

618 3608 844 3679 quidem
872 3605 1101 3676 deponit
1149 3610 1376 3672 propter
1405 3600 1664 3671 praedicta
1689 3601 1874 3653 omnia
1908 3618 1920 3653 :
1958 3600 2204 3653 Memnoc

618 3713 746 3751 nem
771 3710 926 3759 vero,
953 3694 1103 3748 velut
1125 3690 1511 3747 administrum
1532 3688 1673 3757 ejus,
1695 3694 1751 3740 et
1768 3687 2205 3741 commilitonem

619 3789 676 3843 in
701 3787 981 3849 omnibus,
1009 3783 1105 3853 qui
1124 3791 1182 3837 et
1204 3784 1520 3835 innumeras
1544 3778 1735 3831 turbas
1760 3788 1951 3832 contra
1974 3778 2206 3831 sanctis-

619 3880 790 3933 simos
815 3878 1125 3946 episcopos,
1176 3886 1358 3940 pravaa
1384 3869 1534 3921 illius
1567 3883 1631 3921 ac
1656 3867 1930 3921 haeretica:
1952 3866 2203 3937 opinioni

610 3968 878 4025 assentiri
922 3971 1263 4026 recusantes,
1312 3959 1602 4025 excitavit;
1661 3968 1716 4013 et
1740 3959 2007 4013 ecclesias
2035 3969 2203 4028 atque

620 4058 863 4116 oratoria
884 4056 1069 4111 omnia
1090 4052 1382 4116 conclusit,
1409 4051 1565 4119 quasi
1592 4050 1846 4105 adessent
1869 4065 2203 4121 paganorum

618 4160 677 4207 et
705 4149 947 4205 hostium
978 4146 1075 4201 Dei
1107 4152 1386 4214 tempora;
1441 4150 1497 4195 et
1524 4141 1720 4211 vulgus
1749 4141 1990 4211 regionis
2016 4142 2204 4212 Ephe-

618 4244 829 4299 siorum
847 4238 1178 4301 introduxit,
1204 4236 1343 4291 adeo
1369 4243 1429 4289 ut
1454 4234 1617 4288 nobis
1638 4232 1885 4303 quotidie
1907 4233 1975 4288 de
1990 4249 2205 4289 summa

622 4347 808 4387 rerum
839 4326 1269 4399 periclitandum
1310 4326 1401 4389 sit,
1453 4324 1585 4378 dum
1625 4339 1736 4377 non
1766 4323 1834 4377 de
1858 4324 2200 4392 defensione,

620 4421 716 4475 sed
747 4420 815 4474 de
843 4417 1008 4473 rectis
1033 4416 1160 4471 fidei
1186 4414 1540 4484 dogmatibus
1563 4412 1889 4483 cogitamus.
1922 4414 2035 4469 llos
2050 4416 2201 4469 enim

618 4509 947 4566 abscindere
979 4508 1117 4563 nihil
1150 4505 1299 4561 aliud
1331 4513 1435 4571 cst,
1472 4520 1637 4575 quam
1666 4516 1873 4558 rectam
1900 4504 2064 4561 ﬁdem
2087 4513 2202 4562 sta-

618 4607 793 4654 tuere.

696 4689 909 4763 1325
926 4689 1133 4744 Poterit
1160 4697 1345 4743 autem
1373 4688 1629 4757 majestas
1652 4696 1852 4754 vestra,
1875 4689 1959 4744 vel
1977 4704 2044 4744 ex
2067 4689 2205 4759 ipsis

623 4782 777 4839 illius
796 4782 1070 4852 capitibus
1112 4780 1336 4850 impiam
1360 4780 1479 4849 ejus
1503 4779 1829 4837 sententiam
1859 4795 2155 4851 agnoscere
2186 4798 2199 4834 :

552 4943 557 4949 η
622 4876 853 4945 impium
893 4873 1041 4928 enim
1081 4871 1485 4942 Apollinarium
1510 4910 1526 4936 ,
1582 4870 1637 4923 in
1682 4870 1877 4926 haeresi
1912 4873 2020 4941 jam
2050 4886 2201 4925 mor-

622 4974 803 5032 tuum,
839 4964 996 5034 quasi
1025 4977 1093 5018 ex
1114 4962 1331 5017 inferno
1351 4962 1613 5025 excitare,
1638 4972 1693 5015 et
1716 4971 1905 5018 contra
1928 4963 2203 5018 Eeclesias

622 5064 680 5111 et
724 5066 928 5111 rectam
974 5054 1136 5110 ﬁdem
1192 5053 1247 5108 in
1284 5054 1458 5108 aciem
1484 5052 1725 5107 educere
1750 5054 2109 5123 comperitur,
2147 5064 2203 5109 et

624 5147 1089 5203 anathematizare
1136 5146 1194 5200 in
1224 5146 1341 5201 suis
1367 5145 1808 5215 expositionibus
1841 5149 2205 5218 evangelistas

624 5236 791 5291 simul
838 5245 897 5290 et
943 5236 1241 5307 apostolos,
1296 5242 1500 5306 etpost
1524 5233 1666 5299 illos,
1720 5235 1982 5291 Ecclesiae
2006 5253 2204 5309 proge—

624 5327 854 5391 nitores,
901 5326 995 5396 qui
1047 5342 1077 5379 a
1125 5325 1332 5395 Spiritu
1364 5333 1573 5389 sancto,
1600 5340 1712 5379 non
1742 5341 1771 5379 a
1795 5326 2032 5395 propriis
2057 5326 2207 5397 cegi-

624 5416 928 5471 tationibus
969 5416 1223 5486 impulsi,
1252 5416 1396 5485 piam
1433 5415 1597 5471 ﬁdem
1641 5417 2102 5486 prmdieavcrunt,
2147 5426 2205 5473 et

623 5507 977 5579 Evangelium
1005 5507 1467 5561 annuntiaverunt
1485 5548 1498 5572 ,
1535 5518 1727 5563 contra
1754 5525 1876 5564 eam
1904 5527 2066 5579 quam
2097 5511 2201 5565 iste

621 5610 678 5652 et
729 5597 873 5669 sapit
932 5608 989 5653 et
1032 5598 1317 5669 loquitur,
1375 5599 1857 5671 praecipiendoque
1878 5602 1997 5656 vult
2019 5602 2200 5659 ubivis

2306 3249 2551 3317 σμάτων,
2583 3250 2730 3317 ὁρμᾷ
2760 3247 2895 3317 πρὸς
2923 3248 3029 3300 πᾶν
3075 3242 3215 3308 εἶδος
3247 3244 3472 3311 ἀταξίας
3511 3245 3608 3297 καὶ
3646 3262 3889 3314 παρανο-

2307 3355 2456 3410 μιας.

2375 3431 2502 3482 Ἐπὶ
2530 3430 2742 3492 τούτοις
2770 3429 3053 3499 κινηθεῖσα
3081 3431 3113 3498 ἡ
3147 3430 3275 3494 ἁγία
3302 3427 3537 3492 σύνοδος,
3564 3430 3595 3498 ἡ
3629 3429 3693 3480 ού
3724 3444 3897 3498 παρα-

2303 3520 2569 3591 δεξαμένη
2598 3521 2697 3584 τὰς
2726 3522 2820 3572 ἐπὶ
2855 3520 2999 3591 λύμῃ
3033 3520 3131 3588 τῆς
3161 3522 3396 3582 πίστεως
3428 3518 3593 3572 αὑτοῦ
3623 3518 3889 3580 ἐπινοίας.

2303 3610 2493 3661 τοῦτον
2518 3610 2616 3679 μὲν
2638 3609 2893 3679 καθαιρεῖ
2928 3608 3015 3660 διὰ
3036 3610 3104 3660 τὰ
3128 3605 3506 3678 προειρημένα
3545 3610 3745 3661 παν-τα·
3780 3610 3893 3662 Mi-

2310 3716 2479 3769 μνονα
2525 3699 2583 3750 δέ
2638 3698 2713 3761 ὡς
2751 3697 3012 3767 συνεργὸν
3056 3695 3220 3750 αὑτοῦ
3267 3699 3360 3749 καὶ
3392 3698 3809 3767 συναγωνιστὴν
3837 3700 3893 3749 ἐν

2310 3790 2483 3842 ἅπασι
2511 3788 2908 3859 γεγενημένον,
2935 3788 3029 3839 καὶ
3065 3787 3289 3856 μυρίους
3327 3788 3587 3857 θορύϐους
3612 3788 3757 3840 κατὰ
3783 3788 3892 3841 τῶν

2307 3880 2628 3949 ἁγιωτάτων
2669 3880 3007 3943 ἐπισκόπων,
3054 3879 3161 3931 τῶν
3197 3879 3486 3932 συνθέσθαι
3530 3883 3594 3947 τῇ
3638 3882 3887 3950 αἱρετικῇ

2308 3971 2517 4024 ἐκείνου
2566 3970 2855 4039 κακοδοξίᾳ
2900 3970 2974 4039 μὴ
2997 3969 3414 4039 ἀνασχομένων,
3445 3970 3761 4039 ἐγείραντα,
3795 3971 3889 4022 καὶ

2306 4062 2404 4123 τὰς
2437 4060 2733 4129 ἐκκλησίας
2768 4060 2861 4113 καὶ
2891 4060 3066 4113 πάντα
3097 4060 3263 4111 τόπον
3322 4059 3610 4129 εὐκτήριον
3646 4059 3891 4111 κλείσαν-

2306 4167 2395 4215 τα,
2445 4151 2520 4213 ὼς
2566 4152 2624 4202 ἐν
2666 4150 2998 4220 Ἑλληνικοῖς
3041 4150 3134 4203 καὶ
3182 4148 3469 4220 Θεομάχοις
3509 4152 3742 4220 καιροῖς·
3800 4149 3891 4203 καὶ

2309 4241 2516 4310 πλῆθος
2558 4240 2856 4311 ἐπιχώριον
2894 4242 2993 4310 τῆς
3025 4240 3289 4309 Ἐφεσίων
3329 4242 3790 4308 ἐπεισαγαγόντα,
3818 4242 3889 4303 ὡς

2307 4333 2436 4403 περὶ
2464 4330 2560 4385 τοῦ
2595 4332 2799 4396 παντὸς
2831 4334 2961 4402 ἡμῖν
2990 4327 3129 4385 εἶναι
3164 4331 3287 4385 καθ’
3314 4332 3555 4401 ἑκάστην
3584 4334 3679 4385 τὸν
3715 4332 3889 4385 κίνδου

2306 4441 2415 4489 νον,
2457 4425 2516 4477 οὐ
2562 4424 2698 4489 πρὸς
2731 4422 2947 4492 ἄμυναν
2982 4422 3288 4492 βλέπουσιν,
3322 4424 3458 4477 ἀλλὰ
3484 4424 3619 4493 πρὸς
3657 4424 3725 4477 τὰ
3757 4424 3888 4495 ὀρθὰ

2308 4516 2553 4585 δόγματα
2602 4516 2704 4584 τῆς
2757 4515 3059 4579 εὐσεϐείας.
3092 4515 3165 4568 Τὸ
3212 4516 3319 4586 γὰρ
3364 4515 3589 4578 τούτους
3635 4515 3884 4583 ἐκκόψαι,

2306 4609 2457 4661 οὐδὲν
2484 4608 2670 4677 ἔτερόν
2703 4609 2871 4669 ἐστιν,
2903 4606 2935 4676 ἢ
2963 4606 3059 4678 τὴν
3081 4606 3392 4677 ὁρθοδοξίαν
3422 4609 3639 4678 στῆσαι.

2384 4698 2607 4761 Ἔξεστι
2642 4697 2696 4750 δέ
2732 4698 2887 4767 ὑμῶν
2933 4697 3012 4768 τῷ
3051 4698 3241 4769 κράτει
3275 4697 3337 4763 ἐξ
3366 4698 3545 4751 αὐτῶν
3572 4696 3741 4753 αὑτοῦ
3781 4696 3887 4749 τῶν

2308 4786 2620 4853 κεφαλαίων
2650 4786 2710 4839 τὸ
2750 4787 3011 4850 δυσσεϐὲς
3052 4786 3218 4841 αὑτοῦ
3252 4790 3509 4859 φρόνημα
3550 4788 3880 4855 ἐπιγνῶναι·

2305 4879 2707 4948 τελευτήσαντα
2740 4877 2850 4949 γὰρ
2895 4876 2985 4931 τὸν
3020 4879 3255 4952 δυσσεϐῆ
3316 4880 3697 4950 Ἀπολινάριον
3735 4882 3792 4933 ἐν
3816 4882 3881 4948 τῇ

2307 4968 2538 5038 αἱρέσει,
2587 4968 2749 5020 οἱονεὶ
2782 4966 2843 5031 ἐξ
2874 4966 3002 5039 ᾅδου
3026 4969 3256 5039 ἐγείρων
3279 5012 3293 5036 ,
3338 4970 3433 5024 καὶ
3478 4969 3883 5040 ἐπιστρατείων

2305 5060 2426 5120 ταῖς
2464 5057 2817 5149 Ἐκκλησίαιξ
2839 5058 2932 5111 καὶ
2957 5061 3025 5131 τῇ
3058 5060 3324 5131 ὀρθοδόξῳ
3363 5060 3546 5113 πίστει
3579 5060 3879 5130 ἐλέγχεται.

2310 5150 2403 5201 καὶ
2450 5145 2869 5219 ἀναθεματίςων
2916 5148 2975 5203 ἐν
3024 5145 3107 5215 οἷς
3146 5151 3458 5215 ἐκτίθεται,
3491 5150 3881 5218 εὐαγγελιπὰς

2308 5238 2444 5309 ὁμοῦ
2469 5240 2563 5293 καὶ
2592 5239 3053 5308 ἀποστόλους,καὶ
3077 5243 3203 5301 τοὺς
3230 5242 3346 5312 μετ’
3378 5242 3626 5303 ἐκείνους
3658 5240 3881 5308 Ἐκκλη-

2313 5331 2433 5393 σίας
2463 5330 2763 5401 προγόνους
2786 5368 2801 5391 ,
2830 5331 2879 5384 οἶ
2912 5333 3063 5402 παρὰ
3081 5332 3175 5385 τοῦ
3207 5333 3362 5401 ἁγίου
3398 5331 3744 5401 Πνεύματος,
3772 5329 3881 5382 ἀλλ’

2309 5422 2409 5475 οὐκ
2442 5422 2549 5474 ἀπὸ
2570 5422 2845 5492 λογισμῶν
2868 5424 3086 5477 οἰκείων
3117 5423 3428 5494 ὁρμώμενοι
3445 5424 3547 5491 τὴν
3568 5422 3767 5492 εὐσεὸἧ
3793 5422 3878 5472 πει

2311 5528 2425 5566 στιν
2455 5513 2748 5585 ἐκήρυξαν,
2782 5514 2877 5566 καὶ
2911 5514 3281 5583 κατήγγειλαν
3305 5514 3366 5568 τὸ
3398 5514 3757 5582 Εὖαγγέλιον,
3781 5513 3881 5563 ἀπο

2308 5604 2561 5667 εναντίας
2589 5600 2673 5669 οἷς
2705 5599 2859 5669 οὗτος
2899 5608 2993 5661 καὶ
3020 5609 3229 5676 φρονεῖ,
3262 5606 3355 5660 καὶ
3383 5606 3652 5673 διδάσκει,
3700 5602 3791 5659 καὶ
3823 5606 3881 5671 ἐξ

699 5753 810 5829 (96)
846 5756 942 5812 Est
989 5756 1047 5810 in
1110 5753 1282 5813 Mansi
1330 5753 1557 5830 Collect.
1616 5756 1998 5821 conciliorum,
2041 5758 2078 5811 1.
2119 5773 2193 5822 c.,
2230 5773 2285 5827 p.
2330 5758 2485 5817 1385.
