4086 6326
250 406 273 468 I
294 406 394 468 iiitl

1567 405 1930 467 EPISTULA
1969 405 2226 467 CLVIII.

3401 410 3543 480 1454

244 515 626 585 ἐπιτάγματος
657 515 907 585 βούλεται
931 517 1029 587 τὴν
1054 516 1252 571 ἐαυτοῦ
1276 516 1533 571 ἀσέϐειαν
1566 517 1827 587 πανταχοῖ

1948 528 2223 574 terrarum
2252 535 2407 574 suam
2441 521 2784 591 impietatem
2814 524 3018 579 valere.
3068 524 3125 580 ld
3151 523 3301 597 quod
3324 542 3537 597 nequa-

240 608 349 678 τῆς
379 608 707 676 οἰκουμένης
732 611 978 678 κρατεῖν.
1007 610 1184 679 Ὅπερ
1212 609 1273 662 οὐ
1304 608 1585 681 φέροντες,
1612 612 1678 679 τῇ
1714 610 1840 663 στά-

244 714 336 750 σει
363 700 428 768 τῇ
454 697 650 769 δεοῦσῃ
682 700 1062 770 ἐχρησάμεθα,
1097 702 1163 771 τῇ
1196 717 1257 753 τε
1287 699 1410 771 θείᾳ
1450 702 1593 771 ῥοπῇ
1637 701 1731 754 καὶ
1764 699 1840 771 τῷ

240 788 350 859 τῆς
370 789 660 854 εὐσεϐείας
698 790 853 861 ὑμῶν
880 792 1213 863 θαῤῥοῦντες
1248 791 1461 862 σκοπῶ.

326 884 515 953 Ἰσμεν
542 883 652 953 γάρ
682 882 759 945 ὡς
787 883 941 937 οὐδὲν
966 884 1337 955 προτιμήσετε
1379 884 1483 955 τῆς
1524 881 1711 951 ὑγιοῦς
1757 883 1841 935 πί-

244 989 424 1039 στεως
445 1014 461 1039 ,
506 968 541 1047 ᾖ
592 975 994 1044 συντραφέντες
1036 976 1195 1047 ὑμεῖς
1222 993 1303 1039 τε,
1333 976 1427 1030 καὶ
1456 975 1505 1027 oi
1536 974 1839 1043 τρισμακά-

245 1082 358 1137 ριοι
383 1065 541 1137 ὑμῶν
571 1067 851 1137 πρόγονοι,
891 1068 1150 1139 άδιάδοχα
1164 1068 1236 1122 τά
1264 1066 1366 1137 τῆς
1393 1066 1671 1137 βασιλείας
1703 1081 1840 1137 παρ-

238 1156 505 1228 ειλήφατε
537 1148 815 1229 σκῆπτρα,
843 1161 973 1223 τοὺς
996 1161 1108 1223 τοῖς
1148 1158 1535 1222 άποστολικοῖς
1569 1158 1859 1227 δόγμασιν,

240 1248 696 1319 ἐναντιουμένους
717 1249 805 1303 ἀεὶ
825 1249 1188 1315 καταλύοντες
1209 1267 1224 1281 θ
1254 1242 1331 1303 ὧν
1360 1250 1509 1301 ἐστιν
1534 1249 1561 1299 ὁ
1582 1264 1839 1318 προειρη-

241 1341 410 1412 μένος
441 1341 729 1411 Κῦριλλος,
748 1342 806 1404 ὃς
833 1340 1024 1413 ῶσπερ
1043 1341 1340 1412 ἀκρόπολιν
1369 1338 1715 1408 κατειληφὼς
1739 1339 1837 1409 τὴν

244 1432 483 1500 ’Ἔφεσον
533 1431 621 1485 διὰ
654 1431 942 1501 Μέμνονος
974 1431 1068 1485 τοῦ
1098 1430 1389 1503 συνεργοῦ,
1441 1431 1667 1503 δικαίως
1712 1431 1833 1501 μετ’

235 1523 410 1578 αὑτοῦ
455 1523 552 1594 τὴν
600 1523 923 1593 καθαίρεσιν
970 1523 1360 1593 ἀπηνέγκατο·
1397 1524 1534 1593 πρὸς
1581 1524 1691 1591 γὰρ
1723 1524 1834 1584 τοῖς

236 1615 578 1685 εἰρημένοις,
629 1615 810 1668 πᾶσαν
842 1614 1051 1682 ἔφοδον,
1084 1615 1179 1667 καὶ
1218 1615 1400 1667 πᾶσαν
1428 1612 1658 1676 ἀταξίαν
1686 1612 1834 1665 ἐτόλ-

242 1719 426 1774 μησαν
453 1702 573 1757 καθ’
596 1703 777 1774 ἡμῶν,
816 1704 867 1757 οἳ
903 1704 1299 1773 συνελέγημεν,
1322 1702 1417 1754 καὶ
1449 1702 1661 1755 πόλεων
1693 1701 1833 1771 άμε-

234 1796 527 1866 λήσαντες,
551 1798 645 1849 καὶ
676 1796 970 1866 πατρίδων,
999 1795 1093 1849 καὶ
1117 1793 1328 1848 ἑαυτῶν
1342 1834 1357 1860 ,
1377 1794 1518 1846 ὥστε
1547 1791 1607 1846 τὸ
1631 1794 1659 1845 ὑ
1668 1792 1831 1861 μέτε-

238 1902 336 1956 ρον
362 1883 608 1954 κυρῶσαι
636 1883 933 1953 θέσπισμα.

312 1975 424 2030 Καὶ
468 1976 636 2046 ἐσμὲν
670 1975 766 2028 νῦν
809 1974 1129 2045 τυραννίδος
1183 1974 1607 2046 παρανάλωμα,
1659 1972 1708 2025 εί
1750 1970 1826 2041 μὴ

239 2065 636 2139 προκαταλάϐῃ
681 2064 793 2136 (97)
836 2069 869 2135 ἡ
897 2067 1140 2136 ὑμετέρα
1173 2065 1447 2126 εὐσέϐεια,
1490 2063 1827 2126 θεσπίζουσα

234 2158 477 2228 ὲ.έρωσε
509 2156 622 2228 (98)
654 2158 801 2227 ἡμᾶς
834 2157 1129 2222 συνελθεῖν,
1155 2157 1389 2227 πλησίον
1424 2173 1550 2220 που,
1579 2144 1708 2208 ἔνθα
1737 2154 1827 2206 δυ-

231 2248 519 2321 νησόμεθα
550 2248 659 2302 ἀπό
687 2266 747 2301 τε
776 2248 883 2301 τῶν
924 2248 1178 2319 Γραφῶν,
1216 2248 1311 2301 καὶ
1343 2248 1452 2301 τῶν
1477 2263 1825 2318 συγγεγραμ-

237 2341 420 2411 μένων
440 2341 554 2403 τοῖς
583 2339 830 2410 Πατράσι
863 2339 1061 2411 βίϐλων
1084 2378 1099 2403 ,
1132 2338 1347 2406 ἐλέγξαι
1385 2339 1585 2402 αὐτοὺς
1616 2338 1823 2407 σαφῶς,

229 2408 327 2485 τόν
358 2450 417 2485 τε
446 2408 736 2503 Κύριλλον,
770 2433 864 2484 καὶ
894 2408 1026 2495 τοὺς
1056 2432 1198 2502 ὑπὲρ
1244 2430 1412 2484 αὐτοῦ
1455 2430 1823 2501 ὑπαχθέντας,

229 2523 329 2588 οὓς
358 2524 740 2594 πεφεισμένως
788 2524 1157 2593 ἁκοινωνησία
1187 2522 1557 2593 ὑπεϐάλομεν,
1598 2522 1823 2586 ἐλπίδας

231 2618 420 2682 αὐτοῖς
448 2618 745 2688 σωτηρίας,
766 2618 815 2669 εί
844 2616 1291 2686 μεταμεληθεϊεν,
1320 2615 1715 2682 ὐποφαίνοντες
1738 2630 1750 2642 ·
1774 2612 1823 2664 οἱ

228 2711 425 2780 ὥσπερ
454 2710 547 2762 ἐπὶ
578 2708 840 2780 στρατείᾳ
872 2706 1186 2778 βαρϐαρικῇ
1234 2704 1369 2766 ὔλας
1411 2703 1642 2767 ἀταξίας
1673 2700 1823 2773 αὐτῷ

235 2800 401 2870 μέχρι
430 2798 523 2852 τοῦ
552 2798 821 2871 παρόντος
875 2799 1180 2869 παρέσχονο
1216 2798 1267 2850 oi
1308 2796 1409 2867 μὲν
1447 2795 1823 2866 καθῃρημένοι

226 2893 389 2954 ὄντες
416 2893 479 2944 ὲκ
509 2889 731 2956 πολλοῦ,
755 2891 849 2943 καὶ
875 2889 967 2942 ὑπ’
984 2887 1152 2943 αὐτοῦ
1180 2885 1623 2958 προσληφθέντες
1644 2902 1656 2917 ι
1689 2886 1741 2938 οἱ
1766 2884 1823 2939 δὲ

227 2980 592 3052 ἀκοινώνητοι
620 2981 736 3043 τοῖς
762 2981 986 3043 οἰκείοις
1012 2978 1466 3050 μητροπολίταις,
1493 2977 1588 3029 καὶ
1616 2977 1709 3029 ὑπ’
1734 2976 1823 3030 αὐ-

227 3068 332 3124 τοῦ
362 3070 442 3133 είς
464 3069 752 3123 κοινωνίαν
786 3066 1069 3138 δεχθέντες
1089 3085 1101 3095 ·
1136 3066 1287 3121 ἄλλοι
1320 3065 1601 3135 διαφόροις
1623 3063 1823 3134 ἐγκλή-

233 3174 407 3229 μασιν
448 3155 893 3227 ἐμπεπαρμένοι,
952 3155 1084 3227 παρ’
1115 3153 1283 3208 αὐτοῦ
1316 3152 1660 3224 τιμηθέντες.
1710 3151 1823 3205 Καὶ

225 3222 409 3303 ’ταῦτα
432 3222 605 3302 ἐποίει
770 3247 866 3301 τοῦ
894 3222 1136 3319 πλήθους
1161 3222 1408 3317 κυρῶσαι
1440 3222 1503 3298 τὸ
1545 3244 1823 3315 αἱρετικὸν
1849 3222 1892 3279 C

228 3337 399 3395 αὐτοῦ
428 3339 767 3409 πειρώμενος
797 3338 1075 3408 φρόνημα,
1123 3336 1197 3406 μὴ
1244 3334 1620 3404 λογισάμενος,
1655 3332 1732 3393 ὠς
1765 3332 1823 3386 ἑν

229 3430 490 3500 εὐσεϐείᾳ
520 3432 621 3484 οὐκ
651 3431 886 3501 ἀριθμὸς
910 3431 1175 3500 ζητεῖται,
1209 3428 1324 3482 ἀλλ’
1355 3427 1589 3500 ὀρθότης
1615 3426 1821 3496 δογμά-

228 3542 364 3587 των,
392 3524 487 3577 καὶ
509 3525 543 3594 ἡ
565 3521 677 3576 τῶν
714 3520 1092 3576 ὰποστολικῶν
1125 3521 1415 3589 δογμάτων
1446 3517 1694 3590 ἀλήθεια,
1726 3517 1822 3570 καὶ

228 3616 428 3687 ἄνδρες
461 3616 519 3667 ἐν
556 3614 769 3678 τούτοις
820 3612 1061 3675 εὐσεϐῶς
1098 3612 1159 3676 ἐξ
1186 3611 1562 3675 ἀποστολικῶν
1605 3608 1823 3662 ἀποδεί-

229 3708 373 3773 ξεων
402 3708 496 3761 καὶ
530 3705 846 3778 μαρτυριῶν
874 3705 1075 3767 εἰδότες
1096 3703 1474 3766 συνίστασθαι,
1503 3702 1598 3754 καὶ
1628 3700 1728 3753 οὐκ
1759 3700 1823 3751 ἐκ

230 3800 469 3873 θράσους
503 3799 598 3853 καὶ
619 3798 908 3859 αὑθεντίας
938 3798 1291 3867 τυραννικῆς.

308 3892 469 3945 Ὅθεν
498 3889 928 3963 παρακαλοῦμεν
970 3890 1065 3942 καὶ
1110 3885 1429 3956 ἱκετεύομεν
1485 3886 1575 3940 διὰ
1621 3889 1823 3961 τάχους

230 3982 512 4053 ἐπαμῦναι
530 3986 597 4053 τῇ
627 3982 882 4052 εὐσεϐείᾳ
904 3980 1292 4052 πολεμουμένῃ
1312 3980 1375 4032 τὸ
1402 3980 1671 4053 ὑμέτερον
1696 3985 1823 4053 κρά-

228 4089 349 4138 τος,
379 4074 473 4127 καὶ⁵
524 4072 811 4144 διόρθωσιν
865 4072 1132 4141 ὀξυτάτην
1185 4072 1456 4126 ἐπιθεῖναι
1502 4076 1568 4145 τῇ
1614 4076 1822 4129 τούτων

233 4172 409 4243 μανία
432 4171 525 4223 καὶ
555 4167 854 4240 τυραννίδι,
885 4168 919 4237 ἣ
944 4166 1135 4236 ὥσπερ
1164 4184 1247 4229 τις
1270 4165 1472 4237 λαῖλαψ
1499 4169 1637 4238 πρὸς
1668 4173 1821 4240 αἱρε-

226 4264 393 4335 τικὴν
432 4261 759 4327 κακοδοξίαν
793 4258 1108 4331 παρασύρει
1140 4260 1268 4321 τοὺς
1308 4256 1699 4329 θρασυτέρους.
1732 4264 1825 4314 Δί-

226 4372 388 4411 καιον
418 4353 527 4425 γὰρ
558 4352 658 4423 τὴν
692 4350 967 4421 ὑμετέραν
991 4349 1294 4413 εὐσέϐειαν,
1315 4350 1416 4419 τὴν
1448 4349 1558 4402 τῶν
1585 4351 1643 4402 ὲν
1681 4352 1821 4422 Περ-

228 4448 340 4501 σίδι
369 4447 462 4499 καὶ
492 4445 599 4498 τῶν
632 4447 688 4497 ἐν
721 4442 1020 4513 βαρϐάροις
1055 4439 1395 4510 Ἐκκλησιῶν
1425 4443 1817 4511 φροντίσασαν,

1940 627 2105 681 quam
2128 614 2392 679 ferentes,
2420 615 2773 670 eonvenienti
2799 618 3197 673 constitutione
3218 633 3411 674 sumus
3426 620 3537 685 usi,

1940 700 2127 756 divina
2151 704 2329 774 gratia
2359 712 2668 775 vestraeque
2690 704 2916 775 pietatis
2946 718 3128 762 mente
3153 706 3258 763 tisi.

2014 875 2234 932 Scimus
2272 879 2423 933 enim
2474 879 2625 950 quod
2667 895 2815 937 sanae
2861 879 2990 937 ﬁdei
3025 882 3166 938 nihil
3204 882 3535 952 praeferetis,

1938 967 1995 1020 in
2016 982 2124 1036 qua
2146 967 2368 1024 educati
2392 985 2492 1025 vos
2518 981 2575 1025 et
2602 970 2907 1027 beatissimi
2930 972 3316 1044 progenitores
3337 975 3532 1039 vestri,

1936 1073 2050 1112 non
2095 1059 2387 1131 interjecto
2432 1073 2699 1117 extraneo
2725 1077 3073 1127 successore,
3128 1061 3284 1133 regni
3314 1072 3536 1133 sceptra

1936 1150 2264 1221 suscepistis
2282 1193 2296 1216 ,
2344 1167 2565 1223 semper
2589 1168 2688 1208 eos
2719 1154 2813 1223 qui
2838 1154 3160 1223 apostolicis
3182 1154 3536 1225 dogmatibus

1935 1241 2333 1309 adversantur,
2389 1243 2801 1313 deprimentes;
2856 1260 2888 1298 e
2932 1246 3137 1315 quibus
3181 1252 3265 1299 est
3295 1244 3536 1316 Cyrillus

1937 1333 2254 1403 praedictus,
2290 1335 2387 1404 qui
2418 1335 2670 1406 adiutore
2695 1335 3009 1402 Memnone,
3041 1335 3199 1405 quasi
3229 1351 3412 1391 arcem
3441 1351 3536 1392 oc-

1937 1433 2261 1494 cupaturus,
2308 1426 2540 1482 veniens
2581 1427 2883 1496 Ephesum,
2925 1428 3073 1498 juste
3105 1442 3230 1480 cum
3258 1442 3326 1481 eo
3358 1427 3531 1498 depo-

1936 1517 2122 1571 sitioni
2158 1518 2444 1588 subjectus
2468 1517 2576 1573 fuit
2600 1536 2611 1571 :
2638 1533 2766 1572 nam
2801 1527 3001 1587 praeter
3023 1534 3088 1574 ea
3117 1534 3240 1588 quae
3266 1518 3530 1583 diximus,

1934 1624 2154 1663 omnem
2192 1610 2495 1675 insultum,
2555 1625 2890 1679 omnemque
2924 1610 3399 1680 perturbationem
3433 1627 3533 1681 per

1933 1701 2220 1756 audaciam
2248 1702 2491 1773 aggressi
2512 1712 2649 1758 sunt
2671 1712 2865 1758 contra
2884 1718 3006 1767 nos,
3030 1702 3125 1772 qui
3145 1703 3529 1767 convenimus,

1933 1796 1950 1812 ‘
1982 1792 2192 1847 relictis
2235 1793 2480 1848 civitatit
2494 1808 2557 1849 us
2602 1802 2659 1849 et
2700 1794 2896 1863 patriis
2917 1833 2932 1858 ,
2986 1809 3051 1848 ac
3080 1792 3243 1848 nobis
3275 1793 3429 1863 ipsis,
3460 1774 3531 1847 (ut

1860 1876 1903 1931 Β
1931 1883 2174 1939 edictum
2200 1894 2451 1939 vestrum
2481 1894 2660 1938 ratum
2683 1894 2849 1940 esset.

2000 1974 2069 2029 At
2115 1991 2265 2030 nunc
2310 1991 2503 2031 sumus
2551 1977 2829 2048 tyrannidi
2878 1977 3130 2047 exposita
3159 1975 3379 2045 praeda;
3420 1975 3529 2030 nisi

1928 2073 2111 2120 vestra
2129 2067 2307 2136 pietas
2328 2076 2661 2132 antevertat,
2684 2068 2935 2132 ediccns,
2959 2074 3023 2122 ut
3037 2068 3145 2122 alio
3169 2067 3386 2139 1326
3404 2068 3527 2122 loco

1930 2158 2191 2226 propiore
2215 2157 2634 2221 eouveniamus,
2686 2158 2782 2211 ubi
2808 2158 3117 2227 poterimus
3144 2174 3173 2213 e
3220 2157 3525 2227 Scripturis

1928 2258 1985 2302 et
2012 2263 2042 2303 e
2071 2249 2232 2303 libris
2257 2250 2593 2319 conscriptis
2616 2264 2647 2302 a
2670 2248 2950 2313 Patribus,
2989 2247 3318 2319 redarguere
3343 2250 3525 2303 mani-

1928 2340 2067 2395 feste
2107 2340 2411 2412 Cyrillum,
2468 2351 2525 2397 et
2563 2357 2680 2406 eos,
2724 2343 2817 2412 qui
2854 2342 2923 2397 ab
2951 2341 3047 2396 illo
3089 2340 3280 2396 dolose
3311 2342 3528 2396 inducti

1929 2442 2089 2498 sunt,
2143 2449 2283 2503 quos
2332 2434 2687 2505 indulgenter
2725 2434 3286 2489 excommunicationi
3334 2434 3526 2505 subje-

1928 2525 2128 2589 cimus,
2168 2540 2321 2595 spem
2353 2526 2571 2589 salutis,
2600 2525 2647 2580 si
2674 2527 3024 2595 resipiseant,
3055 2525 3473 2581 subindieantes
3505 2547 3519 2582 :

1927 2615 2023 2684 qui
2073 2617 2231 2685 quasi
2266 2617 2323 2670 in
2356 2617 2649 2672 barbarico
2677 2618 2929 2671 exercitu
2970 2618 3258 2671 materiam
3294 2628 3520 2687 ρει-ωτι

1928 2706 2173 2761 bationis
2224 2720 2402 2776 usque
2433 2707 2490 2761 in
2518 2714 2849 2776 praesentem
2876 2707 3070 2761 horam
3120 2706 3171 2761 ei
3201 2706 3520 2776 suppedita-

1928 2805 2062 2851 runt
2110 2816 2124 2851 :
2176 2798 2270 2852 alii
2298 2797 2526 2868 quidem
2560 2798 2739 2853 multo
2770 2806 2898 2852 ante
2941 2797 3201 2868 depositi,
3242 2807 3297 2853 et
3331 2799 3400 2853 ab
3425 2799 3522 2853 illo

1927 2889 2198 2959 suscepti;
2258 2889 2352 2943 alii
2383 2905 2515 2944 vero
2554 2889 3019 2944 cxcommunicati
3042 2904 3073 2944 a
3097 2890 3215 2944 suis
3238 2899 3520 2960 metropo-

1926 2979 2151 3042 litanis,
2202 2987 2259 3034 et
2304 2979 2374 3033 ab
2416 2980 2537 3048 ipso
2580 2983 2637 3034 in
2665 2980 3113 3035 communionem
3142 2981 3387 3051 recepti;
3426 2982 3521 3037 alii

1926 3068 2095 3123 variis
2123 3068 2455 3124 criminibus
2482 3068 2760 3139 impliciti,
2793 3078 2851 3123 et
2878 3069 2949 3123 ab
2974 3070 3092 3139 ipso
3122 3069 3366 3125 honores
3384 3086 3519 3126 con-

1926 3161 2125 3217 secuti.
2164 3161 2232 3216 Et
2262 3160 2381 3215 haec
2410 3159 2542 3215 fecit
2574 3168 2793 3215 tentans
2818 3174 2919 3230 per
2944 3159 3359 3215 multitudinem
3389 3177 3518 3217 sen-

1925 3270 2049 3310 sum
2094 3269 2257 3309 suum
2305 3253 2632 3308 hacreticum
2689 3253 2939 3309 stabilire
2991 3272 3003 3307 :
3049 3268 3161 3309 non
3200 3254 3521 3325 expendens

1925 3347 2073 3417 quod
2104 3347 2162 3401 in
2187 3346 2454 3417 religione
2484 3360 2597 3400 non
2628 3361 2900 3401 numerus
2928 3347 3200 3415 quaeritur
3221 3388 3236 3413 ,
3286 3347 3384 3402 sed
3415 3347 3516 3403 do—

1924 3446 2169 3507 gmatum
2193 3436 2490 3500 rectitudo,
2518 3450 2574 3491 et
2596 3436 3026 3505 apostolicorum
3049 3435 3401 3492 decretorum
3425 3454 3519 3495 ve-

1926 3529 2080 3592 ritas,
2103 3536 2160 3583 et
2178 3529 2307 3593 viri,
2335 3528 2430 3598 qui
2452 3528 2544 3582 illa
2567 3527 2655 3597 pie
2672 3544 2740 3582 ex
2756 3526 3074 3597 apostolicis
3091 3527 3517 3586 demonstratio—

1924 3620 2091 3675 nibus
2124 3629 2180 3674 et
2205 3621 2536 3675 testimoniis
2573 3620 2937 3689 comprobare
2959 3619 3157 3683 sciant,
3192 3636 3300 3676 non
3333 3631 3515 3676 autem

1924 3712 1990 3765 ei
2022 3710 2250 3766 audacia
2285 3720 2339 3766 et
2367 3712 2652 3782 tyrannica
2675 3718 2968 3779 potestate.

3482 3820 3517 3849 δ

1995 3898 2232 3953 Proinde
2287 3899 2647 3954 obsecramus
2696 3908 2752 3953 et
2801 3914 3056 3964 oramus,
3107 3914 3169 3956 ut
3195 3912 3378 3957 vestra
3405 3916 3519 3959 ma-

1918 3992 2091 4060 jestas
2112 3992 2522 4060 quamprimum
2547 3990 2821 4060 religioni,
2850 4006 2971 4060 quae
2990 3991 3366 4062 impugnatur,
3388 3995 3519 4049 sub-

1924 4080 2127 4133 sidium
2155 4079 2319 4144 ferat,
2373 4089 2430 4135 et
2465 4080 2813 4134 celerrimam
2838 4081 3241 4135 correctionem
3272 4083 3518 4151 imponat

1924 4167 2145 4221 illorum
2175 4168 2402 4223 insania:
2446 4176 2503 4223 et
2531 4168 2806 4239 tyrannidi
2834 4210 2846 4232 ,
2900 4184 3021 4239 quae
3068 4172 3229 4239 quasi
3256 4173 3420 4226 turbo
3446 4174 3516 4227 ad

1924 4258 2240 4314 hmreticam
2290 4259 2577 4329 perﬁdiam
2642 4259 2969 4315 audaciores
3018 4261 3233 4332 arripit.
3298 4263 3513 4319 Iustum

1923 4350 2072 4403 enim
2093 4361 2179 4405 est
2205 4358 2266 4404 ut
2285 4360 2471 4406 vestra
2496 4353 2693 4421 pietas,
2721 4367 2842 4421 quae
2864 4350 3236 4407 Ecclesiarum
3254 4354 3515 4421 Persidis,

1923 4450 1979 4495 ct
2020 4457 2234 4504 earum,
2280 4459 2405 4512 qua:
2442 4443 2589 4496 inter
2623 4442 2897 4497 Barbaros
2921 4454 3070 4508 sunt,
3107 4460 3295 4500 curam
3324 4446 3511 4515 gessit,

225 4543 292 4592 ἐν
314 4540 380 4609 τῇ
421 4524 711 4607 Ῥωμαίων
739 4536 884 4607 ἀρχῇ
916 4532 1288 4603 σαλευομένας
1320 4534 1395 4603 μὴ
1421 4534 1666 4605 παριδεῖν
1687 4537 1813 4588 Ἐκ-

1927 4534 2221 4596 Ecclesias,
2250 4548 2372 4605 quae
2396 4534 2451 4588 in
2478 4533 2855 4589 Romanorum
2883 4535 3194 4606 principatu
3216 4534 3514 4607 iactamur,

226 4627 480 4699 κλησίας.

225 4761 508 4815 PNH’.—
553 4758 851 4827 Ἀναφορὰ
906 4756 1016 4827 (39)
1065 4755 1184 4827 τῶν
1212 4755 1608 4827 ᾎνατολικῶν
1662 4758 1813 4824 πρὸς

301 4835 408 4885 τὸν
426 4826 869 4898 εὐσεϐέστατον
882 4826 1171 4893 βασιλέα,
1198 4826 1391 4898 ἣνςτρρ
1411 4826 1646 4898 ἔδωκαν
1663 4827 1817 4895 μετὰ

300 4900 411 4968 τῆς
431 4897 739 4968 ιῐιῖαφορίῖς
767 4897 873 4964 τῆς
906 4895 1434 4968 πρργεγραμμέὶέης
1458 4895 1537 4960 τῷ
1553 4900 1813 4965 μεγαλο-

300 4967 694 5039 πρεπεστάτῳ
718 4969 929 5037 κόμητι
957 4967 1269 5035 Είρηναίῳ.

313 5103 649 5174 Ἠλπίσαμεν
680 5102 833 5155 λύσιν
866 5100 1084 5155 ἔσεσθαι
1123 5101 1219 5154 τοῦ
1266 5098 1648 5167 Αἰγυπτιακοῦ
1681 5100 1814 5152 κλύ-

221 5200 416 5261 δωνος,
439 5195 535 5249 τοῦ
566 5198 687 5258 ταῖς
716 5195 902 5263 ἁγίαις
940 5193 1034 5245 τοῦ
1069 5193 1206 5245 Θεοῦ
1255 5192 1611 5262 Ἐκκλησίαις
1656 5209 1815 5263 προσ-

222 5288 507 5351 ϐαλόντος,
547 5287 616 5341 τὸ.
645 5287 745 5361 τῆς
776 5286 1058 5347 εὐσεϐείας
1097 5286 1194 5354 τῆς
1222 5284 1497 5354 ὑμετέρας
1527 5284 1810 5354 δεχόμενοι

222 5382 564 5452 γράμματα*
603 5378 952 5449 ἐψεύσθημεν
982 5378 1035 5432 δέ
1068 5378 1167 5447 τῆς
1208 5378 1445 5440 ἐλπίδος.
1476 5376 1813 5446 Θρασῦτεροι

223 5474 336 5544 γὰρ
371 5474 421 5526 οἱ
470 5471 661 5543 ἄνδρες
705 5470 766 5534 ἐξ
796 5468 1054 5532 ἀπονοίας
1084 5468 1366 5536 ἐγένοντο·
1410 5468 1503 5521 καὶ
1551 5466 1675 5520 οὔτε
1715 5467 1815 5537 τῆς

224 5563 455 5626 ἐνδίκως
484 5563 577 5615 καὶ
603 5562 842 5632 ἐννόμως
869 5559 1259 5630 ἐπενεχθείσης
1279 5561 1463 5624 αὐτοῖς
1491 5559 1816 5631 ἐφρόντισαν

299 5741 413 5881 ἓ97ξ
448 5740 537 5795 Sic
566 5741 634 5794 Μ.
666 5741 721 5795 in
752 5756 924 5811 marg.
958 5740 1115 5812 Vulg.
1149 5739 1450 5811 καταλάῦῃ.

324 5812 401 5881 98,
451 5811 717 5878 ἑτέρωθεν
751 5810 922 5865 Mans.

324 5810 412 5878 98)
451 5811 717 5878 ἑτέρωθεν
751 5810 922 5865 Mans.

393 5872 401 5881 ο

1921 4643 2032 4683 non
2065 4629 2324 4699 negligat.

1921 4760 2133 4834 1327
2160 4761 2383 4817 CLVIII.
2408 4793 2475 4801 —-
2508 4762 2714 4815 Relulio
2749 4762 3099 4817 Orientalium
3128 4763 3197 4815 ad
3223 4765 3515 4833 piissimum

1986 4837 2391 4903 imperatorem,
2453 4850 2614 4896 (mam
2665 4848 2785 4903 cum
2839 4841 2961 4885 ante
2994 4834 3213 4903 scripta
3260 4834 3516 4888 relatione

1988 4901 2509 4973 magniﬁcentissimo
2537 4903 2713 4955 comiti
2736 4901 2942 4956 Irenwo
2967 4901 3245 4955 dederunt.

1995 5102 2351 5173 Speravimus
2399 5101 2517 5155 fore
2576 5111 2635 5155 ut
2692 5099 3012 5171 Ᾱίεγριίυεθ
3038 5108 3359 5170 tempestas,
3394 5117 3518 5170 qua)

1922 5203 2139 5249 sanctas
2187 5194 2283 5249 Dei
2333 5194 2609 5248 Ecclesias
2648 5192 2967 5263 exagitavit,
3017 5193 3261 5261 acceptis
3296 5194 3518 5262 pietatis

1922 5298 2117 5342 vestrae
2165 5286 2370 5341 litteris
2423 5285 2645 5340 tandem
2689 5284 2992 5355 aliquando
3040 5284 3333 5339 sedaretur
3370 5303 3381 5338 :
3419 5285 3515 5340 sed

1921 5392 2017 5448 spe
2041 5386 2231 5432 nostra
2261 5376 2512 5431 frustrati
2542 5389 2756 5430 sumus.
2798 5374 3017 5429 Etenim
3049 5374 3151 5429 viri
3184 5374 3261 5429 illi
3293 5375 3514 5429 vesania

1922 5470 2032 5523 acti
2066 5468 2458 5523 insolentiores
2477 5475 2798 5531 evaserunt,
2827 5475 2879 5522 et
2907 5483 3087 5537 neque
3113 5468 3513 5537 depositionem

1918 5560 2066 5630 iuste
2091 5562 2107 5579 ‘
2139 5558 2506 5629 lcgitimeque.
2548 5558 2684 5629 ipsis
2718 5559 2925 5614 illatam
2966 5558 3267 5629 quidquam
3295 5569 3512 5623 curant,

1932 5736 2105 5863 “(339)
2147 5738 2435 5810 Ἐπιστολὴ
2478 5739 2585 5793 τῶν
2620 5738 2820 5793 αὐτῶν.
2859 5738 2930 5793 Μ.
2968 5738 3023 5791 in
3080 5739 3348 5809 margine,
3387 5752 3508 5809 pag.
