4086 6326
234 374 381 447 2457

1584 379 1947 444 EPISTOLA
1990 382 2187 447 CLXI.

3363 381 3432 447 14
3443 385 3512 449 58

309 484 552 555 Δεόμεθα
574 484 752 539 τοίνυν
777 486 868 539 καὶ
892 486 1207 556 ἱκετεύομεν
1232 488 1328 558 τὴν
1352 489 1624 561 ὑμετέραν
1654 507 1814 562 μεγα-

1989 489 2359 543 Obsecramus
2408 486 2641 558 proinde
2705 494 2943 543 vestram
2998 488 3468 561 magniﬁcentiam
3498 534 3511 554 ,

227 576 589 647 λοπρέπειαν,
620 577 693 647 μὴ
719 578 964 648 παριδεῖν
994 581 1141 647 ἡμᾶς
1162 580 1219 631 ἐν
1249 581 1397 650 μέσῳ
1426 580 1533 633 τῶν
1560 580 1815 636 τοιούτων

223 667 681 736 ἀπειλημμένους
716 667 923 729 κακῶν,
960 668 1075 721 ἀλλ’
1112 669 1418 738 ἐξαρπάσαι
1453 672 1601 740 ἡμᾶς
1638 671 1713 740 (8)
1741 672 1817 734 ὡς

221 756 466 826 τάχιστα
489 757 582 810 τοῦ
614 756 853 810 ὑπόπτου
878 758 1132 823 θανάτου,
1157 760 1251 812 xui.
1280 763 1694 830 παρασκευάσαι
1718 761 1817 831 τὴν

228 845 488 914 βασιλίδα
536 849 693 901 πόλιν
742 850 1091 915 καταλαϐεῖν,
1122 853 1213 904 καὶ
1251 850 1434 905 δοῦναι
1484 853 1639 921 λόγον
1671 854 1818 922 ἡμᾶς

226 936 380 1005 ὑπὲρ
406 938 506 1007 τῆς
530 939 785 1004 πίστεως,
820 941 916 993 καὶ
949 941 1226 1009 ἐξελέγξαι
1260 944 1374 1004 ⁸τῶν
1402 946 1817 1015 προειρημένων

225 1027 446 1098 ἀνδρῶν
473 1029 575 1098 τήν
602 1046 659 1081 τε
684 1032 967 1101 αἱρετικὴν
999 1031 1343 1096 κακοδοξίαν.
1396 1036 1488 1087 καὶ
1521 1035 1621 1105 τὴν
1653 1037 1819 1106 ὑπερ-

224 1117 540 1172 ϐάλλουσαν
592 1121 971 1191 παρανομίαν·
1022 1122 1071 1174 εἰ
1116 1123 1223 1194 γὰρ
1256 1124 1332 1193 μὴ
1377 1124 1533 1177 τοῦτο
1583 1125 1817 1193 γένοιτο,

226 1207 516 1269 παντελῶς
545 1208 913 1281 ἀπολούμεθα,
946 1211 1039 1263 καὶ
1066 1212 1444 1284 παρανάλωμα
1465 1213 1564 1283 τῆς
1594 1215 1820 1270 ἐκείνων

230 1298 437 1367 μανίας
472 1300 729 1368 ἐσόμεθα.

310 1389 479 1441 Πάλιν
508 1392 686 1444 τοίνυν
719 1392 949 1461 δεόμεθα
971 1432 986 1458 ,
1022 1394 1118 1447 καὶ
1147 1395 1479 1466 ἐνορκοῦμεν
1524 1399 1661 1468 πρὸς
1688 1400 1819 1453 παί-

226 1477 363 1541 δων,
395 1481 531 1550 πρὸς
560 1481 667 1533 τῶν
698 1482 993 1551 φιλτάτων,
1026 1486 1165 1555 πρὸς
1194 1487 1293 1556 τῆς
1322 1486 1537 1551 δικαίας
1561 1489 1652 1540 τοῦ
1681 1490 1816 1544 Θεοῦ

208 1569 492 1641 κρίσεως,
537 1572 612 1644 μὴ
641 1574 999 1645 περιοφθῆναι
1033 1578 1183 1649 παρὰ
1224 1578 1324 1647 τῆς
1350 1580 1624 1648 ὑμετέρας
1656 1597 1817 1647 μέγα.

226 1658 588 1730 λοπρεπείας,
630 1664 744 1717 ἀλλ’
771 1666 847 1728 ὡς
875 1666 1106 1735 τάχιστα
1132 1668 1381 1723 ἐντεῦθεν
1413 1671 1815 1744 ἀπαλλαγῆναι,

229 1750 331 1802 καὶ
358 1751 641 1824 ἐλεύθερον
674 1755 811 1826 ἀέρα
843 1756 1159 1813 θεάσασθαι.

1924 578 2237 650 obnixeque
2292 578 2543 657 eamdem
2573 593 2859 649 rogamus,
2918 595 2987 634 ne
3026 596 3129 635 nos
3168 582 3335 637 tantis
3361 581 3514 652 hisce

1924 672 2083 725 malis
2128 671 2373 741 undique
2416 671 2650 735 cinctos,
2685 671 2781 725 sed
2815 670 3060 726 evidenti
3092 673 3287 728 mortis
3311 672 3513 728 discri-

1923 762 2094 827 mine,
2124 770 2326 830 quanta
2357 760 2474 816 ﬂeri
2500 768 2683 830 potest
2706 760 3010 826 celeritate,
3038 765 3264 825 eximat,
3291 761 3513 816 efﬁciat-

1922 868 2031 920 que
2070 861 2132 906 ut
2181 852 2249 906 ad
2272 852 2478 922 regiam
2505 851 2784 906 civitatem
2816 852 3009 905 accitis
3038 851 3163 905 ﬁdei
3190 859 3392 906 nostra
3424 866 3513 906 ra-

1923 943 2133 997 tionem
2179 942 2429 1007 reddere,
2468 957 2532 997 ac
2561 941 2949 1012 praedictorum
2988 940 3233 995 virorum
3277 941 3511 996 hmresin

1923 1033 2420 1102 incredibilemque
2441 1032 2793 1103 iniquitatem
2837 1033 3002 1087 liceat
3033 1042 3468 1091 commonstrare
3496 1052 3511 1087 :

1924 1139 2071 1189 nam,
2113 1125 2219 1179 nisi
2255 1124 2361 1179 hoc
2384 1123 2497 1190 ﬁat,
2538 1122 2846 1193 peribimus
2876 1123 3147 1188 funditus,
3200 1132 3363 1195 atque
3393 1126 3510 1180 illo-

1926 1231 2049 1270 rum
2070 1216 2231 1272 furiis
2253 1216 2514 1287 pabulum
2539 1214 2715 1270 futuri
2739 1228 2952 1271 sumus.

1996 1408 2188 1463 Denuo
2235 1408 2423 1478 itaque
2473 1424 2695 1464 oramus
2746 1417 2803 1465 et
2848 1424 2949 1481 per
2983 1410 3211 1475 liberos,
3248 1419 3305 1466 et
3328 1426 3509 1482 perea

1925 1514 2048 1568 qua:
2078 1500 2235 1555 vobis
2267 1509 2397 1555 sunt
2425 1501 2771 1569 charissima,
2810 1518 2874 1557 ac
2904 1505 3229 1574 perjustum
3251 1504 3351 1560 Dei
3363 1506 3512 1576 judi-

1926 1590 2071 1643 cium
2095 1591 2460 1657 obtestamur,
2486 1608 2555 1647 ne
2580 1608 2612 1647 a
2634 1600 2818 1647 vestra
2839 1594 3246 1664 magniﬁcentia
3276 1596 3509 1667 neglecti

1928 1678 2325 1748 relinquamur,
2358 1681 2453 1735 sed
2484 1690 2545 1735 ut
2572 1697 2738 1751 quam
2762 1682 3051 1739 celerrime
3076 1683 3209 1738 hinc
3227 1700 3508 1750 eruamur,

1925 1778 1982 1822 et
2011 1769 2247 1824 liberum
2272 1786 2456 1827 aerem
2478 1772 2815 1828 intueamur.

231 1860 361 1916 PE'.
384 1891 456 1904 —
495 1865 815 1960 Ἐπιστρλὶέ
860 1867 981 1922 τῶν·
1020 1871 1219 1960 αὐτῶν
1248 1873 1411 1960 ’πρύιςὶ
1433 1875 1540 1959 τ’ὸν
1563 1877 1814 1960 ammad-

1921 1878 2175 1935 CLX.—‘
2192 1880 2437 1952 Epistula
2460 1886 2760 1960 earumdem
2785 1888 2855 1940 ad
2877 1889 3218 1960 prmpositum
3238 1900 3285 1944 et
3305 1892 3510 1947 schola-
3582 1888 3583 1893 “

378 1947 575 1999 mror,
612 1938 711 1989 καὶ
745 1939 851 1991 τὸν
889 1938 1305 2007 (σχολαστικὸνἐ
1341 1938 1416 2012 (9)
1440 1938 1672 2013 ὁμοίως.

302 2022 472 2076 Οὐδὲν
523 2026 783 2088 ἀπονοίας
820 2029 876 2079 ἐν
917 2030 1208 2101 πλημμελή
1222 2050 1350 2101 μασι
1395 2034 1812 2108 χαλεπώτερον·

225 2110 373 2181 αὕτη
415 2114 522 2184 γὰρ
553 2118 644 2169 ἐπὶ
695 2118 870 2172 πάντα
899 2121 1016 2172 ἐστὶ
1047 2123 1114 2174 τὰ
1149 2122 1325 2176 ἄτοπα
1370 2126 1615 2196 ἡγεμών,
1682 2129 1816 2183 Ὑπὸ

228 2201 437 2272 ταύτης
465 2207 513 2257 οἰ
546 2209 833 2274 Αἰγύπτιοι
866 2212 959 2263 καὶ
980 2213 1027 2264 οἱ
1058 2213 1155 2264 σὺν
1193 2214 1374 2278 αὐτοῖς
1405 2220 1817 2290 στρατηγούμεο

227 2309 314 2347 νοι
357 2295 468 2348 τῶν
505 2315 564 2351 τε
619 2301 1087 2371 ἐκκλησιαστικῶν
1131 2308 1531 2376 καταφρονοῦσι
1573 2309 1812 2381 θεσμῶν,

228 2383 330 2435 καὶ
369 2384 439 2437 τὰ
492 2388 686 2459 εὐσεϐῆ
734 2392 843 2444 τῶν
873 2391 1304 2461 θεοφιλεστάτων
1343 2399 1502 2468 ἡμῶν
1549 2400 1814 2470 βασιλέων

228 2475 469 2528 πατοῦσι
505 2479 870 2551 θεσπίσματα.
902 2483 1037 2537 Οὔτε
1066 2486 1175 2555 γὰρ
1217 2487 1285 2539 τὰ
1332 2489 1544 2559 πρῶτα,
1579 2492 1703 2546 οὔτε
1747 2494 1815 2548 τὰ

226 2566 483 2637 δεύτερα,
523 2571 647 2625 οὔτε
678 2574 745 2627 τὰ
782 2576 943 2646 τρίτα
990 2579 1186 2640 αὐτοὺς
1239 2587 1536 2651 σωφρονεῖν
1570 2586 1816 2651 ἐδίδαξαν

230 2659 563 2730 γράμματα.
606 2662 741 2717 Οὑτε
783 2668 811 2736 ἡ
850 2669 1090 2736 ἐννόμως
1125 2671 1308 2734 αὐτοῖς
1339 2674 1427 2741 ὑφ’
1462 2676 1619 2745 ἡμῶν
1655 2680 1815 2732 ἐπεν-

227 2748 458 2818 εχθεῖσα
487 2753 810 2823 καθαίρεσις
854 2756 1075 2811 ἔσϐεσεν
1117 2762 1297 2814 αὐτῶν
1344 2763 1443 2832 τὴν
1476 2764 1813 2837 θρασύτητα.

242 2840 388 2892 ’Δλλ⁹
426 2842 764 2914 ἁθροίζονται
816 2847 915 2915 μὲν
949 2851 1028 2912 είς
1081 2852 1208 2913 τοὺς
1263 2853 1587 2925 εὐκτηρίους
1636 2860 1817 2924 οἴκους

230 2932 590 3002 παρανόμως,
642 2938 953 2991 ἐπιτελοῦσι
983 2942 1040 2993 δέ
1084 2944 1331 3009 συνάξεις
1380 2947 1678 3019 ἀθέσμους,
1722 2956 1818 3008 καί

230 3039 320 3076 τοι
351 3040 412 3091 γε
435 3025 542 3081 τῶν
575 3028 716 3081 λαῶν
745 3030 970 3099 ταύταις
997 3034 1058 3085 οὐ
1093 3036 1537 3106 παραϐαλόντων.
1564 3045 1734 3098 Παντί
1759 3064 1814 3098 τε

230 3113 365 3185 θείῳ
394 3116 530 3187 οῖκῳ
557 3123 824 3191 φρουροὺς
851 3125 1267 3196 ἐπιστήσαντες,
1304 3132 1494 3185 οὐδένα
1541 3135 1681 3205 πλὴν
1717 3140 1815 3190 αὑ*

230 3204 346 3258 τῶν
375 3209 601 3263 είσιέναι
635 3213 1002 3284 συγχωροῦσι.
1036 3218 1147 3270 Καὶ
1180 3220 1353 3275 ταῦτα
1375 3222 1475 3294 ἤδη
1505 3223 1591 3279 διὰ
1635 3204 1816 3299 γραμ-

234 3299 425 3368 μάτων
450 3301 651 3372 ἐτέρων
676 3306 774 3373 τὴν
802 3306 1073 3377 ὑμετέραν
1104 3309 1423 3383 ἐδιδάξαμεν
1473 3318 1814 3392 μεγαλοπρέ-

231 3406 427 3457 πειαν,
474 3395 622 3458 ὅπως
667 3396 1120 3470 ἐκινδυνεύσαμεν
1164 3404 1564 3474 προσεύξασθαι
1620 3410 1816 3484 βουλη-

232 3481 423 3546 θέντες
467 3487 549 3548 είς
591 3487 651 3539 τὸ
701 3488 855 3557 διγιον
900 3492 1264 3557 Ἀποστόλιον,
1301 3495 1441 3563 μετὰ
1471 3498 1530 3550 τὸ
1558 3481 1814 3565 δέξασθαι

231 3572 306 3625 τὰ
331 3574 416 3626 διὰ
445 3576 538 3628 τοῦ
571 3577 1023 3649 θαυμασιωτάτου
1056 3584 1351 3638 Παλλαδίου
1374 3588 1467 3639 τοῦ
1496 3607 1815 3663 μαγιστρια-

234 3662 327 3715 νοῦ
359 3666 665 3735 γράμματα
700 3669 807 3721 τῶν
833 3671 1238 3727 εὐσεϐεστάτων
1278 3676 1433 3745 ἡμῶν
1454 3679 1549 3731 καὶ
1575 3662 1817 3754 φιλοχρί-

234 3767 377 3804 στων
408 3754 688 3823 βασιλέων.
727 3760 800 3811 Οὐ
843 3761 951 3829 γὰρ
992 3761 1153 3830 μόνον
1194 3764 1547 3837 ἐκωλύθημεν
1579 3774 1816 3841 προσεύ-

232 3842 451 3908 ξασθαι,
485 3847 617 3900 ἀλλὰ
647 3849 740 3901 καὶ
772 3852 1229 3919 καταλευσθέντες
1265 3857 1425 3927 μέχρι
1455 3860 1651 3914 πολλοῦ
1683 3882 1815 3918 κατ-

229 3933 465 4007 εδιώχθη
475 3956 592 4006 μεν.

317 4029 533 4098 Ἐπειδὴ
562 4030 742 4084 τοίνυν
767 4035 860 4087 καὶ
889 4036 988 4103 τῆς
1017 4038 1297 4103 εὐσεϐείας
1324 4041 1598 4113 ὑπάρχετε
1627 4048 1817 4117 τρόφι-

232 4135 350 4188 μοι,
380 4123 473 4172 καὶ
502 4123 560 4173 ἐν
584 4124 751 4193 ἀρετῇ
780 4125 1179 4195 διαλάμποντες
1217 4132 1365 4204 πάσῃ
1388 4173 1400 4195 ,
1435 4133 1511 4197 ὡς
1550 4136 1649 4206 τὴν
1681 4139 1815 4209 ὑμε-

228 4206 396 4278 τέραν
418 4209 668 4264 εὔκλειαν
696 4214 751 4264 ἐν
780 4218 888 4276 τοῖς
913 4216 1167 4269 ἁπάντων
1194 4221 1587 4291 περιφέρεσθαι
1613 4206 1817 4297 στόμα-

230 4313 306 4361 σι,
342 4296 437 4349 καὶ
458 4298 557 4367 τῆς
585 4300 745 4367 ἁγίας
786 4303 1118 4372 Ἐκκλησίας
1146 4305 1399 4375 ἐκθύμως
1429 4309 1541 4377 (10)
1565 4296 1813 4382 ὑπερμα-

228 4391 400 4459 χεῖτε,
437 4394 618 4444 πᾶσαν
643 4394 954 4461 ποιούμενοι
981 4396 1344 4465 προμίπθειαν,
1382 4398 1523 4452 ὥστε
1548 4400 1813 4472 διηνεκῶς

2506 1956 2698 2008 sticum
2724 1974 2756 2009 a
2780 1956 2921 2027 pari.

1992 2041 2140 2095 Inter
2168 2043 2369 2099 delicta
2399 2044 2539 2099 nihil
2566 2055 2654 2101 est
2678 2050 2932 2117 gravius,
2968 2051 3107 2106 nihil
3139 2053 3511 2124 perniciosius

1922 2132 2231 2200 arrogantia
2282 2148 2295 2186 :
2348 2148 2411 2187 ea
2446 2133 2594 2187 enim
2640 2135 2707 2188 ad
2737 2136 2976 2192 absurda
2999 2155 3230 2210 qumque
3259 2141 3505 2196 deducit.

1922 2217 2035 2273 Hac
2059 2218 2320 2290 z‘Egyptii,
2377 2231 2431 2276 ct
2484 2222 2579 2292 qui
2633 2210 2758 2278 cum
2789 2224 2919 2281 illis
2951 2242 3049 2283 ceu
3082 2230 3185 2284 sub
3210 2231 3379 2301 signis
3407 2233 3511 2286 mi-

1921 2308 2100 2377 litant,
2129 2313 2257 2377 acti,
2294 2313 2699 2371 ecclesiasticas
2722 2318 2871 2388 leges
2897 2330 3285 2389 aspernantur,
3308 2323 3509 2393 piaque

1922 2400 2021 2455 Dei
2048 2403 2555 2460 amantissimorum
2603 2405 2818 2477 1330
2860 2408 3258 2479 imperatorum
3287 2423 3507 2467 nostro-

1923 2505 2047 2543 rum
2084 2491 2264 2547 edicta
2296 2486 2647 2551 conculcant.
2703 2497 2840 2551 Nam
2885 2515 3065 2570 neque
3092 2503 3290 2573 prima,
3329 2519 3510 2575 neque

1923 2579 2187 2644 secunda,
2238 2596 2422 2651 neque
2456 2584 2619 2637 tertia
2652 2584 3051 2655 imperatorum
3077 2592 3309 2661 epistola
3331 2592 3398 2646 ad
3420 2608 3508 2649 sa-

1924 2668 2138 2723 niorem
2184 2684 2426 2728 mentem
2479 2690 2578 2731 eos
2624 2691 2887 2735 revocare
2932 2682 3132 2751 potuit.
3189 2683 3296 2739 Sed
3330 2700 3509 2755 neque

1923 2758 2170 2829 legitima
2230 2777 2331 2831 per
2373 2779 2477 2819 nos
2527 2765 2583 2819 in
2613 2781 2711 2822 eos
2733 2774 3114 2827 exauctoratio
3143 2774 3252 2829 lata
3286 2776 3510 2832 illorum

1923 2852 2187 2905 exstinxit
2209 2854 2519 2911 audaciam.
2578 2857 2686 2914 Sed
2720 2869 2778 2915 et
2808 2861 2864 2916 in
2888 2866 3149 2921 oratoriis
3180 2875 3363 2937 spreta
3388 2869 3508 2941 iege

1926 2942 2293 3009 conveniunt,
2350 2955 2407 3001 et
2452 2948 2711 3017 profanas
2754 2968 3015 3023 synaxes,
3067 2959 3283 3013 etiamsi
3318 2960 3508 3029 populi
3568 3008 3575 3017 .

1926 3031 1991 3084 ad
2020 3046 2112 3086 cas
2144 3049 2255 3089 non
2280 3036 2525 3102 veniant,
2558 3041 2823 3099 scelerate
2848 3046 3153 3114 celebrant,
3180 3060 3238 3105 et
3254 3052 3510 3109 omnibus

1928 3124 2097 3177 sacris
2119 3124 2330 3181 aedibus
2353 3129 2633 3195 custodes,
2668 3135 2763 3203 qui
2787 3137 3000 3192 nullum
3028 3140 3135 3195 nisi
3160 3140 3307 3212 ipsos
3329 3130 3511 3215 ingre-

1924 3213 1977 3265 di
2026 3215 2229 3282 sinant,
2280 3218 2673 3275 adhibuerunt.
2734 3225 2803 3279 Et
2843 3229 3069 3297 quidem
3096 3232 3208 3301 jam
3242 3241 3368 3289 ante
3397 3213 3510 3305 per

1920 3301 2055 3357 alias
2097 3305 2312 3360 litteras
2362 3318 2562 3365 vestrae
2603 3314 3023 3383 magnificentiae
3068 3320 3369 3376 indicatum
3401 3301 3508 3389 est,

1919 3402 2187 3461 quantum
2234 3398 2543 3466 periculum
2586 3402 2956 3473 adiverimus,
3015 3411 3237 3480 quando
3272 3413 3509 3482 pientis~

1918 3482 2190 3539 simorum
2216 3486 2534 3559 Christique
2555 3496 2859 3550 amantium
2880 3498 3274 3568 imperatorum
3294 3512 3513 3559 nostro-

1917 3590 2041 3627 rum
2070 3576 2269 3633 litteris
2296 3595 2396 3649 per
2417 3582 2719 3638 Palladium
2746 3588 3004 3643 comitem
3028 3593 3512 3660 praeclarissimum

1910 3666 2023 3735 jam
2048 3670 2312 3738 acceptis,
2336 3672 2404 3725 ad
2429 3684 2672 3729 sanctam
2700 3676 2949 3747 Apostoli
2972 3681 3254 3738 basilicam
3279 3684 3509 3742 adorare

1880 3802 1883 3805 λ
1918 3757 2366 3817 instituebamus.
2422 3764 2641 3821 Etenim
2688 3785 2800 3824 non
2823 3774 2988 3828 modo
3034 3775 3102 3828 ab
3132 3778 3380 3833 oratione
3404 3779 3511 3833 fui-

1917 3866 2040 3904 mus
2091 3854 2394 3921 prohibiti,
2447 3874 2643 3913 verum
2683 3862 2849 3917 etiam
2907 3865 3184 3936 lapidibus
3233 3868 3503 3940 impetiti,

1917 3940 2219 4013 hostilique
2248 3946 2609 4005 insectatione
2645 3952 2804 4023 longe
2828 3956 3030 4011 abacti.

1985 4031 2125 4086 Cum
2157 4034 2342 4105 itaque
2378 4038 2600 4107 pietatis
2627 4043 2835 4097 alumni
2868 4044 3010 4111 sitis,
3042 4050 3304 4120 omnique
3335 4052 3508 4109 virtu-

1916 4131 2033 4177 tum
2085 4140 2290 4193 genere
2335 4129 2736 4201 prael‘ulgcatis,
2777 4136 2925 4192 adeo
2950 4149 3011 4195 ut
3036 4149 3221 4196 vestra
3247 4143 3418 4213 gloria
3448 4145 3505 4201 in

1915 4216 2163 4269 omnium
2215 4232 2312 4273 ore
2355 4230 2632 4287 versetur,
2676 4232 2731 4279 ct
2775 4236 3021 4285 sanctam
3063 4233 3367 4289 Ecclesiam
3396 4237 3507 4291 ala-

1913 4307 2083 4360 criter
2112 4312 2496 4382 propugnetis,
2528 4330 2749 4371 omnem
2774 4317 3138 4390 diligentiam,
3162 4331 3224 4377 ut
3245 4325 3506 4380 secundis

1914 4412 2186 4473 perpetuo
2216 4407 2399 4461 ventis
2431 4407 2660 4476 feratur,
2700 4412 3050 4481 adhibentes,
3082 4418 3501 4487 amplitudinem

226 4480 401 4551 αὐτὴν
431 4480 488 4545 ἐξ
530 4484 730 4554 οὑρίων
771 4485 1071 4554 φέρεσθαι,
1110 4489 1537 4559 παρακαλοῦμεν
1569 4493 1723 4562 ὑμῶν
1752 4495 1813 4547 τὸ

1919 4506 2154 4552 vestram
2205 4500 2595 4570 obtestamur,
2672 4514 2735 4559 ut
2788 4508 3134 4577 pientissimo
3185 4511 3505 4584 Christique

231 4573 484 4641 μέγεθος,
513 4576 607 4627 καὶ
634 4575 701 4628 τὰ
728 4578 971 4647 ἡμέτερα
994 4579 1294 4648 γράμματα
1324 4582 1707 4651 ὑπαναγνῶναι
1734 4585 1811 4656 τῷ

227 4665 606 4735 εὐσεϐεστάτῳ
640 4668 733 4719 καὶ
760 4668 1090 4741 φιλοχρίστῳ
1121 4672 1275 4741 ἡμῶν
1306 4674 1547 4743 βασιλεῖ,
1580 4678 1674 4730 καὶ
1704 4680 1811 4732 πᾶ-

230 4771 331 4809 σαν
360 4758 679 4827 ὑπενεγκεῖν
720 4761 831 4829 (Η)
867 4763 1121 4831 σπουδὴν,
1173 4765 1248 4826 ὡς
1278 4765 1374 4834 τὴν
1404 4768 1500 4836 μὲν
1528 4770 1812 4840 παροῦσαν

226 4849 503 4917 παυθῆναι
535 4851 647 4918 (19.)
681 4854 961 4923 σύγχυσιν,
1016 4845 1317 4925 ἀταράχως
1340 4859 1396 4911 δὲ
1443 4862 1536 4913 καὶ
1578 4861 1809 4934 θορύϐου

228 4942 431 5005 παντὸς
465 4938 632 5013 ᾗωρὶς
659 4945 717 4997 τὸ
750 4946 924 4998 κοινὸν
957 4949 1209 5015 γενέσθαι
1242 4952 1537 5023 συνέδριον,
1569 4958 1664 5009 καὶ
1698 4962 1811 5023 τοῖς

225 5035 767 5106 ἀμφισϐητουμένοις
799 5038 1027 5091 ἕκαστον
1062 5040 1227 5112 μέρος
1265 5042 1373 5095 τῶν
1403 5046 1811 5118 ἀμφισϐητούν-

224 5144 334 5179 των
369 5128 655 5195 συστῆναι.
1198 5144 1209 5149 “

227 5216 397 5272 ΡΞΑἏ
428 5248 499 5260 -
540 5219 833 5287 Ἀναφορὰ
874 5220 1025 5286 πρὸς
1069 5222 1177 5275 τὸν
1202 5225 1472 5288 βασιλέα
1529 5228 1810 5287 Ἰωάννου

296 5289 775 5375 ἁρχιξπιίζκόξεου
816 5290 1210 5375 ,Ἀντίοχειίας
1235 5295 1357 5375 ’καί
1385 5296 1502 5349 τῶν
1537 5299 1659 5351 σὺν
1699 5306 1808 5357 αὺ-

299 5359 404 5440 ’τῷζ
432 5358 518 5495 Z1":
531 5359 920 5495 )drtérpagﬁ-ar
957 5358 1429 5419 διᾶιιαλλαδίου
1457 5383 1808 5440 partequa-

295 5444 406 5481 νου
492 5448 522 5483 o
555 5470 567 5482 .

296 5430 406 5481 νοῦ
434 5429 567 5501 (l5).
1458 5429 1472 5435 '
1550 5429 1562 5437 '
1676 5429 1693 5440 '

296 5520 488 5584 Τοῦτο,
514 5521 755 5586 εὐσεϐεῖς
782 5522 1021 5591 βασιλεῖς
1044 5565 1059 5585 ,
1092 5522 1250 5577 τοῦτο
1274 5525 1585 5597 ὀρθοδοξίας
1606 5531 1805 5587 σύστα-

299 5635 374 5704 (8)
398 5638 497 5703 ἠμ.
524 5664 589 5673 -
618 5651 860 5704 παρασκ.
892 5636 1045 5689 addit
1080 5636 1249 5691 Mans.

300 5700 879 5785 (ign-fevfpavov'addit
913 5706 982 5759 M.
1028 5707 1089 5785 in.
1124 5723 1317 5778 marg”
1349 5710 1385 5763 l.
1416 5726 1487 5776 c.,
1537 5729 1588 5781 p.
1642 5713 1793 5771 1583.

300 5775 409 5840 (ιθ)
435 5774 683 5845 εὐθύμως
719 5774 783 5828 Μ.
822 5776 878 5829 in
924 5776 1185 5846 margine.

1918 4590 2124 4643 amanti
2175 4591 2495 4661 imperatori
2548 4606 2741 4652 nostro
2790 4600 3004 4657 litteras
3036 4610 3257 4659 nostras
3288 4606 3501 4676 legatis,

1918 4682 2179 4750 omnique
2206 4684 2390 4738 studio
2421 4685 2490 4739 ad
2520 4687 2627 4741 hoc
2656 4688 3011 4757 incumbatis,
3040 4704 3101 4753 ut
3121 4710 3363 4765 praesens
3383 4698 3505 4767 qui-

1918 4769 2043 4823 dem
2068 4772 2319 4827 confusio
2346 4785 2751 4844 compescatur,
2794 4782 3056 4851 omnique
3084 4784 3503 4852 perturbatione

1916 4874 1982 4914 ac
2036 4863 2275 4916 tumultu
2333 4880 2363 4917 e
2408 4867 2591 4920 medio
2636 4868 2879 4936 sublato,
2917 4875 3228 4929 communis
3261 4874 3503 4946 synodus

1918 4948 2231 5003 celebretur
2256 4992 2269 5014 ,
2323 4961 2380 5005 et
2420 4956 2681 5022 qualibet
2714 4958 3141 5031 disceptantium
3171 4979 3298 5034 pars
3332 4965 3515 5022 rebus.

1915 5044 2290 5098 controversis
2324 5047 2563 5101 assistat.

1921 5219 2128 5301 1331
2162 5221 2342 5275 CLXI.
2383 5254 2455 5263 —
2486 5224 2730 5301 flammis
2779 5229 3156 5301 archiepiscopi
3182 5230 3500 5290 Antiochem'

1985 5300 2395 5376 caitcrorumque
2413 5296 2501 5363 qui
2533 5294 2614 5348 illi
2626 5294 2991 5376 gdhmrcbant,
3027 5294 3216 5376 relatio
3241 5305 3497 5376 rescripta

1988 5360 2058 5411 ad
2090 5360 2460 5430 imperatorem
2493 5382 2585 5434 per
2617 5364 2928 5422 Pallndium
2957 5360 3384 5441 magistrianum.

1983 5536 2118 5601 Hoc,
2156 5538 2231 5606 pii
2260 5539 2642 5607 imperatores,
2673 5542 2780 5598 hoc
2803 5544 3124 5601 orthodoxae
3164 5545 3289 5605 ﬁdei
3329 5547 3493 5605 fulci~

1988 5648 2005 5709 ί
2128 5647 2456 5723 εἰσενεγκεῖν
2482 5649 2552 5703 Μ.
2583 5650 2637 5723 in
2675 5654 2941 5723 margine.

1988 5714 2098 5790 ΗΞ.)
2142 5714 2366 5790 ποθῆναι
2399 5718 2566 5773 Garn.
2596 5721 2798 5790 inepte.

1987 5787 2096 5856 (ιδ)
2129 5787 2279 5856 Apud
2316 5788 2487 5842 Mansi
2512 5787 2751 5845 exstat].
2790 5808 2862 5857 (2,
2893 5810 2946 5865 ρ.
2994 5795 3125 5850 i379
3161 5808 3277 5864 seq.

3376 5916 3405 5932 ρ
