4086 6326
644 338 785 406 1459

1629 338 2115 399 THEODORETI
2140 339 2477 400 El‘ISCOPl
2504 340 2866 401 CYRENSIS

3783 331 3919 398 1460

641 458 887 501 mentum
920 455 1025 507 est,
1062 447 1243 500 onmia
1273 446 1340 500 ab
1372 445 1480 500 illis
1508 445 1791 515 illegitime
1816 457 1937 501 acta
1966 456 2198 501 evertert

2322 466 2426 515 σις,
2453 449 2515 503 τὸ
2544 448 2701 502 λῦσαι
2732 449 2912 501 πάντα
2944 448 3013 500 τὰ
3045 446 3301 516 άθέσμως
3346 444 3441 499 ὑπ’
3474 444 3711 498 ἐκείνων
3753 459 3914 511 γεγε-

639 547 696 593 et
718 537 1025 606 antiquare,
1068 552 1189 605 qua:
1230 537 1395 590 etiam
1444 553 1542 606 per
1568 536 1864 591 canonicas
1902 538 2216 592 sanctiones

633 631 747 699 jam
801 638 929 683 ante
969 643 1161 683 eversa
1206 636 1261 683 et
1308 628 1589 698 antiquata
1629 636 1805 692 erant,
1848 628 2216 699 universaque

638 715 847 786 synodo
896 715 1058 769 simul
1111 724 1458 786 congregata,
1503 716 1683 784 primo
1720 716 1843 770 loco
1898 715 2215 787 dogmatum

637 806 1103 861 examinationem
1158 805 1552 861 instituendam
1610 806 1872 863 indicere.
1901 806 2043 863 Sane
2088 822 2215 862 cum

639 896 861 953 decreta
894 906 1076 953 vestra
1124 898 1371 967 proxime
1413 898 1577 952 allata
1622 913 1732 951 non
1768 898 1974 967 abs'que
2022 914 2214 970 magna

637 986 859 1043 laudum
904 986 1309 1057 praedicatione
1334 986 1678 1056 legissemus,
1714 988 1902 1043 orbem
1941 998 2215 1043 terrarum

636 1078 857 1134 beatum
902 1078 1292 1149 indicavimus,
1323 1078 1412 1131 cui
1459 1078 1659 1133 talibus
1683 1078 1909 1134 subesse
1954 1080 2211 1149 sceptris,

636 1168 842 1238 talique
876 1167 1171 1238 gubernari
1202 1168 1499 1238 contigerit
1532 1168 1783 1238 imperio.

703 1260 911 1314 Verum
958 1268 1021 1313 ut
1064 1260 1202 1322 ista,
1242 1273 1582 1328 quacunque
1633 1257 1953 1323 mandastis,
1994 1274 2212 1313 omnem

634 1350 1057 1406 admirationem
1079 1351 1242 1419 longe
1265 1350 1557 1414 excedunt,
1574 1349 1935 1427 imperatores
1956 1351 2210 1422 piissimi,

633 1442 714 1497 ita
742 1442 906 1497 nobis
943 1456 1163 1513 quoque
1191 1442 1564 1495 necessarium
1612 1441 1747 1496 illud
1790 1449 1895 1505 est,
1924 1451 1985 1495 ut
2018 1452 2213 1497 vestra:

635 1533 903 1603 maiestati
950 1534 1221 1588 rationem
1271 1532 1583 1594 reddamus,
1614 1546 1713 1585 cur
1738 1532 1793 1585 in
1844 1532 2209 1601 Ephesiorum

632 1622 923 1693 metropoli
979 1622 1287 1685 constituti,
1349 1620 1827 1677 condemnationis
1880 1624 2212 1682 sententiam

633 1715 690 1769 in
720 1730 817 1769 eos
854 1714 999 1769 ferre
1028 1712 1299 1783 compulsi
1328 1711 1620 1777 fuerimus,
1654 1712 1749 1781 qui
1783 1713 1851 1767 ab
1879 1714 1998 1783 ipso
2024 1720 2211 1772 statim

2320 540 2530 610 νημένα
2557 578 2573 604 ,
2620 542 2714 593 καὶ
2747 542 2857 602 τοῖς
2904 540 3125 593 κανόσιν
3159 539 3261 608 ἤδη
3304 536 3720 605 προλελυμένα,
3767 535 3837 588 τὸ
3865 538 3920 587 ἑν

2325 632 2517 704 πρώτῃ
2548 632 2701 697 τάξει
2730 630 3032 701 προστάξαι
3062 630 3161 701 τὴν
3191 629 3438 695 ἐξέτασιν
3466 628 3577 682 τῶν
3614 626 3913 696 δογμάτων

2320 725 2376 775 ὲν
2397 725 2463 791 τῇ
2500 721 2835 793 συνελθούαῃ
2882 720 3085 789 συνόδῳ
3116 720 3390 788 γενέσθαι.
3454 718 3919 788 Ἐμακαρίσαμεν

2319 813 2417 881 τὴν
2436 810 2766 881 οἰκουμένην
2796 810 2866 863 τὰ
2894 810 3205 881 πρόσφατον
3226 812 3356 879 ἡμῖν
3383 824 3447 862 κο
3457 808 3730 879 μισθέντα
3762 806 3915 873 ὑμὶν

2320 903 2669 974 θεσπίσματα
2704 904 2801 957 σὺν
2851 902 3096 965 ἐπαίνοις
3148 902 3363 973 μυρίοις
3417 900 3795 969 ἀναγνόντες,
3832 898 3915 966 ἐφ’

2318 995 2450 1058 οἵοις
2497 994 2835 1064 σκήπτροις,
2881 991 2975 1049 καί
3021 993 3108 1062 ἐφ’
3145 993 3233 1061 οἶα
3274 990 3522 1061 βασιλείᾳ
3553 990 3916 1060 διακυϐερνᾶ-

2314 1103 2425 1143 ται.

2401 1264 2541 1318 Ἀλλ’
2564 1265 2753 1335 ὥσπερ
2768 1265 2939 1318 ταῦτα
2956 1266 3151 1327 παντὸς
3167 1264 3441 1334 θαύματός
3456 1265 3612 1315 ἐστιν
3630 1263 3908 1326 ἐπέκεινα,

2314 1355 2417 1408 ὅσα
2484 1356 2917 1427 προστετάχατε,
2985 1353 3359 1407 εὐσεϐέστατοι
3421 1352 3671 1421 βασιλεῖς
3695 1394 3710 1417 ,
3769 1353 3907 1406 οὕτω

2313 1448 2409 1501 καὶ
2437 1449 2567 1518 ἡμῖν
2593 1446 2873 1515 ἀναγκαία
2898 1445 3047 1498 ἐστὶν
3086 1447 3117 1515 ἡ
3154 1446 3288 1515 πρὸς
3326 1445 3385 1497 τὸ
3404 1445 3683 1515 ὑμέτερον
3707 1446 3905 1516 κράτος

2312 1538 2602 1607 ἀπολογία,
2632 1554 2698 1590 πε
2708 1537 2760 1606 pl
2780 1531 2854 1590 ὧν
2877 1536 3147 1606 common-
3158 1553 3256 1605 μεν
3277 1537 3333 1587 ὲν
3353 1539 3418 1604 τῇ
3445 1537 3901 1604 Ἐφεσίωνγενέο

2320 1649 2470 1701 μενοι
2498 1629 2650 1684 πόλει
2673 1628 3153 1698 καταῂφίσααθαι
3182 1629 3270 1679 καὶ
3301 1632 3636 1700 κατακρῖναι
3679 1628 3809 1691 τοὺς
3843 1631 3901 1680 ἐκ

2317 1725 2619 1794 προοιμίων
2678 1722 2747 1775 τὰ
2800 1720 3043 1789 ὑμέτερα
3101 1720 3449 1787 πατήσαντας
3503 1718 3896 1787 θεσπίσματα’

629 1804 857 1859 exordio
884 1815 1067 1860 vestra
1093 1804 1316 1859 decreta
1338 1803 1822 1873 proculcaverunt,
1853 1806 1947 1868 qui
1978 1811 2198 1879 propria

2314 1814 2461 1877 τοὺς,
2496 1810 2686 1881 ἐπειδὴ
2730 1810 2835 1863 ὑπὸ
2867 1808 2961 1863 τοῦ
2991 1807 3191 1861 οἰκείου
3240 1808 3541 1870 συνειδότος
3580 1808 3896 1878 ἠλαύνοντο,

629 1895 981 1950 conscientiae
1037 1894 1277 1951 stimulis
1331 1894 1541 1964 agitati,
1596 1894 1919 1964 Apollinarii
1978 1909 2035 1952 et
2097 1900 2210 1953 Arii

625 1988 883 2059 dogmata
924 1998 1119 2045 contra
1167 1987 1426 2058 pietatem
1474 1985 1803 2041 conﬁrmare
1846 1996 1902 2041 et
1947 1989 2210 2045 innovare

625 2080 944 2147 voluerunt,
994 2097 1093 2153 per
1123 2095 1210 2144 ea,
1251 2094 1373 2149 qua:
1398 2077 1638 2150 Cyrillus
1685 2080 1816 2135 olim
1863 2080 2209 2136 Alexandria:

625 2172 917 2243 episcopus
979 2187 1158 2242 nuper
1202 2172 1381 2243 capita
1436 2168 1691 2227 scribens
1732 2188 1858 2228 cum
1894 2174 2210 2229 anathema-

626 2263 804 2318 tismis
848 2264 999 2318 omni
1041 2265 1437 2333 superstitione
1488 2265 1721 2331 referta,
1754 2266 1823 2321 ad
1871 2269 2067 2322 urbem
2118 2284 2207 2323 rc-

623 2354 771 2423 giam
807 2354 956 2409 misit
989 2353 1119 2425 :qui
1150 2354 1476 2427 priusquam
1509 2358 1676 2412 ullam
1718 2357 2032 2413 divinorum
2078 2359 2209 2431 dog-

622 2450 831 2497 matum
868 2443 1263 2501 scrutationem
1306 2446 1648 2517 attigissent,
1686 2442 1758 2501 'ad
1792 2446 1979 2502 odium
2017 2458 2075 2502 et
2104 2448 2207 2502 ini-

622 2532 860 2588 micitias
888 2549 1009 2593 sese
1035 2544 1340 2602 verterunt,
1365 2552 1516 2602 cum,
1540 2537 1689 2591 nulla
1721 2536 1937 2607 piarum
1966 2539 2206 2594 sanctio-

620 2638 753 2677 nnm
782 2639 1092 2682 vestrarum
1132 2628 1343 2682 ratione
1366 2628 1574 2693 habita,
1613 2626 1860 2697 iniquam
1895 2628 2031 2684 adeo
2076 2644 2203 2683 sen-

620 2719 850 2772 tentiam
889 2719 1100 2789 1332
1142 2719 1405 2775 adversus
1449 2728 1658 2774 tantam
1702 2720 2205 2791 Constantinopolis

621 2808 988 2877 imperatrieis
1014 2810 1297 2865 civitatum
1344 2810 1529 2865 sedem
1576 2819 1785 2865 temere
1817 2812 2067 2879 proferre
2094 2828 2203 2869 non

624 2894 969 2951 dubitarunt.

690 2984 879 3055 Itaque
904 2986 1123 3041 illorum
1151 2987 1360 3043 insania
1390 2998 1445 3043 et
1484 2990 1778 3045 insolentia
1832 3007 1932 3060 per
1966 2995 2197 3064 seipsam

2318 1903 2561 1973 κυρῶσαι
2591 1902 2921 1973 θελήσαντας
2945 1905 3037 1956 καὶ
3066 1902 3367 1955 ἀνανεῶσαι
3410 1900 3481 1953 τὰ
3518 1900 3896 1970 ’Δπολιναρὲοελ

2314 1998 2409 2048 καὶ
2454 1995 2661 2065 Ἀρείου
2684 1994 2929 2064 δόγματα
2954 1997 3094 2047 κατὰ
3121 1994 3218 2063 τῆς
3242 1992 3547 2059 εὐσεϐείας,
3578 1996 3642 2045 ἐν
3670 1991 3756 2057 οἷς
3786 1992 3895 2045 Κύ-

2315 2086 2493 2156 ριλλος
2520 2090 2548 2139 ὀ
2579 2085 2985 2156 Ἀλεξανδρείας
3013 2085 3206 2156 πρώην
3235 2088 3314 2148 εἰς
3332 2086 3431 2155 τὴν
3458 2085 3719 2154 βασιλίδα
3746 2084 3895 2137 πόλιν

2311 2178 2586 2248 κεφάλαιά
2612 2196 2734 2231 τινα
2775 2179 2915 2249 μετὰ
2957 2178 3417 2249 άναθεματισμῶν
3463 2179 3580 2247 (Η)
3617 2177 3891 2244 ἐξέπεμψε

2314 2270 2451 2339 μετὰ
2489 2270 2667 2338 πάσης
2696 2268 3166 2340 ὲθελοθρησκείας·
3192 2271 3339 2333 τοὺς,
3363 2270 3493 2338 πρὶν
3513 2267 3763 2336 ἅψωνται
3784 2268 3889 2335 (l5)

2308 2361 2407 2430 τῆς
2444 2360 2553 2413 τῶν
2600 2360 2763 2413 θείων
2790 2360 3078 2430 δογμάτων
3121 2358 3368 2429 ἐρεύνης,
3403 2358 3544 2427 πρὸς
3564 2356 3774 2427 ἔχθραν
3801 2358 3890 2411 καὶ

2309 2450 2603 2520 ἀπέχθειαν
2631 2450 2858 2514 ἰδόντας,
2891 2452 2948 2502 ὲν
2978 2445 3060 2513 οἷς
3080 2451 3385 2519 ἐτόλμησαν
3417 2448 3573 2517 παρὰ
3599 2448 3675 2501 τὰ
3706 2448 3890 2517 ὑμέτε·

2310 2559 2378 2611 ρα
2411 2540 2612 2610 εὐσεδῆ
2642 2540 3012 2609 θεσπίσματα,
3038 2540 3217 2610 ψῆφον
3253 2539 3427 2601 οὕτως
3455 2538 3648 2593 ἄδικον
3678 2537 3888 2603 ἐξενεγ-

2306 2628 2423 2683 κεῖν
2454 2632 2596 2683 κατὰ
2614 2630 2869 2683 τοσούτου
2898 2629 3088 2701 θρόνου
3118 2630 3219 2700 τῆς
3250 2629 3520 2700 βασιλίδος
3541 2628 3657 2682 τῶν
3684 2628 3887 2681 πόλεων

2307 2721 2435 2773 Κων
2441 2737 2720 2775 σταντινου
2729 2720 2933 2785 πόλεως
2944 2761 2956 2771 .

2390 2984 2453 3035 Ἦ
2508 2985 2605 3052 μὲν
2638 2979 2734 3034 οὖν
2766 2981 2973 3035 τούτων
3007 2981 3261 3052 παροινία
3312 2981 3542 3036 αὐτόθεν
3593 2984 3763 3036 πᾶσιν
3790 2984 3881 3035 ἀνι

620 3072 910 3127 manifesta
949 3084 1035 3129 est
1066 3076 1347 3141 omnibus,
1372 3088 1600 3147 propter
1631 3080 1779 3148 quod
1812 3081 1978 3135 etiam
2010 3093 2194 3138 saneta

2304 3075 2542 3145 θρώποις
2567 3074 2697 3144 δήλη
2720 3074 2867 3127 ἐστίν
2886 3090 2897 3104 ·
2923 3067 3064 3147 ὲφ¹ᾖ
3102 3074 3194 3126 καί⁵
3225 3074 3259 3143 ὴ
3288 3074 3417 3141 ἁγία
3448 3075 3699 3137 σύνοδος,
3741 3075 3883 3145 ὀρθῷ

619 3164 862 3233 synodus
907 3173 1061 3219 recto
1099 3168 1266 3222 animi
1317 3184 1507 3234 sensu,
1545 3170 1846 3240 divinoque
1894 3173 2012 3227 zelo
2069 3190 2193 3242 per-

617 3261 763 3310 mota
817 3263 873 3310 et
917 3258 1121 3312 sanctis
1154 3259 1416 3314 Ecclesiis
1466 3263 1765 3319 consulens
1792 3304 1807 3327 ,
1861 3266 2196 3321 condemna-

616 3344 786 3400 tionis
837 3348 1167 3411 sententiam
1231 3353 1287 3404 in
1334 3367 1451 3416 eos,
1503 3353 1596 3422 qui
1638 3368 1740 3408 suo
1791 3356 1903 3425 iam
1941 3366 2069 3410 ante
2101 3358 2193 3425 ju-

615 3435 760 3492 dicio
790 3438 1137 3493 condemnati
1194 3451 1369 3504 erant,
1395 3444 1627 3511 protulit
1656 3462 1667 3496 :
1695 3445 1833 3499 nihil
1886 3448 2189 3516 culpabile,

615 3526 792 3591 absit,
826 3528 911 3583 vel
949 3531 1323 3595 temerarium,
1357 3532 1501 3600 quod
1535 3534 1808 3602 quispiam
1835 3535 2058 3601 dixerit,
2092 3537 2193 3591 hac

616 3617 670 3670 in
699 3633 758 3673 re
792 3621 1170 3685 committens;
1198 3621 1295 3675 sed
1356 3622 1582 3689 pietati,
1608 3640 1730 3693 qua:
1782 3626 1838 3678 in
1883 3628 2189 3695 periculum

614 3710 849 3765 adducta
870 3712 1178 3775 videbatur,
1207 3721 1331 3767 ante
1354 3714 1537 3768 omnia
1568 3717 1934 3787 prospiciens.

682 3802 862 3871 Atque
899 3803 1015 3858 haec
1046 3814 1292 3859 actorum
1327 3814 1643 3860 nostrorum
1674 3808 1817 3876 apud
1850 3812 2188 3881 maiestatem

612 3900 849 3945 vestram
884 3892 1185 3961 iustissima
1230 3893 1300 3948 sit
1328 3893 1597 3947 defensio.
1628 3897 1643 3913 '
1685 3895 1873 3965 Neque
1903 3898 2048 3951 enim
2076 3908 2191 3969 aut

613 3982 784 4052 gratia
817 3992 910 4036 aut
944 3983 1072 4035 odio
1094 3982 1245 4037 ducti
1269 3999 1460 4038 sumus
1480 4001 1493 4049 ;
1514 3984 1608 4038 sed
1640 3985 1744 4039 hoc
1769 4002 1940 4040 unum
1972 3998 2187 4058 specta-

611 4073 810 4133 vimus,
842 4080 902 4125 ut
948 4072 1093 4141 piam
1123 4070 1285 4125 ﬁdem
1325 4072 1683 4128 ﬂuctuantem
1717 4075 1786 4128 ab
1832 4074 1901 4130 iis
1937 4080 2091 4147 quasi
2131 4080 2187 4133 in

610 4162 840 4216 salutem
867 4162 1306 4227 vindiearemus,
1342 4164 1437 4233 qui
1472 4164 1676 4233 scripta
1706 4180 1803 4219 sua
1831 4166 1884 4219 in
1916 4182 2185 4223 summam

610 4253 828 4307 illorum
876 4253 1266 4307 contumeliam
1321 4262 1377 4309 et
1434 4254 1910 4320 labefactationem
1969 4259 2185 4315 munire

607 4343 958 4407 studuerunt,
985 4358 1108 4413 quae
1132 4343 1329 4399 Petrus
1367 4344 1647 4414 professus
1678 4356 1782 4409 est,
1814 4362 1935 4415 quae
1976 4348 2043 4403 de
2071 4349 2184 4404 Deo

2297 3169 2377 3238 τῷ
2404 3170 2715 3239 φρονήματι
2768 3169 2861 3220 καὶ
2902 3167 3050 3239 ζήλῳ
3098 3166 3240 3221 κατὰ
3281 3166 3416 3219 Θεὸν
3444 3168 3758 3237 κινηθεῖσα,
3791 3169 3881 3220 καί

2296 3261 2470 3327 φειδοῖ
2501 3260 2610 3312 τῶν
2645 3258 2814 3327 ἁγίων
2844 3258 3203 3327 Ἐκκλησιων,
3236 3258 3560 3327 κατέκρινεν
3583 3258 3883 3316 0510m-

2297 3352 2518 3421 κρίτους
2541 3350 2701 3411 ὄντας
2720 3366 2732 3380 ·
2764 3350 2826 3401 οὐ
2860 3348 3113 3419 μεμπτόν
3140 3366 3213 3413 τι,
3246 3350 3321 3419 μὴ
3345 3349 3583 3415 γένοιτο,
3614 3348 3736 3402 οὐδὲ
3761 3350 3879 3420 θερσ

2298 3441 2417 3509 μὸν,
2450 3440 2525 3502 ὼς
2554 3440 2619 3493 ἄν
2654 3457 2735 3501 τις
2762 3440 2927 3502 εἴποι,
2962 3442 3308 3509 πράττουσα,
3342 3440 3477 3493 ἀλλὰ
3519 3444 3586 3510 τῇ
3628 3439 3879 3510 εὐσεϐείᾳ

2297 3530 2679 3600 κινδυνευούσῃ
2707 3531 2814 3601 πρὸ
2848 3530 3065 3583 πάντων
3094 3529 3395 3599 ἀμύνουσα.

2366 3802 2513 3871 Αὕτη
2550 3803 2689 3869 ὑπὲρ
2733 3802 2841 3854 τῶν
2891 3806 3019 3871 παρ’
3044 3802 3202 3870 ἡμῶν
3234 3803 3645 3871 πεπραγμένων
3674 3803 3872 3855 δικαιο-

2291 3892 2426 3962 τάτη
2458 3894 2593 3962 πρὸς
2616 3894 2674 3945 τὸ
2704 3893 2968 3963 ὑμέτερον
3013 3894 3217 3961 κράτος
3264 3893 3403 3945 ἔστω
3437 3893 3551 3960 (16)
3584 3892 3866 3959 ἀπολογία·

2291 3984 2449 4056 ἡμῶν
2482 3986 2579 4055 μὲν
2634 3986 2769 4055 μήτε
2805 3984 2942 4054 πρὸς
2985 3985 3167 4054 χάριν,
3214 3985 3349 4052 μήτε
3400 3984 3537 4052 πρὸς
3577 3983 3867 4052 ἀπέχθειαν

2296 4075 2622 4144 βλεπόντων,
2650 4074 2765 4126 ἀλλ’
2789 4075 2906 4135 ἐνὶς
2933 4073 3103 4126 ὄντων
3138 4074 3272 4142 (17),
3308 4074 3401 4127 τοῦ
3424 4074 3525 4144 τὴν
3547 4074 3747 4139 εὐσεϐῆ
3782 4076 3867 4125 πε-

2290 4182 2407 4219 στιν
2432 4166 2854 4236 κυματουμένην
2879 4163 3067 4233 ὥσπερ
3097 4163 3358 4217 διασῶσαι
3386 4163 3492 4215 ὑπὸ
3531 4164 3640 4215 τῶν
3660 4163 3731 4215 τά
3752 4163 3867 4214 ἑαυ-

2289 4258 2397 4309 τῶν
2421 4256 2832 4326 συγγράμματα
2864 4253 3122 4325 αὐθαδείᾳ
3166 4254 3538 4324 βουληθέντων
3577 4254 3863 4323 κρατῦναι,

2290 4347 2375 4400 ἐπ’
2402 4347 2655 4418 ἀθετήσει
2680 4346 2774 4400 καὶ
2799 4346 2975 4416 ὕϐρει,
3014 4340 3091 4398 ὧν
3133 4346 3337 4414 Πέτρος
3370 4345 3748 4416 ὡμολόγησεν,
3794 4338 3863 4397 ὧν

606 4436 825 4492 locutus
846 4444 931 4490 est
959 4435 1216 4499 Joannes,
1248 4452 1370 4505 qua:
1413 4436 1700 4491 Mattheus
1727 4445 1783 4491 et
1810 4437 1901 4492 alii
1946 4454 2183 4511 evange-

2303 4438 2555 4506 Ἰωάννης
2586 4436 2957 4507 ἐθεολόγησεν,
2992 4431 3082 4511 ὧν·
3104 4436 3381 4498 Matella;
3409 4436 3648 4506 ἐκήρυξε
3698 4438 3792 4490 καὶ
3816 4438 3861 4488 οἱ

605 4523 745 4579 lista:
769 4526 1156 4594 praedicarunt,
1183 4540 1304 4593 quae
1348 4525 1551 4579 Paulus
1596 4524 1805 4595 Spiritu
1856 4538 2182 4597 suggerente

606 4615 816 4679 docuit,
870 4631 993 4686 quae
1048 4629 1241 4669 omnes
1293 4606 1581 4669 orthodoxi
1643 4615 1848 4686 ubique
1907 4627 2178 4673 terrarum

605 4704 993 4774 praedicatione
1049 4704 1428 4776 divulgantes,
1471 4705 1614 4775 piam
1674 4707 1835 4761 ﬁdem
1887 4708 2182 4777 plantat-e-

604 4804 753 4852 runt.

675 4887 857 4954 Quare
914 4898 1155 4944 vestram
1193 4888 1452 4957 pietatem
1500 4892 1951 4960 maiestatemque
1986 4894 2041 4946 in
2090 4910 2180 4947 or-

606 4975 844 5039 thodoxa
884 4978 1131 5033 doctrina
1161 4978 1448 5032 educatam
1482 4980 1683 5034 obnixe
1708 4996 1983 5049 rogamus,
2008 4999 2181 5052 quan-

606 5076 723 5124 tum
761 5083 954 5139 rogare
996 5084 1315 5137 possumus,
1347 5078 1407 5123 ut
1444 5069 1586 5123 hanc
1620 5071 1979 5126 orthodoxam
2016 5072 2179 5127 ﬁdem

604 5160 841 5215 retineat
870 5160 1102 5216 firmiter
1130 5175 1193 5213 ac
1238 5170 1567 5229 propngnet,
1590 5172 1645 5216 et
1690 5164 2019 5220 incolumem
2046 5182 2180 5222 con-

602 5257 805 5315 servet,
832 5265 960 5304 cum
995 5250 1053 5305 in
1090 5249 1409 5303 hissumma
1446 5267 1637 5304 rerum
1664 5268 1789 5322 spes
1819 5254 1974 5311 vobis
2003 5260 2179 5326 posita

602 5344 692 5399 sit.
716 5343 829 5399 Nos
860 5352 1044 5397 autem
1072 5351 1129 5396 et
1169 5351 1327 5396 antea
1355 5352 1411 5396 et
1452 5358 1599 5398 nunc
1628 5360 1848 5414 quoque
1873 5348 2057 5402 animo
2080 5365 2177 5418 pa-

604 5434 707 5494 rati
761 5449 971 5496 sumus,
1012 5433 1165 5503 iuxta
1201 5434 1421 5503 pietatis
1476 5444 1673 5489 vestra:
1719 5436 1960 5503 decreta,
1992 5455 2177 5509 neque

674 5585 784 5660 (lt)
812 5586 1130 5660 __6sxnpu'-3_v_
1148 5585 1297 5660 addit
1322 5587 1491 5660 Mans.
1532 5590 1584 5643 in
1611 5605 1775 5660 marg.

674 5656 783 5721 (15)
810 5656 1048 5725 ἂψαντας
1084 5656 1152 5709 Μ.
1180 5656 1231 5708 in
1259 5658 1518 5725 margine.

675 5726 780 5795 (Hi)
820 5724 962 5778 ἔσται
997 5725 1043 5778 Μ
1092 5727 1141 5779 in
1180 5726 1442 5794 margine.

2290 4527 2465 4580 λοιποί
2517 4506 2921 4594 εὐαγγελισταί,
2969 4518 3043 4579 ὧν
3075 4506 3395 4595 ’Παῦλοςέτῇ
3423 4526 3518 4578 τοῦ
3550 4526 3861 4595 ἰῙνεύματος

2289 4619 2541 4690 ἐνεργείᾳ
2575 4618 2833 4684 ἐδίδαξεν,
2864 4610 2938 4671 ὧν
2972 4618 3210 4679 ἅπαντες
3242 4618 3292 4671 οἱ
3334 4616 3605 4687 ὀρθόδοξοι
3661 4635 3857 4672 πανταρ

2288 4714 2386 4784 χοῦ
2410 4712 2507 4782 τῆς
2537 4710 2865 4781 οἰκουμένης
2888 4710 2949 4761 τὸ
2976 4708 3238 4778 κήρυγμα
3274 4708 3603 4777 ἐκφέροντες
3646 4710 3749 4780 τὴν
3780 4710 3858 4760 εὖ-

2288 4805 2419 4875 σεϐῆ
2446 4804 2626 4857 πίστιν
2653 4803 2977 4874 ὲρρίζωααν.

2359 4896 2576 4965 Ταύτης
2602 4894 2698 4962 τῆς
2725 4894 3005 4964 ὀρθοδόξου
3037 4895 3270 4957 πίστεως
3318 4896 3623 4966 εὖχόμεθα,
3652 4901 3755 4968 ὅση
3782 4916 3855 4957 τις

2286 4988 2453 5058 εὐχῆς
2491 4989 2622 5057 ἡμῖν
2655 4985 2906 5055 δύναμις,
2932 4986 3330 5056 τὴνούμετέραν
3355 4989 3661 5052 εὐσέϐειαν,
3692 4991 3784 5044 καὶ
3802 4988 3855 5041 τὸ

2288 5079 2550 5149 ὑμέτερον
2580 5079 2646 5146 τῇ
2676 5077 2958 5150 δρϐοδοξίᾳ
2998 5079 3437 5150 ὲντεθραμμένον
3476 5082 3706 5150 κράτος,
3746 5084 3855 5134 ἀντι

2285 5168 2506 5238 ἐχεσθαί
2526 5184 2585 5221 τε
2606 5168 2698 5221 καί
2730 5169 3144 5239 ύπερασπίζειν,
3174 5170 3269 5235 καὶ
3298 5172 3544 5240 ἄτρωτον
3568 5173 3852 5241 διαφυλάτ-

2286 5275 2418 5324 τειν,
2448 5258 2522 5321 ὡς
2546 5261 2603 5311 ἐν
2628 5258 2837 5323 τούτοις
2875 5261 3005 5330 ὑμῖν
3047 5260 3214 5330 οὔσης
3247 5263 3343 5331 τῆς
3377 5265 3555 5317 πάντα
3582 5265 3714 5334 ὑμῖν
3749 5283 3853 5318 συν-

2284 5349 2515 5419 εχούσης
2540 5350 2637 5421 τῆς
2661 5350 2770 5404 τῶν
2801 5355 3144 5421 πραγμάτων
3182 5354 3395 5418 ἐλπίδος
3419 5371 3431 5383 ·
3466 5356 3624 5425 ἡμῶν
3656 5357 3747 5409 καὶ
3767 5356 3851 5408 νῦν

2284 5443 2377 5495 καὶ
2417 5441 2681 5512 πρότερον
2712 5445 3247 5515 παρεσκευασμένων
3291 5445 3367 5516 μὴ
3409 5444 3687 5508 ἐκκλῖναι,
3721 5448 3849 5499 κατά

2351 5595 2460 5670 (Π)
2486 5597 2635 5659 ὄντος
2664 5598 2731 5653 Μ.
2771 5600 2825 5653 ἰη
2877 5614 3049 5670 marg.
3075 5600 3254 5655 Locus
3287 5601 3432 5657 haud
3483 5602 3648 5658 dubie
3669 5618 3839 5657 eorm

2279 5677 2423 5735 ptus,
2451 5668 2501 5719 in
2539 5684 2646 5736 quo
2672 5684 2769 5737 pro
2805 5670 2920 5733 ἐνὸς
2945 5668 3094 5731 ὄντος
3128 5672 3351 5740 legerim
3382 5674 3709 5727 ἑνωπάντων.
