4086 6326
215 345 356 419 1461

1572 356 1939 419 EPISTULA
1975 358 2174 419 CLXI.

3364 356 3506 424 i462
3570 384 3573 387 '

208 464 291 516 τὰ
323 462 562 534 ὑμέτερα
585 460 952 533 θεσπίσματα,
979 466 1119 534 μήτε
1147 453 1316 531 δεξιὰ,
1346 468 1484 538 μήτε
1510 468 1797 540 ἀριστερὰ,

1905 468 1971 524 ad
1997 468 2270 536 dextram,
2296 485 2477 541 neque
2506 470 2718 543 1333
2744 468 2813 526 ad
2834 471 3509 543 sinistram,quemadmo~

210 551 299 616 ὡς
324 554 358 621 ὴ
392 550 512 605 θεία
547 551 717 624 ἔφησε
745 553 953 624 Γραφή,
998 554 1224 627 Ἐπειδὴ
1255 557 1361 627 γὰρ
1400 557 1539 627 πρὸς
1561 558 1621 612 τὸ
1656 560 1805 612 εὐσε-

209 644 317 706 ϐὲς
354 643 454 713 τὴν
496 647 680 699 πᾶσαν
737 646 910 717 ῥοπὴν
943 648 1005 700 τὸ
1043 648 1309 720 ὑμέτερον
1342 650 1455 720 ἔχει
1501 651 1724 720 κράτος,
1754 654 1804 705 οἰ

213 735 326 805 μὲν
348 735 660 805 πειθόμενοι
691 736 873 800 ἕξουσι
906 737 996 790 τὸν
1018 741 1148 809 παρ’
1174 740 1202 791 ὑ
1210 740 1327 810 μῶν
1360 740 1538 794 αὐτῶν
1558 741 1802 809 ἔπαινον,

210 825 316 878 καὶ
338 824 437 891 τὴν
472 827 626 898 παρά
659 825 755 880 τοῦ
784 827 919 882 Θεοῦ
952 830 1225 901 ἀποδοχήν
1248 847 1261 860 ·
1295 832 1347 883 οἱ
1373 830 1431 885 δὲ
1454 832 1592 902 πρὸς
1618 850 1807 887 νεωτε-

212 919 455 986 ρισμοὺς
482 918 796 987 βλέποντες,
846 920 941 973 καὶ
978 920 1077 992 τὴν
1109 924 1173 975 ὲκ
1223 920 1471 992 θορύϐων
1516 924 1809 996 ὲπινοητὴν

207 1006 449 1077 δύναμιν
482 1009 697 1073 ἑαυτοῖς
728 1011 1253 1076 κατασκευάζοντες,
1281 1012 1471 1083 ὥσπερ
1499 1016 1548 1067 oi
1582 1014 1681 1079 τὰς
1714 1033 1809 1069 τυ-

214 1098 478 1168 ραννίδας
499 1101 619 1163 ταῖς
654 1101 940 1171 εὐνομίαις
968 1102 1355 1171 ἐπεισάγοντες
1385 1104 1545 1171 ἀξίαν
1574 1105 1812 1175 ἀπενέγ-

209 1203 425 1240 κωνται
455 1188 721 1261 αἰσχύνην
745 1191 881 1262 (18),
902 1192 997 1246 ἅτε
1017 1190 1082 1261 δὴ
1105 1193 1205 1263 τὴν
1218 1194 1477 1264 εὐνομίαν
1498 1194 1807 1265 διαφθεῖραι

208 1279 625 1345 σπουδάσαντες
645 1323 660 1349 ,
709 1284 804 1337 καὶ
830 1282 929 1347 τὰς
972 1284 1246 1355 ὑμετέρας
1281 1286 1693 1357 παρεγγυήσεις
1717 1306 1811 1359 χα-

212 1372 320 1441 μαὶ
350 1370 507 1443 ῥίψαι
533 1372 932 1443 τολμήσαντες.

292 1547 456 1600 Ὥστε
494 1547 675 1602 τοίνυν
713 1548 988 1621 μηδεμίαν
1032 1552 1336 1623 ταραχὴνῆ
1366 1552 1595 1621 θόρυϐον
1627 1555 1687 1607 ὲν
1732 1554 1811 1625 τῷ

213 1638 385 1709 κοινῷ
419 1640 674 1707 γενέσθαι
715 1641 998 1711 συνεδρίῳ,
1036 1641 1350 1697 θεσπισάτω
1395 1643 1552 1715 ὑμῶν
1603 1644 1636 1715 ὴ
1669 1644 1813 1714 φιλό-

212 1746 439 1798 χριστος
464 1732 678 1802 κορυφὴ
709 1730 803 1785 δύο
850 1732 1068 1804 ἑκάστῳ
1117 1734 1490 1807 μητροπολίτῃ
1543 1738 1805 1793 συνεῖναι.

1907 560 2039 616 dum
2054 562 2242 617 divina
2255 561 2539 633 Scriptura
2554 563 2800 634 loquitur
2813 563 2856 596 ⁹¹
2867 604 2882 630 ,
2896 563 3202 620 declinare.
3220 563 3359 619 Nam
3380 580 3509 619 cum

1908 668 2072 708 omne
2095 640 2631 726 majestatis‘vestrae
2656 654 2902 711 studium
2937 655 3005 710 ad
3030 654 3296 726 pietatem
3325 653 3507 709 inten-

1908 745 2022 807 dat,
2050 744 2129 798 illi
2155 745 2380 814 quidem
2404 746 2498 817 qui
2526 746 2834 817 paruerint,
2867 762 2898 801 a
2916 745 3077 801 vobis
3100 746 3235 817 ipsis
3260 745 3509 809 laudem,

1907 850 1940 890 a
1962 836 2075 890 Deo
2100 844 2286 891 autem
2303 837 2843 893 commendationem
2869 836 3255 907 reportabant,
3278 834 3513 891 αξιοι-οε

1908 942 2044 981 vero
2067 927 2164 998 qui
2185 927 2531 983 novitatibus
2552 927 2686 983 dant
2711 944 2961 999 operam,
2984 927 3205 999 sibique
3236 928 3510 997 imagina-

1911 1020 2052 1075 riam
2096 1021 2391 1091 quamdam
2442 1021 2874 1076 tumultuatione
2909 1020 3234 1090 potentiam,
3270 1016 3512 1089 proinde

1910 1126 1976 1165 ac
2006 1110 2087 1165 iiii
2115 1111 2213 1181 qui
2245 1112 2384 1167 bene
2415 1111 2740 1182 temperatis
2770 1111 2939 1166 rebus
2971 1110 3213 1181 publicis
3258 1108 3508 1180 tyranni—
3562 1173 3566 1177 ρ

1910 1202 2038 1257 dem
2074 1202 2368 1267 inducunt,
2404 1218 2728 1272 comparare
2757 1202 3001 1268 student,
3032 1202 3240 1273 justam
3273 1199 3506 1271 ignomi-

1910 1295 2061 1350 niam
2093 1303 2353 1363 tanquam
2388 1294 2523 1363 justi
2552 1293 2841 1365 regiminis
2881 1300 3263 1364 corruptores,
3288 1298 3510 1347 vestra-

1913 1401 2148 1455 rumque
2194 1384 2681 1441 denuntiatiouum
2735 1384 3017 1441 temerarii
3069 1392 3506 1454 contemptores,

1911 1472 2221 1528 incurrent.

1984 1564 2334 1635 Quapropter
2392 1581 2464 1621 ne
2507 1566 2754 1622 turbatio
2793 1573 2889 1620 aut
2918 1565 3105 1634 aliqua
3152 1564 3509 1620 tumultuatio

1912 1656 2213 1711 concilium
2255 1657 2500 1723 infestet,
2527 1668 2711 1714 vestra
2746 1657 2953 1713 Christi
3006 1673 3197 1712 amans
3236 1656 3510 1712 celsitudo

1912 1745 2203 1810 decernat,
2232 1756 2293 1801 ut
2318 1747 2429 1803 duo
2450 1756 2663 1802 tantum
2693 1748 2927 1804 cuilibet
2954 1749 3383 1818 metropolitano
3407 1746 3507 1802 ad-

226 1820 450 1891 Ἐπειδὴ
467 1822 559 1874 καὶ
582 1824 742 1891 ἡμεῖς
765 1824 875 1884 τοῖς
896 1824 994 1894 τῆς
1017 1822 1286 1894 ὑμετέρας
1308 1824 1587 1888 εὐσεϐείας
1608 1826 1794 1898 γράμ-

1912 1836 2045 1889 sint.
2074 1835 2214 1890 Nam
2247 1843 2304 1889 et
2331 1850 2434 1890 nos
2481 1836 2705 1906 pietatis
2740 1844 2939 1891 vestrae
2983 1836 3188 1890 litteris
3230 1834 3506 1898 obsecuti,

214 1928 385 1979 μασιν
439 1913 683 1978 εἴξαντες
737 1914 1027 1978 τοσούτους
1086 1916 1428 1987 ἐπαγόμεθα,
1488 1917 1801 1989 δυνάμενοι,

206 2003 373 2072 αἴπερ
417 2004 527 2075 ἄρα
574 2004 814 2075 πλήθους
842 2002 911 2075 ἦν
943 2007 1123 2076 χρεία,
1173 2008 1461 2072 πλείστους
1506 2007 1653 2079 ἔχειν
1684 2010 1805 2081 μεθ’

205 2092 427 2147 ἑαυτῶν
453 2096 581 2159 τοὺς
601 2095 671 2149 τὰ
696 2097 813 2149 θεῖα
836 2097 1085 2167 δόγματα
1110 2097 1356 2171 ἀκριϐῶς
1379 2100 1801 2172 ἐπισταμένους,

205 2186 309 2238 καὶ
334 2186 488 2240 οὐδὲν
514 2186 590 2257 τῷ
613 2188 820 2253 ἀμαθεῖ
846 2190 952 2244 τῶν
983 2189 1143 2243 θείων
1177 2190 1371 2260 πλήθει
1412 2193 1679 2247 Ἀσιανῶν
1707 2197 1803 2247 καὶ

204 2276 527 2343 Αἰγυπτίων
552 2280 818 2341 ἐοικότας.
853 2280 917 2333 Εἰ
943 2281 1051 2351 γὰρ
1072 2283 1234 2335 τοῦτο
1270 2282 1344 2353 μὴ
1376 2283 1609 2352 γένοιτο,
1643 2286 1806 2356 ἀνάγ-

205 2382 285 2436 κη
310 2367 577 2438 σύγχυσιν
617 2364 773 2432 αὖθις
801 2369 1091 2438 γενέσθαι·
1133 2374 1448 2441 Αἰγυπτίων
1484 2376 1584 2445 μὲν
1634 2376 1803 2431 ὄντων

207 2459 553 2528 πεντήκοντα
581 2475 594 2489 ·
639 2460 906 2515 Ἀσιανῶν
926 2461 983 2515 δὲ
1019 2462 1127 2517 τῶν
1172 2465 1276 2517 ὑπὸ
1300 2466 1559 2536 Μέμνονα
1591 2468 1683 2521 τὸν
1704 2470 1802 2538 τῆς

206 2548 526 2618 τυραννίδος
547 2551 645 2621 ήγε
656 2551 815 2620 μόνα,
845 2554 1291 2623 τεσσαράκοντα·
1327 2556 1543 2609 καὶτῶν
1572 2560 1630 2611 ὲν
1654 2559 1803 2627 Παμ-

207 2634 382 2705 φυλίᾳ
410 2637 703 2706 αἰρετικῶν
747 2640 1167 2699 Μεσαλινιωτῶν
1209 2644 1321 2719 (19)
1364 2646 1673 2716 λεγομένων
1706 2648 1803 2699 δώ-

204 2724 345 2778 δεκα
368 2741 381 2755 ⁸
418 2729 587 2799 χωρίς
640 2729 750 2781 τῶν
783 2733 1050 2786 συνόντων
1094 2734 1174 2805 τῷ
1217 2736 1367 2807 αύτῷ
1400 2740 1798 2811 μητροπολίτῃ,

206 2816 307 2870 καὶ
335 2818 540 2889 ἑτέρων
562 2821 968 2893 καθῃρημένων
994 2827 1087 2879 καὶ
1110 2829 1491 2900 ἀκοινωνήτων
1520 2832 1663 2885 κατά
1692 2831 1801 2885 δια-

206 2906 411 2975 φόρους
440 2909 639 2981 τόπους
694 2912 803 2982 (εο)
832 2914 938 2967 ὑπὸ
984 2916 1218 2971 συνόδων
1266 2918 1437 2988 ﬁent
1485 2922 1799 2975 ἐπισκόπων

204 3001 601 3069 γεγενημένων
626 3019 641 3034 ο
678 3004 838 3075 οἵπερ
868 3008 1008 3059 εἰσὶν
1042 3009 1194 3062 οὐδὲν
1244 3010 1469 3081 ἕτερον,
1520 3012 1552 3081 ἤ
1597 3014 1800 3081 πλῆθος

203 3088 545 3160 ἀνθρώπων,
586 3094 738 3148 οὐδὲν
778 3096 878 3167 μὲν
908 3100 1133 3169 ἀκριϐὲς
1165 3102 1273 3153 τῶν
1304 3102 1463 3156 θείων
1510 3105 1798 3176 δογμάτων

204 3180 613 3252 ἐπισταμένων,
649 3188 895 3260 ταραχῆς
931 3190 988 3242 δὲ
1012 3192 1105 3244 καὶ
1132 3192 1377 3261 θορύϐων
1410 3196 1643 3265 μεστῶν.
1673 3200 1799 3249 Δεό-

203 3272 351 3344 μεθα
382 3275 563 3331 τοίνυν
593 3279 688 3331 καὶ
720 3280 1036 3352 ἱκετεύομεν
1067 3283 1166 3354 τὴν
1197 3285 1474 3357 ὑμετέραν
1510 3288 1799 3343 εὐσέϐειαν

202 3361 365 3429 αὖθις
402 3370 709 3439 φροντίσαι,
741 3374 1007 3428 ἐπιτεῖναι
1030 3376 1085 3428 δὲ
1116 3379 1182 3447 τῇ
1214 3379 1418 3450 συνόδῳ
1444 3380 1544 3452 τὴν
1576 3383 1798 3453 εἰρήνην

201 3456 287 3527 τῷ
318 3459 537 3532 συνήθει
576 3462 731 3533 ὑμῶν
761 3464 975 3518 εὐσεϐεῖ
1013 3467 1368 3537 θεσπίσματι.

279 3637 619 3708 Νομίσαντες
646 3644 754 3713 γὰρ
783 3645 876 3698 νῦν
906 3646 1037 3715 γοῦν
1063 3648 1260 3713 αὐτοὺς
1294 3654 1667 3722 σωφρονήσειν
1709 3653 1798 3709 διὰ

199 3726 278 3780 τὰ
315 3728 513 3799 εὐσεϐῆ
544 3732 853 3803 γράμματα
884 3735 986 3806 τῆς
1017 3735 1301 3806 θεοφιλοῦς
1332 3741 1488 3811 ὑμῶν
1524 3743 1793 3813 κορυφῆς,

205 3820 351 3891 μετά
396 3822 456 3873 τὸ
502 3824 920 3895 ἀναγνωσθῆναι
974 3830 1161 3894 αὐτοῖς
1209 3832 1269 3885 τὸ
1298 3834 1479 3903 πάσης
1540 3837 1798 3901 εὐσεϐοῦς

202 3909 522 3979 προθέσεως
556 3913 723 3982 γέμον
746 3915 1046 3987 θέσπισμα,
1082 3922 1177 3973 καὶ
1206 3922 1381 3976 ταῦτα
1406 3926 1554 3994 ἡμᾶς
1587 3926 1797 3995 ὑπαγο-

204 4001 403 4073 ρεῦσαι
432 4003 501 4057 τὰ
532 4004 858 4075 γράμματα,
887 4010 1204 4081 ἀπήλθομεν
1238 4016 1316 4077 είς
1358 4016 1417 4069 τὸ
1454 4017 1797 4073 Ἀποστόλιον

200 4092 303 4145 τοῦ
348 4094 503 4161 ἁγίου
554 4097 803 4151 Ἰωάννου
844 4099 937 4153 τοῦ
982 4103 1395 4173 εὐαγγελιστοῦ,
1432 4111 1527 4162 καὶ
1574 4111 1797 4181 εὐχαρι-

205 4183 409 4253 στῆσαι
434 4187 526 4241 καὶ
556 4191 961 4259 προσεύξασθαι
989 4196 1129 4267 ὑπὲρ
1153 4199 1246 4252 τοῦ
1272 4200 1544 4271 ὑμετέρου
1561 4207 1797 4275 κράτους

204 4276 306 4327 καὶ
344 4275 437 4329 τοῦ
489 4279 748 4345 εὐσεϐοῦς
790 4283 945 4353 ὑμῶν
998 4288 1227 4342 σκοποῦ.
1262 4289 1331 4345 οι
1364 4292 1422 4345 δὲ
1463 4294 1797 4367 θεασάμενοι

205 4366 365 4435 ἡμᾶς
394 4372 738 4443 παραχρῆμα
776 4376 867 4429 τὸν
902 4379 1024 4430 ναὸν
1055 4381 1410 4437 ἀπέκλεισαν.
1459 4386 1545 4450 Ὠς
1574 4387 1631 4441 δὲ
1652 4366 1797 4455 ἔξω·

1910 1926 2140 1982 totidem
2172 1927 2525 1993 adduximus,
2553 1943 2682 1982 eum
2724 1936 2911 1983 tamen
2933 1970 2946 1996 ,
2972 1927 3018 1984 si
3043 1927 3271 1999 quidem
3314 1928 3507 1985 multi-

1908 2018 2099 2074 tudine
2157 2033 2298 2088 opus
2353 2018 2572 2084 fuisset,
2618 2019 2889 2089 plurimos
2921 2019 3142 2091 egregie
3194 2020 3252 2075 in
3303 2018 3509 2076 divinis

1906 2110 2261 2180 dogmatibus
2303 2109 2611 2176 institutos,
2637 2125 2741 2166 nec
2784 2111 2895 2165 ulla
2926 2112 3143 2166 ratione
3172 2126 3302 2167 cum
3325 2125 3507 2183 tmpe-

1903 2206 2014 2261 rita
2053 2206 2371 2260 divinarum
2406 2223 2608 2262 rerum
2638 2205 3012 2262 Asiaticorum
3032 2214 3097 2261 et'
3117 2204 3506 2278 Egyptiorum

1905 2298 2069 2353 turba
2092 2299 2484 2363 conferendos,
2523 2299 2817 2353 nobiscum
2861 2297 3069 2353 habere
3102 2297 3504 2368 potuissemus.

1902 2390 2020 2444 Nisi
2049 2391 2201 2444 enim
2238 2390 2345 2445 hoc
2381 2398 2677 2455 statuatur,
2714 2388 2849 2455 fieri.
2870 2403 2981 2443 non
3010 2385 3213 2459 potest
3240 2388 3377 2458 quin
3406 2387 3506 2444 ali-

1904 2498 2016 2552 qua
2051 2499 2247 2539 rursus
2295 2484 2506 2538 oriatur
2550 2482 2807 2538 confusio
2842 2500 2855 2535 :
2908 2480 3185 2551 siquidem
3225 2480 3505 2551 quinqua-

1904 2574 2053 2644 ginta
2080 2583 2210 2628 sunt
2236 2573 2475 2645 {Egyptii
2496 2615 2510 2639 ,
2542 2575 2647 2629 sub
2682 2574 2971 2629 Memnone
3021 2571 3330 2645 tyrannidis
3362 2571 3505 2627 duce

1906 2664 2270 2733 quadraginta
2292 2665 2545 2729 Asiatici,
2586 2665 2881 2720 duodecim
2915 2665 3057 2719 item
3079 2680 3148 2719 ex
3183 2663 3505 2738 Pamphylia

1903 2752 2170 2818 haeretici,
2201 2754 2694 2809 Messalianitarum
2720 2756 2945 2811 nomine
2968 2756 3232 2827 appellati
3260 2774 3271 2809 :
3301 2771 3505 2826 praeter

1901 2845 2042 2898 alios
2077 2844 2257 2899 eidem
2306 2847 2736 2917 metropolitano
2760 2850 2777 2867 '
2816 2847 3185 2912 adhaerentes,
3217 2855 3275 2902 et
3308 2847 3445 2902 alios
3471 2862 3503 2901 a

1902 2936 2112 3007 synodo
2145 2938 2230 2992 vel
2259 2938 2328 2993 ab
2355 2938 2633 3009 episcopis
2665 2939 2898 2995 diversis
2926 2939 2985 2994 in
3015 2940 3152 2995 locis
3184 2954 3506 2995 excommu—

1902 3027 2119 3082 nicatos
2174 3038 2230 3083 et
2278 3029 2583 3099 depositos,
2627 3031 2723 3103 qui
2766 3046 2898 3085 sane
2948 3029 3102 3085 aliud
3157 3029 3298 3085 nihil
3347 3039 3498 3092 sunt.

1903 3132 2069 3185 quam
2096 3118 2386 3173 hominum
2414 3121 2577 3175 turba
2604 3120 2922 3176 divinorum
2946 3122 3267 3192 dogmatum
3288 3122 3499 3186 nescia,

1908 3206 2123 3279 1334
2143 3218 2200 3262 et
2244 3208 2312 3262 ad
2351 3210 2625 3264 tumultus
2668 3211 3083 3281 seditionesque
3124 3220 3273 3267 nata.
3301 3213 3502 3268 Preca-

1902 3314 2030 3351 mur
2060 3298 2293 3367 proinde
2332 3309 2573 3355 vestram
2614 3303 2908 3370 pietatem,
2938 3302 3380 3372 suppliciterque
3406 3318 3500 3357 ro-

1902 3407 2095 3461 gamus
2138 3402 2203 3467 ut
2248 3409 2469 3447 rursum
2514 3395 2903 3465 cogitationem
2956 3394 3253 3463 suscipiat,
3307 3387 3504 3449 'solito-

1900 3496 2012 3552 que
2057 3492 2247 3537 vestro
2299 3483 2392 3552 pio
2440 3484 2668 3539 decreto
2721 3497 2918 3553 pacem
2965 3482 3186 3538 concilii
3241 3482 3500 3554 adaugcri

1901 3580 2083 3628 curet.
2608 3622 2611 3623 ,

1970 3663 2188 3719 Etenim
2236 3664 2341 3717 rati
2392 3666 2480 3719 vel
2522 3681 2673 3721 nunc
2718 3668 2940 3721 tandem
2992 3664 3111 3720 fore
3171 3675 3231 3719 ut
3275 3674 3504 3734 propter

1901 3755 2021 3824 pias
2071 3755 2257 3810 devoti
2311 3755 2572 3809 culminis
2619 3756 2790 3811 vestri
2836 3756 3050 3811 litteras
3086 3755 3500 3825 resipiscerent,

1901 3855 2259 3914 posteaquam
2290 3844 2579 3900 decretum
2609 3847 2761 3900 omni
2794 3845 3018 3916 pietatis
3057 3844 3223 3900 sensu
3272 3846 3501 3916 plenum

1903 3935 2013 3990 illis
2037 3945 2124 3992 est
2155 3937 2381 4001 lectum,
2423 3952 2638 4007 nosque
2681 3937 2781 3991 has
2812 3936 3027 3991 litteras
3068 3937 3499 4002 dictaveramus,

1900 4026 2136 4096 profecti
2165 4043 2359 4082 sumus
2392 4028 2457 4081 ad
2488 4026 2673 4083 Sancti
2723 4028 2953 4083 Joannis
2980 4028 3333 4100 evangelista:
3366 4043 3504 4098 apo-

1902 4119 2154 4172 stolicam
2202 4120 2524 4185 ecclesiam,
2568 4121 2775 4192 gratias
2823 4122 3023 4187 acturi,
3066 4122 3355 4192 Deumque
3402 4138 3503 4191 pro

1900 4213 2416 4281 vestra-majestate,
2448 4228 2659 4283 proque
2687 4217 2779 4283 pio
2824 4213 2995 4268 animi
3035 4215 3208 4269 vestri
3248 4212 3503 4281 instituto

1902 4304 2246 4374 consilioque
2277 4307 2545 4376 rogaturi.
2573 4304 2712 4362 Cum
2741 4315 2928 4363 autem
2954 4307 3034 4361 illi
3062 4322 3165 4362 nos
3195 4307 3501 4377 conspicati

1901 4405 2110 4460 essent,
2150 4405 2380 4466 repente
2408 4398 2676 4469 templum
2706 4399 2870 4453 nobis
2898 4399 3274 4454 occluserunt.
3312 4399 3501 4470 Itaque

204 4458 305 4560 θεν
332 4465 786 4560 προσευξάμενοι,
828 4471 925 4522 καὶ
963 4472 1153 4542 μηδενὶ
1207 4475 1375 4546 μηδὲν
1422 4479 1670 4543 εἰπόντες
1711 4482 1800 4534 ὲπο

1906 4502 2031 4541 cum
2055 4487 2365 4543 forinsecus
2395 4489 2865 4555 adoravissemus,
2886 4490 3224 4560 silentioque
3252 4500 3503 4546 reverte-

203 4550 492 4623 ανῄειμεν,
520 4555 725 4628 πλῆθος
740 4561 961 4630 ἐξῆλθον
986 4564 1216 4619 οἰκετῶν
1233 4583 1415 4633 τινων,
1446 4572 1678 4635 καὶτοὺς
1701 4572 1799 4643 μὲν

209 4642 272 4707 ἑξ
306 4646 463 4713 ἡμῶν
504 4649 791 4721 κατέσχον,
824 4653 934 4706 τῶν
962 4654 1019 4707 δὲ
1054 4657 1122 4711 τὰ
1164 4651 1277 4721 ζῶα
1309 4661 1657 4727 ἀπέσπασαν,
1704 4664 1797 4719 ἀλ-

202 4736 330 4800 λους
359 4738 414 4791 δὲ
442 4744 787 4811 τραυματίας
820 4746 1106 4815 ἐποίησαν·
1145 4752 1293 4820 ἡμᾶς
1332 4754 1389 4807 δὲ
1421 4756 1676 4823 ῥοπάλοις
1709 4759 1801 4810 καὶ

201 4829 374 4894 λίθοις
417 4834 749 4900 κατεδίωξαν
800 4837 963 4906 μέχρι
1027 4840 1222 4895 πολλοῦ
1266 4844 1674 4917 διαστήματος,
1722 4850 1797 4913 ὡς

203 4920 621 4993 ἀναγκασθῆναι
652 4927 800 4997 ἡμᾶς
827 4927 965 4996 μετὰ
1010 4929 1213 5005 πολλῆς
1256 4933 1515 5000 ἐπείξεως
1550 4937 1662 5009 (21)
1694 4955 1787 5008 φυ

167 5016 346 5081 ,γεῑν,
381 5014 676 5087 βαρϐάρων
696 5019 1022 5077 διωκόντων.
1058 5024 1243 5077 Ταῦτα
1278 5025 1335 5078 δὲ
1366 5029 1430 5080 ἐκ
1467 5030 1661 5083 πολλοῦ
1698 5033 1795 5102 ηυ-

202 5107 468 5174 τρέπισεν
521 5111 549 5161 ὁ
592 5110 851 5181 Μέμνων,
912 5114 985 5185 μὴ
1035 5117 1333 5187 συγχωρῶν
1392 5119 1603 5190 μηδενὶ,
1657 5124 1795 5193 μήτε

203 5198 612 5269 προσεύξασθαι
648 5205 705 5255 ἐν
730 5204 1005 5277 εὐκτηρίῳ
1030 5207 1195 5279 οἴκῳ,
1231 5210 1372 5281 μήτε
1405 5211 1523 5283 μετ’
1571 5215 1793 5288 εἰρήνης

273 5374 317 5409 ⁸⁸
351 5376 511 5432 Deut.
543 5395 598 5442 v,
621 5378 711 5433 '52.

204 5624 215 5641 9
275 5554 387 5625 (t8)
416 5553 507 5641 Sic
528 5554 700 5641 Mans.
740 5558 795 5612 in
842 5562 1106 5641 margine.
1138 5565 1195 5619 in
1240 5574 1402 5641 textu
1438 5568 1676 5641 habebat
1711 5573 1797 5639 ἀξ.

200 5625 594 5747 Ezram/ivre;
616 5628 763 5697 αἰσχ.
788 5646 911 5698 qum
935 5625 1105 5688 vcrba
1130 5637 1457 5695 exciderunt
1490 5658 1520 5696 e
1546 5625 1801 5699 Garnerii

264 5711 291 5747 κ
325 5712 379 5750 u.

279 5764 389 5833 (l9)
420 5766 834 5823 liacultu‘wmﬁw
868 5771 935 5825 Μ.
974 5772 1031 5829 in
1059 5790 1225 5847 mat-5.

1900 4594 2112 4645 remur,
2157 4580 2497 4635 famulorum
2559 4582 2929 4653 quorumdam
2963 4583 3263 4638 multitudo
3310 4600 3502 4639 erum-

1900 4688 2059 4742 pens,
2101 4672 2239 4727 alios
2276 4674 2504 4743 quidem
2565 4684 2885 4731 nostrorum
2926 4675 3311 4741 detinuerunt,
3356 4692 3501 4732 non-

1898 4763 2069 4817 nullis
2110 4766 2361 4834 jumenta
2414 4780 2515 4821 sua
2575 4766 2956 4834 abstulerunt,
2996 4766 3270 4838 quosdam
3330 4767 3505 4823 etiam

1898 4855 2370 4923 vulneraverunt;
2412 4873 2515 4914 nos
2575 4868 2762 4915 autem
2814 4859 3061 4915 fustibus
3118 4870 3174 4915 et
3220 4860 3503 4931 lapidibus

1904 4945 2068 5017 longo
2134 4948 2427 5005 intervallo
2488 4950 2746 5007 insectati
2806 4962 2956 5018 sunt,
2995 4952 3071 5006 ita
3123 4961 3184 5006 ut
3235 4961 3501 5023 tanquam

1904 5037 2165 5095 Barbaris
2236 5039 2665 5110 insequentibus
2719 5060 2917 5115 magna
2957 5060 3086 5100 cum
3144 5043 3500 5101 festinatione

1903 5129 2089 5199 fugam
2142 5148 2431 5202 capessere
2489 5150 2838 5207 cogeremur.
2896 5136 3026 5192 Haec
3079 5144 3268 5192 autem
3326 5137 3505 5192 multo

1897 5224 2009 5293 jam
2032 5232 2159 5279 ante
2191 5237 2598 5296 praeparaverat
2620 5227 2879 5284 Memnon
2914 5247 2929 5283 :
2960 5228 3100 5285 nulli
3130 5238 3390 5286 nostrum
3414 5230 3502 5285 vel

1976 5578 2085 5657 (Ξθ)
2127 5581 2205 5636 lta
2232 5581 2525 5651 legendum
2556 5584 2702 5657 haud
2728 5585 2899 5657 dubie
2916 5601 3033 5657 Apro
3055 5585 3202 5657 vulg.
3234 5584 3493 5657 τρόπους,

1904 5650 2141 5726 quodet
2164 5650 2411 5726 notatum
2439 5656 2638 5726 eratin
2677 5670 2848 5726 marg.
2883 5650 3055 5711 Mans.
3098 5650 3459 5711 recensionis.

1977 5721 2089 5790 (21)
2128 5722 2439 5786 ἐπιδείξεως
2480 5725 2649 5779 Mans.
2680 5725 2735 5780 in
2766 5721 3015 5799 margine
3038 5727 3244 5797 inepte.
