4086 6326
636 275 767 339 1463

624 478 821 533 ordine
852 493 938 531 res
968 476 1369 533 ecclesiasticas
1401 488 1635 533 tractare
1663 479 1868 533 sinens.

694 566 871 633 Quare
898 566 1245 621 obtestamur
1268 578 1504 623 vestram
1530 569 1811 637 pietatem,
1845 577 1905 623 ut
1936 571 2207 638 praecipue

621 656 968 715 Memnonem
998 666 1309 728 tyrannum,
1342 661 1453 728 jam
1484 659 1798 727 depositum
1826 659 1897 713 ob
1931 660 2029 714 has
2063 661 2209 715 inso-

618 749 838 813 lentias,
895 758 951 803 et
1004 749 1185 803 omnia
1243 750 1562 805 turbantem
1613 767 1677 805 ac
1729 752 2084 815 miscentem,
2139 767 2207 808 ne

619 838 763 893 facta
810 856 907 896 sua
941 840 1189 908 diligenti
1218 843 1457 895 examini
1504 842 1891 912 subjiciantur,
1937 843 2040 897 hac
2074 843 2207 897 civi-

616 939 729 985 tate
768 932 895 1000 pelli
925 932 1137 1002 jubeat.
1164 932 1299 986 Nam
1325 934 1430 987 nisi
1464 933 1552 987 hic
1580 935 1908 1003 expellatur,
1951 933 2071 988 ﬁeri
2106 950 2201 989 ne-

614 1022 737 1091 quit
778 1032 839 1075 ut
878 1038 1065 1099 pacem
1099 1024 1397 1093 aliquando
1433 1040 1849 1095 recuperemus,
1891 1034 1986 1079 aut
2023 1025 2201 1095 pieta-

615 1111 687 1168 tis
725 1120 921 1169 vestrae
948 1128 1151 1184 scapus
1188 1115 1257 1176 ad
1279 1115 1487 1171 exitum
1512 1114 1878 1184 perducatun

614 1406 824 1465 CLXII.
864 1440 961 1488 _—‘
1012 1411 1254 1488 Epistola
1315 1414 1427 1483 (22)
1489 1415 1795 1470 Theodoreti
1856 1418 1938 1488 ad,
1993 1418 2194 1488 episco-

684 1496 812 1549 pum
842 1479 1112 1535 Andream
1135 1479 1545 1539 Samosatenum
1581 1488 1778 1557 scripta
1798 1488 1861 1540 ab
1896 1479 2121 1557 Epheso.

682 1607 768 1663 Ab
821 1610 1039 1679 Epheso
1086 1613 1335 1667 scribens
1388 1617 1567 1671 saluto
1628 1629 1777 1672 tuam
1826 1619 2196 1681 sanctitatem,

611 1713 779 1767 quam
803 1698 1294 1770 beatiﬂcoqnidem
1323 1705 1659 1759 inﬁrmitatis
1684 1722 1871 1768 causa,
1905 1708 2199 1762 amabilem

612 1798 798 1845 autem
824 1790 935 1861 (23)
971 1792 1083 1845 Deo
1108 1794 1393 1860 existimo;
1429 1797 1691 1865 quoniam
1722 1798 1937 1862 auditu,
1962 1813 2073 1852 non
2105 1813 2201 1853 ει·
2232 1823 2273 1877 Β

612 1884 943 1953 perimento,
972 1886 1227 1955 cognovit
1254 1887 1393 1940 mala
1427 1903 1550 1957 quae
1582 1888 1671 1941 hic
1705 1887 1847 1942 facta
1872 1898 2021 1953 sunt,
2058 1891 2198 1943 mala

611 1988 833 2029 omnem
867 1974 1098 2027 rationis
1126 1973 1233 2027 vim
1259 1976 1571 2043 superantia
1592 1987 1648 2030 et
1702 1977 2020 2031 historicam
2074 1979 2199 2033 vin-

611 2063 791 2118 centia
823 2062 1213 2128 narrationem,
1247 2065 1636 2133 continuisque
1676 2065 1933 2136 lacrymis
1962 2076 2018 2121 et
2071 2084 2203 2138 per-

538 2198 541 2201 .
611 2153 796 2223 petuis
822 2151 1041 2207 ﬂetibus
1106 2154 1289 2223 digna.
1357 2155 1707 2209 Periclitatur
1752 2158 1898 2210 enim
1938 2158 2201 2213 Ecclesiae

611 2255 814 2310 corpus
848 2241 1085 2310 dirumpi
1121 2243 1231 2312 (ﬂ)
1270 2260 1282 2294 :
1317 2244 1488 2312 magis
1538 2244 1592 2297 id
1623 2260 1756 2298 vero
1802 2245 1912 2316 (25)
1946 2248 2056 2316 jam
2118 2248 2203 2301 in-

610 2331 876 2387 cisionem
910 2332 1170 2399 suscepit,
1200 2332 1305 2385 nisi
1332 2332 1422 2385 ille
1472 2333 1694 2402 sapiens
1718 2336 1965 2390 medicus
2016 2336 2196 2390 divisa

610 2431 668 2477 et
694 2422 998 2490 putrefacta
1031 2422 1275 2475 membra
1309 2422 1559 2476 reﬁceret
1591 2427 2023 2495 etconjungeret
2055 2426 2192 2496 (‘26).

682 2512 1115 2567 Insanititerum
1150 2512 1415 2583 IEgyptus
1447 2514 1714 2569 adversus
1743 2515 1938 2579 Deum,
1990 2525 2046 2569 et
2080 2516 2201 2570 bel-

612 2604 689 2659 lat
739 2620 863 2658 cum
914 2606 1065 2659 Mose
1097 2614 1151 2658 et
1211 2607 1413 2669 Aaron,
1448 2616 1506 2659 et
1554 2604 1772 2662 famulis
1820 2608 1941 2679 ejus
1970 2608 2106 2679 (27),
2144 2620 2200 2663 et

612 2695 851 2765 plurima
900 2711 1025 2765 pars
1083 2697 1249 2750 Israel
1289 2696 1625 2751 adversariis
1689 2700 1998 2767 consensit;
2034 2701 2201 2755 nimis

614 2802 749 2843 vero
777 2788 936 2857 pauci
973 2794 1101 2841 sunt
1124 2789 1263 2852 sani,
1297 2787 1507 2859 1335
1551 2789 1723 2858 quiet
1757 2806 1858 2859 pro
1892 2791 2097 2860 pietate
2123 2792 2202 2846 la-

616 2878 781 2933 bores
818 2883 831 2900 ‘
868 2888 1061 2947 sponte
1099 2880 1393 2934 sustinent.
1456 2882 1747 2935 Dcculcata
1798 2889 1926 2936 sunt
1977 2883 2200 2952 pietatis

616 2970 972 3025 venerabilia.
1008 2970 1090 3024 Illi
1124 2971 1220 3038 qui
1249 2971 1483 3039 depositi
1518 2982 1668 3035 sunt,
1703 2973 2065 3027 sacerdotalia
2096 2974 2200 3027 mi-

616 3060 847 3114 nisteria
881 3070 1180 3129 peragunt;
1216 3061 1379 3130 etqui
1411 3061 1805 3130 deposuerunt,
1826 3063 1971 3117 domi
2004 3065 2198 3119 sedent

1622 278 2109 339 THEUDORETI
2144 281 2481 343 EPISCOPI
2516 283 2880 344 CYRENSIS

628 387 683 441 in
741 386 927 455 aliquo
983 384 1224 440 oratorio
1288 386 1523 455 precari,
1555 387 1638 440 vel
1670 387 1857 456 quiete
1921 386 2205 457 debitoqut

2324 390 2416 441 καὶ
2451 393 2838 453 καταστάσεως
2882 390 3147 442 διαθεῖναι
3190 386 3261 439 τὰ
3285 385 3735 455 ἐκκλησιαστιιὰ
3770 388 3903 454 πρά-
4000 430 4007 447 ε

2315 496 2524 549 γματα.

2385 568 2628 635 Δεόμεθα
2669 570 2849 621 τοίνυν
2880 568 2977 637 τῆς
3024 569 3290 638 ὑμετέρας
3324 564 3650 628 εὗσεΰείας,
3698 564 3899 633 ἑξιφέο

2313 674 2421 720 τως
2449 659 2709 728 Μέμνονα
2761 660 2851 712 τὸν
2895 660 3159 730 τύραννον
3205 656 3510 729 προστάξαι
3567 656 3901 723 ἐκϐληθῆναι

2313 749 2413 817 τῆς
2435 749 2643 813 πόλεως
2668 748 2893 819 ταύτης,
2920 750 3008 803 διὰ
3039 767 3102 817 γε
3128 750 3226 812 τὰς
3252 750 3482 815 ἀταξίας
3505 747 3677 800 αὑτοῦ
3708 749 3903 809 ταύτας

2314 840 2729 911 καθαιρεθέντα,
2760 842 2853 895 καὶ
2873 843 3125 895 κυκῶντα.
3146 884 3159 904 ,
3189 841 3333 894 ὥστε
3370 842 3446 911 μὴ
3475 838 3730 910 ἀκριϐῶς
3754 841 3905 906 ἐρίν-

2310 932 2542 1000 ῆθῆναι
2588 933 2659 985 τὰ
2708 933 2829 986 καθ’
2864 934 3049 985 αὐτόν.
3088 934 3150 986 Εἰ
3194 933 3303 1003 γὰρ
3337 925 3497 993 οὗτος
3549 930 3633 1001 μὴ
3675 928 3901 1000 ἐξέλθοι,

2310 1022 2575 1078 ἀδύνατον
2601 1024 2825 1094 εἰρήνην
2854 1023 3130 1092 γενέσθαι,
3159 1023 3192 1091 ἢ
3220 1004 3309 1076 ἐὸν
3345 1022 3552 1075 σκοπὸν
3583 1022 3687 1090 τῆς
3721 1021 3902 1096 ὑμετέ·

2312 1134 2413 1185 ρας
2438 1116 2723 1178 ιὺσεὸείας
2755 1117 2835 1179 el;
2857 1116 3031 1187 πέρας
3058 1116 3318 1187 ἀχθῆναι.

2307 1415 2522 1485 1336
2552 1412 2783 1485 CLXIII.
2823 1412 3158 1485 -_——_Epistola
3223 1411 3398 1485 prima
3442 1407 3557 1481 (33)
3608 1407 3901 1485 legatorum

2465 1415 2522 1485 Β
2552 1415 2783 1468 CLXIII.
2824 1415 3158 1481 ——Epistola
3223 1415 3398 1480 prima
3442 1415 3557 1481 (53)
3608 1415 3901 1475 legum.

2358 1415 2747 1554 ?03rientalium
2806 1480 3193 1554 Calchedona»;
3270 1482 3576 1554 missorum,
3604 1479 3750 1530 inter
3778 1491 3901 1546 qua

2869 1560 2986 1605 erat
3003 1550 3375 1619 Theodoreti“)
3386 1591 3397 1601 .

2370 1683 2664 1752 Postquam
2698 1681 3101 1737 Calchedonem
3143 1681 3256 1753 (54)
3291 1682 3546 1735 venimus
3590 1680 3902 1751 (namCon-

2302 1774 2717 1843 stantinopolim
2774 1788 2951 1843 neque
2976 1789 3097 1837 nos,
3126 1788 3307 1842 neque
3356 1773 3668 1827 adversarii
3730 1774 3901 1827 nostri

2305 1864 2517 1919 intrare
2546 1866 2801 1933 permissi
2856 1880 3067 1928 sumus,
3094 1876 3318 1934 propter
3376 1866 3690 1921 seditiones
3734 1866 3902 1920 bono-

2305 1968 2426 2006 rum
2459 1952 2926 2019 monachorum),
2973 1952 3115 2006 fama
3181 1952 3520 2021 accepimus,
3588 1951 3745 2021 quod
3781 1959 3902 2005 ante

2302 2052 2427 2099 octo
2481 2042 2603 2097 dies
2652 2045 2978 2113 priusquam
3016 2059 3468 2114 compareremus
3516 2044 3614 2114 (en
3674 2044 3903 2114 gloriam

2302 2132 2637 2202 pientissimi
2666 2132 2807 2203 regis
2828 2133 2890 2203 Ξ),
2920 2133 3177 2187 dominus
3226 2133 3519 2187 Nestorius
3554 2133 3629 2188 ab
3688 2134 3902 2207 Epheso

2303 2223 2564 2279 dimissus
2589 2225 2678 2289 sit,
2708 2233 2769 2278 ut
2790 2235 2880 2279 eat
2908 2241 3019 2295 quo
3051 2226 3249 2280 liberet
3294 2243 3307 2277 :
3349 2224 3495 2279 unde
3531 2225 3697 2280 valde
3727 2226 3902 2279 dolui-

2302 2330 2446 2378 mus,
2475 2315 2928 2385 quandoquidem
2960 2332 3091 2371 vere
3122 2332 3187 2371 ea
3210 2331 3335 2386 quae
3380 2316 3574 2370 illicite
3600 2326 3664 2370 et
3695 2317 3900 2385 absque

2298 2405 2513 2474 judicio
2547 2406 2689 2461 facta
2726 2418 2873 2471 sunt,
2906 2408 3017 2477 jam
3060 2407 3233 2460 robur
3258 2406 3466 2461 habere
3503 2407 3799 2461 videntur.

2375 2493 2524 2547 Sciat
2554 2503 2739 2549 autem
2776 2505 2959 2550 vestra
3013 2498 3281 2551 sanctitas
3317 2512 3419 2550 nos
3473 2505 3774 2566 promptos
3806 2513 3901 2567 pro

2305 2581 2413 2637 ﬁde
2446 2594 2729 2638 certamen
2753 2584 3009 2649 inituros,
3034 2592 3092 2638 et
3118 2593 3332 2639 certare
3384 2584 3527 2638 velle
3557 2583 3630 2637 ad
3665 2593 3898 2638 mortem

2303 2688 2501 2742 usque.
2542 2673 2938 2744 Exspectamus
2968 2684 3152 2729 autem
3188 2674 3377 2738 hodie,
3430 2674 3539 2728 hoc
3569 2683 3681 2737 est,
3728 2673 3901 2727 unde-

2303 2764 2448 2818 cima
2498 2766 2707 2819 mensis
2737 2764 3010 2834 Gorpiaei,
3064 2766 3427 2820 transiturum
3484 2765 3900 2835 pientissimum

2303 2866 2556 2909 nostrum
2599 2871 2784 2926 regem
2820 2857 2886 2911 ad
2946 2857 3335 2922 Ruﬁnianum,
3383 2866 3439 2911 et
3494 2858 3609 2911 illic
3678 2873 3897 2912 causam

2300 2946 2639 3001 auditurum.
2678 2947 2943 3002 Preoetur
2966 2948 3134 3018 igitur
3170 2957 3354 3003 vestra
3400 2948 3672 3003 sanctitas
3709 2959 3774 3003 ut
3798 2949 3901 3002 Do-

2300 3036 2485 3090 minus
2511 3036 2767 3091 Christus
2809 3052 2909 3091 nos
2946 3038 3206 3107 adjuvet,
3276 3054 3388 3107 quo
3438 3040 3729 3092 valeamus
3778 3054 3908 3094 san-

616 3160 921 3221 gementes.
984 3151 1065 3203 illi
1118 3150 1362 3219 quicum
1428 3152 1693 3222 depositis
1738 3157 2197 3211 excommunicati

2311 3138 2516 3183 ctorum
2543 3129 2766 3183 Patrum
2803 3129 2968 3184 ﬁdem
2986 3130 3271 3193 roborare,
3296 3138 3352 3184 et
3386 3131 3441 3183 in
3474 3130 3742 3184 damnum
3776 3145 3901 3184 san-

617 3253 769 3307 sunt,
804 3243 1086 3313 depositas
1123 3244 1493 3299 liberaverunt
1518 3245 1883 3316 depositione,
1922 3250 2066 3304 sicut
2112 3265 2200 3303 ar-

617 3333 810 3388 bitrati
846 3342 993 3391 sunt.

693 3452 878 3506 Talem
905 3451 1105 3505 ludunt
1136 3450 1404 3521 synodum
1438 3449 1692 3519 zﬁgyptii,
1729 3459 1785 3505 ct
1821 3452 2116 3515 Palaestini,
2145 3462 2200 3507 et

617 3538 853 3599 Pontici,
895 3546 950 3591 et
1012 3537 1220 3599 Asiani,
1256 3545 1311 3590 et
1363 3551 1489 3590 cum
1537 3538 1622 3590 his
1654 3538 1909 3591 Occasus.
1958 3540 2199 3595 Plurima

617 3628 765 3682 enim
803 3643 927 3697 pars
954 3627 1105 3681 orbis
1129 3635 1398 3680 terrarum
1432 3627 1687 3679 morbum
1722 3628 1985 3696 suscepit.

688 3741 887 3808 Quales
912 3740 1062 3793 mimi
1101 3739 1480 3801 ridiculorum,
1516 3740 1569 3791 in
1610 3747 1857 3807 tempore
1882 3739 2199 3807 impietatis,

619 3833 701 3890 sic
733 3833 993 3901 pietatem
1034 3830 1090 3884 in
1123 3830 1391 3885 comcedia
1430 3830 1539 3899 (9.8)
1580 3830 1958 3884 deluserunt?
2013 3830 2203 3896 Qualis

621 3939 753 3983 vero
805 3922 1087 3977 comoediae
1145 3920 1378 3988 scriptor
1445 3922 1606 3975 talem
1674 3938 1912 3989 unquam
1962 3921 2202 3975 fabulam

620 4014 974 4072 recitaverit?
1010 4014 1195 4078 Qualis
1229 4029 1358 4067 vero
1387 4013 1665 4081 tragoediae
1697 4023 1875 4076 nocte,
1915 4012 2077 4082 digne
2109 4013 2204 4067 ﬂc-

620 4115 711 4161 tus
742 4122 933 4161 eorum
969 4105 1395 4174 conscripserit?
1430 4104 1603 4156 Tanta
1638 4114 1695 4157 et
1721 4104 1847 4157 talia
1891 4104 1986 4157 Dei
2021 4104 2211 4159 Eccle-

620 4198 717 4254 sia:
755 4197 863 4265 (29)
913 4198 1054 4251 mala
1102 4196 1212 4266 (50)
1252 4196 1657 4249 insultavcrunt
1696 4211 1707 4246 :
1754 4211 2066 4263 quanquam
2097 4194 2208 4264 (51)

621 4287 1002 4347 brevissimam
1036 4288 1364 4356 particulam
1397 4286 1616 4339 narravi
1644 4278 1839 4339 eorum
1894 4302 2015 4354 qua:
2072 4301 2211 4355 pra:-

624 4386 840 4449 sumpta
865 4386 995 4431 sunt
1032 4376 1167 4449 (52).

702 4555 813 4624 (Ξῖ)
851 4556 1040 4609 Exstat
1068 4555 1184 4608 huic
1210 4554 1323 4624 ipsa
1354 4554 1583 4621 epistola
1617 4552 1809 4624 iisdem
1842 4553 2024 4624 verbis
2056 4552 2199 4605 inter
2234 4558 2274 4609 D

630 4636 749 4683 acta
794 4622 1007 4678 Concilii
1066 4625 1239 4693 quinti
1280 4623 1871 4689 Constantinopolitani
1912 4622 2199 4693 collatti‘i,

629 4695 1004 4767 aputhansi
1054 4691 1108 4747 in
1171 4693 1651 4767 Collect.__eonci_l.
1696 4693 1884 4759 antpl.,
1940 4701 2071 4767 toni.

672 4762 684 4820 ζ
730 4765 855 4829 295,
883 4765 974 4833 qui
1017 4779 1136 4817 eam
1178 4778 1208 4833 e
1252 4762 1733 4833 Baluziiﬂeditionc
1768 4764 2051 4833 capressit.
2090 4762 2208 4833 Alia

672 4808 684 4820 .
730 4783 855 4829 Ζθί),
883 4783 974 4833 QUI
1017 4783 1136 4817 eam
1178 4783 1208 4815 Θ
1253 4783 1457 4814 ῠὲυυιιι
1492 4783 1733 4815 ευιιιυηυ
1768 4783 2051 4829 ωιριύδδιι.
2090 4783 2207 4814 nua

627 4783 823 4892 {atina
857 4832 1236 4903 interpretatio
1257 4839 1339 4884 est
1373 4833 1423 4903 in
1448 4831 1718 4903 Synodico
1750 4832 2207 4903 aABaluzioeditQ,

631 4922 679 4961 c.
713 4904 800 4965 20,
832 4900 1150 4973 quam—vid.
1196 4902 1250 4954 in
1294 4900 1497 4954 eadem
1553 4901 1723 4953 Mans.
1773 4900 2021 4966 Collect.,
2059 4910 2099 4953 t.
2148 4901 2209 4964 V,

630 4990 686 5045 Ρ.
704 4990 936 5113 (12%,).Sic
963 5052 1176 5113 veteres
1200 5040 1323 5113 libri
1356 5040 1729 5113 apud_Balna.,
1756 5041 1901 5113 vulg.
1934 5056 2070 5093 vero.

726 5110 814 5181 24)
845 5112 1117 5181 Disrumpi
1147 5110 1419 5164 habebant
1452 5110 1612 5181 iidem
1646 5110 1789 5163 libri.

727 5178 817 5250 Q5)
849 5180 1016 5251 Magis
1038 5178 1115 5235 Itis
1146 5188 1420 5251 autem,is.
1453 5180 1843 5251 magiaantem.
1879 5178 2012 5251 Illud
2039 5178 2210 5251 codex

629 5248 1054 5315 Bellovacensis,
1097 5251 1202 5304 hoc
1250 5249 1572 5302 Parisiensis
1621 5248 1784 5302 habet
1853 5249 1995 5317 apud
2049 5248 2207 5301 Baln-

634 5325 801 5377 zium.

708 5391 817 5459 (26)
879 5389 969 5443 Sic
1019 5389 1163 5459 apud
1227 5390 1421 5449 Mans,
1460 5387 1626 5441 Garn.
1686 5389 1917 5456 refecerit
1975 5397 2020 5439 et
2096 5405 2215 5439 cou—

628 5468 894 5531 junxerit.

707 5532 815 5597 ('27)
845 5530 1036 5581 Bellati
1070 5530 1262 5597 (Paris.
1315 5529 1488 5583 Bella)
1540 5528 1715 5597 Moyse
1756 5540 1800 5578 rt
1840 5528 2035 5580 Aaron.
2079 5528 2183 5591 {um

636 5603 767 5670 ejus.
804 5600 891 5653 Sic
919 5600 1119 5653 Bclinv.

706 5670 814 5740 (“1.8)
851 5670 911 5723 In
950 5670 1283 5723 Nivhonzerlia
1320 5670 1487 5722 Paris.
1518 5670 1657 5738 apud
1690 5670 1848 5720 Ralm

2303 3228 2404 3273 ctze
2429 3219 2685 3275 Ecclesiae
2708 3229 2898 3274 exorta
2942 3221 3183 3289 capitula
3230 3220 3497 3274 radicitus
3557 3220 3897 3289 discerpere.

2306 3310 2513 3365 Eadem
2545 3320 2606 3364 ut
2636 3318 2693 3366 et
2714 3319 2897 3365 vestra
2920 3311 3183 3366 sanctitas
3223 3312 3425 3365 sentiat
3451 3326 3517 3364 ac
3547 3310 3738 3373 faciat,
3803 3310 3899 3363 ob—

2308 3416 2608 3466 secramus,
2642 3409 2969 3471 maneatque
3003 3402 3058 3454 in
3086 3416 3185 3455 sua
3202 3416 3301 3470 pro
3323 3399 3430 3454 [ide
3452 3399 3767 3454 orthodoxa
3789 3398 3900 3452 ala-

2308 3492 2528 3548 critate.

2376 3583 2551 3637 Porro
2580 3599 2704 3637 cum
2732 3584 2936 3652 scripta
2960 3592 3103 3637 esset
3137 3582 3388 3651 epistola,
3417 3581 3669 3634 nondum
3698 3594 3897 3634 occar-

2308 3680 2456 3725 rerat
2480 3672 2641 3726 nobis
2669 3672 2927 3726 dominus
2952 3671 3231 3725 Himerius
3278 3688 3291 3723 :
3330 3686 3457 3724 nam
3506 3670 3767 3723 fortassis
3802 3670 3901 3722 imo

2303 3762 2524 3829 peditus
2554 3771 2639 3817 est
2690 3764 2745 3816 in
2783 3765 2999 3817 itinere.
3035 3763 3309 3818 Caeterum
3357 3762 3498 3815 nihil
3548 3778 3651 3815 vos
3688 3761 3893 3815 turbet.

2306 3851 2603 3920 Speramus
2623 3854 2769 3907 enim
2804 3854 2979 3908 tristia
3012 3852 3414 3923 exstinguenda
3438 3892 3451 3913 ,
3490 3860 3549 3905 et
3604 3853 3896 3905 veritatem

2308 3944 2652 4013 eﬂulsuram,
2688 3947 2850 4001 modo
2885 3956 3066 4000 vestra
3118 3946 3293 4015 pietas
3326 3954 3553 3999 strenue
3610 3958 3715 3997 nos
3744 3943 3903 4013 adju-

2311 4046 2419 4089 νει.

2307 4172 2538 4227 CLXIV.
2570 4204 2637 4212 —
2669 4173 2854 4227 Altera
2912 4173 3215 4226 earumdem
3263 4171 3487 4239 epistola
3531 4168 3896 4239 intempesta-9

2484 4243 2547 4295 de
2578 4245 2796 4297 victoria
2834 4243 3199 4313 glorianlium,
3238 4240 3307 4294 ad
3337 4242 3547 4293 eosdem
3580 4240 3721 4309 (35).

2380 4376 2644 4431 Precibus
2675 4376 2986 4431 sanctitatis
3018 4384 3215 4429 vestrae
3275 4374 3438 4427 datus
3470 4381 3557 4427 est
3613 4371 3779 4425 nobis
3810 4384 3899 4424 ac-

2533 4556 2673 4635 νεα.
2703 4556 2832 4635 libri
2857 4554 3022 4635 apud.
3052 4552 3239 4609 Baluz.
3260 4549 3521 4607 Ecclesia.

2385 4624 2493 4689 (50)
2530 4624 2748 4677 [imula
2786 4624 2958 4679 Paris.

2386 4695 2494 4762 (51)
2531 4695 2697 4763 Magis
2726 4712 2847 4747 vero
2874 4694 3042 4749 Mans.

2386 4766 2495 4831 (δὲ)
2530 4762 2689 4817 Plura
2715 4764 2992 4817 adduntur
3020 4764 3075 4817 in
3098 4762 3389 4832 Synodico,
3415 4762 3454 4816 l.
3488 4776 3540 4815 c.

2387 4828 2497 4901 (53)
2549 4833 2808 4888 Eamdem
2868 4828 3373 4902 interpretationem
3425 4833 3593 4899 hujus
3657 4828 3895 4902 epistolae

2318 4904 2515 4957 habent
2542 4914 2659 4957 acta
2684 4903 2897 4957 concilii
2927 4900 3289 4961 Orientalium
3330 4901 3595 4971 Ephesini
3649 4902 3707 4954 in
3736 4900 3894 4971 flan-

2316 4975 2469 5026 siana
2493 4974 2847 5036 Collectione,
2878 4983 2914 5025 t.
2944 4972 3031 5037 IV,
3058 4989 3112 5042 p.
3140 4974 3274 5025 1406
3294 4986 3433 5040 seq.,
3459 4972 3622 5042 aliam
3650 4972 3707 5023 in
3726 4970 3896 5042 Syno-

2319 5042 2464 5107 dico,
2503 5058 2551 5095 c.
2584 5043 2673 5103 26,
2706 5053 2743 5096 ι.
2775 5044 2837 5101 V.
2864 5041 3088 5097 Collect.
3117 5042 3309 5102 Mans,
3334 5057 3386 5110 p.
3416 5041 3538 5093 79$.
3572 5042 3630 5095 In
3671 5041 3893 5110 quibus-

2321 5112 2445 5165 dam
2476 5122 2606 5165 vett.
2644 5113 2800 5167 libris
2830 5114 2903 5167 ita
2938 5112 3291 5166 inscribitur:
3326 5112 3688 5164 Sanctissimae
3726 5119 3776 5162 et
3806 5127 3893 5161 sa-

2318 5182 2655 5253 pientissimae
2683 5184 2901 5253 synodo,
2934 5184 3126 5253 quierit:
3157 5179 3673 5253 Epheso,__Joannea,
3710 5179 3893 5253 (loga-

2318 5252 2432 5321 nes)
2466 5252 2687 5313 Paulus,
2713 5249 3005 5305 Μαίων-ἱεὶς.
3027 5252 3329 5321 Apringius,
3358 5250 3724 5313 Theodorum,
3746 5249 3894 5317 (Hel-

2320 5319 2543 5386 ladius),
2571 5324 2626 5373 in
2661 5322 2882 5375 Domino
2904 5323 3153 5374 salutent.

2390 5392 2498 5457 (34)
2539 5391 2915 5445 Chalcedone":
2945 5393 3113 5444 Mans.

2388 5462 2496 5525 (⁷ῦὸ)
2538 5461 2660 5515 llwc
2684 5477 2902 5530 quoque
2963 5470 3137 5514 exstat
3192 5461 3246 5513 in
3283 5460 3416 5513 actis
3452 5458 3893 5530 commemoratis

2318 5532 2459 5598 apud
2495 5532 2683 5593 Mansi,
2730 5543 2767 5583 t.
2806 5532 2893 5587 IV.
2940 5548 2990 5598 p.
3039 5531 3209 5591 Hii;
3271 5531 3507 5597 itemque
3544 5547 3610 5583 ex
3661 5530 3764 5584 alia
3812 5529 3893 5581 in-

2316 5602 2700 5668 tt'rpt‘t‘iationc
2737 5602 2789 5653 in
2828 5601 3078 5671 Svtto-iici
3116 5616 3161 5653 ς.
3201 5601 3287 5657 9.7.
3324 5615 3375 5668 ρ.
3415 5599 3515 5652 7Ωό

3783 266 4009 343 146ιῆ
