4086 6326
180 341 332 411 1465

1454 336 1457 337 ί
1505 326 1870 419 EPISTULA
1907 360 2154 422 CLXVI.

3337 343 3359 411 1
3376 344 3477 410 466

175 472 379 516 cessus
408 461 476 516 ad
497 463 907 533 pientissimum
940 482 1126 537 regem
1165 480 1439 531 nostrum,
1470 459 1773 538 divinaque
1805 479 1849 533 Α
1880 474 2181 537 minentur,
2240 479 2295 526 et
2355 473 2423 527 de
2473 472 2560 525 his
2624 464 2895 539 disputari
2943 479 3173 535 prorsus
3236 476 3347 517 non
3398 462 3475 517 sl-

168 552 364 618 gratia
401 553 508 619 his,
534 556 630 625 qui
663 556 883 612 diversa
910 558 1178 625 sentiunt,
1232 560 1288 612 in
1323 559 1628 613 certamine
1687 575 1778 612 su-

178 642 443 709 periores
473 646 604 701 facti
638 663 865 714 sumus;
930 651 1059 719 quia
1110 650 1295 703 omnia
1329 650 1553 718 quidem
1591 658 1778 703 nostra

178 743 419 803 accepta
452 735 609 794 fuere
664 739 812 808 apud
838 740 1045 795 Christi
1100 741 1540 796 amantissimum
1570 756 1775 811 regem.

172 822 359 879 Lecta
386 836 571 882 autem
592 839 722 884 sunt
755 832 937 887 oblata
967 834 1036 887 ab
1063 834 1209 898 aliis,
1240 841 1298 889 et
1331 849 1453 903 quae
1485 832 1602 887 visa
1648 841 1779 887 sunt

174 915 435 987 indigna,
471 927 533 973 ut
562 922 962 993 reciperentur,
999 940 1180 994 neque
1231 926 1399 979 ullam
1433 940 1781 993 consequen-

176 1007 325 1062 tiam
358 1010 653 1077 habebant,
692 1016 1004 1085 rejecimus.
1031 1016 1219 1086 Cyrilli
1253 1018 1401 1071 enim
1457 1033 1677 1072 sursum
1715 1034 1780 1073 ac

175 1096 449 1153 deorsum
484 1116 756 1159 memores
780 1114 960 1172 erant,
992 1106 1337 1177 orabantque
1378 1108 1538 1161 illum
1591 1124 1779 1163 accer-

174 1189 313 1255 siri,
343 1200 404 1245 ut
438 1192 555 1262 ipse
590 1210 693 1265 pro
729 1198 914 1267 seipse
974 1199 1242 1254 rationem
1286 1199 1561 1255 redderet.
1592 1199 1779 1269 Usque

174 1279 245 1333 in
280 1292 609 1350 praesentem
634 1286 783 1341 diem
831 1304 942 1342 non
983 1290 1351 1345 obtinuerunt
1387 1289 1524 1361 (36),
1558 1289 1655 1345 sed
1682 1306 1780 1343 au-

174 1371 415 1429 dierunt
451 1377 597 1445 quod
626 1380 922 1448 oportebat
959 1381 1072 1452 (57)
1114 1398 1401 1437 sermones
1429 1382 1499 1437 de
1548 1384 1775 1451 pietate,

174 1461 296 1517 hoc
321 1473 428 1528 est,
464 1466 533 1521 de
560 1466 827 1539 religione
862 1470 975 1544 (38)
1006 1471 1157 1539 ﬁdei,
1186 1481 1242 1529 et
1263 1473 1578 1529 conﬁrmari
1614 1473 1778 1528 ﬁdem

176 1552 304 1624 (59)
329 1556 619 1613 beatorum
644 1560 889 1616 Patrum.

260 1645 665 1719 Redarguimus
718 1663 775 1709 et
806 1653 1089 1719 Acacium,
1118 1656 1211 1725 qui
1245 1657 1299 1711 in
1355 1656 1780 1712 Commentariis

174 1748 471 1805 posuerat,
510 1744 827 1811 passibilem
861 1761 983 1802 esse
1041 1746 1333 1805 Deitatem.
1399 1748 1556 1814 Quod
1601 1762 1779 1817 usque

174 1828 327 1883 adeo
372 1835 639 1901 gravatim
683 1836 809 1891 tulit
836 1838 962 1908 pius
1013 1856 1109 1894 rex
1136 1848 1347 1903 noster,
1378 1850 1439 1894 ut
1489 1849 1777 1895 excuteret
1812 1826 1851 1883 Β

174 1920 438 1989 pallium,
464 1932 521 1979 et
538 1934 844 1984 retrorsum
873 1930 1098 1985 cederet
1123 1947 1238 2001 prae
1266 1931 1621 2001 blasphemiae
1661 1947 1777 1985 ma—

174 2010 494 2080 gnitudine.
530 2015 748 2075 Scimus
783 2028 969 2076 autem
1024 2031 1081 2077 et
1134 2032 1314 2078 totum
1385 2024 1776 2079 consistorium

174 2116 289 2157 nos
311 2104 469 2161 valde
495 2106 702 2166 habere
726 2122 999 2181 acceptos,
1025 2114 1173 2183 quod
1200 2130 1299 2184 pro
1356 2115 1563 2185 pietate
1599 2122 1780 2170 certa-

176 2209 331 2250 mus.

257 2288 447 2344 Visum
486 2291 653 2363 igitur
679 2305 765 2350 est
782 2296 1131 2366 pientissimo
1156 2306 1348 2353 nostro
1376 2299 1491 2369 regi
1511 2306 1573 2353 ut
1607 2314 1781 2354 unus-

176 2376 421 2448 quisque
444 2398 605 2438 suum
646 2400 873 2441 sensum
906 2386 1167 2459 exponat,
1204 2398 1260 2443 et
1291 2405 1404 2444 suae
1447 2390 1641 2459 pietati
1698 2391 1782 2445 of-

175 2468 345 2524 ferat.
381 2472 790 2544 Respondimus
812 2489 995 2534 autem
1020 2496 1122 2535 nos
1150 2481 1297 2551 quod
1323 2482 1667 2551 impossibile
1694 2491 1781 2537 est

179 2560 306 2617 ﬁeri
345 2564 507 2618 aliam
539 2569 965 2636 expositionem,
994 2588 1160 2640 quam
1198 2587 1284 2637 ea,
1339 2588 1462 2641 qua:
1518 2573 1572 2626 in
1598 2573 1780 2629 Nicaea

178 2669 214 2707 a
246 2652 583 2712 beatissimis
607 2658 865 2715 Patribus
888 2661 1029 2716 facta
1057 2670 1143 2717 est
1168 2673 1255 2717 :et
1279 2664 1491 2732 placuit
1520 2666 1639 2735 ejus
1665 2681 1783 2720 ma-

171 2742 390 2815 jestati.
420 2747 817 2817 Proposuimus
846 2753 1015 2823 igitur
1040 2754 1212 2821 illam,
1240 2754 1297 2808 in
1317 2771 1425 2825 qua
1459 2765 1638 2813 vestra
1655 2773 1783 2814 san-

179 2836 351 2891 ctitas
380 2838 728 2910 subscripsit.
1107 2859 1111 2863 '

257 2928 533 2995 Caeterum
586 2934 768 2990 omnis
828 2936 1067 3005 populus
1129 2937 1783 3009 Constantinopolitanus

176 3018 388 3091 iugiter
410 3023 477 3076 ad
505 3039 606 3078 nos
635 3026 809 3090 venit,
846 3042 1013 3082 orans
1044 3036 1105 3081 ut
1131 3021 1356 3083 strenue
1384 3046 1486 3099 pro
1537 3031 1644 3087 ﬁde
1680 3048 1783 3102 pu-

180 3128 418 3182 gnemus
443 3132 457 3181 ;
488 3116 836 3188 multumque
854 3119 1170 3174 laboramus
1189 3122 1258 3176 ad
1278 3121 1629 3177 retinendum
1655 3140 1773 3190 eos,

178 3214 257 3253 ne
294 3200 579 3257 videamur
604 3206 951 3261 occasionem
985 3208 1202 3264 dedisse
1224 3211 1578 3266 adversariis.
1624 3214 1776 3269 Misi-

180 3305 315 3345 mus
342 3303 528 3348 autem
585 3299 867 3367 exemplar
901 3301 1286 3369 expositionis,
1322 3313 1385 3356 ut
1430 3303 1542 3359 duo
1596 3321 1783 3360 exem-

179 3380 361 3451 plaria
392 3382 545 3451 ﬁant,
580 3386 909 3458 duobusque
935 3390 1044 3445 illis
1084 3391 1471 3447 subscribatis.

196 3517 414 3589 1337
453 3518 657 3578 CLXV.
711 3553 784 3563 —
837 3523 1189 3578 ‘Eorumdem
1237 3526 1482 3593 Epistula
1541 3528 1611 3581 ad
1670 3544 1784 3583 eos-

839 3598 955 3646 dem
989 3594 1127 3664 (te).

258 3698 505 3754 Dominis
554 3702 791 3757 maxime
843 3698 1266 3762 honorabilibus
1310 3716 1367 3762 et
1417 3709 1782 3778 pientissimis

177 3791 478 3861 episc0pis,
517 3794 610 3862 qui
641 3794 696 3848 in
727 3795 945 3864 Epheso
978 3804 1126 3861 sunt,
1155 3798 1568 3873 Joannes(40'),
1596 3802 1782 3858 Hime-

179 3882 322 3940 rius.
362 3885 587 3950 Paulus,
641 3886 932 3951 Macarius,
993 3888 1311 3959 Apringius,
1369 3890 1775 3948 Theodoretus.

258 3975 462 4042 Quinto
488 3992 745 4032 accessus
766 3978 928 4032 nobis
957 3980 1189 4049 contigit
1215 3998 1229 4047 ;
1267 3989 1323 4034 et
1350 3985 1605 4052 quamvis
1634 3986 1779 4040 mul-

174 4080 299 4126 tum
327 4070 393 4123 de
428 4069 705 4123 hmreticis
728 4070 986 4139 capitulis
1017 4070 1530 4140 disceptaverimus,
1556 4075 1779 4144 iurave—

173 4162 464 4229 rimusque
523 4162 728 4231 saepius
760 4163 1108 4231 pientissimo
1137 4165 1271 4234 regi,
1308 4165 1455 4234 quod
1522 4167 1778 4238 impossi-

174 4255 291 4309 bile
318 4255 390 4308 sit
419 4255 581 4310 nobis
605 4256 1017 4312 communicare
1037 4258 1121 4311 his
1144 4258 1239 4328 qui
1260 4258 1478 4313 diversa
1504 4262 1771 4325 sentiunt,

174 4347 224 4400 si
264 4346 512 4400 nondum
545 4347 885 4417 exploserint
920 4349 1161 4417 capitula
1192 4367 1205 4415 ;
1235 4356 1292 4403 et
1328 4350 1476 4418 quod
1510 4350 1771 4422 Cyrillus,

170 4438 396 4494 etiamsi
462 4439 718 4509 rejererit
758 4438 1021 4508 capitula,
1074 4456 1105 4495 a
1168 4442 1328 4496 nobis
1382 4442 1774 4513 suscipiendus

171 4545 289 4584 non
323 4530 414 4594 sit,
449 4545 516 4584 eo
564 4531 711 4600 quod
749 4531 864 4599 ipse
894 4540 1001 4584 tam
1039 4532 1220 4600 impiae
1272 4511 1550 4587 bmreseos
1597 4532 1772 4588 haere-
1806 4511 1848 4566 θ

171 4622 425 4677 siarches
456 4623 635 4677 factus
670 4623 741 4676 sit
792 4640 806 4675 :
859 4622 997 4676 nihil
1060 4631 1240 4678 tamen
1278 4623 1649 4693 profecimus,
1704 4639 1773 4678 eo

172 4716 325 4787 quod
358 4724 413 4769 et
438 4715 741 4769 adversarii
774 4715 1070 4780 instarent,
1126 4724 1183 4769 et
1216 4716 1501 4771 auditores
1527 4716 1631 4770 hos
1661 4724 1769 4771 tam

172 4804 533 4879 impudenter
584 4804 934 4858 obluctantes
982 4820 1092 4858 non
1157 4813 1606 4874 compescerent,
1666 4821 1772 4861 nec

170 4902 439 4965 cogerent
464 4909 582 4957 eos,
620 4903 681 4949 ut
707 4894 774 4947 ad
802 4894 1219 4963 inquisitionem
1243 4903 1299 4949 et
1325 4896 1772 4964 colloquiumve-

170 4988 379 5042 nirent.
410 4985 523 5041 Hac
555 4985 704 5039 enim
745 4986 835 5039 via
881 4985 1176 5055 effugiunt,
1224 5002 1293 5041 ne
1342 4988 1585 5057 capitula
1635 5003 1767 5042 exa-

246 5150 357 5222 (36)
392 5151 484 5208 Sic
518 5160 688 5219 recte,
714 5153 858 5222 quod
893 5160 949 5205 et
984 5151 1366 5221 interpretatio
1399 5150 1453 5203 in
1492 5150 1765 5221 Synodico

169 5222 482 5279 conﬁrmat.
509 5223 679 5277 Mans.
706 5224 1030 5277 obedierunt.

234 5293 357 5415 i(1:7)
396 5293 537 5348 Add.
576 5295 793 5360 moveri,
826 5293 970 5363 quod
1004 5300 1087 5347 est
1122 5290 1179 5345 in
1227 5290 1523 5362 Synodico,
1559 5300 1653 5346 aut
1684 5293 1759 5347 si-

170 5378 323 5417 mue.

245 5432 358 5570 (58)
396 5433 619 5486 Ratione
651 5434 822 5487 Mans.

245 5501 336 5570 (39
398 5504 464 5556 Et
502 5502 822 5570 ﬁrmatam:

245 5500 357 5571 (59)
398 5504 464 5556 Et
502 5502 782 5571 ﬁrmatam
813 5519 922 5557 esse
952 5500 1129 5569 ﬁdem.
1156 5501 1330 5557 Mans.

247 5574 355 5643 (40)
395 5574 491 5627 Est
523 5574 578 5626 in
613 5574 805 5627 iisdem
839 5574 972 5627 actis
995 5642 999 5643 ν
1026 5572 1317 5643 Ephesinis
1366 5572 1508 5641 apud
1564 5572 1752 5639 Mansi,

171 5654 212 5698 ι.
253 5643 339 5701 lV,
378 5659 430 5713 p.
470 5643 605 5697 1420
638 5660 752 5712 seq.
790 5653 845 5697 et
877 5642 1037 5706 alibi;
1075 5644 1129 5696 in
1187 5642 1461 5713 Synodico
1514 5659 1754 5713 quoque,

172 5730 223 5767 c.
260 5713 349 5775 5i,
389 5729 441 5781 p.
480 5713 601 5775 80l,
639 5728 704 5766 ex
740 5714 843 5767 alia
881 5715 1165 5782 interpret.

248 5782 378 5854 (40⁸)
411 5783 643 5838 Joannes
674 5784 797 5839 add.
835 5784 1004 5839 Mans.

1882 576 2041 620 nunt.

1952 658 2063 712 Nos
2086 668 2267 713 autem
2294 666 2523 729 propter
2552 663 2770 711 vestras
2801 666 2996 723 preces
3017 663 3195 719 usque
3232 646 3300 701 ad
3324 660 3474 699 mor-

1883 759 1993 805 tem
2022 752 2228 805 instare
2267 750 2445 819 parati
2469 762 2699 811 sumus;
2735 753 2792 799 et
2822 757 3003 813 neque
3033 739 3300 811 Cyrillum
3347 749 3474 789 sus-

1883 844 2287 913 cipere,neque
2316 842 2555 913 capitula
2595 839 2664 893 ab
2703 852 2770 891 eo
2822 834 3090 905 exposita,
3123 845 3305 899 neque
3364 827 3476 881 illis

1883 934 2312 997 communicare,
2345 932 2669 1001 priusquam
2696 926 3085 998 explodantur,
3155 935 3281 991 qua:
3332 916 3475 972 male

1884 1026 2013 1081 ﬁdei
2046 1026 2257 1096 adjecta
2283 1033 2434 1079 sunt.

1953 1119 2321 1175 Obsecramus
2349 1116 2515 1187 igitur
2545 1111 2656 1186 (ll)
2689 1120 2930 1167 vestram
2984 1107 3357 1167 sanctitatem,
3414 1109 3477 1156 ut

1882 1212 2108 1283 sapiatis
2133 1210 2326 1264 eadem
2350 1224 2472 1279 quae
2513 1205 2730 1276 1338
2766 1218 2889 1268 nos,
2923 1200 3293 1266 eamdemque
3325 1194 3477 1249 labo-

1882 1320 1999 1358 rem
2021 1302 2349 1357 ostendatis.
2384 1299 2680 1355 Certamen
2711 1296 2861 1351 enim
2897 1292 3061 1347 nobis
3090 1304 3189 1359 pro
3206 1284 3474 1356 religione

1880 1405 1985 1459 est,
2038 1409 2202 1464 quam
2240 1392 2414 1447 solam
2462 1390 2733 1444 habemus
2754 1400 2930 1455 spem,
2965 1392 3023 1439 et
3047 1387 3277 1451 propter
3307 1390 3477 1447 quam

1880 1494 2266 1555 exspectamus
2302 1482 2574 1538 fruituros
2634 1493 2737 1534 nos
2780 1473 3118 1546 benignitate
3174 1464 3476 1524 Salvatoris

1880 1578 2056 1633 nostri
2086 1577 2276 1631 futuro
2302 1575 2524 1631 saeculo.

1952 1672 1967 1691 “
2000 1671 2078 1725 De
2105 1669 2451 1740 pientissimo
2476 1675 2534 1721 et
2556 1661 2907 1720 sanctissimo
2932 1658 3193 1728 episcopo
3216 1652 3475 1709 Nestorio

1883 1765 2021 1820 sciat
2041 1771 2227 1817 vestra
2250 1761 2449 1831 pietas,
2480 1757 2629 1829 quod
2669 1752 3051 1810 studuerimus
3103 1747 3328 1818 quidem
3353 1758 3471 1799 ser-

1880 1869 2101 1909 monem
2128 1852 2197 1906 de
2224 1851 2318 1905 illo
2350 1852 2599 1904 inserere
2629 1864 2643 1900 :
2696 1844 2794 1901 sed
2826 1858 2977 1898 nunc
3004 1854 3181 1909 usque
3212 1836 3325 1910 (t2)
3358 1850 3473 1889 non

1878 1948 2183 2017 potuimus,
2211 1960 2278 1999 eo
2307 1942 2457 2014 quod
2503 1954 2716 2002 omnes,
2747 1937 2835 1991 vel
2885 1935 2950 1990 ad
3006 1935 3189 2005 ipsum
3244 1944 3470 1992 nomen,

1879 2037 2158 2093 hostiliter
2186 2034 2519 2089 alliciuntur.
2556 2028 2929 2085 Nihilominus
2956 2040 3102 2081 curae
3144 2023 3307 2077 nobis
3342 2019 3470 2085 erit,

1881 2127 2099 2183 tametsi
2134 2142 2223 2182 res
2250 2124 2330 2181 sic
2359 2140 2417 2179 se
2460 2119 2571 2194 (4'5)
2598 2121 2862 2183 habeant,
2927 2133 3027 2188 per
3088 2111 3475 2185 opportunita-

1878 2228 1992 2275 tem
2024 2217 2310 2291 temporis,
2334 2230 2399 2269 ac
2431 2214 2751 2269 auditorum
2778 2208 3244 2271 benevolentiam,
3306 2203 3472 2258 etiam

1881 2312 1988 2367 hoc
2017 2312 2221 2373 facere,
2255 2306 2529 2378 siquidem
2556 2312 2746 2361 nostro
2770 2301 3055 2373 proposito
3082 2299 3232 2353 Deus
3266 2309 3475 2364 coope-

1882 2412 2037 2459 ratus
2064 2401 2256 2457 fuerit.

1950 2495 2123 2549 Porro
2151 2502 2211 2549 ut
2242 2501 2426 2548 vestra
2451 2491 2716 2546 sanctitas
2735 2489 2902 2543 etiam
2929 2488 3037 2542 hoc
3084 2496 3197 2540 n‘on
3222 2485 3472 2553 ignoret;

1879 2589 2076 2642 scitote
2124 2586 2273 2656 quod
2325 2585 2577 2640 videntes
2627 2583 2965 2655 Cyrillianos
3032 2574 3365 2649 tyrannide,
3421 2582 3477 2628 et

1880 2678 2189 2743 fraudibus,
2224 2685 2281 2732 et
2306 2677 2653 2741 adulatione,
2675 2682 2731 2730 et
2757 2673 2921 2729 donis
2942 2686 3158 2736 omnes,
3199 2678 3259 2723 ut
3295 2669 3370 2725 ita
3393 2666 3481 2719 di-

1881 2787 2024 2835 cam,
2050 2771 2357 2841 decepisse,
2387 2785 2499 2823 non
2554 2785 2681 2823 raro
2715 2766 3130 2838 pientissimum
3174 2775 3382 2832 regem,
3422 2767 3482 2815 et

1881 2863 2458 2933 magniﬁcentissimos
2483 2862 2767 2932 principes
2818 2858 3261 2920 obsecravimus,
3324 2860 3388 2907 ut
3419 2862 3481 2907 et.

1880 2972 1984 3011 nos
2014 2956 2083 3011 ad
2104 2954 2387 3011 Orientem
2414 2954 2844 3017 dimitteremur,
2877 2959 2935 3005 et
2962 2957 3148 3003 vestra
3199 2948 3387 3017 pietas
3408 2945 3478 2999 ad

1882 3048 2103 3119 propria
2127 3048 2472 3119 remigraret.
2497 3045 2897 3117 Cognoscimus
2928 3042 3077 3099 enim
3121 3040 3268 3111 quod
3296 3040 3352 3093 in
3383 3053 3480 3091 va-

1882 3155 2016 3193 num
2049 3154 2232 3195 moras
2258 3138 2555 3201 nectimus,
2588 3146 2645 3191 et
2684 3134 2937 3189 instituta
2995 3147 3104 3185 non
3134 3128 3476 3199 perticimus,

1885 3246 1952 3284 eo
1987 3230 2134 3300 quod
2152 3230 2392 3301 Cyrillus
2426 3229 2631 3297 ubique
2663 3227 2803 3296 fugit
2830 3223 3170 3293 colloquium
3199 3227 3476 3280 nostrum,

1887 3320 2142 3374 conscius
2174 3319 2303 3383 sibi,
2329 3318 2722 3387 blasphemias,
2750 3330 2889 3385 quas
2939 3315 2995 3367 in
3033 3310 3329 3367 duodecim
3388 3324 3481 3363 ca—

1885 3412 2081 3483 pitulis
2104 3411 2221 3464 suis
2247 3410 2447 3474 edidit,
2476 3408 2764 3462 manifeste
2799 3402 3231 3475 redarguendas.

1953 3500 2171 3556 Placuit
2196 3508 2381 3553 autem
2407 3498 2758 3568 pientissimo
2792 3496 2913 3565 regi
2970 3500 3096 3563 post
3146 3492 3350 3546 multas
3382 3490 3480 3546 ad-

1883 3593 2246 3657 hortationes,
2267 3599 2329 3645 ut
2351 3591 2555 3661 singuli
2580 3590 2646 3643 ad
2676 3591 2897 3659 propria
2921 3588 3231 3650 redeamus,
3261 3585 3330 3639 ad
3349 3586 3475 3648 hoc,

1883 3694 1945 3739 ut
1970 3694 2025 3740 et
2056 3684 2343 3756 IEgyptius
2368 3692 2425 3737 et
2455 3683 2706 3737 Memnon
2732 3682 3049 3750 Ephesinus
3076 3680 3131 3750 in
3186 3680 3303 3734 suis
3340 3679 3479 3733 locis

1882 3784 2159 3831 maneant.
2194 3774 2286 3829 Sic
2309 3776 2457 3829 enim
2505 3774 2709 3843 poterit
2759 3772 3049 3844 Aigyptius
3079 3788 3272 3828 omnes
3305 3788 3483 3827 excae—

1882 3884 2009 3924 care
2039 3866 2368 3922 muneribus
2396 3866 2541 3931 suis;
2577 3865 2657 3919 sic
2688 3865 2858 3918 utille
2882 3864 3127 3934 Quidem,
3162 3879 3288 3918 cum
3316 3863 3480 3916 innu-

1880 3976 2032 4015 mera
2064 3960 2254 4013 fecerit
2278 3958 2440 4021 mala,
2475 3957 2542 4011 ad
2576 3958 2837 4010 thronum
2888 3971 3050 4009 suum
3082 3955 3306 4020 redeat;
3373 3955 3477 4009 iste

1881 4053 1966 4106 vir
1993 4052 2257 4106 innocens
2304 4051 2392 4103 vix
2448 4051 2515 4104 ad
2542 4066 2698 4103 suam
2761 4050 3106 4103 mansionem
3140 4048 3472 4102 dimittatur.

1949 4144 2180 4199 Omnem
2221 4160 2345 4214 quae
2408 4144 2698 4197 vobiscum
2771 4151 2875 4208 est,
2927 4142 3377 4205 fraternitatem,
3420 4150 3478 4194 et

1878 4248 2022 4301 nos,
2070 4240 2127 4288 et
2196 4232 2293 4303 qui
2342 4231 2635 4287 nobiscum
2686 4241 2857 4297 sunt,
2906 4232 3211 4303 plurimum
3269 4231 3477 4284 saluta-

1877 4339 2022 4379 IDUS.

1876 4437 2105 4493 CLXVI.
2131 4437 2405 4492 -—Prima
2448 4441 2632 4509 petitio
2658 4436 2771 4509 (Η)
2809 4437 3108 4508 legatorum
3132 4454 3196 4491 ex
3253 4435 3475 4493 Calche-

2196 4509 2331 4562 done
2362 4509 2473 4582 (45)
2510 4510 2582 4563 ad
2608 4512 2989 4581 imperatorem
3014 4510 3196 4563 missa.

1949 4622 2264 4694 Optandum
2286 4634 2407 4679 erat
2438 4623 2578 4695 (t6),
2611 4640 2681 4679 ne
2709 4642 2740 4679 a
2783 4624 3045 4695 quopiam
3080 4626 3191 4679 ullo
3247 4622 3383 4695 (Π),
3417 4624 3476 4678 in

1877 4713 2317 4783 expositionibus
2332 4715 2611 4782 absurdis,
2638 4732 2820 4771 sermo
2851 4716 3077 4786 pietatis
3126 4717 3455 4771 adulterare-

1878 4812 2001 4872 tur;
2032 4806 2267 4862 maxime
2300 4815 2507 4873 autem,
2533 4823 2603 4861 ne
2636 4809 2703 4863 ab
2729 4808 2817 4862 his
2837 4810 2930 4878 qui
2948 4809 3316 4863 sacerdotium
3337 4824 3475 4879 prte-

1876 4895 2257 4969 fecturamque
2284 4900 2659 4955 Ecclesiarum
2728 4901 2911 4955 sortiti
2939 4908 3068 4955 sunt
3098 4918 3111 4953 :
3143 4916 3283 4971 quos
3305 4943 3317 4965 ,
3372 4917 3475 4956 ne-

1878 4990 2085 5045 scimus
2106 4991 2406 5061 quomodo,
2436 4992 2769 5062 praesidendi
2806 4991 3081 5063 cupiditas
3109 5002 3165 5048 et
3220 4991 3473 5059 ambitio,

1948 5152 2059 5223 (4i)
2097 5154 2168 5209 Et
2204 5154 2356 5210 addit
2389 5154 2562 5209 Mans.

1946 5224 2056 5295 (t2)
2098 5224 2269 5295 Usque
2288 5226 2444 5280 abest
2466 5241 2497 5279 a
2520 5224 2693 5279 Mans.

1939 5294 2050 5365 (45)
2088 5293 2154 5365 Se
2181 5293 2338 5350 abest
2372 5312 2404 5350 a
2429 5295 2499 5349 Μ.

1946 5364 2057 5435 (Ml
2096 5364 2157 5418 In
2206 5365 2404 5420 iisdem
2459 5365 2596 5420 actis
2635 5372 2720 5420 est
2772 5381 2802 5420 a
2854 5365 3043 5420 Manso
3106 5365 3275 5431 edita,
3316 5366 3467 5432 LIV,

1871 5449 1924 5503 p.
1961 5435 2096 5506 ltili
2156 5450 2289 5506 seq.
2311 5436 2430 5491 Alia
2463 5435 2846 5505 interpretatio
2880 5437 2935 5491 in
2973 5435 3231 5506 Synodici
3266 5451 3317 5491 c.
3376 5436 3465 5503 52,

1871 5452 1924 5503 p.
1968 5452 2096 5489 um
2156 5452 2214 5490 se
2260 5452 2413 5490 .an:

1870 5520 1923 5573 p.
1952 5504 2056 5575 802
2089 5452 2413 5575 Μαλιέως.

1942 5574 2053 5648 (ξό)
2087 5574 2421 5648 Chalcedone
2447 5576 2620 5632 Mans.
2658 5576 2861 5648 Synod.

1945 5652 1959 5713 (
1978 5646 2056 5713 lli)
2086 5647 2144 5718 lu
2178 5647 2434 5703 eumdem
2462 5645 2927 5718 sensuanynod.
2986 5645 3227 5701 Votivum
3264 5648 3458 5717 fuerat.

1865 5714 2032 5767 Mans.
2076 5715 2349 5771 Oramlmn
2390 5725 2524 5771 erat.

1940 5786 2045 5854 (ξ’ἱ)
2085 5786 2223 5841 Alio.
2267 5788 2437 5843 Mans.
2480 5787 2682 5860 Synod.
