4086 6326
63 354 257 422 1469

1470 353 1837 416 EPISTOLA
1874 356 2148 417 CLXVII.

3269 344 3407 415 1470

56 474 539 532 Christianismi
596 474 918 544 doctrinas;
967 491 1149 546 neque
1212 485 1399 531 nostra
1451 489 1709 546 magnum
1739 476 1788 536 Α
1816 482 1900 529 tes
1952 475 2099 545 quod
2150 474 2377 545 paeitice
2435 450 2491 529 et
2537 473 2778 529 fraterne
2847 470 3182 543 quaestiones
3212 510 3230 535 ,
3285 487 3409 542 qua

59 567 338 637 aliquid
372 576 561 633 erunt,
588 569 750 624 nobis
786 567 1066 623 discordia
1110 565 1514 631 laborantibus,
1540 566 1717 620 nemi-

62 676 306 729 neque
344 660 648 716 exsistente
690 661 838 730 apud
882 661 1027 725 illos,
1068 660 1163 730 qui
1197 660 1466 731 dijudicet
1492 676 1507 725 ;
1534 673 1717 729 neque

64 752 241 819 quis
272 753 517 823 geminis
551 751 986 807 communicabit
1016 751 1204 807 verbis
1227 760 1284 806 et
1319 750 1715 816 sacramentis;

68 857 305 911 neque
334 851 487 897 certe
510 843 600 912 pie
621 858 653 896 a
696 842 865 898 tantis
895 844 1152 900 Patribus
1182 851 1239 898 et
1278 840 1721 899 incondemnatis

70 934 338 988 sanctis
368 932 661 987 desciscet.
706 931 815 988 Sed
864 950 1046 1005 neque
1087 934 1242 1004 regni
1286 932 1579 989 commoda
1617 932 1719 986 tri-

77 1020 353 1075 buenda
396 1029 563 1076 erunt
594 1022 703 1086 his,
738 1023 836 1091 qui
883 1022 1103 1079 diversa
1144 1022 1291 1077 inter
1332 1036 1391 1075 se
1429 1018 1717 1083 sentiunt;

76 1125 307 1181 neque
338 1126 545 1181 parvus
570 1111 698 1173 inde
732 1112 1009 1183 risus(68)
1038 1112 1262 1182 pietatis
1281 1111 1539 1167 hostibus
1573 1111 1722 1165 exci-

86 1200 380 1267 tabitur;
415 1209 472 1256 et
518 1201 810 1258 innumera
866 1202 973 1257 alia
1034 1202 1287 1273 maligna:
1347 1200 1722 1258 contentionis

86 1291 381 1361 ipsorum
409 1292 536 1361 quis
565 1293 911 1346 enumerarit
944 1292 1318 1346 noeumenta?

183 1380 254 1436 Si
288 1383 421 1451 quis
449 1389 636 1436 autem
660 1393 748 1437 est
798 1383 894 1452 qui
926 1382 1255 1452 parvifaciat
1289 1380 1600 1437 caelestium
1634 1397 1724 1435 ra-

91 1476 366 1541 tionem,
417 1477 545 1531 talis
581 1476 654 1531 sit
696 1476 888 1546 potius
922 1476 1243 1546 quicunque
1268 1474 1421 1547 01in],
1450 1490 1615 1579 qgiam
1653 1474 1722 1538 is,

90 1566 207 1622 cui
230 1583 460 1623 omnem
484 1568 639 1622 orbis
667 1575 997 1637 potestatem
1016 1567 1284 1622 Dominus
1304 1564 1723 1633 deditTUostrae

93 1667 313 1713 autem
353 1675 551 1729 preces
588 1669 739 1723 sunt,
770 1659 1120 1730 utjudicium
1154 1676 1183 1712 a
1218 1666 1309 1712 tua
1348 1659 1551 1728 pietate
1579 1659 1722 1713 acci—

94 1749 384 1817 piamus:
412 1761 656 1804 mentem
706 1751 853 1804 enim
906 1760 1058 1804 tuam
1098 1750 1166 1804 ad
1209 1758 1455 1805 exactam
1495 1765 1718 1815 eorum,

96 1857 246 1911 quae
282 1841 669 1911 inquiruntur,
694 1836 1251 1910 eomprehensidnem
1286 1841 1432 1897 Deus
1469 1841 1715 1897 inducet.

175 1933 449 1998 Demum,
503 1933 550 1987 si
594 1931 730 2002 quid
777 1947 928 1986 nunc
966 1931 1292 2002 prohiberet
1336 1932 1537 2003 (neque
1571 1931 1719 1987 enim

105 2031 237 2077 tuae
258 2022 487 2092 pietatis
505 2023 728 2094 negotia
756 2023 944 2078 omnia
969 2033 1100 2077 nota
1123 2038 1247 2078 esse
1274 2022 1554 2093 possunt),
1580 2024 1725 2093 peti-

101 2130 251 2170 mus
284 2130 317 2169 a
342 2121 438 2169 tua
463 2115 792 2180 serenitate,
818 2124 880 2169 ut
904 2114 973 2169 ad
1000 2116 1225 2185 propria
1248 2122 1370 2169 tuto
1394 2124 1450 2170 et
1485 2114 1723 2170 feliciter

104 2210 497 2281 commigrare
543 2208 706 2264 nobis
753 2209 937 2263 liceat.
990 2209 1127 2264 Nam
1178 2208 1431 2263 videmus
1469 2208 1723 2263 civitates

104 2300 290 2356 nobis
322 2301 649 2356 commissas
685 2316 753 2356 ex
785 2301 878 2356 tali
912 2317 1066 2356 mora
1105 2317 1221 2356 non
1251 2317 1449 2371 parum
1484 2301 1719 2366 otl‘endi,

110 2402 358 2463 propter
402 2407 520 2457 eos,
561 2393 657 2463 qui
692 2393 859 2449 etiam
917 2393 973 2448 in
1010 2394 1180 2449 rebus
1223 2394 1351 2464 piis,
1388 2404 1450 2449 ut
1476 2395 1720 2459 videtur,

111 2483 543 2539 contentionem
599 2492 895 2553 quarunt,
964 2485 1115 2539 nulla
1182 2485 1309 2541 inde
1359 2485 1722 2557 proveniente

112 2574 389 2630 utilitate.

110 2686 377 2743 CLXVII.
401 2717 471 2727 —
497 2688 681 2743 Altera
716 2687 1017 2740 earumdem
1070 2688 1253 2757 petitio
1285 2686 1397 2757 (69)
1432 2704 1459 2741 e
1502 2685 1723 2743 Calche-

230 2758 369 2824 done
408 2757 522 2828 (70)
572 2758 644 2811 ad
693 2757 1037 2811 Theodosium
1083 2758 1383 2828 Augustum
1428 2759 1613 2812 missa.

194 2847 588 2918 Saepenumero
622 2849 884 2918 pietatem
909 2858 1171 2913 vestram,
1203 2857 1260 2904 et
1286 2865 1388 2919 per
1411 2864 1515 2905 nos
1538 2849 1718 2921 ipsos,

118 2949 180 2993 et
216 2953 317 3009 per
351 2954 468 3003 eos,
495 2941 590 3008 qui
626 2954 657 2993 a
681 2939 843 2994 nobis
878 2938 1029 2993 missi
1056 2946 1206 3002 sunt,
1234 2939 1548 3003 docuimus,
1571 2938 1722 3009 quod

123 3038 297 3087 recta:
330 3030 457 3087 ﬁdei
490 3031 686 3102 dogma
710 3031 1056 3100 corruptioni
1089 3031 1391 3085 obnoxium
1430 3031 1718 3097 videatur,

1822 579 2000 633 nuper
2040 571 2243 619 exortae
2291 570 2457 627 sunt,
2514 561 2907 639 inquirantur;
2963 575 3158 615 verum
3200 573 3407 613 conve-

1820 655 2105 712 nientibus
2159 654 2419 709 omnibus
2480 653 2846 724 pientissimis
2896 651 3215 724 episcopis,
3267 649 3404 705 nihil

1820 747 2030 817 profuit
2054 748 2241 803 lectio.

1897 837 2109 911 1³η
2130 840 2296 895 Venit
2315 837 2520 895 nobilis
2543 838 2820 894 Palladius
2838 838 3249 909 Magistrianus,
3270 836 3409 891 alias

1820 940 2017 985 vestrae
2042 932 2346 1001 majestatis
2375 931 2587 986 litteras
2619 928 2878 995 aﬂ'erens,
2906 931 3167 986 docentes
3198 928 3409 984 rescin-

1820 1020 1999 1077 denda
2050 1037 2173 1077 esse
2222 1022 2407 1076 omnia
2468 1035 2591 1091 qua:
2650 1021 3063 1091 particulariter
3107 1018 3410 1075 constituta

1819 1111 2064 1177 fuerant,
2115 1119 2171 1167 et
2214 1112 2513 1167 concilium
2558 1110 2745 1165 denuo
2787 1113 3265 1182 congregandum,
3308 1124 3409 1163 ve-

1819 1218 2055 1273 rumque
2105 1202 2305 1274 dogma
2350 1203 2731 1259 sanciendum.
2778 1200 3170 1270 Contemptum
3194 1207 3278 1255 est
3309 1190 3427 1253 au-V

1818 1304 1933 1353 tem
1967 1305 2024 1352 et
2058 1297 2187 1361 hoc,
2216 1312 2370 1352 more
2404 1296 2589 1361 solito,
2634 1298 2786 1366 pium
2814 1302 3058 1350 vestrum
3090 1291 3409 1348 mandatum

1819 1390 1893 1448 ab
1922 1390 2033 1458 his,
2064 1390 2160 1461 qui
2196 1390 2383 1445 omnia
2417 1390 2642 1445 audent.

1892 1487 1910 1507 '
1942 1482 2183 1540 Advenit
2236 1498 2431 1538 rursus
2502 1479 3085 1554 magniﬁcentissimus
3154 1477 3413 1548 magister

1818 1576 2079 1640 Joannes,
2106 1574 2201 1646 qui
2236 1582 2371 1629 tunc
2393 1588 2579 1628 comes
2606 1572 2853 1627 omnium
2878 1570 3255 1642 largitionum,
3275 1566 3413 1620 alias

1822 1666 2023 1722 iterum
2054 1666 2295 1721 afl‘erens
2323 1666 2561 1729 litteras,
2596 1662 3151 1735 signiﬁcantes,quod
3176 1678 3207 1715 a
3228 1668 3411 1714 vestra

1821 1756 2108 1826 majestate
2143 1756 2310 1809 trium
2346 1754 2722 1825 depositiones
2764 1754 2999 1809 decreta
3034 1759 3183 1816 sunt,
3211 1749 3413 1805 tollen-

1822 1845 2002 1915 daque
2034 1862 2067 1901 e
2100 1844 2284 1901 medio
2306 1846 2531 1901 suborta
2550 1844 2905 1908 oﬂ‘endicula,
2929 1844 3213 1911 solamque
3247 1839 3411 1893 ﬁdem

1822 1938 1877 1991 in
1912 1938 2093 1993 Nicaea
2115 1937 2422 2008 expositam
2456 1952 2484 1991 a
2517 1936 2726 1991 sanctis
2752 1945 2809 1990 et
2841 1933 3019 1989 beatis
3047 1932 3324 1993 Patribus,
3343 1929 3413 1984 ab

1821 2026 2083 2082 omnibus
2118 2025 2574 2081 conﬁrmandam.
2616 2024 2964 2095 Transgressi
3021 2031 3171 2085 sunt,
3217 2028 3279 2075 ut
3320 2035 3413 2074 so-

1822 2120 1959 2183 lent,
1988 2128 2045 2175 et
2068 2119 2212 2175 hanc
2250 2119 2427 2190 legem
2454 2119 2516 2182 ii,
2562 2118 2658 2188 qui
2693 2116 2877 2172 omnia
2911 2132 3010 2188 pro
3039 2113 3282 2170 ludibrio
3317 2112 3415 2166 lia-

1822 2208 1976 2264 bent.
2586 2224 2591 2231 ‘

1887 2301 2183 2356 Enimvero
2212 2316 2316 2355 nec
2359 2307 2481 2371 post
2513 2298 2806 2354 lectionem
2863 2312 2895 2352 a
2951 2296 3146 2367 ereptis
3179 2293 3413 2350 destite-

1822 2401 1973 2455 runt,
2030 2401 2087 2447 et
2136 2391 2583 2446 communionem
2633 2389 2883 2444 habuere
2933 2402 3060 2442 eum
3121 2384 3412 2456 depositis.

1823 2483 2306 2552 memineruntque
2337 2481 2449 2553 (75)
2465 2496 2681 2546 eorum,
2711 2487 2971 2551 tanquam
2998 2478 3414 2549 episcoporum,

1820 2588 1934 2628 non
1967 2575 2353 2643 permittentes
2419 2582 2479 2628 ut
2530 2571 2771 2642 capitula
2808 2571 2933 2637 ista,
2976 2570 3035 2624 in
3071 2570 3336 2624 damnum
3360 2575 3418 2624 et

1823 2666 2238 2735 corruptionem
2296 2665 2400 2735 piae
2447 2664 2574 2719 ﬁdei
2632 2664 2903 2733 exposita,
2941 2661 3414 2731 exploderentur;

1825 2757 2042 2813 tametsi
2076 2773 2107 2812 a
2134 2756 2295 2813 nobis
2326 2757 2393 2812 ad
2427 2756 2762 2828 colloquium
2787 2756 2987 2826 sacpius
3013 2752 3269 2809 accersiti
3298 2751 3419 2807 fue-

1822 2845 1957 2899 rint.
2015 2845 2367 2901 Habebamus
2408 2846 2556 2900 enim
2597 2846 2660 2900 in
2710 2851 2968 2915 promptu
3026 2842 3415 2898 haereticorum

1824 2937 2197 3007 capitulorum
2228 2944 2575 3008 argumenta.

1896 3028 2107 3083 Horum
2141 3028 2305 3082 nobis
2341 3028 2497 3083 testis
2539 3034 2626 3081 est
2671 3023 3252 3097 magniﬁcentissimus
3292 3036 3416 3076 ma-

123 3127 185 3174 ot
214 3120 365 3190 quod
407 3120 444 3174 ii
486 3121 805 3191 discerpere
840 3121 1135 3176 videantur
1194 3121 1453 3176 Ecclesiae
1491 3137 1717 3193 corpus,
1747 3147 1790 3205 c
1823 3118 2130 3190 gister,qui
2149 3117 2314 3172 nobis
2346 3126 2401 3173 et
2430 3116 2540 3171 illis
2566 3117 2733 3172 tertio
2761 3132 2827 3172 ac
2852 3123 3052 3185 quarto
3073 3112 3413 3179 convocatis,

126 3210 225 3279 qui
254 3210 436 3264 omnia
470 3225 674 3279 susque
704 3208 883 3279 deque
914 3209 1122 3282 1341
1162 3208 1391 3274 faciunt,
1412 3221 1469 3266 et
1498 3227 1720 3267 omnem

129 3299 561 3355 ecclesiasticam
610 3298 1085 3363 constitutionem,
1135 3314 1466 3369 onmemque
1514 3302 1722 3371 regiam

127 3390 301 3459 legem
318 3391 662 3453 coneulcant,
673 3390 1040 3458 universaque
1052 3389 1213 3444 simul
1226 3390 1572 3447 confundunt
1586 3392 1637 3462 (7
1650 3394 1719 3463 l),

125 3492 193 3536 ut
231 3483 537 3553 expositam
586 3483 841 3538 haeresim
865 3497 898 3537 a
930 3481 1137 3555 Cyrillo
1175 3482 1550 3538 Alexandrino
1588 3499 1720 3537 cnn-

126 3574 372 3629 ﬁrment.

199 3664 334 3721 Nam
368 3664 465 3718 ubi
501 3663 613 3737 (72)
644 3680 675 3719 a
710 3676 891 3720 vestra
925 3664 1131 3733 pietate
1158 3665 1212 3719 in
1235 3666 1516 3735 Ephesum
1545 3669 1722 3722 vocati

128 3771 344 3822 sumus,
361 3757 429 3811 ad
456 3756 817 3826 inquirendas
837 3755 947 3827 (75)
963 3756 1317 3825 quaestiones,
1338 3772 1460 3827 qum
1482 3757 1721 3827 pullula-

130 3861 296 3915 runt,
346 3859 401 3904 et
444 3850 512 3904 ad
549 3847 983 3903 conﬁrmandam
1037 3848 1201 3905 ﬁdem
1251 3848 1629 3919 evangelicam
1667 3859 1723 3905 et

130 3941 489 4012 apostolicam
526 3956 557 3993 a
595 3940 803 3993 sanctis
834 3938 1093 3993 Patribus
1124 3938 1451 4007 expositam,
1476 3941 1721 3995 nondum

130 4032 389 4089 omnibus
434 4028 805 4101 prtesentibus
847 4029 1163 4083 convocatis
1207 4030 1502 4099 episcopis,
1547 4030 1585 4085 ii
1626 4032 1722 4100 qui

130 4122 463 4194 particulare
530 4118 828 4175 concilium
898 4120 1245 4185 habuerunt,
1300 4120 1555 4180 haeretica
1633 4121 1723 4176 illa

134 4214 333 4285 capita,
368 4227 492 4282 quae
530 4226 657 4266 cum
689 4210 829 4275 Arii,
880 4218 938 4265 et
989 4210 1268 4274 Eunomii,
1306 4218 1363 4265 et
1396 4210 1720 4280 Apollinarii

134 4304 412 4374 impietate
444 4300 807 4363 conveniunt,
844 4298 1067 4368 scriptis
1099 4298 1513 4354 commentariis
1554 4299 1721 4353 robo-

139 4402 345 4451 rarunt.
387 4394 459 4457 Et
510 4391 649 4446 alios
696 4390 919 4460 quidem
969 4389 1346 4460 deceperunt;
1403 4390 1543 4445 alios
1588 4406 1722 4445 vero

1821 3219 1879 3266 et
1916 3210 2034 3265 haec
2056 3225 2159 3264 nec
2183 3209 2527 3279 praetendere
2550 3208 2782 3273 audens,
2816 3216 3046 3278 prepter
3081 3206 3305 3260 illorum
3330 3204 3415 3260 in-

1822 3300 2215 3365 obedientiam,
2252 3315 2435 3370 operae
2453 3299 2693 3370 pretium
2716 3298 2873 3353 duxit
2910 3297 3142 3367 posthac
3174 3296 3283 3351 huc
3314 3310 3414 3352 nos

1821 3406 2045 3447 vocare.

1894 3484 2235 3539 Advenimus
2266 3482 2405 3539 nihil
2452 3490 2737 3547 remorati,
2778 3498 2881 3537 nec
2912 3482 3247 3553 quievimus,
3282 3496 3410 3535 cum

1822 3574 1932 3629 huc
1965 3576 2318 3644 pervenimus
2348 3572 2483 3647 (76),
2521 3582 2574 3629 et
2606 3574 2752 3644 apud
2772 3583 3010 3629 vestram
3034 3574 3316 3643 pietatem,
3358 3580 3416 3628 et

1822 3667 1967 3734 apud
2009 3667 2223 3721 illustre
2282 3666 2671 3721 consistorium
2700 3708 2713 3729 .
2768 3667 3160 3729 obsecrantes,
3203 3674 3266 3720 ut
3308 3664 3412 3734 ipsi

1822 3766 2103 3814 certamen
2130 3757 2237 3811 hoc
2272 3772 2372 3826 pro
2402 3758 2663 3827 capitulis
2695 3759 3065 3828 susciperent,
3100 3774 3165 3813 ac
3202 3758 3260 3813 in
3296 3758 3413 3815 col-

1823 3848 2071 3917 loquium
2119 3845 2394 3910 venirent,
2444 3847 2527 3901 vel
2576 3862 2642 3900 ea
2688 3855 2948 3917 tanquam
2985 3847 3160 3902 aliena
3194 3863 3225 3901 a
3259 3856 3412 3901 recta

1823 3938 1930 3992 fide
1966 3936 2652 4007 exploderent,manentcs
2677 3938 2734 3991 in
2759 3938 2872 3992 sola
2898 3936 3245 4006 expositione
3285 3936 3414 3991 [ldei

1824 4026 2113 4081 beatorum
2146 4026 2389 4089 Patrum,
2425 4028 2519 4097 qui
2557 4026 2612 4079 in
2648 4026 2828 4082 Nicaea
2865 4034 3244 4083 convenerunt
3271 4023 3407 4097 (77).

1893 4118 1962 4172 Et
1988 4117 2046 4172 bi
2076 4117 2301 4188 quidem
2331 4119 2471 4173 nihil
2498 4120 2696 4173 horum
2737 4118 2917 4173 facere
2944 4120 3273 4184 voluerunt;
3312 4119 3409 4173 sed

1824 4217 2112 4266 manentes
2156 4210 2211 4265 in
2252 4209 2510 4265 haeretica
2558 4212 2937 4276 contentione,
2992 4210 3250 4281 permissi
3283 4219 3413 4265 sunt

1821 4299 2084 4354 ecclesias
2107 4299 2483 4370 (frequentare,
2511 4309 2568 4354 et
2589 4301 2899 4356 sacerdotio
2926 4300 3077 4370 fungi
3109 4317 3123 4354 :
3153 4316 3255 4354 nos
3274 4314 3411 4355 vero

1825 4393 2013 4463 synaxi
2054 4390 2306 4447 destituti
2350 4392 2655 4446 mansimus
2684 4400 2863 4447 tanto
2929 4400 3198 4461 tempore,
3243 4398 3299 4445 et
3355 4391 3411 4445 in

141 4494 483 4547 terruerunt;
538 4484 677 4538 alios
729 4490 915 4537 autem
966 4480 1035 4535 de
1072 4481 1271 4537 haeresi
1327 4492 1614 4537 accusatos
1655 4483 1711 4537 in
1748 4494 1788 4547 ι)
1818 4486 2118 4555 Epheso,et
2151 4483 2244 4537 hic
2278 4481 2390 4555 (78)
2426 4498 2576 4538 nunc
2599 4501 2613 4548 ;
2637 4482 3040 4553 innumeraque
3075 4482 3323 4553 pericula
3354 4490 3413 4537 et

142 4577 571 4635 communionem
609 4581 1000 4643 susceperunt,
1033 4580 1090 4626 et
1120 4572 1263 4638 aliis,
1296 4573 1390 4642 qui
1425 4588 1537 4629 non
1570 4588 1724 4628 com-

141 4667 509 4731 municabant,
540 4664 885 4727 mercedem,
924 4671 984 4718 ut
1031 4664 1525 4730 communicarent,
1557 4665 1725 4721 dede-

146 4768 300 4825 .unt;
327 4759 465 4813 alios
496 4757 718 4812 demum
745 4769 842 4824 spe
878 4754 1154 4808 honorum
1180 4752 1315 4824 (74),
1343 4755 1549 4825 quibus
1575 4755 1722 4810 indi-

146 4851 235 4921 gni
273 4850 449 4912 'erant,
491 4848 908 4903 accenderunt:
941 4855 999 4901 et
1034 4845 1109 4901 ita
1152 4845 1257 4902 sibi
1302 4848 1717 4904 multitudinem

146 4945 558 5011 eongregarunt,
601 4936 756 5008 quasi
802 4936 1151 5001 nescientes,
1195 4936 1344 5006 quod
1380 4936 1526 5008 piam
1581 4939 1713 4994 reli-

149 5034 351 5105 gionem
384 5047 497 5086 non
529 5030 853 5094 multitudo,
888 5028 987 5095 sed
1020 5028 1224 5083 veritas
1250 5028 1512 5085 ostendit.

218 5125 403 5177 lterum
425 5122 581 5176 lecta:
599 5127 730 5175 sunt
762 5126 957 5174 vestrae
992 5117 1218 5187 pietatis
1249 5119 1448 5175 litterae
1476 5136 1576 5189 per
1601 5135 1714 5175 ma-

153 5214 645 5289 gniﬁcentissimum
668 5211 928 5268 comitem
956 5209 1380 5275 Candidianum,
1397 5211 1713 5283 signiﬁcan-

239 5349 317 5417 68)
350 5349 477 5405 Usus
495 5348 668 5403 Mansi
692 5348 747 5401 in
772 5355 945 5417 textu,
973 5346 1326 5417 inmargine,
1354 5363 1532 5403 ausus.

240 5415 317 5491 69)
338 5420 433 5474 Est
492 5419 529 5491 l.
582 5416 820 5491 c._apud
881 5415 1134 5491 hlansit._
1167 5416 1255 5483 IV,
1289 5432 1343 5487 p.
1385 5418 1523 5473 140⁸5
1562 5438 1705 5491 scq.,

153 5486 336 5547 exalia
364 5489 620 5559 versione
652 5486 948 5559 in:_Synod.
981 5503 1027 5539 (ξ.
1072 5486 1161 5540 54.

240 5559 317 5625 70)
348 5557 677 5613 Chalcedone
706 5556 777 5610 Μ.

242 5628 315 5697 71)
353 5627 711 5697 Confuderuut
744 5626 912 5681 Mans.

222 5696 316 5761 (72)
344 5696 405 5751 Ut
441 5698 609 5752 Mans.

222 5764 318 5838 (75)
354 5765 730 5838 Inquirendtmt
766 5765 929 5819 Mans.

1823 4569 1936 4629 illic
1969 4585 2027 4629 et
2080 4573 2172 4627 hic
2206 4574 2539 4644 pertulimus
2573 4592 2586 4628 :
2642 4582 2699 4629 et
2737 4589 2863 4628 cum
2903 4572 3303 4645 lapidaremur,
3352 4580 3411 4627 et

1820 4674 2034 4719 tantum
2055 4679 2165 4719 non
2192 4663 2558 4734 perderemur
2583 4680 2614 4719 a
2651 4666 2846 4727 servis,
2874 4665 3276 4720 monachorum
3307 4655 3409 4719 In-
3510 4692 3515 4697 -

1820 4758 1939 4813 bitu
1964 4756 2194 4822 indutis,
2222 4758 2353 4813 boni
2383 4757 2787 4824 eonsuluimus,
2820 4766 3012 4829 utpote
3055 4773 3158 4829 pro
3203 4757 3412 4829 pietate

1821 4849 1948 4903 talia
1976 4848 2216 4903 libenter
2250 4848 2615 4918 perferentes.

1894 4940 2022 4995 Post
2062 4940 2178 4995 hac
2212 4941 2393 4995 visum
2433 4950 2521 4995 est
2563 4950 2761 4995 vestrae
2793 4941 3087 5010 maiestati,
3119 4949 3180 4995 ut
3205 4941 3411 4995 iterum

1820 5045 1921 5085 nos
1954 5047 2019 5087 ae
2051 5031 2131 5086 illi
2156 5039 2679 5096 eonvocaremunut
2712 5030 2823 5103 (79)
2846 5032 2915 5086 ad
2938 5030 3267 5100 inquirenda
3300 5029 3406 5085 do-

1820 5133 2002 5194 gmata
2026 5123 2413 5179 inobedientes
2434 5123 2918 5194 compellerentur.
2942 5123 3070 5178 Haec
3097 5130 3155 5177 ut
3186 5120 3405 5184 flerent,

1820 5214 1983 5269 nobis
2027 5215 2497 5285 exspectantibus,
2552 5222 2737 5270 vestra
2787 5215 2964 5284 pietas
3016 5214 3073 5268 in
3122 5213 3406 5274 civitatem

1891 5348 2001 5420 (74)
2044 5350 2272 5405 Honoris
2300 5348 2709 5420 babebatvulg.
2748 5356 2946 5403 textus.

1892 5420 2002 5484 (75)
2034 5421 2098 5474 Et
2130 5422 2477 5475 meminerunt
2498 5420 2668 5474 Mans.

1890 5484 2002 5559 (76)
2056 5489 2383 5545 Donec-huc
2440 5492 2826 5559 perveniremus
2876 5487 3046 5541 Mans.
3071 5484 3177 5559 Sed
3230 5484 3406 5541 Gam.

1814 5556 2167 5616 lec'tio'etiam
2197 5576 2322 5615 cum
2354 5556 2625 5630 Synodico
2658 5558 2830 5629 magis
2862 5556 3154 5613 consentit.

1890 5631 2000 5699 (77)
2032 5630 2397 5685 Convenerant
2420 5631 2589 5683 Mans.

1893 5698 2003 5767 (78)
2040 5700 2136 5753 Hic
2165 5700 2321 5755 abest
2353 5718 2381 5755 a
2412 5698 2582 5754 Mans.

1894 5758 2004 5841 (79)
2038 5770 2105 5823 Et
2134 5770 2283 5825 addit
2308 5772 2475 5825 Mans.

3439 4828 3467 4855 1
