4086 6326
744 284 877 352 M71

1741 299 2225 363 THEODORETI
2264 304 2603 368 EPISCOPI
2641 309 3006 373 CYRENSIS

3856 320 3962 386 11.72

741 396 987 468 profecta
1019 406 1123 465 est,
1147 408 1203 455 et
1233 415 1329 457 eos
1353 402 1597 472 quidem,
1623 406 1716 476 qui
1747 406 1815 461 de
1853 408 2048 463 heresi
2091 426 2313 465 accusa-
2341 417 2382 471 Α
2417 412 2568 469 tinue
2590 416 2659 470 ab
2682 432 2749 471 eo
2776 416 2888 485 die,
2924 435 3034 488 quo
3082 420 3358 490 Ephesum
3396 424 3780 493 pervenimus,
3818 443 3964 499 usque

740 486 967 555 bantur,
1021 500 1077 544 et
1114 503 1339 562 propter
1366 495 1491 561 hoc,
1528 498 1663 553 alios
1713 516 1781 554 ex
1828 500 1916 556 his
1952 502 2233 571 depositas
2278 520 2308 558 a

738 579 925 643 nobis,
953 580 1087 635 alios
1119 597 1249 638 vero
1281 588 1800 655 excommunicatos,
1824 603 1880 645 et
1915 591 2114 648 deinde
2146 610 2311 649 cano-

736 668 882 722 nicis
927 671 1106 739 poenis
1159 673 1568 743 subjiciendus;
1630 683 1887 750 praecepit
1942 685 1996 737 in
2029 686 2306 741 civitatem

733 760 941 826 venire,
959 763 1265 819 sacerdotio
1286 764 1437 836 fungi
1456 778 1510 823 et
1534 770 1792 826 ordinare
1817 773 1927 844 (80)
1952 816 1962 828 .
2005 776 2115 831 Nos
2147 792 2300 842 vero,

736 850 832 916 qui
887 866 989 921 pro
1038 855 1242 922 pietate
1294 866 1506 912 tantum
1550 870 1825 917 certamen
1850 868 2210 937 suscepimus,
2248 878 2304 923 et

730 952 833 1006 pro
855 942 1019 997 rectis
1038 942 1385 1015 dogmatibus
1415 950 1627 1005 nullum
1661 968 1772 1007 non
1804 956 2108 1024 periculum
2134 962 2301 1015 susti-

732 1030 977 1093 nuimus,
1022 1048 1200 1103 neque
1237 1036 1444 1107 ingredi
1472 1040 1525 1093 in
1552 1042 1828 1098 civitatem
1854 1048 2038 1117 jussit,
2072 1059 2132 1107 ut
2172 1050 2299 1106 ﬁdei

730 1120 1096 1189 periclitantis
1130 1129 1406 1198 negotium
1432 1147 1734 1202 ageremus,
1765 1145 1819 1190 et
1851 1154 1952 1206 pro
1993 1140 2157 1195 rectis
2194 1141 2296 1197 do-

725 1211 1000 1279 gmatibus
1052 1230 1392 1286 urgeremus,
1431 1239 1608 1292 neque
1634 1227 1701 1281 ad
1749 1230 1966 1298 pr0pria
1999 1232 2295 1302 remigrare

724 1302 1013 1367 permisit;
1052 1306 1147 1360 sed
1173 1322 1363 1365 sumus
1398 1312 1453 1366 in
1482 1313 1828 1372 Calchedone
1862 1320 1974 1391 (81)
2007 1322 2211 1395 tristes,
2238 1331 2295 1379 et

725 1405 1012 1461 gementes
1034 1397 1089 1450 in
1111 1398 1377 1467 Ecclesia,
1401 1418 1523 1471 qua:
1555 1416 1845 1463 exercetur
1871 1410 2183 1467 schismate.

794 1472 1003 1537 Idcirco
1026 1488 1119 1554 qui
1141 1489 1352 1546 nullum
1387 1509 1707 1564 responsum
1741 1499 2073 1565 obtinemus,
2104 1518 2293 1560 neces-

719 1567 925 1623 sarium
956 1570 1210 1629 duximus
1265 1586 1324 1631 ut
1352 1585 1713 1649 praesentibus
1742 1587 1940 1643 litteris
1967 1590 2289 1650 doceremus

718 1663 956 1711 vestram
996 1660 1277 1731 pietatem,
1320 1682 1502 1722 coram
1544 1671 1656 1727 Deo
1706 1682 1761 1726 et
1798 1674 2017 1732 Christo
2053 1678 2173 1749 ipso
2222 1696 2287 1737 ac

2412 501 2467 555 in
2498 503 2845 561 hodiernum.

2483 592 2868 650 Verumtamen
2905 608 2965 653 ut
2993 599 3236 664 videtur,
3277 602 3412 656 nihil
3455 604 3625 659 nobis
3679 608 3888 676 profuit
3922 608 3966 663 in

2406 677 2513 733 hoc
2542 684 2745 737 saeculo
2778 686 3046 741 modestia
3076 700 3296 756 nostra;
3328 692 3437 746 imo
3458 694 3633 748 etiam
3667 697 3964 764 plurimam,

2407 775 2467 821 ut
2499 771 2771 837 videmus,
2818 776 3015 830 obfuit.
3058 779 3193 834 Nam
3241 798 3344 836 nos
3380 783 3635 852 quidem,
3663 787 3863 855 quisic
3888 805 3969 843 nus

2402 855 2739 927 habuimus,
2786 867 2803 886 '
2846 881 3019 935 usque
3075 868 3129 922 in
3184 883 3511 940 praesentem
3563 875 3721 930 diem
3763 878 3968 934 Caldu-

2402 946 2546 1003 done
2574 951 2785 1008 detenti
2830 970 3023 1011 sumus
3050 958 3186 1029 (85),
3236 978 3382 1017 nunc
3421 975 3615 1019 autem
3656 967 3727 1020 ad
3768 972 3966 1039 propria

2400 1037 2754 1098 dimittimur.
2797 1046 2863 1099 lli
2878 1062 3030 1113 vero,
3061 1050 3156 1118 qui
3184 1052 3366 1106 omnia
3391 1037 3967 1119 confuderuntxt—or-

2397 1129 2522 1186 bem
2566 1137 2743 1191 turbis
2794 1140 3183 1209 impleverunt,
3238 1155 3293 1199 et
3337 1146 3626 1203 Ecclesias
3670 1151 3967 1223 discerpere

2397 1225 2758 1291 contendunt,
2801 1238 2858 1283 et
2889 1232 3149 1299 pietatem
3192 1237 3486 1294 manifeste
3514 1252 3871 1313 oppugnant,
3904 1263 3967 1300 sa-

2395 1314 2642 1371 cerdotio
2678 1317 3005 1391 funguntur,
3052 1325 3312 1381 ecclesias
3356 1342 3747 1401 congregant,
3797 1344 3879 1398 et,
3918 1348 3965 1389 ut

2392 1412 2618 1473 putant,
2663 1412 3052 1468 auctoritatem
3088 1416 3380 1473 ordinandi
3422 1420 3671 1488 habent,
3719 1425 3965 1481 nimiru-

2392 1489 2585 1549 illicite
2608 1495 2680 1550 ab
2708 1497 2818 1553 illis
2840 1502 3108 1569 petitam;
3140 1505 3439 1562 seditiones
3471 1510 3531 1563 in
3552 1511 3812 1568 Ecclesia
3841 1520 3966 1571 exci-

2390 1590 2510 1637 tant
2539 1602 2554 1651 ;
2593 1602 2718 1657 quae
2747 1591 3107 1660 expendenda
3142 1594 3198 1649 in
3218 1611 3352 1652 usus
3398 1614 3743 1669 pauperum,
3772 1604 3831 1659 in
3857 1621 3964 1661 suos

2392 1673 2681 1732 insumunt
2705 1681 2929 1736 milites.

718 1754 908 1799 sancto
942 1746 1169 1817 Spiritu,
1206 1755 1350 1822 quod
1378 1758 1421 1811 si
1455 1759 1579 1827 quis
1602 1761 1887 1819 ordinatus
1912 1746 2283 1838 fuerit'(ante-
2317 1754 2358 1809 Β
2456 1764 2729 1823 (laterum
2759 1787 2869 1827 non
2906 1773 3128 1829 ίιιοΐιιω
3154 1785 3392 1843 tantum.
3430 1780 3530 1835 56d
3558 1792 3621 1837 ει
3658 1794 3854 1840 noster
3882 1803 3961 1842 Nl

715 1847 879 1902 quam
907 1837 1276 1897 discutiantur
1301 1857 1451 1902 recta
1489 1850 1763 1922 dogmata)
1802 1854 1871 1908 ab
1920 1856 2007 1909 his
2042 1860 2134 1926 qui
2170 1859 2283 1914 hae-

713 1925 883 1979 retica
907 1930 1170 1996 sentiunt,
1206 1950 1431 1994 necesse
1462 1941 1533 1993 sit
1593 1950 1653 1996 ut
1706 1950 1819 1998 tota
1866 1944 2108 2001 Ecclesia
2136 1951 2281 2003 scin-

711 2012 915 2079 datur,
959 2029 1067 2073 tam
1107 2023 1295 2087 dero.
1343 2044 1507 2093 quam
1558 2032 1811 2101 plebibus
1862 2036 2279 2094 dissidentibus.

708 2104 905 2162 Nullus
979 2113 1128 2165 enim
1185 2116 1401 2183 piorum
1460 2120 1600 2176 feret
1660 2124 1915 2180 haeretica
1974 2128 2281 2185 colentibus

708 2199 1148 2256 communionem
1193 2205 1334 2270 dari,
1370 2210 1760 2282 propriamque
1790 2216 2021 2271 salutem
2063 2220 2279 2274 annihi—

707 2283 831 2339 lari.
1104 2316 1105 2319 η

780 2373 881 2428 Ubi
930 2385 1112 2431 autem
1169 2378 1305 2444 haec,
1353 2399 1475 2452 quae
1526 2385 1709 2442 futura
1762 2398 1918 2457 sunt,
1958 2396 2275 2459 evenerint,

706 2466 839 2514 tunc
876 2460 987 2531 (82)
1009 2474 1190 2519 vestra
1223 2469 1398 2537 pietas
1424 2482 1623 2541 praeter
1655 2492 1809 2531 suam
1843 2488 2081 2534 mentem
2114 2499 2277 2553 agere

704 2559 949 2618 cogetur.
982 2553 1116 2607 Nam
1151 2565 1207 2609 et
1239 2558 1476 2614 schisma
1509 2572 1707 2631 praeter
1755 2570 2082 2622 sententiam
2123 2572 2275 2626 inva-

703 2639 892 2705 lescet,
918 2649 973 2695 et
1006 2658 1122 2705 eos,
1154 2646 1246 2715 qui
1280 2662 1380 2716 pro
1413 2652 1614 2718 pietate
1645 2663 1876 2721 certant,
1904 2659 2269 2726 contristabit,

700 2742 811 2782 non
846 2730 1103 2796 ferentes,
1131 2744 1193 2789 ut
1234 2752 1345 2791 suae
1390 2740 1587 2795 animae
1626 2753 1873 2811 pereant.
1923 2755 1978 2800 et
2020 2759 2274 2806 constent

700 2822 1061 2876 contentiosis
1112 2824 1321 2897 1353
1367 2829 1533 2899 impia
1588 2831 1774 2903 Cyrilli
1833 2835 2106 2906 dogmata,
2150 2856 2272 2910 qua:

695 2907 999 2977 justiﬁcare
1026 2912 1237 2968 volunt.

768 2999 922 3054 Multi
960 3012 1169 3069 autem,
1192 3008 1285 3076 qui
1308 3010 1496 3077 pietati
1525 3012 1765 3080 student,
1800 3015 1987 3088 Cyrilli
2014 3019 2266 3092 dogmata

696 3089 912 3147 admitti
939 3110 1045 3148 non
1070 3096 1251 3151 sinent
1276 3116 1289 3151 :
1310 3116 1487 3169 neque
1510 3118 1639 3156 vero
1665 3105 1929 3172 sinemus,
1952 3112 2047 3179 qui
2076 3128 2267 3169 sumus
2296 3084 2337 3142 Ο

691 3192 889 3237 omnes
917 3198 1017 3240 nos
1038 3201 1103 3239 ex
1139 3186 1401 3242 Orientali
1430 3191 1676 3258 dioecesi,
1717 3205 1914 3254 vestrae
1946 3203 2262 3270 provinciae,

688 3285 763 3327 ex
792 3272 1015 3329 dioecesi
1042 3276 1221 3335 Ponti.
1243 3287 1299 3332 et
1323 3279 1482 3343 Asiae,
1502 3293 1558 3336 et
1582 3283 1848 3350 Thraciae,
1876 3299 1931 3343 et
1965 3290 2189 3361 Illyrici,
2208 3302 2265 3348 et

693 3364 997 3429 ltaliarum,
1040 3368 1133 3435 qui
1185 3378 1241 3423 et
1282 3378 1477 3426 vestra:
1510 3374 1698 3441 pietati
1723 3377 1924 3433 librum
1959 3381 2261 3441 beatissimi

689 3452 969 3506 Ambrosii
1014 3456 1284 3510 miserunt
1333 3458 1466 3530 (83),
1517 3464 1745 3519 adversa
1785 3469 2077 3537 pullulanti
2132 3475 2264 3532 huic

694 3541 1069 3607 superstitioni
1111 3545 1419 3602 docentem.

763 3627 1107 3699 Quapropter
1129 3649 1195 3687 ne
1226 3634 1330 3689 hoc
1351 3638 1587 3699 eveniat.
1613 3648 1669 3694 et
1688 3650 1869 3697 vestra
1894 3647 2071 3714 pietas
2089 3654 2262 3723 magis

692 3721 1074 3787 conturbetur,
1117 3725 1516 3794 supplicamus,
1543 3746 1855 3799 precamur.
1886 3738 2257 3809 obsecramus,

692 3816 755 3861 ut
794 3810 994 3874 edicat,
1015 3828 1085 3867 ne
1120 3816 1393 3871 ordinatio
1416 3829 1573 3874 antea
1602 3822 1713 3886 ﬁat,
1748 3825 1923 3881 donec
1953 3832 2259 3891 orthodoxa

698 3895 835 3949 ﬁdes
862 3898 1150 3964 formetur,
1172 3914 1396 3974 pmpter
1425 3923 1587 3975 quam
1632 3927 1733 3966 nos
1762 3922 2116 3989 congregavit
2165 3941 2259 3980 ve-

691 3993 821 4048 stra,
849 4002 970 4055 quze
993 3989 1269 4045 Christum
1311 4005 1475 4061 amat,
1522 4000 1808 4057 celsitudo.

687 4115 1214 4213 CI.XVlII.-—-Tfrtja
1251 4129 1549 4213 earumdem
1586 4135 1871 4213 postulatio
1922 4140 2033 4213 (84)
2068 4160 2096 4196 e
2124 4143 2255 4201 Cal-

1044 4194 1270 4247 chedona
1301 4198 1369 4248 ad
1396 4194 1736 4270 impcrdtores
1769 4194 1946 4262 missa:

755 4298 873 4352 Non
896 4301 1044 4356 hunc
1069 4316 1325 4360 eventum
1348 4312 1664 4367 sortituram
1686 4329 1879 4373 vestra:
1914 4322 2136 4390 pietatis
2161 4344 2255 4382 ex-

685 4391 1064 4457 spectabamus
1112 4397 1483 4453 evocationem

685 4494 892 4544 sumus,
923 4490 1182 4553 tanquam
1217 4491 1528 4546 sacerdotes
1557 4509 1585 4546 a
1619 4510 1837 4565 rege,et
1861 4506 2037 4557 vocati
2061 4522 2250 4564 sumus

683 4570 750 4623 ad
788 4573 1215 4630 confirmandam
1250 4591 1563 4636 sanctorum
1608 4586 1830 4642 Patrum
1878 4591 2079 4651 ﬁdem:
2117 4614 2249 4667 pro-

682 4668 866 4727 pterea
894 4664 1078 4727 etiam,
1113 4675 1368 4737 tanquam
1410 4672 1504 4741 pio
1551 4677 1663 4745 regi
1700 4679 1994 4747 obedituri,
2028 4664 2251 4744 adveni-

679 4762 821 4802 mus.
860 4750 961 4804 Ubi
984 4763 1163 4809 autem
1185 4759 1457 4823 venimus,
1503 4778 1680 4833 neque
1726 4767 2023 4827 Ecclesium
2060 4778 2245 4833 minus

676 4842 850 4895 secuti
893 4859 1101 4910 sumus,
1142 4864 1320 4917 neque
1367 4852 1578 4925 1344
1621 4865 1861 4913 vestrum
1911 4870 2245 4937 contempsi-

674 4944 797 4983 mus
823 4931 1094 5001 edictum;
1126 4938 1219 4991 sed
1255 4950 1466 4996 vestros
1493 4956 1661 5000 nutus
1696 4952 1868 5005 secuti
1898 4969 2087 5014 sumus
2111 4975 2241 5015 con-

742 5083 992 5140 "ITim.
1023 5104 1095 5153 v1,
1127 5090 1209 5145 l5.
1290 5093 1335 5124 ⁸³
1374 5092 1575 5152 Ezech.
1606 5116 1684 5165 lli,
1722 5104 1809 5157 18.

741 5238 852 5309 (80)
895 5239 1049 5329 Ut‘fn
1079 5260 1124 5297 c.
1164 5248 1421 5313 venirent,
1469 5253 1673 5307 sacerd.
1707 5256 2051 5329 fungerentur
2081 5275 2129 5319 et
2151 5282 2240 5320 or-

666 5307 928 5362 dinarent.
964 5311 1032 5365 M.

742 5377 854 5511 (81)
887 5378 1131 5435 Chalced.
1156 5384 1324 5439 Mans.

766 5445 852 5511 82)
884 5448 975 5501 Ubi
1004 5469 1054 5504 a.
1086 5455 1194 5506 lucc
1224 5456 1324 5511 fuit

766 5445 855 5585 82;
884 5448 975 5501 Ubi
1004 5469 1054 5504 a.
1086 5455 1194 5506 lucc
1223 5456 1401 5524 futura
1430 5468 1571 5522 sunt,
1610 5470 1751 5526 tunc,
1778 5475 1882 5521 etc.
1917 5471 1985 5525 Μ.

768 5516 833 5569 83
918 5518 985 5570 Et
1013 5538 1188 5577 omnes
1231 5540 1341 5585 nos.
1406 5530 1494 5585 qui
1546 5547 1608 5583 ea:
1656 5536 1903 5585 orientali
1952 5542 1985 5585 Α

745 5516 855 5585 (83)
918 5518 985 5570 Et
1013 5538 1188 5599 omnes
1223 5516 1345 5599 nos,
1406 5530 1494 5596 qui
1546 5516 1608 5583 ea:
1656 5516 2153 5599 orientali-bimari
2187 5554 2236 5599 et

671 5594 852 5668 ecetra;
882 5593 1179 5668 prouinciae,
1208 5610 1268 5668 ex
1296 5593 1497 5668 dioecesi
1533 5599 1687 5654 Pont.
1724 5615 1771 5657 et
1814 5608 1900 5661 As.
1950 5619 1999 5661 rt

675 5653 761 5707 HI.
795 5665 843 5709 ιε
872 5653 1176 5729 "aliarum,
1206 5663 1389 5734 (Σίν-ἰΙῆ
1424 5666 1596 5737 dogm.
1639 5653 1780 5728 adiit.
1814 5653 2120 5749 obsidenti.

2385 1868 2464 1908 es.
2501 1855 2623 1911 Non
2656 1862 2803 1914 enim
2831 1878 2998 1932 parva
3026 1867 3207 1933 portio
3242 1872 3391 1938 regni
3418 1871 3501 1923 tui
3538 1880 3630 1925 est
3674 1873 3891 1942 Oriens,
3918 1880 3962 1931 in

2383 1958 2494 2013 quo
2522 1962 2740 2019 semper
2767 1962 2916 2008 recta
2950 1955 3084 2009 ﬁdes
3105 1957 3338 2023 refulsit,
3380 1968 3436 2013 et
3473 1976 3607 2015 cum
3655 1964 3768 2019 hoc
3813 1971 3961 2022 etiam

2380 2036 2502 2091 alia:
2542 2042 2837 2108 provinciae
2883 2052 2940 2099 et
2971 2044 3275 2113 dimceses,
3337 2065 3370 2104 e
3408 2052 3622 2120 quibus
3665 2061 3959 2129 congregati

2380 2124 2606 2184 fuimus.

2449 2220 2689 2278 Proinde
2720 2240 2791 2309 ne
2822 2226 3091 2297 despiciat
3129 2240 3311 2286 vestra
3336 2236 3601 2304 majestas
3636 2238 3829 2303 ﬁdem.
3854 2256 3959 2309 qua

2378 2304 2743 2378 adulteratur,
2785 2316 2842 2369 in
2882 2333 3044 2386 quam
3074 2327 3130 2372 et
3159 2336 3259 2375 vos
3295 2322 3562 2392 baptizati
3600 2330 3765 2386 estis.
3800 2340 3854 2385 et
3877 2348 3957 2384 ve-

2378 2400 2478 2454 stri
2514 2405 2934 2473 progenitores;
2994 2410 3048 2462 in
3098 2426 3262 2480 quam
3308 2414 3569 2471 Ecclesiae
3608 2419 3955 2476 fundamenta

2376 2501 2505 2545 sunt
2532 2494 2711 2562 jacta;
2748 2505 2975 2566 propter
3012 2515 3177 2569 quam
3207 2505 3544 2559 sanctissimi
3582 2520 3864 2581 martyres
3886 2513 3957 2565 in-

2374 2593 2601 2635 numera
2631 2585 2828 2639 mortis
2858 2601 3059 2654 genera
3083 2604 3207 2642 cum
3246 2593 3534 2661 voluptate
3561 2612 3951 2668 susceperunt;

2374 2681 2499 2721 cum
2534 2685 2641 2738 qua
2672 2680 2729 2726 et
2752 2672 3021 2729 Barbaros
3040 2678 3272 2744 vicistis,
3299 2691 3355 2736 et
3386 2693 3660 2754 tyrannos
3689 2690 3953 2745 destruxi-

2373 2758 2510 2824 stis;
2540 2776 2647 2829 qua
2680 2771 2735 2817 et
2760 2780 2911 2819 nunc
2941 2770 3081 2836 opus
3109 2770 3326 2827 habetis
3369 2774 3427 2827 in
3457 2775 3635 2840 bello,
3664 2796 3781 2849 quo
3827 2784 3953 2837 Afri-

2374 2860 2490 2899 cam
2517 2852 2788 2917 premitis.
2820 2852 3061 2910 Futurus
3086 2857 3197 2927 (86)
3226 2870 3310 2914 est
3342 2862 3492 2915 enim
3530 2865 3684 2920 Deus
3717 2872 3952 2925 omnium

2372 2940 2677 2995 commilito
2700 2953 2903 3010 vester,
2936 2946 2979 3000 si
3004 2962 3104 3015 pro
3132 2949 3237 3017 piis
3264 2952 3381 3021 ejus
3420 2953 3788 3024 dogmatibus
3814 2962 3953 3016 labo-

2372 3031 2708 3095 raveritis,et
2725 3036 3126 3103 prohibueritis
3147 3055 3348 3111 corpus
3362 3044 3628 3102 EccleSiae
3649 3048 3949 3123 disrumpi:

2371 3116 2749 3190 disrumpetur
2788 3125 2899 3195 (87)
2946 3130 3115 3192 enim,
3151 3132 3200 3185 si
3239 3134 3449 3201 Opinio,
3501 3153 3676 3206 quam
3725 3116 3954 3212 Cyil-lus

2368 3202 2495 3258 ﬁdei
2531 3210 2916 3277 superinduxit
2975 3214 3117 3286 (88)
3162 3226 3220 3272 et
3268 3219 3361 3273 alii
3391 3202 3954 3285 hareticieonﬁrma-

2366 3302 2521 3362 runt,
2545 3297 2866 3356 invalescat.

2435 3404 2559 3460 Hzec
2584 3422 2727 3477 saepe
2767 3410 2990 3479 quidem
3045 3429 3233 3471 coram
3274 3417 3407 3482 Deo,
3437 3431 3494 3475 et
3522 3423 3577 3477 in
3605 3425 3860 3495 Epheso,
3898 3444 3949 3485 et

2363 3491 2455 3547 hic
2483 3498 2668 3552 testati
2695 3516 2911 3566 sumus,
2945 3510 3001 3557 et
3037 3514 3276 3561 vestram
3316 3511 3580 3579 pietatem
3634 3491 3947 3583 docuimus.

2363 3584 2628 3641 rationem
2659 3590 2830 3655 illius,
2868 3600 2928 3647 ut
2948 3610 3130 3650 coram
3164 3598 3412 3654 omnium
3454 3604 3590 3667 Deo.
3626 3610 3942 3669 reddentes.

2363 3669 2478 3726 Hoc
2518 3676 2666 3730 enim
2698 3679 2865 3749 exigit
2893 3697 2924 3735 a
2953 3684 3133 3746 nobis.
3183 3687 3325 3742 sicut
3362 3692 3566 3749 divinse
3624 3697 3943 3769 Scriptura,

2358 3764 2694 3832 prophetica;
2738 3776 2794 3822 et
2837 3775 3170 3842 apostolicm,
3204 3779 3424 3836 docent.
3478 3784 3707 3843 Etenim
3754 3764 3945 3848 beatus

2358 3852 2561 3911 Paulus
2604 3859 2843 3915 clamat:
2898 3882 2915 3914 ι
2952 3865 3241 3923 Testiﬁcor
3268 3886 3451 3926 coram
3498 3876 3637 3941 Deo,
3678 3883 3772 3949 qui
3807 3899 3944 3937 mor-

2359 3949 2483 3998 tuos
2514 3946 2776 4013 viviﬁcat,
2825 3962 2881 4005 et
2932 3953 3165 4009 Domino
3192 3970 3385 4015 nostro
3410 3964 3543 4019 Iesu
3573 3946 3826 4036 Christo,
3856 3976 3942 4043 qui

2358 4036 2681 4092 testiﬁcatus
2708 4050 2794 4095 est
2826 4043 2928 4097 sub
2964 4046 3159 4102 Pontio
3190 4050 3363 4107 Pilato
3396 4054 3598 4110 bonam
3637 4036 3933 4118 confeﬁio.

2356 4140 2481 4180 nem
2509 4129 2573 4182 δ’.
2609 4148 2627 4181 ι
2675 4131 2743 4187 Et
2792 4133 3067 4192 Ezechieli
3099 4145 3360 4212 praecepit
3394 4147 3559 4211 Deus,
3618 4160 3684 4204 ut
3730 4169 3938 4209 annun-

2356 4216 2455 4269 tiet
2478 4221 2725 4288 populo;
2763 4233 2816 4278 et
2841 4227 3018 4282 minas
3045 4230 3254 4301 adjicit,
3300 4235 3491 4292 dicens
3546 4258 3560 4292 :
3620 4260 3639 4292 ι
3685 4241 3801 4297 Nisi
3846 4260 3934 4298 an-

2354 4307 2717 4373 nuntiavcris,
2776 4317 3097 4385 sanguinem
3131 4321 3253 4390 ejus
3296 4323 3365 4378 de
3415 4342 3583 4381 manu
3628 4340 3724 4385 tua
3757 4336 3934 4403 requi-

1536 4420 1547 4455 :
1600 4407 1776 4460 vocati
1830 4412 1976 4464 enim
2019 4415 2247 4476 honeste
2286 4420 2326 4472 D
2358 4411 2471 4449 mm
2500 4396 2609 4450 ’³-³

2424 4510 2705 4569 Timentes
2738 4515 2923 4587 itaque
2946 4519 3054 4575 hoc
3072 4522 3363 4592 judicium,
3399 4535 3781 4587 necessarium
3818 4536 3929 4589 exi-

2348 4602 2634 4659 stimamus
2670 4607 2872 4661 iterum
2899 4610 3098 4667 docere
3125 4603 3757 4689 vestranfmajcstatem.
3789 4616 3927 4695 quod

2344 4690 2404 4756 ii,
2430 4694 2523 4761 qui
2547 4698 2802 4763 permissi
2838 4710 2967 4754 sunt
2999 4702 3271 4761 Ecclesias
3305 4708 3529 4774 habere,
3585 4715 3645 4767 in
3686 4718 3929 4772 ccclesiis

2345 4782 2564 4850 docent,
2590 4802 2711 4857 qua:
2732 4791 3124 4859 Apollinarius,
3171 4806 3228 4850 et
3256 4799 3438 4864 Arius,
3486 4812 3545 4856 et
3583 4805 3924 4863 Eunomius:

2345 4874 2631 4945 illegitime
2660 4888 2716 4934 et
2746 4893 2939 4937 contra
2970 4900 3211 4941 canones
3252 4892 3558 4947 sacerdotio
3604 4894 3924 4966 funguntur.

2345 4975 2399 5019 et
2431 4969 2642 5025 animas
2666 4972 2928 5029 occidunt
2959 4991 3177 5045 eorum,
3213 4980 3306 5051 qui
3346 4982 3417 5036 ad
3464 4999 3524 5039 se
3556 4988 3855 5056 accedunt,
3883 4992 3924 5047 si

2338 5282 2387 5324 et
2420 5283 2625 5340 vestrm,
2654 5287 2760 5333 etc.
2791 5280 2880 5337 Sic
2900 5282 3069 5341 Mans.

2409 5344 2621 5433 (βξλνΕι
2642 5348 2757 5404 hzee
2789 5361 2873 5433 est
2902 5353 3123 5433 inhactis
3176 5359 3481 5433 illis_gapud
3544 5365 3740 5430 Mansi.
3768 5377 3811 5423 t.
3833 5371 3918 5433 IV.

2334 5426 2391 5481 p.
2404 5413 2813 5511 latet
2843 5421 3170 5511 inManod"
3201 5444 3251 5483 c.
3282 5413 3443 5511 ξιξ,τῇ
3452 5413 3916 5511 “γ,’ί›ἶ“ἐόε’ὲὲάἶ

2550 5483 2695 5557 lenti
2727 5483 3017 5548 conservati
3052 5483 3251 5554 annuis.
3282 5483 3453 5557 Mans.

2432 5552 2519 5619 8(1)
2560 5554 2791 5611 Futurus
2815 5560 2899 5613 ab.
2924 5578 2971 5615 οι
3002 5580 3032 5617 a
3065 5566 3235 5623 Mans.

2432 5554 2519 5619 8(1)
2560 5554 2791 5611 Futurus
2815 5560 2899 5613 ab.
2924 5578 2971 5615 οι
3002 5580 3032 5617 a
3065 5566 3105 5620 Μ

2551 5624 2911 5697 piarumpitur
2940 5632 3105 5691 Garn.

2404 5694 2513 5763 (88)
2544 5693 2955 5755 Induxit'Mans.
