4086 6326
85 395 253 460 1473

1445 391 1804 454 EPISTULA
1841 389 2092 454 CLXIX.

3255 386 3394 455 14·Τᾶ

83 503 239 575 quis
264 513 448 558 tamen
480 499 630 571 ipsos
669 498 779 573 (89)
819 501 964 555 volet
1032 500 1246 554 audire.
1302 499 1438 554 Nam
1472 516 1572 568 per
1612 500 1708 554 Dei
1739 511 1782 565 Α
1813 499 2076 556 virtutem
2114 501 2400 570 explorat,
2440 517 2621 572 neque
2668 500 2936 572 supplicia
2982 500 3198 574 1346
3245 502 3392 556 irro-

85 594 348 663 gratiam
377 589 511 663 (90),
536 590 625 644 cui
649 590 894 644 omnium
923 589 1206 643 hominum
1233 603 1364 642 cura
1391 597 1496 652 est,
1519 596 1574 642 et
1603 589 1700 658 qui

85 697 309 738 omnes
336 681 453 735 vult
480 680 710 744 servari,
738 679 972 733 maxima
1014 694 1141 748 pars
1181 678 1368 748 populi
1411 693 1543 733 sana
1577 685 1696 745 est,

85 785 161 829 et
196 790 304 844 pro
336 774 444 843 piis
479 771 714 827 sollicita
739 770 1088 842 dogmatibus
1123 779 1389 840 :propter
1421 770 1546 825 illos
1580 786 1698 825 ma-

84 865 260 919 xime
283 864 553 918 dolemus.

177 953 256 1010 Et
309 955 438 1024 quia
469 953 804 1017 cruciamur,
849 952 1109 1007 timentes
1153 967 1224 1006 ne
1269 951 1534 1022 paulatim
1581 967 1700 1007 ser-

91 1063 253 1118 pens
286 1047 516 1101 merbus
564 1045 750 1116 plures
795 1044 1250 1113 comprehendat,
1291 1059 1698 1114 communeque

95 1139 324 1194 malum
356 1136 470 1201 ﬂat,
503 1124 623 1192 haec
643 1152 744 1190 nos
777 1144 1016 1189 vestram
1050 1134 1405 1189 serenitatem
1437 1135 1700 1190 docemus

94 1243 164 1288 et
210 1233 414 1288 docere
462 1247 574 1286 non
630 1229 972 1295 desistimus,
1015 1238 1071 1284 et
1115 1243 1410 1300 precamur
1456 1237 1698 1284 vestram

94 1325 482 1395 majestatem,
511 1332 572 1377 ut
593 1323 800 1378 nostris
821 1320 1080 1390 precibus
1108 1329 1337 1386 annuat,
1366 1329 1423 1376 et
1455 1320 1594 1375 nihil
1626 1321 1700 1374 si-

96 1425 207 1470 nat
240 1414 503 1486 adjici‘ad
552 1414 717 1468 ﬁdem
749 1418 1066 1468 Sanctorum
1096 1413 1350 1480 Patrum,
1383 1413 1478 1484 qui
1509 1413 1565 1466 in
1599 1413 1698 1467 Ni-

97 1522 226 1561 aea
251 1506 562 1576 congregati
598 1505 842 1559 fuerunt.

181 1596 344 1662 Quod
371 1597 440 1661 si,
466 1608 523 1651 et
575 1594 887 1665 post'hanc
935 1603 1184 1650 nostram
1234 1594 1697 1659 obsecrationem,

100 1687 278 1752 hanc,
304 1702 426 1755 qua:
446 1701 632 1740 coram
657 1685 770 1739 Deo
799 1685 926 1738 data
955 1694 1058 1748 est,
1085 1684 1390 1740 doctrinam
1428 1666 1538 1739 non
1574 1699 1697 1739 sus-

103 1776 326 1846 ceperit
368 1783 550 1830 vestra
596 1775 792 1844 pietas,
820 1790 923 1829 nos
963 1775 1130 1830 etiam
1160 1777 1444 1846 pulverem
1493 1776 1695 1846 pedum

1802 596 1937 660 gat‘
1981 599 2206 660 propter
2232 607 2317 656 ea,
2346 606 2468 661 qum
2501 600 2702 662 praeter
2740 599 2980 646 mentem
3014 591 3172 645 fiunt.

1871 681 1946 736 De
1997 683 2176 737 amico
2232 691 2416 737 autem
2470 685 2609 738 sciat
2660 692 2752 738 tua
2805 684 3070 738 sanctitas
3108 683 3279 754 quod,
3343 685 3392 739 si

1802 773 2023 841 quando
2050 775 2171 844 ejus
2195 772 2505 830 iaceremus
2537 776 2894 838 mentionem,
2928 776 3016 828 vel
3054 776 3198 844 apud
3229 776 3395 844 pien-

1804 863 2078 918 tissimum
2127 880 2336 936 regem,
2378 867 2463 920 vel
2515 866 2659 936 apud
2702 867 2913 921 illustre
2962 867 3389 932 consistorium,

1802 954 2128 1010 defectionis
2181 958 2512 1013 notabamur
2570 977 2582 1012 :
2646 967 2810 1013 tantae
2861 966 2992 1020 sunt
3042 973 3256 1024 eorum,
3292 959 3391 1029 qui

1802 1046 1948 1100 intro
1982 1053 2132 1111 sunt,
2164 1063 2296 1119 erga
2346 1048 2504 1118 illum
2549 1050 2870 1105 inimicitiae.
2911 1051 2980 1104 Et
3007 1049 3113 1104 hoc
3152 1059 3238 1104 est
3269 1064 3390 1105 mo-

1799 1135 2183 1192 lestissimum.
2228 1139 2616 1194 Pientissimus
2664 1157 2762 1194 rex
2809 1157 2922 1212 pra:
2965 1141 3225 1195 omnibus
3266 1141 3391 1196 aliis

1801 1237 2088 1282 aversatur
2117 1244 2341 1293 nomen,
2371 1229 2665 1284 manifeste
2699 1230 2895 1285 dicens
2949 1249 2962 1282 :
3005 1232 3082 1284 De
3121 1231 3227 1285 hoc
3252 1231 3390 1286 mihi

1801 1319 1988 1374 nullus
2017 1320 2298 1390 loquatur.
2357 1321 2649 1392 Specimen
2711 1322 2860 1376 enim
2911 1323 3087 1377 semel
3133 1323 3250 1392 ipse
3288 1320 3390 1375 de-

1802 1409 1903 1465 dit.
1960 1411 2218 1466 Attamen
2269 1412 2401 1466 dum
2461 1411 2555 1467 hic
2605 1429 2820 1477 sumus,
2887 1428 2996 1468 non
3051 1413 3390 1468 cessabimus

1801 1501 1952 1554 omni
1985 1503 2210 1568 virtute,
2243 1511 2298 1556 et
2318 1504 2438 1572 ejus
2470 1505 2650 1574 patris
2686 1519 2874 1558 curam
2906 1518 3118 1575 gerere,
3148 1502 3390 1557 scientes

1800 1591 2000 1645 factam
2027 1592 2107 1646 illi
2137 1593 2206 1647 ab
2234 1595 2423 1664 impiis
2447 1594 2797 1665 injustitiam.

1872 1682 2046 1738 Nobis
2082 1699 2304 1753 quoque
2348 1685 2594 1740 studium
2625 1692 2744 1748 est,
2780 1691 2841 1738 ut
2892 1684 3023 1737 hinc
3061 1683 3386 1748 liberemur,

1801 1780 1857 1825 et
1887 1779 2074 1827 vestra
2124 1773 2395 1828 liberetur
2444 1776 2642 1844 pietas.
2676 1774 2826 1829 Nihil
2873 1774 3022 1828 enim
3076 1773 3208 1828 hinc
3253 1773 3388 1830 boni

102 1869 479 1932 excutiemus,
524 1874 583 1922 et
637 1867 1001 1922 clamabimus
1055 1881 1182 1921 cum
1233 1867 1397 1921 beato
1450 1867 1623 1920 Paulo
1680 1884 1692 1920 :
1731 1843 2161 1929 l3sperandum,
2187 1876 2252 1916 eo
2269 1862 2417 1932 quod
2438 1863 2658 1933 judices
2692 1863 2796 1932 ipsi
2821 1877 3013 1917 omnes
3037 1877 3174 1917 auro
3214 1861 3384 1918 conﬂ-

115 1980 136 2012 σ
190 1961 378 2016 Mundi
410 1975 604 2016 sumus
633 1975 664 2014 a
698 1960 964 2030 sanguine
997 1968 1185 2014 vestro
1216 1958 1280 2011 ⁸⁸.
1326 1978 1344 2011 ι
1393 1958 1512 2014 Non
1551 1958 1701 2012 enim

105 2067 398 2108 cessamus
422 2060 587 2106 nocte
611 2060 667 2105 et
697 2050 808 2114 die,
835 2050 904 2104 ab
949 2065 1016 2105 eo
1046 2049 1158 2114 die,
1187 2065 1298 2120 quo
1337 2049 1392 2104 in
1434 2050 1576 2105 hanc
1607 2066 1700 2104 ce-

102 2143 323 2198 lebrem
349 2141 617 2212 synodum
643 2142 985 2203 advenimus,
1018 2150 1074 2195 et
1096 2140 1233 2210 regi,
1253 2149 1309 2195 et
1331 2139 1697 2210 principibus,

108 2240 170 2287 ct
211 2231 502 2295 militibus,
533 2239 589 2286 et
632 2231 1036 2296 sacerdotibus,
1080 2240 1136 2286 ct
1169 2231 1326 2285 laicis
1360 2232 1584 2297 testari,
1628 2247 1698 2286 ne

108 2323 432 2377 amittamus
462 2322 721 2376 traditam
753 2320 916 2376 nobis
950 2336 978 2375 a
1009 2321 1265 2375 Patrihus
1286 2321 1468 2378 (idem.

106 2475 671 2547 CLXIX.—-Epistola
715 2478 1024 2533 Theodoreti
1068 2479 1294 2548 episcopi
1353 2477 1478 2548 Cyri
1514 2494 1541 2530 ε
1568 2476 1698 2532 Cal-

185 2550 413 2690 {sicyone
463 2549 532 2602 ad
580 2547 949 2603 Alexandrum
988 2547 1453 2619 Hierapolitanum
1496 2550 1697 2618 scripta

184 2779 409 2834 Nullum
443 2777 823 2840 humanitatis,
849 2775 1062 2830 nullum
1105 2775 1448 2845 asperitatis,
1481 2774 1696 2828 nullum

110 2867 540 2930 adhortationis,
577 2867 787 2919 nullum
821 2865 1241 2919 declamationis
1271 2879 1441 2934 genus
1484 2862 1696 2934 1345

112 2960 426 3022 omisimus,
463 2974 574 3027 quo
620 2957 766 3026 apud
803 2957 1211 3026 pientissimum
1262 2971 1444 3025 regem
1477 2964 1532 3008 et
1567 2953 1694 3007 illu-

112 3057 227 3104 stre
256 3048 644 3103 consistorium
676 3061 786 3099 non
817 3047 991 3099 simus
1013 3044 1490 3107 usi,testiﬁcantes
1510 3059 1694 3097 coram

109 3140 247 3203 Deo,
266 3139 362 3209 qui
387 3137 571 3193 omnia
595 3137 768 3198 videt,
800 3145 856 3190 et
893 3136 1126 3189 Domino
1157 3143 1350 3189 nostro
1375 3134 1505 3189 Jesu
1534 3133 1694 3188 Chri—

109 3238 220 3296 sto,
245 3228 704 3299 quijndicaturus
734 3235 819 3282 est
839 3227 1030 3281 orbem
1059 3226 1114 3279 in
1134 3226 1351 3296 justitia
1374 3227 1461 3290 P";
1489 3235 1544 3280 et
1574 3225 1693 3296 Spi-

110 3325 222 3376 ritu
243 3326 453 3384 sancto,
479 3329 534 3374 et
555 3320 748 3374 electis
773 3320 892 3388 ejus
930 3317 1134 3387 angelis
1163 3336 1174 3370 :
1207 3334 1274 3372 ne
1303 3328 1693 3372 contemnatur

111 3411 270 3477 ﬁdes,
295 3426 416 3480 quae
439 3411 508 3464 ab
543 3410 651 3474 his,
673 3409 781 3479 .qui
816 3409 1073 3463 haeretica
1104 3408 1359 3478 dogmata
1401 3424 1694 3478 suscepere

105 3511 167 3558 et
212 3502 300 3556 his
345 3501 697 3555 subscribere
726 3501 846 3554 ausi
896 3500 1074 3561 fuere,
1115 3499 1495 3560 adulteratur;
1532 3509 1586 3553 et
1635 3509 1696 3552 ut

104 3592 482 3666 precipiatur,
521 3592 693 3646 solam
725 3591 1105 3660 exponendam
1136 3591 1282 3644 sicut
1324 3591 1378 3643 in
1418 3591 1616 3653 Nicaea,
1641 3600 1695 3644 et

105 3686 478 3758 abjiciendam
522 3684 972 3754 superinductam
1044 3682 1276 3736 haeresin
1326 3681 1395 3736 ad
1429 3683 1692 3736 damnum

104 3787 171 3834 et
199 3775 498 3848 perniciem
533 3773 753 3844 pietatis
782 3791 794 3825 :
826 3781 882 3826 et
909 3787 1082 3841 usque
1114 3771 1168 3825 in
1193 3771 1524 3826 hodiernum
1549 3773 1695 3827 diem

106 3868 251 3925 nihil
275 3865 488 3923 eilicere
510 3865 805 3928 valuimus,
827 3880 975 3919 nunc
999 3865 1129 3929 huc,
1155 3880 1302 3918 nunc
1327 3865 1458 3919 illuc
1474 3865 1695 3920 audito-

105 3962 269 4016 ribus
284 3974 401 4014 sese
436 3958 764 4014 ferentibus.
1232 4009 1243 4018 _

183 4052 440 4106 Attamen
490 4064 593 4103 nos
623 4047 758 4100 nihil
811 4048 1008 4100 horum
1059 4046 1341 4100 dehortari
1386 4047 1585 4116 potuit,
1638 4055 1696 4099 ut

107 4145 185 4200 ab
210 4142 455 4213 urgendo
481 4139 821 4210 propositum
858 4139 1272 4202 desisteremus,
1302 4139 1400 4193 sed
1422 4138 1696 4208 persecuti

107 4248 308 4290 sumus
353 4247 596 4293 causam,
642 4228 736 4284 Dei
772 4229 966 4299 gratia.
1013 4228 1150 4283 Cum
1189 4229 1506 4298 juramento
1545 4231 1695 4282 enim

108 4322 458 4396 pientissimo
482 4327 674 4375 nostro
707 4321 822 4390 regi
849 4320 1142 4382 suasimus,
1179 4318 1326 4387 quod
1354 4319 1697 4387 impossibile

110 4416 209 4478 sit,
265 4414 425 4467 nobis
457 4412 724 4484 Cyrillum
778 4421 835 4464 et
879 4411 1225 4464 Memnonem
1278 4409 1585 4471 conciliari,
1642 4419 1698 4463 et

1804 1948 1958 2015 dant,
1992 1958 2048 2004 et
2079 1951 2418 2006 contendant
2473 1967 2640 2007 unam
2685 1967 2809 2009 esse
2863 1960 3118 2007 naturam
3168 1952 3392 2007 deitatis

1802 2051 1860 2097 et
1888 2043 2270 2098 humanitatis.

1870 2135 2113 2203 Populus
2155 2142 2340 2190 autem
2375 2135 2556 2189 omnis
2579 2135 2758 2226 gratia
2793 2134 2892 2190 Dei
2933 2135 3076 2190 bene
3111 2134 3297 2198 habet,
3332 2143 3392 2189 et

1798 2223 2004 2294 iugiter
2048 2223 2115 2278 ad
2169 2239 2272 2280 nos
2314 2223 2619 2297 egreditur.
2652 2225 2964 2301 lncepimus
3017 2234 3200 2280 autem
3253 2227 3390 2295 ipsis

1801 2317 1968 2370 etiam
2034 2317 2352 2382 disserere,
2405 2327 2464 2374 et
2519 2319 2920 2374 celebravimus
2969 2317 3390 2374 communiones

1801 2411 2089 2474 maximas,
2131 2419 2188 2465 et
2235 2419 2435 2480 quarto
2488 2411 2599 2466 illis
2631 2420 2950 2465 enarratum
3002 2421 3088 2466 est
3127 2410 3390 2480 precibus

1802 2509 1911 2556 tua!
1941 2501 2165 2571 pietatis
2195 2500 2263 2555 de
2295 2499 2440 2568 ﬁde;
2480 2509 2536 2557 et
2561 2510 2710 2556 tanta
2746 2501 3044 2556 audierunt
3083 2501 3389 2569 voluptate,

1803 2601 1865 2646 ut
1895 2608 2070 2662 usque
2093 2593 2160 2646 ad
2187 2593 2377 2647 horam
2401 2594 2689 2662 septimam
2717 2609 2829 2652 non
2858 2591 3220 2646 discesserint
3251 2591 3388 2661 (92),

1802 2684 1897 2738 sed
1939 2685 2362 2754 perduraverint
2409 2699 2584 2754 usque
2621 2684 2689 2738 ad
2731 2691 2926 2738 aestum
2977 2682 3128 2737 solis.
3167 2682 3224 2735 ln
3267 2683 3392 2736 aula
3468 2725 3473 2748 ,

1802 2776 1953 2830 enim
1986 2776 2245 2842 maxima,
2281 2765 2338 2830 et
2363 2784 2602 2846 quatuor
2638 2776 2874 2830 habente
2909 2775 3174 2846 porticus,
3207 2774 3403 2828 multi-

1805 2865 1940 2919 tudo
1989 2874 2316 2936 congregata
2361 2865 2488 2931 fuit,
2521 2874 2576 2921 et
2601 2882 2702 2920 nos
2735 2881 2974 2935 superne
3022 2865 3391 2921 concionabae

1802 2971 1930 3009 mur
1962 2971 1992 3009 e
2019 2965 2277 3026 suggestu
2310 2971 2482 3026 prope
2509 2964 2738 3011 tectum.

1874 3044 2076 3098 Verum
2110 3045 2294 3100 clerus
2334 3045 2515 3100 omnis
2559 3059 2684 3099 cum
2715 3045 2878 3100 bonis
2907 3045 3191 3100 monachis
3233 3047 3392 3103 valde

1801 3134 1968 3189 nobis
2015 3145 2136 3190 erat
2183 3134 2466 3200 infensus,
2529 3135 2604 3190 ita
2667 3146 2727 3189 ut
2785 3136 2940 3192 fieret
2999 3138 3392 3207 collapidatio,

1798 3224 2025 3293 quando
2085 3241 2115 3279 a
2173 3225 2486 3280 Ruﬁnianis
2545 3233 2668 3295 post
2717 3225 3014 3281 adventum
3064 3229 3394 3297 pientissimi

1798 3316 2150 3384 imperatoris
2194 3316 2523 3381 rediremus,
2559 3326 2616 3370 et
2667 3307 3097 3373 vulnerarentur
3146 3335 3177 3371 a
3233 3319 3395 3375 laicis

1797 3414 1853 3460 et
1882 3406 2034 3461 lalsis
2060 3406 2368 3468 monachis,
2402 3408 2562 3460 multi
2593 3407 2688 3477 qui
2734 3409 3021 3464 nobiscum
3063 3418 3225 3464 erant
3253 3410 3389 3482 (95).

1870 3497 2109 3551 Noverat
2138 3505 2323 3552 autem
2355 3515 2452 3554 rex
2493 3499 2894 3568 pientissimus,
2918 3500 3064 3569 quod
3096 3491 3393 3556 multitudo

1799 3596 2231 3658 congregaretur
2279 3595 2472 3642 contra
2505 3604 2604 3643 nos
2655 3587 2792 3659 (94),
2827 3597 2882 3644 et
2916 3591 3050 3645 solis
3105 3592 3268 3645 nobis
3295 3607 3390 3647 oc-

1800 3693 2053 3743 currens,
2077 3678 2298 3735 dicebat
2349 3698 2362 3732 :
2409 3679 2545 3734 Novi
2595 3681 2742 3749 quod
2775 3682 2916 3736 male
2957 3684 3392 3752 congregamini.

1798 3767 2057 3823 Dicebam
2109 3778 2296 3824 autem
2339 3771 2391 3824 ei
2451 3789 2463 3822 :
2522 3791 2539 3820 ι
2588 3771 2725 3836 Quia
2759 3771 2960 3826 dedisti
3009 3772 3268 3827 ﬁduciam
3313 3774 3394 3827 lo-

1800 3860 2030 3929 quendi,
2083 3876 2208 3914 cum
2267 3860 2432 3914 venia
2484 3861 2636 3915 audi.
2694 3861 2911 3916 Justum
2969 3870 3054 3916 est
3104 3864 3395 3920 haereticos

1800 3950 2028 4018 quidem
2084 3953 2593 4023 excommunicatos
2644 3953 2696 4006 in
2749 3952 2998 4006 ecclesiis
3043 3969 3236 4023 agere;
3291 3970 3394 4009 nos

1800 4056 1953 4102 vero,
1983 4042 2076 4111 qui
2105 4059 2203 4111 pro
2226 4043 2332 4096 lide
2358 4052 2658 4108 certamus,
2688 4053 2743 4098 ct
2782 4053 3004 4114 propter
3042 4046 3147 4099 hoc
3173 4045 3241 4101 ab
3269 4047 3394 4101 aliis

1802 4136 2213 4190 communionis
2250 4148 2506 4192 exsortes
2551 4137 2678 4191 facti
2735 4153 2928 4191 sumus
2976 4138 3110 4208 (95),
3145 4153 3258 4193 non
3306 4140 3391 4194 in-

1800 4235 1945 4281 trare
1989 4227 2045 4280 in
2095 4228 2427 4283 ecclesiam?
2478 4229 2544 4282 Et
2608 4229 2696 4284 ille
2737 4229 3025 4298 respondit
3101 4247 3112 4282 :
3169 4231 3238 4284 Et
3291 4246 3393 4301 ego

1801 4319 1934 4388 quid
1985 4319 2211 4372 faciam?
2265 4320 2543 4389 Respondi
2608 4321 2773 4389 igitur
2844 4322 2918 4375 illi
2963 4340 2976 4374 :
3033 4321 3191 4387 Quod
3264 4322 3395 4378 fecit

1803 4410 2064 4480 magister
2113 4419 2242 4464 tuus
2289 4421 2475 4465 comes
2524 4412 2878 4479 largitionum
2912 4414 2966 4466 in
3011 4414 3249 4481 Epheso.
3297 4414 3392 4468 Ille

109 4508 263 4578 quod
315 4505 430 4560 fieri
485 4510 744 4572 nequeat,
791 4512 853 4555 ut
907 4501 1013 4554 illis
1068 4500 1570 4562 communicemus,
1603 4501 1695 4567 qui
1734 4533 1774 4586 Β
1805 4499 1948 4551 enim
2010 4508 2070 4552 ut
2129 4499 2342 4552 invenit
2418 4501 2715 4553 nonnullos
2758 4502 3101 4570 cnngregari,
3154 4518 3253 4555 nos
3298 4517 3394 4554 au-

108 4615 227 4656 non
261 4607 414 4651 antea
442 4595 710 4665 ejeeerint
737 4594 989 4647 haeretica
1019 4591 1277 4661 Capitula.

189 4692 375 4762 Itaque
407 4705 507 4742 nos
535 4688 758 4756 quidem
795 4687 935 4738 hanc
966 4685 1232 4738 habemus
1266 4694 1505 4737 mentem
1534 4701 1544 4735 :
1578 4692 1696 4737 stu-

113 4783 267 4838 dium
310 4786 493 4832 autem
523 4789 604 4832 est
647 4778 753 4840 his,
799 4797 816 4824 ‹
857 4776 948 4843 qui
1001 4793 1098 4830 sua
1147 4777 1388 4842 ipsorum
1421 4783 1695 4842 quaarunt,

115 4890 230 4930 non
256 4879 434 4924 autem
463 4886 584 4937 qua:
616 4870 746 4923 Jesu
782 4868 984 4922 Christi
1016 4869 1082 4929 ⁸⁸,
1123 4882 1144 4915 r
1181 4877 1239 4918 ut
1269 4868 1697 4920 reconcilientur

113 4961 219 5023 eis,
254 4962 448 5026 printer
479 4966 719 5010 mentem
751 4963 1015 5008 nostram.
1046 4956 1113 5007 At
1144 4971 1251 5007 non
1285 4964 1368 5008 est
1395 4955 1554 5006 nobis
1580 4957 1695 5021 eius

115 5052 202 5106 rei
230 5064 380 5104 cura.
407 5049 553 5102 Deus
583 5049 729 5101 enim
759 5053 1009 5099 nostrum
1035 5047 1378 5114 propositum
1415 5046 1604 5112 exigit,
1645 5057 1690 5097 ct

184 5228 232 5261 “
261 5229 380 5282 Act.
408 5241 557 5287 xvnt,
597 5225 661 5289 6;
691 5241 779 5287 xx,
808 5224 894 5277 '26.
971 5221 1013 5254 ⁸⁵
1050 5223 1095 5276 ll
1123 5223 1264 5276 Tim.
1285 5238 1358 5287 ιν,
1393 5221 1439 5274 l.

185 5381 293 5451 (89)
322 5383 376 5437 Si
409 5401 459 5451 (ι.
493 5389 539 5436 et
572 5382 709 5448 ipsos
738 5380 874 5433 volet
907 5380 1032 5434 aud.
1060 5380 1128 5433 Μ.

338 5442 753 5526 ὓίιῖἰηιζηίῃνᾳε.
797 5451 864 5526 Nl.

191 5519 297 5592 (ﬁt)
325 5527 383 5579 ln
423 5523 560 5577 actis
609 5523 970 5575 (hiemalium
1007 5520 1307 5592 Ephesinis
1345 5519 1548 5592 legitur
1586 5521 1705 5592 hzec

119 5589 519 5665 interpretatio,
555 5609 606 5662 p.
671 5593 800 5665 lii")?
859 5606 1001 5665 seq,“
1051 5593 1199 5665 tom_i_
1240 5589 1307 5644 Ν
1350 5589 1544 5665 Mhlans-
1578 5589 1706 5646 Col-

119 5661 282 5728 lect,
310 5665 415 5719 alia
457 5665 508 5716 in
543 5661 824 5732 Synodic.,
860 5677 908 5716 c.
943 5663 1032 5726 50,
1077 5671 1112 5714 t.
1157 5661 1221 5723 V,
1256 5677 1309 5730 p.
1350 5661 1454 5714 799
1488 5675 1604 5730 seq.

205 5738 310 5805 (99)
343 5734 674 5805 Discederent
704 5732 872 5786 Mans.

197 5801 305 5884 (95)
337 5805 490 5861 Multi
526 5821 587 5857 ex
620 5804 768 5856 laicis
827 5813 874 5854 et
938 5804 1086 5872 falsis
1151 5803 1438 5862 monachis,
1475 5801 1566 5869 qui
1614 5817 1706 5854 no-

1813 4601 1922 4644 tem
1950 4607 2058 4643 non
2085 4591 2422 4659 congregari,
2454 4592 2793 4659 compescui:
2813 4607 2909 4646 eos
2934 4592 3123 4646 dicens
3149 4611 3161 4646 ε
3201 4593 3254 4647 Si
3282 4611 3390 4647 non

1809 4683 2022 4736 fueritis
2059 4682 2290 4751 paciﬁci,
2340 4698 2448 4734 non
2494 4684 2792 4737 concedam
2831 4685 2924 4736 uni
2978 4686 3123 4754 parti
3165 4702 3385 4756 Congre-

1807 4773 1942 4836 βέῃ-ἰ.
2013 4772 2079 4823 l"t
2136 4771 2423 4839 oportebat
2503 4774 2669 4826 etiam
2721 4782 2868 4828 tuam
2929 4777 3185 4842 pietatem
3257 4790 3397 4844 pret-

1806 4860 1991 4928 cipere
2063 4861 2151 4914 hic
2204 4862 2480 4930 episehpo,
2537 4879 2603 4914 ne
2671 4865 3038 4932 permitteret,
3102 4883 3298 4936 neque.
3331 4867 3365 4920 il

1806 4955 1908 5014 iis,
1979 4971 2155 5020 neque
2220 4955 2379 5007 uoltis
2433 4955 2782 5023 congregari,
2851 4957 3027 5012 donec
3097 4960 3392 5013 convenia-

1808 5061 1948 5102 mus.
2010 5055 2066 5097 ut
2111 5048 2258 5116 justa
2315 5056 2404 5099 tua
2453 5049 2728 5101 sententia
2790 5051 3046 5104 omnibus
3113 5059 3244 5105 nota
3283 5050 3392 5106 ﬁat.

1521 5222 1564 5253 ⁸⁸
1589 5221 1832 5292 Philipp.
1865 5236 1922 5284 ιι,
1951 5223 2041 5276 2|.

1805 5379 2004 5432 (iiscum
2033 5387 2203 5433 erant.
2234 5380 2324 5434 Sic
2370 5381 2539 5435 Mans.
2572 5382 2676 5436 Sed
2719 5383 2802 5436 vel
2833 5383 3084 5437 Garnerii
3121 5385 3283 5439 lectio
3312 5401 3400 5439 rc-

1811 5449 2033 5521 tinenda
2067 5459 2180 5521 est.
2204 5452 2317 5510 vel,
2371 5453 2782 5508 accommodate
2818 5453 2884 5506 ad
2927 5451 3284 5521 Synodicum,
3318 5456 3398 5510 le-

1806 5519 2048 5588 gendum
2083 5538 2095 5572 :
2128 5520 2282 5573 Multi
2319 5537 2345 5573 ε
2379 5521 2547 5583 laicis,
2591 5525 2681 5591 qui
2713 5523 2905 5576 nobisc.
2942 5519 3117 5582 erant,
3153 5533 3202 5576 et
3243 5519 3398 5593 falsis

1809 5606 1952 5641 mon.

1884 5660 1994 5727 (Si)
2028 5660 2111 5712 .ld
2140 5677 2231 5734 nos
2261 5677 2369 5714 non
2408 5661 2653 5734 dubitem
2715 5661 3080 5731 substituere;
3139 5662 3289 5734 quod
3344 5671 3405 5719 et

1811 5740 2102 5801 contextus
2133 5733 2292 5784 docet
2330 5741 2385 5785 et
2419 5731 2752 5801 Synodicon.

1884 5799 1993 5870 (9ῗέ)
2033 5801 2242 5855 Ιίχςυνῑ.
2280 5799 2642 5869 {artes-Mans.
