4086 6326
111 397 266 459 1477

1438 390 1807 452 EPISTOLA
1846 387 2067 449 CLXX.

3276 380 3412 446 14τό

105 508 305 581 ἕτεροι
332 510 383 562 οί
422 509 488 561 ἐκ
511 507 784 579 διαφόρων
824 505 1170 576 διοικήσεων,
1216 505 1357 558 ὥστε
1392 504 1492 574 τὴν
1526 505 1585 556 ἐν
1610 502 1713 555 Νι-

1824 507 2125 563 venerunt,
2151 506 2212 552 ut
2234 496 2369 550 [idos
2388 511 2421 551 a
2446 496 2623 551 beatis
2660 494 2917 551 Patribus
2939 493 3137 551 Nicaea
3162 496 3412 566 exposita

104 602 262 675 καία
308 601 627 655 ἐκτεθεῖσαν
666 599 771 655 ὑπὸ
814 598 925 652 τῶν
960 597 1250 669 μακαρίων
1284 595 1547 666 Πατέρων
1573 610 1715 665 κρα-

100 692 387 763 τυνθῆναι
418 692 625 747 πίστιν.
665 691 831 745 Οὐδὲν
858 689 969 761 γὰρ
1006 690 1145 759 αὐτῇ
1183 687 1445 752 ἐλλείπει,
1476 686 1551 749 ὡς
1575 681 1717 739 οἶδεν

101 788 142 854 ἡ
190 783 269 855 σὴ
304 784 551 855 ἁγιότης,
604 782 684 846 είς
724 799 785 835 τε
814 780 1168 836 διδασκαλίαν
1199 778 1310 833 τῶν
1341 777 1718 847 εὑαγγελικῶν

102 876 436 945 δογμάτων,
469 875 567 928 καὶ
597 876 679 937 είς
709 872 931 943 ἔλεγχον
966 873 1149 942 πάσης
1183 870 1471 941 αἱρέσεως.

204 968 382 1040 ’Υπὲρ
406 967 613 1036 ταύτης
641 966 1040 1037 ἀγωνιζόμενοι
1083 964 1461 1034 διατελοῦμεν,
1498 964 1718 1018 πάντων

106 1060 269 1131 ὁμοῦ
301 1060 410 1114 τῶν
431 1062 571 1115 κατὰ
600 1060 692 1113 τὸν
723 1060 837 1131 βίον
878 1058 1352 1129 καταφρονοῦντες
1372 1056 1625 1127 τερπνῶν
1658 1072 1719 1109 τε

110 1154 224 1206 καὶ
272 1153 552 1223 λυπηρῶν,
612 1152 754 1206 ὥστε
812 1151 1092 1218 ἀνέπαφον
1142 1148 1576 1218 διαφυλαχθῆναι
1628 1145 1719 1218 τὸν

110 1242 385 1313 πατρῷον
413 1242 603 1297 τοῦτον
626 1244 851 1312 κλῆρον.
880 1240 1085 1294 Τούτου
1118 1239 1279 1312 χάριν
1304 1238 1403 1293 καὶ
1430 1236 1718 1309 Κύριλλον,

110 1332 226 1385 καὶ
268 1332 532 1403 Μέμνονα
585 1332 699 1402 (τόν
759 1332 859 1403 μέν
898 1331 973 1393 ὡς
1012 1329 1399 1402 αἰρεσιάρχην,
1424 1328 1516 1381 τόν
1555 1328 1613 1381 δὲ
1645 1326 1721 1391 ὡς

115 1423 399 1493 συνεργὸν
432 1423 824 1494 γεγενημένον,
874 1421 969 1476 καὶ
1017 1422 1076 1473 ἐν
1121 1419 1329 1474 ἅπασιν
1381 1418 1530 1488 αὐτῷ
1583 1436 1721 1489 συμ-

115 1515 480 1584 μαχήσαντα,
529 1512 670 1566 ὥστε
707 1513 1073 1584 βεϐαιωθῆναι
1110 1513 1204 1566 καὶ
1235 1510 1601 1583 στηριχθῆναι
1653 1512 1720 1564 τὰ

112 1606 232 1658 ἐπὶ
266 1604 535 1677 διαφθορᾷ
569 1604 683 1677 (12)
736 1605 847 1659 τῶν
892 1604 1233 1676 Ἐκκλησιῶν
1285 1605 1579 1658 ἐκτεθέντα
1628 1620 1722 1658 κε-

115 1696 364 1769 φάλαια)
387 1740 400 1759 ,
446 1697 769 1768 καθαιρέσει
801 1696 1277 1767 ὑποϐεϐλήκαμενο
1311 1697 1406 1750 καὶ
1432 1698 1558 1760 τοὺς
1586 1698 1722 1749 ὑπο-

112 1784 343 1855 γράψαι
374 1786 467 1839 καὶ
506 1784 799 1838 συνθέσθαι
847 1788 960 1847 τοῖς
992 1786 1260 1846 ἐναντίοις
1296 1778 1396 1855 τῆς
1433 1784 1723 1847 εὐσεϐείας

1823 592 2265 646 contirmarctur.
2286 588 2434 643 Nihil
2462 586 2632 651 enim,
2662 596 2725 640 ut
2753 585 3018 642 sanctitas
3040 592 3130 640 tua
3151 586 3327 649 novit,
3358 587 3411 639 in

1822 681 1913 735 illa
1940 679 2309 743 desideratur,
2362 677 2513 749 quod
2552 677 2623 731 ad
2661 675 3102 732 conﬁrmandam
3130 677 3413 747 evangeli-

1821 788 2013 829 corum
2040 773 2358 842 dogmathm
2385 771 2717 837 doctrinam,
2735 776 2794 826 et
2813 769 2881 824 ad
2902 767 3156 839 quamvis
3178 768 3414 824 haeresin

1820 862 2215 919 confutandam
2240 861 2425 916 faciat.

1896 951 2111 1024 1359
2131 953 2365 1021 Propter
2398 950 2542 1005 hanc
2568 950 2827 1006 omnibus
2858 950 3000 1005 laetis
3026 950 3411 1020 tristibusque,

1820 1060 1945 1115 quas
1998 1044 2255 1098 humanae
2287 1044 2416 1098 vitae
2464 1043 2721 1098 accidere
2754 1053 3011 1113 possunt,
3055 1044 3219 1097 simul
3256 1052 3413 1113 post-

1820 1135 2047 1199 habitis,
2069 1135 2275 1205 jugiter
2301 1134 2357 1188 in
2388 1132 2509 1188 acie
2540 1148 2847 1198 versamur,
2872 1143 2935 1188 ut
2966 1135 3109 1189 hanc
3143 1144 3351 1189 sortem
3382 1149 3414 1187 a

1820 1226 2081 1281 Patribus
2134 1226 2391 1280 traditam
2454 1225 2947 1279 incontaminatam
2996 1240 3410 1281 conservemus.

1822 1315 1935 1372 llac
1960 1318 2127 1372 etiam
2168 1318 2235 1372 de
2270 1333 2433 1373 causa
2472 1316 2737 1388 Cyrillum
2769 1328 2825 1371 et
2858 1318 3206 1372 Memnonem
3240 1318 3414 1387 depo-

1822 1409 2071 1474 suimus;
2133 1409 2291 1463 illum
2357 1409 2585 1479 quidem
2648 1420 2909 1478 tanquam
2963 1394 3453 1472 hzeresiarcham,‘

1808 1497 1975 1552 hunc
2000 1513 2132 1552 vero
2160 1507 2420 1567 tanquam
2454 1498 2602 1552 illius
2634 1482 2908 1552 fautorem
2940 1506 2995 1553 et
3020 1499 3331 1569 adjutorem
3359 1498 3415 1553 in

1824 1590 2105 1653 omnibus,
2166 1588 2233 1643 ad
2282 1589 2661 1647 confirmanda
2712 1604 2775 1642 ac
2834 1589 3163 1643 stabilienda
3211 1589 3412 1659 capita,

1823 1695 1948 1749 qua:
1969 1681 2219 1749 exposita
2246 1687 2377 1734 sunt
2399 1680 2453 1734 in
2476 1680 2856 1734 Ecclesiarum
2874 1681 3175 1750 perniciem
3201 1699 3213 1745 ;
3248 1692 3414 1736 caete-

1826 1787 1919 1826 ros
1948 1788 2102 1836 vero,
2139 1772 2234 1842 qui
2274 1772 2625 1843 dogmatibus
2666 1773 2775 1827 illis
2819 1774 3011 1843 pietati
3049 1774 3419 1830 dissentaneis

113 1874 367 1946 δόγμασι
404 1873 830 1943 τετολμηκότας,
884 1872 1283 1940 ἀκοινωνήτους
1318 1873 1718 1941 πεποιήκαμεν,

1826 1862 2180 1917 subscribere
2204 1871 2259 1917 et
2276 1862 2564 1933 astipulari
2582 1872 2714 1917 sunt
2735 1865 2878 1928 ausi,
2910 1866 3176 1934 tantisper
3193 1880 3417 1920 excom-

112 1966 239 2029 ἕως
282 1965 350 2020 ἂν
376 1967 557 2019 ἐκεῖνα
600 1965 700 2034 μὲν
730 1964 1226 2033 άναθεματίσωσιν,
1279 1962 1359 2026 εἰς
1397 1961 1454 2015 δὲ
1505 1961 1603 2033 τὴν
1634 1963 1723 2014 πίο

116 2075 253 2112 στιν
287 2059 395 2111 τῶν
434 2060 491 2113 ἐν
521 2058 730 2128 Νικαίᾳ
758 2056 1123 2110 συνελθόντων
1150 2055 1542 2109 ἐπανέλθωσιν.

216 2233 358 2286 Ἀλλ’
400 2234 555 2287 οὐδὲν
587 2234 787 2296 αὐτοὺς
819 2232 1028 2303 ὤνησεν
1079 2235 1111 2305 ή
1157 2234 1401 2304 ἡμετέρα
1451 2231 1727 2303 μακροθυ-

120 2324 256 2396 μία.
298 2325 477 2396 Μέχρι
506 2325 619 2396 γὰρ
649 2326 749 2395 τῆς
800 2327 1044 2396 σήμερον
1074 2324 1290 2396 ἡμέρας
1317 2326 1424 2377 τῶν
1460 2324 1725 2397 διεφθαρ-

122 2418 313 2488 μένων
338 2417 564 2471 ἐκείνων
597 2417 1010 2488 ὑπερμάχονται
1030 2417 1340 2487 δογμάτων·
1368 2418 1725 2489 περιέπειραν

114 2508 183 2562 δὲ
224 2509 454 2571 ἑαυτοὺς
484 2508 580 2561 καὶ¹
608 2508 686 2579 τῷ
719 2510 812 2561 τοῦ
838 2508 1062 2570 κανόνος
1095 2509 1228 2579 ὅρῳ.
1259 2508 1358 2571 Ὃς
1413 2509 1603 2579 σαφῶς
1637 2510 1719 2562 δι·-

116 2600 409 2670 αγορεύει’
434 2599 510 2653 Et
526 2616 617 2664 τις
652 2599 1026 2668 καθαιρεθεὶς
1054 2599 1396 2663 ἐπίσκοπος
1424 2601 1545 2653 ὑπὸ
1578 2616 1727 2654 συν-

117 2692 298 2753 όδου,
336 2692 373 2759 ἢ
414 2693 821 2760 πρεσϐύτερος
860 2692 896 2759 ἢ
937 2690 1219 2755 διάκονος
1253 2690 1375 2744 ὑπὸ
1423 2691 1530 2745 τοῦ
1568 2690 1726 2745 ἰδίου

117 2781 490 2846 ἐπισκόπου,
544 2783 739 2849 ἐαυτῷ
768 2782 1102 2850 ἐπιτρέψειε
1152 2781 1269 2849 τὴν
1315 2783 1721 2852 νἕειεινουργιίκν,

106 2873 229 2927 καί
262 2873 351 2943 μὴ
402 2875 741 2949 ἀναμείνειε
775 2873 1049 2927 συνόδου
1088 2874 1315 2941 κρίσιν,
1361 2873 1573 2941 μηκέτι
1610 2872 1724 2941 χὼ-

112 2983 246 3038 ραν
311 2968 503 3023 αὐτόν
556 2952 728 3039 ἔχειν
783 2970 1138 3038 ἀπολογίας,
1177 2967 1335 3037 μηδὲ
1388 2968 1483 3037 ἐφ’
1520 2968 1727 3035 ἐτέρας

122 3057 405 3113 συνόδου
431 3059 647 3113 ’ἀλλὰ
685 3058 784 3111 καί
844 3057 987 3124 τοὺς
1035 3056 1480 3122 κοινωνοῦντας
1525 3056 1724 3119 αὑτῶ,

122 3146 445 3213 παντελῶς
464 3146 813 3212 ἐξωθεῖσθαι
840 3145 951 3215 τῆς
1004 3146 1389 3213 Ἐκκλησίας.

202 3238 393 3307 Τούτῳ
415 3237 492 3307 τῷ
520 3240 633 3308 ὅρῳ
661 3235 1158 3307 περιπεπτώκασιν
1182 3238 1237 3290 οἵ
1268 3254 1328 3289 τε
1360 3234 1723 3306 καθαιρεθέν-

125 3348 246 3394 τες,
274 3330 329 3383 οἵ
353 3346 414 3382 τε
435 3327 795 3399 ἀκοινώνητοι
829 3328 1209 3398 γεγενημένοι.
1244 3328 1419 3390 Εὐθὺς
1445 3327 1554 3397 γὰρ
1584 3326 1726 3397 μετὰ

124 3422 191 3476 τδ
216 3421 423 3491 γνῶναι
452 3420 552 3492 τὴν
588 3422 892 3492 γενομένην
928 3421 1251 3491 καθαίρεσιν
1296 3422 1390 3475 xui.
1418 3422 1724 3493 ἀκοινωνη-

129 3514 281 3576 σίαν,
307 3514 401 3568 καὶ
433 3511 985 3583 συνελειτούργησαν,
1020 3513 1117 3567 καὶ
1139 3513 1447 3567 διατελοῦσι
1482 3513 1723 3583 λειτουρ-

126 3604 378 3673 γοῦντες,
405 3604 483 3667 ὡς
503 3602 860 3667 ἀπιστοῦντες
885 3602 1129 3673 δηλονότι
1159 3603 1236 3673 τῷ
1270 3605 1529 3656 εἰπόντιί
1568 3605 1631 3657 "0
1660 3603 1723 3671 δὴ

127 3696 198 3751 ἂν
244 3696 449 3767 δήσητε
486 3697 581 3749 ἐπὶ
619 3696 717 3767 τῆς
765 3694 891 3765 γῆς,
916 3695 1069 3749 ἔσται
1098 3678 1383 3765 δεδεμένον
1411 3698 1469 3747 ἐν
1495 3697 1608 3759 τοῖς
1636 3696 1725 3747 ού-

128 3786 336 3856 ρανυίς.
366 3804 385 3837 ι

199 3960 389 4017 Ταῦτα
422 3961 863 4032 ἐϐουλευσάμεθα
902 3961 1001 4030 μὲν
1027 3960 1191 4025 εὐθὺς
1228 3965 1294 4032 τῇ
1328 3966 1397 4033 σῇ
1441 3963 1722 4037 ἁγιωσύνῃ

126 4054 421 4126 γνωρίσαι,
458 4052 936 4124 προσδοκήσαντες
984 4052 1043 4105 δὲ
1078 4052 1301 4107 ἔσεσθαί
1344 4072 1466 4109 τινα
1498 4054 1603 4109 τῶν
1633 4055 1727 4109 λυ-

127 4147 329 4218 πηρῶν
367 4145 671 4216 μεταϐολὴν
704 4144 870 4217 μέχρι
898 4145 993 4199 τοῦ
1025 4148 1291 4218 παρόντος
1330 4147 1720 4220 ἀνεμείναμεν.

140 4237 283 4291 Ἀλλ’
328 4236 677 4307 ἐψεύσθημεν
717 4239 820 4308 τῆς
869 4237 1108 4302 ἐλπίδος,
1142 4238 1406 4307 Ἔμειναν
1459 4239 1567 4311 γὰρ
1614 4242 1715 4313 τῆς

125 4326 428 4390 δυσσεϐοῦς
456 4328 661 4397 ταύτης
691 4328 955 4398 αἱρέσεως
990 4328 1461 4400 ὑπερμαχοῦντες,
1497 4330 1590 4384 καί
1620 4350 1724 4403 μη-

125 4416 187 4471 δὲ
218 4416 313 4470 τοῦ
340 4416 737 4472 εὐσεϐεστάτου
780 4416 1049 4487 βασιλέως
1076 4421 1175 4485 τὰς
1198 4421 1509 4492 συμϐουλὰς
1542 4423 1723 4476 αἰδούο

130 4523 310 4579 μενοι.
357 4507 629 4570 Πεντάκις
662 4506 773 4575 γὰρ
808 4508 908 4579 ήδη
940 4510 1035 4563 καὶ
1066 4514 1253 4575 αὐτοῖς
1297 4513 1391 4565 καὶ
1426 4515 1557 4583 ήμῖν
1597 4531 1723 4568 συν-

126 4597 471 4669 τετυχηκὼς,
532 4598 869 4667 προσέταξεν
922 4602 1140 4664 αὐτοῖς,
1190 4603 1221 4672 ἢ
1274 4603 1350 4667 ὼς
1395 4605 1615 4659 ἐναντία
1654 4609 1721 4677 τῇ

129 4689 317 4743 πίστει
354 4691 641 4745 ἐκϐάλλειν
682 4691 750 4744 τὰ
780 4692 1050 4762 Κορίλλου
1078 4695 1372 4761 κεφάλαια,
1401 4696 1433 4766 ἢ
1462 4696 1551 4749 τὸν
1582 4698 1724 4769 ὑπὲρ

124 4781 339 4836 τούτων
377 4780 737 4847 ἀναδέξασθαι
773 4784 980 4852 ἀγῶνα,
1011 4787 1105 4838 καὶ
1134 4786 1301 4851 δεῖξαι
1324 4788 1399 4852 ὡς
1434 4789 1725 4859 συμϐαίνει

126 4878 199 4949 τῇ
235 4876 343 4929 τῶν
382 4875 669 4947 μακαρίων
694 4877 958 4947 Πατέρων
996 4877 1277 4948 ὀμολδγία.
1322 4878 1587 4949 Ἐτοίμως
1615 4880 1725 4952 γὰρ

128 4954 331 5037 ἐχομεν
360 4963 472 5037 (15)
505 4966 666 5036 ἡμεῖς
695 4967 822 5028 τοὺς
857 4965 1135 5034 ἐλέγχους,
1164 4966 1231 5019 δι’
1254 4961 1329 5020 ὧν
1360 4967 1726 5038 ἀπεδείξαμεν

133 5056 222 5119 ἂν,
274 5054 351 5119 ὡς
393 5056 655 5126 ἄντικρυς
697 5055 797 5126 μὲν
845 5056 1079 5126 μάχεται
1106 5060 1221 5120 τοῖς
1269 5061 1368 5127 τῆς
1412 5059 1725 5131 όρθοδοξίας

134 5147 500 5210 διδασκάλοις,
548 5148 892 5219 συμφέρεται
925 5149 980 5202 δὲ
1009 5148 1129 5203 λίαν
1166 5153 1230 5221 τῇ
1282 5152 1391 5203 τῶν
1432 5153 1724 5222 αἱρετικῶν

129 5236 477 5309 διδασκαλίᾳ.

205 5328 458 5384 Διδάσκει
485 5328 596 5407 γὰρ
621 5330 710 5384 διὰ
739 5330 947 5387 τούτων
986 5334 1167 5386 αὐτῶν
1190 5337 1217 5388 ὁ
1238 5337 1307 5390 τὰ
1341 5340 1555 5409 πονηρὰ
1581 5338 1718 5393 ταῦ-

124 5438 201 5475 τα
228 5421 419 5486 κτίσας
465 5425 801 5493 γεννήματα,
844 5426 920 5487 ὡς
960 5428 993 5493 ή
1033 5426 1224 5496 θεότης
1273 5428 1366 5483 τοῦ
1401 5430 1723 5499 μονογενοῦς

140 5514 265 5569 1⁸ίοῦ
293 5515 428 5569 Θεοῦ
450 5514 642 5582 ἔπαθε,
668 5520 765 5569 καὶ
794 5518 893 5588 οὐχ
924 5521 956 5589 ἡ
988 5518 1345 5591 ἀνθρωπότης
1373 5524 1438 5592 ἣν
1464 5524 1605 5593 ὑπὲρ
1624 5524 1722 5594 τῆς

198 5667 316 5701 ’⁸ου
347 5669 534 5725 Matth.
576 5686 724 5739 xvm,
763 5672 851 5727 18.

211 5780 319 5852 (19)
347 5782 578 5856 διαφορᾷ
600 5784 670 5839 Μ.
706 5786 760 5840 in
791 5800 961 5857 marg.

1827 1954 2189 2008 inunieationi
2230 1954 2590 2025 subjecimus,
2640 1956 2772 2009 dum
2814 1971 2877 2009 ea
2909 1956 3417 2011 anathematizave-

1827 2044 1958 2109 rint,
2001 2045 2143 2100 etad
2167 2054 2487 2100 sanctorum
2514 2046 2737 2101 Patrum
2759 2046 3108 2104 Niczenorum
3146 2048 3305 2105 fidem
3336 2065 3421 2106 re-

1825 2136 2052 2191 dieriut.

1898 2228 2103 2283 Verum
2156 2237 2344 2283 nostra
2402 2227 2599 2292 lenitas
2650 2228 2760 2283 illis
2812 2230 2951 2284 nihil
3004 2232 3235 2302 profuit.
3281 2234 3418 2289 Nam

1827 2336 2002 2391 usque
2033 2320 2200 2375 hodie
2251 2336 2354 2391 pro
2386 2321 2670 2390 perversis
2705 2323 2814 2377 illis
2842 2323 3193 2394 dogmatibus
3220 2325 3418 2381 decer-

1828 2419 1966 2473 tant.
2008 2420 2065 2467 et
2092 2412 2242 2467 ultro
2276 2411 2329 2465 in
2359 2413 2589 2468 canonis
2632 2414 2996 2477 sanctionem,
3028 2417 3231 2471 vulnus
3257 2433 3419 2472 acce-
3494 2433 3506 2441 '

1827 2504 1999 2573 pturi,
2038 2504 2408 2574 impegerunt.
2448 2503 2627 2559 Habet
2656 2506 2703 2559 is
2730 2505 2873 2560 hanc
2907 2509 3256 2577 perspicuam
3289 2525 3419 2563 sen-

1828 2595 2054 2650 tentiam
2092 2612 2107 2648 :
2143 2594 2202 2649 Si
2237 2596 2359 2666 quis
2404 2597 2674 2667 episcoyms
2705 2615 2737 2650 a
2767 2601 2987 2669 synodo,
3022 2609 3119 2653 aut
3147 2602 3420 2673 presbyter

1827 2685 1908 2739 vel
1924 2687 2178 2740 diaconus
2220 2687 2285 2740 ab
2329 2689 2569 2758 episc0po
2606 2706 2701 2743 suo
2752 2691 3041 2760 depositus,
3089 2708 3193 2745 non
3233 2709 3418 2763 exspe-

1828 2785 1968 2830 ctato
1993 2777 2180 2847 synodi
2200 2778 2407 2847 judicio
2432 2819 2446 2842 ,
2490 2781 2660 2833 sacris
2692 2782 2997 2835 ministeriis
3037 2798 3093 2835 se
3122 2782 3417 2852 ingesserit,

1790 2869 2009 2937 .nullus
2037 2887 2091 2924 se
2120 2872 2453 2942 expurgandi
2484 2874 2647 2937 locus,
2673 2890 2739 2926 ne
2759 2875 2812 2927 in
2840 2873 2949 2935 alia
2968 2874 3175 2946 quidem
3199 2876 3420 2947 synodo,

1828 2964 1947 3015 huic
1988 2961 2200 3015 relictus
2232 2965 2249 2983 ‘
2277 2970 2406 3015 esto.
2457 2960 2561 3017 Sed
2610 2966 2708 3018 etsi
2750 2965 2840 3035 qui
2882 2974 3027 3027 sunt,
3072 2968 3161 3037 qui
3203 2984 3321 3020 cum
3361 2984 3420 3021 eo

1828 3055 2370 3120 communicaverint,
2428 3057 2483 3109 hi
2541 3057 2748 3126 penitus
2805 3058 2870 3113 ab
2930 3057 3169 3113 Ecclesia
3237 3058 3425 3131 expel-

1833 3142 2040 3198 lantur.

1902 3236 1960 3291 In
1985 3236 2127 3290 hanc
2142 3238 2485 3292 sanctionem
2509 3237 2830 3294 inciderunt
2848 3247 2957 3295 tam
2974 3241 3054 3306 hi,
3075 3242 3168 3311 qui
3194 3257 3421 3296 excom-

1827 3326 2416 3396 municationis,quam
2441 3327 2538 3391 illi,
2563 3329 2657 3397 qui
2679 3330 3045 3399 depositionis
3090 3333 3421 3385 sententiam

1827 3417 1884 3469 in
1913 3431 1970 3470 se
1997 3424 2357 3487 exceperunt.
2390 3418 2525 3472 Nam
2560 3433 2687 3473 cum
2713 3420 2957 3489 primum
2987 3435 3046 3476 se
3073 3438 3102 3474 a
3133 3422 3295 3476 nobis
3322 3423 3421 3476 de—

1825 3508 2036 3577 positos
2065 3517 2231 3579 atque
2278 3509 2791 3565 excommunicatos
2825 3511 3194 3576 resciverunt,
3234 3513 3421 3566 statim

1827 3617 1936 3655 una
1963 3601 2138 3656 sacris
2167 3602 2381 3672 operati
2403 3612 2554 3665 sunt,
2596 3611 2653 3657 et
2688 3603 2873 3659 adhuc
2900 3618 3057 3659 sacra
3084 3604 3267 3659 facere
3298 3621 3424 3675 per-

1826 3701 2115 3757 severant;
2141 3701 2402 3763 tanquam
2428 3695 2477 3749 ei
2500 3695 2662 3749 ﬁdem
2687 3711 2797 3749 non
2824 3695 3113 3758 habentes,
3132 3697 3224 3766 qui
3246 3696 3420 3751 dixit:

1834 3802 1853 3833 ι
1882 3780 2266 3852 Quodcunque
2297 3784 2602 3855 ligaveritis
2632 3785 2847 3857 1350
2866 3802 3036 3857 super
3060 3799 3289 3851 terram,
3315 3788 3423 3843 erit

1826 3874 2052 3945 ligatum
2084 3884 2140 3928 et
2169 3875 2224 3929 in
2256 3875 2413 3932 caelis
2437 3875 2582 3929 “'3’.
2619 3896 2637 3927 ι

1898 3967 2027 4023 Haec
2052 3968 2109 4022 in
2138 3968 2259 4038 ipso
2294 3983 2423 4022 mox
2452 3967 2683 4022 exordio
2718 3968 2997 4023 sanctitati
3032 3980 3141 4026 tua:
3172 3971 3420 4028 indicare

1826 4061 2221 4133 cogitavimus;
2246 4076 2439 4114 verum
2470 4059 2799 4115 mutationis
2832 4061 3091 4132 alicujus,
3114 4071 3169 4118 et
3199 4080 3230 4118 a
3260 4065 3422 4123 malis

1827 4154 1980 4210 hisce
1996 4154 2325 4210 emersionis
2346 4169 2441 4223 spe
2461 4153 2636 4218 ducti,
2661 4153 2930 4209 hactenus
2956 4158 3419 4225 exspectavimus.

1824 4246 1896 4302 At
1940 4263 2007 4303 ea
2036 4262 2139 4302 nos
2177 4262 2304 4316 spes
2342 4246 2554 4301 fefellit.
2602 4247 2739 4302 Nam
2774 4264 2961 4318 neque
3004 4250 3229 4320 impiam
3278 4252 3420 4307 hanc

1826 4340 2061 4396 haeresin
2078 4354 2429 4411 propugnare
2457 4339 2810 4404 destiterunt,
2837 4356 3018 4411 neque
3053 4343 3289 4412 piissimi
3318 4346 3422 4399 im-

1825 4430 2102 4500 peratoris
2134 4430 2365 4485 consilia
2396 4438 2739 4485 reverentur.
2778 4431 2998 4485 Etenim
3023 4433 3279 4501 quintum
3304 4435 3420 4505 jam

1755 4553 1799 4608 ι)
1830 4537 1935 4577 nos
1962 4529 2022 4577 et
2052 4522 2204 4592 ipsos
2238 4521 2457 4585 affatus,
2502 4522 2612 4576 illis
2640 4522 2864 4593 quidem
2907 4524 3211 4588 mandavit,
3244 4534 3306 4579 ut
3332 4527 3419 4582 vel

1828 4612 2007 4681 capita
2030 4612 2219 4683 Cyrilli
2247 4620 2506 4681 tanquam
2528 4627 2655 4665 cum
2682 4611 2787 4667 tide
2812 4614 3111 4683 pugnantia
3142 4616 3417 4685 rejiciant,

1822 4707 1911 4760 vel
1942 4714 2090 4760 certe
2118 4714 2376 4775 suscepto
2396 4706 2449 4759 in
2470 4722 2664 4761 eorum
2687 4706 3066 4762 defensionem
3091 4709 3422 4775 certamine,

1824 4806 2141 4850 sanctorum
2163 4795 2386 4850 Patrum
2410 4796 2744 4853 confessioni
2772 4806 3145 4853 consentanea
3175 4814 3295 4854 esse
3321 4815 3421 4870 pa-

1822 4886 1931 4940 lam
1957 4886 2179 4941 faciant.
2215 4886 2275 4941 ln
2297 4897 2556 4958 promptu
2585 4888 2737 4942 enim
2769 4900 3093 4960 argumenta
3129 4890 3418 4955 habemus,

1825 4992 1926 5046 per
1974 4994 2100 5047 quae
2133 4979 2418 5034 ostensuri
2453 4995 2696 5046 eramus,
2734 4980 2881 5049 quod
2913 4982 3236 5038 orthodoxae
3290 4984 3421 5040 fidei

1824 5069 2154 5125 doctoribus
2209 5071 2504 5126 manifeste
2555 5071 2943 5140 adversantur,
3002 5073 3424 5147 plurimumque

1825 5162 2216 5218 haereticorum
2246 5164 2515 5220 doctrinae
2544 5166 2921 5221 consentiunt.

1893 5342 2191 5397 Enimvero
2232 5343 2398 5399 homo
2440 5359 2827 5415 perversorum
2869 5350 3180 5419 germinum
3228 5361 3426 5411 auctor

1829 5450 1929 5504 per
1975 5434 2094 5489 haec
2157 5435 2274 5505 ipsa
2322 5436 2516 5499 docet,
2565 5436 2911 5495 divinitatem
2975 5442 3245 5514 unigeniti
3295 5444 3422 5498 Filii

1831 5524 1927 5581 Dei
1974 5541 2189 5596 passam
2224 5542 2368 5593 esse,
2407 5544 2519 5583 non
2563 5541 2746 5585 autem
2782 5533 3205 5601 humanitatem,
3254 5550 3423 5606 quam

1900 5794 2012 5867 (15)
2045 5798 2263 5868 εἴχομεν
2293 5798 2361 5852 M.
2398 5800 2453 5855 in
2482 5801 2745 5871 margine.
