4086 6326
696 329 826 397 H9!

1311 329 1797 392 THEODORETI
1839 326 2176 391 EPISCOPI
2215 321 2582 384 CYRENSIS
2622 318 2982 381 EPISTULA
3018 314 3323 378 CLXXXI.

3833 305 3968 369 1492

691 440 1033 498 contristavit
1069 452 1200 494 vero
1249 437 1477 492 forsitan
1529 445 1808 502 mortuos;
1853 446 1911 491 et
1961 435 2125 490 timor
2154 440 2259 494 est,
2298 436 2335 488 Α
2368 436 2470 482 ista
2527 426 2649 496 qua:
2703 405 3110 495 divulgantur:
3152 421 3414 492 quoniam
3471 432 3611 471 vero
3661 414 3775 470 vidi
3830 416 3964 478 sola.

693 548 763 587 ne
803 530 1118 604 pnegravati
1164 531 1286 602 ejus
1329 529 1768 592 conversatione,
1813 527 2011 582 iterum
2058 526 2126 580 ad
2165 538 2266 579 nos

695 621 1003 685 remittant,
1038 619 1122 674 vel
1163 619 1288 674 illos
1317 617 1601 688 diﬂ'ugiat,
1651 617 1744 688 qui
1793 633 1921 671 eum
1965 617 2264 680 abducunt,

695 712 834 767 sicut
855 711 943 766 ille
975 720 1235 782 tyrannus
1259 709 1473 781 Cynisci
1498 707 1723 762 Luciani
1754 707 1890 778 (τι).

775 821 1190 878 Procurandum
1223 820 1394 890 igitur
1414 827 1520 883 est,
1553 827 1610 872 et
1640 827 1864 888 oportet
1890 827 2040 871 tuam
2066 814 2269 876 sancti-

700 918 864 966 tatem
899 910 1133 964 maxime
1177 909 1318 962 hanc
1357 909 1636 977 suscipere
1669 905 2062 966 festinantiam,
2094 912 2151 956 ct
2175 903 2268 972 ju-

699 999 829 1051 bere
873 997 1102 1068 collegio
1135 1004 1382 1050 mortuos
1428 995 1847 1064 asportantium,
1894 992 2133 1062 lapidem
2167 991 2269 1044 ali-

695 1102 857 1155 quem
907 1086 1202 1138 niaximum
1254 1094 1310 1138 et
1359 1084 1738 1154 gravissimum
1786 1083 2039 1151 sepulcro
2092 1081 2270 1150 impo-

697 1192 855 1241 nere,
895 1193 961 1231 ne
1001 1177 1200 1230 iterum
1232 1177 1339 1231 huc
1382 1176 1662 1246 perveniat
1699 1176 1834 1246 (78),
1868 1181 1926 1228 et
1957 1173 2269 1228 instabilem

696 1269 1037 1323 voluntatem
1067 1268 1268 1322 iterum
1297 1268 1656 1322 demonstret.

771 1378 1009 1434 Infernis
1045 1395 1189 1435 nova
1218 1380 1469 1449 dogmata
1492 1378 1705 1441 all'erat,
1741 1377 1816 1431 ibi
1841 1377 1938 1431 diu
1971 1386 2268 1447 noctuque,

700 1471 844 1531 sicut
869 1471 1004 1534 vult,
1027 1470 1447 1525 sermocinetur.
1484 1469 1602 1524 Non
1628 1469 1775 1531 enim
1811 1470 2087 1532 timemus,
2124 1484 2192 1522 ne
2216 1477 2273 1523 et

701 1559 822 1613 illos
845 1558 1059 1618 dividat
1073 1559 1333 1613 adversus
1351 1559 1609 1627 pietatem
1633 1557 1842 1627 1363
1871 1557 2088 1626 publice
2139 1557 2274 1610 allo-

700 1662 893 1716 quens,
917 1658 974 1702 et
1005 1656 1178 1701 morte
1218 1647 1570 1701 circumdans
1588 1656 1840 1703 naturain
1873 1647 2268 1700 immortalem.

703 1737 1046 1808 l.apidabunt
1062 1742 1210 1794 enim
1225 1753 1373 1803 eum,
1393 1753 1501 1792 nou
1522 1738 1695 1793 solum
1717 1738 1813 1807 qui
1831 1737 2020 1792 divina
2042 1738 2272 1792 scientia

701 1830 906 1884 eruditi
941 1841 1089 1891 sunt.
1127 1829 1222 1885 sed
1249 1832 1413 1885 etiam
1452 1840 1508 1885 et
1535 1831 1794 1895 Nemrod,
1838 1841 1896 1885 et
1946 1831 2179 1891 Pharao.
2218 1838 2275 1884 et

704 1921 1099 1985 Sennacllerib,
1134 1921 1268 1976 et‘si
1296 1921 1422 1990 quis
1453 1937 1646 1976 eorum
1691 1921 1889 1977 similis
1921 1932 2005 1977 est
2041 1923 2134 1976 Dei
2170 1923 2273 1976 im-

704 2019 996 2080 pugnator.

776 2121 882 2176 Sed
921 2121 1068 2175 enim
1119 2122 1238 2175 sine
1289 2137 1452 2176 causa
1500 2121 1669 2175 multa
1725 2123 1918 2191 loquar
1953 2123 2098 2190 (79);
2149 2123 2274 2178 silet

703 2211 853 2264 enim
897 2210 1062 2265 niiser
1089 2211 1310 2265 invitus.
1355 2231 1373 2260 ο
1413 2211 1737 2280 Egredietur
1755 2212 1922 2276 enim,
1959 2213 2093 2268 dicit
2123 2213 2274 2268 Scri-

704 2308 873 2368 ptura
913 2300 1045 2370 (80),
1094 2299 1319 2368 spiritus
1352 2301 1490 2369 ejus,
1541 2308 1598 2355 et
1649 2311 1958 2355 revertetur
2002 2302 2058 2355 in
2089 2303 2276 2371 pulve-

706 2406 818 2443 rem
859 2394 874 2408 '
906 2405 1089 2454 suum,
1123 2391 1178 2443 in
1217 2390 1312 2444 illo
1340 2391 1429 2444 die
1465 2391 1723 2459 peribunt
1763 2407 1955 2447 omnes
1987 2394 2275 2462 cogitatio-

701 2495 801 2535 nes
825 2482 890 2534 ’⁸.
927 2501 944 2532 ι
970 2482 1075 2536 Iste
1116 2495 1252 2535 vero
1277 2490 1332 2536 et
1359 2481 1508 2535 aliud
1541 2481 1707 2535 habet
1733 2479 2035 2537 silentium.
2061 2483 2277 2536 Nudata

702 2573 852 2625 enim
906 2572 1053 2627 illius
1095 2571 1236 2625 facta
1277 2572 1501 2641 alligant
1547 2571 1828 2642 linguam,
1867 2572 2164 2626 obstruunt
2191 2589 2274 2638 os,

705 2664 921 2716 frenant
958 2679 1200 2728 sensum,
1240 2664 1400 2719 silere
1429 2663 1658 2729 facium,
1685 2665 1742 2718 in
1777 2673 1979 2719 terram
2014 2664 2278 2719 inclinare

704 2761 926 2821 cogunt.
1680 2823 1684 2827 ἱ

772 2845 900 2898 ideo
930 2847 1128 2917 plango
1159 2846 1419 2902 miserum
1458 2857 1515 2903 et
1539 2849 1730 2918 ploro:
1769 2863 1873 2903 nec
1908 2846 2054 2901 enim
2086 2861 2275 2916 puram

705 2935 839 2990 mihi
867 2936 1284 2993 delectationem
1320 2939 1450 2994 fecit
1486 2941 1680 2995 mortis
1707 2941 1828 3011 ejus
1852 2941 2148 3002 nuntiatio,
2181 2939 2276 2994 sed

701 3025 897 3081 dolore
927 3028 1260 3096 permistam.
1303 3029 1478 3083 Laetor
1519 3031 1667 3084 enim
1697 3038 1753 3083 et
1799 3028 2099 3100 jucundor,
2130 3029 2280 3098 ejus-

2368 516 2672 586 eadenique
2696 530 2888 570 omnes
2913 514 3182 577 dicentes,
3220 511 3598 566 necessarium
3625 508 3964 570 existimavi,

2369 608 2654 661 veritatem
2684 622 2714 660 a
2747 616 2837 661 tua
2864 605 3078 660 discere
3110 604 3396 659 sanctitate
3419 620 3433 655 ;
3453 611 3518 656 ut
3540 600 3626 653 vel
3660 597 3964 660 rideamus,

2370 708 2558 768 utpote
2584 698 2739 762 falsa,
2771 705 2867 752 aut
2893 706 2951 750 ut
2976 711 3126 760 vera,
3160 696 3354 750 merito
3379 695 3698 766 lugeamus.

2369 838 2649 894 CLXXXI.
2708 868 2779 878 —
2841 833 3086 907 Epistola
3146 835 3220 888 ad
3283 834 3588 907 ᾼιηιηάὶκιη
3651 829 3964 891 Comensem

2932 907 3233 976 episcopum
3271 905 3405 975 (δι).

2445 1038 2675 1092 Domino
2722 1053 2848 1093 vere
2897 1037 3118 1092 amabili
3171 1047 3335 1104 atque
3393 1034 3763 1090 sanctissimo
3812 1035 3964 1090 fratri

2371 1132 2649 1194 Abundio,
2677 1130 3058 1186 Theodorctus
3086 1129 3140 1182 in
3164 1128 3397 1182 Domino
3427 1127 3696 1181 salutem.

2443 1221 2720 1290 Comperi,
2749 1221 2895 1290 quod
2927 1229 3111 1274 vestra
3160 1219 3352 1288 religio
3393 1233 3584 1272 veram
3612 1225 3676 1271 et
3706 1216 3964 1286 apostoli-

2374 1327 2492 1367 cam
2519 1311 2680 1365 fidem
2717 1310 2805 1379 pia
2832 1320 3018 1364 mente
3042 1317 3364 1369 conservet;
3407 1315 3466 1361 et
3497 1308 3718 1376 gratias
3743 1307 3832 1375 egi
3857 1306 3964 1360 Deo

2372 1402 2756 1472 omnipotenti,
2797 1401 2943 1472 quod
2976 1401 3170 1470 religio
3197 1441 3212 1463 ,
3243 1415 3364 1468 quae
3392 1398 3849 1468 periclitabatur,
3879 1413 3964 1451 re-

2376 1503 2575 1548 novata
2618 1503 2704 1549 est
2747 1508 2846 1563 per
2886 1491 3235 1548 sanctitatem
3268 1497 3504 1543 vestram
3531 1529 3548 1554 ,
3599 1497 3662 1543 et
3709 1489 3871 1542 venit
3913 1489 3966 1540 in

2373 1585 2574 1640 lucem.

2445 1677 2515 1732 Et
2547 1678 2690 1732 sicut
2727 1675 2935 1731 dudum
2963 1675 3020 1729 in
3056 1673 3268 1729 diluvio
3293 1671 3495 1726 factum
3525 1681 3636 1735 est,
3680 1679 3747 1724 nt
3780 1671 3849 1724 ad
3882 1685 3963 1724 se-

2307 1802 2348 1857 B
2374 1783 2500 1822 men
2533 1767 2752 1837 generis
2789 1765 3040 1827 humani,
3077 1763 3193 1818 Noe
3227 1771 3284 1817 et
3317 1760 3415 1814 filii
3443 1760 3568 1831 ejus
3611 1760 3805 1814 relicti
3837 1760 3964 1817 sint.

2385 1857 2596 1928 1365
2637 1857 2714 1911 ita
2750 1855 2808 1909 in
2854 1853 3111 1924 praesenti
3173 1851 3548 1906 occidentales
3593 1851 3799 1904 Patres
3844 1859 3969 1903 sunt

2379 1948 2666 2014 reservati,
2709 1954 2768 2001 ut
2808 1961 2877 2001 ex
2915 1945 2984 1999 iis
3014 1944 3200 1999 etiam
3250 1942 3552 1997 orientales
3602 1952 3970 1996 sacrosanch

2377 2040 2634 2095 Ecclesia:
2682 2051 2870 2092 veram
2911 2034 3228 2090 custodiant
3274 2033 3628 2104 religionem,
3669 2048 3842 2103 qnam
3885 2048 3971 2086 va-

2376 2140 2522 2184 stare
2560 2131 2673 2200 jam
2719 2137 2777 2182 et
2819 2125 3089 2182 devorare
3136 2125 3358 2195 penitus
3400 2125 3679 2194 sacrilega
3733 2131 3792 2177 et
3837 2136 3969 2175 nova

2378 2225 2603 2280 baaresis
2629 2221 2897 2278 tentabat.
2936 2221 3080 2289 Ergo
3123 2217 3237 2291 (85)
3283 2228 3601 2287 opportune
3644 2216 3764 2271 dici
3796 2227 3970 2286 potest

2377 2334 2482 2371 vox
2505 2317 2598 2372 illa
2628 2314 2950 2386 prophetica
2978 2332 2991 2366 :
3029 2333 3046 2364 ι
3075 2313 3191 2368 Nisi
3217 2313 3483 2367 Dominus
3505 2312 3762 2367 Sabaoth
3788 2329 3968 2368 semen

2378 2408 2540 2462 nobis
2573 2408 2902 2476 reliquisset,
2941 2404 3152 2460 similes
3187 2404 3314 2458 facti
3349 2415 3603 2458 essemus
3624 2445 3638 2468 ,
3689 2403 3966 2473 quomodo

2378 2495 2612 2550 Sodoma
2661 2503 2717 2549 et
2754 2493 3137 2558 Gomorrha’;
3179 2511 3197 2542 ι
3238 2492 3376 2546 adeo
3419 2492 3604 2552 nobis,
3658 2492 3826 2562 quasi
3873 2494 3968 2545 ali-

2377 2587 2522 2655 quod
2563 2585 2856 2650 diluvium,
2895 2593 2952 2639 et
2976 2584 3181 2637 bellum
3213 2583 3400 2637 evenit
3439 2583 3518 2636 ira
3547 2583 3646 2636 Dei
3679 2567 3773 2637 ex
3809 2583 3967 2653 impia

2380 2676 2596 2732 haeresi.

2448 2767 2605 2821 Nunc
2636 2779 2771 2820 vero
2814 2764 3114 2820 Salvatoris
3141 2763 3315 2818 nostri
3348 2763 3411 2818 in
3443 2777 3684 2833 corpore
3733 2764 3966 2818 humano

2379 2854 2746 2925 praesentiam,
2776 2863 2836 2908 et
2865 2867 3037 2907 unum
3067 2851 3268 2906 Filium
3293 2852 3410 2916 Dei,
3434 2861 3494 2906 et
3519 2850 3833 2921 perfectam
3859 2853 3968 2922 ejus

2378 2946 2662 3009 deitatem,
2684 2951 2742 2998 et
2763 2943 3062 3013 perfectam
3088 2941 3486 2996 humanitatem
3515 2940 3880 3005 conﬁtemur,
3919 2951 3968 2995 et

2381 3053 2489 3090 non
2521 3036 2577 3089 in
2611 3034 2749 3089 duos
2779 3033 2923 3087 ﬁlios
2963 3048 3132 3086 unum
3172 3032 3465 3086 Dominum
3494 3040 3758 3087 nostrum
3791 3033 3966 3087 Iesum

709 3117 853 3171 modi
885 3119 1196 3187 pestilentia
1223 3136 1515 3174 commune
1560 3122 1815 3176 Ecclesia:
1855 3121 2049 3175 videns
2069 3121 2274 3198 libera-
2304 3141 2347 3197 ε
2380 3122 2661 3177 Christum
2699 3121 3027 3185 dividimus;
3067 3131 3154 3175 est
3180 3121 3330 3175 enim
3369 3121 3567 3176 unicus
3618 3139 3632 3174 :
3675 3123 3779 3176 sed
3824 3122 3970 3176 diﬁc-

714 3216 860 3273 tum;
912 3208 1209 3264 contristor
1254 3225 1385 3264 vero
1424 3219 1479 3264 et
1510 3212 1664 3280 ploro
1703 3210 1974 3280 cogitans,
1999 3211 2147 3282 quod
2175 3227 2278 3268 nec

710 3299 956 3368 requiem
997 3302 1264 3356 malorum
1303 3301 1637 3358 miserabilis
1676 3306 2002 3373 susceperit,
2040 3305 2133 3359 sed
2170 3322 2274 3360 ma-

701 3391 822 3461 jora
845 3402 901 3446 et
931 3395 1117 3463 pejora
1148 3403 1490 3462 pertentans,
1522 3395 1817 3449 defunctus
1841 3405 1945 3450 est.
1975 3396 2282 3451 Somniavit

703 3484 874 3548 enim,
902 3485 1046 3538 sicut
1075 3485 1288 3549 dicunt,
1314 3493 1371 3540 et
1406 3486 1608 3556 regiam
1633 3485 1822 3541 urbem
1854 3488 2200 3556 perturbare,
2227 3497 2283 3542 et

705 3578 814 3648 piis
844 3579 1042 3634 iterum
1077 3579 1428 3648 dogmatibus
1445 3595 1769 3650 repugnare,
1808 3589 1863 3634 et
1901 3590 2047 3635 tuam
2082 3583 2284 3637 sancti-

708 3678 874 3723 tatem
901 3684 1183 3731 accusare,
1210 3679 1397 3738 utpote
1423 3686 1486 3724 ea
1508 3671 1802 3725 colentem.
1827 3669 1934 3725 Sed
1957 3670 2094 3726 vidit
2115 3671 2280 3736 Deus,

705 3768 764 3815 et
797 3777 907 3815 non
938 3761 1188 3831 despexit
1234 3762 1370 3833 (8|).
1412 3781 1430 3813 ι
1481 3763 1718 3818 Immisit
1761 3779 1895 3818 vero
1928 3764 2092 3833 φιμδν
2130 3765 2185 3818 in
2220 3779 2283 3819 os

704 3850 860 3920 ejus,
911 3860 967 3905 et
997 3850 1210 3906 frenum
1261 3853 1316 3906 in
1366 3852 1508 3907 labia
1561 3853 1702 3922 ejus,
1740 3865 1798 3908 et
1833 3855 2036 3909 avertit
2069 3869 2196 3908 eum
2225 3855 2283 3908 in

707 3949 916 3996 terram
942 3941 1075 4013 (8‘2),
1102 3959 1169 3997 ex
1192 3959 1300 4011 qua
1315 3953 1567 4013 sumptus
1592 3946 1752 3999 est‘.»
1779 3945 1898 4000 Fiat
1920 3961 2055 4001 vero
2081 3947 2287 4002 oratio-

709 4031 873 4087 nibus
906 4042 1012 4088 tuas
1055 4033 1396 4098 sanctitatis,
1426 4042 1486 4088 ut
1515 4035 1944 4090 misericordiam
1975 4046 2032 4091 et
2065 4039 2282 4092 veniam

707 4135 1098 4194 consequatur,
1121 4134 1176 4179 et
1192 4125 1374 4180 vincat
1397 4125 1663 4181 immensa
1695 4127 1790 4182 Dei
1815 4127 2104 4182 clementia
2135 4128 2286 4184 illius

710 4214 1130 4284 malignitatem.
1633 4283 1635 4286 ι

783 4305 933 4374 Rogo
960 4319 1089 4359 vero
1116 4313 1266 4360 tuam
1300 4306 1666 4372 sanctitatem,
1717 4309 1931 4364 solvere
1977 4309 2138 4364 nobis
2169 4313 2288 4367 ani-

710 4409 811 4448 ma:
872 4395 1140 4448 tumultus
1184 4411 1198 4448 :
1245 4394 1494 4463 plurimae
1545 4395 1691 4449 enim
1743 4403 1809 4450 et
1846 4389 2076 4453 diversa
2127 4399 2286 4454 famae

709 4484 1133 4549 circumsonant,
1179 4492 1235 4540 et
1269 4501 1370 4541 nos
1400 4487 1744 4556 perturbant,
1777 4503 2100 4543 communes
2138 4491 2283 4545 cala-

710 4575 928 4629 mitates
955 4575 1362 4630 annuntiantes.
1404 4576 1639 4642 Quidam
1669 4593 1802 4634 vero
1832 4585 1982 4633 tuam
2017 4595 2280 4636 reveren-

713 4667 845 4723 tiam
888 4668 1162 4737 proticisci
1204 4669 1396 4723 dicunt
1447 4669 1514 4722 ad
1564 4671 1906 4736 comitatum,
1940 4672 2060 4727 sine
2083 4674 2280 4754 volup-

713 4766 842 4824 tate,
871 4766 928 4814 et
951 4771 1123 4828 usque
1149 4774 1298 4814 nunc
1328 4759 1697 4830 despiciebam
1731 4760 1866 4833 (85),
1899 4771 2087 4834 utpote
2119 4763 2277 4830 falsa,

773 4939 821 4973 ”
851 4938 994 4995 Psal.
1019 4957 1170 5007 chv,
1195 4943 1248 4997 5.
1329 4945 1345 4976 ¹
1378 4943 1482 5000 lsa.
1511 4961 1710 5000 xxxvu.
1744 4945 1837 5000 26.
1907 4948 1927 4978 ³
1950 4946 2055 5010 lsa,
2089 4963 2126 5010 ι,
2158 4947 2209 5002 9.

785 5095 1016 5171 (77)“lta
1040 5097 1325 5171 legendum
1353 5115 1474 5155 esse
1499 5100 1612 5171 jam
1643 5099 1825 5171 plures
1851 5099 2277 5171 admonuerunt,

715 5181 841 5223 cum
880 5167 1015 5221 alias
1055 5167 1114 5221 in
1162 5168 1320 5224 libris
1352 5167 1604 5225 vettfsit
1634 5167 1659 5222 ἱ
1687 5169 1819 5239 Cym'
1867 5169 2112 5225 Ciliciam
2167 5171 2284 5225 sine

715 5251 902 5310 sensu,
949 5239 1173 5310 propius
1212 5239 1682 5310 ad_veritatemin
1717 5240 1840 5294 aliis
1875 5257 1888 5293 ε
1927 5239 2286 5310 Cynicilitiani

717 5308 756 5361 f.
782 5305 1180 5379 cuniculutiani.
1223 5307 1302 5361 Ad
1343 5308 1562 5362 ΙΑιεὶιηὶ
1599 5309 1875 5379 dialogum
1915 5305 2160 5379 respicit,
2193 5309 2288 5378 qui

715 5382 803 5432 est
836 5375 978 5446 inter
1015 5376 1255 5446 dialogos
1299 5387 1638 5432 mortuorum
1682 5375 1786 5432 sub
1833 5375 2055 5433 nomine
2101 5375 2289 5431 Κατῖἀ-

719 5446 890 5520 ulces
912 5445 958 5520 If:
982 5445 1274 5520 Ttipavvos,
1302 5448 1394 5520 ubi
1496 5449 1613 5520 7,_t.
1644 5447 1684 5510 1,
1710 5464 1764 5517 p.
1792 5447 1915 5520 θῷε,
1940 5448 2072 5502 edit.
2106 5449 2280 5504 Reitz.

721 5513 1117 5586 coll.§'9,_l0)
1175 5517 1387 5571 inducit
1434 5513 1727 5586 Cyniscuni
1782 5518 2169 5573 admonentem
2224 5528 2285 5572 ut

723 5583 1131 5657 Megapentiiem
1190 5583 1493 5656 tyrannum'
1530 5588 1793 5652 vinciant,
1837 5602 1909 5642 ne
1948 5587 2016 5642 ad
2059 5603 2289 5657 superos

725 5652 968 5715 aufugiat
987 5670 1054 5707 ex
1077 5652 1227 5708 orco;

797 5721 906 5794 (78)
949 5723 1245 5779 Perveuiret
1285 5733 1338 5781 et
1363 5741 1484 5781 mox
1524 5727 1905 5782 demonstraret
1935 5726 2105 5782 Mans.

2384 3213 2619 3270 reutiam
2661 3213 2760 3269 Dei
2807 3220 2864 3268 et
2908 3211 3151 3267 hominis
3207 3211 3615 3282 cognoscimus,
3660 3221 3724 3266 et
3774 3213 3970 3268 scimus

2381 3307 2528 3377 quod
2562 3308 2796 3361 alterum
2829 3321 2898 3361 ex
2925 3303 3087 3359 Patre
3111 3310 3218 3368 est,
3242 3302 3478 3359 alterum
3505 3318 3576 3356 ex
3614 3304 3835 3358 semine
3869 3303 3969 3358 Da-

2379 3396 2469 3450 vid
2493 3403 2550 3451 et
2568 3395 2868 3458 Abraham,
2893 3396 3048 3465 juxta
3076 3394 3294 3449 divinas
3337 3392 3676 3464 Scripturas,
3713 3394 3968 3466 quodque

2381 3488 2570 3542 divina
2593 3488 2818 3556 quidem
2847 3497 3046 3541 natura
3076 3487 3197 3541 sine
3224 3487 3479 3556 passione
3507 3495 3616 3550 est,
3639 3502 3852 3557 corpus
3873 3504 3966 3541 au-

2383 3589 2491 3634 tem
2541 3589 2668 3635 ante
2719 3579 2944 3648 quidem
2985 3587 3106 3633 erat
3150 3579 3206 3632 in
3240 3578 3518 3651 passione,
3568 3594 3724 3634 nunc
3765 3596 3897 3634 vero
3916 3591 3967 3634 et

2383 3669 2564 3740 ipsum
2620 3670 2864 3724 alienum
2918 3677 3004 3723 est
3051 3683 3081 3722 a
3138 3667 3389 3736 passione
3434 3684 3448 3719 :
3495 3681 3626 3721 nam
3682 3676 3964 3737 postquam

2381 3759 2647 3824 surrexit,
2678 3760 2748 3813 ab
2778 3760 2928 3814 omni
2956 3760 3222 3829 passione
3246 3764 3460 3811 constat
3481 3771 3604 3811 esse
3652 3757 3960 3813 libentem.

2460 3850 2589 3906 Hac
2620 3866 2687 3905 ex
2718 3849 2924 3905 litteris
2961 3847 3296 3907 sanetiSsimi
3333 3862 3399 3902 ac
3441 3845 3849 3916 religiosissimi
3880 3863 3965 3902 ar-

2381 3942 2717 4012 chiepiscopi
2760 3941 2972 3996 domini
2998 3940 3174 3995 nostri
3211 3937 3414 3993 Leonis
3449 3935 3772 3992 didicimus.
3820 3938 3961 4009 Legi-

2385 4050 2509 4088 mus
2539 4034 2689 4089 enim
2729 4048 2852 4102 quae
2890 4031 2957 4087 ad
2999 4039 3202 4086 sanctas
3231 4039 3286 4086 et
3328 4029 3503 4084 beata
3543 4030 3827 4083 memoriae
3851 4031 3958 4084 Fla.

2383 4125 2608 4179 vianum
2641 4124 2884 4194 scripsit,
2925 4131 2982 4178 ct
3007 4121 3212 4193 gratias
3255 4119 3470 4189 egimus
3504 4117 3748 4173 Domino
3785 4131 3958 4175 nostro

2384 4216 2786 4271 humanissimo
2815 4215 2951 4279 Deo,
2979 4212 3126 4283 quod
3156 4211 3484 4267 advocatum
3510 4215 3568 4262 et
3594 4222 3956 4282 propugnato-

2384 4324 2500 4366 rem
2525 4307 2776 4362 veritatis
2809 4305 3142 4361 invenimus.

2458 4398 2553 4455 llis
2581 4408 2637 4454 et
2664 4413 2766 4469 ego
2788 4397 2990 4452 litteris
3008 4395 3286 4461 consensi,
3313 4403 3372 4451 et
3404 4394 3540 4450 huic
3569 4396 3817 4465 epistola
3839 4409 3954 4448 mea

2319 4482 2360 4535 D
2387 4489 2698 4559 exemplum
2734 4503 2925 4542 earum
2959 4484 3212 4556 copula’vi
3237 4526 3252 4548 ,
3293 4484 3382 4539 cui
3418 4484 3590 4539 etiam
3629 4483 3949 4553 subscripsi.

2387 4594 2445 4639 et
2481 4599 2549 4638 ex
2591 4583 2697 4636 hoc
2739 4580 2992 4651 probavi,
3038 4578 3185 4648 quod
3219 4569 3454 4648 regulas'
3466 4577 3828 4648 apostolica,
3863 4576 3952 4629 hoc

2387 4682 2492 4738 est,
2537 4688 2669 4729 vera
2693 4672 2952 4742 dogmata
2993 4685 3218 4742 sequor,
3253 4668 3533 4740 hodieque
3557 4669 3614 4725 in
3646 4667 3737 4726 his
3763 4681 3951 4740 perma-

2388 4781 2516 4833 neo,
2549 4773 2607 4822 et
2645 4764 2772 4821 ideo
2801 4761 3012 4821 bellum
3037 4760 3239 4833 patior.

2457 5102 2572 5173 (79)
2610 5102 2819 5173 Loquor
2848 5100 2976 5173 libri
3005 5109 3138 5155 vett.
3159 5098 3318 5173 apud
3342 5094 3541 5162 Belua.

2455 5169 2569 5241 (80)
2609 5169 2888 5242 Scriptura
2921 5171 3080 5226 abest
3103 5186 3134 5225 a
3157 5169 3328 5224 Mans.

2465 5240 2579 5309 (8i)
2624 5240 2772 5303 Videt
2802 5240 2976 5296 Mans.

2485 5310 2573 5366 82)
2616 5311 2780 5364 'Ierra
2808 5310 2983 5365 Mans.

2485 5315 2573 5378 82)
2616 5315 2780 5364 'Ierra
2808 5315 2983 5365 Mans.

2460 5315 2573 5450 i235)
2610 5380 2738 5450 Sine
2772 5379 3044 5450 uoluntate
3085 5379 3198 5449 ejus
3252 5392 3372 5447 qui:
3422 5393 3561 5429 nunc
3601 5372 3953 5446 despiciebant.

2399 5448 2570 5522 Paris.
2598 5448 2744 5522 apud
2770 5449 2996 5522 Baluzm
3109 5448 3116 5449 ί
3218 5515 3230 5522 _
3557 5515 3573 5522 _
3691 5514 3703 5522 ,

2470 5520 2592 5600 (84).
2624 5511 2774 5604 lianc
2805 5519 3089 5604 epistolam
3125 5515 3380 5604 'pr‘imus,
3426 5515 3574 5604 quaod
3627 5514 3762 5578 seio,
3799 5511 3948 5568 edidit

2388 5584 2665 5643 Bai-onius
2693 5584 2892 5642 Amici.
2930 5590 3000 5642 ad
3027 5607 3080 5642 α.
3117 5584 3237 5651 450,
3265 5601 3317 5655 p.
3353 5601 3424 5640 in.
3451 5584 3573 5639 εει.

2471 5658 2580 5730 (83)
2623 5657 2708 5712 Et.
2735 5658 2859 5713 Bar.
