  <div class='ocr_page' id='page_1' title='image "/cluster/home/n/w/nwhite01/storage/ocr_20150623/83/hvd.32044073502072/010.png"; bbox 0 0 4006 6202; ppageno 0'>
   <div class='ocr_carea' id='block_1_1' title="bbox 374 327 3644 404">
    <p class='ocr_par' dir='ltr' id='par_1_1' title="bbox 378 331 3640 400">
     <span class='ocr_line' id='line_1_1' title="bbox 378 331 3640 400; baseline -0.004 0"><span class='ocrx_word' id='word_1_1' title='bbox 535 353 702 390; x_wconf 78' lang='grc'><strong>-“</strong></span> 
     </span>
     <span class='ocr_line' id='line_1_2' title="bbox 665 370 3576 387; baseline -0.002 2"><span class='ocrx_word' id='word_1_2' title='bbox 665 383 684 387; x_wconf 84' lang='lat'><strong>-</strong></span> <span class='ocrx_word' id='word_1_3' title='bbox 835 376 1391 385; x_wconf 39' lang='lat'><strong>._-,__-__,-...__._.</strong></span> <span class='ocrx_word' id='word_1_4' title='bbox 1443 374 1516 380; x_wconf 35' lang='grc' dir='ltr'><strong>ν--</strong></span> <span class='ocrx_word' id='word_1_5' title='bbox 1621 370 1866 378; x_wconf 83' lang='lat'><strong>.___</strong></span> <span class='ocrx_word' id='word_1_6' title='bbox 2170 371 3222 378; x_wconf 74' lang='lat'><strong>..___________._____--___</strong></span> <span class='ocrx_word' id='word_1_7' title='bbox 3267 375 3459 382; x_wconf 44' lang='lat' dir='ltr'><strong>.w-</strong></span> 
     </span>
    </p>
   </div>
   <div class='ocr_carea' id='block_1_2' title="bbox 1004 579 3021 653">
    <p class='ocr_par' dir='ltr' id='par_1_2' title="bbox 1004 579 3021 653">
     <span class='ocr_line' id='line_1_3' title="bbox 1004 579 3021 653; baseline -0.004 -3"><span class='ocrx_word' id='word_1_8' title='bbox 1004 586 1464 653; x_wconf 76' lang='lat' dir='ltr'><strong>BENEVOLO</strong></span> <span class='ocrx_word' id='word_1_9' title='bbox 1516 580 1885 647; x_wconf 83' lang='lat' dir='ltr'><strong>LECTORI</strong></span> <span class='ocrx_word' id='word_1_10' title='bbox 1923 581 2218 643; x_wconf 81' lang='lat' dir='ltr'><strong>JOANN.</strong></span> <span class='ocrx_word' id='word_1_11' title='bbox 2265 579 2565 641; x_wconf 79' lang='lat' dir='ltr'><strong>LUDOV.</strong></span> <span class='ocrx_word' id='word_1_12' title='bbox 2609 580 3021 642; x_wconf 85' lang='lat' dir='ltr'><strong>SCHULZE.</strong></span> 
     </span>
    </p>
   </div>
   <div class='ocr_carea' id='block_1_3' title="bbox 1964 798 2042 813">
    <p class='ocr_par' dir='ltr' id='par_1_3' title="bbox 1964 798 2042 813">
     <span class='ocr_line' id='line_1_4' title="bbox 1964 798 2042 813; baseline -0.026 0"><span class='ocrx_word' id='word_1_13' title='bbox 1964 804 1967 807; x_wconf 92' lang='lat'>&#39;</span> <span class='ocrx_word' id='word_1_14' title='bbox 1974 798 2042 813; x_wconf 45' lang='grc' dir='ltr'><em>ἡ</em></span> 
     </span>
    </p>
   </div>
   <div class='ocr_carea' id='block_1_4' title="bbox 451 994 3654 1083">
    <p class='ocr_par' dir='ltr' id='par_1_4' title="bbox 451 994 3654 1083">
     <span class='ocr_line' id='line_1_5' title="bbox 451 994 3654 1083; baseline -0.006 -18"><span class='ocrx_word' id='word_1_15' title='bbox 451 1014 585 1083; x_wconf 70' lang='lat' dir='ltr'><strong>Quae</strong></span> <span class='ocrx_word' id='word_1_16' title='bbox 616 1011 675 1066; x_wconf 89' lang='lat' dir='ltr'><strong>in</strong></span> <span class='ocrx_word' id='word_1_17' title='bbox 718 1007 827 1061; x_wconf 91' lang='lat' dir='ltr'><strong>hoc</strong></span> <span class='ocrx_word' id='word_1_18' title='bbox 854 1010 1053 1075; x_wconf 78' lang='lat' dir='ltr'><strong>quarto</strong></span> <span class='ocrx_word' id='word_1_19' title='bbox 1098 1001 1340 1071; x_wconf 87' lang='lat' dir='ltr'><strong>Operum</strong></span> <span class='ocrx_word' id='word_1_20' title='bbox 1386 998 1719 1054; x_wconf 73' lang='lat' dir='ltr'><strong>Theodoreti</strong></span> <span class='ocrx_word' id='word_1_21' title='bbox 1766 1008 1919 1053; x_wconf 82' lang='lat' dir='ltr'><strong>torno</strong></span> <span class='ocrx_word' id='word_1_22' title='bbox 1964 996 2391 1062; x_wconf 76' lang='lat' dir='ltr'><strong>contineantur,</strong></span> <span class='ocrx_word' id='word_1_23' title='bbox 2442 1009 2673 1067; x_wconf 72' lang='lat' dir='ltr'><strong>quaeque</strong></span> <span class='ocrx_word' id='word_1_24' title='bbox 2718 996 2777 1050; x_wconf 82' lang='lat' dir='ltr'><strong>in</strong></span> <span class='ocrx_word' id='word_1_25' title='bbox 2823 996 2917 1052; x_wconf 89' lang='lat' dir='ltr'><strong>illo</strong></span> <span class='ocrx_word' id='word_1_26' title='bbox 2944 997 3111 1067; x_wconf 82' lang='lat' dir='ltr'><strong>prelis</strong></span> <span class='ocrx_word' id='word_1_27' title='bbox 3142 998 3391 1062; x_wconf 71' lang='lat' dir='ltr'><strong>parando</strong></span> <span class='ocrx_word' id='word_1_28' title='bbox 3424 1014 3455 1052; x_wconf 69' lang='grc' dir='ltr'><strong>ι</strong></span> <span class='ocrx_word' id='word_1_29' title='bbox 3490 994 3654 1052; x_wconf 80' lang='lat' dir='ltr'><strong>nobis</strong></span> 
     </span>
    </p>
   </div>
   <div class='ocr_carea' id='block_1_5' title="bbox 375 1111 3647 1201">
    <p class='ocr_par' dir='ltr' id='par_1_5' title="bbox 375 1111 3647 1201">
     <span class='ocr_line' id='line_1_6' title="bbox 375 1111 3647 1201; baseline -0.005 -16"><span class='ocrx_word' id='word_1_30' title='bbox 375 1128 629 1201; x_wconf 65' lang='lat' dir='ltr'><strong>prastita</strong></span> <span class='ocrx_word' id='word_1_31' title='bbox 654 1123 798 1187; x_wconf 90' lang='lat' dir='ltr'><strong>sint,</strong></span> <span class='ocrx_word' id='word_1_32' title='bbox 830 1118 1023 1190; x_wconf 87' lang='lat' dir='ltr'><strong>paucis</strong></span> <span class='ocrx_word' id='word_1_33' title='bbox 1051 1130 1412 1187; x_wconf 62' lang='lat' dir='ltr'><strong>exponemus.</strong></span> <span class='ocrx_word' id='word_1_34' title='bbox 1449 1115 1532 1169; x_wconf 88' lang='lat' dir='ltr'><strong>Ea</strong></span> <span class='ocrx_word' id='word_1_35' title='bbox 1586 1114 1769 1170; x_wconf 83' lang='lat' dir='ltr'><strong>omnia</strong></span> <span class='ocrx_word' id='word_1_36' title='bbox 1812 1129 1935 1183; x_wconf 63' lang='lat' dir='ltr'><strong>quae</strong></span> <span class='ocrx_word' id='word_1_37' title='bbox 1978 1112 2307 1168; x_wconf 89' lang='lat' dir='ltr'><strong>Sirmondus</strong></span> <span class='ocrx_word' id='word_1_38' title='bbox 2338 1121 2487 1167; x_wconf 90' lang='lat' dir='ltr'><strong>tomo</strong></span> <span class='ocrx_word' id='word_1_39' title='bbox 2515 1111 2776 1167; x_wconf 75' lang='lat' dir='ltr'><strong>editionis</strong></span> <span class='ocrx_word' id='word_1_40' title='bbox 2819 1128 2932 1168; x_wconf 62' lang='lat' dir='ltr'><strong>sua</strong></span> <span class='ocrx_word' id='word_1_41' title='bbox 2958 1121 3154 1182; x_wconf 85' lang='lat' dir='ltr'><strong>quarto</strong></span> <span class='ocrx_word' id='word_1_42' title='bbox 3188 1115 3507 1184; x_wconf 77' lang='lat' dir='ltr'><strong>complexus</strong></span> <span class='ocrx_word' id='word_1_43' title='bbox 3534 1122 3647 1178; x_wconf 84' lang='lat' dir='ltr'><strong>est,</strong></span> 
     </span>
    </p>
   </div>
   <div class='ocr_carea' id='block_1_6' title="bbox 379 1229 3650 1312">
    <p class='ocr_par' dir='ltr' id='par_1_6' title="bbox 379 1229 3650 1312">
     <span class='ocr_line' id='line_1_7' title="bbox 379 1229 3650 1312; baseline -0.006 -10"><span class='ocrx_word' id='word_1_44' title='bbox 379 1246 785 1312; x_wconf 78' lang='lat' dir='ltr'><strong>maximamque</strong></span> <span class='ocrx_word' id='word_1_45' title='bbox 804 1245 1022 1309; x_wconf 75' lang='lat' dir='ltr'><strong>partem</strong></span> <span class='ocrx_word' id='word_1_46' title='bbox 1050 1249 1245 1289; x_wconf 86' lang='lat' dir='ltr'><strong>eorum</strong></span> <span class='ocrx_word' id='word_1_47' title='bbox 1295 1248 1417 1303; x_wconf 73' lang='lat' dir='ltr'><strong>quae</strong></span> <span class='ocrx_word' id='word_1_48' title='bbox 1435 1232 1771 1302; x_wconf 85' lang='lat' dir='ltr'><strong>Appendicis</strong></span> <span class='ocrx_word' id='word_1_49' title='bbox 1792 1230 2017 1286; x_wconf 86' lang='lat' dir='ltr'><strong>nomine</strong></span> <span class='ocrx_word' id='word_1_50' title='bbox 2037 1231 2349 1302; x_wconf 88' lang='lat' dir='ltr'><strong>.subjunxit,</strong></span> <span class='ocrx_word' id='word_1_51' title='bbox 2382 1230 2493 1285; x_wconf 92' lang='lat' dir='ltr'><strong>imo</strong></span> <span class='ocrx_word' id='word_1_52' title='bbox 2510 1229 2793 1300; x_wconf 87' lang='lat' dir='ltr'><strong>Epistolas</strong></span> <span class='ocrx_word' id='word_1_53' title='bbox 2823 1229 3176 1293; x_wconf 74' lang='lat' dir='ltr'><strong>Theodoreti,</strong></span> <span class='ocrx_word' id='word_1_54' title='bbox 3205 1245 3328 1299; x_wconf 72' lang='lat' dir='ltr'><strong>qua:</strong></span> <span class='ocrx_word' id='word_1_55' title='bbox 3359 1243 3551 1284; x_wconf 91' lang='lat' dir='ltr'><strong>omnes</strong></span> <span class='ocrx_word' id='word_1_56' title='bbox 3580 1242 3650 1283; x_wconf 79' lang='lat' dir='ltr'><strong>ex</strong></span> 
     </span>
    </p>
   </div>
   <div class='ocr_carea' id='block_1_7' title="bbox 376 1342 3648 1419">
    <p class='ocr_par' dir='ltr' id='par_1_7' title="bbox 376 1342 3648 1419">
     <span class='ocr_line' id='line_1_8' title="bbox 376 1342 3648 1419; baseline -0.005 -6"><span class='ocrx_word' id='word_1_57' title='bbox 376 1368 532 1413; x_wconf 88' lang='lat' dir='ltr'><strong>tomo</strong></span> <span class='ocrx_word' id='word_1_58' title='bbox 564 1354 731 1409; x_wconf 87' lang='lat' dir='ltr'><strong>tertio</strong></span> <span class='ocrx_word' id='word_1_59' title='bbox 762 1350 990 1419; x_wconf 68' lang='lat' dir='ltr'><strong>reliqua:</strong></span> <span class='ocrx_word' id='word_1_60' title='bbox 1034 1354 1213 1411; x_wconf 88' lang='lat' dir='ltr'><strong>erant,</strong></span> <span class='ocrx_word' id='word_1_61' title='bbox 1248 1345 1356 1400; x_wconf 87' lang='lat' dir='ltr'><strong>hoc</strong></span> <span class='ocrx_word' id='word_1_62' title='bbox 1400 1346 1625 1400; x_wconf 89' lang='lat' dir='ltr'><strong>unicum</strong></span> <span class='ocrx_word' id='word_1_63' title='bbox 1672 1345 1932 1400; x_wconf 75' lang='lat' dir='ltr'><strong>editionis</strong></span> <span class='ocrx_word' id='word_1_64' title='bbox 1975 1353 2179 1399; x_wconf 69' lang='lat' dir='ltr'><strong>nostra:</strong></span> <span class='ocrx_word' id='word_1_65' title='bbox 2222 1346 2481 1400; x_wconf 79' lang='lat' dir='ltr'><strong>volumen</strong></span> <span class='ocrx_word' id='word_1_66' title='bbox 2511 1344 2951 1414; x_wconf 89' lang='lat' dir='ltr'><strong>comprehendit.</strong></span> <span class='ocrx_word' id='word_1_67' title='bbox 2998 1342 3109 1397; x_wconf 90' lang='lat' dir='ltr'><strong>Suo</strong></span> <span class='ocrx_word' id='word_1_68' title='bbox 3151 1342 3334 1411; x_wconf 80' lang='lat' dir='ltr'><strong>itaque</strong></span> <span class='ocrx_word' id='word_1_69' title='bbox 3367 1342 3561 1397; x_wconf 78' lang='lat' dir='ltr'><strong>ordine</strong></span> <span class='ocrx_word' id='word_1_70' title='bbox 3589 1358 3648 1398; x_wconf 88' lang='lat' dir='ltr'><strong>se</strong></span> 
     </span>
    </p>
   </div>
   <div class='ocr_carea' id='block_1_8' title="bbox 380 1452 1962 1535">
    <p class='ocr_par' dir='ltr' id='par_1_8' title="bbox 380 1454 1958 1535">
     <span class='ocr_line' id='line_1_9' title="bbox 380 1454 1958 1535; baseline -0.008 -15"><span class='ocrx_word' id='word_1_71' title='bbox 380 1466 668 1535; x_wconf 83' lang='lat' dir='ltr'><strong>excipiunt</strong></span> <span class='ocrx_word' id='word_1_72' title='bbox 697 1472 799 1516; x_wconf 81' lang='lat' dir='ltr'><strong>tres</strong></span> <span class='ocrx_word' id='word_1_73' title='bbox 824 1458 1041 1529; x_wconf 85' lang='lat' dir='ltr'><strong>Dialogi</strong></span> <span class='ocrx_word' id='word_1_74' title='bbox 1074 1457 1222 1512; x_wconf 90' lang='lat' dir='ltr'><strong>lectu</strong></span> <span class='ocrx_word' id='word_1_75' title='bbox 1250 1454 1580 1525; x_wconf 84' lang='lat' dir='ltr'><strong>dignissimi,</strong></span> <span class='ocrx_word' id='word_1_76' title='bbox 1613 1454 1708 1524; x_wconf 90' lang='lat' dir='ltr'><strong>qui</strong></span> <span class='ocrx_word' id='word_1_77' title='bbox 1740 1470 1958 1509; x_wconf 91' lang='lat' dir='ltr'><strong>eommu</strong></span> 
     </span>
    </p>
   </div>
   <div class='ocr_carea' id='block_1_9' title="bbox 2065 1452 3647 1535">
    <p class='ocr_par' dir='ltr' id='par_1_9' title="bbox 2065 1452 3647 1525">
     <span class='ocr_line' id='line_1_10' title="bbox 2065 1452 3647 1525; baseline -0.001 -17"><span class='ocrx_word' id='word_1_78' title='bbox 2065 1454 2285 1510; x_wconf 88' lang='lat' dir='ltr'><strong>nomine</strong></span> <span class='ocrx_word' id='word_1_79' title='bbox 2319 1454 2701 1510; x_wconf 75' lang='lat' dir='ltr'><strong>inscribuntur</strong></span> <span class='ocrx_word' id='word_1_80' title='bbox 2736 1452 3075 1525; x_wconf 78' lang='grc' dir='ltr'><strong>Ἐρανιστὴς,</strong></span> <span class='ocrx_word' id='word_1_81' title='bbox 3111 1454 3227 1524; x_wconf 67' lang='grc' dir='ltr'><strong>ἦτοι</strong></span> <span class='ocrx_word' id='word_1_82' title='bbox 3262 1452 3647 1523; x_wconf 76' lang='grc' dir='ltr'><strong>Πολύμορφος;</strong></span> 
     </span>
    </p>
   </div>
   <div class='ocr_carea' id='block_1_10' title="bbox 383 1572 3653 1647">
    <p class='ocr_par' dir='ltr' id='par_1_10' title="bbox 383 1572 3653 1647">
     <span class='ocr_line' id='line_1_11' title="bbox 383 1572 3653 1647; baseline -0.003 -11"><span class='ocrx_word' id='word_1_83' title='bbox 383 1579 765 1636; x_wconf 72' lang='lat' dir='ltr'><strong>ereticarum</strong></span> <span class='ocrx_word' id='word_1_84' title='bbox 797 1574 1111 1647; x_wconf 74' lang='lat' dir='ltr'><strong>fabularum</strong></span> <span class='ocrx_word' id='word_1_85' title='bbox 1153 1573 1543 1646; x_wconf 79' lang='lat' dir='ltr'><strong>compendium,</strong></span> <span class='ocrx_word' id='word_1_86' title='bbox 1581 1572 1730 1643; x_wconf 90' lang='lat' dir='ltr'><strong>quod</strong></span> <span class='ocrx_word' id='word_1_87' title='bbox 1772 1572 2018 1643; x_wconf 91' lang='lat' dir='ltr'><strong>quinque</strong></span> <span class='ocrx_word' id='word_1_88' title='bbox 2065 1572 2370 1628; x_wconf 79' lang='lat' dir='ltr'><strong>absolvitur</strong></span> <span class='ocrx_word' id='word_1_89' title='bbox 2413 1572 2601 1638; x_wconf 85' lang='lat' dir='ltr'><strong>libris;</strong></span> <span class='ocrx_word' id='word_1_90' title='bbox 2648 1572 2726 1625; x_wconf 90' lang='lat' dir='ltr'><strong>De</strong></span> <span class='ocrx_word' id='word_1_91' title='bbox 2755 1572 3095 1626; x_wconf 81' lang='lat' dir='ltr'><strong>Providentia</strong></span> <span class='ocrx_word' id='word_1_92' title='bbox 3131 1573 3391 1625; x_wconf 85' lang='lat' dir='ltr'><strong>orationes</strong></span> <span class='ocrx_word' id='word_1_93' title='bbox 3432 1587 3465 1624; x_wconf 74' lang='grc' dir='ltr'><strong><em>ι</em></strong></span> <span class='ocrx_word' id='word_1_94' title='bbox 3500 1586 3653 1641; x_wconf 63' lang='lat' dir='ltr'><strong>pate--</strong></span> 
     </span>
    </p>
   </div>
   <div class='ocr_carea' id='block_1_11' title="bbox 381 1687 3652 1760">
    <p class='ocr_par' dir='ltr' id='par_1_11' title="bbox 381 1687 3652 1760">
     <span class='ocr_line' id='line_1_12' title="bbox 381 1687 3652 1760; baseline -0.003 -8"><span class='ocrx_word' id='word_1_95' title='bbox 381 1696 762 1759; x_wconf 63' lang='lat' dir='ltr'><strong>stantissimaz;</strong></span> <span class='ocrx_word' id='word_1_96' title='bbox 794 1693 1098 1750; x_wconf 64' lang='lat' dir='ltr'><strong>Graecarum</strong></span> <span class='ocrx_word' id='word_1_97' title='bbox 1130 1689 1372 1760; x_wconf 89' lang='lat' dir='ltr'><strong>denique</strong></span> <span class='ocrx_word' id='word_1_98' title='bbox 1412 1690 1744 1760; x_wconf 71' lang='lat' dir='ltr'><strong>aﬁ&#39;ectionum</strong></span> <span class='ocrx_word' id='word_1_99' title='bbox 1769 1688 2070 1744; x_wconf 83' lang='lat' dir='ltr'><strong>Curationis</strong></span> <span class='ocrx_word' id='word_1_100' title='bbox 2106 1688 2237 1743; x_wconf 87' lang='lat' dir='ltr'><strong>libri</strong></span> <span class='ocrx_word' id='word_1_101' title='bbox 2274 1704 2319 1743; x_wconf 87' lang='lat' dir='ltr'><strong>s.</strong></span> <span class='ocrx_word' id='word_1_102' title='bbox 2354 1688 2756 1760; x_wconf 85' lang='lat' dir='ltr'><strong>disputationes</strong></span> <span class='ocrx_word' id='word_1_103' title='bbox 2794 1704 2901 1753; x_wconf 79' lang='lat' dir='ltr'><strong>xu,</strong></span> <span class='ocrx_word' id='word_1_104' title='bbox 2925 1689 3138 1758; x_wconf 82' lang='lat' dir='ltr'><strong>quibus</strong></span> <span class='ocrx_word' id='word_1_105' title='bbox 3172 1704 3416 1759; x_wconf 76' lang='lat' dir='ltr'><strong>perenne</strong></span> <span class='ocrx_word' id='word_1_106' title='bbox 3439 1687 3652 1743; x_wconf 88' lang='lat' dir='ltr'><strong>nomini</strong></span> 
     </span>
    </p>
   </div>
   <div class='ocr_carea' id='block_1_12' title="bbox 382 1806 3653 1881">
    <p class='ocr_par' dir='ltr' id='par_1_12' title="bbox 382 1806 3653 1881">
     <span class='ocr_line' id='line_1_13' title="bbox 382 1806 3653 1881; baseline -0.002 -11"><span class='ocrx_word' id='word_1_107' title='bbox 382 1828 486 1870; x_wconf 84' lang='lat' dir='ltr'><strong>suo</strong></span> <span class='ocrx_word' id='word_1_108' title='bbox 530 1813 704 1869; x_wconf 91' lang='lat' dir='ltr'><strong>decus</strong></span> <span class='ocrx_word' id='word_1_109' title='bbox 748 1811 960 1881; x_wconf 89' lang='lat' dir='ltr'><strong>paravit</strong></span> <span class='ocrx_word' id='word_1_110' title='bbox 1003 1808 1253 1879; x_wconf 84' lang='lat' dir='ltr'><strong>Scriptor</strong></span> <span class='ocrx_word' id='word_1_111' title='bbox 1300 1808 1741 1863; x_wconf 79' lang='lat' dir='ltr'><strong>venustissimus.</strong></span> <span class='ocrx_word' id='word_1_112' title='bbox 1788 1808 1869 1862; x_wconf 87' lang='lat' dir='ltr'><strong>Ex</strong></span> <span class='ocrx_word' id='word_1_113' title='bbox 1911 1807 2228 1878; x_wconf 83' lang='lat' dir='ltr'><strong>Appendice</strong></span> <span class='ocrx_word' id='word_1_114' title='bbox 2281 1808 2633 1878; x_wconf 88' lang='lat' dir='ltr'><strong>subjuugitur</strong></span> <span class='ocrx_word' id='word_1_115' title='bbox 2678 1808 2909 1862; x_wconf 76' lang='lat' dir='ltr'><strong>Libellus</strong></span> <span class='ocrx_word' id='word_1_116' title='bbox 2945 1808 3016 1861; x_wconf 87' lang='lat' dir='ltr'><strong>ad</strong></span> <span class='ocrx_word' id='word_1_117' title='bbox 3048 1806 3381 1879; x_wconf 80' lang='lat' dir='ltr'><strong>Sporacium,</strong></span> <span class='ocrx_word' id='word_1_118' title='bbox 3416 1808 3653 1877; x_wconf 86' lang='lat' dir='ltr'><strong>scriptus</strong></span> 
     </span>
    </p>
   </div>
   <div class='ocr_carea' id='block_1_13' title="bbox 382 1920 3648 1994">
    <p class='ocr_par' dir='ltr' id='par_1_13' title="bbox 382 1920 3648 1994">
     <span class='ocr_line' id='line_1_14' title="bbox 382 1920 3648 1994; baseline -0.002 -14"><span class='ocrx_word' id='word_1_119' title='bbox 382 1934 567 1980; x_wconf 77' lang='lat' dir='ltr'><strong>contra</strong></span> <span class='ocrx_word' id='word_1_120' title='bbox 599 1924 920 1979; x_wconf 75' lang='lat' dir='ltr'><strong>Nestorium.</strong></span> <span class='ocrx_word' id='word_1_121' title='bbox 958 1923 1278 1994; x_wconf 88' lang='lat' dir='ltr'><strong>Sequuntur</strong></span> <span class='ocrx_word' id='word_1_122' title='bbox 1312 1922 1569 1977; x_wconf 84' lang='lat' dir='ltr'><strong>librorum</strong></span> <span class='ocrx_word' id='word_1_123' title='bbox 1603 1939 1748 1976; x_wconf 81' lang='lat' dir='ltr'><strong>xxvn</strong></span> <span class='ocrx_word' id='word_1_124' title='bbox 1784 1922 2035 1978; x_wconf 84' lang='lat' dir='ltr'><strong>adversus</strong></span> <span class='ocrx_word' id='word_1_125' title='bbox 2072 1925 2249 1976; x_wconf 78' lang='lat' dir='ltr'><strong>varias</strong></span> <span class='ocrx_word' id='word_1_126' title='bbox 2266 1922 2653 1991; x_wconf 79' lang='lat' dir='ltr'><strong>propositiones</strong></span> <span class='ocrx_word' id='word_1_127' title='bbox 2682 1931 3019 1992; x_wconf 82' lang='lat' dir='ltr'><strong>argumenta,</strong></span> <span class='ocrx_word' id='word_1_128' title='bbox 3045 1936 3113 1977; x_wconf 75' lang='lat' dir='ltr'><strong>ex</strong></span> <span class='ocrx_word' id='word_1_129' title='bbox 3133 1921 3314 1977; x_wconf 73' lang='lat' dir='ltr'><strong>Photii</strong></span> <span class='ocrx_word' id='word_1_130' title='bbox 3345 1920 3468 1975; x_wconf 84' lang='lat' dir='ltr'><strong>cod.</strong></span> <span class='ocrx_word' id='word_1_131' title='bbox 3507 1936 3648 1974; x_wconf 74' lang='lat' dir='ltr'><strong>xm.</strong></span> 
     </span>
    </p>
   </div>
   <div class='ocr_carea' id='block_1_14' title="bbox 389 2041 1841 2116">
    <p class='ocr_par' dir='ltr' id='par_1_14' title="bbox 389 2041 1841 2116">
     <span class='ocr_line' id='line_1_15' title="bbox 389 2041 1841 2116; baseline -0.005 -16"><span class='ocrx_word' id='word_1_132' title='bbox 389 2042 581 2100; x_wconf 89' lang='lat' dir='ltr'><strong>Finem</strong></span> <span class='ocrx_word' id='word_1_133' title='bbox 616 2045 773 2116; x_wconf 84' lang='lat' dir='ltr'><strong>hujus</strong></span> <span class='ocrx_word' id='word_1_134' title='bbox 807 2042 946 2099; x_wconf 90' lang='lat' dir='ltr'><strong>tomi</strong></span> <span class='ocrx_word' id='word_1_135' title='bbox 976 2042 1184 2097; x_wconf 80' lang='lat' dir='ltr'><strong>faciunt</strong></span> <span class='ocrx_word' id='word_1_136' title='bbox 1214 2041 1471 2113; x_wconf 79' lang='lat' dir='ltr'><strong>Epistola:</strong></span> <span class='ocrx_word' id='word_1_137' title='bbox 1509 2041 1841 2096; x_wconf 81' lang='lat' dir='ltr'><strong>Theodoreti.</strong></span> 
     </span>
    </p>
   </div>
   <div class='ocr_carea' id='block_1_15' title="bbox 444 2164 3655 2253">
    <p class='ocr_par' dir='ltr' id='par_1_15' title="bbox 444 2164 3655 2253">
     <span class='ocr_line' id='line_1_16' title="bbox 444 2164 3655 2253; baseline -0.001 -16"><span class='ocrx_word' id='word_1_138' title='bbox 444 2182 573 2237; x_wconf 74' lang='lat' dir='ltr'><strong>Non</strong></span> <span class='ocrx_word' id='word_1_139' title='bbox 598 2181 705 2236; x_wconf 87' lang='lat' dir='ltr'><strong>erit</strong></span> <span class='ocrx_word' id='word_1_140' title='bbox 732 2179 884 2251; x_wconf 90' lang='lat' dir='ltr'><strong>quod</strong></span> <span class='ocrx_word' id='word_1_141' title='bbox 933 2180 1124 2235; x_wconf 72' lang='lat' dir='ltr'><strong>multis</strong></span> <span class='ocrx_word' id='word_1_142' title='bbox 1155 2179 1599 2235; x_wconf 84' lang='lat' dir='ltr'><strong>demonstremus</strong></span> <span class='ocrx_word' id='word_1_143' title='bbox 1649 2179 1842 2245; x_wconf 87' lang='lat' dir='ltr'><strong>libros,</strong></span> <span class='ocrx_word' id='word_1_144' title='bbox 1869 2192 2109 2248; x_wconf 66' lang='lat' dir='ltr'><strong>quorum</strong></span> <span class='ocrx_word' id='word_1_145' title='bbox 2135 2164 2373 2233; x_wconf 82' lang='lat' dir='ltr'><strong>indicem</strong></span> <span class='ocrx_word' id='word_1_146' title='bbox 2398 2181 2511 2248; x_wconf 81' lang='lat' dir='ltr'><strong>jam</strong></span> <span class='ocrx_word' id='word_1_147' title='bbox 2548 2180 2822 2246; x_wconf 91' lang='lat' dir='ltr'><strong>dedimus,</strong></span> <span class='ocrx_word' id='word_1_148' title='bbox 2850 2180 3153 2251; x_wconf 88' lang='lat' dir='ltr'><strong>plurimum</strong></span> <span class='ocrx_word' id='word_1_149' title='bbox 3180 2180 3655 2253; x_wconf 68' lang='lat' dir='ltr'><strong>commendandae</strong></span> 
     </span>
    </p>
   </div>
   <div class='ocr_carea' id='block_1_16' title="bbox 380 2296 3654 2371">
    <p class='ocr_par' dir='ltr' id='par_1_16' title="bbox 380 2296 3654 2371">
     <span class='ocr_line' id='line_1_17' title="bbox 380 2296 3654 2371; baseline -0.002 -14"><span class='ocrx_word' id='word_1_150' title='bbox 380 2315 504 2357; x_wconf 87' lang='lat' dir='ltr'><strong>esse</strong></span> <span class='ocrx_word' id='word_1_151' title='bbox 532 2299 603 2354; x_wconf 92' lang='lat' dir='ltr'><strong>ob</strong></span> <span class='ocrx_word' id='word_1_152' title='bbox 624 2298 934 2370; x_wconf 79' lang='lat' dir='ltr'><strong>argumenti</strong></span> <span class='ocrx_word' id='word_1_153' title='bbox 957 2299 1300 2369; x_wconf 90' lang='lat' dir='ltr'><strong>dignitatem,</strong></span> <span class='ocrx_word' id='word_1_154' title='bbox 1327 2298 1655 2354; x_wconf 88' lang='lat' dir='ltr'><strong>eruditionis</strong></span> <span class='ocrx_word' id='word_1_155' title='bbox 1681 2299 1895 2369; x_wconf 88' lang='lat' dir='ltr'><strong>copiam</strong></span> <span class='ocrx_word' id='word_1_156' title='bbox 1923 2306 1981 2353; x_wconf 89' lang='lat' dir='ltr'><strong>et</strong></span> <span class='ocrx_word' id='word_1_157' title='bbox 2035 2298 2161 2371; x_wconf 84' lang='lat' dir='ltr'><strong>styli</strong></span> <span class='ocrx_word' id='word_1_158' title='bbox 2188 2299 2534 2369; x_wconf 88' lang='lat' dir='ltr'><strong>elegantiam.</strong></span> <span class='ocrx_word' id='word_1_159' title='bbox 2566 2299 2791 2355; x_wconf 88' lang='lat' dir='ltr'><strong>Duobus</strong></span> <span class='ocrx_word' id='word_1_160' title='bbox 2815 2300 2944 2365; x_wconf 90' lang='lat' dir='ltr'><strong>illis,</strong></span> <span class='ocrx_word' id='word_1_161' title='bbox 2969 2314 3109 2369; x_wconf 90' lang='lat' dir='ltr'><strong>quos</strong></span> <span class='ocrx_word' id='word_1_162' title='bbox 3124 2298 3311 2368; x_wconf 81' lang='lat' dir='ltr'><strong>primo</strong></span> <span class='ocrx_word' id='word_1_163' title='bbox 3331 2298 3452 2352; x_wconf 91' lang='lat' dir='ltr'><strong>loco</strong></span> <span class='ocrx_word' id='word_1_164' title='bbox 3473 2296 3654 2352; x_wconf 84' lang='lat' dir='ltr'><strong>nomi-</strong></span> 
     </span>
    </p>
   </div>
   <div class='ocr_carea' id='block_1_17' title="bbox 383 2408 3655 2483">
    <p class='ocr_par' dir='ltr' id='par_1_17' title="bbox 383 2408 3655 2483">
     <span class='ocr_line' id='line_1_18' title="bbox 383 2408 3655 2483; baseline -0.002 -14"><span class='ocrx_word' id='word_1_165' title='bbox 383 2414 655 2481; x_wconf 83' lang='lat' dir='ltr'><strong>navimus,</strong></span> <span class='ocrx_word' id='word_1_166' title='bbox 686 2428 875 2469; x_wconf 86' lang='lat' dir='ltr'><strong>carere</strong></span> <span class='ocrx_word' id='word_1_167' title='bbox 901 2427 1015 2468; x_wconf 89' lang='lat' dir='ltr'><strong>non</strong></span> <span class='ocrx_word' id='word_1_168' title='bbox 1040 2421 1222 2483; x_wconf 89' lang='lat' dir='ltr'><strong>potest</strong></span> <span class='ocrx_word' id='word_1_169' title='bbox 1261 2412 1513 2483; x_wconf 88' lang='lat' dir='ltr'><strong>quisquis</strong></span> <span class='ocrx_word' id='word_1_170' title='bbox 1539 2412 1607 2467; x_wconf 90' lang='lat' dir='ltr'><strong>ad</strong></span> <span class='ocrx_word' id='word_1_171' title='bbox 1640 2412 1959 2468; x_wconf 84' lang='lat' dir='ltr'><strong>solidiorem</strong></span> <span class='ocrx_word' id='word_1_172' title='bbox 1985 2410 2355 2483; x_wconf 89' lang='lat' dir='ltr'><strong>cognitionem</strong></span> <span class='ocrx_word' id='word_1_173' title='bbox 2383 2420 2499 2466; x_wconf 90' lang='lat' dir='ltr'><strong>tum</strong></span> <span class='ocrx_word' id='word_1_174' title='bbox 2530 2411 2833 2482; x_wconf 69' lang='lat' dir='ltr'><strong>disciplina:</strong></span> <span class='ocrx_word' id='word_1_175' title='bbox 2874 2421 3000 2467; x_wconf 79' lang='lat' dir='ltr'><strong>tum</strong></span> <span class='ocrx_word' id='word_1_176' title='bbox 3027 2411 3272 2466; x_wconf 80' lang='lat' dir='ltr'><strong>historiae</strong></span> <span class='ocrx_word' id='word_1_177' title='bbox 3305 2425 3475 2466; x_wconf 70' lang='lat' dir='ltr'><strong>sacra:</strong></span> <span class='ocrx_word' id='word_1_178' title='bbox 3496 2408 3655 2480; x_wconf 78' lang='lat' dir='ltr'><strong>aspi-</strong></span> 
     </span>
    </p>
   </div>
   <div class='ocr_carea' id='block_1_18' title="bbox 383 2528 3653 2601">
    <p class='ocr_par' dir='ltr' id='par_1_18' title="bbox 383 2528 3653 2601">
     <span class='ocr_line' id='line_1_19' title="bbox 383 2528 3653 2601; baseline -0.002 -16"><span class='ocrx_word' id='word_1_179' title='bbox 383 2538 493 2585; x_wconf 73' lang='lat' dir='ltr'><strong>mt.</strong></span> <span class='ocrx_word' id='word_1_180' title='bbox 524 2531 771 2585; x_wconf 87' lang='lat' dir='ltr'><strong>Tertium</strong></span> <span class='ocrx_word' id='word_1_181' title='bbox 798 2529 843 2585; x_wconf 89' lang='lat' dir='ltr'><strong>si</strong></span> <span class='ocrx_word' id='word_1_182' title='bbox 874 2528 999 2599; x_wconf 90' lang='lat' dir='ltr'><strong>quis</strong></span> <span class='ocrx_word' id='word_1_183' title='bbox 1017 2529 1165 2601; x_wconf 85' lang='lat' dir='ltr'><strong>legat</strong></span> <span class='ocrx_word' id='word_1_184' title='bbox 1195 2538 1251 2585; x_wconf 82' lang='lat' dir='ltr'><strong>et</strong></span> <span class='ocrx_word' id='word_1_185' title='bbox 1273 2545 1388 2585; x_wconf 87' lang='lat' dir='ltr'><strong>non</strong></span> <span class='ocrx_word' id='word_1_186' title='bbox 1408 2529 1741 2595; x_wconf 84' lang='lat' dir='ltr'><strong>admiretur,</strong></span> <span class='ocrx_word' id='word_1_187' title='bbox 1770 2529 1836 2584; x_wconf 82' lang='lat' dir='ltr'><strong>in</strong></span> <span class='ocrx_word' id='word_1_188' title='bbox 1868 2538 1993 2585; x_wconf 83' lang='lat' dir='ltr'><strong>arte</strong></span> <span class='ocrx_word' id='word_1_189' title='bbox 2021 2530 2164 2587; x_wconf 86' lang='lat' dir='ltr'><strong>bene</strong></span> <span class='ocrx_word' id='word_1_190' title='bbox 2180 2537 2246 2585; x_wconf 44' lang='lat' dir='ltr'><strong>iet</strong></span> <span class='ocrx_word' id='word_1_191' title='bbox 2266 2537 2467 2584; x_wconf 85' lang='lat' dir='ltr'><strong>ornate</strong></span> <span class='ocrx_word' id='word_1_192' title='bbox 2493 2528 2713 2585; x_wconf 88' lang='lat' dir='ltr'><strong>dicendi</strong></span> <span class='ocrx_word' id='word_1_193' title='bbox 2734 2528 2901 2599; x_wconf 86' lang='lat' dir='ltr'><strong>.plane</strong></span> <span class='ocrx_word' id='word_1_194' title='bbox 2938 2528 3138 2598; x_wconf 84' lang='lat' dir='ltr'><strong>hospes</strong></span> <span class='ocrx_word' id='word_1_195' title='bbox 3162 2531 3235 2583; x_wconf 87' lang='lat' dir='ltr'><strong>sit</strong></span> <span class='ocrx_word' id='word_1_196' title='bbox 3260 2542 3487 2584; x_wconf 84' lang='lat' dir='ltr'><strong>necesse</strong></span> <span class='ocrx_word' id='word_1_197' title='bbox 3515 2534 3606 2582; x_wconf 87' lang='lat' dir='ltr'><strong>cst</strong></span> <span class='ocrx_word' id='word_1_198' title='bbox 3635 2542 3653 2579; x_wconf 73' lang='grc' dir='ltr'>ι</span> 
     </span>
    </p>
   </div>
   <div class='ocr_carea' id='block_1_19' title="bbox 388 2643 3655 2715">
    <p class='ocr_par' dir='ltr' id='par_1_19' title="bbox 388 2643 3655 2715">
     <span class='ocr_line' id='line_1_20' title="bbox 388 2643 3655 2715; baseline -0.001 -17"><span class='ocrx_word' id='word_1_199' title='bbox 388 2652 594 2698; x_wconf 84' lang='lat' dir='ltr'><strong>tantam</strong></span> <span class='ocrx_word' id='word_1_200' title='bbox 616 2659 736 2698; x_wconf 89' lang='lat' dir='ltr'><strong>esse</strong></span> <span class='ocrx_word' id='word_1_201' title='bbox 761 2644 1015 2700; x_wconf 84' lang='lat' dir='ltr'><strong>novimus</strong></span> <span class='ocrx_word' id='word_1_202' title='bbox 1048 2643 1370 2700; x_wconf 88' lang='lat' dir='ltr'><strong>Orationum</strong></span> <span class='ocrx_word' id='word_1_203' title='bbox 1399 2645 1467 2701; x_wconf 89' lang='lat' dir='ltr'><strong>de</strong></span> <span class='ocrx_word' id='word_1_204' title='bbox 1491 2646 1842 2701; x_wconf 84' lang='lat' dir='ltr'><strong>Providentia</strong></span> <span class='ocrx_word' id='word_1_205' title='bbox 1864 2644 2486 2712; x_wconf 86' lang='lat' dir='ltr'><strong>venustatem.Quartus</strong></span> <span class='ocrx_word' id='word_1_206' title='bbox 2506 2645 2743 2715; x_wconf 85' lang='lat' dir='ltr'><strong>denique</strong></span> <span class='ocrx_word' id='word_1_207' title='bbox 2775 2644 2871 2715; x_wconf 88' lang='lat' dir='ltr'><strong>qui</strong></span> <span class='ocrx_word' id='word_1_208' title='bbox 2897 2644 3226 2715; x_wconf 73' lang='lat' dir='ltr'><strong>evangelica:</strong></span> <span class='ocrx_word' id='word_1_209' title='bbox 3254 2643 3502 2698; x_wconf 72' lang='lat' dir='ltr'><strong>veritatis</strong></span> <span class='ocrx_word' id='word_1_210' title='bbox 3526 2656 3655 2697; x_wconf 86' lang='lat' dir='ltr'><strong>cum</strong></span> 
     </span>
    </p>
   </div>
   <div class='ocr_carea' id='block_1_20' title="bbox 388 2751 3654 2828">
    <p class='ocr_par' dir='ltr' id='par_1_20' title="bbox 388 2751 3654 2828">
     <span class='ocr_line' id='line_1_21' title="bbox 388 2751 3654 2828; baseline 0.001 -21"><span class='ocrx_word' id='word_1_211' title='bbox 388 2752 674 2824; x_wconf 81' lang='lat' dir='ltr'><strong>gentilium</strong></span> <span class='ocrx_word' id='word_1_212' title='bbox 716 2751 1063 2823; x_wconf 85' lang='lat' dir='ltr'><strong>philosophia</strong></span> <span class='ocrx_word' id='word_1_213' title='bbox 1106 2762 1437 2824; x_wconf 73' lang='lat' dir='ltr'><strong>comparatae</strong></span> <span class='ocrx_word' id='word_1_214' title='bbox 1466 2756 1843 2826; x_wconf 81' lang='lat' dir='ltr'><strong>praestantiam</strong></span> <span class='ocrx_word' id='word_1_215' title='bbox 1874 2765 2083 2821; x_wconf 83' lang='lat' dir='ltr'><strong>tuetur,</strong></span> <span class='ocrx_word' id='word_1_216' title='bbox 2113 2763 2230 2810; x_wconf 89' lang='lat' dir='ltr'><strong>tum</strong></span> <span class='ocrx_word' id='word_1_217' title='bbox 2256 2757 2335 2812; x_wconf 81' lang='lat' dir='ltr'><strong>ab</strong></span> <span class='ocrx_word' id='word_1_218' title='bbox 2368 2757 2478 2812; x_wconf 90' lang='lat' dir='ltr'><strong>illis</strong></span> <span class='ocrx_word' id='word_1_219' title='bbox 2507 2757 2604 2828; x_wconf 91' lang='lat' dir='ltr'><strong>qui</strong></span> <span class='ocrx_word' id='word_1_220' title='bbox 2643 2756 2935 2812; x_wconf 85' lang='lat' dir='ltr'><strong>sanctioris</strong></span> <span class='ocrx_word' id='word_1_221' title='bbox 2977 2755 3105 2812; x_wconf 80' lang='lat' dir='ltr'><strong>ﬁdei</strong></span> <span class='ocrx_word' id='word_1_222' title='bbox 3148 2767 3350 2812; x_wconf 60' lang='lat' dir='ltr'><strong>nostra</strong></span> <span class='ocrx_word' id='word_1_223' title='bbox 3396 2756 3654 2811; x_wconf 73' lang='lat' dir='ltr'><strong>vindiciis</strong></span> 
     </span>
    </p>
   </div>
   <div class='ocr_carea' id='block_1_21' title="bbox 382 2866 3655 2941">
    <p class='ocr_par' dir='ltr' id='par_1_21' title="bbox 382 2866 3655 2941">
     <span class='ocr_line' id='line_1_22' title="bbox 382 2866 3655 2941; baseline 0.002 -20"><span class='ocrx_word' id='word_1_224' title='bbox 382 2866 594 2938; x_wconf 87' lang='lat' dir='ltr'><strong>justum</strong></span> <span class='ocrx_word' id='word_1_225' title='bbox 623 2875 874 2935; x_wconf 87' lang='lat' dir='ltr'><strong>statuunt</strong></span> <span class='ocrx_word' id='word_1_226' title='bbox 897 2866 1158 2937; x_wconf 91' lang='lat' dir='ltr'><strong>pretium,</strong></span> <span class='ocrx_word' id='word_1_227' title='bbox 1189 2876 1305 2924; x_wconf 89' lang='lat' dir='ltr'><strong>tum</strong></span> <span class='ocrx_word' id='word_1_228' title='bbox 1340 2869 1409 2923; x_wconf 86' lang='lat' dir='ltr'><strong>ab</strong></span> <span class='ocrx_word' id='word_1_229' title='bbox 1437 2870 1833 2941; x_wconf 86' lang='lat' dir='ltr'><strong>elegantiorum</strong></span> <span class='ocrx_word' id='word_1_230' title='bbox 1861 2871 2173 2926; x_wconf 89' lang='lat' dir='ltr'><strong>litterarum</strong></span> <span class='ocrx_word' id='word_1_231' title='bbox 2198 2869 2380 2940; x_wconf 81' lang='lat' dir='ltr'><strong>dignis</strong></span> <span class='ocrx_word' id='word_1_232' title='bbox 2406 2869 2833 2926; x_wconf 76' lang='lat' dir='ltr'><strong>aestimatorihus</strong></span> <span class='ocrx_word' id='word_1_233' title='bbox 2862 2870 3060 2925; x_wconf 89' lang='lat' dir='ltr'><strong>merito</strong></span> <span class='ocrx_word' id='word_1_234' title='bbox 3077 2884 3297 2925; x_wconf 79' lang='lat' dir='ltr'><strong>summa</strong></span> <span class='ocrx_word' id='word_1_235' title='bbox 3327 2870 3490 2925; x_wconf 83' lang='lat' dir='ltr'><strong>laude</strong></span> <span class='ocrx_word' id='word_1_236' title='bbox 3518 2886 3655 2926; x_wconf 89' lang='lat' dir='ltr'><strong>con-</strong></span> 
     </span>
    </p>
   </div>
   <div class='ocr_carea' id='block_1_22' title="bbox 384 2981 3655 3063">
    <p class='ocr_par' dir='ltr' id='par_1_22' title="bbox 384 2981 3655 3063">
     <span class='ocr_line' id='line_1_23' title="bbox 384 2981 3655 3063; baseline 0.002 -26"><span class='ocrx_word' id='word_1_237' title='bbox 384 2981 685 3039; x_wconf 83' lang='lat' dir='ltr'><strong>decoratur</strong></span> <span class='ocrx_word' id='word_1_238' title='bbox 710 3000 723 3038; x_wconf 94' lang='lat'><strong>:</strong></span> <span class='ocrx_word' id='word_1_239' title='bbox 746 2993 831 3040; x_wconf 89' lang='lat' dir='ltr'><strong>est</strong></span> <span class='ocrx_word' id='word_1_240' title='bbox 856 2986 1006 3041; x_wconf 88' lang='lat' dir='ltr'><strong>enim</strong></span> <span class='ocrx_word' id='word_1_241' title='bbox 1034 2988 1281 3057; x_wconf 89' lang='lat' dir='ltr'><strong>apprime</strong></span> <span class='ocrx_word' id='word_1_242' title='bbox 1310 2989 1480 3056; x_wconf 89' lang='lat' dir='ltr'><strong>utilis,</strong></span> <span class='ocrx_word' id='word_1_243' title='bbox 1509 2991 1625 3047; x_wconf 88' lang='lat' dir='ltr'><strong>sive</strong></span> <span class='ocrx_word' id='word_1_244' title='bbox 1648 2992 1725 3047; x_wconf 82' lang='lat' dir='ltr'><strong>ad</strong></span> <span class='ocrx_word' id='word_1_245' title='bbox 1758 2992 2118 3049; x_wconf 68' lang='lat' dir='ltr'><strong>sanctissimae</strong></span> <span class='ocrx_word' id='word_1_246' title='bbox 2143 2993 2270 3049; x_wconf 82' lang='lat' dir='ltr'><strong>ﬁdei</strong></span> <span class='ocrx_word' id='word_1_247' title='bbox 2299 3000 2502 3049; x_wconf 69' lang='lat' dir='ltr'><strong>nostrae</strong></span> <span class='ocrx_word' id='word_1_248' title='bbox 2522 2992 2802 3063; x_wconf 80' lang='lat' dir='ltr'><strong>dogmata,</strong></span> <span class='ocrx_word' id='word_1_249' title='bbox 2829 2991 2945 3046; x_wconf 88' lang='lat' dir='ltr'><strong>sive</strong></span> <span class='ocrx_word' id='word_1_250' title='bbox 2968 2992 3037 3046; x_wconf 91' lang='lat' dir='ltr'><strong>ad</strong></span> <span class='ocrx_word' id='word_1_251' title='bbox 3070 2992 3444 3062; x_wconf 74' lang='lat' dir='ltr'><strong>antiquiorum</strong></span> <span class='ocrx_word' id='word_1_252' title='bbox 3470 2992 3655 3062; x_wconf 65' lang='lat' dir='ltr'><strong>philo-</strong></span> 
     </span>
    </p>
   </div>
   <div class='ocr_carea' id='block_1_23' title="bbox 390 3098 3653 3178">
    <p class='ocr_par' dir='ltr' id='par_1_23' title="bbox 390 3098 3653 3178">
     <span class='ocr_line' id='line_1_24' title="bbox 390 3098 3653 3178; baseline 0.002 -26"><span class='ocrx_word' id='word_1_253' title='bbox 390 3098 693 3167; x_wconf 83' lang='lat' dir='ltr'><strong>sophorum</strong></span> <span class='ocrx_word' id='word_1_254' title='bbox 723 3100 923 3171; x_wconf 86' lang='lat' dir='ltr'><strong>placita</strong></span> <span class='ocrx_word' id='word_1_255' title='bbox 950 3105 1281 3174; x_wconf 77' lang='lat' dir='ltr'><strong>respexeris.</strong></span> <span class='ocrx_word' id='word_1_256' title='bbox 1312 3106 1433 3161; x_wconf 86' lang='lat' dir='ltr'><strong>Non</strong></span> <span class='ocrx_word' id='word_1_257' title='bbox 1455 3116 1540 3163; x_wconf 89' lang='lat' dir='ltr'><strong>est</strong></span> <span class='ocrx_word' id='word_1_258' title='bbox 1562 3107 1745 3178; x_wconf 86' lang='lat' dir='ltr'><strong>itaque</strong></span> <span class='ocrx_word' id='word_1_259' title='bbox 1773 3109 1921 3178; x_wconf 81' lang='lat' dir='ltr'><strong>quod</strong></span> <span class='ocrx_word' id='word_1_260' title='bbox 1968 3107 2234 3165; x_wconf 86' lang='lat' dir='ltr'><strong>miremur</strong></span> <span class='ocrx_word' id='word_1_261' title='bbox 2254 3107 2456 3178; x_wconf 72' lang='lat' dir='ltr'><strong>saapius</strong></span> <span class='ocrx_word' id='word_1_262' title='bbox 2482 3107 2615 3162; x_wconf 91' lang='lat' dir='ltr'><strong>olim</strong></span> <span class='ocrx_word' id='word_1_263' title='bbox 2644 3107 2747 3162; x_wconf 93' lang='lat' dir='ltr'><strong>hos</strong></span> <span class='ocrx_word' id='word_1_264' title='bbox 2770 3114 3006 3176; x_wconf 83' lang='lat' dir='ltr'><strong>quatuor</strong></span> <span class='ocrx_word' id='word_1_265' title='bbox 3032 3106 3456 3162; x_wconf 39' lang='lat' dir='ltr'><strong>librosaseorsim</strong></span> <span class='ocrx_word' id='word_1_266' title='bbox 3483 3103 3653 3161; x_wconf 76' lang='lat' dir='ltr'><strong>fuisse</strong></span> 
     </span>
    </p>
   </div>
   <div class='ocr_carea' id='block_1_24' title="bbox 392 3214 3654 3290">
    <p class='ocr_par' dir='ltr' id='par_1_24' title="bbox 392 3214 3654 3290">
     <span class='ocr_line' id='line_1_25' title="bbox 392 3214 3654 3290; baseline 0.002 -23"><span class='ocrx_word' id='word_1_267' title='bbox 392 3214 537 3285; x_wconf 64' lang='lat' dir='ltr'><strong>typis</strong></span> <span class='ocrx_word' id='word_1_268' title='bbox 580 3214 901 3285; x_wconf 80' lang='lat' dir='ltr'><strong>exscriptos.</strong></span> <span class='ocrx_word' id='word_1_269' title='bbox 950 3216 1048 3272; x_wconf 84' lang='lat' dir='ltr'><strong>His</strong></span> <span class='ocrx_word' id='word_1_270' title='bbox 1091 3218 1499 3289; x_wconf 86' lang='lat' dir='ltr'><strong>antiquioribus</strong></span> <span class='ocrx_word' id='word_1_271' title='bbox 1545 3220 1886 3276; x_wconf 88' lang='lat' dir='ltr'><strong>editionihus</strong></span> <span class='ocrx_word' id='word_1_272' title='bbox 1918 3220 1989 3275; x_wconf 90' lang='lat' dir='ltr'><strong>ad</strong></span> <span class='ocrx_word' id='word_1_273' title='bbox 2035 3220 2199 3276; x_wconf 83' lang='lat' dir='ltr'><strong>ﬁdem</strong></span> <span class='ocrx_word' id='word_1_274' title='bbox 2245 3219 2498 3275; x_wconf 87' lang='lat' dir='ltr'><strong>codicum</strong></span> <span class='ocrx_word' id='word_1_275' title='bbox 2540 3218 2838 3290; x_wconf 84' lang='lat' dir='ltr'><strong>evulgatis,</strong></span> <span class='ocrx_word' id='word_1_276' title='bbox 2880 3228 3147 3290; x_wconf 86' lang='lat' dir='ltr'><strong>quantum</strong></span> <span class='ocrx_word' id='word_1_277' title='bbox 3176 3217 3299 3275; x_wconf 80' lang='lat' dir='ltr'><strong>ﬁeri</strong></span> <span class='ocrx_word' id='word_1_278' title='bbox 3322 3217 3540 3290; x_wconf 87' lang='lat' dir='ltr'><strong>potuit,</strong></span> <span class='ocrx_word' id='word_1_279' title='bbox 3571 3215 3654 3272; x_wconf 80' lang='lat' dir='ltr'><strong>usi</strong></span> 
     </span>
    </p>
   </div>
   <div class='ocr_carea' id='block_1_25' title="bbox 391 3328 3656 3403">
    <p class='ocr_par' dir='ltr' id='par_1_25' title="bbox 391 3328 3656 3403">
     <span class='ocr_line' id='line_1_26' title="bbox 391 3328 3656 3403; baseline 0.002 -21"><span class='ocrx_word' id='word_1_280' title='bbox 391 3343 606 3393; x_wconf 85' lang='lat' dir='ltr'><strong>sumus,</strong></span> <span class='ocrx_word' id='word_1_281' title='bbox 642 3328 912 3400; x_wconf 88' lang='lat' dir='ltr'><strong>imprimis</strong></span> <span class='ocrx_word' id='word_1_282' title='bbox 948 3329 1045 3384; x_wconf 88' lang='lat' dir='ltr'><strong>ubi</strong></span> <span class='ocrx_word' id='word_1_283' title='bbox 1098 3332 1493 3403; x_wconf 85' lang='lat' dir='ltr'><strong>manuscriptis</strong></span> <span class='ocrx_word' id='word_1_284' title='bbox 1536 3349 1639 3389; x_wconf 89' lang='lat' dir='ltr'><strong>nos</strong></span> <span class='ocrx_word' id='word_1_285' title='bbox 1676 3333 1901 3389; x_wconf 85' lang='lat' dir='ltr'><strong>destitui</strong></span> <span class='ocrx_word' id='word_1_286' title='bbox 1945 3333 2204 3388; x_wconf 89' lang='lat' dir='ltr'><strong>vidimus.</strong></span> <span class='ocrx_word' id='word_1_287' title='bbox 2247 3332 2573 3389; x_wconf 85' lang='lat' dir='ltr'><strong>Liberaliter</strong></span> <span class='ocrx_word' id='word_1_288' title='bbox 2599 3333 2870 3389; x_wconf 86' lang='lat' dir='ltr'><strong>editiones</strong></span> <span class='ocrx_word' id='word_1_289' title='bbox 2898 3333 3138 3390; x_wconf 89' lang='lat' dir='ltr'><strong>rariores</strong></span> <span class='ocrx_word' id='word_1_290' title='bbox 3178 3333 3469 3390; x_wconf 86' lang='lat' dir='ltr'><strong>nobiscum</strong></span> <span class='ocrx_word' id='word_1_291' title='bbox 3502 3349 3656 3390; x_wconf 83' lang='lat' dir='ltr'><strong>com-</strong></span> 
     </span>
    </p>
   </div>
   <div class='ocr_carea' id='block_1_26' title="bbox 396 3428 3657 3524">
    <p class='ocr_par' dir='ltr' id='par_1_26' title="bbox 396 3442 3657 3524">
     <span class='ocr_line' id='line_1_27' title="bbox 396 3442 3657 3524; baseline 0.003 -25"><span class='ocrx_word' id='word_1_292' title='bbox 396 3445 750 3503; x_wconf 86' lang='lat' dir='ltr'><strong>municarunt</strong></span> <span class='ocrx_word' id='word_1_293' title='bbox 784 3448 966 3514; x_wconf 88' lang='lat' dir='ltr'><strong>amici,</strong></span> <span class='ocrx_word' id='word_1_294' title='bbox 994 3448 1198 3520; x_wconf 88' lang='lat' dir='ltr'><strong>quibus</strong></span> <span class='ocrx_word' id='word_1_295' title='bbox 1225 3450 1444 3520; x_wconf 89' lang='lat' dir='ltr'><strong>publice</strong></span> <span class='ocrx_word' id='word_1_296' title='bbox 1477 3460 1693 3524; x_wconf 88' lang='lat' dir='ltr'><strong>gratum</strong></span> <span class='ocrx_word' id='word_1_297' title='bbox 1718 3466 1828 3506; x_wconf 90' lang='lat' dir='ltr'><strong>non</strong></span> <span class='ocrx_word' id='word_1_298' title='bbox 1859 3450 2110 3521; x_wconf 82' lang='lat' dir='ltr'><strong>proﬁteri</strong></span> <span class='ocrx_word' id='word_1_299' title='bbox 2144 3451 2388 3506; x_wconf 89' lang='lat' dir='ltr'><strong>animum</strong></span> <span class='ocrx_word' id='word_1_300' title='bbox 2422 3451 2645 3507; x_wconf 88' lang='lat' dir='ltr'><strong>omnino</strong></span> <span class='ocrx_word' id='word_1_301' title='bbox 2679 3450 2831 3507; x_wconf 80' lang='lat' dir='ltr'><strong>nefas</strong></span> <span class='ocrx_word' id='word_1_302' title='bbox 2855 3458 3025 3507; x_wconf 84' lang='lat' dir='ltr'><strong>esset.</strong></span> <span class='ocrx_word' id='word_1_303' title='bbox 3656 3442 3657 3445; x_wconf 33' lang='grc'><em>“</em></span> 
     </span>
    </p>
   </div>
   <div class='ocr_carea' id='block_1_27' title="bbox 467 3584 3657 3673">
    <p class='ocr_par' dir='ltr' id='par_1_27' title="bbox 467 3584 3657 3673">
     <span class='ocr_line' id='line_1_28' title="bbox 467 3584 3657 3673; baseline 0.001 -33"><span class='ocrx_word' id='word_1_304' title='bbox 467 3584 600 3651; x_wconf 71' lang='lat' dir='ltr'><strong>Quae</strong></span> <span class='ocrx_word' id='word_1_305' title='bbox 627 3586 696 3641; x_wconf 84' lang='lat' dir='ltr'><strong>ad</strong></span> <span class='ocrx_word' id='word_1_306' title='bbox 724 3596 831 3643; x_wconf 89' lang='lat' dir='ltr'><strong>tres</strong></span> <span class='ocrx_word' id='word_1_307' title='bbox 861 3587 1108 3659; x_wconf 82' lang='lat' dir='ltr'><strong>dialogos</strong></span> <span class='ocrx_word' id='word_1_308' title='bbox 1140 3588 1198 3643; x_wconf 90' lang='lat' dir='ltr'><strong>in</strong></span> <span class='ocrx_word' id='word_1_309' title='bbox 1223 3590 1448 3646; x_wconf 87' lang='lat' dir='ltr'><strong>scholiis</strong></span> <span class='ocrx_word' id='word_1_310' title='bbox 1478 3590 1694 3667; x_wconf 78' lang='lat' dir='ltr'><strong>nostris</strong></span> <span class='ocrx_word' id='word_1_311' title='bbox 1732 3591 2168 3656; x_wconf 83' lang='lat' dir='ltr'><strong>observavimus,</strong></span> <span class='ocrx_word' id='word_1_312' title='bbox 2205 3592 2440 3647; x_wconf 78' lang='lat' dir='ltr'><strong>maxime</strong></span> <span class='ocrx_word' id='word_1_313' title='bbox 2467 3607 2534 3646; x_wconf 84' lang='lat' dir='ltr'><strong>ex</strong></span> <span class='ocrx_word' id='word_1_314' title='bbox 2562 3600 2718 3662; x_wconf 80' lang='lat' dir='ltr'><strong>parte</strong></span> <span class='ocrx_word' id='word_1_315' title='bbox 2749 3591 3036 3662; x_wconf 85' lang='lat' dir='ltr'><strong>desumpta</strong></span> <span class='ocrx_word' id='word_1_316' title='bbox 3067 3599 3294 3673; x_wconf 79' lang='lat' dir='ltr'><strong>suntex</strong></span> <span class='ocrx_word' id='word_1_317' title='bbox 3314 3590 3657 3647; x_wconf 81' lang='lat' dir='ltr'><strong>editionihus</strong></span> 
     </span>
    </p>
   </div>
   <div class='ocr_carea' id='block_1_28' title="bbox 393 3699 3657 3779">
    <p class='ocr_par' dir='ltr' id='par_1_28' title="bbox 393 3699 3657 3779">
     <span class='ocr_line' id='line_1_29' title="bbox 393 3699 3657 3779; baseline 0.002 -24"><span class='ocrx_word' id='word_1_318' title='bbox 393 3699 617 3766; x_wconf 76' lang='lat' dir='ltr'><strong>Grzecis,</strong></span> <span class='ocrx_word' id='word_1_319' title='bbox 643 3717 765 3771; x_wconf 68' lang='lat' dir='ltr'><strong>quae</strong></span> <span class='ocrx_word' id='word_1_320' title='bbox 787 3704 973 3760; x_wconf 68' lang='lat' dir='ltr'><strong>Romae</strong></span> <span class='ocrx_word' id='word_1_321' title='bbox 999 3721 1130 3760; x_wconf 79' lang='lat' dir='ltr'><strong>ann.</strong></span> <span class='ocrx_word' id='word_1_322' title='bbox 1162 3706 1318 3774; x_wconf 75' lang='lat' dir='ltr'><strong>i547,</strong></span> <span class='ocrx_word' id='word_1_323' title='bbox 1342 3709 1492 3779; x_wconf 82' lang='lat' dir='ltr'><strong>apud</strong></span> <span class='ocrx_word' id='word_1_324' title='bbox 1519 3709 1857 3779; x_wconf 86' lang='lat' dir='ltr'><strong>Stephanum</strong></span> <span class='ocrx_word' id='word_1_325' title='bbox 1881 3709 2195 3769; x_wconf 78' lang='lat' dir='ltr'><strong>Nicoliuum</strong></span> <span class='ocrx_word' id='word_1_326' title='bbox 2227 3707 2548 3761; x_wconf 77' lang='lat' dir='ltr'><strong>Sabiensem</strong></span> <span class='ocrx_word' id='word_1_327' title='bbox 2576 3710 2725 3771; x_wconf 10' lang='lat' dir='ltr'><strong>Vin-4,</strong></span> <span class='ocrx_word' id='word_1_328' title='bbox 2749 3718 2806 3761; x_wconf 88' lang='lat' dir='ltr'><strong>et</strong></span> <span class='ocrx_word' id='word_1_329' title='bbox 2831 3708 3029 3776; x_wconf 72' lang='lat' dir='ltr'><strong>Lipsiae</strong></span> <span class='ocrx_word' id='word_1_330' title='bbox 3056 3723 3188 3762; x_wconf 86' lang='lat' dir='ltr'><strong>ann.</strong></span> <span class='ocrx_word' id='word_1_331' title='bbox 3220 3709 3379 3772; x_wconf 77' lang='grc'><strong>1591,</strong></span> <span class='ocrx_word' id='word_1_332' title='bbox 3395 3708 3657 3776; x_wconf 83' lang='lat' dir='ltr'><strong>impensis</strong></span> 
     </span>
    </p>
   </div>
   <div class='ocr_carea' id='block_1_29' title="bbox 394 3812 3662 3898">
    <p class='ocr_par' dir='ltr' id='par_1_29' title="bbox 394 3812 3662 3898">
     <span class='ocr_line' id='line_1_30' title="bbox 394 3812 3662 3898; baseline 0.003 -29"><span class='ocrx_word' id='word_1_333' title='bbox 394 3812 670 3872; x_wconf 70' lang='lat' dir='ltr'><strong>Valentini</strong></span> <span class='ocrx_word' id='word_1_334' title='bbox 689 3819 938 3890; x_wconf 72' lang='lat' dir='ltr'><strong>Vogelini</strong></span> <span class='ocrx_word' id='word_1_335' title='bbox 966 3821 1105 3888; x_wconf 64' lang='lat' dir='ltr'><strong>in»8,</strong></span> <span class='ocrx_word' id='word_1_336' title='bbox 1134 3824 1481 3894; x_wconf 86' lang='lat' dir='ltr'><strong>prodierunt.</strong></span> <span class='ocrx_word' id='word_1_337' title='bbox 1515 3826 1768 3882; x_wconf 89' lang='lat' dir='ltr'><strong>Latinam</strong></span> <span class='ocrx_word' id='word_1_338' title='bbox 1790 3843 2012 3898; x_wconf 90' lang='lat' dir='ltr'><strong>quoque</strong></span> <span class='ocrx_word' id='word_1_339' title='bbox 2040 3827 2309 3883; x_wconf 81' lang='lat' dir='ltr'><strong>Victorini</strong></span> <span class='ocrx_word' id='word_1_340' title='bbox 2340 3825 2581 3898; x_wconf 88' lang='lat' dir='ltr'><strong>Strigelii</strong></span> <span class='ocrx_word' id='word_1_341' title='bbox 2611 3826 2922 3882; x_wconf 87' lang='lat' dir='ltr'><strong>versionem</strong></span> <span class='ocrx_word' id='word_1_342' title='bbox 2946 3826 3253 3885; x_wconf 68' lang='lat' dir='ltr'><strong>sateuloxvn</strong></span> <span class='ocrx_word' id='word_1_343' title='bbox 3280 3826 3479 3895; x_wconf 58' lang='lat' dir='ltr'><strong>sapius</strong></span> <span class='ocrx_word' id='word_1_344' title='bbox 3501 3839 3662 3895; x_wconf 90' lang='lat' dir='ltr'><strong>repe-</strong></span> 
     </span>
    </p>
   </div>
   <div class='ocr_carea' id='block_1_30' title="bbox 402 3931 3661 4023">
    <p class='ocr_par' dir='ltr' id='par_1_30' title="bbox 402 3931 3661 4023">
     <span class='ocr_line' id='line_1_31' title="bbox 402 3931 3661 4023; baseline 0.004 -38"><span class='ocrx_word' id='word_1_345' title='bbox 402 3931 651 3997; x_wconf 84' lang='lat' dir='ltr'><strong>titam,-in</strong></span> <span class='ocrx_word' id='word_1_346' title='bbox 691 3937 985 3993; x_wconf 87' lang='lat' dir='ltr'><strong>consilium</strong></span> <span class='ocrx_word' id='word_1_347' title='bbox 1012 3941 1347 4006; x_wconf 89' lang='lat' dir='ltr'><strong>vocavimus,</strong></span> <span class='ocrx_word' id='word_1_348' title='bbox 1375 3942 1422 3996; x_wconf 89' lang='lat' dir='ltr'><strong>si</strong></span> <span class='ocrx_word' id='word_1_349' title='bbox 1452 3943 1717 3998; x_wconf 88' lang='lat' dir='ltr'><strong>lectiones</strong></span> <span class='ocrx_word' id='word_1_350' title='bbox 1751 3943 2151 4000; x_wconf 71' lang='lat' dir='ltr'><strong>Sirmondiante</strong></span> <span class='ocrx_word' id='word_1_351' title='bbox 2180 3961 2208 3999; x_wconf 87' lang='lat' dir='ltr'><strong>a</strong></span> <span class='ocrx_word' id='word_1_352' title='bbox 2244 3952 2396 4001; x_wconf 88' lang='lat' dir='ltr'><strong>textu</strong></span> <span class='ocrx_word' id='word_1_353' title='bbox 2424 3944 2729 3999; x_wconf 87' lang='lat' dir='ltr'><strong>editionum</strong></span> <span class='ocrx_word' id='word_1_354' title='bbox 2759 3942 3069 3999; x_wconf 69' lang='lat' dir='ltr'><strong>Graecarum</strong></span> <span class='ocrx_word' id='word_1_355' title='bbox 3095 3944 3325 4023; x_wconf 65' lang='lat' dir='ltr'><strong>diversae</strong></span> <span class='ocrx_word' id='word_1_356' title='bbox 3349 3952 3525 4007; x_wconf 88' lang='lat' dir='ltr'><strong>erant,</strong></span> <span class='ocrx_word' id='word_1_357' title='bbox 3562 3944 3661 3998; x_wconf 70' lang='lat' dir='ltr'><strong>aut</strong></span> 
     </span>
    </p>
   </div>
   <div class='ocr_carea' id='block_1_31' title="bbox 403 4050 3656 4130">
    <p class='ocr_par' dir='ltr' id='par_1_31' title="bbox 403 4050 3656 4130">
     <span class='ocr_line' id='line_1_32' title="bbox 403 4050 3656 4130; baseline 0.002 -26"><span class='ocrx_word' id='word_1_358' title='bbox 403 4050 667 4108; x_wconf 83' lang='lat' dir='ltr'><strong>Eranistae</strong></span> <span class='ocrx_word' id='word_1_359' title='bbox 690 4062 748 4109; x_wconf 90' lang='lat' dir='ltr'><strong>et</strong></span> <span class='ocrx_word' id='word_1_360' title='bbox 780 4054 1085 4112; x_wconf 87' lang='lat' dir='ltr'><strong>Orthodoxi</strong></span> <span class='ocrx_word' id='word_1_361' title='bbox 1119 4060 1344 4115; x_wconf 87' lang='lat' dir='ltr'><strong>nomina</strong></span> <span class='ocrx_word' id='word_1_362' title='bbox 1385 4067 1696 4130; x_wconf 84' lang='lat' dir='ltr'><strong>permutata</strong></span> <span class='ocrx_word' id='word_1_363' title='bbox 1728 4078 1850 4118; x_wconf 88' lang='lat' dir='ltr'><strong>esse</strong></span> <span class='ocrx_word' id='word_1_364' title='bbox 1889 4061 2237 4117; x_wconf 84' lang='lat' dir='ltr'><strong>videbantur.</strong></span> <span class='ocrx_word' id='word_1_365' title='bbox 2271 4062 2385 4118; x_wconf 88' lang='lat' dir='ltr'><strong>Nec</strong></span> <span class='ocrx_word' id='word_1_366' title='bbox 2418 4060 2783 4116; x_wconf 78' lang='lat' dir='ltr'><strong>omittendum</strong></span> <span class='ocrx_word' id='word_1_367' title='bbox 2810 4074 2935 4114; x_wconf 86' lang='lat' dir='ltr'><strong>esse</strong></span> <span class='ocrx_word' id='word_1_368' title='bbox 2974 4059 3230 4130; x_wconf 74' lang='lat' dir='ltr'><strong>duximus</strong></span> <span class='ocrx_word' id='word_1_369' title='bbox 3274 4058 3393 4113; x_wconf 88' lang='lat' dir='ltr'><strong>loca</strong></span> <span class='ocrx_word' id='word_1_370' title='bbox 3433 4057 3656 4112; x_wconf 82' lang='lat' dir='ltr'><strong>Patrum</strong></span> 
     </span>
    </p>
   </div>
   <div class='ocr_carea' id='block_1_32' title="bbox 401 4160 3657 4245">
    <p class='ocr_par' dir='ltr' id='par_1_32' title="bbox 401 4160 3657 4245">
     <span class='ocr_line' id='line_1_33' title="bbox 401 4160 3657 4245; baseline 0.003 -31"><span class='ocrx_word' id='word_1_371' title='bbox 401 4164 458 4215; x_wconf 83' lang='lat' dir='ltr'><strong>tu</strong></span> <span class='ocrx_word' id='word_1_372' title='bbox 497 4160 605 4217; x_wconf 82' lang='lat' dir='ltr'><strong>ﬁne</strong></span> <span class='ocrx_word' id='word_1_373' title='bbox 646 4166 1081 4239; x_wconf 83' lang='lat' dir='ltr'><strong>uniuscujusque</strong></span> <span class='ocrx_word' id='word_1_374' title='bbox 1111 4170 1311 4242; x_wconf 79' lang='lat' dir='ltr'><strong>dialogi</strong></span> <span class='ocrx_word' id='word_1_375' title='bbox 1351 4188 1551 4243; x_wconf 83' lang='lat' dir='ltr'><strong>magno</strong></span> <span class='ocrx_word' id='word_1_376' title='bbox 1578 4188 1812 4230; x_wconf 82' lang='lat' dir='ltr'><strong>numero</strong></span> <span class='ocrx_word' id='word_1_377' title='bbox 1837 4174 2001 4228; x_wconf 77' lang='lat' dir='ltr'><strong>allata</strong></span> <span class='ocrx_word' id='word_1_378' title='bbox 2025 4174 2340 4245; x_wconf 89' lang='lat' dir='ltr'><strong>diligentius</strong></span> <span class='ocrx_word' id='word_1_379' title='bbox 2364 4180 2643 4238; x_wconf 78' lang='lat' dir='ltr'><strong>excutere,</strong></span> <span class='ocrx_word' id='word_1_380' title='bbox 2671 4187 2792 4242; x_wconf 71' lang='lat' dir='ltr'><strong>quae</strong></span> <span class='ocrx_word' id='word_1_381' title='bbox 2820 4188 2852 4225; x_wconf 74' lang='grc' dir='ltr'>ι</span> <span class='ocrx_word' id='word_1_382' title='bbox 2876 4172 3082 4227; x_wconf 75' lang='lat' dir='ltr'><strong>nostris</strong></span> <span class='ocrx_word' id='word_1_383' title='bbox 3124 4171 3451 4227; x_wconf 88' lang='lat' dir='ltr'><strong>lectionibus</strong></span> <span class='ocrx_word' id='word_1_384' title='bbox 3482 4172 3657 4227; x_wconf 83' lang='lat' dir='ltr'><strong>aliena</strong></span> 
     </span>
    </p>
   </div>
   <div class='ocr_carea' id='block_1_33' title="bbox 400 4277 3657 4363">
    <p class='ocr_par' dir='ltr' id='par_1_33' title="bbox 400 4277 3657 4363">
     <span class='ocr_line' id='line_1_34' title="bbox 400 4277 3657 4363; baseline 0.005 -35"><span class='ocrx_word' id='word_1_385' title='bbox 400 4284 589 4329; x_wconf 81' lang='lat' dir='ltr'><strong>essent</strong></span> <span class='ocrx_word' id='word_1_386' title='bbox 634 4277 693 4330; x_wconf 89' lang='lat' dir='ltr'><strong>in</strong></span> <span class='ocrx_word' id='word_1_387' title='bbox 723 4280 944 4337; x_wconf 89' lang='lat' dir='ltr'><strong>scholiis</strong></span> <span class='ocrx_word' id='word_1_388' title='bbox 968 4299 1216 4350; x_wconf 85' lang='lat' dir='ltr'><strong>monere,</strong></span> <span class='ocrx_word' id='word_1_389' title='bbox 1245 4294 1302 4341; x_wconf 83' lang='lat' dir='ltr'><strong>et</strong></span> <span class='ocrx_word' id='word_1_390' title='bbox 1323 4287 1739 4346; x_wconf 88' lang='lat' dir='ltr'><strong>Sirmondianas</strong></span> <span class='ocrx_word' id='word_1_391' title='bbox 1764 4292 2031 4347; x_wconf 91' lang='lat' dir='ltr'><strong>lectiones</strong></span> <span class='ocrx_word' id='word_1_392' title='bbox 2059 4290 2264 4361; x_wconf 90' lang='lat' dir='ltr'><strong>passim</strong></span> <span class='ocrx_word' id='word_1_393' title='bbox 2289 4289 2606 4353; x_wconf 80' lang='lat' dir='ltr'><strong>emendare,</strong></span> <span class='ocrx_word' id='word_1_394' title='bbox 2635 4298 2696 4342; x_wconf 88' lang='lat' dir='ltr'><strong>ut</strong></span> <span class='ocrx_word' id='word_1_395' title='bbox 2716 4304 2837 4359; x_wconf 90' lang='lat' dir='ltr'><strong>pag.</strong></span> <span class='ocrx_word' id='word_1_396' title='bbox 2870 4287 2940 4343; x_wconf 77' lang='grc'><strong>49</strong></span> <span class='ocrx_word' id='word_1_397' title='bbox 2959 4296 3018 4343; x_wconf 89' lang='lat' dir='ltr'><strong>et</strong></span> <span class='ocrx_word' id='word_1_398' title='bbox 3045 4288 3197 4342; x_wconf 81' lang='lat' dir='ltr'><strong>alibi.</strong></span> <span class='ocrx_word' id='word_1_399' title='bbox 3229 4288 3355 4363; x_wconf 64' lang='lat' dir='ltr'><strong>Haec</strong></span> <span class='ocrx_word' id='word_1_400' title='bbox 3376 4305 3500 4345; x_wconf 90' lang='lat' dir='ltr'><strong>cum</strong></span> <span class='ocrx_word' id='word_1_401' title='bbox 3528 4304 3657 4360; x_wconf 81' lang='lat' dir='ltr'><strong>age-</strong></span> 
     </span>
    </p>
   </div>
   <div class='ocr_carea' id='block_1_34' title="bbox 402 4396 3660 4476">
    <p class='ocr_par' dir='ltr' id='par_1_34' title="bbox 402 4396 3660 4476">
     <span class='ocr_line' id='line_1_35' title="bbox 402 4396 3660 4476; baseline 0.004 -28"><span class='ocrx_word' id='word_1_402' title='bbox 402 4409 612 4460; x_wconf 88' lang='lat' dir='ltr'><strong>remus,</strong></span> <span class='ocrx_word' id='word_1_403' title='bbox 646 4396 789 4453; x_wconf 88' lang='lat' dir='ltr'><strong>haud</strong></span> <span class='ocrx_word' id='word_1_404' title='bbox 823 4414 946 4454; x_wconf 88' lang='lat' dir='ltr'><strong>raro</strong></span> <span class='ocrx_word' id='word_1_405' title='bbox 972 4400 1028 4454; x_wconf 90' lang='lat' dir='ltr'><strong>in</strong></span> <span class='ocrx_word' id='word_1_406' title='bbox 1066 4400 1186 4455; x_wconf 85' lang='lat' dir='ltr'><strong>loca</strong></span> <span class='ocrx_word' id='word_1_407' title='bbox 1210 4400 1431 4457; x_wconf 86' lang='lat' dir='ltr'><strong>Patrum</strong></span> <span class='ocrx_word' id='word_1_408' title='bbox 1467 4404 1783 4471; x_wconf 82' lang='lat' dir='ltr'><strong>incidimus,</strong></span> <span class='ocrx_word' id='word_1_409' title='bbox 1814 4422 1937 4476; x_wconf 67' lang='lat' dir='ltr'><strong>qua:</strong></span> <span class='ocrx_word' id='word_1_410' title='bbox 1974 4408 2357 4462; x_wconf 85' lang='lat' dir='ltr'><strong>emendatione</strong></span> <span class='ocrx_word' id='word_1_411' title='bbox 2383 4405 2567 4461; x_wconf 81' lang='lat' dir='ltr'><strong>adhuc</strong></span> <span class='ocrx_word' id='word_1_412' title='bbox 2591 4418 2730 4472; x_wconf 88' lang='lat' dir='ltr'><strong>opus</strong></span> <span class='ocrx_word' id='word_1_413' title='bbox 2759 4402 2985 4467; x_wconf 80' lang='lat' dir='ltr'><strong>habent,</strong></span> <span class='ocrx_word' id='word_1_414' title='bbox 3020 4411 3077 4458; x_wconf 87' lang='lat' dir='ltr'><strong>et</strong></span> <span class='ocrx_word' id='word_1_415' title='bbox 3102 4418 3169 4458; x_wconf 84' lang='lat' dir='ltr'><strong>ex</strong></span> <span class='ocrx_word' id='word_1_416' title='bbox 3204 4403 3402 4459; x_wconf 88' lang='lat' dir='ltr'><strong>Nostro</strong></span> <span class='ocrx_word' id='word_1_417' title='bbox 3428 4406 3660 4461; x_wconf 82' lang='lat' dir='ltr'><strong>feliciter</strong></span> 
     </span>
    </p>
   </div>
   <div class='ocr_carea' id='block_1_35' title="bbox 405 4511 3658 4590">
    <p class='ocr_par' dir='ltr' id='par_1_35' title="bbox 405 4511 3658 4590">
     <span class='ocr_line' id='line_1_36' title="bbox 405 4511 3658 4590; baseline 0.003 -23"><span class='ocrx_word' id='word_1_418' title='bbox 405 4511 621 4567; x_wconf 87' lang='lat' dir='ltr'><strong>restitui</strong></span> <span class='ocrx_word' id='word_1_419' title='bbox 655 4521 902 4581; x_wconf 85' lang='lat' dir='ltr'><strong>possunt,</strong></span> <span class='ocrx_word' id='word_1_420' title='bbox 929 4515 1031 4569; x_wconf 85' lang='lat' dir='ltr'><strong>etsi</strong></span> <span class='ocrx_word' id='word_1_421' title='bbox 1055 4516 1452 4585; x_wconf 88' lang='lat' dir='ltr'><strong>prohatissimis</strong></span> <span class='ocrx_word' id='word_1_422' title='bbox 1480 4518 1805 4590; x_wconf 90' lang='lat' dir='ltr'><strong>plerumque</strong></span> <span class='ocrx_word' id='word_1_423' title='bbox 1856 4520 1941 4575; x_wconf 90' lang='lat' dir='ltr'><strong>usi</strong></span> <span class='ocrx_word' id='word_1_424' title='bbox 1975 4520 2148 4575; x_wconf 90' lang='lat' dir='ltr'><strong>simus</strong></span> <span class='ocrx_word' id='word_1_425' title='bbox 2169 4519 2528 4583; x_wconf 87' lang='lat' dir='ltr'><strong>editionihus,</strong></span> <span class='ocrx_word' id='word_1_426' title='bbox 2549 4534 2689 4588; x_wconf 85' lang='lat' dir='ltr'><strong>quas</strong></span> <span class='ocrx_word' id='word_1_427' title='bbox 2714 4518 2771 4572; x_wconf 90' lang='lat' dir='ltr'><strong>in</strong></span> <span class='ocrx_word' id='word_1_428' title='bbox 2796 4514 3025 4573; x_wconf 88' lang='lat' dir='ltr'><strong>scholiis</strong></span> <span class='ocrx_word' id='word_1_429' title='bbox 3064 4531 3492 4577; x_wconf 81' lang='lat' dir='ltr'><strong>commemorare</strong></span> <span class='ocrx_word' id='word_1_430' title='bbox 3513 4523 3658 4576; x_wconf 90' lang='lat' dir='ltr'><strong>haud</strong></span> 
     </span>
    </p>
   </div>
   <div class='ocr_carea' id='block_1_36' title="bbox 405 4626 3657 4705">
    <p class='ocr_par' dir='ltr' id='par_1_36' title="bbox 405 4626 3657 4705">
     <span class='ocr_line' id='line_1_37' title="bbox 405 4626 3657 4705; baseline 0.003 -24"><span class='ocrx_word' id='word_1_431' title='bbox 405 4626 763 4697; x_wconf 84' lang='lat' dir='ltr'><strong>negleximus.</strong></span> <span class='ocrx_word' id='word_1_432' title='bbox 786 4626 918 4694; x_wconf 66' lang='grc' dir='ltr'><strong>ρυω</strong></span> <span class='ocrx_word' id='word_1_433' title='bbox 947 4643 1017 4683; x_wconf 81' lang='lat' dir='ltr'><strong>ex</strong></span> <span class='ocrx_word' id='word_1_434' title='bbox 1034 4629 1324 4685; x_wconf 84' lang='lat' dir='ltr'><strong>Ambrosio</strong></span> <span class='ocrx_word' id='word_1_435' title='bbox 1352 4630 1406 4685; x_wconf 88' lang='lat' dir='ltr'><strong>in</strong></span> <span class='ocrx_word' id='word_1_436' title='bbox 1441 4632 1529 4687; x_wconf 89' lang='lat' dir='ltr'><strong>his</strong></span> <span class='ocrx_word' id='word_1_437' title='bbox 1554 4632 1784 4703; x_wconf 86' lang='lat' dir='ltr'><strong>dialogis</strong></span> <span class='ocrx_word' id='word_1_438' title='bbox 1802 4649 1836 4688; x_wconf 86' lang='lat' dir='ltr'><strong>a</strong></span> <span class='ocrx_word' id='word_1_439' title='bbox 1863 4634 2213 4689; x_wconf 85' lang='lat' dir='ltr'><strong>Theodoreto</strong></span> <span class='ocrx_word' id='word_1_440' title='bbox 2229 4634 2396 4689; x_wconf 77' lang='lat' dir='ltr'><strong>allata</strong></span> <span class='ocrx_word' id='word_1_441' title='bbox 2418 4642 2566 4697; x_wconf 89' lang='lat' dir='ltr'><strong>sunt,</strong></span> <span class='ocrx_word' id='word_1_442' title='bbox 2591 4632 2737 4686; x_wconf 84' lang='lat' dir='ltr'><strong>haud</strong></span> <span class='ocrx_word' id='word_1_443' title='bbox 2768 4647 2891 4685; x_wconf 86' lang='lat' dir='ltr'><strong>raro</strong></span> <span class='ocrx_word' id='word_1_444' title='bbox 2932 4632 3093 4686; x_wconf 85' lang='lat' dir='ltr'><strong>aliter</strong></span> <span class='ocrx_word' id='word_1_445' title='bbox 3124 4633 3180 4687; x_wconf 89' lang='lat' dir='ltr'><strong>in</strong></span> <span class='ocrx_word' id='word_1_446' title='bbox 3211 4632 3399 4689; x_wconf 63' lang='lat' dir='ltr'><strong>Graeco</strong></span> <span class='ocrx_word' id='word_1_447' title='bbox 3428 4649 3657 4705; x_wconf 86' lang='lat' dir='ltr'><strong>sonant,</strong></span> 
     </span>
    </p>
   </div>
   <div class='ocr_carea' id='block_1_37' title="bbox 404 4737 3661 4810">
    <p class='ocr_par' dir='ltr' id='par_1_37' title="bbox 404 4737 3661 4810">
     <span class='ocr_line' id='line_1_38' title="bbox 404 4737 3661 4810; baseline 0.002 -18"><span class='ocrx_word' id='word_1_448' title='bbox 404 4744 463 4792; x_wconf 88' lang='lat' dir='ltr'><strong>et</strong></span> <span class='ocrx_word' id='word_1_449' title='bbox 489 4737 763 4793; x_wconf 89' lang='lat' dir='ltr'><strong>mitiorem</strong></span> <span class='ocrx_word' id='word_1_450' title='bbox 792 4753 1014 4793; x_wconf 89' lang='lat' dir='ltr'><strong>sensum</strong></span> <span class='ocrx_word' id='word_1_451' title='bbox 1050 4739 1309 4804; x_wconf 79' lang='lat' dir='ltr'><strong>fundunt,</strong></span> <span class='ocrx_word' id='word_1_452' title='bbox 1347 4756 1511 4810; x_wconf 91' lang='lat' dir='ltr'><strong>quam</strong></span> <span class='ocrx_word' id='word_1_453' title='bbox 1540 4741 1596 4796; x_wconf 89' lang='lat' dir='ltr'><strong>in</strong></span> <span class='ocrx_word' id='word_1_454' title='bbox 1625 4750 1774 4797; x_wconf 87' lang='lat' dir='ltr'><strong>textu</strong></span> <span class='ocrx_word' id='word_1_455' title='bbox 1805 4740 2018 4796; x_wconf 89' lang='lat' dir='ltr'><strong>Latino.</strong></span> <span class='ocrx_word' id='word_1_456' title='bbox 2046 4742 2188 4797; x_wconf 84' lang='lat' dir='ltr'><strong>Hinc</strong></span> <span class='ocrx_word' id='word_1_457' title='bbox 2216 4742 2458 4810; x_wconf 89' lang='lat' dir='ltr'><strong>suspicio</strong></span> <span class='ocrx_word' id='word_1_458' title='bbox 2478 4741 2675 4802; x_wconf 88' lang='lat' dir='ltr'><strong>oritur,</strong></span> <span class='ocrx_word' id='word_1_459' title='bbox 2705 4739 2965 4793; x_wconf 86' lang='lat' dir='ltr'><strong>Nostrum</strong></span> <span class='ocrx_word' id='word_1_460' title='bbox 2994 4739 3049 4793; x_wconf 90' lang='lat' dir='ltr'><strong>in</strong></span> <span class='ocrx_word' id='word_1_461' title='bbox 3080 4741 3268 4796; x_wconf 88' lang='lat' dir='ltr'><strong>codice</strong></span> <span class='ocrx_word' id='word_1_462' title='bbox 3300 4757 3403 4797; x_wconf 92' lang='lat' dir='ltr'><strong>suo</strong></span> <span class='ocrx_word' id='word_1_463' title='bbox 3426 4744 3661 4800; x_wconf 81' lang='lat' dir='ltr'><strong>Ambro-</strong></span> 
     </span>
    </p>
   </div>
   <div class='ocr_carea' id='block_1_38' title="bbox 346 4847 3659 4925">
    <p class='ocr_par' dir='ltr' id='par_1_38' title="bbox 346 4847 3659 4925">
     <span class='ocr_line' id='line_1_39' title="bbox 346 4847 3659 4925; baseline 0.004 -23"><span class='ocrx_word' id='word_1_464' title='bbox 346 4860 349 4863; x_wconf 50' lang='grc' dir='ltr'>λ</span> <span class='ocrx_word' id='word_1_465' title='bbox 406 4847 560 4903; x_wconf 87' lang='lat' dir='ltr'><strong>siano</strong></span> <span class='ocrx_word' id='word_1_466' title='bbox 585 4861 695 4903; x_wconf 89' lang='lat' dir='ltr'><strong>non</strong></span> <span class='ocrx_word' id='word_1_467' title='bbox 730 4849 953 4904; x_wconf 84' lang='lat' dir='ltr'><strong>easdem</strong></span> <span class='ocrx_word' id='word_1_468' title='bbox 977 4850 1233 4905; x_wconf 87' lang='lat' dir='ltr'><strong>habuisse</strong></span> <span class='ocrx_word' id='word_1_469' title='bbox 1263 4850 1546 4916; x_wconf 88' lang='lat' dir='ltr'><strong>lectiones,</strong></span> <span class='ocrx_word' id='word_1_470' title='bbox 1573 4867 1712 4922; x_wconf 90' lang='lat' dir='ltr'><strong>quas</strong></span> <span class='ocrx_word' id='word_1_471' title='bbox 1734 4866 1885 4906; x_wconf 91' lang='lat' dir='ltr'><strong>nunc</strong></span> <span class='ocrx_word' id='word_1_472' title='bbox 1912 4852 1969 4905; x_wconf 90' lang='lat' dir='ltr'><strong>in</strong></span> <span class='ocrx_word' id='word_1_473' title='bbox 1997 4851 2219 4907; x_wconf 84' lang='lat' dir='ltr'><strong>excusis</strong></span> <span class='ocrx_word' id='word_1_474' title='bbox 2245 4850 2518 4907; x_wconf 83' lang='lat' dir='ltr'><strong>Ambrosii</strong></span> <span class='ocrx_word' id='word_1_475' title='bbox 2544 4849 2700 4905; x_wconf 89' lang='lat' dir='ltr'><strong>libris</strong></span> <span class='ocrx_word' id='word_1_476' title='bbox 2729 4848 3017 4904; x_wconf 83' lang='lat' dir='ltr'><strong>habemus.</strong></span> <span class='ocrx_word' id='word_1_477' title='bbox 3052 4850 3159 4905; x_wconf 90' lang='lat' dir='ltr'><strong>Ista</strong></span> <span class='ocrx_word' id='word_1_478' title='bbox 3186 4866 3319 4908; x_wconf 88' lang='lat' dir='ltr'><strong>vero</strong></span> <span class='ocrx_word' id='word_1_479' title='bbox 3349 4856 3659 4925; x_wconf 85' lang='lat' dir='ltr'><strong>conjectura</strong></span> 
     </span>
    </p>
   </div>
   <div class='ocr_carea' id='block_1_39' title="bbox 410 4960 3656 5037">
    <p class='ocr_par' dir='ltr' id='par_1_39' title="bbox 410 4960 3656 5037">
     <span class='ocr_line' id='line_1_40' title="bbox 410 4960 3656 5037; baseline 0.003 -24"><span class='ocrx_word' id='word_1_480' title='bbox 410 4967 620 5014; x_wconf 89' lang='lat' dir='ltr'><strong>tantum</strong></span> <span class='ocrx_word' id='word_1_481' title='bbox 651 4960 795 5029; x_wconf 89' lang='lat' dir='ltr'><strong>apud</strong></span> <span class='ocrx_word' id='word_1_482' title='bbox 820 4976 922 5017; x_wconf 92' lang='lat' dir='ltr'><strong>nos</strong></span> <span class='ocrx_word' id='word_1_483' title='bbox 953 4977 1063 5016; x_wconf 89' lang='lat' dir='ltr'><strong>non</strong></span> <span class='ocrx_word' id='word_1_484' title='bbox 1090 4960 1282 5027; x_wconf 89' lang='lat' dir='ltr'><strong>valuit,</strong></span> <span class='ocrx_word' id='word_1_485' title='bbox 1310 4972 1373 5018; x_wconf 93' lang='lat' dir='ltr'><strong>ut</strong></span> <span class='ocrx_word' id='word_1_486' title='bbox 1409 4962 1586 5033; x_wconf 90' lang='lat' dir='ltr'><strong>abripi</strong></span> <span class='ocrx_word' id='word_1_487' title='bbox 1625 4978 1727 5018; x_wconf 89' lang='lat' dir='ltr'><strong>nos</strong></span> <span class='ocrx_word' id='word_1_488' title='bbox 1761 4971 2095 5033; x_wconf 90' lang='lat' dir='ltr'><strong>pateremur,</strong></span> <span class='ocrx_word' id='word_1_489' title='bbox 2121 4963 2208 5018; x_wconf 88' lang='lat' dir='ltr'><strong>his</strong></span> <span class='ocrx_word' id='word_1_490' title='bbox 2236 4963 2290 5018; x_wconf 91' lang='lat' dir='ltr'><strong>in</strong></span> <span class='ocrx_word' id='word_1_491' title='bbox 2324 4962 2461 5019; x_wconf 88' lang='lat' dir='ltr'><strong>locis</strong></span> <span class='ocrx_word' id='word_1_492' title='bbox 2489 4968 2694 5018; x_wconf 84' lang='lat' dir='ltr'><strong>textum</strong></span> <span class='ocrx_word' id='word_1_493' title='bbox 2724 4962 2979 5018; x_wconf 86' lang='lat' dir='ltr'><strong>Latinum</strong></span> <span class='ocrx_word' id='word_1_494' title='bbox 3009 4962 3307 5031; x_wconf 81' lang='lat' dir='ltr'><strong>Ambrosii,</strong></span> <span class='ocrx_word' id='word_1_495' title='bbox 3340 4982 3503 5037; x_wconf 91' lang='lat' dir='ltr'><strong>quem</strong></span> <span class='ocrx_word' id='word_1_496' title='bbox 3539 4969 3656 5027; x_wconf 87' lang='lat' dir='ltr'><strong>edi-</strong></span> 
     </span>
    </p>
   </div>
   <div class='ocr_carea' id='block_1_40' title="bbox 410 5074 3661 5150">
    <p class='ocr_par' dir='ltr' id='par_1_40' title="bbox 410 5074 3661 5150">
     <span class='ocr_line' id='line_1_41' title="bbox 410 5074 3661 5150; baseline 0.005 -23"><span class='ocrx_word' id='word_1_497' title='bbox 410 5075 542 5131; x_wconf 81' lang='lat' dir='ltr'><strong>tioni</strong></span> <span class='ocrx_word' id='word_1_498' title='bbox 588 5074 1073 5131; x_wconf 88' lang='lat' dir='ltr'><strong>Benedictinorum</strong></span> <span class='ocrx_word' id='word_1_499' title='bbox 1107 5076 1451 5132; x_wconf 88' lang='lat' dir='ltr'><strong>exactissime</strong></span> <span class='ocrx_word' id='word_1_500' title='bbox 1490 5078 1821 5147; x_wconf 89' lang='lat' dir='ltr'><strong>respondere</strong></span> <span class='ocrx_word' id='word_1_501' title='bbox 1870 5079 2145 5143; x_wconf 91' lang='lat' dir='ltr'><strong>vidimus,</strong></span> <span class='ocrx_word' id='word_1_502' title='bbox 2188 5095 2257 5134; x_wconf 84' lang='lat' dir='ltr'><strong>ex</strong></span> <span class='ocrx_word' id='word_1_503' title='bbox 2300 5078 2492 5134; x_wconf 68' lang='lat' dir='ltr'><strong>Graaco</strong></span> <span class='ocrx_word' id='word_1_504' title='bbox 2538 5078 2840 5150; x_wconf 85' lang='lat' dir='ltr'><strong>retingere,</strong></span> <span class='ocrx_word' id='word_1_505' title='bbox 2897 5095 2965 5134; x_wconf 91' lang='lat' dir='ltr'><strong>ne</strong></span> <span class='ocrx_word' id='word_1_506' title='bbox 3009 5078 3152 5134; x_wconf 91' lang='lat' dir='ltr'><strong>idem</strong></span> <span class='ocrx_word' id='word_1_507' title='bbox 3199 5086 3661 5143; x_wconf 84' lang='lat' dir='ltr'><strong>committeremus</strong></span> 
     </span>
    </p>
   </div>
   <div class='ocr_carea' id='block_1_41' title="bbox 409 5185 3662 5270">
    <p class='ocr_par' dir='ltr' id='par_1_41' title="bbox 409 5185 3662 5270">
     <span class='ocr_line' id='line_1_42' title="bbox 409 5185 3662 5270; baseline 0.004 -30"><span class='ocrx_word' id='word_1_508' title='bbox 409 5185 630 5253; x_wconf 85' lang='lat' dir='ltr'><strong>vitium,</strong></span> <span class='ocrx_word' id='word_1_509' title='bbox 658 5186 717 5244; x_wconf 89' lang='lat' dir='ltr'><strong>in</strong></span> <span class='ocrx_word' id='word_1_510' title='bbox 739 5189 886 5258; x_wconf 88' lang='lat' dir='ltr'><strong>quod</strong></span> <span class='ocrx_word' id='word_1_511' title='bbox 927 5189 1006 5245; x_wconf 91' lang='lat' dir='ltr'><strong>illi</strong></span> <span class='ocrx_word' id='word_1_512' title='bbox 1046 5190 1360 5247; x_wconf 90' lang='lat' dir='ltr'><strong>inciderunt</strong></span> <span class='ocrx_word' id='word_1_513' title='bbox 1401 5192 1496 5263; x_wconf 90' lang='lat' dir='ltr'><strong>qui</strong></span> <span class='ocrx_word' id='word_1_514' title='bbox 1530 5202 1737 5248; x_wconf 74' lang='lat' dir='ltr'><strong>textum</strong></span> <span class='ocrx_word' id='word_1_515' title='bbox 1779 5209 1847 5247; x_wconf 84' lang='lat' dir='ltr'><strong>ex</strong></span> <span class='ocrx_word' id='word_1_516' title='bbox 1890 5194 2343 5265; x_wconf 89' lang='lat' dir='ltr'><strong>interpretatione</strong></span> <span class='ocrx_word' id='word_1_517' title='bbox 2385 5194 2570 5265; x_wconf 88' lang='lat' dir='ltr'><strong>aliqua</strong></span> <span class='ocrx_word' id='word_1_518' title='bbox 2612 5195 2904 5249; x_wconf 90' lang='lat' dir='ltr'><strong>restituere</strong></span> <span class='ocrx_word' id='word_1_519' title='bbox 2936 5194 3230 5251; x_wconf 87' lang='lat' dir='ltr'><strong>temerario</strong></span> <span class='ocrx_word' id='word_1_520' title='bbox 3256 5212 3392 5252; x_wconf 92' lang='lat' dir='ltr'><strong>ausu</strong></span> <span class='ocrx_word' id='word_1_521' title='bbox 3424 5198 3662 5270; x_wconf 86' lang='lat' dir='ltr'><strong>aggressi</strong></span> 
     </span>
    </p>
   </div>
   <div class='ocr_carea' id='block_1_42' title="bbox 407 5309 557 5355">
    <p class='ocr_par' dir='ltr' id='par_1_42' title="bbox 407 5309 557 5355">
     <span class='ocr_line' id='line_1_43' title="bbox 407 5309 557 5355; baseline -0.013 0"><span class='ocrx_word' id='word_1_522' title='bbox 407 5309 557 5355; x_wconf 84' lang='lat' dir='ltr'><strong>sunt.</strong></span> 
     </span>
    </p>
   </div>
   <div class='ocr_carea' id='block_1_43' title="bbox 480 5443 3667 5520">
    <p class='ocr_par' dir='ltr' id='par_1_43' title="bbox 480 5443 3667 5520">
     <span class='ocr_line' id='line_1_44' title="bbox 480 5443 3667 5520; baseline 0.001 -21"><span class='ocrx_word' id='word_1_523' title='bbox 480 5443 563 5499; x_wconf 80' lang='lat' dir='ltr'><strong>Ad</strong></span> <span class='ocrx_word' id='word_1_524' title='bbox 589 5446 763 5500; x_wconf 87' lang='lat' dir='ltr'><strong>libros</strong></span> <span class='ocrx_word' id='word_1_525' title='bbox 793 5446 1182 5502; x_wconf 61' lang='lat' dir='ltr'><strong>Hereticarum</strong></span> <span class='ocrx_word' id='word_1_526' title='bbox 1214 5447 1524 5503; x_wconf 84' lang='lat' dir='ltr'><strong>fabularum</strong></span> <span class='ocrx_word' id='word_1_527' title='bbox 1550 5448 1872 5506; x_wconf 85' lang='lat' dir='ltr'><strong>varietatem</strong></span> <span class='ocrx_word' id='word_1_528' title='bbox 1896 5447 2151 5506; x_wconf 91' lang='lat' dir='ltr'><strong>lectionis</strong></span> <span class='ocrx_word' id='word_1_529' title='bbox 2174 5447 2549 5520; x_wconf 84' lang='lat' dir='ltr'><strong>congessimus</strong></span> <span class='ocrx_word' id='word_1_530' title='bbox 2572 5459 2639 5501; x_wconf 80' lang='lat' dir='ltr'><strong>ex</strong></span> <span class='ocrx_word' id='word_1_531' title='bbox 2668 5445 2911 5502; x_wconf 90' lang='lat' dir='ltr'><strong>editione</strong></span> <span class='ocrx_word' id='word_1_532' title='bbox 2934 5461 3083 5502; x_wconf 87' lang='lat' dir='ltr'><strong>mere</strong></span> <span class='ocrx_word' id='word_1_533' title='bbox 3107 5445 3311 5510; x_wconf 66' lang='lat' dir='ltr'><strong>Graeca,</strong></span> <span class='ocrx_word' id='word_1_534' title='bbox 3337 5460 3459 5516; x_wconf 74' lang='lat' dir='ltr'><strong>qua:</strong></span> <span class='ocrx_word' id='word_1_535' title='bbox 3481 5446 3667 5502; x_wconf 71' lang='lat' dir='ltr'><strong>Roma:</strong></span> 
     </span>
    </p>
   </div>
   <div class='ocr_carea' id='block_1_44' title="bbox 412 5556 3666 5632">
    <p class='ocr_par' dir='ltr' id='par_1_44' title="bbox 412 5556 3666 5632">
     <span class='ocr_line' id='line_1_45' title="bbox 412 5556 3666 5632; baseline -0.001 -19"><span class='ocrx_word' id='word_1_536' title='bbox 412 5573 537 5614; x_wconf 74' lang='lat' dir='ltr'><strong>ann.</strong></span> <span class='ocrx_word' id='word_1_537' title='bbox 568 5557 726 5623; x_wconf 71' lang='grc'><strong>1547,</strong></span> <span class='ocrx_word' id='word_1_538' title='bbox 759 5557 902 5621; x_wconf 70' lang='grc' dir='ltr'><strong>ὶη-ιι,</strong></span> <span class='ocrx_word' id='word_1_539' title='bbox 935 5558 1154 5627; x_wconf 88' lang='lat' dir='ltr'><strong>prodiit.</strong></span> <span class='ocrx_word' id='word_1_540' title='bbox 1182 5557 1373 5628; x_wconf 71' lang='lat' dir='ltr'><strong>Opera:</strong></span> <span class='ocrx_word' id='word_1_541' title='bbox 1397 5576 1615 5631; x_wconf 87' lang='lat' dir='ltr'><strong>quoque</strong></span> <span class='ocrx_word' id='word_1_542' title='bbox 1641 5563 1880 5632; x_wconf 87' lang='lat' dir='ltr'><strong>pretium</strong></span> <span class='ocrx_word' id='word_1_543' title='bbox 1904 5574 2027 5618; x_wconf 85' lang='lat' dir='ltr'><strong>esse</strong></span> <span class='ocrx_word' id='word_1_544' title='bbox 2049 5561 2308 5617; x_wconf 89' lang='lat' dir='ltr'><strong>duximus</strong></span> <span class='ocrx_word' id='word_1_545' title='bbox 2356 5558 2692 5628; x_wconf 89' lang='lat' dir='ltr'><strong>Scriptorem</strong></span> <span class='ocrx_word' id='word_1_546' title='bbox 2718 5566 2968 5623; x_wconf 84' lang='lat' dir='ltr'><strong>nostrum</strong></span> <span class='ocrx_word' id='word_1_547' title='bbox 3000 5573 3124 5614; x_wconf 85' lang='lat' dir='ltr'><strong>eum</strong></span> <span class='ocrx_word' id='word_1_548' title='bbox 3173 5556 3434 5618; x_wconf 82' lang='lat' dir='ltr'><strong>Eusebio,</strong></span> <span class='ocrx_word' id='word_1_549' title='bbox 3458 5557 3666 5612; x_wconf 61' lang='lat' dir='ltr'><strong>lrenmo</strong></span> 
     </span>
    </p>
   </div>
   <div class='ocr_carea' id='block_1_45' title="bbox 719 5649 3298 5716">
    <p class='ocr_par' dir='ltr' id='par_1_45' title="bbox 719 5649 3298 5716">
     <span class='ocr_line' id='line_1_46' title="bbox 719 5649 3298 5716; baseline -0 0"><span class='ocrx_word' id='word_1_550' title='bbox 719 5654 1004 5716; x_wconf 63' lang='grc' dir='ltr'><strong>ΔΡενπιωι.</strong></span> <span class='ocrx_word' id='word_1_551' title='bbox 1048 5655 1162 5714; x_wconf 80' lang='lat' dir='ltr'><strong>Gn.</strong></span> <span class='ocrx_word' id='word_1_552' title='bbox 1207 5654 1512 5714; x_wconf 78' lang='lat' dir='ltr'><strong>LXXXIII.</strong></span> <span class='ocrx_word' id='word_1_553' title='bbox 3269 5649 3298 5715; x_wconf 78' lang='grc' dir='ltr'><strong><em>ι</em></strong></span> 
     </span>
    </p>
   </div>
   <div class='ocr_carea' id='block_1_46' title="bbox 284 5835 615 6142">
    <p class='ocr_par' dir='ltr' id='par_1_46' title="bbox 284 5835 615 6142">
     <span class='ocr_line' id='line_1_47' title="bbox 284 5835 615 6142; baseline -0.003 0"><span class='ocrx_word' id='word_1_554' title='bbox 284 5835 615 6142; x_wconf 52' lang='lat'><strong>3‘7</strong></span> 
     </span>
    </p>
   </div>
  </div>
