4006 6202
254 269 322 335 11
1217 262 1478 322 JOANN.
1509 261 1780 323 LUDOV’.
1825 263 2176 324 SCIIULZII
2221 264 2634 327 PBJEFATIO.
3456 268 3520 332 12

260 406 317 454 et
342 395 645 467 Epiphanio
662 398 1069 463 comparare,et
1086 404 1206 459 qua:
1232 405 1260 442 a
1286 388 1833 453 Petavio,Massueto,
1858 389 2080 453 Grabio,
2104 387 2375 445 Coteler'io
2399 392 2630 463 aliisque
2651 392 2763 464 jam
2790 394 3000 449 utiliter
3027 395 3318 453 observata
3338 409 3515 459 erant.

260 512 317 566 in
349 525 479 564 usus
510 517 726 561 nostros
750 514 1091 561 convertere.
1124 502 1428 557 Prolixiora
1464 503 1590 557 inde
1620 512 1779 557 enata
1810 510 1939 555 sunt
1966 502 2194 569 scholia,
2225 513 2280 558 et
2308 520 2414 558 non
2447 506 2820 560 dubitavimus
2849 508 3051 576 passim
3076 524 3106 562 a
3132 508 3368 564 lectione
3384 510 3517 566 ιεᾱὶ-

259 620 421 675 tionis
455 617 850 687 Sirmondiana‘.
878 613 1189 677 deﬂectere,
1220 619 1280 665 ut
1310 627 1433 681 pag.
1468 611 1590 676 554,
1625 620 1680 666 et
1710 612 1861 668 alibi.

327 759 559 813 Textum
583 756 831 810 Graecum
857 752 1429 823 praestantissimarum
1455 750 1521 804 de
1556 749 1907 805 Providentia
1937 751 2249 805 orationum
2276 752 2714 821 comparavimus
2743 769 2866 809 cum
2892 755 3136 811 editione
3159 772 3311 813 mere
3330 758 3516 815 Gram

254 872 478 928 Parisiis
507 888 634 926 ann.
666 870 821 934 1569,
856 868 999 935 in-8,
1034 868 1175 939 typis
1200 868 1494 938 exscripta,
1526 874 1581 923 et
1612 867 1667 921 in
1710 868 2020 923 subsidium
2057 870 2373 925 vocavimus
2408 870 2919 941 interpretationem
2949 876 3199 932 Latinam
3242 877 3515 949 Rodolphi

252 987 555 1053 Gualtheri,
587 1004 709 1058 quae
740 988 873 1043 ibid.
903 978 1224 1053 ann.‘lb7l,
1272 987 1414 1051 iii-8,
1446 986 1669 1056 prodiit.
1709 986 2005 1059 Utriusque
2039 989 2297 1045 editionis
2331 993 2546 1060 c0piam
2576 994 2737 1048 nobis
2765 994 2894 1049 fecit
2938 997 3072 1052 Itev.
3108 998 3381 1066 Schmidt,
3424 1017 3514 1058 sa-

254 1121 471 1161 crorum
500 1108 645 1177 apud
668 1108 1031 1163 Dobrizenses
1074 1106 1322 1172 antistes,
1354 1107 1442 1161 cui
1469 1108 1689 1177 publice
1730 1100 1969 1179 agendas
1997 1118 2123 1163 sunt
2167 1111 2677 1182 gratiae'Sirmondi
2708 1124 2927 1170 textum
2966 1118 3172 1186 passim
3214 1119 3519 1190 integritati

256 1238 364 1278 sure
419 1226 712 1279 restituere
777 1225 966 1288 licuit,
1031 1223 1337 1295 supplendo
1394 1220 1523 1293 quae
1572 1225 1802 1291 omissa,
1841 1227 2192 1298 “corrigendo
2254 1245 2376 1300 quae
2438 1231 2622 1287 minus
2681 1241 2830 1287 recte
2894 1249 3152 1305 expressa
3214 1249 3405 1307 erant,
3454 1245 3516 1295 ut

254 1354 374 1410 pag.
409 1340 531 1394 527.

322 1473 459 1527 Cum
492 1474 558 1527 ad
592 1474 883 1529 duodecim
916 1474 1086 1529 libros
1114 1475 1189 1529 Dc
1223 1476 1480 1531 curandis
1502 1476 1839 1533 ’Graacorum
1886 1480 2272 1539 affectionibus
2297 1486 2612 1541 veniremus
2635 1486 2733 1558 (a),
2758 1486 2909 1543 haud
2931 1490 3264 1561 negligenda:
3286 1490 3511 1546 fuerunt

249 1589 420 1643 Fulvii
465 1588 649 1644 Ursini
689 1591 1101 1646 emendationes
1141 1606 1208 1647 ex
1238 1594 1479 1663 antiquis
1517 1595 1871 1665 potissimum
1904 1600 2063 1656 libris
2091 1603 2351 1667 collectae,
2381 1620 2517 1673 quas
2556 1606 2856 1662 Garnerius
2884 1608 3132 1664 exhibuit
3168 1611 3224 1664 in
3252 1609 3513 1668 Auctario

248 1718 369 1768 suo,
400 1718 522 1772 pag.
555 1702 812 1757 393-556.
846 1700 1156 1759 Iiis‘Ursini
1182 1706 1545 1765 Collectaneis
1571 1712 1649 1766 sic
1677 1712 1760 1766 usi
1796 1730 2007 1781 sumus,
2047 1724 2105 1770 ut
2142 1734 2263 1785 qua:
2300 1726 2490 1773 notatu
2527 1718 2774 1789 digniora
2803 1730 2932 1777 sunt
2959 1724 3016 1779 in
3040 1723 3262 1779 scholiis
3286 1728 3508 1782 nostris.

247 1818 427 1873 littera
455 1818 501 1873 U
525 1819 823 1888 praemissa,
866 1821 1063 1888 paucis
1078 1822 1608 1890 complecteremur.
1642 1827 1741 1881 His
1766 1839 2118 1885 accesserunt
2149 1832 2317 1887 variae
2358 1832 2625 1890 lectiones
2649 1852 2679 1891 e
2714 1837 2932 1893 duobus
2968 1839 3253 1896 codicibus
3285 1841 3513 1897 Floren-

248 1932 378 1985 tinis
403 1931 720 2000 desumptae.
746 1930 1023 2001 Sylburgii
1048 1932 1446 2003 editione,qu:e
1470 1935 1843 2008 Heidelbergze
1860 1958 1986 1994 ann.
2004 1942 2157 2008 1592,
2186 1943 2395 2009 in-l‘ol.,
2414 1946 2639 2013 prodiit,
2669 1947 2777 2001 frui
2807 1947 3028 2003 demum
3052 1950 3228 2016 licuit,
3255 1968 3379 2006 cum
3405 1962 3515 2007 tres

246 2047 457 2117 priores
492 2047 619 2100 libri
656 2047 766 2116 jam
810 2048 950 2117 typis
976 2048 1235 2117 exscripti
1264 2057 1469 2104 essent.
1500 2051 1973 2113 Constitueramus
2005 2060 2228 2126 quidem
2282 2077 2347 2114 ea
2374 2078 2497 2129 quae
2541 2064 2609 2115 ad
2651 2065 2753 2118 hos
2795 2066 2969 2121 libros
2997 2068 3206 2137 reliqua
3234 2080 3379 2133 sunt,
3408 2072 3514 2127 hoc

244 2155 365 2209 loco
391 2156 681 2244 supplere;
708 2155 805 2208 sed
832 2155 903 2209 ob
931 2155 1197 2223 temporis
1219 2164 1276 2208 et
1300 2158 1407 2210 loci
1436 2144 1745 2226 angustiam
1783 2166 2071 2218 consilium
2114 2166 2249 2219 illud
2291 2170 2643 2223 mutavimus.
2678 2172 2871 2240 Aptior
2898 2176 2984 2229 bis
3015 2177 3247 2247 aliisque
3277 2180 3511 2252 Supple-

244 2271 444 2328 mentis
466 2270 620 2323 locus
641 2268 747 2323 erit
776 2267 833 2321 in
862 2276 1012 2322 tomo
1040 2268 1253 2337 quinto.

311 2402 441 2469 Quae
467 2403 534 2457 de
567 2401 879 2471 Appendice
905 2402 1142 2459 dicenda
1166 2416 1373 2472 essent,
1400 2408 1513 2478 jam
1540 2410 1877 2478 monuimus,
1903 2428 2025 2483 pag.
2056 2414 2212 2468 1041.
2239 2415 2317 2471 De
2347 2419 2540 2475 ordine
2568 2431 2775 2489 autem,
2810 2439 2920 2494 quo
2959 2424 3217 2495 Epistola:
3253 2427 3510 2486 Theodo-

243 2511 347 2567 reti
382 2512 438 2565 in
475 2511 580 2565 hoc
608 2510 885 2565 volumine
918 2510 1201 2581 dispositae
1226 2522 1388 2579 sunt,
1439 2515 1586 2570 dicet
1618 2518 1682 2572 V.
1716 2520 1776 2574 V.
1808 2520 1892 2575 Jo.
1936 2522 2075 2593 Aug.
2120 2510 2386 2591 Nmsselt,
2431 2528 2519 2581 cui
2564 2529 2830 2597 plurimas
2872 2532 3136 2589 debemus
3169 2516 3371 2606 gratias
3412 2554 3511 2608 pro

241 2622 444 2677 eximio
469 2621 652 2677 studio
681 2621 827 2691 quod
852 2622 909 2677 in
937 2621 1257 2678 adornando
1290 2628 1441 2679 temo
1464 2627 1631 2680 tertio
1656 2629 1859 2696 posuit,
1889 2632 2046 2704 cujus
2071 2641 2286 2702 partem
2314 2636 2574 2706 Epistola:
2602 2641 2708 2696 illae
2734 2644 3161 2701 constituebant.
3190 2647 3352 2713 Quod
3387 2651 3508 2705 reli-

242 2756 411 2809 quum
454 2746 539 2794 est
587 2738 761 2791 Deum
784 2736 848 2789 T.
877 2734 942 2791 0.
974 2736 1043 2791 M.
1070 2752 1383 2806 precamur,
1413 2750 1476 2795 ut
1499 2740 1601 2796 hos
1627 2742 1846 2802 labores
1878 2753 1932 2805 in
1974 2749 2063 2805 sui
2108 2750 2350 2807 nominis
2383 2754 2611 2825 gloriam
2642 2757 2838 2815 cedere
2859 2760 3069 2831 jubeat.
3102 2766 3237 2821 Dab.
3264 2767 3412 2824 Ilalaz
3453 2769 3507 2824 in

243 2858 394 2914 acad.
423 2855 571 2912 Frid.
597 2855 652 2910 d.
686 2869 755 2908 xx
784 2852 929 2919 Maii,
965 2852 1031 2909 Α.
1060 2854 1129 2908 R.
1154 2853 1212 2909 S.
1238 2853 1635 2913 MDCCLXXII.

1363 2976 1836 3039 COROLLARIUM
1862 2984 1917 3033 J.
1946 2984 2014 3035 Α.
2049 2979 2427 3032 Νοεςεειτι.

310 3117 380 3170 1n
410 3113 747 3169 recensendo
774 3115 928 3164 textu
956 3106 1329 3177 Epistolarum
1355 3104 1709 3170 Theodoreti,
1736 3121 1859 3176 qua:
1897 3090 2025 3162 sunt
2048 3107 2103 3161 in
2127 3106 2275 3162 hunc
2299 3114 2510 3161 tomum
2549 3121 2580 3160 e
2610 3104 3184 3161 tertio‘Sirmondiano
3220 3105 3513 3171 translatae,

252 3233 490 3302 primum
521 3227 874 3282 adhibuimus
907 3222 1172 3278 lectiones
1195 3236 1308 3284 eas,
1333 3234 1467 3289 quas
1492 3219 1607 3289 ipse
1631 3217 1959 3274 Sirmondus
1989 3235 2019 3275 e
2042 3219 2231 3276 codice
2255 3211 2614 3289 Neapolitano
2642 3227 2962 3289 acceperat;
2988 3233 3153 3289 porro
3174 3232 3295 3271 cum
3320 3232 3516 3286 quam-

254 3341 504 3412 plurimae
546 3336 791 3408 epistolae
830 3336 946 3391 sive
972 3332 1305 3387 Theodoreti
1346 3332 1461 3386 sive
1478 3332 1935 3397 -aliorum,retiam
1954 3332 2113 3397 alibi,
2140 3333 2254 3387 sive
2279 3332 2464 3387 Graece
2494 3332 2609 3387 sive
2632 3331 2826 3386 Latine
2862 3345 3056 3395 versae,
3083 3338 3144 3384 ut
3171 3329 3226 3383 in
3252 3330 3517 3386 concilio-

254 3478 377 3517 rum
404 3460 748 3530 corporibus,
783 3457 839 3511 in
879 3453 1151 3525 Operibus
1178 3452 1333 3507 Marii
1364 3452 1706 3517 Mercatoris,
1749 3452 1805 3504 in
1845 3450 2064 3505 Baronii
2094 3451 2416 3517 Annalibus,
2434 3459 2680 3515 exstent,
2718 3451 2912 3504 harum
2946 3466 3172 3519 quoque
3213 3449 3519 3504 editionum

245 3582 630 3637 diversitatem
666 3577 958 3647 diligenter
998 3572 1363 3639 contulimus;
1418 3572 1655 3641 denique
1680 3570 1949 3625 beneﬂcio
1991 3570 2221 3625 illustris
2257 3571 2396 3637 viri,
2426 3570 2532 3625 Ad.
2579 3571 2772 3625 Franc.
2802 3569 3064 3630 Kollarii.
3102 3570 3442 3626 obtinuimus
3486 3589 3519 3627 ο

256 3691 589 3747 bibliotheca
672 3689 920 3744 Caesarea
1007 3684 1419 3738 Vindobone‘nsi
1522 3683 1835 3752 exemplum
1922 3693 2176 3739 accurate
2263 3683 2604 3754 descriptum
2709 3684 2954 3754 epistolae
3041 3684 3373 3739 Theodoreti
3450 3684 3520 3739 ad

255 3807 521 3862 Joannem
555 3803 913 3861 Germanicus
944 3802 1267 3871 episcopum
1294 3799 1405 3871 (cui
1428 3799 1611 3854 locum
1644 3799 1743 3854 147
1770 3799 2043 3874 dedimus)
2071 3802 2408 3874 alteriusque
2439 3804 2506 3858 ad
2530 3803 2910 3873 Euphratcsia:
2933 3803 3231 3857 monachos
3258 3802 3335 3875 (η.
3372 3803 3520 3872 151),

256 3936 421 3993 quam
455 3923 522 3978 ad
557 3920 832 3976 edendum
871 3919 1075 3973 frustra
1109 3915 1406 3972 Garnerius
1439 3917 1778 3987 expetierat;
1815 3919 1912 3973 ubi
1950 3921 2179 3991 contigit
2212 3930 2275 3976 ut
2317 3921 2482 3975 homo
2514 3920 2760 3985 Grazcus,
2804 3922 2894 3975 cui
2928 3921 3288 3976 describenda
3322 3922 3523 3977 tradita

258 4050 404 4099 esset
431 4040 695 4110 epistola,
725 4038 781 4092 in
814 4034 1190 4106 percurrendo
1225 4034 1413 4091 codice
1448 4036 1615 4092 etiam
1647 4036 1774 4092 aliis
1810 4053 1878 4092 ex
1910 4040 2159 4107 epistolis
2195 4039 2567 4108 discrepantes
2602 4041 2901 4106 lectiones,
2941 4056 3249 4108 quanquam
3284 4057 3520 4108 paucas,

258 4158 595 4221 excerperet,
642 4163 778 4219 quas
810 4160 1001 4202 omnes
1033 4146 1487 4203 Vindobonenses
1520 4148 1796 4219 appellare
1828 4150 2088 4204 solemus.
2127 4150 2203 4204 De
2251 4148 2509 4203 Auctario
2543 4147 2817 4211 Garnerii,
2855 4149 3011 4218 cujus
3055 4149 3303 4203 ordinem
3337 4155 3514 4208 secuti

261 4281 450 4321 sumus
477 4266 532 4319 in
568 4262 813 4333 epistolis
841 4261 1241 4317 Sirmondiana:
1262 4261 1495 4317 editioni
1520 4262 1769 4333 adjectis,
1800 4272 2006 4318 textum
2040 4264 2224 4319 multis
2257 4263 2601 4332 inquinatum
2629 4262 2801 4328 vitiis,
2829 4263 3250 4334 versionemque
3274 4265 3523 4322 Latinam

261 4380 679 4451 castigavimus;
715 4378 811 4432 ubi
838 4377 1024 4433 Graeca
1056 4379 1357 4447 perierant,
1382 4378 1734 4433 exhibuimus
1761 4389 2004 4434 veterem
2041 4379 2289 4434 Latinam
2325 4378 2850 4447 interpretationem.
2887 4378 3073 4447 Neque
3106 4386 3287 4433 tamen
3322 4380 3529 4450 placuit

263 4493 620 4550 illasaddere
643 4492 905 4563 epistolas
931 4492 1284 4558 Theodoreti,
1309 4511 1431 4566 quae
1466 4495 1522 4550 in
1554 4496 1918 4552 celeberrimo
1944 4497 2215 4570 Synodico
2242 4498 2432 4552 lrenaei
2463 4506 2690 4551 servata:
2715 4496 2972 4561 fuerunt;
3011 4513 3137 4551 nam
3179 4497 3314 4551 illud
3348 4498 3526 4567 ipsum

262 4611 709 4681 vidi,repetitum
761 4626 881 4667 esse
915 4626 947 4665 a
979 4611 1251 4665 Garnerio
1296 4612 1352 4665 in
1388 4612 1774 4668 dissertatione
1825 4616 2016 4685 quinta
2064 4616 2307 4670 Auctarii
2351 4614 2420 4669 de
2468 4613 2799 4669 Theodoreti
2846 4624 2901 4668 et
2933 4614 3295 4669 Orientalium
3330 4629 3525 4675 causa,

266 4726 441 4796 cujus,
479 4741 547 4781 ex
585 4724 830 4780 editione
874 4724 1150 4778 Mansiana
1201 4724 1602 4794 locupletandze
1653 4728 2073 4798 repetendaeque
2127 4738 2275 4785 tomo
2312 4729 2506 4799 quinto
2558 4744 2789 4799 operum
2824 4728 3178 4793 Theodoreti,
3214 4741 3367 4797 spem
3400 4725 3528 4779 fecit

268 4837 556 4897 Schulzius
589 4840 653 4894 Υ.
691 4841 779 4903 ν.,
819 4839 874 4893 in
908 4855 1017 4909 quo
1064 4841 1343 4895 volumine
1398 4850 1720 4910 repetentur
1756 4846 1920 4900 etiam
1958 4848 2361 4915 commentarii,
2400 4848 2601 4917 quibus
2635 4846 2937 4901 Garnerius
2972 4859 3162 4899 omnes
3197 4842 3309 4896 fere
3346 4840 3528 4895 Theo-

268 4952 444 5008 doreti
476 4957 735 5024 epistolas
765 4974 795 5012 a
828 4973 888 5012 se
923 4957 1325 5027 Sirmondoque
1359 4960 1537 5013 editas
1575 4960 1890 5018 illustravit.

337 5194 407 5257 (a)
445 5192 645 5255 Egregii
671 5195 814 5256 hujus
845 5196 1010 5257 Operis
1041 5195 1390 5246 recensionem
1434 5196 1937 5261 adhibuimus,quam
1977 5203 2296 5251 dictissimus
2323 5201 2508 5264 Anglus
2532 5203 2744 5252 Thomas
2781 5199 3002 5249 Gaisl‘ord
3041 5196 3221 5247 Oxonii
3246 5209 3375 5245 anno
3414 5195 3533 5245 1839

269 5275 516 5327 edendam
538 5273 745 5327 curavit.
774 5276 907 5329 Enn.
935 5278 1090 5328 Pun.

3344 5845 3643 6118 me!
