4006 6202
403 4690 421 4725 ἱ

534 306 603 376 ta
1214 282 1219 291 ’
1352 306 1720 374 veranum
1757 302 2467 381 RECENTIORUMQUE
2505 304 2995 371 TESTIMONIA.
3722 308 3792 378 ιι

1535 652 2792 809 THEODORETI

1909 941 2407 1019 ALIORUMQUE

1178 1116 1329 1218 DE
1402 1122 1605 1217 HIS
1675 1124 2276 1220 OPERIBUS
2347 1124 3138 1219 TESTIMONIA.

2134 1333 2205 1344 ...-

516 1466 773 1528 Centiam'
806 1460 1016 1521 Heneti
1058 1457 1411 1535 Dialogorum
1467 1460 1960 1535 Hareticaru'ntqtte
2010 1456 2335 1535 [adulamur
2363 1458 2698 1535 interpretis,
2734 1460 2805 1514 ad
2839 1452 3152 1516 Marcetlum
3201 1461 3485 1520 ’Cervinum
3520 1462 3577 1521 S.
3613 1460 3794 1524 Cruci:

1653 1525 2019 1593 cardinatem,
2049 1529 2106 1583 in
2148 1525 2367 1582 concilio
2411 1525 2664 1600 legatum.

588 1672 742 1729 Inter
768 1680 997 1728 caeteros
1030 1666 1246 1725 Graecos
1283 1667 1615 1739 scriptores,
1656 1664 1751 1735 qui
1790 1664 2052 1735 praeclara
2105 1663 2309 1735 ingenii
2359 1664 2444 1720 sui
2490 1666 2826 1723 monimenta
2867 1667 2922 1722 in
2956 1671 3105 1725 omni
3137 1671 3553 1745 disciplinarum
3595 1690 3796 1747 genere

509 1760 722 1818 litteris
766 1762 1114 1825 mandavere,
1149 1752 1533 1815 Theodoretus
1563 1755 1820 1827 Cyrensis
1858 1755 2171 1825 episcopus,
2203 1756 2249 1811 si
2281 1771 2393 1811 non
2446 1756 2706 1826 primum,
2741 1769 2889 1814 certe
2922 1760 3066 1815 inter
3104 1763 3313 1832 primos
3343 1765 3525 1820 locum
3559 1766 3792 1824 obtinet.

509 1856 658 1912 Cum
704 1862 888 1909 autem
922 1854 1160 1924 plurima
1202 1850 1510 1922 scripserit,
1559 1864 1795 1921 quorum
1826 1849 2091 1903 nonnulla
2140 1849 2198 1903 in
2244 1849 2487 1919 linguam
2530 1849 2781 1905 Latinam
2819 1854 2930 1924 jam
2974 1852 3187 1923 pridem
3224 1857 3475 1913 traducta
3511 1868 3659 1925 sunt,
3693 1876 3794 1933 ego

514 1951 742 2020 quidem
770 1949 1082 2012 Eranisten,
1129 1963 1224 2003 seu
1275 1945 1727 2019 Polymorphum,
1754 1957 1865 2014 quo
1894 1941 2166 1998 adversus
2197 1943 2283 1997 sui
2316 1944 2581 2014 temporis
2623 1944 2913 1999 hagreticos
2952 1946 3247 2017 depugnat,
3281 1949 3416 2002 nulli
3451 1963 3573 2005 esse
3603 1966 3795 2007 eorum

520 2042 962 2113 postponendum
995 2041 1272 2095 existimo.
1308 2034 1478 2094 Liber
1502 2053 1743 2108 quoque,
1771 2052 1936 2107 quem
1969 2036 2046 2091 De
2079 2036 2347 2104 improbis
2389 2035 2775 2091 haereticorum
2808 2035 3007 2091 fabulis
3034 2046 3091 2093 et
3116 2039 3503 2095 ecclesiasticis
3529 2042 3795 2097 doctrinis

520 2132 823 2203 inscripsit,
864 2141 949 2189 est
979 2131 1270 2203 ejusmodi,
1310 2138 1372 2186 ut
1404 2130 1487 2185 vel
1524 2136 1651 2199 post
1690 2125 1982 2192 Irenaeum,
2028 2120 2400 2197 Epiphanium
2450 2136 2507 2182 et
2537 2128 2926 2200 Augustinum,
2964 2128 3059 2198 qui
3096 2130 3358 2198 praeclare
3391 2130 3459 2185 de
3493 2132 3797 2191 haeresibus

516 2224 881 2294 scripserunt,
906 2224 981 2277 sit
1006 2224 1156 2279 lectu
1182 2222 1428 2279 omnium
1459 2216 1835 2292 dignissimus.
1868 2218 2099 2273 Decreta
2130 2234 2262 2274 vero
2294 2214 2666 2274 ecclesiastica
2694 2231 2883 2289 aperte
2911 2220 3174 2286 ostendit,
3205 2232 3396 2277 eorum
3423 2239 3545 2293 quat
3575 2226 3740 2283 hodie
3762 2241 3797 2283 ιι

513 2313 816 2372 Catholicis
846 2326 903 2373 et
930 2310 1255 2372 orthodoxis
1284 2314 1668 2376 observantur,
1694 2309 1863 2364 fuisse
1902 2314 2223 2379 perpetuam
2258 2314 2314 2362 et
2350 2323 2381 2362 a
2412 2304 2634 2363 Christo
2660 2310 2715 2362 et
2738 2308 3001 2379 apostolis
3029 2322 3128 2379 per
3151 2326 3347 2366 manus
3368 2323 3651 2383 acceptam
3680 2323 3793 2370 trai-

514 2409 805 2465 ditionem.
837 2408 956 2465 Hoc
995 2424 1127 2479 ergo
1170 2404 1606 2478 pulcherrimum
1650 2415 1789 2474 Opus
1818 2395 2170 2465 Theodoreti,
2202 2399 2351 2469 quod
2390 2401 2549 2455 bona:
2593 2399 2872 2455 memorim
2899 2400 3194 2456 cardinalis
3228 2400 3576 2472 Ardingellus
3604 2405 3793 2473 paucis

511 2500 718 2555 abhinc
745 2499 1029 2554 mensibus
1057 2499 1116 2553 in
1145 2499 1325 2554 lucem
1355 2497 1543 2553 Graece
1576 2492 1852 2550 edendum
1888 2497 2205 2556 curaverat,
2233 2505 2361 2544 cum
2404 2498 2501 2544 tuo
2548 2490 2768 2545 hortatu
2812 2490 2871 2545 in
2916 2490 3155 2562 linguam
3179 2491 3430 2549 Latinam
3462 2495 3787 2564 vertissem,

510 2603 575 2648 et
603 2594 660 2648 in
691 2594 872 2649 lucem
910 2593 1073 2649 edere
1114 2592 1452 2657 statuissem,
1480 2600 1535 2647 et
1564 2589 1710 2661 apud
1742 2604 1829 2643 me
1855 2597 2181 2660 quaterem,
2216 2582 2503 2657 cujusnam
2528 2586 2875 2656 potissimum
2902 2586 3163 2657 auspiciis
3196 2587 3251 2642 in
3281 2589 3565 2645 doctorum
3593 2605 3791 2649 manus

511 2691 714 2755 exiret,
750 2699 810 2745 tu
834 2704 980 2744 unus
1009 2688 1143 2744 mihi
1171 2687 1487 2752 occurristi,
1518 2687 1613 2757 qui
1641 2701 1765 2740 cum
1803 2682 2138 2754 suscipiendi
2178 2681 2345 2752 hujus
2376 2680 2623 2735 muneris
2659 2694 2879 2735 causam
2906 2680 3149 2745 dederis,
3181 2680 3237 2736 id
3269 2697 3490 2755 quoque
3512 2684 3624 2754 jam
3658 2700 3790 2755 pert

513 2778 720 2837 fectum
752 2782 999 2837 omnium
1032 2781 1238 2851 optime
1270 2779 1448 2850 possis
1470 2785 1527 2834 et
1549 2777 1687 2834 velis
1717 2775 2034 2831 defendere.
2062 2772 2218 2840 Quod
2251 2771 2475 2842 quidem
2501 2785 2567 2826 eo
2596 2781 2648 2825 te
2684 2770 2969 2827 lubentius
2995 2770 3269 2826 facturum
3296 2772 3431 2828 mihi
3462 2774 3790 2844 persuadeo,

515 2876 684 2946 quod,
708 2891 837 2931 cum
882 2877 1149 2947 praeclara
1187 2873 1480 2931 doctorum
1527 2874 1815 2928 hominum
1855 2870 2195 2925 monimenta
2236 2868 2345 2922 late
2377 2863 2700 2937 propagari,
2737 2872 2793 2919 et
2832 2879 2863 2918 a
2892 2879 3116 2920 carcere
3148 2879 3216 2919 ac
3251 2864 3491 2919 tenebris
3523 2865 3792 2922 vindicari

511 2984 843 3042 magnopere
881 2969 1091 3039 cupias,
1124 2977 1180 3024 et
1215 2976 1276 3023 ut
1309 2967 1403 3023 fiat
1432 2965 1612 3038 quoad
1639 2966 1759 3035 ejus
1784 2980 1815 3019 a
1861 2971 1912 3018 te
1947 2959 2065 3017 ﬁeri
2094 2968 2276 3030 potest
2307 2958 2601 3023 allabores,
2629 2956 3038 3011 Theodoretum
3071 2965 3241 3022 certe,
3270 2967 3494 3027 propter
3519 2957 3792 3029 insignem

510 3068 634 3137 ejus
673 3065 981 3120 doctrinam
1019 3071 1076 3118 et
1115 3064 1516 3135 eloquentiam,
1563 3074 1783 3132 semper
1827 3056 2177 3129 singulariter
2216 3054 2509 3120 dilexeris,
2549 3052 2861 3112 honestaris
2904 3060 2960 3109 et
2992 3052 3224 3108 summis
3256 3053 3515 3110 laudibus
3538 3054 3785 3112 ornaris.

512 3151 668 3210 Vale.
702 3149 1015 3209 MDXLVII.

651 3284 864 3343 Nicolai
887 3286 1163 3353 Μαίοναηὶ
1194 3284 1285 3357 qui
1311 3300 1579 3339 temones
1607 3285 1670 3339 de
1689 3282 2029 3338 Providentia
2052 3278 2229 3338 Graece
2254 3282 2458 3352 primus
2484 3281 2666 3347 edidit,
2696 3280 2767 3335 ad
2789 3276 2908 3337 Nic.
2933 3271 3272 3352 Roduiplmm
3298 3280 3648 3336 cardinalem.

581 3422 722 3479 Cum
746 3422 1024 3479 Vaticana
1053 3420 1407 3477 bibliothecae
1439 3436 1627 3477 curam
1657 3420 1938 3475 Pontiﬁcis
1969 3419 2188 3473 Maximi
2217 3420 2375 3492 jussu
2407 3420 2759 3491 recepissem,
2793 3420 2932 3475 nihil
2974 3420 3110 3475 mihi
3150 3420 3335 3491 potius
3375 3421 3500 3485 fuit,
3536 3436 3701 3491 quam
3728 3429 3793 3477 ut

510 3514 690 3572 libros
713 3513 1063 3583 superiorum
1087 3524 1398 3582 temporum
1420 3513 1580 3582 culpa
1600 3510 1966 3582 negligentius
1990 3509 2212 3565 habitos
2235 3511 2302 3566 ad
2333 3518 2550 3566 certum
2582 3512 2837 3568 ordinem
2861 3528 3199 3568 revocarem.
3224 3513 3381 3580 Quod
3406 3529 3533 3568 cum
3560 3529 3791 3570 accura-

512 3606 630 3661 tius
660 3603 925 3666 iacerem,
958 3601 1293 3657 Theodoreti
1316 3600 1519 3657 librum
1552 3600 1631 3656 De
1647 3600 1987 3656 Providentia
2020 3599 2119 3655 Dei
2148 3599 2288 3656 forte
2315 3601 2516 3671 reperi,
2548 3617 2710 3673 quem
2743 3618 2869 3659 cum
2903 3603 3144 3659 hominis
3172 3603 3244 3658 ad
3277 3614 3404 3659 eum
3435 3603 3582 3659 diem
3614 3620 3686 3660 ne
3719 3604 3790 3662 de

508 3699 738 3756 nomine
774 3695 998 3769 quidem
1027 3697 1164 3752 mihi
1200 3698 1317 3753 noti
1343 3697 1709 3769 cognoscendi
1740 3711 1907 3752 causa
1947 3695 2299 3767 perlegissem
2320 3734 2335 3759 ,
2361 3712 2430 3750 eo
2454 3696 2674 3752 dicendi
2714 3713 2915 3766 genere
2956 3699 3329 3769 orationisque
3381 3697 3686 3771 elegantia.
3721 3711 3789 3754 eo

509 3792 891 3863 dispositionis
916 3790 1133 3856 ordine,
1158 3806 1223 3846 ea
1265 3799 1717 3862 argumentorum
1744 3789 2048 3845 subtilitate
2079 3796 2137 3845 et
2163 3786 2567 3843 sententiarum
2600 3787 2864 3859 gravitate
2891 3802 2955 3843 ac
2985 3788 3143 3857 COpia
3175 3788 3444 3858 scriptum
3484 3787 3692 3854 inveni,
3727 3796 3790 3844 ut

508 3887 634 3957 ejus
671 3883 929 3948 lectione,
971 3883 1061 3938 his
1100 3883 1405 3952 praesertim
1450 3882 1811 3953 temporibus.
1838 3880 2275 3936 Christianarum
2317 3879 2630 3934 litterarum
2675 3888 2951 3934 amatores
2976 3879 3233 3936 fraudare
3262 3880 3416 3937 nefas
3441 3881 3784 3950 putaverim,

509 3975 621 4031 etsi
652 3974 876 4029 unicum
909 3982 1121 4028 tantum
1150 3980 1392 4028 exstaret
1434 3973 1737 4042 exemplar,
1783 3971 1949 4040 idque
1994 3986 2022 4024 a
2059 3971 2168 4026 situ
2199 3977 2256 4025 et
2285 3970 2613 4041 antiquitate
2644 3971 2782 4029 adeo
2813 3970 3144 4038 confectum,
3177 3979 3239 4027 ut
3264 3972 3517 4043 plurimis
3563 3973 3621 4028 in
3650 3974 3789 4031 locis

508 4069 623 4139 legi
646 4068 733 4122 vix
763 4074 969 4138 posset.
1005 4062 1250 4135 Cumque
1279 4080 1367 4120 me
1389 4064 1756 4136 accingerem,
1793 4068 1854 4115 ut
1885 4062 2291 4134 quamprimum
2317 4077 2482 4132 quam
2512 4062 2900 4134 integerrimus
2927 4063 2975 4120 is
2995 4073 3189 4119 auctor
3213 4063 3269 4119 in
3305 4064 3484 4120 lucem
3514 4067 3785 4136 prodiret,

500 4161 574 4217 ’id
596 4161 762 4216 etiam
794 4160 1004 4227 curavi,
1041 4170 1103 4216 ut
1137 4162 1241 4217 sub
1275 4170 1369 4216 tuo
1397 4159 1621 4218 nomine
1654 4154 1931 4226 ederetur,
1968 4157 2063 4230 qui
2105 4167 2161 4214 et
2194 4159 2505 4214 litterarum
2537 4146 2786 4225 scientia,
2813 4169 2871 4216 et
2895 4160 3100 4231 pietate
3126 4161 3465 4232 reliquisque
3487 4161 3787 4221 virtutibus

507 4262 824 4328 praestares.
853 4254 973 4309 Huc
996 4255 1209 4310 accedit
1232 4262 1454 4310 tuorum
1477 4269 1605 4325 erga
1633 4268 1719 4308 me
1749 4252 2074 4308 meritorum
2105 4245 2444 4323 magnitudo,
2478 4252 2573 4323 qui
2605 4268 2703 4324 per
2733 4253 2926 4325 viginti
2956 4252 3070 4310 fere
3097 4268 3273 4310 annos
3305 4253 3565 4311 omnibus
3593 4254 3790 4318 ciliciis

508 4363 605 4406 me
636 4362 857 4415 ornare,
886 4349 1036 4403 omni
1090 4350 1430 4405 humanitate
1462 4348 1750 4419 complecti
1783 4360 1895 4404 non
1924 4345 2205 4403 destitisti.
2236 4348 2425 4403 Rom
2450 4346 2707 4415 MDXLV,
2742 4365 2811 4404 xv
2832 4349 3058 4406 Kalend.
3086 4349 3237 4407 Julii.

907 4484 1170 4560 Rodulphi
1204 4483 1448 4543 Gualteri
1472 4495 1776 4539 sermonum
1806 4483 1870 4536 de
1897 4478 2238 4537 Providentia
2269 4482 2593 4553 interpretis,
2628 4483 2699 4537 ad
2731 4483 3045 4541 Joacln'num
3076 4486 3392 4544 Vadianum.

589 4624 922 4682 Theodoreti
950 4627 1228 4683 orationes
1256 4622 1331 4680 De
1357 4623 1707 4680 Providentia
1734 4621 2029 4677 Latinitate
2061 4633 2161 4691 per
2182 4636 2285 4676 nos
2312 4620 2561 4686 donatas,
2595 4628 2690 4676 tuo
2712 4622 3057 4692 potissimum
3085 4626 3295 4681 nomini
3323 4628 3578 4685 dedicare
3601 4622 3780 4686 visum

416 4711 422 4743 ε
504 4722 633 4780 est,
682 4722 743 4769 ut
785 4714 855 4769 ad
895 4724 948 4771 te
976 4716 1184 4770 rediret
1207 4714 1355 4785 quod
1384 4713 1481 4769 abs
1510 4721 1564 4769 te
1587 4713 1896 4784 profectum
1937 4718 2042 4767 est.
2069 4711 2152 4766 Tu
2193 4711 2344 4768 enim
2385 4726 2670 4782 nunquam
2701 4714 2937 4769 antehac
2963 4716 3125 4770 nobis
3154 4717 3324 4782 visas,
3367 4733 3494 4773 cum
3534 4734 3601 4773 ex
3626 4720 3780 4776 Italia

506 4805 704 4860 Romae
736 4820 915 4876 nuper
944 4806 1243 4877 impressas
1283 4805 1611 4875 accepisses,
1657 4803 1979 4875 praeceptori
2014 4813 2205 4859 nostro
2249 4803 2601 4859 transmisisti
2634 4821 2647 4857 :
2678 4805 2772 4874 qui
2800 4806 3020 4860 easdem
3067 4809 3200 4863 mihi
3243 4810 3465 4875 obtulit,
3500 4822 3694 4882 petens
3721 4823 3782 4868 ut

505 4910 614 4963 per
639 4910 728 4950 me
752 4896 946 4954 Latine
974 4898 1125 4969 loqui
1151 4899 1447 4964 discerent,
1474 4913 1598 4970 qua
1631 4899 1900 4954 hactenus
1922 4896 2126 4953 Graecis
2154 4904 2369 4952 tantum
2399 4897 2629 4953 auribus
2653 4898 2946 4955 intellecta:
2975 4900 3211 4957 fuerunt.
3247 4903 3424 4973 Atque
3450 4904 3656 4960 utinam
3689 4906 3782 4962 hic

507 4986 651 5040 mihi
684 5001 746 5042 ea
780 4987 1047 5045 adfuisset
1075 4990 1372 5046 verborum
1412 4990 1516 5055 vis,
1546 5004 1668 5061 qua:
1700 4988 2080 5045 fecundissimi
2120 4988 2408 5058 scriptoris
2449 4987 2818 5058 eloquentiam
2858 4989 3165 5062 exprimere
3199 4992 3495 5063 potuisset!
3525 4993 3635 5050 Has
3670 5003 3781 5049 tam

507 5076 608 5131 diu
642 5080 893 5146 amissas,
921 5095 1157 5153 cumque
1185 5083 1349 5138 tineis
1373 5091 1430 5138 et
1456 5082 1645 5137 blattis
1674 5080 1879 5137 bellum
1924 5088 2199 5152 gerentes,
2231 5081 2327 5136 Dei
2369 5081 2711 5152 providentia
2763 5091 2870 5138 tam
2912 5084 3001 5154 pie
3032 5084 3101 5139 ab
3131 5084 3226 5140 illo
3255 5093 3462 5142 asserta
3505 5089 3775 5153 inventas.

506 5168 822 5225 doctissimi
845 5171 948 5226 viri
976 5171 1187 5227 Nicolai
1215 5172 1507 5243 Majorani,
1534 5172 1807 5228 Vaticana;
1830 5172 1915 5226 vel
1941 5169 2241 5227 Pontiﬁcius
2271 5169 2618 5228 bibliotheca:
2645 5173 2919 5243 prmiecti,
2953 5174 3223 5230 beneﬁcio
3267 5175 3523 5232 reddidit.
3560 5177 3769 5251 Tiguri,

504 5278 604 5318 vni
630 5262 762 5320 ldus
792 5264 1098 5330 Februarii,
1129 5280 1275 5356 anno
1299 5261 1582 5321 MDXLV’I.

508 5411 601 5467 EI
626 5411 726 5466 Fr.
763 5414 976 5469 Zenobii
1003 5413 1237 5470 Acciaoli
1277 5414 1492 5491 prologo
1530 5413 1603 5491 nd
1622 5413 1855 5491 .Leonem
1893 5407 1944 5467 Χ
1971 5411 2270 5491 ρρηιξβεεηι
2315 5413 2628 5491 nummum,
2668 5415 2722 5467 in
2755 5413 2916 5467 libros
2947 5415 3275 5485 Theodoreti,
3311 5428 3535 5491 quorum
3564 5414 3771 5487 titulus,

1353 5483 1573 5542 Curatio
1608 5485 1917 5542 ercarum
1948 5484 2305 5554 aﬂ'ectionum,
2334 5484 2390 5537 in
2418 5483 2669 5537 Latinum
2699 5498 2993 5541 conversos.

583 5618 714 5674 Post
740 5620 871 5676 alia.
895 5621 1113 5679 -—Cum
1139 5625 1324 5696 itaque
1350 5625 1423 5680 ob
1449 5624 1692 5696 ingentia
1717 5633 1810 5680 tua
1843 5624 1900 5678 in
1924 5639 2012 5679 me
2035 5623 2327 5690 beneﬁcia,
2365 5622 2675 5679 redundare
2695 5623 2750 5678 in
2782 5633 2835 5680 te
2864 5626 3073 5683 debeat
3088 5629 3352 5700 quidquid
3377 5646 3405 5685 a
3430 5646 3638 5702 meper
3658 5631 3765 5686 hoc

509 5712 614 5769 abs
644 5723 695 5767 te
732 5713 867 5767 mihi
905 5728 1226 5772 concessum
1260 5716 1435 5773 otium
1469 5714 1794 5784 cxcudatur,
1822 5714 2162 5798 dedicandos
2186 5715 2284 5801 tibi
2307 5714 2494 5786 putavi
2518 5730 2865 5799 quos‘nuper
2891 5716 3219 5787 Theodoreti
3241 5719 3498 5793 Cyrcnsis
3523 5710 3774 5792 episcopi
