4006 6202
298 294 377 359 ~35
1384 289 1759 350 TETERUM
1799 288 2505 357 RECENTIORUMQUE
3489 268 3559 327 ‘15

304 435 528 489 Gracos
574 431 750 484 libros
794 429 861 483 de
898 428 1181 498 spirituali
1235 423 1545 480 Gracarum
1591 426 1946 479 afl‘ectionum
1997 423 2271 477 medicina
2320 422 2543 475 Latinos
2568 420 2693 473 feci.
2724 420 2803 473 Ad
2833 420 2937 473 hoc
2962 432 3092 471 vero
3109 415 3252 473 illud
3285 430 3373 469 me.
3397 413 3564 467 etiam

313 524 580 585 invitavit,
606 522 752 591 quod
785 537 849 574 ex
880 522 967 573 his
999 518 1311 572 studiorum
1341 532 1585 570 meorum
1611 516 1895 570 laboribus
1921 514 2231 584 sperabam,
2263 528 2387 567 cum
2410 513 2714 567 certissima
2746 510 2909 565 officii
2934 511 3037 563 mei
3064 510 3294 569 ratione,
3322 507 3562 575 aliquam

309 612 631 667 Christiana
652 610 922 667 Ecclesia
956 612 1246 667 utilitatem
1276 611 1623 678 conjunctam
1650 608 1787 661 fore.
1818 608 1947 673 Qua
1983 608 2231 676 profecto
2256 606 2451 660 latiore
2481 608 2690 661 ambitu
2712 623 2831 661 sese
2866 594 3436 663 fundatinecesse‘est,
3465 600 3562 654 ubi

309 706 457 760 sedis
504 707 817 775 apOStolica
852 707 1110 775 majestas
1145 702 1411 759 dedicatis
1456 700 1560 754 sibi
1608 701 1766 754 libris
1818 700 2200 754 auctoritatem
2251 700 2526 769 roburque
2574 699 2838 769 adjungit.
2878 698 3147 752 Caterum
3184 695 3564 749 Theodoretus

310 798 399 852 hic
449 798 517 852 ad
549 814 722 868 usque
762 796 1056 852 Theodosii
1098 795 1344 850 Junioris
1371 802 1616 861 tempora
1643 792 1966 861 supervixit.
2001 791 2131 856 Qua
2162 806 2292 845 sane
2318 792 2433 861 ipsa
2468 791 2721 845 maximis
2762 791 2877 845 suis
2902 788 3200 843 virtutibus
3228 783 3559 839 honestavit.

309 891 520 945 Probus
552 890 699 944 enim
752 890 1054 959 doctusque
1106 889 1292 949 homo,
1327 885 1515 954 quales
1553 899 1616 937 ea
1654 892 1977 953 tempestate
2005 884 2257 952 plerique
2282 899 2473 937 onmes
2501 883 2743 953 episcopi
2777 884 3088 953 viguerunt,
3123 878 3325 949 quibus
3349 875 3562 930 artibus

308 977 376 1032 ad
430 979 795 1047 episcopalem
829 977 1089 1031 thronum
1148 981 1463 1041 assumptus
1488 980 1592 1035 est,
1628 985 1720 1023 eas
1748 986 1872 1023 cum
1920 970 2129 1039 ingenti
2161 971 2244 1023 sui
2270 970 2429 1025 laude
2454 987 2757 1040 magnaque
2788 971 3046 1025 Ecclesia
3075 970 3310 1023 utilitate
3342 980 3563 1037 semper

306 1068 572 1120 exercuit.
605 1066 929 1135 Complures
954 1064 1098 1119 enim
1133 1063 1434 1131 Scriptura
1470 1070 1672 1115 sancta
1701 1061 1871 1114 libros
1902 1061 2426 1115 commentariorum
2464 1061 2675 1116 facibus
2697 1063 3011 1117 illustravit.
3038 1062 3175 1115 Tum
3197 1072 3253 1114 et
3274 1060 3559 1113 historiam

308 1157 377 1211 de
399 1157 662 1212 Ecclesia
690 1164 836 1210 statu
868 1155 1220 1223 conscripsit,
1266 1168 1426 1207 orsus
1450 1151 1531 1205 ab
1585 1150 1701 1204 Arii
1757 1150 2183 1219 persecutione;
2226 1151 2527 1220 decemque
2574 1160 2837 1220 praterea
2865 1152 2948 1207 De
2988 1151 3171 1205 divina
3211 1147 3559 1205 Providentia

308 1246 479 1301 libros
510 1245 703 1301 edidit.
745 1244 892 1310 Quos
917 1252 1099 1297 autem
1132 1257 1311 1311 nuper
1346 1241 1460 1311 ipse
1495 1240 1551 1293 in
1576 1238 1825 1292 Latinam
1863 1239 2102 1309 linguam
2138 1240 2407 1306 converti,
2440 1242 2657 1295 tametsi
2691 1250 2881 1295 contra
2907 1242 2991 1296 sui
3026 1241 3287 1311 temporis
3314 1238 3561 1292 infideles

308 1340 524 1395 Graeos
542 1349 839 1409 gentesque
864 1335 1217 1404 conscripsit,
1244 1343 1424 1387 tamen
1448 1348 1556 1386 non
1580 1330 1762 1384 minus
1784 1330 1850 1383 ad
1872 1330 1988 1384 hac
2013 1347 2231 1399 quoque
2256 1340 2503 1401 tempora
2530 1349 2857 1402 omnemque
2880 1333 3254 1402 posteritatem
3282 1332 3559 1402 pertinere

307 1432 550 1502 putanda
588 1442 737 1494 sunt,
775 1444 938 1499 quam
967 1444 1088 1498 qua
1120 1427 1247 1480 olim
1292 1426 1360 1479 ab
1392 1424 1670 1494 Apostolis
1699 1424 1931 1493 aliisque
1973 1424 2234 1477 Patribus
2264 1425 2569 1493 scripta,ad
2599 1426 2885 1494 prasentis
2918 1426 3175 1479 Ecclesia
3227 1426 3557 1491 doctrinam,

306 1530 615 1589 nostraque
660 1520 785 1572 vita
837 1516 1239 1571 institutionem
1268 1513 1474 1582 scripta
1499 1526 1620 1567 esse
1645 1511 2043 1580 cognoscimus.
2063 1511 2339 1580 Equidem
2365 1528 2474 1566 non
2496 1514 2613 1569 sine
2638 1514 2734 1568 Dei
2755 1514 2986 1568 consilio
3011 1514 3211 1568 factum
3234 1525 3386 1585 puto,
3412 1516 3558 1585 quod

306 1615 409 1668 hos
435 1612 568 1666 mihi
595 1608 925 1664 Theodoreti
953 1607 1125 1663 libros
1149 1608 1388 1661 Joannes
1404 1605 1733 1659 Franciscus
1760 1604 2223 1673 Picus,.princeps
2243 1605 2418 1659 atatis
2435 1615 2635 1660 nostra
2658 1607 3034 1671 doctissimus,
3057 1608 3337 1671 indicarit,
3363 1625 3559 1679 meque

308 1713 368 1759 ut
398 1704 627 1760 Latinos
659 1702 897 1755 facerem
935 1714 1265 1770 magnOpere
1289 1697 1611 1751 adhortatus
1646 1696 1736 1749 sit.
1765 1694 1983 1749 Etenim
2018 1695 2161 1749 sicut
2194 1696 2346 1759 olim,
2384 1711 2509 1750 cum
2548 1698 2867 1752 Philostrati
2902 1697 2971 1753 de
3011 1698 3302 1768 Apollonio
3338 1701 3562 1771 Tyaneo

305 1799 538 1855 historia
573 1796 716 1867 typis
755 1809 956 1849 excusa
979 1794 1034 1847 in
1055 1794 1279 1862 vulgum
1305 1789 1532 1859 prodiit,
1556 1804 1658 1856 ego
1680 1787 2033 1841 Caesariensis
2054 1787 2278 1840 Eusebii
2302 1788 2504 1841 librum
2531 1790 2664 1841 mihi
2691 1790 2759 1842 ab
2779 1791 2988 1843 Joanne
3012 1792 3233 1844 Lascari
3259 1794 3560 1847 indicatum

306 1891 563 1946 Latinum
590 1887 716 1949 feci,
752 1884 846 1953 qui
876 1890 1069 1937 contra
1102 1892 1377 1933 venenum
1410 1874 1725 1928 Philostrati
1761 1872 2069 1927 antidotum
2102 1874 2379 1942 quoddam
2409 1883 2578 1937 esset,
2600 1892 2667 1929 ne
2698 1875 2824 1944 quis
2852 1876 3131 1941 videlicet,
3166 1879 3286 1948 ejus
3312 1880 3563 1938 fabulosa

304 1980 535 2037 historia
572 1977 1000 2033 circumventus,
1036 1968 1382 2039 Pythagorici
1416 1966 1688 2017 Hieroclis
1714 1964 1985 2031 exemplo,
2038 1965 2389 2033 Apollonium
2411 1965 2693 2037 Tyaneum
2730 1983 2919 2036 parem
2960 1970 3089 2024 Jesu
3126 1971 3345 2028 Christo
3383 1974 3563 2030 facere

304 2072 554 2133 auderet,
573 2066 670 2121 sed
685 2059 1290 2119 veneﬁcum’hominem
1311 2058 1645 2126 planumque
1663 2061 1985 2123 agnosceret
2006 2071 2017 2105 :
2038 2053 2113 2106 ita
2136 2070 2284 2108 nunc
2300 2071 2540 2125 quoque,
2575 2072 2699 2110 cum
2717 2059 2997 2113 Platonem
3015 2060 3199 2117 Graec
3233 2064 3560 2133 impressum

305 2158 649 2217 circumferri
680 2155 923 2217 audiam,
950 2148 1108 2222 cujus
1135 2150 1355 2220 quidem
1378 2147 1691 2217 philosophi
1720 2146 2014 2215 singularis
2033 2147 2473 2217 esteloquentia,
2500 2150 2593 2203 sed
2618 2152 2871 2219 plurimis
2895 2164 3072 2206 tamen
3097 2154 3227 2207 locis
3248 2158 3555 2223 perniciosa

304 2228 631 2309 Christiana
652 2248 911 2301 Ecclesia
946 2260 1162 2313 semper
1186 2242 1289 2295 fuit
1313 2241 1614 2295 auctoritas
1641 2248 1695 2293 et
1729 2238 2003 2305 doctrina,
2034 2256 2143 2294 non
2175 2240 2244 2294 ab
2274 2257 2330 2295 re
2357 2240 2550 2295 fecisse
2576 2258 2662 2295 me
2689 2251 2897 2310 putem,
2927 2244 3019 2312 qui
3047 2245 3217 2298 libros
3248 2261 3343 2299 cos
3374 2247 3557 2303 Theo-

305 2342 485 2398 doreti
519 2339 740 2393 Latinos
774 2334 1023 2398 fecerim,
1060 2333 1264 2402 quibus
1294 2340 1350 2386 et
1370 2330 1616 2385 Platonis
1649 2337 1703 2383 et
1731 2332 2031 2385 multorum
2061 2341 2325 2401 praterea
2352 2332 2804 2402 philosophorum
2822 2344 3135 2404 pugnantes
3166 2337 3270 2390 sibi
3301 2341 3555 2395 maximis

303 2435 374 2489 de
396 2431 562 2487 rebus
582 2428 887 2491 sententia,
920 2423 1343 2495 perniciosaque
1368 2423 1619 2476 instituta
1650 2420 1903 2475 humana
1941 2421 2068 2475 vita
2090 2422 2340 2475 moribus
2365 2421 2731 2491 proderentur
2758 2440 2771 2475 :
2804 2432 2866 2477 ut
2894 2424 3101 2478 evitare
3137 2427 3310 2480 nostri
3334 2432 3558 2498 possint

302 2541 428 2596 qua
473 2522 618 2593 apud
678 2518 1038 2592 philosophos
1084 2517 1246 2571 noxia
1281 2531 1400 2571 esse
1440 2514 1748 2584 cognorint,
1787 2514 2089 2585 majorique
2132 2516 2336 2585 pietate
2367 2524 2531 2584 atque
2559 2515 2860 2569 ardentiori
2884 2516 3066 2571 studio
3104 2519 3279 2573 sacris
3311 2520 3556 2588 legendis

296 2616 529 2671 “Litteris
543 2614 924 2667 inbarescant.
941 2610 1213 2663 Marsilius
1229 2609 1468 2673 Ficinus,
1488 2610 1602 2679 qui,
1625 2607 1811 2678 proavi
1835 2608 1913 2661 tui
1928 2608 2266 2662 liberalitate
2291 2608 2530 2678 adjutus,
2547 2607 2826 2663 Platonem
2846 2612 3027 2666 saculi
3047 2614 3218 2667 nostri
3242 2615 3560 2673 hominibus

304 2728 369 2766 ac
397 2706 936 2766 Plotinum'Latiuos
968 2704 1116 2769 fecit,
1144 2704 1342 2774 sapius
1372 2704 1507 2757 mihi
1534 2704 1715 2758 dicere
1763 2699 1907 2756 inter
1952 2702 2291 2773 loquendum
2343 2704 2575 2768 solebat,
2611 2704 2813 2759 factum
2863 2706 3206 2775 providentia
3256 2706 3558 2765 Florentini

303 2804 555 2877 prasulis
586 2800 870 2864 Antonini,
906 2797 1201 2869 quominus
1228 2814 1257 2853 e
1286 2798 1529 2853 Platonis
1550 2798 1806 2861 lectione,
1826 2812 1989 2866 quam
2012 2795 2137 2851 inde
2162 2813 2190 2850 a
2210 2797 2400 2865 pueris
2422 2813 2773 2868 summOpere
2795 2798 3090 2863 adamavit,
3116 2799 3556 2869 inperniciosam

297 2897 559 2955 baresim
596 2892 1103 2965 prolapsus'fuerit.
1136 2891 1320 2945 Bonus
1343 2890 1489 2945 enim
1535 2900 1757 2960 pastor,
1801 2904 1926 2943 cum
1983 2887 2387 2942 adolescentem
2434 2889 2699 2943 clericum
2741 2906 2901 2943 suum
2945 2890 3116 2944 nimio
3168 2891 3292 2960 plus
3336 2902 3557 2963 captum

302 2988 549 3046 Platonis
581 2985 895 3056 eloquentia
919 2992 1188 3048 cerneret,
1215 2998 1325 3036 non
1353 2990 1479 3037 ante
1509 2997 1704 3052 passus
1724 2989 1807 3035 est
1835 2980 1887 3033 in
1918 2979 2066 3033 illius
2095 2980 2409 3049 philosophi
2433 2981 2669 3035 lectione
2699 2981 3045 3051 frequentem
3069 2998 3210 3047 esse,
3239 3000 3401 3052 quam
3429 3001 3557 3039 eum

303 3075 418 3133 divi
452 3078 676 3133 Thema
703 3073 991 3145 Aquinatis
1022 3081 1259 3143 quatuor
1293 3071 1456 3125 libris
1482 3080 1675 3124 contra
1703 3078 1892 3139 gentes
1930 3068 2278 3137 conscriptis,
2306 3069 2459 3138 quasi
2478 3070 2714 3139 quodam
2741 3072 3153 3141 antipharmaco
3172 3075 3559 3143 ,pramuniret.

303 3171 415 3225 Cur
438 3180 622 3226 autem
649 3185 761 3224 non
800 3169 886 3223 his
920 3182 1139 3237 quoque
1165 3166 1507 3236 temporibus
1538 3165 1591 3219 in
1626 3173 1777 3219 tanto
1802 3164 2109 3217 litterarum
2163 3162 2473 3218 Gracarum
2523 3165 2726 3230 studio,
2769 3166 3150 3236 politiorisque
3202 3167 3561 3238 phi1050phia

303 3260 599 3325 desiderio,
644 3262 744 3315 abs
800 3268 874 3323 te,
927 3258 1243 3313 beatissime
1282 3260 1472 3321 Pater,
1522 3257 1749 3325 tuisque
1804 3271 1835 3309 a
1884 3254 2174 3317 ministris,
2215 3255 2332 3324 pari
2368 3257 2552 3325 aliqua
2589 3258 2803 3310 ratione
2832 3256 3245 3312 consulendum
3281 3259 3429 3328 gregi
3465 3268 3561 3313 tuo

303 3350 730 3405 existimemus?
761 3350 875 3418 Ego
905 3363 1037 3402 vero
1070 3357 1222 3401 tanto
1249 3362 1397 3401 nunc
1415 3347 1622 3417 majore
1646 3344 1850 3409 studio,
1877 3345 1978 3399 tibi
2000 3345 2222 3414 tuisque
2248 3347 2508 3400 omnibus
2530 3347 2897 3417 evigilandum
2908 3357 3073 3416 puto,
3098 3358 3305 3419 quanto
3317 3351 3562 3420 majores

304 3443 799 3515 iliaboli-rugientis
825 3443 1053 3497 insidias
1086 3441 1295 3496 idcirco
1326 3440 1621 3495 formidare
1653 3439 1940 3501 debemus,
1976 3440 2122 3506 quod
2146 3447 2197 3492 te
2228 3440 2460 3507 praside
2490 3426 2676 3510 populi
2706 3440 3029 3506 Christiani,
3069 3459 3233 3511 quem
3251 3459 3361 3497 non
3387 3447 3562 3516 turpis

306 3534 557 3599 ambitio,
594 3533 691 3589 sed
722 3534 1002 3603 explorata
1033 3532 1230 3597 virtus,
1254 3532 1469 3601 Deique
1496 3531 1845 3601 providentia
1878 3530 1933 3583 in
1958 3530 2106 3584 Petri
2129 3529 2266 3584 solio
2293 3530 2601 3593 collocavit,
2638 3548 2827 3602 magna
2851 3534 3051 3601 passim
3085 3536 3422 3602 exspectatio
3450 3550 3556 3603 est,

304 3623 647 3695 religionem,
696 3623 884 3688 ﬁdem,
914 3623 1271 3693 probitatem,
1303 3622 1672 3693 liberalesque
1700 3630 1864 3676 artes
1885 3623 2008 3692 jure
2035 3620 2271 3692 quodam
2296 3622 2644 3691 postlimiuii,
2680 3623 2747 3676 de
2781 3624 2889 3677 situ
2914 3639 2978 3678 ac
3010 3624 3287 3679 diuturnis
3313 3628 3556 3682 tenebris

305 3716 362 3770 in
394 3717 629 3770 nitorem
657 3715 1110 3771 candidissimum
1142 3715 1559 3769 redituras‘?Ne
1593 3716 1777 3786 itaque
1805 3715 2062 3769 inimicus
2095 3714 2258 3768 homo
2302 3721 2413 3768 tam
2440 3715 2597 3769 bona
2621 3716 2789 3786 segeti
2816 3716 3023 3770 zi‘zania
3060 3733 3157 3771 sua
3181 3719 3553 3785 commisceal,

304 3822 424 3875 qua
448 3819 585 3859 mea
615 3814 801 3875 partes
832 3805 1079 3870 fuerunt,
1110 3821 1223 3861 non
1275 3820 1411 3859 mea
1459 3806 1704 3874 quidem,
1757 3821 1878 3875 qua
1921 3806 2103 3861 minus
2145 3807 2487 3861 auctoritatis
2534 3807 2804 3862 habitura
2854 3816 3032 3873 erant,
3090 3809 3185 3864 sed
3237 3809 3555 3869 doctissima

304 3896 637 3955 Theodoreti
684 3906 1038 3951 monumenta
1092 3896 1355 3951 studiosis
1407 3897 1667 3951 omnibus
1718 3897 1946 3968 legenda
1990 3898 2281 3968 proposui.
2331 3898 2544 3966 Quibus
2580 3899 2674 3969 qui
2702 3899 2950 3970 legendis
2978 3900 3166 3955 oculos
3201 3901 3556 3972 animumque

302 3988 598 4055 admorint,
629 3998 740 4043 tam
767 3988 1060 4057 multiplici
1088 4004 1273 4041 rerum
1308 3988 1619 4057 cognitione
1647 3988 1840 4056 plenos
1856 3989 2171 4052 invenient,
2206 4002 2267 4046 ut
2294 3991 2454 4047 faeile
2480 3992 2785 4047 confcssuri
2814 3992 2944 4056 sint,
2967 3992 3148 4046 nullos
3184 4008 3311 4048 eum
3347 4004 3554 4064 poetas,

304 4079 485 4133 nullos
514 4087 780 4141 oratores,
822 4077 1003 4131 nullos
1032 4077 1345 4141 historicos,
1377 4077 1667 4145 nullosque
1700 4077 2007 4143 prasertim
2030 4078 2392 4148 philosophos
2420 4081 2647 4135 latuisse
2679 4099 2690 4133 :
2735 4083 3031 4150 nullusque
3079 4091 3188 4135 tam
3238 4084 3435 4137 doctus
3482 4086 3594 4140 sit.

304 4176 490 4238 homo,
522 4174 615 4244 qui
642 4188 709 4227 ex
740 4173 860 4243 ejus
895 4171 1129 4226 lectione
1151 4187 1293 4225 nova
1323 4171 1431 4226 sibi
1460 4178 1622 4241 atque
1649 4169 1891 4225 inaudita
1931 4172 2331 4239 quamplurima
2363 4188 2472 4225 non
2499 4173 2569 4225 sit
2611 4183 2959 4242 accepturus.
2992 4175 3218 4240 Quodsi,
3252 4187 3312 4231 ut
3347 4178 3561 4235 Plinius

302 4282 521 4335 quoque
558 4273 812 4328 testatur,
845 4264 1030 4318 nullus
1060 4271 1166 4318 tam
1213 4266 1390 4325 malus
1432 4274 1515 4321 est
1544 4265 1705 4329 liber,
1736 4264 1869 4333 quin
1903 4280 1970 4318 ex
2006 4280 2073 4318 eo
2099 4264 2229 4319 boni
2266 4264 2474 4333 aliquid
2510 4266 2629 4335 capi
2670 4268 2861 4335 possit,
2899 4284 3060 4337 quam
3094 4268 3331 4339 denique
3356 4271 3557 4326 charus

301 4374 423 4413 esse
460 4360 552 4413 ille
575 4358 835 4413 omnibus
879 4356 1063 4422 debet,
1096 4358 1189 4428 qui
1225 4358 1353 4412 mali
1398 4359 1621 4428 quidem
1666 4357 1803 4412 nihil
1854 4366 2128 4428 apportat,
2176 4357 2271 4412 sed
2314 4358 2534 4429 explosa
2580 4360 2826 4431 gentium
2880 4360 3113 4416 falsitate
3152 4376 3347 4431 puram
3396 4364 3556 4419 nobis

306 4452 619 4523 religionem
654 4451 942 4531 pollicetur
964 4466 1028 4506 ac
1057 4460 1277 4522 prastat
1303 4452 1315 4505 !
3394 4436 3407 4444 ”

1329 4721 1588 4784 Photius
1623 4723 1691 4779 in
1726 4720 2137 4795 Bibliotheca,
2176 4722 2381 4781 codice
2412 4736 2585 4782 XLVI.

370 4860 526 4915 Lecti
553 4870 681 4915 sunt
711 4858 1041 4914 Theodoreti
1072 4858 1201 4913 libri
1233 4869 1362 4915 tres.
1404 4859 1650 4913 Titulum
1680 4858 1876 4928 prafc-
1904 4867 1948 4922 Α

2041 4858 2483 4928 Ἀνεγνώσοησαν
2496 4860 2840 4929 Θεοδωρήτου
2852 4860 2996 4928 λόγοι
3010 4878 3038 4912 τ
3050 4863 3159 4932 psi;
3170 4876 3183 4890 ·
3199 4860 3549 4928 Ἔρανιστής

304 4959 435 5003 runt
477 4948 749 5005 Eranistea
793 4966 891 5005 seu
940 4947 1359 5019 Polymorphus.
1416 4948 1620 5002 Horum
1662 4948 1871 5017 primus

1974 4949 2007 5017 ἦ
2033 4950 2423 5017 Πολὺμορφος
2450 4949 2642 5019 ἔφερον
2672 4951 3005 5020 ἐπιγραφήν
3028 4944 3102 5004 ὧν
3128 4951 3157 5001 ὁ
3190 4950 3287 5021 μὲν
3315 4951 3548 5020 πρῶτος,

304 5044 477 5097 “cum
508 5042 748 5095 Verbum
795 5040 1193 5096 immutabilem
1233 5054 1353 5093 esse
1402 5038 1583 5104 docet,
1615 5041 1753 5094 alter
1789 5041 1875 5093 in-

1974 5042 2055 5093 ὂτι
2077 5042 2341 5110 ἄτρεπτος
2368 5044 2396 5093 ὀ
2416 5041 2548 5104 Θεὸς
2572 5043 2762 5110 Λόγοςο
2791 5046 2819 5095 ὁ
2846 5043 3117 5115 δεύτερος,
3140 5044 3222 5096 ὃτι
3250 5043 3552 5111 ἀσύγχυτος

304 5132 585 5188 confusam
632 5134 891 5190 unionem
936 5149 1076 5199 esse,
1131 5132 1325 5187 tertius
1365 5132 1722 5201 impatibilem
1755 5147 1875 5186 esse

1978 5134 2009 5201 ἠ
2043 5134 2252 5195 ’ἐνωσις
2284 5134 2312 5185 ὁ
2345 5135 2641 5204 τρίτος,ὄτι
2662 5135 2878 5205 ἀπαθὴς
2900 5138 2928 5188 ὁ
2948 5136 3077 5199 Θεὸς
3099 5138 3288 5203 Λόγος.
3311 5135 3432 5187 Ἔτι
3460 5136 3556 5190 καὶ

304 5222 475 5277 Deum
508 5221 767 5277 Verbum.
799 5224 1023 5278 Accedit
1054 5231 1301 5293 quartus,
1335 5220 1389 5273 in
1413 5236 1523 5289 quo
1547 5222 1875 5292 syllogismis

1977 5225 2253 5295 τέταρτος,
2299 5220 2427 5293 ὲνῷ
2458 5228 2834 5298 συλλογισμοῖς
2879 5231 2979 5300 τῆς
3024 5232 3196 5300 αὐτῆς
3244 5228 3554 5293 ὑποθέσεως

305 5312 447 5371 idem
474 5324 856 5385 argumentum
888 5325 1101 5371 tractat.

848 5334 856 5369 ι
888 5325 1101 5371 tractat.
1978 5318 2078 5369 ὺπε
2090 5318 2430 5387 ρασπίζεται.

1253 5454 1639 5533 Nicephorum
1673 5453 1780 5515 lib.
1830 5474 1936 5516 xw
1986 5458 2301 5528 Ηίςεονίω,
2337 5477 2471 5536 cap.
2513 5458 2606 5518 54.

374 5579 506 5634 item
544 5578 674 5633 libri
713 5585 823 5631 tres
862 5574 929 5629 de
964 5575 1165 5632 divinis
1205 5577 1567 5647 dogmatibus,
1598 5592 1737 5647 quos
1774 5593 1870 5645 per

2064 5574 2333 5639 Ὡσαύτως
2365 5579 2453 5629 καὶ
2486 5577 2664 5645 λόγοις
2689 5578 2834 5648 τρισὶ
2880 5578 2999 5647 περὶ
3043 5578 3201 5632 θείων
3242 5579 3548 5651 δογμάτων

301 5670 577 5729 :h'aloaum
601 5669 944 5739 conscripsit.

1981 5667 2136 5738 εἴπερ
2165 5668 2310 5738 αὐτῷ
2344 5670 2661 5737 Baiarum;
2694 5671 3121 5739 συνετάχθησαν.
