4006 6202
446 306 528 370 29
1616 304 2022 367 ERANISTES

2121 332 2169 341 -
2189 307 2601 374 PIUEFATIO.
3626 317 3701 383 30

443 417 541 479 τῆς
570 412 861 482 Παρθένου
887 412 978 469 τδν
1004 412 1138 467 Θεὸν
1161 413 1332 482 Λόγον
1367 413 1573 481 λαϐεῖν,
1606 417 1671 469 ὲκ
1697 416 1798 487 τῆς
1822 417 2021 471 Βαλεν-

2126 434 2259 475 vero
2291 436 2356 475 ex
2390 422 2614 493 Virgine
2661 422 3001 478 nativitatem
3048 422 3413 479 confiteantur
3449 433 3692 495 quidem,

440 512 605 571 τίνοι),
644 508 743 559 καὶ
770 504 1123 575 Βαρδησάνου
1150 504 1250 573 (5),
1284 505 1377 558 atat
1409 505 1515 560 τῶν
1538 507 1748 572 τούτοις
1797 509 2021 579 ἀγχιθύ-

445 617 552 670 ρων
573 596 963 669 τερατολογίας
991 594 1282 667 ἐσύλησαν.
1340 596 1416 650 Τὸ
1448 597 1505 652 δέ
1554 615 1619 667 γε
1675 599 1802 670 μίαν
1860 600 2022 669 φύσιν

437 688 738 741 ἀποκαλεῖν
764 687 865 758 τὴν
891 687 1122 755 θεότητα
1162 685 1258 739 τοῦ
1312 688 1586 743 Δεσπότου
1638 691 1873 760 Χριστοῦ
1929 692 2022 745 καὶ

432 778 536 848 τὴν
568 779 986 851 ἀνθρωπότητα,
1041 779 1106 831 ὲκ
1148 778 1255 831 τῶν
1300 780 1676 852 Ἀπολιναρίου
1727 781 2021 853 φληνάφων

436 870 742 940 ὑφείλοντο.
793 870 963 924 Πάλιν
1006 869 1051 922 δ’
1087 865 1176 935 αὖ,
1206 870 1270 924 τὸ
1299 874 1366 944 τῇ
1406 872 1623 943 θεότητι
1657 874 1753 928 τοῦ
1782 875 2023 947 Χριστοῦ

436 964 780 1033 προσάπτειν
826 962 889 1017 τὸ
942 961 1134 1027 πάθος,
1164 963 1232 1017 ὲκ
1254 963 1354 1034 τῆς
1399 964 1611 1036 ’Δρείου
1635 968 1728 1022 καὶ
1753 968 2020 1041 Εὐνομίου

440 1053 793 1125 βλασφημίας
833 1053 1160 1123 κεκλόφασιν
1176 1072 1199 1141 1·
1232 1057 1309 1122 ὡς
1333 1059 1568 1113 ἐοικέναι
1597 1060 1754 1131 τήνδε
1781 1060 1880 1133 τὴν
1923 1064 2019 1134 ἀρ-

439 1147 545 1216 χὴν
566 1144 644 1214 (4)
664 1143 907 1214 ἀτεχνῶς
928 1146 1042 1208 τοῖς
1067 1144 1174 1200 ὑπὸ
1197 1147 1305 1201 τῶν
1327 1149 1639 1220 προσαιτῶν
1659 1150 1721 1203 ἐκ
1750 1150 2020 1222 διαφόρων

441 1236 654 1308 ῥακίων
669 1235 1095 1307 συναπτομένοις
1107 1237 1237 1309 ὲσθή
1248 1256 1429 1311 μασιν.
1448 1235 1522 1293 Oi)
1534 1240 1597 1311 δὴ
1613 1241 1794 1312 χάριν,
1813 1243 2023 1311 Ἐρανι-

437 1339 513 1377 στ
522 1325 665 1396 hard}
680 1326 1097 1395 Πολύμορςρον,
1115 1327 1233 1383 τόδε
1257 1330 1648 1403 προσαγορεύω
1660 1332 1721 1384 τὸ
1742 1332 2023 1405 σύγγραμα

443 1434 542 1487 μα.
577 1418 913 1487 Διαλογικῶς
940 1419 1017 1489 (5)
1048 1421 1232 1492 μέντοι
1259 1424 1288 1477 ό
1319 1422 1476 1492 λόγος
1498 1425 1851 1497 προϐήσεται,
1880 1429 2020 1498 ὲρω-

437 1509 571 1579 τήσε
579 1526 629 1573 ις
643 1509 785 1579 ἔχων
795 1510 893 1564 καὶ
909 1502 1356 1584 ἀποκρίσεις,καὶ
1371 1517 1682 1587 προτάσεις,
1702 1519 1796 1573 καὶ
1814 1518 2016 1588 λύσεις,

441 1599 540 1656 καὶ
575 1601 901 1667 ἀντιθέσεις,
940 1605 1036 1658 καὶ
1061 1605 1129 1659 τὰ
1155 1605 1292 1660 ἄλλα
1315 1607 1418 1662 ὅσα
1451 1609 1546 1662 τοῦ
1570 1604 1881 1679 διαλογικοῦ
1910 1610 2022 1666 ῐδια

441 1694 814 1767 χαρακτῆρος.
848 1696 927 1750 Τά
954 1696 1011 1751 δέ
1044 1715 1108 1766 γε
1139 1699 1250 1753 τῶν
1278 1699 1607 1773 ἐρωτώντων
1653 1704 1750 1758 καὶ
1791 1706 2024 1780 ἀποκριο

443 1787 685 1857 νομένων
711 1790 976 1860 ὀνόματα,
1003 1790 1064 1843 οὐ
1090 1791 1168 1863 τῷ
1199 1791 1413 1868 σῴματι
1440 1794 1535 1848 τοῦ
1562 1795 1721 1865 λόγου
1754 1797 2020 1863 συντάξω,

446 1877 699 1949 καθάπερ
723 1879 781 1962 οἱ.
808 1879 977 1934 πάλαι
1008 1881 1117 1935 τῶν
1158 1881 1428 1956 Ἐλλήνων
1462 1887 1636 1956 σοφοὶ,
1686 1888 1802 1942 ἀλλ’
1824 1888 2027 1955 ἔξωθεν

452 1969 795 2042 παραγράψω
843 1972 967 2035 ταῖς
1012 1972 1122 2026 τῶν
1172 1975 1371 2044 στίχων
1400 1976 1618 2047 ἀρχαῖς.
1659 1978 1886 2033 Ἐκεῖνοι
1923 1981 2022 2051 μὲν

453 2061 565 2131 γὰρ
593 2063 706 2123 τοῖς
728 2060 811 2115 διά
841 2052 1191 2135 παντοδαπῆς
1220 2066 1486 2136 ἠγμένοις
1510 2067 1781 2132 παιδείας,
1822 2067 1917 2123 καὶ
1941 2066 2024 2135 οἷς

444 2151 563 2222 βίος
583 2154 615 2206 δ
642 2151 817 2222 λόγος,
848 2155 1189 2227 προσέφερον
1222 2156 1295 2241 τρι
1338 2143 1769 2228 συγγράμματα·
1811 2157 1924 2227 ἐγὼ
1963 2161 2022 2215 δὲ

438 2245 535 2298 καὶ
561 2246 678 2307 τοῖς
706 2245 883 2313 λόγων
916 2247 1185 2318 ἀμυήτοις
1212 2245 1542 2302 εὐσύνοπτον
1587 2245 1727 2302 εἶναι
1762 2248 2020 2321 βούλομαι

437 2336 542 2409 τὴν
568 2338 896 2406 ἀνάγνωσιν,
927 2337 1022 2392 καὶ
1045 2339 1146 2409 τῆς
1167 2338 1434 2409 ὠφελείας
1460 2337 1558 2411 τὴν
1580 2338 2021 2411 εὖρεσιν.Ἔσται

439 2429 500 2484 δὲ
530 2428 711 2493 τοῦτο,
741 2429 919 2503 δήλων
947 2431 1251 2501 γινομένων
1276 2430 1388 2484 τῶν
1422 2430 1822 2502 διαλεγομένων
1849 2449 2021 2505 προσ-

440 2522 610 2577 dimov
638 2524 705 2578 ὲκ
727 2522 839 2576 τῶν
870 2522 1427 2593 παραγεγραμμένων
1473 2520 1671 2586 ἔξωθεν
1717 2524 2018 2593 ὀνομάτων.

443 2613 561 2667 Καὶ
601 2613 676 2683 τῷ
722 2613 823 2683 μὲν
856 2613 997 2685 ὑπὲρ
1050 2614 1159 2668 τῶν
1208 2600 1580 2669 ἀποστολικῶν
1636 2614 2021 2687 ἀγωνιζομένῳ

442 2706 751 2775 δογμάτων,
786 2706 1130 2773 Ὀρθόδοξος
1156 2705 1348 2778 ὄνομα·
1378 2706 1407 2760 ὁ
1453 2705 1511 2760 δὲ
1536 2705 1747 2784 ἔτερος,
1792 2707 2024 2775 Ἔρανιιρ
2054 2698 2057 2703 ’

447 2797 602 2864 στής
643 2795 989 2873 ὀνομάζεται.
1021 2797 1233 2867 Ὠσπερ
1286 2796 1395 2867 γὰρ
1454 2796 1548 2850 τδν
1604 2784 1756 2867 παρὰ
1780 2872 1783 2875 Δ
1811 2797 2022 2851 πολλῶν

442 2888 581 2959 ἐλέῳ
600 2888 939 2959 τρεφόμενον
965 2887 1267 2959 προσαίτην
1291 2886 1579 2955 ὀνομάζειν
1605 2886 1897 2955 εἰώθαμεν,
1927 2882 2022 2941 δῖα).

439 2978 826 3053 χρηματιστὴν
875 2977 968 3031 τδν
1021 2977 1299 3046 συλλέγειν
1351 2976 1712 3047 ἐπιστάμενον
1738 2978 2017 3049 χρήματα·

2125 510 2223 565 sed
2250 526 2369 565 eam
2403 513 2749 584 trajectitiam
2780 514 2949 569 fuisse
2985 514 3191 580 dicant,
3219 530 3322 570 nec
3354 516 3526 570 Deum
3566 519 3698 572 Ver.

2121 597 2260 654 bum
2285 599 2587 676 quidquam
2619 618 2688 658 ex
2716 602 2936 673 Virgine
2964 603 3285 673 sumpsisse,
3326 619 3395 658 ex
3422 604 3695 660 Valentini

2121 700 2178 746 et
2200 691 2546 760 Bardesanis,
2568 703 2625 750 et
2650 694 2737 750 his
2758 695 3157 750 adhaerentium
3185 693 3513 765 prodigiosis
3534 696 3699 752 dictis

2122 782 2447 840 hauserunt.
2481 784 2637 851 Quod
2666 795 2849 841 autem
2874 785 3079 841 Christi
3107 786 3323 842 Domini
3350 787 3695 843 divinitatem

2121 884 2177 930 et
2209 874 2609 932 humanitatem
2655 893 2821 933 unam
2852 886 3106 933 naturam
3148 888 3366 941 vocent,
3394 894 3461 933 ex
3490 878 3699 949 Apolli-

2120 967 2264 1022 narii
2292 968 2456 1039 nugis
2481 967 2645 1025 furati
2678 976 2828 1026 sunt.
2860 969 3018 1036 Quod
3055 969 3293 1040 denique
3324 969 3529 1025 Christi
3558 971 3700 1025 divi-

2121 1057 2282 1112 nitati
2310 1057 2621 1128 passionem
2653 1060 2921 1126 tribuant,
2943 1077 3011 1117 ex
3035 1061 3152 1116 Arii
3177 1071 3233 1117 et
3280 1062 3535 1117 Eunomii
3575 1062 3697 1116 bla-

2122 1149 2375 1219 sphemia
2408 1151 2798 1220 compilarunt,
2854 1161 2915 1207 ut
2932 1155 3058 1224 jure
3093 1154 3345 1209 videatur
3378 1154 3484 1209 hoc
3503 1170 3697 1209 eorum

2121 1238 2406 1295 inventum
2450 1242 2831 1298 mendicorum
2868 1245 3137 1311 vestibus,
3180 1260 3317 1315 quas
3358 1261 3425 1301 ex
3465 1246 3699 1301 diversis

2121 1332 2320 1401 pannis
2349 1341 2645 1399 consuunt,
2674 1349 2787 1388 non
2821 1335 3108 1391 dissimile.
3134 1335 3250 1403 Qua
3277 1336 3345 1391 de
3373 1351 3535 1392 causa
3560 1337 3702 1392 Era-

2122 1422 2314 1487 m'sten,
2344 1430 2403 1476 ut
2429 1423 2562 1488 dixi,
2587 1439 2686 1480 seu
2718 1424 3156 1498 Polymorphum,
3183 1427 3334 1483 hunc
3368 1428 3570 1482 librum
3604 1444 3701 1498 ap-

2120 1513 2286 1584 pello.
2311 1514 2461 1570 More
2508 1523 2694 1573 autem
2737 1516 2938 1589 dialogi
2971 1519 3236 1589 procedet
3261 1519 3460 1584 oratio,
3483 1528 3546 1575 ut
3578 1535 3700 1590 qua:

2120 1606 2580 1677 interrogationes
2632 1617 2689 1664 et
2732 1610 3152 1679 responsiones,
3197 1611 3607 1681 propositiones
3643 1619 3702 1665 et

2121 1697 2446 1764 solutiones,
2507 1696 2958 1770 objectionesque
3011 1708 3067 1755 et
3112 1707 3311 1755 caetera
3360 1699 3699 1770 dialogorum

2122 1787 2314 1844 formae
2330 1791 2551 1860 propria
2565 1791 2869 1845 contineat.
2888 1789 3350 1860 lnterrogantium
3365 1805 3501 1845 vero
3529 1798 3587 1843 et
3613 1805 3701 1845 re-

2122 1879 2509 1950 spondentium
2542 1881 2766 1935 nomina
2793 1879 3016 1950 corpori
3044 1880 3387 1951 dialogorum
3413 1896 3523 1935 non
3555 1881 3704 1936 inse-

2121 1986 2263 2035 ram,
2287 1971 2430 2025 sicut
2449 1978 2665 2026 veteres
2680 1970 2995 2026 Grzecorum
3014 1973 3292 2042 sapientes
3305 1972 3556 2027 fecerunt
3575 1972 3700 2027 :sed

2120 2078 2384 2119 versuum
2426 2062 2602 2118 initiis
2643 2063 2941 2120 ascribam.
2987 2063 3070 2119 Ilii
3108 2063 3256 2117 enim
3299 2064 3451 2118 omni
3497 2060 3702 2135 genere

2121 2156 2387 2211 doctrina:
2433 2156 2688 2221 exeultis,
2728 2162 2785 2211 et
2830 2170 3070 2225 quorum
3116 2158 3227 2211 vita
3281 2154 3338 2210 in
3395 2157 3703 2211 litterarum

2121 2248 2322 2303 studiis
2351 2247 2799 2312 consumebatur,
2832 2262 2933 2302 sua
2977 2247 3183 2318 scripta
3219 2248 3545 2303 offerebant.
3589 2248 3704 2318 Ego

2119 2355 2254 2395 vero
2274 2340 2443 2395 etiam
2470 2339 2539 2394 iis
2558 2338 2654 2410 qui
2678 2338 2953 2395 bonarum
2973 2340 3182 2395 artium.
3198 2339 3477 2411 mysteriis
3503 2339 3705 2394 initiati

2121 2448 2233 2489 non
2285 2440 2435 2498 sunt,
2468 2432 2686 2488 facilem
2729 2440 2787 2488 et
2834 2431 3145 2503 expeditam
3189 2446 3310 2486 esse
3350 2431 3478 2485 volo
3513 2431 3707 2487 lectio-

2121 2539 2271 2587 nem,
2305 2529 2364 2578 et
2398 2522 2658 2579 utilitatis
2704 2524 3098 2579 inventionem.
3130 2523 3353 2578 Planior
3392 2532 3577 2578 autem
3616 2538 3708 2579 res

2121 2615 2249 2680 erit,
2281 2615 2329 2671 si
2368 2628 2620 2685 personae
2646 2616 3035 2671 disserentium
3072 2631 3139 2670 ex
3180 2598 3434 2685 ascriptis
3465 2615 3522 2668 in
3560 2630 3708 2669 mar-

2123 2708 2248 2779 gine
2287 2707 2606 2763 nominibus
2630 2707 2936 2763 manifesta:
2959 2707 3108 2762 fiant.
3145 2706 3323 2776 Atque
3350 2706 3428 2760 illi
3456 2707 3703 2777 quidem,

2123 2798 2217 2869 qui
2236 2815 2338 2869 pro
2356 2799 2677 2869 apostolicis
2696 2798 3045 2870 dogmatibus
3058 2799 3324 2863 decertat,
3352 2797 3640 2853 Orthodoxi
3650 2797 3706 2870 ἀ.

2121 2906 2325 2945 nomen
2337 2899 2419 2944 est
2436 2907 2448 2944 :
2463 2890 2600 2944 alter
2609 2889 2883 2944 Eram’stei
2896 2890 3221 2960 appellatur.
3232 2887 3711 2955 Quemadmodum

2123 2981 2273 3036 enim
2294 2996 2422 3035 eum
2449 2980 2471 3001 ⁹
2504 2978 2598 3050 qui
2632 2994 2663 3033 a
2691 2979 2883 3033 multis
2914 2994 3013 3048 per
3040 2977 3479 3033 misericordiam
3516 2978 3702 3041 alitur,

438 3072 585 3127 οὕτω
613 3071 678 3143 δὴ
715 3071 810 3125 καὶ
859 3069 1047 3124 τούτου
1101 3069 1255 3140 τήνδε
1310 3070 1411 3141 τὴν
1468 3069 1782 3147 ἐπωνυμίαν
1815 3071 1881 3123 ὲκ
1911 3070 2019 3123 τῶν

2127 3070 2403 3140 appellare
2435 3070 2746 3125 mendicum
2784 3070 3043 3134 solemus,
3069 3076 3127 3145 et
3153 3069 3546 3140 negotiatorem
3576 3084 3714 3124 eum

438 3163 897 3236 ιπιτηδευμάτων,
922 3162 1265 3233 τεθείκαμεν.
1302 3162 1463 3227 Ἀξιῶ
1489 3162 1548 3216 δὲ
1597 3163 1725 3226 τοὺς
1775 3161 2020 3230 ἐντευξο-

441 3251 664 3324 μένους,
731 3253 915 3323 πάσης
964 3252 1289 3324 προλήψεως
1347 3252 1472 3324 δίχα
1536 3252 1867 3324 ποιήσασθαι
1918 3253 2019 3324 τῆς

438 3345 706 3414 ἀληθείας
761 3345 861 3417 τὴν
916 3343 1166 3415 βάσανον.
1222 3345 1332 3399 Καὶ
1381 3346 1490 3415 γὰρ
1535 3345 1697 3415 ἡμεῖς
1726 3344 2021 3414 σαφηνείας

436 3438 842 3511 φροντίζοντες,
874 3439 953 3502 είς
983 3440 1132 3511 τρεῖς
1162 3437 1442 3508 διαλόγους
1484 3437 1762 3508 διελοῦμεν
1792 3437 1850 3489 τὸ
1889 3436 2020 3506 σύγ-

434 3547 696 3603 γραμμα.
728 3530 840 3589 Καὶ
866 3532 894 3584 ὁ
929 3530 1029 3601 μὲν
1059 3530 1433 3608 πρῶτοςγπερὶ
1458 3530 1550 3584 τοῦ
1584 3526 1854 3602 ἄτρεπτον
1878 3525 2019 3584 εἶναι

433 3623 538 3679 τοῦ
569 3622 893 3696 μονογενοῦς
919 3623 1053 3677 Υίοῦ
1081 3622 1179 3694 τὴν
1206 3615 1434 3693 θεότητα
1463 3623 1675 3690 δέξεται
1697 3622 1787 3677 τὸν
1807 3623 2017 3692 ἀγῶνα·

434 3717 468 3772 δ
492 3715 553 3770 δὲ
586 3715 840 3786 δεύτερος
874 3714 1202 3788 ἀσύγχυτον,
1234 3717 1330 3770 σὺν
1350 3715 1469 3787 Θεῷ
1494 3716 1680 3786 φάναι,
1725 3715 1890 3780 δείξει
1920 3733 2017 3785 γε·

441 3807 753 3878 γενημένην
774 3808 874 3880 τήν
899 3808 1097 3862 ἕνωσιν
1146 3808 1243 3880 τῆς
1297 3807 1390 3861 τοῦ
1448 3806 1721 3861 Δεσπότου
1782 3807 2016 3878 Χριστοῦ

448 3896 702 3967 θεότητός
730 3915 787 3952 τε
815 3899 912 3952 καὶ
938 3899 1377 3970 ἀνθρωπότητος.
1410 3899 1469 3952 Ὀ
1501 3899 1557 3951 δέ
1588 3915 1652 3966 γε
1679 3898 1863 3968 τρίτος
1892 3899 2025 3969 περὶ

441 3988 556 4060 τῆς
588 3989 847 4054 ἀπαθείας
878 3991 976 4062 τῆς
1027 3990 1121 4045 τοῦ
1177 3991 1429 4061 Σωτῆρος
1486 3989 1643 4061 ήμῶν
1703 3989 2018 4059 ἀγωνιεῖται

442 4079 719 4152 θεότητος.
766 4081 922 4137 Μετὰ
986 4082 1168 4153 μέντοι
1223 4083 1350 4145 τοὺς
1402 4083 1553 4153 τρεῖς
1606 4080 1848 4151 ἀγῶνας,
1909 4075 2025 4137 οἷον.

438 4173 910 4244 ζπαγωνίσματα,
967 4172 1081 4228 ἀλλ’
1147 4172 1283 4227 ἄττα
1337 4174 1740 4248 προσθήσομεν,
1806 4176 2022 4247 ἑκάστῳ

438 4261 727 4332 κεφαλαίῳ
754 4261 1111 4334 συλλογισμὸν
1134 4264 1630 4335 προσαρμόζοντες,
1660 4267 1755 4320 καὶ
1781 4262 2021 4335 δεικνύν-

436 4330 534 4415 τες
554 4330 818 4422 ἀντιιιρυς
842 4353 971 4425 παρ’
995 4330 1126 4425 ήμῖν
1150 4330 1549 4426 (ρυλατ-τόμενον
1573 4356 1681 4410 τῶν
1706 4330 2034 4413 ἀποιῖτόλωνν

434 4442 505 4498 τὸ
531 4443 816 4517 “tavrea-

514 4597 595 4738 ριζ
627 4599 730 4655 Ed.
775 4600 935 4656 Rom.
968 4607 1025 4657 et
1063 4600 1212 4671 Lips.
1250 4601 1606 4684 βαρδισάνου.
1832 4673 1843 4685 ο

536 4670 572 4723 4
625 4670 819 4738 ἀρχήν.
868 4669 1134 4738 Suspecta
1172 4672 1393 4738 quidem
1442 4680 1528 4728 est
1565 4674 1683 4729 haec
1720 4674 1843 4729 lecti

536 4669 828 4752 τιλάρχήν..
868 4669 1146 4752 Suspecta
1172 4669 1393 4752 quidem
1442 4680 1528 4728 est
1552 4674 1683 4752 haec
1720 4673 1905 4739 lectio,
1930 4687 2028 4730 ex-

436 4746 555 4799 uat
589 4739 772 4797 tamen
812 4740 871 4799 in
905 4739 1137 4817 utraque
1165 4739 1519 4800 e‘dit..Graeca
1545 4741 1659 4815 jam
1694 4757 2031 4801 commemo-

2124 3161 2218 3230 qui
2252 3160 2356 3215 scit
2384 3160 2647 3230 pecunias
2687 3159 2946 3230 colligere
2977 3177 2990 3214 :
3028 3160 3104 3213 ita
3135 3159 3298 3214 etiam
3330 3159 3463 3214 huic
3486 3175 3552 3214 ex
3585 3160 3711 3231 ejus

2123 3254 2321 3310 studiis
2341 3262 2397 3309 et
2420 3253 2673 3308 instituto
2701 3268 2899 3308 nomen
2926 3253 3310 3322 imposuimus.
3339 3253 3491 3323 Rogo
3520 3258 3709 3306 autem

2122 3346 2378 3411 lectores,
2413 3352 2476 3400 ut
2524 3345 2642 3400 sine
2683 3353 3067 3415 praeoccupate
3114 3343 3376 3414 opinione
3414 3343 3711 3399 veritatem

2120 3436 2454 3491 examinent.
2492 3434 2604 3491 Nos
2653 3436 2801 3491 enim
2847 3435 3255 3510 perspicuitatis
3300 3451 3463 3491 causa
3501 3434 3704 3490 librum

2121 3530 2177 3585 in
2207 3538 2321 3585 tres
2353 3529 2598 3600 dialogos
2630 3527 2965 3584 dividemus.
2998 3528 3068 3582 Et
3095 3529 3309 3598 primus
3337 3527 3559 3599 quidem
3598 3529 3705 3582 im-

2119 3618 2443 3673 mutabilem
2472 3631 2593 3670 esse
2634 3616 2903 3685 unigeniti
2935 3616 3062 3670 Filii
3094 3616 3439 3671 divinitatem
3476 3623 3705 3670 conten-

2120 3709 2244 3775 det;
2294 3705 2574 3762 secundus
2618 3712 2805 3758 autem
2855 3705 3224 3769 inconfusam,
3259 3707 3373 3760 Deo
3427 3707 3567 3759 bene
3613 3709 3705 3780 ju-

2119 3805 2306 3865 vante,
2344 3795 2551 3853 Christi
2606 3795 2826 3852 Domini
2880 3794 3188 3849 divinitatis
3242 3803 3298 3850 et
3347 3795 3720 3853 humanitatis

2122 3892 2385 3967 unionem
2421 3889 2589 3946 fuisse
2631 3886 2930 3945 ostendet:
2962 3887 3160 3944 tertius
3198 3887 3438 3959 denique
3485 3888 3705 3958 impati-

2120 3985 2286 4043 bilem
2328 3983 2498 4038 fuisse
2540 3981 2841 4038 Salvatoris
2876 3979 3051 4036 nostri
3091 3980 3438 4037 divinitatem
3474 3981 3705 4037 demon-

2120 4077 2341 4133 strabit.
2387 4075 2486 4131 His
2516 4075 2699 4129 tribus
2727 4072 3124 4129 certaminibus
3146 4075 3396 4144 quadam
3423 4075 3528 4129 alia
3557 4075 3708 4130 velut

2120 4167 2485 4226 certaminum
2552 4165 2928 4223 additamenta
2995 4165 3356 4238 adjiciemus,
3406 4167 3713 4237 unicuique

2121 4260 2290 4332 capiti
2346 4260 2573 4315 brevem
2625 4273 2896 4313 summam
2956 4257 3355 4330 adjungentes,
3409 4267 3466 4313 et
3520 4267 3708 4329 aperte

2124 4353 2478 4410 ostendentes
2516 4352 2572 4408 id
2606 4367 2637 4408 a
2675 4352 2840 4407 nobis
2880 4350 3109 4419 servari,
3142 4351 3291 4423 quod
3338 4350 3406 4406 ab
3446 4349 3713 4421 apostolis

2046 4420 2099 4480 Ῑ)
2124 4445 2484 4523 praedicatum
2518 4450 2622 4500 est.

2126 4608 2445 4743 ῃῗέὂιιεαλ.
2478 4668 2603 4744 ⁵ιςά.
2644 4667 2797 4738 prior
2824 4667 3065 4723 habebat
3097 4662 3423 4735 διαλογικόςο
