4006 6202
378 264 442 317 δι
1373 272 1862 332 TIIEODORETI
1900 273 2239 332 EPISCOPI
2285 275 2646 334 CYllENSlS
3562 284 3629 340 3?.

1492 574 2584 713 ΑΤΡΕΠΤΟΣ.

1660 815 2210 905 ΔΙΑΛΟΓΟΣ
2267 809 2386 904 Αὐ

1374 994 1868 1052 ΟΡΘΟΔΟΞΟΣ
1925 999 2074 1053 ΚΑΙ
2139 999 2648 1057 ΕΡΑΝΙΣΤΗΣ.

1543 1304 2529 1420 lMMUTABlLIS.

1647 1539 2243 1632 DIALOGUS
2303 1543 2380 1628 l.

1313 1731 1937 1796 ORTHOD’OXUS
2006 1732 2112 1792 ET
2183 1729 2734 1790 ERANISTES-

456 2057 507 2129 5
534 2056 1017 2114 ORTHODOXUS.
1060 2059 1254 2114 Melius
1283 2059 1506 2128 quidem
1534 2069 1677 2114 esset
1705 2075 1807 2114 nos
1827 2075 1960 2115 con-

2135 2057 2542 2123 ΟΡΘΟΔΟΞΟΣ.
2589 2057 2845 2125 ’Λμεινον
2883 2054 2981 2124 μὲν
3007 2047 3075 2126 ἦν
3115 2057 3419 2124 συμφωνεῖν
3469 2055 3631 2125 ἡμᾶς.

383 2149 608 2209 sentire,
642 2156 698 2200 et
725 2147 1030 2201 doctrinam
1059 2147 1412 2214 apostolicam
1442 2149 1706 2217 integram
1739 2164 1960 2202 conser-

383 2252 531 2291 vare.
581 2235 687 2290 Sed
737 2236 887 2304 quia,
927 2236 1114 2290 nescio
1156 2251 1318 2303 quam
1368 2236 1440 2290 ob
1487 2251 1733 2301 causam,
1782 2238 1958 2290 soluta

382 2325 695 2389 concordia,
740 2326 898 2380 nobis
949 2339 1089 2377 nova
1139 2323 1390 2394 dogmata
1437 2340 1585 2378 nunc
1627 2326 1956 2394 proponitis,

381 2416 589 2485 absque
625 2415 754 2480 ulla,
781 2415 826 2468 si
865 2415 1066 2483 placet,
1092 2415 1444 2468 contentione
1482 2413 1770 2470 veritatem
1804 2432 1958 2470 com-

383 2506 537 2561 muni
571 2519 739 2574 opera
769 2519 1095 2573 quaeramus.

455 2597 661 2652 ERAN.
701 2597 810 2650 Nos
840 2595 1196 2664 inquisitione
1230 2610 1341 2649 non
1369 2611 1592 2665 egemus
1625 2614 1638 2649 :
1672 2597 1959 2652 veritatem

383 2688 530 2742 enim
554 2687 833 2755 explorate
863 2692 1177 2754 perceptam
1209 2693 1481 2739 tenemus.

455 2777 664 2833 ORTH.
708 2776 824 2830 Hoc
856 2775 1101 2829 hazretici
1132 2790 1326 2830 omnes
1362 2775 1464 2829 sibi
1505 2792 1829 2844 persuasum
1867 2778 1964 2832 ha-

385 2868 519 2924 bent
549 2885 563 2921 :
596 2866 898 2937 quinetiam
941 2865 1113 2920 Judwi
1147 2873 1202 2919 et
1231 2864 1405 2920 Graeci
1449 2882 1705 2921 verorum
1737 2868 1962 2938 dogma-

386 2967 504 3012 tum
558 2963 997 3028 propugnatores
1038 2969 1096 3008 se
1143 2961 1337 3023 putant
1379 2973 1391 3006 :
1429 2970 1529 3008 nec
1583 2955 1620 3007 ii
1669 2954 1831 3009 modo
1869 2955 1962 3024 qui

388 3050 630 3108 Platonis
655 3052 670 3069 '
701 3056 757 3103 et
785 3048 1105 3118 Pythagorae
1136 3045 1334 3116 placita
1359 3055 1685 3114 sequuntur,
1715 3045 1810 3100 sed
1837 3046 1965 3116 Epi-

386 3142 505 3197 curi
533 3156 751 3211 quoque
780 3139 1058 3208 discipuli,
1090 3148 1144 3192 et
1175 3139 1270 3208 qui
1299 3137 1446 3192 athei
1476 3146 1602 3191 sunt
1631 3152 1872 3206 prorsus,
1911 3145 1966 3192 et

388 3231 532 3287 nihil
562 3231 870 3302 opinantes.
901 3230 1021 3284 Non
1059 3229 1317 3284 convenit
1356 3239 1539 3282 autem
1573 3239 1966 3300 praeoccupatae

388 3322 638 3393 Opinioni
681 3321 913 3386 servire,
957 3321 1054 3376 sed
1097 3320 1153 3374 in
1204 3335 1389 3374 veram
1434 3319 1740 3373 doctrinam
1781 3319 1964 3388 inqui-

389 3428 534 3467 rere.

463 3503 672 3558 ERAN.
711 3501 1087 3558 Admonitioni
1137 3509 1244 3556 tuae
1293 3517 1479 3572 pareo,
1525 3511 1580 3557 et
1634 3502 1688 3556 in
1741 3502 1964 3557 monitis

392 3595 704 3664 acquiesco.

463 3685 677 3741 ORTH.
716 3687 985 3752 Quoniam
1030 3684 1196 3755 igitur
1239 3684 1480 3754 priorem
1528 3685 1964 3740 adhortationem

392 3777 552 3832 facile
595 3778 888 3841 admisisti,
933 3792 1065 3846 rogo
1111 3776 1299 3839 etiam,
1341 3783 1402 3829 ut
1446 3775 1700 3830 humanis
1738 3776 1964 3830 rationi-

394 3869 500 3923 bus
548 3870 800 3922 veritatis
841 3870 898 3936 6
941 3868 1351 3934 inquisitionem
1399 3884 1510 3921 non
1555 3869 1833 3938 subjicias,
1871 3869 1966 3924 sed

394 3960 766 4028 apostolorum
794 3967 850 4012 et
878 3958 1291 4026 prophetarum,
1317 3966 1373 4011 et
1399 3967 1714 4012 sanctorum
1741 3961 1835 4028 qui
1867 3961 1968 4014 hos

394 4049 569 4103 secuti
596 4059 744 4113 sunt,
781 4049 1008 4119 vestigia
1046 4063 1277 4118 quaras.
1315 4048 1429 4102 Hoc
1453 4049 1600 4102 enim
1630 4049 1810 4104 facere
1846 4052 1964 4105 via-

393 4151 545 4195 tores
583 4141 781 4204 solent,
816 4149 876 4194 ut
903 4156 1028 4195 cum
1054 4156 1085 4194 a
1116 4141 1203 4194 via
1241 4140 1390 4211 regia
1422 4140 1766 4207 deﬂexerint,
1799 4144 1966 4197 semi-

397 4239 480 4286 tas
521 4232 892 4296 considerent,
925 4231 970 4286 si
1003 4231 1366 4301 quorumdam
1399 4233 1720 4288 abeuntium
1751 4243 1846 4289 aut
1876 4251 1970 4290 ve-

395 4320 668 4378 nientium
703 4322 931 4392 vestigia
973 4322 1175 4387 adsint,
1206 4323 1294 4378 vel
1333 4323 1637 4390 hominum,
1675 4325 1760 4380 vel
1796 4341 1968 4395 equo-

399 4429 553 4477 rum,
601 4414 688 4467 vel
741 4413 1052 4478 asinorum,
1100 4414 1185 4467 vel
1231 4413 1503 4468 mulorum
1534 4433 1546 4467 :
1575 4425 1631 4470 et
1680 4425 1968 4485 postquam

400 4505 743 4568 invenerint,
800 4519 997 4556 canum
1044 4518 1196 4558 more
1250 4503 1342 4556 illa
1390 4514 1816 4573 persequuntur,
1869 4519 1972 4559 nec

401 4604 528 4650 ante
558 4595 849 4658 desistunt,
878 4611 1041 4664 quam
1074 4595 1126 4648 in
1158 4605 1366 4650 rectam
1397 4595 1540 4648 viam
1577 4596 1862 4651 redierint.

2062 2146 2157 2200 καὶ
2187 2147 2285 2217 τὴν
2314 2144 2678 2215 ἀποστολικὴν
2707 2144 3054 2197 διδασκαλίαν
3093 2144 3378 2212 φυλάττειν
3424 2144 3633 2214 ἀκήρα-

2059 2253 2171 2289 τον.
2209 2235 2426 2306 Ἐπειδὴ
2458 2236 2514 2288 δὲ
2538 2236 2638 2288 ούκ
2662 2229 2757 2286 οἷδ’
2778 2234 2892 2287 ἀνθ’
2918 2235 3040 2288 ὅτου
3071 2233 3169 2303 τὴν
3220 2233 3470 2302 ὁμόνοιαν
3518 2233 3632 2286 διας

2060 2325 2340 2390 λύσαντες,
2365 2326 2527 2380 καινά
2554 2324 2648 2378 νῦν
2673 2328 2807 2395 ἡμῖν
2837 2323 3205 2395 προϐάλλεσθε
3227 2323 3492 2392 δόγματα,
3512 2322 3633 2391 δίχα

2060 2418 2206 2481 τινὸς
2263 2418 2460 2489 ἔριδος,
2517 2418 2564 2470 εί
2597 2417 2764 2482 δοκεῖ,
2823 2418 2976 2485 κοινῇ
3014 2415 3339 2484 ζητήσωμεν
3370 2413 3469 2482 τὴν
3499 2411 3632 2482 ἀλή-

2063 2509 2235 2563 θειαν.

2095 2583 2339 2656 ‘EPAN.
2391 2599 2584 2668 Ἡμεῖς
2643 2599 2922 2670 ζητήσεως
2990 2598 3050 2650 οὐ
3114 2596 3366 2667 δεόμεθα·
3395 2596 3637 2666 ἀκριϐῶς

1977 2700 1980 2704 ’
2063 2691 2174 2761 γὰρ
2211 2691 2313 2760 τῆς
2341 2689 2601 2759 ἀληθείας
2629 2688 2888 2758 ἐχόμεθα.

2137 2782 2288 2836 ΟΡΘ.
2322 2781 2494 2834 Τοῦτο
2516 2781 2738 2834 καὶτῶν
2760 2779 3047 2852 αἱρετικῶν
3069 2778 3364 2849 ὑπείληφεν
3385 2779 3632 2841 ἕκαστος·

2065 2872 2160 2924 καὶ
2195 2871 2379 2940 μέντοι
2432 2870 2527 2922 καὶ
2583 2868 2844 2931 Ἰουδαῖοι,
2908 2867 3004 2921 καὶ
3043 2866 3322 2937 Ἕλληνες,
3376 2865 3484 2917 τῶν
3541 2865 3636 2932 τῆς

2067 2961 2325 3032 ἀληθείας
2348 2961 2633 3030 δογμάτων
2669 2957 3056 3030 προστατεύειν
3081 2957 3412 3028 νομίζουσιν·
3444 2957 3536 3009 καὶ
3572 2956 3633 3007 ού

2071 3055 2221 3127 μόνοι
2251 3071 2315 3121 γε
2347 3054 2396 3107 οἱ
2421 3053 2491 3106 τὰ
2513 3052 2797 3113 Πλάτωνος
2822 3051 2916 3103 καὶ
2956 3048 3273 3119 Πυθαγόρου
3306 3045 3636 3119 θρησκεύον-

2066 3161 2175 3208 τες,
2201 3142 2335 3196 ἀλλά
2364 3143 2455 3194 καὶ
2479 3141 2528 3192 οἱ
2557 3140 2654 3210 τῆς
2700 3138 3020 3210 Ἐπικούρου
3061 3136 3390 3207 συμμορίας,
3442 3136 3536 3188 καὶ
3589 3138 3637 3187 οἱ

2068 3236 2301 3305 πάμπαν
2327 3233 2474 3288 ἄθεοι
2505 3232 2599 3284 καὶ
2625 3229 2925 3294 ἀδόξαστοι.
2985 3230 3256 3299 Προσήκει
3285 3228 3340 3279 δὲ
3375 3227 3450 3296 μὴ
3503 3243 3638 3294 προ-

2068 3327 2230 3398 λήψει
2277 3324 2568 3389 δουλεύειν,
2624 3321 2758 3376 ἀλλά
2796 3321 2897 3394 τὴν
2929 3321 3126 3393 ’ἀληθῆ
3182 3319 3382 3390 γνῶσιν
3443 3318 3639 3389 ὲπιζηυ

1992 3402 2035 3457 Β
2063 3421 2196 3472 τεῖν.

2138 3507 2344 3562 ΕΡΔΝ.
2386 3504 2652 3574 Πεὶθομαι
2687 3505 2753 3572 τῇ
2779 3499 3118 3571 παραινέσει,
3148 3499 3242 3550 καὶ
3273 3498 3498 3568 δέχομαι
3542 3497 3641 3568 τὴν

2068 3601 2371 3670 εἰσήγησιν.

2141 3691 2290 3745 ΟΡΘ.
2359 3685 2577 3756 Ἐπειδὴ
2639 3683 2818 3736 τοίνυν
2885 3681 2983 3752 τὴν
3041 3679 3313 3750 προτέραν
3374 3677 3639 3738 εὐπειθῶς

2068 3781 2232 3846 ἐδέξω
2286 3777 2654 3848 παράκλησιν,
2704 3772 2842 3839 ἀξιῶ
2897 3788 2957 3823 σε
3007 3770 3191 3836 πάλιν,
3239 3769 3314 3839 μὴ
3363 3767 3641 3837 λογισμοῖς

2070 3869 2432 3943 ἀνθρωπίνοις
2490 3863 2780 3933 ἐπιτρέψαι
2831 3861 2929 3931 τῆς
2978 3858 3235 3929 ἀληθείας
3268 3857 3363 3927 τὴν
3395 3856 3642 3927 ἔρευναν,

2071 3963 2207 4016 ἀλλά
2242 3960 2352 4014 τῶν
2381 3957 2718 4019 ἀποστόλων,
2780 3953 2870 4008 καὶ
2912 3949 3228 4022 προφητῶν,
3265 3949 3357 4001 καὶ
3383 3947 3490 4001 τῶν
3527 3949 3643 4017 μετ’

2072 4055 2317 4116 ἐκείνους
2370 4052 2540 4118 ἁγίων
2592 4045 2916 4116 ἐπιζητῆσαι
2940 4043 3006 4095 τὰ
3037 4044 3176 4110 ἴχνη.
3215 4040 3384 4092 Τοῦτο
3413 4040 3520 4108 γὰρ
3551 4042 3644 4093 καὶ

2070 4147 2183 4208 τοῖς
2209 4141 2508 4209 ὁδοιπόροις
2565 4135 2718 4203 φίλον
2761 4136 2956 4195 ποιεῖν,
3007 4132 3132 4182 ὅταν
3183 4129 3498 4197 ὲκτραπῶσι
3547 4129 3644 4196 τῆς

2070 4232 2366 4301 λεωφόρου,
2429 4227 2523 4279 καὶ
2552 4223 2651 4286 τὰς
2688 4221 2965 4292 ἀτραποὺς
3014 4218 3344 4281 διασκοπεῖν,
3391 4218 3442 4267 εἴ
3484 4234 3644 4270 τινων

2070 4324 2338 4380 ἀπιόντων
2368 4319 2401 4389 ἢ
2426 4314 2735 4387 ἐρχομένων
2790 4311 2970 4379 ἔχουσι
3013 4307 3216 4369 τύπους
3266 4305 3463 4369 ποδῶν,
3497 4306 3528 4374 ἦ
3557 4305 3643 4357 ἀν.

2073 4413 2327 4486 θρώπων,
2368 4407 2630 4478 ἧῖππων,
2693 4403 2727 4472 ἢ
2789 4401 2946 4462 δνων,
3002 4398 3035 4468 ἢ
3095 4398 3352 4467 ἡμιόνων
3385 4397 3476 4449 καὶ
3521 4397 3644 4448 ὅταν

2072 4505 2298 4575 εὕρωσι,
2329 4499 2470 4554 κατὰ
2499 4497 2626 4559 τοὺς
2655 4493 2822 4556 κύνας
2861 4488 3222 4561 ίχνηλατοῦσι,
3263 4489 3359 4540 καὶ
3404 4488 3464 4539 οὐ
3515 4488 3644 4556 πρός

2073 4613 2228 4668 τερον
2287 4593 2532 4662 ἀφιᾶσιν,
2585 4588 2690 4650 ἕως
2752 4586 2817 4638 ἂν
2882 4584 2980 4653 τὴν
3025 4580 3238 4634 εὐθεῖαν
3293 4579 3410 4633 ὁδὸν
3442 4579 3644 4632 ἀπολά-

2074 4687 2262 4742 ϐωσιν.

471 4776 677 4831 ERAN.
720 4776 810 4831 Sic
835 4776 1118 4832 faciamus.
1142 4776 1223 4830 Tu
1254 4775 1438 4846 itaque
1464 4776 1618 4846 praei,
1645 4784 1706 4830 ut
1731 4775 1825 4844 qui
1851 4789 1965 4830 ser-

2142 4777 2346 4831 EPAN.
2390 4774 2547 4826 Οὓτω
2573 4768 2837 4838 ποιῶμεν.
2883 4763 3047 4832 Ἠγοῦ
3095 4761 3273 4814 τοίνυν
3321 4761 3501 4825 αὐτὸς,
3549 4760 3646 4814 an

399 4883 618 4924 monem
654 4869 942 4923 inchoasti.

471 4955 680 5011 ORTH.
722 4959 798 5011 De
845 4957 1046 5010 divinis
1089 4970 1218 5025 ergo
1261 4954 1598 5018 nominibus,
1646 4953 1970 5016 substantia,

404 5045 647 5114 inquam,
680 5056 736 5100 et
760 5047 1166 5118 hypostasibus,
1192 5047 1552 5114 personisque
1585 5054 1641 5099 et
1663 5045 1972 5113 proprieta-

403 5132 786 5202 tibus,-priore
816 5136 936 5191 loco
968 5136 1322 5195 disseramus,
1355 5142 1411 5187 et
1437 5133 1713 5202 quomodo
1741 5132 1885 5185 inter
1915 5147 1974 5186 sc

404 5225 661 5280 dill‘erant
710 5242 1104 5297 cognoscamus
1135 5235 1192 5282 et
1223 5226 1551 5282 deﬁniamus
1585 5244 1599 5279 :
1632 5234 1747 5279 tum
1777 5231 1971 5278 caetera

404 5315 664 5384 deinceps
691 5318 1087 5387 aggrediamur.

477 5406 682 5461 ERAN.
717 5408 1153 5464 Pulcherrimum
1176 5420 1231 5464 et
1258 5409 1833 5464 convenientissimum
1863 5423 1977 5463 ser-

407 5496 556 5550 moni
590 5506 778 5551 nostro
807 5499 1091 5553 exordium
1128 5501 1347 5556 dedisti.
1385 5502 1478 5556 His
1511 5501 1657 5555 cnim
1693 5498 1979 5569 perspicue

410 5587 713 5658 explicatis,
746 5586 958 5643 facilius
991 5593 1250 5659 procedet
1288 5602 1471 5646 nostra
1507 5591 1821 5661 disputatio.

488 5677 694 5737 Oll'l‘ll.
750 5679 1014 5757 Quoniam
1069 5682 1231 5754 igitur
1285 5683 1398 5740 haec
1445 5685 1519 5742 ita
1569 5684 1684 5742 ﬁeri
1729 5691 1980 5754 oportere

2071 4867 2134 4939 δὴ
2166 4865 2335 4936 ἄρξας
2357 4865 2450 4916 τοῦ
2479 4861 2660 4928 λόγου.

2146 4956 2298 5009 ΟΡΘ.
2340 4953 2547 5006 Οὐκοῦν
2571 4950 2699 5019 περί
2745 4946 2851 4999 τῶν
2901 4944 3059 4996 θείων
3111 4941 3410 5012 ὀνομάτων,
3461 4942 3651 5005 οὐσίας

2078 5047 2241 5116 φημὶ,
2265 5045 2355 5096 καὶ
2377 5031 2746 5101 ύποστάσεων,
2774 5038 2868 5090 καὶ
2889 5035 3217 5106 προσώπων,
3237 5033 3328 5085 καὶ
3351 5033 3649 5102 ίδιοτήτων,

2075 5133 2583 5207 διευκρινησώμεθα
2635 5129 2922 5199 πρότερον,
2952 5127 3045 5180 καὶ
3074 5125 3292 5193 γνῶμεν
3327 5126 3419 5175 καὶ
3452 5124 3652 5193 ὁρισώ-

2083 5229 2223 5300 μεθα
2285 5227 2402 5279 τίνα
2460 5225 2570 5294 ἔχει
2628 5221 2762 5292 πρὸς
2806 5219 3006 5288 ἄλληλα
3063 5215 3350 5284 διαφοράνο
3383 5211 3652 5267 εἶθόὖτω

2079 5319 2263 5373 λοιπὸν
2287 5315 2552 5385 ἁψώμεθα
2581 5311 2688 5364 τῶν
2717 5309 2864 5378 ἑξῆς.

2146 5407 2351 5464 ΕΡΑΝ.
2394 5405 2692 5458 Κάλλιστον
2745 5401 2838 5453 καὶ
2887 5397 3313 5462 ἀναγκαιότατον
3345 5397 3548 5456 ἔδωκας
3575 5395 3650 5461 τῷ

2077 5503 2218 5571 λόγῳ
2243 5500 2302 5552 τὸ
2326 5497 2627 5567 προοίμιον.
2652 5491 2870 5544 Τούτων
2898 5487 3003 5556 γὰρ
3030 5487 3294 5560 εύκρινῶν
3323 5485 3648 5555 γενομένων,

2083 5594 2208 5662 ῥᾷον
2240 5589 2572 5660 προϐήσεται
2604 5584 2635 5650 ὴ
2663 5578 2912 5642 διάλεξις.

2154 5675 2300 5731 ΟΡΘ.
2358 5671 2569 5738 Ἐπειδὴ
2620 5667 2796 5721 τοίνυν
2854 5665 2957 5736 ἄρα
3017 5665 3106 5718 καὶ
3169 5660 3524 5731 συνεψηφισὰι
3553 5659 3648 5713 501
