4006 6202
372 314 447 381 33
1439 312 1820 373 DIALOGUS
1858 315 1908 373 Ι.
1948 338 2019 347 -
2054 314 2581 376 IMMUTABILIS.
3561 324 3644 392 34

375 433 525 490 ταῦθ’
544 431 688 485 οὕτω
727 427 927 499 χρῆναι
947 425 1220 495 γενέσθαι,
1267 425 1582 498 ἀπόκριναι,
1627 421 1671 478 ὧ
1703 427 1947 495 φιλότης.

2068 428 2390 492 :ensuimus,
2426 430 2716 499 responde,
2751 445 2783 485 ο
2817 431 3011 487 amice.
3050 433 3147 488 Dei
3182 435 3380 500 Patris,
3410 447 3466 492 et
3506 433 3643 496 unie-~

377 524 481 579 Τοῦ
507 523 666 588 Θεοῦ,
689 521 783 572 καὶ
809 519 1044 588 Πατρὸς,
1076 519 1169 571 καὶ
1195 517 1289 571 τοῦ
1316 517 1637 587 μονογενοῦς
1672 517 1826 582 Υἱοῦ,
1863 520 1955 571 καὶ

371 615 467 670 τοῦ
503 613 776 680 παναγίον
815 610 1152 677 Πνεῦματος,
1193 609 1320 678 μίαν
1383 609 1572 663 ούσίαν
1627 609 1828 678 φαμὲν,
1880 607 1956 672 ὼς

373 706 527 780 παρὰ
558 704 659 773 τῆς
684 703 835 764 θείας
866 701 1086 770 ι’ραφῆς
1119 702 1480 770 ἐδιδάχθημεν.
1512 701 1750 764 παλαιᾶς
1775 718 1834 754 τε
1863 701 1956 754 καὶ

372 797 524 859 νέας,
557 795 654 848 καὶ
687 792 794 844 τῶν
824 793 882 844 ὲν
927 791 1132 861 Νικαίᾳ
1185 791 1620 862 συνεληλυθότων
1675 793 1954 864 Πατέρων,

375 885 410 955 ἢ
442 887 562 947 ταῖς
599 881 810 952 Ἀρείου
836 880 1209 950 βλασφημίαις
1237 881 1641 951 ἁκολουθοῦμεν
1671 883 1776 952 (6);

447 976 652 1030 ΕΡΑΝ.
702 975 851 1028 Μίαν
915 972 1284 1043 ὁμολογοῦμεν
1343 975 1442 1044 τῆς
1504 975 1667 1044 ἁγίας
1730 975 1956 1047 Τριάδος

375 1071 441 1124 οὗ
451 1087 476 1122 σ
485 1069 588 1122 ίαν.

450 1160 600 1213 ΟΡΘ.
647 1157 755 1229 Τὴν
775 1157 836 1210 δὲ
862 1156 1177 1220 ὑπόστασιν,
1205 1155 1334 1210 ἄλλο
1366 1175 1420 1209 τι
1456 1158 1603 1230 παρὰ
1633 1158 1733 1228 τὴν
1767 1160 1956 1212 οὐσίαν

378 1251 670 1322 σημαίνειν
697 1247 1013 1318 νομίζομεν,
1049 1247 1082 1317 ἢ
1131 1250 1230 1318 τῆς
1267 1247 1456 1311 οὐσίας
1507 1249 1692 1320 ἕτερον
1734 1250 1958 1321 ὑπειλή-

377 1360 561 1412 φαμεν
585 1341 755 1411 ὄνομα
777 1356 795 1405 ;

452 1435 655 1488 EPAN.
696 1434 848 1502 Ἔχει
897 1431 1019 1486 τινὰ
1061 1431 1323 1502 διαφορὰν
1375 1435 1406 1504 ἡ
1473 1435 1630 1487 οὐσία
1675 1435 1812 1505 πρὸς
1858 1434 1956 1507 τὴν

377 1525 681 1578 ὑπόστασιν
699 1541 713 1589 ;

448 1615 598 1670 ΟΡΘ.
628 1615 788 1669 Κατὰ
829 1615 930 1684 μὲν
959 1614 1053 1684 τὴν
1083 1612 1318 1684 θύραθεν
1347 1615 1558 1684 σοφίαν,
1585 1619 1684 1672 οὐκ
1711 1617 1846 1689 ἔχει.
1879 1617 1956 1672 Ἥ

372 1725 433 1762 τε
457 1708 568 1777 γὰρ
601 1708 785 1761 οὐσία
808 1705 871 1760 τὸ
895 1705 955 1757 ὃν
986 1705 1263 1774 σημαίνει,
1289 1709 1384 1760 καὶ
1402 1707 1463 1760 τὸ
1485 1708 1714 1776 ὑφεστὸς
1751 1711 1784 1780 ἡ
1811 1711 1948 1765 ὑπό.

373 1816 616 1865 στασις.
661 1797 821 1852 Κατὰ
847 1798 904 1850 δέ
936 1814 998 1865 γε
1043 1797 1142 1867 τὴν
1167 1797 1274 1850 τῶν
1301 1798 1561 1868 Πατέρων
1583 1777 1953 1864 διδασκαλίαν,
1989 1777 2030 1832 Β

377 1891 448 1962 ἢν
475 1891 586 1960 ἔχει
605 1889 870 1960 διαφορὰν
893 1889 953 1941 τὸ
978 1888 1156 1942 κοινὸν
1197 1889 1337 1959 ὑπὲρ
1377 1889 1440 1943 τὸ
1471 1890 1677 1960 {Simul}
1711 1889 1771 1942 τὸ
1802 1890 1958 1958 γένος

386 1984 526 2053 ὑπὲρ
545 1983 605 2035 τδ
634 1977 771 2044 εἶδος
798 1981 830 2052 ἦ
869 1980 931 2033 τὸ
964 1980 1186 2050 ἄτομον,
1214 1979 1420 2051 ταύτην
1451 1982 1484 2052 ἡ
1513 1980 1671 2034 οὐσία
1699 1981 1835 2052 πρὸς
1859 1981 1958 2052 τὴν

389 2074 684 2127 ὑπόστασιν
721 2073 848 2142 ἔχει.

448 2253 651 2306 ΕΡΑΝ.
694 2251 1034 2323 Σαφὲστερον
1086 2251 1154 2306 τὰ
1191 2251 1320 2323 περὶ
1369 2250 1460 2305 τοῦ
1499 2242 1689 2321 γένους
1739 2252 1832 2306 καὶ
1881 2253 1958 2305 εί-

372 2344 500 2408 δους
538 2346 615 2413 (7)
650 2345 742 2398 καὶ
770 2344 864 2398 τοῦ
897 2344 1102 2414 ἀτόμου
1132 2346 1275 2397 εἰπέ.

446 2435 601 2488 0P6.
648 2435 691 2486 Γ
693 2435 815 2497 ένος
859 2432 1136 2505 καλοῦμεν
1187 2435 1248 2488 τὸ
1290 2433 1462 2500 ζῶον·
1502 2434 1673 2489 πολλὰ
1714 2435 1822 2507 γὰρ
1856 2453 1952 2507 σηο

376 2527 558 2596 μαίνει
593 2525 740 2579 κατὰ
787 2526 1006 2581 ταύτόν.
1044 2525 1207 2598 Δηλοῖ
1237 2525 1344 2598 γὰρ
1377 2526 1474 2579 καὶ
1506 2527 1566 2581 τὸ
1594 2526 1831 2596 λογικὸν,
1864 2528 1958 2581 καὶ

374 2617 440 2670 ’τὸ
464 2616 657 2684 ἄλογον
680 2631 694 2646 ·
724 2618 818 2670 καὶ
847 2612 913 2670 αὖ
962 2616 1124 2669 πάλιν
1151 2616 1261 2669 τῶν
1287 2615 1497 2684 ἀλόγων
1526 2618 1641 2689 εἴδη
1675 2618 1866 2678 πολλὰ.
1890 2617 1958 2671 τὰ

381 2708 486 2779 μὲν
517 2707 711 2778 πτηνὰ,
747 2707 815 2760 τὰ
844 2707 900 2760 δὲ
921 2707 1182 2778 ἀμφίϐια,
1210 2707 1281 2760 τὰ
1305 2707 1361 2761 δὲ
1390 2707 1550 2773 πεζὰ,
1572 2709 1642 2762 τὰ
1670 2709 1728 2762 δὲ
1752 2710 1949 2782 νηκτὰ.

377 2801 497 2852 Καὶ
541 2799 741 2852 τούτων
789 2799 846 2852 δὲ
893 2800 1124 2853 ἕκαστον
1166 2802 1246 2864 είς
1281 2800 1451 2853 πολλὰ
1496 2801 1802 2873 διαιρεῖται.
1838 2802 1958 2856 Τῶν

378 2889 494 2961 γὰρ
525 2889 703 2954 πεζῶν
741 2890 868 2942 ἄλλο
920 2890 1020 2960 μὲν
1058 2891 1174 2944 ἐστι
1205 2891 1364 2957 λέων,
1399 2891 1527 2946 ἄλλο
1566 2892 1622 2945 δὲ
1668 2893 1955 2962 πάρδαλις,

376 2981 508 3036 ἄλλο
557 2980 616 3034 δὲ
657 2979 876 3050 ταῦρος,
905 2981 1000 3033 καὶ
1049 2981 1219 3052 μυρία
1269 2981 1450 3051 ἕτερα.
1504 2981 1663 3036 υῦτω
1706 2985 1800 3036 καὶ
1847 2983 1958 3036 τῶν

376 3072 623 3144 πτηνῶν,
665 3073 758 3124 καὶ
788 3070 893 3124 τῶν
918 3071 1092 3126 ἄλλων
1123 3072 1238 3141 είδη
1267 3072 1440 3126 πολλά
1461 3092 1474 3106 ·
1501 3074 1619 3128 ἀλλ’
1653 3077 1802 3146 ὅμως
1837 3077 1960 3129 τού-
1985 3112 2026 3168 C

374 3181 488 3217 των
515 3165 772 3218 ἁπάντων
802 3164 957 3232 γένος
995 3163 1113 3216 ἐστὶ
1141 3163 1201 3216 τὸ
1229 3162 1388 3227 ζῶον,
1414 3165 1528 3236 εἴδη
1568 3166 1625 3219 δὲ
1667 3167 1738 3220 τὰ
1766 3169 1959 3238 προλε-

373 3255 640 3326 λεγμένα.
674 3254 828 3308 Οὕτω
879 3254 940 3307 τὸ
961 3253 1242 3324 ἄνθρωπος
1267 3253 1438 3324 ὄνομα
1479 3257 1654 3309 κοινόν
1684 3259 1800 3310 ἐστι
1828 3257 1959 3312 ταύ-

373 3349 507 3416 τησὶ
552 3347 654 3417 τῆς
707 3346 923 3416 φύσεως
977 3344 1165 3415 ὄνομα.
1192 3345 1581 3416 Σημαίνειγὰρ
1599 3347 1797 3402 καὶτὸν
1826 3347 1956 3401 Ῥω-

377 3442 566 3509 μαῐον,
608 3438 700 3491 καὶ
738 3437 828 3490 τὸν
862 3435 1170 3508 Ἀθηναῖον,
1205 3437 1303 3490 καὶ
1333 3436 1423 3489 τὸν
1453 3437 1692 3508 Πέρσην,
1721 3438 1818 3491 καὶ
1867 3438 1957 3490 τὸν

373 3530 766 3602 Σαυρομάτην,
800 3529 891 3583 καὶ
925 3527 1015 3580 τὸν
1054 3525 1372 3596 Αἰγύπτιον,
1417 3527 1510 3580 καὶ
1554 3526 1854 3598 συλλήϐδην
1879 3529 1959 3580 εί-

375 3626 528 3687 πείν,
560 3623 804 3685 ἅπαντας
836 3622 950 3675 ὅσοι
988 3619 1194 3690 ταύτης
1236 3619 1554 3673 κοινωνοῦσι
1584 3620 1684 3690 τῆς
1717 3619 1952 3690 φύσεως.

376 3717 454 3768 Τὸ
483 3714 541 3768 δέ
569 3731 632 3783 γε
667 3713 878 3778 Παῦλος
921 3712 953 3782 ἦ
999 3712 1206 3782 Πέτρος
1237 3710 1410 3782 ὄνομα
1449 3712 1634 3765 οὐκέτι
1671 3711 1732 3765 τὸ
1776 3713 1956 3766 κοινὸν

382 3808 639 3878 σημαίνει
674 3809 774 3879 τῆς
811 3806 1049 3876 φύσεως,
1088 3804 1224 3858 ἀλλὰ
1259 3804 1351 3858 τόν
1393 3821 1513 3857 τινα
1545 3805 1622 3874 (8)
1647 3804 1956 3872 ἄνθρωπον.

383 3901 578 3965 υὺδέις
604 3901 710 3971 γὰρ
737 3899 828 3952 τὸν
855 3897 1068 3951 Παῦλον
1095 3895 1356 3961 ἀκούσας,
1390 3897 1472 3959 είς
1493 3895 1583 3949 τὸν
1637 3896 1827 3967 Ἀδὰμ,
1863 3897 1957 3951 καλ⁸

383 3993 489 4047 τὸν
528 3991 788 4063 ’Δϐραὰμ,
827 3991 923 4045 καὶ
950 3992 1042 4044 τὸν
1079 3989 1272 4044 Ἰακὼϐ
1301 3991 1570 4061 ἀνέδραμε
1586 3989 1664 4059 τῷ
1690 3989 1955 4060 λογισμῷ,

379 4085 527 4139 ἀλλὰ
574 4084 758 4138 τοῦτον
809 4083 969 4155 μόνον
1013 4083 1252 4152 ἐνόησεν,
1294 4077 1355 4137 οὗ
1397 4083 1491 4136 καὶ
1534 4081 1636 4152 τῆς
1680 4099 1957 4153 προσηγο-

381 4177 512 4247 ρίας
542 4175 868 4244 κατήκουσε.
907 4173 1010 4227 Τὸν
1045 4171 1228 4242 μέντοι
1251 4171 1537 4244 ἄνθρωπον
1567 4172 1756 4236 ἁπλῶς
1788 4173 1957 4227 ἁκού-

383 4283 508 4330 σας,
557 4267 657 4318 ούκ
685 4267 764 4327 είς
803 4264 865 4317 τὸ
913 4263 1116 4334 ἄτομον
1154 4263 1430 4335 ἀπερείδει
1482 4263 1574 4317 τὸν
1621 4264 1766 4328 νοῦν,
1821 4266 1956 4320 ἀλλὰ

377 4360 477 4412 καὶ
514 4357 610 4410 τὸν
655 4356 833 4420 Ἰνδὸν,
877 4355 974 4408 καὶ
1010 4354 1103 4407 τὸν
1139 4353 1375 4424 Σκύθην,
1407 4354 1502 4406 καὶ
1538 4353 1631 4408 τὸν
1656 4355 1956 4425 Μασσαγέ-

2058 519 2227 588 geniti
2255 519 2399 582 Filii,
2425 531 2481 573 et
2505 521 2834 576 sanctissimi
2863 522 3124 593 Spiritus,
3156 541 3286 579 num
3315 543 3478 580 unam
3509 530 3641 583 sub-

2059 611 2316 666 stantiam
2357 612 2612 676 dicimus,
2643 614 2786 667 sicut
2827 631 2857 668 a
2902 615 3088 670 divina
3129 617 3412 688 Scriptum
3451 630 3638 674 vetere

2057 709 2114 756 et
2158 718 2318 767 nova,
2359 713 2418 757 et
2455 720 2484 756 a
2524 704 2778 760 Patri-bus
2829 707 3022 762 Nicarze
3067 718 3410 779 congregans
3456 711 3638 766 edocti

2059 807 2269 860 sumus,
2306 812 2372 849 an
2400 797 2515 850 Arii
2549 798 2941 868 blasphemiam
2969 801 3287 870 sequimur?

2130 967 2336 1022 ERAN.
2378 970 2549 1025 Unam
2583 971 2914 1026 conﬁtemur
2949 981 3146 1028 sancta:
3182 974 3466 1031 Trinitatis
3503 979 3634 1033 sub-

2059 1062 2338 1115 stantiam.

2129 1150 2338 1206 ORTH.
2380 1151 2705 1223 Hypostasin
2751 1164 2955 1220 autem,
2995 1174 3062 1212 an
3108 1161 3256 1216 aliud
3300 1179 3462 1232 quam
3503 1164 3636 1218 sub-

2060 1241 2317 1294 stantiam
2363 1243 2671 1313 signiﬁcare
2713 1256 2991 1314 putamus,
3026 1266 3094 1304 an
3133 1254 3452 1309 substantiae
3488 1256 3637 1311 aliud

2058 1346 2179 1386 esse
2217 1348 2420 1389 nomen
2452 1337 2867 1394 existimamus?

2132 1426 2182 1494 7
2221 1427 2426 1482 ΕΒΑΝ.
2462 1429 2629 1484 Estne
2655 1431 2840 1501 aliqua
2867 1433 3179 1492 diﬁ‘erentia
3207 1438 3351 1493 inter
3379 1441 3638 1497 substan-

2059 1516 2192 1570 tiam
2219 1527 2274 1571 et
2305 1519 2655 1590 hypostasin?

2131 1607 2340 1663 ORTH.
2399 1612 2713 1668 Secundum
2767 1625 3081 1672 exterorum
3137 1622 3358 1690 quidem
3419 1625 3640 1694 sapien-

2060 1699 2192 1754 tiam
2237 1702 2388 1756 nulla
2428 1712 2512 1758 est
2548 1723 2562 1759 :
2593 1722 2720 1760 nam
2768 1709 3063 1764 substantia
3113 1713 3229 1781 (seu
3281 1716 3526 1785 essentia)
3582 1717 3637 1772 id

2059 1792 2206 1860 quod
2234 1801 2319 1848 est
2344 1794 2633 1865 signiﬁcat,
2658 1804 2713 1851 et
2747 1798 2802 1852 id
2831 1801 2977 1868 quod
3004 1802 3256 1857 subsistit
3279 1813 3364 1858 est
3387 1806 3637 1876 hyposta-

2057 1883 2148 1939 sis.
2183 1883 2253 1938 At
2291 1888 2593 1941 secundum
2634 1890 2859 1944 Patrum
2897 1891 3229 1957 doctrinam,
3269 1895 3411 1949 sicut
3438 1900 3454 1917 '
3483 1897 3639 1952 αισα-

2060 1983 2190 2029 runt
2228 1991 2519 2032 commune
2564 1988 2620 2033 et
2652 1982 2961 2050 proprium,
3000 1985 3085 2037 vel
3131 1999 3303 2054 genus
3337 1994 3394 2038 et
3429 1987 3641 2055 species

2059 2080 2123 2119 ac
2167 2067 2536 2135 individuum,
2578 2071 2655 2126 ita
2697 2072 2966 2128 diﬁ‘erunt
3008 2075 3316 2132 substantia
3358 2085 3415 2132 et
3463 2078 3638 2150 hypo-

2058 2159 2237 2212 stasis.

2128 2247 2335 2304 ERAN.
2384 2251 2482 2305 Dic
2525 2252 2690 2321 paulo
2727 2253 2932 2309 clarius
2975 2254 3042 2310 de
3076 2271 3298 2326 genere,
3343 2260 3545 2329 specie,
3584 2270 3641 2316 et

2060 2342 2370 2397 individuo.
2791 2386 2796 2388 _

2129 2431 2339 2488 ORTH.
2379 2431 2566 2486 Genus
2609 2431 2950 2502 appellamus
2996 2433 3244 2489 animal:
3277 2436 3449 2490 multa
3490 2438 3639 2493 enim

2057 2526 2220 2582 simul
2245 2524 2534 2595 signiﬁcat.
2558 2523 2694 2577 Nam
2715 2533 2772 2578 et
2791 2524 3004 2579 ratione
3023 2525 3313 2594 praeditum
3335 2536 3392 2583 et
3412 2529 3642 2585 rationis

2057 2633 2256 2689 expers
2295 2617 2716 2687 complectitur:
2741 2625 2798 2670 et
2836 2617 3066 2672 rationis
3097 2619 3403 2688 expertium
3447 2637 3641 2676 rursus

2059 2709 2245 2764 multae
2282 2717 2412 2763 sunt
2447 2707 2680 2776 species.
2717 2707 2836 2761 Alia
2877 2709 3024 2762 enim
3067 2716 3196 2763 sunt
3236 2710 3501 2775 volatilia,
3533 2712 3640 2767 alia

2059 2799 2339 2868 amphibia
2367 2816 2378 2850 :
2403 2799 2650 2867 quaedam
2677 2798 2912 2868 pedibus
2929 2799 3276 2868 gradiuntur,
3297 2801 3403 2855 alia
3426 2809 3637 2856 natant.

2059 2889 2501 2960 Unumquodque
2547 2904 2710 2958 porro
2755 2889 2984 2944 istorum
3029 2890 3084 2943 in
3135 2891 3306 2944 multa
3351 2891 3636 2947 dividitur.

2060 2981 2402 3036 Pedestrium
2431 2981 2633 3050 quippe
2656 2981 2803 3035 aliud
2829 2990 2914 3035 est
2936 2981 3044 3047 leo,
3069 2981 3217 3036 aliud
3245 2982 3467 3052 pardus,
3489 2984 3640 3039 aliud

2061 3083 2272 3138 taurus,
2295 3081 2350 3127 ct
2379 3073 2526 3127 mille
2550 3072 2674 3126 alia.
2708 3072 2799 3127 Sic
2828 3073 2992 3127 etiam
3016 3081 3072 3127 et
3094 3075 3402 3139 volucrum,
3425 3083 3482 3130 et
3511 3076 3642 3130 reli-

2058 3181 2295 3236 quorum
2324 3166 2510 3220 multa:
2541 3173 2670 3220 sunt
2704 3165 2945 3234 species;
2976 3165 3072 3221 sed
3098 3165 3296 3220 horum
3321 3177 3500 3224 tamen
3523 3186 3641 3226 om-

2057 3258 2209 3312 nium
2227 3272 2400 3329 genus
2413 3266 2499 3312 est
2514 3257 2735 3320 animal,
2755 3256 2968 3326 specihs
2988 3265 3192 3322 autem,
3210 3275 3348 3328 quas
3365 3263 3637 3317 recensui.

2059 3347 2151 3403 Sic
2179 3349 2424 3403 hominis
2451 3347 2747 3417 appellatio
2779 3355 2988 3403 natura;
3019 3348 3186 3420 hujus
3214 3363 3505 3406 commune
3543 3368 3641 3408 no-

2057 3455 2184 3494 men
2212 3447 2314 3494 est.
2349 3438 2633 3510 Signiﬁcat
2657 3439 2804 3493 enim
2832 3448 2888 3493 et
2912 3440 3240 3504 Romanum,
3263 3450 3318 3496 et
3343 3443 3639 3500 Athenien-

2056 3541 2264 3597 sem,et
2282 3533 2526 3598 Persam,
2548 3541 2605 3587 et
2631 3532 3034 3597 Sauromatam,
3057 3543 3112 3587 et
3129 3532 3463 3604 Egyptium,
3481 3545 3557 3602 et,
3580 3546 3642 3593 ut

2057 3624 2225 3678 semel
2246 3624 2448 3688 dicam,
2466 3631 2736 3692 quotquot
2757 3632 2887 3676 sunt
2911 3623 3075 3692 hujus
3093 3632 3301 3680 natura;
3322 3628 3638 3697 participes.

2057 3713 2212 3769 Pauli
2239 3729 2373 3767 vero
2395 3723 2451 3766 et
2473 3713 2621 3767 Petri
2647 3727 2848 3765 nomen
2875 3719 2984 3766 non
3011 3729 3357 3770 communem
3385 3727 3640 3774 naturam

2058 3803 2343 3874 designat,
2395 3801 2492 3856 sed
2547 3802 2864 3873 quempiam
2914 3802 3214 3858 hominem.
3266 3805 3439 3860 Nemo
3490 3811 3641 3866 enim

2056 3897 2286 3952 Paulum
2321 3893 2572 3958 audiens,
2605 3893 2675 3948 ad
2706 3893 2998 3959 Adamum,
3022 3892 3108 3947 vel
3135 3893 3528 3962 Abrahamum,
3552 3900 3640 3955 vel

2057 3988 2324 4044 Jacobum
2379 3987 2770 4058 cogitationem
2819 3986 3112 4050 convertit.
3147 3987 3244 4042 sed
3289 4003 3414 4042 eum
3461 3991 3641 4046 solum

2059 4078 2282 4149 cogitat,
2315 4078 2474 4148 cujus
2515 4074 2940 4145 appellationem
2982 4074 3212 4129 audivit.
3252 4075 3342 4140 At,
3369 4076 3416 4130 si
3458 4077 3641 4133 homi-

2058 4185 2187 4224 nem
2214 4167 2543 4238 simpliciter
2572 4167 2802 4230 audivit,
2824 4180 2932 4220 non
2965 4165 3021 4219 in
3047 4166 3270 4235 aliquod
3293 4166 3641 4224 individuum
3699 4157 3704 4161 ’

2057 4259 2445 4330 cogitationem
2484 4256 2692 4327 deﬁgit,
2736 4256 2830 4311 sed
2885 4265 2942 4311 et
2999 4256 3214 4325 Indum,
3265 4266 3322 4313 et
3360 4259 3638 4332 Scytham,

2056 4348 2115 4418 8
2147 4356 2204 4402 et
2261 4346 2654 4416 Massagetam,
2691 4352 2748 4400 et
2785 4344 3108 4400 universum
3136 4346 3435 4402 humanum
3470 4365 3642 4419 genus

377 4463 503 4516 την,
531 4445 625 4498 καὶ
651 4442 984 4509 ἁπαξαπλῶς
1014 4444 1123 4495 πᾶν
1149 4440 1304 4510 γένος
1323 4440 1625 4513 ἀνθρώπων
1654 4442 1952 4511 λογίζεται.

2068 4437 2244 4492 animo
2291 4433 2726 4505 comprehendit.
2771 4433 2886 4489 Hoc
2930 4450 3096 4504 porro
3140 4452 3244 4491 nos
3286 4453 3396 4492 non
3444 4449 3639 4493 natura

374 4535 493 4589 Καὶ
524 4533 684 4587 τοῦτο
707 4535 851 4605 ἡμᾶς
882 4533 980 4602 οὐχ
1014 4534 1047 4604 ἠ
1076 4531 1238 4602 φύσις
1277 4532 1456 4602 μόνον,
1477 4532 1615 4586 ἀλλὰ
1645 4535 1740 4587 καὶ
1770 4536 1804 4606 ἡ
1833 4534 1953 4589 θεία

373 4626 626 4679 διδάσκει
667 4624 878 4694 Γραφή,
924 4620 1062 4676 Eine
1108 4623 1216 4692 γὰρ
1256 4623 1284 4675 ὁ
1322 4620 1476 4685 Θεὸς,
1511 4621 1697 4693 φησιν,
1764 4641 1784 4674 ι
1823 4625 1954 4678 Ἀπ-

372 4715 588 4786 αλεξψω
622 4714 713 4768 τὸν
729 4715 1010 4786 ἄνθρωπον
1049 4713 1108 4767 ὃν
1151 4713 1358 4766 ἔπλασα
1388 4713 1494 4766 ἀπὸ
1528 4711 1820 4784 προσώπου
1857 4717 1956 4786 τῆς

371 4811 508 4878 γῆς.
539 4827 557 4859 ι
592 4805 763 4860 Τοῦτο
796 4806 852 4861 δὲ
888 4805 1018 4876 περὶ
1053 4804 1388 4874 παμπόλλων
1423 4805 1611 4876 εἴρηκε
1653 4804 1952 4876 μυριάδων.

370 4898 652 4952 Πλειόνων
679 4897 778 4966 (8⁸)
819 4895 991 4966 γὰρῆ
1037 4893 1309 4964 δισχιλίων
1357 4894 1450 4946 καὶ
1493 4894 1781 4947 διακοσίων
1819 4893 1958 4963 μετὰ

369 4990 466 5041 τὸν
524 4986 699 5057 ’Δδὰμ
720 4984 1109 5056 διεληλυθότων
1139 4984 1296 5048 ὲτῶν,
1317 4983 1415 5056 τὴν
1443 4985 1530 5038 διὰ
1561 4983 1656 5037 τοῦ
1689 4984 1959 5038 κατακλυ-

373 5077 520 5149 σμοῦ
553 5077 932 5147 πανωλεθρίαν
964 5079 1076 5139 τοῖς
1110 5075 1420 5146 ἀνθρώποις
1453 5077 1776 5146 ἐπήνεγκεν.
1801 5075 1958 5129 Οῦτω

373 5174 472 5223 καὶ
512 5173 541 5224 ό
570 5170 838 5240 μακάριος
893 5169 1041 5238 λέγει
1093 5167 1258 5221 Δαὸίδ
1279 5183 1293 5198 ’
1329 5186 1346 5218 ι
1376 5166 1698 5238 Ἀνθρωπος
1729 5170 1787 5220 ὲν
1821 5170 1953 5238 τιμῇ

372 5263 449 5318 ὢν
482 5264 548 5317 ού
588 5261 842 5332 συνῆκεν,
867 5279 886 5312 ι
924 5261 983 5313 ού
1022 5258 1117 5312 τοῦ
1167 5259 1361 5324 δεῖνος,
1407 5257 1440 5330 ἢ
1473 5257 1566 5312 τοῦ
1592 5259 1783 5325 δεῖνος,
1817 5258 1954 5312 ἀλλὰ

445 5445 469 5477 ³
502 5442 644 5499 Gen.
673 5459 745 5508 vr,
774 5444 826 5496 7.
902 5443 923 5474 "
955 5401 1096 5496 Psal.
1139 5457 1318 5505 xum,
1339 5441 1426 5496 2L

341 5581 362 5590 ’
444 5599 528 5666 (ο)
577 5599 680 5654 Ed.
721 5599 878 5652 Rom.
918 5608 974 5652 et
1005 5596 1154 5666 Lips.
1190 5593 1629 5666 ἀκολουθοῦντες.

469 5664 528 5737 7)
577 5688 632 5722 γ.
663 5668 760 5721 εἴδ.
795 5669 872 5722 Ex
903 5669 1035 5722 edit.
1071 5664 1228 5721 Rom.
1262 5664 1490 5737 et_Lips.
1525 5664 1820 5737 insertum-

468 5734 528 5805 ὃ)
570 5739 710 5791 τινὰ.
745 5738 821 5792 Ita
855 5739 1011 5792 Rom.
1041 5744 1096 5791 et
1127 5737 1273 5806 Lips.
1303 5734 1513 5790 Mallem
1539 5734 1703 5787 δεῖνα.

2059 4528 2259 4592 solum,
2288 4526 2383 4583 sed
2407 4526 2591 4581 divina
2617 4526 2784 4581 etiam
2812 4526 3092 4597 Scriptura
3117 4529 3295 4584 docet.
3322 4530 3468 4584 Dixit
3492 4531 3640 4585 enim

2059 4620 2226 4684 Deus,
2270 4617 2494 4688 inquit:
2532 4637 2550 4669 ι
2586 4617 2791 4673 Delebo
2840 4619 3150 4684 hominem,
3201 4635 3362 4689 quem
3410 4619 3638 4675 formavi

2061 4727 2090 4764 a
2129 4710 2266 4764 facie
2301 4719 2460 4762 terra:
2481 4708 2522 4760 ³.
2559 4728 2577 4758 ι
2614 4708 2728 4762 Hoc
2764 4723 2893 4762 vero
2921 4709 3058 4763 dixit
3091 4710 3159 4764 de
3193 4710 3510 4765 hominibus
3539 4728 3642 4766 nu-

2060 4817 2212 4856 mero
2247 4799 2494 4854 inﬁnitis.
2529 4798 2666 4853 Cum
2697 4798 2844 4852 enim
2875 4800 3000 4853 anni
3031 4809 3154 4868 post
3187 4800 3456 4854 Adamum
3498 4818 3639 4871 prae-

2063 4892 2341 4948 teriissent
2368 4890 2554 4960 plures
2592 4903 2756 4959 quam
2787 4888 2875 4944 bis
2904 4890 3053 4946 mille
3089 4906 3153 4945 ac
3180 4891 3425 4957 ducenti,
3458 4893 3639 4948 homi-

2056 4983 2222 5040 nibus
2253 4997 2353 5051 per
2388 4979 2804 5035 inundationem
2837 4981 3066 5036 exitium
3091 4983 3293 5037 attulit.
3321 4983 3640 5056 Eodemque

2055 5075 2220 5130 modo
2254 5074 2450 5128 beatus
2491 5072 2661 5127 David
2707 5073 2988 5143 loquitur:
3027 5093 3044 5126 ι
3081 5073 3255 5128 Homo
3285 5090 3410 5130 cum
3439 5075 3494 5130 in
3534 5077 3636 5131 ho-

2052 5182 2188 5222 nore
2226 5175 2394 5230 esset,
2425 5181 2534 5220 non
2582 5166 2918 5231 intellexit‘,
2953 5186 2970 5218 ι
3012 5183 3122 5220 non
3157 5166 3306 5222 hunc
3337 5169 3422 5222 vel
3456 5168 3634 5231 illum,

2052 5257 2148 5313 sed
2180 5257 2434 5311 universe
2473 5270 2666 5310 omnes
2703 5257 2957 5312 homines
2995 5272 3280 5312 accusans.
3321 5259 3471 5313 Talia
3510 5258 3635 5330 qui-

2124 5591 2224 5661 (8')
2258 5591 2942 5661 πλειόνων-ἐπήνεγκεν.
2973 5596 3050 5650 lla
3080 5595 3193 5651 fere
3227 5595 3496 5651 calculum
3529 5592 3633 5646 du-

2053 5662 2128 5716 cit
2152 5662 2588 5735 Noster,_qu:est_.
2630 5663 2695 5735 l7
2735 5665 2789 5717 in
2827 5665 2956 5720 Gen.
2989 5665 3109 5721 Vid.
3143 5675 3182 5721 t.
3216 5666 3258 5733 Ι,
3301 5681 3354 5735 p.
3401 5666 3488 5720 60.
3525 5663 3634 5719 Sed

2054 5741 2322 5802 repugnat
2349 5729 2705 5802 CIironologia
2753 5751 2931 5789 sacra.
