4006 6202
324 303 396 367 35
1306 308 1802 373 THEODORETI
1842 312 2184 376 EPISCOPI
2224 318 2594 382 CYRENSIS
3538 330 3609 394 ἒξὸ

328 419 454 474 dem
487 415 906 471 innumerabilia
938 428 1087 484 sunt,
1124 422 1220 475 sed
1260 424 1568 492 producere
1599 443 1917 483 sermonem

2045 433 2177 501 ιοινῇ
2242 432 2461 486 πάντων
2513 434 2820 505 ἀνθρώπων
2875 438 3220 511 κατηγορῶν.
3271 440 3383 497 Καὶ
3441 448 3610 518 μυρία

328 509 464 564 nihil
492 518 577 562 est
607 524 766 578 opus.

398 597 607 651 ERAN.
654 598 980 655 Communis
1026 610 1083 656 et
1125 606 1334 675 proprii
1384 606 1686 663 discrimen
1730 619 1921 680 aperte

329 698 612 744 ostensum
661 702 745 747 est
777 710 790 746 :
828 693 923 747 sed
969 695 1037 750 ad
1085 698 1454 755 substantiam
1497 711 1555 756 et
1601 702 1923 774 hypostasin

329 782 646 839 redeamus.

400 874 612 931 ORTll.
668 878 826 933 Sicut
868 895 998 951 ergo
1039 898 1244 937 nomen
1288 882 1459 938 Homo
1502 900 1795 941 commune
1840 897 1925 942 est

332 968 433 1021 toti
478 968 606 1023 huic
651 979 863 1024 natura:
912 988 925 1024 :
974 972 1048 1026 ita
1095 973 1297 1029 divinas
1345 976 1671 1032 substantia:
1720 993 1924 1034 nomen

334 1068 579 1113 sanctam
617 1061 945 1117 Trinitatem
982 1065 1292 1135 signiﬁcare
1335 1070 1670 1138 accepimus,
1702 1071 1718 1091 ‘
1748 1071 1924 1143 hypo-

336 1153 512 1206 stasin
560 1168 692 1207 vero
742 1170 1035 1222 personam
1082 1158 1325 1227 aliquam
1377 1160 1690 1232 designare,
1727 1179 1926 1234 nempe

335 1244 423 1297 vel
459 1243 660 1305 Patris,
686 1245 772 1297 vel
806 1245 953 1308 Filii,
978 1247 1063 1300 vel
1092 1246 1334 1317 Spiritus
1361 1254 1556 1308 sancti.
1589 1251 1723 1306 Nam
1758 1252 1929 1324 hypo-

336 1334 529 1397 stasiu,
555 1344 610 1388 et
653 1350 966 1403 personam,
1005 1346 1061 1390 et
1090 1340 1485 1408 proprietatem
1528 1342 1671 1397 idem
1715 1343 1928 1414 signiﬁ-

337 1439 463 1478 care
515 1424 792 1492 dicimus,
845 1435 1162 1481 sanctorum
1214 1431 1441 1486 Patrum
1485 1432 1792 1489 doctrinam
1842 1451 1930 1490 se-

338 1527 589 1584 quentes.

409 1607 613 1661 ERAN.
653 1609 781 1664 Hzec
810 1612 883 1665 ita
914 1628 973 1667 se
998 1614 1204 1669 habere
1234 1616 1580 1672 conﬁtemur.

408 1699 618 1755 ΟΠΤΠ.
655 1702 1009 1774 Quaecunque
1033 1723 1165 1777 ergo
1191 1707 1260 1762 de
1292 1718 1488 1765 natura
1521 1711 1705 1765 divina
1734 1711 1927 1766 dicun-

339 1803 448 1857 tur,
478 1797 793 1850 communia
815 1807 944 1851 sunt
964 1800 1144 1854 Patris
1165 1808 1221 1855 et
1238 1798 1363 1856 Filii
1384 1812 1440 1856 et
1463 1802 1701 1873 Spiritus
1728 1803 1923 1866 sancti,
1959 1777 2000 1831 Β

341 1891 402 1936 ιιι
439 1883 603 1941 Deus.
638 1884 927 1953 Dominus,
974 1889 1252 1957 conditor,
1296 1893 1667 1962 omnipotens,
1708 1900 1765 1948 et
1809 1908 1931 1965 quae

341 1975 427 2029 his
458 1974 678 2029 similia.

408 2175 685 2245 SERAN.
708 2178 990 2233 iheccitra
1011 2183 1448 2235 controversiam
1474 2181 1762 2237 Trinitatis
1794 2193 1925 2237 sunt

341 2266 673 2321 communia.
995 2272 1002 2280 '

409 2358 619 2414 ORTll.
673 2361 806 2426 Qum
859 2370 1044 2415 autem
1124 2362 1448 2432 hypostases
1500 2378 1596 2416 seu
1661 2363 1947 2433 personas'

341 2450 651 2519 designant,
679 2468 741 2506 ea
764 2460 966 2506 sancire
998 2450 1253 2507 Trinitati
1284 2453 1598 2507 communia
1640 2469 1747 2507 non
1775 2462 1923 2518 sunt,

341 2543 435 2599 sed
470 2544 617 2597 illius
655 2554 785 2598 sunt
822 2560 1092 2613 personae,
1153 2546 1313 2613 cujus
1358 2555 1489 2599 sunt
1526 2544 1749 2615 propria
1800 2560 1813 2597 :
1866 2554 1928 2598 ut

342 2653 545 2691 nomen
593 2638 776 2700 Pater,
828 2646 883 2691 et
935 2638 1236 2707 Ingenitus,
1271 2637 1491 2706 propria
1520 2645 1648 2691 sunt
1694 2638 1923 2691 Patris:

342 2742 545 2782 nomen
573 2744 793 2797 quoque
820 2727 1012 2789 Filius,
1037 2736 1091 2781 et
1119 2726 1467 2797 Unigenitus,
1504 2736 1557 2780 et
1592 2727 1739 2782 Deus
1792 2724 1929 2781 Ver-

343 2819 497 2884 bum,
532 2835 639 2872 non
691 2817 909 2872 Patrem
946 2818 1284 2887 signiﬁcant,
1325 2832 1428 2871 nec
1479 2816 1745 2886 Spiritum
1799 2832 1926 2870 san-

345 2920 517 2974 ctum,
556 2912 649 2967 sed
712 2911 933 2965 Filium.
992 2911 1230 2979 Spiritus
1278 2926 1410 2965 vero
1460 2920 1703 2977 sanctus,
1731 2919 1788 2967 et
1827 2910 1928 2966 Pa-

345 3005 601 3065 racletus,
628 3003 866 3073 Spiritus
893 3017 1185 3072 personam
1219 3002 1530 3072 designant.

415 3180 623 3236 ERAN.
653 3178 735 3233 An
764 3194 875 3232 non
901 3178 1068 3247 igitur
1088 3176 1353 3244 Spiritum
1380 3184 1540 3230 vocat
1563 3191 1718 3230 sacra
1771 3175 1925 3231 Scri-

345 3279 507 3341 plura
534 3269 698 3322 etiam
723 3269 940 3322 Patrem
973 3276 1027 3320 et
1063 3260 1297 3319 Filium?

412 3361 624 3417 ORTll.
656 3360 924 3429 Spiritum
955 3358 1172 3412 vocavit
1197 3366 1252 3412 et
1280 3358 1497 3411 Patrem
1525 3364 1582 3411 et
1604 3357 1803 3411 Filium
1825 3397 1839 3423 ,
1866 3365 1930 3412 ut

346 3452 621 3522 signiﬁcet
654 3451 897 3504 divinam
948 3456 1201 3502 naturam
1254 3462 1375 3502 esse
1424 3448 1824 3518 incorporeum,
1873 3456 1929 3503 et

345 3542 730 3599 circumscribi
753 3557 864 3595 non
892 3553 1055 3610 posse
1088 3557 1101 3591 :
1138 3538 1407 3608 Spiritum
1446 3548 1629 3594 autem
1665 3546 1922 3594 sanctum

347 3636 518 3691 solam
540 3633 779 3703 Spiritus
809 3643 1098 3700 personam
1142 3629 1395 3698 appellat.

417 3719 627 3774 ERAN.
657 3719 771 3772 Hoc
799 3732 1020 3786 quoque
1049 3725 1204 3769 extra
1244 3717 1681 3772 controversiam
1708 3728 1788 3773 est
1826 3734 1928 3788 po-

348 3814 537 3868 situm.

415 3900 625 3956 ORTH.
651 3890 919 3965 Quoniam
945 3913 1080 3967 ergo
1107 3898 1290 3967 aliqua
1323 3897 1564 3954 diximus
1586 3915 1707 3956 esse
1728 3911 1929 3957 sanetae

349 3990 636 4046 Trinitatis
662 3988 997 4049 communia,
1026 3988 1207 4057 aliqua
1259 4004 1392 4043 vero
1438 3992 1707 4061 cujusque
1752 3994 1930 4064 hypo~

346 4091 559 4135 staseos
610 4078 854 4147 propria,
904 4093 1106 4133 nomen
1150 4078 1491 4134 immutabile
1535 4082 1928 4138 substantiaene

349 4188 641 4229 commune
668 4172 906 4225 dicimus
926 4186 1070 4239 esse,
1106 4187 1176 4225 an
1225 4172 1458 4245 alicujus
1494 4189 1744 4244 personae
1795 4192 1927 4246 pro-

351 4262 571 4334 prium?

421 4353 629 4408 ERAN.
656 4353 959 4409 Commune
980 4359 1065 4407 est
1091 4352 1383 4409 Trinitatis
1413 4354 1777 4411 immutabile.
1815 4358 1930 4413 Nec

2024 520 2249 573 τοιαῦτα
2276 522 2425 576 ἔστιν
2459 524 2660 594 εὑρεῖν,
2690 524 2808 577 ἀλλ’
2832 528 2893 579 οὑ
2920 528 3024 598 χρὴ
3053 529 3339 600 μηκύνειν.

2096 611 2302 667 EPAN.
2343 613 2622 667 Δέδεικται
2677 616 2865 685 σαφῶς
2917 620 2950 687 ἠ
3001 618 3233 691 διαφορά
3276 622 3371 676 τοῦ
3422 628 3605 680 κοινοῦ

2025 703 2162 774 πρὸς
2201 705 2262 757 τὸ
2299 706 2460 759 ἴδιον*
2491 706 2609 759 ἀλλ’
2640 709 2721 771 είς
2746 708 2840 761 τὸν
2870 711 3000 780 περὶ
3030 712 3127 783 τῆς
3150 714 3340 778 οὐσίας
3377 717 3469 770 καὶ
3505 720 3606 790 τῆς

2026 794 2381 861 ὑποστάσεως
2404 798 2791 869 ἐπανέλθωμεν
2826 801 3006 869 λόγον.

2098 887 2250 941 ΟΡΘ.
2284 889 2496 959 ’Ὠσπερ
2537 890 2718 943 τοίνυν
2760 892 2821 945 τὸ
2866 892 3179 962 ἅνθρωπος
3221 898 3393 968 ὄνομα
3430 901 3603 953 κοινόν

2027 978 2145 1031 ἐστι
2177 978 2383 1049 ταύτης
2423 980 2525 1051 τῆς
2565 980 2777 1049 φύσεως
2816 984 3010 1056 ὄνομα,
3041 987 3185 1040 οὑτω
3214 988 3313 1059 τὴν
3342 989 3490 1044 Θείαν
3518 993 3605 1044 οὑδ

2030 1070 2148 1123 σίαν
2182 1072 2282 1141 τὴν
2315 1073 2479 1140 ἁγίαν
2504 1073 2710 1143 Τριάδα
2740 1076 3027 1146 σημαίνειν
3057 1079 3358 1151 εἰλήφαμεν
3378 1095 3393 1111 ο
3425 1082 3522 1151 τὴν
3549 1083 3606 1136 δέ

2028 1178 2092 1231 γε
2122 1165 2437 1230 ὑπόστασιν,
2466 1169 2759 1238 προσώπου
2781 1170 2927 1232 τινὸς
2957 1165 3094 1223 εἶναι
3118 1171 3440 1243 δηλωτικὴν,
3472 1168 3604 1239 οἷον,

2029 1255 2061 1324 ἢ
2090 1256 2184 1309 τοῦ
2218 1258 2450 1327 Πατρδς,
2487 1259 2519 1328 ἢ
2553 1258 2647 1311 τοῦ
2682 1258 2832 1322 Υίοῦ,
2865 1259 2896 1329 ἢ
2930 1259 3024 1314 τοῦ
3064 1261 3222 1328 ἁγίου
3262 1262 3602 1333 Πνεὺματος.

2033 1347 2143 1418 Τὴν
2173 1348 2281 1419 γὰρ
2311 1350 2627 1414 ὑπόστασιν,
2666 1351 2840 1404 καὶτὸ
2870 1351 3180 1422 πρόσωπον,
3217 1354 3312 1406 καὶ
3343 1355 3445 1424 τὴν
3472 1355 3604 1407 ίδιόο

2029 1456 2188 1510 τητα,
2210 1440 2406 1494 ταύτὸν
2439 1443 2724 1512 σημαίνειν
2750 1444 2926 1512 φαμὲν
2947 1444 3060 1506 τοῖς
3097 1445 3204 1496 τῶν
3232 1445 3404 1513 ἁγίων
3432 1446 3605 1499 Πατέι

2032 1548 2143 1602 ρων
2170 1533 2317 1601 ὅροις
2345 1532 2786 1597 ἀκολουθοῦντες.

2102 1623 2308 1677 ΕΡΑΝ.
2342 1625 2820 1696 Συνομολογοῦμεν
2859 1625 3002 1678 οὑτω
3026 1625 3179 1678 ταῦτ’
3214 1626 3377 1697 ἔχειν.

2108 1716 2259 1769 ΟΡΘ.
2280 1718 2420 1770 ’Ὀσα
2443 1716 2622 1771 τοίνυν
2653 1717 2781 1786 περὶ
2811 1717 2910 1786 τῆς
2944 1716 3094 1781 θείας
3125 1717 3343 1786 λέγεται
3368 1719 3601 1788 φύσεως,

2032 1808 2186 1863 κοινὰ
2226 1808 2401 1862 ταῦτά
2444 1810 2559 1861 ἐστι
2596 1806 2692 1861 τοῦ
2734 1808 2947 1879 Πατρὸς
2985 1809 3198 1863 καὶτοῦ
3224 1810 3353 1863 Υἰοῦ
3390 1812 3485 1865 καὶ
3509 1809 3605 1865 τοῦ

2031 1900 2187 1969 ἁγίου
2229 1899 2567 1970 Πνεὺματος,
2604 1893 2737 1960 οἷον,
2775 1898 2837 1951 τὸ
2873 1897 3029 1962 Θεὸς,
3070 1896 3130 1951 τὸ
3161 1899 3387 1970 Κύριος,
3422 1900 3481 1954 τὸ
3517 1901 3609 1971 δηο⁸

2035 1992 2317 2063 μιουργὸς,
2356 1991 2417 2044 τὸ
2468 1990 2885 2061 παντοκράτωρ,
2931 1992 3024 2043 καὶ
3072 1991 3174 2045 ὅσα
3223 1992 3436 2057 τούτοις
3491 1994 3608 2047 ἐστὶ

2031 2082 2409 2155 παραπλήσια.

2102 2175 2304 2229 ΕΡΑΝ.
2332 2175 2865 2247 ,Ἀναμφισὸητήτως
2885 2174 3040 2227 κοινά
3066 2172 3167 2244 τῆς
3186 2176 3413 2246 Τριάδος
3436 2178 3601 2231 ἐστίν.

2098 2347 2251 2401 ΟΡΘ.
2284 2346 2426 2398 Ὅσα
2454 2344 2499 2396 δ’
2526 2338 2591 2397 αὖ
2623 2343 2731 2396 τῶν
2770 2342 3119 2397 ὑποστάσεων
3164 2344 3401 2416 ὑπάρχει
3434 2348 3607 2417 δηλω-

2027 2438 2176 2503 τικὰ,
2211 2438 2397 2491 οὑκέτι
2439 2436 2614 2488 ταῦτα
2660 2436 2756 2505 τῆς
2800 2434 2960 2502 ἁγίας
3006 2436 3237 2506 Τριάδος
3283 2438 3459 2502 κοινὰ,
3486 2440 3602 2494 ἀλλ’

2030 2531 2245 2601 ἐκείνης
2274 2530 2389 2582 ἐστι
2413 2528 2511 2598 τῆς
2537 2528 2911 2591 ὑποστάσεως,
2950 2524 3018 2598 ἧς
3043 2529 3189 2581 ἐστιν
3216 2529 3367 2582 ίδιον.
3396 2528 3522 2585 Οἷον
3545 2533 3607 2585 τδ

2029 2624 2217 2693 Πατήρ
2254 2622 2446 2690 όνομα,
2483 2619 2577 2672 καὶ
2618 2618 2678 2670 τὸ
2713 2618 3057 2686 Ἀγέννητος,
3089 2618 3183 2671 τοῦ
3214 2621 3426 2691 Πατρός
3460 2626 3607 2676 ἐστιν

2032 2715 2157 2777 tam,
2192 2713 2286 2766 καὶ
2306 2709 2372 2765 αὖ
2399 2711 2581 2776 πάλιν,
2608 2709 2668 2762 τὸ
2694 2708 2821 2771 Υἱός
2841 2709 3033 2778 ὄνομα,
3056 2710 3149 2763 καὶ
3179 2710 3239 2764 τὸ
3269 2712 3605 2785 Μονογενής,

2030 2805 2126 2859 καὶ
2148 2804 2210 2856 τὸ
2243 2803 2377 2866 Θεὸς
2408 2802 2603 2870 Λόγος,
2642 2800 2703 2854 οὑ
2753 2798 2843 2853 τὸν
2893 2800 3111 2871 Πατέρα
3160 2801 3329 2872 δηλοῖ,
3386 2804 3506 2857 οὐδὲ
3548 2805 3607 2859 τὸ

2031 2900 2254 2971 Πνεῦμα
2281 2899 2340 2952 τὸ
2370 2897 2546 2966 ἅγιον,
2581 2895 2717 2950 ἀλλὰ
2745 2895 2835 2948 τὸν
2870 2895 3017 2948 Υίόν.
3052 2896 3162 2948 Καὶ
3192 2895 3253 2950 τὸ
3290 2898 3513 2968 Πνεῦμα
3551 2899 3608 2954 δὲ

2031 2994 2090 3045 τὸ
2141 2988 2317 3060 ἅγιον,
2364 2996 2459 3045 καὶ
2498 2991 2526 3042 ὁ
2567 2988 2945 3059 Παράκλητος,
2993 2991 3093 3059 τῆς
3136 2989 3231 3042 τοῦ
3284 2989 3605 3062 Πνεύματος

1956 3110 2000 3169 C
2034 3082 2385 3146 ὑποστάσεως
2425 3081 2662 3152 ὑπάρχει
2696 3079 2989 3150 δηλωτικὰ.

2103 3175 2305 3229 EPAN.
2340 3173 2414 3227 Οὑ
2447 3172 2603 3226 καλεῖ
2625 3172 2804 3225 τοίνυν
2828 3170 2862 3240 ἡ
2891 3169 3011 3223 θεία
3032 3169 3224 3243 Γραφὴ
3257 3172 3485 3243 Πνεῦμα
3510 3174 3606 3227 καὶ

2028 3266 2121 3320 τὸν
2143 3266 2363 3337 Πατέρα
2402 3266 2496 3318 καὶ
2521 3264 2614 3317 τὸν
2638 3264 2798 3329 Υίόνς
3451 3272 3473 3292 ⁸

2100 3358 2255 3412 ΟΡΘ.
2289 3357 2517 3427 Πνεῦμα
2562 3356 2800 3426 κέκληκε
2857 3357 2953 3410 καὶ
2995 3356 3087 3409 τὸν
3129 3357 3349 3427 Πατέρα
3390 3358 3606 3411 καὶτὸν

2029 3449 2178 3511 Υίὸν,
2210 3448 2270 3501 το
2299 3446 2594 3517 ἀσώματον
2638 3447 2733 3501 καὶ
2767 3448 3151 3519 ἀπερίγραερον
3188 3448 3286 3518 τῆς
3331 3449 3481 3513 θείας
3510 3451 3609 3518 φύε

2030 3556 2168 3603 σεως
2187 3538 2273 3592 διὰ
2301 3538 2488 3591 τούτου
2516 3539 2856 3609 σημαίνουσα
2874 3556 2886 3571 ’
2914 3538 3140 3608 Πνεῦμα
3167 3538 3223 3592 δὲ
3254 3538 3408 3607 ἅγιον
3438 3539 3608 3611 μόνην

2026 3630 2118 3683 τοῦ
2147 3628 2461 3699 Πνεὺματος
2488 3628 2588 3699 τὴν
2621 3628 2915 3683 ὑπόστασιν
2939 3629 3211 3699 ὀνομάζει.

2097 3720 2301 3774 ΕΡΑΝ.
2339 3718 2766 3789 Ἀναμφίλεκτόν
2805 3719 3042 3773 ἐστικαὶ
3071 3719 3247 3774 τοῦτο.

2102 3897 2254 3950 ΟΡΘ.
2294 3894 2514 3968 Ἐπειδὴ
2563 3896 2745 3951 τοίνυν
2786 3897 2913 3951 τινὰ
2947 3898 3046 3967 μὲν
3074 3897 3281 3969 ἔφαμεν
3318 3896 3415 3968 τῆς
3450 3898 3610 3965 ἁγίας

2030 3987 2259 4058 Τριάδος
2311 3989 2487 4053 κοινά,
2519 3989 2641 4043 τινα
2681 3988 2738 4042 δὲ
2775 3988 3015 4061 ἑκάστης
3062 3990 3418 4054 ὑποστάσεως
3468 3992 3603 4054 ίδια,

2029 4078 2092 4130 τὸ
2128 4079 2401 4153 ἄτρεπτον
2442 4081 2614 4151 ὄνομα
2653 4082 2833 4134 κοινὸν
2869 4077 3010 4135 εἶναι
3047 4082 3146 4148 τῆς
3177 4083 3369 4145 οὑσίας
3403 4082 3603 4151 φαμὲν,

2030 4170 2064 4240 ἢ
2087 4188 2235 4233 τινος
2261 4172 2617 4232 ὑποστάσεως
2644 4171 2811 4236 ἵδιονς

2018 4332 2023 4337 ’
2099 4345 2303 4399 EPAN.
2360 4344 2554 4398 Κοινόν
2594 4346 2712 4397 ἐστι
2761 4344 2863 4412 τῆς
2913 4343 3138 4415 Τριάδος
3188 4343 3254 4397 τὸ
3313 4327 3604 4422 ἄτρεπτον.

351 4447 499 4501 enim
531 4445 648 4501 ﬁeri
678 4452 881 4516 potest,
908 4445 1308 4500 utsubstantiae
1357 4446 1509 4500 aliud
1538 4447 1611 4501 sit
1639 4449 1926 4515 mutabile,

2045 4439 2167 4492 ῡὺδὲ
2197 4438 2306 4509 γὰρ
2332 4433 2446 4490 οἷόν
2473 4454 2551 4502 τε,
2581 4436 2643 4489 τὸ
2686 4437 2784 4507 μὲν
2822 4432 2960 4489 εἶναι
2997 4437 3093 4506 τῆς
3131 4437 3319 4503 οὑσίας
3352 4441 3607 4511 τρεπτδν,

352 4538 500 4592 aliud
532 4536 896 4591 immutabile.

420 4650 629 4706 ORTll.
691 4650 955 4705 Praeclare
1007 4648 1216 4704 dixisti.
1289 4649 1446 4706 Sicut
1490 4653 1638 4707 enim
1702 4657 1932 4710 mortale

354 4757 644 4796 commune
665 4748 748 4795 est
781 4738 1090 4804 hominum,
1118 4739 1190 4793 ita
1223 4747 1423 4795 sancta:
1444 4739 1735 4797 Trinitatis
1780 4757 1933 4797 com-

356 4848 521 4886 mune
556 4842 639 4886 est
674 4831 1032 4895 immutabile,
1068 4839 1124 4885 et
1158 4831 1502 4885 alterationis
1550 4847 1767 4902 expers.
1823 4834 1933 4887 Im-

358 4923 638 4977 mutabilis
676 4923 842 4992 igitur
884 4922 1054 4975 etiam
1112 4920 1428 4989 unigenitus
1479 4921 1671 4985 Filius,
1714 4922 1853 4975 sicut
1880 4931 1935 4975 et

357 5012 518 5069 Pater
551 5014 643 5081 qui
674 5014 849 5083 ipsum
877 5013 1085 5083 genuit,
1120 5018 1174 5064 et
1208 5009 1442 5077 Spiritus
1469 5020 1715 5066 sanctus.

429 5103 637 5158 ERAN.
667 5104 1058 5160 lmmutabilis.

321 5276 330 5291 ,
434 5218 537 5285 10
563 5214 772 5271 ORTll.
815 5216 1102 5283 Quomodo
1142 5220 1311 5291 igitur
1367 5217 1745 5288 evangelicum
1801 5215 1938 5269 illud

359 5308 567 5363 dictum
609 5327 626 5357 ι
664 5308 904 5363 Verbum
931 5326 1060 5364 caro
1094 5311 1298 5367 factum
1335 5321 1419 5367 est
1446 5312 1464 5341 ⁸
1498 5330 1514 5361 ι
1573 5310 1939 5380 proferentes,

362 5393 720 5449 mutationem
758 5396 1083 5450 immutabili
1115 5409 1328 5454 natura:
1357 5398 1634 5454 tribuitis?

434 5551 456 5584 ⁵
495 5549 649 5603 Joan.
687 5566 724 5615 ι,
758 5550 843 5602 14.

437 5710 512 5781 (9)
548 5727 632 5779 τρ.
662 5710 737 5762 Ex
778 5707 865 5761 ed.
903 5707 1057 5759 Rom.
1088 5716 1133 5759 el
1175 5707 1317 5775 Lips.
1351 5707 1631 5764 insertum.

2035 4531 2096 4583 τὸ
2126 4530 2183 4583 δὲ
2211 4530 2501 4601 ἄτρεπτον.

2109 4645 2257 4698 οΡΘ.
2299 4644 2531 4715 Ἀριστα
2564 4644 2815 4717 εἴρηκας.
2855 4646 3064 4717 ’Ὥσπερ
3116 4644 3223 4716 γὰρ
3262 4646 3368 4699 τῶν
3401 4646 3608 4717 ἀνθρώδ

2039 4754 2156 4791 πων
2187 4735 2361 4791 κοινόν
2394 4738 2511 4790 ἐστι
2548 4737 2611 4789 τὸ
2652 4737 2866 4809 θνητὸν,
2892 4736 3034 4791 οὑτω
3061 4739 3159 4807 τῆς
3202 4738 3362 4805 ἁγίας
3386 4738 3637 4809 ΤριάδοςΔ

2040 4828 2217 4881 κοινὸν
2249 4827 2310 4879 τὸ
2352 4826 2619 4898 ᾶτρεπτόν
2664 4843 2721 4878 τε
2765 4826 2860 4879 καὶ
2898 4825 3275 4880 ἀναλλοίωτον.
3308 4828 3607 4897 Ἀτρεπτος

2038 4914 2328 4986 τοιγαροῦν
2358 4914 2452 4967 καὶ
2486 4915 2514 4966 6
2552 4914 2847 4983 μονογενὴς
2880 4913 3026 4976 Υἱὸς,
3065 4913 3207 4965 καθὰ
3240 4915 3333 4966 καὶ
3363 4916 3390 4966 ὁ
3416 4915 3607 4986 γεννή·

2045 5025 2141 5071 σας
2172 5007 2334 5060 αὑτὸν
2360 5006 2566 5076 Πατὴρ,
2596 5008 2692 5058 καὶ
2724 5008 2784 5059 τὸ
2820 5006 2973 5074 ἅγιον
3008 5005 3249 5075 Πνεῦμα.

2112 5098 2313 5151 ΕΡΛΝ.
2360 5099 2685 5167 ’Λτρεπτος.

2112 5209 2413 5273 ΟΡΘ.Πῶς
2453 5210 2633 5262 τοίνυν
2691 5210 2753 5261 τὸ
2811 5211 3169 5279 εὑαγγελικὸν
3224 5210 3397 5265 ἐκεῖνο
3454 5206 3614 5284 ῥητὸν

2041 5303 2398 5373 παράγοντες,
2421 5303 2501 5366 τὸ,
2525 5318 2544 5351 ι
2566 5302 2624 5354 ὐ
2643 5301 2810 5369 Λόγος
2827 5302 2964 5373 σάρξ
2993 5303 3229 5370 ἐγένετο,
3258 5323 3275 5356 ι
3309 5304 3518 5375 τροπὴν
3537 5302 3613 5373 (9)

2042 5397 2104 5464 τῇ
2146 5392 2398 5464 ἀτρέπτῳ
2434 5392 2772 5463 προσάπτετε
2801 5392 2995 5459 φύσει;
