4006 6202
344 334 415 397 31
1410 318 1789 381 DIALOGUS
1826 317 1879 379 Ι.
1917 341 1989 354 -
2025 314 2553 375 IMMUTABILIS.
3530 313 3600 377 εδ

424 438 625 494 ΕΡΑΝ.
654 437 731 491 Οὐ
781 432 922 489 κατά
962 430 1168 505 τροπὴν
1216 431 1376 485 αὺτὶν
1433 430 1668 499 λέγομεν
1706 425 1943 494 γεγενῆέ

2100 423 2307 478 ERAN.
2361 423 2478 477 Non
2542 436 2642 491 per
2690 420 3048 475 mutationem
3114 419 3330 490 ipsum‘
3375 435 3598 477 carnem

362 534 475 585 σθαι
511 532 713 600 σάρκα,
742 527 857 581 ἀλλ’
883 525 958 589 ὡς
989 521 1130 577 οἶδεν
1156 522 1336 585 αὐτός.

422 622 575 675 ΟΡΘ.
605 623 669 674 Εἰ
719 620 795 691 μὴ
857 618 1037 688 σάρκα
1089 615 1270 669 λαϐὼν
1331 612 1548 682 λέγεται
1605 610 1933 682 γεγενῆσθαι

355 714 507 784 σὰρξ,
543 715 692 770 δυοῖν
718 712 946 779 θάτερον
971 707 1186 777 ἀνάγκη
1234 705 1433 774 λέγειν,
1463 705 1496 776 ἢ
1523 703 1624 775 τὴν
1650 706 1729 767 εἰς
1758 702 1935 774 σάρκα

346 805 560 876 τῳπὴν
603 804 764 857 αὐτὸν
812 798 1316 871 ὑπομεμενηκέναι,
1352 796 1385 866 ἢ
1431 796 1649 866 δοκήσει
1694 792 1934 847 τοιοῦτον

347 898 611 966 ὀςρθῆναι,
654 893 799 947 κατὰ
851 892 907 945 δὲ
962 891 1055 944 τὸν
1102 889 1279 961 άληθῆ
1329 888 1486 958 λόγον
1522 888 1763 956 ἄσαρκον
1791 880 1932 941 εἶναι

347 988 507 1042 Θεόν.

422 1074 633 1130 EPAN.
680 1071 1103 1126 Βαλεντινιανῶν
1136 1068 1298 1141 αὕτη,
1332 1069 1427 1124 καὶ
1477 1068 1932 1140 Μαρκιωνιστῶν,

352 1169 453 1222 καὶ
490 1165 812 1235 Μανιχαξων
862 1166 896 1235 ἡ
945 1165 1091 1228 δόξα.
1133 1164 1324 1234 Ἡμεῖς
1372 1161 1429 1214 δὲ
1489 1161 1937 1232 ὁμολογουμένως

352 1257 717 1327 ἐδιδάχθημεν
743 1250 1090 1325 σαρκωθῆναι
1118 1255 1207 1307 τὸν
1237 1253 1368 1306 Θεὸν
1391 1251 1583 1320 Λόγον.

424 1434 579 1488 ΟΡΘ.
610 1434 684 1486 Τὸ
712 1431 1064 1504 σαρκωθῖψαι
1091 1431 1143 1485 τί
1159 1428 1429 1497 νοοῦντες
1453 1431 1514 1485 τὸ
1531 1430 1708 1503 σάρκα
1728 1430 1932 1495 λαύεῖν,

351 1521 387 1593 ἢ
417 1522 480 1573 τὸ
510 1521 591 1581 εἰς
626 1520 808 1589 σάρκα
827 1521 1136 1590 τραπῆναις

422 1697 633 1749 ΕΡΑΝ.
668 1696 738 1748 Ἀ
764 1697 926 1766 ἡμεῖς
947 1696 1266 1767 ἀκηκόαμεν
1300 1697 1394 1752 τοῦ
1432 1694 1818 1767 εὐαγγελιστοῦ
1847 1694 1933 1748 λέ-

353 1803 565 1857 γοντοςο
602 1806 621 1838 ι
653 1788 713 1839 '0
733 1789 903 1853 Λόγος
936 1787 1071 1857 σὰρξ
1095 1788 1328 1856 ἐγένετο.
1356 1804 1378 1839 ο

431 1880 587 1933 ΟΡΘ.
617 1880 691 1931 τὸ
713 1879 771 1931 δὲ
813 1879 1076 1947 Ἐγένετο
1110 1880 1226 1942 πῶς
1257 1882 1466 1947 νοεῖτε;

443 2053 653 2105 EPAN.
688 2053 747 2107 Ὀ
777 2053 872 2123 τὴν
900 2056 982 2117 εἰς
1012 2054 1192 2126 σάρκα
1222 2057 1437 2127 τροπὴν
1472 2056 1773 2126 ὑπομείνας
1810 2054 1935 2123 ἐγέ-

368 2162 495 2199 νετο
521 2145 676 2215 σὰρξ,
724 2146 811 2198 καὶ
841 2147 946 2215 ἠδη
971 2146 1126 2217 ἔφην,
1160 2147 1233 2211 ὼς
1280 2144 1439 2201 οἶδεν.
1470 2148 1660 2216 Ἡμεῖς
1688 2148 1745 2201 δὲ
1779 2147 1937 2216 ῐσμεν

359 2236 443 2289 ὃτι
478 2236 695 2288 ἅπαντα
732 2238 881 2307 αὐτῷ
906 2238 1129 2293 δυνατά.
1162 2240 1272 2292 Καὶ
1307 2239 1415 2308 γὰρ
1443 2238 1505 2291 τὸ
1524 2238 1764 2307 Νειλῷον
1789 2236 1933 2306 ὕδωρ

356 2327 441 2389 εἰς
470 2320 615 2395 αἷμα
655 2328 940 2398 μετέϐαλε,
977 2330 1072 2382 καὶ¹
1116 2330 1215 2399 τὴν
1250 2330 1467 2400 ἡμέραν
1500 2330 1584 2387 εἰς
1623 2331 1813 2393 νύκτα,
1845 2329 1938 2381 καὶ

356 2417 459 2490 τὴν
485 2420 756 2472 θάλατταν
779 2421 1009 2491 ἦπειρον
1051 2421 1241 2485 ἔδειξε,
1275 2422 1369 2474 καὶ
1420 2420 1521 2492 τὴν
1548 2408 1773 2492 ἄνυδρον
1804 2419 1938 2490 ἐρη-

362 2527 465 2579 μον
496 2511 706 2563 ὑδάτων
732 2512 1075 2582 ἐπλήρωσεν.
1111 2512 1407 2582 Ἀκούομεν
1447 2509 1505 2565 δὲ
1536 2510 1633 2564 καὶ
1666 2509 1761 2562 τοῦ
1800 2513 1943 2584 Προ-

362 2606 538 2672 φήτου
584 2603 860 2686 λέγοντος·
924 2621 941 2653 ι
970 2603 1153 2656 Πάντα
1215 2604 1312 2655 ὅσα
1380 2598 1641 2672 ἠθέλησεν
1669 2602 1696 2654 ὁ
1739 2600 1941 2672 Κύριος

362 2695 627 2762 ἐποίησεν
648 2697 704 2748 ἐν
732 2695 811 2766 τῷ
846 2694 1059 2766 οὐρανῷ
1089 2696 1183 2749 καὶ
1212 2697 1268 2747 ὲν
1294 2698 1359 2766 τῇ
1387 2696 1483 2766 γῇ.
1531 2713 1550 2745 ι

440 2786 596 2841 ΟΡΘ.
634 2787 743 2857 τὴν
783 2788 961 2840 κτίσιν
998 2787 1026 2838 6
1058 2787 1295 2858 Ποιητὴς
1340 2787 1417 2850 ὠς
1461 2787 1524 2839 ἂν
1586 2785 1742 2857 ὲοέλῃ
1789 2802 1945 2855 μετα·

368 2875 634 2938 σκευάζει
654 2892 669 2905 ο
699 2877 907 2947 στρεπτὴ
931 2877 1037 2944 γάρ
1071 2879 1208 2940 ὲστι,
1235 2876 1329 2929 καὶ
1357 2878 1469 2938 τοῖς
1495 2875 1587 2927 τοῦ
1605 2874 1944 2946 δημιουργή-

368 2982 565 3029 σαντος
593 2966 880 3049 ἀκολουθεῖ
907 2967 1191 3037 νεύμασιν.
1230 2966 1404 3031 Αὐτὸς
1440 2966 1496 3019 δὲ
1539 2968 1805 3037 ἄτρεπτον
1831 2966 1945 3034 ἔχει

363 3057 465 3126 τὴν
501 3057 665 3124 φύσιν
731 3058 826 3110 καὶ
863 3057 1238 3112 ἀναλλοίωτον.
1276 3058 1478 3111 Τούτου
1519 3056 1583 3128 δὴ
1613 3059 1790 3128 χάριν,
1817 3058 1946 3129 περὶ

2029 514 2231 569 factum
2262 529 2383 568 esse
2411 513 2666 575 dicimus,
2695 513 2791 568 sed
2813 512 3089 582 quomodo
3118 512 3234 580 ipse
3253 512 3422 564 novit.

2102 601 2306 657 ORTH.
2330 600 2386 655 Si
2411 616 2518 654 non
2535 616 2698 655 carne
2721 612 3000 671 assumpta
3025 616 3154 655 caro
3178 600 3354 655 factus
3374 600 3481 653 dici
3490 609 3601 665 tur,

2031 691 2267 746 duorum
2302 692 2538 747 alterum
2584 692 2840 747 aﬂirmari
2894 707 3121 748 necesse
3154 700 3258 756 est,
3295 693 3382 746 vel
3424 694 3602 761 ipsum

2033 784 2088 838 in
2129 798 2353 838 carnem
2386 793 2656 839 mutatum
2685 799 2827 849 esse,
2863 786 2951 839 vel
2986 784 3246 854 opinione
3272 792 3479 838 tantum
3522 791 3606 838 ta-

2030 880 2139 934 lem
2171 880 2352 935 visum
2372 892 2514 945 esse,
2548 892 2741 932 revera
2758 886 2941 932 autem
2969 876 3154 931 carnis
3180 884 3459 944 expertem
3480 888 3606 929 esse

2032 971 2225 1026 Deum.
3550 1024 3557 1033 ,

2105 1063 2310 1119 ERAN.
2332 1062 2456 1118 Haec
2478 1061 3011 1123 Valentinianorum,
3037 1066 3092 1112 et
3110 1056 3582 1112 Marcionistarum

2034 1169 2090 1215 et
2118 1157 2539 1213 Manichaeorum
2588 1162 2673 1207 est
2729 1153 2936 1221 opinio.
2996 1151 3109 1205 Nos
3140 1164 3274 1203 vero
3325 1148 3445 1202 sine
3479 1161 3610 1207 con-

2035 1248 2674 1306 troversiaincarnatum
2703 1259 2824 1299 esse
2880 1244 3052 1297 Deum
3106 1240 3351 1295 Verbum
3406 1236 3608 1292 didici-

2036 1351 2177 1390 IDUS.

2106 1425 2314 1481 ORTII.
2368 1424 2716 1477 Incarnatum
2765 1437 2887 1476 esse
2937 1420 3214 1491 quomodo
3264 1415 3611 1486 intelligitis?

2035 1531 2330 1571 carnemne
2364 1515 2750 1584 assumpsisse,
2782 1530 2851 1568 an
2894 1514 2951 1567 in
2998 1526 3222 1567 carnem
3274 1524 3608 1565 conversum

2034 1600 2155 1664 esSe
2178 1608 2202 1661 ?
3407 1594 3416 1603 ⁷
3632 1674 3635 1679 _

2103 1700 2307 1755 ERAN.
2345 1699 2476 1766 Quae
2507 1714 2606 1754 nos
2646 1697 3038 1767 evangelistam
3076 1695 3352 1749 dicentem
3386 1691 3608 1747 audivi-

1968 1781 2013 1836 Β
2041 1806 2182 1855 mus,
2218 1810 2237 1841 ‹
2276 1790 2514 1845 Verbum
2540 1807 2671 1845 caro
2696 1790 2900 1844 factum
2935 1795 3019 1841 est
3049 1786 3089 1840 ⁸.
3125 1804 3145 1837 ι

2111 1880 2321 1937 ORTli.
2363 1880 2589 1935 Factum
2641 1889 2716 1935 est
2783 1887 2967 1933 autem
3009 1875 3288 1946 quomodo
3352 1875 3613 1945 intelligi-

2042 1974 2152 2027 tis?

2115 2065 2321 2119 ERAN.
2366 2063 2469 2131 Qui
2531 2066 2892 2118 mutationem
2954 2060 3011 2114 in
3057 2073 3280 2113 carnem
3331 2053 3613 2123 sustinuit,

2041 2171 2172 2210 caro
2195 2145 2371 2209 factus
2401 2160 2506 2216 est,
2539 2162 2595 2207 et
2622 2153 2734 2221 jam
2783 2151 2918 2214 dixi,
2954 2149 3233 2219 quomodo
3268 2146 3388 2217 ipse
3436 2145 3614 2199 novit.

2040 2246 2150 2301 Nos
2180 2256 2362 2299 autem
2391 2245 2597 2298 scimus
2625 2243 2809 2297 omnia
2847 2242 2953 2311 ipsi
2996 2239 3278 2310 possibilia
3304 2252 3446 2292 esse.
3479 2236 3617 2290 Nam

2043 2346 2099 2392 et
2129 2337 2241 2392 Nili
2272 2351 2473 2406 aquam
2509 2335 2565 2388 in
2625 2333 2943 2403 sanguinem
2963 2330 3268 2393 convertit,
3294 2335 3352 2383 et
3376 2327 3522 2382 diem
3560 2325 3619 2379 in

2043 2434 2363 2490 noctem,et
2418 2439 2568 2479 mare
2618 2432 2822 2477 terram
2878 2420 3254 2476 continentem
3308 2416 3515 2477 eﬁ‘ecit,
3561 2422 3621 2469 et

2045 2519 2396 2575 solitudinem
2428 2515 2587 2587 aquis
2618 2522 2897 2570 carentem
2931 2513 3089 2583 aquis
3150 2511 3402 2580 replevit.
3446 2508 3620 2563 Audi-

2047 2625 2171 2663 mus
2187 2610 2351 2663 etiam
2370 2608 2699 2676 Prophetam
2725 2606 2999 2660 dicentem
3033 2622 3047 2658 :
3091 2623 3108 2655 ι
3137 2602 3333 2659 Omnia
3355 2616 3620 2671 quaecun-

2047 2715 2153 2769 que
2186 2699 2361 2753 voluit
2393 2698 2660 2753 Dominus
2699 2697 2830 2752 fecit
2859 2696 2915 2750 in
2972 2697 3114 2763 cmlo
3140 2702 3196 2748 et
3236 2692 3292 2747 in
3328 2700 3477 2746 terra
3520 2692 3563 2745 ".
3595 2708 3613 2741 ι

2117 2786 2328 2843 ORTH.
2352 2787 2674 2843 Creaturam
2698 2786 2967 2842 Conditor
2987 2784 3345 2839 transformat
3366 2790 3429 2836 ut
3452 2780 3571 2836 vult
3599 2796 3614 2833 :

2049 2887 2133 2933 est
2158 2879 2306 2934 enim
2330 2879 2630 2943 mutabilis,
2660 2888 2717 2933 et
2749 2876 3098 2932 fabricatoris
3121 2884 3319 2930 nutum
3349 2873 3618 2942 sequitur.

2049 2971 2169 3040 Ipse
2198 2978 2383 3023 autem
2434 2978 2686 3024 naturam
2730 2967 3131 3024 immutabilem
3170 2974 3228 3021 et
3281 2963 3622 3021 alterationis

2050 3070 2331 3131 expertem
2363 3062 2547 3116 habet.
2578 3060 2708 3115 ideo
2757 3060 2855 3130 ιι
2898 3060 2967 3115 de
3003 3067 3255 3115 creatura
3304 3057 3439 3113 dicit
3488 3071 3622 3126 pro-

367 3125 470 3217 μὲν
499 3147 596 3216 τῆς
617 3147 887 3210 κτίσεωςό
903 3146 1190 3219 προφήτης
1215 3149 1399 3219 φησιν’
1437 3167 1456 3200 ι
1488 3150 1547 3201 ὐ
1571 3125 1741 3201 στοῶν
1768 3125 1944 3202 πάντα

2059 3125 2258 3222 pheta:
2297 3171 2315 3202 ι
2349 3151 2453 3217 Qui
2502 3151 2632 3205 facit
2674 3125 2879 3214 omnia,
2907 3158 2964 3206 et
3005 3150 3358 3204 transformat
3387 3148 3444 3213 ⁸;
3485 3125 3505 3197 i
3551 3146 3623 3202 de

365 3238 465 3290 καὶ
498 3238 950 3307 μετασκευάζωνο
976 3258 995 3292 ι
1031 3241 1160 3312 περὶ
1194 3240 1251 3293 δὲ
1289 3239 1383 3293 τοῦ
1412 3240 1545 3293 Θεοῦ
1579 3240 1754 3307 Λόγου
1792 3241 1820 3292 ὀ
1855 3237 1976 3310 μές’

365 3343 474 3394 τας
496 3327 645 3395 λέγει
669 3328 857 3381 Δαὸίδ·
901 3347 921 3381 ι
952 3330 1025 3382 Σὺ
1059 3329 1116 3382 δὲ
1144 3330 1173 3381 ὁ
1200 3330 1362 3393 αὐτὸς
1394 3326 1463 3393 εἷ,
1487 3330 1580 3383 καὶ
1605 3330 1700 3400 ἐτη
1723 3348 1814 3382 σου
1849 3330 1950 3383 οὐκ

366 3416 711 3486 ἐκλείψουσι.
737 3436 758 3468 ι
809 3419 919 3471 Καὶ
963 3419 1125 3471 πάλιν
1150 3421 1178 3472 δ
1205 3420 1366 3483 αὐτὸς
1395 3421 1530 3485 Θεὸς
1567 3421 1696 3490 περὶ
1731 3420 1946 3473 ἑαυτοῦο

372 3526 397 3560 ι
442 3508 587 3577 Ἐγὼ
616 3510 753 3580 εἰμι,
782 3511 877 3564 καὶ
903 3511 1002 3564 οὐκ
1026 3511 1343 3581 ἡλλοίωμαι.
1367 3531 1385 3563 ι

439 3601 652 3655 ΕΡΛΝ.
676 3602 759 3654 Τὰ
786 3605 1140 3674 κεκρυμμένα
1167 3604 1227 3657 ού
1251 3604 1332 3656 δεῖ
1357 3588 1559 3675 ζήτεῖν.

442 3693 600 3747 0P8.
634 3694 773 3746 οὐδὲ
797 3694 866 3747 τὰ
894 3680 1238 3765 δεδηλωμένα
1263 3698 1540 3763 παντελῶς
1574 3698 1807 3768 ἀγνοεῖν.
1858 3694 1861 3699 ’

442 3784 655 3837 EPAN.
701 3785 833 3855 Ἐμὲ
873 3773 1122 3839 λανθάνει
1151 3787 1179 3840 ὁ
1212 3788 1314 3858 τῆς
1347 3788 1673 3861 σαρκώσεως
1715 3785 1947 3861 τρὸποςο

366 3875 664 3944 ﬂava-4626s
686 3876 768 3928 ὅτι
793 3877 822 3928 ὁ
850 3876 1022 3945 Λόγος
1052 3877 1189 3948 σὰρξ
1220 3877 1458 3946 ἐγένετο.

457 3965 612 4018 οΡθ.
660 3968 719 4019 Εἰ
767 3969 996 4038 τραπεὶς
1051 3969 1266 4037 ἐγένετο
1323 3969 1478 4041 σὰρξ,
1527 3970 1587 4024 ού
1645 3972 1954 4043 μεμένηκεν

366 4056 524 4126 ὅπερ
560 4055 818 4127 πρότερον
849 4053 950 4128 ἦν·
984 4057 1254 4114 καὶτοῦτο
1273 4060 1337 4113 ὲκ
1362 4059 1572 4113 πολλῶν
1608 4063 1831 4115 εἰκόνων
1855 4079 1955 4117 κα-

371 4146 647 4215 ταμαθεῖν
691 4150 938 4212 εὐπετές.
985 4151 1094 4204 Καὶ
1131 4152 1241 4223 γὰρ
1275 4154 1307 4223 ἡ
1345 4153 1521 4207 τοιάδε
1555 4154 1738 4225 ἄμμος
1787 4169 1948 4226 προσ-

371 4235 646 4304 ομιλοῦσα
679 4238 829 4307 πυρὶ,
860 4239 1075 4307 πρῶτον
1112 4240 1209 4309 μὲν
1246 4240 1447 4310 ῥοώδης
1467 4241 1693 4310 γίνεται,
1725 4238 1845 4295 εἶτα
1874 4245 1955 4306 εἰς

373 4326 541 4380 ὕαλον
572 4330 1004 4398 μεταπήγνυται,
1037 4331 1132 4384 καὶ
1169 4331 1284 4402 ἅμα
1316 4335 1382 4404 τῇ
1420 4337 1593 4405 τροπῇ
1641 4336 1741 4407 τὴν
1788 4352 1955 4406 προσ-

2051 3244 2163 3298 Deo
2202 3252 2386 3297 autem
2415 3241 2595 3299 Verbo
2613 3241 2749 3296 dicit
2771 3255 3002 3315 magnus
3021 3239 3192 3295 David
3219 3256 3233 3293 :
3271 3258 3291 3290 ι
3328 3238 3411 3292 Tu
3437 3244 3623 3291 autem

2038 3318 2197 3392 idem
2249 3337 2366 3406 ipse
2400 3350 2481 3398 es,
2531 3341 2588 3387 et
2642 3332 2773 3387 anni
2827 3332 2907 3386 tui
2941 3347 3053 3386 non
3104 3330 3424 3385 deiicient’.
3481 3346 3499 3378 ι
3557 3325 3625 3381 Et

2051 3445 2243 3484 rursus
2284 3429 2429 3483 Deus
2467 3427 2584 3495 ipse
2636 3423 2705 3478 de
2735 3423 2917 3493 seipso
2953 3440 2966 3476 :
3001 3441 3021 3473 ι
3071 3420 3187 3493 Ego
3219 3435 3363 3485 sum,
3411 3425 3468 3473 et
3511 3432 3625 3472 non

2050 3529 2234 3575 mutor
2267 3520 2331 3575 ³ο.
2368 3537 2387 3568 ι

2110 3611 2319 3665 ERAN.
2341 3609 2473 3676 Quae
2500 3607 2687 3661 abdita
2719 3614 2850 3661 sunt
2877 3605 3097 3675 exquiri
3120 3618 3231 3658 non
3253 3602 3480 3657 debent.

2117 3698 2327 3753 ORTH.
2372 3697 2486 3750 Nec
2516 3711 2639 3763 qua:
2671 3693 2942 3764 patefacta
2966 3693 3190 3761 penitus
3219 3688 3483 3759 ignorari.

2122 3788 2329 3844 ERAN.
2362 3785 2764 3842 lncarnationis
2796 3783 3020 3839 modum
3048 3782 3243 3852 ignoro
3270 3778 3491 3834 :audivi
3522 3792 3627 3834 διι-

2056 3890 2165 3935 tem
2190 3874 2336 3948 quod
2359 3877 2598 3932 Verbum
2633 3890 2763 3931 caro
2795 3875 3002 3930 factum
3035 3871 3127 3927 sit.

2122 3966 2333 4024 ORTH.
2356 3966 2414 4022 Si
2443 3965 2746 4021 mutatione
2767 3979 2896 4020 caro
2925 3963 3132 4018 facmm
3158 3968 3278 4025 est,
3303 3975 3416 4016 non
3468 3975 3627 4014 man-

2054 4060 2128 4116 sit
2159 4058 2306 4129 quod
2325 4058 2483 4128 prius
2503 4065 2625 4111 erat
2651 4073 2665 4110 :
2691 4056 2840 4127 quod
2865 4055 3089 4127 quidem
3123 4068 3192 4108 ex
3223 4052 3413 4108 multis
3467 4050 3624 4105 simi-

2054 4150 2382 4206 litudinibus
2409 4148 2643 4219 intelligi
2674 4148 2835 4203 facile
2855 4155 3058 4217 potest.
3092 4144 3227 4199 Nam
3260 4158 3428 4198 arena
3482 4157 3633 4211 quaa-

2056 4243 2180 4297 dam
2219 4241 2331 4312 igni
2378 4240 2598 4294 admota
2630 4240 2870 4310 primum
2924 4237 3094 4292 ﬂuida
3115 4235 3368 4298 eﬁicitur,
3430 4233 3628 4289 deinde

2057 4338 2116 4392 in
2146 4337 2353 4391 vitrum
2377 4334 2703 4399 concrescit,
2738 4339 2797 4388 et
2815 4348 2923 4388 una
2953 4346 3081 4387 cum
3099 4328 3402 4384 mutatione
3426 4342 3630 4381 nomen

373 4420 613 4512 ηγορῖαν
631 4420 873 4512 ἀμείϐει.
892 4421 1003 4474 Οὐκ
1019 4420 1129 4494 (10)
1158 4421 1237 4476 ἐτι
1259 4422 1369 4496 γὰρ
1387 4423 1632 4496 ψάμμος,
1651 4425 1768 4479 ἀλλ’
1795 4425 1944 4492 ὕαλος

2059 4434 2394 4483 commutat:
2455 4438 2566 4480 non
2606 4424 2755 4479 enim
2805 4422 3041 4493 amplius
3072 4435 3259 4484 arena,
3300 4417 3397 4473 sed
3423 4418 3629 4472 vitrum

371 4510 730 4579 ὀνομάζεται.

444 4599 656 4652 EPAN.
690 4598 877 4664 Οὕτως
900 4600 1033 4673 ἔχει.

445 4689 605 4743 ΟΡΘ.
638 4690 748 4743 Καὶ
778 4677 876 4759 τῆς
900 4692 1155 4774 ἀμπέλου
1180 4677 1281 4771 τδν
1301 4692 1513 4766 καρπὸν
1540 4678 1815 4767 σταφυλὴν
1835 4694 1956 4752 ὀνο-

375 4780 673 4851 μάζοντες,
732 4781 861 4835 ὅταν
909 4782 1318 4867 ἀποθλξψωμεν,
1373 4782 1776 4860 οὐοταφυλὴν,
1818 4786 1956 4843 ἀλλὰ

368 4868 515 4925 οἶνον
552 4872 1057 4944 προσαγορεύομεν.
1232 4874 1247 4880 ⁷’

442 4964 661 5018 srAN.
694 4964 931 5031 Πᾶνυγε.
1000 4966 1005 4972 '

440 5050 605 5107 0P8.
652 5054 841 5107 Αὑτὸν
870 5055 927 5108 δὲ
970 5057 1064 5111 τὸν
1095 5054 1260 5121 οἶνον,
1304 5059 1598 5129 ὲκτροπίαν
1643 5063 1955 5133 γενόμενον,

373 5145 565 5199 οὓκέτι
584 5140 753 5208 οἶνον,
781 5146 898 5200 ἀλλ’
931 5147 1050 5213 ὅξος
1075 5149 1364 5219 ὀνομάζειν
1385 5150 1673 5222 εἰώθαμεν.

445 5327 658 5380 EPAN.
703 5327 947 5397 Ἀληθές.

444 5419 605 5470 ΟΡΘ.
639 5416 802 5470 Οὕτω
841 5418 934 5471 τὸν
973 5418 1120 5471 λίθον
1144 5416 1368 5486 ἕψοντες
1394 5434 1455 5470 τε
1494 5418 1590 5480 καὶ
1627 5418 1956 5487 διαλύοντες,

2058 4514 2394 4575 nominatur.

2126 4614 2147 4633 ’
2179 4599 2388 4667 ERAN.
2412 4612 2490 4666 lla
2532 4619 2634 4666 est.

2129 4701 2340 4756 OItTH.
2372 4701 2514 4755 Vitis
2534 4712 2753 4768 quoque
2774 4696 3018 4751 fructum
3049 4710 3174 4749 cum
3195 4706 3355 4747 uvam
3386 4685 3631 4757 appelle—

2059 4807 2203 4857 mus,
2228 4781 2515 4862 postquam
2539 4803 2793 4858 expressa
2814 4796 2920 4851 est,
2953 4802 3064 4840 non
3085 4798 3267 4846 uvam,
3299 4779 3396 4836 sed
3441 4779 3630 4839 vinum

2060 4883 2315 4938 dicimus.

2126 4973 2334 5028 EBAN.
2360 4971 2620 5027 Omnino.

2130 5064 2339 5120 ORTH.
2374 5065 2557 5134 Ipsum
2583 5081 2718 5120 vero
2747 5066 2956 5127 vinum,
2985 5079 3107 5118 cum
3145 5069 3413 5116 mutatum
3444 5059 3632 5123 fuerit,

2058 5171 2169 5211 non
2201 5156 2438 5226 amplius
2481 5156 2693 5220 vinum,
2742 5158 2838 5209 sed
2892 5165 3105 5210 acetum
3156 5153 3395 5207 solemus
3442 5152 3632 5219 appclo

2061 5245 2197 5302 lare.

2138 5335 2348 5390 ERAN.
2379 5337 2582 5390 Verum
2606 5344 2708 5390 cst.

2138 5423 2346 5480 ORTH.
2388 5425 2477 5479 Sic
2521 5424 2758 5495 lapidem
2825 5436 3040 5480 coctum
3078 5437 3135 5483 et
3169 5424 3493 5486 resolutum,
3524 5434 3632 5476 non

445 5570 649 5625 ‘Joan.
686 5585 724 5624 ι.
754 5569 835 5623 li.
910 5571 930 5601 "
958 5571 1101 5625 Psal.
1122 5586 1333 5639 cxxxxv,
1369 5574 1420 5629 6.
1496 5572 1517 5601 ⁸
1538 5572 1741 5628 Jerem.
1774 5589 1827 5640 ι,
1860 5572 1944 5627 16.

2073 5576 2217 5631 Psal.
2251 5593 2322 5636 ct.
2351 5577 2438 5632 28.
2514 5581 2556 5612 ¹⁰
2588 5580 2812 5637 )Ialach.
2865 5596 2943 5647 ιιι,
2983 5581 3036 5636 6.

449 5704 567 5773 (l0)
606 5703 709 5757 ἔτι.
740 5703 898 5759 Rom.
939 5715 991 5760 ct
1016 5703 1164 5776 Lips.
1197 5705 1330 5779 ἔστι.
