4006 6202
476 270 542 333 39
1463 270 1953 331 THEODGRE'I‘I
1990 273 2329 334 EPISCOPI
2361 275 2733 337 'CYR‘ENSIS
3660 277 3732 343 ιε

468 376 705 448 amplius
729 376 988 448 lapidem,
1015 376 1113 432 sed
1130 377 1338 433 calcem
1362 378 1723 448 appellamus.
1757 379 2050 433 innumera

2179 383 2337 436 ὐκέτι
2362 382 2531 448 λίθον,
2557 383 2672 437 ἀλλ’
2707 382 2968 439 άσϐεστον
2994 384 3027 456 ἢ
3056 384 3266 438 τίτανον
3300 381 3574 453 καλοῦμεν
3597 400 3611 412 ·
3637 387 3738 438 καὶ

468 485 688 539 quoque
712 470 834 539 ejus
869 469 1085 538 generis
1120 469 1365 538 reperire
1409 469 1559 533 licet,
1617 483 1740 537 qua:
1775 485 1883 523 una
1922 484 2048 523 cum

469 560 776 615 mutatione
797 574 996 613 nomen
1024 568 1387 613 commutant.

544 652 751 707 ERAN.
789 652 848 706 In
871 650 1125 706 confesso
1159 660 1266 706 est.

539 742 751 798 08TH.
783 744 838 798 Si
864 759 996 814 ergo
1022 745 1196 798 Deum
1223 744 1465 799 Verbum
1496 745 1552 799 in
1586 760 1812 800 carnem
1870 752 2053 799 muta-

472 843 588 889 tum
612 836 828 911 dicitis,
875 837 976 904 12
1009 852 1109 891 cur
1143 837 1315 890 Deum
1358 846 1414 891 et
1445 853 1555 891 non
1580 852 1803 892 carnem
1866 837 2054 907 potius

469 926 650 996 ipsum
680 927 1004 997 appellatis?
1035 927 1302 999 Congruit
1339 929 1486 983 enim
1516 941 1727 984 natura;
1763 927 2053 985 mutationi

467 1020 712 1073 nominis
753 1020 1005 1074 mutatio.
1060 1020 1195 1074 Nam
1234 1021 1306 1087 si,
1358 1021 1451 1075 ubi
1500 1037 1564 1077 ea
1600 1038 1723 1092 quae
1770 1030 2055 1076 mutantur

469 1112 713 1181 aliquam
740 1111 980 1165 retinent
1004 1126 1130 1165 cum
1165 1110 1232 1165 iis
1260 1126 1382 1179 quae
1418 1111 1575 1181 prius
1595 1120 1757 1166 erant
1774 1112 2055 1182 cognatio-

469 1219 596 1258 nem
646 1203 843 1273 (habet
877 1202 1025 1256 enim
1066 1210 1290 1255 acetum
1314 1218 1447 1256 cum
1479 1203 1610 1257 vino
1636 1203 1879 1274 aliquam
1924 1218 2055 1273 pro-

469 1296 857 1367 pinquitatem,
896 1304 953 1350 et
980 1296 1168 1349 vinum
1206 1310 1329 1349 cum
1364 1293 1546 1349 fructu
1598 1295 1747 1359 vitis,
1776 1303 1832 1351 et
1851 1296 2055 1350 vitrum

469 1404 597 1443 cum
631 1386 845 1455 arena),
884 1396 1008 1456 post
1038 1386 1397 1440 mutationem
1433 1386 1539 1440 alia
1564 1386 1785 1441 nomina
1816 1388 2057 1443 sortiun-

473 1485 564 1531 tur
595 1496 607 1530 :
637 1478 730 1531 ubi
759 1477 973 1530 inﬁnita
1020 1485 1105 1532 est
1141 1476 1475 1542 differentia,
1536 1484 1594 1532 et
1638 1486 1809 1543 tanta,
1852 1487 2057 1549 quanta

470 1570 663 1625 culicis
698 1568 767 1622 ad
795 1567 1111 1621 universam
1139 1575 1473 1632 creaturam,
1507 1567 1785 1623 visibilem
1825 1577 1882 1623 et
1912 1568 2057 1623 invi-

470 1661 688 1715 sibilem
720 1662 953 1722 (tantum
1010 1659 1158 1713 enim
1194 1666 1281 1712 est
1316 1673 1377 1713 ac
1437 1658 1597 1729 longe
1633 1660 1811 1730 majus
1857 1659 2057 1715 discri-

2159 473 2327 543 μυρία
2358 474 2417 526 δὲ
2448 474 2678 527 τοιαῦτα
2710 473 2857 528 ἐστιν
2903 475 3104 545 εὑρεῖν,
3132 473 3171 527 ἀ
3202 474 3297 528 σὺν
3331 477 3397 545 τῇ
3426 478 3606 545 τροπῇ
3637 493 3739 544 μεθ

2154 564 2415 617 ταϐάλλει
2448 564 2546 635 τὴν
2574 565 2787 637 κλῆσιν.

2223 655 2428 709 ΕΡΔΝ.
2450 656 2924 729 Συνωμολόγηται.

2227 744 2379 799 ΟΡΘ.
2412 746 2477 799 Et
2522 746 2702 800 τοίνυν
2732 746 2831 817 τὴν
2870 748 2949 809 είς
2985 744 3162 817 σάρκα
3206 744 3413 818 τροπὴν
3470 747 3560 800 τδν
3598 744 3738 800 Θεδν

2154 833 2327 904 Λόγον
2364 836 2845 908 ὑπομεμενηκέναι
2886 836 3046 907 φατὲ,
3071 837 3123 890 τί
3165 837 3367 906 δήποτε
3400 837 3533 891 Θεὸν
3573 839 3739 891 αὑτὸν

2153 927 2293 981 ἀλλά
2336 929 2412 1000 μὴ
2443 929 2621 1001 σάρκα
2656 928 3135 999 προσαγορεύετες
3176 930 3467 1003 Ἀρμόττει
3516 929 3627 1002 γάρ
3666 934 3735 1002 τῇ

2153 1018 2436 1073 ἀλλοιώσει
2466 1021 2566 1091 τῆς
2601 1019 2815 1089 φύσεως
2849 1021 2882 1090 ἡ
2905 1019 3006 1089 τῆς
3033 1020 3410 1091 προσηγορίας
3437 1021 3734 1093 ὲναλλαγή.

2156 1112 2220 1164 Et
2250 1109 2360 1182 γὰρ
2383 1110 2513 1165 ἔνθα
2534 1110 2604 1164 τὰ
2631 1110 3076 1183 μεταϐαλλόμενα
3098 1110 3210 1182 ἔχει
3230 1111 3352 1167 τινὰ
3377 1111 3514 1182 πρὸς
3538 1111 3576 1166 ἃ
3600 1115 3735 1183 πρός

2152 1218 2311 1273 τερον
2343 1196 2412 1273 ἦν
2452 1201 2773 1271 συγγένειαν
2825 1203 3076 1273 (πελάζει
3110 1202 3220 1272 γάρ
3260 1219 3377 1267 πως
3402 1205 3499 1255 καὶ
3522 1202 3582 1256 τὸ
3614 1204 3737 1269 ὅξος

2153 1293 2231 1363 τῷ
2270 1292 2420 1364 οϊνῳ,
2444 1294 2538 1346 καὶ
2565 1294 2593 1347 ό
2620 1288 2761 1358 οἶνος
2786 1292 2864 1363 τῷ
2894 1294 2994 1362 τῆς
3016 1294 3264 1364 ἀμπέλου
3285 1293 3511 1365 καρπῷ,
3542 1297 3639 1349 καὶ
3666 1299 3733 1369 τῇ

2153 1383 2369 1455 ψάμμῳ
2406 1385 2440 1455 ἡ
2488 1384 2693 1456 ὕαλος),
2721 1384 2917 1455 ἑτέρας
2959 1383 3131 1437 ταῦτα
3164 1387 3300 1456 μετά
3332 1386 3430 1457 τὴν
3451 1387 3737 1441 ἀλλοίωσιν

2157 1475 2558 1545 μεταλαγχάνει
2603 1476 2979 1548 προσηγορίας
3003 1493 3017 1507 ·
3053 1479 3188 1533 ὅπου
3213 1477 3273 1530 τὸ
3295 1476 3552 1548 διάφορον
3580 1479 3738 1533 ἀπει-

2158 1582 2271 1637 ρον,
2303 1566 2400 1618 καὶ
2451 1566 2709 1620 τοσοῦτον
2744 1567 2870 1619 ὅσον
2929 1567 3151 1638 ἐμπίδος
3209 1566 3347 1637 πρὸς
3401 1566 3499 1637 τὴν
3554 1568 3733 1621 κτίσιν

2158 1656 2374 1711 ἃπασαν
2420 1656 2519 1727 τὴν
2562 1657 2763 1729 ὁρατὴν
2846 1658 2943 1712 καὶ
2978 1659 3211 1730 ἀόρατον
3271 1657 3541 1728 (τοσοῦτον
3597 1658 3727 1729 γὰρ,

472 1766 598 1803 men
632 1750 776 1803 inter
810 1758 1063 1802 naturam
1096 1746 1280 1801 carnis
1309 1755 1364 1799 et
1393 1746 1745 1819 divinitatis),
1775 1747 2054 1819 quomodo

2179 1748 2363 1801 ιᾶλλον
2400 1748 2458 1801 δὲ
2503 1750 2597 1802 καὶ
2643 1749 2826 1818 πολλῷ
2862 1750 3045 1811 πλέον.
3077 1751 3139 1803 τὸ
3171 1749 3338 1820 μέσον
3362 1749 3571 1819 φύσεως
3600 1767 3728 1821 σαρ-

473 1841 594 1895 ﬁeri
632 1849 813 1909 potest
840 1848 901 1894 ut
942 1848 1065 1909 post
1094 1837 1454 1893 mutationem
1488 1839 1642 1909 prior
1676 1848 1895 1895 maneat
1952 1854 2057 1910 ap-

366 1934 369 1937 ’
469 1934 732 2003 pellatio?

544 2026 753 2081 ERAN.
807 2026 963 2096 Sape
1016 2027 1131 2082 dixi
1178 2030 1327 2099 quod
1370 2044 1481 2083 non
1551 2042 1651 2097 per
1695 2024 2056 2080 mutationem

475 2116 764 2187 (Verbum)
794 2116 997 2169 factum
1028 2118 1104 2170 sit
1137 2134 1308 2173 caro:
1339 2118 1435 2172 sed
1481 2131 1710 2170 manens
1753 2114 1902 2185 quod
1937 2121 2058 2169 erat

475 2206 685 2260 factum
724 2206 963 2275 sitquod
990 2222 1098 2259 non
1136 2216 1275 2261 erat.

543 2296 754 2351 08TH.
784 2296 890 2351 Sed
919 2296 1053 2350 illud
1089 2298 1291 2367 factum
1321 2308 1420 2363 est,
1443 2298 1548 2353 nisi
1575 2298 1912 2362 declaretur,
1939 2314 2060 2352 mu-

477 2387 741 2442 tationem
793 2387 977 2442 innuit
1011 2398 1069 2443 et
1100 2389 1504 2444 alterationem.
1547 2389 1664 2444 Nisi
1700 2388 1847 2443 enim
1892 2404 2059 2444 carne

474 2490 755 2549 assumpta
805 2495 934 2534 caro
963 2479 1169 2534 factum
1215 2490 1323 2547 est,
1373 2474 1735 2536 mutationem
1770 2480 2060 2535 subeundo

474 2572 678 2628 factum
706 2581 790 2626 est
820 2586 970 2626 atro.

550 2662 761 2716 ERAN.
814 2661 1094 2715 Assumere
1147 2661 1296 2717 istud
1338 2662 1626 2716 inventum
1673 2670 1919 2717 vestrum
1952 2669 2057 2716 est.

476 2755 829 2825 Evangelista
889 2753 1037 2808 enim
1081 2752 1216 2808 dicit
1267 2771 1335 2807 ει
1374 2752 1618 2808 Verbum
1669 2766 1800 2807 caro
1854 2750 2062 2806 factum

474 2854 564 2901 est
610 2847 672 2899 “.
698 2866 715 2898 ι

538 2936 749 2991 ORTH.
776 2935 996 2991 Videris
1012 2943 1108 2989 aut
1138 2933 1382 2989 divinam
1401 2933 1750 3004 Scripturam
1777 2932 2059 3003 ignorare,

2159 1838 2254 1901 κὸς
2296 1839 2393 1892 καὶ
2436 1838 2752 1911 θεότητος)ο
2812 1840 2933 1904 πῶς
2972 1835 3086 1894 οἷόν
3123 1857 3186 1894 τε
3224 1840 3363 1912 μετά
3397 1839 3494 1911 τὴν
3525 1841 3725 1911 τροτύιν

2157 1926 2255 1997 τὴν
2292 1927 2566 2000 προτέραν
2608 1931 2787 1999 μεῖναι
2815 1928 3221 2001 προσηγορίαν;

2230 2015 2431 2070 ΕΡΔΝ.
2482 2016 2747 2081 Πολλάκις
2774 2016 2933 2089 ἔφην,
2975 2019 3058 2071 ὅτι
3088 2019 3150 2072 οὐ
3183 2019 3325 2074 κατά
3367 2018 3577 2091 τροπὴν
3612 2017 3729 2087 txi-

2160 2124 2282 2161 νετο
2310 2108 2471 2180 σὰρξ,
2509 2109 2645 2164 ἀλλά
2677 2110 2862 2182 μένων
2884 2112 2917 2165 ὃ
2944 2106 3036 2183 ἦν,
3058 2112 3281 2182 γέγονεν
3300 2112 3328 2167 δ
3348 2114 3450 2167 οὐκ
3472 2108 3561 2183 ἦν.

2230 2283 2383 2337 ΟΡΘ.
2420 2284 2582 2339 Ἀλλὰ
2621 2285 2778 2340 τοῦτο
2823 2287 2886 2340 τὸ
2927 2288 3199 2357 γέγονεν,
3233 2289 3282 2342 εί
3314 2289 3389 2360 μὴ
3435 2289 3606 2360 σαφὲς
3643 2291 3735 2360 γέ-

2162 2390 2327 2441 νοιτο,
2371 2376 2583 2445 τροπὴν
2632 2378 2931 2434 αἰνίττεται
2968 2380 3062 2432 καὶ
3096 2379 3402 2435 ἀλλοίωσιν.
3427 2382 3491 2435 Ei
3520 2382 3594 2453 μὴ
3626 2383 3735 2453 γάρ

2164 2464 2344 2535 σάρκα
2366 2464 2548 2520 λαϐὼν
2569 2470 2784 2536 ἐγένετο
2811 2469 2969 2541 σὰρξ,
2998 2472 3232 2542 τραπεὶς
3258 2471 3476 2540 ἐγένετο
3503 2473 3661 2545 σάρξ.

2234 2640 2439 2697 EPAN.
2470 2641 2639 2696 Τοῦτο
2659 2642 2722 2695 τὸ
2750 2643 3004 2697 Ἔλαϐεν
3030 2642 3295 2715 ὑμέτερόν
3315 2646 3466 2700 ἔστιν
3487 2646 3731 2720 εὕρημα.

2175 2732 2235 2785 '0
2261 2732 2369 2805 γὰρ
2413 2733 2832 2807 εὐαγγελιστὴς,
2868 2754 2887 2787 σ
2923 2734 2982 2791 '0
3032 2736 3207 2805 Λόγος
3250 2736 3387 2808 σάρξ
3440 2738 3679 2806 ἐγένετο,
3708 2759 3729 2792 ι

2162 2822 2333 2878 λέγει.

2261 2842 2333 2878 ει.

2226 2841 2390 2972 ἷὶΡΘ.
2425 2918 2703 2989 Ἔοικαςῆ
2736 2918 2833 2990 τὴν
2859 2917 3012 2973 θείαν
3034 2919 3259 2993 Γραφὴν
3284 2919 3519 2990 ἀγνοεῖν,
3550 2922 3584 2992 ἦ
3617 2924 3738 2976 ἐπι-

476 3038 573 3085 aut
608 3030 787 3084 sciens
818 3028 1062 3098 improbe
1097 3042 1277 3099 agere.
1307 3027 1418 3097 Ego
1440 3041 1572 3081 vero
1604 3034 1658 3081 te
1692 3025 1780 3080 vel
1814 3025 2061 3095 ignarum

2179 3007 2434 3078 πτάμενος
2479 3012 2824 3081 κακουργεῖν.
2875 3009 3018 3078 Ἐγὼ
3046 3011 3105 3065 δέ
3145 3029 3226 3078 σε,
3254 3011 3289 3083 ἢ
3334 3012 3635 3082 ἀγνοοῦντα
3659 3012 3737 3067 δι-

477 3120 709 3185 docebo,
746 3120 831 3174 vel
864 3120 1172 3189 improbum
1211 3118 1555 3174 convincam.
1592 3118 1885 3188 Responde
1907 3132 2062 3188 ergo,

478 3208 655 3263 divini
689 3208 845 3263 Pauli
871 3207 1177 3263 doctrinam
1200 3206 1461 3263 faterisne
1486 3206 1865 3277 spiritualem?

2167 3096 2332 3164 δάξω,
2367 3097 2400 3169 ἢ
2448 3100 2860 3171 κακουργοῦντα
2904 3100 3129 3170 ἐλέγξω.
3176 3102 3495 3174 ’Δπόκριναι
3538 3103 3737 3166 τοίνυν,

2166 3190 2263 3243 τοῦ
2289 3189 2435 3245 θείου
2464 3192 2680 3246 Παύλου
2704 3193 3078 3265 πνευματικὴν
3102 3193 3201 3265 τὴν
3220 3194 3571 3249 διδασκαλίαν
3607 3198 3738 3266 ὁμο-

2054 3295 2066 3309 ⁶
2166 3282 2348 3351 λογεῖς
2366 3301 2384 3351 ;

542 3388 753 3443 ERAN.
790 3388 1051 3444 Omnino.

552 3478 764 3534 ORTH.
817 3480 1087 3535 Eumdem
1153 3479 1422 3549 Spiritum
1485 3495 1586 3550 per
1614 3478 1979 3551 evangelistas
2012 3490 2068 3538 et

481 3573 760 3642 apostolos
784 3582 1071 3642 operatum
1102 3588 1224 3627 esse
1261 3573 1401 3627 dicis
1415 3573 1454 3641 ἳι

551 3665 759 3719 ERAN.
796 3666 887 3719 Sic
908 3666 1185 3719 existimo.
1217 3666 1294 3720 Ita
1316 3665 1465 3719 enim
1490 3681 1577 3721 me
1608 3665 1797 3720 docuit
1827 3666 2070 3739 Scriptu-

482 3769 542 3807 ra
573 3754 873 3823 apostolica
901 3771 916 3807 :
958 3772 977 3805 ‹
1006 3754 1314 3808 Divisiones
1337 3754 1509 3818 enim,
1569 3754 1770 3823 inquit,
1798 3756 2067 3811 donorum

493 3843 686 3913 gratia:
714 3843 815 3912 13
843 3852 993 3907 sunt,
1032 3842 1179 3897 idem
1200 3850 1386 3897 autem
1417 3842 1655 3911 Spiritus
1690 3845 1753 3897 ¹¹.
1784 3863 1802 3896 ι
1844 3845 1912 3900 Et
1940 3861 2067 3900 rur-

482 3950 580 3989 sus
613 3938 664 3988 :'
702 3953 720 3985 ‹
749 3935 876 3989 Haec
926 3944 1111 3988 autem
1158 3934 1343 3988 omnia
1393 3941 1656 4001 operatur
1695 3950 1839 3989 unus
1903 3945 2068 4005 atque

486 4022 633 4078 idem
670 4023 927 4094 Spiritus,
962 4024 1218 4080 dividens
1265 4021 1526 4092 privatim
1582 4021 1886 4092 unicuique
1921 4025 2069 4080 sicut

487 4116 605 4169 vult
635 4116 699 4167 υ.
742 4134 759 4165 ι
793 4116 860 4169 Ει
894 4132 1087 4170 rursus
1121 4134 1133 4168 :
1170 4134 1188 4168 ι
1250 4112 1532 4168 [labentes
1579 4118 1763 4167 autem
1810 4112 2066 4169 eumdem

487 4205 752 4275 Spiritum
782 4205 908 4261 ﬁdei
940 4207 1002 4260 ιδ.
1038 4225 1056 4258 ι

555 4296 764 4352 ORTH.
792 4296 1110 4367 Opportune
1144 4296 1441 4367 apostolica
1490 4294 1669 4350 citasti
1736 4294 2061 4355 testimonia.

2240 3376 2449 3433 EPAN.
2480 3376 2719 3447 Πάνυγε.

2240 3467 2392 3521 ΟΡΘ.
2426 3468 2538 3521 Καὶ
2564 3468 2625 3521 τδ
2654 3467 2789 3521 αὐτὸ
2821 3467 3067 3539 Πνεῦμα,
3090 3468 3179 3523 διά
3225 3487 3284 3523 τε
3319 3470 3429 3523 τῶν
3457 3469 3744 3539 εὐαγγελι-

2171 3559 2335 3624 στῶν,
2361 3558 2450 3612 διά
2476 3575 2536 3611 τε
2564 3557 2675 3611 τῶν
2696 3558 3015 3612 ἀποστόλων
3045 3560 3337 3631 ἐνεργῆσαι
3366 3561 3544 3630 λέγεις
3567 3578 3582 3625 ;

2238 3646 2438 3703 BPAN.
2476 3647 2635 3701 Οῦτω
2662 3649 2835 3718 φημί·
2858 3647 3002 3703 οὕτω
3038 3650 3149 3720 γὰρ
3182 3650 3335 3721 παρά
3378 3652 3477 3721 τῆς
3508 3654 3745 3706 ἀποστο-

2167 3738 2328 3810 λικῆς
2359 3737 2643 3810 ἐδιδάχθην
2689 3739 2944 3811 Γραφῆς·
3015 3758 3034 3792 ι
3063 3740 3365 3811 Διαιρέσεις
3414 3741 3540 3812 γάρ,
3582 3743 3741 3812 φησὶ,

2167 3830 2524 3903 χαρισμάτων
2573 3831 2704 3897 εἰσὶ,
2734 3830 2794 3885 τὸ
2819 3831 2877 3885 δὲ
2917 3831 3049 3885 αὐτὸ
3082 3831 3333 3903 Πνεῦμα.
3356 3851 3374 3884 ι
3413 3832 3525 3886 Καὶ
3558 3833 3741 3889 πάλινο

2175 3942 2195 3976 ι
2217 3922 2403 3977 Ταῦτα
2431 3923 2489 3977 δὲ
2519 3922 2697 3978 πάντα
2730 3926 2945 3996 ἐνεργεῖ
2963 3924 3023 3978 τὸ
3051 3924 3109 3979 ἓν
3132 3924 3227 3980 καὶ
3253 3925 3313 3979 τὸ
3336 3925 3468 3978 αὐτὸ
3496 3925 3743 3995 Πνεῦμα,

2168 4014 2412 4085 διαιροῦν
2446 4015 2553 4086 ίδίᾳ
2600 4017 2819 4089 ἑκάστῳ
2852 4016 3035 4081 καθὼς
3069 4017 3339 4088 βούλεται.
3372 4037 3389 4070 ι
3428 4018 3539 4072 Καὶ
3567 4015 3740 4081 αὖθιςο

2174 4120 2193 4153 ι
2230 4105 2487 4173 Ἔχοντες
2516 4105 2573 4158 δὲ
2596 4106 2656 4158 τὸ
2688 4107 2823 4160 αὐτὸ
2840 4108 3069 4175 Πνεῦμα
3089 4109 3188 4177 τῆς
3216 4108 3470 4171 πίστεως.
3504 4127 3525 4160 ε

2239 4275 2390 4330 ΟΡΘ.
2451 4276 2549 4339 Είς
2608 4277 2800 4349 καιρὸν
2846 4276 2944 4341 τὰς
2991 4278 3359 4342 άποστολικάς
3423 4282 3746 4353 παρήγαγες

488 4390 545 4445 Si
571 4406 703 4462 ergo
724 4390 971 4460 ejusdem
1017 4390 1259 4459 Spiritus
1288 4404 1409 4443 esse
1446 4387 1682 4443 dicimus
1714 4385 2061 4456 evangelista-

2179 4367 2505 4440 μαρτυρίας.
2550 4368 2614 4422 Εί
2662 4369 2842 4422 τοίνυν
2886 4368 2979 4422 τοῦ
3016 4370 3184 4423 αὐτοῦ
3241 4370 3557 4442 Πνεύματος
3605 4368 3748 4427 εἷναί

490 4498 611 4537 rum
641 4489 699 4536 ct
728 4483 1104 4551 apostolorum
1174 4480 1502 4544 doctrinam,
1564 4477 1694 4532 audi
1744 4476 2065 4547 Apostolum

490 4572 774 4643 Evangelii
802 4572 968 4627 verba
997 4572 1472 4640 interpretantem.
1528 4568 1664 4623 Nam
1700 4564 1765 4621 ad
1809 4565 2069 4621 Hebraeos

492 4664 738 4720 scribens
761 4665 842 4719 sic
872 4664 945 4720 ait
976 4682 990 4718 :
1035 4682 1053 4715 ι
1092 4663 1210 4718 Non
1241 4661 1390 4716 enim
1421 4660 1644 4730 angelos
1673 4657 1925 4723 assumit,
1970 4658 2068 4713 sed

493 4772 681 4812 semen
712 4756 945 4811 Abrahae
967 4754 1196 4811 assumit
1214 4754 1278 4808 ¹⁸.
1308 4772 1326 4805 ι
1365 4752 1463 4807 Dic
1482 4752 1672 4823 igitur,
1699 4749 1833 4822 quid
1860 4749 2069 4805 intelli-

494 4847 578 4917 gis
628 4864 726 4917 per
760 4862 938 4902 semen
980 4846 1205 4901 Abrahae
1235 4845 1260 4897 .’
1307 4844 1389 4898 An
1434 4858 1546 4896 non
1597 4841 1652 4895 id
1694 4839 1843 4911 quod
1876 4840 2074 4895 habuit

496 4939 768 4993 Abraham
799 4938 1101 4994 secundum
1126 4944 1400 5000 naturam,
1428 4932 1626 4989 habuit
1664 4932 1834 4989 etiam
1881 4946 2069 4987 semen

497 5030 729 5085 Abrahae
757 5031 781 5083 ’ἒ

571 5208 777 5263 ERAN.
810 5208 930 5265 Non
955 5208 1157 5264 omnia.
1182 5206 1436 5263 Christus
1465 5205 1613 5259 enim
1643 5210 1926 5274 peccatum
1959 5214 2071 5253 non

501 5293 650 5351 fecit.

432 5350 440 5364 .
566 5384 775 5441 ORTII.
808 5388 1099 5445 Peccatum
1128 5406 1237 5445 non
1267 5397 1351 5444 est
1383 5396 1615 5449 naturae,
1642 5384 1737 5439 sed
1772 5382 1923 5436 mala:
1979 5394 2074 5433 vo-

498 5476 745 5535 luntatis.
792 5476 921 5531 Ideo
965 5494 1074 5533 non
1109 5478 1392 5534 indeﬁnite
1424 5476 1538 5531 dixi
1600 5493 1611 5527 :
1670 5472 1818 5543 quod
1875 5470 2073 5524 habuit

2172 4476 2353 4531 φαμεν
2380 4460 2449 4514 τά
2477 4476 2535 4513 τε
2570 4458 2678 4512 τῶν
2710 4460 3135 4529 εὐαγγελιστῶν,
3170 4460 3241 4514 τά
3276 4477 3337 4514 τε
3382 4462 3488 4514 τῶν
3515 4463 3749 4516 ἀποστόο

2172 4551 2280 4605 λων
2307 4550 2675 4621 παιδεύματα,
2704 4552 2935 4607 ἄκουσον
2979 4551 3074 4605 τοῦ
3112 4552 3437 4605 ’Δποστόλου
3481 4553 3543 4605 τὸ
3583 4554 3748 4622 εὐαγ-

2172 4644 2387 4713 γελικὸν
2405 4643 2568 4717 ῥητὸν
2594 4643 3009 4715 ὲρμηνεύοντος.
3055 4641 3329 4715 Ἑϐραίοις
3358 4642 3467 4713 γὰρ
3490 4644 3743 4696 ἐπιστέλ-

2174 4736 2280 4789 λων
2305 4731 2480 4798 οῦτως
2518 4733 2622 4805 ἔφη
2639 4751 2653 4765 ·
2686 4753 2704 4786 ι
2725 4734 2798 4789 Οὐ
2825 4734 2935 4806 γάρ
2959 4735 3129 4804 δήπου
3154 4732 3402 4801 ἀγγέλων
3430 4731 3741 4801 ἐπιλαμϐά-

2174 4846 2345 4890 νεται,
2397 4826 2535 4881 ἀλλὰ
2568 4825 2878 4897 σπέρματος
2936 4824 3185 4896 Ἀϐραάμ
3242 4822 3689 4892 ἐπιλαμϐάνεται.
3717 4839 3737 4873 ι

2185 4922 2501 4989 ’Λπόκριναι
2522 4918 2721 4985 τοίνυν,
2738 4920 2790 4972 τί
2809 4920 2949 4981 νοεῖς
2975 4916 3036 4971 τὺ
3070 4915 3309 4985 σπέρμα
3336 4913 3442 4968 τοῦ
3472 4912 3747 4983 Ἀϐραὰμς

2175 5011 2371 5064 οὐκοῦν
2399 5012 2535 5081 ὅπερ
2570 5005 2685 5080 εἶχε
2725 5010 2866 5064 κατά
2904 5008 3065 5079 φύσιν
3110 5005 3383 5078 Ἀϐραὰμ,
3410 4999 3524 5075 εἶχε
3564 5006 3657 5059 καὶ
3686 5007 3747 5061 τὸ

2175 5102 2397 5173 σπέρμα
2428 5103 2522 5155 τοῦ
2560 5102 2838 5173 ’Δϐραάμς

2246 5191 2448 5244 ΕΡΑΝ.
2501 5192 2576 5243 Οὐ
2608 5192 2805 5245 πάντα.
2857 5191 3156 5262 Ἀμαρτίαν
3194 5189 3303 5261 γάρ
3333 5190 3361 5243 ό
3385 5187 3618 5258 Χριστὸς
3650 5188 3751 5242 οὐκ

2176 5281 2449 5352 ἐποίησεν.

2252 5373 2405 5429 ΟΡΘ.
2448 5372 2508 5425 ’11
2546 5372 2791 5441 ἁμαρτία
2811 5374 2911 5426 οὐκ
2942 5372 3060 5425 ἔστι
3093 5372 3194 5443 τῆς
3223 5372 3460 5442 φύσεως,
3491 5373 3627 5427 ἀλλὰ
3654 5373 3753 5443 τῆς

2184 5465 2359 5535 κακῆς
2399 5463 2788 5535 προαιρέσεως.
2818 5463 3019 5516 Τούτου
3047 5464 3112 5534 δὴ
3141 5465 3323 5537 χάριν,
3356 5466 3456 5520 οὐκ
3488 5465 3752 5537 ἀορίστως

570 5654 609 5687 ⁸⁸
640 5655 793 5714 Joan.
828 5652 957 5718 1,”
1057 5655 1097 5684 ¹¹
1128 5652 1273 5708 [Cor
1332 5668 1421 5717 xu,
1460 5653 1507 5706 ι.
1590 5650 1632 5681 ¹³
1664 5648 1797 5703 Ibid.
1834 5649 1918 5701 ll.
1996 5648 2035 5677 “

2179 5646 2271 5698 lor.
2301 5662 2370 5712 tv,
2408 5644 2487 5699 l5.
2570 5644 2609 5676 ¹⁸
2636 5641 2797 5697 llebr.
2835 5658 2889 5709 ιι,
2925 5643 3006 5699 l6.
3242 5665 3281 5679 ο-
