4006 6202
385 263 436 332 (1
1423 257 1801 322 DIALOGUS
1838 260 1888 322 Ι.
1927 287 1996 296 -·
2035 263 2558 326 IMMUTABILIS.
3547 264 3617 326 ('2

387 383 519 451 ἐστιν,
549 377 688 447 ὅπερ
717 371 864 446 εἶχεν
904 372 1178 446 Ἀϐραὰμ,
1213 369 1326 424 ἀλλ’
1353 371 1490 444 ὅπερ
1519 368 1631 442 εἶχε
1664 375 1807 426 κατά
1844 370 1945 440 φύ-

2080 374 2344 440 ὠτοιιιιιιι,
2388 377 2504 440 scd,
2557 375 2702 446 quod
2751 374 2944 430 habuit
2966 374 3268 430 secundum
3338 387 3612 444 naturam.

385 490 470 534 σιν,
496 468 746 522 τουτέστι
781 465 941 535 σῶμα
980 465 1075 517 καὶ
1105 461 1284 533 ψυχὴν
1321 461 1565 532 λογικήν.
1600 461 1735 514 Εἰπὲ
1766 463 1942 516 τοίνυν

2080 480 2156 521 ιοο
2181 475 2263 521 est
2298 483 2499 538 corpus
2533 477 2589 524 et
2612 467 2850 523 animam
2912 467 3124 521 ratione
3174 467 3481 539 praeditam.
3520 473 3618 529 Dic

384 561 574 630 σαφῶς.
601 560 650 612 εί
677 556 1063 628 συνομολογείς
1093 555 1153 608 τὸ
1185 553 1407 625 σπέρμα
1435 553 1530 606 τοῦ
1568 554 1819 625 Ἀϐραὰμ
1850 555 1943 608 καὶ

2080 575 2180 630 τεο
2236 570 2445 631 aperte,
2483 569 2671 617 utrum
2731 575 2918 616 semen
2954 558 3190 614 Abrahae
3234 558 3458 616 fatearis
3502 577 3625 621 esse

382 653 526 720 σῶμα
554 645 694 700 εἶναι
735 647 827 698 καὶ
861 645 1040 715 ψυχὴν
1073 643 1322 712 λογικήν.
1365 641 1540 714 Εἴπερ
1570 642 1678 713 ἄρα
1727 643 1824 712 μὴ,
1849 645 1944 697 καὶ

2080 668 2252 723 :orpus
2272 660 2328 707 et
2386 653 2623 707 animam
2680 653 2890 707 ratione
2937 651 3272 722 praeditam?
3303 651 3399 708 Sin
3443 654 3628 712 minus

382 741 528 808 mea
553 738 710 792 τοῦτο
747 740 859 800 τοῖς
905 733 1278 805 Ἀπολιναρίου
1307 732 1565 805 συμφέρῃ
1609 733 1940 804 ληρήμασιν.

2080 745 2223 809 :nim,
2253 747 2307 800 in
2333 745 2439 801 hoc
2466 746 2629 800 etiam
2655 743 2977 815 Apollinarii
3011 743 3204 800 deliria
3237 746 3484 802 sectaris.
3516 747 3625 802 Ve-

393 834 546 886 nam
583 832 692 902 γὰρ
729 832 823 883 καὶ
870 827 1137 898 ὲτέρωθέν
1182 843 1242 880 σε
1301 825 1462 880 τοῦτο
1511 827 1944 897 συνομολογῆσαι

2085 848 2176 886 um
2202 833 2306 889 hoc
2327 850 2427 905 ego
2457 844 2509 889 te
2532 835 2637 889 alia
2663 835 2829 888 etiam
2857 833 3066 888 ratione
3093 833 3251 888 fateri
3276 836 3622 906 compellam.

381 925 794 990 καταναγκάσω.
832 919 968 973 Εἰπὲ
999 919 1198 983 τοίνυν,
1226 918 1276 970 οἱ
1315 916 1559 972 Ἰουδαῖοι
1595 917 1756 988 σῶμα
1794 916 1945 987 έχου-

381 1035 431 1070 σι
464 1017 558 1068 καὶ
585 1013 763 1084 ψυχὴν
793 1011 1050 1080 λογικήν;

446 1107 641 1159 ΕΡΑΝ.
667 1105 834 1174 Δῆλον
856 1103 932 1164 ὡς
957 1102 1199 1173 ἔχουσιν.

445 1195 596 1248 ΟΡΘ.
629 1195 799 1246 Ὅταν
834 1191 1016 1246 τοίνυν
1052 1189 1377 1261 ἀκούσωμεν
1414 1189 1510 1243 τοῦ
1551 1189 1831 1261 προφήτου
1863 1190 1933 1242 λέ-

385 1303 580 1354 γοντος,
621 1305 637 1335 ι
664 1285 734 1337 Συ
764 1283 847 1348 δὲ,
889 1281 1109 1352 Ἰσραὴλ
1131 1283 1160 1334 ὁ
1203 1285 1330 1346 παῖς
1378 1298 1506 1351 μου,
1549 1279 1744 1335 Ἰακὼὸ
1776 1281 1835 1334 ὃν
1864 1281 1948 1348 si-

379 1380 664 1449 ελεξάμην,
695 1378 917 1447 σπέρμα
958 1374 1234 1447 Ἀϐραὰμ,
1255 1374 1314 1428 ὃν
1341 1375 1660 1446 ὴγάπησα,ι
1690 1375 1764 1444 μὴ
1791 1375 1950 1444 μόνον

382 1473 584 1542 σάρκας
607 1471 734 1532 τοὺς
775 1467 1065 1529 Ἰουδαίους
1095 1465 1347 1535 νοοῦμεν,
1383 1467 1449 1518 οὐ
1486 1465 1714 1536 νοοῦμεν
1743 1465 1951 1536 ἀνθρώ-

378 1577 504 1623 πους
530 1561 597 1612 ἐκ
630 1557 899 1627 σωμάτων
922 1557 1016 1610 καὶ
1038 1555 1230 1625 ψυχῶν
1255 1555 1628 1621 συνεστῶτας;

442 1650 644 1706 ΕΡΑΝ.
689 1647 930 1719 Ἀληθές.

2053 923 2151 978 Dic
2171 939 2300 994 ergo
2330 942 2342 977 :
2373 924 2657 980 Habentnc
2696 925 2869 979 Judaei
2901 939 3100 992 corpus
3137 931 3191 977 et
3236 924 3474 982 animam
3531 942 3624 981 ra-

2054 1013 2203 1067 tione
2230 1014 2556 1082 praeditam?

2120 1103 2326 1158 ERAN.
2355 1104 2574 1160 Clarum
2613 1113 2697 1158 est
2729 1120 2825 1158 eos
2852 1104 3073 1158 habere.

2123 1195 2332 1251 ORTH.
2363 1198 2591 1264 Quando
2619 1213 2751 1268 ergo
2797 1197 3119 1268 prophetam
3161 1199 3499 1255 audierimus
3543 1201 3626 1256 dio

2055 1297 2288 1343 eentem.
2323 1309 2339 1337 ε
2377 1290 2540 1355 Ettu,
2566 1291 2733 1344 lsrael
2761 1305 2918 1344 serve
2951 1290 3046 1352 mi,
3071 1289 3239 1345 Jaeob
3273 1307 3435 1361 quem
3465 1293 3628 1364 elegi,

2056 1396 2240 1435 semen
2270 1381 2499 1436 Abralne
2551 1380 2712 1436 amici
2753 1380 2860 1435 mei
2895 1380 2957 1444 ",
2993 1399 3010 1431 ι
3051 1397 3184 1435 num
3220 1397 3414 1437 carnes
3450 1383 3627 1437 solum

2054 1471 2271 1527 Iudaeos
2303 1473 2659 1536 arbitramur,
2687 1488 2754 1526 an
2781 1470 3038 1526 homines
3069 1486 3138 1527 ex
3154 1473 3479 1544 corporibus
3513 1476 3630 1530 ani-

2058 1562 2272 1632 misque
2295 1562 2599 1618 conﬂatos?
2743 1592 2749 1600 -

2135 1655 2239 1727 14
2272 1655 2478 1710 ERAN.
2504 1656 2642 1711 Vera
2672 1656 2830 1711 dicis.

442 1742 594 1795 ΟΡΘ.
628 1742 741 1794 Καὶ
779 1740 839 1793 τὸ
891 1739 1110 1810 σπέρμα
1143 1737 1238 1791 τοῦ
1291 1737 1560 1809 ’Λῦραάμ,
1595 1741 1696 1792 ούκ
1724 1739 1951 1810 ἄψυχον,

2127 1748 2336 1804 ORTII.
2366 1749 2434 1803 Et
2457 1765 2641 1807 semen
2669 1751 2920 1813 Abrahaz,
2951 1767 3058 1806 non
3094 1752 3288 1807 animm
3310 1767 3412 1807 nec
3431 1753 3633 1807 mentis

379 1835 495 1890 οῦδὲ
539 1835 729 1900 ἄνουν,
774 1832 910 1886 me
957 1833 1136 1886 πάντα
1165 1831 1310 1902 ἔχον,
1349 1833 1521 1886 ὁπόσα
1551 1833 1650 1903 τὴν
1681 1834 1842 1903 φύσιν
1859 1853 1957 1904 χα-

390 1926 652 1997 ρακτηρίζ
659 1942 707 1979 ει
733 1924 828 1978 τοῦ
879 1924 1164 1994 Ἀϐραάμς

455 2019 654 2072 EPAN.
689 2017 747 2070 '0
776 2015 951 2070 ταῦτα
975 2016 1149 2082 λέγων
1179 2015 1275 2070 δύο
1305 2015 1602 2083 πρεσϐεύει
1639 2016 1812 2080 υἱούς.
1923 2083 1934 2094 _

456 2108 606 2162 ΟΡΘ.
647 2107 702 2162 '0
732 2107 787 2160 δὲ
831 2107 926 2160 τὸν
954 2105 1092 2159 Θεὸν
1124 2107 1299 2173 Λόγον
1331 2109 1412 2170 είς
1443 2107 1623 2177 σάρκα
1651 2107 1958 2177 τετράφθαι

383 2197 575 2264 λέγων,
610 2197 728 2250 οὐδὲ
760 2197 858 2250 ἕνα
915 2197 1063 2264 λέγει
1121 2197 1266 2250 Υίόν.
1310 2196 1456 2268 Σάρξ
1500 2196 1608 2268 γάρ
1652 2198 1790 2266 αὐτὴ
1836 2196 1960 2251 καθ’

376 2292 544 2362 αὐτὴν
589 2291 690 2360 οὐχ
735 2290 882 2353 Υἱός.
901 2290 1095 2360 Ἡμεῖς
1139 2289 1198 2342 δὲ
1244 2288 1338 2341 ἕνα
1387 2289 1516 2344 Υίδν
1569 2290 1956 2360 ὁμολογοῦμεν,

380 2385 697 2453 σπέρματος
739 2381 947 2452 Ἀϐραά
955 2399 993 2452 μ
1020 2380 1524 2451 ἐπιλαμϐανόμενον
1545 2382 1686 2435 κατά
1707 2381 1798 2434 τὸν
1817 2382 1960 2436 θεῖον

391 2475 739 2535 Ἀπόστολον,
785 2473 880 2526 καὶ
920 2473 1018 2543 τὴν
1053 2472 1164 2525 τῶν
1199 2470 1502 2541 ἀνθρώπων
1539 2476 1961 2544 πραγματευσάο

385 2583 545 2635 μενον
583 2563 879 2634 σωτηρίαν.
911 2564 971 2615 Εἰ
993 2563 1048 2614 δὲ
1079 2562 1154 2632 μὴ
1186 2561 1436 2632 στέργεις
1465 2563 1564 2632 τὴν
1595 2561 1960 2632 άποστολικῆν

385 2655 750 2718 διδασκαλίαν,
782 2655 1039 2724 ἄντικρυς
1081 2652 1435 2722 ὁμολόγησον.

460 2747 662 2800 ΕΡΑΝ.
707 2745 956 2799 Ἑναντία
1003 2744 1183 2797 τοίνυν
1255 2743 1433 2814 φαμὲν
1489 2745 1771 2815 εἰρηκέναι
1836 2746 1962 2810 τοὺς

393 2839 740 2901 ἀποστόλους.
782 2837 1053 2891 Ἐναντίον
1101 2838 1208 2907 γὰρ
1237 2831 1376 2888 εἷναί
1422 2821 1537 2898 πως
1567 2835 1822 2904 δοκεῖτὸ,
1857 2857 1875 2889 ι
1903 2838 1962 2891 '0

389 2931 559 2998 Λόγος
614 2927 750 3000 σάρξ
799 2928 1072 2995 ὲγένετο,ι
1126 2926 1230 2996 τῷ,
1265 2945 1283 2977 ι
1313 2926 1632 2998 Σπέρματος
1710 2928 1964 3000 Ἀϐραάμ

387 3023 704 3076 ἐπελάϐετο.
737 3039 755 3072 ι

456 3116 612 3169 ΟΡΘ.
647 3115 740 3168 Σοὶ
771 3113 850 3183 τῷ
888 3111 962 3184 μὴ
1009 3111 1242 3177 νοοῦντι,
1275 3112 1309 3183 ἢ
1338 3111 1514 3183 μάτην
1543 3112 1960 3182 φιλονεικοῦντι,

387 3208 610 3261 ἐναντία
655 3207 799 3260 δοκεί
830 3205 898 3258 τὰ
936 3207 1226 3274 σύμφωνα.
1260 3204 1384 3268 Τοῖς
1415 3204 1524 3275 γὰρ
1555 3203 1791 3277 σώφρονι
1819 3205 1965 3274 λογι-

384 3299 513 3370 σμῷ
544 3299 905 3368 κεχρημένοις
936 3298 997 3350 ού
1029 3297 1302 3366 φαίνεται.
1338 3296 1591 3351 Διδάσκει
1624 3297 1736 3367 γάρ
1767 3299 1796 3350 ὁ
1823 3296 1966 3360 θεῖος

396 3389 748 3452 ⁹Δπύστολος,
774 3387 849 3450 ὡς
886 3387 946 3440 ού
986 3388 1214 3457 τραπεὶς
1245 3389 1273 3440 ὁ
1295 3386 1426 3449 θεὸς
1467 3387 1639 3454 Λόγος
1684 3386 1820 3458 σὰρξ
1853 3389 1967 3456 ὲγέ.

383 3497 528 3543 νετο,
550 3480 690 3534 ἀλλὰ
721 3480 1033 3548 σπέρματος
1073 3477 1324 3548 Ἀϐραάμ
1364 3477 1776 3548 ἐπιλαϐόμενος.
1810 3479 1966 3532 Κατὰ

380 3573 585 3628 ταύτὸν
618 3574 698 3636 δὲ,
738 3571 834 3624 καὶ
864 3570 963 3640 τῆς
1007 3568 1144 3639 πρὸς
1186 3569 1278 3621 τὸν
1316 3568 1570 3640 Ἀϐραάμ
1590 3571 1965 3642 γεγενημένης

382 3663 725 3733 ἐπαγγελίας
752 3663 1182 3732 ἀναμιμνήσκει.
1212 3662 1282 3714 Ἦ
1319 3661 1379 3713 ού
1410 3661 1683 3732 μέμνησαι
1733 3663 1841 3716 τῶν
1882 3663 1963 3735 τῷ

383 3756 709 3827 πατριάρχῃ
748 3753 900 3824 παρὰ
934 3752 1029 3806 τοῦ
1067 3749 1204 3805 Θεοῦ
1235 3751 1344 3804 τῶν
1372 3751 1508 3805 ὅλων
1540 3751 1798 3806 δοθεισῶν
1831 3754 1965 3806 ὑπο-

383 3849 630 3914 σχέσεων
648 3864 664 3912 ;

471 3938 662 3990 EPAN.
695 3935 870 3991 Ποίων
891 3952 907 4000 ;

472 4026 621 4080 0P0.
665 4026 858 4080 Ἦνίκα
919 4023 1081 4078 αὑτὸν
1120 4025 1186 4078 ὲκ
1243 4024 1342 4095 τῆς
1391 4023 1652 4096 πατρῴας
1702 4023 1968 4096 ἐξήγαγεν

353 4130 362 4139 ⁸
386 4120 596 4184 οἰκίας,
619 4121 710 4174 καὶ
730 4121 809 4182 είς
838 4118 938 4188 τὴν
961 4115 1320 4187 Παλαιστίνην
1354 4115 1529 4169 ὲλθεῐν
1551 4115 1965 4187 παρηγγύησεν,

387 4211 500 4267 οὐκ
525 4211 628 4281 ἔφη
663 4210 796 4280 πρὸς
830 4208 1014 4270 αὑτὸν,
1056 4225 1074 4258 ι
1107 4207 1400 4276 Εὑλογήσω
1441 4206 1568 4270 τοὺς
1612 4205 1969 4274 εύλογοῦντάς

386 4321 481 4369 σε,
512 4304 610 4357 καὶ
638 4302 766 4364 τοὺς
808 4298 1237 4370 καταρωμένους
1293 4314 1352 4350 σε
1409 4297 1816 4368 καταράσομαι,
1874 4298 1969 4350 καὶ

1987 3075 2035 3136 C

2057 1854 2276 1908 expers,
2337 1840 2432 1894 sed
2475 1839 2658 1892 omnia
2714 1839 2924 1895 habens
2953 1857 3076 1910 qua:
3113 1841 3346 1896 Abrahae
3377 1849 3636 1897 naturam

2059 1931 2374 2000 exprimunt
2397 1931 2419 1982 ?

2133 2024 2339 2080 ERAN.
2365 2023 2467 2090 Qui
2491 2022 2610 2078 haec
2635 2023 2788 2089 dicit,
2833 2022 2974 2079 duos
3008 2023 3220 2080 inducit
3257 2025 3418 2081 ﬁlios.

2129 2117 2338 2174 ORTII.
2375 2118 2445 2171 At
2479 2117 2572 2186 qui
2595 2118 2766 2171 Deum
2795 2117 3034 2172 Verbum
3068 2118 3122 2188 in
3145 2132 3366 2172 carnem
3401 2133 3636 2172 conver-

2060 2224 2181 2264 sum
2219 2223 2341 2263 esse
2375 2208 2530 2272 dicit,
2567 2208 2780 2261 nullum
2844 2207 2981 2262 dicit
3034 2207 3252 2262 Filium.
3307 2207 3446 2263 Caro
3482 2210 3636 2264 enim

2063 2301 2179 2371 ipsa
2205 2316 2301 2370 per
2321 2315 2378 2354 se
2411 2315 2524 2354 non
2550 2307 2636 2354 est
2659 2299 2850 2354 Filius.
2882 2298 2994 2353 Nos
3029 2307 3213 2354 autem
3247 2315 3418 2354 unum
3435 2301 3636 2356 Filium

2061 2392 2390 2449 conﬁtemur
2436 2391 2531 2462 qui
2589 2407 2776 2446 semen
2829 2391 3062 2446 Abrahae
3091 2392 3416 2461 assumpsit,
3458 2400 3524 2446 ut
3561 2393 3639 2447 di-

2063 2484 2224 2538 vinus
2249 2484 2327 2538 ait
2373 2483 2664 2552 Apostolus
2709 2482 2774 2543 ",
2830 2489 2887 2534 et
2937 2480 3032 2549 qui
3071 2479 3357 2534 hominum
3406 2482 3636 2536 salutem

2063 2574 2399 2645 procuravit.
2437 2571 2592 2639 Quod
2610 2572 2652 2626 si
2691 2572 2787 2626 tibi
2806 2587 2914 2626 non
2943 2571 3121 2642 placet
3140 2571 3387 2626 doctrina
3418 2583 3640 2641 aposto-

2064 2667 2191 2731 lica,
2226 2675 2415 2734 aperte
2440 2662 2720 2734 promere.

2134 2754 2340 2811 ERAN.
2384 2752 2687 2824 Pugnantia
2717 2751 3095 2823 crgo’loeutos
3141 2751 3376 2806 dicimus
3421 2763 3640 2822 aposto-

2065 2847 2168 2902 los.
2201 2846 2554 2902 Contrarium
2592 2843 2739 2898 enim
2767 2843 3174 2912 quodammodo
3203 2845 3443 2909 videtur,
3475 2845 3638 2900 «Ver-

2065 2937 2195 2992 bum
2213 2952 2342 2992 earo
2363 2935 2565 2990 factum
2582 2944 2665 2990 est
2679 2935 2742 3000 ¹⁸,
2765 2955 2782 2986 ι
2807 2935 2860 2990 ei
2874 2934 3020 3005 quod
3037 2942 3140 3001 est,
3167 2936 3393 2990 «Semen
3409 2935 3642 3002 Abrahae

2061 3027 2432 3100 apprehendit
2465 3028 2530 3080 ¹⁹.
2575 3045 2594 3078 ι

2133 3124 2151 3142 ⁹
2181 3119 2392 3176 ORTll.
2427 3118 2545 3174 Tibi
2567 3119 2796 3174 fortasse
2825 3133 2934 3174 non
2959 3119 3285 3190 intelligenti
3312 3120 3399 3175 vel
3435 3127 3643 3175 temere

2075 3211 2450 3275 contendenti,
2481 3224 2725 3282 pugnare
2756 3211 3014 3266 videntur
3069 3227 3192 3281 qua:
3240 3213 3466 3266 omnino
3505 3226 3643 3266 con-

2067 3304 2333 3360 sentiunt.
2366 3301 2438 3358 lis
2467 3303 2614 3358 enim
2637 3303 2732 3372 qui
2759 3317 2888 3356 sana
2915 3310 3098 3357 mente
3130 3302 3341 3372 praediti
3366 3311 3496 3356 sunt
3528 3318 3640 3357 non

2065 3393 2345 3448 videntur.
2374 3393 2546 3448 Docet
2571 3393 2718 3447 enim
2749 3393 2970 3447 divinus
3001 3392 3314 3461 Apostolus,
3375 3407 3485 3446 non
3544 3409 3645 3463 per

2066 3485 2429 3540 mutationem
2457 3484 2629 3538 Deum
2680 3485 2920 3538 Verbum
2966 3499 3186 3538 carnem
3255 3483 3458 3536 factum
3497 3499 3641 3548 esse,

2066 3579 2162 3634 sed
2194 3580 2402 3634 semine
2426 3577 2658 3632 Abrahze
2675 3576 3042 3644 apprehenso.
3064 3575 3237 3629 Simul
3259 3575 3426 3628 etiam
3455 3575 3642 3629 datam

2065 3669 2298 3726 Abrahae
2327 3667 2744 3743 promissionem
2780 3666 2835 3717 in
2884 3665 3208 3717 memoriam
3265 3672 3503 3719 revocat.
3559 3664 3644 3720 An

2066 3774 2198 3815 vero
2225 3773 2336 3812 non
2365 3753 2662 3810 meministi
2681 3752 3113 3824 promissionum
3152 3767 3296 3822 quas
3323 3752 3468 3807 Deus
3515 3754 3644 3809 uni-

2069 3864 2352 3905 versorum
2379 3845 2707 3918 patriarchae
2733 3841 2922 3899 dedit?

2138 3941 2347 3996 ERAN.
2391 3938 2762 4006 Quarumnam
2785 3936 2810 3990 3

2139 4030 2348 4088 ORTH.
2407 4027 2636 4095 Quando
2680 4034 3010 4096 expaterna
3055 4026 3232 4097 ipsum
3265 4028 3429 4084 domo
3455 4028 3648 4084 eduxit

2069 4124 2210 4180 etin
2271 4120 2612 4176 Palaestinam
2666 4117 2858 4173 venire
2913 4117 3099 4187 jussit,
3147 4131 3329 4172 nonne
3375 4117 3641 4172 dixitei:

2078 4234 2095 4265 ι
2132 4211 2596 4268 Benedicentibus
2621 4210 2723 4264 tibi
2747 4209 3095 4271 benedicam,
3162 4218 3220 4266 et
3265 4210 3644 4265 maledicenti-

2069 4306 2174 4360 bus
2202 4305 2299 4358 tibi
2327 4302 2670 4364 maledicam,
2695 4309 2751 4355 et
2787 4301 3183 4358 benedicentur
3214 4301 3270 4356 in
3296 4301 3508 4357 semine
3544 4311 3646 4358 tuo
3720 4322 3724 4325 ι

379 4390 849 4461 εὐλογηθήσονται
873 4389 930 4443 ὲν
967 4387 1046 4458 τῷ
1082 4386 1357 4458 σπέρματί
1405 4403 1498 4440 σου
1539 4385 1714 4440 πάντα
1738 4385 1806 4439 τά
1839 4385 1962 4456 ἔθνη

2080 4410 2263 4451 omnes
2296 4402 2487 4466 gentes
2519 4401 2676 4447 terra:
2702 4391 2787 4445 "‘3
2822 4411 2839 4444 ι

373 4485 495 4556 τῆς
513 4487 652 4554 γῆς
683 4503 702 4535 ι

405 4607 410 4610 ’
467 4596 672 4652 ΕΡΑΝ.
715 4596 1012 4667 Μέμνημαι
1043 4594 1208 4648 τῶνδε
1251 4593 1358 4647 τῶν
1390 4595 1754 4664 ὑποσχέσεων.

473 4690 625 4744 ΟΡΘ.
670 4687 878 4742 Οὐκοῦν
928 4687 1305 4758 ἀναμνήσθητι
1337 4687 1433 4740 καὶ
1463 4687 1573 4740 τῶν
1608 4689 1742 4762 πρὸς
1787 4689 1972 4743 Ἰσαάκ

373 4780 495 4834 καὶ
535 4777 730 4832 Ἰακὼϐ
757 4778 1142 4848 γεγενημένων
1171 4776 1322 4846 παρὰ
1361 4774 1453 4830 τοῦ
1497 4775 1631 4828 Θεοῦ
1663 4778 1966 4847 συνθηκῶν.

370 4875 509 4934 Τὰς
538 4871 704 4934 «ora;
737 4870 844 4938 γὰρ
883 4870 979 4922 καὶ
1009 4868 1218 4931 τούτοις
1243 4867 1474 4921 δέδωκεν
1505 4869 1848 4937 ὑποσχέσεις,
1879 4868 1970 4938 βε-

371 4962 568 5014 ϐαιῶν
595 4964 705 5023 τοῖς
736 4960 1008 5030 δευτέροις
1037 4958 1132 5012 καὶ
1169 4957 1375 5027 τρίτοις
1402 4956 1471 5009 τά
1513 4957 1778 5028 πρότερα.

467 5052 670 5106 ΕΡᾹΝ.
701 5051 1004 5120 Μέμνημαι
1027 5049 1122 5102 καὶ
1165 5047 1390 5100 τούτων.

458 5145 620 5200 ΟΡΘ.
649 5145 864 5206 Ταύτας
894 5143 950 5196 δὲ
978 5143 1075 5205 τὰς
1105 5141 1379 5212 συνθήκας
1415 5139 1734 5211 ἑρμηνεύων
1766 5141 1794 5194 ὀ
1825 5142 1971 5207 θεῖος

389 5235 750 5300 ’Λπὸστολο;,
775 5233 946 5297 οὕτως
979 5234 1037 5286 ὲν
1081 5236 1148 5304 τῇ
1193 5232 1330 5301 πρὸς
1361 5229 1605 5294 Γαλάτας
1635 5233 1792 5302 φησί’
1831 5252 1848 5283 ι
1879 5234 1969 5304 Τῷ

372 5329 448 5382 δὲ
494 5327 744 5398 Ἀϐραάμ
773 5326 1085 5398 ἐρρήθησαν
1119 5326 1176 5377 αἱ
1211 5322 1552 5390 ἐπαγγελίαι,
1586 5324 1681 5376 καὶ
1706 5325 1782 5394 τῷ
1810 5326 1981 5397 σπέρ-

377 5438 526 5483 ματι
555 5419 740 5472 αὑτοῦ.
781 5419 855 5472 Οὐ
901 5417 1068 5486 λέγει,
1105 5417 1215 5470 Καὶ
1262 5417 1374 5478 τοῖς
1407 5415 1718 5485 σπέρμασιν
1780 5417 1968 5480 αὐτοῦ,

372 5514 471 5576 ὡς
498 5513 592 5564 ἐπὶ
636 5509 870 5588 πολλοῖς,
901 5508 1012 5564 ἀλλ’
1036 5510 1112 5573 ὼς
1140 5507 1227 5578 ἐφ’
1263 5505 1401 5570 ἐνὸς,
1448 5507 1507 5570 ὃς
1541 5507 1656 5560 ἐστι
1695 5506 1928 5576 Χριστός
1953 5525 1967 5539 ο

467 5629 513 5662 ²⁶
547 5630 649 5686 lsa.
689 5647 795 5693 xu,
831 5630 882 5684 8.
998 5631 1037 5661 "
1081 5630 1248 5684 llebr.
1279 5645 1336 5692 ιι,
1368 5629 1451 5683 l6.

383 5702 489 5754 ΗΞ.

717 5795 986 5854 Parum.
1033 5792 1147 5851 Gn.
1195 5791 1508 5851 LXXXI“.

1565 5628 1607 5659 ¹⁸
1642 5628 1797 5683 Joan.
1842 5646 1880 5684 ι.
1929 5629 2014 5683 Η.

2144 4597 2249 4668 15
2282 4593 2486 4652 ERAN.
2520 4591 2778 4650 Memoria
2805 4601 2974 4648 teneo
3006 4591 3108 4646 bas
3130 4589 3540 4661 promissiones.

2145 4688 2356 4744 ORTH.
2398 4685 2709 4742 Recordare
2743 4683 2910 4753 igitur
2959 4682 3124 4736 etiam
3167 4681 3430 4736 foederum
3461 4694 3582 4749 qua:
3615 4695 3648 4735 a

2073 4782 2188 4836 Deo
2227 4794 2350 4835 cum
2382 4779 2565 4832 lsaaco
2604 4783 2661 4829 et
2687 4773 2890 4828 Jacobo
2921 4771 3058 4826 facta
3088 4781 3236 4826 sunt.
3265 4770 3398 4824 Nam
3427 4769 3646 4825 easdem

2073 4870 2467 4944 promissiones
2514 4867 2602 4922 bis
2645 4877 2865 4935 quoque
2895 4861 3068 4926 dedit,
3099 4859 3359 4918 secundis
3383 4869 3441 4916 et
3470 4860 3649 4917 tertiis

2069 4963 2285 5035 priores
2313 4958 2664 5015 conﬁrmans.

2138 5052 2347 5110 ERAN.
2381 5051 2586 5106 Harum
2613 5049 2782 5104 etiam
2810 5043 3054 5103 memini.

2134 5145 2345 5202 ORTH.
2377 5144 2505 5198 Harc
2529 5150 2712 5196 autem
2743 5139 2948 5194 hedera
2975 5125 3239 5191 enarrans
3263 5135 3484 5190 divinus
3508 5135 3652 5204 Apo-

2071 5237 2264 5298 stolus,
2283 5235 2363 5288 sic
2381 5235 2436 5287 in
2461 5231 2702 5302 Epistola
2730 5230 2796 5282 ad
2823 5228 3042 5283 Galatas
3065 5227 3230 5280 dicit:
3257 5246 3274 5275 ι
3300 5226 3532 5280 Abrahae
3555 5241 3654 5279 au-

2075 5337 2184 5382 tem
2212 5327 2371 5381 dicta:
2415 5333 2544 5379 sunt
2569 5320 2962 5390 promissiones
3009 5325 3064 5370 et
3113 5317 3310 5370 semini
3343 5318 3482 5387 ejus.
3525 5317 3644 5370 Non

2074 5421 2228 5483 dicit,
2263 5419 2330 5473 Et
2373 5413 2677 5470 seminibus
2717 5413 2870 5482 ejus,
2905 5417 3160 5478 tanquam
3196 5408 3264 5464 de
3296 5409 3514 5471 multis,
3552 5406 3650 5461 sed

2075 5521 2329 5586 tanquam
2356 5507 2427 5562 de
2465 5519 2594 5568 uno,
2625 5504 2718 5573 qui
2754 5510 2840 5558 est
2895 5499 3151 5555 Christus
3179 5501 3220 5532 "
3258 5516 3272 5552 :
3301 5498 3647 5570 apertissime

2127 5631 2356 5684 '“llebr.
2415 5645 2470 5694 ιι,
2524 5627 2607 5680 16.
2710 5626 2756 5658 ’°
2785 5623 2920 5680 Gen.
2969 5639 3062 5688 xu,
3113 5623 3166 5678 3.
3280 5622 3323 5655 “
3355 5619 3530 5675 Calai.
3565 5633 3649 5683 ηιο

2710 5626 2756 5658 ’°
2785 5623 2920 5680 Gen.
2969 5639 3062 5688 xu,
3113 5623 3166 5678 3.

3220 5781 3257 5839 2
3313 5799 3329 5814 ο
