4006 6202
361 226 429 290 :3
1340 214 1822 276 THEODORETI
1865 215 2201 275 EPISCOPI
2241 217 2603 277 CYRENSIS
3537 216 3609 278 4r,

363 329 657 387 ostendens
699 324 1092 391 humanitatem
1122 323 1323 379 Christi
1356 338 1421 378 ex
1450 322 1659 377 semine
1701 318 1932 374 Ahraha:

2048 323 2403 393 ἐναργέστατα
2440 324 2650 386 δεικνὺς
2678 324 2773 394 τὴν
2804 323 3193 394 ἁνθρωπότητα
3226 323 3317 375 τοῦ
3366 324 3609 395 Χριστοῦ

361 421 715 493 germinasse,
742 423 795 468 et
822 414 1050 468 Abrahae
1077 414 1270 469 factam
1297 412 1714 483 promissionem
1744 409 1933 478 imple-

365 528 523 569 V1558.

402 687 640 759 "ERAN.
673 687 826 741 Dicta
858 692 986 739 sunt
1011 683 1127 736 haec
1158 680 1226 735 ab
1254 678 1531 749 Apostolo.

434 778 642 835 ORTH.
674 777 932 831 Poterant
955 774 1069 828 haec
1095 771 1316 841 quidem
1344 768 1475 823 satis
1499 781 1618 821 esse
1643 764 1708 819 ad
1741 763 1934 818 tollen-

364 872 490 928 dam
516 884 733 925 omnem
764 864 1191 923 controversiam
1222 878 1343 931 quae
1372 861 1475 914 hac
1500 860 1566 914 de
1593 872 1651 911 re
1676 856 1929 926 agitatur.

364 963 477 1035 Ego
505 972 685 1018 tamen
710 960 868 1015 aliam
902 972 1120 1027 quoque
1152 953 1558 1024 praedictionem
1593 949 1691 1003 tibi
1733 947 1788 1000 in
1818 960 1933 1000 me-

365 1034 595 1108 moriam
626 1048 914 1105 revocabo.
949 1044 1115 1101 Jacob
1146 1040 1454 1111 patriarcha
1496 1034 1935 1091 benedictionem

366 1144 509 1199 hanc
539 1142 643 1198 sibi
672 1152 727 1196 et
760 1138 899 1209 patri
928 1145 983 1191 et
1026 1151 1127 1190 avo
1158 1133 1338 1187 datam
1370 1130 1470 1184 soli
1500 1127 1651 1184 Iuda:
1696 1125 1806 1180 ﬁlio
1836 1124 1933 1178 de-

368 1235 468 1300 dit,
500 1232 687 1287 dicens
712 1249 723 1282 :
762 1249 779 1280 ι
814 1228 931 1283 Non
959 1225 1176 1281 deficiet
1205 1223 1459 1292 princeps
1479 1218 1545 1273 de
1567 1216 1726 1281 Juda,
1753 1226 1808 1270 et
1826 1215 1933 1269 dux

368 1326 435 1380 de
464 1323 762 1380 femoribus
789 1320 927 1391 ejus,
956 1317 1132 1372 donec
1158 1316 1342 1370 veniat
1379 1312 1467 1366 cui
1505 1310 1800 1381 repositum
1830 1316 1932 1371 est,

368 1426 423 1473 et
452 1418 563 1487 ipse
598 1416 701 1470 erit
730 1410 1064 1482 exspectatio
1094 1407 1336 1479 gentium
1366 1405 1429 1457 ".
1466 1422 1484 1453 ι
1514 1402 1595 1456 An
1628 1399 1933 1471 praedictio-

369 1522 493 1563 nem
518 1506 679 1561 istam
713 1518 825 1557 non
855 1499 1098 1555 admittis
1128 1507 1383 1565 tanquam
1412 1492 1477 1547 de
1503 1491 1723 1547 Christo
1749 1488 1933 1544 Salva-

372 1610 487 1653 tore
512 1592 965 1667 praenuntiatam?

2035 414 2097 465 ἐκ
2127 415 2436 486 σπέρματος
2477 415 2853 487 βλαστήσασαν
2896 415 3165 487 Ἀϐραὰμ,
3206 418 3300 467 καὶ
3322 416 3417 484 τὴν
3467 416 3610 481 πρὸς

2034 508 2123 558 τὸν
2200 506 2451 576 Ἀὕραάμ
2499 506 2872 576 γεγενημένην
2931 506 3267 574 ἐπαγγελίαν
3310 506 3611 576 πληρώσα-

2039 616 2155 651 σαν.

2107 690 2310 743 EPAN.
2341 690 2571 762 Εἴρηται
2607 690 2778 742 ταῦτα
2808 688 2883 760 τῷ
2926 689 3248 759 Ἀποστόλῳ.

2108 782 2256 835 υΡΘ.
2306 782 2489 836 Ἰκανὰ
2521 781 2619 853 μὲν
2647 781 2741 834 καὶ
2769 779 2942 834 ταῦτα
2968 782 3146 833 πᾶσαν
3171 780 3269 849 τὴν
3313 779 3439 849 περὶ
3475 778 3608 833 τού-

2036 890 2130 928 του
2163 874 2484 945 κινουμένην
2524 872 2933 943 ἀμφισϐήτησιν
2983 870 3160 924 λύσαι.
3203 869 3343 938 Ἐγὼ
3370 870 3425 923 δὲ
3455 870 3611 938 ὅμως

2037 966 2131 1019 xci.
2173 964 2364 1037 ἐτέρας
2416 981 2474 1016 σε
2536 965 2891 1034 προρρήσεως
2945 962 3262 1031 ἀναμνήσω.
3337 959 3533 1014 Ἰακὼὸ
3581 962 3603 1011 ἐ

2038 1053 2381 1128 πατριάρχης
2406 1055 2558 1125 τήνδε
2584 1056 2680 1125 τὴν
2726 1052 2975 1121 εὐλογίαν
3004 1051 3152 1120 αύτῷ
3181 1052 3276 1104 καί
3309 1048 3385 1119 τῷ
3410 1067 3468 1102 τε
3501 1066 3605 1101 πα·

2036 1150 2127 1221 τρὶ
2154 1150 2246 1202 καὶ
2274 1148 2353 1218 τῷ
2380 1150 2590 1217 πάππῳ
2621 1146 2888 1207 δοθεῖσαν,
2934 1144 3102 1214 Ἰούδᾳ
3124 1141 3200 1211 τῷ
3233 1142 3381 1195 παιδὶ
3403 1141 3607 1193 δέδωκε

2041 1241 2207 1311 μόνῳ,
2255 1240 2396 1308 Ἔφη
2432 1239 2487 1291 δὲ
2527 1237 2718 1299 οὕτως·
2770 1254 2787 1285 ι
2858 1235 2971 1287 οὐκ
3022 1232 3260 1299 ἐκλείψει
3307 1232 3492 1301 ἄρχων
3548 1228 3611 1291 ἐξ

2051 1331 2237 1395 Ἰούδα,
2269 1330 2362 1383 καὶ
2394 1328 2692 1398 ἡγούμενος
2731 1329 2795 1380 ὲκ
2824 1325 2931 1379 τῶν
2965 1322 3152 1394 μηρῶν
3185 1320 3371 1382 αὑτοῦ,
3402 1320 3507 1381 ἕως
3542 1319 3610 1370 ἂν

2039 1421 2166 1491 ἔλθῃ
2199 1413 2251 1487 ,ᾧ
2279 1419 2588 1480 ἀπόκειται,
2631 1418 2726 1470 καὶ
2748 1416 2911 1475 αὐτὸς
2957 1412 3253 1485 προσδοκία
3282 1409 3506 1463 ἐθνῶν.»
3537 1408 3612 1459 Ἱι

2036 1514 2095 1565 ού
2128 1512 2256 1582 δέχῃ
2289 1510 2443 1581 τήνδε
2474 1511 2575 1580 τὴν
2615 1508 2939 1579 πρόρρησιν,
2966 1506 3039 1568 ὡς
3069 1504 3197 1574 περὶ
3223 1501 3316 1554 τοῦ
3350 1500 3619 1568 Σωτῆρος

2038 1605 2332 1676 εἰρημένην
2359 1605 2400 1655 Χ
2413 1601 2593 1672 ριστοῦ
2623 1619 2636 1666 ;

440 1686 645 1742 ERAN.
683 1684 857 1739 Judaei
893 1682 1027 1735 tales
1066 1678 1382 1749 prophetias
1430 1689 1716 1746 perperam
1765 1672 1936 1725 inter-

2092 1672 2308 1747 ἘΪδΑΝέ
2372 1694 2611 1745 Ἰουδαῖοι
2672 1692 2767 1753 τὰς
2814 1688 3063 1750 τοιαύτας
3126 1685 3617 1757 παρερμηνεύουσι

369 1783 683 1848 pretantur;
716 1789 816 1844 ego
849 1787 979 1825 vero
1006 1768 1349 1824 Christianus
1407 1781 1549 1828 sum,
1582 1763 1781 1818 divinis
1815 1776 1935 1814 crc-

371 1871 506 1924 dens
537 1866 854 1936 Scripturis,
886 1871 943 1917 et
975 1858 1271 1931 (probatas)
1312 1858 1377 1913 de
1425 1856 1703 1911 Salvatore
1750 1860 1938 1905 nostro

371 1958 686 2030 praphetias
713 1956 829 2009 sine
866 1954 972 2006 ulla
1002 1949 1341 2005 dubitatione
1368 1946 1592 2015 recipio.

434 2046 641 2104 ORTH.
657 2044 923 2112 Quoniam
942 2055 1071 2109 ergo
1088 2038 1276 2093 fateris
1300 2045 1350 2090 te
1375 2034 1598 2089 credere
1616 2031 1937 2103 prophetiis,

374 2148 431 2193 et
484 2152 604 2207 qua:
658 2134 917 2204 praedicta
972 2131 1075 2199 ιθ
1125 2137 1253 2181 sunt
1304 2126 1370 2179 de
1422 2124 1699 2177 Salvatorc
1751 2130 1940 2173 nostro

370 2229 517 2284 edita
548 2240 669 2280 esse
713 2222 887 2282 dicis,
934 2219 1063 2271 hinc
1110 2216 1403 2270 verborum
1443 2210 1687 2279 Apostoli
1714 2224 1939 2277 scopum

372 2318 680 2376 considera.
712 2309 1044 2368 Patriarehis
1077 2307 1221 2361 enim
1259 2304 1427 2357 factas
1460 2299 1849 2370 promissiones
1872 2298 1938 2350 ad

371 2410 575 2466 exitum
624 2405 916 2476 perductas
960 2399 1125 2453 fuisse
1185 2393 1509 2455 ostendens,
1562 2388 1937 2445 admirabilem

373 2501 517 2555 illam
545 2511 731 2551 vocem
760 2492 942 2547 emisit
973 2508 985 2541 :
1023 2507 1040 2538 ι
1071 2488 1189 2541 Non
1215 2485 1363 2539 enim
1393 2482 1611 2551 angelos
1645 2480 1832 2549 utique
1857 2494 1941 2531 as-

354 2586 697 2645 sumit'M‘.
729 2603 745 2633 ι
784 2579 946 2646 Quasi
967 2577 1202 2632 diceret:
1225 2573 1362 2628 Vera
1382 2579 1464 2626 est
1494 2569 1805 2639 promissio,
1837 2568 1939 2621 im-

374 2677 555 2750 posuit
594 2672 857 2728 Dominus
900 2664 1357 2739 promissionibus
1400 2661 1583 2723 ﬁnem,
1612 2668 1831 2729 apertus
1858 2666 1940 2711 cst

373 2767 627 2840 gentibus
672 2758 1068 2817 benedictionis
1112 2755 1264 2818 fons,
1309 2753 1451 2806 Deus
1481 2766 1665 2805 semen
1710 2750 1940 2803 Abrahre

373 2852 685 2922 assumpsit,
712 2865 807 2920 per
835 2848 940 2900 hoc
964 2844 1283 2914 promissam
1316 2840 1542 2894 salutem
1578 2846 1813 2908 praestat,
1845 2853 1941 2905 per

375 2947 479 3001 hoc
501 2942 740 3015 gentium
765 2932 1224 3006 exspectationem
1256 2928 1558 2983 confirmat.

446 3229 652 3286 ERAN.
684 3226 947 3285 Prmelare
975 3238 1100 3277 cum
1128 3219 1443 3291 apostolicis
1471 3217 1787 3289 prophetica
1816 3231 1945 3268 con-

376 3338 512 3379 nexa
542 3328 690 3376 sunt.

442 3410 651 3469 ORTH.
688 3409 835 3463 idem
868 3421 1059 3461 rursus
1082 3403 1302 3459 divinus
1344 3402 1655 3472 Apostolus,
1692 3399 1758 3453 de
1792 3399 1944 3455 Judre

376 3499 755 3557 benedictione
781 3511 882 3551 nos
906 3494 1207 3548 admonens
1251 3501 1307 3545 et
1325 3489 1455 3544 huic
1475 3504 1693 3559 quoque
1716 3503 1942 3557 respon-

376 3594 523 3647 disse
558 3598 816 3646 eventum
849 3585 1161 3647 ostendens,
1193 3582 1460 3637 exclamat
1501 3598 1513 3633 :
1547 3600 1564 3630 ‹
1600 3578 1942 3633 Manifestum

346 3692 461 3740 rest
489 3682 656 3746 enim,
687 3695 752 3734 ex
794 3677 933 3733 Juda
973 3685 1151 3730 ortum
1195 3688 1316 3728 esse
1357 3670 1646 3727 Dominum
1677 3672 1741 3723 ’⁸.
1783 3689 1800 3721 ›
1832 3670 1945 3724 Hoc

352 3804 359 3810 ο
380 3777 556 3845 ipsum
574 3778 629 3828 et
650 3770 914 3840 propheta
936 3766 1205 3829 Micbaaas,
1232 3771 1287 3818 et
1310 3763 1593 3815 Matthaeus
1613 3761 1944 3831 evangelista

358 3865 642 3920 fecerunt.
668 3859 761 3912 Hie
784 3857 930 3911 enim
954 3853 1271 3909 vaticinium
1296 3852 1486 3912 edidit,
1512 3852 1601 3903 hic
1623 3867 1753 3903 vero
1774 3852 1943 3904 histoc

376 3954 471 4007 ria:
495 3947 875 4021 propheticum
898 3943 1269 4001 testimonium
1296 3941 1564 4012 adjunxit.
1592 3942 1659 3993 Et
1680 3941 1823 4009 quod
1851 3943 1947 3994 ad-

378 4039 667 4094 miratione
712 4036 935 4105 dignum
983 4040 1100 4095 est,
1136 4030 1451 4085 manifestos
1488 4030 1732 4084 veritatis
1760 4030 1945 4083 hostes

376 4127 577 4184 Herodi
604 4132 790 4196 aperte
814 4124 1018 4179 dixisse
1047 4123 1141 4187 ait,
1174 4121 1289 4175 fore
1321 4130 1381 4174 ut
1406 4118 1658 4175 Christus
1696 4121 1748 4173 in
1777 4119 1941 4173 Beth-

364 4222 515 4276 leem
547 4224 886 4273 nasceretur.
926 4235 945 4266 ι
981 4214 1257 4283 Scriptum
1292 4214 1436 4267 enim
1466 4222 1569 4277 est,
1601 4213 1777 4283 inquit
1821 4230 1831 4265 :
1876 4215 1943 4268 Et

2043 1786 2376 1857 προφητείας
2402 1801 2415 1814 ·
2472 1782 2582 1851 ἐγὼ
2622 1782 2675 1834 δὲ
2716 1780 3038 1852 Χριστιανός
3101 1780 3235 1847 είμι,
3288 1780 3399 1838 τοῖς
3438 1776 3613 1838 θείοις

2043 1877 2312 1931 πιστεύων
2356 1876 2552 1941 λόγοις,
2599 1876 2690 1925 καὶ
2735 1873 2833 1935 τὰς
2877 1871 3005 1940 περὶ
3040 1868 3133 1922 τοῦ
3173 1867 3419 1937 Σωτῆρος
3450 1867 3615 1935 ἡμῶν

2044 1966 2380 2039 προφητείας
2405 1963 2793 2025 ἀνενδοιάστως
2824 1962 3073 2030 δέχομαι.

2115 2057 2265 2111 ΟΡΘ.
2311 2055 2524 2123 Ἐπειδὴ
2548 2054 2727 2107 τοίνυν
2772 2049 3049 2105 πιστεύειν
3091 2051 3210 2111 ταῖς
3252 2045 3616 2117 προφητείαις

2041 2146 2342 2215 ὁμολογεῖς,
2393 2146 2484 2197 καὶ
2520 2143 2586 2195 τὰ
2632 2140 3012 2212 προρρηθέντα
3061 2140 3187 2209 περὶ
3233 2137 3325 2190 τοῦ
3359 2135 3617 2203 Σωτῆρος

2042 2234 2197 2303 ήμῶν
2227 2232 2578 2285 τεθεσπίσθαι
2606 2232 2803 2297 λέγεις,
2846 2230 3038 2297 νόησον
3077 2228 3188 2297 (Η)
3216 2225 3469 2280 ἐντεῦθεν
3505 2224 3618 2277 τῶν

2044 2320 2410 2375 ἀποστολικῶν
2447 2320 2626 2389 ῥητῶν
2656 2320 2744 2373 τὸν
2778 2320 2997 2373 σκοπόν.
3033 2320 3145 2381 Τὰς
3181 2319 3289 2388 γὰρ
3318 2316 3451 2386 πρὸς
3486 2316 3619 2375 τοὺς

2044 2411 2385 2481 πατριάρχας
2418 2410 2789 2478 γεγενημένας
2819 2408 3149 2476 ἐπαγγελίας
3192 2405 3620 2477 πεπερασμένας

2042 2503 2383 2564 ἐπιδεικνὺς,
2425 2502 2522 2571 τὴν
2563 2499 2870 2569 θαυμασίαν
2921 2498 3135 2566 ἐκείνην
3170 2498 3347 2565 ἀφῆκε
3396 2496 3622 2565 φωνήν

2048 2613 2066 2645 ι
2118 2595 2190 2646 Ού
2228 2593 2337 2663 γὰρ
2370 2591 2538 2661 δήπου
2589 2591 2834 2659 ἀγγέλων
2865 2589 3322 2659 ἐπιλαμϐάνεται’
3364 2606 3382 2638 ι
3424 2603 3623 2657 μονον-

2041 2684 2161 2753 ουχὶ
2199 2683 2406 2751 λέγων,
2467 2680 2727 2749 Ἀψευδὴς
2768 2683 2799 2748 ἡ
2855 2679 3176 2747 ὑπόσχεσις.
3213 2676 3446 2744 ἐπέθηκε
3496 2677 3621 2737 ταῖς

2044 2774 2397 2841 ἐπαγγελίαις
2425 2776 2453 2825 6
2496 2773 2770 2841 Δεσπότης
2801 2771 3005 2840 πέρας,
3046 2768 3270 2839 ἀνεῴγει
3307 2769 3418 2829 τοῖς
3460 2766 3621 2817 ἔθνε-

2047 2883 2129 2917 σιν
2170 2868 2200 2935 ή
2235 2869 2332 2936 τῆς
2382 2864 2630 2930 εὐλογίας
2675 2864 2846 2932 πηγὴ,
2897 2862 2987 2913 τοῦ
3030 2858 3383 2931 Ἀδραμιαίου
3438 2858 3624 2925 σπέρ-

1972 2992 2012 3045 C
2053 2974 2219 3027 ματος
2266 2958 2294 3009 6
2339 2956 2467 3019 Θεὸς
2507 2954 2850 3023 ἐπείληπται,
2888 2952 2975 3004 διὰ
3024 2951 3212 3002 τούτου
3258 2949 3355 3018 τὴν
3404 2949 3631 3001 ἄνωθεν

2048 3046 2464 3117 ἐπηγγελμένην
2492 3044 2935 3115 πραγματεύεται
2970 3042 3261 3111 σωτηρίαν,
3300 3040 3388 3092 διὰ
3420 3038 3624 3091 τούτου

2046 3139 2143 3208 τὴν
2176 3139 2283 3190 τῶν
2320 3135 2486 3189 ἐθνῶν
2517 3136 2737 3205 ἐμπεδοί
2772 3134 3115 3204 προσδοκίαν.

2116 3230 2317 3283 EPAN.
2356 3231 2587 3299 Ἀρίστα
2618 3230 2725 3289 τοῖς
2769 3226 3143 3287 ἀποστολικοῖς
3191 3224 3257 3275 τὰ
3302 3224 3620 3292 προφητικὰ

2049 3320 2417 3391 συνηρμόσθη.

2116 3410 2269 3463 ΟΡΘ.
2303 3408 2459 3462 Οὕτω
2509 3407 2669 3460 πάλιν
2710 3408 2738 3458 6
2786 3406 2927 3465 θεῖος
2990 3402 3309 3464 ’Λπόστολος
3368 3403 3464 3470 τῆς
3517 3401 3618 3454 τοῦ

2060 3500 2226 3553 Ἰούδα
2265 3500 2411 3568 ἡμᾶς
2433 3497 2861 3567 ἀναμιμνήσκων
2891 3492 3229 3562 εὐεργεσίας,
3266 3491 3358 3543 καὶ
3398 3490 3617 3551 δεικνὺς

2046 3593 2137 3645 καὶ
2190 3589 2390 3660 ταύτην
2441 3586 2739 3657 δεξαμένην
2789 3586 2850 3637 τὸ
2892 3585 3083 3653 πέρας,
3296 3602 3310 3631 ι
3346 3580 3616 3649 Πρόδηλον

2046 3683 2172 3753 γὰρ,
2207 3682 2287 3734 ὃτι
2329 3680 2389 3744 ἐξ
2442 3676 2611 3731 Ἰούδα
2650 3675 3008 3729 ἀνατέταλκεν
3039 3677 3067 3727 6
3111 3674 3332 3743 Κύριος.
3381 3690 3397 3720 ι
3437 3670 3616 3722 Tanto

2045 3774 2099 3825 δὲ
2132 3770 2289 3823 τοῖτο
2318 3769 2411 3822 καὶ
2450 3770 2479 3821 6
2508 3768 2789 3837 προφήτης
2820 3765 3076 3836 Μιχαίας,
3117 3766 3213 3817 καὶ
3249 3765 3277 3815 6
3332 3759 3617 3829 εὐαγγελι-

2051 3861 2177 3931 στὴς
2237 3859 2514 3921 Ματθαῖος
2568 3857 2891 3926 πεποίηκεν.
2928 3856 2986 3908 Ὁ
3038 3857 3137 3924 μὲν
3181 3854 3287 3923 γὰρ
3342 3852 3461 3905 εἷπε
3514 3851 3619 3919 τὴν

2046 3953 2372 4024 πρόρρησιν,
2399 3953 2425 4003 ὁ
2457 3950 2513 4003 δὲ
2547 3951 2612 4021 τῇ
2644 3948 2854 4020 ἱστορίᾳ
2887 3948 2985 4018 τὴν
3009 3948 3312 4016 μαρτυρίαν
3340 3940 3618 4005 συνέταξε.

2046 4044 2156 4096 Καὶ
2188 4043 2249 4095 τὸ
2279 4040 2602 4111 παράδοξον,
2635 4042 2715 4092 ὅτι
2754 4041 2878 4102 τοὺς
2903 4038 3331 4108 προδηλοτάτους
3358 4036 3452 4104 τῆς
3484 4034 3620 4100 ἁληο
3668 4047 3680 4063 ⁸

2046 4131 2193 4194 θείας
2218 4131 2443 4200 ἐχθροὺς
2478 4130 2582 4198 ἔφη
2615 4129 2693 4197 τῷ
2742 4128 2955 4199 Ἡρώδῃ
2988 4127 3175 4194 σαφῶς
3216 4128 3409 4187 εἰπεῖν,
3451 4124 3525 4185 ὡς
3559 4125 3621 4176 ἐν

2044 4225 2110 4293 τῇ
2144 4222 2393 4291 Βηθλεὲμ
2425 4224 2453 4273 6
2490 4220 2727 4288 Χριστὸς
2768 4220 3045 4285 γεννᾶται.
3089 4236 3105 4265 ι
3144 4217 3453 4285 Γέγραπται
3483 4213 3617 4284 γὰρ,

364 4324 455 4376 ω,
490 4310 767 4365 Bethleem
796 4315 942 4362 terra
973 4305 1145 4368 Iuda,
1175 4319 1513 4374 nequaquam
1539 4304 1761 4357 minima
1792 4320 1852 4358 es
1888 4306 1938 4358 in

2049 4313 2198 4381 φησὶ,
2244 4312 2355 4366 Καὶ
2388 4314 2476 4373 σὺ,
2517 4310 2783 4380 Βηθλεὲμ,
2820 4310 2892 4377 γῆ
2954 4308 3150 4371 Ἰούδα,
3194 4306 3448 4375 οὐδαμῶς
3494 4304 3621 4357 ἐλα-

375 4401 716 4475 principibus
744 4399 915 4454 Judaa.
961 4398 1039 4451 Ex
1083 4405 1135 4451 te
1177 4398 1323 4449 enim
1372 4396 1505 4451 mihi
1540 4396 1779 4465 prodibit
1810 4396 1939 4458 dux,

373 4496 467 4569 qui
494 4502 642 4565 reget
668 4491 929 4563 populum
960 4503 1141 4543 meum
1176 4487 1337 4542 Israel
1362 4489 1425 4543 ".
1466 4507 1482 4538 ι
1514 4487 1622 4541 Nos
1662 4496 1844 4541 autem
1888 4488 1941 4540 id

374 4602 591 4659 quoque
639 4584 996 4655 adiungamus
1039 4578 1185 4649 quod
1230 4578 1401 4633 Judaei
1449 4580 1683 4648 maligne
1739 4578 1941 4631 omise-

373 4689 520 4744 runt,
544 4679 675 4732 dum
697 4674 1073 4745 imperfectum
1092 4669 1373 4740 proferunt
1391 4670 1780 4724 testimonium.
1806 4668 1940 4723 Cum

372 4774 517 4827 enim
564 4771 785 4825 dixisset
824 4768 1089 4837 propheta
1139 4783 1150 4817 :
1186 4784 1203 4814 ι
1254 4764 1331 4818 Ex
1366 4772 1417 4818 te
1448 4764 1761 4833 egredietur
1806 4765 1939 4818 mihi

373 4863 501 4925 dux,
554 4882 569 4913 I
600 4861 798 4930 adjecit
824 4876 837 4911 :
872 4878 889 4909 ι
921 4858 989 4911 Et
1016 4869 1265 4925 egressus
1297 4854 1415 4922 ejus
1442 4853 1511 4906 ab
1539 4853 1717 4916 initio,
1763 4869 1792 4905 a
1822 4853 1941 4907 die-

374 4953 478 5008 bus
507 4951 847 5004 aeternitatis.
882 4968 898 4998 ι

448 5040 549 5108 17
577 5038 783 5091 EHAN.
818 5037 1033 5106 Optime
1076 5034 1250 5087 fecisti
1287 5041 1462 5086 totum
1497 5033 1774 5101 prophetze
1813 5049 1941 5101 pro-

374 5130 555 5185 ferens
582 5127 986 5191 testimonium;
1019 5124 1258 5179 ostendit
1288 5124 1435 5176 enim
1470 5124 1640 5177 Deum
1682 5140 1822 5189 esse,
1848 5125 1940 5194 qui

372 5222 427 5275 in
454 5220 728 5273 Bethleem
756 5225 918 5271 natus
940 5226 1042 5270 est.

438 5308 647 5365 ORTH.
670 5307 789 5362 Non
821 5308 987 5361 Deum
1017 5306 1200 5371 modo,
1226 5319 1413 5359 verum
1444 5304 1608 5358 etiam
1639 5302 1937 5360 hominem.

2048 4404 2208 4473 χίστη
2232 4399 2282 4455 εἷ
2311 4405 2367 4455 ἐν
2409 4406 2522 4466 τοῖς
2562 4403 2824 4472 ἡγεμόσιν
2889 4401 3077 4454 Ἰούδα’
3128 4402 3193 4453 ἐκ
3240 4398 3334 4452 σοῦ
3378 4398 3484 4467 γάρ
3530 4413 3619 4465 μοι

2049 4494 2387 4557 ἐξελεύσεται
2428 4494 2749 4563 ἡγούμενος,
2782 4495 2928 4555 ὅστις
2963 4494 3214 4561 ποιμανεῖ
3242 4490 3332 4544 τὸν
3358 4488 3483 4541 λαόν
3516 4505 3615 4558 μου

2047 4587 2139 4637 τὸν
2178 4586 2413 4656 Ἰσραήλ.
2452 4604 2469 4635 ι
2517 4585 2916 4655 Ἐπαγάγωμεν
2950 4583 3002 4636 δὲ
3046 4586 3137 4637 καὶ
3171 4585 3329 4653 ἡμεῖς
3360 4581 3450 4634 καὶ
3483 4582 3620 4648 ὅπερ

2063 4674 2298 4727 Ἰουδαῖοι
2343 4675 2624 4746 κακοήθως
2665 4677 2981 4747 παρέλιπον,
3017 4672 3180 4744 ἀτελῆ
3224 4672 3616 4743 προσενεγκόν-

2050 4782 2139 4827 τες
2168 4765 2264 4832 τὴν
2300 4767 2621 4837 μαρτυρίαν.
2662 4766 2910 4838 Είρηκὼς
2934 4766 3042 4836 γὰρ
3082 4768 3109 4818 6
3142 4764 3441 4834 προφήτης,
3468 4778 3486 4809 σ
3525 4760 3617 4809 Ἐκ

2053 4854 2144 4908 σού
2176 4855 2512 4919 ἐξελεύσεταί
2570 4875 2657 4927 μοι
2702 4858 3023 4927 ἡγούμενος,
3059 4876 3075 4906 ι
3120 4858 3366 4924 ἐπήγαγε
3391 4866 3402 4878 ·
3457 4870 3473 4898 ι
3510 4850 3617 4901 Καὶ

2050 4949 2104 4999 αἱ
2140 4946 2304 5010 ἔξοδοι
2350 4948 2511 5002 αὑτοῦ
2546 4950 2638 5002 ἀπ’
2670 4948 2843 5019 ἀρχῆς
2891 4946 3225 5017 ἁφ“ήμερῶν
3262 4943 3505 5002 αἰῶνος.»

2120 5040 2323 5095 ΕΡΑΝ.
2362 5042 2594 5111 Ἀριστα
2645 5043 2971 5110 πεποίηκας,
3016 5041 3191 5090 πᾶσαν
3227 5031 3484 5095 τεθεικὼς
3527 5031 3618 5083 τοῦ

2048 5131 2326 5199 προξεήτου
2361 5131 2457 5201 τὴν
2500 5132 2824 5202 μαρτυρίαν.
2866 5129 3110 5181 Δείκνυσι
3160 5126 3267 5195 γὰρ
3296 5124 3385 5176 τὸν
3425 5126 3481 5176 ὲν
3518 5124 3590 5188 Br,

2047 5220 2212 5290 θλεὲμ
2242 5222 2498 5291 τεχθέντα
2526 5223 2675 5275 Θεὸν.

2118 5311 2267 5363 ΟΡΘ.
2323 5314 2395 5363 Ού
2445 5313 2575 5364 Θεὸν
2626 5314 2805 5382 μόνον,
2850 5310 2982 5363 ἀλλὰ
3030 5309 3121 5361 καὶ
3152 5308 3457 5380 ἄνθρωπον.
3497 5303 3625 5356 ’Λν-

440 5466 484 5497 ²²
533 5463 667 5517 Gen.
700 5477 837 5524 xm,
872 5462 953 5514 lO.
1032 5462 1147 5492 ’³⁸³⁵
1175 5460 1339 5515 Hebr.
1370 5479 1427 5527 ιι,
1463 5463 1546 5517 l6.
1625 5465 1668 5494 "
1712 5462 1877 5519 Hebr.
1906 5481 1938 5519 ν

2048 5466 2118 5539 [4.
2198 5468 2239 5499 ’⁸
2271 5468 2457 5523 Matth.
2497 5485 2552 5533 ιι,
2585 5471 2635 5534 Si,
2671 5470 2735 5534 6;
2767 5468 2887 5521 coll.
2916 5466 3077 5521 Mich.
3128 5482 3181 5530 v,
3212 5465 3266 5522 2.

444 5599 555 5669 (ll)
595 5600 691 5655 Ed.
739 5601 893 5654 Hom.
943 5608 998 5654 et
1036 5599 1184 5668 Lips.
1227 5603 1434 5673 νόησαι.
