4006 6202
373 291 446 356 15
1435 295 1810 356 DIALOGUS
1853 297 1899 354 Ι.
1942 322 1957 329 -

2063 296 2574 356 ΙΜΜΗΤΛΒῙῙᾸΞ.
3553 291 3623 355 46

379 410 593 481 θρωπον
625 407 744 475 μὲν,
773 409 848 470 ὡς
873 408 933 474 ἐξ
976 407 1140 462 Ἰούδα
1176 406 1317 460 κατὰ
1349 407 1522 478 σάρκα
1548 407 1945 480 βλαστήσαντα,

2063 407 2339 462 llominem
2365 409 2610 478 quidem,
2640 418 2894 477 tanquam
2922 420 2988 461 ex
3009 403 3148 461 Iuda
3174 403 3476 460 secundum
3499 419 3623 461 car-

375 502 467 554 καὶ
499 501 559 552 ἐν
579 498 825 570 Βηθλεὲμ
861 500 1204 570 γεννηθέντα·
1234 499 1366 553 Θεὸν
1393 500 1469 562 δὲ,
1495 500 1570 563 ῶς
1602 501 1708 570 πρὸ
1739 499 1949 554 αἰώνων

373 594 708 663 ὑπάρχοντα.
751 593 826 645 Τὸ
846 593 973 660 γὰρ.
1007 611 1023 643 ι
1049 593 1142 645 Ἐκ
1179 591 1269 645 σοῦ
1299 609 1388 662 μοι
1420 591 1756 655 ἐξελεύσεται
1782 589 1947 661 ἡγούο

373 700 560 752 μενος,
605 704 623 735 ι
656 683 754 754 τὴν
799 685 939 737 κατὰ
974 685 1150 755 σάρκα
1186 684 1435 752 γέννησιν
1471 683 1570 753 τὴν
1608 684 1694 735 ἐπ’
1719 682 1948 752 ἐσχάτου

367 775 481 827 τῶν
518 774 740 846 ἡμερῶν
774 775 1147 847 γεγενημένην
1182 774 1351 845 δηλοῖο
1384 773 1446 828 τὸ
1487 774 1561 836 δὲ,
1601 793 1620 824 ι
1667 775 1730 826 Δί
1778 773 1947 838 ἔξοδοι

370 865 540 919 αὐτοῦ
565 868 660 918 ἀπ’
691 867 865 936 ἀρχῆς
889 867 979 933 ἀφ’
1011 865 1231 938 ἡμερῶν
1267 863 1483 928 αἰῶνος,
1524 884 1543 916 ι
1580 867 1679 935 τὴν
1711 865 1948 936 προαιώο

368 973 484 1008 νιον
528 955 762 1026 ὓπαρξιν
817 956 1074 1026 κηρύττει
1134 955 1341 1025 σαφῶς.
1393 954 1548 1009 Οὕτω
1600 958 1693 1009 καὶ
1736 958 1764 1008 6
1809 956 1949 1018 θεῖος

385 1045 705 1108 Ἀπόστολος
730 1049 788 1098 ἐν
815 1047 1036 1117 τῇξπρὸς
1069 1046 1374 1117 Ῥωμαίους
1392 1045 1818 1118 Ἐπιστολῇ,τῆς
1841 1063 1947 1103 πα·

372 1136 532 1198 λαιᾶς
589 1134 856 1189 Ἰουδαίων
890 1136 1179 1207 εὐκληρίας
1217 1137 1610 1208 ὀλοφυρόμενος
1639 1135 1734 1206 τὴν
1769 1137 1860 1189 ἐπὶ
1892 1137 1950 1188 τὸ

373 1232 555 1298 χεῖρον
583 1227 903 1298 μεταϐολὴν,
945 1229 1041 1282 καὶ
1064 1230 1160 1298 τῆς
1191 1228 1339 1292 θείας
1377 1227 1711 1296 ἐπαγγελίας
1737 1229 1828 1280 καὶ
1865 1246 1949 1280 νο-

377 1319 636 1388 μοθεσίας
685 1317 1101 1389 μνημονεύσας,
1169 1321 1260 1373 καὶ
1312 1318 1479 1372 ταῦτα
1533 1319 1943 1392 προστέθεικεν

376 1429 396 1458 ο
447 1405 546 1462 Ὧν
566 1411 616 1462 οἱ
653 1413 910 1482 πατέρες,
934 1412 1026 1463 καὶ
1049 1411 1107 1477 ἐξ
1133 1404 1207 1464 ὧν
1248 1413 1274 1464 6
1314 1411 1547 1480 Χριστὸς
1574 1411 1714 1463 κατὰ
1749 1412 1944 1481 σάρκα,

368 1503 403 1554 ὀ
429 1500 517 1555 ὢν
555 1503 649 1555 ἐπὶ
683 1503 905 1556 πάντων
944 1502 1076 1565 Θεὸς
1119 1503 1410 1573 εὐλογητὸς
1457 1505 1534 1566 είς
1581 1504 1705 1566 τοὺς
1746 1503 1947 1564 αίῶνας

368 1595 480 1647 τῶν
524 1593 757 1647 αίὼνων.
802 1595 998 1665 Ἀμήν.
1026 1613 1044 1644 ι
1086 1595 1195 1647 Καὶ
1247 1594 1387 1648 κατὰ
1422 1593 1637 1655 ταύτὸν,
1701 1595 1796 1648 καὶ¹
1842 1594 1946 1648 τῶν

379 1685 638 1738 ἁπάντων
667 1685 1026 1755 Δημιουργὸν,
1078 1673 1178 1738 καῖ
1213 1685 1508 1755 Δεσπότην,
1555 1685 1646 1738 καὶ
1684 1685 1946 1754 πρύτανιν

371 1775 454 1837 ὡς
491 1773 646 1837 Θεὸν,
690 1775 785 1826 καὶ
821 1774 878 1838 ἐξ
932 1774 1198 1828 Ἰουδαίων
1219 1773 1622 1846 βεϐλαστηκότα
1641 1775 1716 1838 ὡς
1739 1775 1949 1846 ἄνθρωο
1980 1757 2023 1812 Β

379 1880 484 1914 πον
505 1861 724 1926 ἔδειξεν.

453 1952 653 2004 ΕΡΔΝ.
707 1952 837 2006 Ἰδοὺ
879 1953 1052 2006 ταῦτα
1083 1954 1466 2024 ήρμήνευσαςσ
1505 1953 1751 2026 πρὸςτὴν
1795 1956 1954 2024 Ἰερεο

385 2043 512 2112 μίου
550 2044 880 2115 προνοητείαν
933 2046 987 2099 τί
1033 2046 1098 2100 ἂν
1153 2046 1363 2111 εἴποις,
1405 2047 1617 2117 Ἐκείνη
1659 2046 1767 2116 γὰρ
1792 2048 1952 2099 αὐτὸν

379 2135 516 2188 Θεὸν
541 2137 697 2206 μόνον
735 2139 1014 2208 κηρύττει.

447 2225 600 2278 0P6.
659 2227 825 2280 Ποίαν
859 2227 1038 2293 λὲγεις
1085 2227 1456 2298 προφητείαν;

443 2317 653 2370 ΕΡΑΝ.
681 2335 699 2368 ι
729 2313 897 2381 Οὗτος
917 2319 944 2370 6
969 2317 1100 2380 Θεὸς
1126 2319 1304 2389 ἡμῶν,
1337 2319 1398 2371 οὐ
1425 2319 1808 2390 λογισθήσεται
1834 2320 1951 2372 ’ἐτε-

377 2423 470 2478 ρος
526 2409 664 2478 πρὸς
707 2407 890 2461 αὐτόν.
946 2407 1165 2477 Ἐξεῦρε
1239 2409 1419 2462 πᾶσαν
1461 2409 1575 2462 ὁδὸν
1619 2409 1948 2480 ἐπιστήμης,

376 2501 470 2552 καὶ
537 2500 739 2552 ἔδωκεν
791 2500 960 2571 αὐτὴν
1037 2498 1230 2552 Ἰακὼϐ
1288 2500 1366 2570 τῷ
1423 2501 1758 2553 παιδὶαύτοῦ
1789 2541 1803 2564 ,
1856 2503 1948 2555 καὶ

389 2594 609 2663 Ἰσραὴλ
638 2592 716 2662 τῷ
745 2591 1088 2661 ἠγαπημένῳ
1132 2591 1222 2643 ὑπ’
1255 2590 1438 2643 αὐτοῦ.
1474 2593 1626 2647 Μετὰ
1651 2591 1819 2646 ταῦτα
1861 2592 1951 2645 ἐπὶ

378 2683 482 2751 τῆς
527 2682 630 2749 γῆς
673 2681 826 2750 ὤφθη
861 2683 953 2734 καὶ
985 2683 1097 2743 τοῖς
1139 2680 1444 2750 ἀνθρώποις
1478 2683 1946 2752 συνανεστράφη.»

394 2775 488 2826 Ἐν
515 2772 719 2835 τούτοις
748 2774 776 2824 6
801 2774 1086 2842 προρήτης
1109 2771 1233 2824 οὔτε
1258 2774 1384 2842 περὶ
1420 2775 1640 2843 σαρκὸς,
1669 2773 1790 2826 οὗτε
1825 2773 1954 2842 περὶ

379 2865 822 2936 ἀνθρωπὸτητος,
855 2862 976 2916 οὔτε
1014 2865 1143 2935 περὶ
1184 2863 1491 2932 ἀνθρώπου,
1520 2866 1654 2918 ἀλλὰ
1693 2865 1819 2936 περὶ
1851 2867 1950 2937 μό-

378 2974 476 3010 νου
505 2957 638 3010 Θεοῦ
674 2955 1100 3027 προηγόρευσεν.

452 3049 604 3102 ΟΡΘ.
648 3047 764 3099 Ποῦ
809 3048 987 3100 τοίνυν
1022 3047 1176 3117 χρεία
1224 3048 1625 3118 συλλογισμῶνς
1669 3050 1778 3118 Τὴν
1805 3050 1952 3102 θείαν
1982 3067 2022 3121 (;

373 3157 547 3208 φύσιν
591 3140 824 3209 ἀόρατον
874 3135 1011 3190 εἷναί
1065 3154 1282 3207 φαμεν,
1341 3139 1376 3208 ἢ
1427 3140 1489 3190 οὐ
1540 3140 1837 3208 πειθόμεθα
1879 3139 1954 3209 τῷ

390 3233 706 3301 Ἀποστὸλῳ
757 3230 998 3299 λέγοντι,
1056 3249 1072 3280 ι
1116 3230 1439 3301 Ἀφθάρτῳ,
1498 3232 1746 3304 ἀοράτῳ,
1809 3233 1954 3303 μόνῳ

370 3322 532 3391 Θεῴ;
558 3343 576 3374 ι

453 3415 658 3467 ΕΡΑΝ.
716 3415 1216 3483 ’Δναμςιιλέκτωςή
1251 3413 1368 3466 θεία
1405 3413 1564 3482 φύσις
1593 3414 1846 3485 ἀόρατος.

454 3590 607 3645 ΟΡΘ.
636 3589 761 3655 Πῶς
792 3590 971 3642 τοίνυν
996 3584 1107 3643 οἶόν
1129 3606 1186 3642 τε
1215 3585 1283 3660 ἦν
1307 3589 1538 3660 ὀφθῆναι
1562 3590 1684 3661 δίχα
1709 3592 1952 3664 σώματος

375 3682 484 3751 τὴν
530 3681 761 3750 ἀόρατον
792 3680 989 3750 φύσιν;
1019 3681 1090 3734 Ἦ
1119 3681 1180 3733 οὐ
1210 3681 1485 3751 μέμνησαι
1529 3683 1638 3736 τῶν
1669 3684 1953 3738 ἀποστολι-

376 3772 496 3826 κῶν
553 3772 775 3825 ἐκείνων
830 3771 1041 3842 ῥητῶν,
1091 3771 1127 3825 ἃ
1159 3771 1618 3842 διδάσκειισαφῶς
1661 3773 1761 3843 τῆς
1807 3773 1955 3837 θείας

379 3863 600 3934 φύσεως
656 3864 717 3916 τὸ
753 3863 1009 3929 ἀθέατον;
1067 3863 1227 3930 Λέγει
1258 3863 1314 3914 δὲ
1368 3863 1559 3926 οὕτως’
1610 3884 1627 3914 ι
1675 3867 1771 3917 Ὃν
1817 3861 1954 3918 εἶδεν

377 3954 562 4018 οὐδεὶς
599 3954 933 4025 ἀνθρώπων,
977 3952 1100 4007 οὔτε
1147 3954 1275 4006 ἰδεῖν
1308 3955 1550 4006 δύναται.
1603 3973 1620 4004 ι
1669 3955 1730 4006 Εἰ
1779 3955 1956 4007 τοίνυν

377 4044 649 4107 ἀδύνατος
686 4045 1010 4114 ἀνθρώποις,
1050 4043 1161 4112 ἐγὼ
1199 4044 1256 4096 δέ
1300 4059 1442 4114 φημι
1471 4043 1565 4096 καὶ
1607 4043 1879 4111 ἀγγέλοις,
1922 4046 1954 4114 ἠ

379 4136 488 4202 τῆς
520 4137 670 4198 θείας
702 4136 916 4204 φύσεως
955 4136 1179 4205 θεωρία,
1211 4135 1332 4190 εἰπὲ
1377 4134 1495 4198 πῶς
1534 4135 1626 4188 ἐπὶ
1663 4135 1763 4206 τῆς
1800 4135 1902 4204 γῆς
1929 4137 1957 4186 6

379 4224 615 4286 assa—.0;
648 4225 740 4277 καὶ
768 4225 997 4294 ἀόρατος
1026 4224 1200 4296 ὤφθη.

2051 517 2175 554 nem
2220 510 2573 572 prepagatum
2617 509 2673 557 et
2742 501 2798 555 in
2845 500 3125 556 Bethleem
3167 505 3355 553 natum
3398 516 3409 549 :
3452 498 3623 552 Deum

2050 608 2200 655 vero,
2227 603 2481 663 tanquam
2509 603 2635 648 ante
2659 592 2856 649 mula
2873 591 3248 647 exsistentem.
3275 589 3390 645 Hoc
3429 590 3577 645 enim
3611 607 3621 642 :

2058 702 2074 732 ι
2113 684 2188 737 Ex
2218 693 2268 736 te
2309 683 2439 740 mihi
2484 684 2797 754 egredietur
2840 683 2971 748 dux,
3006 701 3024 734 ι
3053 681 3394 737 nativitatem
3424 695 3624 736 secun-

2049 771 2180 826 dum
2213 787 2431 826 carnem
2452 813 2467 836 ,
2510 789 2632 843 qua:
2678 773 2734 828 in
2764 771 3079 829 novissimis
3120 769 3314 825 diebus
3343 769 3481 825 facta
3510 779 3623 830 est,

2050 864 2289 919 ostendit
2319 883 2330 916 :
2362 864 2494 919 illud
2529 880 2660 919 vero
2690 882 2703 917 :
2741 883 2759 915 ι
2794 865 3058 936 Egressus
3087 864 3206 935 ejus
3231 861 3304 917 ab
3344 861 3501 917 initio
3527 863 3564 924 ‘,
3593 877 3625 914 a

2051 957 2248 1012 diebus
2284 957 2638 1021 teternitatis,
2700 980 2716 1007 ι
2756 973 2882 1013 eum
2933 967 3059 1012 ante
3114 957 3312 1012 saecula
3347 955 3625 1012 exstitisse

2051 1059 2234 1120 aperte
2268 1049 2523 1108 declarat.
2553 1050 2643 1107 Sic
2664 1051 2830 1107 etiam
2853 1050 3076 1105 divinus
3105 1048 3396 1120 Apostolus
3420 1047 3474 1102 in
3499 1047 3628 1118 Epi-

2051 1142 2190 1197 stola
2231 1141 2298 1196 ad
2346 1142 2637 1205 Romanos,
2668 1151 2908 1198 veterem
2952 1141 3265 1196 Iudaeorum
3306 1139 3623 1195 felicitatem

2050 1234 2106 1288 in
2139 1233 2382 1289 deterius
2416 1243 2678 1289 mutatam
2727 1232 2962 1296 deﬂens,
3005 1232 3354 1301 divinamque
3387 1231 3624 1301 promis-

2050 1323 2258 1378 sionem
2283 1333 2337 1380 et
2369 1325 2541 1397 legem
2573 1324 2653 1378 eis
2681 1323 2859 1378 datam
2894 1337 3350 1386 commemorans,
3377 1321 3482 1376 hoc
3505 1329 3624 1375 tan-

2049 1415 2172 1470 dem
2206 1416 2474 1487 subjecit:
2511 1435 2528 1468 ε
2567 1415 2812 1482 Quorum
2842 1423 3024 1486 patres
3065 1423 3122 1469 et
3143 1430 3209 1469 ex
3237 1413 3438 1484 quibus
3459 1412 3622 1468 Chri-

2049 1515 2166 1562 stus
2196 1508 2497 1564 secundum
2534 1523 2774 1573 carnem,
2811 1507 2906 1577 qui
2937 1515 3022 1560 est
3061 1520 3228 1576 super
3262 1504 3445 1560 omnia
3478 1505 3626 1558 Deus

2049 1599 2374 1654 benedictus
2425 1599 2480 1653 in
2530 1599 2725 1654 sarcula
2761 1599 3107 1654 saeculorum.
3154 1597 3328 1651 Amen
3363 1596 3428 1647 ".
3473 1613 3489 1645 ι
3522 1594 3623 1648 lis—

2049 1690 2283 1761 demque
2319 1690 2500 1744 verbis
2533 1698 2588 1745 et
2620 1689 2866 1745 omnium
2899 1688 3270 1750 Conditorem,
3308 1684 3622 1747 Dominum,

2050 1797 2114 1835 ac
2145 1781 2567 1851 gubernatorem
2599 1797 2720 1837 esse
2745 1780 2983 1835 ostendit
3021 1787 3078 1835 ut
3114 1779 3305 1840 Deum,
3342 1788 3399 1831 et
3431 1793 3496 1832 ex
3524 1777 3623 1833 Ju-

2052 1870 2185 1925 dzeis
2217 1880 2398 1925 ortum
2431 1881 2492 1926 ut
2525 1872 2825 1926 hominem.

2123 1960 2327 2014 ERAN.
2364 1961 2504 2017 Ecce
2542 1963 2642 2017 ista
2681 1961 3071 2030 interpretatus
3115 1975 3175 2013 es
3216 1978 3229 2012 :
3266 1959 3332 2013 ad
3378 1958 3628 2014 Jeremiaa

2051 2050 2392 2120 prOphetiam
2419 2051 2550 2120 quid
2587 2051 2771 2105 dices?
2792 2051 2884 2105 Illa
2917 2051 3063 2105 enim
3102 2065 3230 2105 eum
3254 2049 3430 2103 solum
3454 2048 3625 2104 Deum

2050 2157 2170 2196 esse
2198 2142 2470 2210 praedicat.

2123 2230 2330 2286 ORTH.
2369 2232 2543 2299 Quam
2579 2232 2718 2287 dicis
2760 2233 3136 2302 prophetiam?

2121 2322 2326 2377 ERAN.
2368 2342 2387 2375 ‹
2421 2323 2520 2378 Hic
2549 2324 2688 2378 Deus
2719 2333 2928 2389 noster,
2963 2339 3073 2379 non
3112 2322 3456 2392 reputabitur
3488 2322 3629 2376 alius

2051 2419 2250 2482 printer
2317 2414 2518 2482 ipsum.
2592 2413 2804 2468 Invenit
2857 2430 3076 2469 omnem
3143 2414 3283 2468 viam
3347 2413 3624 2475 scientiae,

2049 2512 2105 2557 et
2129 2502 2281 2557 dedit
2313 2519 2431 2557 eam
2454 2491 2660 2558 Iacobo
2684 2503 2796 2558 ﬁlio
2823 2519 2942 2567 suo,
2975 2513 3031 2558 ct
3065 2504 3250 2558 lsraeli
3281 2504 3482 2558 dilecto
3504 2519 3624 2558 suo.

2053 2593 2180 2647 Post
2214 2593 2331 2648 haec
2367 2595 2422 2649 in
2457 2595 2617 2649 terris
2668 2595 2817 2650 visus
2863 2603 2980 2660 est,
3032 2604 3088 2650 et
3134 2611 3262 2650 cum
3314 2595 3630 2650 hominibus

2053 2692 2409 2739 conversatus
2427 2693 2510 2738 est
2533 2685 2598 2736 ⁸³.
2616 2684 2702 2738 ιῐιι
2722 2685 2807 2738 his
2829 2685 3097 2754 propheta
3118 2702 3220 2742 nec
3241 2687 3309 2741 de
3325 2702 3509 2751 carne,
3526 2701 3629 2740 nec

2053 2773 2120 2829 de
2157 2775 2528 2839 humanitate,
2573 2775 2678 2845 18
2729 2792 2829 2831 nec
2879 2777 2946 2831 de
2983 2777 3240 2842 homine,
3279 2777 3373 2832 sed
3409 2777 3476 2832 de
3509 2778 3629 2833 solo

2053 2863 2164 2916 Deo
2196 2863 2526 2918 vaticinatus
2559 2874 2660 2918 est.

2125 3039 2332 3094 ORTH.
2387 3039 2618 3096 Ubinam
2677 3055 2806 3110 ergo
2860 3039 3294 3094 ratiocinationis
3339 3047 3426 3094 est
3459 3040 3630 3095 usus?

2057 3133 2304 3187 Divinam
2325 3141 2577 3187 naturam
2601 3131 2930 3187 invisibilem
2950 3146 3068 3187 esse
3090 3131 3346 3196 dicimus,
3372 3141 3467 3186 aut
3485 3131 3630 3202 Apo-

2055 3223 2195 3276 stolo
2228 3236 2338 3276 non
2374 3222 2706 3275 assentimur
2738 3222 2978 3276 dicenti:
3025 3243 3042 3274 ι
3077 3223 3393 3287 lmmortali,
3438 3222 3631 3278 invisi-

2059 3313 2175 3375 bili,
2206 3314 2306 3369 soli
2335 3314 2447 3368 Deo
2477 3312 2564 3365 ὀἳ
2604 3333 2622 3364 ι

2129 3405 2333 3459 ERAN.
2369 3403 2519 3460 Citra
2553 3403 2978 3459 controversiam
3012 3402 3197 3458 divina
3243 3412 3438 3459 natura
3483 3403 3628 3458 invi-

2057 3494 2230 3549 sibilis
2262 3504 2363 3548 est.

2124 3586 2332 3640 ORTll.
2359 3584 2643 3650 Quomodo
2668 3598 2798 3652 ergo
2836 3584 2952 3636 sine
2977 3596 3207 3652 corpore
3229 3582 3381 3635 cerni
3415 3588 3631 3650 poterat

2058 3674 2351 3729 invisibilis
2392 3673 2629 3726 natura?
2672 3673 2752 3726 An
2794 3672 3010 3724 illorum
3045 3671 3337 3723 verborum
3384 3669 3630 3736 Apostoli

2057 3778 2166 3816 non
2202 3761 2520 3824 meministi,
2552 3776 2672 3830 qum.
2707 3759 2994 3829 perspicue
3025 3758 3224 3812 docent
3253 3758 3492 3811 divinam
3530 3775 3630 3812 na-

2059 3863 2237 3907 turam
2268 3852 2512 3921 conspici
2546 3867 2654 3906 non
2683 3850 2882 3921 posse?
2915 3850 3006 3905 Sic
3029 3849 3177 3904 enim
3199 3849 3333 3904 dicit
3374 3866 3387 3902 :
3415 3868 3432 3900 ι
3458 3848 3631 3915 Quem

2059 3945 2243 4000 nullus
2289 3945 2571 3998 hominum
2605 3944 2762 4004 vidit,
2795 3943 2905 3996 imo
2935 3957 3004 3996 ne
3050 3941 3236 3996 videre
3283 3940 3506 4011 quidem
3537 3957 3634 4012 po-

2060 4045 2168 4091 test
2200 4037 2264 4090 ”.
2297 4055 2315 4087 ι
2349 4036 2404 4091 Si
2431 4051 2562 4107 ergo
2614 4051 2716 4090 nec
2758 4037 2826 4090 ab
2869 4034 3205 4098 hominibus,
3238 4033 3362 4088 dico
3397 4050 3499 4104 ego
3530 4049 3634 4089 nec

2059 4131 2127 4184 ab
2153 4130 2376 4200 angelis,
2415 4128 2656 4197 conspici
2682 4137 2861 4197 potest
2893 4127 3079 4181 divina
3112 4136 3329 4199 natura,
3363 4125 3454 4182 dic
3491 4143 3632 4196 quo-

2060 4221 2222 4275 modo
2253 4221 2304 4273 in
2337 4227 2480 4273 terra
2516 4219 2564 4273 is
2592 4219 2742 4272 visus
2763 4227 2847 4272 est
2871 4217 2964 4287 qui
2991 4217 3143 4272 cerni
3171 4226 3230 4271 et
3255 4217 3496 4286 conspici
3520 4232 3631 4272 non

2059 4321 2260 4381 potest.

457 4399 664 4452 EPAN.
707 4401 764 4451 '0
819 4399 1106 4471 προφήτης
1151 4395 1345 4464 εἶπεν,
1411 4401 1493 4453 ὃτι
1553 4401 1647 4453 ἐπὶ
1708 4400 1809 4470 τῆς
1858 4402 1957 4471 γῆς

2131 4403 2336 4457 ERAN.
2366 4401 2634 4471 Propheta
2665 4400 2822 4464 dixit,
2853 4399 2999 4469 quod
3036 4399 3088 4453 in
3109 4407 3261 4454 terra
3285 4398 3434 4455 visus
3469 4398 3628 4453 sit".

388 4491 568 4546 ὦφθη.

477 4510 504 4544 υ
551 4533 568 4546 .

374 4510 615 4634 MP038.
651 4583 758 4634 Καὶ
783 4584 810 4634 6
853 4581 1176 4644 ’Δπόστολος
1203 4577 1377 4646 εἶπεν,
1412 4600 1431 4634 ι
1454 4582 1760 4654 meum,
1790 4583 1960 4655 ἀορά-

375 4692 486 4744 τῳ,
515 4673 660 4743 μόνῳ
687 4673 821 4742 Θεῷ·
860 4692 878 4722 ι
920 4675 1037 4738 καὶ,
1087 4693 1106 4726 ι
1145 4677 1241 4726 Ὃν
1273 4670 1412 4728 εἶδεν
1434 4675 1606 4738 οὐδεὶς
1632 4674 1955 4746 ἀνθρώπων,
2008 4657 2011 4659 ’

377 4766 513 4820 οὔτε
542 4765 671 4816 ίδείν
705 4764 946 4819 δύναται.
979 4784 998 4819 ι

459 4856 665 4910 ΕΡΔΝ,
707 4858 770 4910 Τί
805 4853 926 4920 οὖν;
956 4855 1209 4926 ψεύδεται
1245 4857 1275 4909 ὸ
1320 4857 1640 4928 προφήτης;

456 4947 612 5000 οΡΘ.
650 4946 741 5017 Μὴ
771 4947 1008 5016 γένοιτοι
1037 4947 1134 5001 τοῦ
1188 4947 1332 5001 θείου
1364 4946 1472 5017 γὰρ
1515 4945 1834 5016 Πνεύματος
1862 4946 1956 4997 καὶ

379 5037 562 5092 ταῦτα
589 5040 816 5092 κάκεῖνα
843 5039 910 5093 τὰ
943 5041 1186 5111 ῥήματα.

458 5128 663 5182 EPAN.
706 5131 1040 5201 Ζητησωμεν
1084 5129 1199 5201 (12)
1249 5127 1425 5182 τοίνυν
1477 5127 1595 5191 πῶς
1647 5129 1677 5180 ὁ
1731 5127 1963 5198 ἀόρατος

392 5222 570 5278 ὤφθη.

401 5251 413 5262 .
479 5240 505 5272 υ
553 5262 570 5278 ,

383 5240 613 5364 υφΟέΞΘ.
641 5312 734 5381 Μή
783 5330 873 5381 μοι
915 5311 1210 5382 λογισμοὺς
1261 5311 1356 5365 καὶ
1410 5311 1802 5378 συλλογισμοὺς
1833 5309 1962 5380 ’(15)

2132 4580 2339 4636 ORTH.
2396 4581 2462 4635 Et
2497 4579 2790 4649 Apostolus
2829 4577 2986 4635 dixit,
3026 4595 3044 4626 ι
3084 4574 3402 4636 lmmortali,
3439 4574 3631 4628 invisi-

2062 4671 2182 4735 bili,
2211 4671 2310 4725 soli
2339 4672 2483 4735 Deo;
2513 4689 2532 4720 ι
2566 4677 2622 4723 et
2651 4686 2664 4720 :
2700 4686 2719 4717 ι
2752 4668 2924 4734 Quem
2954 4667 3138 4721 nullus
3166 4665 3451 4720 hominum
3473 4663 3631 4726 vidit,

2063 4761 2174 4816 imo
2203 4776 2312 4814 non
2343 4761 2528 4813 videre
2559 4765 2756 4827 potest.
2795 4776 2813 4808 ›

2135 4850 2342 4905 ERAN.
2379 4841 2525 4915 Quid
2549 4864 2679 4920 ergo
2705 4848 2727 4902 ?
2760 4847 3026 4904 falsumne
3058 4847 3194 4902 dicit
3223 4848 3531 4918 propheta?
3583 4905 3586 4909 ,

2135 4941 2345 4997 ORTH.
2377 4941 2535 4995 Absit
2561 4942 2574 4994 ί
2605 4941 2774 4996 divini
2801 4941 2948 4996 enim
2979 4939 3218 5011 Spiritus
3246 4951 3301 4994 et
3325 4941 3442 4997 haec
3464 4949 3522 4997 et
3543 4941 3634 4998 illa

2063 5043 2194 5091 sunt
2217 5035 2405 5088 verba.

2135 5126 2341 5183 ERAN.
2385 5124 2705 5192 Quaeramus
2734 5127 2752 5146 ‘
2798 5123 2984 5195 igitur,
3011 5139 3122 5194 quo
3148 5131 3309 5194 pacto
3343 5123 3639 5181 invisibilis

2067 5218 2218 5273 visus
2251 5218 2339 5274 sit.

2139 5309 2345 5364 ORTH.
2382 5307 2460 5362 Ne
2507 5305 2640 5359 mihi
2685 5305 3043 5375 cogitationes
3085 5313 3141 5360 et
3191 5304 3636 5360 ratiocinationes

462 5423 504 5453 ³⁷
533 5423 698 5477 Rom.
730 5440 802 5487 ix,
837 5424 890 5478 5.
965 5422 1010 5454 ’⁸
1051 5424 1258 5478 Baruch
1288 5440 1362 5488 ιιι,
1396 5423 1586 5477 35-37.
1665 5425 1709 5454 ’9
1745 5425 1764 5477 l
1794 5424 1936 5478 Tim.

2063 5425 2113 5478 7.
2191 5422 2234 5454 ³⁰
2265 5423 2286 5477 l
2312 5422 2453 5475 Tim.
2482 5437 2553 5484 tu,
2585 5420 2669 5474 16.
2747 5419 2788 5450 ³¹
2817 5418 3030 5473 Baruch
3061 5436 3138 5485 ιιι,
3191 5420 3279 5475 58.

462 5537 573 5608 (ιε)
629 5535 923 5608 Sequimur
969 5536 1100 5591 edit.
1155 5536 1314 5608 Rom.
1359 5545 1432 5590 et
1462 5536 1608 5605 Lips.
1670 5552 1805 5608 quae
1853 5535 1967 5608 hmo

387 5603 681 5670 l-i:anista:,
719 5603 970 5676 proxima
995 5615 1176 5662 autem
1213 5607 1303 5676 Μή
1337 5623 1428 5676 μοι
1459 5603 1740 5675 -ξγραιρᾖ
1770 5603 1968 5659 Ortho-

389 5681 535 5734 dum
580 5674 738 5730 recte
774 5676 1042 5738 tribuunt,
1077 5686 1131 5731 et
1172 5674 1302 5745 quae
1336 5674 1594 5745 deinceps
1639 5683 1963 5743 sequuntur,

2077 5534 2299 5604 Μηδένα
2320 5564 2389 5604 -—_-
2411 5532 2701 5604 μαρτυρίᾳ,
2740 5531 3002 5604 proximis
3017 5533 3140 5604 Ἐᾁν
3173 5551 3284 5604 μοι,
3307 5551 3360 5587 κ.
3383 5551 3433 5585 τ.
3458 5535 3509 5586 λ.
3536 5533 3602 5586 ari
3621 5559 3636 5570 -

2074 5600 2328 5674 jungunt.
2361 5600 2917 5674 Inverstum’ordinetn
2947 5603 3120 5656 tenuit
3150 5600 3492 5674 Sirmondns.

2151 5670 2261 5743 (l3)
2301 5690 2352 5724 κ.
2404 5670 2547 5725 συλλ.
2587 5671 2662 5725 Ex
2689 5671 2821 5725 edit.
2854 5671 3008 5726 Rom.
3053 5682 3106 5727 et
3151 5672 3296 5742 Lips.
3338 5674 3634 5726 insertum.
