4006 6202
380 288 449 354 Π
1361 266 1842 334 TIIEODORETI
1882 261 2223 324 EPISCOPI
2263 263 2626 324 CYRENSIS
3569 260 3639 322 4g

382 397 644 449 humanas
671 390 982 447 adduxeris.
1018 388 1131 459 Ego
1159 385 1307 442 enim
1353 383 1409 437 in
1439 382 1553 436 sola
1582 379 1766 434 divina
1803 373 1952 429 Scri-

2091 371 2430 443 .νθρωπίνους
2451 371 2846 443 προσενέγκῃς.
2889 371 3032 442 Ἐγὼ
3076 373 3186 443 γὰρ
3215 371 3351 443 μόνῃ
3382 370 3640 441 πείθομαι

378 493 538 557 ptura
572 483 880 552 acquiesco.
1545 556 1548 557 ν
1886 546 1922 557 η

2095 466 2125 534 ᾖ
2156 463 2276 535 θείᾳ
2311 464 2524 534 Γραφῇ.

453 571 557 641 19
598 546 809 625 ΕίὶΑΝ.
845 567 1059 622 Nullam
1095 563 1361 618 rationem
1410 556 1685 616 admittes,
1718 564 1838 620 quze
1870 546 1955 641 d_i-_

2131 555 2331 607 EPAN.
2363 555 2585 625 Μηδένα
2607 555 2733 625 δέξῃ
2750 555 2907 624 λόγον
2929 556 3063 625 (Η),
3087 556 3292 625 ἥκιστα
3318 553 3644 624 βεϐαιούμε-

378 638 838 730 vi~n—2echripturaa
863 656 1175 714 testimonio
1198 669 1308 708 non
1331 649 1707 706 conﬁrmetur.
1740 641 1797 696 Si
1821 638 1956 692 mihi

2093 661 2150 696 ον
2176 645 2435 718 Γραφικῇ
2479 648 2777 717 μαρτυρίᾳ.
2843 647 2967 700 Ἐάν
3025 663 3114 718 μοι
3159 645 3260 715 τῆς
3309 645 3643 714 ἀμφιϐολίας

378 772 442 810 cx
475 755 658 808 divina
698 752 982 820 Scriptura
1011 743 1373 803 dubitationis
1399 739 1726 796 solutionem
1757 733 1958 788 attule-

2093 736 2158 807 ὴν
2189 737 2341 790 λύσιν
2383 739 2446 791 ἐκ
2477 738 2576 808 τῆς
2610 739 2756 802 θείας
2801 740 3179 812 προσενέγκῃς
3209 739 3457 809 Γραφῆς.
3498 737 3646 802 δέξφ

377 848 473 912 ris,
504 845 788 900 admittam
815 850 869 898 et
899 841 1122 895 minime
1147 837 1539 893 contradicam.

2091 843 2163 880 ιαι
2193 829 2284 880 καὶ
2309 829 2407 881 οὑκ
2446 829 2896 901 ἀντιφθέγξομαι.

447 923 658 998 ΟίὶῚἭ.
687 939 807 995 Scis
825 936 972 1007 quod
1001 933 1164 1004 paulo
1197 939 1324 986 ante
1354 929 1562 984 dictum
1585 921 1959 994 evangelicum

2133 920 2284 972 ΟΡΘ.
2339 917 2488 973 Οἷσθ⁹
2517 921 2598 975 ὅτι
2633 923 2727 974 καὶ
2762 924 2868 995 πρὸ
2923 923 3156 996 βραχέος
3207 929 3305 998 τὴν
3359 929 3645 998 εὐαγγελι-

376 1050 476 1105 per
505 1031 749 1103 Apostoli
782 1028 1155 1085 testimonium
1184 1022 1663 1082 declaraverimus,
1691 1015 1961 1084 nobisque

2091 1008 2164 1080 εὴν
2200 1011 2356 1082 ῥῆσιν
2394 1010 2482 1064 διὰ
2521 1011 2618 1081 τῆς
2646 1013 3011 1083 ἁποστολικῆς
3040 1017 3346 1087 μαρτυρίας
3377 1018 3524 1086 σαφῆ
3551 1034 3649 1070 πεο

378 1103 633 1197 cxposuit
661 1123 880 1178 divinus
909 1119 1206 1190 Apostolus
1239 1115 1515 1188 quomodo
1538 1112 1780 1168 Verbum
1833 1120 1961 1161 caro

2091 1103 2404 1173 ιοιήκαμεν,“
2443 1104 2537 1157 καὶ
2575 1104 2880 1176 δεδήλωκεν
2933 1107 3066 1176 ἡμῖν
3096 1107 3207 1177 (15)
3234 1109 3261 1159 6
3303 1109 3444 1173 θεῖος
3485 1110 3646 1162 Ἀπόο

378 1218 582 1271 factum
613 1215 704 1279 sit,
737 1214 939 1268 diserte
965 1213 1155 1267 dicens
1181 1227 1194 1264 :
1230 1228 1248 1260 ι
1274 1208 1397 1262 Non
1419 1207 1567 1262 enim
1600 1203 1822 1273 angelos
1847 1199 1959 1253 uti—

380 1323 485 1377 que
510 1306 761 1372 assumit,
790 1305 886 1360 sed
920 1319 1108 1359 semen
1140 1300 1372 1356 Abrahae
1397 1299 1626 1354 assumit
1653 1296 1717 1348 ³¹.
1758 1313 1775 1345 ι
1810 1292 1958 1346 ldem

383 1399 548 1465 igitur
574 1407 630 1452 et
657 1412 806 1451 nunc
833 1395 1051 1450 docebit
1079 1408 1182 1448 nos
1213 1392 1475 1462 magister
1516 1386 1793 1459 quomodo
1818 1385 1964 1438 Deus

383 1493 620 1546 V’crbum
655 1492 710 1544 in
755 1498 900 1544 terra
937 1489 1089 1543 visus
1130 1485 1202 1542 sit
1232 1493 1288 1540 et
1319 1499 1444 1538 cum
1477 1478 1796 1536 hominibus
1829 1492 1962 1533 con-

382 1595 652 1640 versatus.

455 1678 662 1733 ERAN.
693 1678 807 1748 Ego
851 1686 907 1732 et
943 1673 1256 1747 apostolicis
1301 1680 1358 1726 et
1402 1665 1742 1742 prepheticis
1772 1679 1960 1717 asscn-
1989 1718 1992 1719 ν

386 1769 494 1824 tior
536 1767 902 1824 sermonibus.
935 1766 1128 1822 Profer
1175 1765 1342 1834 igitur
1377 1775 1539 1832 quam
1585 1757 1859 1828 pollicitus
1904 1768 1964 1806 cs

385 1861 686 1932 prophetiae
729 1858 1259 1929 interpretationem.

456 1952 664 2008 ORTH.
701 1951 783 2006 Ad
815 1950 1164 2004 Timotheum
1198 1946 1446 2001 scribens
1481 1943 1702 1998 divinus
1735 1939 1968 2008 Aposto-

386 2048 473 2100 lus
502 2046 620 2099 haec
645 2044 808 2098 etiam
837 2041 1037 2113 adjecit
1062 2057 1075 2092 ε
1113 2060 1130 2090 ι
1167 2038 1450 2093 Manifeste
1475 2049 1731 2105 magnum
1754 2040 1838 2086 est
1857 2030 1973 2100 pie-

389 2139 515 2192 tatis
553 2134 908 2206 mysterium;
950 2133 1096 2187 Deus
1140 2118 1520 2183 manifestatus
1554 2134 1638 2179 est
1681 2125 1735 2177 in
1775 2137 1969 2186 carne,

384 2227 714 2296 justiﬁeatus
736 2226 790 2278 in
821 2223 1042 2293 spiritu,
1065 2222 1217 2275 visus
1245 2218 1470 2288 angelis,
1493 2214 1823 2284 prmdicatus
1843 2227 1975 2282 gen-

389 2320 559 2382 tibus,
589 2316 834 2371 creditus
856 2322 940 2368 est
966 2313 1021 2365 in
1051 2311 1278 2373 mundo,
1311 2316 1624 2375 assumptus
1651 2313 1736 2359 est
1769 2305 1822 2357 in
1856 2303 1973 2372 glo-

389 2410 580 2465 ria”.o
604 2407 947 2462 Manifestum
969 2413 1053 2458 est
1081 2419 1231 2473 ergo,
1265 2399 1410 2470 quod
1439 2397 1731 2452 invisibilis
1753 2395 1974 2464 quidem

391 2501 464 2554 sit
487 2499 671 2554 divina
696 2506 914 2560 natura,
944 2494 1180 2549 visibilis
1209 2500 1393 2547 autem
1427 2505 1576 2553 caro,
1606 2498 1661 2542 et
1695 2486 1842 2557 quod
1878 2503 1976 2556 per

391 2593 534 2647 hanc
555 2590 828 2644 visibilem
860 2585 1153 2641 invisibilis
1179 2585 1270 2638 illa
1299 2589 1590 2651 conspecta
1620 2580 1710 2643 sit,
1739 2594 1836 2648 per
1856 2593 1976 2632 eam

393 2682 564 2738 edens
609 2678 875 2733 miracula
906 2686 960 2731 et
1003 2691 1157 2730 suam
1189 2673 1437 2727 revelans
1479 2669 1798 2740 potentiam.
1842 2668 1975 2721 Nam

394 2773 679 2828 oculorum
712 2784 933 2825 sensum
960 2783 1123 2822 manu
1161 2763 1468 2828 fabricavit,
1494 2771 1551 2817 et
1579 2777 1781 2816 caecum
1816 2776 1845 2814 a
1881 2776 1976 2813 na-

396 2863 605 2918 tivitate
646 2860 877 2924 sanavit,
907 2868 963 2914 et
997 2858 1166 2913 surdo
1206 2856 1456 2911 auditum
1496 2853 1758 2916 restituit,
1787 2861 1843 2906 et
1869 2852 1978 2906 lin-

393 2969 554 3022 gnam
585 2953 693 3022 2ο
724 2951 961 3005 vinctam
1005 2949 1186 3013 solvit,
1230 2948 1529 3018 digitorum
1563 2954 1725 3000 utens
1769 2945 1979 2998 instru-

396 3052 598 3107 mento,
631 3051 686 3096 et
731 3049 986 3111 tanquam
1029 3039 1266 3093 salutare
1299 3037 1574 3107 quoddam
1610 3035 1968 3105 pharmacum

395 3134 662 3189 adhibens
691 3141 930 3202 sputum.
962 3132 1039 3186 Ita
1071 3147 1263 3186 rursus
1301 3129 1356 3184 in
1394 3128 1531 3183 mari
1567 3115 1854 3182 ambulans
1887 3125 1972 3178 di-

393 3225 640 3279 vinitatis
662 3223 1112 3293 omnipotentiam
1137 3221 1412 3291 patefecit.
1439 3220 1576 3289 Apte
1599 3233 1730 3289 ergo
1754 3217 1976 3272 divinus

396 3316 534 3368 dixit
557 3313 850 3384 Apostolus
873 3331 886 3365 :
922 3333 940 3363 ‹
968 3311 1111 3366 Deus
1134 3311 1514 3366 manifestatus
1543 3318 1626 3364 est
1654 3310 1708 3363 in
1734 3324 1918 3362 carne.
1951 3327 1968 3358 ι

398 3405 688 3476 Siquidem,
711 3420 810 3473 per
841 3404 981 3459 hanc
1007 3402 1260 3473 apparuit
1290 3410 1507 3467 natura,
1536 3417 1658 3470 qum
1683 3399 1834 3454 cerni
1865 3415 1976 3452 non

398 3507 613 3567 poterat
640 3514 652 3549 :
681 3513 778 3566 per
801 3497 942 3550 hanc
968 3496 1114 3549 illam
1136 3510 1356 3564 quoque
1382 3493 1637 3548 viderunt
1658 3492 1975 3562 angelorum

398 3602 594 3646 turmae
623 3608 636 3644 :
672 3610 688 3640 ι
735 3589 893 3644 Visus
924 3597 1009 3644 est
1037 3587 1206 3652 enim,
1238 3587 1436 3657 inquit,
1465 3585 1690 3656 angelis.
1727 3604 1744 3635 ι
1778 3583 1975 3638 Nobis-

399 3699 526 3736 cum
557 3682 722 3752 igitur
756 3681 932 3752 hujus.
958 3679 1086 3734 doni
1119 3680 1393 3750 particeps
1417 3678 1558 3733 facta
1586 3686 1670 3733 est
1696 3677 1860 3732 etiam
1898 3676 1979 3728 in-

397 3791 663 3845 corporea
695 3783 908 3830 natura.

471 3919 676 3973 ERAN.
734 3918 923 3987 Angeli
977 3931 1108 3986 ergo
1147 3926 1280 3970 ante
1334 3909 1977 3971 Salvatoris'adventum

403 4011 575 4064 Deum
605 4025 717 4062 non
746 4007 1045 4062 videbant?

467 4098 679 4153 ORTH.
732 4098 1025 4167 Apostolus
1076 4097 1241 4161 dixit,
1293 4097 1440 4166 quod
1496 4097 1875 4152 manifestatus
1925 4098 1980 4153 in

401 4205 568 4244 carne
591 4189 796 4260 angelis
826 4189 978 4243 visus
1003 4189 1092 4242 sit.

460 4282 680 4337 IERAN.
715 4280 888 4350 .Atqui
932 4281 1198 4336 Dominus
1222 4281 1358 4336 dixit
1398 4299 1412 4334 :
1448 4301 1465 4331 ι
1502 4281 1714 4346 Videte,
1744 4297 1813 4336 ne
1853 4297 1982 4336 con-

2065 1195 2270 1258 στολος,
2298 1197 2415 1258 πῶς
2453 1198 2480 1247 6
2507 1195 2678 1264 Λόγος
2699 1196 2839 1268 σὰρξ
2866 1197 3106 1265 ἐγένετο,
3131 1200 3428 1271 διαρρήδην
3454 1201 3646 1265 εἰπὼν,

2071 1305 2089 1336 ι
2129 1285 2203 1338 Ού
2233 1285 2339 1356 γὰρ
2363 1285 2537 1357 δήπου
2561 1287 2810 1354 ἀγγέλων
2837 1283 3296 1358 ἐπιλαμϐάνεται,
3316 1291 3455 1344 ἀλλὰ
3483 1291 3651 1362 σπέρ-

2068 1393 2236 1446 ματος
2284 1375 2534 1447 Ἀϐραὰμ
2554 1377 3041 1448 ἐπιλαμϐάνεται.»
3076 1381 3134 1433 '0
3156 1382 3317 1444 αὐτὸς
3354 1382 3532 1436 τοίνυν
3556 1384 3651 1435 καὶ

2065 1466 2159 1519 νῦν
2185 1467 2292 1538 (16)
2316 1469 2459 1538 ἡμᾶς
2485 1468 2682 1535 διδάξει
2717 1469 3035 1534 διδάσκαλος
3073 1473 3191 1536 πῶς
3249 1476 3277 1527 6
3312 1473 3444 1537 Θεὸς
3479 1475 3652 1544 Λόγος

2067 1559 2158 1610 ἐπὶ
2172 1559 2273 1628 τῆς
2293 1559 2393 1630 γῆς
2416 1558 2595 1630 ὤφθη,
2618 1562 2710 1614 καὶ
2741 1565 2852 1625 τοῖς
2877 1563 3187 1634 ἀνθρώποις
3211 1566 3646 1637 συνανεστράφη.

2141 1650 2343 1709 ΕΡΑΝ.
2385 1649 2527 1720 Ἐγὼ
2556 1653 2649 1704 καὶ
2679 1655 2790 1717 τοῖς
2814 1655 3194 1732 ἀποστολικοῖς
3233 1657 3326 1710 καὶ
3371 1660 3484 1720 τοῖς
3515 1675 3647 1728 προ-

2071 1745 2318 1810 φητικοῖς
2369 1743 2625 1814 πείθομαι
2667 1745 2867 1813 λόγοις.
2908 1748 3090 1813 Δεῖξον
3141 1749 3341 1812 τοίνυν,
3384 1749 3523 1803 κατὰ
3549 1751 3648 1818 τὴν

2069 1832 2383 1902 ὑπόσχεσιν,
2413 1834 2510 1904 τῆς
2540 1837 2887 1907 ’προφητείας
2913 1837 3011 1908 τὴν
3043 1840 3360 1910 ἑρμηνείαν.

2141 1925 2292 1978 υΡΘ.
2349 1926 2600 1996 Τιμοθέῳ
2646 1927 2873 1996 γράφων
2912 1930 2940 1982 6
2989 1928 3128 1992 θεῖος
3191 1931 3510 1997 Ἀπόστολος
3558 1934 3655 1987 καὶ⁹

2069 2013 2239 2068 ταῦτα
2272 2015 2514 2070 τέθεικεν
2539 2033 2551 2045 ·
2591 2037 2608 2069 ι
2662 2019 3138 2090 Ὁμολογουμένως
3164 2024 3306 2091 μέγα
3333 2025 3452 2078 ἐστὶ
3475 2026 3534 2078 τὸ
3555 2027 3652 2096 τῆς

2072 2106 2354 2171 εὐσεϐείας
2407 2111 2725 2181 μυστήριον·
2786 2112 2921 2176 Θεὸς
2971 2113 3294 2186 ἐφανερώθη
3347 2119 3406 2169 ἐν
3463 2119 3652 2188 σαρκὶ,

2072 2197 2364 2269 ἐδικαιώθη
2401 2201 2458 2252 ἐν
2494 2201 2808 2272 πνεύματι,
2857 2201 3016 2276 ὤφθη
3066 2207 3336 2275 ἀγγέλοις,
3369 2211 3652 2282 ἐκηρύχθη

2075 2289 2132 2340 ἐν
2164 2287 2391 2349 ἔθνεσιν,
2427 2291 2721 2364 ἐπιστεύθη
2749 2295 2806 2347 ἐν
2827 2295 3037 2364 κόσμῳ,
3069 2297 3340 2370 ἀνελήφθη
3368 2302 3427 2354 ἐν
3448 2302 3597 2374 δόξῃ.
3631 2323 3650 2354 ι

2074 2381 2244 2450 Δῆλον
2285 2381 2485 2447 τοίνυν,
2515 2384 2590 2445 ὡς
2615 2385 2846 2457 ἀόρατος
2887 2387 2986 2456 μὲν
3027 2390 3060 2459 ἡ
3103 2389 3222 2443 θεία
3253 2391 3438 2459 φύσις,
3482 2395 3657 2466 ὁρατὴ

2075 2473 2131 2524 δὲ
2162 2473 2193 2542 ἡ
2230 2471 2386 2543 σὰρξ,
2417 2474 2511 2526 καὶ
2545 2474 2632 2527 διὰ
2667 2476 2765 2545 τῆς
2797 2479 2998 2546 ὁρατῆς
3038 2480 3070 2550 ἡ
3109 2480 3340 2550 ἀόρατος
3375 2483 3554 2556 ὤφθη,
3587 2486 3658 2538 δι’

2078 2565 2245 2634 αὐτῆς
2314 2566 2659 2636 ἐνεργήσασα
2713 2569 2781 2620 τὰ
2831 2567 3118 2639 θαύματα,
3170 2575 3263 2626 καὶ
3306 2575 3404 2645 τὴν
3450 2555 3660 2630 οἰκείαν

2076 2655 2478 2726 ἀποκαλύψασα
2506 2658 2759 2728 δύναμιν.
2798 2662 2876 2731 Τῇ
2921 2661 3020 2731 μὲν
3061 2663 3168 2734 γὰρ
3206 2668 3351 2736 χειρὶ
3377 2667 3475 2738 τὴν
3502 2670 3656 2721 ὀπτι-

2078 2746 2180 2816 κὴν
2228 2747 2660 2819 ἐδημιούργησεν
2725 2751 2976 2821 αἴσθησιν
3035 2756 3128 2808 καὶ
3182 2757 3274 2809 τὸν
3315 2759 3378 2811 ἐκ
3425 2761 3652 2830 γενετῆς

2079 2838 2278 2907 τυφλὸν
2309 2838 2664 2911 ἐθεράπευσε.
2712 2843 2822 2895 Καὶ
2867 2839 2933 2896 αὖ
2974 2844 3156 2909 πάλιν,
3195 2847 3296 2917 τὴν
3329 2849 3657 2921 ἀκουστικὴν

2080 2929 2362 2999 ἐνέργειαν
2406 2932 2652 2986 ἀπέδωκε
2683 2934 2762 3005 τῷ
2793 2937 2984 3007 κωφῷ,
3011 2939 3102 2992 καὶ
3135 2940 3233 3003 τὴν
3274 2942 3657 3015 πεπεδημένην

2081 3020 2236 3074 ἔλυσε
2287 3022 2556 3090 γλῶτταν,
2619 3026 2740 3079 ἀντὶ
2787 3027 2885 3098 μὲν
2917 3028 3147 3099 ὀργάνου
3200 3033 3312 3092 τοῖς
3371 3033 3650 3097 δακτύλοις

2081 3112 2446 3182 χρησάμενος,
2501 3111 2613 3166 οἷον
2668 3116 2725 3168 δέ
2784 3135 2835 3169 τι
2890 3118 3180 3189 φάρμακον
3225 3120 3545 3190 ἀλεξίκακον
3595 3125 3659 3177 τὸ

2079 3203 2305 3273 πτύσμα
2362 3205 2764 3276 προσενεγκὼν.
2820 3208 2975 3262 Οὕτω
3034 3210 3196 3264 πάλιν
3253 3213 3345 3264 ἐπὶ
3386 3213 3656 3284 θαλάττης

2081 3288 2318 3358 βαδίσας,
2369 3292 2430 3344 τὸ
2484 3293 2581 3362 τῆς
2628 3293 2882 3366 θεότητος
2939 3297 3180 3370 ὑπέφηνε
3230 3301 3651 3372 παντοδύναμον.

2090 3382 2390 3453 ’Λρμοδίως
2426 3385 2604 3438 τοίνυν
2650 3387 2679 3439 6
2735 3387 2876 3452 θεῖος
2915 3389 3232 3455 Ἀπόστολος
3274 3387 3428 3455 εἷπε,
3468 3413 3485 3444 ι
3526 3396 3657 3459 Θεὸς

2078 3474 2394 3545 ἐφανερώθη
2436 3478 2493 3527 ὲν
2541 3477 2722 3548 σαρκί.
2774 3498 2792 3529 ι
2849 3481 2928 3532 Δι’
2963 3481 3178 3550 ἐκείνης
3223 3482 3330 3553 γὰρ
3363 3486 3395 3554 ἡ
3434 3485 3656 3549 ἀθέατος

2079 3566 2324 3636 ἐπεφάνη
2364 3568 2546 3634 φύσις,
2579 3568 2644 3620 δι’
2667 3570 2883 3640 ἐκείνης
2911 3572 3082 3641 αὐτὴν
3111 3569 3250 3626 εἶδον
3272 3567 3376 3626 ¹καὶ
3419 3576 3526 3628 τῶν
3559 3579 3658 3645 ἀγ-

2078 3659 2249 3726 γέλων
2291 3661 2340 3711 οἱ
2369 3659 2531 3729 δῆμοι
2559 3677 2572 3689 ⁸
2607 3679 2624 3712 ι
2670 3661 2846 3734 Ὠφθη
2903 3662 3030 3733 γὰρ,
3063 3665 3246 3732 φησὶν,
3307 3667 3578 3733 ἀγγέλοις.
3635 3688 3652 3718 ι

2078 3749 2212 3803 Μεθ’
2252 3749 2412 3821 ἡμῶν
2454 3747 2546 3804 οὖν
2599 3752 2706 3823 ἄρα
2754 3755 2855 3824 τῆς
2895 3755 3102 3826 δωρεᾶς
3146 3755 3349 3825 ταύτης
3406 3760 3500 3811 καὶ
3550 3761 3660 3812 τῶν

2079 3840 2384 3911 ἀσωμάτων
2420 3844 2452 3912 ἡ
2489 3842 2648 3912 φύσις
2676 3845 2999 3899 ἀπέλαυσεν.

2156 3933 2358 3986 ΕΡΑΝ.
2409 3935 2620 3988 Ούκοῦν
2651 3937 2747 3990 καὶ
2784 3937 2890 4009 πρὸ
2933 3938 3034 4008 τῆς
3065 3939 3160 3993 τοῦ
3191 3943 3439 4018 Σωτῆρος
3467 3947 3663 4015 ἐπιφα-

2082 4026 2250 4089 νείας,
2277 4025 2375 4096 οὐχ
2399 4024 2586 4098 ἐώρων
2612 4029 2658 4080 οἱ
2697 4027 2920 4097 ἄγγελοι
2950 4029 3040 4083 τὸν
3071 4031 3236 4100 Θεόν;

2156 4117 2310 4175 ΟΡΘ.
2347 4118 2408 4173 Ὀ
2469 4118 2793 4183 ’Δπόστολος
2850 4117 3027 4184 εἷπεν,
3085 4123 3168 4176 ὅτι
3223 4129 3558 4197 φανερωθεὶς
3605 4129 3684 4180 ὲν⁴

2087 4209 2253 4278 σαρκὶ
2287 4207 2444 4278 ὤφθη
2475 4210 2750 4276 ἀγγέλοις.
2889 4265 2894 4269 _

2153 4299 2358 4354 EPAN.
2401 4299 2540 4351 Ἀλλ’
2571 4303 2600 4354 6
2648 4301 2850 4372 Κύριος
2877 4303 3016 4375 ἔφη·
3063 4321 3083 4356 ι
3124 4305 3338 4374 Ὁρᾶτε.
3386 4308 3459 4378 μὴ
3499 4325 3668 4364 κατα-

372 4373 660 4428 'tcmnatis
709 4387 880 4426 unum
911 4388 977 4427 ex
1011 4372 1096 4426 his
1129 4373 1341 4440 pusillis
1366 4373 1609 4428 minimis
1642 4391 1653 4426 :
1686 4373 1810 4428 dico
1832 4373 1974 4428 enim

2091 4391 2394 4461 φρονήσητε
2426 4390 2544 4454 ἐνὸς
2574 4390 2685 4444 τῶν
2726 4393 2940 4464 μικρῶν
2972 4372 3318 4450 τούτων-τῶν
3347 4372 3664 4469 ἐλαγίστων.

404 4466 581 4531 vobis,
617 4465 764 4535 quod
812 4465 989 4536 angeli
1037 4480 1226 4518 eorum
1261 4481 1478 4535 semper
1521 4465 1743 4520 videant
1786 4465 1984 4522 faciem

404 4555 580 4612 Patris
604 4554 777 4609 nostri
801 4555 893 4624 qui
927 4554 980 4608 in
1013 4552 1166 4608 caelis
1192 4561 1275 4607 est
1303 4553 1367 4606 ³⁵.
1388 4573 1418 4604 ρ»

465 4747 682 4805 ORTH.
715 4746 824 4802 Sed
851 4746 1128 4801 ‘Dominus
1174 4761 1366 4802 rursus
1407 4746 1543 4801 dixit
1587 4765 1600 4800 :
1637 4768 1654 4797 ι
1688 4748 1806 4803 Non
1839 4749 1984 4818 quod

404 4843 621 4896 Patrem
649 4841 773 4911 quis
799 4840 1018 4904 viderit,
1052 4838 1158 4892 nisi
1190 4839 1235 4892 is
1261 4839 1354 4908 qui
1383 4849 1466 4893 est
1494 4856 1522 4893 a
1552 4841 1684 4904 Deo,
1721 4841 1811 4894 hic
1843 4841 1984 4894 vidit

406 4935 624 4987 Patrem
647 4934 710 4987 ³⁵.
748 4953 768 4984 ι
792 4933 923 4987 ldeo
955 4933 1118 4987 etiam
1148 4932 1490 5002 Evangelista
1514 4941 1700 5001 aperte
1725 4933 1922 4987 clamat
1964 4949 1979 4986 :

413 5044 431 5075 ι
471 5026 641 5078 Deum
673 5041 838 5079 nemo
866 5025 1004 5079 vidit
1042 5039 1304 5092 unquam,
1340 5041 1357 5072 ν
1385 5031 1440 5077 et
1465 5024 1748 5078 confirmat
1774 5025 1918 5094 quod
1951 5041 1981 5078 a

405 5113 637 5169 Domino
665 5113 872 5167 dictum
901 5122 1020 5168 est:
1051 5133 1069 5165 ι
1095 5111 1421 5182 Unigenitus
1456 5113 1626 5179 enim,
1670 5114 1868 5183 inquit,
1895 5115 1982 5168 Fi-

2098 4478 2272 4547 ’Δμὴν
2312 4480 2420 4549 γὰρ
2451 4477 2596 4546 λέγω
2655 4480 2784 4548 ὑμῖν
2825 4481 2907 4533 ὅτι
2955 4484 3003 4535 oi
3050 4485 3272 4552 ἄγγελοι
3327 4488 3510 4541 αὐτῶν
3545 4490 3666 4543 καθ’

2087 4566 2299 4637 ἡμέραν
2347 4567 2516 4636 ὁρῶσι
2572 4569 2633 4623 τὸ
2687 4570 2980 4642 πρόσωπον
3005 4574 3098 4627 τοῦ
3135 4577 3347 4647 [ἰατρὸς
3373 4578 3530 4649 ἡμῶν
3553 4581 3665 4650 (17)

2085 4657 2178 4710 τοῦ
2211 4659 2268 4711 ἐν
2285 4659 2555 4729 οὐρανοῖς.
2574 4680 2598 4712 -ι

2157 4755 2309 4808 υΡΘ.
2353 4756 2493 4810 Ἀλλ’
2532 4757 2560 4808 6
2593 4758 2800 4829 Κύριος
2841 4761 3006 4815 πάλιν
3039 4760 3214 4826 εἷπεν,
3258 4781 3278 4814 ‹
3326 4765 3439 4835 Οὐχ
3469 4767 3548 4819 ὅτι
3576 4768 3671 4820 τὸν

2089 4842 2310 4914 Πατέρα
2359 4863 2441 4910 τις
2495 4847 2763 4918 ἑώρακεν,
2810 4851 2859 4902 εί
2891 4850 2967 4922 μὴ
2996 4852 3024 4903 6
3075 4851 3152 4904 ὢν
3191 4852 3341 4924 παρὰ
3371 4853 3468 4907 τοῦ
3508 4855 3666 4920 Θεοῦ,

2091 4928 2247 4998 οὗτος
2275 4935 2486 5006 ἑώρακε
2531 4940 2623 4992 τὸν
2669 4941 2910 5012 Πατέρα.
2948 4962 2967 4994 ι
3017 4944 3116 4996 Διά
3167 4961 3248 4997 τοι
3297 4945 3454 4998 τοῦτο
3499 4948 3594 5000 καὶ
3641 4949 3670 5000 6

2090 5024 2498 5098 Εὐαγγελιστὴς
2519 5031 2780 5102 ἄντικρυς
2797 5033 2916 5104 βοᾷ,
2936 5051 2955 5084 ι
2978 5034 3111 5088 Θεὸν
3133 5037 3306 5099 οὐδεὶς
3324 5036 3535 5108 ἑώρακε
3555 5039 3669 5091 πώε-

2091 5134 2240 5182 ποτε,
2279 5139 2296 5170 ι
2331 5120 2425 5174 καὶ
2459 5121 2666 5192 βεϐαιοῖ
2693 5124 2786 5179 τοῦ
2829 5127 3037 5199 Κυρίου
3060 5128 3152 5183 τὸν
3178 5129 3400 5199 λόγονονι
3421 5131 3480 5186 '0
3512 5150 3670 5202 μονο-

473 5289 516 5320 ³¹
564 5288 730 5344 Hebr.
767 5306 826 5357 ιι,
858 5292 944 5346 16.
1021 5291 1066 5323 ³³
1099 5290 1120 5344 1
1155 5288 1297 5343 Tim.
1335 5305 1412 5353 ιη,
1455 5290 1540 5346 16.
1623 5291 1667 5322 ³⁵
1694 5290 1888 5346 Matth.
1935 5311 1974 5347 ιη

2127 5297 2212 5350 10.
2293 5299 2338 5330 ³⁸
2365 5299 2522 5356 Joan.
2555 5321 2628 5368 vr,
2654 5307 2743 5363 46.

480 5449 591 5525 (η)
624 5449 865 5525 Utraque
906 5450 994 5504 ed.
1041 5451 1219 5525 habet
1254 5449 1382 5525 δόξῃ
1412 5451 1605 5525 λόγων.
1638 5453 1848 5509 Mallem
1879 5471 1979 5510 an-

407 5519 734 5601 temlegere
769 5519 1233 5601 aégog‘at_).6_rov._
1254 5519 1416 5601 quain
1463 5519 1751 5601 lectionem
1795 5526 1978 5601 prodit

409 5589 587 5717 γῇς-ἕο
615 5589 760 5645 ιαι.
822 5605 851 5644 a
911 5589 1165 5660 Strigelio
1212 5589 1384 5661 Lips,
1427 5608 1554 5647 ann.
1603 5594 1758 5660 1591,
1795 5589 1978 5649 ’ἰη-8

387 5676 491 5716 .et
555 5697 572 5716 ο

2161 5463 2271 5600 γίῦζ
2315 5464 2415 5542 Ed.
2451 5467 2606 5520 Rom.
2646 5477 2700 5521 et
2724 5468 2871 5536 Lips.
2918 5470 3067 5537 ὑμῖν.

2191 5533 2250 5586 16
2314 5550 2424 5587 νυν.
2468 5536 2546 5588 Ex
2588 5545 2821 5600 utraque
2855 5539 2988 5592 edit.
3018 5540 3067 5593 in

2193 5463 2252 5518 l5
2315 5464 2415 5518 Ed.
2451 5467 2606 5520 Rom.
2646 5477 2700 5521 et
2724 5468 2871 5536 Lips.
2918 5470 3067 5537 ὑμῖν.

2191 5461 2271 5670 Ιϐξ
2314 5534 2424 5587 νῦν.
2468 5536 2546 5588 Ex
2588 5545 2835 5622 utraque~
2855 5539 2988 5592 edit.
3018 5540 3358 5624 insertumf
3407 5612 3418 5624 ι

2192 5602 2248 5655 l7
2301 5605 2565 5670 hyLJnfra
2597 5606 2894 5670 Ιεε.υμων.
2929 5608 3171 5670 Utraque
3208 5612 3370 5666 lccuo
3405 5629 3418 5665 ι

2162 5601 2271 5670 (l7)
2301 5605 2401 5674 ἠμ.
2423 5605 2565 5658 Infra
2597 5606 2700 5676 leg.
2722 5601 2894 5677 ὑμῶν.
2929 5608 3171 5680 Utraque
3208 5612 3370 5666 lectio
3405 5612 3666 5669 insolens.
