4006 6202
430 341 492 402 5i
1434 343 1918 403 THEODORETI
1959 345 2293 406 EPISCOPI
2335 348 2696 408 CYRENSIS
3508 310 3511 313 ὀ
3616 341 3685 404 52

423 470 610 526 quam,
637 451 874 509 dicimus
914 452 1060 522 ipsos
1091 468 1199 507 non
1230 453 1471 509 divinam
1498 465 1748 511 naturam
1777 456 1994 522 vidisse,

2115 459 2284 527 φαμὲν
2320 460 2517 522 αὐτοὺς
2559 460 2620 511 οὐ
2675 459 2773 526 τὴν
2819 458 2966 510 θείαν
2999 456 3158 526 φύσιν
3193 453 3500 524 ἑωρακέναι
3526 492 3541 514 ,
3570 449 3698 502 ἀλλ’

425 545 520 598 sed
570 543 805 598 visiones
855 541 1117 610 quasdam
1163 543 1406 613 ipsorum
1458 547 1641 615 captiti
1690 561 2000 600 accommo-

426 634 602 690 datas.

492 748 702 804 ΕΒΑΝ.
743 750 821 804 ita
863 750 1117 807 dicimus.

491 838 700 894 ORTH.
735 840 824 895 Sic
854 857 985 911 ergo
1018 842 1086 897 de
1120 843 1326 913 angelis
1360 843 1747 914 intelligamus,
1776 842 2002 897 audien-

421 943 506 987 tes
517 930 663 1002 quod
693 932 946 1001 «Semper
966 933 1154 988 vident
1170 934 1362 988 faciem
1385 935 1562 989 Patris
1584 935 1750 989 vestri
1776 935 1838 988 “.
1855 936 2000 990 »Νοιι

422 1021 570 1076 enim
601 1020 787 1076 vident
811 1021 1049 1076 divinam
1079 1022 1462 1087 substantiam,
1488 1038 1608 1093 qua
1637 1036 1738 1077 nec
1769 1024 2002 1078 circum-

348 1153 352 1166 .
423 1113 611 1176 scribi,
641 1129 742 1168 nec
773 1113 1192 1184 comprehendi,
1229 1130 1331 1168 nec
1354 1124 1536 1169 mente
1563 1115 1769 1184 percipi
1797 1124 1998 1184 potest,

420 1213 478 1258 et
531 1219 654 1274 quae
703 1206 956 1259 universa
1011 1205 1466 1275 comprehendit,
1513 1206 1610 1260 sed
1651 1206 2000 1275 splendorem

421 1296 710 1365 quemdam
743 1297 985 1366 ipsorum
1019 1306 1228 1352 natura:
1263 1297 1752 1352 accommodatum.

492 1405 700 1460 ERAN.
741 1407 865 1462 Haec
891 1408 962 1462 ita
991 1424 1049 1462 se
1080 1407 1284 1462 habere
1312 1409 1368 1462 in
1403 1409 1655 1464 confesso
1680 1418 1784 1463 est.

492 1497 702 1554 ORTll.
735 1498 864 1555 Post
895 1499 1325 1554 incarnationem
1363 1516 1514 1565 vero,
1542 1503 1694 1556 visus
1721 1510 1803 1556 est
1834 1503 2000 1556 etiam

423 1589 650 1660 angelis,
683 1589 986 1644 secundum
1012 1590 1258 1645 divinum
1275 1592 1593 1660 Apostolnm
1627 1607 1734 1646 non
1762 1593 1817 1646 in
1849 1593 2001 1646 simi-

421 1680 654 1735 litudine
689 1680 893 1749 gloriae.
927 1682 1023 1736 sed
1048 1698 1175 1736 vero
1201 1698 1263 1736 ac
1291 1685 1416 1738 vivo
1453 1688 1631 1747 utens,
1661 1685 1814 1754 quasi
1849 1685 1997 1739 vela-

2103 549 2255 622 ὄψεις
2287 553 2438 616 τινὰς
2472 554 2537 623 τῇ
2576 551 2725 621 σφῶν
2765 550 2992 620 δυνάμει
3031 545 3400 618 συμμέτρους.

2175 745 2376 798 ΕΡΑΝ.
2419 743 2604 806 οὕτως
2631 741 2835 814 φαμέν.

2173 835 2325 889 υΡΘ.
2367 835 2525 888 υῦτω
2553 835 2730 887 τοίνυν
2759 835 2854 886 καὶ
2895 833 3021 903 περὶ
3063 831 3171 884 τῶν
3201 829 3450 898 ἀγγέλων
3480 830 3686 897 νοήσω-ι

2106 944 2225 996 μεν,
2256 925 2543 986 ἀκούοντες
2571 927 2654 977 ὅτι
2685 922 2851 976 «Καθ’
2881 922 3092 992 ἡμέραν
3119 921 3287 990 ὁρῶσι
3312 920 3372 972 τὸ
3393 919 3683 989 πρόσωπον

2100 1016 2194 1070 τοῦ
2224 1017 2433 1086 Πατρδς
2470 1015 2642 1087 ὑμῶν.
2683 1035 2701 1067 ι
2730 1015 2806 1068 Ού
2833 1015 2940 1084 γὰρ
2974 1013 3074 1084 τὴν
3104 1013 3255 1066 θείαν
3275 1012 3463 1065 οὐσίαν
3491 1010 3681 1081 δρῶσι,

2102 1109 2199 1179 τὴν
2234 1109 2670 1179 άπερίγραπτον,
2706 1108 2804 1179 τὴν
2833 1107 3240 1176 ἀκατάληπτον,
3267 1105 3366 1174 τὴν
3389 1103 3686 1174 ἀπε-ρινόη-

2102 1217 2212 1263 τον,
2249 1200 2347 1270 τὴν
2369 1199 2770 1270 περιληπτικὴν
2799 1197 2906 1252 τῶν
2937 1197 3096 1261 ὅλων,
3119 1196 3256 1250 ἀλλὰ.
3283 1196 3440 1259 δόξαν
3471 1196 3590 1247 τινὰ
3615 1196 3684 1262 τῇ

2101 1289 2277 1391 adria:
2317 1289 2476 1360 φύσει
2508 1289 3019 1360 συμμετρουμένην.

2173 1401 2376 1454 EPAN.
2427 1401 2784 1471 Ὠμολόγηται
2818 1399 2990 1454 ταῦτα
3020 1399 3193 1462 οὕτως
3235 1399 3403 1469 ἔχειν.

2173 1493 2322 1546 ΟΡΘ.
2365 1494 2516 1546 Μετά
2559 1490 2741 1562 μέντοι
2781 1491 2880 1562 τὴν
2927 1490 3359 1562 ὲνανθρώπησιν,
3404 1490 3560 1562 ὤφθη
3593 1492 3686 1544 καλι

2101 1589 2212 1648 τοῖς
2235 1583 2505 1653 ἀγγέλοις,
2535 1583 2678 1637 κατὰ
2707 1583 2797 1636 τὸν
2825 1583 2966 1636 θεῖον
3003 1584 3346 1644 Ἀπόστολον,
3376 1584 3473 1653 οὐχ
3495 1584 3688 1654 ὁμοιὼ-

2105 1692 2231 1745 ματι
2258 1675 2433 1744 δόξης,
2470 1674 2586 1727 ἀλλ’
2616 1673 2809 1744 ἀληθεῖ
2839 1675 2933 1727 καὶ
2979 1673 3541 1748 ζῶντιιχρησάμενος,
3570 1669 3683 1727 οἷόν

423 1772 593 1836 mine,
635 1771 818 1827 carnis
862 1772 967 1841 23
1004 1773 1395 1842 integumento.
1435 1793 1452 1824 ι
1499 1775 1874 1829 Manifestatus
1915 1786 1994 1829 est

2115 1783 2206 1819 rm
2232 1770 2718 1837 παραπετάσματι,
2755 1767 2833 1836 τῷ
2857 1769 2953 1836 τῆς
2989 1765 3189 1836 σαρκὸς
3237 1766 3680 1837 προκαλύμματι.

423 1863 592 1925 enim,
618 1863 815 1930 inquit,
841 1861 986 1916 Deus
1015 1863 1071 1916 in
1111 1879 1297 1926 carne,
1320 1865 1658 1932 justifieatus
1690 1867 1746 1920 in
1777 1867 1995 1936 spiritu,

423 1954 574 2006 visus
603 1953 808 2022 angelis
843 1952 910 2005 “.
952 1972 970 2003 ›

492 2063 698 2118 ERAN.
733 2062 850 2117 Hoc
879 2064 1102 2133 quidem
1143 2079 1400 2133 tanquam
1428 2065 1722 2136 Scriptura:
1753 2068 1997 2121 testimo-

422 2158 576 2210 nium
614 2154 846 2210 admisi:
899 2169 1094 2209 vocum
1142 2170 1274 2210 vero
1317 2156 1591 2211 novitates
1619 2172 1729 2211 non
1766 2158 1995 2226 recipio.

490 2265 701 2322 ORTH.
732 2261 1267 2332 Quodnamnovum
1299 2281 1500 2321 nomen
1527 2266 2000 2338 excogitavimus?

491 2357 696 2414 ERAN.
730 2357 1029 2413 Velaminis
1085 2371 1305 2411 nomen.
1342 2356 1601 2424 Quaenam
1631 2359 1778 2413 enim
1847 2356 1994 2412 Scri-

420 2459 581 2519 ptura
612 2461 832 2503 carnem
855 2447 1068 2502 Domini
1097 2449 1345 2504 velamen
1374 2450 1706 2520 appellavit?

487 2561 700 2618 ORTH.
740 2560 960 2616 Videris
984 2577 1176 2631 parum
1202 2561 1496 2634 diligenter
1534 2563 1775 2619 divinam
1813 2566 1995 2636 legere

420 2653 794 2724 Scripturam:
821 2653 1025 2723 alioqui
1047 2668 1158 2708 non
1181 2653 1634 2722 reprehendisses
1659 2656 1995 2726 pmpositam

419 2762 451 2800 ει
493 2744 657 2800 nobis
707 2745 1153 2800 similitudinem.
1198 2746 1442 2800 Primum
1491 2747 1663 2810 enim,
1705 2747 1852 2818 quod
1899 2763 1996 2818 per

420 2849 640 2890 carnem
664 2834 1062 2890 manifestatam
1080 2850 1200 2891 esse
1215 2842 1470 2890 naturam
1499 2835 1832 2890 invisibilem
1857 2835 1996 2890 dixit

419 2924 767 2994 Apostolus,"
776 2925 1046 2994 permittit
1070 2934 1130 2979 ut
1170 2939 1393 2979 carnem
1421 2925 1726 2980 divinitatis
1747 2927 1998 2983 velamen

419 3030 539 3071 esse
560 3015 946 3085 intelligamus.
966 3015 1171 3070 Deinde
1205 3014 1425 3070 divinus
1453 3017 1750 3086 Apostolus
1788 3019 1845 3072 in
1867 3017 1996 3088 Epi-

2109 1879 2126 1910 ι
2156 1856 2288 1919 θεὸς
2313 1856 2631 1928 ἐφανερώθη
2653 1858 2784 1929 γὰρ,
2810 1857 2996 1928 φησιν,
3017 1859 3075 1910 ὲν
3103 1857 3286 1927 σαρκὶ,
3312 1856 3600 1928 ἐδικαιώθη
3626 1858 3683 1909 ἐν
3796 1894 3805 1901 .

2101 1951 2394 2020 πνεύματι,
2426 1949 2587 2020 ὤφθη
2617 1949 2892 2019 ἀγγέλοις.
2941 1969 2959 2001 ι

2172 2062 2372 2118 ΕΡΑΝ.
2418 2062 2592 2116 Τοῦτο
2631 2063 2728 2134 μὲν
2761 2063 2836 2126 ὡς
2865 2061 3144 2133 Γραφικὺν
3178 2062 3469 2135 ἐδεξάμην,
3501 2065 3599 2128 τὰς
3623 2063 3682 2117 ὁὶ

2099 2153 2208 2206 τῶν
2231 2154 2512 2223 ὀνομάτων
2539 2152 2892 2222 καινοτομίας
2919 2154 2980 2206 ού
3008 2153 3256 2224 δέχομαι.

2169 2265 2318 2319 ΟΡΘ.
2355 2266 2514 2320 Ποῖον
2543 2268 2702 2336 ἡμεῖς
2729 2268 3277 2338 κεκαινοτομήκαμεν
3305 2270 3472 2338 ὄνομα
3497 2289 3510 2335 ;

2170 2357 2370 2410 EPAN.
2404 2359 2478 2411 Τὸ
2509 2357 2603 2412 τοῦ
2636 2359 3153 2434 παραπετάσματος.
3185 2362 3320 2414 Ποία
3354 2362 3459 2433 γὰρ
3491 2365 3678 2437 Γραφὴ

2096 2449 2193 2518 τὴν
2220 2448 2311 2500 τοῦ
2337 2450 2542 2518 Κυρίου
2563 2449 2741 2518 σάρκα
2769 2449 3182 2522 παραπέτασμα
3213 2453 3681 2524 προσηγόρευσεν;

2168 2560 2320 2613 ΟΡΘ.
2370 2560 2593 2622 Ἔοικας
2622 2559 2697 2631 μὴ
2727 2560 2871 2630 μάλα
2903 2561 3208 2624 σπουδαίως
3241 2565 3340 2635 τὴν
3371 2565 3521 2620 θείαν
3554 2570 3682 2622 ἁνα-

2098 2651 2390 2722 γινὼσκειν
2417 2653 2664 2724 Γραφήν.
2711 2649 2786 2706 Ἤ
2819 2653 2926 2724 γὰρ
2971 2653 3066 2716 ἂν,
3112 2655 3212 2707 οὐκ
3239 2655 3303 2708 ἂν
3337 2657 3574 2728 ὲμέμψω
3607 2661 3684 2731 τῷ

2099 2745 2228 2815 παρ’
2280 2743 2437 2814 ἡμῶν
2469 2743 2544 2806 ὼς
2581 2743 2640 2795 ὲν
2671 2742 2839 2796 εἰκόνι
2881 2743 3121 2815 ῥηθέντι.
3172 2745 3396 2816 Πρῶτον
3431 2747 3533 2818 μὲν
3575 2750 3682 2821 γὰρ

2098 2835 2280 2890 καὶτὸ
2309 2834 2397 2889 διὰ
2429 2834 2630 2905 σαρκὸς
2673 2833 3062 2905 φανερωθῆναι
3107 2835 3205 2905 τὴν
3239 2836 3474 2904 ἀόρατον
3519 2839 3681 2907 φύσιν

2099 2929 2263 2997 φάναι
2297 2928 2388 2981 τὸν
2420 2927 2564 2980 θεῖον
2619 2927 2960 2992 ’Λπδστολον,
2998 2926 3410 2998 παραπέτασμα
3435 2931 3540 2998 τῆς
3567 2929 3684 2984 θεό-

2097 3037 2259 3088 τητος
2299 3019 2582 3090 ἐπιτρέπει
2609 3019 2706 3090 τὴν
2735 3019 2918 3090 σάρκα
2943 3021 3104 3072 νοεῖν.
3145 3018 3379 3073 Ἔπειτα
3400 3020 3457 3072 δὲ
3495 3022 3683 3090 σαφῶς

419 3108 559 3162 stola
589 3106 654 3162 ad
685 3106 942 3162 Hebraeos
972 3115 1159 3176 aperte
1201 3106 1307 3160 hoc
1336 3107 1559 3162 nomine
1598 3123 1732 3163 usus
1763 3117 1868 3163 est.
1900 3108 1992 3164 Sic

2115 3114 2123 3162 ὸ
2149 3110 2292 3172 θεῖος
2343 3109 2666 3172 Ἀπόστολος
2688 3111 2744 3162 ὲν
2769 3112 2835 3179 τῇ
2867 3109 3006 3179 πρὸς
3057 3108 3346 3180 Ἐϐραίους
3381 3110 3679 3183 Ἐπιστολῇ

421 3198 569 3253 enim
594 3196 762 3252 dicit:
803 3217 820 3248 ι
854 3196 1130 3251 Habentes
1159 3199 1366 3266 itaque,
1391 3196 1613 3263 fratres,
1640 3197 1897 3253 ﬁduciam
1921 3198 1992 3253 ad

419 3289 705 3343 introitum
737 3295 1071 3350 sanctorum,
1095 3287 1152 3340 in
1201 3287 1465 3357 sanguine
1502 3287 1654 3353 Jesu,
1686 3304 1850 3359 quam
1883 3288 1992 3342 ini-

417 3379 574 3434 tiavit
604 3378 765 3434 nobis
790 3379 932 3432 viam
964 3392 1164 3432 novam
1189 3379 1564 3444 etviventem,
1591 3395 1690 3449 per
1719 3380 1992 3448 velamen,

416 3470 473 3526 id
503 3479 613 3536 est,
637 3485 856 3525 carnem
880 3486 1054 3536 suam,
1089 3481 1146 3526 et
1177 3469 1517 3526 sacerdotem
1553 3485 1808 3542 magnum
1829 3486 1995 3541 super

413 3564 640 3618 domum
666 3561 786 3628 Dei,
813 3561 1167 3618 accedean
1204 3577 1330 3617 cum
1362 3561 1616 3628 veritate,
1675 3562 1991 3634 ingredien-

415 3665 528 3709 tem
555 3667 680 3708 cum
703 3668 837 3710 vero
861 3654 1048 3719 corde,
1076 3654 1132 3708 in
1157 3652 1503 3726 plenitudine
1534 3653 1682 3718 ﬁdei,
1719 3673 1736 3706 ι
1783 3664 1839 3708 et
1866 3670 1992 3725 qua:

416 3754 724 3817 sequuntur
746 3745 812 3801 ".

484 3916 690 3971 ERAN.
755 3917 1161 3970 Demonstratio
1211 3916 1328 3970 iich
1378 3929 1482 3980 est,
1538 3920 1628 3971 cui
1691 3921 1992 3976 contradici

417 4023 527 4062 non
585 4014 784 4076 potest.
847 4005 1164 4076 Apostollco
1213 4005 1362 4060 enim
1424 4008 1743 4064 testimonio
1789 4012 1991 4066 contir-

416 4107 632 4152 matur..

485 4184 694 4243 Oll'l'li.
733 4189 811 4243 Ne
849 4205 951 4244 nos
1009 4206 1140 4260 ergo
1187 4204 1372 4246 rerum
1423 4206 1691 4244 novarum
1744 4208 1988 4250 accuses.

415 4278 541 4334 Tibi
590 4279 740 4334 enim
782 4279 932 4334 aliud
978 4280 1142 4334 etiam
1191 4293 1564 4349 proponemus
1609 4282 1992 4350 propheticum

415 4371 813 4436 testimonium,
833 4368 980 4441 quod
995 4384 1218 4425 carnem
1233 4371 1452 4426 Domini
1481 4371 1678 4426 stolam
1694 4381 1748 4427 et
1764 4373 1992 4443 pallium

411 4469 604 4529 aperte
633 4459 901 4514 nominat.

483 4573 594 4646 ει
620 4573 826 4629 EBAN.
865 4575 924 4630 Si
944 4576 1266 4645 perplexum
1292 4586 1350 4632 et
1377 4579 1696 4650 ambiguum
1717 4595 1828 4636 non
1847 4582 1998 4637 vide-

413 4666 583 4731 bitur,
599 4664 827 4720 minime
841 4665 1306 4734 contradicemus,
1321 4678 1377 4722 et
1396 4669 1627 4741 gratiam
1643 4669 1992 4728 habebimus.

477 4775 687 4832 03TH.
716 4776 960 4833 Efﬁciam
985 4788 1047 4834 ut
1073 4782 1293 4836 veritati
1328 4784 1587 4852 promissi
1610 4792 1686 4853 ,ιιι
1730 4786 1847 4856 ipse
1873 4801 1994 4857 per-

407 4863 604 4922 hibetis
653 4869 1048 4925 testimonium.
1089 4872 1244 4928 Νοειί
1292 4873 1558 4931 Jacobum
1596 4877 1989 4947 patriarcham,

407 4971 540 5011 eum
573 4956 730 5014 Iuda:
757 4959 1134 5027 benediceret,
1174 4963 1329 5020 J—uda‘e
1359 4967 1730 5036 principatum
1773 4968 1990 5023 Domini

409 5045 695 5102 nativitate
731 5048 1270 5123 circumscripsisse?
1296 5075 1314 5105 ι
1354 5054 1476 5110 Non
1512 5056 1753 5123 deﬁciet,
1783 5059 1982 5128 inquit,

410 5137 669 5212 princeps
696 5153 766 5196 ex
787 5139 952 5210 Juda,
979 5158 1080 5200 nec
1113 5143 1222 5198 dux
1248 5162 1280 5200 e
1307 5145 1612 5203 femoribus
1635 5151 1775 5220 ejus,
1809 5149 1987 5207 donec

409 5229 592 5284 veniat
620 5231 710 5285 cui
757 5235 1060 5302 repositum
1105 5244 1207 5300 est,
1249 5245 1305 5291 et
1339 5236 1456 5306 ipse
1485 5239 1593 5294 erit
1642 5243 1993 5310 exspectatio.

2078 3205 2372 3281 ἐχρήσατο
2389 3202 2467 3273 τῷ
2486 3202 2730 3272 ὀνόματι.
2756 3203 2920 3269 Λέγει
2947 3201 3003 3254 δὲ
3024 3199 3214 3266 οὕτως·
3247 3203 3535 3272 σἘχοντες
3563 3199 3679 3269 οὖν,

2093 3282 2338 3362 αδελφοὶ,
2375 3293 2688 3364 παρρησίαν
2714 3295 2793 3356 είς
2822 3291 2920 3363 τὴν
2949 3292 3153 3346 εῐσοδον
3176 3293 3282 3347 τῶν
3316 3295 3488 3362 ἁγίων
3515 3296 3574 3348 ἐν
3605 3295 3684 3366 τῷ

2094 3385 2286 3455 αἵματι
2324 3385 2522 3455 Ἰησοῦ,
2549 3386 2617 3456 ἣν
2644 3385 2917 3439 ἐκαίνισεν
2940 3388 3074 3456 ἡμῖν
3103 3385 3220 3438 ὁδὸν
3245 3386 3560 3457 πρόσφατον
3587 3389 3681 3440 καὶ

2095 3475 2298 3539 ζῶσαν,
2329 3477 2416 3530 διὰ
2439 3477 2536 3530 τοῦ
2563 3477 3078 3546 καταπετάσματος,
3101 3476 3249 3530 τοῦτ’
3271 3477 3386 3531 ἐστι
3410 3479 3510 3549 τῆς
3544 3496 3679 3550 σαρ-

2095 3566 2190 3630 κὸς
2215 3567 2381 3621 αὐτοῦ
2402 3608 2416 3630 ,
2450 3570 2546 3622 καὶ
2578 3569 2727 3638 ίερέα
2759 3567 2930 3637 μέγαν
2963 3569 3056 3620 ἐπὶ
3083 3567 3176 3620 τὸν
3211 3565 3361 3622 οἷκον
3393 3569 3488 3622 τοῦ
3521 3570 3678 3632 θεοῦ,

2095 3658 2535 3728 προσερχόμενον
2577 3658 2690 3728 (22)
2743 3658 2886 3728 μετὰ
2937 3657 3231 3729 ἀληθείας,
3294 3661 3681 3730 εἰσερχόμενον

2097 3747 2234 3814 μετὰ
2275 3746 2538 3826 ἀληθινῆς
2585 3746 2812 3819 καρδίας
2857 3749 2915 3800 ἐν
2950 3747 3296 3821 πληροφορίᾳ
3329 3749 3607 3814 πίστεως,
3654 3769 3673 3803 ι

2095 3838 2189 3891 κα)⁵
2218 3841 2286 3892 τὰ
2311 3839 2456 3912 ἑξῆς.

2175 3929 2378 3987 EPAN.
2442 3931 2861 4004 ’Λναντίρρητος
2906 3934 2940 4004 η
2990 3933 3293 4000 ἀπόδειξιςο
3349 3933 3680 4007 ἀποστολικῇ

2095 4033 2204 4102 γὰρ
2232 4030 2544 4100 κεκύρωται
2573 4027 2868 4098 μαρτυρίᾳ.

2166 4208 2316 4261 ΟΡΘ.
2360 4207 2452 4276 Μὴ
2475 4205 2658 4258 τοίνυν
2691 4206 2839 4274 ἡμᾶς
2870 4205 3086 4274 γράφου
3119 4207 3489 4275 καινοτομίας.
3532 4207 3679 4278 Παρ-

2095 4299 2332 4368 εξόμεθα
2362 4297 2472 4367 γάρ
2504 4311 2587 4348 σοι
2615 4295 2710 4348 καὶ
2741 4295 2936 4364 ἑτέραν
2965 4297 3314 4366 προφητικὴν
3348 4297 3678 4369 μαρτυρίαν,

2095 4389 2288 4460 στολὴν
2322 4389 2582 4457 ἄντικρυς
2607 4386 2701 4440 τοῦ
2732 4387 2940 4456 Κυρίου
2973 4387 3072 4459 τὴν
3106 4387 3286 4459 σάρκα
3315 4391 3409 4444 καὶ
3458 4391 3680 4461 περιὸοο

2017 4485 2066 4542 ιι
2091 4481 2189 4553 λὴν
2221 4480 2612 4552 ὀνομάζουσαν.

2165 4591 2370 4646 EPAN.
2416 4593 2476 4645 Εί
2513 4591 2588 4662 μὴ
2623 4593 3027 4663 αἰνιγματώεης
3062 4595 3251 4666 ὀφθείη
3299 4599 3392 4649 καὶ
3439 4596 3678 4666 ἀμφίδο-

2091 4681 2203 4746 λος,
2232 4683 2330 4736 ούκ
2358 4682 2728 4754 ἁντιλέξομεν,
2756 4683 2851 4737 καὶ
2885 4683 3045 4755 χάριν
3068 4687 3505 4756 ὁμολογήσομεν.

2162 4788 2314 4842 ΟΡΘ.
2356 4791 2527 4843 Αὐτόν
2556 4807 2613 4842 σε
2738 4791 2966 4862 ἀληθεία
3005 4793 3104 4862 τῆς
3134 4793 3468 4863 ἐπαγγελίας
3497 4814 3677 4868 παρα-

2091 4881 2346 4934 σκευάσω
2379 4885 2744 4954 μαρτυρῆσαι.
2779 4877 2950 4936 Οἶσθα
2976 4884 3056 4936 ὅτι
3079 4883 3168 4937 τὸν
3211 4885 3411 4938 Ἰούδαν
3440 4887 3678 4956 εὐλογῶν

2110 4969 2306 5023 Ἰακὼϐ
2339 4974 2366 5024 6
2400 4973 2772 5042 πατριάρχης,
2803 4973 2922 5035 ταῖς
2952 4973 3310 5038 Δεσποτικαῖς
3336 4977 3677 5048 περιέγραψε
3709 5007 3736 5069 ει

2095 5064 2278 5130 γοναῖς
2309 5063 2406 5132 τὴν
2463 5063 2632 5116 Ἰούδα
2660 5065 2990 5133 ήγεμονίανς
3029 5085 3047 5117 ι
3093 5065 3208 5120 Ούκ
3247 5068 3489 5138 ἐκλείψει
3532 5071 3673 5140 γὰρ,

2094 5153 2221 5223 ἔφη,
2263 5154 2448 5226 ἄρχων
2477 5155 2536 5220 ἐξ
2573 5153 2767 5219 Ἰούδα,
2799 5157 2892 5209 καὶ
2924 5156 3226 5228 ἡγούμενος
3249 5161 3314 5213 ἐκ
3339 5159 3450 5213 τῶν
3482 5162 3675 5233 μηρῶν

2090 5244 2277 5310 αὐτοῦ,
2297 5246 2399 5305 ἕως
2419 5245 2495 5300 ἂν
2516 5245 2645 5316 ἔλθῃ
2665 5246 2776 5316 (25)
2797 5239 2841 5315 ᾧ
2863 5248 3170 5314 ἀπόκειται,
3198 5249 3293 5302 καὶ
3321 5250 3481 5314 αὐτὸς
3507 5266 3673 5322 προσ-

480 5411 524 5442 "'
553 5411 742 5466 Matth.
771 5428 914 5477 mu,
948 5415 1033 5469 l0.
1104 5419 1148 5449 ⁸³
1179 5420 1360 5476 l'l‘im.
1395 5439 1472 5487 ιιι,
1516 5423 1598 5477 16.
1670 5425 1716 5455 δε
1739 5423 1904 5481 Hebr.
1935 5428 2201 5494 Mlti—22'.

485 5595 598 5662 (22)
645 5611 740 5666 πρ.
778 5595 926 5666 Hanc
974 5597 1265 5666 lectionem
1305 5603 1482 5658 rarius
1528 5605 1746 5660 obviam
1803 5617 1988 5660 tuetur

411 5666 498 5753 ed.
537 5665 705 5753 Rom.
743 5675 798 5719 et
848 5665 996 5735 Lips.
1045 5665 1297 5753 Strigelii
1320 5675 1500 5727 versio
1538 5677 1793 5753 exprimit
1834 5693 1986 5753 ret-e-

418 5745 560 5806 ptam
585 5735 874 5793 lectionem
907 5735 1358 5808 προσερχώμεθα,
1387 5759 1440 5796 κ.
1465 5761 1516 5814 ι
1539 5745 1588 5800 λ.
1609 5735 1790 5814 ’ίιιιαιῐι
1820 5747 1984 5801 etiam

2095 5609 2289 5689 Noster
2312 5613 2448 5689 alibi
2468 5623 2737 5689 sequutus
2764 5624 2878 5689 _e_st.
2907 5615 3190 5689 Vidatotn.
3231 5621 3316 5686 ιιι,
3351 5636 3402 5689 p.
3428 5619 3563 5676 607.

2168 5680 2276 5751 (25)
2329 5683 2426 5738 Ed.
2466 5680 2620 5738 lloin.
2660 5693 2713 5738 ct
2760 5685 2909 5756 Lips.
2952 5688 3169 5761 ἀνέλθῃ.
