4006 6202
387 364 449 431 53
1469 364 1848 429 DIALOGUS
1884 366 1934 425 Ι.
1973 392 2044 403 --
2080 364 2604 428 IMMUTABILIS.
3500 405 3509 415 .
3553 367 3615 432 55

378 478 525 534 δοκία
551 477 741 533 ἐθνῶν.
773 497 792 530 ι
832 478 1049 550 Ταύτην
1080 479 1139 534 δέ
1171 495 1234 550 γε
1265 481 1378 544 τοῖς
1405 480 1713 552 ἔμπροσθεν
1740 480 1939 552 ὡμολό-

2059 481 2303 552 gentium
2321 479 2386 533 ".
2429 498 2447 530 ι
2504 479 2655 534 Hanc
2683 487 2866 533 autem
2904 474 3246 548 prophetiam
3293 476 3361 531 de
3401 476 3618 537 Christo

377 586 549 639 γησας
595 571 723 643 περὶ
760 570 856 624 τοῦ
900 570 1155 643 Σωτῆρος
1198 570 1546 626 τεθεσπίσθαι
1592 572 1693 643 τὴν
1729 588 1945 644 προφη-

375 678 429 713 τε
437 662 539 715 ίαν.

440 751 646 805 ΕΡΛΝ.
705 751 1065 823 Ὠμολόγησα.

438 861 594 914 0P9.
648 862 1049 932 ’Λναμνήσθητι
1099 864 1389 935 τοιγαροῦν
1428 865 1536 919 τῶν
1589 866 1734 937 ἑξῆς.
1783 867 1944 934 Λέγει

367 953 475 1024 γάρ
509 953 792 1016 ὡσαύτως
840 973 858 1005 ι
901 950 975 1008 0⁵5
1002 954 1098 1025 τὴν
1137 957 1439 1026 παρουσίαν
1472 957 1541 1011 τὰ
1565 956 1694 1028 ἔθνη
1721 959 1944 1029 προσδέ-

365 1061 543 1115 χεται·
575 1044 769 1097 πλυνεῖ
797 1047 855 1098 ἐν
895 1043 1024 1117 οἴνῳ
1049 1046 1149 1116 τὴν
1188 1047 1379 1118 στολὴν
1408 1047 1574 1101 αὐτοῦ
1599 1090 1613 1110 ,
1648 1049 1741 1103 καὶ
1774 1049 1832 1102 ὲν
1860 1050 1943 1101 αἴ-

366 1151 502 1205 ματι
537 1135 815 1205 σταφυλῆς
848 1136 947 1207 τὴν
975 1136 1268 1208 περιϐολὴν
1296 1139 1475 1194 αὐτοῦ.
1518 1157 1539 1193 ν

430 1248 639 1301 EPAN.
688 1248 824 1317 Περὶ
861 1247 1092 1317 ίματίων
1124 1247 1344 1321 εἴρηκεν
1372 1252 1400 1304 ό
1450 1251 1831 1322 πατριάρχης,
1880 1251 1939 1303 οὐ

362 1356 426 1391 πε
432 1340 495 1409 ρὶ
525 1336 797 1408 σώματος.

427 1452 586 1507 οΡΘ.
624 1452 808 1518 Δεῖξον
827 1448 920 1507 οὖν
946 1454 1149 1525 πηνίκα
1176 1455 1209 1525 ἢ
1236 1458 1338 1510 ποῦ
1360 1455 1418 1508 ὲν
1443 1454 1633 1525 αἵματι
1666 1455 1939 1525 σταφυλῆς

359 1545 560 1598 ἕπλυνε
588 1544 688 1616 τὴν
720 1544 1036 1616 περιϐολήν,

425 1636 635 1692 EPAN.
681 1635 752 1689 Σὺ
776 1636 946 1703 δεῖξον
969 1639 1054 1692 ὃτι
1085 1638 1146 1691 τὸ
1173 1636 1330 1710 σῶμα
1364 1639 1574 1704 τούτοις
1602 1640 1887 1719 ὲφοίνιξεν.

2053 572 2256 628 editam
2289 587 2409 627 esse
2435 580 2593 627 antea
2622 571 2904 626 confessus
2934 586 3013 626 es.

2124 756 2330 811 ERAN.
2386 755 2682 811 Confessus
2721 770 2861 810 sum.

2117 867 2328 924 ORTH.
2362 869 2569 940 Repete
2597 870 2761 941 igitur
2790 870 3056 926 memoria
3091 870 3254 926 etiam
3278 869 3370 924 illa
3392 884 3514 939 quae
3536 884 3617 924 se-

2050 970 2316 1030 quuntur.
2351 959 2442 1015 Sic
2465 962 2612 1015 enim
2640 961 2808 1017 dicit:
2852 982 2870 1012 ‹
2906 960 3078 1032 Cujus
3103 960 3399 1016 adventum
3426 967 3619 1031 gentes

2047 1060 2384 1122 exspectant.
2423 1052 2649 1108 Lavabit
2678 1052 2733 1108 in
2759 1052 2889 1107 vino
2923 1054 3118 1110 stolam
3140 1068 3314 1119 suam,
3334 1060 3391 1109 et
3416 1052 3472 1108 in
3496 1068 3619 1110 san-

2046 1142 2210 1214 guine
2242 1159 2362 1199 uvae
2385 1144 2610 1213 pallium
2637 1158 2796 1198 suum
2825 1142 2890 1196 “.
2924 1164 2940 1195 ι

2119 1255 2323 1310 ERAN.
2373 1256 2448 1311 De
2490 1257 2834 1312 vestimentis
2884 1258 3104 1314 locutus
3154 1265 3239 1314 est
3284 1238 3613 1329 patriarcha.

2043 1360 2154 1400 non
2177 1345 2244 1399 de
2278 1360 2533 1416 corpore.

2117 1458 2325 1514 ORTH.
2357 1457 2594 1515 Ostende
2629 1460 2818 1529 igitur,
2842 1461 2938 1516 ubi
2986 1470 3081 1516 aut
3127 1460 3350 1531 quando
3389 1460 3447 1515 in
3485 1476 3615 1517 san.

2040 1550 2205 1618 guine
2237 1565 2354 1603 uva:
2385 1550 2580 1604 laverit
2604 1549 2865 1620 pallium?

2112 1641 2319 1697 ERAN.
2361 1641 2443 1695 Tu
2474 1657 2605 1697 vero
2630 1640 2967 1708 demonstra,
3006 1658 3135 1699 eum
3165 1655 3369 1717 corpus
3398 1642 3487 1698 his
3508 1642 3616 1698 tin-

2039 1742 2205 1785 κιεεε.

424 1808 581 1862 ΟΡΘ.
633 1808 793 1874 Ἀξιῶ
820 1826 879 1862 σε
904 1812 1311 1883 μυστικώτερον
1334 1813 1754 1884 ἀποκρίνασθαι.
1787 1816 1939 1879 Τινὲς

2114 1818 2325 1875 ORTH.
2375 1819 2486 1876 Oro
2522 1829 2574 1877 te
2604 1830 2666 1876 ut
2694 1821 2990 1877 obscurius
3020 1820 3376 1892 respondeas.
3403 1821 3615 1883 Adsunt

361 1901 470 1971 γὶρ
504 1901 633 1965 ἴσως
663 1900 1076 1972 παρεστήκασιν
1103 1903 1360 1973 ἀμύητοι.

435 2010 632 2065 ΕΡΔΝ.
672 2010 861 2076 Οὕτως
903 2011 1242 2084 ἀκούσομαι,
1274 2016 1370 2068 καὶ
1398 2014 1571 2081 οὕτως
1609 2018 1937 2091 ἀποκρινοῦο

366 2121 491 2173 μαι.

427 2194 583 2249 ΟΡθ.
625 2191 779 2250 οἷσθ’
821 2198 905 2251 ὅτι
934 2198 1181 2269 ἄμπελον
1209 2202 1238 2254 ό
1288 2200 1494 2272 Κύριος
1535 2203 1727 2257 ἑαυτὸν
1770 2221 1935 2274 προσ⁶

353 2286 656 2358 ηγόρευσεν
677 2305 694 2353 ;

423 2375 628 2430 ΕΡΑΝ.
656 2372 789 2432 Οἶδα
810 2378 887 2443 ὡς
913 2377 1154 2449 simer
1194 2398 1213 2440 ι
1257 2380 1397 2451 Ἐγὼ
1427 2382 1543 2453 είμι
1568 2385 1600 2454 ἡ
1625 2384 1867 2455 ἄμπελος
1897 2389 1929 2455 ἡ

350 2464 609 2536 ἀληθινή.
648 2485 668 2518 ι

419 2559 579 2612 υΡΘ.
630 2559 691 2612 Ὀ
726 2558 784 2611 δὲ
815 2560 913 2629 τῆς
951 2561 1200 2632 ἀμπέλου
1232 2562 1442 2633 καρπὸς
1488 2564 1732 2626 πιεσθεὶς
1772 2567 1933 2619 ποίαν

352 2648 471 2719 εχει
505 2650 881 2721 προσηγορίαν
901 2668 916 2717 ς

423 2741 630 2795 EPAN.
671 2737 833 2806 Οἶνος
864 2744 1356 2815 προσαγορεύεται.

423 2832 575 2886 ΟΡΘ.
621 2834 810 2887 Ἡνῐκα
829 2834 887 2886 δὲ
912 2835 1010 2906 τὴν
1033 2835 1271 2907 πλευρὰν
1289 2833 1383 2889 τοῦ
1414 2835 1664 2907 Σωτῆρος
1689 2836 1934 2909 ἔτρωσαν

351 2926 399 2979 oi
430 2925 766 2996 στρατιῶται
813 2928 879 2997 τῇ
920 2925 1125 2998 λόγχῃ,
1180 2926 1232 2980 τί
1281 2925 1613 2997 προχεθῆναξ
1658 2943 1823 2996 φασιν
1869 2929 1934 2980 ὲκ

346 3017 554 3083 ταύτης
591 3018 639 3069 οἱ
666 3017 1105 3086 συγγεγραφότες
1129 3014 1198 3071 τὰ
1221 3015 1554 3087 Εὐαγγέλια;

411 3110 630 3165 ΕΡΑΝ.
669 3104 817 3180 Αἷμα
849 3111 943 3163 καὶ
974 3108 1139 3180 ὕδωρ.

2036 1911 2184 1966 enim
2218 1910 2448 1965 fortasse
2481 1911 2652 1982 aliqui
2682 1911 2960 1983 mysteriis
2988 1925 3100 1967 non
3125 1910 3347 1966 initiati.

2105 2022 2313 2078 ERAN.
2341 2022 2433 2078 Sic
2460 2022 2700 2090 audiam,
2729 2031 2788 2080 et
2813 2023 2895 2079 sic
2926 2023 3290 2096 respondebo.

2105 2196 2315 2256 ORTH.
2352 2199 2472 2255 Scis
2512 2200 2660 2270 quod
2700 2200 2869 2257 vitem
2915 2200 3180 2256 Dominus
3235 2200 3476 2270 seipsnm
3516 2215 3613 2272 ap-

2035 2290 2359 2362 pellaverit?

2102 2382 2310 2438 ERAN.
2368 2381 2496 2439 Scio
2552 2397 2679 2439 eum
2728 2381 2982 2447 dixisse:
3037 2399 3057 2433 ι
3108 2380 3225 2453 Ego
3281 2395 3402 2437 sum
3481 2380 3611 2436 vitis

2032 2487 2165 2528 vera
2184 2471 2250 2525 δ’.
2289 2492 2308 2526 t

2102 2560 2314 2618 ORTH.
2360 2562 2592 2618 Fructus
2642 2578 2774 2617 vero
2819 2562 2948 2618 vitis
2996 2575 3290 2632 expressus
3331 2560 3611 2633 quomodo

2034 2652 2377 2723 appellatur?
3695 2639 3704 2647 ’

2104 2743 2331 2798 ‘ERAN.
2355 2744 2553 2800 Vinum
2585 2753 2959 2815 nuncupatur.

2105 2833 2210 2904 25
2223 2834 2431 2890 ORTH.
2464 2834 2694 2903 Quando
2709 2845 2891 2892 autem
2916 2836 3211 2893 Salvatoris
3236 2837 3381 2893 latus
3407 2836 3610 2894 milites

2034 2925 2222 2980 lancea
2255 2925 2591 2991 sauciarunt,
2609 2926 2743 2997 quid
2779 2925 2905 2981 inde
2935 2941 3184 2983 manasse
3205 2926 3400 2984 dicunt
3422 2925 3605 2982 Evan-

2035 3015 2303 3087 geliorum
2336 3016 2633 3087 scriptores
2654 3018 2771 3050 ’θ’δι
2800 3018 2823 3072 ‘i

2108 3107 2316 3163 ERAN.
2350 3106 2683 3179 Sanguinem
2705 3117 2764 3164 et
2784 3125 3006 3180 aquam.

415 3202 574 3257 0P9.
606 3198 757 3271 Αἷμα
789 3203 896 3273 ἄρα
940 3201 1219 3271 σταφυλῆς
1262 3202 1325 3255 τὸ
1350 3201 1443 3256 τοῦ
1476 3202 1730 3274 Σωτῆρος
1764 3219 1935 3272 προσ-

2109 3195 2320 3252 ΟΒΤΗ.
2355 3195 2684 3269 Sanguinem
2716 3199 2883 3271 igitur
2930 3216 3049 3257 uva;
3089 3199 3387 3256 Salvatoris
3417 3200 3606 3270 appel—

342 3295 656 3365 ηγόρευσεν
690 3287 849 3361 αἷμα.
879 3293 942 3345 El
967 3291 1074 3363 γὰρ
1098 3292 1384 3362 ἄμπελοςό
1414 3294 1691 3362 Δεσπότης
1718 3290 1934 3363 ὠνόμα.

343 3403 503 3448 σται,
532 3386 562 3436 ὁ
606 3385 665 3438 δὲ
699 3384 799 3454 τῆς
828 3384 1076 3455 ἀμπέλου
1108 3384 1320 3455 καρπὸς
1354 3379 1494 3447 οἶνος
1532 3385 1932 3456 προσαγορεύε-

341 3496 471 3541 ται,
512 3478 747 3547 αἵματος
775 3476 833 3530 δὲ
882 3477 977 3531 καὶ
1027 3476 1221 3541 ὓδατος
1269 3480 1334 3531 ὲκ
1370 3478 1468 3547 τῆς
1516 3476 1609 3530 τοῦ
1666 3478 1935 3533 Δεσπότου

343 3571 599 3641 πλευρᾶς
648 3569 866 3638 κρουνοὶ
916 3568 1275 3639 πωχεθέντες
1324 3569 1435 3640 (24)
1484 3568 1569 3623 διὰ
1606 3568 1702 3622 τοῦ
1748 3568 1936 3626 λοιποῦ

342 3662 609 3732 σώματος
631 3659 725 3713 ἐπὶ
740 3659 807 3712 τὰ
828 3659 978 3712 κάτω
1001 3659 1236 3728 διῆλθον,
1264 3658 1488 3722 εἰκότως
1510 3658 1618 3730 ἄρα
1646 3659 1739 3713 καὶ
1764 3676 1936 3729 προσ-

342 3754 540 3824 φόρως
589 3754 852 3821 προεῖπεν
906 3750 934 3802 ὁ
974 3749 1340 3822 πατριάρχης
1397 3767 1415 3800 ι
1467 3749 1664 3802 Πλυνεῖ
1714 3750 1773 3803 ὲν
1810 3749 1939 3818 οἴνῳ

342 3846 442 3915 τὴν
473 3843 673 3913 στολὴν
702 3841 891 3903 αὐτοῦ,
923 3843 1017 3895 καὶ
1044 3843 1101 3893 ὲν
1133 3842 1327 3911 αἵματι
1359 3840 1634 3910 σταφυλῆς
1655 3830 1753 3909 τὴν
1780 3856 1937 3911 περι-

344 3936 521 4006 ϐολὴν
562 3933 748 3988 αὑτοῦ.
790 3952 810 3984 ι
847 3934 1057 4004 ’Ὠσπερ
1095 3931 1202 4005 γὰρ
1230 3933 1389 4003 ἡμεῖς
1418 3931 1511 4008 ἐον
1548 3917 1939 4001 μυστικδν’τῆς

341 4025 607 4097 ἀμπέλου
630 4026 866 4096 καρπὸν,
894 4024 1032 4095 μετὰ
1060 4022 1151 4078 τὸν
1187 4020 1480 4091 ἁγιασμὸν,
1513 4018 1652 4091 αἷμα
1681 4029 1940 4076 Δεσποτι·

344 4121 442 4173 κον
464 4116 835 4188 ὀνομάζομεν,
857 4115 1002 4170 οὕτω
1023 4116 1123 4187 τῆς
1144 4115 1409 4187 ἀληθινῆς
1433 4114 1682 4186 ἀμπέλου
1712 4114 1774 4167 τὸ
1798 4109 1939 4186 αἷμα

343 4209 636 4278 σταφυλῆς
674 4208 958 4279 ὠνόμασεν
979 4202 1142 4278 αἷμα.

414 4297 631 4353 EPAN.
674 4297 974 4363 Μυστικῶς
1018 4297 1133 4370 ἅμα
1161 4298 1256 4352 καὶ
1293 4297 1482 4367 σαφῶς
1512 4298 1542 4351 ὁ
1577 4297 1939 4369 προκείμενος

341 4390 731 4444 ἀποδέδεικται
756 4387 937 4459 λόγος.

415 4480 580 4535 ΟΡΘ.
617 4482 679 4534 Ei
712 4481 807 4536 καὶ
839 4480 1090 4550 αὐτάρκη
1121 4498 1201 4534 σοι
1231 4483 1310 4544 είς
1339 4479 1522 4553 πίστιν
1547 4480 1616 4532 τὰ
1646 4478 1934 4551 εἰρημένα,
1968 4516 2011 4571 D

343 4572 469 4625 ἀλλ’
502 4572 654 4641 ὅμως
692 4574 788 4625 καὶ
816 4573 1008 4644 ἑτέραν
1058 4570 1331 4637 ἀπόδειξιν
1371 4572 1452 4637 είς
1495 4571 1789 4643 βεϐαίωσιν
1833 4570 1933 4641 τῆς

343 4663 616 4732 ἀληθείας
651 4664 966 4733 προσθήσω.
1558 4660 1561 4662 ’

418 4751 631 4806 EPAN.
673 4752 852 4824 Χαριῇ
887 4769 976 4823 μοι
1010 4751 1169 4815 τοῦτο
1198 4751 1340 4827 δρῶν
1359 4769 1373 4784 ⁶
1404 4751 1501 4825 τὴν
1534 4752 1644 4825 γὰρ
1667 4753 1937 4823 ὠφέλειαν

345 4845 626 4918 αὐξήσῃς.

420 4934 577 4989 οΡθ.
619 4933 793 4991 Οἶσθα
825 4936 907 4990 ὅτι
941 4934 1105 5006 ἄρτον
1134 4936 1163 4988 ό
1192 4934 1323 4999 Θεὸς
1347 4935 1410 4989 τὸ
1432 4938 1629 4990 οἰκεῖον
1669 4936 1937 5006 προσηγό-

349 5041 521 5095 ρευσε
550 5025 743 5097 σῶμα;
1444 5064 1455 5073 .

423 5116 627 5171 EPAN.
668 5113 822 5173 Οἶδα.

424 5204 581 5258 0P8.
612 5206 722 5259 Καὶ
755 5205 982 5278 ἑτέρωθι
1014 5206 1072 5262 δὲ
1104 5206 1202 5279 τὴν
1233 5206 1412 5279 σάρκα
1443 5207 1586 5259 σῖτον
1616 5204 1934 5277 ὠνόμασεν;

428 5384 636 5440 EPAN.
674 5380 805 5439 Οἶδα
837 5385 1143 5439 καὶτοῦτο.
1201 5384 1445 5437 Ἤκουσα
1482 5383 1592 5453 γὰρ
1636 5383 1802 5437 αὐτοῦ
1852 5383 1938 5437 λέ-

352 5489 550 5538 γοντος
583 5490 594 5501 ·
648 5494 666 5526 ι
709 5474 998 5545 Ἐλήλυθεν
1023 5477 1056 5546 ὴ
1085 5473 1205 5546 ὥρα
1243 5473 1328 5525 ἵνα
1360 5472 1589 5544 δοξασθῇ
1629 5476 1659 5526 ό
1691 5472 1815 5537 Υἱὸς
1845 5472 1936 5525 τοῦ

2036 3286 2168 3342 lavit
2204 3287 2550 3358 sanguinem.
2583 3289 2638 3345 Si
2669 3291 2817 3346 enim
2846 3293 3109 3349 Dominus
3143 3293 3273 3348 vitis
3302 3290 3611 3363 appellatus

2036 3387 2140 3445 est,
2192 3386 2248 3433 et
2295 3376 2511 3435 fructus
2554 3380 2682 3435 vitis
2722 3382 2911 3437 vinum
2944 3383 3271 3453 appellatur,
3328 3379 3611 3451 sanguinis

2036 3482 2169 3523 vero
2198 3477 2254 3525 et
2289 3485 2444 3541 aqua:
2490 3470 2593 3527 rivi
2618 3488 2686 3528 ex
2716 3474 2932 3529 Domini
2971 3476 3140 3531 latere
3166 3474 3378 3545 profusi
3404 3487 3505 3544 per
3523 3487 3599 3527 re-

2036 3560 2248 3630 liquum
2278 3578 2477 3634 corpus
2505 3565 2764 3622 deorsum
2795 3577 3105 3633 manarunt,
3134 3569 3260 3639 jure
3292 3566 3519 3622 omnino
3554 3572 3611 3618 et

2038 3654 2285 3723 apposite
2317 3655 2647 3710 vaticinatus
2675 3664 2762 3711 est
2808 3657 3163 3726 patriarcha:
3205 3675 3223 3708 ι
3267 3655 3498 3710 Lavabit
3552 3654 3609 3708 in

2038 3744 2167 3798 vino
2213 3744 2406 3798 stolam
2465 3759 2641 3808 suam,
2684 3753 2742 3799 et
2797 3745 2853 3801 in
2901 3745 3166 3815 sanguine
3215 3760 3334 3799 uvae
3384 3743 3606 3814 pallium

2038 3850 2220 3889 suum.
2279 3854 2297 3886 ι
2341 3833 2495 3889 Sicut
2547 3835 2694 3890 enim
2738 3851 2841 3893 nos
2870 3837 3159 3908 mysticum
3208 3835 3341 3892 vitis
3366 3835 3606 3891 fructum

2039 3937 2165 3998 post
2196 3925 2683 3983 sanctificationem
2709 3929 3031 3999 sanguinem
3059 3928 3405 3984 Dominicum
3426 3927 3610 3999 appel-

2040 4016 2236 4079 lamus,
2266 4015 2347 4070 sic
2387 4028 2533 4071 vera:
2576 4016 2706 4072 vitis
2752 4016 3074 4088 sanguinem
3128 4032 3248 4074 uvae
3287 4017 3624 4107 sanguinem.

2040 4107 2363 4164 nominavit.

2111 4289 2317 4346 ERAN.
2359 4288 2586 4361 Mystice
2641 4286 2888 4358 quidem,
2942 4286 3037 4342 sed
3091 4284 3255 4341 simul
3282 4291 3340 4339 et
3370 4284 3625 4341 dilucide:

2040 4381 2188 4453 quod
2214 4379 2558 4452 propositum
2592 4378 2772 4434 fuerat
2800 4377 3244 4435 demonstratum
3262 4383 3367 4432 est.

2110 4471 2319 4528 ORTH.
2365 4471 2484 4527 Etsi
2509 4471 2626 4529 haec
2649 4471 2751 4527 tibi
2804 4472 2873 4527 ad
2923 4470 3087 4527 fidem
3119 4467 3428 4525 faciendam
3455 4463 3605 4522 suill~

2039 4563 2213 4628 ciunt,
2229 4563 2296 4618 ad
2312 4563 2599 4620 veritatem
2623 4569 2807 4619 tamen
2828 4560 3256 4623 conﬁrmandam
3266 4559 3428 4615 aliam
3438 4556 3611 4612 etiam

2037 4654 2420 4726 probationem
2452 4653 2727 4725 adjiciam.

2108 4746 2314 4801 ERAN.
2350 4743 2409 4800 Si
2437 4745 2543 4799 hoc
2598 4742 2816 4808 feceris,
2860 4751 2978 4799 rem
3012 4742 3145 4796 mihi
3168 4749 3373 4813 gratam
3400 4739 3602 4796 facies:

2039 4835 2331 4890 utilitatem
2352 4834 2500 4890 enim
2529 4833 2764 4889 anseris.
3358 4896 3359 4899 η

2111 4925 2321 4982 ORTH.
2352 4924 2492 4991 Scis,
2514 4924 2659 4996 quod
2685 4941 2880 4996 panem
2910 4926 3056 4981 Deus
3085 4921 3371 4994 proprium
3408 4930 3608 4993 corpus

2039 5017 2430 5092 appellaverit?

2109 5109 2316 5165 ERAN.
2343 5109 2489 5166 Scio.

2108 5200 2318 5257 ORTH.
2356 5200 2514 5259 Anne
2538 5200 2705 5259 etiam
2734 5200 2865 5261 alibi
2889 5213 3110 5256 carnem
3139 5197 3476 5261 frumentum
3501 5212 3603 5253 no-

2038 5294 2267 5349 minavit
2287 5293 2310 5348 ?

2110 5380 2317 5436 ERAN.
2356 5382 2471 5436 Hoc
2514 5381 2678 5435 etiam
2721 5382 2852 5437 scio.
2890 5381 3085 5436 Audivi
3130 5382 3278 5436 enim
3327 5380 3479 5436 illum
3522 5379 3605 5433 di-

2040 5481 2293 5527 centem:
2330 5490 2346 5521 ι
2376 5471 2537 5527 Venit
2577 5471 2712 5525 hora
2754 5480 2814 5524 ut
2869 5471 3201 5542 glorificetur
3236 5470 3404 5525 Filius
3430 5460 3605 5523 homi-

435 5626 485 5657 ⁸⁸⁷
520 5628 652 5683 Gen.
686 5645 829 5693 χιιι,
877 5629 961 5683 10.
1034 5627 1079 5660 ⁸⁸
1126 5629 1267 5684 Ibid.
1294 5629 1349 5683 2.
1426 5628 1651 5686 “Joan.
1683 5645 1779 5695 xv,
1816 5628 1864 5682 Ι.

2091 5627 2247 5682 Joan.
2280 5642 2388 5691 xxx,
2423 5625 2509 5680 δι.

440 5738 550 5812 (24)
587 5743 688 5798 Ed.
741 5745 901 5810 Rom;
934 5755 987 5801 et
1018 5746 1165 5815 Lips.
1206 5744 1558 5818 npaxwévro;
1592 5745 1827 5817 κρουνοί.
