4006 6202
365 362 436 427 55
1353 357 1841 420 THEODORETI
1882 360 2217 422 EPISCOPI
2259 367 2624 426 CYRENSIS
3547 366 3617 430 56

364 477 454 532 nis
472 475 550 542 ";
597 493 613 523 ι
647 482 740 529 et:
795 491 813 523 ι
872 471 988 526 Nisi
1034 485 1261 541 granum
1315 469 1584 526 frumenti
1634 474 1837 526 cadens
1883 472 1938 526 in

2043 477 2332 548 ἀνθρώπου
2355 497 2369 510 ο
2398 499 2415 530 ι
2454 481 2579 536 καί·
2614 499 2630 530 ι
2681 480 2805 532 Ἐὰν
2838 482 2911 550 μὴ
2940 483 2968 534 ό
2996 480 3194 543 κόκκος
3220 480 3312 533 τοῦ
3342 481 3488 534 σίτου
3518 499 3621 535 πε-

364 578 566 624 terram
618 573 891 618 mortuum
947 561 1132 625 fuerit,
1171 561 1352 631 ipsum
1405 563 1586 618 solum
1629 571 1846 617 manet:
1893 563 1939 617 si

2046 567 2152 621 σὼν
2172 573 2251 633 είς
2289 571 2386 639 τὴν
2415 572 2518 640 γῆν
2545 573 2816 644 ἀποθάνῃ,
2866 572 3024 642 μόνος
3059 571 3230 642 μένει·
3267 573 3362 625 ἐὰν
3389 573 3445 626 δὲ
3478 574 3616 627 ἀπο-

365 667 549 713 autcm
570 665 847 709 mortuum
878 653 1066 731 fuerit,
1093 651 1328 707 multum
1367 652 1606 707 fructum
1631 653 1790 709 affert
1813 653 1880 706 ⁸⁸.
1915 672 1932 705 ι

1323 673 1328 704 ι
1367 652 1606 707 fructum
1631 653 1790 709 affert
1813 653 1880 706 ⁸⁸.
1915 672 1932 705 ι
2043 660 2198 733 θάνῃ,
2233 663 2400 716 πολὺν
2431 665 2643 734 καρπὸν
2672 664 2846 734 φέρει.
2887 683 2905 716 ι

436 746 784 818 26νΟΒΤΗ.
813 746 870 800 ln
894 745 1283 816 mysteriorum
1319 760 1450 798 vero
1473 745 1819 800 institutione
1851 761 1937 815 pa-

2121 754 2270 806 01³9.
2339 755 2426 806 Ἑν
2466 754 2520 807 δέ
2570 772 2632 823 γε
2683 759 2749 826 τῇ
2780 757 2887 809 τῶν
2938 755 3254 827 μυστηρίων
3302 756 3615 825 παραδόσει,

364 853 488 894 nem
536 837 827 908 appellavit
883 851 1112 906 corpus,
1179 846 1234 892 et
1282 836 1430 907 quod
1495 837 1720 891 mistum
1780 848 1934 901 erat,

1842 848 1934 901 at.
2027 845 2204 916 σῶμα
2236 846 2324 900 τὸν
2361 846 2522 918 ἄρτον
2550 847 2795 912 ἐκάλεσε,
2825 849 2916 902 καὶ
2956 844 3092 918 αἷμα
3119 847 3179 901 τὸ
3217 851 3424 920 κρᾶμα.

363 932 683 1001 sanguinem
711 932 775 984 ".

436 1023 643 1080 ERAN.
671 1023 761 1079 Sic
791 1025 1116 1081 nominavit.

2116 1029 2320 1085 EPAN.
2375 1030 2561 1094 Οὕτως
2593 1031 2893 1103 ὠνόμασεν.

433 1115 642 1171 ORTH.
677 1117 841 1186 Atqui
870 1119 1176 1173 secundum
1209 1126 1481 1181 naturam,
1519 1127 1574 1172 et
1602 1117 1939 1186 carpusjure

2117 1124 2266 1178 ΟΡΘ.
2321 1121 2483 1175 Ἀλλὰ
2527 1123 2622 1176 καὶ¹
2667 1124 2808 1178 κατὰ
2845 1121 3027 1192 φύσιν,
3065 1116 3126 1174 τὸ
3166 1119 3324 1189 σῶμα
3359 1119 3516 1192 σῶμα
3552 1119 3620 1175 ἄν

364 1222 570 1275 corpus
590 1207 898 1272 vocabitur,
929 1216 986 1263 et
1007 1209 1230 1279 sanguis
1255 1209 1496 1280 sanguis.

2043 1219 2264 1280 εἰκότως
2299 1215 2411 1287 (‘25)
2443 1215 2694 1286 κληθείη,
2727 1215 2821 1268 καὶ
2855 1213 2915 1266 τὺ
2944 1207 3083 1282 αἷμα
3115 1207 3252 1282 αἷμα
3282 1210 3415 1282 (26).

436 1298 643 1353 ERAN.
677 1299 736 1354 In
765 1298 1018 1355 confesso
1046 1313 1149 1356 est.

2116 1305 2319 1360 EPAN.
2374 1305 2750 1375 Ὠμολόγηται.

437 1386 648 1444 ORTH.
680 1388 931 1444 Salvator
982 1398 1165 1444 autem
1209 1399 1398 1444 noster
1446 1391 1666 1444 nomina
1716 1404 1938 1458 permn-

2115 1396 2265 1450 ΟΡΘ.
2319 1397 2379 1450 ὐ
2424 1397 2482 1449 δέ
2525 1412 2589 1464 γε
2635 1394 2827 1465 Σωτὴρ
2871 1392 2899 1444 ὀ
2947 1390 3214 1462 ἡμέτερος
3261 1389 3515 1458 ἐνήλλαξε
3553 1391 3619 1444 τὰ

363 1479 501 1534 tavit
547 1488 602 1534 et
632 1481 847 1550 corpori
875 1481 1098 1550 quidem
1133 1481 1188 1535 id
1220 1481 1365 1551 quod
1411 1491 1530 1535 erat
1574 1481 1802 1551 symboli
1840 1495 1938 1532 no-

2043 1489 2302 1559 ὀνόματα,
2329 1489 2423 1541 καὶ
2453 1487 2529 1558 τῷ
2561 1487 2661 1557 μὲν
2697 1484 2909 1554 σώματι
2942 1483 3001 1535 τὸ
3024 1481 3122 1535 τοῦ
3151 1481 3419 1551 συμϐόλου
3449 1482 3618 1534 τέθει-

365 1586 490 1624 men
522 1571 810 1641 imposuit:
857 1571 1105 1644 symbolo
1145 1587 1275 1626 vero
1315 1573 1464 1642 quod
1499 1580 1622 1627 erat
1669 1571 1937 1640 corporis.

2045 1598 2139 1633 κεν
2168 1580 2362 1650 ὄνομα,
2397 1579 2476 1648 τῷ
2504 1579 2560 1631 δὲ
2593 1575 2848 1646 συμϐόλῳ
2889 1575 2950 1627 τὸ
2978 1572 3070 1626 τοῦ
3125 1572 3374 1642 σώματος
3394 1590 3408 1602 ·
3452 1573 3621 1637 οὕτως

476 1663 642 1717 vitem
677 1662 919 1739 seipsum
948 1662 1043 1732 qui
1079 1661 1404 1727 nominavit,
1435 1660 1718 1732 sanguinis
1741 1676 1940 1714 nomen

2045 1671 2290 1741 ἄμπελον
2329 1670 2519 1724 ἑαυτὸν
2556 1669 2856 1740 ὀνομάσας,
2887 1661 3027 1737 αἷμα
3057 1664 3118 1718 τδ
3156 1663 3422 1734 σύμϐολον
3453 1680 3623 1736 προσ-

365 1754 613 1825 symbolo
641 1753 854 1808 tribuit.

778 1754 854 1808 tit.
1979 1813 2015 1833 η
2044 1763 2360 1833 ηγόρευσεν.

439 1846 644 1901 cum.
691 1846 806 1902 Hoc
839 1847 1061 1917 quidem
1109 1862 1236 1902 vere
1267 1846 1477 1902 dixisti.
1521 1846 1722 1901 Vellem
1757 1857 1938 1900 autem
1979 1813 2017 1864 ⁸⁵

2349 1813 2360 1817 ν
2383 1852 2554 1905 Τοῦτο
2602 1851 2699 1930 μὲν
2730 1848 2946 1920 άληθῶς
2992 1849 3240 1919 εἴρηκας.
3294 1845 3629 1916 Ἐϐουλόμην

364 1938 788 2007 permutationis
813 1938 1099 1994 nominum
1135 1953 1356 1994 causam
1384 1939 1654 1998 ediscere.

2042 1946 2098 1998 δὲ
2131 1945 2228 2014 τὴν
2255 1945 2439 1998 αἰτίαν
2476 1941 2669 2011 μαθεῖν
2695 1943 2795 2011 τῆς
2825 1940 2934 1994 τῶν
2971 1940 3251 2008 ὀνομάτων
3277 1937 3597 2004 ὲναλλαγῆς.

437 2027 675 2084 'ORTH.
707 2029 1028 2086 Manifestus
1053 2040 1136 2086 est
1161 2045 1360 2100 scopus
1387 2030 1455 2084 iis
1483 2029 1578 2099 qui
1605 2028 1808 2084 divinis
1830 2044 1933 2100 my-

2115 2035 2267 2088 ΟΡΘ.
2312 2035 2480 2105 Δῆλος
2507 2035 2536 2086 ὁ
2565 2034 2764 2096 σκοπὸς
2794 2035 2908 2094 τοῖς
2947 2031 3015 2083 τὰ
3059 2030 3178 2082 θεῖα
3229 2028 3621 2099 μεμνημένοις.

361 2119 552 2174 steriis
583 2129 711 2174 sunt
735 2120 955 2176 initiati.
989 2121 1218 2177 Volebat
1243 2121 1391 2177 enim
1437 2136 1555 2186 eos,
1600 2121 1694 2190 qui
1744 2120 1942 2175 divinis

2057 2126 2362 2196 Ἦϐουλήθη
2382 2125 2490 2198 γὰρ
2512 2125 2638 2189 τοὺς
2666 2124 2777 2177 τῶν
2801 2123 2959 2176 θείων
3001 2121 3315 2192 μυστηρίων
3347 2121 3624 2190 μεταλαγ-

365 2211 643 2281 mysteriis
693 2211 1043 2281 participant,
1078 2229 1190 2266 non
1246 2211 1533 2267 attendere
1587 2210 1654 2264 ad
1688 2217 1941 2264 naturam

2044 2219 2330 2288 χάνοντας,
2364 2219 2438 2287 μὴ
2467 2220 2532 2288 τῇ
2569 2216 2729 2286 φύσει
2763 2215 2872 2268 τῶν
2923 2213 3274 2285 βλεπομένων
3308 2213 3618 2284 προσέχειν.

363 2324 556 2364 eorum
590 2323 712 2378 qua:
735 2318 1056 2372 cernuntur,
1091 2307 1184 2363 sed
1214 2324 1312 2378 per
1351 2308 1636 2362 nominum
1683 2305 1940 2359 mutatio-

2045 2309 2181 2363 ἀλλὰ
2211 2308 2297 2362 διὰ
2323 2309 2421 2378 τῆς
2445 2308 2554 2362 τῶν
2593 2308 2874 2378 ὀνομάτων
2901 2306 3224 2375 ὲναλλαγῆς,
3259 2305 3533 2358 πιστεύειν
3557 2309 3623 2375 τῇ

363 2415 490 2453 nem
517 2401 805 2455 mutationi
835 2416 958 2470 qua:
985 2415 1052 2454 ex
1081 2400 1256 2471 gratia
1283 2400 1424 2453 facta
1457 2406 1542 2454 est
1584 2398 1744 2452 fidem
1780 2397 1941 2452 adhi-

2047 2404 2110 2454 ὲκ
2139 2402 2238 2468 τῆς
2268 2401 2491 2472 χάριτος
2518 2397 2865 2469 γεγενημένῃ
2907 2395 3203 2467 μεταϐολῇ.
3249 2396 3307 2448 ’0
3329 2396 3437 2466 γάρ
3479 2395 3541 2466 δὴ
3566 2397 3629 2448 τὸ

364 2493 521 2548 bere.
581 2491 685 2560 Qui
716 2494 865 2549 enim
921 2509 1124 2564 corpus
1189 2493 1439 2548 naturale
1501 2491 1836 2547 frumentum
1888 2501 1944 2546 et

2047 2493 2208 2563 φύσει
2241 2493 2399 2566 σῶμα
2428 2495 2574 2546 σῖτον
2610 2492 2706 2545 καὶ
2735 2491 2901 2556 ἄρτον
2931 2488 3404 2561 προσαγορεύσας,
3434 2490 3528 2541 καὶ
3559 2484 3625 2542 αὖ

365 2599 560 2654 panem
576 2585 888 2655 appellavit,
919 2594 974 2641 et
1004 2587 1168 2640 vitem
1192 2599 1384 2640 rursus
1413 2585 1661 2654 seipsum
1689 2583 1941 2638 nomina-

2047 2588 2210 2644 πάλιν
2247 2586 2437 2640 ἑαυτὸν
2461 2584 2708 2654 ἄμπελον
2751 2580 3046 2652 ὀνομάσας,
3083 2575 3236 2642 οὗτος
3277 2582 3345 2634 τὰ
3374 2580 3627 2652 ὁρώμενα

363 2675 463 2741 vit,
499 2676 545 2732 is
575 2677 812 2732 visibilia
861 2677 1106 2749 symbola
1134 2676 1384 2746 corporis
1434 2685 1490 2728 et
1522 2674 1802 2745 sanguinis
1845 2689 1942 2744 ap-

2047 2680 2294 2752 σύμϐολα
2337 2681 2402 2749 τῇ
2447 2677 2543 2731 τοῦ
2592 2675 2842 2746 σώματος
2881 2674 2974 2726 καὶ
3022 2673 3255 2742 αἵματος
3282 2672 3627 2745 προσηγορίᾳ

365 2767 659 2837 pellatione
685 2768 994 2834 honoravit,
1017 2783 1127 2823 non
1157 2776 1408 2822 naturam
1441 2775 1678 2832 mutans,
1713 2767 1810 2822 sed
1843 2781 1941 2821 na-

2047 2773 2361 2843 τετίμηκεν,
2391 2771 2451 2824 ού
2476 2770 2574 2840 τὴν
2601 2768 2763 2838 φύσιν
2804 2764 3145 2836 μεταϐαλὼν,
3180 2765 3314 2819 ἀλλὰ
3340 2765 3436 2838 τὴν
3468 2767 3629 2838 χάριν

366 2869 503 2915 tum
534 2860 762 2932 gratiam
798 2860 1026 2917 addens.

2045 2869 2113 2936 τῇ
2148 2864 2308 2933 φύσει
2342 2861 2763 2936 προστεθεικώς.

436 2951 644 3006 ΕΒΑΝ.
681 2953 749 3007 Et
771 2952 1002 3024 mystice
1036 2953 1264 3024 mystica
1290 2951 1436 3008 dicta
1465 2959 1615 3016 sunt,
1643 2958 1698 3005 et
1725 2949 1940 3019 perspi-

2117 2956 2318 3011 EPAN.
2368 2955 2478 3008 Κάὶ
2537 2955 2817 3025 μυστικῶς
2863 2956 3061 3028 ἐρρέθη
3115 2954 3185 3008 τὰ
3232 2949 3491 3022 μυστικὰ,
3533 2949 3628 3004 καὶ

365 3057 466 3095 cue
495 3040 772 3096 declarata
795 3058 915 3112 quae
944 3057 1054 3097 non
1077 3043 1336 3098 omnibus
1364 3050 1494 3098 sunt
1511 3049 1662 3097 nota.

1603 3056 1662 3096 La.
2049 3046 2233 3116 σαφῶς
2259 3046 2500 3118 ἐδηλώθη
2527 3047 2594 3101 τὰ
2625 3049 2790 3103 πᾶσιν
2821 3050 2881 3102 ού
2912 3046 3185 3117 γνώριμα.

435 3132 646 3189 ORTH.
682 3135 950 3201 Quoniam
975 3135 1141 3206 igitur
1165 3144 1382 3191 constat
1405 3144 1462 3190 et
1501 3134 1697 3190 stolam
1743 3143 1797 3189 et
1823 3134 1940 3204 pal-
1971 3148 2014 3205 ο

2119 3138 2272 3193 ΟΡΘ.
2329 3140 2546 3212 Ἐπειδὴ
2581 3142 2762 3194 τοίνυν
2803 3139 3270 3211 συνωμολόγηται,
3303 3135 3399 3190 καὶ
3436 3131 3628 3205 στολὴν

364 3227 499 3281 lium
535 3241 566 3280 a
595 3227 906 3296 patriarcha
955 3243 1158 3298 corpus
1188 3228 1534 3283 Dominicum
1582 3226 1845 3297 appellari
1867 3226 1935 3291 ⁸⁵,

2045 3231 2134 3283 καὶ
2185 3230 2478 3302 περιϐολὴν
2530 3232 2637 3286 ύπδ
2683 3233 2776 3286 τοῦ
2822 3231 3161 3302 πατριάρχου
3209 3228 3271 3281 τὸ
3302 3225 3627 3280 Δεσποτικδν

366 3326 530 3387 atque
583 3317 640 3372 in
685 3333 993 3374 sermonem
1023 3319 1092 3374 de
1135 3319 1338 3374 divinis
1390 3319 1666 3390 mysteriis
1708 3317 1938 3388 ingressi

2046 3321 2359 3392 ὠνομάσθαι
2387 3323 2567 3393 σῶμα,
2601 3326 2681 3389 είς
2718 3325 2775 3378 δὲ
2808 3325 2899 3378 τὸν
2935 3323 3064 3395 περὶ
3097 3319 3206 3374 τῶν
3233 3319 3392 3372 θείων
3424 3333 3628 3388 μυστη-

366 3423 576 3472 sumus.
609 3409 697 3464 die
729 3421 832 3480 per
858 3411 1165 3476 veritatem,
1191 3411 1348 3481 cujus
1372 3419 1533 3480 putas
1555 3409 1858 3481 symbolum
1883 3417 1939 3463 et

2045 3413 2180 3484 ρίων
2213 3413 2646 3486 εἰσεληλύθαμεν
2675 3415 2850 3485 λόγον,
2880 3415 3000 3468 εἰπὲ
3046 3413 3182 3485 πρὸς
3216 3413 3314 3483 τῆς
3341 3409 3627 3481 ἀληθείας,

367 3501 595 3572 ﬁguram
649 3515 771 3556 esse
817 3499 1003 3555 cibum
1057 3500 1504 3556 sanctissimum?
1558 3499 1938 3556 divinitatisne

2044 3505 2182 3568 τίνος
2209 3507 2319 3576 ἡγῇ
2349 3506 2618 3576 σύμϐολόν
2647 3523 2708 3560 τε
2739 3507 2833 3560 xui.
2871 3505 3039 3559 τύπον
3069 3505 3170 3574 τὴν
3196 3503 3470 3570 παναγίαν
3497 3517 3626 3574 τρο-

367 3591 474 3664 27
511 3589 717 3648 Christi
753 3590 993 3657 Domini,
1029 3607 1100 3646 an
1119 3591 1369 3662 corporis
1399 3602 1455 3647 et
1485 3590 1810 3663 sanguinis?

2045 3598 2186 3668 φήνς
2243 3597 2342 3667 τῆς
2383 3598 2634 3667 θεότητος
2673 3597 2767 3650 τοῦ
2821 3597 3092 3649 Δεσπότου
3133 3593 3406 3665 Χριστοῦ,
3459 3595 3492 3664 ἢ
3533 3591 3627 3648 τοῦ

2044 3689 2294 3759 σώματος
2327 3691 2421 3743 ml.
2462 3689 2558 3742 τοῦ
2595 3691 2857 3760 αἴματοςς

440 3769 648 3825 ΕΒΑΝ.
703 3770 824 3826 Non
877 3769 1107 3827 dubium
1143 3770 1278 3840 quin
1309 3769 1550 3835 illorum,
1607 3785 1842 3840 quorum
1887 3780 1942 3824 ct

2113 3782 2322 3837 EPAN.
2364 3782 2532 3854 Δῆλον
2581 3782 2654 3842 ὡς
2687 3783 2931 3848 ἐκείνων,
2964 3776 3038 3836 ὧν
3083 3783 3178 3836 καὶ
3209 3780 3309 3843 τὰς
3353 3794 3629 3851 προσηγο-

367 3863 590 3917 nomina
621 3870 970 3933 acceperunt.

874 3870 970 3916 mt.
2046 3875 2164 3946 ρίας
2186 3873 2456 3941 ἐδέξαντο.

441 3951 652 4007 ORTH.
680 3952 942 4022 Corporis
967 3961 1023 4007 et
1061 3953 1345 4021 sanguinis
1367 3950 1508 4006 dicis
1529 3954 1552 4001 Ῥ

2115 3966 2266 4020 ΟΡΘ.
2309 3967 2416 4020 Τοῦ
2447 3966 2696 4038 σώματος
2725 3969 2820 4022 καὶ
2846 3965 2941 4022 τοῦ
2969 3967 3198 4038 αἵματος
3227 3966 3447 4035 λέγεις;

436 4039 648 4094 ERAN.
680 4039 757 4094 Ita
786 4039 930 4096 dico.

2115 4058 2318 4111 EPAN.
2362 4059 2518 4112 Οὖτω
2543 4059 2703 4128 λέγω.

433 4129 644 4186 ORTH.
672 4129 744 4186 Ut
801 4131 1051 4187 veritatis
1093 4131 1329 4185 amicum
1372 4129 1550 4191 decet,
1599 4128 1815 4184 locutus
1859 4146 1938 4184 cs.

2114 4146 2263 4199 ΟΡΘ.
2303 4148 2619 4218 Φιλαλήθως
2648 4150 2900 4221 εἴρηκας.
2968 4151 3076 4204 Καὶ
3110 4153 3219 4222 γὰρ
3251 4154 3280 4206 ὀ
3323 4153 3526 4224 Κύριος
3564 4155 3625 4207 τδ

368 4221 504 4280 Nam
532 4222 798 4277 Dominus
825 4232 1050 4292 accepto
1083 4220 1330 4294 symbolo
1361 4236 1473 4275 non
1502 4218 1668 4275 dixit:
1705 4219 1831 4275 Haec
1860 4228 1944 4275 est

2046 4237 2312 4306 σύμϐολον
2337 4236 2538 4304 λαϐὼν,
2561 4239 2662 4291 οὐκ
2689 4218 2833 4292 εἴπεο
2859 4240 3031 4294 Τοῦτό
3055 4218 3202 4296 ἐστιν
3227 4245 3258 4314 ἡ
3287 4218 3474 4313 θεότης
3499 4262 3619 4313 μου·

369 4313 629 4370 divinitas
651 4328 791 4378 mea,
822 4332 840 4367 ι
877 4313 995 4377 sed,
1034 4333 1051 4363 ι
1083 4312 1198 4367 Hoc
1225 4319 1309 4366 est
1332 4326 1533 4381 corpus
1574 4326 1757 4366 meum
1785 4329 1800 4378 ;
1836 4332 1853 4363 ι
1888 4322 1944 4366 et

2044 4328 2198 4393 ἀλλὰ,
2259 4347 2278 4380 ε
2322 4327 2491 4382 Τοῦτό
2543 4329 2659 4382 ἔστι
2705 4329 2766 4384 τὸ
2823 4330 2984 4400 σῶμά
3023 4350 3164 4404 μου·
3230 4312 3256 4386 ι-
3295 4336 3388 4388 καὶ
3433 4312 3621 4388 πάλιν·

369 4420 592 4462 rursus:
633 4423 651 4455 ι
697 4403 798 4458 Hic
821 4413 906 4458 est
924 4403 1147 4473 sanguis
1169 4416 1326 4456 meus
1349 4402 1428 4468 ⁸⁶;
1461 4420 1480 4453 ι
1507 4411 1563 4456 et
1592 4401 1757 4456 alibi:
1796 4422 1813 4453 ι
1838 4402 1942 4457 Pa-

2053 4441 2070 4472 ι
2106 4419 2280 4474 Τοῦτό
2303 4421 2418 4474 ἐστι
2445 4420 2506 4472 τὸ
2529 4414 2670 4491 αἷμά
2697 4439 2820 4492 μουο
2851 4443 2868 4475 ι
2908 4425 3000 4478 καὶ
3025 4401 3274 4496 ’ἑτέρωθιο
3313 4447 3329 4478 ι
3371 4428 3430 4479 Ὀ
3453 4426 3507 4480 δὲ
3533 4427 3626 4498 ἆρ-

368 4496 459 4551 ni’s
491 4508 624 4549 vero
650 4507 812 4563 quem
848 4507 950 4562 ego
987 4491 1152 4556 dabo,
1181 4506 1311 4546 caro
1344 4506 1465 4547 mea
1497 4501 1602 4558 est,
1645 4507 1809 4563 quam
1843 4508 1944 4564 ego

2047 4530 2138 4576 τος
2174 4511 2233 4565 ὃν
2278 4511 2389 4581 ἐγὼ
2435 4489 2612 4574 δώσω,
2663 4489 2709 4585 ἡ-
2724 4515 2860 4586 σάρξ
2889 4515 2990 4588 μού
3033 4489 3202 4583 ἐστ-ιν,
3233 4518 3300 4588 ἦν
3331 4517 3440 4587 ἐγὼ
3468 4489 3623 4570 δώσω

369 4587 513 4643 dabo
554 4600 657 4656 pro
689 4583 876 4639 mundi
900 4581 1013 4638 vita
1029 4583 1096 4638 ⁸⁷.
1143 4601 1163 4635 ›

2048 4603 2189 4674 ὑπὲρ
2217 4603 2316 4674 τῆς
2343 4603 2438 4657 τοῦ
2477 4581 2696 4674 κόσμου⁷
2716 4581 2938 4677 ζωῆς.-)

443 4677 650 4735 ERAN.
696 4677 839 4734 Vera
864 4683 993 4732 sunt
1050 4676 1188 4740 hzec,
1223 4674 1409 4730 divina
1444 4677 1592 4732 enim
1645 4687 1772 4732 sunt
1822 4692 1946 4733 ora-

1861 4694 1946 4733 ηι-
2121 4695 2322 4752 EPAN.
2375 4696 2576 4768 Ἀληθῆ
2615 4674 2955 4766 ταῦτα,’θεῖα
2981 4701 3092 4774 γάρ
3125 4701 3242 4754 ἐστι
3268 4699 3443 4768 λόγια.

371 4773 515 4828 cuia.

439 4864 654 4920 ORTH.
680 4865 736 4922 Si
767 4879 898 4936 ergo
930 4879 1082 4929 vera,
1127 4877 1329 4931 corpus
1374 4857 1567 4930 utique
1600 4861 1793 4916 habuit
1836 4863 1945 4916 Do-
2121 4872 2270 4927 ope,
2310 4870 2371 4926 Et
2411 4872 2590 4927 τοίνυν
2635 4873 2831 4947 ἀληθῆ,
2874 4875 3034 4946 σῶμα
3064 4875 3234 4946 δήπου
3266 4870 3410 4945 εῖχεν
3443 4876 3471 4927 ὁ
3513 4874 3624 4928 ιω-

372 4955 574 5008 minus.

2053 4978 2183 5030 ριος.

443 5041 650 5097 ERAN.
689 5042 806 5113 Ego
844 5059 978 5099 vero
1025 5045 1204 5113 ipsum
1242 5043 1489 5112 corporis
1533 5052 1814 5112 expertem
1857 5043 1944 5096 aio

373 5133 563 5188 fuisse.

1809 5064 1814 5095 ι
1857 5043 1944 5096 aio
2120 5053 2326 5107 EPAN.
2382 5054 2522 5123 Ἐγὼ
2548 5055 2658 5127 γάρ
2698 5057 2861 5110 αὐτὸν
2899 5057 3193 5128 ἀσώματον
3229 5056 3391 5125 λέγω.

398 5151 430 5188 ιι
437 5149 542 5188 ISSC
551 5174 563 5186 .

444 5222 656 5280 OR‘I‘H.
685 5222 793 5280 Sed
825 5224 1107 5281 conﬁteris
1127 5224 1312 5294 ipsum
1331 5219 1591 5276 habuisse
1615 5235 1833 5291 corpus.

2121 5225 2274 5278 υΡΘ.
2327 5225 2468 5278 Ἀλλ’
2498 5226 2784 5298 ὁμολογεῖς
2815 5230 2980 5283 αὐτὸν
3010 5230 3304 5309 ἐσχηκέναι
3336 5228 3515 5302 σῶμα.

444 5317 654 5372 ERAN.
691 5317 804 5389 Ego
832 5317 957 5374 dico
979 5318 1128 5389 quod
1155 5310 1398 5373 Verbum
1433 5327 1561 5371 caro
1601 5310 1808 5368 factum
1849 5313 1940 5368 sit.

2122 5313 2327 5371 EPAN.
2380 5315 2525 5384 Ἐγὼ
2553 5317 2696 5386 λέγω
2717 5320 2800 5375 ὅτι
2829 5323 2858 5375 ὀ
2895 5322 3066 5390 Λόγος
3097 5321 3234 5394 σὰρξ
3268 5321 3502 5390 ἐγένετο·
3532 5319 3623 5376 οὖ·

376 5409 474 5466 Sic
509 5409 663 5465 enim
681 5409 878 5464 didici.

2051 5422 2161 5471 τως
2190 5405 2298 5476 γὰρ
2331 5406 2637 5481 ἐδιδάχθην.

447 5564 796 5624 "hamum.
847 5562 936 5618 2'5.
1009 5567 1215 5624 "Ibid.
1273 5570 1362 5625 24.
1468 5571 1515 5603 "
1561 5569 1751 5624 Matth.
1814 5583 1956 5633 xxvi,

374 5630 420 5668 ⁸⁷
461 5636 616 5691 Joan.
660 5653 732 5701 vt,
765 5633 852 5690 5i.

2041 5567 2194 5624 6-28.
2301 5569 2347 5601 "
2379 5568 2514 5628 Gen,
2571 5584 2711 5634 χιιι,
2740 5569 2795 5622 2.
2915 5569 2962 5601 “
3005 5569 3194 5626 Matth.
3247 5585 3391 5638 xxvu,
3438 5567 3623 5626 26-28.

449 5791 559 5865 (25)
588 5791 649 5848 ειν
678 5795 783 5848 εἰκ.
806 5792 883 5847 Ex
906 5793 992 5854 ed.
1019 5792 1180 5848 Rom.
1207 5799 1263 5849 ct
1289 5791 1436 5862 Lips.
1473 5793 1804 5864 suppletum.

1231 5799 1263 5849 et
1289 5791 1436 5862 Lips.
1473 5793 1804 5864 suppletum.
2131 5791 2240 5866 (26)
2286 5787 2452 5884 atina.
2485 5793 2610 5848 Des.
2647 5793 2705 5848 ll.
2736 5809 2813 5850 cc.
