4006 6202
526 366 597 433 59
1513 365 1996 424 TIIEODORETI
2038 363 2376 424 EPISCOPI
2417 363 2779 423 CYRENSIS
3728 371 3794 435 σο

558 478 811 534 'ORTll.
843 478 1116 544 Quantum
1153 477 1335 540 video,
1365 493 1488 530 cum
1537 476 1836 537 Valentini,
1874 484 1930 530 et
1969 475 2108 528 Mar-

2283 477 2433 528 υΡΘ.
2480 479 2565 541 Ὠς
2595 476 2728 547 ὁρῶ,
2776 475 2913 546 πρὸς
2954 475 3078 538 τοὺς
3111 475 3436 530 Βαλεντίνου
3461 519 3474 541 ,
3513 478 3605 532 καὶ
3640 480 3791 549 Μαρ-

529 571 725 634 cionis,
779 580 832 624 et
875 569 1106 624 Manetis
1151 568 1434 624 sodalibus
1478 569 1638 622 nobis
1687 576 1968 622 certamen
2002 574 2104 620 est.

527 663 641 716 Imo
675 678 779 716 nec
815 662 893 716 illi
922 677 1160 732 unquam
1195 662 1380 717 dicere
1401 661 1520 715 ausi
1555 660 2108 715 suntimmutabilem

528 767 783 810 naturam
821 756 874 808 in
905 771 1124 808 carnem
1146 755 1313 809 fuisse
1341 769 1684 808 conversam.

602 845 807 898 ERAN.
866 845 1134 900 Convitiis
1184 846 1452 899 lacessere
1509 861 1536 898 a
1588 843 1916 899 Christianis
1973 843 2112 898 alie-

531 948 665 986 num
694 943 798 987 est.

589 1022 798 1078 ORTH.
843 1026 959 1079 Non
998 1027 1318 1080 lacessimus
1362 1028 1638 1092 cnnvitiis,
1688 1028 1784 1082 sed
1821 1044 1921 1098 pro
1968 1029 2112 1082 veri-

531 1124 645 1168 tate
674 1132 1001 1186 pugnamus,
1048 1127 1102 1171 et
1139 1134 1281 1188 εἰδετε
1330 1119 1624 1172 admodum
1671 1120 1920 1184 ferimus,
1965 1119 2112 1189 quod

533 1206 602 1261 (le
631 1207 796 1261 rebus
825 1209 1050 1262 minime
1089 1209 1274 1264 dubiis
1315 1220 1572 1280 tanquam
1607 1211 1674 1266 de
1709 1211 1895 1266 dubiis
1933 1212 2113 1282 litiga-

534 1298 624 1351 tis.
673 1298 786 1368 Ego
837 1315 970 1354 vero
1023 1301 1348 1356 illiberalem
1392 1301 1534 1357 hanc
1568 1304 1927 1372 pertinaciam
1963 1311 2112 1357 tuam

535 1406 886 1460 compescere
946 1395 1207 1448 conabor.
1257 1394 1549 1464 Responde
1602 1395 1790 1465 igitur,
1870 1411 1937 1448 an
1985 1411 2114 1464 pro-

535 1482 884 1549 missionum,
932 1501 1054 1555 quae
1117 1486 1310 1541 Davidi
1360 1503 1389 1541 a
1425 1487 1538 1542 Deo
1589 1487 1745 1542 factae
1809 1497 1958 1551 sunt,
1999 1503 2116 1541 me—

537 1573 806 1629 mineris?

605 1663 813 1718 ERAN.
848 1665 1087 1731 Quarum
1112 1669 1137 1721 ?

604 1752 815 1808 OR'l'll.
858 1757 1004 1822 Quas
1037 1760 1088 1810 in
1115 1761 1451 1830 octogesimo
1495 1770 1688 1816 octavo
1723 1764 1934 1832 psalmo
1986 1763 2117 1816 Pro-

535 1844 698 1912 pheta
727 1847 931 1913 posuit.

603 1934 810 1988 ΕΒΑΝ.
868 1937 1062 1991 Multas
1109 1941 1224 1994 scio
1269 1941 1460 1995 Davidi
1495 1944 1895 2012 promissiones
1948 1945 2121 2000 factas

532 2041 676 2082 csse.
715 2028 992 2096 Quasnam
1025 2047 1154 2104 ergo
1190 2034 1245 2087 in
1279 2036 1571 2104 praesentia
1595 2037 1872 2106 requiris?

602 2206 813 2263 ORTH.
855 2209 986 2275 Quae
1015 2212 1084 2267 de
1111 2211 1335 2268 Christo
1365 2215 1599 2270 Domino
1630 2216 1785 2273 facta:
1816 2227 1964 2272 sunt.

548 2354 550 2356 .
602 2299 808 2354 ERAN.
843 2301 922 2354 Tu
950 2303 1065 2371 ipse
1093 2305 1333 2376 (psalmi)
1375 2307 1542 2361 verba
1576 2324 1774 2364 revoca
1817 2311 1874 2365 in
1916 2328 2122 2367 memo-

531 2389 694 2445 riam.
750 2392 1265 2452 Demonstrationes
1290 2398 1436 2452 enim
1469 2409 1520 2454 te
1567 2400 1862 2456 allaturum
1901 2405 2118 2474 pollici-

520 2491 625 2539 tus
655 2500 735 2540 es.

601 2576 710 2646 30
730 2576 937 2633 ORTH.
967 2579 1107 2634 Audi
1139 2597 1270 2652 ergo
1299 2584 1630 2654 Pmphetam
1648 2588 1820 2640 Deum
1854 2589 2040 2643 statim
2065 2589 2120 2642 in

530 2668 806 2738 principio
835 2672 1029 2740 psalmi
1059 2673 1487 2730 collaudantem.
1545 2678 1679 2732 Nam
1714 2695 1837 2733 cum
1888 2682 2123 2752 prophe-

531 2761 658 2816 ticis
705 2763 880 2817 oculis
939 2766 1269 2834 prmvideret
1330 2769 1516 2837 populi
1560 2770 1907 2840 iniquitatem
1959 2784 2122 2842 atque

530 2851 698 2922 hujus
723 2855 980 2910 comitem
1005 2856 1245 2912 futuram
1267 2859 1664 2928 captivitatem,
1692 2864 2121 2932 promissionum

531 2947 761 3001 minime
835 2949 1142 3004 fallentium
1205 2959 1488 3004 auctorem
1549 2953 1719 3006 Deum
1774 2971 1933 3010 suum
1983 2956 2126 3010 cele-

531 3036 736 3092 bravit.
771 3039 862 3094 Sic
881 3052 1064 3095 autem
1096 3042 1273 3096 dixit:
1321 3062 1339 3093 ι
1387 3043 1792 3098 Misericordias
1816 3054 1968 3109 tuas,
2017 3048 2123 3101 Do-

2215 569 2425 632 κίιονος,
2457 569 2552 621 καὶ
2583 569 2839 636 Μάνητος
2864 568 3238 631 συστασιώτας
3262 568 3457 639 ἔχομεν
3475 571 3566 624 τὸν
3583 572 3794 642 ἀγῶνα.

2215 662 2433 716 Μᾶλλον
2485 662 2542 716 δὲ
2579 661 2702 715 οὔτε
2759 663 2958 714 ἐκεῖνοι
3016 660 3294 730 τραπῆναι
3342 664 3421 724 εἰς
3468 663 3643 735 σάρκα
3695 666 3798 737 τὴν

2214 754 2484 824 ἄτρεπτον
2523 753 2684 823 φύσιν
2717 754 2894 806 εἰπεῖν
2926 751 3230 821 ἐτόλμησαν
3270 751 3506 805 πώποτε.

2284 843 2490 898 ΕΡΑΝ.
2533 844 2606 897 Τὸ
2633 843 2920 914 λοιδορεῖν,
2947 842 3288 912 Χριστιανῶν
3317 842 3618 914 ἀλλότριον.

2286 1018 2434 1071 ΟΡΘ.
2482 1019 2557 1070 Οὐ
2597 1017 2966 1086 λοιδοροῦμεν,
3010 1019 3124 1070 ἀλλ’
3165 1019 3420 1086 ἀληθείας
3447 1021 3802 1092 ὑπερμαχοῦ-

2220 1128 2340 1178 μεν,
2391 1112 2484 1163 καὶ
2519 1110 2640 1162 λίαν
2691 1109 3054 1178 ἀσχάλλομεν,
3088 1112 3168 1162 ὅτι
3222 1114 3333 1174 τοῖς
3373 1113 3803 1182 ἀναμφιλέκτοις

2214 1201 2289 1262 ὡς
2322 1202 2440 1270 ἀμφ
2451 1201 2681 1262 ιλέκτοις
2703 1198 3088 1268 ζυγομαχεῖτε.
3126 1199 3267 1267 Ἐγὼ
3293 1200 3476 1270 μέντοι
3500 1202 3558 1254 τὸ
3577 1202 3806 1270 ἀγεννές

2219 1309 2311 1344 σου
2350 1292 2445 1344 καὶ
2477 1291 2777 1360 φιλόνεικον
2804 1290 3054 1344 διαλῦσαι
3083 1293 3435 1364 πειράσομαι.
3483 1294 3807 1365 ’ᾼπόκριναι

2217 1387 2418 1447 τοίνυν,
2453 1385 2560 1439 τῶν
2596 1383 2734 1456 πρὸς
2755 1383 2844 1435 τὸν
2880 1381 3043 1434 Δα6“ιδ
3078 1383 3227 1452 παρά
3257 1383 3390 1436 Θεοῦ
3420 1385 3810 1455 γεγενημένων

2220 1477 2573 1546 ὑποσχέσεων
2614 1478 2662 1528 εί
2693 1475 2971 1546 μέμνησαι
2999 1491 3012 1538 ;

2297 1653 2499 1706 ΕΡΛΝ.
2529 1651 2734 1714 Ποίων;

2295 1743 2443 1798 ΟΡΘ.
2479 1743 2575 1805 Ἃς
2626 1744 2684 1795 ἐν
2718 1740 2800 1812 τῷ
2831 1741 3173 1812 ὀγδοηκοστῷ
3211 1743 3383 1813 ὀγδόῳ
3415 1742 3620 1814 ψαλμῴ
3671 1760 3814 1797 συν-

2148 1826 2190 1880 Β
2221 1837 2459 1906 ήρμοσεν
2493 1835 2520 1886 ὁ
2555 1835 2866 1904 Προφήτης.

2304 1927 2507 1981 EPAN.
2550 1925 2759 1989 Πολλὰς
2802 1921 2918 1978 οἶδα
2949 1925 3089 1994 πρὸς
3136 1925 3226 1977 τὸν
3269 1924 3432 1978 Δαϐὶδ
3475 1925 3814 1994 ἐπαγγελίας

2222 2021 2598 2088 γεγενημένας
2626 2034 2639 2047 °
2711 2017 2872 2083 ποίας
2943 2012 3037 2070 οὖν
3108 2021 3200 2070 ἐπὶ
3249 2019 3341 2072 τοῦ
3388 2021 3647 2091 παρόντος
3687 2023 3814 2074 ἐπι-

2223 2113 2406 2183 ζητεῖς
2432 2130 2447 2177 ;
3255 2185 3257 2187 ι

2295 2206 2447 2258 ΟΡΘ.
2483 2205 2591 2267 Τάς
2635 2205 2762 2275 περὶ
2794 2204 2889 2257 τοῦ
2927 2207 3198 2258 Δεσπότου
3237 2207 3497 2276 Χριστοῦ.

2300 2298 2503 2350 ΕΡΑΝ.
2549 2297 2719 2360 Αὐτὸς
2763 2297 3082 2366 ἀνάμνησον
3116 2298 3222 2351 τῶν
3257 2297 3468 2370 ῥητῶν·
3513 2298 3674 2361 αὐτὸς
3700 2300 3817 2367 γὰρ

2225 2391 2459 2460 ὑπέσχου
2499 2389 2828 2462 προσφέρειν
2862 2389 2974 2460 (9.8)
3014 2389 3111 2452 τὰς
3150 2389 3471 2456 ἀποδείξεις.

2297 2571 2447 2624 ΟΡΘ.
2481 2572 2749 2624 Ἀκουσον
2785 2569 2963 2621 τοίνυν
2990 2569 3151 2633 εὐθὺς
3187 2567 3250 2620 ᾗ)
3284 2571 3348 2639 τῇ
3381 2571 3522 2639 ἀρχῇ
3553 2566 3644 2621 τοῦ
3675 2566 3817 2634 ψαλ-

2229 2665 2330 2736 μοῦ
2369 2663 2462 2716 τοῦ
2493 2663 2784 2732 Προφήτου
2810 2662 2901 2714 τὸν
2938 2660 3070 2713 Θεὸν
3099 2660 3490 2729 ἀνυμνοῦντος.
3531 2660 3816 2729 Προφητιο

2226 2761 2343 2819 κοῖς
2383 2756 2490 2826 γὰρ
2522 2753 2756 2827 προϊδὼν
2785 2753 3085 2821 ὀφθαλμοῖς
3116 2753 3215 2821 τὴν
3249 2753 3516 2823 ἐσομένην
3549 2750 3643 2804 τοῦ
3674 2751 3815 2805 λαοῦ

2228 2845 2574 2918 παρανομίαν
2650 2845 2744 2898 καὶ
2773 2845 2872 2914 τὴν
2907 2842 2996 2895 διὰ
3051 2843 3256 2913 ταύτην
3291 2842 3669 2913 γενησομένην
3719 2845 3815 2895 αξ-

2227 2939 2567 3010 χμαλωσίαν,
2614 2936 2723 2990 τῶν
2771 2934 3019 3004 ἀψευδῶν
3073 2934 3422 3004 ὑποσχέσεων
3473 2933 3566 2987 τὸν
3608 2936 3819 2986 οἰκεῖον

2226 3032 2505 3102 ἀνύμνησε
2534 3030 2646 3100 (‘29)
2682 3028 2980 3096 Δεσπότην.
3012 3025 3160 3095 Ἔφη
3189 3027 3244 3078 δέ
3278 3024 3471 3088 οὕτως·
3511 3045 3530 3076 ί
3579 3025 3659 3079 Τά
3685 3024 3818 3080 ἐλέη

532 3129 704 3190 mine.
737 3129 789 3184 in
818 3141 1082 3186 :eternum
1114 3134 1387 3200 cantabo;
1433 3134 1488 3188 in
1511 3136 1922 3205 generationem
1946 3146 2001 3191 et
2029 3153 2118 3207 ge-

2239 3142 2348 3185 σου,
2381 3123 2554 3193 Κύριε
2584 3164 2598 3187 ,
2627 3124 2706 3183 εἰς
2742 3121 2834 3172 τὸν
2888 3118 3063 3172 αἰῶνα
3090 3117 3292 3188 ᾄσομαι
3313 3158 3326 3175 .
3358 3119 3436 3180 εἰς
3488 3116 3680 3184 γενεὰν
3720 3119 3818 3171 καὶ

533 3221 876 3276 nerationem
933 3225 1274 3278 annuntiabo
1321 3225 1616 3281 veritatem
1647 3235 1797 3280 tuam
1836 3243 1931 3282 ore
1979 3243 2121 3280 meo.

532 3309 804 3377 Quoniam
857 3315 1084 3370 dixisti:
1122 3317 1178 3370 in
1227 3326 1497 3372 aeternum
1541 3318 1924 3373 misericordia
1955 3318 2127 3372 ιεόὶίί-

531 3405 768 3463 cabitur.
803 3407 856 3460 in
886 3408 1040 3463 caelis
1065 3409 1352 3478 parabitur
1382 3411 1588 3465 veritas
1615 3419 1707 3465 tua
1725 3411 1790 3464 ⁸⁸.
1820 3430 1836 3460 ι
1877 3411 1980 3465 Per
2009 3410 2125 3465 haec

533 3505 718 3550 autem
773 3499 957 3552 omnia
1017 3499 1182 3553 docet
1238 3499 1536 3570 Proyhcta,
1591 3509 1646 3554 et
1697 3501 2123 3570 promissionem

533 3588 631 3642 Dei
674 3588 1016 3660 benignitate
1049 3591 1246 3645 factam
1280 3601 1336 3646 et
1380 3592 1768 3662 promissionis
1811 3593 2120 3646 veritatem.

533 3680 742 3736 Deinde
765 3683 938 3746 addit,
969 3699 1220 3752 quanam
1249 3693 1306 3738 et
1327 3684 1531 3754 quibus
1561 3684 1900 3754 promiserit,
1944 3683 2123 3752 ipsum

533 3774 708 3828 Deum
749 3774 1066 3845 loquentem
1111 3777 1399 3830 inducens.
1438 3795 1457 3827 ‹
1516 3777 1769 3846 Disposui
1824 3775 1992 3839 enim,
2044 3775 2128 3828 in-

534 3867 676 3933 quit,
721 3876 1118 3921 testamentum
1190 3868 1383 3921 electis
1418 3868 1557 3921 meis
1582 3869 1647 3921 ⁶“.
1697 3888 1714 3919 ι
1755 3869 1964 3922 Electae
1993 3884 2126 3922 vero

535 3956 752 4009 vocavit
777 3957 1133 4026 patriarchas.
1177 3957 1375 4010 Postea
1399 3957 1713 4027 subjungit:
1752 3977 1768 4008 ι
1795 3959 1984 4013 Juravi
2023 3960 2126 4013 Da-

535 4045 648 4098 vidi
671 4062 832 4101 servo
855 4063 978 4102 meo
997 4050 1094 4101 ⁸⁷.»
1130 4048 1272 4102 Dicit
1302 4063 1467 4116 porro
1492 4063 1599 4117 qua
1640 4048 1708 4102 de
1738 4064 1795 4102 re
1816 4049 2121 4118 juraverit:

545 4159 563 4190 α
595 4140 779 4210 Usque
834 4142 890 4195 in
943 4150 1212 4197 aeternum
1257 4142 1582 4212 praeparabo
1615 4158 1802 4196 semen
1852 4151 2029 4206 tuum,
2067 4151 2125 4196 et

535 4230 824 4286 aediﬁcabo
865 4233 918 4286 in
957 4232 1369 4303 generationem
1399 4239 1456 4287 et
1478 4232 1890 4304 generationem
1937 4233 2124 4288 sedem

538 4334 688 4377 tuam
711 4325 777 4378 °'.
813 4345 829 4375 ι
863 4326 960 4378 Dic
993 4341 1125 4393 ergo
1150 4340 1445 4393 quemnam
1479 4341 1655 4379 semen
1683 4323 1900 4378 Davidis
1940 4324 2125 4394 appel-

534 4415 708 4472 latum
744 4417 1067 4472 existimes?

609 4591 816 4646 ERAN.
847 4593 923 4646 Dc
955 4593 1246 4648 Salomone
1271 4594 1389 4649 hac
1415 4594 1708 4665 promissio
1742 4592 1882 4646 facta
1913 4603 2014 4646 cst.

613 4771 854 4826 ’ORTll.
894 4772 1038 4842 Ergo
1071 4773 1236 4826 etiam
1271 4772 1338 4828 de
1384 4773 1677 4828 Salomone
1725 4788 1849 4827 cum
1883 4771 2122 4841 patriar-

538 4863 658 4917 chis
685 4865 891 4918 l‘mdcra
950 4866 1258 4920 constituit.
1297 4865 1438 4919 Ante
1474 4866 1565 4919 illa
1586 4865 1759 4928 enim,
1797 4880 1918 4934 quae
1947 4863 2020 4917 ibi
2055 4864 2122 4918 de

536 4951 741 5008 Dat-ide
793 4955 938 5011 dicta
999 4963 1146 5020 sunt,
1203 4955 1633 5024 promissionum
1692 4955 1800 5010 illis
1851 4954 2120 5008 factarum

534 5044 869 5099 mentionem
902 5047 1052 5101 fecit.
1093 5066 1110 5096 ‹
1147 5045 1400 5115 Disposui
1434 5047 1603 5107 enim,
1630 5045 1732 5115 31
1774 5046 1971 5114 inquit,
2034 5053 2118 5101 te-

536 5142 870 5189 stamentum
903 5139 1096 5194 electis
1125 5137 1283 5192 meis.
1324 5155 1342 5187 »
1387 5137 1848 5191 Promisitautem
1889 5138 2120 5206 patriar-

2228 3216 2423 3285 γενεάν
2459 3213 2758 3282 ἀπαγγελῶ
2784 3213 2883 3281 τὴν
2923 3211 3184 3282 ἀλήθειάν
3224 3228 3316 3263 σου
3354 3212 3411 3263 ἐν
3457 3209 3536 3280 τῷ
3584 3211 3822 3281 στόματί

2231 3327 2354 3380 μου.
2389 3309 2511 3360 Ὅτι
2557 3302 2716 3369 εἶπας
2742 3323 2755 3334 ο
2791 3307 2869 3368 εἰς
2917 3305 3009 3357 τὸν
3061 3303 3236 3357 αἰῶνα
3265 3301 3413 3364 ἕλεος
3453 3301 3823 3373 οἰκοδομηθήσ-

2230 3415 2380 3453 σεται
2407 3437 2420 3460 ,
2465 3399 2521 3451 ἐν
2554 3399 2668 3460 τοῖς
2723 3397 2972 3467 οὐρανοῖς
3017 3393 3538 3464 ἐτοιμασθήσεταιή
3587 3392 3822 3465 ἀλήθειά

2232 3509 2346 3544 σου.
2385 3510 2401 3541 ι
2440 3489 2538 3542 Διά
2569 3489 2624 3540 δὲ
2655 3487 2859 3540 τούτων
2892 3487 3110 3539 πάντων
3143 3487 3170 3538 ὁ
3207 3486 3500 3557 Προφήτης
3526 3485 3775 3538 διδάσκει
3801 3529 3815 3548 ,

2229 3582 2322 3635 καὶ
2352 3581 2448 3651 τὴν
2478 3580 2564 3632 διὰ
2597 3579 3009 3650 φιλανθρωπίαν
3043 3577 3190 3642 παρὰ
3224 3577 3315 3630 τοῦ
3347 3575 3481 3630 Θεοῦ
3507 3579 3824 3646 γεγενημέ-

2229 3692 2324 3732 νην
2374 3670 2748 3739 ἐπαγγελίαν,
2794 3669 3018 3737 καὶτῆς
3060 3669 3396 3736 ἐπαγγελίας
3448 3669 3508 3721 τὸ
3556 3668 3816 3738 ἀψευδές.

2226 3761 2365 3816 Εἶτα
2396 3761 2547 3830 λέγει
2580 3761 2702 3813 τίνα
2731 3777 2788 3812 τε
2818 3759 2914 3812 καὶ
2949 3757 3088 3810 τίσιν
3122 3758 3413 3826 ὑπέσχετο,
3446 3755 3610 3809 αὐτὸν
3646 3755 3822 3824 φθεγ-

2228 3856 2457 3924 γόμενον
2488 3853 2800 3914 ἐπιδεικνὺς
2823 3850 2914 3902 τὸν
2940 3849 3093 3903 Θεὸν.
3132 3869 3149 3900 ‹
3188 3848 3457 3916 Διεθέμην
3487 3846 3618 3917 γὰρ.
3653 3849 3816 3915 φησι,

2227 3946 2492 4017 διαθήκην
2523 3948 2632 4009 τοῖς
2671 3943 2950 4003 ἐκλεκτοῖς
2983 3959 3106 4011 μου.
3146 3960 3162 3990 ι
3216 3937 3572 4005 Ἑκλεκτοὺς
3599 3937 3654 3990 δὲ
3685 3939 3820 4002 τοὺς

2229 4040 2574 4109 πατριάρχας
2603 4037 2861 4090 ἐκάλεσεν
2877 4035 3251 4103 (50).Ἔπειτα
3273 4031 3574 4101 ἐπιφέρειοι
3598 4032 3821 4099 Ὠμοσα

2228 4128 2428 4192 Δαϐὶδ,
2471 4128 2546 4198 τῷ
2590 4127 2761 4196 δούλῳ
2809 4143 2930 4196 μου,
2973 4143 2989 4174 ι
3047 4124 3210 4191 Λέγει
3257 4122 3312 4174 δὲ
3357 4124 3451 4175 καὶ
3503 4121 3628 4193 περὶ
3667 4119 3823 4184 τίνος

2228 4221 2478 4290 ὤμοσεν·
2532 4237 2550 4268 ι
2603 4219 2750 4279 Ἕως
2798 4215 2892 4268 τοῦ
2937 4215 3134 4278 αἰῶνος
3175 4215 3450 4284 ἑτοιμάσω
3480 4213 3542 4264 τὸ
3585 4211 3824 4282 σπέρμα

2230 4329 2345 4377 σου,
2385 4310 2478 4364 καὶ
2517 4308 2858 4378 οἰκοδομήσω
2891 4308 2968 4369 εἰς
2991 4306 3184 4374 γενεὰν
3214 4306 3308 4359 καὶ
3336 4303 3527 4372 γενεὰν
3554 4302 3646 4355 τὸν
3681 4301 3820 4372 θρό-

2229 4421 2316 4456 νον
2365 4419 2479 4454 σου.
2538 4420 2555 4452 ι
2594 4400 2727 4452 Εἰπὲ
2759 4399 2939 4450 τοίνυν
2972 4396 3091 4450 τίνα
3129 4397 3191 4450 τὸ
3221 4395 3457 4464 σπέρμα
3491 4392 3596 4447 τοῦ
3635 4393 3822 4446 Δασῖδ

2159 4501 2202 4554 D
2233 4492 2636 4562 ὑπολαμϐάνεις
2668 4489 3005 4558 κεκλῆσθαις

2304 4586 2510 4640 ΕΡΑΝ.
2547 4584 2682 4652 Περὶ
2711 4581 2804 4635 τοῦ
2841 4581 3190 4651 Σολομῶντος
3225 4582 3256 4649 ἡ
3306 4578 3611 4646 ἐπαγγελία
3645 4575 3815 4642 γεγέ-

2233 4695 2412 4748 νηται.
2885 4676 2914 4696 θ

2301 4768 2452 4823 ΟΡΘ.
2495 4763 2704 4820 Οὐκοῦν
2732 4763 2825 4815 καὶ
2861 4762 2998 4833 πρὸς
3027 4762 3154 4824 τοὺς
3188 4759 3533 4832 πατριάρχας
3563 4760 3688 4829 περὶ
3713 4755 3816 4810 τοῦ

2227 4861 2572 4931 Σολομῶντος
2607 4859 2904 4927 ἐποιήσατο
2936 4856 3036 4918 τὰς
3073 4853 3370 4924 συνθήκας.
3410 4853 3523 4924 Πρὸ
3557 4851 3666 4920 γὰρ
3701 4851 3815 4904 τῶν

2228 4951 2468 5024 περὶτοῦ
2498 4949 2663 5002 Δαὸὶδ
2690 4948 3016 5018 εἰρημένων,
3041 4946 3148 4999 τῶν
3174 4946 3526 5016 ὑποσχέσεων
3543 4943 3650 4995 τῶν
3674 4941 3816 5012 πρὸς

2226 5043 2466 5104 ἐκείνους
2495 5040 2787 5110 ἀνέμνησε.
2827 5059 2845 5090 ι
2889 5038 3158 5108 Διεθέμην
3193 5036 3322 5108 γὰρ,
3348 5033 3506 5104 φησι,
3547 5032 3814 5101 διαθήκην

2223 5139 2335 5199 τοῖς
2370 5134 2646 5194 ἐκλεκτοῖς
2699 5149 2820 5202 μου.
2879 5149 2897 5181 ι
2945 5129 3246 5198 ’Υπέσχετο
3289 5127 3345 5180 δὲ
3380 5129 3490 5188 τοῖς
3539 5123 3813 5194 πατριάρ-

608 5312 653 5344 ⁶¹
684 5312 825 5366 Psal.
859 5329 1108 5380 Lxxxvul,
1135 5316 1257 5372 2-5,
1336 5315 1380 5347 ⁸⁸
1404 5316 1542 5371 Ibid.
1578 5317 1630 5370 4.
1709 5315 1753 5347 θ’
1795 5316 1934 5381 Ibid,
2011 5317 2054 5348 ⁸⁸
2092 5316 2229 5372 Ibid.
2271 5316 2323 5370 5.

609 5495 718 5573 (ἓξ)
747 5497 848 5573 ΡΞδ·
885 5499 1040 5573 ηρηὲο
1068 5510 1124 5553 ει
1157 5501 1305 5570 Lips-
1343 5501 1658 5573 προφέρειν,

608 5567 720 5635 (29)
759 5567 1173 5622 Promissionum
1202 5567 1269 5611 -ζ-
1291 5567 1589 5626 celebravit.
1615 5571 1797 5626 Editio
1823 5569 1986 5624 Sirm.
2009 5571 2107 5623 ha-

536 5637 700 5710 bebat
726 5638 993 5710 {Domino
1016 5655 1112 5710 suo
1142 5654 1262 5710 vero
1300 5636 1460 5709 ipsius
1499 5643 1757 5710 promissa
1797 5656 2082 5694 commento

538 5709 697 5780 ταισίι.
743 5708 833 5762 Sic
871 5724 1002 5761 vero
1059 5708 1348 5778 legendum
1376 5708 1538 5780 Aessct
1574 5711 1843 5780 ἀνέμνησε
1878 5726 1980 5780 pro
2022 5710 2108 5761 ἀν-

540 5776 768 5846 ὑμνησε,
811 5795 935 5834 cum
969 5776 1150 5833 tamen
1184 5778 1456 5848 posterior
1479 5779 1642 5834 lectio
1669 5776 1936 5843 Omnium,
1971 5794 2108 5846 quas

2213 5499 2482 5560 vidimus,
2508 5495 2878 5575 antiquiorum
2908 5489 3214 5575 editionum
3239 5489 3561 5575 auctpritate
3579 5487 3809 5575 ‘m‘unia-

2215 5581 2328 5622 tur.
2361 5557 2791 5622 Emendavimus
2821 5563 3002 5631 itaque
3042 5559 3552 5629 interpretationem
3579 5557 3808 5611 latinam

2209 5655 2277 5693 ex
2315 5637 2428 5692 Stri
2466 5635 2557 5688 elii
2588 5633 2851 5688 editione.

2291 5704 2401 5761 (50)
2433 5654 2600 5761 ﬁ’lura
2634 5702 2702 5757 de
2742 5703 2851 5757 hor.

2291 5704 2401 5774 (50)
2433 5693 2600 5761 Plura
2634 5702 2702 5757 de
2742 5703 2851 5757 hor.
2895 5705 3014 5759 loco
3053 5703 3189 5758 vide
3221 5715 3384 5772 supra
3413 5708 3454 5753 ι..
3482 5698 3522 5763 1,
3555 5713 3609 5767 p.
3641 5693 3804 5758 1230,

2219 5792 2368 5845 seqq.
