4006 6202
248 364 325 428 61
1311 360 1688 422 DIALOGUS
1726 362 1777 421 Ι.
1816 387 1822 395 ·

1943 363 2448 424 CMMUTABILIS.
3431 358 3503 421 62

248 490 384 548 χαις
426 473 483 526 ὲν
524 469 603 541 τῷ
642 468 915 541 σπέρματι
951 468 1132 522 αὐτῶν
1177 468 1497 539 εύλογήσειν
1551 469 1729 524 πάντα
1759 468 1822 522 τὰ

1943 471 2050 528 :his
2078 488 2136 527 se
2173 473 2228 527 in
2261 488 2452 528 eorum
2512 471 2722 526 semine
2769 469 3194 529 benedicturum
3246 468 3505 523 omnibus

250 566 407 636 ἔθνη.
438 564 620 630 Δεῖξον
654 562 838 616 τοίνυν
878 560 1222 632 εὐλογημένα
1267 559 1355 613 διὰ
1385 559 1735 632 Σολομῶντος
1762 560 1831 615 τὰ

250 657 406 727 ἔθνη.

322 746 531 802 ΕΡΑΝ.
564 744 781 814 Ταύτην
804 742 982 797 τοίνυν
1014 742 1114 813 τὴν
1143 742 1493 812 ἐπαγγελίαν,
1528 743 1587 796 ού
1613 741 1701 796 διὰ
1737 740 1830 795 τοῦ

164 892 173 897 .
248 838 625 909 Σολομῶντος,
665 835 801 889 ἀλλὰ
854 833 943 889 διὰ
979 834 1071 887 τοῦ
1121 835 1375 907 Σωτῆρος
1416 833 1572 905 ἡμῶν
1624 832 1832 904 πεπλή-

250 949 432 1006 ρωκεν
454 932 484 982 ὁ
510 930 642 991 θεός
668 945 684 993 ;

324 1023 479 1076 υΡΘ.
522 1021 632 1073 Καὶ
669 1018 846 1072 τοίνυν
900 1021 1020 1082 ταῖς
1072 1020 1204 1090 πρὸς
1252 1020 1343 1073 τὸν
1390 1019 1554 1073 Δαόὶδ
1590 1037 1821 1091 γεγενη-

251 1115 451 1184 μέναις
493 1109 847 1177 ἐπαγγελίαις
890 1110 919 1161 ὁ
961 1111 1237 1181 Δεσπότης
1282 1111 1515 1182 Χριστὸς
1559 1111 1618 1164 τὸ
1652 1112 1825 1183 πέρας

247 1202 549 1271 ἐπέθηκεν.

323 1292 536 1345 ΕΡΔΝ.
581 1288 723 1358 Ἐγὼ
766 1288 971 1353 ταύτας
1018 1290 1261 1362 ἡγοῦμαι
1301 1291 1397 1355 τὰς
1428 1291 1749 1362 ὑποσχέσεις
1795 1292 1829 1363 ἥ

246 1384 382 1455 περὶ
428 1382 523 1436 τοῦ
563 1381 949 1453 Σολομῶντος,
989 1381 1023 1452 ἦ
1065 1383 1193 1454 περὶ
1237 1382 1332 1437 τοῦ
1371 1383 1675 1455 Ζοροὸἀϐελ
1737 1385 1828 1437 τὸν

243 1474 384 1528 Θεὸν
413 1472 800 1541 πεποιηκέναι.

318 1566 472 1619 οΡΘ.
499 1564 611 1634 Πρὸ
635 1560 1042 1634 βραχέος,”τοί;
1076 1562 1422 1635 Μαρκίωνος,
1453 1566 1546 1619 καὶ
1573 1565 1827 1620 Βαλεντί-

243 1676 366 1720 νου,
400 1657 495 1710 καὶ
519 1656 781 1723 Μάνητος
814 1654 1081 1726 ὲκέχρησο
1103 1654 1284 1724 λόγοις
1311 1672 1325 1686 ⁹
1362 1656 1458 1711 νῦν
1486 1658 1542 1711 δὲ
1569 1660 1704 1730 πρὸς
1731 1659 1826 1731 τὴν

240 1748 503 1804 ἐναντίαν
540 1749 605 1798 ἐκ
628 1745 924 1816 διαμέτρου
954 1747 1265 1817 συμμορίαν
1294 1748 1697 1818 μεταϐέϐηκας,
1731 1752 1827 1804 καὶ

237 1844 316 1911 τῇ
366 1840 477 1891 τῶν
537 1807 1105 1908 Ίουδαίωνᾟναιδεία
1144 1807 1489 1908 συνηγορεῖς.
1553 1807 1713 1894 ίιδιον
1768 1842 1824 1895 δὲ
1862 1807 1902 1862 Β

238 1931 421 1986 τοῦτο
437 1929 544 1982 τῶν
569 1929 666 1998 τῆς
693 1927 911 1990 εὐθείας
935 1930 1354 2000 ἐκτρεπομένων
1382 1931 1503 1985 ὁδοῦ
1524 1949 1538 1963 ·
1568 1933 1696 2003 τῇδε
1718 1932 1827 2001 γὰρ

244 2023 491 2075 κάκεῖσε
532 2017 967 2084 περιπλανῶνται
990 2059 1005 2083 ,
1039 2020 1236 2092 ἀτριϐῆ
1262 2022 1489 2091 πορείαν
1526 2022 1824 2086 ὁδεύοντες.

324 2112 536 2166 ΕΡΑΝ.
583 2111 717 2174 Τοὺς
761 2110 999 2183 λοιδορίᾳ
1050 2111 1369 2182 χρωμένους
1419 2115 1448 2166 ὁ
1504 2113 1826 2177 Ἀπόστολος

240 2203 527 2271 ἐξελαύνει
560 2201 660 2271 τῆς
695 2202 994 2271 βασιλείας.

317 2292 473 2348 ΟΡΘ.
521 2294 650 2346 Ἐὰν
681 2294 860 2364 μάτην
906 2292 1242 2366 λοιδορῶσιν.
1289 2294 1442 2348 Ἐπεὶ
1480 2296 1574 2348 καὶ
1604 2296 1765 2359 αὐτὸς
1797 2297 1826 2348 ὁ

234 2386 388 2450 θεῖος
436 2385 761 2449 ’Δτιὸστολος
796 2386 876 2448 εἰς
918 2385 1108 2456 καιρὸν
1141 2384 1289 2438 ἔστιν
1324 2387 1412 2440 ὅτε
1447 2387 1712 2458 κέχρηται
1748 2386 1825 2457 τῷ

235 2476 375 2529 εἴδει
394 2515 411 2538 ,
439 2476 531 2527 καὶ
564 2473 815 2535 Γαλάτας
848 2473 944 2543 μὲν
980 2475 1250 2543 ἀνοήτους
1278 2475 1573 2547 ὀνομάζει,
1607 2477 1736 2547 περὶ
1766 2477 1824 2530 δὲ

233 2566 424 2622 ἄλλων
453 2564 616 2635 φησίν
638 2581 653 2596 ο
686 2583 706 2615 ι
741 2564 1047 2634 ’Ἄνθρωποι
1080 2565 1521 2637 κατεφθαρμένοι
1544 2566 1634 2619 τὸν
1675 2566 1821 2633 νοῦν,

232 2659 499 2727 ἀδόκιμοι
536 2657 660 2727 περὶ
689 2657 791 2726 τὴν
830 2657 1010 2710 πίστιν
1034 2674 1047 2689 ·
1081 2677 1100 2710 ι
1140 2660 1235 2712 καὶ
1263 2655 1330 2713 αὖ
1363 2659 1524 2713 πάλιν
1554 2660 1683 2729 περὶ
1709 2660 1824 2712 ἑτέ-

234 2766 384 2822 ρων
425 2769 443 2800 ι
470 2743 569 2802 Ὧν
589 2750 617 2800 ὁ
638 2748 756 2812 θεὸς
784 2750 818 2819 ἡ
848 2749 1048 2815 κοιλία,
1079 2755 1171 2805 καὶ
1198 2754 1231 2822 ἡ
1254 2750 1381 2818 δόξα
1407 2753 1465 2804 ὲν
1494 2754 1558 2824 τῇ
1594 2750 1823 2823 αἰσχύνῃ

230 2841 457 2902 αὐτῶν,
502 2860 521 2891 ›
552 2840 645 2891 καὶ
670 2838 738 2891 τὰ
770 2839 921 2909 ἑξῆς.

312 2931 524 2987 EPAN.
572 2929 711 3000 Ἐγὼ
739 2932 916 2985 τοίνυν
943 2934 1105 2988 ποίαν
1134 2952 1218 2989 σοι
1248 2935 1522 3008 παρέσχον
1554 2936 1822 3009 λοιδορίας

227 3024 501 3095 ἀεορμήν
526 3040 541 3085 ;

1933 564 2212 635 gentibus.
2268 562 2509 619 Ostende
2547 562 2734 634 igitur,
2788 576 2887 632 per
2926 559 3275 615 Salomonem
3334 557 3504 613 bene-

1867 681 1889 697 ν
1932 656 2112 710 dictas
2140 671 2259 710 esse
2286 664 2494 727 gentes.

2008 745 2217 801 ERAN.
2260 746 2689 801 Promissioncm
2732 746 2875 800 hanc
2903 760 3052 815 ergo,
3080 758 3190 797 non
3220 756 3322 812 per
3347 740 3504 796 Salo—

1933 854 2187 902 monem,
2252 838 2347 893 sed
2398 855 2496 909 per
2538 839 2871 895 Salvatorem
2917 844 3199 899 nostrum,
3258 832 3503 903 implevit

1932 930 2116 985 Deus?

2001 1022 2213 1077 ORTH.
2258 1022 2549 1076 Promissis
2574 1022 2777 1091 itaque,
2809 1036 2929 1089 qua:
2953 1017 3144 1073 Davidi
3176 1016 3316 1071 facta
3351 1020 3500 1077 sunt,

1930 1114 2182 1169 Christus
2211 1115 2474 1169 Dominus
2504 1115 2664 1168 linem
2697 1113 2973 1183 imposuit.

2003 1290 2207 1345 ERAN.
2237 1293 2346 1361 Ego
2378 1291 2476 1345 has
2522 1291 2917 1360 promissiones
2954 1290 3038 1345 vel
3087 1289 3155 1344 de
3193 1288 3503 1350 Salomone,

1929 1382 2016 1437 vel
2052 1381 2119 1437 de
2151 1382 2491 1436 Zorobabelc
2525 1397 2554 1434 a
2587 1382 2699 1435 Deo
2727 1382 2900 1436 factas
2924 1392 3079 1452 puto.

1998 1558 2207 1615 ORTH.
2229 1557 2397 1613 Paulo
2424 1568 2548 1612 ante
2572 1556 2880 1618 Marcionis,
2911 1564 2967 1610 et
2988 1552 3283 1616 Valentini,
3316 1561 3373 1606 et
3394 1551 3508 1605 Ma-

1927 1653 2072 1708 netis
2109 1653 2294 1707 verbis
2327 1651 2591 1705 utebare:
2625 1664 2772 1703 nunc
2817 1649 2882 1701 ad
2919 1646 3255 1701 contrariam
3283 1659 3350 1698 ex
3385 1643 3508 1697 dia-

1931 1752 2106 1798 metro
2141 1743 2435 1799 factionem
2472 1750 2523 1795 te
2554 1741 2859 1795 contulisti.
2888 1739 3201 1794 Iudaeorum
3234 1734 3381 1790 enim
3402 1733 3507 1787 im-

1932 1834 2206 1905 prudentiae
2256 1833 2638 1903 patrocinaris.
2691 1833 2787 1886 Est
2838 1839 3020 1884 autem
3065 1829 3171 1883 hoc
3222 1826 3506 1897 proprium

1931 1942 2121 1981 eorum
2152 1926 2245 1995 qui
2276 1941 2307 1979 a
2345 1934 2495 1979 recta
2524 1926 2610 1977 via
2641 1923 2957 1976 deﬂectunt.
2982 1921 3101 1974 lluc
3125 1919 3271 1973 enim
3301 1925 3357 1970 et
3378 1915 3510 1970 illuc

1932 2018 2213 2080 oberrant,
2238 2034 2338 2087 per
2361 2016 2501 2070 viam
2533 2014 2759 2068 minime
2794 2013 2975 2067 tritam
3010 2008 3399 2081 ingredientes.

2004 2110 2214 2165 ERAN.
2241 2107 2646 2164 Convitiatores
2675 2104 2971 2174 Apostolus
2995 2101 3147 2173 ejieit
3172 2101 3217 2131 ⁶⁹
3242 2116 3308 2154 ex
3336 2110 3509 2167 regno

1930 2201 2218 2255 cmloruni.
3428 2214 3467 2261 Ι

2012 2290 2220 2346 ORTH.
2260 2290 2315 2345 Si
2362 2298 2566 2344 temere
2605 2286 2975 2342 convitientur
3030 2283 3164 2338 Nam
3193 2289 3249 2337 et
3283 2281 3398 2350 ipse
3427 2280 3510 2334 di-

1930 2384 2093 2439 vinus
2121 2382 2418 2452 Apostolus
2440 2386 3164 2451 opportunqnonnunquam
3186 2372 3291 2427 hoc
3309 2385 3507 2441 genere

1930 2490 2063 2529 usus
2113 2481 2217 2538 est,
2266 2481 2322 2528 et
2365 2472 2581 2528 Galatas
2629 2470 2850 2540 quidem
2897 2467 3095 2523 stultos
3127 2473 3286 2519 vocat
3317 2463 3401 2528 7°;
3439 2462 3507 2517 de

1930 2563 2054 2618 aliis
2079 2579 2210 2617 vero
2238 2562 2372 2617 dicit
2405 2579 2418 2616 :
2466 2582 2483 2612 ι
2523 2561 2784 2615 Homines
2811 2565 2994 2612 mente
3022 2555 3268 2625 corrupti
3289 2554 3371 2619 '“;
3401 2571 3420 2603 ι
3451 2563 3509 2605 et

1930 2657 1999 2711 de
2051 2656 2174 2710 aliis
2203 2671 2443 2711 rursus:
2502 2674 2520 2706 ι
2554 2654 2799 2721 Quorum
2847 2651 2984 2706 deus
3040 2657 3234 2703 venter
3291 2654 3396 2710 est,
3450 2652 3508 2698 ct

1929 2747 2100 2818 gloria
2125 2746 2179 2801 in
2211 2745 2532 2801 confusione
2564 2745 2829 2815 ipsorum,
2867 2762 2886 2793 ι
2922 2748 2978 2796 et
3005 2750 3200 2794 caetera
3228 2740 3294 2791 τ’.

1998 2939 2206 2995 ERAN.
2242 2936 2416 3004 Quam
2445 2951 2579 2990 vero
2625 2934 2723 2987 tibi
2775 2927 3111 2987 convitiandi
3164 2923 3507 2981 occasionem

1929 3030 2140 3105 praebui
2160 3031 2185 3084 ?

308 3116 469 3215 2P6.
502 3115 575 3168 Τὸ
603 3118 718 3177 τοῖς
748 3115 1167 3186 προδηλοτάτοις
1192 3116 1290 3186 τῆς
1318 3117 1573 3189 ἀληθείας
1606 3120 1822 3190 ἐχθροῖς

1999 3120 2211 3179 ORTH.
2259 3116 2637 3189 Apertissimis
2680 3111 2935 3168 hostibus
2976 3107 3226 3164 veritatis
3268 3105 3508 3161 libenter

226 3203 499 3274 εὐθύμως
553 3209 895 3276 συνηγορεῖν,
934 3202 969 3277 ἦ
1018 3208 1079 3259 οὺ
1115 3206 1264 3261 δοκεῖ
1308 3225 1385 3262 σοι
1429 3210 1703 3279 πρόφασις
1733 3213 1824 3265 εύ-

226 3294 528 3364 λογωτάτη
567 3298 682 3360 τοῖς
729 3296 1011 3351 εὐσεϐέσιν
1065 3294 1209 3352 εἶναι
1257 3299 1395 3371 πρὸς
1447 3302 1825 3370 ἀγανάκτησιν

225 3405 385 3456 αντη
414 3404 429 3451 ς
652 3445 657 3449 _

304 3479 522 3533 EPAN.
557 3482 665 3534 Καὶ
695 3481 840 3535 τίσιν
878 3479 991 3551 ἐγὼ
1032 3482 1382 3555 συνηγόρησα
1412 3487 1826 3558 παραταττομέ-

229 3589 351 3636 νοις
382 3572 521 3644 πρὸς
555 3573 653 3645 τὴν
677 3574 934 3646 ἀλήθειαν
959 3592 976 3641 ;

305 3664 466 3718 0P8.
499 3665 614 3719 Νῦν
657 3667 954 3730 Ἰουδαίοις.

304 3756 522 3808 EPAN.
553 3757 676 3817 Πῶς
701 3758 797 3810 καὶ
829 3758 932 3812 τίνι
959 3759 1182 3830 τρόπῳ;

305 3846 468 3899 ΟΡΘ.
517 3846 758 3901 Ἰουδαῖοι
805 3846 884 3918 τῷ
924 3848 1233 3920 Σολομῶντι
1276 3852 1369 3905 καὶ
1399 3850 1478 3923 τῷ
1520 3854 1825 3926 Ζοροόἀὸελ

225 3936 340 4000 τὰς
404 3936 660 4003 τοιαύτας
704 3940 1184 4011 προσαρμόττουσι
1223 3944 1566 4017 προφητείας
1591 3985 1606 4009 ,
1641 3947 1728 4000 ἵνα
1764 3948 1826 4001 τὸ

226 4029 621 4101 γριστιανικὸν
654 4029 961 4086 ἀσύστατον
997 4032 1324 4101 ἀποδείξωσι
1363 4034 1604 4108 ζήτημα.
1661 4038 1826 4091 Ἀπό-

226 4136 347 4189 χρη
389 4117 449 4170 δὲ
482 4119 573 4173 καὶ
621 4121 762 4176 αύτά
806 4124 875 4176 τὰ
926 4124 1149 4195 ῥήματα
1196 4125 1470 4195 διελέγξαι
1501 4124 1686 4181 αὐτῶν
1725 4127 1824 4200 τὴν

228 4210 610 4280 παρανομίαν.
643 4229 661 4262 ι
696 4212 841 4276 Ἕως
867 4213 997 4282 γὰρ,
1025 4216 1183 4286 φησὶ,
1214 4217 1306 4270 τοῦ
1335 4216 1531 4282 αίῶνος
1551 4219 1824 4288 ἑτοιμάσω

224 4301 327 4354 τὸν
363 4299 559 4372 θρόνον
591 4319 704 4357 σου.
749 4322 770 4356 ι
815 4305 889 4359 Οὐ
926 4304 1087 4375 μόνον
1120 4306 1176 4360 δὲ
1211 4306 1465 4378 Σολομὼν
1511 4308 1605 4362 καὶ
1658 4309 1824 4379 Ζορο-

226 4392 438 4459 ϐάϐελ,
468 4387 548 4457 οἷς
570 4394 666 4458 τὰς
684 4394 941 4459 τοιαύτας
968 4397 1438 4469 προσαρμόττουσι
1461 4399 1819 4471 προφητείας,

1928 3210 2285 3285 patrocinari,
2334 3224 2514 3264 annon
2552 3204 2647 3260 tibi
2698 3198 3241 3273 videturjustissima
3290 3194 3508 3253 occasio

1928 3304 2031 3358 ista
2056 3301 2162 3371 piis
2184 3314 2304 3353 esse
2329 3306 2389 3352 ut
2419 3291 2815 3366 indignentur?

1998 3478 2102 3548 32
2126 3475 2333 3532 ERAN.
2362 3473 2735 3542 Quorumnam
2755 3483 2856 3539 ego
2878 3463 3245 3538 patrocinium
3267 3459 3503 3531 suscepi,

1927 3571 2018 3642 qui
2048 3568 2265 3625 veritati
2306 3566 2513 3621 bellum
2543 3562 2785 3618 inferant
2810 3561 2835 3613 ’ί

1998 3660 2206 3717 ORTH.
2240 3659 2398 3712 Nunc
2425 3656 2757 3710 Judteorum.

1997 3750 2205 3806 ERAN.
2237 3745 2520 3814 Quomodo
2551 3753 2606 3798 et
2630 3759 2738 3812 qua
2764 3742 2976 3796 ratione
3002 3743 3026 3792 τ

1997 3841 2208 3898 ORTH.
2257 3836 2430 3894 Judaei
2460 3834 2741 3890 Salomoni
2774 3841 2831 3887 et
2862 3829 3187 3887 Zorobabeli
3219 3828 3357 3883 tales
3378 3841 3507 3896 pro-

1924 3934 2140 4007 phetias
2155 3928 2593 3992 accommodant,
2612 3935 2674 3981 ut
2691 3925 3129 3982 Christianorum
3148 3922 3514 3993 quwstionem

1924 4026 2223 4084 consistere
2270 4038 2382 4077 non
2428 4036 2590 4092 posse
2637 4017 2948 4073 ostendant.
3003 4014 3291 4070 Snﬂiciunt
3318 4021 3512 4067 autem

1924 4120 2012 4174 vel
2042 4120 2156 4189 ipsa
2203 4115 2373 4170 verba
2401 4113 2467 4168 ad
2500 4110 2888 4168 confutandam
2920 4109 3139 4163 illorum
3169 4104 3511 4177 perversita-

1925 4201 2237 4265 tem.“~.\'am
2276 4226 2293 4257 ι
2329 4221 2501 4276 usque
2528 4205 2584 4258 in
2612 4211 2904 4265 aeternum,
2955 4198 3154 4268 inquit,
3184 4194 3515 4266 praeparabo-

1925 4303 2110 4360 sedem
2134 4311 2281 4356 tuam
2306 4300 2373 4353 ⁷³.
2411 4320 2429 4351 ι
2474 4299 2593 4353 Non
2619 4296 2797 4352 solum
2828 4293 2978 4350 enim
3021 4292 3278 4348 Salomon
3321 4295 3378 4343 et
3401 4287 3512 4341 Zo—

1926 4396 2172 4458 robabel,
2200 4393 2402 4465 quibus
2435 4392 2570 4446 tales
2596 4387 2917 4461 prophetias
2940 4382 3375 4444 accommodant,
3410 4394 3509 4433 ex‘

222 4486 324 4538 τὸν
362 4484 670 4555 ὡρισμένον
699 4485 995 4557 βιώσαντες
1035 4488 1248 4559 χρόνον,
1276 4488 1372 4542 τοῦ
1409 4489 1527 4560 βίου
1552 4491 1611 4545 τὸ
1635 4491 1816 4563 τέρμα

1943 4490 2069 4544 »Ιεῐο
2106 4488 2232 4542 vita:
2263 4501 2428 4541 cursu
2454 4482 2798 4555 praescripto,
2826 4481 2953 4535 vitae
2974 4478 3136 4533 finem
3164 4474 3501 4533 habuerunt,

224 4575 567 4642 κατέλαῦον,
594 4577 730 4631 ἀλλά
759 4580 853 4632 καὶ
884 4578 1031 4634 ἀπαν
1075 4580 1292 4649 ἀπέσϐη
1321 4581 1416 4634 τοῦ
1446 4582 1608 4636 Δαϐὶδ
1639 4584 1698 4637 τὸ
1724 4585 1817 4652 γέ-

224 4685 347 4733 νος.
390 4667 487 4730 Τίς
530 4668 637 4741 γὰρ
684 4668 977 4724 ἐπίσταται
1013 4672 1252 4743 σήμερον
1285 4672 1348 4725 ὲκ
1376 4673 1474 4744 τῆς
1528 4675 1819 4745 Δαυῖτικῆς

220 4776 364 4815 τινα
399 4762 774 4832 καταγόμενον
808 4763 965 4834 ῥίζης
990 4781 1006 4830 ;

297 4848 517 4903 ΕΡΑΝ.
596 4852 659 4905 ΟΞ
741 4851 1070 4921 καλούμενοι
1153 4848 1247 4907 οὖν
1344 4853 1454 4906 τῶν
1548 4852 1816 4909 Ἰουδαίων

222 4938 599 5010 πατριάρχαι,
638 4941 739 4994 οὐκ
778 4941 842 4994 ἐκ
869 4941 969 5011 τῆς
1012 4943 1302 5014 Δαυῖτικῆς
1351 4943 1656 5014 ὑπάρχουσι
1694 4961 1824 5015 συγ-

222 5030 497 5103 raram;

301 5123 465 5177 ope.
496 5124 780 5195 Οὐδαμῶς.

304 5216 515 5272 ΕΡΔΝ.
559 5216 725 5271 Ἀλλά
745 5216 911 5271 πόθεν
940 5219 1256 5290 ὸρμῶνται;

306 5308 462 5363 ΟΡΘ.
509 5307 599 5375 Ἐξ
640 5307 880 5380 Ἡρώδου
924 5309 1018 5363 τοῦ
1052 5309 1381 5379 ἀλλοφύλου,
1426 5309 1485 5376 ὃς
1535 5312 1808 5384 πατρόθεν

226 5401 342 5470 μὲν
379 5398 785 5471 ⁹Δσιιςιλιιινίτης
804 5400 1097 5472 ἐτύγχανεν
1119 5399 1220 5465 ὢν,
1254 5402 1525 5473 μητρόθεν
1551 5402 1609 5456 δὲ
1648 5403 1808 5456 Ἰδου-

226 5492 418 5561 μαῖος.
449 5489 663 5554 Ἄλλως
694 5507 751 5544 τε
786 5491 881 5545 καὶ⁵
908 5492 1063 5547 αὐτοὶ
1084 5493 1364 5558 παντελῶς
1397 5493 1803 5564 ⁴ἠφανίσθησαν,

1925 4579 2024 4636 sed
2071 4578 2393 4633 universum
2442 4589 2663 4646 quoque
2707 4571 2931 4626 Davidis
2972 4583 3146 4640 genus
3171 4565 3510 4621 exstinctum

1923 4682 2028 4727 est.
2074 4669 2207 4738 Quis
2250 4668 2398 4724 enim
2439 4666 2593 4721 novit
2650 4663 2815 4718 hodie
2862 4662 3103 4731 aliquem
3146 4673 3215 4712 ex
3242 4651 3508 4710 Davidica

1922 4764 2091 4832 stirpe
2117 4759 2484 4832 prognatum?

1994 4853 2203 4908 ERAN.
2226 4850 2332 4918 Qui
2361 4864 2493 4917 ergo
2521 4846 2835 4903 Judzeorum
2861 4839 3188 4914 patriarchae
3219 4835 3505 4897 dicuntur,

1927 4961 1995 5000 an
2023 4959 2091 4999 ex
2118 4941 2378 4997 Davidica
2402 4939 2571 5010 stirpe
2593 4953 2703 4993 non
2728 4934 2900 4991 sunt?

1992 5135 2200 5191 08TH.
2224 5133 2596 5204 Nequaquam.

1992 5228 2197 5283 ERAN.
2234 5227 2386 5283 Unde
2412 5226 2580 5297 igitur
2606 5224 2713 5281 orti
2732 5229 2859 5279 sunt
2882 5223 2907 5274 ?

1987 5318 2197 5376 OR'I‘H.
2232 5319 2308 5372 Ex
2328 5317 2543 5373 Herode
2559 5316 2886 5385 alienigena,
2908 5311 3003 5381 qui
3029 5318 3255 5381 paterna
3275 5304 3503 5377 quidem

1916 5408 2127 5479 origine
2167 5406 2509 5463 Ascalonites
2553 5405 2679 5470 fuit,
2728 5410 2975 5458 materna
3019 5415 3151 5455 vero
3203 5398 3500 5454 ldumzeus.

1916 5499 2239 5569 Quanquam
2261 5497 2315 5551 hi
2340 5511 2559 5567 quoque
2587 5494 2813 5549 omnino
2836 5491 3188 5555 interierunt,
3211 5496 3267 5545 et
3287 5486 3494 5545 dudum

225 5581 333 5635 nl.
361 5582 552 5652 χρόνος
585 5581 918 5654 διελήλυθεν,
957 5583 1018 5649 ἐξ
1037 5578 1100 5638 οὗ
1128 5586 1223 5641 καὶ
1247 5587 1279 5658 ἡ
1305 5585 1511 5640 τούτων
1541 5586 1806 5657 ἡγεμονία

1943 5595 1999 5641 ιει
2025 5604 2089 5641 ex
2123 5601 2231 5656 quo
2263 5586 2459 5639 horum
2496 5597 2714 5654 quoque
2760 5581 3100 5652 principatus
3130 5578 3293 5635 tinem
3324 5573 3496 5646 cepit.

302 5757 350 5790 "
405 5757 534 5816 Cor.
564 5774 639 5824 tv,
672 5759 753 5813 l0.
829 5762 873 5793 το
901 5760 1075 5817 Galat.
1116 5779 1197 5829 ιιι,
1225 5764 1271 5817 l.
1346 5764 1388 5796 τι
1424 5761 1638 5818 IlTim.
1671 5778 1746 5826 ιιι,
1781 5764 1822 5818 8λ

1943 5761 2161 5830 Philipp.
2196 5776 2272 5823 ιιι,
2304 5761 2362 5816 19
2461 5762 2503 5791 ⁷³
2537 5761 2676 5815 Psal.
2704 5775 2959 5825 Lxxxvm,
2982 5761 3035 5815 5.
