4006 6202
492 425 561 488 63
1474 415 1957 482 THEODORETI
1998 414 2331 473 EPISCOPI
2370 413 2729 473 CYRENSIS
3661 402 3738 464 64

493 535 757 592 Dominus
788 543 967 588 autem
992 535 1155 595 Deus,
1191 546 1300 585 non
1342 531 1518 584 solum
1545 529 1764 583 Davidis
1789 541 1975 581 semen
2008 523 2063 576 in
2093 546 2104 576 λ

2202 520 2222 573 ὸ
2261 521 2434 592 πέρας
2462 519 2698 586 ἐδέξατο.
2733 520 2793 572 '0
2822 518 2877 572 δὲ
2909 515 3182 586 Δεσπότης
3212 514 3342 576 Θεὸς
3360 555 3373 577 ,
3397 515 3457 566 ού
3499 514 3656 580 μόνον
3675 515 3742 567 τὸ

493 636 757 681 aeternum
789 633 1152 687 servaturum,
1178 623 1271 677 sed
1298 623 1416 691 ejus
1458 620 1623 674 etiam
1673 631 1898 686 regnum
1941 614 2058 668 sine

2202 612 2380 683 πέρμα
2404 612 2496 666 τοῦ
2528 611 2695 664 Δαϐἰδ
2725 612 2802 672 εἰς
2828 609 2918 662 τὸν
2953 609 3130 661 αἰῶνα
3161 609 3446 678 τηρήσειν,
3477 607 3611 660 ἀλλά
3638 604 3744 659 καὶ

496 716 604 769 ﬁne
659 720 1106 768 conservaturum
1161 710 1430 780 promisit.
1494 727 1512 758 ι
1552 704 1850 760 Ᾱίάὶῐίοιιιω
1891 702 2058 764 enim,

2202 707 2256 773 ὴν
2286 705 2559 776 βασιλείαν
2587 704 2920 759 ἀκατάλυτον
2940 703 3195 772 φυλάξειν
3224 701 3511 770 ὑπέσχετο.
3535 718 3554 751 ι
3575 702 3748 754 Οἰκο-

495 805 693 874 inquit,
749 805 804 858 in
860 803 1264 874 generationem
1319 809 1373 853 et
1420 797 1829 869 generationem
1876 791 2062 845 sedem

2202 798 2376 868 >μήσω
2413 798 2541 870 γάρ,
2572 794 2722 867 ἔψη.
2754 799 2831 857 εἰς
2856 797 3052 865 γενεὰν
3083 796 3178 848 καὶ
3211 794 3408 861 γενεὰν
3430 792 3520 844 τὸν
3549 791 3748 862 θρόνον

499 904 645 949 tuam
672 895 735 947 ⁷⁸.
778 914 795 944 ι
839 894 1095 948 Videmus
1122 900 1302 945 autem
1347 897 1400 942 ct
1439 902 1610 958 genus
1648 887 1767 955 ejus
1811 882 2061 952 periisse,

2202 904 2274 942 ου,
2313 907 2331 938 ι
2375 889 2618 960 Ὀρῶμεν
2662 888 2718 940 δὲ
2747 887 2916 940 αὐτοῦ
2955 887 3048 939 καὶ
3089 885 3148 938 τὸ
3171 884 3328 953 γένος
3359 881 3608 954 φροῦδον,
3643 884 3750 936 καὶ

499 997 556 1042 et
586 1003 810 1057 regnum
841 987 1001 1039 ﬁnem
1024 985 1254 1052 cepisse.
1283 982 1460 1050 Atque
1492 981 1606 1033 haec
1631 984 1920 1032 cernentes
1955 974 2065 1028 sci-

2202 980 2261 1048 ὴν
2301 979 2578 1049 βασιλείαν
2623 979 2936 1048 δεξαμένην
2972 978 3034 1030 τὸ
3083 975 3280 1046 πέρας.
3327 975 3437 1027 Καὶ
3475 973 3648 1028 ταῦτα
3684 974 3771 1026 δὲ.

501 1094 624 1131 “'IUS
657 1089 836 1131 tamen
867 1076 1242 1130 universorum
1267 1074 1438 1126 DCIIII]
1464 1085 1711 1124 veracem
1751 1083 1889 1122 esse.

2202 1069 2417 1140 ρῶντες,
2452 1071 2609 1139 ἴσμεν
2640 1068 2735 1121 τοῦ
2769 1067 2904 1122 Θεοῦ
2934 1067 3041 1120 τῶν
3073 1066 3212 1119 ὅλων
3230 1064 3290 1117 τὸ
3313 1062 3562 1134 ἀψευδές.

572 1169 778 1222 EllAN.
809 1167 1036 1222 Constat
1061 1167 1230 1219 Deum
1261 1162 1484 1218 minime
1510 1159 1752 1216 mentiri.

2238 1161 2438 1214 ΕΡΛΝ.
2471 1161 2639 1231 Δῆλον
2670 1161 2746 1222 ὡς
2781 1158 3026 1229 ἀψευδὴς
3063 1160 3091 1210 6
3129 1156 3286 1219 Θεός.

573 1259 677 1328 33
733 1257 940 1312 OliTll.
997 1256 1051 1311 Si
1098 1271 1227 1326 ergo
1275 1257 1416 1309 Deus
1450 1268 1614 1306 verax
1668 1258 1771 1313 est,
1805 1257 1865 1302 ut
1895 1247 2070 1316 reipsa

2241 1252 2392 1305 ΟΡΘ.
2420 1253 2484 1306 Εἰ
2512 1251 2691 1304 τοίνυν
2720 1249 2927 1319 ἀληθὴς
2949 1251 2978 1302 6
3010 1248 3164 1311 Θεὸς,
3196 1246 3384 1316 ὥσπερ
3403 1240 3495 1298 οὖν
3516 1243 3746 1315 ἀληθὴς,

504 1365 667 1402 verax
719 1357 820 1410 est,
853 1346 1041 1401 Davidi
1071 1355 1250 1399 autem
1286 1342 1556 1413 promisit,
1591 1340 1703 1393 fore
1727 1346 1786 1393 ut
1819 1345 1874 1392 et
1902 1351 2074 1407 genus

2211 1343 2437 1412 πέσχετο
2466 1342 2523 1395 δὲ
2552 1341 2629 1412 τῷ
2651 1339 2816 1394 Δαὸὶδ
2838 1341 2936 1393 καὶ
2964 1340 3024 1392 τὸ
3044 1339 3200 1407 γένος
3227 1339 3304 1401 εἰς
3329 1337 3420 1389 τὸν
3449 1336 3621 1390 αἰῶνα
3643 1353 3750 1405 φυ-

508 1437 679 1506 ipsius
727 1444 781 1490 et
835 1451 1060 1505 regnum
1109 1435 1165 1488 in
1220 1442 1544 1503 perpetuum
1597 1437 1857 1491 servaret,
1896 1442 2074 1496 neque

2202 1433 2375 1499 eam,
2412 1432 2504 1485 καὶ
2525 1433 2625 1500 τὴν
2674 1431 2952 1501 βασιλείαν
2993 1429 3270 1498 ἀδιάδοχον
3298 1428 3558 1497 τηρήσειν
3579 1467 3592 1490 ,
3622 1423 3751 1478 οὔτε

508 1536 689 1582 tamen
737 1537 828 1581 aut
878 1542 1051 1598 genus
1098 1534 1192 1580 aut
1233 1539 1459 1594 regnum
1484 1522 1733 1576 videmus
1759 1521 2076 1591 (utrumque

2202 1523 2231 1575 ἑὲ
2257 1522 2317 1575 τὸ
2352 1523 2496 1590 γένος
2523 1520 2759 1592 ὁρῶμεν,
2801 1519 2924 1572 οὔτε
2974 1519 3074 1588 τὴν
3111 1517 3390 1587 βασιλείαν
3417 1533 3431 1545 ο
3463 1515 3752 1585 ἀμφότερα

507 1623 654 1673 enim
679 1619 955 1688 cessavit),
981 1617 1255 1688 quomodo
1279 1614 1606 1670 adversariis
1630 1614 1802 1667 Deum
1828 1626 2077 1667 veracem

2202 1612 2286 1682 ’ἀρ
2318 1612 2626 1664 ἐπαύσατο·
2654 1611 2772 1675 πῶς
2806 1611 3066 1679 πείσομεν
3095 1609 3220 1670 τοὺς
3250 1605 3630 1674 ἀντιλέγοντας
3672 1606 3753 1668 ὡς

508 1725 630 1764 esse
659 1710 1107 1778 persuadebimus
1129 1709 1154 1761 ?
1301 1761 1308 1768 _

2202 1702 2414 1772 ιψευδὴς
2441 1705 2469 1755 ό
2489 1702 2622 1764 Θεός
2645 1721 2659 1768 ;
3314 1694 3316 1696 ’

581 1799 785 1908 ERAlj.
837 1800 1069 1853 Dubium
1121 1799 1303 1900 itaque
1350 1813 1460 1852 non
1491 1804 1594 1861 est,
1635 1795 1771 1865 quin
1808 1795 1922 1848 haec
1950 1809 2079 1863 pro-
2111 1855 2155 1908 Β

2253 1793 2455 1845 ΕΡΔΝ.
2521 1795 2664 1865 Ἀρα
2707 1792 2873 1854 ὅντως
2916 1793 2949 1862 ἡ
2992 1790 3298 1861 προφητεία
3335 1789 3426 1842 τὸν
3476 1788 3754 1858 Δεσπότην
3847 1798 3861 1810 ‘

515 1890 698 1960 phetia
720 1890 995 1944 Christum
1023 1890 1290 1959 designet.

581 1981 789 2038 OltTll.
816 1982 1082 2048 Quoniam
1106 1981 1271 2051 igitur
1294 1982 1397 2035 hoc
1415 1979 1688 2044 concedis,
1707 1994 1826 2049 age,
1848 1977 2083 2032 mediam

511 2088 730 2143 quoque
776 2074 964 2142 psalmi
993 2083 1200 2142 partem
1230 2089 1336 2126 una
1366 2073 1774 2126 consideremus
1800 2088 1812 2123 :
1844 2069 2086 2140 prophe-

517 2165 604 2218 tiae
637 2165 782 2216 enim
812 2164 1136 2218 sententiam
1163 2164 1375 2216 facilius
1401 2178 1773 2232 assequemur.

583 2253 791 2307 ERAN.
820 2253 958 2306 Prmi
992 2252 1323 2321 indagationi
1356 2270 1368 2305 :
1399 2267 1499 2321 ego
1527 2252 1675 2305 enim
1705 2250 1950 2321 vestigiis
1980 2251 2090 2306 tuis

515 2341 784 2398 insistam.

587 2432 794 2488 ORTH.
831 2432 966 2486 Cum
1013 2432 1182 2486 multa
1209 2433 1276 2486 de
1309 2434 1413 2486 hoc
1444 2432 1554 2486 ﬁlio
1591 2428 1848 2502 (Davidis)
1880 2428 2088 2498 promi-

517 2522 678 2579 sisset
707 2524 870 2586 Deus,
899 2523 1044 2592 quod
1074 2532 1129 2577 et
1160 2531 1316 2578 terra:
1350 2531 1404 2577 et
1435 2522 1573 2576 mari
1593 2521 1973 2576 dominaturus
1997 2519 2087 2582 sit,

517 2612 856 2669 etexeelsior
873 2612 1091 2666 futurus
1112 2614 1330 2683 regibus
1350 2622 1526 2674 terrae,
1545 2623 1601 2667 et
1619 2610 1968 2683 primogeniti
1991 2609 2086 2664 Dei

517 2717 720 2756 nomen
780 2701 1090 2764 habiturus,
1149 2703 1429 2772 Deumque
1481 2718 1605 2757 cum
1638 2702 1833 2756 ﬁducia
1877 2703 2089 2757 Patrem

519 2802 839 2858 vocaturus,
871 2794 987 2848 haec
1014 2811 1232 2864 quoque
1262 2794 1462 2865 adjecit
1495 2812 1508 2847 :
1551 2813 1568 2845 ι
1602 2794 1660 2848 ln
1682 2801 1948 2848 aeternum
1980 2808 2094 2848 ser-

519 2885 662 2939 vabo
715 2885 793 2938 illi
853 2885 1290 2940 misericordiam
1343 2901 1538 2948 meam,
1567 2894 1624 2939 et
1652 2889 1667 2906 ⁶
1699 2884 1876 2939 ΐωιιυε
1909 2900 2092 2938 meum

524 2974 682 3031 ﬁdele
717 2976 822 3032 erit
854 2976 957 3047 ipsi
985 2995 996 3028 :
1021 2986 1074 3030 et
1101 2993 1296 3046 ponam
1323 2977 1377 3030 in
1407 2977 1665 3030 saeculum
1697 2976 1880 3030 saeculi
1906 2991 2094 3031 semen

522 3068 663 3138 ejus,
688 3079 742 3123 et
767 3069 1025 3122 thronum
1053 3071 1171 3140 ejus
1192 3070 1335 3124 sicut
1354 3068 1471 3124 dies
1504 3069 1632 3124 caeli
1658 3068 1723 3123 ⁷⁸.
1755 3087 1772 3118 ι

473 3307 484 3316 ,
595 3249 802 3304 ERAN.
825 3251 1059 3320 Superat
1076 3261 1326 3306 naturam
1347 3252 1638 3306 humanam
1656 3253 1772 3307 haec
1784 3251 2092 3322 promissio.

525 3339 996 3396 Immortalitatem
1035 3343 1182 3395 enim
1235 3351 1291 3397 et
1338 3343 1701 3398 aeternitatem
1749 3343 1934 3406 habet,
1983 3351 2098 3396 tum

525 3430 659 3495 vita,
694 3441 808 3485 tum
833 3433 1003 3501 gloria
1031 3451 1044 3484 :
1072 3433 1322 3487 homines
1359 3449 1490 3488 vero
1517 3434 1696 3504 exigui
1730 3443 1858 3489 sunt
1887 3441 2100 3504 tempo-

527 3523 626 3577 ris.
657 3523 789 3577 Nam
814 3533 867 3577 et
887 3534 1079 3578 natura
1099 3523 1283 3579 brevis
1312 3532 1397 3578 est
1421 3524 1567 3590 vitaa,
1593 3534 1650 3580 et
1669 3541 1918 3596 regnum,
1936 3527 2100 3580 etiam

529 3613 588 3667 in
626 3614 761 3679 vita,
820 3615 1154 3685 multiplices
1203 3625 1258 3669 et
1307 3615 1489 3670 varias
1533 3616 1698 3670 habet
1747 3617 2096 3671 mutationes.

527 3704 708 3770 Quare
761 3706 863 3760 soli
903 3706 1125 3760 Christo
1161 3705 1430 3760 Salvatori
1457 3708 1711 3778 congruit
1757 3707 1923 3779 hujus
1971 3723 2102 3778 pro-

530 3797 682 3851 missi
710 3797 1047 3868 magnitudo.

601 3888 810 3942 ORTH.
843 3889 1011 3957 Perge
1043 3888 1226 3956 itaque
1259 3888 1422 3941 etiam
1446 3888 1512 3942 ad
1548 3889 1780 3958 reliqua,
1806 3905 1926 3959 qua:
1964 3889 2104 3946 hanc

535 3978 633 4031 tibi
670 3979 984 4046 opinionem
1011 3976 1119 4048 34.
1143 3977 1313 4046 magis
1339 3977 1759 4032 conﬁrmabant.
1791 3979 1932 4034 Dicit
1955 3980 2102 4033 enim

533 4082 729 4123 rursus
767 4069 1145 4123 universorum
1192 4068 1373 4122 Dens:
1412 4088 1429 4119 ‹
1462 4069 1640 4123 Semel
1687 4069 1866 4140 juravi
1915 4081 2106 4126 sancto

534 4174 679 4224 meo,
712 4159 758 4214 si
805 4159 992 4214 Davidi
1024 4161 1278 4215 mentiar.
1333 4159 1529 4214 Semen
1578 4160 1697 4230 ejus
1743 4161 1797 4213 in
1839 4169 2104 4217 aeternum

533 4251 798 4316 manebit,
827 4261 882 4306 et
907 4252 1136 4306 thronus
1160 4253 1278 4321 ejus
1305 4252 1446 4306 sicut
1465 4251 1543 4305 sol
1566 4252 1619 4306 in
1644 4259 1938 4321 conspectu
1960 4269 2104 4320 meo,

533 4347 592 4392 et
609 4339 751 4392 sicut
774 4339 901 4392 luna
927 4339 1168 4408 perfecta
1199 4341 1254 4393 in
1282 4348 1565 4395 aaternum.
1599 4358 1617 4392 ι
1649 4340 1716 4394 Ει
1739 4349 1800 4394 ιιι
1818 4341 2107 4397 veritatem

535 4429 920 4498 promissionis
955 4431 1289 4495 ostenderet,
1343 4431 1622 4502 subjecit:
1678 4450 1696 4484 ι
1732 4433 1800 4486 Et
1853 4434 2006 4489 testis
2051 4435 2107 4490 in

537 4516 678 4572 ccelo
711 4516 888 4572 ﬁdeli-5
927 4519 994 4572 ".
1025 4538 1044 4571 ι

608 4705 815 4760 ERAN.
857 4705 1083 4776 Oportet
1133 4707 1201 4762 iis
1251 4723 1372 4778 qua:
1419 4723 1448 4762 a
1487 4707 1632 4762 ﬁdeli
1680 4717 1814 4764 teste
1843 4710 2108 4780 promissa

2183 1884 2442 1955 κηρύττει
2479 1884 2744 1957 Χριστόν.

2255 1975 2405 2029 ΟΡΘ.
2449 1976 2604 2030 Ἐπεὶ
2632 1975 2811 2028 τοίνυν
2843 1973 3331 2043 συνωμολόγησας,
3364 1971 3526 2042 δεῦρο
3563 1971 3626 2040 δὴ
3659 1971 3758 2023 καὶ

2186 2065 2260 2120 τά
2286 2067 2428 2136 μέσα
2451 2065 2543 2118 τοῦ
2571 2065 2787 2137 ψαλμοῦ
2810 2068 2960 2136 κοινῇ
2985 2065 3439 2134 διασκοπήσωμεν
3461 2077 3474 2090 ·
3501 2059 3762 2132 εἰσόμεθα

2186 2157 2294 2227 γὰρ
2330 2157 2663 2229 σαφέστερον
2691 2159 2793 2228 τῆς
2831 2155 3166 2226 προφητείας
3195 2155 3285 2207 τὸν
3312 2153 3456 2207 νοῦν.

2258 2249 2460 2302 ΕΡΑΝ.
2496 2249 2660 2317 Ἥγοῦ
2691 2249 2788 2319 τῆς
2819 2247 3048 2320 ἐρεύνης
3066 2264 3081 2278 ο
3108 2246 3308 2317 ἕψομαι
3335 2247 3441 2318 γὰρ
3469 2245 3764 2317 ἰχνηλατή-

2191 2355 2298 2392 σων
2321 2338 2494 2408 κάγώ.

2260 2432 2409 2484 ΟΡΘ.
2432 2431 2606 2485 Πολλά
2624 2448 2687 2483 πε
2697 2431 2750 2502 pl
2771 2431 2925 2484 τοῦδε
2946 2429 3038 2483 τοῦ
3057 2417 3369 2501 σπέρματος
3394 2427 3765 2498 ὑποσχόμενος

2189 2525 2217 2576 6
2243 2521 2394 2586 Θεὸς,
2435 2522 2510 2585 ὡς
2539 2521 2634 2575 καὶ
2666 2521 2814 2575 κατά
2835 2520 3105 2574 θάλατταν
3133 2520 3226 2574 καὶ
3253 2520 3393 2572 κατά
3426 2517 3531 2588 γῆν
3552 2516 3763 2587 κρατή-

2194 2629 2291 2675 σει,
2328 2613 2424 2665 καί
2449 2612 2555 2666 τῶν
2583 2613 2675 2665 ὲπί
2702 2613 2808 2681 γῆς
2831 2610 3223 2680 βασιλευόντων
3251 2609 3554 2678 ὑπέρτερος
3582 2607 3762 2669 ἔσται,

2193 2705 2286 2757 καὶ
2344 2703 2684 2775 πρωτότοκος
2764 2704 2857 2757 τοῦ
2905 2702 3038 2756 Θεοῦ
3087 2701 3455 2772 κληθήσεται,
3523 2700 3616 2754 καὶ
3666 2700 3768 2752 τὸν

2191 2794 2322 2848 Θεὸν
2367 2795 2464 2848 σὺν
2515 2794 2798 2866 παρρησίᾳ
2859 2795 3077 2849 καλέσει
3139 2793 3394 2863 Πατέρα,
3447 2793 3542 2846 καὶ
3587 2790 3766 2845 ταῦτα

2193 2885 2615 2956 προστέθεικεν
2666 2905 2684 2938 ι
2744 2888 2838 2948 Εἰς
2883 2887 2974 2939 τὸν
3028 2885 3200 2938 αἰῶνα
3258 2883 3479 2954 φυλάξω
3508 2884 3655 2954 αὐτῷ
3698 2884 3766 2937 τὸ

2193 2974 2343 3039 ἔλεός
2386 2993 2486 3046 μου
2525 2977 2619 3029 καὶ
2665 2978 2698 3047 ἡ
2736 2976 2967 3048 διαθήκη
3001 2995 3101 3047 μου
3133 2977 3299 3046 πιστὴ
3326 2975 3509 3047 αὐτῷ’
3539 2978 3633 3030 καὶ
3666 2976 3767 3046 θή-

2198 3083 2361 3139 σομαι
2398 3068 2476 3131 εἰς
2510 3066 2601 3120 τὸν
2635 3066 2811 3121 αἰῶνα
2851 3067 2946 3120 τοῦ
2980 3067 3174 3131 αἰῶνος
3211 3067 3274 3120 τὸ
3317 3067 3537 3138 σπέρμα
3567 3068 3765 3130 αὐτοῦ,

2123 3181 2166 3240 C
2199 3161 2291 3211 καὶ
2317 3159 2407 3210 τὸν
2442 3159 2629 3227 Θρόνον
2656 3157 2843 3224 αὐτοῦ,
2871 3157 2946 3223 ὡς
2966 3157 3062 3222 τάς
3086 3158 3300 3230 ἡμέρας
3328 3159 3420 3211 τοῦ
3451 3158 3696 3229 ούρανοῦ,
3741 3177 3761 3208 ι

2267 3251 2468 3303 ΕΡΑΝ.
2512 3247 2684 3317 ’Υπὲρ
2713 3247 2873 3317 φύσιν
2903 3248 3248 3318 ἀνθρωπείαν
3282 3251 3314 3318 ἡ
3346 3247 3662 3317 ἐπαγγελία.
3688 3249 3766 3302 Τὸ

2198 3338 2502 3411 ἀνώλεθρον
2538 3339 2648 3410 γὰρ
2700 3339 2795 3392 καὶ
2833 3339 3052 3392 αἰώνιον
3083 3339 3195 3409 ἔχει
3228 3339 3322 3392 καὶ
3363 3341 3397 3409 ἡ
3435 3340 3549 3414 ζωὴ
3585 3340 3678 3391 καὶ
3730 3342 3766 3410 ἡ

2198 3431 2329 3501 τιμή
2352 3448 2365 3461 ο
2399 3433 2448 3484 οί
2477 3430 2532 3484 δὲ
2567 3430 2842 3501 ἄνθρωποι
2873 3431 3222 3502 πρόσκαιροι.
3265 3432 3338 3483 Ἥ
3365 3448 3423 3483 τε
3472 3431 3578 3501 γὰρ
3605 3429 3772 3500 φύσις

2199 3520 2501 3589 όλιγόόιος,
2551 3521 2646 3575 καὶ
2693 3520 2960 3589 βασιλεία,
2992 3523 3094 3574 κάν
3125 3524 3191 3591 τῇ
3229 3522 3374 3591 ζωῇ,
3414 3521 3613 3584 πολλὰς
3653 3520 3771 3590 ἔχει

2201 3613 2294 3667 καὶ
2310 3613 2709 3684 ἁγχιστρόφους
2745 3613 3067 3683 μεταϐολάς.
3093 3613 3385 3684 Τοιγάρτοι
3423 3613 3572 3684 μόνῳ
3599 3629 3771 3684 προσ-

2201 3705 2323 3774 ήκει
2366 3703 2444 3774 τῷ
2505 3705 2719 3776 Σωτῆρι
2766 3704 2987 3776 Χριστῷ
3031 3705 3130 3776 τῆς
3175 3705 3505 3773 ἐπαγγελίας
3565 3705 3625 3757 τὸ
3675 3706 3772 3776 μέ·-

2203 3799 2380 3866 γεθος.

2275 3889 2426 3944 ΟΡΘ.
2467 3889 2570 3944 ΙἸθι
2603 3889 2713 3961 (51)
2743 3888 3031 3961 τοιγαροῦν
3063 3888 3158 3942 καὶ
3195 3887 3330 3960 πρὸς
3357 3887 3425 3941 τά
3457 3886 3637 3940 λοιπά.
3676 3887 3774 3939 Βε-

2207 3981 2466 4052 ϐαιοτέρα
2496 3981 2605 4052 γάρ
2644 3997 2726 4034 σοι
2763 3979 2982 4043 πάντως
3010 3980 3040 4049 ἡ
3065 3980 3192 4050 περὶ
3221 3978 3411 4031 τούτου
3451 3977 3578 4042 δόξα
3608 3978 3772 4046 γενή-

2209 4090 2380 4132 σεται.
2413 4073 2578 4141 Λέγει
2623 4073 2734 4143 γὰρ
2781 4072 2944 4125 πάλιν
2983 4073 3010 4124 6
3047 4072 3155 4124 τῶν
3182 4070 3316 4124 ὅλων
3340 4069 3472 4133 Θεός
3495 4086 3508 4099 ·
3538 4089 3558 4121 ‹
3591 4069 3776 4133 ’Δπαξ

2206 4164 2397 4233 ὤμοσα
2432 4166 2489 4217 ὲν
2523 4164 2600 4234 τῷ
2633 4165 2773 4234 ἁγίῳ
2813 4181 2942 4234 μου,
2974 4164 3023 4214 εἰ
3050 4161 3127 4232 τῷ
3164 4161 3327 4215 Δαϐἰδ
3362 4161 3655 4231 ψεύσομαι.
3700 4160 3777 4213 Τὸ

2209 4255 2431 4326 σπέρμα
2463 4253 2626 4308 αὐτοῦ
2667 4255 2747 4318 εἰς
2795 4254 2886 4307 τὸν
2941 4252 3113 4307 αἰῶνα
3167 4255 3346 4324 μενεῖ,
3390 4251 3485 4305 καὶ
3518 4253 3547 4304 6
3587 4250 3777 4321 θρόνος

2208 4348 2373 4401 αὐτοῦ
2421 4347 2496 4410 ὡς
2543 4348 2572 4399 6
2600 4347 2752 4418 ἥλιος
2791 4345 3034 4400 ἐναντίον
3071 4363 3210 4416 μου,
3249 4347 3342 4399 καὶ
3382 4345 3458 4408 ὼς
3498 4345 3533 4416 ή
3577 4344 3775 4416 σελήνη

2209 4439 2622 4513 κατηρτισμένη
2661 4441 2740 4502 εἰς
2776 4438 2866 4492 τὸν
2904 4437 3093 4492 αἰῶνα.
3145 4457 3163 4489 ι
3209 4437 3316 4491 Καὶ
3357 4437 3419 4490 τὸ
3447 4435 3646 4506 ἀληθὲς
3675 4434 3780 4505 τῆς

2142 4509 2184 4563 D
2209 4529 2542 4596 ἐπαγγελίας
2565 4509 2778 4593 δεικνὺς
2810 4530 3060 4602 ἐπήγαγε
3078 4545 3092 4559 ο
3130 4548 3148 4581 ι
3179 4525 3288 4582 Καὶ
3313 4529 3342 4580 6
3379 4527 3588 4600 μάρτυς
3612 4528 3669 4581 ὲν
3687 4527 3783 4581 οὒ-

2216 4620 2359 4691 ρανῷ
2392 4620 2602 4684 πιστός.
2637 4641 2655 4674 ο

2284 4712 2487 4765 ΕΡΑΝ.
2543 4712 2665 4783 Χρὴ
2721 4714 2834 4774 τοῖς
2895 4712 3051 4784 παρὰ
3091 4713 3186 4766 τοῦ
3242 4712 3434 4766 πιστοῦ
3502 4713 3784 4782 μάρτυρος

538 4796 809 4851 suntsine
844 4796 1188 4853 dubitatione
1239 4800 1482 4854 credere.
1524 4801 1658 4854 Nam
1697 4800 1741 4855 si
1794 4801 2104 4857 hominibus

2210 4803 2640 4875 ἐπηγγελμένοις
2685 4805 3073 4867 ἀνενδοιάστως
3119 4805 3416 4858 πιστεύειν.
3451 4805 3513 4857 Εἰ
3551 4803 3660 4874 γὰρ
3687 4805 3786 4856 ἀν-

539 4888 632 4956 qui
658 4889 884 4957 polliciti
914 4898 1040 4942 sunt
1069 4905 1126 4945 se
1151 4907 1280 4945 vera
1303 4891 1548 4946 dicturos
1585 4908 1726 4957 esse,
1751 4893 1964 4947 etiamsi
1998 4908 2104 4947 non

2214 4895 2456 4967 θρώποις
2484 4895 2766 4968 ἀληθεύειν
2789 4895 3241 4966 ὲπηγγελμένοις,
3267 4896 3368 4950 κᾶν
3387 4897 3463 4967 μὴ
3493 4895 3788 4967 βεϐαιῶσιν

540 4980 741 5033 addant
788 4981 974 5035 verbis
1030 4982 1145 5035 suis
1189 4983 1584 5051 juramentum,
1643 4983 1804 5038 ﬁdem
1850 4985 2104 5040 adhibere

2211 4985 2359 5056 ὅρκῳ
2399 4986 2527 5049 τοὺς
2565 4986 2759 5054 λόγους
2783 5029 2798 5052 ,
2845 4987 3123 5040 πιστεύειν
3158 4986 3452 5056 εἰώθαμεν,
3497 4986 3579 5050 τίς
3609 4985 3790 5050 οὕτως

541 5071 802 5133 solemus,
822 5075 946 5140 quis
976 5079 1059 5127 est
1085 5073 1222 5126 adeo
1238 5088 1430 5126 vecors
1458 5075 1817 5138 etattonitus,
1842 5083 1901 5128 ut
1925 5090 2104 5128 rerum

2215 5076 2600 5146 ὲμϐρόντητος,
2629 5077 2703 5140 ὡς
2749 5078 3046 5147 ἀπιστῆσαι
3083 5078 3160 5148 τῷ
3187 5079 3388 5148 Ποιητῇ
3417 5077 3510 5130 τοῦ
3548 5075 3751 5140 παντὸς
3770 5117 3787 5140 ,

542 5159 788 5212 omnium
819 5161 1104 5217 Conditori
1129 5163 1506 5233 juramentum
1554 5163 1923 5232 interponenti
1947 5164 2104 5220 ﬁdem

2213 5164 2376 5234 ὅρκον
2429 5165 2723 5218 ἐπιτιθέντι
2767 5169 2881 5229 τοῖς
2928 5166 3144 5234 λόγοις;
3191 5167 3250 5219 '0
3284 5166 3396 5236 γὰρ
3436 5167 3564 5228 τοῖς
3603 5165 3791 5229 ἀλλοις

541 5266 652 5304 non
678 5249 918 5306 habeat?
950 5254 1052 5320 Qui
1075 5254 1222 5309 enim
1253 5254 1392 5308 alios
1410 5255 1596 5324 jurare
1619 5261 1787 5318 vetat,
1814 5265 1872 5310 ut
1895 5256 2104 5311 consilii

2216 5256 2575 5328 ἀπαγορεύων
2627 5257 2893 5328 ὀμνύναι,
2953 5258 3014 5311 τό
3056 5257 3393 5328 ἀμετάθετον
3435 5258 3531 5326 τῆς
3587 5254 3792 5325 βουλῆς

544 5340 629 5393 sui
691 5341 1127 5398 immobilitatem
1183 5343 1519 5407 ostenderet,
1571 5341 1713 5397 sicut
1762 5343 1926 5397 etiam
1977 5343 2104 5399 dicit

2219 5349 2419 5415 αὐτοῦ,
2461 5349 2604 5403 καθά
2648 5365 2781 5419 φησι
2827 5349 2922 5402 καὶ
2965 5351 2992 5401 ό
3046 5349 3389 5413 ’Λπόστολος,
3435 5347 3793 5418 ἐμεσίτευσεν

545 5429 862 5498 Apostolus,
901 5435 1284 5503 jusjurandum
1316 5434 1676 5504 interposuit,
1703 5453 1721 5486 ‹
1747 5435 1814 5492 Ut
1848 5451 1948 5505 per
1979 5437 2104 5492 duas

2219 5441 2402 5512 ὅρκῳ,
2445 5457 2463 5491 ι
2525 5440 2641 5492 Ἵνα
2683 5440 2770 5493 διὰ
2803 5439 2897 5493 δύο
2945 5441 3286 5510 πραγμάτων
3326 5438 3678 5511 ἀμεταθέτων
3732 5438 3797 5489 ἐν

548 5535 637 5575 res
660 5519 985 5586 immobiles,
1008 5525 1208 5593 quibus
1232 5527 1569 5596 impossibile
1587 5537 1669 5582 est
1686 5527 1903 5582 mentiri
1923 5528 2104 5593 Deum,

2221 5525 2302 5593 οἷς
2347 5529 2604 5584 ἀδύνατον
2646 5528 2948 5598 ψεύσασθαι
2974 5529 3138 5600 Θεὸνι,
3186 5529 3413 5601 ἰσχυρὰν
3445 5525 3800 5599 παράκλησιν

622 5676 671 5707 ⁷⁸
701 5677 834 5730 Psal.
890 5693 1147 5743 cxxxvm,
1173 5682 1223 5733 5.
1303 5682 1490 5735 7"Ibid.
1514 5683 1697 5738 29—50.
1789 5683 1835 5713 ⁷⁸
1866 5681 1999 5737 Ibid.
2035 5683 2230 5739 56-58.

625 5833 734 5901 (51)
777 5830 877 5886 liii.
927 5834 1082 5886 Rom.
1131 5844 1182 5887 et
1211 5834 1354 5904 Lips.
1394 5835 1518 5889 ἴσθι.
