4006 6202
264 246 340 308 r5
1331 238 1708 301 DIALOGUS
1745 234 1902 304 1.-
1940 234 2467 298 IMMU’I‘ABILIS.
3138 212 3165 229 ’
3459 235 3529 298 cs

266 353 488 422 ἔχωμεν
516 347 565 401 οί
593 345 1003 416 καταφυγόντες
1037 344 1311 418 κρατῆσαι
1345 346 1446 417 τῆς
1485 343 1854 416 προκειμένης

1980 342 2191 396 'alidam
2217 341 2651 397 consolationem
2687 340 3010 407 habeamus,
3047 342 3141 413 qui
3181 343 3530 416 confugimus

264 439 512 501 ἐλπίδος.
548 455 569 488 ο

342 528 494 582 ΟΡθ.
518 525 582 579 Et
602 525 788 579 τοίνυν
801 523 1224 596 ἀναμφιλέκτως
1246 521 1451 594 ἀληθὴς
1481 524 1514 593 ή
1540 521 1852 592 ὑπόσχεσις,

262 620 369 692 οὐχ
397 617 618 690 δρῶμεν
644 616 702 669 δὲ
742 619 895 687 παρὰ
930 615 1236 678 Ἰουδαίοις,
1268 614 1392 667 οὔτε
1427 614 1488 666 τὸ
1512 614 1670 682 γένος
1694 652 1709 675 ,
1731 610 1854 665 οὗτε

267 710 371 782 τὴν
414 708 700 780 βασιλείαν
744 706 838 761 τοῦ
891 709 1174 778 προφήτου
1218 705 1420 770 Δαϐὶδ,
1473 703 1855 774 πιστεύσωμεν

266 799 546 874 ἀριδήλως
565 799 660 853 τὸν
683 799 892 870 Κύριον
930 797 1088 868 ἡμῶν
1135 796 1341 868 Ἰησοῦν
1363 796 1599 866 Χριστὸν
1633 797 1854 865 σπέρμα

265 891 364 945 τοῦ
397 889 565 943 Δαϐὶδ
592 889 736 943 κατὰ
773 890 837 943 τὸ
878 888 1220 960 ἀνθρώπινον
1259 888 1642 959 ὀνομάζεσθαι.
1686 888 1857 951 Αύτδς

268 983 385 1055 γὰρ
420 983 537 1052 ἔχει
564 984 661 1034 καὶ
687 980 786 1052 τὴν
811 980 959 1052 ζωὴν
987 980 1085 1035 καὶ
1108 981 1207 1052 τὴν
1232 979 1515 1051 βασιλείαν
1543 978 1781 1032 αἰώνιον.

347 1078 560 1133 EPAN.
613 1076 728 1130 οὐκ
768 1075 1138 1145 ἐνδοιάζομεν,
1189 1074 1305 1129 ἀλλ’
1337 1074 1480 1128 οὕτω
1516 1072 1671 1126 ταῦτ’
1711 1072 1855 1142 ἔχειν

266 1169 671 1243 δμολογοῦμαι.

340 1263 499 1316 υΡΘ.
543 1261 787 1333 Ἀπόχρη
832 1261 931 1331 μὲν
965 1257 1059 1315 οῦν
1106 1260 1202 1313 καὶ
1250 1258 1426 1313 ταῦτα
1462 1258 1633 1323 δεῖξαι
1671 1257 1859 1328 σαφῶς

267 1354 365 1408 τοῦ
392 1355 531 1407 Θεοῦ
561 1354 656 1407 καὶ
682 1353 938 1422 Σωτῆρος
970 1350 1149 1423 ήμῶν,
1180 1351 1249 1421 ἢν
1281 1350 1572 1421 ἀνείληφεν
1597 1351 1662 1403 ὲκ
1692 1348 1861 1419 σπέρ-

272 1463 451 1517 ματος
513 1444 714 1507 Δαϐὶδ,
749 1442 1169 1514 άνθρωπότητα.
1217 1440 1332 1494 Ἵνα
1360 1440 1418 1494 δὲ
1444 1443 1510 1511 τῇ
1544 1439 1653 1492 τῶν
1681 1438 1860 1492 πλειό-

266 1555 381 1592 νων
415 1535 694 1608 μαρτυρίᾳ
723 1536 904 1589 πᾶσαν
926 1533 1194 1604 διχόνοιαν
1217 1533 1587 1603 ὲξελάσωμεν,
1610 1530 1859 1585 ἀκούσω-

272 1646 378 1700 μεν
422 1628 520 1681 τοῦ
562 1626 703 1679 Θεοῦ
753 1625 844 1679 διὰ
878 1626 979 1697 τῆς
1010 1624 1103 1678 τοῦ
1166 1625 1400 1677 Ἡσαΐου
1434 1622 1527 1676 τοῦ
1578 1623 1858 1694 προφήτου

1954 434 2021 488 ad
2051 434 2338 488 tenendam
2364 434 2698 503 propositam
2727 449 2879 504 spem
2909 435 2978 487 ⁷⁷.
3012 454 3030 486 ι

2023 524 2233 578 ORTH.
2289 524 2346 579 Si
2398 540 2528 595 ergo
2560 525 2679 580 sine
2708 525 3084 581 controversia
3124 541 3254 581 vera
3283 537 3368 582 est
3396 543 3532 597 pro-

1955 617 2162 681 missio,
2209 624 2265 671 et
2314 618 2460 687 apud
2505 618 2725 673 Iudaeos
2771 634 2876 672 nec
2920 634 3114 689 genus,
3167 634 3271 675 nec
3300 634 3531 690 regnum

1955 708 2173 763 Davidis
2205 710 2488 779 prophetae
2520 711 2822 774 cernimus,
2854 711 3145 765 credamus
3170 710 3317 764 baud
3341 710 3530 774 dubie.

1956 802 2244 857 Dominum
2272 812 2520 858 nostrum
2557 803 2742 858 Jesum
2769 803 3049 858 Christum
3086 819 3270 858 semen
3310 803 3536 858 Davidis

1956 892 2260 947 secundum
2290 893 2587 948 humanam
2622 903 2876 948 naturam
2917 895 3203 965 appellari.
3235 896 3354 965 Ipse
3384 896 3535 950 enim

1956 991 2013 1036 et
2033 982 2199 1035 vitam
2231 991 2287 1037 et
2317 998 2547 1055 regnum
2577 985 2745 1039 habet
2765 994 3051 1040 aeternum.

2029 1074 2237 1129 EBAN.
2264 1075 2383 1131 Non
2408 1074 2747 1141 dubitamus,
2798 1077 2894 1132 sed
2941 1077 3058 1133 haec
3104 1077 3181 1133 ita
3225 1093 3285 1133 se
3329 1078 3534 1134 habere

1956 1164 2241 1219 conﬁteor.

2028 1256 2235 1312 ORTII.
2258 1257 2611 1314 Suﬂiciebant
2635 1260 2803 1331 igitur
2828 1260 2944 1315 haec
2968 1260 3188 1330 quidem
3220 1259 3287 1314 ad
3310 1259 3539 1315 demon—

1958 1349 2234 1403 strandam
2256 1351 2352 1405 Dei
2381 1358 2437 1405 et
2460 1351 2760 1407 Salvatoris
2783 1354 2978 1417 nostri,
3011 1369 3175 1423 quam
3220 1369 3286 1408 ex
3327 1352 3538 1409 semine

1958 1440 2179 1495 Davidis
2200 1442 2516 1513 assumpsit,
2547 1444 2965 1499 humanitatem.
2991 1445 3200 1500 Tamen
3218 1453 3277 1499 ut
3295 1446 3539 1515 plurium

1960 1532 2274 1587 testimonio
2316 1550 2534 1589 omnem
2585 1535 2983 1592 dubitationem
3040 1537 3314 1602 tollamus,
3367 1537 3541 1592 Deum

1959 1621 2266 1688 audiamus,
2319 1622 2450 1676 dum
2500 1624 2607 1695 35
2652 1625 2803 1682 Isaia:
2845 1626 3130 1696 propheta:
3156 1643 3293 1681 voce
3324 1625 3544 1681 ‘factas

272 1692 460 1791 φωνῆς
486 1720 595 1773 τῶν
634 1718 773 1790 πρὸς
796 1718 888 1772 τὸν
917 1692 1082 1770 Ᾰαϐὶδ
1106 1717 1453 1787 ὑποσχέσεων
1491 1734 1594 1787 μνη
1605 1692 1859 1786 μονεύον-

1980 1714 2155 1768 )avidi
2183 1715 2612 1785 pollicitationes
2637 1727 3047 1773 commemorat.
3079 1738 3097 1771 ι
3124 1719 3338 1774 Feriam
3370 1719 3539 1783 enim,

262 1830 386 1877 τος.
427 1831 445 1865 ι
477 1810 731 1882 Διαθήσω
747 1810 878 1880 γάρ,
909 1809 1096 1880 φησὶν,
1121 1808 1252 1879 ὑμῖν
1273 1807 1535 1879 διαθήκην
1559 1806 1796 1861 αἰώνιον.
1836 1825 1856 1858 ι

274 1905 397 1958 Καὶ
423 1903 631 1965 δεικνὺς
652 1902 745 1955 τὸν
768 1900 1067 1971 νομοθέτην
1094 1901 1339 1970 ἐπήγαγε
1366 1915 1380 1929 ·
1416 1920 1435 1950 ι
1485 1898 1572 1951 Τὰ
1601 1899 1723 1951 ὅσια
1756 1898 1863 1949 Δα-

274 1995 378 2049 ϐὶδ
420 1995 488 2048 τὰ
525 1994 708 2048 πιστά.
750 2012 768 2045 ι
841 1991 1064 2063 Ἐπειδὴ
1094 1991 1201 2061 γὰρ
1231 1988 1406 2042 ταῦτα
1440 1988 1518 2060 τῷ
1558 1988 1722 2042 Δαϐὶδ
1756 1989 1863 2041 ὑπ-

272 2085 502 2154 έσχετο,
530 2084 624 2136 καὶ
655 2082 739 2136 διὰ
758 2080 855 2135 τοῦ
896 2081 1121 2136 Ἡσαΐου
1145 2078 1446 2150 ἐφθέγξατο
1464 2122 1479 2146 ,
1512 2079 1607 2132 καὶ
1641 2080 1867 2152 περανεῖ

274 2176 384 2247 τὴν
421 2177 728 2245 ὑπόσχεσιν,
759 2176 869 2228 Καὶ
893 2174 963 2227 τὰ
995 2173 1125 2243 ἑξῆς
1160 2172 1216 2226 δὲ
1246 2173 1345 2243 τῆς
1377 2171 1716 2243 προφητείας
1738 2169 1863 2222 τού-

268 2284 394 2331 τοις
425 2267 548 2319 ἐστὶ
579 2265 811 2338 συνῳδὰ.
848 2265 1013 2334 Λέγει
1048 2265 1159 2336 γάρ
1179 2281 1193 2295 ’
1232 2283 1251 2315 ι
1308 2263 1440 2317 Ἰδοὺ
1471 2262 1775 2334 μαρτύριον
1805 2262 1864 2315 ὲν

268 2356 458 2410 ἔθνεσι
497 2356 711 2410 δέδωκα
745 2356 930 2417 αὐτὸν,
966 2356 1206 2426 ἄρχοντα
1236 2355 1331 2408 καὶ
1362 2354 1773 2425 προστάσσοντα
1806 2353 1864 2405 ὲν

268 2450 509 2504 ἔθνεσιν.
547 2449 681 2503 Ἰδοὺ
726 2447 914 2517 ἐθνηᾶ
950 2449 1053 2502 οὐκ
1103 2446 1281 2501 οἴδασί
1327 2464 1386 2499 σε
1445 2443 1900 2499 ὲπικαλέσονταί.

275 2560 361 2608 σε,
398 2544 492 2597 καὶ
520 2542 646 2595 λαοὶ
686 2540 738 2594 οἶ
768 2541 869 2594 ούκ
901 2538 1225 2593 ἐπίστανταί
1270 2555 1331 2593 σε
1374 2539 1468 2591 ἐπὶ
1502 2538 1561 2591 σὲ
1590 2536 1867 2607 καταφεύ·

274 2635 490 2700 ξονται.
532 2652 552 2685 ι
589 2632 778 2686 Ταῦτα
820 2631 880 2685 δὲ
921 2631 1099 2685 οὐδενὶ
1140 2631 1249 2684 τῶν
1281 2632 1345 2684 ἐκ
1372 2630 1539 2683 Δαϐἰδ
1573 2631 1862 2701 ἁρμόττει.

274 2725 383 2787 Τίς
416 2723 527 2794 γάρ
563 2722 669 2777 τῶν
712 2724 777 2775 ἐκ
831 2719 1017 2784 Δαϐὶδ,
1056 2720 1198 2773 κατὰ
1233 2718 1324 2771 τὸν
1383 2718 1637 2782 Ἡσαΐαν,
1677 2717 1863 2787 ἄρχων

278 2813 463 2868 ἐθνῶν
509 2811 788 2884 ἀνεδείχθη
817 2829 832 2877 ;
872 2812 1010 2865 Ποῖα
1041 2810 1100 2863 δὲ
1139 2809 1269 2881 ἔθνη
1297 2808 1420 2862 τινὰ
1451 2808 1559 2861 τῶν
1605 2808 1666 2860 ὲκ
1699 2806 1867 2861 Δαϐὶδ

277 2902 375 2960 οἷα
406 2905 473 2978 δὴ
501 2904 632 2959 Θεὸν
660 2902 1065 2957 ἐπεκαλέσαντο
1094 2899 1517 2971 προσευχόμενα
1541 2917 1557 2964 ;

354 2996 560 3051 ΕΡΔΝ.
615 2996 752 3066 Περὶ
799 2994 910 3047 τῶν
962 2991 1214 3063 ἐναργῶν
1271 2991 1333 3043 οὗ
1386 2991 1655 3061 προσήκει
1689 2987 1865 3059 μηκύ-

278 3106 397 3145 νειν
423 3104 437 3117 ⁸
474 3087 567 3141 καὶ
597 3085 774 3140 ταῦτα
806 3084 913 3155 γὰρ
949 3083 1165 3154 άληθῶς
1197 3081 1275 3153 τῷ
1324 3083 1574 3154 Δεσπύτῃ
1620 3081 1864 3152 προσῆκε

280 3182 530 3254 Χριστῷ.

352 3276 513 3331 ΟΡΘ.
556 3273 766 3328 Οὐκοῦν
795 3273 874 3336 είς
910 3270 1104 3343 ἑτέραν
1155 3267 1483 3340 μεταϐῶμεν
1519 3265 1869 3338 προφητικήν

284 3369 627 3442 μαρτυρίαν,
671 3367 767 3420 καὶ
800 3364 895 3419 τοῦ
931 3361 1100 3418 αὐτοῦ
1129 3361 1412 3434 προφήτου
1464 3360 1719 3428 λέγοντος
1767 3359 1869 3410 ἐπ-

280 3460 647 3532 ακούσωμεν·
704 3478 724 3510 ι
799 3454 1172 3524 Ἐξελεύσεται
1225 3452 1421 3524 ῥάϐδος
1473 3454 1538 3505 ὲκ
1580 3446 1679 3522 τῆς
1712 3447 1871 3522 ῥίζης

289 3553 507 3609 Ἰεσσαὶ
537 3552 672 3624 (5‘2),
705 3551 802 3605 καὶ
832 3548 990 3613 ἄνθος
1018 3547 1084 3600 ὲκ
1116 3545 1215 3616 τῆς
1248 3545 1406 3615 ῥίζης
1443 3541 1803 3613 ἀναϐήσεται.
1847 3557 1867 3593 ι

356 3644 569 3699 EPAN.
592 3641 808 3712 Ταύτην
828 3636 980 3710 οἶμαι
1002 3637 1100 3708 τὴν
1134 3635 1473 3707 προφητείαν
1493 3633 1622 3704 περὶ
1650 3632 1745 3686 τοῦ
1775 3632 1873 3685 Ζο-

280 3734 530 3809 ροϐάϐελ
562 3731 915 3804 γεγενῆσθαι.

358 3831 519 3886 ΟΡΘ.
559 3830 685 3882 Ἐάν
708 3828 820 3899 (53)
853 3827 947 3880 καὶ
967 3823 1077 3877 τῶν
1111 3823 1240 3892 ἑξῆς
1267 3820 1604 3891 ἐπακούσῃς,
1635 3818 1737 3872 οὐκ
1772 3817 1873 3887 έμ-

278 3925 484 3997 μενεῖς
518 3938 611 3977 σου
647 3924 714 3991 τῇ
749 3919 898 3991 δόξῃ.
932 3916 1090 3971 Οὕτω
1130 3916 1240 3986 γὰρ
1272 3912 1397 3968 οὕτε
1442 3912 1685 3965 Ἰουδαῖοι
1714 3907 1873 3978 τήνδε

278 4018 394 4087 τὴν
422 4013 726 4084 πρὸῥρησιν
750 4010 1091 4080 νενοήκασιν.
1109 4007 1337 4075 Ἐπάγει
1361 4006 1471 4075 γὰρ
1499 4005 1527 4056 ὁ
1554 4002 1840 4075 προφήτης
1858 4015 1872 4030 ⁸

284 4125 307 4159 ε
352 4106 480 4159 Καὶ
539 4100 986 4156 ὲπαναπαύσεται
1050 4098 1137 4151 ἐπ’
1192 4096 1358 4151 αὐτὸν
1411 4094 1637 4164 Πνεῦμα
1699 4090 1876 4158 Θεοῦ,

1964 1804 2178 1874 inquit,
2233 1808 2519 1863 vobiscum
2575 1817 2797 1879 pactum
2856 1812 3256 1879 sempiternum
3297 1809 3364 1865 τ’.
3405 1830 3425 1862 ι
3474 1811 3545 1866 Ει

1963 1898 2260 1952 ostendens
2290 1900 2870 1970 legislatorem,addit,
2900 1921 2916 1951 ι
2938 1901 3133 1956 Sancta
3164 1903 3385 1957 Davidis
3405 1905 3543 1961 ﬁde-

1963 1986 2036 2041 lia
2054 1988 2139 2041 ⁷⁸·.
2162 2007 2182 2039 ι
2210 1987 2347 2055 Quia
2376 1996 2491 2045 tunc
2516 1990 2709 2045 Davidi
2735 1991 3007 2059 promisit,
3032 2001 3089 2046 et
3117 2009 3215 2062 per
3241 1994 3436 2048 Isaiam
3459 1996 3541 2050 lo-

1964 2085 2125 2132 cutus
2143 2087 2246 2143 est,
2274 2082 2695 2150 promissionem
2722 2083 2902 2151 reipsa
2928 2082 3193 2151 perﬁciet.
3214 2083 3321 2140 Sed
3351 2095 3546 2157 etquae

1964 2168 2227 2241 deinceps
2270 2173 2326 2226 in
2370 2174 2663 2243 prophetia
2714 2183 3024 2243 sequuntur
3075 2176 3161 2230 his
3207 2191 3542 2249 congruunt.

1963 2262 2107 2318 Dicit
2136 2264 2283 2318 enim
2311 2283 2323 2319 :
2362 2285 2382 2315 ‹
2409 2265 2550 2321 Ecce
2578 2266 2954 2321 testimonium
2984 2267 3128 2322 inter
3152 2270 3385 2339 populos
3408 2286 3545 2325 con-

1964 2355 2116 2409 stitui
2155 2372 2305 2422 eum,
2341 2357 2538 2413 ducem
2579 2374 2644 2415 ac
2678 2369 3073 2429 praeceptorem
3099 2362 3374 2431 gentibus.
3405 2362 3547 2417 Ecce

1963 2457 2153 2518 gentes
2174 2466 2296 2519 quae
2330 2465 2441 2504 non
2469 2459 2745 2505 noverunt
2777 2459 2828 2505 te
2860 2450 3195 2505 invocabant
3225 2458 3277 2505 te
3302 2491 3316 2515 ,
3364 2460 3420 2506 et
3449 2467 3549 2521 po-

1964 2538 2079 2607 puli
2109 2539 2203 2609 qui
2231 2549 2282 2594 te
2315 2540 2572 2594 nesciunt
2606 2540 2673 2594 ad
2704 2548 2756 2594 te
2793 2539 3112 2615 confugient
3135 2541 3202 2594 τ’.
3237 2560 3254 2592 ι
3293 2541 3418 2596 Haec
3446 2556 3547 2595 au-

1967 2635 2074 2683 tem
2106 2630 2241 2684 nulli
2262 2646 2328 2685 ex
2358 2631 2596 2700 posteris
2618 2631 2841 2687 Davidis
2861 2632 3215 2687 conveniunt.
3240 2631 3374 2698 Quis
3399 2633 3548 2687 enim

1965 2735 2031 2775 ex
2068 2722 2320 2791 prosapia
2356 2722 2581 2779 Davidis
2609 2723 2720 2778 dux
2743 2723 3010 2795 gentium,
3046 2733 3106 2778 ut
3134 2724 3326 2779 scribit
3357 2725 3546 2790 Isaias,

1969 2811 2301 2865 constitutus
2322 2821 2406 2866 est
2430 2812 2454 2865 ?
2488 2828 2608 2883 quae
2628 2829 2796 2883 porro
2819 2822 3010 2884 gentes
3030 2814 3269 2883 aliquem
3292 2830 3322 2869 a
3345 2814 3550 2871 Davide

1876 2944 1887 2956 .
1966 2903 2264 2958 oriundum
2294 2902 2505 2958 orando
2540 2912 2800 2974 tanquam
2831 2904 3001 2958 Deum
3042 2904 3412 2961 invocarunt?

2039 2996 2245 3051 ERAN.
2276 2997 2354 3052 De
2388 2996 2556 3051 rebus
2590 2996 2895 3051 manifestis
2918 3012 3026 3051 non
3058 3006 3142 3053 est
3165 2997 3417 3067 pluribus
3441 2997 3553 3053 dis-

1968 3089 2293 3155 serendum;
2356 3088 2473 3143 haec
2522 3087 2671 3143 enim
2720 3088 3005 3144 verissime
3050 3089 3269 3146 Christo
3321 3091 3553 3147 Domino

1969 3189 2295 3249 congruunt.

2041 3271 2249 3328 OIl'I‘H.
2294 3272 2376 3329 Ad
2418 3273 2567 3329 aliud
2596 3289 2729 3345 ergo
2761 3275 3146 3346 prepheticum
3176 3273 3554 3329 testimonium

1973 3372 2339 3428 transeamus,
2368 3365 2737 3435 eumdcmquc
2779 3367 3104 3436 prephetam
3136 3366 3414 3421 dicentem
3451 3380 3554 3420 au-

1974 3452 2190 3508 diamus
2224 3472 2236 3507 :
2282 3473 2300 3505 ‹
2333 3454 2661 3525 Egredietur
2688 3453 2840 3524 virga
2874 3469 2904 3509 e
2952 3453 3137 3509 radice
3166 3454 3320 3509 Jesse
3370 3461 3426 3508 et
3456 3452 3559 3508 tios

1973 3558 2004 3598 e
2032 3544 2214 3599 radice
2238 3546 2527 3614 proveniet
2547 3543 2613 3598 ⁸ο.
2658 3564 2676 3596 ι

2046 3635 2253 3688 ERAN.
2290 3636 2441 3688 Hanc
2467 3649 2568 3703 ego
2602 3634 2948 3702 prophetiam
2980 3633 3049 3688 de
3079 3632 3414 3688 Zorobabele
3436 3629 3559 3685 edi-

1976 3732 2086 3778 tam
2115 3740 2236 3778 esse
2271 3723 2532 3777 arbitror.

2048 3816 2258 3873 ORTII.
2296 3806 2364 3870 Si
2412 3814 2576 3869 etiam
2621 3812 2908 3883 sequentia
2954 3812 3254 3878 audiveris,
3288 3828 3398 3867 non
3432 3828 3561 3882 per-

1978 3907 2228 3962 manebis
2261 3907 2316 3961 in
2352 3915 2444 3962 tua
2481 3905 2762 3976 opinione.
2804 3905 2897 3960 Sic
2937 3905 3085 3959 enim
3113 3920 3217 3960 nec
3255 3905 3357 3976 ipsi
3388 3904 3560 3961 Judaei

1978 4000 2123 4056 hanc
2170 4000 2584 4071 praedictionem
2639 3999 2982 4056 intellexere.
3040 3998 3209 4053 Addit
3249 3999 3397 4054 enim
3435 4014 3565 4070 pro-

1979 4094 2145 4165 pheta
2175 4110 2188 4147 :
2222 4112 2240 4145 ι
2277 4093 2347 4148 Et
2367 4093 2678 4163 requiescet
2697 4106 2864 4161 super
2886 4106 3014 4145 eum
3045 4089 3288 4159 Spiritus
3320 4091 3560 4155 Domini,

284 4194 532 4265 πνεῦμα
563 4193 753 4262 σοφίας
792 4192 889 4245 καὶ
951 4189 1241 4252 συνέσεως,
1288 4186 1507 4258 πνεῦμα
1537 4183 1731 4257 βουλῆς
1784 4183 1864 4237 καί

1981 4185 2210 4256 spiritus
2258 4184 2539 4255 sapientia
2574 4192 2631 4238 et
2676 4182 3009 4247 intellectus,
3071 4182 3295 4252 spiritus
3345 4182 3564 4237 consilii

288 4285 516 4358 ἰσχύος,
563 4283 776 4355 πνεῦμα
831 4280 1087 4351 γνώσεως
1141 4279 1236 4333 καὶ
1285 4277 1601 4340 εὐσεϐείας,
1657 4273 1864 4346 πνεῦμα

1980 4287 2037 4333 et
2088 4277 2451 4342 fortitudinis,
2496 4276 2727 4346 spiritus
2781 4274 3026 4331 scicntia:
3083 4282 3138 4330 et
3176 4275 3285 4346 36
3322 4275 3562 4344 pictatis,

287 4376 478 4447 φόϐου
504 4374 637 4428 Θεοῦ
666 4371 939 4444 ἐμπλήσει
984 4370 1167 4424 αὐτόν.
1206 4387 1226 4421 ι
1259 4367 1443 4422 Ταῦτα
1478 4368 1533 4422 δὲ
1557 4367 1658 4421 οὐκ
1698 4367 1764 4421 ἀν
1795 4382 1864 4429 τις

1984 4376 2041 4422 et
2092 4367 2329 4438 replebit
2375 4382 2504 4422 eum
2533 4366 2766 4438 spiritus
2791 4366 3008 4421 timoris
3036 4366 3251 4421 Domini
3286 4367 3350 4420 ⁸¹.
3386 4385 3406 4417 ι
3442 4365 3568 4421 Haec

286 4465 582 4537 ἀνθρώπῳ
625 4464 766 4536 ψιλῷ
807 4462 1240 4535 προσαρμόσειεδ
1283 4461 1378 4515 καὶ
1417 4458 1526 4531 γὰρ
1572 4461 1693 4532 τοῖς
1743 4457 1864 4527 ᾶγαι

1980 4475 2112 4516 vero
2158 4475 2323 4515 nemo
2354 4474 2594 4529 unquam
2646 4459 2797 4513 nudo
2838 4459 3046 4515 homini
3094 4458 3354 4515 tribuerit
3391 4478 3405 4513 :
3440 4474 3567 4513 nam

284 4558 487 4629 ἁγίοις
538 4558 676 4610 κατὰ
722 4554 987 4626 διαίρεσιν
1039 4552 1242 4607 δίδοται
1295 4552 1390 4605 τοῦ
1438 4549 1755 4622 Πνεύματος
1817 4548 1864 4603 τέ

1980 4554 2147 4609 etiam
2184 4552 2344 4608 valde
2398 4551 2604 4607 sanctis
2656 4566 2751 4621 per
2808 4550 3138 4607 divisionem
3177 4550 3380 4605 dantur
3424 4549 3568 4604 dona

285 4648 646 4720 χαρίσματα.
665 4646 780 4701 Καὶ
822 4647 1033 4718 μάρτυς
1062 4648 1090 4698 ὁ
1121 4644 1264 4705 θεῖος
1309 4641 1632 4706 ’Λπόστολος
1665 4640 1840 4711 λέγων
1865 4654 1880 4668 ⁸

296 4760 319 4793 ι
358 4734 449 4808 '9
478 4736 576 4808 μὲν
611 4736 721 4806 γὰρ
755 4734 960 4790 δίδοται
990 4732 1079 4787 διὰ
1127 4731 1220 4786 τοῦ
1254 4730 1575 4801 Πνεύματος
1607 4730 1764 4799 λόγος
1799 4746 1861 4782 σο

1992 4757 2009 4788 ι
2047 4737 2265 4793 Etenim
2296 4737 2388 4791 alii
2432 4736 2595 4790 datur
2645 4751 2744 4805 per
2775 4735 3045 4804 Spiritum
3073 4749 3258 4789 sermo
3291 4734 3573 4803 sapientiae

1983 4646 2243 4717 Spiritus,
2300 4653 2361 4699 ιιι
2419 4651 2652 4700 testatur
2703 4642 2931 4698 divinus
2974 4642 3290 4722 Apostolus,
3329 4641 3566 4696 dicens:

288 4834 464 4906 φίας,
484 4830 630 4902 ἄλλῳ
646 4830 702 4883 δὲ
730 4829 885 4899 λόγος
913 4826 1165 4896 γνώσεως
1184 4825 1325 4880 κατά
1345 4824 1406 4877 τὸ
1435 4824 1567 4877 αὐτὸ
1587 4822 1834 4894 Πνεῦμα,
1856 4842 1875 4873 ι

287 4926 404 4982 καὶ
435 4925 504 4977 τὰ
534 4923 680 4993 ἑξῆς.
722 4920 989 4975 Ἐνταῦθα
1022 4919 1079 4973 δὲ
1119 4920 1149 4972 ὁ
1194 4918 1485 4989 προφήτης
1512 4917 1602 4969 τὸν
1637 4917 1702 4968 ὲκ
1728 4915 1885 4985 ῥίζης

302 5014 524 5072 Ἰεσσαὶ
567 5013 953 5084 βλαστήσαντα
991 5011 1169 5074 πάσας
1201 5011 1425 5078 εἴρηκεν
1463 5007 1611 5079 ἔχειν
1657 5007 1756 5071 τὰς
1801 5008 1889 5059 ὲν-

289 5107 532 5181 εργείας
553 5104 647 5158 τοῦ
671 5102 809 5158 ιινεύ
819 5119 1009 5173 ματος.

374 5194 582 5252 ΕΡΔΝ.
624 5194 848 5258 Τούτοις
874 5192 1192 5247 ἀντιτείνειν
1225 5192 1390 5263 μανία
1420 5192 1614 5262 σαφής.

380 5290 537 5344 ΟΡΘ.
586 5288 799 5341 Οὐκοῦν
833 5288 1066 5343 ἄκουσον
1101 5287 1196 5340 καὶ
1245 5285 1355 5340 τῶν
1406 5285 1566 5356 ἑξῆς·
1608 5282 1729 5353 δψει
1781 5280 1890 5353 γὰρ

1991 4829 2082 4885 alii
2141 4839 2326 4884 autem
2389 4843 2570 4883 sermo
2638 4826 2884 4882 scientia:
2947 4824 3253 4881 secundum
3314 4824 3570 4879 eumdem

1993 4921 2257 4992 Spiritum
2272 4920 2339 4985 κ’,
2353 4939 2370 4970 ι
2398 4929 2455 4974 et
2476 4907 2696 4974 caetera.
2717 4918 2817 4973 IIic
2835 4932 2971 4973 vero
2992 4917 3260 4987 propheta
3281 4931 3405 4970 eum
3420 4915 3517 4985 qui
3539 4931 3577 4970 ο

1995 5009 2179 5065 radice
2207 5009 2356 5065 Iesse
2379 5009 2726 5078 germinavit,
2745 5023 2936 5067 omnes
2967 5005 3204 5076 Spiritus
3225 5005 3573 5075 operationes

1997 5100 2209 5175 habere
2231 5100 2484 5155 ailirmat.

2066 5190 2274 5246 ERAN.
2300 5180 2405 5245 ’IIis
2429 5188 2707 5244 adversari
2736 5195 2924 5259 aperta
2952 5194 3037 5241 est
3062 5184 3292 5240 insania.

2069 5282 2279 5340 ΟΒἸἮ.
2312 5283 2453 5338 Audi
2478 5298 2610 5354 ergo
2639 5282 2805 5337 etiam
2834 5279 3139 5351 sequentia.
3171 5276 3397 5332 Videbis
3425 5277 3574 5332 enim

379 5446 428 5479 ⁷⁷
463 5445 637 5502 Hebr.
678 5461 757 5514 τι,
797 5445 987 5500 17-18.
1062 5444 1109 5476 ⁷⁸
1137 5442 1246 5498 Isa.
1268 5458 1354 5507 LV,
1392 5441 1447 5495 ’5.
1519 5439 1586 5473 ⁷³⁸
1618 5438 1757 5494 Ibid.
1833 5438 1864 5469 ⁷¹

1980 5436 2046 5492 id.
2079 5438 2132 5501 4,
2159 5438 2208 5493 5.
2286 5436 2331 5469 ⁸⁸
2368 5436 2475 5491 Isa.
2505 5451 2562 5497 ιι.
2596 5435 2646 5489 I.
2721 5433 2764 5465 ⁸¹
2789 5434 2926 5489 Ibid.
2949 5434 3071 5489 2-5.
3114 5433 3161 5468 ⁸²
3188 5435 3358 5493 ICor.
3404 5452 3495 5499 xu,
3521 5441 3574 5490 8.

407 5587 497 5658 32)
546 5588 749 5642 Ἰεσσαὶ
778 5616 847 5627 -
871 5587 1045 5658 ῥίζης.
1090 5586 1216 5640 Des.
1248 5584 1304 5638 in
1343 5583 1433 5640 ed.
1461 5582 1619 5637 Rom.
1656 5588 1711 5635 ct
1740 5578 1888 5651 Lips.

282 5674 439 5730 quae
475 5674 692 5714 comma
739 5658 807 5714 ad
854 5658 1047 5728 ῥάϐδος
1088 5666 1329 5725 ponunt.

2075 5577 2185 5650 (55)
2225 5577 2443 5641 Ἐὰν,κ.
2478 5592 2527 5628 τ.
2560 5573 2609 5630 λ.
2638 5572 2793 5629 Conf.
2831 5587 2959 5632 tom.
2986 5575 3052 5643 II,
3086 5592 3138 5642 ι).
3179 5575 3285 5632 255
3319 5590 3434 5645 seq.
