4006 6202
448 209 512 272 6Ἱ
1433 202 1916 263 THEODORETI
1955 203 2290 262 EPISCOPI
2331 203 2693 262 CYRENSIS
3628 211 3701 273 63

447 327 504 376 in
552 321 637 376 his
657 319 904 390 quaedam
943 318 1236 372 humanam
1269 323 1516 369 naturam
1552 315 1894 369 excedentia.
1933 315 2024 370 Sic

2135 315 2303 368 κῦτῶν
2334 315 2448 368 ἔνια
2477 317 2569 368 καὶ
2597 316 2694 385 τὴν
2721 314 3065 384 ἀνθρωπείαν
3093 318 3487 389 ὑπερϐαίνοντα
3512 325 3700 393 φύσιν.

447 422 630 468 autem
657 411 825 464 dicit:
863 429 879 460 ι
912 411 1029 463 Νοιι
1047 407 1347 462 secundum
1365 407 1679 475 opinionem
1704 405 2020 476 'judicabit,

450 517 629 572 neque
663 501 964 555 secundum
1000 500 1198 554 famam
1229 508 1421 568 arguet
1450 516 1462 551 :
1496 497 1589 551 sed
1626 498 1911 568 injustitia
1934 499 2024 567 jus

447 594 597 649 dicet
626 593 841 656 humili,
874 602 928 646 et
956 601 1148 662 arguet
1179 592 1231 644 in
1257 590 1583 645 rectitudine
1605 589 1817 643 nobiles
1842 599 2020 652 terrze,

451 695 505 741 et
540 685 806 755 percutiet
843 692 1039 737 terram
1069 699 1324 738 sermone
1353 683 1467 736 oris
1499 682 1605 745 sui,
1637 691 1691 736 et
1715 681 1910 750 spiritu
1944 681 2024 734 la-

450 771 666 825 biorum
723 786 948 825 suorum
998 773 1294 825 interliciet
1348 770 1575 839 impium
1633 770 1698 823 ⁸³.
1740 790 1756 820 ι
1820 769 2025 823 Harum

450 863 866 932 praedictionum
895 872 1078 932 partes
1107 854 1353 932 quatdam
1379 862 1629 915 humana:
1648 871 1774 915 sunt
1795 870 2021 921 naturre,

451 958 696 1022 quaedam
731 955 928 1007 divinae
959 971 971 1006 :
1003 954 1215 1024 justitia
1253 954 1420 1016 enim,
1451 962 1507 1006 et
1540 953 1743 1005 veritas
1771 961 1826 1006 et
1858 952 2024 1005 recti-

452 1046 608 1106 tudo,
638 1056 693 1100 et
724 1047 942 1099 immota
976 1046 1029 1098 in
1069 1046 1370 1116 judicando
1393 1044 1700 1099 constantia
1729 1044 2025 1097 humanam

451 1139 709 1191 virtutem
736 1138 1035 1190 declarant.

523 1229 730 1282 ERAN.
779 1230 855 1282 Ex
907 1229 992 1282 his
1024 1235 1210 1297 aperte
1255 1227 1569 1289 didicimus,
1619 1225 1764 1296 quod
1818 1225 2024 1280 Christi

453 1322 750 1376 Salvatoris
775 1322 946 1375 nostri
979 1320 1274 1374 adventum
1296 1320 1561 1388 propheta
1589 1318 1920 1388 praedixerit.

524 1518 732 1573 ORTH.
775 1517 906 1584 Quae
949 1505 1853 1586 subsequunturinterpretationis
1879 1517 2026 1572 veri-

452 1617 620 1662 tatem
645 1610 955 1664 evidentius
983 1620 1032 1663 te
1068 1609 1364 1663 docebunt.
1393 1609 1557 1662 Addit
1585 1611 1729 1664 enim
1760 1628 1771 1662 :
1823 1630 1840 1661 ι
1875 1610 2026 1664 Tune

453 1695 615 1749 simul
651 1707 906 1764 paseetur
961 1699 1123 1766 lupus
1172 1712 1295 1750 cum
1355 1713 1494 1766 agno
1514 1698 1580 1762 “,
1623 1719 1639 1749 ι
1673 1708 1727 1753 et
1765 1716 1886 1769 quae
1936 1716 2026 1754 se-

453 1795 734 1855 quuntur;
762 1788 963 1856 quibus
994 1789 1154 1842 docet
1183 1798 1296 1842 tum
1332 1804 1543 1842 morum
1579 1791 2023 1860 discrepantiam,

453 1884 569 1928 tum
616 1875 742 1929 ﬁdei
779 1876 1152 1930 concordiam.
1177 1877 1256 1929 Ac
1292 1883 1489 1930 testem
1521 1878 1894 1947 praedictionis
1927 1881 2027 1934 ha-

452 1965 648 2019 bemus
675 1981 859 2020 rerum
889 1968 1308 2036 experientiam.
1333 1971 1464 2024 Nam
1494 1979 1550 2023 et
1575 1986 1670 2023 eos
1699 1972 1790 2039 qui
1821 1972 2029 2026 divitiis

452 2057 700 2121 aﬂluunt,
741 2068 796 2112 et
829 2074 924 2113 eos
952 2060 1045 2128 qui
1081 2076 1202 2114 cum
1233 2071 1555 2130 paupertate
1581 2063 1686 2132 37
1714 2063 2032 2119 conﬂictan-

457 2157 563 2210 tur,
613 2164 803 2202 servos
855 2165 918 2201 ac
970 2150 1242 2216 dominos,
1295 2153 1646 2221 magistratus
1670 2162 1725 2206 et
1758 2155 2027 2221 subditos,

454 2237 656 2290 milites
707 2246 763 2291 et
796 2239 1058 2306 privatos,
1108 2249 1162 2293 et
1185 2257 1277 2294 eos
1319 2242 1411 2310 qui
1437 2241 1589 2294 orbis
1616 2250 1884 2297 terrarum
1909 2260 2030 2299 sce-

454 2337 574 2398 ptra
623 2337 826 2392 tenent,
883 2346 1051 2384 unum
1080 2331 1282 2401 excipit
1312 2334 1612 2397 lavacrum,
1641 2350 1747 2387 una
1773 2336 2032 2392 omnibus

455 2419 684 2474 offertur
729 2421 997 2485 doctrina,
1035 2439 1142 2477 una
1181 2425 1439 2478 omnibus
1471 2425 1696 2496 mystica
1727 2443 1914 2481 mensa
1943 2428 2030 2482 in-

455 2511 708 2575 struitur,
741 2521 798 2565 et
836 2511 1068 2581 quilibet
1106 2515 1448 2570 credentium
1480 2518 1678 2588 aequali
1713 2525 1867 2588 parte
1901 2518 2033 2574 frui-

458 2606 566 2653 tur.

527 2692 734 2747 ERAN.
784 2692 890 2747 Sed
943 2694 1058 2749 haec
1095 2695 1267 2750 Deum
1301 2710 1443 2762 esse,
1487 2695 1555 2752 de
1608 2713 1718 2768 quo
1761 2699 2029 2769 pr0pheta

455 2783 720 2852 loquitur,
754 2782 1073 2837 ostendunt.

524 2872 875 2928 OBTll.Non
911 2875 1088 2928 solum
1119 2875 1310 2939 Deum,
1365 2875 1461 2931 sed
1509 2877 1674 2932 etiam
1729 2877 2026 2934 hominem.
2103 2868 2113 2879 ’

2124 409 2287 475 Λέγει
2313 406 2367 458 δὲ
2402 406 2607 469 οὕτως’
2649 425 2667 457 ι
2721 407 2793 458 Ού
2830 407 2970 460 κατὰ
2999 409 3098 478 τὴν
3131 411 3289 476 δόξαν
3332 419 3528 484 κρινεῖ,
3576 419 3704 472 οὐδὲ

2125 497 2265 554 κατὰ
2289 495 2382 567 τὴν
2414 497 2599 550 λαλιάν
2632 497 2869 565 ἐλέγξει·
2897 497 3033 551 ἀλλὰ
3065 505 3242 570 κρινεί
3290 504 3349 556 ὲν
3379 503 3708 579 δικαιοσύνῃ

2125 590 2364 658 ταπεινῷ
2415 591 2597 660 κρίσιν
2624 631 2638 654 ,
2676 591 2770 642 καλ⁵
2820 590 3028 657 ἐλέγξει
3074 593 3131 646 ἐν
3163 594 3417 662 aeson,“
3467 599 3592 662 τοὺς
3617 602 3707 652 ἐν.

2123 683 2308 748 δόξους
2337 683 2434 752 τῆς
2468 683 2570 750 γῆς
2599 722 2612 743 ,
2650 683 2743 734 καὶ
2789 683 3017 748 πατάξει
3069 686 3166 753 τὴν
3199 687 3304 754 γῆν
3334 689 3411 756 τῷ
3433 689 3572 760 λόγῳ
3603 691 3705 744 τοῦ

2128 775 2394 843 στόματος
2420 774 2606 831 αὑτοῦ,
2631 774 2724 826 καὶ
2747 773 2824 844 τῷ
2852 775 3124 844 πνεύματι
3165 777 3252 828 διὰ
3275 778 3501 847 χειλέων
3519 783 3711 834 ἀνελεῖ

2127 864 2217 916 τὸν
2251 863 2444 931 ἀσεϐῆ.
2497 883 2515 914 ι
2559 863 2776 916 Τούτων
2810 865 2866 916 δὲ
2909 865 3016 918 τῶν
3061 869 3452 937 προρρήσεων,
3498 871 3566 922 τά
3600 873 3710 939 μὲν

2127 954 2272 1005 ἐστιν
2301 953 2632 1022 ἀνθρώπεια,
2660 955 2741 1006 .τά
2763 953 2816 1006 δὲ
2848 953 2995 1006 θεῖσι·
3021 957 3053 1022 ἡ
3095 955 3192 1024 μὲν
3225 959 3335 1025 γάρ
3363 957 3707 1030 δικαιοσύνη,

2128 1046 2276 1115 καὶὴ
2311 1045 2563 1113 ἀλήθεια,
2603 1045 2698 1096 καὶ
2749 1044 2809 1096 τὸ
2849 1044 3006 1108 εύθὲς
3043 1063 3103 1096 τε
3147 1047 3237 1098 καὶ
3275 1049 3491 1111 ἁκλινὲς
3521 1055 3579 1102 ἐν
3620 1051 3710 1120 τῷ

2128 1137 2332 1208 κρίνειν
2381 1135 2532 1203 δηλοῖ
2568 1136 2668 1203 τὴν
2702 1135 2845 1188 κατὰ
2872 1137 2932 1188 τὸ
2959 1135 3300 1208 ἀνθρώπινον
3333 1141 3554 1209 ἀρετήν.

2177 1228 2400 1296 ΕΡΑΝ.
2441 1227 2783 1296 Σαερέστερον
2812 1225 2900 1280 διὰ
2926 1228 3132 1280 τούτων
3179 1230 3478 1298 ἐμάθομεν,
3504 1233 3579 1294 ὡς
3602 1234 3710 1286 τοῦ

2129 1319 2378 1386 Σωτῆρος
2407 1318 2563 1388 ἡμῶν
2601 1317 2836 1388 Χριστοῦ
2870 1317 2970 1386 τὴν
3011 1319 3318 1388 παρουσίαν
3360 1321 3387 1372 ὁ
3413 1315 3713 1391 προφήτης

2129 1411 2436 1464 ἐθέσπισεν.

2201 1505 2350 1558 01³6.
2398 1502 2821 1574 Ἐναργέστερὸν
2867 1519 2925 1555 σε
2955 1503 3158 1568 διδάξει
3207 1503 3280 1557 τὰ
3318 1505 3522 1558 τούτων
3568 1507 3710 1560 ἀκό-

2128 1596 2292 1648 λουθα
2320 1597 2421 1665 τὴν
2470 1597 2568 1665 τῆς
2616 1595 2915 1666 ἑρμηνείας
2969 1595 3246 1664 ἀλήθειαν.
3304 1598 3530 1665 Ἑπάγει
3564 1601 3710 1668 γάρ’

2137 1709 2153 1741 ι
2190 1690 2322 1742 Τότε
2356 1689 2869 1760 συμϐοσκηθήσεται
2897 1691 3057 1755 λύκος
3085 1693 3221 1762 μετά
3247 1693 3433 1760 ἀρνοῦ,
3466 1713 3484 1745 ι
3519 1697 3609 1748 καὶ
3635 1696 3716 1748 τὰ

2130 1779 2258 1848 ἑξῆς
2279 1797 2290 1808 ·
2329 1779 2395 1832 δι’
2424 1772 2498 1832 ὧν
2537 1780 2772 1833 διδάσκει
2801 1781 2895 1834 καὶ⁸
2923 1781 3028 1834 τῶν
3053 1782 3200 1852 ἠθῶν
3225 1783 3287 1835 τὸ
3309 1783 3583 1854 διάφορον,
3609 1786 3716 1837 καὶ

2129 1872 2190 1924 τὸ
2222 1872 2322 1941 τῆς
2353 1874 2590 1936 πίστεως
2616 1872 2926 1944 σύμφωνον.
2965 1874 3074 1928 Καὶ
3115 1876 3370 1945 μάρτυρα
3405 1878 3504 1946 τῆς
3538 1881 3716 1948 προρο

2133 1965 2343 2034 ρήσεως
2369 1963 2562 2033 ἔχομεν
2581 1965 2689 2017 τῶν
2715 1966 3054 2035 πραγμάτων
3078 1966 3177 2036 τὴν
3207 1970 3425 2036 πεῖραν.
3459 1968 3565 2020 Καὶ
3594 1968 3714 2037 γὰρ

2131 2055 2256 2117 τοὺς
2284 2054 2501 2124 πλούτῳ
2547 2055 2855 2124 κομῶντας,
2911 2057 3005 2108 καὶ
3034 2056 3161 2120 τοὺς
3204 2058 3364 2127 πενίᾳ
3393 2057 3671 2120 συζῶντας
3693 2100 3710 2122 ,

2131 2146 2348 2208 οἰκέτας
2371 2164 2430 2198 τε
2463 2147 2555 2198 καὶ
2584 2147 2879 2208 δεσπότας,
2907 2149 3000 2200 καὶ
3031 2148 3367 2216 ἀρχομένους
3397 2151 3485 2201 καὶ
3507 2151 3712 2220 ἀρχου-

2131 2251 2250 2297 τας,
2281 2236 2375 2287 καὶ
2418 2234 2756 2305 στρατιώτας
2783 2236 2876 2288 καὶ
2908 2236 3143 2298 ἰδιώτας,
3174 2238 3267 2288 καί
3303 2238 3426 2298 τοὺς
3462 2236 3530 2290 τά
3566 2239 3712 2306 σκῆ-

2136 2343 2282 2396 πτρα
2320 2329 2420 2395 τῆς
2460 2327 2784 2396 οἰκουμένης
2831 2326 3182 2397 κατέχοντας,
3239 2327 3338 2397 μία
3381 2328 3711 2398 ὑποδέχεται

2133 2414 2510 2486 κολυμϐήθρα,
2547 2415 2644 2485 μία
2673 2415 3139 2469 πᾶσιδιδασκαλία
3167 2417 3568 2492 προσφέρεται,
3603 2419 3712 2482 μία

2139 2508 2274 2559 πᾶσι
2341 2506 2580 2576 μυστικὴ
2651 2506 2966 2577 προτίθεται
3015 2507 3263 2576 τράπεζα
3306 2509 3399 2559 καὶ
3438 2507 3546 2560 τῶν
3606 2525 3711 2560 πι-

2138 2597 2436 2651 στευόντων
2461 2598 2690 2660 ἕκαστος
2722 2599 2842 2669 ἴσης
2881 2598 3145 2651 ἀπολαύει
3180 2599 3418 2666 μερίδος.

2205 2686 2407 2739 ΕΡΛΝ.
2473 2685 2633 2738 ’Λλλά
2681 2685 2853 2738 ταῦτα
2909 2686 3040 2738 Θεὸν
3085 2687 3173 2739 τὸν
3227 2688 3712 2757 προφητευόμενον

2133 2776 2426 2831 δείκνυσιν.

2205 2867 2355 2920 ΟΡΘ.
2393 2868 2468 2918 Οὐ
2499 2867 2628 2920 Θεὸν
2657 2866 2835 2937 μόνον,
2873 2867 3007 2920 ἀλλὰ
3041 2869 3134 2920 καὶ
3162 2867 3465 2939 ἄνθρωπον.
3499 2867 3706 2920 Τούτου

455 2963 584 3018 Ideo
602 2965 783 3018 statim
801 2965 869 3019 ab
905 2965 1062 3019 initio
1087 2966 1251 3037 hujus
1279 2969 1580 3038 prophetiae
1607 2970 1814 3041 virgam
1846 2988 1912 3026 ex
1945 2989 2028 3027 ra-

2135 2959 2196 3030 δὴ
2238 2959 2419 3030 χάριν,
2461 2959 2557 3012 καὶ
2587 2959 2746 3021 εὐθὺς
2780 2960 2941 3028 τῆσδε
2979 2962 3076 3030 τῆς
3109 2959 3442 3030 προφητείας
3467 2959 3709 3030 ἀρξάμε-

455 3055 578 3109 dice
609 3055 759 3110 Iesse
795 3057 1219 3126 germinaturam
1249 3059 1386 3112 dixit
1425 3061 1489 3125 ⁸⁵,
1530 3069 1585 3116 et
1619 3063 2028 3131 praedictionem

456 3147 714 3201 claudens
737 3149 1024 3203 exordium
1054 3151 1290 3219 repetiit.
1324 3151 1413 3208 Sic
1449 3154 1594 3206 enim
1617 3155 1693 3208 ait
1723 3172 1736 3207 :
1781 3175 1798 3206 ι
1832 3155 1899 3208 Et
1924 3155 2031 3209 erit

452 3241 609 3294 radix
634 3241 806 3302 Jesse,
842 3249 898 3295 et
926 3257 1224 3311 exsurgens
1253 3243 1318 3296 ad
1346 3242 1726 3313 imperandum
1751 3247 2026 3317 gentibus.

455 3330 516 3383 In
562 3345 629 3383 eo
675 3325 863 3400 gentes
911 3331 1231 3400 sperabunt,
1279 3340 1332 3386 et
1381 3333 1487 3386 erit
1525 3336 1744 3402 requies
1785 3335 1902 3405 ejus
1927 3335 2028 3389 ho-

454 3435 558 3474 nor
591 3421 658 3474 ⁸¹³.
702 3440 720 3472 ι
758 3421 911 3476 Jesse
956 3432 1140 3476 autem
1186 3423 1292 3477 fuit
1340 3432 1494 3494 pater
1549 3424 1806 3491 Davidis;
1836 3427 2028 3480 Davidi

455 3525 586 3565 vero
613 3511 752 3566 facta
772 3522 856 3566 est
879 3529 1004 3584 eum
1026 3513 1388 3586 jurejurando
1412 3516 1722 3584 promissio.
1756 3517 1866 3571 Nec
1899 3533 2031 3572 vero

454 3602 661 3671 virgam
694 3587 1092 3673 germinaiitem
1119 3621 1186 3660 ex
1211 3606 1363 3660 Jesse
1392 3606 1721 3675 appellasset
1750 3606 2030 3662 Christum

453 3694 769 3756 Dominum,
812 3695 856 3748 si
899 3697 1068 3750 Deum
1123 3705 1332 3750 tantum
1389 3698 1718 3767 agnovisset.
1776 3698 2032 3752 Praedixit

453 3794 636 3838 autem
669 3787 956 3855 prophetia
986 3787 1150 3840 etiam
1174 3788 1326 3840 orbis
1354 3796 1624 3842 terrarum
1647 3791 2026 3847 mutationem.

461 3894 480 3925 ι
507 3875 733 3944 lmpleta
781 3877 930 3930 enim
977 3885 1082 3938 est,
1131 3877 1328 3945 inquit,
1369 3878 1622 3934 universa
1658 3890 1803 3935 terra
1837 3886 2030 3955 cogni-

455 3966 603 4020 tione
629 3967 863 4033 Domini,
891 3976 947 4022 et
967 3967 1122 4038 quasi
1147 3983 1287 4037 aqua
1314 3969 1483 4021 multa
1505 3972 1684 4038 operit
1710 3972 1880 4028 maria
1902 3973 1970 4028 ⁸⁷.
2003 3995 2022 4026 ι

524 4143 730 4198 ERAN.
762 4143 961 4199 Audivi
994 4144 1315 4215 prephetica
1335 4145 1614 4200 vaticinia.
1645 4146 1852 4203 Vellem
1881 4165 2030 4206 nunc

455 4236 710 4292 distincte
768 4237 934 4303 scire,
991 4254 1060 4291 an
1112 4237 1333 4291 divinus
1386 4253 1606 4308 quoque
1655 4241 2028 4309 apostolorum

2134 3068 2243 3115 νος,
2278 3050 2474 3120 ῥάϐδον
2513 3051 2834 3119 βλαστήσειν
2876 3051 2940 3103 ὲκ
2983 3052 3082 3120 τῆς
3117 3050 3274 3120 ῥίζης
3314 3052 3536 3120 εἴρηκεν
3572 3051 3715 3102 Ἱεσο

2134 3143 2260 3196 σαί·
2304 3143 2399 3195 καὶ
2439 3143 2539 3212 τὴν
2593 3142 2899 3213 πρόρρησιν
2949 3144 3324 3212 συμπεράνας,
3372 3141 3599 3194 ἀνέλαϐε
3641 3143 3707 3194 τὺ

2131 3235 2442 3306 προοίμιον.
2465 3235 2608 3304 Ἔφη
2629 3237 2736 3304 γάρ
2757 3251 2768 3262 ·
2799 3255 2816 3285 ε
2838 3235 2946 3286 Καὶ
2977 3234 3127 3287 ἔσται
3149 3236 3181 3302 ἡ
3207 3232 3330 3306 ῥίζα
3349 3233 3443 3286 τοῦ
3482 3235 3706 3296 Ἰεσσαὶ,

2131 3327 2226 3379 καὶ
2264 3328 2291 3380 ὁ
2337 3325 2692 3393 ἀνιστάμενος
2743 3327 2929 3394 ἄρχειν
2980 3326 3180 3378 ὲθνῶνο
3235 3327 3322 3378 ἐπ’
3372 3326 3520 3396 αύτῷ
3575 3324 3706 3396 ἔθνη

2134 3417 2404 3479 ὲλπιοῢσι,
2435 3417 2528 3468 καὶ
2561 3415 2716 3469 ἔσται
2744 3419 2775 3486 ἡ
2805 3416 3109 3479 ἀνάπαυσις
3133 3416 3295 3470 αὐτοῦ
3323 3419 3474 3486 τιμή.
3509 3436 3529 3468 ι
3574 3417 3709 3468 Ἰεσ-

2134 3510 2225 3561 σαὶ
2251 3508 2308 3560 δὲ
2338 3511 2365 3560 ὀ
2393 3507 2572 3576 πατὴρ
2595 3507 2688 3559 τοῦ
2713 3507 2898 3570 Δαϐὶδ,
2930 3507 3065 3578 πρὸς
3096 3508 3152 3560 δὲ
3180 3508 3270 3559 τὸν
3298 3509 3460 3560 Δαϐὶδ
3482 3507 3708 3575 γέγονεν

2133 3603 2166 3669 ἡ
2209 3600 2324 3670 μεθ’
2355 3601 2533 3670 ὅρκων
2579 3600 2891 3668 ὑπόσχεσις.
2929 3599 3042 3653 Ούκ
3067 3599 3131 3652 ἂν
3155 3600 3209 3651 δὲ
3242 3600 3437 3670 ῥάϐδον
3473 3598 3708 3668 βλαστή-

2135 3709 2333 3746 σουσαν
2363 3692 2422 3754 ἐξ
2473 3692 2669 3743 Ἰεσσαὶ
2711 3691 3117 3761 προσηγόρευσε
3145 3691 3234 3743 τὸν
3266 3691 3539 3758 Δεσπότην
3571 3691 3709 3760 Χρι-

2135 3781 2280 3843 στὸν,
2306 3784 2354 3834 εἰ
2396 3781 2554 3852 μόνον
2583 3780 2696 3850 ᾔδει
2739 3782 2891 3834 Θεὸν.
2928 3780 3230 3852 Προείρηκε
3255 3782 3311 3834 δὲ
3340 3784 3372 3850 ὴ
3401 3781 3707 3851 πρόρρησις

2133 3878 2227 3931 καὶ
2255 3880 2352 3948 τὴν
2393 3877 2490 3948 τῆς
2529 3877 2859 3947 οἰκουμένης
2906 3877 3232 3948 μεταϐολήν.
3287 3897 3305 3928 ι
3367 3874 3703 3944 Ἐνεπλήσθη

2132 3970 2258 4041 γὰρ,
2296 3972 2479 4040 φησὶν,
2523 3973 2555 4040 ἡ
2601 3971 2863 4039 σύμπασα
2892 3973 2962 4040 γῆ
2989 3970 3080 4022 τοῦ
3112 3970 3314 4036 γνῶναι
3346 3968 3436 4021 τὸν
3474 3967 3702 4038 Κύριον,

2133 4061 2207 4122 ὡς
2247 4060 2389 4131 ὕδωρ
2415 4061 2548 4113 πολὺ
2572 4060 2951 4129 κατακαλύψαι
2985 4062 3278 4122 θαλάσσας.
3313 4079 3332 4111 ι

2205 4151 2407 4203 ΕΡΛΝ.
2451 4150 2571 4202 Τῶν
2597 4153 2692 4220 μὲν
2722 4153 3075 4222 προφητικῶν
3105 4154 3386 4221 ἐπήκουσα
3403 4149 3706 4219 θεσπισμά-

2135 4259 2263 4294 των.
2298 4243 2628 4313 Ἐϐουλόμην
2659 4243 2716 4296 δὲ
2747 4243 2947 4312 γνῶναι
2983 4244 3191 4313 σαφῶς,
3229 4247 3278 4296 εἰ
3307 4243 3400 4296 καὶ
3427 4241 3539 4294 τῶν
3569 4244 3708 4295 ἀπο-

453 4329 656 4383 chorus
695 4328 974 4382 Christum
1004 4328 1293 4382 Dominum
1323 4345 1389 4383 ex
1422 4330 1630 4386 semine
1659 4331 1880 4386 Davidis
1906 4349 2028 4404 ger-

2141 4333 2343 4386 στόλων
2371 4335 2397 4386 ὁ
2438 4333 2580 4393 θεῖος
2601 4336 2760 4406 χορὸς
2789 4338 2854 4389 ὲκ
2886 4337 3200 4406 σπέρματος
3227 4335 3390 4388 Δαϐὶδ
3419 4334 3707 4404 βεϐλάστη-

453 4420 690 4474 minasse
716 4419 861 4472 dicat
885 4418 1188 4472 secundum
1224 4433 1463 4474 carnem.

523 4511 541 4530 ⁶
582 4508 793 4564 ORTH.
854 4509 990 4563 Rem
1043 4510 1330 4580 postulasti
1388 4511 1612 4567 minime
1641 4514 1888 4579 arduam,
1926 4514 2025 4569 sed

452 4601 614 4657 valde
662 4602 878 4657 facilem
906 4610 964 4658 et
993 4603 1324 4672 expeditam.
1372 4596 1511 4658 Audi
1546 4620 1677 4676 ergo
1718 4605 2023 4676 principem

450 4695 825 4766 apostolorum
851 4695 1178 4750 clamantem
1209 4713 1222 4749 :
1263 4716 1279 4745 ι
1315 4697 1582 4767 Propheta
1611 4713 1734 4751 eum
1758 4708 1897 4754 esset
1917 4699 2026 4753 Da-

452 4787 568 4851 vid,
601 4797 658 4841 et
681 4787 849 4842 sciret
873 4787 1236 4858 jurejurando
1272 4789 1486 4858 jurasse
1524 4789 1600 4842 illi
1639 4789 1832 4855 Deum,
1875 4789 2026 4844 futu-

455 4893 578 4932 rum
599 4887 660 4932 ut
688 4879 756 4933 de
787 4878 969 4932 fructu
998 4878 1168 4932 lumbi
1193 4879 1314 4946 ejus
1334 4879 1444 4948 38
1473 4880 1776 4934 secundum
1805 4895 2024 4934 carnem

453 4971 762 5026 exoriretur
802 4971 1056 5027 Christus
1098 4972 1190 5040 qui
1219 4971 1440 5025 sederet
1464 4986 1631 5039 super
1662 4970 1849 5025 sedem
1881 4970 2020 5039 ejus,

455 5060 751 5130 providens
799 5062 1016 5117 locutus
1048 5070 1130 5116 est
1160 5062 1226 5116 de
1265 5061 1669 5115 resurrectione
1702 5061 1843 5130 ejus,
1878 5058 2024 5130 quod

455 5167 633 5222 neque
663 5152 922 5207 derelicta
945 5163 1029 5208 est
1059 5154 1114 5206 in
1163 5152 1376 5207 inferno
1423 5153 1605 5205 anima
1654 5151 1794 5222 ejus,
1848 5166 2026 5220 neque

453 5258 582 5298 caro
609 5244 726 5313 ejus
749 5243 886 5297 vidit
913 5246 1319 5314 corruptionem
1337 5244 1432 5296 ⁸⁸⁸.»
1453 5243 1530 5297 Ex
1556 5241 1642 5296 his
1667 5242 1828 5297 facile
1861 5243 2025 5296 intel-

452 5330 622 5399 ligere
655 5338 829 5398 potes,
862 5347 928 5384 ex
970 5333 1178 5386 semine
1229 5331 1448 5385 Davidis
1500 5331 1666 5385 etiam
1721 5331 2022 5385 secundum

522 5483 570 5515 ea
599 5485 700 5539 ιδῃ,
727 5501 781 5549 ιι,
815 5485 868 5548 5,
908 5486 959 5538 ti.
1003 5487 1047 5517 ⁸⁸
1073 5488 1210 5541 Ibid.
1242 5489 1296 5543 6.

525 5596 637 5666 (54)
677 5598 798 5653 καθ.
824 5598 921 5653 Ed.
947 5599 1103 5675 prior
1139 5601 1373 5654 habebat
1397 5603 1651 5670 καθῆσαι.

1372 5487 1418 5520 ⁸⁵
1451 5489 1550 5543 lsa.
1580 5505 1649 5551 χι,
1681 5490 1728 5542 1.

1807 5488 1853 5520 ⁸⁸
1877 5487 2012 5542 lbid.
2042 5488 2126 5542 10.

2137 4423 2289 4478 κέναι
2329 4424 2471 4478 κατά
2500 4426 2678 4497 σάρκα
2715 4426 2819 4495 ἔφη
2851 4427 2941 4478 τὸν
2967 4427 3243 4495 Δεσπότην
3273 4425 3525 4496 Χριστόν.

2210 4517 2360 4569 ΟΡΘ.
2406 4517 2571 4569 Οὐδὲν
2617 4518 2948 4586 ἐπήγγειλας
2980 4517 3259 4589 δυσχερὲς,
3289 4516 3423 4570 ἀλλά
3460 4517 3554 4569 καὶ
3583 4515 3705 4570 λίαν

2135 4607 2362 4670 εὐπετές
2392 4625 2450 4660 τε
2493 4609 2587 4660 καὶ
2619 4609 2821 4680 ῥᾴδιον.
2862 4610 3126 4660 ’Ἄκουσον
3156 4607 3334 4660 τοίνυν
3357 4606 3450 4659 τοῦ
3484 4604 3703 4675 πρώτου
3783 4661 3788 4665 ,

2134 4697 2243 4750 τῶν
2268 4697 2581 4750 ἀποστόλων
2604 4697 2856 4767 βοῶντος,
2885 4699 2965 4750 ὃτι
3000 4716 3016 4746 ι
3047 4697 3338 4767 Προφήτης
3362 4695 3438 4747 ὢν
3464 4697 3494 4746 ὁ
3517 4693 3703 4757 Δαϐὶδ,

2136 4790 2228 4842 καὶ
2255 4789 2412 4852 εἰδὼς
2443 4791 2522 4842 ὅτι
2564 4790 2711 4860 ὅρκῳ
2739 4787 2953 4858 ὤμοσεν
2977 4787 3123 4858 αὐτῷ
3151 4789 3179 4840 ὁ
3199 4786 3352 4850 Θεὸς,
3399 4787 3462 4839 ὲκ
3488 4783 3702 4855 καρποῦ

2132 4880 2230 4948 τῆς
2274 4879 2473 4948 ὀσφύος
2513 4879 2679 4931 αὐτοῦ
2729 4879 3057 4947 ἀναστήσειν
3089 4877 3150 4929 τὸ
3192 4875 3333 4930 κατά
3383 4876 3560 4946 σάρκα
3609 4875 3701 4926 τὸν

2130 4970 2383 5040 Χριστὸν,
2413 4970 2632 5024 καθίσαι
2664 4972 2782 5040 (54)
2809 4971 2900 5023 ὲπί
2926 4970 3020 5022 τοῦ
3049 4970 3241 5041 θρόνου
3259 4967 3446 5033 αὑτοῦ,
3468 4965 3703 5039 προϊδὼν

2136 5059 2366 5129 ὲλάλησε
2401 5060 2528 5130 περὶ¹
2560 5061 2656 5129 τῆς
2704 5061 3054 5123 ἀναστάσεως
3099 5059 3288 5123 αὐτοῦ,
3323 5060 3409 5112 ὅτι
3453 5058 3578 5111 οὔτε
3618 5061 3703 5124 ἐγ-

2136 5148 2461 5218 κατελείφθη
2493 5151 2570 5212 ei;
2589 5149 2715 5220 ᾅδου
2743 5152 2775 5217 ἡ
2798 5151 2944 5220 ψυχὴ
2963 5151 3150 5216 αὐτοῦ,
3174 5149 3286 5204 οὗθ’
3309 5153 3341 5221 ἡ
3372 5149 3508 5221 σάρξ
3535 5149 3702 5201 αὑτοῦ

2134 5234 2241 5291 εἶδε
2273 5238 2590 5310 διαφθοράν.
2631 5261 2647 5289 ›
2689 5241 2783 5292 Ἐκ
2805 5240 3009 5292 τούτων
3038 5241 3330 5308 διαγνῶναί
3361 5239 3700 5301 σοιδυνατὸν,

2131 5331 2212 5382 ὅτι
2235 5331 2326 5380 καὶ
2354 5334 2415 5384 ἐκ
2435 5332 2745 5402 σπέρματος
2767 5331 2931 5385 Δαϐὶδ
2956 5333 3098 5385 κατά
3127 5333 3304 5402 σάρκα
3329 5332 3702 5403 βεϐλάστηκεν

2207 5488 2248 5520 ⁸⁷
2279 5489 2411 5543 Ibid.
2443 5489 2493 5542 9.

2572 5489 2614 5520 "‘
2642 5489 2759 5542 Act.
2793 5505 2850 5553 ιι,
2873 5489 3060 5554 50-’51;
3141 5491 3327 5546 Matth.
3365 5507 3472 5557 xvr,
3509 5491 3594 5547 16.
