4006 6202
235 245 309 306 eo
848 226 859 233 '
1299 238 1674 301 DIALOGUS
1712 241 1761 302 Ι.
1802 267 1869 277 -—
1902 242 2407 307 IMMUTABILIS
3423 244 3493 310 τί»

233 361 265 412 ὁ
296 353 577 422 Δεσπότης
620 348 880 423 Χριστκ,
908 346 1002 400 καὶ
1035 346 1093 399 ού
1131 347 1308 415 σάρκα
1341 348 1522 418 μόνον,
1555 347 1687 401 ἀλλὰ
1721 349 1814 402 καὶ

1934 366 2139 409 :arnem
2185 353 2522 424 germinasse
2566 354 2847 410 Christum
2893 349 3205 416 Dominum.
3255 370 3493 425 eumque

233 450 420 520 ψυχὴν
449 441 615 513 εἶχεν.
688 463 703 473 ι

638 619 683 680 ἐς
735 616 925 686 ἕτερος
976 613 1145 667 ταῦτα
1182 613 1287 665 τῶν
1334 612 1648 667 ἀποστόλων
1689 614 1819 684 ἐκή-

244 716 398 788 ρυξεν
422 730 437 779 ;

308 805 465 862 οΡΘ.
506 802 709 875 Ἤρκει
748 799 850 872 μὲν
896 797 989 851 καὶ
1037 795 1196 867 μόνος
1237 797 1265 848 ό
1312 795 1484 864 μέγας
1514 796 1717 867 Πέτρος
1750 799 1814 866 τῇ

238 898 470 970 ἀληθεία
490 891 910 967 συμμαρτυρῶν
929 907 942 921 ·
965 890 1185 959 καὶγὰρ
1205 889 1521 958 όΔεσπότης
1538 889 1687 959 παρὰ
1706 888 1815 957 (55)

239 994 436 1047 τούτου
468 989 632 1061 μόνου
660 987 760 1055 τὴν
792 983 893 1053 τῆς
924 981 1180 1053 ἀληθείας
1216 980 1326 1051 (36)
1348 978 1639 1049 ὁμολογίαν
1667 979 1820 1044 δεξά-

164 1144 191 1162 '
240 1102 431 1154 μενος,
480 1078 780 1134 ἐϐεϐαίωσε
829 1072 1035 1143 ταύτην
1065 1072 1141 1141 τῷ
1179 1072 1409 1141 ἀοιδίμῳ
1458 1070 1815 1143 μακαρισμῷ.

250 1172 477 1243 Ἐπειδὴ
512 1170 569 1223 δὲ
596 1169 707 1239 (57)
739 1165 944 1235 ἑτέρων
973 1162 1130 1216 τοῦτο
1175 1161 1552 1231 κηρυττόντων
1588 1160 1819 1215 ἀκοῦσαι

241 1265 457 1328 ποθεῖς,
487 1264 717 1318 ἄκουσον
743 1259 800 1311 ὲν
848 1256 1150 1326 Ἀντιοχείᾳ
1190 1255 1288 1324 τῆς
1332 1254 1577 1317 Πισιδὶας
1605 1253 1818 1307 Παύλου

241 1358 338 1411 καὶ
376 1351 634 1424 Βαρνάϐα
677 1345 1154 1419 δημηγορούντων.
1185 1336 1350 1397 Οὗτοι
1376 1343 1504 1413 γάρ,
1532 1342 1624 1396 τοῦ
1654 1341 1820 1395 Δαῦὶδ

242 1445 747 1521 μνημονεύσαντες,
774 1439 945 1492 ταῦτα
980 1437 1260 1508 ἐπήγαγον
1282 1452 1296 1464 ⁸
1336 1454 1353 1486 ι
1403 1434 1604 1487 Τούτου
1633 1437 1661 1488 ό
1689 1433 1821 1521 Θεὸς

240 1520 373 1595 ἀπὸν
404 1534 501 1590 τοῦ
559 1533 877 1604 σπέρματος
934 1528 1056 1581 κατ’
1111 1524 1447 1593 ἐπαγγελίαν
1496 1525 1687 1594 ἤγειρε
1742 1520 1820 1592 τῷ

255 1616 476 1700 Ίσρᾶηλ
502 1623 733 1693 Σωτῆρα
786 1617 1015 1690 Ἰησοῦν,
1051 1635 1070 1669 ι
1112 1617 1206 1669 καὶ
1238 1616 1305 1668 τὰ
1335 1615 1481 1684 ἑξῆς.
1514 1615 1625 1668 Καὶ
1655 1613 1818 1683 Τιμο-

1918 459 2032 497 non
2074 445 2252 499 solum
2307 460 2551 510 carnem,
2602 444 2698 500 sed
2751 446 2919 500 etiam
2945 445 3182 500 animam
3209 446 3490 502 habuisse.

1993 620 2201 677 ERAN.
2235 621 2370 688 Quis
2391 621 2728 693 reliquorum
2748 622 3119 693 apostolorum
3141 623 3330 677 eadem
3360 638 3499 692 prte-

1921 712 2125 767 dicavit
2149 714 2171 765 ἶ)

1993 800 2203 855 ORTH.
2259 800 2409 858 Satis
2456 803 2679 873 quidem
2733 803 2876 859 foret
2924 802 3096 859 solius
3133 801 3314 873 magni
3344 802 3496 858 Petri

1925 893 2298 948 testimonium
2361 895 2429 950 ad
2502 896 2932 951 conﬁrmandam
2972 896 3257 949 veritatem
3307 911 3321 947 :
3369 908 3496 947 nam

1922 992 1980 1038 et
2011 985 2273 1040 Dominus
2301 987 2372 1041 ab
2397 987 2501 1044 hoc
2531 988 2648 1043 solo
2687 987 2890 1042 editam
2921 987 3170 1041 veritatis
3192 984 3498 1040 confessio-

1925 1089 2049 1128 nem
2076 1074 2349 1143 recipiens
2376 1076 2575 1146 insigni
2632 1076 2775 1130 hanc
2822 1075 3215 1146 approbatione
3258 1073 3496 1128 ornavit.

1926 1164 2033 1220 Sed
2081 1166 2341 1234 quoniam
2384 1169 2522 1223 alios
2565 1168 2668 1222 hac
2715 1168 2783 1223 de
2819 1184 2877 1223 re
2913 1166 3268 1222 testiﬁcantes
3305 1165 3499 1221 audire

1925 1255 2103 1324 cupis,
2143 1244 2272 1310 audi
2317 1258 2546 1312 Paulum
2579 1268 2634 1312 et
2665 1257 2968 1312 Barnabam
3008 1257 3062 1309 in
3086 1254 3376 1309 Antiochia
3406 1253 3497 1307 Pi-

1925 1347 2080 1403 sidia:
2109 1348 2519 1403 concionantes.
2559 1349 2624 1403 Hi
2653 1349 2821 1411 enim,
2857 1364 2982 1403 cum
3017 1345 3239 1401 Davidis
3267 1345 3501 1399 mentio-

1925 1455 2050 1494 nem
2095 1439 2371 1504 l’ecissent,
2410 1442 2526 1496 haec
2561 1429 2891 1496 addiderunt
2926 1460 2938 1494 :
2987 1460 3005 1491 α
3037 1440 3211 1510 Hujus
3244 1440 3388 1493 Deus
3426 1454 3499 1493 ex

1925 1533 2135 1588 semine
2161 1532 2461 1587 secundum
2498 1534 2916 1603 promissionem
2952 1532 3143 1586 eduxit
3164 1530 3349 1585 lsraeli
3375 1529 3497 1584 Sal-

1926 1632 2174 1678 vatorem
2208 1623 2394 1679 Jesum
2424 1622 2493 1689 ⁸³,
2517 1642 2536 1674 ι
2570 1631 2627 1678 ct
2655 1638 2777 1692 quae
2808 1631 3135 1692 sequuntur.
3186 1622 3251 1674 Et
3299 1618 3366 1673 ad
3401 1619 3442 1672 Τ
3447 1619 3497 1672 i-

246 1725 353 1795 θέῳ
378 1722 437 1775 δὲ
478 1715 811 1771 ἐπιστέλλων
855 1712 884 1764 ό
925 1709 1213 1772 Θεσπέσιος
1260 1706 1470 1770 Παῦλος
1503 1707 1600 1759 καὶ
1649 1706 1820 1759 ταῦτα

1934 1717 2209 1773 motheum
2257 1718 2509 1773 scribens
2564 1715 2785 1770 divinus
2837 1714 3133 1783 Apostolus
3190 1712 3307 1765 haec
3351 1710 3499 1765 inter

239 1813 493 1867 τέθεικεο
532 1827 550 1859 ι
587 1805 916 1876 Μνημόνευε
952 1799 1159 1872 Ἰησοῦν
1187 1798 1428 1869 Χριστὸν
1456 1796 1825 1867 ἐγηγερμένον

239 1908 313 1959 ἐκ
343 1900 559 1973 νεκρῶν
591 1902 655 1951 ὲκ
690 1895 1005 1967 σπέρματος
1028 1890 1211 1954 Δαδὶδ,
1246 1889 1390 1944 κατὰ
1413 1890 1472 1943 τὸ
1492 1888 1825 1958 Εὑαγγέλιόν

248 2015 386 2068 μου.
422 2014 441 2045 ι
473 1994 581 2048 Καὶ
607 1988 892 2059 Ῥωμαίοις
910 1986 1134 2054 γράφων
1157 1981 1319 2046 εὐθὺς
1366 1983 1425 2035 ὲν
1453 1981 1531 2051 τῷ
1558 1980 1826 2068 προοιμίῳ

262 2063 370 2160 τῆς
407 2083 697 2151 Δαυῖτικῆς
722 2076 1088 2150 ἐμνημόνευσε
1119 2073 1461 2143 συγγενείας.
1492 2073 1635 2144 Ἔφη
1659 2071 1714 2124 δὲ
1736 2063 1827 2123 oi):

242 2195 393 2244 τως·
428 2196 449 2230 α
476 2176 685 2237 Παῦλος
707 2172 890 2235 δοῦλος
926 2167 1101 2240 Ἰησοῦ
1134 2166 1393 2238 Χριστοῦ,
1427 2166 1624 2231 κλητὸς
1681 2165 1817 2219 ἀπό-

245 2272 453 2333 στολος,
500 2265 887 2338 ἀφωρισμένος
938 2265 1017 2326 είς
1047 2260 1385 2329 Εὑαγγέλιον
1428 2257 1589 2321 Θεοῦ,
1625 2259 1654 2310 ὃ
1685 2273 1822 2328 προ·

244 2359 614 2433 επηγγείλατο
642 2354 735 2409 διά
765 2354 876 2406 τῶν
910 2351 1208 2423 προφητῶν
1255 2346 1418 2402 αὐτοῦ
1472 2350 1529 2401 ὲν
1576 2348 1824 2417 Γραφαίς

242 2453 454 2521 ἁγίαις,
511 2448 641 2518 περὶ
694 2444 790 2497 τοῦ
827 2442 956 2495 Υίοῦ
1008 2442 1199 2503 αὑτοῦ,
1245 2439 1338 2493 τοῦ
1395 2439 1692 2509 γενομένου
1752 2438 1817 2490 ὲκ

243 2545 562 2615 σπέρματος
589 2537 754 2592 Δαϐιδ
777 2533 921 2589 κατά
951 2533 1160 2604 σάρκα,
1192 2552 1212 2585 ο
1258 2532 1354 2586 καὶ
1380 2532 1447 2584 τὰ
1487 2530 1635 2601 ἑξῆς.

319 2718 531 2774 EPAN.
581 2715 778 2784 Συχναὶ
818 2711 918 2781 μὲν
972 2712 1028 2764 αί
1067 2708 1367 2774 ἀποδείξεις
1420 2706 1514 2759 καὶ
1575 2704 1819 2772 ἀληθεῖς.

237 2813 391 2866 Εἰπὲ
414 2811 474 2863 δέ
510 2825 621 2879 μοι,
662 2806 711 2859 τί
742 2804 939 2876 δήποτε
964 2800 1032 2854 τά
1061 2800 1185 2871 ἑξῆς
1210 2799 1310 2870 τῆς
1341 2796 1645 2868 μαρτυρίας
1673 2812 1821 2867 παρ-

232 2902 481 3041 έλῖξέἔ.
528 2986 647 3038 Ὀτι
692 2983 820 3054 περὶ
851 2982 948 3052 τῆς
979 2978 1418 3048 ἀνθρωπότητος,
1452 2974 1568 3029 ἀλλ’
1600 2974 1658 3027 ού
1697 2974 1823 3044 περὶ

232 3039 349 3146 τῆς
382 3076 638 3144 θεότητος
669 3039 1054 3143 ἀμ’ξιῦἀλλεις.
1087 3039 1151 3119 Ἐξ
1189 3066 1247 3118 δέ
1276 3039 1339 3132 γε
1368 3039 1494 3134 περὶ
1524 3062 1622 3132 τῆς
1645 3039 1822 3131 θεότη-
1853 3039 1899 3102 C

1923 1818 2125 1866 caetera
2184 1811 2363 1881 posuit
2402 1827 2415 1862 :
2475 1827 2494 1860 ι
2551 1808 2759 1871 Memor
2802 1815 2924 1860 esto
2971 1803 3262 1859 Dominum
3308 1801 3495 1855 Jesnm

1920 1897 2203 1954 Christum
2229 1897 2598 1954 rcsurrexisse
2628 1913 2659 1951 a
2684 1895 2916 1949 mortuis
2940 1909 3004 1948 ex
3034 1893 3243 1947 semine
3274 1889 3497 1944 Davidis

1922 1989 2226 2045 secundum
2264 1988 2617 2058 Evangelium
2659 2001 2839 2041 meum
2872 1987 2990 2059 ⁸ο.)
3026 1986 3103 2050 Et
3121 1985 3187 2038 ad
3218 1985 3497 2038 Romanos

1921 2076 2174 2132 scribens
2225 2077 2408 2131 statim
2472 2077 2527 2129 in
2576 2074 2848 2144 principio
2899 2073 3151 2127 meminit
3223 2072 3496 2125 Davidicae

1921 2166 2283 2238 cognationis.
2319 2165 2411 2220 Sic
2438 2166 2585 2219 enim
2621 2164 2758 2218 dicit
2788 2180 2802 2216 :
2847 2183 2865 2214 ί
2904 2164 3103 2218 Paulus
3140 2179 3331 2217 servus
3363 2164 3496 2218 Jesu

1918 2256 2378 2319 Christi,vocatus
2396 2256 2697 2326 apostolus,
2719 2265 3033 2324 segregatus
3053 2254 3121 2308 ad
3142 2254 3495 2324 Evangelium

1922 2346 2040 2411 Dei,
2073 2346 2221 2416 quod
2247 2354 2373 2401 ante
2402 2347 2730 2415 promiserat
2779 2360 2876 2413 per
2930 2345 3227 2414 prophetas
3268 2359 3400 2399 suos
3437 2344 3496 2399 in

1922 2435 2224 2507 Scripturis
2254 2437 2459 2492 sanctis
2483 2437 2551 2491 de
2587 2436 2723 2491 Filio
2771 2452 2892 2499 suo,
2935 2436 3029 2504 qui
3081 2443 3241 2490 natus
3294 2448 3379 2491 cst
3427 2450 3498 2491 cx

1921 2529 2133 2583 semine
2191 2528 2414 2583 Davidis
2464 2527 2769 2583 secundum
2824 2542 3047 2582 carnem
3090 2527 3160 2593 οι,
3192 2545 3212 2578 ι
3270 2536 3328 2581 et
3373 2541 3496 2597 qua

1922 2628 2252 2688 sequuntur.

1991 2710 2101 2780 39
2129 2708 2333 2765 ERAN.
2365 2710 2635 2766 Conferte
2681 2709 2904 2780 quidem
2955 2716 3085 2764 sunt
3131 2709 3215 2764 ha:
3263 2725 3327 2764 ac
3354 2723 3499 2764 verte

1922 2799 2437 2856 demonstrationes.
2458 2801 2555 2855 Dic
2573 2800 2708 2854 mihi
2738 2807 2920 2855 autem
2940 2839 2955 2863 ,
2992 2816 3092 2854 cur
3122 2800 3386 2870 reliquam
3417 2809 3498 2854 tc-

1922 2892 2163 2947 stimonii
2208 2900 2417 2962 partem
2433 2891 2685 2946 omiseris
2704 2891 2729 2944 ?

1996 2981 2205 3036 OBTH.
2241 2981 2379 3048 Quia
2422 2982 2491 3037 de
2522 2982 2762 3037 humana
2810 2990 3030 3047 natura,
3073 2997 3184 3037 non
3214 2981 3283 3038 de
3311 2982 3499 3040 divina

1928 3070 2177 3142 ambigis.
2202 3070 2358 3138 Quod
2380 3071 2428 3126 si
2450 3072 2520 3126 de
2544 3071 2835 3127 divinitate
2870 3072 3177 3138 dubitares,
3213 3071 3283 3128 de
3311 3088 3375 3128 ea
3397 3073 3501 3130 tibi

230 3185 337 3232 τος
358 3165 756 3237 ὴμφισϐήτεις,
780 3178 847 3213 πε
859 3161 910 3231 ρὶ
943 3158 1144 3226 ταύτης
1191 3156 1257 3209 ἀν
1292 3173 1374 3209 σοι
1400 3155 1500 3217 τὰς
1520 3153 1820 3216 ἀποδείξεις

1934 3163 2422 3218 demonstrationes
2442 3163 2815 3233 protulissem.
2836 3164 3048 3220 Sulllcit
3080 3174 3261 3220 tamen
3288 3167 3495 3233 dicere,

233 3260 626 3331 προσήνεγκα.
660 3254 806 3323 Πλὴν
842 3252 1003 3322 ἀρκεῖ
1037 3249 1099 3302 τὸ
1134 3247 1298 3315 φάναι
1340 3264 1357 3296 ι
1395 3247 1536 3298 κατά
1569 3245 1767 3315 σάρκα,
1801 3262 1820 3294 ι

1934 3270 1953 3303 α
1980 3252 2287 3307 secundum
2302 3268 2551 3316 carnem,
2594 3272 2613 3305 ι
2643 3253 2711 3307 ad
2735 3254 3122 3312 declarandam
3151 3255 3497 3311 divinitatem

234 3347 649 3421 παραδηλᾶηαι
677 3344 778 3415 τὴν
809 3340 1177 3413 σεσιγημένην
1207 3338 1458 3409 θεότητα.
1494 3336 1689 3390 Κοινοῦ
1719 3336 1820 3405 γὰρ

1934 3359 2047 3413 qua:
2073 3359 2186 3399 non
2224 3344 2570 3415 exprimitur.
2604 3346 2679 3399 De
2704 3347 3013 3402 communis
3065 3347 3209 3401 enim
3254 3347 3498 3402 hominis

237 3440 545 3514 ἀνθρώπου
569 3437 834 3491 διδάσκων
860 3433 1200 3502 συγγένειαν,
1241 3430 1304 3484 οὐ
1332 3429 1497 3497 λέγω,
1527 3428 1634 3481 Τοῦ
1657 3428 1820 3491 δεῖνος

1934 3431 2249 3500 cognatione
2273 3432 2440 3487 verba
2456 3434 2665 3489 faciens
2691 3450 2803 3489 non
2832 3434 2956 3491 dico
2980 3455 2992 3488 :
3012 3435 3112 3489 llic
3134 3436 3281 3491 illius
3302 3452 3500 3492 secun-

237 3538 273 3588 6
294 3533 451 3587 δεῖνα
473 3529 618 3583 κατά
639 3527 818 3597 σάρκα
841 3525 978 3588 υίὸς,
1002 3523 1117 3578 ἀλλ’
1142 3522 1349 3586 ἁπλῶς,
1394 3521 1535 3583 υίόςε
1550 3518 1706 3573 Οὕτω
1733 3519 1820 3572 καὶ

1934 3519 2090 3575 dum‘
2119 3536 2343 3578 carnem
2363 3523 2531 3588 ﬁlius,
2555 3528 2648 3581 sed
2676 3527 3001 3596 simpliciter
3022 3526 3181 3582 dico:
3213 3527 3377 3584 ﬁlius.
3408 3528 3499 3584 Sic

239 3628 275 3678 ὁ
324 3625 474 3687 Θεῖος
526 3616 921 3688 εύαγγελιστὴς
974 3614 1075 3686 τὴν
1136 3611 1485 3682 γενεαλογίαν
1538 3610 1774 3682 ἔγραψεν
1805 3626 1818 3639 ο

1934 3623 1984 3670 et
2033 3615 2255 3670 divinus
2307 3618 2638 3686 evangelista
2696 3620 3067 3688 gcnealogiam
3119 3620 3438 3674 describens
3479 3637 3494 3672 :

249 3736 270 3766 ο
318 3714 575 3784 Ἁϐραάμ
615 3709 744 3779 γὰρ,
792 3708 976 3778 φησὶν,
1011 3704 1274 3774 ἐγέννησε
1308 3702 1397 3756 τὸν
1432 3700 1635 3764 Ἰσαὰκ,
1673 3720 1691 3753 ι
1730 3702 1820 3755 καὶ

1935 3725 1953 3759 ι
1975 3705 2250 3761 Abraham
2279 3706 2451 3769 enim,
2473 3705 2672 3773 inquit,
2699 3707 2890 3775 genuit
2917 3708 3161 3761 lsaacum
3182 3710 3278 3773 ⁹¹,)
3306 3719 3362 3762 et
3384 3724 3495 3762 non

241 3807 309 3863 οὐ
348 3801 706 3873 προστέθεικε
741 3798 895 3852 κατὰ
919 3795 1116 3864 σάρκα
1144 3813 1157 3824 ·
1203 3794 1363 3864 μόνον
1396 3792 1505 3864 γὰρ
1538 3792 1820 3863 ἄνθρωπος

1934 3797 2128 3868 adjecit
2158 3795 2443 3872 secandum
2490 3811 2725 3859 carnem,
2758 3800 2887 3866 quia
2917 3797 3068 3852 Isaac
3096 3798 3261 3853 homo
3285 3807 3495 3853 tantum

244 3895 497 3966 ὑπῆρχεν
526 3894 558 3944 ὁ
592 3889 801 3944 Ἰθαάκ.
838 3886 1246 3957 Παραπλησίως
1282 3884 1339 3937 δὲ
1382 3884 1476 3937 καὶ
1513 3882 1623 3935 τῶν
1651 3882 1820 3935 ἄλλων

1934 3897 2064 3943 erat.
2116 3888 2433 3958 Eodemque
2480 3887 2645 3942 modo
2674 3890 2813 3943 alios
2861 3889 3027 3943 etiam
3055 3900 3446 3946 commemorat
3477 3910 3492 3946 :

242 3986 660 4057 ἐμνημόνευσεν
680 4000 693 4012 ο
744 3980 1023 4051 ἅνθρωποι
1070 3978 1180 4049 γάρ
1211 3973 1377 4048 ἦσαν,
1409 3976 1561 4028 οὐδὲν
1591 3973 1696 4039 ἔξω
1725 3973 1820 4041 τῆς

1934 3977 2181 4032 homines
2251 3976 2398 4031 enim
2467 3987 2654 4043 erant,
2701 3993 2808 4033 nec
2868 3980 3167 4051 quidquam
3222 3983 3498 4039 habebant

245 4079 467 4147 φύσεως
490 4077 725 4148 ἔχοντες.
762 4072 898 4143 Περὶ
935 4072 1118 4142 μέντοι
1157 4069 1250 4123 τοῦ
1283 4067 1558 4123 Δεσπότου
1584 4062 1820 4136 Χριστοῦ

1934 4076 2126 4137 praeter
2153 4066 2490 4138 (humanam)
2512 4079 2783 4124 naturam.
2819 4071 2889 4124 At
2913 4071 2981 4126 de
3010 4071 3233 4127 Christo
3266 4074 3494 4128 Domino

243 4169 629 4238 διαλεγόμενοι
683 4165 783 4234 τῆς
833 4161 1089 4233 ἀληθείας
1137 4161 1187 4214 οί
1235 4161 1514 4231 κήρυκες,
1568 4159 1662 4211 καὶ
1713 4158 1820 4219 τοῖς

1934 4155 2263 4213 disserentes
2294 4158 2546 4214 veritatis
2566 4175 2870 4229 pra-nones,
2900 4172 2957 4218 et
2982 4162 3188 4234 ignaris
3215 4165 3494 4236 cognatio-

248 4256 542 4327 ἀγνοοῦσιν
582 4251 990 4314 ἐπιδεικνύντες
1029 4250 1128 4320 τὴν
1172 4248 1324 4302 κάτω
1372 4246 1713 4316 συγγένειαν,
1766 4244 1820 4297 τὸ

1934 4262 2055 4302 nem
2102 4263 2230 4303 cum
2284 4249 2548 4305 inferiore
2574 4262 2777 4306 natura
2828 4255 3221 4319 ostendentes,
3286 4255 3497 4311 addunt

246 4351 402 4402 κατὰ
458 4346 660 4414 σάρκα
715 4343 1066 4407 συνάπτουσι,
1092 4340 1261 4411 ταύτῃ
1321 4339 1676 4409 σημαίνοντες
1727 4339 1820 4398 τὴν

1934 4340 2211 4395 secundum
2266 4358 2479 4395 carnem
2503 4382 2519 4406 ,
2602 4342 2706 4399 hac
2756 4344 2971 4401 ratione
3014 4345 3357 4402 divinitatem
3406 4348 3496 4402 in-

251 4440 518 4509 σεότητα,
560 4437 658 4490 καὶ
682 4435 1023 4497 διδάσκοντες
1054 4432 1130 4495 ὡς
1167 4431 1266 4485 ούκ
1310 4430 1593 4501 ἄνθρωπος
1639 4428 1820 4499 μόνον,

1934 4432 2198 4496 dicantes,
2241 4440 2300 4487 et
2344 4433 2607 4489 docentes
2648 4450 2758 4489 non
2810 4436 3091 4491 hominem
3136 4437 3346 4504 solum,
3399 4437 3497 4492 sed

245 4529 387 4584 sua
412 4531 510 4581 καὶ
545 4526 660 4597 (58)
692 4525 825 4588 Θεὸς
858 4524 1183 4595 προαιώνιος
1211 4526 1241 4576 ό
1261 4523 1537 4591 Δεσπότης
1564 4520 1820 4591 Χριστός.

1934 4522 2095 4578 etiam
2119 4522 2290 4576 Dcum
2315 4531 2580 4578 :eternum
2615 4538 2738 4579 esse
2766 4523 3048 4581 Christum
3078 4527 3393 4582 Dominum.

316 4616 527 4671 ΕΡΔΝ.
569 4612 776 4677 Πολλὰς
802 4615 902 4684 μὲν
919 4613 1014 4667 καὶ
1038 4611 1404 4675 ἀποστολικὰς
1435 4612 1527 4664 καί
1555 4625 1820 4680 προφητι-

1990 4613 2197 4667 ERAN.
2228 4614 2550 4670 Multame
2562 4623 2621 4669 et
2646 4616 2947 4684 apostolica
2967 4617 3353 4687 etprophetica
3370 4628 3501 4687 pro-‘

247 4709 350 4774 κάς
386 4708 710 4779 παρήγαγες
742 4705 1050 4778 μαρτυρίας
1070 4721 1084 4737 ο
1114 4703 1226 4775 ἐγὼ
1254 4704 1310 4758 δὲ
1338 4702 1417 4774 τῷ
1437 4701 1811 4773 Εὐαγγελιστῇ

1934 4705 2103 4760 tulisti
2133 4706 2482 4760 testimonia:
2517 4720 2623 4776 ego
2647 4720 2782 4760 vero
2813 4706 3180 4776 Evangelistae
3212 4706 3380 4762 credo
3406 4706 3494 4759 di-

246 4800 510 4870 πείθομαι
542 4798 757 4868 λέγοντι
777 4813 792 4828 ο
831 4816 851 4849 α
900 4798 960 4851 ’0
984 4796 1157 4865 Λόγος
1187 4795 1325 4867 σάρξ
1346 4794 1582 4866 ἐγένετο.
1618 4814 1635 4846 ι

1934 4798 2075 4854 senti
2106 4814 2119 4851 :
2161 4814 2181 4848 ε
2214 4796 2459 4851 Verbum
2488 4811 2619 4851 caro
2646 4795 2850 4849 factum
2879 4797 3044 4851 est".
3085 4816 3104 4849 ι

318 4890 474 4945 ΟΡΘ.
517 4888 688 4960 Κάγὼ
722 4889 981 4959 πείθομαι
1008 4891 1074 4959 τῇ
1111 4888 1231 4959 Θείᾳ
1270 4887 1442 4958 ταύτῃ
1475 4886 1817 4959 διδασκαλίᾳ.

1996 4885 2205 4942 ORTH.
2238 4884 2352 4955 Ego
2378 4900 2596 4954 quoque
2621 4884 2895 4939 assentior
2914 4885 3043 4940 huic
3067 4883 3266 4939 divine
3288 4882 3496 4939 doctri-

247 4983 352 5037 νοῶ
389 4982 450 5034 δὲ
481 4982 651 5053 αὐτὴν
696 4980 935 5044 εύσεὸὦς
972 4980 1055 5033 ὅτι
1088 4979 1266 5050 σάρκα
1300 4978 1480 5032 λαῦὼν
1513 4979 1609 5032 καὶ
1639 4980 1820 5049 ψυχὴν

1934 4993 2030 5042 nae.
2063 4975 2158 5032 sed
2184 4975 2274 5045 pie
2298 4974 2447 5029 illam
2464 4974 2732 5047 intelligo,
2762 4974 2909 5045 quod
2939 4960 3160 5029 carnem
3191 4987 3495 5036 assumens,

244 5074 497 5145 ιογικὴν,
530 5074 749 5143 λέγεται
768 5070 1098 5142 γεγενῆσθαι
1144 5069 1299 5140 σάρξ.
1342 5070 1404 5122 Εἰ
1432 5069 1488 5122 δὲ
1534 5069 1704 5139 μηδὲν
1755 5072 1820 5122 ὲκ

1934 5080 1982 5126 et
2010 5070 2250 5125 animam
2282 5066 2627 5133 rationalem,
2675 5084 2802 5123 caro
2857 5067 3059 5123 factum
3103 5081 3224 5121 esse
3269 5065 3493 5121 dicitur.

252 5166 340 5233 τῆς
369 5165 649 5237 ἡμετέρας
671 5164 885 5234 φύσεως
914 5162 1106 5217 ἐλαϐεν
1133 5163 1162 5214 ό
1189 5160 1319 5224 Θεὸς
1342 5161 1534 5228 Λόγος,
1563 5161 1663 5213 οὐκ
1683 5160 1815 5226 ἁλη-

1934 5160 2078 5227 Quod
2102 5158 2147 5214 si
2173 5158 2314 5213 nihil
2351 5174 2419 5214 ex
2437 5167 2623 5213 nostra
2642 5167 2842 5213 natura
2868 5155 3167 5226 assumpsit
3188 5155 3331 5210 Deus
3363 5156 3497 5208 Ver-

245 5257 356 5319 θεῖς
395 5257 495 5327 μὲν
519 5257 577 5309 αί
626 5256 762 5327 πρὸς
791 5255 916 5317 τοὺς
954 5252 1296 5323 πατριάρχας
1343 5250 1493 5321 παρὰ
1540 5250 1633 5303 τοῦ
1676 5249 1811 5302 Θεοῦ

1934 5252 2076 5312 bum,
2119 5262 2267 5303 vera:
2314 5263 2426 5302 non
2458 5256 2587 5303 sunt
2616 5248 2948 5318 patriarchis
2992 5264 3023 5301 a
3058 5246 3170 5301 Deo
3211 5245 3496 5299 universa.

1424 5433 1465 5464 ⁹¹
1518 5433 1675 5486 Rom.
1708 5446 1746 5483 ι.
1785 5428 1896 5482 1-5.
1996 5430 2039 5459 θ’
2063 5428 2256 5483 Matth.
2283 5444 2319 5489 ι,
2360 5428 2413 5481 2.
2485 5428 2529 5460 ⁸³
2564 5427 2719 5482 Joan.
2757 5444 2791 5490 ι,
2826 5429 2912 5481 H.

314 5433 506 5492 I‘Act.
530 5453 644 5499 xm,
667 5436 755 5489 9.5.
867 5435 976 5491 “ll
1026 5436 1166 5493 Tim.
1203 5450 1259 5498 ιι,
1295 5434 1345 5488 8.

309 5601 427 5668 (35)
456 5600 559 5654 Ed.
607 5601 767 5655 Rom.
808 5608 862 5653 et
891 5599 1039 5668 Lips.
1073 5598 1219 5664 περί.

1991 5591 2102 5660 (57)
2128 5592 2202 5645 δέ.
2244 5589 2403 5660 Locis
2433 5589 2525 5660 cit.
2553 5590 2803 5658 sequitur
2842 5593 2955 5646 καί.

462 5673 551 5726 ἀλ.
582 5669 825 5738 Utraque
855 5662 1022 5722 editio
1056 5662 1219 5723 habet
1257 5666 1553 5730 εὐσεϐεῖας.

1991 5658 2100 5733 (38)
2128 5662 2242 5714 καί.
2277 5658 2353 5712 Ex
2382 5658 2469 5713 ed.
2499 5659 2655 5713 Rom.
2686 5672 2740 5715 et
2772 5661 2917 5732 Lips.
2954 5670 3287 5735 suppletum.
