4006 6202
552 258 619 326 7i

1532 255 2017 317 THEODORETI
2056 254 2394 316 EPISCOPI
2433 257 2793 320 CYRENSIS

3730 268 3805 331 7?.

553 385 679 425 rum
709 366 1063 439 iureiurando
1094 367 1316 421 sancitze
1349 366 1759 437 promissiones,
1790 367 2003 420 inutilis
2030 382 2128 419 au-

2254 367 2337 418 τῶν
2364 368 2500 422 ὅλων
2538 369 2657 439 μεθ’
2694 369 2873 439 ὅρκων
2904 368 3265 439 γεγενημέναι
3302 365 3584 439 συνθῆκαι,
3608 365 3803 436 ἀνόνη-

557 472 664 515 tem
686 460 795 530 [ιο
818 458 971 513 Judze
1012 457 1324 511 benedictio
1353 499 1367 522 ,
1410 466 1466 511 et
1500 457 1631 510 lalsa
1670 473 1790 525 qua:
1830 457 2019 510 Davidi
2051 457 2127 509 fa-

555 560 639 603 cta
671 557 755 602 est
780 548 1091 616 promissio.
1133 546 1544 615 Supervacanca
1582 561 1711 599 vero
1731 546 1896 598 etiam
1934 546 2120 615 Virgo,
2152 554 2167 570 ‘

553 657 674 708 qua:
698 640 809 693 Deo
863 639 1142 691 incarnato
1182 637 1317 690 nihil
1365 644 1573 689 naturae
1628 643 1828 688 nostra:
1868 636 2120 687 contulit.

558 732 950 799 PrOphetarum
987 746 1205 799 quoque
1238 729 1621 798 przedictiones
1673 727 1836 781 ﬁnem
1891 744 1999 780 non
2038 729 2127 781 ha-

557 824 705 877 bent.
756 824 935 888 Quare
981 822 1157 875 inanis
1191 836 1408 890 quoque
1446 830 1527 873 est
1576 819 1888 888 praedicatio
1919 830 2126 883 nostra,

557 915 735 968 inanis
767 914 900 967 lides
941 920 1150 974 nostra,
1182 926 1318 962 vana
1353 924 1570 978 quoque
1609 924 1734 977 spes
1764 908 2129 962 resurrectio-

557 1007 663 1060 nis.
712 1006 971 1059 Mentitur
1018 1004 1184 1067 enim,
1222 1003 1535 1066 utvidetur,
1564 1001 1856 1070 Apostolus
1884 1001 2073 1054 dicens
2112 1018 2125 1051 :

565 1118 581 1148 ι
628 1099 744 1153 Una
783 1096 1126 1150 resuscitavit
1147 1104 1202 1148 et
1228 1093 1421 1147 sedere
1448 1108 1547 1146 nos
1576 1091 1704 1145 fecit
1732 1092 1787 1145 in
1814 1092 2131 1147 cmlestibus

557 1205 681 1245 cum
738 1188 960 1243 Christo
1009 1187 1139 1241 Jesu
1161 1186 1229 1237 ”.
1274 1204 1291 1235 ι
1350 1184 1405 1238 Si
1455 1184 1601 1237 enim
1667 1192 1868 1237 nostra:
1920 1190 2131 1236 natura:

556 1280 810 1335 Christus
838 1278 1103 1331 Dominus
1132 1276 1267 1329 nihil
1300 1276 1532 1337 habuit,
1566 1274 1700 1329 falso
1747 1274 2002 1344 primitiae
2036 1288 2133 1327 no-

558 1379 684 1425 stra:
712 1370 1015 1438 appellatus
1053 1375 1135 1420 est
1168 1384 1180 1417 :
1212 1364 1460 1434 corporis
1480 1379 1642 1433 porro
1672 1373 1867 1416 natura
1892 1378 1959 1417 ex
1986 1378 2134 1415 mor-

562 1462 669 1515 tuis
693 1460 927 1513 excitata
958 1474 1065 1510 non
1100 1466 1204 1518 est,
1235 1471 1413 1525 neque
1456 1456 1509 1508 in
1545 1455 1684 1509 cmlo
1718 1455 1903 1509 sedem
1941 1470 1970 1507 a
1995 1454 2130 1507 dex-

561 1552 693 1605 teris
718 1557 1029 1604 consecuta.
1052 1547 1205 1613 Quod
1227 1547 1271 1601 si
1308 1561 1440 1599 vero
1469 1546 1606 1599 nihil
1644 1546 1839 1599 horum
1870 1546 2130 1607 obtinuit,

560 1641 836 1710 quomodo
866 1657 964 1693 nos
990 1641 1130 1692 Deus
1159 1654 1263 1691 una
1301 1636 1649 1690 resuscitavit
1678 1644 1732 1688 et
1766 1651 1889 1689 cum
1913 1635 2135 1689 Christo

2233 476 2325 521 τος
2373 460 2431 512 δὲ
2464 459 2557 512 τοῦ
2613 461 2781 514 Ἰούδα
2823 463 2855 530 ἡ
2890 460 3129 527 εὐλογία,
3170 459 3370 529 ψευδὴς
3398 459 3512 529 δέή
3552 458 3686 530 πρὸς
3710 458 3806 510 τὸν

2233 549 2397 601 Δαόὶδ
2427 551 2747 619 ἐπαγγελία,
2779 551 3009 621 περιττὴ
3038 551 3091 602 δέ
3130 551 3223 601 καὶ
3254 552 3285 618 ἠ
3324 549 3622 619 Παρθένος,
3651 549 3807 600 οὑῐέν

2232 639 2332 707 τῆς
2359 641 2631 710 ἡμετέρας
2656 641 2867 710 φύσεως
2892 641 2965 710 τῷ
2992 641 3326 711 σαρκωθέντι
3358 658 3586 710 προσενε
3604 641 3804 706 fxo-33a

2235 730 2373 800 Θεῷ.
2408 732 2473 783 Αἱ
2495 731 2550 782 δὲ
2580 732 2688 784 τῶν
2720 731 3013 801 προφητῶν
3049 732 3379 800 προρρήσεις
3408 732 3464 782 τὸ
3504 731 3674 796 πέρας
3704 731 3807 780 οὑκ

2236 819 2435 889 ἔχουσι.
2466 822 2635 873 Κενδν
2660 818 2752 874 οὖν
2776 821 2883 892 ἄρα
2901 821 2961 872 τὸ
2978 822 3243 891 κήρυγμα
3269 820 3445 890 ἡμῶν.
3472 822 3600 889 κενὴ
3627 822 3682 872 δέ
3712 823 3809 872 καί

2236 911 2487 980 ἡπίστις
2537 911 2715 979 ἡμῶν,
2767 910 2968 979 ματαία
3019 910 3202 961 δὲκαὶ
3248 910 3345 978 τῆς
3400 910 3807 978 ἀναστάσεωςή

2237 1000 2419 1062 ἐλπίς.
2463 1000 2730 1053 Ψεύδεται
2763 1001 2889 1068 γὰρ,
2923 1000 2997 1062 ὼς
3045 1000 3242 1058 ἔοικεν,
3295 1002 3321 1051 ὁ
3368 1000 3682 1060 Ἀπόστολος
3719 1002 3807 1051 λέ-

2236 1107 2386 1161 γων·
2430 1109 2447 1141 ι
2492 1092 2788 1161 Συνήγειρε
2841 1094 2934 1143 καὶ
2993 1092 3350 1144 συνεκάθισεν
3395 1094 3539 1161 ἡμᾶς
3592 1094 3649 1143 ἐν
3693 1096 3808 1155 τοῖς

2236 1178 2580 1249 ἐπουρανίοις
2627 1182 2682 1231 ἐν
2718 1179 2936 1251 Χριστῷ
2981 1179 3175 1249 Ἰησοῦ.
3210 1199 3227 1230 ›
3265 1181 3323 1232 Εἰ
3355 1182 3461 1250 γὰρ
3516 1181 3678 1249 μηδὲν
3710 1182 3811 1248 τῆς

2237 1270 2513 1340 ἡμετέρας
2536 1270 2749 1338 φύσεως
2774 1266 2918 1340 εἶχεν
2947 1272 2974 1322 ὁ
3007 1271 3282 1340 Δεσπότης
3305 1271 3559 1341 Χριστὸς.
3594 1270 3811 1338 ψευδῶς

2242 1360 2341 1428 μὲν
2369 1358 2525 1429 ἡμῶν
2554 1360 2777 1429 ἀπαρχὴ
2800 1360 3266 1429 προσηγόρευταιο
3292 1361 3541 1430 σώματος
3569 1360 3623 1411 δέ
3646 1360 3812 1428 φύσις

2239 1448 2304 1501 ἐκ
2341 1448 2553 1518 νεκρῶν
2584 1450 2684 1500 οὑκ
2718 1450 3034 1519 ἐγήγερται,
3065 1448 3188 1502 οὔτε
3234 1451 3340 1520 μὴν
3382 1452 3439 1503 ἐν
3464 1450 3676 1521 οὐρανῷ
3709 1451 3813 1520 τῆς

2240 1538 2303 1588 ἐκ
2331 1536 2519 1601 δεξιῶν
2551 1536 2821 1607 καθέδρας
2850 1530 3168 1607 τετύχηκεν.
3204 1538 3265 1591 Εἰ
3303 1539 3359 1591 δὲ
3400 1539 3567 1608 μηδὲν
3604 1540 3814 1592 τούτων

2238 1625 2531 1695 τετύχηκε,
2561 1627 2676 1688 πῶς
2714 1629 2863 1696 ἡμᾶς
2895 1629 2923 1680 ὁ
2960 1627 3092 1690 Θεὸς
3128 1631 3417 1699 συνήγειρε
3459 1647 3517 1681 τε
3560 1632 3654 1683 καὶ
3683 1649 3817 1682 συν-

562 1732 754 1786 scdere
779 1731 927 1792 fecit,
962 1730 1054 1798 qui
1105 1729 1241 1782 nihil
1286 1728 1352 1781 ad
1378 1743 1500 1781 cum
1534 1726 1835 1780 secundum
1882 1735 2143 1779 naturam-

2254 1718 2458 1769 ῑκάθισε
2496 1717 2575 1787 τῷ
2613 1718 2854 1787 Χριστῷ,
2886 1720 3013 1781 τοὺς
3064 1720 3226 1789 μηδὲν
3270 1722 3416 1790 αὐτῷ
3462 1722 3604 1775 κατά
3649 1722 3819 1792 φύσιν

564 1822 903 1876 attinemus?
938 1820 1043 1874 Sed
1074 1819 1300 1887 impium
1336 1826 1419 1871 est
1449 1818 1564 1871 haac
1592 1818 1799 1870 dicere.
1836 1815 1969 1868 Nam
2000 1816 2140 1869 divi-

565 1930 668 1968 nus
706 1912 1020 1981 Apostolus,
1057 1911 1187 1963 licet
1228 1910 1471 1962 nondum
1517 1908 1655 1961 facta
1716 1907 1787 1960 sit
1830 1906 2141 1959 communis

565 2006 913 2067 resurrectio,
938 2019 1043 2057 nec
1068 2017 1294 2072 regnum
1318 2001 1579 2054 caelorum
1604 1997 1958 2051 credentibus
1989 1996 2141 2050 exhi-

565 2094 762 2155 bitum,
801 2095 1001 2147 clamat
1055 2100 1236 2143 tamen
1286 2106 1297 2140 :
1339 2108 1356 2137 ι
1392 2088 1509 2142 Una
1549 2087 1901 2141 resuscitavit
1951 2093 2007 2139 et
2057 2100 2143 2139 se-

563 2186 694 2239 dere
748 2200 846 2237 nos
880 2183 1009 2235 fecit
1040 2181 1095 2233 in
1147 2180 1466 2234 caelestibus
1501 2194 1626 2231 cum
1673 2178 1889 2231 Christo
1935 2176 2084 2237 Jesu,
2116 2193 2134 2225 ι

564 2278 790 2336 docens,
826 2289 948 2327 cum
973 2272 1230 2341 primitize
1255 2280 1457 2325 nostra;
1492 2268 1956 2327 resurrexerint‘,
1983 2274 2039 2319 et
2072 2265 2141 2319 ad

565 2368 851 2420 dexteram
882 2362 1257 2424 consederint,
1294 2376 1395 2414 nos
1430 2372 1648 2429 quoque
1680 2357 2140 2411 resurrectionem

566 2457 795 2511 omnino
834 2459 1227 2508 consecuturos
1254 2466 1403 2513 esse;
1446 2457 1502 2503 et
1548 2447 1915 2517 primitiarum
1960 2446 2145 2515 gloria:

567 2547 863 2619 participes
914 2559 1035 2598 esse
1084 2542 1299 2595 futuros
1345 2540 1439 2610 qui
1488 2549 1741 2593 naturam
1786 2537 2141 2607 participant,

569 2639 843 2707 [idemque
877 2640 1257 2703 susceperunt.

644 2778 851 2835 EBAN.
886 2777 954 2831 Et
979 2775 1151 2829 multa
1175 2781 1231 2827 et
1263 2787 1390 2826 vera
1412 2771 1675 2825 enarrasti
1715 2788 1727 2823 :
1756 2770 1849 2824 scd
1881 2786 1981 2841 ego
2016 2769 2147 2824 dicti

566 2871 871 2942 evangelici
903 2867 1231 2923 sententiam
1258 2864 1399 2918 scire
1426 2864 1609 2917 velim.

642 3002 850 3058 ORTH.
907 2997 1369 3066 lnterpretatione
1420 2994 1709 3064 peregrina
1775 2993 1872 3047 tibi
1926 3008 2035 3046 non
2062 3002 2148 3048 est

573 3106 712 3159 opus
759 3107 772 3140 :
820 3057 1164 3155 Evangelista
1226 3084 1372 3137 enim
1428 3057 1667 3152 seipsuin
1727 3082 2141 3152 interpretatur.
2174 3057 2215 3113 (ἶ

572 3179 707 3229 Cum
784 3174 932 3229 enim
1002 3173 1229 3226 dixisset
1284 3190 1298 3224 :
1359 3192 1377 3223 ‹
1452 3172 1688 3225 Verbum
1750 3188 1880 3226 caro
1940 3174 2144 3227 factum

574 3274 679 3330 est,
718 3285 735 3316 ι
778 3264 1101 3334 subjunxit:
1141 3281 1158 3312 ι
1200 3263 1267 3316 Ει
1321 3262 1590 3315 habitavit
1644 3262 1700 3315 in
1755 3262 1917 3316 nobis
1942 3263 2094 3327 "'";
2124 3281 2141 3313 ι

577 3355 682 3409 hoc
714 3364 819 3417 est,
856 3354 958 3424 41
994 3353 1100 3405 lixo
1146 3351 1202 3404 in
1266 3352 1426 3405 nobis
1470 3351 1827 3405 tabernaculo
1876 3366 2148 3421 carneque

575 3458 644 3495 ex
678 3443 837 3496 nobis
886 3451 1164 3509 assumpta
1217 3440 1373 3508 quasi
1426 3440 1629 3508 templo
1678 3441 1915 3508 quodam
1968 3449 2146 3505 utens,

577 3550 705 3587 caro
752 3534 952 3586 factum
996 3533 1219 3586 dicitur.
1271 3533 1339 3585 Et
1382 3532 1588 3585 docens
1618 3548 1747 3585 eum
1807 3532 2151 3586 immutabile

580 3626 846 3679 mansisse
892 3624 1092 3693 adjecit
1132 3642 1144 3676 :
1185 3642 1203 3674 ι
1238 3624 1305 3676 Ει
1349 3623 1586 3677 vidimus
1612 3624 1837 3693 gloriam
1862 3624 2001 3693 ejus,
2033 3624 2151 3693 glo-

580 3718 715 3771 riam
740 3715 895 3784 quasi
928 3713 1206 3782 Unigeniti
1235 3730 1265 3767 a
1307 3714 1488 3776 Patre,
1516 3714 1742 3783 plenum
1766 3713 1951 3783 gratiae
1978 3721 2034 3766 et
2057 3728 2151 3766 ve-

581 3808 839 3862 ritatis".
881 3825 899 3857 ι
929 3806 1143 3859 Etenim
1197 3820 1362 3859 carne
1386 3805 1619 3858 amictus
1648 3814 1933 3875 paternam
1956 3803 2156 3857 nobili-

582 3906 747 3951 tatem
782 3913 893 3965 prm
923 3912 980 3949 se
1018 3896 1249 3957 ferebat,
1277 3894 1691 3963 divinitatisque
1718 3895 1903 3950 radios
1939 3909 2157 3964 sparge-

585 3989 714 4051 bat,
747 3997 803 4041 et
852 3986 1150 4041 Dominicze
1196 3986 1485 4053 potestatis
1536 3986 1801 4054 fulgorem
1848 3986 2155 4049 evibrabat,

582 4078 843 4131 latentem
861 4084 1113 4128 naturam
1139 4073 1419 4126 miraculis
1448 4073 1805 4141 patefaciens.
1832 4074 1929 4127 His
1957 4074 2159 4128 similia

585 4176 713 4221 sunt
740 4182 861 4236 quae
890 4168 958 4220 ad
1005 4166 1385 4234 Philippenses
1414 4164 1635 4232 scripsit
1677 4164 1897 4218 divinus
1933 4164 2162 4232 Aposto-

587 4258 673 4312 lus
696 4275 709 4311 :
737 4278 754 4307 ι
781 4258 894 4311 lloc
930 4258 1131 4310 sentite
1160 4256 1213 4309 in
1234 4254 1391 4307 vobis
1412 4253 1558 4323 quod
1583 4263 1637 4307 et
1668 4256 1723 4307 in
1749 4255 1967 4309 Christo
1989 4255 2117 4309 Jesu
2144 4272 2157 4307 :

586 4351 682 4419 qui
718 4366 841 4404 cum
879 4349 935 4400 in
968 4348 1142 4400 forma
1179 4346 1273 4399 Dei
1298 4354 1465 4409 esset,
1510 4360 1619 4399 non
1652 4346 1896 4415 rapinam
1924 4346 2161 4399 arbitra-

589 4452 678 4495 tus
709 4449 792 4494 est
820 4455 940 4494 esse
968 4454 1024 4491 se
1050 4438 1319 4506 aequalem
1364 4437 1496 4500 Deo,
1541 4437 1637 4491 sed
1677 4438 2031 4506 semetipsum
2064 4453 2160 4491 ex-

588 4533 839 4594 inanivit,
869 4532 1096 4584 formam
1130 4529 1273 4583 servi
1300 4545 1603 4591 assumens,
1639 4528 1707 4581 ad
1745 4530 2161 4583 similitudinem

589 4624 872 4678 hominum
909 4622 1105 4685 factus,
1142 4630 1197 4675 et
1229 4621 1420 4674 habitu
1468 4620 1721 4673 inventus
1746 4630 1806 4674 ut
1838 4620 2020 4675 homo.
2054 4621 2165 4674 llu-

591 4716 825 4771 miliavit
856 4714 1214 4782 semetipsum
1247 4712 1425 4766 factus
1447 4712 1712 4766 obedicns
1731 4727 1903 4781 usque
1934 4712 2002 4765 ad
2017 4727 2163 4766 mor-

592 4819 723 4871 tem,
757 4816 988 4861 mortem
1023 4814 1207 4858 autem
1238 4805 1501 4858 crucis".
1537 4824 1555 4854 ι
1587 4803 1722 4857 Vide
1761 4803 2166 4873 praedicationis

593 4898 1027 4953 consonantiam.
1076 4896 1422 4965 Evangelista
1450 4894 1590 4947 dixit
1629 4911 1642 4946 :
1694 4912 1711 4944 ι
1746 4893 1989 4947 Verbum
2038 4909 2165 4947 caro

594 4990 798 5044 factum
849 4999 953 5051 est,
989 4978 1071 5041 et'
1102 4985 1371 5039 habitavit
1418 4984 1473 5037 in
1526 4984 1719 5047 nobis;
1758 5002 1775 5033 ι
1832 4983 2163 5052 Apostolus:

604 5100 621 5130 ι
658 5080 813 5134 Servi
857 5079 1087 5132 formam
1126 5076 1464 5143 accipiens.»
1510 5075 1723 5127 Rursus
1755 5073 1890 5125 dixit
1918 5074 2166 5141 Evange-

596 5171 720 5225 lista
755 5187 767 5223 :
813 5190 830 5219 ι
867 5170 1115 5223 Vidimus
1141 5166 1367 5236 gloriam
1407 5166 1558 5233 ejus,
1591 5164 1819 5232 gloriam
1852 5163 2005 5231 quasi
2033 5164 2167 5217 Uni-

598 5261 767 5329 geniti
808 5276 837 5313 a
886 5260 1078 5323 Patre;
1124 5278 1140 5308 ι
1197 5256 1494 5325 Apostolus
1529 5272 1541 5307 :
1576 5273 1593 5304 ι
1631 5253 1735 5318 Qui
1770 5268 1893 5305 cum
1922 5253 1975 5304 in
1999 5252 2169 5308 forma

598 5351 697 5404 Dei
718 5358 883 5413 esset,
908 5365 1017 5402 non
1047 5349 1293 5418 rapinam
1316 5346 1614 5400 arbitratus
1639 5356 1723 5397 est
1749 5359 1870 5398 esse
1909 5360 1964 5397 se
1987 5360 2171 5413 xequa-

598 5442 707 5495 lem
736 5442 865 5493 Deo.
901 5460 917 5490 ι
957 5441 1045 5503 Ει,
1073 5450 1131 5493 ut
1157 5440 1348 5509 paucis
1370 5438 1573 5503 dicam,
1594 5436 1755 5491 ambo
1779 5436 1999 5503 docent,
2022 5452 2172 5502 eum,

669 5615 919 5686 "Eplics
971 5616 1100 5677 n.6,
1174 5617 1291 5647 "-"
1323 5616 1477 5669 Joan.
1528 5631 1563 5678 ι,
1607 5616 1685 5667 Η.
1760 5614 1803 5644 ⁵⁷
1837 5613 1973 5667 Ibid.

2196 4406 2240 4462 D

2240 1806 2653 1873 προσήκοντας;
2694 1806 2856 1858 Ἀλλά
2905 1806 3162 1869 δυσσεὸἐς
3194 1810 3254 1861 τὸ
3287 1810 3457 1862 ταῦτα
3506 1810 3706 1877 λέγειν.
3752 1814 3822 1865 ὐ

2239 1892 2347 1961 γάρ
2405 1891 2549 1952 θεῖος
2616 1893 2959 1958 Ἀπόστολος,
3011 1894 3239 1964 μηδέπω
3298 1897 3431 1965 μηδὲ
3480 1897 3579 1965 τῆς
3629 1900 3820 1969 κοινῆς

2226 1984 2588 2073 ,ἀναστάσεως
2617 1985 2937 2055 γενομένης,
2974 1988 3111 2056 μήτε
3143 1986 3242 2055 τῆς
3263 1988 3369 2039 τῶν
3392 1988 3635 2059 οὐρανῶν
3662 1991 3818 2057 βασι-

2240 2076 2387 2139 λείας
2422 2079 2535 2140 τοῖς
2564 2080 2951 2129 πεπιστευκόσι
2980 2078 3439 2149 παρασχεθεισης.
3477 2082 3601 2150 βοᾷ·
3632 2101 3649 2130 ι
3680 2084 3829 2134 Σαν-

2240 2168 2430 2237 ήγειρε
2461 2169 2556 2219 καὶ
2590 2167 2944 2221 συνεκάθισεν
2967 2171 3115 2239 ἡμᾶς
3149 2174 3205 2223 ἐν
3232 2175 3344 2233 τοῖς
3380 2173 3720 2242 ἐπουρανίοις
3758 2177 3818 2225 ἐν

2242 2257 2466 2327 Χριστῷ
2505 2254 2706 2327 Ἰησοῦ,
2767 2277 2785 2310 ι
2835 2259 3105 2312 διδάσκων
3140 2261 3215 2324 ὡς
3265 2262 3365 2330 τῆς
3412 2264 3665 2333 nam;
3717 2264 3819 2329 τῆς

2243 2351 2399 2421 ἡμῶν
2443 2351 2816 2413 ἀναστάσεως,
2868 2350 2963 2403 καὶ
3009 2352 3106 2421 τῆς
3158 2354 3220 2403 ἐκ
3267 2352 3455 2416 δεξιῶν
3519 2353 3819 2421 γενομένης

2242 2443 2530 2513 καθέδρας,
2582 2441 2889 2513 τευξόμεθα
2945 2443 3037 2495 καὶ
3088 2444 3245 2512 ἡμεῖς
3290 2444 3505 2505 πάντως
3544 2444 3640 2513 τῆς
3684 2444 3819 2495 ἀνα-

2247 2532 2513 2595 στάσεως,
2538 2531 2633 2583 καὶ
2660 2533 2726 2601 τῇ
2753 2533 2973 2601 ἀπαρχῇ
2999 2530 3315 2583 κοινωνοῦσι
3339 2535 3434 2602 τῆς
3449 2532 3602 2601 δόξης
3624 2534 3672 2583 οἱ
3700 2549 3819 2584 κοιε-

2246 2621 2541 2685 νωνοῦντες
2557 2622 2656 2691 τῆς
2675 2621 2885 2690 φύσεως
2901 2622 2993 2674 καὶ
3021 2622 3406 2691 μετειληφότες
3434 2622 3532 2690 τῆς
3564 2623 3792 2684 πίστεως

2318 2734 2525 2788 EPAN.
2570 2735 2679 2787 Kal
2712 2734 2941 2798 πολλοὺς
2971 2736 3065 2787 καὶ
3091 2735 3307 2805 ἀληθεῖς
3334 2735 3709 2807 διεξελήλυθας
3728 2737 3821 2789 λό-

2248 2842 2379 2894 γους
2398 2842 2411 2855 ·
2439 2823 2554 2878 ἀλλ’
2580 2824 2886 2895 ἐϐουλόμην
2906 2825 3109 2893 γνῶναι
3143 2825 3236 2878 τοῦ
3266 2826 3622 2895 εὑαγγελικοῦ
3650 2827 3818 2899 ῥητοῦ

2249 2919 2347 2988 τὴν
2376 2918 2636 2971 διάνοιαν.

2324 3012 2476 3064 ΟΡΘ.
2511 3011 2587 3063 Οὑ
2636 3010 2719 3063 δεῖ
2753 3028 2834 3063 σοι
2870 3010 3029 3080 ξένης
3079 3011 3405 3081 ἑρμηνείας⁸
3458 3013 3618 3074 αὑτὸς
3651 3012 3759 3084 γὰρ
3791 3016 3823 3067 6

2252 3113 2660 3181 Εὑαγγελιστὴς
2693 3112 2884 3165 ἑαυτὸν
2932 3111 3245 3181 ἐρμηνεύει.
3280 3111 3462 3167 Εἰπὼν
3503 3117 3612 3184 γὰρ
3638 3154 3652 3179 ,
3688 3135 3706 3166 ι
3762 3117 3823 3168 '0

2252 3214 2424 3282 Λόγος
2460 3212 2597 3285 σάρξ
2631 3212 2869 3281 ἐγένετο,
2908 3231 2927 3262 ›
2963 3213 3249 3283 ἐπήγαγε·
3294 3231 3311 3264 ι
3370 3213 3477 3266 Kal
3511 3216 3827 3284 ἐσκήνωσεν

2255 3315 2314 3367 ἐν
2351 3316 2481 3384 ἡμῖν
2506 3329 2520 3344 ·
2563 3332 2582 3364 ι
2613 3313 2760 3365 τοῦτ’
2802 3312 2969 3376 ἐστιν,
3007 3313 3064 3365 ἐν
3091 3314 3219 3381 ἡμῖν
3249 3310 3555 3381 σκηνώσας,
3594 3315 3686 3367 καὶ
3714 3310 3826 3369 οἷόν

2253 3434 2360 3469 τινι
2398 3415 2511 3486 ναῷ
2545 3416 2887 3487 χρησάμενος
2925 3418 2992 3485 τῇ
3021 3414 3078 3480 ἐξ
3123 3414 3280 3484 ἡμῶν
3324 3414 3592 3488 ληφθεὶσῃ
3639 3406 3825 3486 σαρκὶ,

2262 3517 2482 3585 λέγεται
2528 3516 2862 3585 γεγενῆσθαι
2897 3515 3053 3587 σάρξ.
3102 3517 3209 3569 Kal
3250 3516 3514 3569 διδάσκων
3547 3518 3622 3580 ὡς
3663 3518 3828 3570 ἀναλ-

2256 3616 2474 3678 λοίωτος
2491 3616 2720 3686 ἔμεινεν,
2742 3617 3008 3685 ἐπήγαγε*
3035 3636 3051 3666 ‹
3079 3618 3186 3669 Kal
3202 3616 3544 3687 ἐθεασάμεθα
3562 3620 3658 3690 τὴν
3674 3619 3831 3683 δόξαν

2259 3717 2450 3780 αὑτοῦ,
2482 3716 2639 3780 δόξαν
2683 3717 2757 3779 ὡς
2792 3716 3132 3783 Μονογενοῦς
3168 3719 3315 3787 παρὰ
3351 3719 3585 3790 Πατρδς,
3622 3720 3834 3790 πλήρης

2260 3807 2479 3877 χάριτος
2511 3804 2911 3873 καὶοάληθείας.
2951 3825 2967 3855 ι
3017 3806 3127 3858 Kal
3160 3807 3338 3876 σάρκα
3369 3806 3477 3889 γάρ
3513 3809 3835 3881 περιϐεϐλη-

2266 3897 2445 3968 μένος,
2481 3895 2689 3949 ἐδείκνυ
2730 3895 2827 3965 τὴν
2860 3895 3119 3966 πατρῴαν
3151 3898 3450 3964 εὐγένειαν,
3483 3900 3693 3970 καὶτῆς
3713 3899 3835 3953 θεό-

2262 4005 2423 4058 τητος
2468 3987 2567 4049 τάς
2615 3988 2841 4048 ἀκτῖνας
2896 3986 3199 4055 ἐξέπεμπε,
3229 3988 3325 4040 καὶ
3375 3988 3473 4056 τῆς
3498 3990 3836 4059 Δεσποτικῆς

2265 4078 2510 4143 ἐξουσίας
2564 4078 2717 4146 ἠφίει
2775 4076 2875 4147 τὴν
2918 4077 3153 4147 αἴγλην,
3204 4080 3318 4140 ταῖς
3372 4077 3839 4148 θαυματουργίαις

2264 4167 2666 4221 ἀποκαλύπτων
2691 4168 2789 4233 τὴν
2816 4166 3185 4220 λανθάνουσαν
3206 4168 3382 4235 φύσιν.
3405 4168 3626 4231 Τούτοις
3659 4171 3841 4222 ἔοικεν

2266 4256 2301 4309 ἃ
2330 4248 2712 4324 Φιλιππησίοις
2737 4255 2976 4326 ἔγραψεν
3005 4257 3190 4320 ὁθεῖος
3233 4256 3546 4319 Ἀπόστολος
3566 4273 3580 4286 θ
3618 4277 3635 4308 ι
3664 4258 3843 4312 Τοῦτο

2270 4346 2571 4418 φρονεισθω
2598 4348 2655 4399 ὲν
2695 4348 2844 4417 ὑμῖν,
2880 4347 2908 4400 ὃ
2938 4348 3031 4400 καὶ
3068 4349 3136 4418 ἐν,
3170 4346 3389 4418 Χριστῷ
3437 4348 3609 4415 Ἰησοῦ
3633 4364 3646 4377 ·
3677 4348 3735 4409 ὃς
3780 4352 3842 4403 ὲν

2273 4416 2457 4509 μορφῇ
2491 4436 2627 4489 Θεοῦ
2677 4416 2958 4509 ὑπάρχων,
3012 4416 3442 4509 οὑχοάρήπαγμδν
3484 4442 3730 4509 ἡγήσατο
3780 4441 3841 4493 τὸ

2270 4525 2409 4582 εἶναι
2451 4530 2539 4582 ῐσα
2566 4528 2713 4597 Θεῷ·
2747 4530 2863 4582 ἀλλ’
2897 4531 3089 4581 ἐαυτὸν
3119 4530 3378 4593 ἐκένωσε,
3413 4531 3624 4601 μορφὴν
3650 4531 3841 4584 δούλου

2271 4622 2473 4685 λαϐὼν,
2499 4623 2558 4674 ἐν
2583 4621 2891 4692 ὁμοιώματι
2915 4622 3009 4674 ἀνθ
3020 4622 3215 4691 ρώπων
3242 4624 3552 4693 γενόμενος.
3594 4625 3687 4677 xal
3712 4628 3844 4695 σχή-

2277 4731 2407 4784 ματι
2447 4712 2688 4784 εὑρεθεὶς
2719 4713 2795 4777 ὠς
2840 4713 3143 4784 ἄνθρωπος.
3194 4714 3587 4769 Ἐταπείνωσεν
3628 4717 3842 4780 ἑαυτὸν,

2271 4806 2562 4875 γενόμενος
2587 4804 2825 4873 ὑπήκοος
2859 4805 3021 4874 μέχρι
3052 4804 3304 4869 θανάτου,
3338 4806 3567 4860 θανάτου
3598 4807 3655 4858 δὲ
3678 4825 3843 4861 σταυ-

2275 4896 2393 4967 ροῦ.
2440 4914 2458 4947 ι
2493 4894 2667 4948 Βλέπε
2698 4896 2798 4965 τὴν
2836 4896 2945 4947 τῶν
2991 4896 3362 4965 κηρυγμάτων
3406 4898 3748 4965 συγγένειαν.
3786 4899 3849 4949 Ὀ

2275 4985 2683 5055 Εὑαγγελιστὴς
2717 4984 2896 5039 εἶπεν*
2943 5006 2960 5037 ι
3000 4987 3056 5039 Ὀ
3086 4989 3256 5055 Λόγος
3289 4989 3422 5058 σάρξ
3476 4992 3709 5057 ἐγένετο,
3752 4990 3847 5043 καὶ

2276 5077 2585 5145 ἐσκήνωσεν
2608 5078 2663 5127 ἐν
2690 5079 2854 5145 ἡμῖν’
2898 5096 2911 5127 ι
2954 5080 2981 5130 ὁ
3022 5078 3342 5140 Ἀπόστολος
3361 5095 3373 5108 ·
3418 5099 3432 5129 ι
3467 5081 3695 5150 Μορφὴν
3722 5080 3850 5131 δού-

2277 5166 2371 5217 λου
2400 5164 2599 5218 λάϐών.
2636 5184 2654 5215 ι
2700 5166 2759 5216 'U
2783 5167 3185 5236 Εὑαγγελιστὴς
3224 5167 3385 5219 πάλιν
3413 5168 3549 5236 ἔφη·
3596 5186 3614 5218 ι
3662 5167 3851 5219 Ἐθεαι

2282 5254 2502 5323 σάμεθα
2538 5256 2636 5321 τὴν
2671 5255 2828 5318 δόξαν
2850 5257 3039 5321 αὑτοῦ,
3062 5257 3217 5321 δόξαν
3240 5258 3315 5319 ὼς
3338 5258 3670 5325 Μονογενοῦς
3699 5260 3852 5329 παρά

2281 5346 2397 5399 Πατ
2407 5346 2518 5414 ρόςο
2548 5366 2566 5398 ι
2584 5349 2611 5399 ὁ
2626 5346 2967 5410 Ἀπόστολος·
2996 5370 3012 5398 ι
3032 5350 3125 5411 Ὃς
3143 5352 3200 5400 ἐν
3218 5353 3401 5420 μορφῇ
3419 5349 3553 5402 Θεοῦ
3568 5349 3851 5421 ὑπάρχων,

2282 5438 2379 5508 οὐχ
2423 5437 2716 5510 ἁρπαγμὸν
2770 5440 3013 5511 ἡγήσατο
3057 5438 3117 5491 τὸ
3153 5435 3291 5495 εἶναι
3326 5441 3415 5493 ἴσα
3465 5442 3606 5511 Θεῷ.
3643 5458 3658 5492 ι
3717 5441 3854 5506 Καὶ,

2048 5613 2092 5645 θ’
2121 5613 2356 5681 Philipp.
2396 5630 2451 5671 ιι,
2487 5614 2607 5668 5-8.
