4006 6202
285 348 363 420 73
1353 347 1730 409 DIALOGUS
1770 345 1820 407 Ι.

1969 346 2501 409 IMMUTABILIS.
3469 346 3539 414 ἠ

292 458 596 529 αυλλήὸὃην
643 457 838 520 εἰπεῖν,
891 454 1196 526 ἀμφότεροι
1239 455 1583 510 διδάσκουσιν
1608 456 1691 509 ὃτι
1734 454 1856 517 Θεὸς

1970 469 2093 510 cum
2124 457 2270 511 Deus
2292 468 2437 513 esset
2466 456 2671 526 Deique
2693 454 2882 517 Filius,
2907 461 2963 508 et
2988 454 3162 510 Patris
3189 454 3360 527 gloria
3383 473 3543 515 orna-

284 550 388 611 ὢν,
412 549 507 601 καὶ
536 547 675 600 Θεοῦ
698 548 849 613 Υἱὸς,
874 548 971 601 καὶ
993 546 1094 616 τὴν
1121 546 1217 599 τοῦ
1243 547 1459 618 Πατρδς
1486 548 1869 617 περικείμενος

284 641 473 706 δόξαν,
519 640 615 693 καὶ
665 639 765 711 τὴν
799 638 970 709 αὐτὴν
1016 637 1156 708 ἔχων
1194 636 1359 707 φύσιν
1395 640 1492 692 καὶ
1527 640 1757 709 δύναμιν
1792 637 1869 709 τῷ

287 732 599 801 γεννήτορι,
627 731 656 783 6
695 730 753 781 ὲν
782 729 925 800 ἀρχῇ
952 725 1051 788 ὢν,
1080 726 1177 780 καὶ
1208 725 1343 797 πρὸς
1378 726 1468 780 τὸν
1495 725 1628 779 Θεον
1649 725 1744 791 ὢν,
1773 726 1867 781 καὶ

285 822 420 885 Θεὸς
440 821 540 885 ὢν,
574 822 672 874 καὶ
696 822 797 889 τὴν
818 819 997 873 κτίσιν
1013 818 1450 888 δημιουργήσας,
1477 816 1690 889 μορφὴν
1709 817 1867 873 ἔλαϐε

281 908 498 964 δούλου.
532 912 646 966 Καὶ
677 911 851 964 ἐδόκει
890 908 989 980 μὲν
1014 907 1173 961 τοῦτο
1202 907 1359 978 μόνον
1394 902 1533 962 εἶναι
1566 908 1595 961 ὅ
1622 908 1832 977 ἑωρᾶτο
1851 925 1865 940 ·

284 995 356 1070 ἦν
397 1000 455 1054 δὲ
495 1000 650 1063 Θεὸς,
689 997 1038 1070 ἀνθρωπείαν
1092 996 1478 1066 περικείμενος
1534 995 1727 1063 φύσιν,
1775 997 1868 1050 καὶ

285 1087 388 1159 τὴν
448 1086 559 1140 τῶν
607 1085 913 1158 ἀνθρώπων
986 1081 1509 1154 πραγματευόμενος
1570 1081 1863 1153 σωτηρίαν.

287 1178 461 1232 Τοῦτο
486 1178 638 1248 δηλοῖ
659 1178 742 1241 τὸ,
789 1194 807 1227 ι
842 1176 902 1229 '0
931 1174 1104 1243 Λόγος
1153 1173 1295 1245 σὰρξ
1322 1172 1558 1242 ἐγένετο,
1595 1192 1613 1226 ι
1645 1175 1739 1227 καὶ
1783 1173 1863 1238 τὸ,

294 1288 313 1321 ι
367 1269 459 1322 Ἑν
492 1267 797 1340 ὁμοιώματι
820 1264 1127 1337 ἀνθρώπων
1157 1265 1473 1336 γενόμενος,
1504 1267 1598 1319 καὶ
1626 1267 1866 1336 σχήματι

285 1358 535 1431 εὑρεθεὶς
575 1356 652 1423 ὡς
683 1356 991 1428 ἄνθρωπος.
1044 1375 1060 1406 ι
1101 1344 1274 1408 Τοῦτο
1303 1354 1412 1428 γὰρ
1454 1356 1612 1426 μόνον
1642 1355 1867 1408 ἔὸλεπον

285 1454 334 1506 oi
368 1451 636 1513 Ἰουδαῖοι,
667 1448 750 1503 διδ
774 1450 869 1502 καὶ
902 1450 1040 1521 πρὸς
1075 1448 1144 1503 αὖ
1156 1447 1239 1501 τὸν
1268 1447 1482 1517 ἔλεγον·
1510 1449 1673 1517 «Περὶ
1699 1447 1864 1501 καλοῦ

284 1542 451 1612 ἔργου
489 1541 552 1594 οὐ
601 1538 901 1611 λιθάζομέν
942 1556 1024 1605 σε,
1056 1537 1191 1592 ἀλλά
1224 1537 1353 1609 περὶ
1382 1538 1749 1610 βλασφημίας,
1783 1539 1864 1592 ὅτι

286 1632 574 1703 ἄνθρωπος
620 1632 698 1685 ὢν
733 1633 913 1695 ποιεῖς
953 1630 1182 1684 σεαυτὸν
1220 1630 1373 1685 Θεόν.
1429 1649 1449 1683 ι
1505 1631 1612 1684 Καὶ
1662 1630 1823 1683 πάλιν
1850 1646 1863 1658 ·

290 1743 310 1775 ι
340 1717 509 1787 Οὗτος
537 1724 567 1777 6
592 1722 877 1794 ἄνθρωπος
907 1722 1007 1775 οὐκ
1032 1721 1179 1774 εστιν
1195 1722 1306 1776 ἀπὸ
1337 1720 1498 1786 Θεοῦ,
1525 1721 1608 1773 ὅτι
1639 1721 1698 1773 τὸ
1727 1720 1863 1775 Σάϐ-

284 1814 451 1867 6ατον
481 1814 545 1867 οὐ
580 1816 759 1884 τηρεῖ.
797 1831 816 1864 ι

363 1905 572 1961 ΕΡΑΝ.
640 1905 880 1958 Ἰουδαῖοι
919 1903 1009 1957 διὰ
1065 1902 1166 1974 τὴν
1205 1904 1475 1977 σφετέραν
1526 1902 1863 1972 ἐτύφλωττον

290 1994 573 2060 ἀπιστίαν,
614 1996 708 2049 καὶ
758 1992 948 2047 τούτου
1000 1993 1163 2064 χάριν
1214 1992 1424 2056 τούτοις
1461 1992 1701 2064 ἐχρῶντο
1752 1996 1865 2056 τοῖς

286 2087 493 2156 λόγοις.

354 2175 508 2229 ΟΡΘ.
567 2174 627 2226 Ei
653 2172 711 2227 δὲ
752 2174 846 2228 καὶ
878 2174 1006 2237 τοὺς
1046 2174 1377 2238 ἀποστόλους
1416 2174 1600 2245 εῦροις
1630 2176 1735 2244 πρὸ
1765 2177 1863 2246 τῆς

280 2267 625 2328 ἀναστάσεως
729 2264 903 2319 ταῦτα
930 2265 1211 2335 λέγοντας,
1238 2265 1368 2337 δέχῃ
1396 2266 1494 2337 τὴν
1532 2268 1857 2337 ἑρμηνείαν;

292 2356 505 2410 ’Δκούω
533 2356 649 2426 (39}
702 2355 883 2409 τοίνυν
908 2354 1089 2408 αὐτῶν
1128 2356 1187 2408 ὲν
1235 2353 1311 2425 τῷ
1351 2355 1541 2422 πλοίῳ,
1587 2356 1727 2426 μετά
1762 2355 1859 2427 τὴν

283 2447 553 2519 μεγίστην
598 2446 699 2517 τῆς
742 2444 988 2515 γαλήνης
1043 2443 1508 2515 θαυματουργίαν,
1561 2445 1858 2513 λεγόντων*

288 2556 305 2589 ι
352 2536 605 2598 Ποταπός
640 2537 790 2588 ἐστιν
837 2538 865 2588 6
906 2534 1192 2605 ἄνθρωπος
1238 2526 1413 2598 οὗτος,
1452 2536 1533 2588 ὅτι
1563 2536 1657 2590 καὶ
1693 2538 1726 2607 η
1768 2536 1859 2591 ὑά-

279 2623 458 2677 λασσα
482 2625 577 2677 καὶ
609 2625 659 2676 οἱ
690 2623 883 2693 ἄνεμοι
916 2622 1283 2676 ὑπακούουσιν
1313 2624 1495 2694 αὐτῷ;
1521 2643 1539 2676 ι

354 2713 564 2767 EPAN.
614 2712 787 2765 Τοῦτο
843 2712 944 2781 μὲν
984 2710 1398 2766 ἀποδέδεικται⁸
1446 2715 1623 2767 ἐκεῖνο
1670 2714 1724 2767 δέ
1773 2733 1862 2786 μοι

285 2804 405 2858 εἰπέ.
429 2819 441 2832 ’
470 2805 500 2856 6
523 2802 667 2867 οεῖος
706 2802 1024 2866 1Απόστοὶος
1049 2804 1107 2856 ὲν
1132 2801 1439 2874 ὁμοιώματι
1468 2804 1629 2857 αὐτὸν
1648 2804 1860 2875 ἀνθρώ-

283 2907 389 2944 που
418 2889 747 2959 γεγενῆσθαι
774 2889 949 2959 λέγει.

354 2981 509 3035 ΟΡΘ.
554 2982 629 3033 Τὸ
676 2981 897 3051 ληφθὲν,
934 2981 1033 3052 οὐχ
1066 2982 1323 3052 ὁμοίωμα
1362 2982 1669 3052 ἀνθρώπου,
1725 2984 1860 3040 ἀλλὰ

281 3074 446 3144 φύσις
494 3071 807 3145 ἀνθρώπου.
861 3073 1062 3145 Μορφὴ
1108 3074 1218 3145 γὰρ
1266 3074 1451 3127 δούλου
1511 3073 1695 3147 [φύσις
1738 3077 1859 3131 δού-

276 3167 372 3218 λου
399 3163 563 3236 140)},
596 3164 849 3236 καθάπερ
871 3166 964 3218 καὶ
991 3167 1023 3235 ή
1054 3166 1236 3238 μορφὴ
1259 3165 1353 3218 τοῦ
1376 3166 1509 3220 Θεοῦ
1538 3167 1699 3237 φύσις
1715 3173 1854 3224 νοεῖ-

274 3276 366 3314 ται
402 3258 562 3313 Θεοῦ.
600 3257 774 3321 Αὐτὸς
825 3257 1009 3328 μέντοι
1036 3259 1066 3311 ὁ
1096 3256 1301 3328 ταύτην
1331 3257 1529 3323 λαϐὼν,
1563 3261 1623 3313 ὲν
1654 3262 1853 3332 ὁμοιώ-

282 3368 416 3420 ματι
445 3348 737 3421 ἀνθρώπου
768 3349 1006 3418 ἐγένετο,
1041 3350 1136 3403 καὶ
1163 3351 1222 3403 ἑν
1258 3351 1497 3422 σχήματι
1534 3352 1731 3425 εὑρέθη
1778 3354 1854 3419 ὡς

272 3440 587 3511 ἄνθρωπος.
611 3440 742 3504 Θεὸς
773 3439 882 3510 γὰρ
919 3438 1016 3502 ὢν,
1067 3440 1245 3495 ἐδόκει
1285 3442 1572 3513 ἅνθρωπος
1610 3440 1750 3499 εἶναι
1784 3446 1853 3501 δι’

272 3536 338 3604 ἢν
385 3533 650 3603 ἀνείληφε
708 3531 891 3602 φύσιν.
927 3532 986 3586 '0
1010 3532 1194 3603 μέντοι
1246 3533 1671 3607 εὐαγγελιστὴς,
1703 3537 1765 3591 τὸ
1792 3540 1852 3592 ἐν

272 3623 584 3695 ὁμοιώματι
662 3622 949 3696 ἀνθρώπου
1020 3623 1306 3692 γενέσθαι,
1362 3627 1540 3698 σάρκα
1602 3627 1705 3700 ἔφη
1758 3645 1852 3699 γε.

271 3714 483 3770 νέσθαι.
533 3716 650 3770 ἰνα
688 3715 745 3769 δὲ
795 3714 939 3787 γνῷς
976 3715 1059 3769 ὅτι
1106 3714 1201 3768 τοῦ
1245 3716 1487 3770 ἐναντίου
1539 3719 1850 3791 πνεύματός

273 3804 384 3857 εἰσι
416 3802 660 3874 μαθηταὶ
682 3804 733 3856 οί
762 3802 860 3874 τὴν
884 3804 1063 3875 σάρκα
1082 3803 1177 3856 τοῦ
1204 3801 1455 3876 Σωτῆρος
1476 3810 1507 3878 ὴ
1517 3807 1632 3877 μῶν
1654 3809 1851 3877 ἀρνού-

275 3912 453 3965 μενοι,
472 3896 705 3950 ἄκουσον
735 3895 829 3948 τοῦ
855 3895 1092 3966 μεγάλου
1130 3895 1374 3951 Ἰωάννου
1399 3899 1458 3951 ὲν
1487 3903 1551 3970 τῇ
1572 3900 1848 3975 Καθολικῇ

273 3988 530 4056 λέγοντος
550 4004 564 4018 ·
601 4007 616 4039 ι
652 3989 768 4041 Πᾶν
797 3986 1017 4058 πνεῦμα
1039 3986 1068 4040 6
1096 3988 1350 4059 ὁμολογεῖ
1381 3989 1588 4059 Ἰησοῦν
1616 3991 1852 4063 Χριστὸν

271 4080 329 4133 ἐν
368 4079 536 4150 σαρκὶ
580 4078 925 4149 ἐληλυθέναι,
969 4080 1034 4132 ὲκ
1078 4079 1172 4133 τοῦ
1221 4080 1358 4133 Θεοῦ
1410 4082 1557 4135 ἐστι·
1611 4085 1706 4137 καὶ
1741 4088 1850 4141 πᾶν

269 4168 516 4240 πνεῦμα,
547 4168 578 4238 ῥ
615 4169 689 4240 μὴ
719 4168 975 4248 ὁμολογεῖ
1006 4169 1098 4223 τὸν
1143 4171 1350 4242 Ἰησοῦν
1377 4173 1435 4225 ὲν
1467 4175 1630 4247 σαρκὶ
1659 4176 1849 4248 ὲληλυο

205 4264 211 4273 ⁴
268 4261 447 4327 θέναι,
483 4261 547 4313 ὲκ
584 4259 678 4313 τοῦ
707 4244 987 4314 Θεοῦόὑκ
1010 4260 1150 4327 ἔστι,
1195 4262 1292 4317 καὶ
1318 4262 1482 4318 τοῦτό
1507 4267 1624 4320 ἐστι
1655 4270 1715 4322 τὸ
1749 4272 1845 4325 τοῦ

200 4365 205 4380 ῖ
279 4350 680 4421 ’Δντιχρίστου.
719 4369 736 4402 ι

1912 4105 1919 4111 ε
1957 4096 2102 4141 stum
2126 4081 2182 4136 in

1972 554 2088 609 tus,
2111 546 2474 616 eamdemque
2498 546 2727 601 haberet
2752 561 2878 601 cum
2904 545 3164 602 Genitore
3196 556 3450 603 naturam
3486 560 3543 605 et

1969 636 2291 705 potentiam,
2317 647 2372 692 et
2399 654 2523 693 cum
2547 646 2692 693 esset
2730 639 2785 693 in
2828 638 3122 708 principio,
3145 645 3202 692 et
3223 648 3370 694 esset
3396 643 3540 710 apud

1971 727 2163 793 Deum,
2185 736 2242 783 et
2263 729 2410 784 Deus
2428 738 2603 793 esset;
2624 738 3013 801 creaturasque
3043 738 3192 786 esset
3219 730 3539 794 fabricatus,

1970 820 2115 873 servi
2135 820 2362 874 formam
2386 821 2766 893 assumpsisse.
2787 823 2856 877 Et
2881 822 3172 878 videbatur
3187 824 3414 894 quidem
3436 825 3543 880 hoc

1971 912 2146 966 solum
2177 927 2297 967 esse
2323 912 2467 982 quod
2497 913 2861 979 cernebatur;
2891 922 3011 969 erat
3038 912 3223 970 autem
3263 916 3407 972 Deus
3433 916 3542 972 hu—

1970 1018 2128 1057 mana
2182 1011 2378 1058 natura
2414 1004 2668 1071 indutus,
2708 1012 2765 1060 et
2803 1005 3087 1061 hominum
3133 1006 3241 1079 42
3278 1023 3542 1078 reparans

1969 1094 2222 1148 salutem.
2264 1095 2379 1149 Hoc
2414 1094 2685 1166 signiﬁcat
2726 1096 2862 1151 illud
2899 1114 2911 1149 :
2949 1115 2968 1149 ι
3000 1097 3242 1153 Verbum
3287 1114 3418 1155 caro
3455 1100 3539 1156 fa-

1969 1192 2117 1239 ctum
2146 1194 2251 1249 est,
2298 1205 2316 1236 )
2346 1194 2401 1241 et
2428 1185 2586 1251 illud,
2624 1205 2643 1238 ι
2680 1186 2762 1242 Ad
2792 1187 3209 1245 similitudinem
3254 1190 3539 1247 hominum

1969 1274 2163 1340 factus,
2185 1286 2242 1331 et
2264 1276 2455 1332 habitu
2490 1277 2745 1334 inventus
2761 1286 2821 1333 ut
2858 1279 3043 1334 homo.
3083 1299 3102 1332 ι
3129 1280 3246 1336 Hoc
3275 1281 3425 1337 enim
3454 1298 3542 1338 so-

1967 1369 2079 1423 lum
2110 1369 2373 1425 videbant
2399 1370 2591 1435 Judrei,
2621 1378 2678 1426 et
2707 1370 2832 1426 ideo
2855 1370 3115 1426 dicebant
3138 1372 3214 1427 illi
3240 1389 3254 1427 :
3295 1392 3313 1424 ι
3340 1372 3422 1428 0b
3442 1375 3542 1430 ho-

1926 1493 1936 1501 ο
1967 1475 2099 1514 num
2121 1474 2262 1531 opus
2287 1463 2432 1515 ‘non
2453 1461 2761 1531 lapidamus
2793 1469 2867 1528 te,
2894 1462 3084 1518 sedob
3115 1463 3534 1535 blasphemiam,

1966 1553 2134 1622 quod,
2165 1568 2291 1607 cum
2322 1554 2399 1609 sis
2431 1554 2617 1620 homo,
2647 1554 2815 1609 facias
2843 1563 2894 1611 te
2921 1555 3098 1625 ipsum
3120 1556 3292 1612 Deum
3314 1559 3380 1613 ”.
3416 1577 3434 1610 ι
3469 1555 3539 1614 Ει

1966 1658 2158 1699 rursus
2190 1661 2203 1696 :
2228 1663 2247 1696 ι
2274 1644 2373 1698 Hic
2391 1645 2555 1700 homo
2578 1661 2690 1701 non
2716 1653 2893 1702 estex
2923 1647 3055 1711 Deo,
3083 1648 3213 1718 quia
3235 1648 3536 1704 Sabbatum

1966 1747 2077 1787 non
2103 1736 2341 1789 servat‘.
2375 1755 2392 1787 ι

2040 1913 2246 1968 ERAN.
2279 1914 2452 1969 Judaei
2481 1924 2704 1984 propter
2741 1914 3122 1971 inﬁdelitatem
3169 1932 3325 1972 suam
3358 1934 3536 1976 calcu-

1965 2006 2195 2070 tiebant,
2235 2014 2291 2061 et
2313 2005 2455 2059 hanc
2479 2005 2549 2059 ob
2577 2020 2796 2059 causam
2832 2005 2919 2061 his
2942 2004 3130 2062 verbis
3161 2007 3480 2066 utebantur.

2034 2162 2245 2217 ORTH.
2279 2162 2349 2216 At
2380 2160 2424 2215 si
2447 2161 2611 2215 etiam
2633 2162 2910 2230 apostolos
2932 2171 3058 2217 ante
3078 2166 3535 2221 resurrectionem

1965 2250 2093 2306 talia
2125 2239 2330 2305 dixisse
2359 2248 2660 2314 inveneris,
2702 2246 2973 2319 recipisne
3001 2246 3538 2322 interpretationem?

1963 2341 2146 2398 Audio
2170 2341 2355 2412 itaque
2406 2339 2533 2396 illos
2576 2340 2632 2394 in
2678 2341 2825 2405 navi,
2859 2348 2984 2411 post
3026 2342 3297 2398 redditam
3328 2343 3535 2417 ingenti

1965 2431 2233 2487 miraculo
2269 2429 2718 2500 tranquillitatem
2745 2429 2994 2485 dicentes
3019 2448 3033 2484 :
3070 2450 3088 2483 ι
3115 2431 3304 2498 Qualis
3329 2444 3415 2491 est
3446 2434 3537 2492 hic

1964 2526 2150 2589 homo,
2176 2522 2450 2594 siquidem
2487 2531 2545 2577 et
2579 2536 2730 2577 mare
2753 2529 2810 2577 et
2842 2521 2991 2576 venti
3026 2522 3295 2582 obediunt
3317 2526 3370 2582 ei
3411 2526 3472 2581 '7
3511 2547 3528 2579 ι

2034 2709 2240 2765 ERAN.
2270 2707 2384 2763 Hoc
2409 2693 2632 2779 quidem
2654 2706 3086 2763 demonstratum
3115 2716 3200 2764 est
3218 2727 3230 2763 :
3246 2711 3380 2766 illud
3406 2727 3537 2767 vero

1962 2801 2176 2871 explica
2210 2799 2376 2864 mihi,
2402 2797 2683 2868 quomodo
2714 2797 2937 2854 divinus
2980 2799 3276 2870 Apostolus
3312 2818 3439 2858 eum
3467 2804 3533 2857 ad

1963 2892 2380 2951 similitudinem
2406 2890 2647 2945 hominis
2667 2889 2874 2945 factum
2908 2890 3055 2946 dicat

2031 2984 2241 3040 ORTH.
2295 2982 2356 3038 Id
2382 2980 2529 3052 quod
2563 2981 2861 3051 assumpsit
2890 2995 3002 3037 non
3028 2981 3331 3039 similitudo
3354 2984 3534 3040 homi-

1963 3077 2050 3133 nis
2076 3084 2181 3140 est,
2211 3074 2307 3131 sed
2330 3074 2571 3129 hominis
2596 3081 2814 3128 natura.
2846 3073 2981 3129 Nam
3005 3073 3179 3130 forma
3224 3075 3367 3131 servi
3403 3074 3535 3150 [na~

1960 3176 2084 3223 tura
2117 3164 2307 3238 servi],
2330 3165 2479 3221 sicut
2500 3172 2557 3220 et
2588 3164 2761 3220 forma
2792 3164 2888 3219 Dei
2930 3171 3126 3219 natura
3148 3164 3246 3221 Dei
3272 3165 3527 3236 intelligi-

1961 3269 2072 3315 tur.
2111 3258 2233 3330 Ipse
2255 3271 2388 3313 vero
2421 3256 2526 3311 hac
2566 3264 2845 3326 assumpta
2882 3254 2951 3310 ad
2976 3255 3397 3313 similitudinem
3436 3259 3537 3313 ho-

1959 3354 2123 3409 minis
2150 3353 2326 3407 factus
2353 3358 2458 3415 est,
2485 3359 2542 3406 et
2563 3349 2752 3404 habitu
2798 3348 3055 3405 inventus
3092 3357 3153 3403 ut
3177 3349 3363 3406 homo.
3397 3350 3535 3407 Cum

1959 3448 2105 3503 enim
2168 3446 2310 3501 Deus
2353 3452 2530 3509 esset,
2581 3443 2747 3497 homo
2792 3456 2915 3497 esse
2969 3441 3263 3497 videbatur
3312 3453 3536 3513 propter

1957 3545 2295 3607 assumptam
2335 3541 2607 3588 naturam.
2656 3532 2999 3602 Evangelista
3042 3541 3226 3587 autem
3262 3532 3433 3599 illud,
3464 3535 3536 3589 ad

1956 3627 2373 3684 similitudinem
2433 3622 2674 3677 hominis
2719 3622 2919 3676 factum
2955 3637 3096 3687 esse,
3136 3622 3272 3678 dicit
3315 3639 3534 3679 carnem

1956 3714 2162 3769 factum
2199 3724 2340 3764 esse.
2371 3708 2440 3762 Ut
2470 3716 2653 3761 autem
2688 3721 2952 3776 agnoscas
2981 3708 3088 3778 53
3123 3711 3383 3765 contrarii
3418 3712 3533 3781 spi-

1957 3807 2099 3862 ritus
2126 3798 2426 3868 discipulos
2464 3810 2614 3861 esse,
2650 3796 2745 3866 qui
2781 3794 3079 3852 Salvatoris
3105 3799 3280 3854 nostri
3311 3816 3532 3856 carnem

1957 3905 2179 3969 negant,
2209 3891 2337 3949 audi
2371 3902 2626 3961 magnum
2654 3887 2919 3945 Joannem
2951 3888 3007 3944 in
3032 3888 3313 3948 Catholica
3346 3892 3536 3949 dicen-

1957 4001 2102 4048 tem:
2141 4007 2160 4040 ι
2199 3983 2390 4041 Omnis
2425 3981 2673 4052 spiritus,
2708 3981 2804 4051 qui
2837 3982 3133 4038 conﬁtetur
3160 3984 3347 4041 Jesum
3372 3986 3534 4043 Chri«

2280 4092 2378 4134 rne
2406 4074 2645 4139 venisse,
2692 4089 2760 4129 ex
2809 4074 2923 4130 Deo
2950 4084 3069 4144 est;
3106 4086 3163 4134 et
3199 4080 3382 4136 omnis
3415 4084 3532 4152 Spi-

1956 4176 2099 4230 ritus
2121 4163 2346 4242 quinon
2379 4165 2674 4221 conﬁtetur
2701 4163 2890 4220 Iesum
2921 4165 2977 4221 in
3002 4182 3167 4223 carne
3197 4170 3436 4237 venisse,
3464 4188 3530 4226 ex

1955 4267 2068 4321 Deo
2094 4265 2329 4324 nonest,
2354 4264 2412 4312 et
2443 4255 2535 4310 hic
2566 4261 2651 4311 est
2677 4254 2908 4325 spiritus
2938 4256 3262 4315 Antichristi
3293 4261 3334 4313 δ.
3373 4280 3392 4313 ι

337 4445 550 4500 EPAN.
588 4446 839 4511 Πιθανῶς
869 4448 968 4518 μὲν
991 4450 1370 4521 ήρμήνευσας.
1413 4451 1635 4522 Ἐγὼδὲ
1660 4458 1852 4528 μαθεῖν

2025 4460 2232 4519 BDAN.
2284 4455 2658 4514 Probabiliter
2709 4455 2815 4511 hoc
2855 4459 3150 4515 enarrasti.
3187 4462 3300 4534 Ego
3342 4475 3526 4520 autem

262 4537 601 4608 ἐϐουλόμην,
662 4539 812 4603 ὅπως
861 4541 913 4593 οί
960 4540 1184 4595 παλαιοὶ
1241 4546 1342 4614 τῆς
1385 4544 1712 4618 Ἐκκλησίας
1771 4552 1852 4608 δι.

260 4627 531 4681 δάσκαλοι
554 4627 637 4693 τὸ,
670 4645 688 4679 ι
731 4628 787 4681 '0
808 4629 982 4698 Λόγος
1016 4628 1154 4703 σὰρξ
1184 4631 1424 4701 ἐγένετο,
1454 4654 1472 4687 ι
1506 4640 1846 4712 νενοήκασιν.

337 4718 496 4772 οΡΘ.
537 4719 685 4773 Ἔδει
722 4721 820 4791 μέν
876 4736 935 4774 σε
978 4723 1270 4796 πεισθῆναι
1302 4729 1422 4790 ταῖς
1466 4728 1847 4799 ἀποστολικαῖς

260 4811 363 4864 καὶ
403 4812 775 4882 προφητικαῖς
814 4812 1175 4880 ἀποδείξεσιν.
1247 4816 1464 4889 Ἐπειδὴ
1511 4819 1567 4873 δὲ
1619 4825 1713 4877 καὶ
1746 4824 1846 4887 τὰς

1955 4557 2099 4613 scire
2141 4551 2343 4617 velim,
2396 4547 2673 4621 quomodo
2707 4547 2920 4618 antiqui
2960 4549 3220 4608 Ecclesiae
3271 4555 3529 4614 doctores

1955 4648 2109 4712 illud,
2156 4643 2433 4701 «Verbum
2454 4654 2584 4695 caro
2616 4638 2821 4694 factum
2850 4648 2936 4695 est
2955 4640 2999 4706 ',
3041 4659 3059 4693 ι
3098 4642 3485 4703 intellexerint.

2022 4735 2233 4792 ORTH.
2266 4731 2504 4788 Decebat
2526 4728 2750 4799 quidem
2782 4736 2835 4784 te
2870 4728 2927 4784 in
2962 4732 3282 4800 apostolicis
3316 4744 3372 4790 et
3400 4753 3526 4808 pm.

1951 4826 2188 4896 pheticis
2208 4821 2628 4895 probationibus
2652 4818 3025 4890 acquiescere.
3053 4822 3190 4889 Quia
3210 4840 3341 4881 vero
3361 4829 3526 4885 etiam

260 4900 380 4953 τῶν
422 4900 596 4968 ἁγίων
630 4901 899 4972 Πατέρων
947 4903 1244 4975 ἑρμηνείας
1289 4905 1590 4978 ἐπιζητεῖς,
1621 4910 1732 4980 ἐγώ
1762 4928 1846 4966 σοι

1968 4928 2260 4983 auctorum
2310 4916 2531 4971 Patrum
2578 4913 3071 4985 interpretationes
3118 4918 3377 4987 requiris,
3424 4940 3526 4992 ego

261 4992 366 5045 καὶ
400 4991 628 5064 ταύτην,
677 4993 775 5047 σὺν
822 4993 940 5064 Θεῷ
980 4995 1166 5064 φάναι,
1218 4998 1492 5068 προσοίσω
1534 5001 1634 5072 τὴν
1679 5002 1843 5076 θερα-

257 5084 453 5137 πείαν.

332 5174 550 5263 ΕΡΑΝ.
597 5177 686 5250 Μή
741 5195 832 5249 μοι
880 5181 1214 5252 παραγάγῃς
1263 5182 1462 5255 ἀνδρας
1516 5186 1762 5258 ἀσήμους
1805 5188 1839 5257 ἦ

259 5266 642 5336 ἀμφιϐόλουςο
692 5269 803 5322 τῶν
834 5270 945 5342 γὰρ
989 5271 1246 5327 τοιούτων
1295 5275 1396 5344 τὴν
1439 5276 1735 5347 ἑρμηνείαν
1778 5278 1841 5331 οὐ

251 5357 508 5428 δέξομαι.

1947 5009 2087 5065 hanc
2103 5022 2321 5079 quoque
2344 5006 2591 5071 tibi,Deo
2602 5004 2851 5078 iuvante,
2875 5003 3151 5062 adhibebo
3173 5008 3521 5069 medicinam.

2021 5158 2229 5244 ERAN.
2264 5187 2343 5245 Ne
2367 5187 2504 5243 mihi
2526 5188 2793 5244 obscuros
2826 5187 2977 5243 viros
3003 5187 3090 5243 vel
3117 5189 3404 5262 ambiguos
3424 5194 3525 5246 ad-

1949 5282 2193 5338 duxeris.
2236 5280 2452 5341 Talium
2485 5282 2633 5339 enim
2690 5280 3177 5351 interpretationes
3228 5297 3339 5340 non
3381 5285 3527 5341 reci-

1951 5389 2118 5444 piam.

334 5512 385 5546 ”
412 5514 568 5571 Joan.
601 5532 656 5581 x,
678 5512 767 5571 33.
845 5517 859 5548 '
886 5514 1042 5574 Joan.
1072 5532 1148 5585 rx,
1188 5518 1273 5576 16.
1343 5524 1362 5553 ¹
1393 5518 1582 5578 Matth.
1631 5540 1745 5592 vui,
1776 5524 1856 5582 27.

1992 5528 2230 5600 Philipp.
2260 5543 2317 5595 ιι,
2337 5530 2390 5584 7.
2449 5529 2515 5583 ⁸1
2553 5530 2713 5588 Jenn.
2738 5545 2826 5597 iv,
2849 5532 2977 5596 2,3.
3052 5532 3073 5564 ⁸
3107 5533 3263 5592 Joan.
3295 5553 3333 5601 ι,
3364 5536 3451 5592 u.

335 5655 449 5737 (39)
481 5656 666 5737 ἀκούω
695 5657 968 5737 -“ὕπα.κ.
1010 5656 1178 5737 αὐτᾷ).
1226 5658 1351 5717 Hae
1397 5679 1505 5737 una
1548 5678 1835 5737 cumLseq.

248 5726 438 5852 Τιοῖίτο
472 5757 541 5768 —
567 5727 715 5795 λέγει
755 5726 1021 5783 Eranistae
1061 5726 1385 5787 tribuuntur
1408 5733 1461 5786 in
1509 5733 1643 5788 edit.
1677 5726 1835 5789 Boni.

247 5814 284 5855 ε
402 5813 509 5870 ips.

582 5891 831 5953 ΡΑτιιοι
901 5890 1015 5952 Gn.
1064 5893 1385 5954 LXXXIII.

2021 5666 2130 5738 (ιο)
2156 5666 2283 5738 quia.
2319 5667 2365 5723 δ.
2403 5668 2584 5726 Desid.
2607 5669 2666 5726 ll.
2705 5686 2787 5727 cc.
2823 5669 2992 5728 Abest
3023 5671 3190 5727 etiam
3222 5689 3252 5727 a
3273 5676 3523 5733 versime

1948 5735 2067 5792 Lat.
2111 5737 2371 5809 Strigelii.

3143 5900 3179 5956 3
