4006 6202
440 347 512 410 ’ῖῦ
1424 342 1907 405 TIIEODORETI
1948 346 2014 403 El

2120 344 2280 402 Citli‘l
2323 348 2360 402 L'
2374 346 2458 401 Ti".
2474 345 2510 402 ἷςῖ
2523 346 2604 400 FS
2619 346 2679 402 i3
3616 349 3686 408 ῖςῖ

509 454 717 512 ORTH.
753 453 1052 508 Videturne
1096 451 1193 506 tibi
1241 450 1345 506 ﬁde
1376 451 1575 522 dignus
1617 450 2012 506 celeberrimus

2189 449 2340 502 ΟΡΘ.
2416 448 2738 518 Ἀξιόχρεως
2808 448 2945 502 εἷιαί
3015 467 3094 502 σοι
3151 450 3298 505 δοκεί
3367 451 3685 518 ἈΟανάσιος

441 548 530 602 ille
545 545 898 608 Athanasius,
917 543 1285 598 clarissimum
1304 544 1486 597 lumen
1509 544 1765 598 Ecclesia:
1782 543 2012 598 Alexan-

439 637 610 692 drina:
634 637 656 688 ?

504 726 709 780 ERAN.
772 724 1051 789 Omnino,
1113 734 1172 779 ut
1232 725 1327 795 qui
1375 725 1661 780 veritatis‘
1705 725 2011 779 doctrinam

439 820 700 874 :erumnis
722 834 860 889 quas
882 833 1176 888 perpessus
1203 826 1286 872 est
1308 816 1676 871 conﬁrmavit.

509 909 882 966 0RTll.Audi
923 925 1052 979 ergo
1092 909 1269 978 ipsum
1310 908 1648 963 scribentem
1693 907 1759 962 ad
1791 907 2012 976 Epicte-

442 1009 575 1053 tum.
607 998 698 1054 Sic
721 1008 904 1053 autem
931 999 1066 1053 dicit
1094 1017 1106 1051 :
1152 1018 1169 1050 ι
1202 999 1259 1052 ld
1300 997 1448 1068 quod
1468 1013 1498 1051 a
1530 997 1740 1052 Joanne
1767 997 2009 1052 dicitur:

447 1089 667 1143 Verbum
715 1105 838 1144 caro
866 1089 1074 1158 ‘faclum
1117 1097 1228 1153 est,
1262 1087 1406 1141 hanc
1455 1086 1620 1139 habet
1663 1079 2010 1146 sententiain,

441 1189 713 1250 quatenus
743 1195 810 1233 ex
830 1177 997 1233 simili
1017 1178 1268 1247 exemplo
1303 1176 1429 1230 elici
1456 1182 1656 1244 potest.
1690 1174 1852 1242 Pauli;
1866 1174 2014 1230 enim

439 1273 610 1326 verba
654 1279 784 1326 sunt
819 1287 831 1323 :
871 1268 1105 1324 Christus
1142 1268 1310 1337 factus
1344 1275 1419 1320 est
1463 1283 1558 1338 pro
1593 1266 1736 1319 nobis
1796 1264 2017 1318 maledi-

441 1363 539 1416 ctio
566 1364 604 1415 ⁸.
651 1361 760 1433 44
795 1360 1262 1426 Quemadmodum
1301 1374 1410 1412 non
1450 1357 1596 1427 quod
1629 1358 1746 1426 ipse
1790 1355 2018 1410 maledi-

443 1457 554 1512 ctio
589 1456 769 1510 factus
818 1454 914 1516 sit,
967 1453 1063 1506 sed
1116 1450 1262 1521 quod
1308 1465 1408 1519 pro
1459 1448 1620 1503 nobis
1672 1446 2015 1502 maledictio-

441 1565 566 1602 nem
623 1547 882 1615 suscepit,
923 1544 1096 1598 factus
1134 1542 1336 1597 dicitur
1381 1539 1694 1596 maledictio
1735 1557 1749 1592 :
1787 1539 1863 1592 ita
1906 1554 2016 1594 non

441 1641 588 1712 quod
648 1653 945 1694 conversus
1011 1637 1082 1691 sit
1132 1636 1188 1689 in
1241 1649 1490 1696 carnem,
1553 1632 1645 1686 sed
1710 1630 1856 1700 quod
1916 1645 2016 1700 pro

440 1733 602 1788 nobis
651 1745 868 1785 carnem
913 1727 1240 1796 assumpsit,
1295 1724 1498 1778 dicitur
1550 1722 1727 1777 factus
1779 1737 1926 1776 caro.
1992 1739 2011 1770 ι

2116 541 2321 602 ἐκεῖνος
2345 541 2373 592 6
2401 539 2853 610 πολυθρύλλητος,
2883 543 2910 592 ὁ
2937 541 3234 609 φανότατος
3265 543 3362 613 τῆς
3393 543 3501 597 τῶν
3542 545 3687 599 Ἀλε-

2117 631 2386 699 ξανδρέων
2431 631 2754 700 Ἑκκλησίας
2783 635 3038 702 φωστὴρ,

2187 723 2384 776 EPAN.
2428 723 2644 788 Πάνυγε
2664 738 2679 753 ο
2702 725 2814 785 τοῖς
2843 721 2952 792 γὰρ
2984 722 3121 792 ὑπὲρ
3155 722 3257 791 τῆς
3296 723 3553 795 ἀληθείας
3579 742 3687 779 πα·

2116 815 2324 884 ϐήμασι
2358 813 2459 883 τὴν
2494 811 2842 866 διδασκαλίαν
2873 811 3151 881 ἐκύρωσεν
3177 812 3310 882 (42).

2185 905 2336 959 ΟΡΘ.
2382 907 2581 959 ’Λκουε
2633 904 2812 958 τοίνυν
2852 904 3018 957 αὑτοῦ
3067 906 3203 975 πρὸς
3241 905 3565 974 Ἐπίκτητον
3593 921 3685 972 γε-

2114 998 2384 1069 γραφότος
2404 1015 2417 1028 ο
2458 996 2608 1065 λέγει
2644 996 2700 1050 δὲ
2729 997 2934 1060 οὕτως’
2974 1014 2992 1048 ι
3046 996 3120 1048 Τὸ
3160 996 3267 1066 γὰρ
3291 997 3402 1065 (45)
3431 997 3579 1066 παρά
3608 996 3686 1066 τῷ

2128 1089 2346 1160 Ἰωάννῃ
2378 1087 2695 1158 λεγόμενον,
2747 1088 2809 1141 '0
2851 1089 3042 1157 Λόγος
3080 1088 3239 1156 σὰρξ
3263 1088 3522 1158 ἐγένετο,
3549 1090 3684 1143 ταύο

2115 1195 2214 1247 την
2261 1177 2372 1248 ἔχει
2415 1177 2512 1248 τὴν
2543 1178 2816 1241 διάνοιαν,
2849 1176 3032 1240 καθὼς
3078 1179 3173 1230 κα).
3231 1179 3296 1230 ὲκ
3349 1176 3443 1230 τοῦ
3499 1179 3683 1248 ὁμοίου

2114 1269 2288 1339 τούτῳ
2317 1269 2427 1339 (44)
2461 1269 2682 1323 δυνατὸν
2718 1269 2920 1339 εὑρεῖν.
2953 1269 3268 1339 Γέγραπται
3291 1270 3398 1340 γὰρ
3425 1269 3573 1340 παρὰ
3607 1270 3686 1340 τῷ

2117 1360 2343 1430 Παύλῳο
2418 1359 2674 1428 Χριστὸς
2731 1360 2883 1427 ὑπὲρ
2947 1358 3116 1429 ἡμῶν
3166 1358 3374 1428 γέγονε
3434 1359 3682 1428 κατάρα.

2119 1451 2461 1522 ’Ὠσπερμίἢ
2500 1452 2598 1520 οὐχ
2629 1452 2708 1503 ὅτι
2756 1451 2914 1513 αὐτὸς
2952 1451 3142 1519 γέγονε
3178 1451 3412 1522 κατάρα,
3445 1451 3560 1505 ἀλλ’
3605 1453 3686 1506 ὅτι

2115 1542 2214 1612 τὴν
2246 1541 2385 1610 ὑπὲρ
2421 1540 2577 1611 ἡμῶν
2604 1539 2818 1605 ἐδέξατο
2847 1539 3110 1609 κατάραν,
3139 1539 3351 1609 κατάρα
3388 1539 3498 1608 (46)
3533 1539 3688 1608 είρης-

2115 1648 2208 1687 ται
2235 1631 2542 1700 γεγονέναι,
2574 1629 2747 1692 οὕτως
2764 1630 2863 1698 οὐχ
2883 1630 2963 1681 ὅτι
2991 1629 3219 1698 τραπεὶς
3241 1629 3320 1690 είς
3349 1628 3545 1697 σάρκα,
3571 1625 3690 1680 ἀλλ’

2116 1727 2200 1780 ὅτι
2235 1725 2418 1796 σάρκα
2442 1723 2584 1792 ὑπὲρ
2603 1722 2760 1791 ἡμῶν
2793 1720 3043 1782 ἀνέλαϐε,
3071 1719 3286 1788 λέγεται
3309 1718 3445 1788 σὰρξ
3469 1720 3690 1788 γεγονέ-

442 1825 569 1880 llaec
629 1823 848 1893 quidem
897 1819 1274 1874 divinissimus
1326 1816 1674 1871 Athanasius.
1721 1814 2014 1884 Gregorius

2120 1835 2223 1872 ναι.
2255 1835 2274 1868 ι
2309 1814 2495 1867 Ταῦτα
2529 1813 2628 1883 μὲν
2660 1815 2686 1864 6
2716 1812 2991 1874 θειότατος
3019 1811 3354 1873 Ἀθανάσιος.
3388 1810 3688 1880 Γρηγόριος

442 1932 574 1972 vero
605 1911 1019 1984 (Nazianzenus)
1049 1952 1064 1974 ,
1094 1911 1251 1981 cujus
1279 1909 1425 1978 apud
1456 1922 1650 1962 omnes
1678 1906 1891 1960 illustre
1919 1920 2018 1959 no-

443 2024 570 2063 men
629 2015 733 2072 est,
767 2004 862 2074 qui
891 2004 1022 2059 olim
1055 2002 1258 2072 regiam
1297 2001 1488 2054 urbem
1522 1998 1577 2052 in
1618 1997 1846 2066 Bospori
1879 1997 2020 2052 ostio

444 2101 601 2157 sitam
630 2097 798 2161 rexit,
837 2105 894 2150 et
933 2104 1122 2165 postea
1158 2092 1489 2147 Nazianzum
1530 2089 1790 2152 incoluit,
1821 2097 2012 2142 contra

441 2189 773 2266 Apollinaris
804 2186 1106 2258 praestigias
1138 2185 1215 2239 sic
1245 2183 1311 2237 ad
1339 2182 1662 2238 Cledonium
1687 2180 1924 2250 scripsit.

512 2369 696 2426 ERAN
727 2368 922 2424 Clarus
949 2366 1054 2429 vir,
1081 2372 1136 2418 et
1164 2361 1415 2416 veritatis
1443 2369 1818 2431 propugnator
1851 2357 1972 2412 fuit.

501 2543 710 2602 ORTH.
741 2541 878 2597 Audi
917 2553 1046 2609 ergo
1063 2537 1239 2606 ipsum
1276 2535 1551 2588 dicentem
1593 2551 1604 2586 :
1641 2551 1659 2584 ι
1689 2533 1803 2587 Hoc
1828 2533 2012 2602 igitur,

446 2637 663 2690 Verbum
706 2650 828 2686 caro
864 2633 1058 2701 factum
1098 2635 1194 2690 est,
1242 2625 1418 2678 simile
1455 2623 1672 2677 videtur
1717 2622 1832 2686 illi,
1869 2622 2014 2691 quod

444 2739 498 2783 et
531 2733 815 2797 peccatum
871 2721 1046 2774 factus
1099 2732 1220 2771 esse
1264 2715 1498 2778 dicitur,
1543 2722 1599 2767 et
1643 2711 1960 2766 maledictio
2000 2729 2012 2762 :

442 2834 557 2874 non
581 2815 725 2886 quod
754 2812 1017 2868 Dominus
1045 2809 1099 2862 in
1122 2808 1240 2861 haec
1260 2813 1500 2859 mutatus
1526 2804 1618 2868 sit,
1644 2802 1759 2872 (qui
1788 2801 1935 2857 enim
1961 2800 2016 2854 id

444 2907 563 2963 ﬁeri
601 2902 864 2976 posset?)
914 2900 1006 2954 sed
1038 2897 1166 2968 quia
1192 2910 1292 2966 per
1329 2893 1384 2948 id
1423 2893 1570 2963 quod
1610 2893 1726 2947 haec
1751 2890 2014 2960 suscepit,

445 2998 762 3067 iniquitates
782 3001 1000 3047 nostras
1027 2988 1268 3051 sustulit,
1299 2995 1354 3041 et
1375 2985 1597 3040 morbos
1621 2983 1858 3054 portavit
1880 2983 1976 3035 ’-’.

513 3171 720 3227 ERAN.
755 3165 1020 3236 Congruit
1043 3164 1332 3230 utriusque
1373 3161 1773 3229 interpretatio.

514 3262 724 3320 ORTH.
753 3257 1022 3326 Quoniam
1059 3271 1204 3325 ergo,
1231 3253 1329 3306 tibi
1374 3253 1693 3308 australium
1711 3279 1716 3284 -
1734 3260 1792 3306 ct
1820 3251 2013 3304 borea-

444 3356 580 3412 lium
615 3353 853 3423 partium
888 3355 1138 3417 pastores
1168 3343 1480 3399 consentire
1513 3341 1884 3406 ostendimus,
1918 3356 2017 3410 age

447 3448 515 3503 ad
563 3442 957 3501 celeberrimos
1001 3452 1221 3508 quoque
1273 3434 1578 3490 occidentis
1627 3433 1916 3502 episcopos
1964 3440 2017 3486 te

445 3540 600 3595 velut
624 3535 895 3605 hospitem
924 3531 1280 3594 deducamus,
1307 3527 1402 3596 qui
1420 3526 1523 3580 alia
1555 3524 1776 3594 quidem
1806 3524 2014 3593 lingua,

449 3630 544 3686 sed
592 3643 702 3682 non
749 3627 853 3680 alia
903 3621 1198 3684 sententia,
1241 3619 1645 3674 enarrationem
1677 3617 2020 3686 conscripse-

449 3732 600 3780 runt.
2015 3772 2019 3776 ,

513 3816 620 3888 45
664 3813 870 3868 ERAN.
918 3808 1097 3864 Audio
1148 3806 1540 3868 Ambrosium,
1579 3805 1672 3874 qui
1726 3801 2020 3858 Mediolani

449 3909 812 3981 episcopalem
845 3905 1031 3959 sedem
1057 3901 1291 3964 ornavit,
1334 3906 1390 3953 et
1415 3906 1604 3953 contra
1624 3913 1816 3954 omnes
1848 3899 2021 3952 bere-

450 4018 540 4058 ses
567 4000 824 4070 praeclare
869 3997 1200 4055 decertasse,
1249 4001 1305 4045 et
1333 3991 1703 4060 pulcherrima
1747 3989 2022 4061 apostolo-

451 4106 684 4162 rumque
713 4090 975 4144 doctrinae
1011 4083 1368 4155 congruentia
1395 4081 1698 4150 scripsisse.

523 4272 730 4329 ORTH.
797 4271 930 4340 Ejus
983 4266 1086 4322 tibi
1151 4263 1665 4334 interpretationem
1724 4262 2018 4332 proferam.

451 4366 575 4422 Hac
603 4371 784 4416 autem
811 4359 944 4413 dicit
985 4357 1040 4410 in
1072 4355 1214 4409 libro
1255 4353 1329 4407 De
1362 4353 1465 4421 ﬁde
1505 4352 1613 4424 (41)
1644 4373 1655 4406 :
1698 4374 1714 4404 ι
1746 4353 2020 4423 Scriptum

449 4465 554 4520 est,
587 4451 871 4522 inquiunt,
901 4448 1030 4517 quia
1074 4445 1297 4500 Verbum
1333 4459 1457 4498 caro
1507 4443 1702 4512 factum
1753 4451 1848 4498 est.
1879 4444 2023 4498 Scri-

450 4554 605 4617 ptum
628 4549 732 4604 est,
767 4553 876 4596 non
901 4553 1058 4609 nego.
1087 4534 1386 4591 Considera
1425 4533 1556 4604 quid
1601 4543 1880 4603 sequatur.
1929 4534 2021 4588 Se-

518 4661 539 4690 ⁶
560 4657 734 4720 Galat.
788 4653 978 4719 "1,15.
1019 4653 1088 4689 ⁷-⁹
1123 4650 1222 4704 lsa.
1251 4667 1360 4714 Llll,
1388 4650 1434 4704 4.

2117 1911 2194 1977 δὲ,
2227 1903 2271 1977 ᾧ
2303 1908 2457 1970 κλέος
2491 1905 2640 1976 παρὰ
2672 1905 2806 1957 πᾶσι
2835 1903 2993 1967 πολὺ,
3017 1904 3045 1954 6
3069 1901 3236 1954 πάλαι
3279 1899 3380 1971 μὲν
3405 1901 3504 1970 τὴν
3531 1899 3686 1969 βασι-

2119 1996 2385 2048 λεύουσαν
2417 1993 2570 2045 πόλιν
2609 1992 2707 2062 τὴν
2740 1991 2834 2044 ἐπὶ
2860 1990 2936 2060 τῷ
2984 1990 3213 2059 στόματι
3263 1988 3353 2042 τοῦ
3410 1989 3688 2056 Βοσπόρου

2118 2085 2376 2157 κειμένην
2406 2083 2608 2146 ίθύνας,
2635 2081 2857 2151 ὕστερον
2887 2081 2943 2134 δὲ
2979 2080 3075 2150 τὴν
3104 2081 3408 2144 Ναζιανζδν
3439 2083 3688 2150 οἰκήσας,

2119 2177 2261 2231 κατά
2293 2176 2394 2245 τῆς
2448 2175 2821 2244 ’Λπολιναρίου
2855 2173 3141 2244 τερθρείας
3179 2166 3278 2226 ὧδε
3314 2172 3450 2243 πρὸς
3481 2172 3686 2242 Κληδό·

2119 2283 2232 2322 νιον
2260 2264 2518 2336 ἔγραψεν.

2191 2360 2390 2414 EPAN.
2425 2358 2736 2428 Περιφανὴς
2770 2359 2796 2410 ό
2836 2357 2998 2427 ἀνὴρ,
3030 2357 3124 2410 καὶ
3161 2358 3443 2428 πρόμαχος
3476 2357 3575 2427 τῆς
3598 2357 3688 2409 εὖ·

2125 2451 2339 2513 σεϐείας
2370 2449 2686 2519 γεγένηται.

2194 2542 2345 2596 ΟΡΘ.
2383 2542 2583 2594 Ἀκουε
2612 2540 2793 2592 τοίνυν
2817 2538 2980 2592 αὐτοῦ
3021 2539 3298 2608 λέγοντος·
3332 2539 3405 2593 Τὸ
3449 2536 3540 2593 οὖν
3576 2540 3688 2609 (47)

2134 2635 2197 2688 '0
2225 2636 2416 2702 Λόγος
2439 2632 2586 2702 σὰρξ
2605 2632 2864 2700 ἐγένετο,
2888 2631 3000 2685 ἴσον
3018 2650 3107 2702 μοι
3133 2633 3280 2685 δοκεῖ
3306 2632 3550 2700 γίνεσθαι
3573 2631 3684 2703 (48)

2118 2724 2196 2794 τῷ
2247 2724 2340 2776 καὶ
2405 2723 2682 2792 ἁμαρτίαν
2730 2721 2891 2775 αὐτὸν
2937 2723 3218 2791 γεγονέναι
3277 2723 3531 2790 λέγεσθαι
3594 2724 3690 2775 κα)⁵

2120 2815 2387 2886 κατάραν,
2417 2815 2516 2866 οὐκ
2549 2816 2626 2876 εἰς
2663 2813 2775 2884 (49)
2810 2814 2984 2867 ταῦτα
3016 2814 3107 2866 τοῦ
3142 2815 3346 2884 Κυρίου
3391 2831 3690 2885 μεταποιη-

2119 2906 2324 2969 θέντος.
2363 2904 2504 2970 (πῶς
2529 2906 2636 2973 γάρ
2683 2903 2720 2974 ;)
2753 2904 2865 2956 ἀλλ’
2894 2904 2968 2967 ὡς
3001 2904 3086 2956 διὰ
3119 2903 3211 2956 τοῦ
3243 2902 3414 2956 ταῦτα
3438 2904 3688 2967 δέξασθαι

2120 2999 2218 3062 τὰς
2246 2997 2474 3068 ἀνομίας
2503 2998 2536 3066 ἡ
2548 2996 2663 3066 μῶν
2711 2995 3090 3060 ἀναλαϐόντος,
3121 2997 3212 3048 καὶ
3242 2995 3340 3058 τὰς
3372 2995 3559 3058 νόσους
3593 2995 3688 3065 βα-

2123 3090 2438 3151 στάσαντος.

2041 3187 2082 3246 c
2191 3180 2394 3233 ΕΡΔΝ.
2426 3179 2723 3248 Σύμφωνος
2754 3179 3079 3250 ἀμφοτέρων
3109 3181 3140 3249 ἡ
3173 3179 3460 3250 ἑρμηνεία.

2192 3270 2345 3323 ΟΡΘ.
2388 3268 2605 3339 Ἐπειδὴ
2639 3287 2721 3321 σοι
2753 3270 2876 3331 τοὺς
2904 3268 2972 3320 τά
3008 3270 3157 3323 νότια
3198 3271 3291 3323 καὶ
3338 3271 3524 3342 βόρεια
3565 3290 3687 3326 ποι-

2122 3361 2401 3430 μάναντας
2430 3358 2862 3430 συμφωνοῦντας
2894 3359 3199 3430 ἐδείξαμεν,
3222 3361 3381 3431 δεῦρο
3409 3364 3471 3434 δή
3509 3381 3566 3416 σε
3596 3364 3690 3418 καὶ

2121 3453 2256 3524 πρὸς
2299 3453 2425 3513 τοὺς
2467 3451 2743 3520 ἀοιδίμους
2775 3452 2872 3522 τῆς
2901 3452 3162 3522 έσπερίας
3200 3453 3584 3525 ξεναγήσωμεν
3612 3455 3688 3509 δι-

2119 3542 2458 3606 δασκάλους,
2489 3542 2538 3595 οἳ
2577 3541 2790 3614 γλώττῃ
2857 3543 2953 3612 μὲν
3018 3544 3200 3614 ἑτέρᾳ,
3237 3544 3444 3616 διανοίᾳ
3489 3547 3546 3599 δὲ
3588 3549 3688 3619 οὐχ

2120 3634 2302 3705 ἑτέρᾳ,
2339 3635 2439 3704 τὴν
2468 3634 2764 3704 ἑρμηνείαν
2813 3634 3182 3703 συνέγραψαν.

2191 3805 2392 3859 ΕΡΑΝ.
2412 3805 2738 3876 ’Δμὸρόσιον
2753 3805 2956 3872 ἀκούω,
2973 3807 3064 3859 τὸν
3083 3807 3182 3876 τῆς
3197 3807 3544 3862 Μεδιολάνων
3573 3809 3685 3880 (50)

2120 3897 2211 3950 τὸν
2239 3896 2624 3968 ἀρχιερατικὺν
2651 3896 3098 3967 διακοσμήσαντα
3123 3899 3330 3970 θρόνον,
3365 3902 3687 3971 ἠριστευκέ-

2121 4005 2210 4043 ναι
2245 3989 2344 4058 μὲν
2387 3987 2526 4040 κατὰ
2580 3988 2760 4057 πάσης
2808 3989 3092 4059 αἱρέσεως,
3151 3993 3589 4062 συγγεγραφέναι
3632 3995 3690 4048 δὲ

2126 4081 2386 4135 κάλλιστα
2417 4081 2511 4133 καὶ
2539 4083 2605 4151 τῇ
2637 4081 2743 4132 τῶν
2790 4082 3103 4134 ἀποστόλων
3126 4081 3442 4155 διδασκαλίᾳ
3463 4086 3691 4155 συμϐαί-

2124 4187 2306 4224 νοντα.
3424 4219 3438 4234 ο

2193 4260 2344 4314 ΟΡΘ.
2378 4258 2552 4313 Αὐτοῦ
2579 4276 2660 4313 σοι
2681 4259 2776 4330 τὴν
2803 4261 3100 4330 ἑρμηνείαν
3119 4247 3422 4335 προσοίσω.
3457 4266 3615 4334 Λέγει
3635 4265 3691 4319 δὲ

2122 4351 2293 4405 ταῦτα
2338 4352 2397 4403 ὲν
2443 4351 2520 4421 τῷ
2555 4352 2690 4420 Περὶ
2729 4351 2988 4418 πίστεως
3035 4352 3209 4423 λόγῳ·
3246 4371 3264 4404 ι
3304 4355 3492 4420 Ἀλλὰ,
3533 4356 3687 4425 φησὶ,

2123 4446 2431 4514 γέγραπται
2476 4443 2559 4496 ὅτι
2612 4443 2677 4495 '0
2701 4445 2894 4513 Λόγος
2951 4445 3109 4514 σὰρξ
3148 4445 3384 4515 ἐγένετο
3433 4447 3568 4517 (51).
3619 4446 3693 4499 Τδ

2123 4535 2332 4604 γραφὲν
2355 4535 2456 4586 οὐκ
2487 4533 2774 4604 ἀρνοῦμαι.
2821 4534 2983 4588 Ἀλλά
3013 4534 3278 4588 θεάσασθε
3297 4535 3358 4588 τὸ
3381 4535 3687 4606 λεγόμενον.

520 4777 630 4864 (μ)
666 4775 769 4864 'pe
789 4769 1224 4864 incarnationis
1281 4769 1576 4864 in‘utinicze
1635 4777 1977 4821 sacramento
2001 4808 2013 4829 ,
2053 4770 2092 4823 Β
2125 4769 2309 4864 manas
2345 4769 2704 4864 flledonitum,‘
2730 4777 2824 4864 t.'i
2859 4770 3199 4864 etlit..‘Palris.
3329 4769 3448 4864 ἹιλΗριζ

449 4863 496 4902 c.
523 4839 576 4908 6,
604 4839 640 4900 ι,
666 4846 711 4900 ll
749 4843 880 4898 edit.
920 4841 1196 4895 Benedict.
1233 4856 1285 4908 p.
1334 4839 1437 4892 7H3
1467 4854 1580 4906 seq.

523 4907 631 4985 (4‘2)
665 4912 1166 4985 τοῖς-ἐκύρωσεν.
1204 4907 1340 4985 ΠξῐιξςεΔ
1364 4908 1418 4962 in
1452 4908 1540 4962 ed.
1579 4907 1737 4985 Rom.
1775 4919 1830 4962 et
1865 4907 2012 4977 Lips.

449 4977 724 5039 cohaerent
749 4998 872 5038 cum
895 4977 1253 5051 sequentibus
1289 4981 1485 5051 ’Λκουε
1509 4995 1560 5030 κ.
1590 4994 1640 5030 τ.
1677 4977 1725 5030 λ.

519 5053 627 5123 (45)
664 5054 736 5104 Τὸ
768 5052 876 5121 γὰρ
907 5047 1055 5106 κῘτ.
1108 5050 1156 5103 λ.
1193 5047 1368 5123 Locus
1414 5048 1516 5101 iste
1561 5055 1734 5101 exstat
1778 5047 1831 5100 in
1883 5047 2014 5101 edit.

448 5118 651 5180 Bened.
691 5132 821 5175 tom.
848 5118 880 5175 'l
907 5162 921 5183 ,
957 5138 1012 5190 p.
1051 5137 1107 5183 ιι,
1144 5118 1353 5190 ρη907.

522 5193 633 5262 (Μ)
669 5191 865 5260 τούτῳ.
902 5187 1048 5262 Loco
1083 5187 1174 5262 c_it.
1206 5187 1308 5256 leg.
1335 5187 1517 5262 serito;

522 5255 630 5334 (45)
665 5255 953 5334 ὥσπερη-
986 5259 1125 5334 σάρξ
1161 5255 1460 5334 γεγονέναι.
1487 5255 1668 5309 Editio
1702 5256 1920 5334 B_ened._
1935 5256 2014 5334 ita

450 5325 623 5386 habet,
650 5350 662 5383 :
703 5325 1030 5400 Καὶ’ὤσπερ
1058 5325 1171 5382 ὀὐκ
1195 5325 1354 5400 αὖ-τδς
1385 5327 1575 5392 γέγονε
1608 5326 1851 5400 κατάρα,
1899 5325 2013 5378 ἀλλ’

447 5402 528 5455 ὅτι
575 5402 672 5470 τὴν
730 5401 870 5469 ὑπὲρ
924 5395 1078 5470 ἡμῶν
1156 5397 1438 5470 ἀνεδέξατο
1477 5395 1770 5470 κατάραν,
1800 5396 2011 5470 εἴρηται

449 5465 662 5537 κατάρᾶ
689 5465 976 5537 γεγονέναι
993 5468 1131 5521 οὕτω
1150 5468 1240 5520 καὶ
1260 5467 1395 5536 σὰρξ
1428 5467 1666 5533 γέγονεν,
1681 5465 1759 5537 “ob
1777 5469 2014 5537 ,τραπεὶς

449 5488 590 5524 κατα
630 5488 662 5523 α
689 5488 967 5537 γεγονεναι
993 5488 1131 5521 ουτω
1150 5488 1240 5520 και
1260 5488 1395 5536 σαρς
1428 5488 1666 5533 γεγονεν,
1698 5488 1759 5517 ου
1785 5488 2010 5534 τραπεις

449 5542 528 5605 εἰς
551 5488 749 5610 cipue,
775 5537 992 5610 ἀλλ’-ὅτι
1020 5540 1194 5610 σάρκα
1224 5537 1402 5599 ζῶσαν
1427 5538 1564 5606 ὑπὲρ
1585 5535 1743 5606 ἡμῶν
1763 5531 2010 5597 ἀνέλαὸε,

450 5611 543 5664 καὶ
568 5607 798 5678 ,γέγονεν
821 5607 1112 5677 ἄνθρωπος.

543 5675 611 5736 46
658 5675 902 5748 κατάρα.
927 5675 1064 5730 ‘Des.
1113 5677 1166 5728 in
1199 5676 1330 5730 edit.
1370 5676 1526 5729 Rom.
1565 5685 1618 5728 et
1653 5675 1802 5745 Lips.

543 5681 632 5816 47)
666 5751 724 5803 τὸ
751 5744 845 5802 οὖν
885 5765 938 5800 κ.
966 5765 1013 5800 τ.
1035 5746 1082 5800 λ.
1121 5747 1308 5800 Exstat
1330 5747 1418 5798 hic
1443 5745 1592 5798 locus
1628 5747 1679 5798 in
1708 5746 1794 5814 epi

543 5744 632 5814 47)
666 5751 724 5803 τὸ
751 5744 845 5802 οὖν
885 5765 938 5800 κ.
966 5765 1013 5800 τ.
1035 5746 1082 5800 λ.
1121 5747 1308 5800 Exstat
1330 5747 1418 5798 hic
1443 5745 1592 5798 locus
1628 5747 1679 5798 in
1708 5744 1869 5814 epist.
1899 5747 2012 5814 pri—

2198 4839 2317 4914 (48)
2347 4841 2418 4893 ίσ.
2460 4857 2517 4909 μ.
2565 4839 2612 4891 δ.
2649 4839 2756 4907 γίν.
2795 4839 2923 4894 Loc.
2962 4839 3054 4894 cit.
3095 4841 3197 4910 leg.
3255 4841 3368 4893 ἴσον
3416 4839 3562 4894 δοκεί
3603 4861 3691 4914 μοι

2124 4907 2402 4962 δύνασθαι.

2200 4978 2310 5049 (49)
2344 4980 2444 5032 οὑκ
2465 4982 2615 5042 είςρ-
2633 4979 3014 5054 βαστάσαντος.
3030 4979 3092 5054 In
3124 4981 3254 5035 edit.
3280 4983 3440 5054 Rom).
3460 4992 3516 5039 et
3539 4982 3689 5054 Lips.

2126 5057 2340 5102 exstant
2400 5057 2611 5104 tantum
2669 5051 2784 5118 haec
2818 5065 3010 5118 pauca,
3069 5051 3175 5113 ἓως
3229 5052 3322 5104 καὶ
3371 5052 3470 5116 τὰς
3506 5051 3692 5115 νόσους

2128 5118 2284 5187 ήμῶν
2320 5118 2706 5190 βαστάσαντος.
2743 5117 2932 5190 Strig.,
2961 5121 3101 5190 sicut
3135 5129 3189 5174 et
3212 5120 3557 5178 inﬁrmitates
3591 5138 3692 5177 n0—

2123 5196 2264 5242 stras
2295 5189 2551 5256 portavit.
2590 5190 2694 5244 Sed
2719 5187 2889 5244 editio
2921 5187 3090 5244 Paris.
3127 5191 3401 5246 consentit
3433 5206 3557 5246 cum
3587 5207 3689 5244 no-
3731 5187 3740 5196 ”

2122 5267 2233 5312 stra
2257 5258 2514 5313 lectione.

2192 5326 2301 5467 £50)
2336 5327 2437 5382 Ed.
2474 5330 2631 5383 Rom.
2667 5338 2722 5382 et
2747 5329 2893 5398 Lips.
2931 5329 3275 5386 Μεδιολάνου.

2213 5398 2273 5450 51
2343 5398 2478 5451 ἀλλά
2528 5429 2578 5438 --
2611 5399 2843 5465 ἐγένετο.
2900 5397 3022 5452 Haec
3067 5401 3275 5458 Eranisl

2123 5467 2133 5476 _
2192 5397 2301 5476 (ὃς)
2324 5398 2478 5476 gnat
2528 5429 2578 5438 --
2606 5397 2843 5476 ἐγένετο.
2891 5397 3022 5476 llaec
3067 5401 3331 5458 Eranistm
3373 5403 3693 5476 tribuuntur

2123 5467 2175 5519 in
2209 5467 2296 5520 ed.
2324 5467 2482 5521 Rom.
2518 5476 2573 5523 et
2606 5469 2777 5535 Lips.,
2813 5468 2907 5521 sed
2941 5482 3246 5536 perperam,
3271 5488 3394 5528 cum
3429 5473 3540 5526 sint
3563 5485 3691 5525 ver-

2122 5537 2188 5590 ba
2244 5537 2537 5591 Ambrosii.
2597 5537 2974 5604 lntcrpretatio
3023 5537 3208 5597 Graeca
3259 5557 3370 5596 non
3419 5537 3689 5596 consentit

2121 5607 2340 5726 {pridem
2375 5621 2498 5659 cum
2527 5607 2766 5669 Latinis;
2803 5606 3077 5663 noluimus
3103 5618 3279 5665 tamen
3317 5620 3522 5665 textum
3557 5610 3687 5666 Am-

2139 5691 2290 5726 .H'OSll
2335 5685 2568 5726 mutare.

2139 5685 2290 5729 )i'OSll
2335 5685 2568 5729 mutare.
