4006 6202
326 367 399 431 BI
1412 359 1793 421 DIALOGUS
1834 361 1884 421 Ι.

2035 361 2562 423 ΓΜΜΠΤΑΒΙΗΞ.
3530 367 3600 433 82

324 491 467 538 σεως
502 472 779 544 φρόνημα,
814 472 902 526 ῖνα
930 468 1074 542 γνῷς
1105 469 1226 525 τίνα
1278 472 1408 543 περ).
1454 477 1553 544 τῆς
1607 473 1905 545 ληφθείσης

2018 492 2106 531 sus
2139 475 2407 547 Ignatinm
2450 474 2625 537 illum,
2653 472 2745 542 qui
2784 472 2848 527 dc
2877 471 3021 525 Petri
3061 473 3281 528 dextera
3317 476 3603 545 pontiﬁca-

316 566 538 631 ἐδόξασε
571 564 806 633 φύσεως.
849 563 1120 635 Ἀκήκοας
1143 562 1200 615 δὲ
1230 562 1447 628 πάντως
1486 564 1743 633 Ίγνάτιον
1771 568 1909 620 ἐκεῖ·

309 676 408 712 νον
436 657 515 721 ὃς,
543 657 634 711 διὰ
659 657 759 728 τῆς
818 655 911 710 τοῦ
984 656 1222 726 μεγάλου
1289 656 1494 727 Πέτρου
1558 658 1756 724 δεξιᾶς,
1810 657 1912 727 τῆς

2023 575 2109 620 tus
2137 565 2365 636 gratiam
2401 563 2663 634 suscepit,
2704 572 2759 617 et
2797 570 2917 632 post
2945 561 3381 620 administratam
3410 566 3599 626 Eccle-

2021 659 2155 713 siam
2186 657 2584 712 Antiochenam
2626 655 2876 728 martyrii
2920 671 3178 711 coronam
3211 656 3444 728 adeptus
3480 667 3598 728 est;

310 749 739 822 ἀρχιερωσύνης
767 748 867 816 τὴν
892 747 1055 818 χάριν
1077 747 1314 815 ἐδέξατο,
1345 749 1439 803 κα).
1460 748 1556 819 τὴν
1586 750 1905 822 Ἐκκλησίαν

2020 757 2075 803 et
2095 750 2384 813 Irenaeum,
2408 748 2503 818 qui
2524 745 2809 819 Polycarpi
2831 747 3051 803 auditor
3073 756 3128 804 et
3150 748 3455 818 discipulus
3474 748 3599 814 fuit,

326 843 651 913 ’Λιίτιοχέων
688 841 897 905 ίθύνας,
960 840 1054 893 τὸν
1120 839 1213 893 τοῦ
1285 842 1582 912 μαρτυρίου
1652 842 1905 911 στέφανον

2020 844 2320 911 lumenque
2354 840 2778 896 occidentalium
2811 841 3115 907 Gallorum,
3156 849 3211 896 et
3252 841 3601 914 Hippolytum

316 936 646 1005 ἀνεδήσατοο
674 934 767 987 καὶ
788 934 1100 1003 Εἰρηναῖον,
1132 930 1192 995 ὃς
1216 932 1314 1002 τῆς
1349 932 1710 1004 Πολυκάρπου
1762 933 1910 986 διδα-

2022 950 2085 989 ac
2118 934 2455 989 Methodium
2488 924 2776 1005 pontiﬁces
2806 942 2862 989 ct
2888 941 3175 1006 martyres,
3205 942 3258 988 et
3288 933 3445 1000 alios,
3469 950 3605 1005 quo-

315 1025 556 1087 σκαλίας
592 1024 930 1093 ἁπήλαυσεν,
961 1022 1206 1090 ἐγεγόνει
1266 1022 1321 1075 δὲ
1377 1025 1603 1095 φωστὴρ
1657 1024 1905 1078 Γαλατῶν

2023 1042 2143 1079 rum
2180 1024 2399 1095 placitis
2428 1023 2648 1078 nomina
2683 1039 2903 1094 quoque
2933 1023 3246 1095 adjungam.

310 1121 426 1191 τῶν
457 1118 753 1192 ἑσπερίων,
784 1120 878 1172 καὶ
920 1118 1260 1180 Ἱππόλυτον,
1314 1117 1407 1171 καὶ
1466 1119 1751 1186 Μεθόδιον,
1780 1121 1907 1185 τοὺς
1946 1120 2239 1191 ἀρχιερέας
2289 1120 2384 1174 καὶ
2417 1119 2723 1191 μάρτυρας,
2773 1120 2865 1173 καὶ
2909 1121 3037 1183 τοὺς
3102 1119 3312 1183 ἄλλους,
3375 1112 3449 1173 ὧν
3482 1124 3601 1184 ταῖς

311 1208 695 1272 διδασκαλίαις
726 1206 821 1271 τὰς
855 1208 1230 1280 προσηγορίας
1265 1207 1506 1277 συνάψω.

392 1308 600 1362 EPAN.
670 1304 932 1360 Ποθοῦντί
972 1322 1062 1376 μοι
1111 1306 1205 1359 κα).
1236 1304 1395 1359 τάσδε
1451 1303 1761 1376 προσοίσεις
1817 1304 1913 1369 τὰς

315 1401 652 1471 μαρτυρίας.

391 1491 544 1545 ΟΡΘ.
577 1491 847 1543 ⁸Ἄκουσον
874 1487 984 1540 τῶν
1016 1486 1226 1557 ἀνδρῶν
1256 1487 1357 1558 τὴν
1385 1486 1752 1557 ἁποστολικῆν
1783 1503 1912 1557 προ-

313 1587 603 1656 φερόντων
635 1581 1011 1637 διδασκαλίαν.

397 1718 508 1772 Τοῦ
541 1715 717 1786 ἁγίου
757 1713 1049 1786 ἰγνατίου
1090 1711 1431 1786 ἐπισκόπου
1475 1711 1832 1778 Ἀντιοχείας

900 1781 997 1835 καὶ
1026 1781 1349 1850 μάρτυρος.

407 1902 513 1952 Ἐκ
574 1896 680 1964 τῆς
736 1895 887 1964 πρὸς
940 1892 1315 1963 Σμυρναίους
1376 1893 1486 1964 (61)
1552 1892 1905 1961 ἐπιστολῆς.

318 1986 929 2057 Πεπληροφορημένους
968 1983 1076 2055 (6‘2)
1110 1982 1325 2055 ἀληθῶς
1348 1982 1459 2056 (65)
1485 1986 1563 2049 είς
1588 1984 1678 2037 τὸν
1706 1983 1910 2055 Κύριον

322 2079 514 2149 ἡμῶν,
541 2079 666 2131 ὅντα
695 2080 755 2130 ὲκ
782 2075 970 2145 γένους
997 2075 1162 2129 Δαὸὶδ
1203 2075 1345 2129 κατὰ
1376 2076 1576 2145 σάρκα,
1614 2076 1743 2129 Υἱὸν
1773 2074 1908 2129 Θεοῦ

320 2171 473 2224 κατὰ
525 2169 747 2237 θεότητα
793 2167 889 2221 κα).
937 2167 1166 2237 δύναμιν
1206 2166 1340 2237 (64),
1369 2167 1767 2237 γεγεννημένον
1798 2167 1908 2239 (65)

310 2262 545 2331 ἀληθῶς
584 2263 646 2313 ἐκ
684 2259 984 2330 Παρθένου,
1033 2258 1466 2330 βεϐαπτισμένον
1496 2259 1600 2312 ὑπὸ
1641 2260 1906 2325 Ἰωάννου,

316 2356 409 2408 ἵνα
476 2353 739 2425 πληρωθῇ
794 2354 941 2405 πᾶσα
998 2350 1308 2420 δικαιοσύνη
1362 2351 1453 2403 ὑπ’
1480 2350 1665 2410 αὐτοῦ,
1694 2350 1910 2421 ἀληθῶς

314 2447 414 2498 ἐπὶ
452 2445 679 2499 Ποντίου
737 2444 968 2497 Πιλάτου
997 2442 1092 2494 καὶ
1131 2441 1373 2512 Ἡρώδου
1420 2442 1721 2513 τετράρχου
1775 2441 1908 2496 καθ-

311 2534 610 2603 ηλωμένον
660 2534 802 2603 ὑπὲρ
834 2530 989 2603 ἡμῶν
1016 2529 1200 2601 σαρκί.
1224 2560 1294 2570 ——
1327 2529 1437 2584 Τοῦ
1476 2531 1662 2584 αὐτοῦ
1698 2531 1765 2584 ἐκ
1798 2528 1910 2598 τῆς

312 2622 515 2690 αὐτῆς
586 2620 941 2689 ἐπιστολῆς.
1007 2619 1072 2671 Τί
1134 2620 1241 2691 γὰρ
1304 2619 1546 2689 ὠφελεῖ,
1619 2621 1778 2691 εἴπερ
1839 2638 1906 2690 με

312 2718 546 2770 ἐπαινεῖ
570 2733 671 2778 τις,
706 2715 797 2768 τὸν
830 2714 889 2766 δὲ
922 2712 1126 2784 Κύριόν
1169 2729 1270 2781 μου
1311 2710 1641 2782 βλασφημεῖ,
1670 2711 1746 2783 μὴ
1778 2712 1906 2782 ὁμο-

312 2807 508 2875 λογῶν
538 2807 696 2860 αὑτὸν
722 2805 1087 2875 σαρκοφόρονς
1143 2804 1199 2858 Ὀ
1253 2803 1310 2856 δὲ
1368 2803 1525 2857 τοῦτο
1578 2805 1652 2874 μὴ
1710 2803 1903 2871 λέγων,

314 2900 557 2963 τελείως
622 2899 785 2951 αὑτὸν
842 2898 1154 2968 ἁπήρνηται
1188 2894 1263 2948 ὢν
1316 2894 1643 2966 νεκροφόρος
1678 2894 1907 2965 (66).---⁸

317 2992 446 3046 Τοῦ
482 2992 665 3046 αὐτοῦ
704 2993 771 3044 ἐκ
806 2989 915 3057 τῆς
963 2989 1153 3055 αὐτῆς
1203 2985 1549 3055 ἐπιστολῆς.
1595 2986 1656 3040 Εἰ
1691 2986 1799 3059 γὰρ
1830 2987 1906 3058 τῷ

312 3084 508 3137 δοκεῖν
530 3082 700 3135 ταῦτα
738 3080 989 3151 ἐπράχθη
1025 3079 1130 3133 ὑπὸ
1167 3078 1259 3131 τοῦ
1286 3078 1491 3149 Κυρίου
1534 3077 1712 3147 ἡμῶν,
1749 3076 1905 3146 κάγὼ

2090 1304 2297 1359 ERAN.
2330 1305 2498 1361 Valde
2521 1304 2763 1375 cupienti
2791 1305 2926 1359 mihi
2950 1306 3118 1361 etiam
3144 1306 3260 1361 haec
3285 1308 3597 1363 testimonia

2021 1413 2315 1467 propones.

2088 1486 2301 1541 ORTII.
2336 1486 2476 1541 Audi
2503 1494 2651 1558 “ergo
2702 1487 2851 1543 viros
2899 1486 3250 1558 apostolicam
3291 1487 3598 1543 doctrinam

2019 1586 2300 1634 sonantes.
2620 1598 2623 1601 ’

2087 1711 2270 1767 Sancti
2305 1712 2503 1784 Ignatii
2543 1716 2766 1787 episcopi
2812 1716 3121 1772 Antiocheni
3165 1724 3215 1769 et
3253 1720 3522 1791 martyris.

2089 1892 2172 1948 Ea:
2194 1894 2415 1964 epistola
2439 1896 2507 1949 ad
2529 1895 2846 1967 Smyrnwos.
2872 1898 3037 1953 Plane
3060 1900 3444 1970 cumulateque
3469 1916 3593 1969 per-

2017 2001 2210 2041 suasos
2248 1986 2314 2041 de
2342 1986 2572 2041 Domino
2594 1995 2804 2051 nostro,
2836 1988 2931 2058 qui
2956 1996 3121 2043 estex
3152 2005 3351 2060 genere
3376 1991 3596 2045 Davidis

2018 2076 2320 2131 secundum
2361 2092 2603 2139 carnem,
2640 2084 2696 2131 et
2720 2076 2891 2131 Filius
2926 2076 3022 2131 Dei
3054 2078 3357 2132 secundum
3389 2078 3592 2133 divini-

2019 2177 2185 2224 tatem
2209 2177 2265 2223 et
2292 2167 2594 2236 potentiam
2626 2186 2637 2220 :
2666 2167 2759 2235 qui
2798 2167 2905 2237 50
2930 2184 3059 2223 vere
3091 2178 3253 2224 natus
3274 2178 3445 2224 estex
3476 2171 3595 2226 Vir-

2016 2259 2163 2331 gine,
2187 2268 2245 2313 et
2269 2258 2577 2328 baptizatus
2598 2274 2627 2313 a
2651 2259 2879 2323 Joanne,
2911 2269 2971 2313 ut
3004 2261 3182 2315 omnis
3206 2260 3273 2314 ab
3296 2262 3413 2330 ipso
3432 2263 3593 2332 justi-

2018 2352 2092 2406 tia
2124 2351 2448 2421 impleretur
2478 2368 2491 2403 :
2521 2364 2651 2405 vere
2696 2350 2799 2404 sub
2830 2350 3025 2405 Pontio
3063 2351 3236 2406 Pilato
3278 2363 3334 2406 et
3374 2353 3591 2409 Herode

2017 2441 2288 2497 tetrarcha
2320 2456 2420 2511 pro
2443 2440 2602 2496 nobis
2624 2434 2996 2497 cruciﬁxus‘in
3018 2457 3202 2497 carne.
3227 2474 3296 2483 —
3319 2443 3588 2515 Ejusdem,

2012 2546 2082 2587 ea:
2122 2531 2303 2585 eadem
2339 2529 2580 2603 epistola.
2626 2529 2769 2597 Quid
2810 2530 2957 2587 enim
2995 2530 3238 2601 prodest,
3269 2531 3314 2586 si
3350 2533 3475 2602 quis
3503 2548 3591 2589 me

2013 2623 2231 2687 laudet,
2276 2622 2570 2677 Dominum
2611 2632 2794 2677 autem
2835 2637 3019 2677 meum
3059 2621 3428 2693 blasphemet,
3478 2641 3589 2680 non

2014 2713 2284 2770 conﬁtens
2314 2730 2443 2769 eum
2480 2729 2702 2768 carnem
2739 2714 2992 2785 gestare?
3019 2713 3172 2779 Quod
3206 2715 3299 2784 qui
3327 2730 3437 2770 non
3462 2731 3589 2786 pro-

2015 2804 2222 2870 ﬁtetur,
2272 2806 2431 2875 plane
2478 2805 2657 2875 ipsum
2710 2814 2903 2876 negat,
2953 2805 3189 2860 cadaver
3233 2815 3473 2877 portans.
3518 2837 3587 2849 ν-

2014 2897 2290 2969 Ejusdem,
2311 2913 2374 2971 ea:
2391 2896 2572 2952 eadem
2591 2896 2831 2968 epistola.
2851 2897 2908 2952 Si
2924 2897 3072 2953 enim
3093 2898 3349 2967 opinione
3377 2907 3585 2954 tantum

2013 2990 2129 3045 hazc
2162 3006 2193 3045 a
2224 2989 2456 3044 Domino
2481 2997 2674 3045 nostro
2701 2997 2851 3059 gesta
2891 2996 3039 3051 sunt,
3069 3004 3170 3059 ego
3202 3004 3419 3060 quoque
3463 2990 3584 3062 opi—

2012 3081 2181 3136 nione
2210 3081 2430 3135 vinctus
2456 3095 2600 3134 sum.
2632 3078 2742 3135 Cur
2773 3088 2958 3134 autem
2988 3079 3257 3150 meipsum
3285 3080 3449 3136 morti
3480 3090 3587 3137 tra-

312 3176 404 3243 τῷ
431 3174 612 3227 δοκεῖν
644 3173 885 3243 δέδεμαι.
911 3171 976 3223 Τί
1000 3171 1055 3237 δὲ
1090 3172 1185 3224 καὶ
1210 3169 1440 3242 ἐμαυτὸν
1466 3170 1675 3223 ἔκδοτον
1699 3169 1905 3222 δέδωκα

2018 3173 2150 3238 didi,
2183 3173 2253 3228 ad
2284 3173 2486 3244 ignem,
2512 3172 2579 3228 ad
2607 3171 2871 3244 gladium,
2897 3172 2966 3227 ad
2989 3172 3228 3228 bestias?
3258 3173 3458 3229 Verum
3489 3175 3584 3246 qui

313 3266 405 3337 τῷ
443 3266 678 3335 θανάτῳ,
708 3264 844 3336 πρὸς
880 3263 1011 3333 πῦρ,
1049 3262 1184 3333 πρὸς
1211 3261 1505 3333 μάχαιραν,
1542 3261 1677 3333 πρὸς
1701 3261 1905 3331 θηρία;

331 3359 486 3412 Ἀλλ’
523 3362 551 3412 ὁ
586 3360 750 3427 ἐγγὺς
779 3356 1072 3428 μαχαίρας,
1100 3355 1263 3424 ἐγγὺς
1298 3353 1431 3406 Θεοῦ
1471 3354 1601 3421 (67).
1640 3353 1816 3406 Μόνον
1850 3353 1908 3404 ὲν

315 3454 402 3523 τῷ
443 3453 672 3521 ὀνόματι
723 3449 893 3520 Ἰησοῦ
928 3447 1189 3519 Χριστοῦ,
1225 3447 1303 3509 εἰς
1338 3447 1398 3499 τὸ
1435 3444 1738 3516 συμπαθεῖν
1762 3444 1909 3515 αὑτῷ

320 3548 515 3598 rixata
547 3543 820 3613 ὑπομένω,
849 3540 1013 3594 αὑτοῦ
1053 3557 1119 3610 με
1159 3537 1604 3609 ἐνδυναμοῦντος,
1666 3537 1759 3590 τοῦ
1814 3555 1906 3589 τε»

317 3638 472 3690 λείου
498 3632 785 3706 ἀνθρώπου
824 3634 957 3702 (68),
983 3633 1041 3684 ὃν
1067 3648 1209 3694 τινες
1243 3630 1561 3698 ἀγνοοῦντες
1594 3631 1902 3701 ἀρνοῦνται.

318 3759 396 3770 --
424 3727 537 3781 Τοῦ
560 3725 746 3779 αὑτοῦ
783 3725 850 3777 ἐκ
884 3722 995 3791 τῆς
1024 3722 1173 3791 πρὸς
1214 3722 1529 3791 Ἐφεσίους
1551 3721 1902 3790 ἐπιστολῆς.

330 3821 399 3872 '0
430 3817 543 3887 γὰρ
566 3817 698 3879 Θεὸς
728 3815 883 3887 ἡμῶν
915 3814 1120 3884 Ἰησοῦς
1146 3814 1399 3882 Χριστὸς,
1428 3813 1775 3886 ὲκυοφορήθη
1800 3814 1905 3866 ὑπὸ

319 3909 571 3979 Μαρίας,
588 3906 1017 3976 κατόἱκονομίαν
1030 3905 1166 3958 Θεοῦ
1176 3946 1187 3965 ,
1204 3907 1268 3958 ὲκ
1284 3905 1595 3977 σπέρματος
1611 3905 1709 3975 μὲν
1719 3904 1903 3968 Δαὸὶδ,

320 4006 390 4055 ἐκ
413 4002 527 4074 (69)
545 3999 685 4053 Πνεύ
695 4014 862 4070 ματος
887 3998 942 4051 δὲ
977 3998 1156 4065 ἁγίου,
1178 3997 1235 4060 ὃς
1252 3997 1538 4068 ἐγεννήθη,
1564 3997 1656 4050 καὶ
1678 3996 1905 4050 ἐϐαπτί-

322 4095 454 4161 σθη,
498 4093 584 4145 ἵνα
616 4092 676 4144 τὸ
738 4090 930 4160 θνητὸν
970 4089 1124 4160 ήμῶν
1160 4087 1465 4159 καθαρισθῇ
1505 4088 1637 4157 (70).
1686 4118 1754 4129 -
1796 4088 1905 4143 Τοῦ

319 4183 518 4239 αὐτοῦ
562 4182 631 4235 ἐκ
683 4181 793 4247 τῆς
828 4180 1018 4248 αὐτῆς
1072 4180 1422 4247 ἐπιστολῆς.
1487 4179 1555 4232 Εἴ
1608 4196 1661 4232 τι
1712 4178 1820 4249 (71)
1856 4181 1905 4232 oi

319 4281 451 4330 κατ’
476 4275 644 4347 ἄνδρα
675 4276 825 4344 κοινῇ
881 4273 1080 4336 πάντες
1133 4273 1191 4325 ὲν
1221 4275 1286 4343 τῇ
1334 4272 1515 4343 χάριτι
1552 4271 1609 4337 ἐξ
1644 4271 1905 4341 ὀνόματος

322 4365 658 4437 συνέρχεσθε
695 4366 751 4416 ὲν
791 4365 888 4434 μιᾷ
915 4364 1113 4425 πίστει,
1141 4363 1234 4417 καὶ
1267 4362 1348 4415 ἐν).
1384 4362 1496 4433 (7:2)
1544 4361 1718 4432 Ἰησοῦ
1765 4363 1904 4433 Χρι-

324 4458 460 4527 στῷ,
490 4455 632 4509 κατὰ
669 4455 780 4525 (75)
814 4454 993 4524 σάρκα
1023 4454 1087 4506 ἐκ
1122 4452 1310 4520 γένους
1341 4452 1522 4517 Δαϐὶδ,
1547 4451 1624 4522 τῷ
1659 4452 1773 4524 Υίῷ
1809 4452 1902 4507 τοῦ

319 4545 624 4619 ἀνθρώπου
650 4546 742 4598 καὶ
778 4544 891 4614 Υἱῷ
924 4543 1017 4596 τοῦ
1041 4541 1197 4597 Θεοῦ.
1233 4573 1303 4582 -
1341 4542 1451 4597 Τοῦ
1485 4541 1671 4597 αὐτοῦ
1694 4542 1761 4596 ἐκ
1791 4542 1902 4613 τῆς

399 4729 513 4799 (61)
554 4726 871 4799 Σμυρν.1ιυ
899 4724 1186 4799 legendum
1231 4740 1348 4799 esse
1378 4724 1893 4799 dudumUsse‘rius,

329 4794 640 4854 Pent-sonus
680 4794 893 4866 aliique
936 4794 1210 4866 viderunt.
1241 4794 1353 4866 Nec
1380 4795 1709 4866 dubitationi
1746 4796 1900 4851 locus

323 4885 449 4922 esse
492 4876 691 4937 potest,
723 4864 846 4920 cum
890 4865 1079 4919 eadem
1138 4865 1254 4937 haec
1306 4864 1376 4937 sit
1406 4865 1656 4937 epistola,
1687 4866 1902 4937 quzegin

324 4934 548 5006 dialogo
601 4938 635 4991 2
693 4944 748 4995 et
791 4937 845 4994 5.
881 4943 1031 5006 recte
1071 4937 1101 5003 ἡ
1142 4935 1280 5006 πρὸς
1333 4934 1674 5006 Σμυρναίους
1726 4935 1898 4990 audit.

330 5004 643 5061 Descfenda
672 5008 853 5073 itaque
901 5005 1003 5057 fuit
1032 5005 1190 5058 lectio
1220 5004 1408 5066 εἶναι,
1446 5004 1770 5074 Ῥωμαίους,
1797 5006 1902 5060 etsi

325 5078 417 5131 ed.
456 5078 615 5129 Rom.
644 5084 698 5129 et
729 5076 873 5144 Lips.
912 5075 1069 5128 istam
1102 5073 1241 5144 tueri
1277 5073 1585 5128 videantur.

402 5146 521 5213 (6'2)
573 5146 743 5198 Πεπλ.
786 5143 841 5197 κ.
884 5162 931 5197 τ.
987 5145 1035 5196 λ.
1087 5143 1371 5197 Pet-tinent
1413 5144 1514 5199 ista
1569 5144 1636 5199 ad
1686 5145 1902 5199 initium

329 5216 601 5284 epistolae,
621 5215 898 5269 conterent
945 5221 1126 5268 autem
1166 5228 1290 5266 cum
1334 5214 1519 5268 verbis
1545 5230 1665 5283 qum
1698 5229 1903 5283 prace-

333 5288 493 5343 dunt.
520 5287 719 5349 ὲνοησα
758 5285 899 5351 ὑμᾶς
936 5296 991 5338 et
1021 5299 1141 5351 qua:
1193 5292 1519 5351 sequuntur.
1572 5284 1801 5353 Propius
1832 5284 1899 5338 ad

333 5356 581 5408 codicem
610 5354 912 5407 Mediccum
946 5369 1109 5421 quam
1144 5353 1209 5405 ad
1233 5354 1505 5421 vulgatum
1537 5353 1781 5408 Grmcum
1814 5369 1900 5407 ac-

333 5424 541 5478 cedunt
578 5425 701 5477 loca
732 5440 798 5477 ex
832 5422 1124 5493 Ignatianis
1150 5422 1398 5493 epistolis
1436 5439 1465 5476 a
1492 5423 1691 5476 Nostro
1720 5423 1897 5475 allata.

335 5494 493 5548 (Iani.
520 5493 841 5563 Christoph.
870 5492 1065 5562 'cheri
1100 5492 1236 5545 Diss.
1272 5492 1543 5563 alterode
1573 5493 1779 5561 Ignatio
1808 5508 1902 5545 ve-

336 5565 512 5617 ritatis
540 5564 855 5618 confessori:
882 5571 936 5615 et
972 5571 1224 5632 martyre,
1252 5578 1374 5631 pag.
1408 5562 1474 5632 59
1503 5577 1617 5630 seq.

403 5634 516 5699 (5'))
564 5633 733 5703 ἁληθ.
757 5632 861 5686 Alii
886 5640 1102 5703 (ponunt
1116 5629 1365 5703 post?»
1396 5629 1598 5703 Κύριον
1622 5633 1661 5703 Δἡ
1674 5631 1804 5699 μῶν.

408 5704 517 5773 ι’6ἱ)
546 5700 688 5773 κατὰ
877 5701 986 5773 δύν.
1021 5700 1153 5754 Cod.
1184 5700 1373 5773 Medic.
1409 5702 1551 5773 κατὰ
1577 5700 1782 5771 θέλημα
1812 5704 1905 5754 καὶ

336 5770 566 5845 δύναμιν
603 5771 757 5826 Θεοῦ.
796 5771 921 5828 V’id.
956 5771 1209 5824 Pearson.
1254 5770 1316 5823 ad
1358 5770 1413 5822 h.
1456 5771 1491 5825 Ι.

2011 3267 2226 3322 vicinus
2268 3265 2482 3337 gladio,
2528 3265 2745 3320 vicinus
2777 3273 2833 3319 et
2863 3264 2997 3319 Deo.
3032 3262 3221 3319 Solum
3264 3265 3318 3319 in
3360 3267 3583 3321 nomine

2008 3355 2139 3412 Jesu
2163 3355 2390 3421 Christi,
2421 3364 2480 3410 ut
2516 3355 2834 3426 passionum
2865 3356 2985 3427 ejus
3013 3355 3196 3410 socius
3228 3354 3374 3421 ﬁam,
3400 3356 3582 3412 omnia

2010 3447 2278 3512 sustineo,
2310 3447 2430 3519 ipso
2470 3463 2558 3502 me
2584 3446 2999 3510 corroborante,
3021 3445 3243 3501 homine
3276 3447 3538 3517 perfecto,
3566 3451 3583 3468 '

2008 3555 2172 3610 quem
2192 3538 2361 3609 aliqui
2393 3539 2704 3609 ignorantes
2737 3545 2956 3609 negant.
2976 3568 3047 3577 ——
3066 3538 3339 3609 Ejusdem,
3380 3555 3444 3592 ex
3474 3540 3583 3608 epi-

2007 3630 2142 3685 stola
2174 3630 2243 3684 ad
2280 3630 2549 3700 Ephesios.
2580 3631 2726 3686 Deus
2752 3629 2899 3682 enim
2928 3636 3118 3683 noster
3144 3628 3303 3684 Jesus
3325 3628 3580 3683 Christus

2009 3722 2067 3776 in
2091 3720 2271 3776 Maria:
2290 3728 2449 3774 utero
2473 3728 2717 3789 gestatus
2737 3725 2821 3773 est
2843 3718 3146 3772 secundum
3168 3720 3267 3775 Dei
3296 3720 3579 3789 dispensa-

2010 3814 2238 3875 tionem,
2263 3826 2330 3866 ει
2360 3809 2568 3864 semine
2601 3809 2823 3879 quidem
2861 3809 3101 3876 Davidis,
3138 3810 3234 3866 sed
3271 3826 3340 3866 ex
3373 3806 3579 3881 Spiritu

2010 3913 2198 3960 sancto
2234 3920 2247 3958 :
2277 3902 2369 3974 qui
2396 3909 2560 3959 natus
2588 3911 2692 3968 est,
2727 3909 2784 3958 et
2816 3903 3146 3974 baptizatus,
3181 3911 3241 3957 ut
3277 3902 3581 3961 mortalitas

2008 4004 2196 4051 nostra
2219 4004 2505 4066 purgetur.
2531 4025 2601 4034 —
2622 3993 2896 4069 Ejusdem,
2920 4012 2983 4050 ex
3023 3996 3206 4050 eadem
3244 3996 3481 4068 epistola.
3522 3997 3577 4053 Si

2007 4086 2229 4157 quidem
2253 4085 2454 4156 singuli
2481 4100 2672 4141 omnes
2695 4085 2947 4141 universe
2976 4086 3030 4140 in
3057 4087 3231 4157 gratia
3256 4088 3577 4144 nominatim

2008 4177 2316 4233 convenitis
2341 4177 2397 4231 in
2418 4192 2527 4231 una
2551 4176 2676 4242 ﬁde,
2697 4175 2753 4233 e't
2771 4177 2827 4230 in
2847 4192 2957 4232 uno
2974 4177 3101 4233 Jesu
3123 4177 3361 4245 Christo,
3384 4195 3574 4235 secun-

2007 4269 2140 4324 dum
2178 4284 2399 4324 carnem
2442 4283 2511 4323 ex
2552 4283 2750 4339 genere
2792 4268 3032 4334 Davidis,
3068 4268 3207 4324 Filio
3246 4270 3483 4326 hominis
3521 4280 3577 4326 et

2008 4361 2145 4415 Filio
2161 4361 2276 4416 Dei.
2294 4392 2367 4403 —
2380 4360 2480 4430 51
2502 4360 2775 4431 Ejusdem,
2796 4377 2859 4416 ea:
2879 4362 3060 4416 eadem
3075 4361 3312 4433 epistola.
3326 4363 3479 4420 Unus
3492 4372 3574 4418 est

2007 4451 2256 4507 medicus
2276 4452 2511 4506 carnalis
2530 4461 2591 4508 et
2610 4452 2935 4523 Spiritualis,
2958 4453 3176 4525 genitus
3196 4464 3252 4510 et
3275 4454 3571 4525 ingenitus,

2005 4543 2062 4599 in
2097 4544 2317 4600 homine
2344 4544 2511 4611 Deus,
2548 4544 2603 4599 in
2640 4554 2817 4600 morte
2836 4546 2948 4600 vita
2975 4555 3199 4611 aeterna,
3224 4553 3280 4601 et
3305 4562 3370 4600 ex
3405 4545 3575 4623 Maria

2097 4725 2185 4795 65)
2218 4743 2340 4795 γεγ.
2363 4725 2464 4780 Ed.
2498 4725 2651 4795 prior
2684 4725 2921 4795 habebat
2952 4726 3334 4795 γεγενημένον.

2098 4794 2186 4866 66)
2218 4794 2573 4866 Τί-νεκροφ.
2603 4794 2747 4866 Cod.
2773 4794 2963 4849 Medic.
3003 4813 3017 4849 ι
3050 4796 3114 4847 Τί
3140 4794 3258 4866 γάρ
3287 4812 3351 4865 με
3376 4794 3576 4866 ὠφελεῖ

2006 4864 2095 4928 τις
2120 4905 2133 4927 ,
2169 4864 2233 4917 ἐί
2286 4865 2395 4934 aut,
2424 4864 2657 4928 ἐπαινεῖ,
2704 4864 2794 4934 τὸν
2827 4864 3297 4934 -ένσαρκοφόρον,⁷
3335 4865 3393 4917 '0
3429 4865 3570 4917 δὲ-

2006 4932 2330 5006 ἀπήρνᾲηται
2369 4932 2450 5006 div;
2487 4932 2832 5006 νεκροφόρος.
2880 4933 2969 5006 Ex_
2995 4932 3082 4987 his
3133 4934 3338 5006 ultimis
3387 4935 3570 5006 verbis

2007 5003 2355 5075 emendanda
2378 5004 2481 5075 fuit
2530 5003 2694 5059 lectio
2723 5003 2888 5062 Sirm.
2942 5004 3017 5068 ὡς
3068 5004 3410 5075 νεκροφόρον.
3443 5004 3565 5060 Vid.

2008 5075 2265 5129 Pearson.
2294 5074 2361 5128 ad
2387 5074 2441 5128 h.
2471 5074 2508 5128 l.

2077 5142 2378 5266 (ῗἹὲΞΞοῦ.
2414 5144 2548 5200 Cod.
2575 5143 2766 5199 Medic.
2800 5142 2951 5198 addit
2989 5143 3188 5211 μεταξὺ
3222 5144 3447 5219 θηρίων,
3474 5162 3568 5215 με-

2002 5232 2136 5277 ταςυ
2164 5232 2321 5268 σεου.

2097 5283 2184 5347 68)
2213 5284 2369 5354 ἀνθρ.
2417 5284 2555 5339 Ibid.
2592 5284 2842 5353 sequitur
2870 5284 3183 5354 γενομένου.

2098 5354 2185 5409 69)
2232 5353 2328 5407 ὲκ.
2347 5354 2514 5409 Abest
2546 5370 2576 5409 a
2603 5355 2726 5408 cod.
2756 5353 2947 5408 M’edic.

2100 5422 2346 5497 70)_Cod.
2381 5425 2576 5497 .iiedic.
2613 5422 2809 5497 nich
2830 5424 2987 5478 πάθει
3018 5424 3079 5477 τὸ
3105 5423 3246 5496 ὕδωρ
3275 5423 3545 5497 καθαρίσῃ

2004 5494 2125 5548 Vid.
2170 5492 2365 5547 Thom.
2403 5492 2576 5547 Smith
2603 5492 2671 5545 ad
2713 5493 2769 5545 h.
2797 5493 2834 5545 l.

2076 5563 2187 5696 (71)
2216 5563 2283 5616 Ei
2316 5580 2388 5616 τι.
2424 5563 2559 5645 Cod.
2597 5561 2791 5617 Medic.
2830 5564 2931 5616 ὅτι.

2100 5632 2186 5696 72)
2223 5633 2320 5684 ἑνί.
2363 5633 2499 5687 Ibid.
2543 5634 2620 5684 ὲν.

2100 5632 2186 5697 72)
2223 5633 2320 5684 ἐνί.
2363 5633 2499 5687 Ibid.
2543 5634 2620 5684 ὲν.

2078 5701 2187 5771 (75)
2219 5702 2389 5759 κατά..
2412 5702 2486 5756 Ib.
2515 5719 2697 5774 pnnm.
2730 5702 2821 5774 τῷ.
