4006 6202
360 313 428 376 εδ
1409 312 1783 372 DIALoeus
1826 315 1870 372 ι.
1911 341 1974 347 -
2020 317 2536 384 l.\l.\IUTABiLlS.
3531 326 3600 388 86

355 417 615 488 λήψεσθαι
678 419 806 486 παρ’
853 416 1057 487 αὑτῆς;
1099 417 1218 470 Ἔτι
1275 435 1332 470 τε
1390 420 1436 472 εί
1495 421 1662 490 μηδὲν
1714 422 1926 492 εἰλήφει

2036 427 2144 481 lucc
2172 429 2218 481 si
2247 430 2382 484 nihil
2428 448 2457 484 a
2494 431 2660 485 Maria
2699 432 3040 501 sumpsisset,
3073 444 3181 483 non
3225 430 3412 498 utique
3449 431 3602 487 cibos

353 508 500 578 παρά
564 508 665 576 τῆς
727 508 963 580 Μαρίας,
1027 509 1126 562 οὐκ
1191 509 1256 562 ἂν
1320 509 1418 573 τὰς
1480 510 1588 580 (89)
1654 512 1761 564 ἀπὸ
1823 513 1928 582 γῆς

349 600 683 668 εἰλημμένας
711 601 964 668 προσίετο
989 600 1194 671 τροφὰς
1213 641 1226 664 ,
1258 601 1326 654 δι’
1356 594 1430 654 ὧν
1462 603 1522 654 τὸ
1553 602 1660 655 ἀπὺ
1692 607 1794 673 γῆς
1829 605 1924 672 λη-

348 690 478 757 φθὲν
501 690 763 759 τρέφεται
800 689 979 760 σῶμον
1019 691 1127 744 οὐδ’
1160 691 1225 745 ἂν
1253 695 1331 755 εἰς
1353 694 1761 765 τεσσαράκοντα
1790 696 1928 767 ὴμέ-

347 799 447 850 ρας
482 783 685 852 ὁμοίως
725 783 799 845 ὠς
828 783 1066 850 Μωῦσῆς
1094 783 1188 838 κα)¹
1235 784 1416 848 Ἠλίας
1448 786 1748 856 νηστεύσας
1779 787 1929 839 ἐπεί-

342 891 475 942 νησε
503 916 518 937 ,
552 873 646 927 τοῦ
685 874 934 944 σώματος
976 875 1360 945 ἐπιζητοῦντος
1394 877 1495 947 τὴν
1532 877 1665 930 ἰδίαν
1697 877 1923 949 τροφήν

337 967 451 1017 οὐδ’
494 964 560 1017 ἂν
609 965 860 1034 Ἰωάννης
891 966 918 1016 6
952 965 1202 1037 μαθητὴς
1231 967 1396 1020 αὑτοῦ
1427 970 1554 1040 περὶ
1599 969 1761 1022 αὐτοῦ
1788 971 1926 1041 γρά-

341 1072 461 1121 φων
508 1055 759 1124 εἰρήκειο
799 1075 816 1105 ι
881 1054 939 1106 ὐ
977 1054 1032 1108 δὲ
1084 1055 1292 1125 Ἰησοῦς
1324 1056 1670 1121 κεκοπιακὼς
1711 1060 1776 1111 ὲκ
1826 1057 1928 1126 τῆς

338 1145 652 1216 ὁδοιπορίας
682 1143 997 1208 ἐκαθέζετο·
1047 1164 1065 1195 ι
1102 1145 1210 1198 οὐδ’
1245 1144 1310 1199 ἂν
1347 1148 1375 1199 6
1416 1146 1582 1200 Δαϐὶδ
1616 1165 1926 1218 προαναπε-

340 1237 590 1305 ςωνὴκει
623 1236 750 1304 περὶ
783 1235 972 1288 αὑτοῦ·
1028 1256 1044 1287 ι
1084 1237 1190 1290 Καὶ
1224 1238 1317 1290 ἐπὶ
1347 1238 1407 1291 τὸ
1440 1239 1600 1306 ἄλγος
1631 1239 1735 1293 τῶν
1757 1257 1972 1310 τρανστ·

339 1327 536 1394 μάτων
570 1343 668 1394 μου
703 1325 1075 1395 προσέθηκα-ι·
1113 1346 1130 1377 ι
1167 1327 1276 1380 οὐδ’
1309 1327 1373 1380 ἂν
1398 1328 1697 1398 ἐδάκρυσεν
1717 1329 1808 1380 ἐπὶ
1832 1329 1925 1380 τοῦ

338 1415 624 1486 Λαζάρου,
653 1415 763 1468 οὐδ’
797 1415 864 1468 ἂν
895 1415 1088 1486 ἵδρωσε
1118 1416 1389 1488 θρόμϐους
1431 1420 1682 1490 αἵματος
1714 1421 1822 1472 οὐδ’
1859 1420 1926 1474 ἂν

336 1507 577 1576 εἰρήκει,
611 1506 694 1558 ὃτι
724 1524 740 1560 ι
773 1507 1075 1576 Περίλυπός
1107 1509 1307 1578 ἐστινὴ
1336 1510 1480 1579 ψυχή
1517 1526 1638 1578 μου’
1671 1530 1688 1562 ι
1724 1510 1831 1562 οὐδ’
1861 1510 1925 1564 ἂν

335 1597 600 1666 νυγείσης
621 1596 790 1650 αὐτοῦ
820 1597 918 1666 τῆς
947 1596 1183 1668 πλευρᾶς
1207 1597 1428 1667 ἐξῆλθεν
1460 1594 1600 1670 αἷμα
1631 1601 1724 1654 καὶ
1759 1601 1922 1671 ὕδωρ.

336 1688 529 1742 Ταῦτα
556 1690 667 1762 γὰρ
706 1690 880 1743 πάντα
921 1689 1167 1760 σύμϐολα
1202 1693 1403 1763 σαρκὸς
1432 1693 1529 1762 τῆς
1566 1695 1672 1746 ἀπὸ
1717 1696 1820 1765 γῆς
1847 1697 1925 1748 εί-

2036 519 2140 590 53
2170 537 2266 576 eos
2299 524 2392 592 qui
2429 539 2460 577 e
2497 533 2643 578 terra
2672 525 2875 594 sumpti
2911 530 3060 587 sunt,
3086 531 3142 577 et
3164 521 3366 592 quibus
3401 537 3602 594 corpus

2035 627 2064 664 e
2097 621 2243 666 terra
2277 622 2556 682 sumptum
2591 615 2776 678 alitur,
2810 614 3136 674 admisisset,
3172 628 3273 666 nec
3307 626 3430 665 cum
3465 628 3600 681 qua-

2033 703 2285 774 draginta
2327 705 2468 772 dies,
2509 707 2651 762 sicut
2693 708 2868 762 Moses
2898 716 2954 762 et
2989 707 3156 769 Elius,
3191 705 3511 774 jejunasset,
3547 707 3599 759 in

2034 796 2233 852 famem
2291 797 2611 865 incidisset,
2675 815 2907 869 corpore
2967 799 3222 854 videlicet
3279 797 3602 850 alimentum

2034 906 2196 946 suum
2245 899 2595 962 exposcente.
2655 893 2768 947 Nec
2828 901 3093 962 praeterea
3140 890 3378 945 Joannes
3431 888 3603 957 ipsius

2033 983 2338 1052 discipulus
2360 983 2428 1038 de
2459 985 2579 1054 ipso
2609 985 2858 1039 scribens
2885 985 3110 1039 dixisset
3139 1000 3152 1035 :
3188 1002 3204 1034 ι
3231 981 3390 1037 Jesus
3417 989 3601 1035 autem

2033 1073 2291 1144 fatigatus
2328 1090 2396 1129 ex
2435 1075 2632 1130 itinere
2669 1075 2894 1131 sedebat
2937 1077 3000 1128 ".
3037 1093 3054 1126 ι
3107 1074 3218 1129 Nec
3259 1074 3390 1126 item
3436 1071 3602 1126 David

2033 1167 2100 1221 de
2137 1183 2204 1222 eo
2239 1168 2579 1237 przedixisset
2613 1187 2628 1223 :
2670 1189 2686 1220 ι
2714 1170 2781 1224 Ει
2820 1185 2985 1240 super
3025 1168 3272 1222 dolorem
3314 1167 3602 1220 vulnerum

2033 1274 2282 1313 meorum
2325 1260 2660 1315 addiderunt
2691 1263 2757 1315 ".
2797 1281 2814 1313 ι
2854 1262 2966 1318 Nec
3002 1261 3190 1315 Lazari
3229 1277 3390 1316 causa
3427 1261 3602 1332 laery-

2035 1366 2148 1404 mas
2197 1350 2448 1414 fudisset,
2484 1367 2584 1406 nec
2631 1353 2912 1422 sanguinis
2949 1361 3132 1422 guttas
3173 1353 3391 1406 sudoris
3436 1352 3606 1406 instar

2032 1441 2336 1508 emisisset;
2359 1457 2460 1495 nec
2479 1441 2708 1496 dixisset
2733 1459 2744 1494 :
2777 1461 2794 1492 ι
2819 1441 3020 1496 Tristis
3039 1449 3124 1495 est
3147 1441 3326 1494 anima
3349 1455 3468 1493 mea
3488 1441 3552 1503 ";
3581 1459 3596 1488 ι

2033 1545 2134 1585 nec
2175 1530 2414 1601 denique
2460 1533 2568 1586 icto
2618 1532 2792 1600 ipsius
2842 1532 3013 1586 latere
3057 1530 3280 1601 sanguis
3322 1546 3429 1583 una
3479 1544 3602 1582 cum

2032 1637 2171 1690 aqua
2227 1621 2469 1676 exiisset.
2518 1622 2644 1676 Haec
2701 1622 2848 1690 enim
2907 1630 3104 1677 cuncta
3157 1620 3342 1674 carnis
3386 1633 3416 1672 e
3461 1624 3605 1671 terra

2033 1720 2263 1782 sumpta:
2309 1722 2628 1783 argumenta
2677 1721 2826 1778 sunt,
2869 1727 3032 1782 quam
3067 1712 3122 1766 in
3158 1727 3216 1766 se
3256 1709 3602 1774 instauravit,

337 1782 649 1853 λημμὲνης,
691 1785 756 1853 ἢν
805 1785 882 1846 εἰς
927 1785 1090 1838 αὑτὸν
1140 1786 1652 1853 ἀνεκεφαλαιὼσατο
1699 1789 1757 1841 τδ
1801 1790 1929 1843 ἴδιον

2036 1812 2092 1856 ιιι
2130 1777 2398 1872 ﬁgmenti;
2431 1820 2533 1858 suo
2585 1805 2820 1859 salutem
2862 1777 3103 1859 a-ﬂ‘erret.
3142 1831 3211 1842 ——
3235 1800 3510 1869 Ejusdem,
3542 1813 3606 1854 ea:

339 1875 572 1942 πλάσμα
603 1875 810 1938 σώζων.
836 1906 905 1915 -
929 1875 1044 1930 Τοῦ
1073 1876 1260 1930 αὐτοῦ
1295 1878 1364 1931 ἐκ
1385 1879 1489 1933 τοῦ
1510 1881 1696 1933 αὐτοῦ
1719 1883 1926 1950 λόγου.

350 1965 564 2033 Ὠσπερ
608 1966 713 2036 γὰρ
744 1966 829 2020 διὰ
878 1967 976 2036 τῆς
1021 1968 1304 2037 παρακοῆς
1337 1967 1432 2021 τοῦ
1481 1967 1598 2032 ἐνὸς
1641 1969 1927 2041 ἀνθρώπου

349 2059 447 2112 τοῦ
473 2059 702 2130 πρώτως
726 2061 787 2114 ἐκ
820 2061 930 2131 γῆς
959 2062 1297 2132 ἀνεργάστου
1332 2064 1717 2135 πεπλασμένου
1748 2070 1928 2139 ἀμαρ-

345 2151 513 2203 τωλοὶ
562 2153 976 2223 κατεστάθησαν
1015 2155 1064 2207 οἱ
1118 2155 1295 2209 πολλοὶ
1325 2199 1339 2223 ,
1386 2158 1481 2210 καὶ
1526 2158 1796 2214 ἀπέϐαλον
1831 2162 1929 2231 τὴν

338 2242 488 2312 ζωήν
519 2261 530 2272 ο
566 2242 740 2307 οὕτως
781 2244 886 2298 ἔδει
929 2248 1021 2298 καὶ
1049 2246 1114 2298 δι’
1167 2247 1416 2319 ὑπακοῆς
1450 2248 1567 2312 ἐνὸς
1607 2249 1925 2321 ἀνθρώπου,

339 2333 433 2386 τοῦ
464 2335 700 2405 πρώτως
726 2337 790 2388 ὲκ
834 2335 1108 2408 παρθένου
1135 2341 1502 2407 γεγενημένου
1529 2378 1544 2401 ,
1574 2340 1928 2410 δικαιωθῆναι

339 2426 588 2490 πολλοὺς,
614 2428 710 2480 καὶ
742 2427 1036 2481 ἀπολαϐεῖν
1059 2429 1158 2499 τὴν
1186 2430 1482 2501 σωτηρίαν.
1508 2462 1574 2471 -
1606 2432 1713 2485 Τοῦ
1739 2432 1926 2486 αὐτοῦ

334 2519 406 2572 ἐκ
444 2520 553 2573 τοῦ
590 2519 780 2574 αὐτοῦ
812 2521 1020 2589 λόγου.
1065 2521 1206 2588 Ἐγὼ
1229 2518 1377 2576 εἶπα·
1416 2541 1435 2574 ι
1474 2523 1592 2576 Υίο)¹
1618 2523 1728 2594 (99)
1773 2524 1926 2592 Ὑψί-

338 2625 472 2662 στου
503 2609 627 2660 ὲστὲ
678 2609 875 2672 πάντες
911 2611 1004 2663 καὶ
1040 2610 1192 2675 θεοὶ,
1239 2611 1398 2680 ὑμεῖς
1429 2613 1485 2666 δὲ
1532 2613 1605 2675 ὡς
1653 2613 1927 2683 ἄνθρωποι

335 2701 737 2772 ἀποθνήσκετε.
778 2723 795 2753 ι
833 2703 1019 2757 Ταῦτα
1043 2705 1191 2770 λέγει
1219 2704 1332 2775 (91)
1369 2705 1503 2776 πρὸς
1523 2707 1649 2769 τοὺς
1678 2706 1752 2775 μὴ
1775 2707 1927 2771 δεξα-

340 2793 546 2862 μένους
569 2793 666 2864 τὴν
691 2793 900 2864 δωρεὰν
924 2795 1026 2864 τῆς
1057 2796 1328 2859 υἱοθεσίας
1354 2837 1368 2857 ,
1414 2797 1527 2850 ἀλλ’
1559 2797 1926 2866 ἀτιμάζοντας

334 2881 442 2954 τὴν
489 2885 766 2952 σάρκωσιν
815 2886 915 2955 τῆς
967 2887 1214 2959 καθαρᾶς
1265 2890 1569 2959 γεννήσεως
1604 2888 1700 2943 τοῦ
1750 2891 1926 2959 Λόγου

334 2977 434 3029 τοῦ
472 2976 630 3040 Θεοῦ,
669 2979 764 3031 καὶ
807 2979 1244 3050 ἀποστεροῦντας
1270 2982 1361 3035 τὸν
1388 2981 1677 3050 ἄνθρωπον
1713 2984 1810 3053 τῆς
1849 2985 1930 3047 είς

2031 1894 2209 1946 eodem
2241 1893 2372 1947 libro
2402 1897 2466 1949 ".
2506 1894 2977 1961 Quemadmodum
3007 1893 3152 1946 enim
3183 1907 3280 1961 per
3310 1890 3475 1944 unius
3509 1889 3609 1942 ho-

2030 1984 2194 2039 minis
2226 2001 2294 2039 ex
2331 1985 2453 2040 rudi
2495 1994 2640 2040 terra
2671 1985 2781 2040 ﬁcti
2817 1982 3248 2038 inobedientiam
3288 1988 3607 2050 peccatores

2032 2079 2190 2133 multi
2228 2079 2513 2133 constituti
2560 2087 2688 2132 sunt
2713 2079 2780 2142 “,
2823 2077 3102 2145 vitamque
3146 2073 3448 2128 amiserunt
3481 2089 3494 2123 :
3533 2071 3608 2125 ita

2029 2173 2194 2225 etiam
2232 2170 2618 2231 conveniebat,
2655 2178 2714 2223 ut
2757 2183 2856 2238 per
2897 2167 3061 2222 unius
3093 2166 3334 2220 hominis
3369 2165 3606 2233 primum

2027 2277 2094 2314 ex
2137 2260 2356 2330 Virgine
2401 2259 2675 2329 procreati
2723 2257 3096 2313 obedientiam
3141 2255 3296 2308 multi
3341 2255 3606 2324 justitiam

2029 2359 2526 2420 consequerentur,
2557 2365 2621 2404 ac
2649 2351 2881 2404 salutem
2907 2355 3317 2418 recuperarent.
3348 2375 3418 2385 —-
3443 2344 3608 2413 Ejus-

2028 2443 2166 2504 dem,
2208 2458 2272 2496 ex
2311 2443 2489 2495 eodem
2534 2441 2664 2495 libro
2695 2443 2759 2494 “.
2811 2440 2959 2510 «Ego
2997 2438 3150 2493 dixi:
3183 2437 3305 2491 Filii
3344 2435 3608 2490 Altissimi

2029 2536 2164 2590 estis
2192 2550 2408 2599 omnes,
2445 2544 2501 2588 et
2542 2535 2656 2589 dii:
2695 2549 2794 2588 vos
2829 2526 3030 2587 autem
3054 2540 3115 2586 ut
3150 2530 3402 2585 homines
3438 2527 3607 2582 mori-

2028 2629 2164 2682 mini
2195 2629 2261 2682 ²⁹.
2300 2647 2318 2681 ι
2353 2627 2476 2683 Haec
2503 2627 2612 2682 illis
2637 2627 2792 2690 dicit,
2815 2625 2908 2695 qui
2937 2623 3250 2694 adoptionis
3273 2635 3476 2675 munus
3499 2635 3608 2673 non

2029 2731 2383 2791 acceperunt,
2413 2721 2508 2776 sed
2533 2736 2683 2790 pura:
2707 2718 2870 2774 Verbi
2899 2717 2995 2772 Dei
3024 2713 3396 2786 generationis
3427 2713 3608 2766 incar-

2028 2815 2308 2869 nationem
2363 2822 2748 2884 aspernantur,
2817 2809 3138 2878 hominique
3195 2821 3482 2861 ascensum
3541 2801 3608 2856 ad

2029 2907 2202 2962 Deum
2226 2907 2493 2976 eripiunt,
2529 2920 2592 2959 ac
2620 2905 2719 2959 Dei
2757 2903 2937 2958 Verbo
2959 2902 3206 2971 ipsorum
3234 2912 3398 2953 causa
3427 2896 3609 2950 incar-

2029 2985 2159 3053 nato
2217 2999 2461 3069 ingratos
2505 3013 2562 3052 se
2617 2996 2883 3066 praebent.
2933 2995 3233 3062 PrOpterea
3295 2987 3403 3059 54
3461 2987 3609 3041 enim

333 3067 478 3121 Θεὸν
536 3069 768 3134 ἀνόδου,
819 3071 913 3123 καὶ
961 3071 1391 3141 ἀχαριστοῦντας
1436 3072 1512 3142 τῷ
1560 3073 1699 3142 ὑπὲρ
1748 3075 1928 3128 αὐτῶν

2036 3090 2270 3146 Verbum
2286 3067 2412 3162 C(97)
2443 3088 2585 3160 (Dei)
2615 3096 2699 3143 est
2733 3089 2920 3149 homo,
2951 3093 3012 3140 ut
3047 3085 3212 3138 homo
3247 3080 3488 3136 Verbum
3516 3093 3609 3132 ea-

337 3160 691 3231 σαρκωοέντι
736 3161 896 3232 Λόγῳ
927 3162 1021 3216 τοῦ
1055 3162 1210 3218 Θεοῦ.
1260 3165 1354 3228 Εἰς
1406 3165 1564 3218 τοῦτο
1601 3165 1710 3238 γάρ
1750 3167 1778 3219 6
1821 3167 1926 3220 A6-

333 3271 434 3322 γος
469 3253 584 3320 (92)
629 3254 948 3325 ἄνθρωπος,
983 3257 1069 3310 ἵνα
1120 3259 1149 3310 6
1200 3257 1484 3329 ἄνθρωπος
1531 3260 1789 3329 χωρήσας
1838 3259 1929 3313 τὸν

333 3348 516 3416 Λόγον
554 3347 668 3416 (95)
693 3387 707 3408 ,
738 3349 832 3402 καὶ
871 3349 971 3417 τὴν
1002 3348 1274 3402 υἱοθεσίαν
1318 3349 1523 3413 λαϐὼν,
1562 3351 1676 3414 υἱὸς
1706 3351 1930 3420 γένηται

335 3439 502 3493 Θεοῦ.
533 3468 604 3477 ——
638 3439 746 3492 Τοῦ
762 3439 948 3493 αὑτοῦ
970 3439 1037 3494 ἐκ
1065 3441 1167 3494 ιοῦ
1184 3441 1369 3496 αὑτοῦ
1391 3443 1600 3511 λόγου.
1633 3443 1739 3495 Τοῦ
1765 3443 1932 3496 Πνεύ-

341 3547 518 3598 ματος
555 3526 646 3582 οὖν
689 3530 1040 3594 κατελθόντος
1073 3532 1160 3585 διὰ
1199 3532 1294 3604 τὴν
1346 3533 1760 3605 προωρισμένην
1788 3536 1932 3587 οἰκο-

336 3619 559 3688 νομίαν,
599 3619 814 3672 καὶτοῦ
863 3619 994 3674 Υίοῦ
1039 3619 1136 3673 τοῦ
1178 3619 1314 3673 Θεοῦ
1366 3619 1720 3690 μονογενοῦς,
1750 3619 1805 3685 ὃς
1839 3620 1934 3673 κα)¹

335 3714 517 3781 Λόγος
550 3715 668 3767 ἐστὶ
705 3714 800 3767 τοῦ
851 3713 1066 3784 Πατρδς
1088 3755 1102 3778 ,
1141 3714 1389 3777 ἐλθόντος
1425 3712 1519 3768 τοῦ
1566 3713 1933 3785 πληρώματος

337 3806 436 3861 τοῦ
499 3807 694 3877 χρόνου
719 3850 734 3870 ,
786 3805 1160 3878 σαρκωθέντος
1217 3807 1272 3858 ἐν
1321 3805 1593 3877 ἀνθρώπῳ
1634 3805 1779 3876 (94),
1843 3805 1935 3858 καὶ

338 3901 527 3952 πᾶσαν
563 3899 660 3967 τὴν
705 3897 825 3952 κατ’
858 3897 1144 3968 ἄνθρωπον
1186 3899 1498 3968 οἰκονομίαν
1542 3894 1933 3966 ἐκπληρώσαν-

337 4007 433 4052 τος
482 3989 576 4042 τοῦ
608 3988 814 4060 Κυρίου
847 3989 1002 4059 ἡμῶν
1063 3989 1237 4060 Ἰησοῦ
1279 3988 1512 4058 Χριστοῦ
1539 3987 1672 4059 (95).
1703 3987 1818 4050 ἑνὸς
1845 3987 1938 4040 καὶ

337 4081 435 4133 τοῦ
489 4079 653 4135 αὐτοῦ
681 4081 862 4146 ὄντος,
891 4082 966 4144 ὡς
998 4082 1160 4144 αὐτὸς
1195 4083 1222 4134 ὁ
1263 4081 1465 4150 Κύριος
1507 4079 1802 4151 μαρτυρεῖ,
1846 4080 1940 4133 καὶ

336 4173 385 4222 οἱ
441 4169 733 4222 ἀπόστολοι
788 4171 1138 4241 ὁμολογοῦσι,
1181 4171 1273 4224 καὶ
1309 4171 1357 4224 οἱ
1409 4170 1681 4240 προφῆται
1735 4169 1936 4240 κηρύτ-

338 4279 497 4316 τουσι
524 4302 538 4326 ,
577 4262 794 4332 ψευδεῖς
846 4263 1244 4334 ἀπεδείχθησαν
1289 4265 1458 4317 πᾶσαι
1505 4263 1559 4316 αἱ
1605 4261 1940 4316 διδασκαλίαι

337 4354 455 4406 τῶν
496 4353 594 4416 τὰς
626 4354 884 4422 ὀγδοάδας
906 4397 919 4419 ,
954 4356 1046 4408 καὶ
1073 4354 1356 4426 τετράδας,
1383 4355 1477 4407 καὶ
1507 4354 1758 4425 δοκήσεις
1800 4370 1940 4424 παρ-

338 4445 744 4516 εξευρηκὸτων.

348 4557 468 4612 Τοῦ
507 4559 682 4626 ἁγίου
728 4558 1090 4612 Ἱππολύτου
1114 4557 1449 4611 ἐπισκόπου
1485 4555 1580 4610 καὶ
1609 4556 1933 4625 μάρτυρος.

434 4673 534 4725 Ἐκ
561 4671 670 4741 (96)
701 4672 810 4726 τοῦ
837 4673 1024 4741 λόπηου
1047 4669 1156 4724 τοῦ
1186 4671 1270 4735 είς
1292 4671 1380 4734 τὸ,
1397 4690 1414 4720 ι
1437 4668 1637 4738 Κύριος
1660 4668 1940 4738 ποιμαίνει

349 4783 444 4836 με.
489 4783 509 4817 ι
551 4765 661 4817 Καὶ
704 4763 935 4827 κιϐωτὸς
974 4763 1032 4816 δὲ
1065 4765 1130 4815 ἐκ
1169 4761 1342 4828 ξύλων
1375 4762 1636 4831 ἀσήπτων
1681 4760 1842 4824 αὐτὸς
1870 4755 1940 4830 ἦν

426 4904 473 4936 ’θ
504 4903 660 4958 Joan.
713 4898 786 4969 Iv,
827 4904 878 4958 6.
985 4904 1028 4934 ’°
1060 4903 1198 4958 Psa].
1249 4919 1429 4966 vam,
1457 4903 1545 4957 26.

432 5092 542 5154 (89)
579 5090 644 5144 ἂν
681 5092 798 5154 τάς.
842 5090 944 5144 Ed.
978 5090 1146 5146 Grah.
1189 5091 1379 5154 αὐτάς.

429 5157 541 5230 (90)
573 5163 683 5215 υἱοὶ
713 5191 780 5202 -—
812 5160 943 5214 θεοί.
982 5161 1204 5216 lnverso
1240 5161 1432 5214 ordine
1467 5159 1589 5230 hate
1610 5157 1935 5230 allegantttr.

430 5228 542 5302 (91)
577 5233 745 5299 λέγει.
794 5230 1075 5302 Excidisse
1115 5231 1332 5286 videtur
1361 5228 1816 5302 particularl‘iam
1847 5242 1942 5281 ve-

358 5298 451 5356 tus
487 5298 762 5372 interpres
797 5301 978 5356 habet.
1015 5321 1033 5352 ι
1059 5302 1141 5356 Ad
1175 5318 1258 5356 eos
1290 5300 1582 5354 indubitate
1615 5298 1780 5372 dicit._
1812 5318 1830 5348 ι

435 5373 544 5443 (92)
581 5374 609 5424 6
634 5369 848 5441 ’Λόγος
884 5373 1059 5443 Juxta
1081 5372 1441 5443 interpretem
1477 5377 1735 5443 veterem
1769 5369 1951 5443 legen:

357 5437 494 5495 dum
527 5437 611 5497 est
657 5445 685 5495 6
719 5437 890 5510 Λόγος
927 5441 1085 5504 Θεοῦ,
1116 5437 1429 5512 ἄνθρωπος,
1467 5440 1562 5492 καὶ
1587 5439 1614 5490 6
1651 5438 1781 5500 Υἱὸς
1816 5437 1949 5490 Θεοῦ

359 5513 478 5583 υἱδις
506 5512 794 5582 ἀνθρώπου
813 5511 1097 5583 ἐγεννήθη.

360 5649 409 5665 Ἦ
441 5580 547 5665 (95)
567 5578 722 5665 χωρ.
755 5600 803 5636 τ.
846 5578 1122 5665 ΛργίΕιΙ.
1157 5581 1374 5665 ϐηὼίί,
1403 5579 1648 5665 τὸντΛὸγ.
1672 5578 1950 5665 magna“).

251 5628 294 5684 ἐι
360 5628 546 5706 velli?
567 5628 1122 5722 iaié'rbr'és"i.5beii'
1138 5628 1458 5722 εῐὶνῖιῖιέξςὶηξ
1476 5628 1650 5722 rei-50
1673 5628 1826 5701 ’ὖδῖ
1845 5628 1952 5722 seu

1655 4901 1699 4932 ἰ
1730 4901 1918 4957 Matth.
1946 4919 2090 4970 xxw,
2123 4903 2210 4958 28.

350 4994 399 5027 τι
435 4974 526 5028 Ps.
569 4990 750 5039 um,
796 4976 850 5039 6,
892 4975 944 5028 7.
1025 4977 1069 5006 "
1103 4974 1234 5044 Cap.
1263 4973 1348 5028 l9.
1425 4974 1470 5004 ’⁷
1501 4972 1645 5026 Psal.
1673 4988 1800 5025 xxu.
1833 4972 1882 5025 l.
1955 5029 1964 5034 ,

2026 3183 2204 3256 piens,
2226 3183 2690 3252 adoptionemque
2717 3187 3067 3240 consecutus,
3121 3174 3264 3230 ﬁlius
3291 3173 3385 3227 Dei
3408 3170 3610 3225 elﬁeia-

2028 3287 2137 3332 tur.
2181 3305 2251 3314 —
2297 3274 2573 3344 Ejusdem,
2604 3289 2667 3326 ea;
2726 3271 2903 3324 eodem
2951 3267 3083 3323 libro
3119 3267 3184 3320 ".
3234 3265 3369 3321 Cum
3428 3263 3611 3330 itaque

2029 3365 2267 3435 Spiritus
2288 3363 2570 3434 praeﬁnita:
2597 3359 3024 3431 dispensationis
3048 3372 3210 3412 causa
3243 3352 3608 3411 descenderit.

2032 3458 2046 3475 '
2090 3462 2253 3524 atque
2309 3451 2757 3526 unigenitusDei
2815 3450 3017 3513 Filius,
3067 3448 3161 3518 qui
3220 3447 3387 3500 etiam
3436 3443 3613 3498 Patris

2030 3546 2270 3602 Verbum
2323 3555 2441 3609 est,
2493 3546 2748 3600 veniente
2795 3542 3061 3612 temporis
3110 3537 3453 3609 plenitudine
3499 3535 3609 3605 (98)

2034 3638 2307 3708 (hominis
2357 3639 2556 3706 causa)
2619 3637 2674 3689 in
2733 3636 2956 3689 homine
3013 3634 3328 3686 incarnatus
3392 3629 3498 3689 sit,
3558 3637 3612 3680 ct

2033 3728 2299 3782 Dominus
2334 3735 2522 3781 noster
2559 3725 2720 3780 Jesus
2747 3723 3024 3785 Christus,
3053 3722 3146 3791 qui
3189 3736 3330 3774 unus
3375 3726 3431 3772 et
3467 3716 3610 3772 idem

2032 3827 2147 3882 est,
2194 3818 2489 3872 humanam
2547 3830 2767 3870 omnem
2827 3812 3358 3869 administrationem
3425 3808 3613 3876 exple-

2036 3910 2197 3974 verit,
2240 3907 2701 3980 quemadmodum
2729 3917 2785 3962 et
2815 3908 2931 3977 ipse
2970 3905 3236 3960 Dominus
3277 3908 3530 3962 testatur,
3559 3907 3615 3953 et

2037 4003 2268 4073 apostoli
2298 4002 2650 4066 conﬁtentur,
2685 4009 2741 4055 et
2780 3999 3060 4071 propheta:
3099 3996 3416 4067 praedicant.
3453 3993 3614 4047 falsas

2037 4111 2230 4150 eorum
2282 4094 2561 4149 doctrinas
2612 4108 2732 4148 esse
2786 4098 3030 4155 constat,
3077 4089 3170 4159 qui
3215 4084 3516 4158 ogdoadas,
3561 4091 3632 4138 et?

2041 4187 2463 4256 quaterniones,
2525 4195 2580 4241 et
2649 4191 2972 4255 apparentes
3033 4181 3242 4251 species
3319 4173 3612 4232 commenti

2043 4287 2188 4333 sunt.

2254 4557 2434 4612 Sancti
2467 4558 2738 4630 Hippolyti
2792 4559 3016 4628 episcopi
3043 4566 3089 4610 et
3131 4553 3403 4624 martyris.

2114 4671 2198 4726 Ea:
2236 4674 2477 4744 oratione
2510 4675 2561 4725 in
2614 4671 2769 4734 illud,
2813 4691 2830 4721 ι
2873 4671 3139 4725 Dominus
3172 4666 3346 4738 pascit
3380 4677 3465 4716 me
3493 4661 3558 4713 ".
3592 4676 3610 4709 ι

2042 4762 2215 4816 Porro
2263 4771 2445 4816 autem
2491 4776 2615 4816 arca
2663 4777 2728 4815 ex
2761 4759 2924 4829 lignis
2973 4773 3095 4828 qua:
3141 4763 3458 4826 putrescere
3505 4764 3618 4804 non

2323 4906 2366 4934 "
2393 4903 2526 4975 Cap.
2555 4902 2642 4956 20.
2755 4902 2799 4933 ’³
2824 4902 2982 4956 Rom.
3019 4915 3071 4964 v,
3099 4896 3184 4950 l9.
3297 4894 3343 4926 “
3367 4891 3498 4962 Cap.
3526 4889 3616 4945 21.

2048 5083 2484 5210 Euriﬁntagugbuls
2519 5083 2682 5139 etiam
2717 5097 2820 5136 vox
2843 5079 3099 5152 χωρήσας
3133 5075 3468 5148 displiceret.
3494 5073 3620 5132 Vid.

2109 5225 2246 5312 (£141
2267 5227 2324 5277 ὲν
2381 5225 2533 5295 ἀνθρ.
2573 5223 2740 5277 Vetus
2777 5223 3048 5289 interpres
3092 5217 3223 5289 legit
3253 5218 3311 5270 ὲν
3351 5213 3622 5286 ἀνθρώπῳ

2056 5295 2122 5349 δι’
2153 5296 2457 5365 ἄνθρωπον.

2127 5366 2237 5434 (95)
2266 5367 2367 5434 Χρ.
2397 5365 2518 5434 Des.
2557 5363 2612 5416 in
2644 5362 2777 5434 _e_dit.
2812 5359 3023 5434 Crabii.
3315 5406 3342 5434 _.

2149 5366 2237 5434 95)
2266 5367 2367 5434 Χρ.
2397 5366 2518 5419 Des.
2557 5366 2612 5416 in
2645 5366 2777 5415 edit.
2812 5366 3023 5414 Grabii.
3335 5406 3342 5418 ,

2126 5366 2236 5507 (96)
2273 5435 2390 5489 Alia
2442 5432 2609 5488 etiam
2644 5431 2916 5501 Hippolyti
2976 5430 3278 5502 fragmenta
3313 5427 3370 5481 in
3425 5423 3556 5480 dial.
3588 5424 3629 5480 ἢ

2056 5513 2371 5560 occurrunt.

2129 5575 2238 5644 (97)
2299 5573 2394 5626 Dei
2430 5572 2583 5627 abest
2615 5573 2683 5628 ab
2720 5571 3169 5644 interpretatione
3204 5565 3622 5644 Lat._Strig_elii.

2151 5576 2238 5644 97)
2299 5575 2394 5626 Dei
2430 5575 2583 5627 abest
2615 5575 2683 5628 ab
2720 5575 3169 5642 interpretatione
3204 5575 3321 5623 Lat.
3360 5575 3622 5636 Strigelu.

2129 5575 2240 5714 (98)
2281 5647 2418 5698 hom.
2455 5661 2635 5697 causa.
2675 5642 2839 5697 Abest
2888 5643 2956 5697 ab
3004 5638 3455 5712 interpretatione
3489 5635 3626 5694 Std-

367 5736 483 5776 ncn
512 5723 629 5780 sine
664 5714 828 5777 causa
866 5739 895 5776 a
933 5714 1112 5792 phrasi
1153 5722 1243 5776 illa
1290 5719 1554 5775 abstinuit
1585 5719 1803 5780 Noster,
1853 5715 1954 5770 etsi
2059 5714 2208 5794 gelii.
