4006 6202
352 305 417 365 Π
1019 289 1022 291 “
1340 297 1384 355 Τ
1390 299 1440 356 ll
1451 296 1696 356 EUDUR
1707 295 1826 353 E'l‘l
1871 295 1949 354 E13

2059 296 2206 356 IOPI
2246 296 2622 357 CYRENSIS'
3549 299 3624 363 88

357 421 626 485 poterant,
658 423 778 468 erat
806 413 921 482 ipse
951 409 1224 465 Salvator.
1265 411 1368 463 l’cr
1391 409 1533 463 hanc
1559 407 1707 463 enim
1744 416 1938 478 putre-

2059 408 2072 459 5
2116 409 2326 479 Σωτήρ.
2379 407 2452 461 Τὸ
2498 408 2605 478 γὰρ
2650 407 2894 478 ἄσηπτον
2941 405 3106 462 αὑτοῦ
3142 407 3240 462 καὶ
3297 405 3623 482 ἀδιάφθορον

348 507 498 566 dinis
530 514 588 561 et
613 503 988 574 corruptionis
1033 518 1229 574 expers
1260 502 1380 572 ejus
1413 500 1828 556 tabernaculum
1856 499 1932 553 si-

357 596 734 670 gniﬁcabatur,
758 594 906 666 quod
929 581 931 583 ’
952 594 1160 648 nullam
1192 592 1402 662 peccati
1438 590 1788 661 putredinem
1836 605 1932 662 ge-

357 688 496 744 nuit.
563 687 700 742 Nam
763 686 859 756 qui
928 684 1195 754 peccavit,
1272 681 1568 737 conﬁtetur
1633 689 1690 736 et
1758 681 1930 736 dicit:

360 799 378 832 ι
415 780 756 834 Putruerunt
789 783 845 830 et
889 783 1162 844 corruptae
1203 781 1331 828 sunt
1375 771 1659 827 cicatrices
1687 787 1822 827 meae
1863 772 1935 826 ob

352 867 727 939 insipientiam
757 881 936 922 meam
963 863 1029 919 ’⁸.
1072 885 1090 918 ι
1131 863 1396 919 Dominus
1435 871 1620 917 autem
1646 878 1676 916 a
1710 870 1936 932 peccato

357 961 566 1016 alienus
622 967 761 1024 erat,
814 967 870 1012 et
905 973 974 1013 ex
1022 957 1184 1029 lignis
1231 953 1619 1026 putrefactioni
1668 969 1779 1008 non
1833 954 1934 1008 ob-

357 1051 532 1107 noxiis
565 1049 868 1106 secundum
894 1049 1193 1115 hominem,
1229 1049 1334 1102 hoc
1359 1056 1464 1108 est,
1509 1063 1575 1102 ex
1618 1047 1841 1118 Virgine
1881 1056 1938 1101 et

358 1143 460 1212 55
487 1141 694 1212 Spiritu
749 1148 961 1206 sancto,
998 1139 1147 1194 intus
1187 1146 1244 1194 et
1293 1138 1428 1193 foris
1460 1146 1716 1208 tanquam
1752 1138 1936 1208 puris-

359 1235 497 1289 simo
520 1232 686 1290 Verbi
724 1233 821 1288 Dei
855 1249 992 1288 auro
1022 1233 1437 1287 circumteetus.
1468 1263 1536 1272 —
1559 1231 1812 1302 Ejusdem
1831 1270 1844 1294 ,
1874 1247 1938 1284 ea:

360 1341 597 1380 sermone
645 1327 699 1380 in
741 1325 1036 1380 Helcanam
1074 1333 1123 1379 et
1161 1325 1395 1380 Annam.
1436 1325 1554 1380 Duc
1592 1324 1748 1389 mihi,
1779 1339 1812 1378 0
1840 1322 1938 1377 Sa-

360 1418 527 1482 muel,
555 1417 612 1472 in
640 1418 921 1473 Bethleem
966 1419 1280 1490 juvencam,
1311 1426 1370 1472 ut
1417 1431 1596 1489 regem
1635 1432 1701 1472 ex
1737 1415 1939 1470 Dav-ide

361 1517 569 1576 natum,
600 1518 658 1564 et
689 1509 838 1564 hunc
875 1525 908 1564 a
937 1509 1098 1564 Patre
1129 1524 1311 1580 regem
1339 1517 1395 1564 et
1455 1507 1797 1565 sacerdotem
1837 1523 1942 1562 un-

360 1608 510 1654 ctum
537 1600 816 1654 ostendas.
860 1631 930 1640 --
959 1600 1236 1671 Ejusdem,
1265 1616 1327 1654 ea:
1351 1601 1528 1654 eodem
1554 1615 1816 1654 sermone.
1845 1598 1942 1653 Dic

361 1692 516 1757 mihi,
553 1706 587 1746 ο
622 1692 787 1748 beata
824 1694 1010 1760 Maria,
1043 1695 1176 1765 quid
1207 1700 1328 1750 erat
1366 1708 1398 1748 a
1433 1702 1486 1748 te
1537 1693 1592 1746 in
1621 1701 1780 1748 utero
1805 1706 1940 1747 con-

2041 500 2238 570 σκῆνος
2266 499 2437 571 ταύτῃ
2471 499 2902 569 κατηγγέλλετο,
2954 500 3014 553 τὸ
3059 501 3331 571 μηδεμίαν
3368 500 3626 572 ἁμαρτή-

2042 608 2208 660 ματος
2239 591 2506 662 σηπεδόνα
2538 590 2734 659 φῦσαν.
2783 593 2840 644 Ὀ
2874 593 2981 662 γὰρ
3007 592 3332 662 ἁμαρτήσας
3355 631 3368 656 ν
3407 591 3503 644 καὶ
3540 592 3628 656 ἐξ·

2039 685 2468 756 ομολογούμενός
2489 701 2658 755 φησι·
2701 703 2720 735 ι
2752 684 3113 756 Προσὼζεσαν
3142 685 3236 738 καὶ
3269 685 3558 755 ὲσάπησαν
3577 688 3627 738 οἱ

2046 776 2316 847 μώλωπές
2348 794 2447 847 μου
2491 777 2599 831 ἀπὸ
2641 774 2934 847 προσώπου
2968 776 3067 845 τῆς
3099 775 3412 846 ἀφροσύνης
3445 793 3566 847 μου.
3602 795 3622 827 ι

2052 871 2110 922 '0
2149 869 2206 924 δὲ
2237 868 2439 940 Κύριος
2469 869 2854 939 ἀναμάρτητος
2890 863 2978 936 ἦν,
3015 869 3077 920 ὲκ
3108 867 3216 920 τῶν
3247 869 3509 938 ἁσήπτων
3539 869 3630 934 ξύ-

2029 962 2148 1014 ’λων
2177 961 2238 1014 τὸ
2269 961 2412 1016 κατὰ
2442 961 2748 1032 ἄνθρωπον,
2791 959 3088 1023 τουτέστιν,
3117 961 3179 1013 ὲκ
3215 960 3308 1030 τῆς
3348 960 3630 1031 Παρθένου

2041 1055 2134 1108 καὶ
2171 1054 2266 1107 τοῦ
2305 1054 2462 1122 ἁγίου
2495 1053 2839 1124 Πνεῦματος,
2889 1052 3092 1106 ἔσωθεν
3147 1053 3241 1110 καὶ
3289 1050 3489 1118 ἔξωθεν
3531 1054 3629 1108 τοῦ

2041 1144 2214 1213 Λόγου
2265 1144 2358 1198 τοῦ
2402 1143 2538 1197 Θεοῦ
2569 1138 2657 1196 οἷα
2689 1142 3060 1214 καθαρωτάτῳ
3092 1144 3300 1216 χρυσίῳ
3335 1161 3633 1216 περικεκα-

2033 1235 2336 1306 -λυμμένος,
2366 1265 2436 1275 —-
2473 1235 2587 1291 Τοῦ
2608 1237 2794 1292 αὑτοῦ
2819 1238 2888 1292 ἐκ
2919 1238 3024 1291 τοῦ
3059 1239 3246 1306 λόγου
3276 1238 3380 1292 τοῦ
3411 1240 3499 1303 εὶς
3522 1239 3629 1292 τὸν

2055 1325 2356 1380 Ἐλκανᾶν
2395 1327 2492 1380 καὶ
2536 1327 2651 1395 τὴν
2682 1329 2929 1381 Ἅνναν.
2984 1329 3116 1395 Ἀγε
3162 1327 3226 1398 δή
3283 1345 3393 1397 μοι,
3443 1321 3488 1380 ὦ
3530 1330 3635 1382 Σα·

2047 1417 2237 1489 μουὴλ,
2273 1419 2350 1479 είς
2382 1418 2624 1489 Βηθλεὲμ
2658 1418 2955 1489 ἑλκομένην
2983 1419 3081 1490 τὴν
3110 1418 3362 1489 δάμαλιν,
3395 1421 3481 1473 ἵνα
3511 1423 3634 1474 ἐπι-

2043 1509 2223 1582 δείξῃς
2252 1510 2342 1564 τὸν
2375 1511 2435 1563 ἐκ
2475 1509 2638 1563 Δαϐὶδ
2669 1509 2891 1580 βασιλέα
2931 1510 3267 1581 τικτόμενον,
3319 1513 3414 1565 καὶ
3448 1511 3637 1565 τοῦτον

2047 1602 2152 1655 ὑπὸ
2201 1602 2416 1672 Πατρὺς
2465 1601 2688 1672 βασιλέα
2728 1603 2822 1656 καὶ
2867 1603 3016 1673 ἱερέα
3060 1602 3370 1675 χριόμενον.
3412 1634 3482 1644 -
3530 1604 3637 1658 Τοῦ

2047 1693 2236 1747 αὑτοῦ
2265 1693 2332 1745 ἐκ
2361 1693 2467 1746 τοῦ
2502 1693 2690 1747 αὑτοῦ
2727 1695 2936 1763 λόγου.
2988 1693 3122 1748 Εἰπέ
3157 1711 3269 1764 μοι,
3305 1691 3348 1748 ὦ
3392 1696 3638 1765 μακαρία

361 1793 604 1854 ceptum,
637 1785 849 1855 etquid
876 1800 908 1839 a
953 1795 1004 1841 te
1032 1785 1087 1839 in
1121 1785 1371 1856 virginali
1401 1793 1561 1838 utero
1590 1783 1944 1854 gestabatur?

2059 1780 2257 1851 Μαρία,
2283 1780 2334 1833 τί
2361 1775 2427 1851 ἦν
2453 1781 2514 1834 τὸ
2544 1780 2650 1834 ὑπὸ
2678 1782 2770 1835 σοῦ
2799 1784 2854 1834 ὲν
2883 1785 2948 1854 τῇ
2980 1784 3160 1854 κοιλίᾳ
3186 1784 3634 1855 συνειλημμένον,

364 1875 604 1930 Verbum
639 1878 787 1932 enim
817 1885 936 1934 erat
969 1877 1070 1932 Dei
1095 1875 1545 1947 primogenitum,
1580 1875 1648 1930 de
1683 1875 1838 1930 ctelis
1875 1876 1942 1930 ad

363 1978 412 2022 te
439 1967 806 2033 descendens,
838 1976 894 2023 et
940 1968 1106 2023 homo
1129 1967 1530 2039 primogenitus
1557 1966 1613 2020 in
1648 1974 1806 2021 utero
1830 1967 1944 2021 for-

363 2068 562 2125 matus,
593 2071 655 2116 ut
682 2061 1111 2132 primogenitum
1151 2060 1394 2118 Verbum
1443 2060 1541 2116 Dei
1587 2059 1798 2115 h'omini
1827 2060 1944 2130 pri-

364 2152 641 2223 mogenito
673 2152 889 2207 unitum
913 2153 1320 2208 ostenderetur.
1353 2183 1423 2194 ——
1452 2153 1729 2223 Ejusdem,
1768 2169 1831 2206 ea:
1854 2169 1944 2206 eo-

361 2245 480 2298 dem
510 2261 771 2299 sermone.
808 2245 1118 2301 Secundam
1149 2261 1248 2315 per
1272 2245 1590 2316 prophetas,
1627 2253 1690 2300 ut
1718 2259 1818 2314 per
1850 2243 1946 2298 Sa-

364 2337 622 2402 muelem,
655 2351 921 2392 revocans
949 2347 1005 2393 et
1027 2338 1269 2392 liberans
1306 2338 1570 2408 populum
1601 2352 1632 2390 a
1681 2336 1947 2391 servitute

363 2429 814 2500 alienigenarum.
857 2429 1098 2485 Tertiam
1128 2437 1334 2495 autem,
1363 2428 1584 2499 quando
1625 2428 1947 2482 incarnatus

365 2520 552 2575 aderat
580 2520 802 2576 homine
831 2537 900 2576 ex
951 2521 1177 2592 Virgine
1209 2528 1512 2590 assumpto,
1547 2519 1642 2589 qui
1675 2525 1733 2574 et
1759 2518 1950 2573 civita-a

367 2620 476 2667 tem
506 2611 859 2682 conspicatus
889 2611 1042 2666 ﬂevit
1068 2627 1234 2682 super
1266 2611 1461 2680 ipsam.
1491 2609 1855 2680 ——Ejusdem,
1884 2625 1948 2662 ea:

365 2720 609 2758 sermone
637 2705 694 2758 in
721 2704 1040 2775 principium
1067 2703 1252 2759 Isaia).
1269 2701 1502 2775 [Egypto
1527 2702 1752 2772 quidem
1787 2717 1948 2756 mun-

365 2793 497 2848 dum
551 2795 890 2864 comparavit
929 2795 996 2860 ²⁹,
1035 2793 1358 2849 manufactis
1385 2808 1516 2849 vero
1554 2792 1943 2857 idololatriam,

369 2895 529 2940 terra:
567 2884 748 2940 motui
777 2888 792 2904 '
814 2884 1056 2955 denique
1086 2884 1370 2940 interitum
1405 2893 1461 2939 et
1493 2883 1835 2939 eversionem
1866 2882 1950 2953 ip.-

369 2975 506 3030 sius.
540 2974 833 3030 Dominum
870 2990 1056 3044 porro,
1108 2975 1346 3031 Verbum
1383 2973 1596 3046 (dicit):
1625 2973 1830 3030 nubem
1869 2974 1948 3029 le-

371 3082 514 3130 vem,
560 3067 923 3136 purissimum
953 3068 1072 3139 ejus
1111 3067 1545 3130 tabernaculum,
1597 3067 1650 3120 in
1691 3081 1801 3135 quo
1827 3081 1950 3122 con-

372 3153 562 3208 sidens
588 3153 857 3210 Dominus
887 3164 1078 3211 noster
1107 3156 1268 3211 Jesus
1302 3154 1557 3210 Christus
1582 3155 1636 3210 in
1661 3156 1830 3210 vitam
1867 3154 1953 3208 in-

370 3260 592 3314 gressus
625 3255 709 3302 est
741 3246 810 3301 ad
849 3247 1270 3309 convellendum
1295 3262 1574 3304 errorem.

410 3533 596 3589 Sancti
631 3532 891 3590 Methodii
927 3536 1158 3606 episcOpi‘
1182 3543 1231 3588 et
1272 3533 1544 3606 martyris,
1587 3547 1650 3584 ea:
1683 3549 1933 3586 sermone-

951 3605 1015 3658 de
1040 3605 1378 3676 martyribus.

445 3717 597 3773 Adeo
625 3718 773 3774 enim
811 3717 1218 3784 admirandum,
1250 3727 1306 3774 et
1327 3734 1658 3790 magnopere
1693 3725 1962 3788 expeten-

376 3813 508 3866 dum
548 3820 633 3868 est
676 3813 1027 3884 martyrium,
1088 3821 1148 3866 ut
1204 3813 1467 3868 Dominus
1497 3811 1605 3883 56
1646 3812 1760 3881 ipse
1805 3810 1963 3864 Jesus

374 3903 652 3970 Christus,
671 3904 846 3959 Filius
877 3904 996 3969 Dei,
1024 3904 1206 3974 ipsum
1231 3904 1513 3959 honorans
1539 3912 1772 3958 testatus
1801 3902 1872 3956 sit
1895 3903 1961 3966 ³ο,

376 4008 572 4048 senon
602 3995 850 4066 rapinam
878 3995 1139 4050 arbitrari
1169 4011 1290 4051 esse
1324 3996 1589 4066 aequalem
1618 3996 1750 4059 Deo,
1778 4004 1838 4050 ut
1860 3994 1966 4048 hoc

376 4085 523 4140 dono
565 4085 735 4144 etiam
775 4086 1057 4148 hominem
1109 4087 1177 4144 ad
1226 4103 1390 4158 quem
1443 4086 1803 4143 descenderat
1872 4099 1964 4139 eo-

378 4186 624 4233 ronaret.

411 4288 595 4346 Sancti
633 4290 903 4347 Eustathii
931 4271 1157 4364 episcopi
1185 4292 1491 4348 Antiocheni
1520 4299 1566 4345 et
1597 4291 1924 4360 confessoris.

450 4471 535 4526 Ea:
563 4474 1001 4542 interpretatione
1022 4473 1214 4543 psalmi
1251 4489 1337 4527 xv.
1378 4471 1543 4542 Atqui
1585 4469 1808 4541 (anima)
1832 4469 1961 4524 Jesu
1997 4475 2039 4530 ι)

381 4572 678 4634 utrumque
699 4571 926 4632 experta
959 4571 1063 4618 est.
1098 4563 1222 4618 Fuit
1250 4565 1396 4619 enim
1425 4573 1480 4618 et
1517 4564 1573 4617 in
1612 4563 1735 4618 loco
1765 4563 1960 4618 huma-

380 4669 576 4708 narum
619 4653 952 4719 animarum,
973 4663 1030 4710 et
1055 4663 1211 4711 extra
1241 4670 1462 4712 carnem
1501 4655 1799 4709 constituta
1829 4653 1965 4708 vivit

379 4755 436 4799 et
472 4753 752 4814 superstes
779 4754 881 4801 est.
908 4745 1139 4802 Ratione
1163 4746 1328 4818 igitur
1347 4755 1434 4802 est
1457 4745 1707 4817 praedita,
1736 4753 1792 4800 et
1815 4746 1962 4816 ejus-

381 4838 505 4892 dem
540 4853 664 4892 cum
693 4839 982 4894 animabus
1012 4840 1301 4895 hominum
1351 4839 1692 4903 substantiae,
1737 4839 1879 4894 sicut
1909 4848 1966 4894 et

297 4945 304 4956 ·
381 4943 509 4983 caro
568 4931 1054 4986 consubstantialis
1121 4931 1273 4985 carni
1341 4931 1648 4995 hominum,
1715 4945 1837 5000 quae
1897 4945 1964 4984 ex

383 5022 548 5077 Maria
580 5023 800 5092 prodiit.
835 5054 904 5064 —
927 5024 1204 5095 Ejusdem,
1241 5039 1303 5076 ea:
1339 5023 1469 5076 libro
1491 5023 1566 5076 De
1595 5023 1798 5076 anima.
1823 5021 1964 5087 Quid

383 5119 566 5167 autem
619 5113 826 5179 dicent,
878 5116 972 5185 qui
1019 5115 1085 5170 ad
1140 5113 1362 5168 infantis
1425 5112 1812 5168 educationem
1873 5128 1964 5166 re-

383 5205 681 5272 spexerint,
729 5206 812 5260 vel
831 5207 898 5261 ad
935 5206 1114 5262 aetatis
1157 5203 1551 5266 accessionem,
1579 5202 1663 5255 vel
1716 5201 1782 5255 ad
1833 5218 1962 5270 pro-

384 5297 697 5353 ductionem
757 5308 1088 5369 temporum,
1122 5297 1206 5352 vel
1237 5295 1304 5349 ad
1361 5293 1610 5364 corporis
1659 5294 1965 5349 incremen-

457 5455 501 5485 ²
531 5453 670 5506 Psal.
703 5468 902 5512 xxxvu.
927 5454 980 5508 5.
1057 5454 1101 5485 "
1134 5454 1234 5509 lsa.
1272 5468 1378 5518 xxx,
1421 5453 1466 5507 l.

385 5591 684 5718 Πξὺν
719 5593 846 5663 Λὸγ.
876 5594 1155 5651 Excidisse
1189 5598 1407 5653 videtur
1438 5599 1614 5668 λέγει,
1650 5609 1744 5655 aut
1783 5597 1959 5654 simile

461 5732 536 5805 (Ι)
592 5733 708 5792 lloc
764 5743 847 5792 est
911 5735 1136 5793 unicum
1188 5738 1448 5794 Methodii
1503 5738 1869 5810 fragmentum
1930 5753 1960 5792 a

1544 5453 1587 5483 ³⁰
1623 5453 1858 5523 Philipp.
1895 5469 1951 5515 ιι,
1986 5452 2018 5505 ϐ

2047 1875 2139 1927 καὶ
2176 1875 2232 1927 τί
2261 1870 2329 1946 ἦν
2363 1874 2422 1927 τὸ
2453 1874 2558 1927 ὑπὸ
2591 1875 2686 1928 σοῦ
2721 1874 2778 1928 ἐν
2812 1876 3115 1949 παρθενικῇ
3153 1877 3337 1949 μήτρᾳ
3372 1876 3638 1948 βασταζό-

2050 1983 2244 2036 μενον;
2285 1966 2458 2034 Λόγος
2485 1967 2595 2038 γὰρ
2626 1963 2694 2039 ἦν
2715 1967 2851 2022 Θεοῦ
2886 1969 3231 2040 πρωτότοκος
3264 1971 3358 2024 ἀπ’
3386 1972 3636 2042 οὐρανῶν

2047 2055 2139 2107 ἐπὶ
2171 2056 2229 2108 σὲ
2274 2056 2700 2127 κατερχόμενος,
2734 2056 2828 2110 καὶ
2857 2057 3148 2128 ἄνθρωπος
3187 2059 3534 2130 πρωτότοκος
3580 2062 3638 2113 ὲν

2047 2146 2225 2218 κοιλία
2263 2145 2665 2218 πλασσόμενος,
2703 2148 2768 2200 ἵν’
2813 2150 2841 2201 6
2891 2149 3238 2220 πρωτότοκος
3283 2150 3452 2218 Λόγος
3497 2151 3634 2205 Θεοῦ

2048 2236 2378 2308 πρωτοτόκῳ
2424 2237 2696 2309 ἀνθρώπῳ
2731 2240 3134 2309 συναπτόμενος
3157 2239 3364 2311 δειχθῇ.
3403 2272 3473 2280 —
3524 2243 3636 2296 Τοῦ

2047 2328 2236 2383 αὑτοῦ
2271 2330 2341 2383 ἐκ
2377 2329 2485 2383 τοῦ
2519 2329 2708 2384 αὑτοῦ
2737 2330 2946 2400 λόγου.
2978 2329 3090 2400 Τὴν
3128 2329 3190 2400 δὴ
3219 2330 3498 2401 δευτέραν,
3541 2333 3639 2403 τὴν

2048 2417 2139 2472 διὰ
2176 2419 2286 2473 τῶν
2320 2419 2616 2491 προφητῶν
2652 2419 2728 2482 ὡς
2757 2420 2847 2473 διὰ
2883 2417 2978 2474 τοῦ
3028 2421 3303 2492 Σαμουὴλ,
3351 2423 3640 2476 ἀνακαλῶν

2049 2509 2145 2564 καὶ
2170 2511 2515 2581 ἐπιστρέφων
2537 2512 2626 2566 τὸν
2659 2511 2786 2565 λαὸν
2816 2511 2925 2567 ἀπὸ
2957 2513 3056 2584 τῆς
3086 2512 3331 2577 δουλείας
3352 2515 3460 2569 τῶν
3489 2516 3641 2570 ἀλλο-

2051 2601 2252 2671 φύλων.
2298 2603 2407 2674 Τὴν
2435 2603 2492 2656 δὲ
2523 2603 2736 2676 τρίτην,
2771 2605 2828 2658 έν
2937 2604 3200 2677 ένσαρκος
3244 2607 3427 2678 παρῆν
3456 2607 3546 2662 τὸν
3579 2610 3642 2662 ἐκ

2050 2696 2148 2766 τῆς
2186 2695 2464 2766 Παρθένου
2503 2695 2790 2768 ἄνθρωπον
2820 2695 3128 2761 ἀναλαϐὼν,
3165 2697 3225 2761 ὃς
3260 2699 3355 2752 καὶ
3391 2698 3514 2752 ἰδὼν
3542 2700 3642 2770 τὴν

2051 2788 2226 2850 πόλιν,
2251 2787 2516 2842 ἔκλαυσεν
2543 2790 2628 2842 ἐπ’
2661 2790 2820 2860 αὐτῇ.
2847 2820 2914 2834 --
2953 2790 3062 2843 Τοῦ
3093 2790 3282 2844 αὐτοῦ
3307 2791 3374 2844 ἐκ
3402 2791 3510 2845 τοῦ
3540 2793 3645 2845 .ld-

2051 2898 2160 2949 γου
2186 2879 2292 2934 τοῦ
2314 2882 2401 2947 είς
2434 2880 2549 2951 τὴν
2570 2881 2767 2950 ἀρχὴν
2788 2881 2893 2936 τοῦ
2934 2881 3208 2936 Ἡσαΐου.
3249 2881 3512 2953 Αἰγύπτῳ
3540 2883 3640 2952 μὲν

2051 2972 2141 3027 τὸν
2175 2972 2377 3044 κόσμον
2416 2972 2683 3027 ἀπείκασε
2706 3014 2719 3037 ,
2771 2974 3174 3046 χειροποιήτοις
3204 2974 3260 3027 δὲ
3300 2973 3398 3045 τὴν
3424 2974 3644 3028 εἰδωλο-

2052 3063 2298 3136 λατρίαν,
2335 3066 2546 3138 σεισμῷ
2569 3065 2624 3119 δὲ
2647 3067 2746 3138 τὴν
2778 3065 3181 3137 μετανάστασιν
3211 3067 3305 3120 καὶ
3338 3067 3644 3120 κατάλυσιν

2059 3155 2248 3227 αὐτῆς.
2279 3157 2483 3224 Κύριον
2508 3157 2566 3210 δὲ
2590 3157 2680 3210 τὸν
2709 3157 2873 3225 Λόγον
2899 3157 3032 3228 (99)·
3060 3156 3292 3228 νεφέλην
3318 3157 3375 3210 δὲ
3407 3156 3642 3228 κούφην,

2059 3247 2121 3302 τό
2154 3248 2539 3322 καθαρώτατον
2571 3251 2795 3320 σκῆνος,
2829 3250 2908 3313 είς
2945 3249 2974 3303 6
2997 3247 3362 3319 ἐνθρονισθεὶς
3387 3251 3414 3302 6
3439 3248 3648 3320 Κύριος

2061 3341 2217 3412 ἡμῶν
2259 3341 2467 3413 Ἰησοῦς
2508 3342 2762 3414 Χριστὸς,
2795 3340 3044 3411 εἰσῆλθεν
3075 3343 3154 3404 είς
3193 3341 3287 3394 τὸν
3318 3340 3431 3411 βίον
3472 3343 3650 3393 σεῖσαι

2060 3432 2160 3502 τὴν
2188 3431 2419 3503 πλάνην.

2069 3544 2178 3600 Τοῦ
2204 3545 2378 3615 ἁγίου
2418 3545 2708 3615 Μεθοδῖου
2727 3546 3062 3600 ἐπισκόπου
3097 3546 3196 3600 καὶ
3231 3545 3554 3615 μάρτυρος,
3584 3543 3654 3597 ἐκ

2294 3616 2402 3670 τοῦ
2431 3616 2563 3684 ,περὶ
2596 3613 2715 3668 τῶν
2751 3617 3068 3684 μαρτύρων
3094 3613 3282 3685 λόγου
3313 3613 3411 3685 (1).

2137 3726 2294 3781 Οῦτω
2321 3726 2431 3798 γὰρ
2467 3726 2780 3797 θαυμαστὸν
2823 3728 2917 3781 καὶ
2946 3725 3413 3797 περισπούδαστόν
3447 3724 3566 3776 ἐστι
3595 3725 3657 3778 τὸ

2069 3820 2385 3892 μαρτύριον,
2415 3820 2496 3873 ὅτι
2541 3819 2702 3883 αὐτὸς
2736 3821 2765 3872 6
2813 3819 3020 3890 Κύριος
3071 3817 3280 3889 Ἰησοῦς
3328 3815 3596 3888 Χριστὸς,
3628 3817 3659 3868 6

2067 3913 2196 3977 Υἱὸς
2228 3911 2322 3966 τοῦ
2352 3910 2511 3978 Θεοῦ,
2533 3911 2708 3990 τιμῶν
2734 3909 2864 3965 αὐτὸ
2892 3909 3294 3983 ἐμαρτύρησεν,
3319 3909 3418 3979 οὐχ
3441 3909 3658 3980 ἁρπαγ-

2069 4005 2168 4076 μὸν
2203 4006 2550 4078 ἡγησάμενος
2577 4003 2636 4057 τὸ
2667 3999 2807 4058 εἶναι
2842 4004 2934 4057 ίσα
2956 4001 3095 4074 Θεῷ,
3121 4001 3207 4055 ἵνα
3229 4002 3324 4054 καὶ
3355 3999 3529 4071 τούτῳ
3561 3997 3658 4054 τὸν

2067 4097 2355 4168 ἄνθρωπον
2375 4096 2454 4166 τῷ
2481 4094 2819 4167 χαρίσματι,
2856 4096 2936 4158 είς
2963 4095 3022 4148 ὃν
3053 4093 3286 4166 κατέϐη,
3317 4093 3510 4164 στέψῃ.

2076 4295 2185 4350 Τοῦ
2214 4294 2388 4362 ἁγίου
2426 4295 2765 4350 Εὐσταθίου
2813 4293 3150 4348 ἐπισκόπου
3185 4289 3534 4359 Ἀντιοχέων
3560 4290 3660 4343 καὶ

2666 4363 3062 4435 ὁμολογητοή

2152 4480 2246 4532 Ἐκ
2268 4479 2342 4550 (2)
2359 4478 2469 4546 τῆς
2496 4477 2810 4547 ἑρμηνείας
2836 4476 2944 4532 τοῦ
2976 4483 3040 4531 ιε’
3067 4476 3337 4546 ψαλμοῦ.
3369 4472 3528 4527 Ἀλλά
3554 4471 3662 4542 μὴν

2073 4571 2104 4638 ἡ
2135 4569 2229 4622 τοῦ
2269 4567 2444 4641 Ἰησοῦ
2477 4568 2756 4640 ἑκατέρων
2783 4570 2979 4640 πεῖραν
3003 4566 3151 4638 ἔσχε.
3194 4567 3395 4635 Γέγονε
3431 4563 3541 4634 γὰρ
3566 4562 3662 4617 καὶ

2072 4661 2129 4712 ὲν
2158 4658 2235 4729 τῷ
2255 4659 2439 4730 χωρίῳ
2461 4657 2570 4710 τῶν
2599 4657 2958 4729 ἀνθρωπίνων
2979 4655 3188 4726 ψυχῶν,
3212 4655 3306 4709 καὶ
3334 4655 3432 4721 τῆς
3457 4650 3662 4724 σαρκὸς

2072 4748 2231 4811 ἐκτὸς
2265 4747 2529 4818 γενομένη
2571 4745 2636 4817 ζῇ
2678 4748 2771 4800 καὶ
2814 4747 3111 4817 ὑφέστηκε.
3150 4743 3360 4815 Λογικὴ
3397 4746 3524 4815 ἄρα,
3565 4743 3661 4796 καὶ

2072 4842 2190 4902 ταῖς
2215 4839 2413 4911 ψυχαῖς
2439 4840 2546 4893 τῶν
2586 4837 2892 4912 ἀνθρώπων
2923 4839 3235 4910 ὁμοούσιος,
3271 4836 3462 4906 ὥσπερ
3503 4833 3598 4888 καὶ
3626 4835 3660 4905 ἡ

2077 4931 2212 5002 σὰρξ
2256 4930 2542 5003 ὁμοούσιος
2591 4935 2654 5003 τῇ
2689 4931 2797 4984 τῶν
2827 4930 3132 5005 ἀνθρώπων
3165 4928 3332 5000 σαρκὶ
3362 4927 3653 4998 τυγχάνει,

2075 5023 2136 5074 ἐκ
2177 5021 2274 5088 τῆς
2317 5021 2534 5092 Μαρίας
2567 5020 2928 5092 προελθοῦσα.
2965 5051 3035 5062 —
3088 5019 3198 5075 Τοῦ
3231 5017 3420 5072 αὑτοῦ
3459 5018 3525 5070 ἐκ
3554 5015 3666 5070 τοῦ

2073 5112 2209 5183 Περὶ
2255 5111 2437 5183 ψυχῆς
2483 5114 2692 5182 ⁸λόγου.
2739 5114 2804 5166 Τί
2840 5113 2884 5166 δ’
2931 5114 2996 5167 διν
3038 5112 3244 5166 εἴποιεν
3293 5112 3372 5173 είς
3413 5110 3514 5172 τὰς
3564 5107 3659 5160 τοῦ

2075 5203 2307 5271 βρέφους
2338 5203 2740 5274 ἀναϐλέψαντες
2767 5204 3098 5274 ἀνατροφὰς,
3127 5203 3283 5274 ἢτὴν
3312 5203 3413 5272 τῆς
3443 5198 3658 5272 ἡλικίας

2072 5296 2345 5363 ἀνάδοσιν,
2378 5299 2410 5367 ἢ
2435 5297 2534 5371 τὴν
2561 5299 2810 5353 ἐπίτασιν
2835 5299 2943 5353 τῶν
2973 5299 3204 5370 χρόνων,
3231 5295 3264 5366 ἢ
3297 5294 3397 5363 τὴν
3423 5293 3516 5347 τοῦ
3549 5289 3658 5346 σὼ-

2071 5596 2277 5650 Thcod.
2317 5605 2611 5651 servatum.

2072 5665 2719 5794 inﬁgarlgrzlligistathii
2753 5665 3010 5730 Antioch,
3079 5663 3381 5737 fragmenta
3437 5667 3656 5717 exstant
