4006 6202
326 331 408 395 £3

1394 326 1773 387 DIALOGUS
1807 326 1858 386 Ι.
1891 351 1935 361 -

2036 326 2526 388 MMUTABILIS.
3489 385 3491 388 ι
3517 331 3588 398 90

333 459 510 512 ματος
539 439 743 510 αὖξ-ην;
785 438 901 491 Ἰνα
927 436 983 490 δὲ
1015 437 1174 509 παρῶ
1213 436 1395 506 λέγειν
1423 436 1523 501 τὰς
1554 436 1649 489 ἐπὶ
1681 435 1912 505 ἐδάφους

2040 440 2165 495 ιιιηῖ
2213 440 2284 497 Ut.
2339 446 2522 492 autem
2578 434 2989 505 praetermittam
3036 435 3298 494 miracula
3340 441 3394 496 in
3444 454 3587 499 terra

330 533 790 605 Ξκπληρωθείσας
843 529 918 600 (5)
966 529 1449 600 θαυματουργίας,
1487 528 1773 599 ὁράτωσαν
1814 527 1915 592 τὰς

2036 531 2182 595 :dita,
2203 531 2419 586 videant
2443 536 2781 583 mortuorum
2816 527 3282 595 rcsnscitationes,
3319 535 3590 602 passionis

326 626 441 679 τῶν
479 622 692 694 νεκρῶν
735 617 1092 682 άναϐιώσεις,
1131 618 1203 673 τὰ
1238 619 1330 673 τοῦ
1367 618 1575 684 πάθους
1629 618 1911 689 σύμϐολα,

327 719 400 772 τὰ
431 715 542 770 τῶν
572 713 849 785 μαστίγων
874 713 992 783 ἴχνη
1011 752 1024 774 ,
1056 713 1182 776 τοὺς
1213 712 1319 765 τῶν
1351 711 1576 781 πληγῶν
1606 711 1879 782 μώλωπας
1898 753 1912 776 ,

327 810 433 871 τὰς
455 804 809 879 τετρωμένας
837 803 1095 875 πλευράς,
1123 804 1249 867 τοὺς
1269 804 1377 857 τῶν
1402 804 1547 874 ἥλων
1567 803 1790 868 τύπους,
1817 805 1915 875 τὴν

328 897 425 952 τοῦ
447 897 682 967 αἵματος
714 896 956 964 ἔκχυσιν,
991 896 1057 948 τά
1085 894 1179 948 τοῦ
1211 895 1443 949 θανάτου
1478 899 1700 967 σημεῖα,
1735 897 1828 950 καὶ
1857 897 1917 950 τὸ

331 987 561 1057 σύμπαν
592 986 788 1047 είπεῖν,
817 983 987 1054 αὐτὴν
1016 984 1113 1053 τὴν
1135 983 1229 1036 τοῦ
1254 984 1384 1037 ἰδίου
1412 985 1662 1055 σώματος
1684 987 1919 1039 ἀνάστα-

334 1094 445 1129 σιν.
469 1104 543 1114 -
568 1073 611 1127 Τ
612 1074 683 1127 οὗ
713 1071 899 1125 αὑτοῦ
928 1072 997 1125 ἐκ
1021 1072 1124 1126 τοῦ
1153 1073 1341 1127 αὐτοῦ
1363 1075 1571 1143 λόγου.
1599 1076 1708 1128 Καὶ
1734 1075 1839 1146 μὴν
1871 1076 1923 1129 εἴ

332 1180 423 1225 ⁸ςις
452 1164 536 1226 εἴς
576 1162 674 1230 τὴν
703 1158 798 1214 τοῦ
830 1158 1083 1230 σώματος
1117 1161 1373 1231 γέννησιν
1408 1163 1609 1233 ἀφορᾷ,
1638 1164 1918 1234 προδήλως

330 1247 631 1317 εὖρήσειεν
688 1245 755 1300 ἂν
786 1243 861 1309 ὡς
902 1247 961 1298 ὲν
1003 1249 1068 1318 τῇ
1114 1248 1359 1318 Βηθλεὲμ
1393 1250 1605 1319 τεχθεὶς
1643 1252 1920 1321 ἐσπαργα-

331 1336 515 1408 νὼθη,
547 1338 647 1390 κάν
671 1338 736 1408 τῇ
782 1336 1044 1408 Αἰγύπτῳ
1083 1338 1295 1409 χρόνοις
1328 1341 1539 1412 ἐτράφη
1570 1343 1712 1396 τισὶν
1736 1344 1920 1397 ἕνεκεν

330 1428 444 1496 τῆς
475 1427 572 1480 τοῦ
602 1427 899 1498 ἀλάστορος
941 1429 1234 1500 ἐπιϐουλῆς
1281 1431 1550 1503 Ἡρώδου,
1580 1434 1682 1487 κάν
1714 1438 1778 1505 τῇ
1809 1436 1922 1489 Να-

335 1518 517 1589 ζαρὲτ
542 1519 835 1589 ἀνδρωθεὶς
860 1520 1094 1591 ηὐξήθη.
1111 1550 1191 1575 ς-
1228 1521 1336 1576 Τοῦ
1363 1525 1568 1590 αὐτοῦ,
1593 1526 1662 1579 ἐκ
1688 1526 1792 1580 τοῦ
1816 1530 1923 1583 αὺ-

338 1610 452 1663 τοῦ
490 1613 700 1680 λόγιου.
745 1610 821 1663 Οὐ
854 1611 963 1681 γὰρ
994 1613 1189 1666 ταύτόν
1224 1614 1429 1686 ἐστινὴ
1468 1618 1641 1688 σκηνὴ
1679 1618 1774 1671 τοῦ
1817 1620 1922 1674 Λό-

339 1719 446 1769 γου
479 1702 575 1757 καὶ
603 1702 761 1767 Θεοῦ,
792 1703 859 1757 δι’
889 1698 955 1775 ἦς
992 1705 1091 1777 τὴν
1134 1704 1284 1758 θείαν
1315 1707 1538 1779 ἐθεώρει
1561 1708 1719 1775 δόξαν
1751 1713 1779 1765 6
1820 1730 1924 1781 μα-

341 1794 543 1864 κάριος
558 1794 922 1863 Στέφανος.-
941 1796 1050 1849 Τοῦ
1071 1797 1257 1850 αὑτοῦ
1276 1798 1345 1851 ἐκ
1368 1799 1473 1853 τοῦ
1491 1801 1677 1869 λόγου
1706 1802 1810 1855 τοῦ
1838 1804 1927 1869 εἷς

341 1884 438 1949 τὸ,
476 1902 496 1935 ι
533 1883 733 1955 Κύριος
761 1883 942 1937 ἔκτισε
971 1901 1040 1954 με
1074 1885 1247 1957 ἀρχὴν
1280 1886 1415 1939 ὁδῶν
1448 1888 1635 1957 αὐτοῦ.
1677 1908 1695 1941 ι
1734 1891 1797 1943 Εἰ
1830 1892 1925 1961 μὲν

350 1973 457 2028 οὖν
488 1974 657 2045 ἀρχὴν
702 1974 799 2046 τῆς
826 1976 1132 2046 γεννήσεως
1169 1977 1388 2047 εἴληφεν
1425 1980 1452 2030 ό
1488 1980 1661 2047 Λόγος
1682 2019 1696 2043 ,
1730 1981 1824 2050 ἀφ’
1865 1974 1927 2036 οὗ

352 2063 451 2118 διὰ
482 2066 581 2134 τῆς
610 2065 860 2136 μητρῴας
890 2065 1171 2129 διοδεύσας
1200 2068 1438 2139 γαστρὸς
1473 2070 1571 2133 τάς
1612 2072 1930 2143 σωματικὰς

349 2156 618 2225 ἑφόρεσεν
646 2156 934 2226 ἀρμονίᾶς,
967 2157 1298 2228 συνέστηκεν
1339 2161 1421 2214 ὃτι
1470 2162 1693 2231 γέγονεν
1726 2166 1790 2218 ὲκ
1833 2183 1932 2234 γυ·-

346 2247 558 2311 ναικός.
597 2248 658 2301 El
690 2248 745 2302 δὲ
769 2249 943 2317 Λόγος
983 2250 1076 2304 καὶ
1105 2250 1235 2316 Θεὸς
1263 2249 1330 2324 ἦν
1368 2255 1635 2309 ἀνέκαθεν
1668 2243 1818 2328 παρὰ
1853 2256 1931 2327 τῷ

350 2340 551 2410 "arpi,
578 2340 758 2395 καὶτὰ
780 2341 1069 2413 σύμπαντα
1092 2344 1159 2397 δι’
1184 2345 1346 2399 αὑτοῦ
1372 2347 1700 2416 γεγενῆσθαί
1725 2366 1927 2420 φαμεν,

344 2432 454 2486 οὐκ
499 2434 607 2501 ἄρα
633 2435 859 2502 γέγονεν
889 2435 952 2487 ὲκ
984 2438 1241 2503 γυναικὸς
1267 2439 1294 2491 6
1326 2436 1422 2503 ὢν,
1458 2440 1552 2492 καὶ
1588 2442 1702 2504 τοῖς
1736 2457 1932 2511 γεννη-

350 2525 467 2588 τοῖς
497 2524 700 2578 ἅπασιν
728 2525 906 2590 αἴτιος
938 2525 1035 2579 ὤν’
1068 2527 1184 2581 ἀλλ’
1212 2527 1327 2582 ἔστι
1352 2529 1448 2601 τὴν
1481 2529 1643 2599 φύσιν
1672 2531 1806 2596 Θεὸς
1838 2534 1935 2586 αὑ-

350 2616 589 2687 τάρκης,
609 2617 855 2689 ἄπειρος,
880 2618 1259 2690 άπερινόητοςο
1279 2621 1342 2672 ὲκ
1364 2621 1616 2690 γυναικὸς
1634 2622 1689 2676 δὲ
1715 2621 1935 2692 γέγονεν

352 2706 455 2760 ἄνθ
463 2724 661 2778 ρωπος,
682 2708 711 2760 ὁ
735 2710 793 2762 ὲν
813 2711 878 2780 τῇ
907 2709 1209 2782 παρθενικῇ
1234 2713 1417 2783 μήτρᾳ
1436 2712 1712 2783 Πνεύματι
1741 2713 1935 2782 παγεὶς

352 2797 525 2869 ἁγίῳ.
551 2826 616 2841 -—
650 2798 760 2853 Τοῦ
792 2800 979 2855 αὑτοῦ
998 2800 1066 2855 ἐκ
1087 2800 1192 2855 τοῦ
1214 2802 1403 2856 αὑτοῦ
1429 2802 1635 2872 λόγου.
1664 2803 1810 2866 Ναὸς
1833 2804 1936 2875 γὰρ

352 2890 566 2961 κυρίως
594 2893 622 2944 6
653 2890 892 2963 καθαρὸς
925 2892 1020 2946 καὶ
1051 2892 1339 2969 ἄχραντος,
1365 2894 1399 2962 ἡ
1446 2892 1587 2946 κατὰ
1617 2893 1706 2946 τὸν
1729 2892 1939 2965 ἀνθρω-

355 2984 463 3036 πόν
502 2984 618 3036 ἐστι
657 2984 787 3055 περὶ
836 2984 926 3037 τὸν
984 2984 1155 3052 Λόγον
1203 2983 1417 3056 σκηνὴ,
1466 2983 1595 3038 ἔνθα
1649 2985 1939 3055 προφανῶς

2013 622 2279 692 symbola,
2316 620 2651 690 ﬂagellorum
2682 618 2931 689 vestigia,
2970 620 3248 690 plagarum
3279 625 3589 689 cicatrices,

2016 714 2158 768 latus
2202 710 2530 782 perfossum,
2578 711 2856 765 clavorum
2896 718 3075 775 notas,
3127 706 3410 782 sanguinis
3448 716 3591 767 ellu-

2018 805 2250 867 sionem,
2284 802 2477 856 mortis
2503 802 2677 872 signa,
2706 810 2762 855 et
2791 810 2849 855 ut
2887 803 3072 856 omnia
3121 805 3474 873 complectar,
3509 806 3593 874 ip-

2018 910 2130 950 sam
2177 893 2382 963 proprii
2415 892 2665 961 corporis
2709 894 3194 948 resurrectionem.
3228 926 3295 933 —
3337 895 3594 965 Ejusdem

2020 1003 2082 1039 ex
2110 986 2289 1039 cadent
2338 984 2489 1038 libro.
2532 984 2589 1039 Si
2633 985 2757 1054 quis
2797 1000 2923 1039 vero
2972 986 3040 1040 ad
3093 989 3342 1056 corporis
3370 1005 3597 1057 genera-

2023 1078 2225 1135 tionem
2248 1076 2489 1146 respicit,
2530 1078 2705 1145 palam
2740 1076 3135 1151 deprehendet,
3173 1080 3319 1148 quod
3356 1081 3410 1133 in
3438 1081 3599 1136 Beth-

2019 1170 2161 1223 leem
2214 1177 2377 1223 natus
2422 1168 2606 1222 fasciis
2642 1168 2921 1222 imolutus
2983 1169 3074 1231 sit,
3140 1178 3203 1223 et
3244 1170 3298 1223 in
3342 1170 3595 1242 Egypto,
3668 1192 3675 1198 ·

2020 1268 2243 1329 propter
2258 1258 2633 1314 immanissimi
2654 1258 2884 1312 Herodis
2906 1259 3260 1329 insidias,per
3278 1262 3483 1330 aliquot
3503 1279 3600 1315 an-

2021 1366 2122 1405 nos
2152 1350 2438 1413 educatus,
2456 1359 2512 1404 et
2532 1350 2586 1404 in
2613 1349 2879 1404 Nazareth
2902 1350 2969 1403 ad
2994 1350 3209 1404 virilem
3232 1360 3449 1405 aetatem
3477 1369 3603 1421 pro-

2021 1448 2230 1499 vectus.
2247 1470 2316 1479 --
2336 1439 2438 1509 57
2466 1438 2740 1509 Ejusdem,
2756 1455 2819 1491 ex
2842 1439 3019 1492 eodem
3049 1438 3200 1493 libro.
3219 1441 3336 1494 Non
3354 1440 3500 1494 enim
3518 1450 3602 1495 est

2023 1529 2169 1584 idem
2191 1530 2604 1585 tabernaculum
2634 1530 2800 1584 Verbi
2831 1537 2887 1583 et
2917 1531 3034 1593 Dei,
3061 1546 3159 1600 per
3193 1531 3339 1600 quod
3358 1531 3601 1585 divinam

2023 1620 2247 1691 gloriam
2265 1620 2758 1689 contemplabatur‘
2776 1621 2970 1675 beatus
2982 1620 3291 1690 Stephanus
3304 1622 3342 1652 δ’
3357 1623 3605 1692 .—-Ejns-

2026 1712 2166 1773 dem,
2191 1728 2254 1764 ex
2270 1728 2507 1765 sermone
2532 1714 2585 1764 in
2611 1710 2746 1765 illud
2772 1730 2783 1765 :
2823 1732 2840 1762 ι
2864 1711 3127 1765 Dominus
3150 1712 3356 1765 creavit
3380 1727 3465 1766 me
3494 1712 3601 1765 ini-

2030 1801 2386 1855 tinmviarnm
2409 1816 2631 1855 suarum
2661 1803 2723 1855 ³².
2763 1820 2781 1850 ι
2820 1800 2876 1855 Si
2901 1816 3029 1870 ergo
3057 1801 3429 1870 generationis
3448 1802 3603 1870 prin-

2029 1894 2239 1963 cipium
2280 1893 2493 1961 accepit
2551 1893 2810 1955 Verbum,
2858 1908 2923 1945 ex
2987 1907 3096 1961 quo
3141 1908 3241 1961 per
3292 1901 3602 1946 maternum

2031 1984 2305 2039 transiens
2332 1992 2547 2038 uterum
2577 1981 2878 2052 corporalia
2924 1964 3167 2035 m'embra
3197 1983 3447 2052 gestavit,
3473 1997 3607 2036 con-

2029 2086 2137 2133 stat
2163 2076 2365 2131 factum
2393 2090 2513 2131 esse
2545 2075 2698 2128 illum
2737 2089 2803 2127 ex
2825 2074 3077 2127 muliere.
3114 2073 3181 2127 At
3209 2073 3255 2127 si
3283 2073 3522 2128 Verbum
3547 2080 3605 2128 et

2031 2167 2174 2220 Deus
2193 2173 2351 2219 antea
2365 2171 2482 2218 erat
2504 2162 2648 2232 apud
2675 2162 2915 2225 Patrem,
2935 2170 2989 2215 et
3014 2161 3270 2216 universa
3296 2178 3393 2230 per
3423 2162 3604 2231 ipsum

2030 2256 2170 2311 facta
2198 2272 2318 2311 esse
2338 2255 2591 2319 dicimus,
2622 2269 2728 2307 non
2751 2262 2836 2307 est
2856 2252 3043 2321 utique
3066 2251 3245 2306 factus
3262 2268 3327 2305 ex
3348 2253 3603 2317 muliere,

2031 2349 2125 2419 qui
2156 2358 2259 2411 est,
2293 2357 2351 2402 et
2387 2345 2656 2402 creaturis
2685 2344 2944 2399 omnibus
2973 2353 3033 2397 ut
3071 2344 3183 2398 sint
3201 2359 3422 2398 causam
3462 2359 3604 2413 pne-

2032 2441 2153 2496 bet:
2182 2440 2277 2494 sed
2305 2440 2453 2493 Dens
2488 2446 2682 2490 natura
2708 2444 2793 2489 est
2821 2433 3081 2488 omnibus
3110 2433 3270 2486 bonis
3296 2431 3605 2496 abundans,

2033 2532 2301 2595 inﬁnitus,
2330 2538 2385 2584 et
2406 2530 2498 2598 qui
2522 2535 2705 2582 mente
2726 2524 3118 2595 comprehendi
3145 2523 3370 2592 nequit;
3403 2537 3469 2576 ex
3494 2538 3612 2575 mn-

2034 2624 2168 2678 licre
2200 2631 2381 2676 autem
2421 2620 2598 2674 factus
2634 2627 2718 2673 est
2749 2618 2933 2679 homo,
2960 2615 3055 2685 qui
3086 2615 3141 2670 in
3169 2614 3421 2684 virginali
3450 2621 3613 2667 utero

2036 2731 2135 2785 per
2170 2714 2433 2784 Spiritum
2470 2720 2719 2766 sanctum
2759 2709 3026 2763 formatus
3062 2713 3172 2761 "est.
3209 2737 3279 2745 —
3322 2706 3603 2776 Ejusdem,

2038 2824 2102 2863 ex
2134 2806 2313 2861 eodem
2351 2820 2606 2859 sermone.
2650 2801 2944 2870 Templum
2994 2799 3141 2853 enim
3174 2799 3394 2867 proprie
3448 2812 3615 2850 mun-

2040 2900 2170 2955 dnm
2198 2906 2254 2951 et
2281 2894 2690 2950 immaculatum
2718 2900 2802 2946 est
2826 2891 3129 2944 humanum
3161 2887 3325 2943 Verbi
3356 2884 3614 2939 taberna-

2041 2988 2247 3048 culum,
2280 2984 2334 3037 in
2359 2998 2468 3054 quo
2498 2998 2556 3036 se
2589 2978 3040 3049 conspiciendum
3074 2976 3322 3046 praebens
3347 2968 3618 3030 habitavit

358 3074 647 3146 σκηνώσας
678 3073 892 3146 ᾤκησεν
921 3076 950 3128 6
1001 3074 1153 3137 Θεός.
1201 3074 1313 3126 Καὶ
1352 3074 1526 3129 ταῦτα
1571 3074 1672 3127 οὐκ
1722 3075 1785 3127 ὲκ
1830 3074 1935 3126 τῶν

2044 3080 2207 3134 Deus.
2230 3077 2419 3145 Neque
2439 3088 2571 3128 vero
2596 3072 2712 3126 haec
2729 3069 3106 3141 probabilibus
3120 3068 3270 3122 ducti
3285 3066 3618 3137 conjectnris

358 3168 591 3221 εἰκότων
619 3166 819 3237 φαμέν*
856 3165 1048 3220 τούτου
1082 3166 1189 3237 γὰρ
1213 3166 1255 3235 ςό
1293 3165 1451 3234 φύσει
1490 3165 1581 3219 τοῦ
1610 3164 1745 3220 Θεοῦ
1778 3166 1937 3229 Υἱὸς,

355 3261 462 3331 τὴν
492 3260 644 3313 λύσιν
666 3259 761 3314 καὶ
785 3260 1083 3313 ἀνάστασιν
1107 3258 1491 3330 προαγορεύων
1515 3258 1609 3313 τοῦ
1631 3258 1753 3325 νεὼ,
1778 3260 1943 3330 ἀναμ-

360 3349 601 3416 φιϐόλως
641 3350 789 3420 ἡμᾶς
833 3349 1099 3404 διδάσκων
1142 3348 1450 3418 ἐφοδιάζει,
1498 3351 1611 3413 τοῖς
1641 3350 1942 3420 μιαιφόνοις

360 3442 595 3507 φάσκων
638 3440 929 3504 Ἰουδαίοις·
963 3459 980 3492 ι
1028 3438 1241 3494 Λύσατε
1268 3441 1358 3493 τὸν
1383 3439 1508 3494 ναὸν
1539 3442 1746 3504 τοῦτον,
1772 3442 1863 3496 καὶ
1887 3443 1944 3496 ὲν

363 3532 547 3602 τρισὶν
590 3531 827 3601 ἡμέραις
877 3529 1055 3601 ἐγερῶ
1096 3531 1279 3584 αὐτόν.
1325 3550 1343 3582 ι
1378 3561 1449 3569 -
1495 3530 1611 3584 Τοῦ
1656 3532 1842 3587 αὑτοῦ
1877 3533 1945 3586 ἐκ

364 3622 476 3679 τοῦ
527 3623 717 3677 αὐτοῦ
762 3624 971 3692 λόγου.
1032 3622 1301 3692 Ὀπηνίκα
1363 3619 1456 3675 οὖν
1507 3623 1596 3676 τὸν
1661 3623 1945 3694 ἄνθρωπον

366 3715 713 3786 ’καουργήσας
757 3714 1017 3785 ὲφόρεσεν
1059 3714 1087 3766 6
1127 3713 1323 3781 Λόγος,
1362 3712 1573 3784 σώματι
1607 3713 1704 3785 μὲν
1725 3718 1837 3778 τοῖς
1863 3716 1949 3768 άν-

368 3813 390 3845 ε¹
406 3806 609 3878 ρὼποις
631 3804 946 3873 ἐπιφοιτῶν,
973 3803 1317 3867 παντοδαπὰς
1337 3804 1583 3875 ἀοράτως
1609 3805 1949 3876 θαυματουρ-

367 3899 497 3964 γίας
525 3896 901 3959 ἐπεδείκνυτο,
940 3896 1067 3959 τοὺς
1099 3895 1157 3949 δὲ
1197 3895 1533 3958 ἀποστόλους
1564 3897 1813 3967 κήρυκας
1852 3898 1950 3966 τῆς

367 3988 543 4043 οἴδίου
590 3985 871 4059 βασιλείας
902 3985 1200 4056 ἐξέπεμπε.
1245 4015 1316 4025 -
1365 3987 1474 4040 Τοῦ
1512 3986 1700 4040 αὑτοῦ
1736 3987 1805 4040 ἐκ
1843 3985 1951 4055 τῆς

366 4080 691 4147 ἑρμηνείας
727 4077 833 4131 τοῦ
878 4078 973 4144 ιβ’
997 4074 1264 4145 ψαλμοῦ.
1297 4076 1568 4146 Πρόδηλον
1595 4071 1711 4139 οὖν,
1743 4077 1900 4147 εἴπερ
1924 4077 1952 4129 6

367 4171 544 4241 χρίων
570 4168 914 4223 ἀποδεικνύει
943 4167 1093 4232 Θεὸν,
1118 4158 1178 4219 οἶ)
1200 4166 1291 4220 τὸν
1326 4166 1512 4236 θρόνον
1531 4162 1681 4221 εἶπεν
1702 4154 1950 4230 θαίώνιον,

365 4263 531 4333 δῆλος
549 4262 647 4332 μέν
667 4262 784 4312 ἐστι
811 4258 971 4328 φύσει
992 4258 1124 4322 Θεὸς
1142 4259 1206 4311 ὲκ
1226 4257 1361 4311 Θεοῦ
1380 4257 1661 4328 γεννηθεὶς
1682 4260 1710 4311 6
1735 4257 1949 4329 χρίσας·

365 4358 394 4406 ὁ
445 4353 508 4406 δὲ
556 4350 802 4422 χρισθεὶς
850 4350 1143 4420 ἐπίκτητον
1184 4348 1406 4418 εἴληφεν
1451 4349 1673 4421 ἀρετὴν,
1712 4347 1951 4417 ἐκκρίτῳ

2043 3170 2296 3226 dicimus.
2341 3166 2476 3220 Nam
2511 3164 2557 3219 is
2609 3162 2703 3233 qni
2752 3171 2947 3215 natura
2980 3159 3150 3213 Filius
3188 3158 3283 3212 Dei
3315 3168 3420 3219 est,
3453 3156 3618 3224 hujus

2048 3260 2234 3331 templi
2275 3257 2699 3314 destructionem
2729 3262 2785 3307 et
2814 3251 3267 3307 instaurationem
3291 3247 3614 3317 praedicens.

2044 3351 2163 3406 sine
2198 3349 2306 3403 ulla
2339 3346 2691 3417 ambiguitate
2713 3359 2813 3398 nos
2839 3343 2942 3397 hac
2975 3342 3042 3396 de
3058 3357 3117 3396 re
3137 3339 3346 3401 docuit,
3372 3336 3619 3392 cruentis

2044 3443 2246 3499 Judaeis
2276 3442 2500 3495 dicens:
2542 3458 2558 3489 ι
2585 3436 2793 3493 Solvite
2821 3435 3083 3505 templum
3124 3434 3250 3494 hoc,
3282 3440 3339 3485 et
3362 3430 3415 3483 in
3442 3428 3620 3482 tribus

2047 3534 2244 3589 diebus
2265 3530 2518 3587 excitabo
2551 3530 2729 3598 ipsum
2777 3528 2844 3580 ³³.
2874 3547 2891 3576 ι
2926 3556 2997 3565 —-
3027 3524 3303 3595 Ejusdem,
3336 3535 3398 3573 ea:
3440 3518 3620 3571 eodem

2050 3624 2198 3679 libro.
2232 3623 2458 3689 Quando
2515 3620 2680 3689 igitur
2729 3617 3007 3671 hominem
3058 3623 3313 3683 tanquam
3354 3609 3616 3677 templum

2050 3712 2347 3767 fabricatus
2378 3707 2617 3762 Verbum
2663 3704 2915 3775 gestavit,
2950 3717 3179 3770 corpore
3202 3700 3425 3767 quidem
3474 3697 3622 3750 inter

2050 3801 2303 3857 homines
2344 3806 2598 3853 versatus
2629 3802 2733 3857 est,
2768 3792 2920 3847 varia
2961 3801 3143 3845 autem
3186 3789 3449 3843 miracula
3476 3786 3621 3855 invia

2051 3890 2287 3946 sibiliter
2325 3886 2520 3949 edidit,
2553 3896 2609 3940 et
2629 3881 2911 3957 apostolos
2932 3880 3125 3934 mterni
3157 3877 3309 3949 regni
3344 3890 3623 3947 praecones

2052 3979 2224 4035 misit.
2258 4007 2330 4018 -—
2388 3975 2636 4046 Ejusdem
2666 3988 2727 4026 ea:
2779 3969 3213 4040 interpretatione
3269 3964 3461 4037 psalmi
3495 3980 3617 4018 xcu.

2051 4075 2315 4144 Apertum
2359 4076 2443 4124 est
2467 4081 2618 4136 ergo,
2650 4064 2693 4118 si
2728 4078 2938 4132 ungcns
2967 4062 3138 4116 Deum
3172 4059 3442 4130 designat,
3467 4058 3624 4127 cujus

2052 4167 2240 4223 sedem
2273 4171 2533 4218 azternam
2585 4158 2742 4220 dixit,
2776 4156 2885 4225 58
2934 4162 3129 4208 natura
3164 4153 3336 4206 Deum
3377 4166 3517 4213 esse,
3545 4160 3625 4203 at—

2054 4273 2161 4327 que
2190 4272 2258 4311 ex
2306 4255 2417 4307 Deo
2450 4250 2714 4321 genitum,
2744 4246 2837 4315 qui
2876 4243 3053 4299 unxit.
3086 4241 3189 4309 Qui
3247 4255 3377 4295 vero
3424 4246 3625 4291 unctus

2054 4358 2157 4412 est,
2202 4345 2521 4417 acquisitam
2556 4339 2769 4409 accepit
2810 4338 3097 4399 virtutem,
3152 4332 3369 4404 egregio
3422 4329 3626 4398 templo

366 4421 640 4514 ναουργίᾳ
659 4439 976 4511 κοσμηθεὶς,
1004 4441 1067 4493 ἐκ
1086 4439 1186 4509 τῆς
1206 4437 1300 4491 τοῦ
1324 4437 1697 4503 κατοικοῦντος
1728 4439 1783 4490 ὲν
1805 4435 1935 4506 αὑτᾷ

2055 4449 2278 4498 ornatus
2302 4454 2369 4492 ex
2397 4433 2694 4490 habitantis
2726 4431 2781 4484 in
2807 4430 2927 4498 ipso
2965 4426 3273 4482 divinitate.

369 4533 657 4602 θεότητος.

376 4667 493 4724 Τοῦ
508 4668 684 4740 ἁγίου
726 4667 1095 4740 Ἀθανασίου,
1127 4665 1464 4740 ἐπισκόπῌου
1507 4660 1958 4729 Ἀλεξανδρείας

905 4736 1002 4791 καί
1035 4735 1427 4807 ὀμολογητοῦ.

460 4851 599 4905 Ἀπὸ
627 4851 736 4920 τῆς
758 4851 1092 4919 ἀπολογίας
1118 4848 1226 4916 τῆς
1251 4847 1648 4920 γεγενημένης
1670 4843 1819 4913 ὑπὲρ
1843 4845 1960 4896 Διο-

367 4944 601 4999 νυσίου
640 4942 749 4996 τοῦ
776 4942 1113 4995 ἐπισκόπου
1172 4937 1637 5007 Ἀλεξανδρείας.
1685 4955 1703 4987 ι
1755 4933 1895 5003 Ἐγὼ
1926 4935 1958 5004 ἡ

370 5035 649 5105 ἄμπελος,
679 5035 838 5105 ὑμεῖς
863 5033 930 5086 τά
960 5032 1232 5102 κλήματαο
1256 5031 1285 5082 ὁ
1314 5030 1503 5100 Πατήρ
1537 5045 1637 5099 μου
1660 5029 1688 5080 6
1712 5025 1960 5097 γεωργός

2054 4661 2237 4718 Sancti
2271 4657 2550 4713 Athanasii
2577 4653 2803 4726 episcopi
2832 4648 3181 4706 Alexandrini
3215 4654 3261 4699 et
3298 4643 3624 4713 confessoris.

2131 4838 2209 4891 lix
2266 4835 2566 4905 defensione
2628 4829 2871 4883 instLuta
2925 4838 3020 4895 pro
3094 4817 3344 4888 Dionysio
3394 4815 3629 4885 epist-apo

2056 4928 2412 4986 Alexandriae.
2473 4944 2491 4977 ‹
2533 4925 2646 4994 Ego
2689 4935 2810 4975 sum
2838 4916 2987 4977 vitis,
3019 4928 3117 4967 vos
3144 4909 3414 4980 palmites.
3472 4907 3632 4961 Pater

2057 5037 2212 5077 meus
2249 5017 2484 5089 agricola
2522 5015 2682 5069 est“.
2719 5031 2736 5063 ι
2778 5009 2886 5065 Nos
2910 5005 3058 5062 enim
3083 5000 3299 5057 Domini
3328 4996 3631 5053 secundum

371 5088 530 5177 ἐστιν
775 5088 968 5193 ’ἡμεῖς
1142 5120 1235 5174 τοῦ
1271 5088 1486 5190 Κυρίου·
1521 5088 1662 5172 κατά
1700 5088 1760 5169 τὸ
1805 5088 1935 5185 σῶμ

2057 5126 2255 5182 corpus
2292 5088 2524 5179 cognati
2574 5117 2792 5159 sumus:
2852 5109 3084 5165 eamque
3123 5091 3195 5147 ob
3248 5105 3466 5144 causam
3516 5088 3632 5157 ipse

377 5217 667 5282 συγγενεῖς
696 5215 882 5283 ἐσμενο
907 5214 1002 5265 καὶ
1033 5212 1193 5275 αὐτὸς
1220 5211 1308 5264 διὰ
1334 5211 1491 5264 τοῦτο
1516 5206 1688 5262 εἶπεν·
1712 5229 1727 5259 ι
1753 5209 1935 5274 Ἀπαγη

2064 5181 2227 5259 dixit:
2263 5221 2279 5253 ι
2315 5198 2554 5255 Narrabo
2576 5209 2777 5252 nomen
2802 5199 2959 5245 tuum
2983 5184 3245 5241 fratribus
3278 5181 3493 5236 meis”.
3517 5201 3534 5231 ι
3566 5181 3635 5239 Et

376 5306 531 5379 γελῶ
570 5308 630 5361 τὸ
654 5305 829 5377 δνομά
857 5322 951 5358 σου
980 5307 1092 5367 τοῖς
1125 5303 1372 5372 ἀδελφοῖς
1397 5319 1524 5373 μου.
1572 5320 1590 5352 ι
1629 5300 1739 5354 Καὶ
1773 5299 1960 5370 ῶσπερ

2068 5296 2211 5351 sicut
2253 5291 2507 5364 palmites
2536 5286 2782 5359 eiusdem
2810 5288 3088 5337 suntcum
3134 5274 3244 5329 vite
3293 5272 3631 5338 substantiae,

459 5491 502 5522 ⁸¹
532 5489 653 5548 Act.
676 5448 888 5556 vn,’57.
964 5489 1008 5522 ³¹
1036 5489 1195 5543 Prov.
1223 5502 1335 5552 vnt,
1359 5484 1447 5539 22.
1525 5484 1568 5516 ³³
1593 5483 1748 5540 Joan.
1782 5498 1840 5545 ιι,
1868 5480 1932 5535 l9

2036 5479 2071 5511 "‘
2101 5479 2255 5534 Joan.
2292 5490 2378 5537 xv,
2404 5472 2455 5527 ὕ.
2531 5468 2576 5500 ³⁵
2602 5466 2743 5522 Psal.
2770 5481 2879 5532 χιιι,
2906 5463 2993 5518 22.

464 5647 538 5715 (3)
566 5641 1090 5715 εκπλῷιιιειιὸέιιιάιι
1112 5639 1398 5715 Ιμεειῇρ-οὑκ
1417 5635 1792 5715 πληρωθείσαις
1817 5634 1957 5706 apud

384 5710 609 5774 Fabric.
648 5713 887 5769 Biblioth.
926 5712 1017 5769 Gr.
1055 5711 1160 5767 vol.
1196 5710 1328 5776 Vill,
1357 5726 1409 5779 p.
1439 5710 1566 5782 187.

2142 5629 2352 5699 (ἢμου
2397 5631 2455 5699 _et
2492 5622 2674 5699 sai-3“
2697 5616 2814 5673 des.
2869 5615 3012 5687 apud
3058 5612 3255 5672 Athan.
3305 5619 3344 5667 ι.
3393 5607 3437 5677 Ι,
3481 5622 3537 5682 p.
3588 5620 3626 5674 Ι,

2059 5686 2211 5757 edin
2236 5686 2433 5751 Bened.
2483 5706 2536 5760 p.
2572 5686 2697 5743 250.
