4006 6202
387 335 454 402 91
1379 332 1866 391 TI‘IEODORETI
1907 332 2241 392 EPISCOPI
2283 333 2645 392 CYRENSIS
3409 364 3428 376 ι
3594 328 3661 392 92

387 453 444 502 et
478 459 545 499 ex
575 457 640 498 ea
685 439 1000 511 propagali:
1038 441 1053 459 ‘
1085 440 1157 493 ita
1190 447 1246 493 et
1292 453 1414 503 nos,
1461 449 1688 510 cognata
1733 454 1965 510 corpora

2089 441 2174 493 είσὶ
2207 441 2282 510 (5)
2323 441 2392 494 τὰ
2431 441 2688 510 κλήματα
2722 436 2984 507 ὀμοούσια
3027 438 3125 507 τῆς
3167 438 3445 508 ἀμπέλου,
3480 439 3572 494 καὶ
3604 443 3660 508 ἐξ

390 536 655 591 habentes
684 533 902 601 corpori
934 531 1176 594 Domini,
1206 546 1273 584 ex
1313 521 1434 601 ejus
1461 531 1806 600 plenitudine
1832 532 1976 585 acci-

391 624 592 695 pimus,
637 631 694 676 et
742 620 877 674 illud
918 628 1178 689 tanquam
1225 619 1463 673 radicem
1499 620 1768 676 habemus
1796 619 1863 673 ad
1891 635 1977 673 re-

391 695 816 777 surrectioiiem,
851 721 908 766 et
940 711 1007 765 ad
1059 711 1313 765 salutem.
1363 711 1525 765 Pater
1555 721 1739 766 autem
1787 712 1975 781 appel-

391 813 532 858 .atus
565 812 650 857 est
681 802 954 873 agricola:
991 800 1196 870 quippe
1233 800 1327 870 qui
1379 817 1478 870 per
1525 801 1764 856 Verbum
1807 802 1976 854 vitem

392 895 583 958 coluit,
618 910 740 964 qua:
769 901 854 947 est
881 907 1083 961 corpus
1107 892 1476 946 Dominicum.
1503 922 1574 930 —
1597 893 1876 962 Ejusdem,
1913 906 1977 944 ex

393 988 574 1040 eodem
620 1002 792 1057 opere.
828 985 968 1040 Vitis
1009 992 1194 1037 autem
1236 983 1544 1052 appellatus
1572 991 1656 1038 est
1690 984 1974 1048 Dominus,

393 1086 618 1146 propter
651 1075 990 1145 corporalem
1031 1075 1438 1144 cognationem,
1463 1089 1628 1142 quam
1683 1074 1848 1128 habet
1874 1089 1977 1128 no-

395 1168 630 1230 hiscum,
649 1166 743 1235 qui
768 1181 958 1219 sumus
982 1165 1257 1234 palmites.
1288 1194 1358 1202 —
1378 1163 1653 1233 Ejusdem,
1685 1180 1748 1218 ea:
1773 1165 1978 1231 maiore

394 1259 471 1313 De
499 1257 605 1312 ﬁde
640 1258 900 1311 oratione.
939 1256 1096 1322 Quod
1125 1256 1390 1325 scriptum
1422 1264 1538 1310 est:
1571 1275 1589 1306 ‹
1618 1256 1675 1310 1η
1705 1255 1977 1326 principio

396 1360 517 1405 erat
547 1350 860 1413 Verbum",
884 1370 901 1401 ι
931 1349 1276 1404 divinitatem
1301 1359 1490 1419 aperte
1507 1349 1778 1420 signiﬁcat
1804 1367 1816 1403 :
1843 1348 1978 1403 illud

396 1449 578 1494 autem
607 1458 620 1492 :
657 1459 674 1491 ‹
705 1440 947 1494 Verbum
968 1455 1098 1494 caro
1131 1440 1334 1495 factum
1369 1451 1454 1495 est
1472 1441 1540 1505 ³⁷,
1573 1460 1588 1491 ι
1628 1440 1844 1494 Domini
1877 1441 1979 1494 hu-

397 1530 712 1584 manitatem
747 1530 1008 1584 ostendit.
1038 1529 1232 1600 ——59
1255 1523 1530 1600 Ejusdem,
1557 1547 1622 1584 ex
1644 1531 1825 1584 eadem
1856 1547 1980 1584 ora-

399 1621 638 1674 tione.Et
663 1621 829 1674 illud:
879 1641 897 1670 ‹
937 1621 1163 1674 Lavabit
1193 1621 1248 1675 in
1279 1622 1408 1675 vino
1452 1621 1648 1674 stolam
1678 1636 1832 1675 suam
1856 1621 1920 1684 ",
1952 1639 1970 1673 ι

400 1711 503 1764 hoc
529 1721 610 1765 est
649 1712 700 1764 in
729 1712 954 1780 proprio
983 1713 1245 1782 sanguine
1273 1727 1496 1781 corpus,
1531 1711 1677 1781 quod
1705 1720 1788 1766 est
1815 1712 1978 1766 indu-

400 1809 642 1854 mentum
672 1800 996 1854 divinitatis.
1028 1801 1390 1871 —Ejusdem,
1419 1817 1483 1853 ea:
1505 1803 1686 1853 eadem
1714 1803 1970 1854 oratione.
2009 1794 2050 1852 Β

401 1890 512 1942 1ἶοε
531 1890 676 1943 enim
711 1909 727 1940 ‹
747 1899 866 1944 erat
895 1910 913 1942 ι
941 1891 984 1922 ³⁹
1012 1889 1248 1960 refertur
1268 1890 1334 1943 ad
1355 1891 1476 1960 ejus
1499 1889 1846 1945 divinitatem
1877 1909 1889 1944 :
1916 1892 1980 1945 il-

397 1981 491 2035 lud
521 1997 673 2045 vero,
707 2001 724 2032 ι
749 1997 880 2036 caro
899 1959 1102 2036 factum
1143 1983 1309 2047 est”,
1337 2001 1353 2033 ι
1387 1982 1453 2036 ad
1485 1998 1709 2052 corpus.
1739 1984 1980 2038 Verbum

398 2089 525 2128 caro
546 2071 750 2128 factum
779 2080 884 2138 est,
912 2089 1023 2127 non
1059 2074 1112 2126 in
1137 2089 1360 2128 carnem
1395 2075 1719 2136 resolutum,
1745 2075 1841 2129 sed
1864 2091 1982 2130 car-

397 2180 523 2218 nem
584 2171 850 2234 gestans:
911 2164 1374 2233 quemadmodum
1435 2164 1480 2218 si
1559 2165 1763 2219 dixerit
1825 2166 1977 2234 quis-

400 2255 578 2324 piam:
637 2254 738 2308 Hic
797 2253 974 2308 factus
1035 2263 1122 2307 est
1171 2269 1360 2315 senex,
1424 2269 1533 2308 non
1571 2255 1716 2323 quod
1777 2256 1900 2309 talis
1949 2272 1979 2309 a

401 2347 674 2416 principio
731 2353 894 2399 natus
938 2345 1045 2399 sit:
1079 2351 1193 2407 aut,
1227 2345 1430 2400 Factus
1483 2356 1567 2400 est
1624 2347 1782 2400 miles
1834 2355 1984 2401 vetc-

401 2452 590 2497 ranus,
649 2451 774 2490 cum
829 2436 984 2505 prius
1049 2437 1175 2490 talis
1231 2452 1341 2492 non
1384 2446 1550 2503 esset,
1586 2440 1766 2508 qualis
1808 2440 1985 2496 factus

403 2536 502 2580 est.
550 2528 616 2581 Et
659 2528 936 2583 Joannes:
987 2528 1151 2592 «Fui,
1198 2529 1399 2598 inquit,
1448 2529 1502 2583 in
1549 2530 1726 2584 insula
1769 2532 1979 2596 Patmo,

404 2617 494 2671 die
532 2618 816 2672 Dominico
842 2617 908 2682 "‘,
958 2637 975 2670 ι
1009 2635 1118 2672 non
1162 2619 1311 2688 quod
1337 2619 1414 2673 ibi
1468 2619 1644 2676 factus
1687 2631 1781 2676 aut
1824 2631 1984 2677 natus

403 2712 473 2766 sit
502 2726 516 2763 :
547 2710 642 2765 sed
671 2711 812 2764 dixit
836 2729 847 2764 :
873 2711 1005 2765 «Fui
1035 2711 1090 2764 in
1115 2712 1327 2777 Patmo,
1354 2733 1371 2764 ι
1391 2728 1494 2783 pro
1517 2727 1584 2768 eo
1608 2703 1753 2784 quod
1769 2724 1873 2778 est,
1899 2731 1987 2770 ac-

403 2801 563 2856 cessi.
599 2801 673 2856 lta
694 2801 858 2856 etiam
889 2802 1128 2857 Verbum
1156 2804 1224 2857 ad
1249 2819 1471 2858 carnem
1505 2805 1758 2870 accessit,
1784 2814 1846 2860 ut
1866 2805 1985 2860 dic-

405 2901 518 2947 tum
546 2902 650 2957 est,
685 2913 702 2943 ε
748 2894 988 2948 Verbum
1021 2911 1150 2950 caro
1180 2895 1383 2950 factum
1411 2904 1515 2950 est.
1551 2917 1568 2944 ι
1621 2895 1765 2951 Audi
1801 2897 1988 2952 dicen-

405 2991 561 3038 tem:
615 3005 633 3035 ι
670 2985 870 3039 Factus
928 3001 1049 3040 sum
1109 2997 1366 3056 tanquam
1406 3002 1502 3042 vas
1535 2987 1810 3057 perditum
1836 2989 1916 3055 “;
1965 3009 1982 3041 ι

403 3088 502 3132 et:
539 3098 558 3130 ‹
592 3079 790 3133 Factus
841 3094 960 3132 sum
1008 3078 1152 3133 sicut
1203 3079 1367 3131 homo
1423 3078 1630 3133 auxilio
1668 3079 1985 3145 destitutus,

2075 534 2262 602 αὐτῆς·
2307 532 2447 585 οὕτω
2479 531 2573 584 καὶ
2602 533 2781 600 ἡμεῖς,
2809 529 3051 599 ὁμογενῆ
3087 529 3314 598 σώματα
3341 531 3416 600 (6)
3447 532 3661 602 ἔχοντες

2075 622 2151 692 τῷ
2182 622 2393 692 σώματι
2425 622 2518 675 τοῦ
2558 622 2783 692 Κυρίου,
2820 622 2885 672 ὲκ
2931 619 3025 672 τοῦ
3075 619 3441 690 πληρώματος
3493 624 3658 678 αὑτοῦ

2076 715 2136 766 λα
2147 713 2314 782 μϐἀνο
2323 717 2440 782 μεν,
2467 714 2688 765 κάκεῖνο
2715 712 2802 782 ρίζ
2809 729 2870 762 αν
2897 710 3092 782 ἔχομεν
3120 715 3198 774 εἰς
3223 713 3319 783 τὴν
3343 714 3658 782 ἀνάστασιν,

2077 806 2171 858 καὶ
2212 808 2291 867 εἰς
2325 805 2399 875 (7)
2443 806 2542 874 τὴν
2594 804 2890 875 σωτηρίαν.
2936 804 2994 856 Ὀ
3042 804 3097 856 δὲ
3139 805 3329 876 Πατὴρ
3379 807 3592 877 εἴρηται
3633 812 3661 860 6

2077 897 2341 966 γεωργός·
2402 896 2564 958 αὐτὸς
2605 895 2712 965 γὰρ
2758 895 3050 964 εἰργάσατο
3087 895 3176 947 διὰ
3214 895 3307 949 τοῦ
3351 897 3525 966 Λόγου
3561 901 3661 968 τὴν

2077 985 2340 1055 ἄμπελον,
2367 987 2487 1056 ἦτις
2520 987 2636 1038 ἐστὶ
2667 985 2724 1037 τὸ
2756 985 3030 1056 κυριακὸν
3069 985 3226 1057 σῶμα
3261 989 3384 1058 (7³).
3441 1020 3511 1028 -
3551 991 3662 1044 Τοῦ

2076 1077 2286 1140 αὑτοῦ,
2331 1078 2398 1130 ἐκ
2453 1078 2565 1144 τῆς
2608 1075 2799 1144 αὐτῆς
2829 1078 3258 1146 πραγματείας.
3305 1080 3579 1149 Ἀμπελος
3606 1081 3665 1134 δὲ

2079 1167 2280 1239 ἐκλήθη
2307 1169 2334 1220 6
2363 1167 2586 1239 Κύριος,
2616 1167 2703 1220 διὰ
2733 1167 2828 1238 τὴν
2861 1171 2987 1240 περ).
3015 1171 3089 1240 (8)
3116 1169 3184 1222 τὰ
3210 1170 3486 1241 κλήματα,
3518 1174 3664 1243 ἅπερ

2079 1258 2245 1327 ἐσμὲν
2275 1260 2437 1327 ἡμεῖς
2459 1298 2473 1319 ,
2508 1258 2828 1326 συγγένειαν
2855 1261 3194 1330 σωματικήν.
3222 1290 3291 1301 --—
3326 1261 3434 1315 Τοῦ
3476 1263 3665 1316 αὐτοῦ

2077 1352 2145 1403 ἐκ
2176 1351 2280 1404 τοῦ
2318 1351 2454 1422 Περὶ
2498 1349 2730 1413 πίστεως
2775 1353 2962 1419 λόγου
3005 1351 3109 1404 τοῦ
3147 1351 3437 1420 μείζονος.
3483 1355 3554 1406 Τὸ
3586 1355 3662 1423 (9)

2080 1442 2409 1513 γεγράφθαι,
2450 1462 2466 1492 ε
2519 1444 2606 1495 Ἐν
2645 1444 2788 1512 ἀρχῇ
2816 1438 2882 1512 ἦν
2909 1443 2936 1494 6
2980 1441 3178 1508 Λόγος,
3224 1463 3240 1494 ι
3283 1444 3532 1516 φανερῶς
3566 1448 3666 1514 τὴν

2080 1533 2308 1605 θεότητα
2335 1534 2502 1605 δηλοῖο
2526 1534 2584 1586 τὸ
2609 1534 2716 1594 δὲ,‹
2741 1533 2798 1586 Ὀ
2830 1533 2998 1601 Λόγος
3033 1534 3168 1605 σὰρξ
3189 1536 3423 1604 ἐγένετο,
3446 1557 3463 1588 ι
3485 1538 3542 1590 τὸ
3569 1538 3664 1590 ἀν-

2083 1624 2349 1696 θρώπινον
2375 1626 2485 1695 (10)
2521 1625 2614 1678 τοῦ
2649 1625 2853 1696 Κυρίου
2885 1624 3175 1676 δείκνυσιν.
3201 1655 3268 1663 —
3317 1627 3427 1680 Τοῦ
3472 1625 3662 1680 αὐτοὺ

2080 1717 2148 1770 ἐκ
2179 1717 2284 1770 τοῦ
2325 1717 2509 1770 αὐτοῦ
2541 1717 2746 1784 λόγου.
2783 1716 2889 1767 Καὶ
2927 1714 2986 1768 τό
3023 1716 3158 1784 (11)·
3195 1735 3212 1767 ‹
3239 1716 3434 1770 Πλυνεῖ
3459 1719 3515 1771 ἐν
3539 1719 3665 1786 οἴνῳ

2081 1807 2176 1878 τὴν
2205 1809 2402 1877 στολὴν
2438 1805 2623 1870 αὑτοῦ,
2658 1826 2676 1858 ι
2710 1807 3007 1870 τουτέστιν,
3040 1808 3095 1860 ὲν
3130 1805 3206 1877 τῷ
3236 1807 3350 1878 ἰδίῳ
3381 1809 3572 1878 αἵματι
3607 1808 3667 1862 τὸ

2083 1901 2261 1970 σῶμα.
2285 1901 2384 1971 τὴν
2406 1899 2696 1973 περιϐολὴν
2721 1901 2817 1969 τῆς
2848 1900 3119 1970 θεότητος.
3157 1927 3219 1940 -ο
3248 1901 3355 1954 Τοῦ
3386 1899 3571 1954 αὑτοῦ
3599 1901 3667 1954 ἐι

2080 1993 2185 2046 τοῦ
2211 1992 2396 2045 αὐτοῦ
2423 1993 2629 2059 λόγου.
2654 1992 2726 2043 Τὸ
2752 1989 3211 2061 γὰρ(1ἳ),‹⁷11ν,›
3231 1993 3324 2044 ἐπὶ
3355 1993 3457 2062 τῆς
3483 1992 3667 2060 θεότη-

2080 2102 2168 2146 τος
2212 2083 2377 2137 αὑτοῦ
2411 2083 2762 2154 ἀναφέρεταιο
2795 2083 2856 2136 τὸ
2894 2083 2970 2149 δὲ,
3015 2103 3033 2133 ‹
3067 2082 3211 2154 Σὰρξ
3251 2083 3489 2150 ἐγένετο,
3522 2103 3539 2134 ι
3575 2085 3668 2139 ἐπὶ

2082 2175 2174 2229 τοῦ
2211 2174 2481 2245 σώματος.
2523 2175 2580 2228 '0
2615 2175 2786 2242 Λόγος
2821 2173 2956 2245 σὰρξ
2983 2174 3217 2241 ἐγένετο,
3255 2175 3353 2225 οὐκ
3383 2175 3462 2236 εἰς
3489 2173 3668 2242 σάρκα

2084 2265 2390 2330 ἀναλυθεὶς,
2420 2265 2554 2318 ἀλλὰ
2597 2267 2775 2336 σάρκα
2807 2265 3066 2336 φορέσας·
3110 2265 3184 2326 ὡς
3213 2264 3254 2316 δ’
3287 2263 3349 2318 ἂν
3379 2264 3522 2316 εἴποι
3555 2282 3664 2325 τις,

2093 2359 2152 2411 '0
2184 2358 2330 2411 δεῖνα
2361 2358 2549 2425 γέγονε
2587 2357 2788 2429 γέρων,
2817 2359 2919 2410 οὐκ
2952 2356 3013 2422 ἐξ
3053 2357 3248 2428 ἀρχῆς·
3274 2357 3572 2428 γεννηθείς
3613 2356 3668 2424 ἢ,

2095 2444 2152 2499 Ὀ
2184 2446 2518 2517 στρατιώτης
2542 2444 2827 2516 βετερὰνος
2855 2447 3090 2513 ἐγένετο,
3117 2446 3178 2497 οὐ
3207 2444 3471 2513 πρότερον
3494 2443 3668 2497 τοιοῦ-

2083 2554 2173 2601 τος
2202 2537 2276 2592 ὣν
2304 2533 2414 2600 οἷος
2439 2537 2679 2607 γέγονεν.
2716 2537 2988 2608 Ἰωάννης,
3013 2557 3029 2588 ‹
3056 2537 3374 2607 Ἑγενόμην,
3401 2537 3586 2606 φησὶν,
3615 2537 3675 2587 ὲν

2084 2631 2150 2699 τῇ
2182 2629 2329 2698 νήσῳ
2356 2628 2562 2697 Πάτμῳ
2590 2627 2698 2698 (15)
2724 2628 2780 2679 ἐν
2803 2629 2865 2698 τῇ
2900 2627 3086 2698 ἡμέρᾳ.
3116 2628 3181 2697 τῇ
3217 2628 3495 2698 Κυριακῇ’
3524 2646 3541 2678 ι
3575 2625 3674 2695 οὐχ

2086 2721 2167 2773 ὃτι
2208 2723 2326 2773 ἐκεῖ
2354 2721 2596 2789 γέγονεν,
2625 2719 2658 2790 ἤ
2696 2719 3011 2789 γεγένηται,
3039 2718 3153 2772 ἀλλ’
3184 2713 3360 2780 εἶπεν,
3401 2737 3419 2770 ο
3463 2717 3676 2786 Ἐγενόο

2091 2829 2197 2883 μην
2234 2813 2289 2864 ὲν
2323 2814 2564 2883 Πάτμῳ,
2603 2832 2620 2861 ι
2659 2812 2777 2864 ἀντὶ
2811 2810 2924 2874 τοῦ,
2963 2812 3374 2882 Παρεγενόμην.
3414 2809 3603 2871 Οὕτως
3645 2810 3675 2862 6

2089 2905 2260 2972 Λόγος
2289 2905 2368 2966 εἰς
2411 2903 2591 2974 σάρκα
2637 2904 3038 2974 παραγέγονεν,
3089 2902 3164 2966 ὡς
3201 2901 3494 2961 λέλεκται,
3547 2919 3566 2950 ‹
3615 2899 3675 2952 '0

2089 2995 2260 3063 Λόγος
2290 2994 2427 3066 σὰρξ
2461 2993 2694 3062 ἐγένετο.
2736 3013 2753 3044 ι
2801 2995 3066 3046 ’Ἄκουσον
3089 2993 3358 3061 λέγοντος·
3400 3011 3416 3042 ι
3463 2991 3677 3059 Ἐγενόο

2095 3104 2201 3156 μην
2233 3085 2364 3137 ὡσεὶ
2405 3085 2595 3147 σκεῦος
2632 3083 2927 3147 ἀπολωλὸς,
2955 3083 3108 3148 ικαὶ,
3149 3104 3167 3133 ι
3209 3083 3506 3152 Ἐγενόμην
3541 3081 3674 3132 ὡσεὶ

407 3173 550 3226 inter
582 3182 831 3227 mortuos
856 3171 996 3224 liber
1018 3171 1080 3224 “'.
1121 3191 1138 3221 ›
1185 3201 1250 3209 —
1295 3171 1545 3239 Ejusdem
1581 3186 1643 3223 ex
1664 3171 1889 3240 epistola
1917 3144 1986 3224 ad

2091 3175 2378 3246 ἄνθρωπος
2403 3173 2724 3245 ἀϐοήθητος,
2753 3177 2810 3227 ὲν
2837 3175 3049 3244 νεκροῖς
3073 3173 3378 3243 ἐλεύθερος.
3417 3192 3434 3222 ι
3462 3201 3531 3210 —-
3566 3169 3676 3223 Τοῦ

407 3265 718 3336 Epiclel-um.
763 3263 897 3330 Quis
917 3278 1157 3332 unquam
1194 3262 1318 3315 talia
1337 3261 1583 3316 audivit?
1609 3263 1735 3331 quis
1764 3262 1987 3317 docuit?

2089 3265 2272 3321 αὑτοῦ
2293 3266 2360 3319 ἐκ
2382 3263 2492 3334 τῆς
2513 3265 2663 3333 πρὸς
2699 3265 3058 3334 Ἐπίκτητον
3076 3261 3424 3330 ἐπιστολῆς.
3449 3262 3542 3326 Τίς
3563 3261 3676 3332 (1.1)

409 3359 535 3428 quis
570 3357 803 3412 didicit?
851 3374 869 3406 ε
908 3356 986 3410 Ex
1017 3355 1184 3410 Sione
1223 3354 1368 3408 enim
1414 3353 1733 3424 egredietur
1770 3356 1880 3421 lex,
1935 3364 1987 3410 et

2091 3359 2203 3430 γὰρ
2239 3360 2440 3430 ἢκουσε
2484 3358 2706 3412 τοιαῦτα
2741 3357 2995 3420 πὼποτες
3033 3357 3127 3420 Τίς
3181 3357 3291 3426 (15)
3339 3358 3366 3408 6
3412 3353 3672 3418 διδάξαςς

407 3450 640 3505 verbum
697 3447 916 3503 Domini
968 3463 1033 3501 ex
1082 3445 1459 3516 Hierosolyma
1509 3446 1575 3499 “.
1616 3466 1633 3497 ›
1696 3445 1821 3500 Haec
1860 3461 1993 3501 vero

409 3543 555 3598 unde
578 3541 862 3598 exierunt?
883 3539 1059 3610 qualis
1085 3538 1334 3593 infernus
1353 3537 1470 3591 haec
1489 3538 1775 3592 evomuit?
1799 3538 1908 3608 εί)
1930 3547 1992 3593 ut

409 3633 628 3690 dicatur
664 3648 866 3702 corpus
889 3647 956 3685 ex
989 3629 1156 3684 Maria
1195 3638 1477 3697 sumptum
1527 3628 1995 3683 consubstantiale

409 3741 531 3781 esse
579 3723 853 3779 divinitati
899 3721 1089 3784 Verbi,
1147 3727 1244 3774 aut
1291 3719 1527 3773 Verbum
1556 3721 1611 3773 in
1646 3735 1890 3781 carnem,
1939 3728 1995 3773 et

410 3831 553 3878 ossa,
581 3823 636 3869 et
663 3815 822 3884 pilos,
846 3820 902 3868 et
938 3820 1111 3864 totum
1135 3825 1338 3879 corpus
1371 3819 1642 3864 mutatum
1667 3811 1828 3864 esse?
1856 3809 1993 3876 Quis

411 3905 624 3959 audivit
662 3905 718 3957 in
755 3902 1012 3964 ecclesia,
1042 3909 1137 3954 aut
1166 3900 1395 3952 omnino
1422 3899 1567 3967 apud
1622 3899 1988 3965 Christianos,

413 3997 585 4050 Deum
635 3994 856 4049 ﬁctione
893 4001 946 4047 et
997 4006 1109 4044 non
1163 3999 1359 4043 natura
1398 4005 1600 4058 corpus
1659 3992 1993 4059 gestavisse?

2090 3454 2186 3517 Τίς
2215 3457 2242 3506 6
2273 3453 2382 3522 (16)
2429 3451 2656 3522 μαθώνς
2697 3471 2714 3502 ‹
2757 3453 2851 3504 Ἐκ
2887 3452 2985 3520 μὲν
3012 3450 3121 3519 γὰρ
3159 3448 3296 3501 Σιὼν
3338 3447 3676 3511 ἐξελεύσεται

2092 3544 2512 3612 νόμος(17),κτιὶ
2541 3543 2696 3609 λόγος
2724 3543 2928 3613 Κυρίου
2959 3542 3014 3607 ἐξ
3053 3541 3423 3610 Ἰερουσαλήμ.
3452 3559 3470 3591 ι
3493 3538 3678 3591 Ταῦτα

2097 3635 2154 3687 δὲ
2182 3632 2342 3686 πόθεν
2371 3633 2558 3701 ἐξῆλθε
2584 3650 2598 3698 ;
2628 3637 2774 3696 ποῖος
2799 3633 2931 3704 ᾅδης
2955 3631 3284 3703 ἐξηρεὺξατο
3316 3630 3448 3700 (18),
3483 3629 3678 3698 6900-5-

2101 3735 2214 3772 σιον
2245 3720 2419 3772 εἰπεῖν
2454 3719 2513 3771 τὸ
2558 3721 2620 3772 ἐκ
2650 3720 2869 3790 Μαρίας
2915 3720 3075 3790 σῶμα
3119 3723 3182 3790 τῇ
3219 3719 3313 3772 τοῦ
3347 3719 3520 3787 Λόγου
3556 3717 3676 3771 θεό-

2097 3827 2240 3882 τητι,
2268 3812 2299 3882 ἢ
2327 3811 2406 3863 ὃτι
2431 3813 2458 3863 6
2483 3811 2654 3877 Λόγος
2678 3812 2755 3872 εἰς
2781 3809 2896 3880 (19)
2927 3810 3120 3880 σάρκα,
3146 3811 3239 3862 καὶ
3255 3809 3436 3873 ὀστέα,
3458 3810 3550 3862 καὶ
3571 3808 3680 3880 τρί-

2093 3917 2213 3969 χας.
2246 3901 2339 3953 καὶ
2368 3903 2488 3954 ὅλον
2519 3901 2674 3969 σῖὂμα
2705 3901 3106 3971 μεταϐέϐληται
3133 3902 3266 3972 (ΞΟ);
3303 3901 3399 3963 Τίς
3425 3901 3480 3953 δὲ
3515 3901 3676 3972 ηκου-

2093 4009 2186 4044 σεν
2216 3994 2274 4044 ὲν
2306 3992 2470 4062 ὲκκλη
2484 3992 2588 4063 σία,
2644 3991 2675 4061 ἦ
2704 3992 2839 4056 ὅλως
2881 3993 3031 4064 παρᾶ
3063 3993 3408 4063 Χριστιανοῖς
3431 3993 3564 4059 (21),
3595 3992 3681 4044 ὅτι

415 4115 486 4124 ——-
517 4085 790 4154 Ejusdem,
817 4082 1075 4136 exeadem
1111 4079 1354 4150 epistola.
1389 4078 1525 4143 Quis
1550 4088 1733 4133 autem
1758 4081 1987 4135 audiens

2089 4081 2233 4134 θέσει
2256 4083 2348 4135 καὶ
2372 4084 2431 4134 οὐ
2456 4081 2613 4149 φύσει
2637 4082 2793 4151 σῶμα
2815 4083 3120 4152 πεφόρεκεν
3142 4083 3169 4135 6
3191 4082 3322 4144 Θεός
3342 4081 3548 4151 (2'2);--
3570 4080 3680 4134 Τοῦ

415 4194 526 4239 non
549 4193 615 4232 ex
644 4176 830 4240 Maria,
858 4175 952 4230 sed
995 4189 1062 4229 ex
1092 4189 1188 4228 sua
1217 4173 1388 4242 ipsius
1412 4172 1715 4226 substantia
1746 4172 1981 4226 Verbum

2089 4173 2271 4226 αὑτοῦ
2287 4174 2352 4225 ἐκ
2373 4171 2677 4239 τῆςαύτῆς
2691 4173 3142 4240 ἐπιστολῆς-,Τίς
3163 4174 3216 4228 δὲ
3235 4173 3344 4241 (23)
3371 4173 3582 4226 ἀκούων
3599 4173 3680 4226 ὅτι

487 4317 530 4349 ⁸⁶
559 4317 716 4372 Joan.
745 4331 782 4375 ι.
808 4315 858 4368 1.
960 4313 1002 4344 ³⁷
1037 4313 1175 4366 Ibid.
1228 4313 1313 4365 14.
1415 4313 1457 4341 ³-³
1487 4312 1623 4365 Gen.
1661 4327 1802 4376 χιιι,
1833 4312 1919 4366 11.

415 4404 541 4449 xxx,
565 4385 621 4439 ἢ.
689 4387 733 4417 ⁸³
758 4385 900 4439 Psal.
926 4398 1158 4445 Lxxxvu,
1192 4382 1244 4446 4,
1279 4383 1330 4435 5.
1407 4381 1452 4412 ⁸³
1493 4383 1592 4434 Isa.
1626 4397 1681 4440 ιι,
1713 4380 1764 4432 5.

490 4523 566 4662 (5)
601 4523 726 4574 εἰσί.
763 4521 909 4574 Loco
933 4520 1026 4574 cit.
1062 4521 1168 4589 leg.
1206 4518 1342 4571 ἐστί.

490 4596 543 4662 (1)
601 4591 927 4662 ςιςὼμκιλοίιυΔ
945 4590 1038 4643 cit.
1076 4604 1261 4658 praem.
1297 4605 1342 4640 τε

601 4592 740 4661 σὼμ.
775 4591 926 4661 Loco
945 4590 1038 4643 cit.
1076 4604 1261 4658 praem.
1297 4589 1385 4640 τά.

511 4596 564 4662 h)
601 4596 740 4661 σῶμ.
776 4596 919 4644 Loco
945 4596 1038 4643 cit.

489 4605 703 4736 (ηεξς.
744 4661 868 4715 Des.
915 4659 961 4736 l._
991 4675 1040 4714 c.

2025 4313 2233 4368 "Joan
2286 4329 2322 4377 I,
2375 4313 2422 4366 1.

2539 4311 2584 4341 ⁸⁸⁵
2612 4310 2748 4365 Ibid.
2787 4311 2872 4365 11.
2983 4311 3023 4341 ⁸³
3059 4311 3225 4380 Apoc.
3257 4327 3295 4375 I,
3323 4310 3374 4364 9.
3459 4312 3502 4342 δ’
3537 4311 3678 4367 Psal.

2027 4515 2069 4572 D
2096 4532 2217 4573 esse
2249 4517 2526 4570 duximus.
2563 4514 2821 4586 Eamdem
2878 4516 3111 4586 amplexi
3161 4526 3287 4570 sunt
3341 4519 3678 4576 Benedictini

2088 4593 2146 4646 in
2177 4586 2311 4640 edit.
2349 4587 2548 4640 Athan.
2588 4585 2762 4639 Paris.
2802 4594 2842 4637 t.
2874 4585 2916 4648 I,

2177 4587 2311 4640 edit.
2349 4587 2548 4640 Athan.
2588 4587 2762 4639 Paris.
2802 4594 2842 4637 t.
2874 4587 2916 4648 I,
2955 4602 3008 4654 p.
3050 4603 3107 4648 ll,
3146 4603 3199 4656 p.
3243 4587 3394 4642 I282.

2165 4657 2276 4726 (15)
2319 4657 2544 4722 Πάτμῳ.
2597 4654 2780 4709 Editio
2829 4655 3021 4726 Paris.
3047 4655 3285 4725 Operum
3321 4659 3517 4713 Athan.
3554 4660 3591 4714 1.
3625 4675 3676 4716 c.

632 4724 692 4809 τζ)
725 4748 852 4801 κυρ.
896 4731 1073 4800 σῶμα.
1111 4729 1260 4783 Loco
1295 4727 1388 4781 cit.
1428 4727 1532 4796 leg.
1571 4727 1628 4780 τὸ
1660 4724 1987 4795 ἁνθρώπινοκ

2093 4724 2282 4809 prtem.
2313 4729 2402 4809 ἰῇ,
2437 4726 2855 4809 omittit‘au'tem
2892 4725 3027 4809 illud
3065 4724 3191 4780 ante
3225 4733 3482 4809 κυριακῇ.

417 4804 511 4860 τοῦ
535 4803 804 4873 Σωτῆροςῖ

493 4873 568 4944 (8)
605 4868 750 4944 ττερί.
785 4869 926 4944 Ibid.
959 4869 1148 4944 p.__25_$I
1184 4868 1296 4944 leg.
1347 4869 1504 4944 ⁸ιςρόζ.

500 4945 574 5064 (9)
611 4945 684 4993 Τὸ
732 4958 787 4993 κ.
833 4958 883 4993 τ.
915 4945 966 4992 λ.
1012 4945 1147 4992 Vide
1184 4945 1330 4991 hunc
1365 4945 1546 4991 locum
1581 4948 1636 4990 et
1682 4945 1892 5003 reliqua
1938 4949 2004 4988 ex

423 5014 529 5069 isto
573 5012 692 5063 ibro
717 5011 900 5073 allata,
927 5011 980 5062 in
1007 5007 1194 5061 Montf.
1231 5005 1446 5060 ϐοηθεῖ.
1476 5023 1608 5060 nova
1646 5005 1748 5060 PP.
1781 5013 1910 5057 tom.
1941 5005 2004 5058 II.

496 5081 608 5150 (l0)
659 5079 718 5150 τὸ
765 5080 918 5150 ἀνθρ.
979 5077 1341 5150 Emendatum
1376 5091 1443 5129 ex
1497 5075 1688 5134 Montf.
1735 5073 2002 5130 editione.

426 5146 750 5205 Sirmondus
785 5146 988 5217 legerat
1023 5148 1111 5200 τὸν
1144 5146 1450 5217 ἄνθρωπον.

501 5219 856 5290 (11)ῌΚαὶᾼτζι
891 5236 944 5271 κ.
986 5235 1036 5270 τ.

349 5285 358 5294 ’
427 5285 796 5358 αρὺόΜοηῑῐ.
835 5287 871 5358 1.
910 5303 958 5342 c.
1013 5304 1066 5357 p.
1108 5288 1212 5358 18‘:
1252 5287 1346 5337 καὶ
1368 5285 1450 5358 τόΔ
1473 5285 1692 5358 πλύνειν
1726 5290 1784 5341 ἐν
1814 5288 2006 5358 αἵματι

430 5348 527 5443 silv
587 5357 807 5443 atol’qv‘
829 5357 905 5442 'zb~
927 5348 1086 5426 σῶμα
1135 5356 1242 5439 ,τῆς
1277 5354 1580 5442 περιϐολῆς
1599 5355 1796 5443 ,δηλοίε
1838 5348 1915 5409 Ai.‘
1942 5348 2006 5435 95

434 5425 690 5498 σώματος
723 5427 815 5478 καὶ
839 5425 1074 5498 ἀἵματος
1125 5425 1438 5498 ἀποπλύνας
1467 5426 1562 5498 τᾲς
1589 5425 1864 5498 ἁμαρτίας
1898 5425 2007 5498 τῷν

433 5495 739 5567 ἀνθρώπων
781 5496 986 5558 πάντας
1019 5496 1213 5558 αὐτοὺς
1244 5497 1300 5548 ὲν
1333 5495 1409 5566 τῷ
1445 5495 1557 5565 ἰδίῳ
1589 5495 1801 5567 σώματι
1831 5495 2012 5550 ἐνεδύ-

611 4932 688 4993 Τὸ
732 4958 787 4993 κ.
833 4958 883 4993 τ.
915 4932 976 4992 λ.’
1011 4939 1147 4992 Vide
1184 4932 1330 4991 bime
1365 4932 1546 4991 locum
1581 4948 1636 4990 et
1682 4932 1892 5003 reliqua
1938 4949 2006 4988 ex

1088 5217 1135 5268 λ.
1193 5216 1404 5284 Integer
1438 5215 1592 5269 locus
1638 5215 1711 5271 ita
1749 5236 1808 5274 se
1841 5215 2007 5271 habet

2171 4797 2281 4866 (ιι)
2313 4782 2409 4858 Ti;
2448 4813 2502 4849 κ.
2550 4791 2600 4847 τέ
2641 4793 2906 4866 λημρευε
2959 4795 3047 4850 ille
3096 4804 3275 4852 exstat
3300 4782 3365 4851 “in
3407 4782 3542 4854 el'lit.
3581 4799 3683 4855 Be-

2100 4864 2229 4923 ned.
2260 4864 2300 4919 t.
2339 4866 2382 4928 I,
2421 4881 2474 4934 p.
2515 4881 2570 4924 ll,
2603 4880 2656 4933 p.
2691 4864 2816 4918 902.

2175 4937 2286 5003 (15)
2313 4936 2413 4997 τίς.
2449 4934 2680 4999 Quidam
2713 4935 2974 5004 praamdﬂ.

2178 5006 2288 5076 (16)
2324 5007 2406 5076 τίς
2433 5004 2653 5076 6.__lhid.
2690 5004 2793 5076 leg.
2831 5005 2885 5073 η.

2174 5073 2284 5146 (17)
2321 5075 2442 5146 νόμ.
2483 5073 2849 5146 Il1._sequitur
2891 5073 3048 5146 9:595.

2179 5143 2288 5213 (l8)
2325 5144 2475 5218 ἐξηρ.
2500 5143 2616 5218 _Ed.
2653 5143 3074 5218 Bom._et_Lips.
3112 5144 3398 5216 ηρεύξατο.
3436 5147 3511 5202 Ita
3546 5165 3656 5218 quo

2103 5233 2212 5287 que
2247 5212 2389 5287 apud
2426 5213 2624 5287 A_than_.
2662 5213 2698 5265 l.
2743 5228 2792 5287 c_.
2830 5212 3047 5287 legitur.

2176 5281 2296 5357 (19)
2326 5285 2404 5344 εἰς
2438 5281 2554 5357 de}.
2580 5283 2647 5357 _in
2675 5281 3081 5357 antiquiOribus
3113 5284 3246 5357 edit.
3285 5286 3485 5357 Athan.

2169 5351 2292 5441 ⁹(ΞΟ)
2345 5352 2537 5422 μετα6.
2575 5351 2836 5420 Sequitur
2878 5352 2914 5405 Ι.
2952 5368 3000 5406 c.
3040 5355 3134 5406 καὶ
3167 5355 3372 5426 ἠλλάγη
3423 5363 3520 5428 τῆς
3552 5359 3686 5422 ἰδίας

2113 5443 2347 5496 ‹,ι›υσεωςζ

2206 5497 2266 5550 21
2328 5495 2456 5548 Loc.
2495 5491 2586 5546 cit.
2621 5498 2706 5543 est
2739 5490 3098 5559 Χριστιανῶν.

2207 5495 2296 5628 22)
2333 5565 2484 5625 Θεός.
2520 5561 2599 5614 Ib.
2629 5559 2885 5628 Κύριοςζ

438 5585 621 5762 miri)
639 5637 714 5690 Τὸ
728 5634 835 5705 γὰρ
857 5633 1186 5689 κ.τ.λ.11ίιθε
1211 5638 1319 5725 1.-ο.
1345 5634 1536 5688 iisdem
1559 5635 1742 5690 verbis
1757 5637 1980 5718 leguntu

438 5723 496 5762 ι».
573 5723 589 5762 :
627 5705 723 5761 sed
758 5720 858 5762 Dro
897 5703 1152 5762 βετράνος
1201 5713 1254 5758 ω
1293 5705 1347 5758 h.
1387 5705 1423 5758 Ι.
1463 5704 1700 5758 habebat
1733 5706 1895 5760 Sirm.
1930 5722 1987 5761 es

2187 5561 2296 5634 (2‘2)
2333 5565 2484 5625 Θεός.
2520 5561 2599 5614 Ib.
2629 5561 2850 5628 Κύριος.

2189 5633 2298 5715 (25)
2342 5633 2436 5694 Τίς
2479 5631 2534 5682 δὲ
2569 5647 2621 5682 κ.
2661 5646 2711 5681 τ.
2747 5628 2795 5680 λ.
2845 5627 2967 5683 Ητεο
3014 5639 3136 5700 post
3172 5647 3340 5701 pauca
3400 5635 3686 5705 iutcrjecta

2114 5705 2394 5762 excipiunt
2435 5703 2610 5754 locum
2641 5697 3058 5762 prmcedentem.

484 5697 858 5776 .sted'pro
897 5703 1152 5776 perfidi/oc
1201 5713 1257 5758 ut
1293 5705 1347 5758 h.
1387 5705 1423 5758 Ι.
1463 5704 1700 5776 habebat
1733 5697 2016 5776 sumes:
2114 5697 2394 5776 excipiunt
2435 5703 2610 5754 locum
2641 5697 3058 5769 prmcedentem.

436 5723 496 5779 Ρ.
521 5723 589 5772 ος
627 5723 723 5761 seu
758 5723 858 5776 pro
897 5723 1152 5773 Ρετρανος
1201 5723 1257 5758 ιιι·
1294 5723 1347 5758 ll.
1387 5723 1423 5758 Ι.
1463 5723 1700 5758 nauenat
1733 5723 1895 5760 mrm.
1930 5723 2014 5761 εει

449 5776 754 5849 βετεράνος,
791 5789 952 5848 quam
987 5773 1276 5829 lectionem
1324 5789 1424 5828 nos
1461 5773 1622 5827 etiam
1681 5775 2014 5844 sequendam
