4006 6202
387 267 456 332 93
1376 277 1472 335 ’Ῑίἰ
1487 280 1860 338 Εϋζὶὶἲὶὶὶἰΐῐ
1906 280 1964 338 Ε]

2070 280 2243 338 ,ΕΟΡΙ
2277 279 2643 339 CYRENSIS
3580 283 3650 346 96

389 397 608 437 carnem
649 386 715 434 dc
756 383 893 435 coelo
923 383 1295 451 descendisse,
1329 391 1341 407 ⁶
1381 399 1435 444 ct
1485 408 1591 445 non
1634 394 1770 466 hinc

387 473 546 526 nobis
586 487 725 535 esse,
766 475 1055 531 anathema
1097 479 1185 532 sit.
1218 480 1351 533 Illud
1393 482 1540 535 enim
1581 500 1590 534 :
1629 502 1645 532 ι
1683 481 1970 536 Secundus

389 562 550 613 homo
581 562 646 616 de
686 564 826 619 corio
854 566 920 632 "',
968 587 986 618 ι
1024 577 1079 622 et
1122 588 1133 622 :
1169 572 1400 637 «Qualis
1434 575 1696 638 ecelestis,
1743 577 1877 631 tales
1915 590 1970 632 et

385 653 634 705 cades-tes
673 653 736 718 δ’,
778 675 795 706 ι
842 666 897 711 et
935 677 946 711 :
996 679 1013 709 ι
1043 660 1210 716 Nemo
1242 665 1489 718 ascendit
1527 667 1578 719 in
1600 667 1821 732 uelum,
1865 667 1967 723 nisi

383 743 475 800 qui
519 743 586 795 de
619 747 758 800 cmlo
799 749 1086 808 descendit
1121 753 1290 808 Filius
1326 755 1562 809 hominis
1601 758 1664 821 ³ο,
1705 777 1720 808 ι
1759 766 1813 812 et
1849 775 1969 828 qua:

383 841 511 883 sunt
553 834 654 887 alia
707 839 1001 907 ejusmodi,
1036 854 1259 913 propter
1293 846 1550 899 unionem
1592 864 1715 902 cum
1747 849 1968 904 homine

383 921 489 973 dici
523 924 945 983 existimandum
982 943 1084 996 est,
1115 935 1259 988 sicut
1293 945 1347 988 et
1387 936 1520 990 illud
1556 955 1567 990 :
1619 958 1634 986 ‹
1677 955 1776 1007 per
1804 938 1967 992 Chri-

386 1020 498 1064 tum
521 1013 658 1068 facta
685 1034 804 1072 esse
831 1023 1010 1076 omnia
1056 1025 1120 1087 ³³,
1155 1046 1170 1076 ι
1215 1037 1309 1080 et:
1347 1048 1362 1077 ι
1395 1027 1645 1082 habitare
1686 1029 1964 1084 Christum

387 1100 439 1154 in
463 1104 723 1161 cordibus
749 1113 951 1167 nostris
983 1115 1044 1179 τ’,
1088 1137 1102 1164 ι
1138 1133 1246 1170 non
1266 1119 1566 1172 secundum
1599 1137 1716 1173 eam
1751 1122 1840 1174 Dei
1874 1139 1967 1175 na-

387 1199 563 1246 turam
605 1195 1017 1270 intelligendum
1050 1215 1151 1269 est,
1182 1224 1302 1276 quae
1343 1209 1396 1262 in
1443 1212 1630 1264 oculos
1663 1212 1826 1274 cadit,
1871 1212 1964 1266 sed

385 1287 686 1342 secundqu
727 1307 843 1345 eam
905 1312 1026 1364 qua:
1090 1299 1369 1353 intellectu
1429 1302 1753 1370 percipitur,
1819 1320 1968 1357 com-

385 1376 560 1431 mistis
587 1388 646 1432 ut
669 1385 948 1441 vocabulis
975 1389 1052 1443 sic
1084 1391 1248 1443 etiam
1275 1394 1502 1445 naturis.
1523 1395 1880 1464 -——Ejusdcm,
1904 1413 1967 1448 ea:

385 1468 560 1521 eodem
597 1470 748 1526 libro.
801 1475 916 1541 Qua
943 1495 1070 1532 vero
1103 1482 1168 1535 de
1191 1500 1367 1546 causa
1396 1486 1634 1539 Verbum
1688 1488 1962 1540 hominem

385 1560 587 1614 factum
626 1580 721 1617 seu
754 1567 1097 1626 incarnatum
1137 1593 1256 1629 esse
1299 1577 1398 1645 ipsi
1429 1579 1632 1642 ιΙὶξιξιιιῑ,
1661 1579 1961 1634 videamus.

385 1649 440 1703 Si
497 1655 665 1719 enim,
725 1670 784 1712 ut
822 1666 1382 1732 comprehenderetur
1429 1672 1591 1735 Deus,
1635 1673 1724 1740 qui
1759 1673 1962 1743 alioqui

383 1747 775 1813 comprehendi
819 1756 1118 1822 nequit,'ct
1163 1760 1264 1813 sub
1314 1762 1582 1816 velamine
1619 1765 1799 1818 carnis
1839 1782 1962 1819 cum

384 1836 700 1895 hominibus
745 1855 1077 1908 versaretur,
1133 1851 1351 1920 elegans
1391 1854 1457 1906 ab
1485 1855 1565 1908 eis
1605 1865 1855 1924 suscepta
1879 1867 1963 1912 est

385 1945 639 1999 persona.
675 1942 730 1988 et
764 1936 963 1992 fabulae
1000 1949 1154 1994 actus
1193 1960 1204 1994 :
1240 1953 1297 1996 ut
1325 1961 1432 1997 non
1465 1945 1664 2009 dicam,
1688 1947 1832 2015 quod
1860 1949 1962 2001 ali-

386 2029 470 2076 ter
506 2024 793 2080 nobiseum
832 2031 1068 2099 colloqui
1108 2041 1341 2101 poterat,
1380 2036 1598 2090 sicutin
1639 2039 1958 2109 ruhoignis,

381 2124 436 2168 et
474 2115 709 2172 humana
744 2123 925 2188 specie
947 2124 1118 2191 prius.
1147 2124 1464 2190 Sinautem,
1497 2141 1554 2182 ut
1580 2131 1785 2198 peccati
1811 2131 1962 2185 dam—

381 2208 655 2262 nationem
692 2211 864 2276 tollat,
907 2214 1084 2268 simile
1138 2216 1301 2270 simili
1346 2219 1600 2286 rapiens:
1630 2221 1771 2274 sicut
1797 2237 1961 2278 carne

381 2312 520 2366 opus
545 2299 784 2356 habebat
823 2312 1048 2373 propter
1087 2321 1308 2360 carnem
1363 2308 1470 2378 63
1517 2310 1958 2375 condemnatam,

379 2395 437 2442 et
487 2390 666 2445 anima
709 2405 933 2463 propter
993 2397 1254 2463 animam,
1311 2401 1389 2453 sic
1427 2410 1481 2453 et
1522 2413 1702 2456 tuente
1737 2413 1962 2472 propter

381 2490 641 2545 mentem,
689 2485 836 2552 quod
864 2502 972 2540 non
1012 2490 1187 2542 solum
1210 2490 1356 2560 lapsa
1390 2502 1472 2545 est
1513 2492 1564 2546 in
1605 2494 1834 2558 Adamo,
1863 2497 1958 2550 sed

380 2579 436 2624 et
475 2573 628 2641 prior
666 2577 804 2631 male
829 2578 1022 2632 affecta
1053 2591 1159 2644 est,
1192 2591 1250 2634 ut
1282 2584 1477 2636 medici
1523 2584 1590 2638 de
1628 2586 1835 2640 morbis
1873 2587 1959 2640 di-

381 2679 505 2718 cere
539 2667 733 2722 solent.
788 2670 942 2734 Quod
976 2673 1123 2724 enim
1163 2674 1477 2727 mandatum
1531 2677 1763 2746 accepit,
1818 2678 1959 2731 idem

383 2757 696 2810 mandatum
717 2776 823 2814 non
853 2765 1090 2818 servavit
1117 2783 1128 2818 :
1167 2767 1312 2834 quod
1341 2784 1472 2821 vero
1494 2769 1806 2822 mandatum
1850 2787 1958 2823 non

382 2851 641 2914 servavit,
693 2853 746 2906 id
786 2856 950 2908 etiam
994 2862 1480 2928 transgressionem
1522 2862 1742 2917 admisit
1773 2881 1785 2916 :
1815 2865 1961 2934 quod

383 2950 564 2994 autem
607 2951 1004 3013 transgressum
1031 2957 1133 3012 est,
1166 2951 1217 3002 id
1249 2952 1420 3005 salute
1451 2953 1718 3022 imprimis
1749 2954 1961 3024 indige-

385 3037 476 3088 bat
513 3052 524 3086 :
567 3037 711 3104 quod
753 3047 932 3092 autem
987 3040 1283 3110 indigebat,
1331 3043 1382 3097 id
1419 3044 1583 3098 etiam
1619 3057 1960 3114 assumptum
1992 3070 2032 3123 ρ

382 3133 485 3178 est.
521 3125 858 3197 Mensigitur
891 3142 1168 3202 assumpta
1208 3135 1626 3199 est.llocnune,
1659 3138 1828 3191 velint
1867 3154 1965 3192 no-

384 3215 506 3279 lint,
543 3217 980 3274 demonstratum
1022 3232 1106 3276 est
1140 3226 1509 3293 geometricis.
1551 3237 1610 3280 ut
1648 3227 1822 3290 aiunt,
1869 3245 1966 3282 ne-

383 3306 730 3360 cessitatibtts
756 3317 812 3363 et
851 3311 1434 3367 demonstrationibus.
1467 3315 1545 3368 Tu
1574 3331 1705 3368 vero
1735 3316 1963 3384 perinde

385 3396 535 3459 facis,
578 3414 640 3452 ac
678 3401 721 3453 si
764 3401 1002 3457 hominis
1030 3405 1190 3458 oculo
1220 3405 1522 3468 laborante,
1548 3422 1610 3460 ac
1638 3406 1775 3476 pede
1811 3409 1960 3473 lzeso,

384 3488 576 3554 pedem
603 3491 825 3558 quidem
857 3510 1102 3558 curares,
1127 3497 1288 3550 oculo
1307 3506 1489 3550 autem
1507 3499 1831 3552 medicinam
1854 3515 1962 3553 non

382 3579 810 3636 alhihcreszaut
831 3600 955 3639 cum
987 3587 1165 3654 pictor
1187 3604 1292 3640 non
1320 3589 1458 3643 bene
1477 3589 1762 3657 pinxisset,
1784 3591 1964 3658 pictu-

386 3689 498 3725 ram
532 3675 754 3743 quidem
782 3679 1126 3743 emendares,
1167 3679 1432 3749 pictorem
1463 3696 1594 3734 vero
1621 3690 1879 3751 tanquam
1904 3697 1964 3736 re

385 3763 521 3818 bene
541 3774 690 3835 gesta
721 3771 1050 3837 praeterires.
1081 3771 1236 3837 Quod
1262 3772 1306 3825 si
1334 3772 1420 3826 his
1450 3772 1759 3827 rationibus
1779 3773 1966 3828 detur-

385 3856 585 3911 batico
620 3862 962 3931 confugiunt,
1010 3871 1071 3916 ut
1119 3864 1303 3917 dicant
1354 3864 1526 3917 Deum
1573 3865 1817 3934 potuisse
1844 3867 1964 3922 sine

383 3960 565 4006 incute
617 3953 894 4009 hominem
930 3972 1169 4023 servare,
1205 3957 1384 4026 potuit
1413 3959 1602 4027 utique
1631 3959 1796 4014 etiam
1845 3960 1964 4013 sine

381 4058 567 4104 carne,
598 4045 712 4098 sola
739 4047 1038 4113 voluntate,
1069 4049 1211 4104 sicut
1233 4060 1288 4104 et
1309 4051 1413 4106 alia
1436 4051 1620 4104 omnia
1642 4050 1770 4105 facit
1806 4060 1861 4105 et
1882 4051 1964 4106 fe-

381 4134 456 4186 cit
485 4135 602 4189 sine
635 4139 883 4207 corporis
909 4156 1093 4209 opera.
1119 4141 1270 4196 Tolle
1298 4142 1463 4212 igitur
1495 4158 1600 4195 una
1631 4157 1756 4196 cum
1782 4151 1963 4197 mente

380 4240 599 4280 carnem
628 4244 866 4300 quoque,
909 4239 968 4285 ut
1001 4232 1148 4286 omni
1190 4247 1257 4288 ex
1302 4242 1456 4303 parte
1485 4232 1724 4303 perfecta
1765 4233 1836 4288 sit
1871 4244 1962 4289 tua

379 4320 637 4376 amentia.
1081 4337 1085 4341 '

787 4613 970 4670 Sancti
1003 4615 1241 4687 Gregorii
1287 4615 1531 4688 Nyssem'.

450 4723 533 4778 Ex
563 4741 807 4780 sermone
841 4727 904 4780 de
937 4727 1260 4782 Abrahamo.
1299 4729 1592 4784 Descendit
1613 4727 1783 4801 'crgo
1845 4745 1959 4785 non

453 4881 497 4913 "'
524 4882 690 4939 lCor.
719 4902 804 4948 xv,
835 4885 920 4939 47.
997 4887 1040 4917 δ’
1075 4885 1211 4940 Ibid.
1237 4886 1323 4940 48.

450 5017 562 5087 (Η)
597 5017 741 5087 Edit.
780 5019 952 5071 Paris.
983 5027 1020 5071 t.
1048 5018 1090 5079 1,
1128 5033 1180 5087 p.
1220 5017 1340 5079 740,
1379 5018 1546 5072 habet
1576 5017 1742 5086 λέγοι.

452 5086 563 5157 (15)
601 5086 755 5157 ἄνθρ.
794 5088 937 5142 Edit.
975 5086 1147 5143 Paris.
1187 5088 1456 5157 οὐράνιον.

455 5157 563 5226 (46)
599 5158 679 5211 τό.
723 5157 995 5212 Omissum
1035 5158 1089 5211 in
1126 5159 1257 5212 edit.
1297 5158 1489 5226 priori.

456 5228 565 5284 (Π)
613 5229 726 5282 τοῦ.
766 5228 892 5282 Des.
926 5229 982 5282 in
1015 5229 1148 5282 edit.
1179 5229 1353 5283 Paris.

456 5299 739 5371 (18)-κιρν.
753 5300 1069 5371 -μφύσεωπμ
1091 5299 1243 5371 Loco
1259 5299 1360 5371 cit.
1391 5299 1734 5371 κιρναμένων
1768 5303 1841 5357 ὥσ
1853 5318 1914 5353 πε
1927 5317 1956 5369 ρ

381 5367 488 5421 τῶς)
520 5367 753 5434 φύσεων,
783 5367 926 5442 οὕτω
956 5369 1144 5442 δὴ-καὶ
1178 5369 1285 5422 τῶν
1305 5367 1676 5442 ᾃκλήσεωνκα).
1713 5391 1776 5426 πε
1790 5367 1954 5442 ριχωέ

385 5437 695 5510 ρουσῷνίείς
727 5437 959 5510 ἀλλήλας
988 5437 1064 5504 τῷ
1089 5439 1248 5510 λόγῳ
1269 5439 1366 5508 τῆς
1407 5437 1705 5510 συμφυΐας.

479 5508 566 5581 t9)
590 5509 618 5581 ο
642 5509 816 5577 λόγος.
858 5508 1002 5581 Loco
1028 5509 1120 5561 cit.
1157 5508 1210 5581 t._'
1233 5509 1275 5570 Ι,
1310 5525 1364 5578 p.
1389 5508 1510 5574 742,
1538 5508 1725 5581 ριἰιξιιι.
1766 5516 1874 5568 καί.

479 5510 544 5562 l9
590 5510 618 5560 6
642 5510 816 5577 λόγος.
858 5510 1002 5561 Loco
1028 5510 1120 5561 cit.
1157 5519 1195 5564 t.
1233 5510 1275 5570 l,
1310 5525 1364 5578 p.
1389 5511 1510 5574 742,
1539 5528 1725 5581 ριίιξιιι.
1766 5516 1874 5568 καί.

456 5510 566 5648 iaci
594 5580 772 5654 imiter
793 5607 859 5616 —
889 5576 1159 5654 λέγουσιν.
1186 5578 1330 5654 Loco
1364 5581 1457 5634 cit.
1513 5583 1710 5652 legitur
1734 5583 1952 5654 ἴδωμεν,

386 5646 563 5701 ιῐτουν
597 5646 949 5719 σαρκώσεως,
976 5647 1052 5719 ὡς
1081 5647 1234 5719 αὐτο).
1259 5648 1530 5719 λέγουσιν.

459 5719 570 5792 (51)
603 5717 735 5795 ἁρπ.
778 5719 924 5776 Loco
957 5718 1047 5773 cit.
1091 5724 1173 5772 est
1209 5717 1462 5784 ἁγιάσας.

1401 4888 1446 4918 ⁵⁸
1479 4888 1635 4942 Joan.
1675 4901 1751 4951 ιιι,
1785 4887 1870 4940 15.

1946 4887 1988 4918 ⁵⁸
2014 4887 2170 4942 Joan.
2205 4901 2241 4948 ι,
2265 4884 2335 4949 '5;
2373 4883 2536 4938 Hebr.
2571 4900 2606 4948 ι,
2637 4883 2690 4936 2.

1381 399 1435 444 et
1485 408 1591 445 non
1634 394 1770 466 hinc.
1805 402 1858 447 et
1903 408 1964 447 ex

2079 392 2147 444 Εἴ
2172 411 2253 457 τις
2269 393 2417 464 λέγει
2434 394 2542 464 (Μ)
2572 394 2668 466 τὴν
2688 395 2866 465 σάρκα
2893 391 3190 465 ὲξοῦρσνοῦ
3207 389 3359 444 κατε)
3373 391 3647 460 η).ι.θέναι,

2073 483 2206 536 ἀλλὰ
2255 485 2327 554 μὴ
2373 485 2623 538 ἐντεῦθεν
2664 484 2801 538 εἶναι
2853 487 2946 538 κα).
2989 485 3117 553 παρ’
3173 483 3348 553 ἡμῶν,
3403 485 3650 554 ἀνάθεμα

2071 573 2231 628 ἔστω.
2265 575 2337 627 T6
2357 576 2486 647 γάρ,
2525 595 2541 627 ι
2585 577 2640 629 '0
2665 576 2914 648 δεύτερος
2940 577 3223 646 ἄνθρωπος
3255 575 3310 640 ἐξ
3337 575 3582 644 οὐρανοῦ,
3625 596 3641 626 ι

2073 666 2166 718 καὶ
2193 706 2206 730 ,
2244 685 2259 718 ι
2297 660 2422 730 Οίος
2463 667 2492 718 6
2531 667 2856 738 ἐπουράνιος
2880 707 2892 730 ,
2921 666 3149 719 τοιοῦτοι
3194 666 3286 718 καὶ
3323 667 3370 718 οἱ
3411 668 3646 738 ἐπουράο

2071 773 2215 819 νιοι,
2273 775 2291 808 ι
2336 757 2463 822 καὶ,
2521 776 2538 807 ‹
2596 757 2785 820 Οὐδεὶς
2827 757 3164 827 ἀναϐέϐηκεν
3213 759 3291 818 εἰς
3343 757 3431 808 τὸν
3489 758 3646 828 οὐρα·

2071 847 2179 909 νον,
2226 849 2272 900 εί
2310 847 2383 917 μὴ
2414 849 2442 900 6
2484 850 2546 900 ὲκ
2588 847 2684 900 τοῦ
2730 846 2962 916 οὐρανοῦ
3015 847 3258 909 καταϐὰς
3307 849 3333 899 6
3381 848 3504 909 Υἱὸς
3547 847 3642 900 τοῦ

2069 937 2379 1008 ἀνθρώπου,
2424 959 2440 990 ι
2474 940 2566 991 καὶ
2597 938 2650 991 εἴ
2671 957 2720 990 τι
2753 938 2879 990 ἄλλο
2922 938 3149 1000 τοιοῦτο,
3184 938 3466 1008 νομιστέον
3488 939 3644 1006 λέγει·

2071 1029 2191 1082 σθαι
2217 1029 2306 1082 διὰ
2332 1031 2431 1099 τὴν
2463 1031 2597 1100 πρὸς
2624 1030 2712 1083 τὸν
2745 1030 3032 1098 ἄνθρωπον
3060 1029 3170 1100 (45)
3205 1029 3420 1092 ἕνωσιν,
3452 1028 3643 1100 ὥσπερ

2073 1125 2162 1176 καὶ
2183 1124 2243 1176 τὸ
2261 1122 2373 1190 (46)
2402 1121 2489 1175 διὰ
2510 1121 2600 1175 τοῦ
2638 1122 2749 1192 (47)
2780 1121 3016 1190 Χριστοῦ
3042 1121 3319 1189 γεγονέναι
3347 1119 3416 1172 τὰ
3446 1119 3640 1181 πάντα.

2069 1209 2162 1261 καὶ
2204 1210 2477 1262 κατοικεῖν
2535 1209 2766 1279 Χριστὸν
2815 1211 2871 1261 ἐν
2915 1211 3034 1271 ταῖς
3080 1209 3332 1279 καρδίαις
3367 1208 3546 1279 ἡμῶν,
3582 1211 3642 1262 οὐ

2070 1301 2210 1354 κατὰ
2241 1301 2301 1353 τὸ
2330 1301 2654 1370 φαινόμενον
2687 1301 2781 1353 τοῦ
2811 1301 2967 1364 Θεοῦ,
2993 1301 3129 1354 ἀλλὰ
3155 1301 3294 1354 κατὰ
3322 1301 3382 1354 τὸ
3420 1301 3647 1372 νοούμε-

2068 1407 2189 1452 νον,
2243 1391 2584 1462 κιρναμένων
2627 1391 2740 1461 (48)
2789 1392 2978 1462 ὥσπερ
3024 1391 3131 1444 τῶν
3175 1392 3444 1462 κλήσεων,
3494 1392 3640 1446 οὕτω

2066 1482 2128 1552 δὴ
2160 1481 2253 1534 καὶ
2299 1482 2408 1534 τῶν
2441 1483 2673 1550 φύσεων.
2707 1513 2775 1521 ——
2816 1483 2924 1536 Τοῦ
2954 1483 3140 1536 αὐτοῦ
3193 1483 3261 1535 ἐκ
3310 1482 3414 1535 τοῦ
3457 1483 3646 1536 αὑτοῦ

2066 1576 2293 1642 λόγου.
2325 1575 2420 1636 Τίς
2453 1574 2506 1626 δὲ
2535 1577 2563 1627 6
2593 1574 2750 1642 λόγος
2793 1575 2904 1645 (49)
2937 1575 3119 1636 αὐτοῖς
3147 1574 3246 1644 τῆς
3283 1574 3641 1645 ὲνανθρωπή..

2070 1683 2227 1729 σεως,
2271 1667 2437 1736 ἣγουν
2472 1667 2583 1737 (30)
2623 1667 2973 1738 σαρκώσεως,
3017 1668 3217 1737 ἴδοιμεν
3246 1667 3320 1730 ὠς
3360 1669 3511 1721 αὐτοὶ
3557 1667 3645 1720 λέ-

2068 1773 2274 1824 γουσιν.
2313 1759 2372 1809 Ei
2409 1759 2507 1826 μὲν
2543 1759 2632 1811 ἵνα
2679 1761 2904 1831 χωρηθῇ
2933 1761 2960 1811 6
2984 1758 3117 1822 Θεὸς
3157 1758 3330 1821 ἄλλως
3361 1758 3644 1828 ἀχώρητος

2065 1848 2160 1914 ὢν,
2184 1851 2275 1902 καὶ
2301 1851 2374 1912 ὡς
2400 1850 2504 1902 ὑπὸ
2524 1851 2986 1921 παραπετάσματι
3010 1853 3074 1921 τῇ
3109 1853 3270 1922 σαρκὶ
3293 1853 3402 1913 τοῖς
3437 1848 3644 1920 ἰιινθρώο⁴

2067 1959 2187 2006 ποις
2227 1941 2610 2013 πρσομιλήσῃ.
2663 1943 2874 2012 κομψὸν
2912 1943 2972 1995 τὸ
3027 1945 3367 2013 προσωπεῖον
3423 1942 3641 2004 αὐτοῖς.

2067 2035 2158 2086 καὶ
2188 2035 2248 2086 τὸ
2274 2035 2456 2105 δρᾶμα
2486 2035 2582 2103 τῆς
2613 2035 2987 2106 ὑποκρίσεως’
3023 2035 3110 2088 ἵνα
3161 2036 3233 2104 μὴ
3268 2035 3409 2102 λέγω
3438 2036 3517 2088 ὅτι
3549 2038 3642 2088 καὶ

2065 2129 2236 2192 ἄλλως
2283 2129 2540 2197 ὁμιλῆσαι
2595 2131 2726 2198 ἡμῖν
2770 2125 2880 2182 οἷόν
2915 2146 2972 2181 τε
3019 2125 3108 2200 ἦν,
3156 2128 3343 2199 ὥσπερ
3400 2129 3456 2180 ὲν
3493 2128 3641 2199 βάτῳ

2067 2217 2236 2286 πυρὸς
2265 2258 2278 2279 ,
2309 2217 2403 2268 κα)⁵
2433 2217 2768 2288 ἀνθρωπίνῳ
2802 2217 2930 2270 εἴδει
2969 2219 3030 2270 τὸ
3058 2218 3339 2289 πρότερον.
3381 2219 3440 2272 Εἰ
3471 2219 3525 2270 δὲ
3554 2218 3640 2271 ἵνα

2063 2304 2123 2355 λύ
2135 2323 2196 2374 σῃ
2231 2305 2286 2357 t6
2315 2306 2632 2376 κατάκριμα
2658 2307 2754 2374 τῆς
2777 2307 3069 2377 ἁμαρτίας,
3097 2307 3174 2376 τῷ
3194 2307 3363 2377 ὁμοίῳ
3381 2308 3438 2360 τδ
3458 2309 3642 2377 ὅμοιον

2065 2393 2316 2464 ἁρπάσας
2346 2396 2479 2464 (5|),
2519 2395 2710 2465 ὥσπερ
2752 2396 2956 2466 σαρκὸς
2986 2397 3174 2466 ἐδέησε
3205 2397 3292 2450 διὰ
3331 2397 3430 2466 τὴν
3461 2398 3641 2466 σάρκα

2063 2486 2505 2550 κατακριθεῖσαν,
2533 2488 2626 2540 καὶ
2654 2487 2832 2556 ψυχῆς
2874 2487 2962 2539 διὰ
3009 2489 3106 2558 τὴν
3138 2487 3337 2559 ψυχὴν,
3371 2489 3513 2542 οὕτω
3541 2491 3637 2542 καὶ

2063 2575 2154 2628 νοῦ
2183 2576 2268 2629 διὰ
2290 2576 2379 2628 τὸν
2407 2577 2552 2643 νοῦν,
2592 2579 2652 2630 οὐ
2703 2579 3006 2633 πταίσαντα
3048 2579 3207 2647 μόνον
3237 2581 3294 2632 ὲν
3324 2579 3401 2649 τῷ
3447 2580 3637 2650 Ἄδαμ,

2064 2668 2198 2721 ἀλλὰ
2248 2669 2338 2721 καὶ
2405 2671 2937 2739 πρωτοπαθήσαντα,
3005 2670 3194 2741 ὥσπερ
3253 2671 3365 2737 (52)
3435 2672 3530 2724 καὶ
3591 2674 3639 2724 ot

2068 2761 2243 2829 ἰατροὶ
2271 2759 2518 2826 λέγουσιν
2545 2762 2636 2814 ἐπὶ
2665 2763 2772 2814 τῶν
2805 2762 3280 2833 ἀρρωστημάτων.
3321 2765 3385 2813 Ὅ
3414 2762 3522 2834 γὰρ
3542 2763 3640 2834 τὴν

2065 2851 2283 2920 ἐντολὴν
2318 2851 2534 2916 ἐδέξατο
2563 2893 2576 2915 ,
2607 2852 2764 2905 τοῦτο
2797 2854 2892 2908 καὶ
2922 2854 3020 2923 τὴν
3049 2854 3268 2922 ἐντολὴν
3297 2842 3396 2905 οὐκ
3440 2852 3640 2922 ἐφύλα-

2067 2941 2174 3007 ξεν.
2225 2946 2289 2995 Ὃ
2323 2945 2380 2997 δὲ
2416 2944 2514 3015 τὴν
2545 2945 2763 3015 ἐντολὴν
2800 2945 2912 3017 (55)
2940 2947 3040 2999 οὑκ
3077 2945 3330 3014 ἐφύλαξε,
3363 2946 3524 2999 τοῦτο
3549 2948 3642 3000 καὶ

2065 3036 2162 3105 τὴν
2203 3036 2510 3106 παράϐασιν
2544 3037 2861 3108 ἐτόλμησεν.
2911 3039 2974 3090 "O
3003 3038 3057 3089 δὲ
3091 3038 3329 3107 παρέϐη,
3357 3037 3518 3090 τοῦτο
3545 3041 3639 3090 καὶ

2069 3127 2342 3195 σωτηρίας
2370 3126 2537 3179 ἐδεῖτο
2575 3127 2807 3197 μάλιστα
2857 3126 2991 3198 (οι).
3032 3129 3094 3177 Ὃ
3141 3127 3196 3179 δὲ
3228 3127 3326 3195 τῆς
3367 3129 3641 3198 σωτηρίας

2066 3217 2256 3280 ἐδεῖτο,
2301 3218 2460 3270 τοῦτο
2500 3219 2594 3271 καὶ
2641 3217 3014 3289 προσελήφθη.
3060 3219 3118 3270 Ὀ
3161 3219 3284 3280 νοῦς
3321 3219 3428 3288 ἄρα
3477 3236 3644 3289 προσ·

2066 3308 2318 3378 είληπται
2351 3309 2484 3378 (55).
2509 3309 2681 3361 Τοῦτο
2705 3309 2799 3360 νῦν
2831 3309 3228 3371 ἀποδέδεικται,
3259 3309 3362 3362 κᾶν
3401 3310 3474 3379 μὴ
3513 3310 3605 3378 βου]
3625 3341 3638 3350 -

2067 3399 2283 3462 λωνται,
2320 3403 2741 3471 γεωμετρικαῖς,
2775 3399 2850 3461 ὣς
2880 3400 3206 3468 conv-H56),
3237 3402 3506 3468 ἀνάγκαις
3551 3406 3643 3455 καὶ

2069 3491 2392 3556 ἀποδείξεσι.
2425 3493 2496 3543 Σὺ
2523 3492 2577 3544 δὲ
2616 3496 2789 3556 ποιεῖς
2822 3494 3224 3563 παραπλήσιον,
3281 3493 3469 3564 ὥσπερ
3496 3495 3560 3548 ἂν
3595 3498 3641 3547 ει

2067 3580 2348 3650 ὀφθαλμοῦ
2369 3582 2658 3652 ἀνθρώπου
2676 3585 3002 3653 νοσήσαντος
3029 3586 3161 3654 (57),
3188 3588 3280 3639 καὶ
3304 3587 3457 3650 ποδὸς
3480 3605 3644 3658 προσ-

2067 3673 2424 3738 πταίσαντος,
2451 3674 2540 3726 τὸν
2561 3674 2698 3726 πόδα
2724 3677 2820 3745 μὲν
2844 3675 3176 3746 ἐθεράπευες
3198 3719 3210 3738 ,
3244 3679 3334 3730 τὸν
3361 3679 3414 3731 δὲ
3442 3679 3640 3748 ὀφθαλ-

2070 3764 2168 3834 μδν
2191 3763 2559 3834 ἀθεράπευτον
2586 3765 2724 3829 εἴας·
2748 3766 2779 3836 ἢ
2811 3764 3102 3838 ζωγράφου
3124 3786 3174 3820 τι
3199 3768 3272 3838 μὴ
3303 3769 3484 3832 καλῶς
3511 3771 3646 3839 γρά-

2066 3855 2295 3923 ψαντος,
2332 3855 2393 3908 τὸ
2420 3855 2516 3926 μὲν
2550 3857 2763 3928 γραφὲν
2797 3859 3123 3928 μετεποίεις,
3149 3859 3239 3911 τὸν
3267 3859 3322 3911 δὲ
3355 3860 3644 3931 ζωγράξον

2066 3944 2141 4008 ὼς
2154 3945 2519 4016 κατορθοῦντα
2538 3948 2889 4020 παρέτρεχες.
2906 3950 2968 4001 Et
2987 3949 3042 4002 δὲ
3061 3949 3166 4002 ὑπὸ
3185 3950 3386 4003 τούτων
3406 3952 3644 4020 ἐξειργό-

2071 4053 2223 4105 μενοι.
2255 4036 2364 4090 τῶν
2396 4037 2695 4108 λογισμῶν,
2726 4039 3168 4108 καταφεύγουσιν
3197 4043 3288 4093 ἐπὶ
3317 4042 3378 4093 τὸ
3421 4041 3643 4095 δυνατὸν

2067 4123 2207 4181 εἶναι
2247 4128 2399 4198 Θεῷ,
2432 4129 2526 4181 καὶ
2556 4129 2729 4200 χωρὶς
2760 4129 2852 4182 νοῦ
2888 4129 3059 4183 σῶσαι
3092 4131 3182 4184 τὸν
3214 4132 3520 4203 ἄνθρωπον,
3556 4134 3645 4185 δυ-

2067 4221 2225 4274 νατὸν
2275 4221 2450 4289 δήπου
2492 4221 2585 4274 καὶ
2619 4223 2786 4291 χωρὶς
2823 4223 3022 4294 σαρκὸς
3049 4224 3196 4294 μόνῳ
3223 4225 3298 4294 τῷ
3335 4224 3640 4294 βούλεσθαι,

2066 4311 2253 4382 ὥσπερ
2297 4315 2390 4365 καὶ
2420 4313 2488 4366 τὰ
2531 4312 2668 4366 ἄλλα
2716 4313 2895 4367 πάντα
2944 4315 3158 4385 ἐνεργεῖ
3202 4317 3296 4370 καὶ
3341 4318 3645 4388 ἐνήργηκεν

1999 4405 2041 4459 D
2071 4404 2378 4472 ἀσωμάτοις
2417 4403 2553 4470 (58).
2589 4403 2782 4456 ’Λνελε
2815 4399 2908 4457 οῦν
2959 4405 3098 4474 μετὰ
3137 4404 3230 4458 τοῦ
3276 4407 3366 4459 νοῦ
3413 4407 3507 4459 καὶ
3546 4407 3644 4477 τὴν

2073 4496 2270 4572 σάρκα,
2299 4495 2364 4548 ἵν’
2468 4512 2547 4549 σοι
2579 4495 2783 4550 τέλειον
2817 4497 2877 4548 τὸ
2906 4496 3005 4567 τῆς
3027 4498 3310 4563 ἀπονοίας.

2173 4609 2290 4666 Τοῦ
2319 4611 2492 4690 ἁγίοι)
2529 4610 2857 4681 Γρηγορίου
2887 4611 3225 4666 ἐπισκόπου
3257 4611 3530 4681 Νύσσης.

2147 4727 2247 4780 Ἐκ
2282 4725 2386 4781 τοῦ
2407 4725 2594 4795 λόγου
2628 4723 2741 4796 (59)
2782 4723 2886 4778 τοῦ
2912 4726 2999 4791 εὶς
3025 4724 3131 4778 τὸν
3167 4722 3444 4794 Ἀϐραάμ.
3502 4724 3640 4778 Kar-

2768 4883 2812 4914 ⁸¹
2843 4881 3046 4946 Ephes.
3082 4897 3162 4947 ιιι,
3199 4881 3284 4935 l7.

2131 5018 2242 5090 (52)
2282 5017 2490 5088 ὥσπερ.
2528 5019 2607 5074 lb.
2645 5020 2781 5090 ὅπερ
2809 5020 2880 5074 οἱ.

2155 5090 2242 5144 55)
2272 5107 2322 5142 τ.
2352 5091 2457 5142 ἐντ.
2498 5091 2621 5144 Des.
2661 5090 2696 5143 Ι.
2733 5105 2782 5144 c.

2155 5092 2220 5142 55
2272 5107 2322 5142 τ.
2352 5092 2457 5142 ὲντ.
2498 5092 2621 5144 Des.
2661 5092 2696 5143 l.
2733 5105 2782 5144 c.

2131 5092 2242 5228 (54)
2278 5161 2512 5229 μάλιστα
2539 5191 2607 5198 -
2637 5161 2827 5212 ἐδεῖτο.
2897 5161 3021 5215 11ωο
3075 5177 3198 5230 qua:
3239 5161 3310 5215 ob
3366 5158 3635 5228 ὁμοιοτελ.

2057 5230 2326 5284 excidisse
2364 5230 2639 5292 videntur,
2676 5246 2742 5283 ex
2776 5230 2906 5283 edit.
2929 5231 3115 5300 Paris.
3152 5230 3544 5300 supplevimus.

2131 5302 2241 5371 (55)
2269 5301 2430 5354 Sirm.
2471 5301 2707 5371 habebat
2730 5299 3147 5371 προσειλῆφθαι,
3180 5299 3327 5370 quod
3358 5316 3424 5355 ex
3463 5299 3635 5354 Paris.

2057 5371 2191 5425 edit.
2227 5369 2442 5424 "mutare
2466 5380 2521 5423 et
2553 5370 2710 5422 τοῦτο
2745 5369 2946 5422 addere
2972 5371 3148 5424 visum
3189 5369 3292 5426 est.

2137 5441 2246 5508 (56)
2275 5458 2456 5508 φασιν.
2478 5441 2620 5494 Edit.
2650 5440 2818 5492 Paris.
2855 5439 3005 5492 addit
3039 5442 3212 5493 αὐτοί.

2138 5513 2247 5578 (57)
2287 5529 2397 5563 vos.
2431 5510 2573 5564 Edit.
2607 5509 2780 5563 Paris.
2810 5510 3153 5572 πταίσαντος.
3327 5537 3334 5544 ·

2138 5581 2249 5653 (58)
2299 5580 2860 5653 ἐνήργηάσωμάτως.
2895 5580 2970 5632 Ita
3023 5580 3194 5635 editio
3241 5581 3414 5653 Paris.
3471 5593 3636 5637 recte.

2068 5649 2662 5720 Sirmondus'hahehat
2696 5650 2969 5720 ἐνήργηκε
3006 5651 3353 5717 σωματικῶς.

2138 5723 2246 5791 (59)
2283 5722 2397 5788 λόγ.
2427 5750 2495 5761 -
2529 5719 2797 5790 Ἀϐραάμ.
2837 5719 2899 5775 Ιιι
2917 5722 3050 5777 edit.
3092 5721 3260 5776 Paris.
3290 5729 3466 5777 exstat
3505 5729 3654 5776 ιοιτιο⁵
