4006 6202
366 298 438 364 97
602 310 617 319 ’
1434 299 1810 359 DIALOGUS
1851 299 1898 358 Ι.
1932 324 1997 332 ·-
2038 299 2559 362 IMMUTABILIS.
3557 306 3627 372 98
3710 364 3721 369 -

366 409 466 478 ἐεη
500 405 680 459 τοίνυν
727 404 839 476 (60)
891 406 951 460 ού
985 407 1191 477 γυμνὸς
1226 408 1396 477 Λόγος
1428 408 1577 480 (61),
1632 409 1767 463 ἀλλὰ
1807 408 1941 480 σὰρξ

2046 412 2254 467 nudum
2292 413 2403 485 64
2438 413 2700 479 Verbum,
2754 412 2848 467 sed
2905 428 3031 468 caro
3067 414 3270 469 factum
3310 436 3321 469 :
3354 432 3465 470 non
3530 420 3625 476 De]

363 501 691 572 γενόμενος’
734 499 834 569 οὐχ
859 502 894 571 ὴ
928 499 1024 553 τοῦ
1065 499 1200 552 Θεοῦ
1254 501 1438 573 μορφὴ
1468 500 1601 570 (62),
1640 501 1755 555 ἀλλ’
1790 503 1823 573 ἡ
1852 502 1944 555 τοῦ

360 592 555 645 δούλου
590 592 776 663 μορφή
816 590 951 660 (65).
993 583 1161 654 Οὗτος
1186 586 1280 645 οὖν
1311 593 1460 645 ἐστιν
1495 594 1521 645 6
1548 592 1716 646 εἰπὼν
1750 592 1825 664 μὴ
1853 594 1945 647 δύ-

360 683 559 737 νασθαι
612 684 705 751 ἀφ’
740 681 1184 753 ὲαυτοῦλτι,(6‹1)
1228 684 1403 736 ποιεῖν
1442 683 1576 753 (65).
1605 683 1677 736 Τὸ
1712 684 1822 756 γὰρ
1872 686 1946 756 μὴ

359 775 628 829 δύνασθαι
671 773 959 837 ἀσθενείας
983 774 1149 829 ἐστίν.
1200 775 1291 837 Ὠς
1316 774 1428 847 γὰρ
1456 774 1534 846 τῷ
1564 778 1702 845 φωτὶ
1731 777 1792 830 τὸ
1820 778 1946 831 σκό-

359 885 479 930 τος,
510 868 608 920 καὶ
640 867 669 917 6
690 864 920 929 θάνατος
941 868 1007 936 τῇ
1040 864 1176 937 ζωῇ,
1200 865 1343 919 οὕτω
1369 870 1434 938 τῇ
1459 868 1686 937 δυνάμει
1712 869 1949 923 ἀντιδια-

362 959 647 1013 στέλλεται
684 961 718 1028 ή
749 957 1024 1012 ἀσθένεια.
1076 957 1239 1010 Ἀλλά
1284 958 1390 1029 μὴν
1440 960 1677 1030 Χριστὸς
1717 960 1947 1030 δύναμις

360 1050 502 1103 θεοῦ
541 1049 678 1119 (66).
723 1049 837 1103 Οὐκ
868 1049 1132 1112 ἀδύνατος
1162 1048 1272 1119 (67)
1307 1048 1524 1112 πάντως
1553 1052 1585 1120 ἡ
1612 1049 1861 1120 δύναμις.
1886 1052 1947 1103 Et

361 1144 529 1213 γὰρὴ
570 1141 806 1211 δύναμις
876 1140 1131 1211 ἀσθενυίη
1154 1180 1168 1205 ,
1200 1142 1253 1194 τί
1292 1142 1355 1195 τὸ
1394 1142 1728 1212 δυνάμενον;
1779 1144 1949 1197 Ὅταν

362 1232 460 1290 οὖν
485 1236 857 1304 ἀποφαίνηται
882 1236 910 1286 6
931 1235 1103 1303 Λόγος
1129 1235 1208 1288 ὅτι
1241 1236 1302 1288 οὐ
1321 1235 1544 1289 δύναται
1570 1239 1763 1302 ποιεῖν,
1792 1236 1948 1306 δῆλον

364 1326 448 1378 ὃτι
494 1324 616 1395 ούχὶ
648 1327 716 1395 τῇ
758 1323 974 1394 θεότητι
1016 1323 1112 1376 τοῦ
1144 1325 1489 1392 Μονογενοῦς
1515 1326 1614 1396 τὴν
1645 1325 1948 1397 ἀδυναμίαν

366 1415 726 1486 προστίθησιν
767 1413 879 1486 (68)
910 1456 925 1480 ,
977 1414 1114 1469 ἀλλά
1139 1418 1203 1484 τῇ
1237 1415 1492 1487 ἀσθενείᾳ
1534 1417 1636 1487 τῆς
1673 1418 1948 1489 ἡμετέρας

367 1508 591 1576 φύσεως
640 1510 1060 1578 προσμαρτυρεῖ
1101 1507 1161 1561 τὸ
1192 1507 1471 1562 ἀδύνατον.
1522 1509 1782 1580 ’Λσθενὴς
1811 1510 1867 1563 δὲ
1914 1512 1947 1582 ἡ

365 1600 523 1671 σὰρξ,
555 1599 739 1663 καθὼς
770 1598 1105 1671 γέγραπται,
1139 1600 1221 1652 ὅτι
1256 1620 1274 1652 ‹
1317 1601 1391 1654 Τὸ
1417 1602 1638 1672 πνεῦμα
1676 1603 1786 1673 (69)
1817 1603 1950 1674 πρό-

362 1692 558 1764 θυμον,
582 1694 616 1762 ἡ
636 1692 693 1744 δὲ
720 1691 854 1762 σὰρξ
876 1690 1126 1763 ἀσθενής.
1161 1710 1257 1743 ι-
1275 1686 1597 1747 Τοῦάῠτοῦ
1630 1694 1697 1746 ἐκ
1714 1695 1825 1766 (70)
1844 1695 1947 1748 τοῦ

2050 504 2247 569 forma,
2284 505 2379 559 secl
2410 505 2583 559 forma
2623 505 2788 559 servi.
2816 504 2914 559 llic
2945 505 3111 575 igitur
3148 518 3253 571 est,
3287 507 3379 575 qui
3413 508 3548 562 dixit
3582 510 3625 541 ’³

2048 606 2107 645 se
2132 607 2239 645 non
2267 608 2425 661 posse
2450 609 2479 646 a
2505 594 2685 663 seipse
2723 594 2901 648 lacere
2923 595 3242 664 quidquam.
3289 595 3424 650 Nam
3450 594 3625 653 imbe-

2049 681 2296 736 cillitatis
2327 693 2411 737 est
2439 699 2546 737 non
2574 700 2751 753 posse.
2776 686 2930 739 Sicut
2961 686 3107 740 enim
3142 687 3252 742 luci
3284 687 3546 752 tenebrae,
3572 699 3628 744 et

2049 789 2199 829 mors
2234 775 2378 838 vitze,
2418 776 2494 830 sic
2534 778 2790 846 potentiae
2819 778 3119 847 opponitur
3149 778 3518 835 imbecillitas.
3557 781 3629 837 At

2048 865 2300 921 Christus
2331 877 2416 921 est
2438 869 2681 937 potentia
2722 870 2839 923 Dei.
2880 871 2998 924 Non
3045 880 3129 925 est
3161 872 3329 941 igitur
3370 874 3629 941 potentia:

2049 959 2349 1028 quidquam
2379 960 2737 1028 impossibile.
2770 960 2826 1015 Si
2864 963 3009 1015 enim
3040 964 3310 1018 imbecilla
3330 972 3413 1019 est
3438 976 3630 1034 poten-

2051 1052 2146 1115 tia,
2175 1052 2305 1120 quid
2338 1061 2535 1121 potens
2569 1054 2685 1107 est?
2716 1052 2945 1119 Quando
2974 1055 3140 1124 igitur
3169 1056 3409 1110 Verbum
3436 1072 3493 1111 se
3518 1074 3626 1111 non

2050 1158 2209 1210 posse
2230 1142 2411 1197 facere
2433 1143 2584 1206 dicit,
2610 1146 2959 1215 perspicuum
2999 1146 3247 1215 estquod
3283 1162 3392 1200 non
3424 1148 3624 1202 divini-

2050 1232 2146 1285 tati
2180 1232 2454 1302 Unigeniti
2481 1234 2854 1303 impotentiam
2891 1236 3115 1297 tribuat,
3144 1236 3238 1290 sed
3265 1236 3627 1291 imbecillitati

2050 1332 2261 1378 naturae
2302 1333 2499 1380 nostra:
2529 1326 3025 1394 impossibilitatem
3065 1327 3320 1381 ascribat.
3358 1328 3453 1382 Est
3480 1329 3626 1382 enim

2051 1429 2178 1468 caro
2214 1414 2450 1478 inﬁrma,
2483 1415 2627 1469 sicut
2677 1416 2941 1485 scriptum
2991 1424 3074 1470 cst
3119 1435 3130 1468 :
3172 1435 3188 1466 ‹
3231 1417 3467 1486 Spiritus
3502 1420 3627 1488 qui—

2051 1504 2174 1557 dem
2237 1514 2525 1575 promptus
2563 1516 2666 1569 est,
2722 1522 2850 1561 caro
2910 1517 3092 1561 autem
3142 1508 3351 1562 inﬁrma
3392 1510 3457 1562 “.
3512 1529 3628 1559 )—

2051 1595 2326 1665 Ejusdem,
2357 1613 2421 1650 ea:
2458 1598 2589 1651 libro
2631 1599 2705 1652 Dc
2731 1600 3066 1668 perfectione
3112 1604 3254 1655 vitae.
3298 1602 3404 1655 Sed
3436 1619 3628 1659 rursus

2049 1702 2216 1741 verus
2243 1688 2538 1757 lcgislator,
2591 1691 2748 1759 cujus
2779 1689 2947 1760 ﬁgura
2979 1701 3097 1745 erat
3136 1693 3330 1756 Moses,
3366 1709 3432 1746 ex
3483 1703 3629 1749 terra

362 1756 502 1853 Περὶ
543 1756 887 1853 τελειότητος
924 1756 1074 1852 βίου..
1106 1781 1269 1835 Ἀλλά
1300 1785 1462 1837 πάλιν
1503 1786 1531 1836 6
1565 1756 1818 1855 ἀληθίνὸς
1857 1804 1941 1841 νο-

2049 1788 2238 1833 nostra
2272 1781 2377 1835 sibi
2412 1781 2514 1850 ipsi
2544 1791 2753 1836 natura:
2794 1783 3006 1836 tabulas
3062 1783 3286 1839 excidit.
3321 1785 3441 1839 Non
3481 1787 3626 1841 enirn

373 1875 625 1946 μοθέτης,
673 1870 734 1929 οὗ
774 1875 946 1937 τύπος
980 1870 1046 1945 ἦν
1071 1876 1098 1927 6
1129 1873 1391 1946 Μωῦσῆς,
1431 1877 1496 1928 ὲκ
1524 1878 1620 1948 τῆς
1652 1878 1756 1947 γῆς
1787 1879 1818 1947 ἡ
1831 1878 1946 1948 μῶν

372 1965 553 2035 ἑαυτῷ
580 1966 672 2028 τὰς
712 1965 811 2035 τῆς
851 1964 1076 2033 φύσεως
1130 1965 1242 2035 (71)
1278 1966 1495 2031 πλάκας
1528 1967 1834 2034 ὲλάξευτεν.
1871 1969 1943 2022 Οὐ

370 2058 485 2128 γὰρ
527 2058 700 2128 γάμος
744 2056 908 2111 αὑτοῦ
958 2057 1070 2129 (72)
1111 2057 1209 2128 τὴν
1255 2058 1502 2129 θεοδόχον
1541 2059 1944 2132 ἐδημιούργησε

369 2151 570 2219 σάρκα,
604 2149 717 2202 ἀλλ’
742 2149 906 2212 αὐτὸς
932 2150 1028 2220 τῆς
1062 2149 1195 2214 ίδίας
1216 2152 1420 2222 σαρκὸς
1449 2153 1657 2220 γίνεται
1686 2152 1940 2223 λατόμος,

362 2245 461 2312 τῆς
490 2241 569 2311 τῷ
602 2241 731 2312 θείῳ
767 2240 1017 2312 δακτύλῳ
1050 2245 1516 2314 καταγραφείσης.
1568 2244 1791 2319 Πνεῦμα
1836 2245 1944 2317 γὰρ

361 2334 519 2403 ἅγιον
555 2331 723 2405 ἦλθεν
763 2335 857 2388 ἐπὶ
888 2335 985 2406 τὴν
1017 2337 1314 2407 Παρθένον,
1357 2338 1509 2408 καὶὴ
1545 2338 1640 2391 τοῦ
1684 2339 1941 2409 Ὑψίστου

362 2427 659 2479 ἐπεσκίασε
687 2424 937 2496 δύναμις.
982 2427 1136 2483 Ἐπεὶ
1169 2428 1225 2480 δὲ
1248 2427 1405 2481 τοῦτο
1439 2430 1630 2498 γέγονε
1664 2430 1799 2501 (75),
1840 2432 1941 2485 πά-

361 2517 445 2571 λιν
459 2519 521 2571 τδ
551 2519 916 2588 ἀσύντριπτον
945 2518 1153 2590 ἔσχενή
1176 2520 1357 2590 φύσις,
1383 2520 1650 2586 ἀθάνατος
1674 2522 1940 2594 γενομένη

362 2614 471 2674 τοῖς
491 2611 586 2663 τοῦ
610 2611 876 2665 δακτύλου
902 2614 1269 2686 χαράγμασιν.
1295 2644 1364 2655 —
1398 2616 1506 2670 Τοῦ
1536 2617 1721 2670 αὑτοῦ
1741 2618 1810 2671 ἐκ
1836 2617 1941 2671 τοῦ

362 2705 515 2758 κατὰ
550 2704 851 2773 Εὐνομίου
891 2705 1095 2773 λόγου.
1128 2707 1311 2777 Φαμὲν
1346 2708 1560 2774 τοίνυν,
1600 2710 1683 2763 ὅτι
1728 2711 1786 2763 ὲν
1828 2710 1939 2783 (74)

368 2796 473 2866 μὲν
501 2800 609 2860 τοῖς
649 2797 753 2868 πρὸ
800 2797 990 2851 τούτου
1020 2798 1199 2867 λόγοις
1234 2799 1404 2853 είπὼν
1447 2802 1544 2872 τὴν
1578 2802 1774 2872 σοφίαν
1795 2802 1938 2873 ᾠκο-

362 2888 660 2959 ὼμηκέναι
706 2890 873 2959 ἑαυτῇ
921 2884 1069 2943 οἷκον
1113 2892 1259 2960 (75),
1313 2891 1412 2964 τὴν
1453 2893 1555 2963 τῆς
1599 2894 1802 2965 σαρκὸς
1847 2894 1939 2948 τοῦ

363 2980 573 3049 Κυρίου
623 2981 972 3050 κατασκευὴν
1009 2980 1088 3052 τῷ
1134 2982 1278 3053 λόγῳ
1330 2982 1445 3054 (76)
1494 2984 1819 3039 αἰνίσσεται.
1864 2986 1939 3038 Οὐ

2046 1871 2253 1940 ηυριίω
2275 1887 2494 1926 carnem
2527 1874 2621 1927 Dei
2669 1890 2923 1943 capacem
2959 1874 3301 1930 fabricarunt
3331 1894 3343 1930 :
3385 1878 3481 1932 sed
3511 1879 3626 1949 ipse

2047 1962 2284 2031 propria:
2314 1964 2495 2018 carnis
2530 1964 2601 2030 ⁸Ιὶι
2633 1965 2866 2033 lapicida
2897 1966 3085 2019 divino
3129 1967 3298 2037 digito
3327 1969 3623 2040 inscriptae.

2046 2056 2181 2110 Nam
2232 2056 2469 2125 Spiritus
2505 2067 2729 2113 sanctus
2758 2059 2907 2113 venit
2940 2060 3007 2113 ad
3034 2061 3332 2129 Virginem,
3361 2070 3417 2117 et
3453 2063 3628 2117 virtus

2046 2146 2310 2201 Altissimi
2352 2147 2705 2208 obumbravit
2730 2164 2849 2202 eam
2890 2151 2953 2202 ³³.
2993 2150 3287 2219 Postquam
3312 2162 3494 2207 autem
3525 2153 3629 2207 boc

2046 2236 2247 2290 factum
2290 2248 2391 2301 est,
2433 2239 2763 2292 inviolabilis
2807 2253 3001 2296 rursus
3041 2242 3216 2296 evasit
3272 2253 3487 2309 natura,
3525 2246 3628 2299 init

2046 2330 2295 2383 mortalis
2354 2329 2526 2384 divini
2598 2330 2753 2400 digiti
2809 2332 3265 2401 impressionibus
3316 2335 3631 2390 enecta.—

2046 2419 2335 2488 Ejusdcm,
2386 2437 2447 2473 ex
2506 2421 2635 2475 libro
2686 2423 2937 2477 adversus
2988 2424 3334 2479 Eunomium.
3386 2427 3627 2481 Dicimus

2042 2510 2150 2581 65
2179 2526 2331 2582 ergo,
2360 2512 2507 2581 quod
2543 2528 2728 2583 supra,
2758 2530 2881 2568 cum
2914 2515 3237 2584 sapientiam
3272 2516 3377 2571 sibi
3401 2517 3625 2573 domum

2042 2600 2340 2655 aediﬁcasse
2371 2601 2526 2667 dixit,
2558 2604 2740 2658 carnis
2774 2605 2988 2659 Domini
3012 2608 3476 2663 constructionem
3502 2626 3625 2663 ver-

2044 2691 2130 2747 bis
2156 2691 2263 2746 illis
2287 2693 2521 2749 obscure
2552 2694 2838 2765 signiﬁcet.
2861 2696 2979 2750 Non
3004 2698 3152 2752 enim
3180 2698 3357 2753 aliena
3382 2700 3436 2753 in
3462 2700 3626 2754 domo

2044 2801 2172 2840 vera
2195 2787 2463 2856 sapientia
2488 2788 2776 2852 habitavit,
2809 2790 2902 2844 sed
2935 2790 3275 2847 domicilium
3301 2795 3405 2848 sibi
3429 2811 3491 2848 ex
3520 2796 3627 2847 vir-

2043 2877 2210 2947 ginali
2239 2894 2467 2949 corpore
2493 2880 3129 2952 instruxit.-—Ejusdem,
3160 2901 3222 2936 ex
3247 2886 3425 2938 eodem
3448 2902 3620 2955 apere.

2043 2971 2283 3027 Verbum
2307 2980 2434 3027 ante
2466 2974 2663 3027 saecula
2693 2982 2833 3038 erat,
2861 2990 2987 3028 caro
3007 2985 3188 3029 autem
3223 2977 3276 3030 in
3314 2977 3626 3031 novissimis

361 3069 472 3142 γὰρ
503 3072 563 3123 ἐν
592 3071 855 3143 ἀλλοτρίῳ
870 3071 1267 3144 οἰκοδομήματι
1294 3075 1326 3145 ἡ
1358 3073 1589 3147 ἀληθινὴ
1616 3076 1776 3146 σοφία
1803 3094 1934 3131 κατ-

2047 3063 2386 3133 temporibus
2413 3063 2553 3119 facta
2580 3073 2695 3131 est;
2731 3081 2835 3120 nec
2864 3076 3053 3120 contra
3084 3067 3373 3138 quisquam
3401 3069 3621 3131 dixerit,

359 3163 603 3233 ᾤκησεν,
632 3163 747 3216 ἀλλ’
794 3165 961 3234 ἑαυτῇ
992 3164 1053 3217 τὸ
1096 3166 1413 3236 οἰκητήριον
1445 3167 1507 3219 ὲκ
1548 3166 1642 3219 τοῦ
1679 3168 1940 3238 παρθενι-

360 3253 458 3307 κοῦ
510 3254 762 3323 σώματος
792 3255 1096 3326 ἐδομήσατο
1126 3255 1258 3327 (77).
1282 3284 1352 3297 --
1389 3258 1498 3311 Τοῦ
1526 3258 1714 3313 αὐτοῦ
1740 3260 1808 3313 ἐκ
1836 3259 1944 3329 τῆς

359 3344 556 3413 αὐτῆς
584 3347 1009 3415 πραγματείας.
1057 3347 1114 3400 '0
1146 3348 1319 3416 Λόγος
1347 3350 1452 3420 πρὸ
1474 3349 1581 3403 τῶν
1608 3349 1820 3404 αἰώνων
1850 3346 1939 3421 ἦν,

360 3436 393 3503 ἠ
431 3434 576 3505 σὰρξ
602 3435 658 3488 δὲ
692 3436 778 3489 ἐπ’
812 3436 1062 3505 ἐσχάτων
1088 3436 1305 3504 ἐγένετο
1325 3438 1434 3490 τῶν
1453 3440 1683 3509 χρόνων,
1722 3442 1817 3494 καὶ
1843 3442 1943 3496 οὐκ

360 3525 427 3581 ἄν
457 3543 541 3589 τις
570 3526 916 3597 ἀναστρέψας
950 3528 1117 3590 εἴποι,
1149 3529 1179 3599 ἦ
1208 3530 1409 3602 ταύτην
1434 3531 1760 3602 προαιώνιον
1778 3529 1939 3598 εἶναι,

361 3616 393 3686 ἦ
438 3617 499 3668 ὲν
542 3619 657 3680 τοῖς
686 3617 937 3687 ἐσχάτοις
967 3619 1299 3690 γεγενῆσθαι
1345 3622 1438 3675 τὸν
1472 3623 1663 3692 Λόγον.
1714 3654 1784 3665 -—
1832 3625 1941 3679 Τοῦ

358 3707 552 3762 αὐτοῦ
595 3709 665 3761 ἐκ
713 3708 821 3777 τῆς
866 3710 1059 3779 αὐτῆς
1102 3715 1525 3783 πραγματείας.
1580 3717 1694 3769 Οὐκ
1743 3718 1807 3771 ἐκ
1844 3716 1940 3771 τοῦ

360 3797 510 3851 θείου
537 3815 600 3851 τε
623 3800 716 3852 καὶ
743 3801 1023 3872 ἀκηράτου
1059 3804 1211 3856 ἐστὶν
1255 3806 1288 3875 ἡ
1324 3804 1419 3858 τοῦ
1460 3806 1573 3877 (78)
1611 3807 1820 3862 ἕκτισέ
1860 3826 1937 3878 με

360 3891 539 3961 φωνὴ,
573 3892 709 3945 ἀλλά
730 3892 913 3958 καθὼς
944 3897 1180 3967 εἴρηται,
1204 3898 1269 3950 ὲκ
1289 3897 1381 3950 τοῦ
1403 3899 1804 3969 ἀναληφθέντος
1826 3901 1938 3970 (79)

359 3984 809 4055 κατόίκονομίαν
829 3986 937 4039 ἀπὸ
951 3987 1048 4057 τῆς
1071 3990 1294 4059 κτιστῆς
1325 3990 1480 4060 ἡμῶν
1500 3991 1735 4059 φύσεως.
1751 3994 1941 4048 -Τοῦ

357 4075 547 4129 αὑτοῦ
576 4077 647 4130 ἐκ
676 4077 782 4131 τοῦ
799 4080 880 4141 είς
898 4080 1020 4143 τοὺς
1046 4081 1445 4153 Μακαρισμοὺς
1464 4085 1652 4153 λόγου
1680 4086 1936 4153 πρώτου.

362 4185 382 4216 ι
436 4166 536 4229 ’ος
562 4167 620 4219 ἐν
654 4171 837 4240 μορφῇ
862 4168 997 4221 Θεοῦ
1037 4170 1315 4242 ὑπάρχων,
1351 4173 1451 4242 οὐχ
1475 4175 1770 4245 ἁρπαγμὸν
1799 4177 1939 4248 ἡγή-

356 4272 494 4309 σατο
526 4257 587 4310 τὸ
610 4254 750 4313 εἶναι
785 4260 873 4314 ίσα
899 4262 1038 4332 Θεῷ,
1078 4263 1190 4317 ἀλλ’
1223 4265 1413 4319 ἑαυτὸν
1451 4266 1684 4320 ὲκένωσε
1722 4268 1936 4340 μορφὴν

2046 3154 2130 3209 vel
2162 3154 2305 3209 banc
2328 3164 2454 3210 ante
2477 3155 2672 3209 saecula
2705 3154 2897 3221 fuisse,
2935 3156 3019 3209 vel
3046 3156 3099 3211 in
3142 3158 3454 3213 novissimis
3485 3167 3624 3212 tem-

2044 3246 2275 3316 poribus
2298 3246 2501 3301 l‘actum
2526 3263 2645 3302 esse
2675 3247 2934 3303 Verbum.
2952 3281 3022 3289 —
3050 3250 3328 3320 Ejusdem,
3359 3268 3424 3305 ex
3446 3254 3625 3307 codc‘m

2044 3356 2216 3410 opere.
2257 3339 2373 3394 Non
2400 3339 2468 3395 de
2497 3340 2685 3394 divino
2707 3351 2761 3395 et
2790 3342 2859 3396 ab
2899 3342 3127 3398 interitu
3155 3344 3335 3399 alieno
3353 3345 3469 3401 haec
3497 3362 3622 3409 vos,

2045 3430 2251 3487 Creavit
2271 3449 2352 3486 me
2378 3433 2466 3498 "‘,
2493 3432 2843 3505 intelligenda
2866 3444 2969 3501 est,
3000 3437 3095 3491 sed
3122 3437 3191 3491 de
3218 3452 3307 3503 eo,
3333 3448 3395 3493 ut
3416 3439 3623 3495 dictum

2042 3534 2147 3590 est,
2173 3525 2320 3595 quod
2345 3527 2647 3582 secundum
2677 3527 3140 3596 dispensationem
3168 3540 3509 3601 assumptum
3540 3541 3627 3587 est

2041 3634 2109 3672 ex
2140 3627 2322 3674 creata
2345 3629 2529 3673 nostra
2558 3628 2775 3673 natura.
2799 3651 2867 3659 —
2898 3621 3153 3691 Ejusdem
3173 3664 3186 3686 ,
3209 3639 3273 3676 ea:
3294 3626 3467 3694 prima
3501 3643 3628 3679 om-

2043 3710 2184 3763 tione
2205 3708 2272 3763 de
2286 3708 2752 3762 Beatitudinibus.
2768 3709 2897 3774 «Qui
2916 3726 3040 3764 eum
3066 3712 3120 3765 in
3144 3712 3319 3765 forma
3338 3714 3432 3767 Dei
3454 3729 3556 3767 ess:
3583 3723 3621 3777 t,

2041 3817 2154 3856 non
2179 3801 2424 3870 rapinam
2464 3799 2765 3854 arbitratus
2796 3808 2881 3855 est
2934 3816 2991 3856 se
3018 3817 3142 3856 esse
3173 3803 3438 3873 aequalem
3489 3805 3621 3871 Deo,

2042 3894 2138 3950 sed
2164 3894 2405 3963 seipsum
2441 3891 2746 3947 exinanivit
2776 3892 2915 3947 servi
2934 3892 3164 3947 formam
3185 3895 3487 3964 ‘accipiens
3520 3898 3615 3950 “.i

2040 3986 2184 4052 Quid
2216 3986 2440 4040 tenuius
2468 3985 2524 4038 in
2556 3984 2687 4049 Deo,
2715 4000 2879 4054 quam
2918 3984 3094 4040 forma
3127 3987 3309 4040 servi?
3354 3988 3487 4058 quid
3518 3990 3623 4045 bu-

2042 4080 2227 4135 milius
2250 4080 2301 4133 in
2326 4094 2451 4149 rege
2478 4078 2888 4141 universorum,
2930 4092 3093 4147 quam
3134 4078 3189 4132 in
3229 4080 3494 4136 mendica:
3524 4099 3624 4135 na-

2043 4183 2181 4230 tura:
2211 4181 2411 4229 nostra:
2439 4171 2882 4226 communionem
2911 4170 3137 4224 venire?
3165 4169 3272 4225 Sed
3303 4180 3486 4226 tamen
3527 4190 3624 4228 rex

2046 4282 2235 4339 regum
2263 4273 2320 4320 et
2345 4264 2609 4319 Dominus
2658 4260 3059 4317 dominantium
3097 4262 3142 4292 ⁸⁷
3182 4262 3468 4316 servitutis
3509 4262 3623 4317 for-

353 4348 549 4402 δούλου
580 4350 781 4405 λαϐών.
834 4372 853 4404 ›
902 4352 967 4407 Τί
1010 4356 1354 4429 πτωχότερον
1387 4360 1479 4412 ἐπὶ
1524 4359 1660 4414 Θεοῦ
1709 4363 1807 4432 τῆς
1842 4362 1934 4416 τοῦ

2046 4375 2186 4415 mam
2223 4373 2320 4413 sua
2351 4364 2547 4428 sponte
2572 4354 2769 4409 induit.

355 4439 547 4493 δούλου
588 4443 839 4514 μορφῆςς
885 4444 939 4497 τί
981 4448 1366 4520 ταπεινότερον
1407 4452 1500 4505 ἐπὶ
1538 4452 1630 4505 τοῦ
1677 4452 1939 4524 βασιλέως
1979 4454 2091 4508 τῶν
2140 4451 2341 4511 ὄντων,
2378 4448 2412 4519 ἢ
2458 4446 2519 4501 τὸ
2583 4448 2663 4510 εἰς
2704 4445 2988 4499 κοινωνίαν
3026 4444 3123 4517 τῆς
3191 4443 3437 4518 πτωχῆξ
3464 4450 3623 4518 ἡμῶν

349 4686 405 4725 Π
428 4599 666 4726 "igoan.
691 4619 746 4668 v,
773 4602 860 4659 19.
935 4603 982 4635 ³⁸
1016 4603 1167 4660 Matt.
1200 4622 1344 4672 nvi,
1376 4607 1465 4663 41.
1541 4609 1586 4641 ’³⁸
1611 4608 1744 4665 Luc.
1777 4626 1816 4676 ι,
1844 4611 1934 4666 55.

349 4825 447 4902 Ill,
480 4826 583 4902 sub
607 4826 769 4902 titulo
805 4827 989 4902 ελῐῙερὶ
1018 4828 1285 4902 θεότητος,
1308 4827 1438 4902 Υίοῦ
1466 4830 1563 4902 καὶ
1594 4830 1933 4900 Πνεύματος,

350 4896 767 4970 καιᾴςγκῴμιον
780 4898 871 4970 -εἰς
908 4896 1002 4970 τὸν
1028 4896 1232 4955 δίκαιον
1277 4899 1546 4970 Ἀϐραάμ.

451 4965 536 5040 (id)
556 4965 925 5040 rotwviLogo
957 4968 1053 5040 cit.
1076 4985 1129 5039 p.
1172 4971 1298 5035 «171,
1334 4965 1583 5039 sequitur
1611 4970 1705 5023 xci).
1735 4970 1929 5040 ἐφάνη.

452 5035 537 5121 Et)
561 5036 695 5106 Λόγ.
730 5036 1026 5121 lid'._Paris.
1054 5035 1243 5121 praem.
1262 5043 1309 5121 6A.

452 5105 537 5180 (ig)
569 5107 780 5180 μορφή.
806 5107 900 5180 Ib._
925 5105 1177 5180 sequitur
1209 5110 1331 5164 καθ’
1362 5108 1586 5180 ἑαυτήν.

569 5176 604 5247 ὴ
628 5176 930 5250 έῖμμορφή.
1068 5179 1171 5250 leg.
1209 5182 1265 5233 ὲν
1284 5183 1350 5250 τῇ
1377 5179 1471 5232 τοῦ
1496 5176 1681 5232 δούλου
1722 5180 1926 5250 μορφῇ.

448 5195 537 5319 iii
567 5195 1477 5319 3511.753aib‘fib‘ﬁJi‘iﬁi’i

426 5316 537 5390 (65)
579 5318 779 5370 ποιεῖν.
828 5317 910 5370 1b.
950 5320 1220 5389 sequitur,
1235 5316 1405 5390 ’δῆλον
1437 5321 1518 5373 ὅτι
1556 5318 1694 5373 καθὸ
1732 5316 1925 5386 γέγονε

353 5384 428 5439 σά
464 5385 509 5450 ξ.
1027 5384 1046 5389 ’
1297 5384 1309 5390 ’

446 5455 514 5510 66
570 5456 654 5511 Ib.
692 5455 828 5510 Θεοῦ
864 5456 1115 5529 δύναμις.
1150 5457 1414 5528 Sequitur
1448 5458 1544 5514 καὶ
1572 5456 1707 5514 Θεοῦ
1740 5458 1922 5528 σοφία.

447 5527 481 5579 6
568 5526 763 5581 ἀδ.11).
807 5527 1058 5581 ἀδυνατεῖ
1088 5524 1200 5583 οὗν.

447 5595 514 5650 68
564 5595 666 5650 Ed.
694 5596 851 5651 Rom.
886 5605 942 5651 et
980 5597 1129 5668 Lips.
1166 5597 1506 5670 προτίθησιν.

445 5664 514 5720 69
560 5681 654 5719 πν.
681 5666 782 5721 Ed.
821 5667 989 5722 Paris.
1016 5684 1203 5738 prem.
1236 5669 1355 5737 μέν.

447 5734 534 5805 70)
561 5736 717 5789 ὲκ-
738 5737 872 5805 βίου.
913 5737 971 5791 In
1003 5738 1135 5793 edit.
1175 5739 1346 5793 Paris.
1375 5748 1412 5792 ι.
1440 5739 1480 5805 1,
1514 5747 1692 5795 exstat
1728 5738 1830 5794 sub
1858 5738 1922 5793 ti-

424 4966 449 5317 Ξ

807 5524 1058 5581 ἀδυνατεῖ
1088 5524 1200 5583 οὗν.

564 5595 666 5650 Ed.
681 5596 851 5670 gem:
886 5605 942 5670 et
980 5597 1129 5668 Lips.
1166 5597 1506 5670 προτίθησιν.

445 5664 535 5738 69)
560 5681 654 5738 πν.
681 5666 782 5738 Ed.
821 5667 989 5738 Paris.
1016 5664 1355 5738 prmmfpév.

447 5734 534 5805 70)
561 5736 717 5789 ὲκ-
738 5737 872 5809 βίου.
913 5737 971 5791 In
1003 5734 1135 5793 edit.
1175 5734 1346 5793 Paris.
1375 5748 1412 5792 t.
1440 5739 1480 5806 1,
1514 5747 1692 5795 exstat
1728 5738 1830 5794 sub
1858 5738 1924 5793 ti-

3340 4604 3386 4635 "
3425 4605 3446 4658 Ι
3477 4605 3618 4659 Tim.

2040 4610 2102 4641 “'
2127 4608 2290 4662 Prov.
2323 4621 2435 4669 vm,
2463 4603 2551 4658 22.
2656 4602 2702 4634 "
2742 4602 2979 4673 Philipp.
3009 4619 3066 4665 ιι,
3097 4602 3149 4667 6,
3188 4602 3240 4658 7.

2040 4828 2158 4899 tulo
2188 4845 2201 4881 :
2230 4828 2367 4898 Περὶ
2398 4826 2490 4899 τού
2519 4827 2634 4899 βίου
2669 4826 2914 4899 Μωσέως
2940 4825 3033 4878 τοῦ
3064 4824 3381 4896 νομοθέτου,
3420 4826 3451 4896 ἢ
3489 4830 3619 4899 περ).

2035 4898 2138 4968 τῆς
2163 4901 2284 4951 κατ’
2316 4897 2518 4968 ἀρετὴν
2549 4897 2902 4968 τελειότητος.

2133 4970 2221 5027 71)
2256 4965 2383 5036 φύσ.
2421 4965 2500 5021 Ib.
2547 4983 2600 5036 p.
2646 4966 2771 5025 254,
2806 4965 3062 5036 sequitur
3086 4965 3263 5036 ἡμῶν.

2133 4970 2221 5027 71)
2256 4968 2383 5036 φύσ.
2421 4968 2500 5021 lb.
2547 4983 2600 5036 ι).
2646 4968 2771 5025 254,
2806 4968 3057 5034 sequitur
3086 4968 3263 5034 ἡμῶν.

2104 4968 2216 5110 (72)
2252 5037 2507 5110 αὐτοῦί-
2533 5039 2731 5109 σάρκα.
2760 5036 2838 5090 lb.
2867 5035 2973 5107 leg.
3004 5034 3154 5106 αὐτῷ
3182 5034 3281 5106 τὴν
3310 5036 3457 5091 θείαν
3494 5040 3617 5109 ἐδη-

2035 5109 2158 5178 μιού
2168 5126 2268 5178 ργη
2277 5126 2335 5161 σε
2369 5109 2566 5178 σάρκα.

2112 5178 2222 5248 (75)
2256 5179 2375 5247 γέγ.
2414 5178 2494 5233 Ib.
2527 5178 2764 5245 ἐγένετο.

2117 5247 2229 5319 (74)
2262 5251 2342 5319 ἐν.
2370 5250 2449 5304 Ex
2481 5248 2578 5302 Ed.
2606 5249 2762 5303 Rom.
2796 5257 2852 5319 et
2876 5247 3025 5318 Lips.
3052 5247 3381 5319 suppletum.
3421 5248 3612 5319 Exstat

2037 5317 2260 5445 quisigge
2294 5318 2351 5374 in
2383 5320 2514 5374 edit.
2569 5319 2740 5373 Paris.
2779 5317 3020 5388 Operum
3072 5318 3232 5388 Greg.
3264 5318 3423 5392 Nyss.
3462 5325 3501 5371 t.
3546 5317 3612 5376 ιι.

2037 5403 2087 5445 ι).
2224 5431 2235 5443 .

2032 5403 2087 5457 p.
2111 5403 2235 5445 ῠυῠ.

2099 5460 2212 5527 (75)
2267 5458 2369 5513 Ed.
2405 5457 2580 5512 Paris.
2617 5458 2787 5527 ἑαυτῇ
2826 5456 2853 5526 (ξ

2125 5460 2212 5522 75)
2267 5460 2369 5513 Ed.
2405 5460 2580 5512 Paris.
2617 5460 2787 5527 ἑαυτῇ
2826 5460 2988 5526 ᾡκοδ.
3022 5460 3115 5511 τὸν
3135 5460 3243 5512 οἶκε

2097 5460 2209 5596 (76)
2247 5545 2297 5581 τ.
2339 5528 2453 5593 λόγ.
2478 5526 2580 5580 Ed.
2605 5526 2779 5597 Paris.
2822 5527 2908 5580 διά
2935 5527 3027 5580 τοῦ
3061 5527 3243 5597 λόγου.

2120 5600 2185 5653 77
2241 5598 2317 5651 ἐδ.
2350 5597 2451 5651 Ed.
2488 5597 2660 5651 Paris.
2702 5596 3115 5668 ᾠκοδομήσατο.

2120 5670 2186 5723 78
2234 5667 2350 5720 τοῦ.
2387 5668 2509 5721 Des.
2549 5667 2585 5720 l.
2619 5684 2667 5722 c.

2095 5599 2207 5811 £79;
2232 5738 2387 5792 ἀναλ.
2413 5736 2514 5793 Ed.
2551 5738 2721 5793 Paris.
2748 5736 3115 5809 ἀνακραθέντο

2842 5456 2855 5474 9
2946 5456 2970 5474 ᾗ
3058 5457 3071 5474 \
3165 5453 3188 5474 Ρ

2842 5456 2855 5474 .
3165 5456 3188 5474 ν

2826 5456 2988 5511 ωκοδ.
3022 5457 3115 5511 τὸν
3135 5475 3305 5513 οικον.

2120 5667 2207 5723 78)
2234 5667 2350 5720 τοῦ.
2387 5668 2509 5721 Des.
2549 5667 2585 5720 l.
2619 5684 2667 5722 c.

2118 5736 2204 5808 79)
2232 5738 2387 5792 ἀναλ.
2413 5736 2514 5793 Ed.
2551 5738 2721 5793 Paris.
2748 5736 3171 5809 ἀνακραθέντος.
