  <div class='ocr_page' id='page_1' title='image "/cluster/home/n/w/nwhite01/storage/ocr_20150623/83/hvd.32044073502072/055.png"; bbox 0 0 4006 6202; ppageno 0'>
   <div class='ocr_carea' id='block_1_1' title="bbox 400 293 2639 371">
    <p class='ocr_par' dir='ltr' id='par_1_1' title="bbox 400 293 2639 371">
     <span class='ocr_line' id='line_1_1' title="bbox 400 293 2639 371; baseline 0.008 -18"><span class='ocrx_word' id='word_1_1' title='bbox 400 293 470 353; x_wconf 65' lang='lat'><strong>90</strong></span> <span class='ocrx_word' id='word_1_2' title='bbox 703 293 706 298; x_wconf 62' lang='grc'>⁷</span> <span class='ocrx_word' id='word_1_3' title='bbox 1368 301 1852 363; x_wconf 79' lang='lat' dir='ltr'><strong>THEODORETI</strong></span> <span class='ocrx_word' id='word_1_4' title='bbox 1895 304 2233 367; x_wconf 85' lang='lat' dir='ltr'><strong>EPISCOPI</strong></span> <span class='ocrx_word' id='word_1_5' title='bbox 2273 310 2639 371; x_wconf 82' lang='lat' dir='ltr'><strong>CYRENSIS</strong></span> 
     </span>
    </p>
   </div>
   <div class='ocr_carea' id='block_1_2' title="bbox 3550 319 3652 386">
    <p class='ocr_par' dir='ltr' id='par_1_2' title="bbox 3550 319 3652 386">
     <span class='ocr_line' id='line_1_2' title="bbox 3550 319 3652 386; baseline 0.039 -4"><span class='ocrx_word' id='word_1_6' title='bbox 3550 319 3652 386; x_wconf 82' lang='lat'><strong>100</strong></span> 
     </span>
    </p>
   </div>
   <div class='ocr_carea' id='block_1_3' title="bbox 402 399 3652 499">
    <p class='ocr_par' dir='ltr' id='par_1_3' title="bbox 402 399 3652 499">
     <span class='ocr_line' id='line_1_3' title="bbox 402 399 3652 499; baseline 0.01 -47"><span class='ocrx_word' id='word_1_7' title='bbox 402 399 616 471; x_wconf 77' lang='grc' dir='ltr'>φύσεως</span> <span class='ocrx_word' id='word_1_8' title='bbox 647 402 859 468; x_wconf 79' lang='grc' dir='ltr'>ἐλθεῖν;</span> <span class='ocrx_word' id='word_1_9' title='bbox 904 403 963 458; x_wconf 90' lang='lat'><strong>&#39;0</strong></span> <span class='ocrx_word' id='word_1_10' title='bbox 1005 405 1256 475; x_wconf 74' lang='grc' dir='ltr'>βασιλεὺς</span> <span class='ocrx_word' id='word_1_11' title='bbox 1287 407 1392 460; x_wconf 81' lang='grc' dir='ltr'><strong>τῶν</strong></span> <span class='ocrx_word' id='word_1_12' title='bbox 1433 407 1825 476; x_wconf 75' lang='grc' dir='ltr'><strong>βασιλευόντων</strong></span> <span class='ocrx_word' id='word_1_13' title='bbox 1857 454 1868 476; x_wconf 96' lang='grc'><strong>,</strong></span> <span class='ocrx_word' id='word_1_14' title='bbox 1929 416 2023 467; x_wconf 74' lang='grc' dir='ltr'>καὶ</span> <span class='ocrx_word' id='word_1_15' title='bbox 2093 417 2295 490; x_wconf 84' lang='grc' dir='ltr'>Κύριος</span> <span class='ocrx_word' id='word_1_16' title='bbox 2349 419 2459 473; x_wconf 81' lang='grc' dir='ltr'><strong>τῶν</strong></span> <span class='ocrx_word' id='word_1_17' title='bbox 2521 421 2882 490; x_wconf 77' lang='grc' dir='ltr'><strong>κυριευόντων</strong></span> <span class='ocrx_word' id='word_1_18' title='bbox 2920 462 2934 487; x_wconf 90' lang='grc'><strong>,</strong></span> <span class='ocrx_word' id='word_1_19' title='bbox 2983 423 3222 478; x_wconf 77' lang='grc' dir='ltr'>ἐθελοντὶ</span> <span class='ocrx_word' id='word_1_20' title='bbox 3246 428 3358 498; x_wconf 83' lang='lat' dir='ltr'><strong>(8C)</strong></span> <span class='ocrx_word' id='word_1_21' title='bbox 3391 429 3489 499; x_wconf 77' lang='grc' dir='ltr'><strong>τὴν</strong></span> <span class='ocrx_word' id='word_1_22' title='bbox 3550 428 3652 498; x_wconf 77' lang='grc' dir='ltr'>τῆς</span> 
     </span>
    </p>
   </div>
   <div class='ocr_carea' id='block_1_4' title="bbox 399 493 1224 568">
    <p class='ocr_par' dir='ltr' id='par_1_4' title="bbox 399 493 1224 568">
     <span class='ocr_line' id='line_1_4' title="bbox 399 493 1224 568; baseline 0.008 -22"><span class='ocrx_word' id='word_1_23' title='bbox 399 493 643 556; x_wconf 74' lang='grc' dir='ltr'><strong>δουλείας</strong></span> <span class='ocrx_word' id='word_1_24' title='bbox 677 500 890 568; x_wconf 55' lang='grc' dir='ltr'>μορφὴν</span> <span class='ocrx_word' id='word_1_25' title='bbox 917 500 1224 553; x_wconf 68' lang='grc' dir='ltr'>ὑποδύεται.</span> 
     </span>
    </p>
   </div>
   <div class='ocr_carea' id='block_1_5' title="bbox 573 613 1856 696">
    <p class='ocr_par' dir='ltr' id='par_1_5' title="bbox 573 613 1856 696">
     <span class='ocr_line' id='line_1_5' title="bbox 573 613 1856 696; baseline 0.011 -32"><span class='ocrx_word' id='word_1_26' title='bbox 573 613 682 682; x_wconf 80' lang='lat'><strong>66</strong></span> <span class='ocrx_word' id='word_1_27' title='bbox 734 613 915 668; x_wconf 81' lang='lat' dir='ltr'><strong>Sancti</strong></span> <span class='ocrx_word' id='word_1_28' title='bbox 947 615 1190 671; x_wconf 82' lang='lat' dir='ltr'><strong>Flaviani</strong></span> <span class='ocrx_word' id='word_1_29' title='bbox 1218 620 1443 690; x_wconf 86' lang='lat' dir='ltr'><strong>episc0pi</strong></span> <span class='ocrx_word' id='word_1_30' title='bbox 1470 619 1796 678; x_wconf 79' lang='lat' dir='ltr'><strong>Antiocheui.</strong></span> <span class='ocrx_word' id='word_1_31' title='bbox 1849 689 1856 696; x_wconf 84' lang='lat'><strong><em>_</em></strong></span> 
     </span>
    </p>
   </div>
   <div class='ocr_carea' id='block_1_6' title="bbox 469 722 1974 806">
    <p class='ocr_par' dir='ltr' id='par_1_6' title="bbox 469 722 1974 806">
     <span class='ocr_line' id='line_1_6' title="bbox 469 722 1974 806; baseline 0.009 -30"><span class='ocrx_word' id='word_1_32' title='bbox 469 722 551 776; x_wconf 66' lang='lat' dir='ltr'><strong>Ex</strong></span> <span class='ocrx_word' id='word_1_33' title='bbox 575 739 815 778; x_wconf 85' lang='lat' dir='ltr'><strong>sermone</strong></span> <span class='ocrx_word' id='word_1_34' title='bbox 846 727 909 778; x_wconf 86' lang='lat' dir='ltr'><strong>de</strong></span> <span class='ocrx_word' id='word_1_35' title='bbox 941 726 1146 780; x_wconf 84' lang='lat' dir='ltr'><strong>Joanne</strong></span> <span class='ocrx_word' id='word_1_36' title='bbox 1182 729 1444 800; x_wconf 73' lang='lat' dir='ltr'><strong>Baptista.</strong></span> <span class='ocrx_word' id='word_1_37' title='bbox 1481 733 1600 786; x_wconf 87' lang='lat' dir='ltr'><strong>Non</strong></span> <span class='ocrx_word' id='word_1_38' title='bbox 1634 734 1797 804; x_wconf 83' lang='lat' dir='ltr'><strong>igitur</strong></span> <span class='ocrx_word' id='word_1_39' title='bbox 1826 736 1974 806; x_wconf 79' lang='lat' dir='ltr'><strong>cogi-</strong></span> 
     </span>
    </p>
   </div>
   <div class='ocr_carea' id='block_1_7' title="bbox 400 817 1972 894">
    <p class='ocr_par' dir='ltr' id='par_1_7' title="bbox 400 817 1972 894">
     <span class='ocr_line' id='line_1_7' title="bbox 400 817 1972 894; baseline 0.008 -25"><span class='ocrx_word' id='word_1_40' title='bbox 400 825 482 869; x_wconf 86' lang='lat' dir='ltr'><strong>tes</strong></span> <span class='ocrx_word' id='word_1_41' title='bbox 513 817 849 884; x_wconf 83' lang='lat' dir='ltr'><strong>corporalem</strong></span> <span class='ocrx_word' id='word_1_42' title='bbox 872 827 1204 886; x_wconf 71' lang='lat' dir='ltr'><strong>contactum,</strong></span> <span class='ocrx_word' id='word_1_43' title='bbox 1239 839 1339 877; x_wconf 91' lang='lat' dir='ltr'><strong>nec</strong></span> <span class='ocrx_word' id='word_1_44' title='bbox 1359 825 1697 894; x_wconf 77' lang='lat' dir='ltr'><strong>conjugalem</strong></span> <span class='ocrx_word' id='word_1_45' title='bbox 1737 843 1972 882; x_wconf 88' lang='lat' dir='ltr'><strong>consue-</strong></span> 
     </span>
    </p>
   </div>
   <div class='ocr_carea' id='block_1_8' title="bbox 400 907 1971 988">
    <p class='ocr_par' dir='ltr' id='par_1_8' title="bbox 400 907 1971 988">
     <span class='ocr_line' id='line_1_8' title="bbox 400 907 1971 988; baseline 0.01 -29"><span class='ocrx_word' id='word_1_46' title='bbox 400 907 645 961; x_wconf 86' lang='lat' dir='ltr'><strong>tudinem</strong></span> <span class='ocrx_word' id='word_1_47' title='bbox 693 920 966 978; x_wconf 84' lang='lat' dir='ltr'><strong>exspecta.</strong></span> <span class='ocrx_word' id='word_1_48' title='bbox 1016 911 1167 966; x_wconf 90' lang='lat' dir='ltr'><strong>Tuus</strong></span> <span class='ocrx_word' id='word_1_49' title='bbox 1211 915 1359 967; x_wconf 90' lang='lat' dir='ltr'><strong>enim</strong></span> <span class='ocrx_word' id='word_1_50' title='bbox 1394 915 1622 970; x_wconf 87' lang='lat' dir='ltr'><strong>Creator</strong></span> <span class='ocrx_word' id='word_1_51' title='bbox 1645 934 1971 988; x_wconf 89' lang='lat' dir='ltr'><strong>corporeum</strong></span> 
     </span>
    </p>
   </div>
   <div class='ocr_carea' id='block_1_9' title="bbox 398 991 1975 1071">
    <p class='ocr_par' dir='ltr' id='par_1_9' title="bbox 398 991 1975 1071">
     <span class='ocr_line' id='line_1_9' title="bbox 398 991 1975 1071; baseline 0.01 -22"><span class='ocrx_word' id='word_1_52' title='bbox 398 1014 557 1051; x_wconf 84' lang='lat' dir='ltr'><strong>suum</strong></span> <span class='ocrx_word' id='word_1_53' title='bbox 604 991 887 1068; x_wconf 84' lang='lat' dir='ltr'><strong>templum,</strong></span> <span class='ocrx_word' id='word_1_54' title='bbox 915 1003 1060 1070; x_wconf 90' lang='lat' dir='ltr'><strong>quod</strong></span> <span class='ocrx_word' id='word_1_55' title='bbox 1093 1020 1159 1056; x_wconf 81' lang='lat' dir='ltr'><strong>ex</strong></span> <span class='ocrx_word' id='word_1_56' title='bbox 1181 1012 1233 1057; x_wconf 87' lang='lat' dir='ltr'><strong>te</strong></span> <span class='ocrx_word' id='word_1_57' title='bbox 1258 1016 1535 1071; x_wconf 86' lang='lat' dir='ltr'><strong>nascetur,</strong></span> <span class='ocrx_word' id='word_1_58' title='bbox 1569 1010 1878 1064; x_wconf 80' lang='lat' dir='ltr'><strong>iabricabit.</strong></span> <span class='ocrx_word' id='word_1_59' title='bbox 1904 1041 1975 1052; x_wconf 88' lang='lat'><strong>—-</strong></span> 
     </span>
    </p>
   </div>
   <div class='ocr_carea' id='block_1_10' title="bbox 397 1089 1972 1168">
    <p class='ocr_par' dir='ltr' id='par_1_10' title="bbox 397 1089 1972 1168">
     <span class='ocr_line' id='line_1_10' title="bbox 397 1089 1972 1168; baseline 0.011 -28"><span class='ocrx_word' id='word_1_60' title='bbox 397 1089 671 1156; x_wconf 79' lang='lat' dir='ltr'><strong>Ejusdem,</strong></span> <span class='ocrx_word' id='word_1_61' title='bbox 697 1107 760 1143; x_wconf 78' lang='lat' dir='ltr'><strong>ea:</strong></span> <span class='ocrx_word' id='word_1_62' title='bbox 781 1096 1022 1147; x_wconf 84' lang='lat' dir='ltr'><strong>oratione</strong></span> <span class='ocrx_word' id='word_1_63' title='bbox 1045 1097 1098 1148; x_wconf 85' lang='lat' dir='ltr'><strong>in</strong></span> <span class='ocrx_word' id='word_1_64' title='bbox 1121 1095 1288 1150; x_wconf 82' lang='lat' dir='ltr'><strong>illud:</strong></span> <span class='ocrx_word' id='word_1_65' title='bbox 1321 1117 1338 1148; x_wconf 88' lang='grc'><strong>‹</strong></span> <span class='ocrx_word' id='word_1_66' title='bbox 1365 1098 1603 1168; x_wconf 83' lang='lat' dir='ltr'><strong>Spiritus</strong></span> <span class='ocrx_word' id='word_1_67' title='bbox 1630 1102 1847 1156; x_wconf 88' lang='lat' dir='ltr'><strong>Domini</strong></span> <span class='ocrx_word' id='word_1_68' title='bbox 1874 1118 1972 1156; x_wconf 86' lang='lat' dir='ltr'><strong>su-</strong></span> 
     </span>
    </p>
   </div>
   <div class='ocr_carea' id='block_1_11' title="bbox 398 1185 1974 1261">
    <p class='ocr_par' dir='ltr' id='par_1_11' title="bbox 398 1185 1974 1261">
     <span class='ocr_line' id='line_1_11' title="bbox 398 1185 1974 1261; baseline 0.01 -29"><span class='ocrx_word' id='word_1_69' title='bbox 398 1197 496 1249; x_wconf 84' lang='lat' dir='ltr'><strong>per</strong></span> <span class='ocrx_word' id='word_1_70' title='bbox 533 1198 639 1235; x_wconf 88' lang='lat' dir='ltr'><strong>me.</strong></span> <span class='ocrx_word' id='word_1_71' title='bbox 679 1203 696 1232; x_wconf 73' lang='grc' dir='ltr'><strong>ι</strong></span> <span class='ocrx_word' id='word_1_72' title='bbox 741 1185 940 1239; x_wconf 84' lang='lat' dir='ltr'><strong>Audite</strong></span> <span class='ocrx_word' id='word_1_73' title='bbox 1013 1187 1287 1242; x_wconf 81' lang='lat' dir='ltr'><strong>dicentem</strong></span> <span class='ocrx_word' id='word_1_74' title='bbox 1323 1211 1334 1243; x_wconf 89' lang='lat'><strong>:</strong></span> <span class='ocrx_word' id='word_1_75' title='bbox 1378 1210 1396 1241; x_wconf 86' lang='grc'><strong><em>‹</em></strong></span> <span class='ocrx_word' id='word_1_76' title='bbox 1451 1192 1687 1261; x_wconf 85' lang='lat' dir='ltr'><strong>Spiritus</strong></span> <span class='ocrx_word' id='word_1_77' title='bbox 1759 1194 1974 1248; x_wconf 83' lang='lat' dir='ltr'><strong>Domini</strong></span> 
     </span>
    </p>
   </div>
   <div class='ocr_carea' id='block_1_12' title="bbox 398 1274 1974 1352">
    <p class='ocr_par' dir='ltr' id='par_1_12' title="bbox 398 1274 1974 1352">
     <span class='ocr_line' id='line_1_12' title="bbox 398 1274 1974 1352; baseline 0.01 -29"><span class='ocrx_word' id='word_1_78' title='bbox 398 1286 563 1338; x_wconf 85' lang='lat' dir='ltr'><strong>super</strong></span> <span class='ocrx_word' id='word_1_79' title='bbox 591 1288 698 1336; x_wconf 86' lang='lat' dir='ltr'><strong>me,</strong></span> <span class='ocrx_word' id='word_1_80' title='bbox 753 1274 876 1328; x_wconf 86' lang='lat' dir='ltr'><strong>ideo</strong></span> <span class='ocrx_word' id='word_1_81' title='bbox 901 1278 1066 1330; x_wconf 74' lang='lat' dir='ltr'><strong>unxit</strong></span> <span class='ocrx_word' id='word_1_82' title='bbox 1091 1295 1176 1332; x_wconf 85' lang='lat' dir='ltr'><strong>me</strong></span> <span class='ocrx_word' id='word_1_83' title='bbox 1217 1282 1282 1334; x_wconf 73' lang='grc'><strong>⁵⁸.</strong></span> <span class='ocrx_word' id='word_1_84' title='bbox 1323 1301 1340 1331; x_wconf 73' lang='grc' dir='ltr'><strong>ι</strong></span> <span class='ocrx_word' id='word_1_85' title='bbox 1377 1281 1496 1334; x_wconf 85' lang='lat' dir='ltr'><strong>Non</strong></span> <span class='ocrx_word' id='word_1_86' title='bbox 1523 1282 1848 1352; x_wconf 77' lang='lat' dir='ltr'><strong>intelligitis,</strong></span> <span class='ocrx_word' id='word_1_87' title='bbox 1887 1285 1974 1338; x_wconf 91' lang='lat' dir='ltr'><strong>in-</strong></span> 
     </span>
    </p>
   </div>
   <div class='ocr_carea' id='block_1_13' title="bbox 395 1363 1976 1445">
    <p class='ocr_par' dir='ltr' id='par_1_13' title="bbox 395 1363 1976 1445">
     <span class='ocr_line' id='line_1_13' title="bbox 395 1363 1976 1445; baseline 0.012 -32"><span class='ocrx_word' id='word_1_88' title='bbox 395 1363 536 1429; x_wconf 86' lang='lat' dir='ltr'><strong>quit,</strong></span> <span class='ocrx_word' id='word_1_89' title='bbox 580 1381 699 1431; x_wconf 69' lang='lat' dir='ltr'><strong>qua:</strong></span> <span class='ocrx_word' id='word_1_90' title='bbox 739 1367 940 1436; x_wconf 73' lang='lat' dir='ltr'><strong>legitis.</strong></span> <span class='ocrx_word' id='word_1_91' title='bbox 999 1370 1169 1423; x_wconf 80' lang='lat' dir='ltr'><strong>Venio</strong></span> <span class='ocrx_word' id='word_1_92' title='bbox 1197 1374 1346 1426; x_wconf 87' lang='lat' dir='ltr'><strong>enim</strong></span> <span class='ocrx_word' id='word_1_93' title='bbox 1384 1374 1450 1427; x_wconf 86' lang='lat' dir='ltr'><strong>ad</strong></span> <span class='ocrx_word' id='word_1_94' title='bbox 1492 1391 1591 1428; x_wconf 87' lang='lat' dir='ltr'><strong>vos</strong></span> <span class='ocrx_word' id='word_1_95' title='bbox 1630 1385 1827 1430; x_wconf 90' lang='lat' dir='ltr'><strong>unctus</strong></span> <span class='ocrx_word' id='word_1_96' title='bbox 1856 1376 1976 1445; x_wconf 87' lang='lat' dir='ltr'><strong>Spi-</strong></span> 
     </span>
    </p>
   </div>
   <div class='ocr_carea' id='block_1_14' title="bbox 398 1453 1972 1532">
    <p class='ocr_par' dir='ltr' id='par_1_14' title="bbox 398 1453 1972 1532">
     <span class='ocr_line' id='line_1_14' title="bbox 398 1453 1972 1532; baseline 0.01 -27"><span class='ocrx_word' id='word_1_97' title='bbox 398 1453 526 1506; x_wconf 88' lang='lat' dir='ltr'><strong>ritu.</strong></span> <span class='ocrx_word' id='word_1_98' title='bbox 551 1455 755 1522; x_wconf 81' lang='lat' dir='ltr'><strong>Spiritu</strong></span> <span class='ocrx_word' id='word_1_99' title='bbox 784 1468 964 1512; x_wconf 80' lang='lat' dir='ltr'><strong>autem</strong></span> <span class='ocrx_word' id='word_1_100' title='bbox 994 1462 1235 1530; x_wconf 79' lang='lat' dir='ltr'><strong>ungitur,</strong></span> <span class='ocrx_word' id='word_1_101' title='bbox 1276 1481 1384 1517; x_wconf 90' lang='lat' dir='ltr'><strong>non</strong></span> <span class='ocrx_word' id='word_1_102' title='bbox 1418 1465 1709 1520; x_wconf 82' lang='lat' dir='ltr'><strong>invisibilis</strong></span> <span class='ocrx_word' id='word_1_103' title='bbox 1755 1474 1972 1532; x_wconf 85' lang='lat' dir='ltr'><strong>natura,</strong></span> 
     </span>
    </p>
   </div>
   <div class='ocr_carea' id='block_1_15' title="bbox 397 1547 963 1619">
    <p class='ocr_par' dir='ltr' id='par_1_15' title="bbox 397 1547 963 1619">
     <span class='ocr_line' id='line_1_15' title="bbox 397 1547 963 1619; baseline 0.009 -19"><span class='ocrx_word' id='word_1_104' title='bbox 397 1547 492 1600; x_wconf 78' lang='lat' dir='ltr'><strong>sed</strong></span> <span class='ocrx_word' id='word_1_105' title='bbox 523 1548 681 1601; x_wconf 88' lang='lat' dir='ltr'><strong>nobis</strong></span> <span class='ocrx_word' id='word_1_106' title='bbox 711 1561 963 1619; x_wconf 81' lang='lat' dir='ltr'><strong>cognata.</strong></span> 
     </span>
    </p>
   </div>
   <div class='ocr_carea' id='block_1_16' title="bbox 751 1661 1595 1735">
    <p class='ocr_par' dir='ltr' id='par_1_16' title="bbox 751 1661 1595 1735">
     <span class='ocr_line' id='line_1_16' title="bbox 751 1661 1595 1735; baseline 0.011 -23"><span class='ocrx_word' id='word_1_107' title='bbox 751 1661 1101 1730; x_wconf 72' lang='lat' dir='ltr'><strong>Amp/ziloc/zii</strong></span> <span class='ocrx_word' id='word_1_108' title='bbox 1135 1666 1365 1735; x_wconf 76' lang='lat' dir='ltr'><strong>episcopi</strong></span> <span class='ocrx_word' id='word_1_109' title='bbox 1411 1666 1595 1721; x_wconf 81' lang='lat' dir='ltr'><strong>Iconii.</strong></span> 
     </span>
    </p>
   </div>
   <div class='ocr_carea' id='block_1_17' title="bbox 468 1772 1974 1858">
    <p class='ocr_par' dir='ltr' id='par_1_17' title="bbox 468 1772 1974 1858">
     <span class='ocr_line' id='line_1_17' title="bbox 468 1772 1974 1858; baseline 0.013 -34"><span class='ocrx_word' id='word_1_110' title='bbox 468 1772 547 1825; x_wconf 73' lang='lat' dir='ltr'><strong>Ea:</strong></span> <span class='ocrx_word' id='word_1_111' title='bbox 578 1777 819 1828; x_wconf 82' lang='lat' dir='ltr'><strong>oratione</strong></span> <span class='ocrx_word' id='word_1_112' title='bbox 867 1779 922 1830; x_wconf 83' lang='lat' dir='ltr'><strong>in</strong></span> <span class='ocrx_word' id='word_1_113' title='bbox 969 1778 1105 1832; x_wconf 76' lang='lat' dir='ltr'><strong>illud</strong></span> <span class='ocrx_word' id='word_1_114' title='bbox 1136 1797 1153 1833; x_wconf 90' lang='lat'><strong><em>:</em></strong></span> <span class='ocrx_word' id='word_1_115' title='bbox 1191 1798 1210 1833; x_wconf 81' lang='grc' dir='ltr'><strong>ι</strong></span> <span class='ocrx_word' id='word_1_116' title='bbox 1247 1782 1405 1836; x_wconf 85' lang='lat' dir='ltr'><strong>Pater</strong></span> <span class='ocrx_word' id='word_1_117' title='bbox 1462 1800 1616 1839; x_wconf 90' lang='lat' dir='ltr'><strong>meus</strong></span> <span class='ocrx_word' id='word_1_118' title='bbox 1674 1789 1850 1858; x_wconf 82' lang='lat' dir='ltr'><strong>major</strong></span> <span class='ocrx_word' id='word_1_119' title='bbox 1886 1804 1974 1844; x_wconf 89' lang='lat' dir='ltr'><strong>me</strong></span> 
     </span>
    </p>
   </div>
   <div class='ocr_carea' id='block_1_18' title="bbox 396 1865 1977 1947">
    <p class='ocr_par' dir='ltr' id='par_1_18' title="bbox 396 1865 1977 1947">
     <span class='ocr_line' id='line_1_18' title="bbox 396 1865 1977 1947; baseline 0.011 -29"><span class='ocrx_word' id='word_1_120' title='bbox 396 1874 486 1919; x_wconf 81' lang='lat' dir='ltr'><strong>est</strong></span> <span class='ocrx_word' id='word_1_121' title='bbox 509 1867 574 1918; x_wconf 71' lang='lat'><strong>”.</strong></span> <span class='ocrx_word' id='word_1_122' title='bbox 616 1886 633 1917; x_wconf 85' lang='grc' dir='ltr'><strong>ι</strong></span> <span class='ocrx_word' id='word_1_123' title='bbox 659 1865 811 1932; x_wconf 88' lang='lat' dir='ltr'><strong>Quod</strong></span> <span class='ocrx_word' id='word_1_124' title='bbox 841 1871 1115 1939; x_wconf 88' lang='lat' dir='ltr'><strong>reliquum</strong></span> <span class='ocrx_word' id='word_1_125' title='bbox 1143 1882 1245 1938; x_wconf 88' lang='lat' dir='ltr'><strong>est,</strong></span> <span class='ocrx_word' id='word_1_126' title='bbox 1267 1873 1571 1941; x_wconf 88' lang='lat' dir='ltr'><strong>discernas,</strong></span> <span class='ocrx_word' id='word_1_127' title='bbox 1593 1895 1799 1947; x_wconf 69' lang='lat' dir='ltr'><strong>qumso,</strong></span> <span class='ocrx_word' id='word_1_128' title='bbox 1821 1891 1977 1935; x_wconf 86' lang='lat' dir='ltr'><strong>natu-</strong></span> 
     </span>
    </p>
   </div>
   <div class='ocr_carea' id='block_1_19' title="bbox 2006 624 3614 706">
    <p class='ocr_par' dir='ltr' id='par_1_19' title="bbox 2006 624 3614 706">
     <span class='ocr_line' id='line_1_19' title="bbox 2006 624 3614 706; baseline 0.012 -32"><span class='ocrx_word' id='word_1_129' title='bbox 2006 630 2050 686; x_wconf 80' lang='grc' dir='ltr'>Α</span> <span class='ocrx_word' id='word_1_130' title='bbox 2124 624 2232 676; x_wconf 86' lang='grc' dir='ltr'><strong>Τοῦ</strong></span> <span class='ocrx_word' id='word_1_131' title='bbox 2267 624 2440 692; x_wconf 74' lang='grc' dir='ltr'>ἁγίου</span> <span class='ocrx_word' id='word_1_132' title='bbox 2464 627 2806 680; x_wconf 78' lang='grc' dir='ltr'>Φλαϐιανοῦ</span> <span class='ocrx_word' id='word_1_133' title='bbox 2831 628 3178 683; x_wconf 77' lang='grc' dir='ltr'><em>ἐπισκόπου</em></span> <span class='ocrx_word' id='word_1_134' title='bbox 3233 633 3614 706; x_wconf 76' lang='grc' dir='ltr'><strong>Ἀντιοχείας.</strong></span> 
     </span>
    </p>
   </div>
   <div class='ocr_carea' id='block_1_20' title="bbox 2123 738 3650 821">
    <p class='ocr_par' dir='ltr' id='par_1_20' title="bbox 2123 738 3650 821">
     <span class='ocr_line' id='line_1_20' title="bbox 2123 738 3650 821; baseline 0.013 -31"><span class='ocrx_word' id='word_1_135' title='bbox 2123 739 2222 791; x_wconf 82' lang='grc' dir='ltr'>Ἐκ</span> <span class='ocrx_word' id='word_1_136' title='bbox 2253 738 2361 807; x_wconf 85' lang='grc' dir='ltr'>τῆς</span> <span class='ocrx_word' id='word_1_137' title='bbox 2380 740 2433 810; x_wconf 91' lang='grc'>(8</span> <span class='ocrx_word' id='word_1_138' title='bbox 2445 742 2460 794; x_wconf 84' lang='lat' dir='ltr'><strong>l</strong></span> <span class='ocrx_word' id='word_1_139' title='bbox 2473 740 2490 810; x_wconf 94' lang='lat'>)</span> <span class='ocrx_word' id='word_1_140' title='bbox 2503 744 2590 806; x_wconf 82' lang='grc' dir='ltr'><strong>είς</strong></span> <span class='ocrx_word' id='word_1_141' title='bbox 2605 741 2892 808; x_wconf 81' lang='grc' dir='ltr'><strong>Ἰωάννην</strong></span> <span class='ocrx_word' id='word_1_142' title='bbox 2904 743 3010 795; x_wconf 83' lang='grc' dir='ltr'>τὸν</span> <span class='ocrx_word' id='word_1_143' title='bbox 3030 747 3159 798; x_wconf 82' lang='grc' dir='ltr'>Βαπ</span> <span class='ocrx_word' id='word_1_144' title='bbox 3168 749 3379 814; x_wconf 80' lang='grc' dir='ltr'>τιστὴν</span> <span class='ocrx_word' id='word_1_145' title='bbox 3392 754 3650 821; x_wconf 75' lang='grc' dir='ltr'><strong>ὁμιλίας.</strong></span> 
     </span>
    </p>
   </div>
   <div class='ocr_carea' id='block_1_21' title="bbox 2074 827 3652 916">
    <p class='ocr_par' dir='ltr' id='par_1_21' title="bbox 2074 827 3652 916">
     <span class='ocr_line' id='line_1_21' title="bbox 2074 827 3652 916; baseline 0.011 -36"><span class='ocrx_word' id='word_1_146' title='bbox 2074 827 2166 897; x_wconf 84' lang='grc' dir='ltr'><strong>Μὴ</strong></span> <span class='ocrx_word' id='word_1_147' title='bbox 2190 828 2368 882; x_wconf 78' lang='grc' dir='ltr'>τοίνυν</span> <span class='ocrx_word' id='word_1_148' title='bbox 2398 831 2506 882; x_wconf 89' lang='grc' dir='ltr'>νόει</span> <span class='ocrx_word' id='word_1_149' title='bbox 2543 832 2872 900; x_wconf 83' lang='grc' dir='ltr'><strong>σωματικῶς</strong></span> <span class='ocrx_word' id='word_1_150' title='bbox 2892 835 3205 902; x_wconf 71' lang='grc' dir='ltr'>συνάφειαν,</span> <span class='ocrx_word' id='word_1_151' title='bbox 3235 840 3371 907; x_wconf 75' lang='grc' dir='ltr'>μηδὲ</span> <span class='ocrx_word' id='word_1_152' title='bbox 3411 845 3652 916; x_wconf 80' lang='grc' dir='ltr'><strong>γαμικὴν</strong></span> 
     </span>
    </p>
   </div>
   <div class='ocr_carea' id='block_1_22' title="bbox 2073 921 3653 1004">
    <p class='ocr_par' dir='ltr' id='par_1_22' title="bbox 2073 921 3653 1004">
     <span class='ocr_line' id='line_1_22' title="bbox 2073 921 3653 1004; baseline 0.011 -33"><span class='ocrx_word' id='word_1_153' title='bbox 2073 921 2292 991; x_wconf 78' lang='grc' dir='ltr'>ὁμιλίαν</span> <span class='ocrx_word' id='word_1_154' title='bbox 2338 924 2659 992; x_wconf 77' lang='grc' dir='ltr'><strong>ὲκδέχου.⁹()</strong></span> <span class='ocrx_word' id='word_1_155' title='bbox 2692 925 2800 994; x_wconf 86' lang='grc' dir='ltr'>γὰρ</span> <span class='ocrx_word' id='word_1_156' title='bbox 2833 926 2924 988; x_wconf 81' lang='grc' dir='ltr'><strong>σὸς</strong></span> <span class='ocrx_word' id='word_1_157' title='bbox 2957 929 3299 998; x_wconf 79' lang='grc' dir='ltr'>Δημιουργὸς</span> <span class='ocrx_word' id='word_1_158' title='bbox 3340 933 3430 985; x_wconf 76' lang='grc' dir='ltr'><strong>τὸν</strong></span> <span class='ocrx_word' id='word_1_159' title='bbox 3472 951 3653 1004; x_wconf 86' lang='grc' dir='ltr'>σωμα-</span> 
     </span>
    </p>
   </div>
   <div class='ocr_carea' id='block_1_23' title="bbox 2074 1011 3644 1095">
    <p class='ocr_par' dir='ltr' id='par_1_23' title="bbox 2074 1011 3644 1095">
     <span class='ocr_line' id='line_1_23' title="bbox 2074 1011 3644 1095; baseline 0.011 -33"><span class='ocrx_word' id='word_1_160' title='bbox 2074 1012 2227 1064; x_wconf 77' lang='grc' dir='ltr'>τικὸν</span> <span class='ocrx_word' id='word_1_161' title='bbox 2269 1011 2432 1065; x_wconf 84' lang='grc' dir='ltr'>αὑτοῦ</span> <span class='ocrx_word' id='word_1_162' title='bbox 2469 1014 2594 1065; x_wconf 72' lang='grc' dir='ltr'>ναὸν</span> <span class='ocrx_word' id='word_1_163' title='bbox 2624 1017 2773 1085; x_wconf 82' lang='grc' dir='ltr'>παρὰ</span> <span class='ocrx_word' id='word_1_164' title='bbox 2821 1016 2914 1068; x_wconf 83' lang='grc' dir='ltr'>σοῦ</span> <span class='ocrx_word' id='word_1_165' title='bbox 2943 1018 3261 1087; x_wconf 79' lang='grc' dir='ltr'>τικτόμενον</span> <span class='ocrx_word' id='word_1_166' title='bbox 3301 1021 3644 1095; x_wconf 79' lang='grc' dir='ltr'>δημιουργεῖ.</span> 
     </span>
    </p>
   </div>
   <div class='ocr_carea' id='block_1_24' title="bbox 2074 1100 3653 1183">
    <p class='ocr_par' dir='ltr' id='par_1_24' title="bbox 2074 1100 3653 1183">
     <span class='ocr_line' id='line_1_24' title="bbox 2074 1100 3653 1183; baseline 0.01 -30"><span class='ocrx_word' id='word_1_167' title='bbox 2074 1100 2262 1154; x_wconf 82' lang='grc' dir='ltr'><strong>-Τοῦ</strong></span> <span class='ocrx_word' id='word_1_168' title='bbox 2285 1102 2470 1155; x_wconf 75' lang='grc' dir='ltr'>αὐτοῦ</span> <span class='ocrx_word' id='word_1_169' title='bbox 2494 1103 2560 1156; x_wconf 76' lang='grc' dir='ltr'>ἐκ</span> <span class='ocrx_word' id='word_1_170' title='bbox 2583 1105 2687 1157; x_wconf 88' lang='grc' dir='ltr'>τοῦ</span> <span class='ocrx_word' id='word_1_171' title='bbox 2715 1106 2826 1175; x_wconf 70' lang='lat'><strong>(8‘2)</strong></span> <span class='ocrx_word' id='word_1_172' title='bbox 2853 1109 3040 1176; x_wconf 74' lang='grc' dir='ltr'>λόγου</span> <span class='ocrx_word' id='word_1_173' title='bbox 3061 1111 3141 1174; x_wconf 80' lang='grc' dir='ltr'><strong>είς</strong></span> <span class='ocrx_word' id='word_1_174' title='bbox 3164 1111 3518 1183; x_wconf 79' lang='grc' dir='ltr'>τὸ,ιΠνεῦμα</span> <span class='ocrx_word' id='word_1_175' title='bbox 3545 1119 3653 1171; x_wconf 84' lang='grc' dir='ltr'><strong>Κυ-</strong></span> 
     </span>
    </p>
   </div>
   <div class='ocr_carea' id='block_1_25' title="bbox 2080 1193 3652 1279">
    <p class='ocr_par' dir='ltr' id='par_1_25' title="bbox 2080 1193 3652 1279">
     <span class='ocr_line' id='line_1_25' title="bbox 2080 1193 3652 1279; baseline 0.013 -36"><span class='ocrx_word' id='word_1_176' title='bbox 2080 1193 2197 1261; x_wconf 82' lang='grc' dir='ltr'>ρίου</span> <span class='ocrx_word' id='word_1_177' title='bbox 2227 1195 2313 1246; x_wconf 79' lang='grc' dir='ltr'><strong>ἐπ’</strong></span> <span class='ocrx_word' id='word_1_178' title='bbox 2355 1195 2477 1264; x_wconf 83' lang='grc' dir='ltr'>ἐμέ.</span> <span class='ocrx_word' id='word_1_179' title='bbox 2523 1215 2542 1247; x_wconf 71' lang='grc' dir='ltr'><strong>ι</strong></span> <span class='ocrx_word' id='word_1_180' title='bbox 2595 1198 2885 1251; x_wconf 79' lang='grc' dir='ltr'>Ἀκούσατε</span> <span class='ocrx_word' id='word_1_181' title='bbox 2914 1201 3008 1253; x_wconf 78' lang='grc' dir='ltr'>τοῦ</span> <span class='ocrx_word' id='word_1_182' title='bbox 3040 1201 3288 1270; x_wconf 82' lang='grc' dir='ltr'>λέγοντος</span> <span class='ocrx_word' id='word_1_183' title='bbox 3317 1222 3330 1235; x_wconf 90' lang='grc'><strong>·</strong></span> <span class='ocrx_word' id='word_1_184' title='bbox 3371 1224 3388 1256; x_wconf 84' lang='grc' dir='ltr'><strong>ι</strong></span> <span class='ocrx_word' id='word_1_185' title='bbox 3427 1209 3652 1279; x_wconf 77' lang='grc' dir='ltr'>Πνεῦμα</span> 
     </span>
    </p>
   </div>
   <div class='ocr_carea' id='block_1_26' title="bbox 2075 1283 3644 1370">
    <p class='ocr_par' dir='ltr' id='par_1_26' title="bbox 2075 1283 3644 1370">
     <span class='ocr_line' id='line_1_26' title="bbox 2075 1283 3644 1370; baseline 0.013 -35"><span class='ocrx_word' id='word_1_186' title='bbox 2075 1285 2161 1336; x_wconf 79' lang='grc' dir='ltr'><strong>ἐπ’</strong></span> <span class='ocrx_word' id='word_1_187' title='bbox 2186 1285 2305 1354; x_wconf 79' lang='grc' dir='ltr'>ἐμὲ,</span> <span class='ocrx_word' id='word_1_188' title='bbox 2350 1283 2409 1339; x_wconf 75' lang='grc' dir='ltr'><strong>οὗ</strong></span> <span class='ocrx_word' id='word_1_189' title='bbox 2437 1287 2642 1340; x_wconf 78' lang='grc' dir='ltr'>εἵνεκεν</span> <span class='ocrx_word' id='word_1_190' title='bbox 2666 1290 2848 1360; x_wconf 79' lang='grc' dir='ltr'>ἔχρισέ</span> <span class='ocrx_word' id='word_1_191' title='bbox 2891 1309 2980 1361; x_wconf 88' lang='grc' dir='ltr'><strong>με.</strong></span> <span class='ocrx_word' id='word_1_192' title='bbox 3025 1315 3041 1343; x_wconf 77' lang='grc' dir='ltr'><strong>ι</strong></span> <span class='ocrx_word' id='word_1_193' title='bbox 3071 1296 3182 1348; x_wconf 81' lang='grc' dir='ltr'>Οὐκ</span> <span class='ocrx_word' id='word_1_194' title='bbox 3216 1296 3348 1360; x_wconf 81' lang='grc' dir='ltr'>ἴστε,</span> <span class='ocrx_word' id='word_1_195' title='bbox 3385 1301 3568 1370; x_wconf 74' lang='grc' dir='ltr'>φησὶν,</span> <span class='ocrx_word' id='word_1_196' title='bbox 3605 1301 3644 1356; x_wconf 78' lang='grc' dir='ltr'><strong>ἃ</strong></span> 
     </span>
    </p>
   </div>
   <div class='ocr_carea' id='block_1_27' title="bbox 2076 1371 3649 1459">
    <p class='ocr_par' dir='ltr' id='par_1_27' title="bbox 2076 1371 3649 1459">
     <span class='ocr_line' id='line_1_27' title="bbox 2076 1371 3649 1459; baseline 0.014 -36"><span class='ocrx_word' id='word_1_197' title='bbox 2076 1371 2500 1438; x_wconf 80' lang='grc' dir='ltr'>ἀναγινώσκετε.</span> <span class='ocrx_word' id='word_1_198' title='bbox 2541 1377 2698 1430; x_wconf 85' lang='grc' dir='ltr'>’Ἠκω</span> <span class='ocrx_word' id='word_1_199' title='bbox 2725 1380 2833 1449; x_wconf 80' lang='grc' dir='ltr'>γὰρ</span> <span class='ocrx_word' id='word_1_200' title='bbox 2873 1381 3003 1449; x_wconf 85' lang='grc' dir='ltr'>ὑμῖν</span> <span class='ocrx_word' id='word_1_201' title='bbox 3029 1384 3055 1435; x_wconf 98' lang='lat'><strong>6</strong></span> <span class='ocrx_word' id='word_1_202' title='bbox 3085 1386 3327 1454; x_wconf 80' lang='grc' dir='ltr'>χρισθεὶς</span> <span class='ocrx_word' id='word_1_203' title='bbox 3357 1389 3434 1459; x_wconf 82' lang='grc' dir='ltr'>τῷ</span> <span class='ocrx_word' id='word_1_204' title='bbox 3483 1390 3649 1445; x_wconf 71' lang='lat' dir='ltr'><strong>&quot;vt-:13-</strong></span> 
     </span>
    </p>
   </div>
   <div class='ocr_carea' id='block_1_28' title="bbox 2079 1463 3648 1550">
    <p class='ocr_par' dir='ltr' id='par_1_28' title="bbox 2079 1463 3648 1550">
     <span class='ocr_line' id='line_1_28' title="bbox 2079 1463 3648 1550; baseline 0.016 -38"><span class='ocrx_word' id='word_1_205' title='bbox 2079 1479 2227 1530; x_wconf 87' lang='grc' dir='ltr'>ματι.</span> <span class='ocrx_word' id='word_1_206' title='bbox 2272 1463 2548 1535; x_wconf 80' lang='grc' dir='ltr'>Πνεύματι</span> <span class='ocrx_word' id='word_1_207' title='bbox 2587 1468 2642 1520; x_wconf 82' lang='grc' dir='ltr'><strong>δὲ</strong></span> <span class='ocrx_word' id='word_1_208' title='bbox 2688 1470 2897 1538; x_wconf 68' lang='grc' dir='ltr'>χρίεται</span> <span class='ocrx_word' id='word_1_209' title='bbox 2923 1513 2937 1534; x_wconf 90' lang='grc'><strong>,</strong></span> <span class='ocrx_word' id='word_1_210' title='bbox 2965 1474 3062 1544; x_wconf 76' lang='grc' dir='ltr'><strong>οὐχ</strong></span> <span class='ocrx_word' id='word_1_211' title='bbox 3105 1476 3398 1545; x_wconf 80' lang='grc' dir='ltr'>ήάθέατος</span> <span class='ocrx_word' id='word_1_212' title='bbox 3442 1481 3604 1550; x_wconf 81' lang='grc' dir='ltr'>φύσις</span> <span class='ocrx_word' id='word_1_213' title='bbox 3631 1523 3648 1549; x_wconf 87' lang='grc'><strong>,</strong></span> 
     </span>
    </p>
   </div>
   <div class='ocr_carea' id='block_1_29' title="bbox 2075 1554 2901 1628">
    <p class='ocr_par' dir='ltr' id='par_1_29' title="bbox 2075 1554 2901 1628">
     <span class='ocr_line' id='line_1_29' title="bbox 2075 1554 2901 1628; baseline 0.008 -21"><span class='ocrx_word' id='word_1_214' title='bbox 2075 1554 2208 1608; x_wconf 75' lang='grc' dir='ltr'>ἀλλὰ</span> <span class='ocrx_word' id='word_1_215' title='bbox 2244 1555 2304 1608; x_wconf 79' lang='grc' dir='ltr'><strong>τὸ</strong></span> <span class='ocrx_word' id='word_1_216' title='bbox 2329 1557 2459 1626; x_wconf 77' lang='grc' dir='ltr'>ἡμῖν</span> <span class='ocrx_word' id='word_1_217' title='bbox 2483 1559 2742 1628; x_wconf 84' lang='grc' dir='ltr'>ὁμογενές</span> <span class='ocrx_word' id='word_1_218' title='bbox 2766 1562 2901 1628; x_wconf 70' lang='lat'><strong>(85).</strong></span> 
     </span>
    </p>
   </div>
   <div class='ocr_carea' id='block_1_30' title="bbox 2331 1673 3394 1743">
    <p class='ocr_par' dir='ltr' id='par_1_30' title="bbox 2331 1673 3394 1743">
     <span class='ocr_line' id='line_1_30' title="bbox 2331 1673 3394 1743; baseline 0.007 -16"><span class='ocrx_word' id='word_1_219' title='bbox 2331 1673 2720 1743; x_wconf 68' lang='grc' dir='ltr'><strong>Ἀμφιλοχίαν</strong></span> <span class='ocrx_word' id='word_1_220' title='bbox 2747 1677 3087 1730; x_wconf 70' lang='grc' dir='ltr'><strong>ἐπισκόπου</strong></span> <span class='ocrx_word' id='word_1_221' title='bbox 3128 1680 3394 1734; x_wconf 76' lang='grc' dir='ltr'><strong>Ἰκονίου.</strong></span> 
     </span>
    </p>
   </div>
   <div class='ocr_carea' id='block_1_31' title="bbox 2155 1788 3655 1865">
    <p class='ocr_par' dir='ltr' id='par_1_31' title="bbox 2155 1788 3655 1865">
     <span class='ocr_line' id='line_1_31' title="bbox 2155 1788 3655 1865; baseline 0.007 -25"><span class='ocrx_word' id='word_1_222' title='bbox 2155 1789 2251 1842; x_wconf 82' lang='grc' dir='ltr'>Ἐκ</span> <span class='ocrx_word' id='word_1_223' title='bbox 2273 1788 2378 1843; x_wconf 84' lang='grc' dir='ltr'>τοῦ</span> <span class='ocrx_word' id='word_1_224' title='bbox 2398 1789 2713 1859; x_wconf 60' lang='grc' dir='ltr'>(ὃίὶλόγου</span> <span class='ocrx_word' id='word_1_225' title='bbox 2740 1791 2843 1844; x_wconf 82' lang='grc' dir='ltr'>τοῦ</span> <span class='ocrx_word' id='word_1_226' title='bbox 2870 1793 2955 1856; x_wconf 76' lang='grc' dir='ltr'>εἰς</span> <span class='ocrx_word' id='word_1_227' title='bbox 2989 1791 3055 1844; x_wconf 77' lang='grc' dir='ltr'>τὸ</span> <span class='ocrx_word' id='word_1_228' title='bbox 3077 1831 3089 1855; x_wconf 96' lang='grc'><strong>,</strong></span> <span class='ocrx_word' id='word_1_229' title='bbox 3129 1811 3148 1842; x_wconf 77' lang='grc' dir='ltr'><strong>ι</strong></span> <span class='ocrx_word' id='word_1_230' title='bbox 3179 1793 3369 1864; x_wconf 77' lang='grc' dir='ltr'>Πατήρ</span> <span class='ocrx_word' id='word_1_231' title='bbox 3404 1812 3503 1864; x_wconf 89' lang='grc' dir='ltr'><strong>μου</strong></span> <span class='ocrx_word' id='word_1_232' title='bbox 3537 1797 3655 1865; x_wconf 83' lang='grc' dir='ltr'>μεί-</span> 
     </span>
    </p>
   </div>
   <div class='ocr_carea' id='block_1_32' title="bbox 2078 1881 3651 1954">
    <p class='ocr_par' dir='ltr' id='par_1_32' title="bbox 2078 1881 3651 1954">
     <span class='ocr_line' id='line_1_32' title="bbox 2078 1881 3651 1954; baseline 0.004 -20"><span class='ocrx_word' id='word_1_233' title='bbox 2078 1881 2185 1945; x_wconf 81' lang='grc' dir='ltr'>ζων</span> <span class='ocrx_word' id='word_1_234' title='bbox 2225 1881 2325 1952; x_wconf 77' lang='grc' dir='ltr'><strong>μού</strong></span> <span class='ocrx_word' id='word_1_235' title='bbox 2367 1884 2536 1935; x_wconf 81' lang='grc' dir='ltr'>ἐστιν.</span> <span class='ocrx_word' id='word_1_236' title='bbox 2587 1900 2606 1933; x_wconf 80' lang='grc' dir='ltr'><strong>ι</strong></span> <span class='ocrx_word' id='word_1_237' title='bbox 2649 1882 2932 1952; x_wconf 83' lang='grc' dir='ltr'>Διάκρινόν</span> <span class='ocrx_word' id='word_1_238' title='bbox 2966 1900 3054 1954; x_wconf 86' lang='grc' dir='ltr'><strong>μοι</strong></span> <span class='ocrx_word' id='word_1_239' title='bbox 3086 1885 3272 1937; x_wconf 76' lang='grc' dir='ltr'>λοιπὸν</span> <span class='ocrx_word' id='word_1_240' title='bbox 3303 1885 3399 1948; x_wconf 72' lang='grc' dir='ltr'>τὰς</span> <span class='ocrx_word' id='word_1_241' title='bbox 3430 1887 3651 1954; x_wconf 75' lang='grc' dir='ltr'>φύσεις,</span> 
     </span>
    </p>
   </div>
   <div class='ocr_carea' id='block_1_33' title="bbox 395 1957 1974 2048">
    <p class='ocr_par' dir='ltr' id='par_1_33' title="bbox 395 1957 1974 2036">
     <span class='ocr_line' id='line_1_33' title="bbox 395 1957 1974 2036; baseline 0.012 -27"><span class='ocrx_word' id='word_1_242' title='bbox 395 1972 503 2020; x_wconf 88' lang='lat' dir='ltr'><strong>ras,</strong></span> <span class='ocrx_word' id='word_1_243' title='bbox 552 1957 648 2011; x_wconf 85' lang='lat' dir='ltr'><strong>Dei</strong></span> <span class='ocrx_word' id='word_1_244' title='bbox 705 1967 762 2012; x_wconf 89' lang='lat' dir='ltr'><strong>et</strong></span> <span class='ocrx_word' id='word_1_245' title='bbox 815 1960 1075 2016; x_wconf 90' lang='lat' dir='ltr'><strong>hominis.</strong></span> <span class='ocrx_word' id='word_1_246' title='bbox 1125 1963 1243 2018; x_wconf 86' lang='lat' dir='ltr'><strong>Non</strong></span> <span class='ocrx_word' id='word_1_247' title='bbox 1285 1966 1431 2020; x_wconf 90' lang='lat' dir='ltr'><strong>enim</strong></span> <span class='ocrx_word' id='word_1_248' title='bbox 1460 1969 1739 2036; x_wconf 77' lang='lat' dir='ltr'><strong>exeidens,</strong></span> <span class='ocrx_word' id='word_1_249' title='bbox 1772 1987 1838 2026; x_wconf 78' lang='lat' dir='ltr'><strong>ex</strong></span> <span class='ocrx_word' id='word_1_250' title='bbox 1863 1973 1974 2028; x_wconf 89' lang='lat' dir='ltr'><strong>Deo</strong></span> 
     </span>
    </p>
   </div>
   <div class='ocr_carea' id='block_1_34' title="bbox 2074 1957 3655 2048">
    <p class='ocr_par' dir='ltr' id='par_1_34' title="bbox 2078 1970 3655 2048">
     <span class='ocr_line' id='line_1_34' title="bbox 2078 1970 3655 2048; baseline 0.004 -24"><span class='ocrx_word' id='word_1_251' title='bbox 2078 1974 2176 2039; x_wconf 75' lang='grc' dir='ltr'>τήν</span> <span class='ocrx_word' id='word_1_252' title='bbox 2223 1989 2278 2024; x_wconf 88' lang='grc' dir='ltr'><strong>τε</strong></span> <span class='ocrx_word' id='word_1_253' title='bbox 2319 1971 2411 2024; x_wconf 82' lang='grc' dir='ltr'>τοῦ</span> <span class='ocrx_word' id='word_1_254' title='bbox 2442 1970 2598 2030; x_wconf 78' lang='grc' dir='ltr'>Θεοῦ.</span> <span class='ocrx_word' id='word_1_255' title='bbox 2650 1973 2750 2041; x_wconf 73' lang='grc' dir='ltr'>τήν</span> <span class='ocrx_word' id='word_1_256' title='bbox 2794 1989 2851 2025; x_wconf 89' lang='grc' dir='ltr'><strong>τε</strong></span> <span class='ocrx_word' id='word_1_257' title='bbox 2885 1973 2978 2026; x_wconf 81' lang='grc' dir='ltr'>τοῦ</span> <span class='ocrx_word' id='word_1_258' title='bbox 3019 1974 3328 2045; x_wconf 84' lang='grc' dir='ltr'>ἀνθρώπου.</span> <span class='ocrx_word' id='word_1_259' title='bbox 3361 1977 3500 2031; x_wconf 73' lang='grc' dir='ltr'>Οὔτε</span> <span class='ocrx_word' id='word_1_260' title='bbox 3546 1978 3655 2048; x_wconf 74' lang='grc' dir='ltr'>γὰρ</span> 
     </span>
    </p>
   </div>
   <div class='ocr_carea' id='block_1_35' title="bbox 394 2045 1970 2124">
    <p class='ocr_par' dir='ltr' id='par_1_35' title="bbox 394 2045 1970 2124">
     <span class='ocr_line' id='line_1_35' title="bbox 394 2045 1970 2124; baseline 0.011 -24"><span class='ocrx_word' id='word_1_261' title='bbox 394 2045 568 2101; x_wconf 82' lang='lat' dir='ltr'><strong>factus</strong></span> <span class='ocrx_word' id='word_1_262' title='bbox 597 2059 681 2103; x_wconf 89' lang='lat' dir='ltr'><strong>est</strong></span> <span class='ocrx_word' id='word_1_263' title='bbox 714 2049 899 2115; x_wconf 89' lang='lat' dir='ltr'><strong>homo,</strong></span> <span class='ocrx_word' id='word_1_264' title='bbox 942 2069 1118 2122; x_wconf 88' lang='lat' dir='ltr'><strong>neque</strong></span> <span class='ocrx_word' id='word_1_265' title='bbox 1141 2055 1456 2124; x_wconf 78' lang='lat' dir='ltr'><strong>proficiens,</strong></span> <span class='ocrx_word' id='word_1_266' title='bbox 1475 2076 1540 2113; x_wconf 82' lang='lat' dir='ltr'><strong>ex</strong></span> <span class='ocrx_word' id='word_1_267' title='bbox 1566 2060 1788 2116; x_wconf 88' lang='lat' dir='ltr'><strong>homine</strong></span> <span class='ocrx_word' id='word_1_268' title='bbox 1806 2063 1970 2118; x_wconf 91' lang='lat' dir='ltr'><strong>Deus.</strong></span> 
     </span>
    </p>
   </div>
   <div class='ocr_carea' id='block_1_36' title="bbox 393 2138 1974 2223">
    <p class='ocr_par' dir='ltr' id='par_1_36' title="bbox 393 2138 1974 2223">
     <span class='ocr_line' id='line_1_36' title="bbox 393 2138 1974 2223; baseline 0.011 -32"><span class='ocrx_word' id='word_1_269' title='bbox 393 2138 565 2192; x_wconf 87' lang='lat' dir='ltr'><strong>Deum</strong></span> <span class='ocrx_word' id='word_1_270' title='bbox 599 2141 746 2194; x_wconf 90' lang='lat' dir='ltr'><strong>enim</strong></span> <span class='ocrx_word' id='word_1_271' title='bbox 793 2150 849 2196; x_wconf 88' lang='lat' dir='ltr'><strong>et</strong></span> <span class='ocrx_word' id='word_1_272' title='bbox 880 2144 1159 2198; x_wconf 88' lang='lat' dir='ltr'><strong>hominem</strong></span> <span class='ocrx_word' id='word_1_273' title='bbox 1195 2145 1340 2200; x_wconf 90' lang='lat' dir='ltr'><strong>dico.</strong></span> <span class='ocrx_word' id='word_1_274' title='bbox 1371 2149 1601 2214; x_wconf 82' lang='lat' dir='ltr'><strong>Quando</strong></span> <span class='ocrx_word' id='word_1_275' title='bbox 1635 2160 1816 2206; x_wconf 90' lang='lat' dir='ltr'><strong>autem</strong></span> <span class='ocrx_word' id='word_1_276' title='bbox 1848 2170 1974 2223; x_wconf 88' lang='lat' dir='ltr'><strong>pas-</strong></span> 
     </span>
    </p>
   </div>
   <div class='ocr_carea' id='block_1_37' title="bbox 394 2230 1976 2309">
    <p class='ocr_par' dir='ltr' id='par_1_37' title="bbox 394 2230 1976 2309">
     <span class='ocr_line' id='line_1_37' title="bbox 394 2230 1976 2309; baseline 0.011 -26"><span class='ocrx_word' id='word_1_277' title='bbox 394 2230 578 2284; x_wconf 86' lang='lat' dir='ltr'><strong>siones</strong></span> <span class='ocrx_word' id='word_1_278' title='bbox 620 2232 794 2295; x_wconf 86' lang='lat' dir='ltr'><strong>carni,</strong></span> <span class='ocrx_word' id='word_1_279' title='bbox 835 2241 891 2286; x_wconf 90' lang='lat' dir='ltr'><strong>et</strong></span> <span class='ocrx_word' id='word_1_280' title='bbox 921 2235 1184 2288; x_wconf 87' lang='lat' dir='ltr'><strong>miracula</strong></span> <span class='ocrx_word' id='word_1_281' title='bbox 1223 2236 1336 2290; x_wconf 91' lang='lat' dir='ltr'><strong>Deo</strong></span> <span class='ocrx_word' id='word_1_282' title='bbox 1367 2239 1629 2309; x_wconf 81' lang='lat' dir='ltr'><strong>assignas,</strong></span> <span class='ocrx_word' id='word_1_283' title='bbox 1666 2246 1976 2300; x_wconf 86' lang='lat' dir='ltr'><strong>necessario</strong></span> 
     </span>
    </p>
   </div>
   <div class='ocr_carea' id='block_1_38' title="bbox 395 2321 1977 2397">
    <p class='ocr_par' dir='ltr' id='par_1_38' title="bbox 395 2321 1977 2397">
     <span class='ocr_line' id='line_1_38' title="bbox 395 2321 1977 2397; baseline 0.009 -25"><span class='ocrx_word' id='word_1_284' title='bbox 395 2321 643 2388; x_wconf 81' lang='lat' dir='ltr'><strong>quamvis</strong></span> <span class='ocrx_word' id='word_1_285' title='bbox 675 2321 867 2375; x_wconf 88' lang='lat' dir='ltr'><strong>nolens</strong></span> <span class='ocrx_word' id='word_1_286' title='bbox 896 2323 1116 2387; x_wconf 87' lang='lat' dir='ltr'><strong>tribuis,</strong></span> <span class='ocrx_word' id='word_1_287' title='bbox 1167 2323 1404 2380; x_wconf 89' lang='lat' dir='ltr'><strong>humiles</strong></span> <span class='ocrx_word' id='word_1_288' title='bbox 1430 2328 1651 2397; x_wconf 89' lang='lat' dir='ltr'><strong>quidem</strong></span> <span class='ocrx_word' id='word_1_289' title='bbox 1695 2347 1977 2388; x_wconf 87' lang='lat' dir='ltr'><strong>sermones</strong></span> 
     </span>
    </p>
   </div>
   <div class='ocr_carea' id='block_1_39' title="bbox 395 2411 1975 2480">
    <p class='ocr_par' dir='ltr' id='par_1_39' title="bbox 395 2411 1975 2480">
     <span class='ocr_line' id='line_1_39' title="bbox 395 2411 1975 2480; baseline 0.01 -16"><span class='ocrx_word' id='word_1_290' title='bbox 395 2411 603 2465; x_wconf 89' lang='lat' dir='ltr'><strong>homini</strong></span> <span class='ocrx_word' id='word_1_291' title='bbox 629 2428 694 2466; x_wconf 82' lang='lat' dir='ltr'><strong>ex</strong></span> <span class='ocrx_word' id='word_1_292' title='bbox 718 2412 886 2467; x_wconf 87' lang='lat' dir='ltr'><strong>Maria</strong></span> <span class='ocrx_word' id='word_1_293' title='bbox 919 2423 1068 2480; x_wconf 87' lang='lat' dir='ltr'><strong>nato,</strong></span> <span class='ocrx_word' id='word_1_294' title='bbox 1098 2415 1450 2473; x_wconf 80' lang='lat' dir='ltr'><strong>sublimiores</strong></span> <span class='ocrx_word' id='word_1_295' title='bbox 1477 2435 1608 2475; x_wconf 86' lang='lat' dir='ltr'><strong>vero</strong></span> <span class='ocrx_word' id='word_1_296' title='bbox 1627 2431 1682 2476; x_wconf 92' lang='lat' dir='ltr'><strong>et</strong></span> <span class='ocrx_word' id='word_1_297' title='bbox 1710 2423 1821 2478; x_wconf 91' lang='lat' dir='ltr'><strong>Deo</strong></span> <span class='ocrx_word' id='word_1_298' title='bbox 1846 2440 1975 2478; x_wconf 88' lang='lat' dir='ltr'><strong>con-</strong></span> 
     </span>
    </p>
   </div>
   <div class='ocr_carea' id='block_1_40' title="bbox 395 2504 1975 2582">
    <p class='ocr_par' dir='ltr' id='par_1_40' title="bbox 395 2504 1975 2582">
     <span class='ocr_line' id='line_1_40' title="bbox 395 2504 1975 2582; baseline 0.009 -26"><span class='ocrx_word' id='word_1_299' title='bbox 395 2504 701 2569; x_wconf 86' lang='lat' dir='ltr'><strong>venientes,</strong></span> <span class='ocrx_word' id='word_1_300' title='bbox 731 2505 914 2559; x_wconf 78' lang='lat' dir='ltr'><strong>Verbo</strong></span> <span class='ocrx_word' id='word_1_301' title='bbox 960 2507 1107 2575; x_wconf 88' lang='lat' dir='ltr'><strong>quod</strong></span> <span class='ocrx_word' id='word_1_302' title='bbox 1144 2517 1263 2562; x_wconf 89' lang='lat' dir='ltr'><strong>erat</strong></span> <span class='ocrx_word' id='word_1_303' title='bbox 1295 2509 1351 2562; x_wconf 92' lang='lat' dir='ltr'><strong>in</strong></span> <span class='ocrx_word' id='word_1_304' title='bbox 1400 2511 1692 2582; x_wconf 91' lang='lat' dir='ltr'><strong>principio.</strong></span> <span class='ocrx_word' id='word_1_305' title='bbox 1727 2514 1878 2570; x_wconf 82' lang='lat' dir='ltr'><strong>Hanc</strong></span> <span class='ocrx_word' id='word_1_306' title='bbox 1904 2517 1975 2570; x_wconf 88' lang='lat' dir='ltr'><strong>ob</strong></span> 
     </span>
    </p>
   </div>
   <div class='ocr_carea' id='block_1_41' title="bbox 396 2594 1979 2672">
    <p class='ocr_par' dir='ltr' id='par_1_41' title="bbox 396 2594 1979 2672">
     <span class='ocr_line' id='line_1_41' title="bbox 396 2594 1979 2672; baseline 0.01 -26"><span class='ocrx_word' id='word_1_307' title='bbox 396 2608 615 2648; x_wconf 83' lang='lat' dir='ltr'><strong>causam</strong></span> <span class='ocrx_word' id='word_1_308' title='bbox 643 2594 916 2649; x_wconf 85' lang='lat' dir='ltr'><strong>interdum</strong></span> <span class='ocrx_word' id='word_1_309' title='bbox 941 2597 1157 2662; x_wconf 89' lang='lat' dir='ltr'><strong>humili,</strong></span> <span class='ocrx_word' id='word_1_310' title='bbox 1183 2615 1578 2672; x_wconf 84' lang='lat' dir='ltr'><strong>nonnunquam</strong></span> <span class='ocrx_word' id='word_1_311' title='bbox 1601 2605 1823 2660; x_wconf 86' lang='lat' dir='ltr'><strong>sublimi</strong></span> <span class='ocrx_word' id='word_1_312' title='bbox 1856 2623 1979 2662; x_wconf 89' lang='lat' dir='ltr'><strong>ora-</strong></span> 
     </span>
    </p>
   </div>
   <div class='ocr_carea' id='block_1_42' title="bbox 397 2685 1976 2758">
    <p class='ocr_par' dir='ltr' id='par_1_42' title="bbox 397 2685 1976 2758">
     <span class='ocr_line' id='line_1_42' title="bbox 397 2685 1976 2758; baseline 0.012 -21"><span class='ocrx_word' id='word_1_313' title='bbox 397 2685 543 2740; x_wconf 90' lang='lat' dir='ltr'><strong>tione</strong></span> <span class='ocrx_word' id='word_1_314' title='bbox 594 2696 739 2750; x_wconf 88' lang='lat' dir='ltr'><strong>utor,</strong></span> <span class='ocrx_word' id='word_1_315' title='bbox 796 2696 856 2742; x_wconf 90' lang='lat' dir='ltr'><strong>ut</strong></span> <span class='ocrx_word' id='word_1_316' title='bbox 910 2704 1008 2758; x_wconf 89' lang='lat' dir='ltr'><strong>per</strong></span> <span class='ocrx_word' id='word_1_317' title='bbox 1059 2691 1349 2748; x_wconf 83' lang='lat' dir='ltr'><strong>sublimem</strong></span> <span class='ocrx_word' id='word_1_318' title='bbox 1412 2695 1771 2754; x_wconf 86' lang='lat' dir='ltr'><strong>inhabitantis</strong></span> <span class='ocrx_word' id='word_1_319' title='bbox 1810 2699 1976 2755; x_wconf 79' lang='lat' dir='ltr'><strong>Verbi</strong></span> 
     </span>
    </p>
   </div>
   <div class='ocr_carea' id='block_1_43' title="bbox 395 2778 1977 2853">
    <p class='ocr_par' dir='ltr' id='par_1_43' title="bbox 395 2778 1977 2853">
     <span class='ocr_line' id='line_1_43' title="bbox 395 2778 1977 2853; baseline 0.011 -23"><span class='ocrx_word' id='word_1_320' title='bbox 395 2778 678 2832; x_wconf 85' lang='lat' dir='ltr'><strong>ostendam</strong></span> <span class='ocrx_word' id='word_1_321' title='bbox 735 2780 1139 2850; x_wconf 84' lang='lat' dir='ltr'><strong>cognationem,</strong></span> <span class='ocrx_word' id='word_1_322' title='bbox 1176 2800 1275 2853; x_wconf 89' lang='lat' dir='ltr'><strong>per</strong></span> <span class='ocrx_word' id='word_1_323' title='bbox 1312 2784 1577 2842; x_wconf 88' lang='lat' dir='ltr'><strong>humilem</strong></span> <span class='ocrx_word' id='word_1_324' title='bbox 1616 2806 1746 2844; x_wconf 79' lang='lat' dir='ltr'><strong>vero</strong></span> <span class='ocrx_word' id='word_1_325' title='bbox 1795 2793 1977 2847; x_wconf 87' lang='lat' dir='ltr'><strong>carnis</strong></span> 
     </span>
    </p>
   </div>
   <div class='ocr_carea' id='block_1_44' title="bbox 398 2867 1976 2952">
    <p class='ocr_par' dir='ltr' id='par_1_44' title="bbox 398 2867 1976 2952">
     <span class='ocr_line' id='line_1_44' title="bbox 398 2867 1976 2952; baseline 0.011 -32"><span class='ocrx_word' id='word_1_326' title='bbox 398 2867 772 2924; x_wconf 82' lang='lat' dir='ltr'><strong>inﬁrmitatem</strong></span> <span class='ocrx_word' id='word_1_327' title='bbox 804 2872 1149 2941; x_wconf 77' lang='lat' dir='ltr'><strong>patefaciam.</strong></span> <span class='ocrx_word' id='word_1_328' title='bbox 1187 2876 1294 2946; x_wconf 80' lang='lat'><strong>67</strong></span> <span class='ocrx_word' id='word_1_329' title='bbox 1333 2874 1487 2932; x_wconf 90' lang='lat' dir='ltr'><strong>Unde</strong></span> <span class='ocrx_word' id='word_1_330' title='bbox 1527 2879 1728 2934; x_wconf 85' lang='lat' dir='ltr'><strong>alicubi</strong></span> <span class='ocrx_word' id='word_1_331' title='bbox 1754 2883 1976 2952; x_wconf 88' lang='lat' dir='ltr'><strong>quidem</strong></span> 
     </span>
    </p>
   </div>
   <div class='ocr_carea' id='block_1_45' title="bbox 396 2958 1978 3033">
    <p class='ocr_par' dir='ltr' id='par_1_45' title="bbox 396 2958 1978 3033">
     <span class='ocr_line' id='line_1_45' title="bbox 396 2958 1978 3033; baseline 0.012 -23"><span class='ocrx_word' id='word_1_332' title='bbox 396 2958 518 3012; x_wconf 88' lang='lat' dir='ltr'><strong>dico</strong></span> <span class='ocrx_word' id='word_1_333' title='bbox 546 2976 632 3014; x_wconf 90' lang='lat' dir='ltr'><strong>me</strong></span> <span class='ocrx_word' id='word_1_334' title='bbox 666 2961 812 3015; x_wconf 83' lang='lat' dir='ltr'><strong>Patri</strong></span> <span class='ocrx_word' id='word_1_335' title='bbox 839 2978 960 3016; x_wconf 86' lang='lat' dir='ltr'><strong>esse</strong></span> <span class='ocrx_word' id='word_1_336' title='bbox 991 2965 1279 3033; x_wconf 60' lang='lat' dir='ltr'><strong>mqualcm,</strong></span> <span class='ocrx_word' id='word_1_337' title='bbox 1309 2968 1439 3020; x_wconf 90' lang='lat' dir='ltr'><strong>alibi</strong></span> <span class='ocrx_word' id='word_1_338' title='bbox 1470 2985 1600 3023; x_wconf 84' lang='lat' dir='ltr'><strong>vero</strong></span> <span class='ocrx_word' id='word_1_339' title='bbox 1626 2971 1838 3027; x_wconf 80' lang='lat' dir='ltr'><strong>Patrem</strong></span> <span class='ocrx_word' id='word_1_340' title='bbox 1866 2989 1978 3028; x_wconf 85' lang='lat' dir='ltr'><strong>ma-</strong></span> 
     </span>
    </p>
   </div>
   <div class='ocr_carea' id='block_1_46' title="bbox 391 3049 1977 3127">
    <p class='ocr_par' dir='ltr' id='par_1_46' title="bbox 391 3049 1977 3127">
     <span class='ocr_line' id='line_1_46' title="bbox 391 3049 1977 3127; baseline 0.013 -27"><span class='ocrx_word' id='word_1_341' title='bbox 391 3049 589 3117; x_wconf 81' lang='lat' dir='ltr'><strong>jorem,</strong></span> <span class='ocrx_word' id='word_1_342' title='bbox 616 3067 722 3104; x_wconf 92' lang='lat' dir='ltr'><strong>non</strong></span> <span class='ocrx_word' id='word_1_343' title='bbox 765 3069 977 3107; x_wconf 88' lang='lat' dir='ltr'><strong>mecum</strong></span> <span class='ocrx_word' id='word_1_344' title='bbox 1003 3055 1117 3124; x_wconf 89' lang='lat' dir='ltr'><strong>ipse</strong></span> <span class='ocrx_word' id='word_1_345' title='bbox 1146 3073 1414 3127; x_wconf 82' lang='lat' dir='ltr'><strong>pugnans,</strong></span> <span class='ocrx_word' id='word_1_346' title='bbox 1448 3060 1543 3114; x_wconf 90' lang='lat' dir='ltr'><strong>scd</strong></span> <span class='ocrx_word' id='word_1_347' title='bbox 1573 3063 1869 3119; x_wconf 87' lang='lat' dir='ltr'><strong>ostendens</strong></span> <span class='ocrx_word' id='word_1_348' title='bbox 1890 3081 1977 3120; x_wconf 86' lang='lat' dir='ltr'><strong>me</strong></span> 
     </span>
    </p>
   </div>
   <div class='ocr_carea' id='block_1_47' title="bbox 397 3141 1979 3220">
    <p class='ocr_par' dir='ltr' id='par_1_47' title="bbox 397 3141 1979 3220">
     <span class='ocr_line' id='line_1_47' title="bbox 397 3141 1979 3220; baseline 0.012 -28"><span class='ocrx_word' id='word_1_349' title='bbox 397 3141 566 3194; x_wconf 86' lang='lat' dir='ltr'><strong>Deum</strong></span> <span class='ocrx_word' id='word_1_350' title='bbox 593 3158 714 3198; x_wconf 89' lang='lat' dir='ltr'><strong>esse</strong></span> <span class='ocrx_word' id='word_1_351' title='bbox 741 3154 794 3198; x_wconf 82' lang='lat' dir='ltr'><strong>et</strong></span> <span class='ocrx_word' id='word_1_352' title='bbox 823 3145 1121 3212; x_wconf 89' lang='lat' dir='ltr'><strong>hominem,</strong></span> <span class='ocrx_word' id='word_1_353' title='bbox 1176 3149 1346 3203; x_wconf 88' lang='lat' dir='ltr'><strong>Deum</strong></span> <span class='ocrx_word' id='word_1_354' title='bbox 1382 3152 1604 3220; x_wconf 89' lang='lat' dir='ltr'><strong>quidem</strong></span> <span class='ocrx_word' id='word_1_355' title='bbox 1633 3169 1700 3208; x_wconf 74' lang='lat' dir='ltr'><strong>cx</strong></span> <span class='ocrx_word' id='word_1_356' title='bbox 1729 3156 1979 3211; x_wconf 86' lang='lat' dir='ltr'><strong>sublimi-</strong></span> 
     </span>
    </p>
   </div>
   <div class='ocr_carea' id='block_1_48' title="bbox 398 3229 1978 3308">
    <p class='ocr_par' dir='ltr' id='par_1_48' title="bbox 398 3229 1978 3308">
     <span class='ocr_line' id='line_1_48' title="bbox 398 3229 1978 3308; baseline 0.012 -27"><span class='ocrx_word' id='word_1_357' title='bbox 398 3229 536 3293; x_wconf 87' lang='lat' dir='ltr'><strong>bus,</strong></span> <span class='ocrx_word' id='word_1_358' title='bbox 574 3231 857 3286; x_wconf 74' lang='lat' dir='ltr'><strong>hominem</strong></span> <span class='ocrx_word' id='word_1_359' title='bbox 912 3251 1044 3288; x_wconf 73' lang='lat' dir='ltr'><strong>vero</strong></span> <span class='ocrx_word' id='word_1_360' title='bbox 1081 3251 1145 3289; x_wconf 81' lang='lat' dir='ltr'><strong>ex</strong></span> <span class='ocrx_word' id='word_1_361' title='bbox 1186 3237 1507 3294; x_wconf 86' lang='lat' dir='ltr'><strong>humilibus.</strong></span> <span class='ocrx_word' id='word_1_362' title='bbox 1568 3241 1774 3308; x_wconf 82' lang='lat' dir='ltr'><strong>Quodsi</strong></span> <span class='ocrx_word' id='word_1_363' title='bbox 1810 3247 1978 3301; x_wconf 77' lang='lat' dir='ltr'><strong>vultis</strong></span> 
     </span>
    </p>
   </div>
   <div class='ocr_carea' id='block_1_49' title="bbox 399 3322 1975 3399">
    <p class='ocr_par' dir='ltr' id='par_1_49' title="bbox 399 3322 1975 3399">
     <span class='ocr_line' id='line_1_49' title="bbox 399 3322 1975 3399; baseline 0.013 -28"><span class='ocrx_word' id='word_1_364' title='bbox 399 3335 557 3374; x_wconf 90' lang='lat' dir='ltr'><strong>nosse</strong></span> <span class='ocrx_word' id='word_1_365' title='bbox 582 3325 860 3390; x_wconf 88' lang='lat' dir='ltr'><strong>quomodo</strong></span> <span class='ocrx_word' id='word_1_366' title='bbox 885 3325 1044 3379; x_wconf 88' lang='lat' dir='ltr'><strong>Pater</strong></span> <span class='ocrx_word' id='word_1_367' title='bbox 1068 3343 1224 3381; x_wconf 89' lang='lat' dir='ltr'><strong>meus</strong></span> <span class='ocrx_word' id='word_1_368' title='bbox 1261 3330 1434 3399; x_wconf 84' lang='lat' dir='ltr'><strong>major</strong></span> <span class='ocrx_word' id='word_1_369' title='bbox 1464 3347 1550 3386; x_wconf 89' lang='lat' dir='ltr'><strong>me</strong></span> <span class='ocrx_word' id='word_1_370' title='bbox 1589 3335 1677 3396; x_wconf 89' lang='lat' dir='ltr'><strong>sit,</strong></span> <span class='ocrx_word' id='word_1_371' title='bbox 1711 3335 1777 3390; x_wconf 90' lang='lat' dir='ltr'><strong>de</strong></span> <span class='ocrx_word' id='word_1_372' title='bbox 1811 3322 1975 3392; x_wconf 82' lang='lat' dir='ltr'><strong>carne</strong></span> 
     </span>
    </p>
   </div>
   <div class='ocr_carea' id='block_1_50' title="bbox 396 3412 1975 3496">
    <p class='ocr_par' dir='ltr' id='par_1_50' title="bbox 396 3412 1975 3496">
     <span class='ocr_line' id='line_1_50' title="bbox 396 3412 1975 3496; baseline 0.013 -32"><span class='ocrx_word' id='word_1_373' title='bbox 396 3412 531 3477; x_wconf 78' lang='lat' dir='ltr'><strong>dixi,</strong></span> <span class='ocrx_word' id='word_1_374' title='bbox 555 3423 613 3467; x_wconf 87' lang='lat' dir='ltr'><strong>et</strong></span> <span class='ocrx_word' id='word_1_375' title='bbox 644 3431 752 3468; x_wconf 89' lang='lat' dir='ltr'><strong>non</strong></span> <span class='ocrx_word' id='word_1_376' title='bbox 790 3417 856 3470; x_wconf 89' lang='lat' dir='ltr'><strong>de</strong></span> <span class='ocrx_word' id='word_1_377' title='bbox 898 3434 1133 3486; x_wconf 76' lang='lat' dir='ltr'><strong>persona</strong></span> <span class='ocrx_word' id='word_1_378' title='bbox 1168 3421 1494 3478; x_wconf 86' lang='lat' dir='ltr'><strong>divinitatis.</strong></span> <span class='ocrx_word' id='word_1_379' title='bbox 1522 3456 1590 3464; x_wconf 90' lang='lat'><strong>—-</strong></span> <span class='ocrx_word' id='word_1_380' title='bbox 1612 3427 1885 3496; x_wconf 77' lang='lat' dir='ltr'><strong>Ejusdem,</strong></span> <span class='ocrx_word' id='word_1_381' title='bbox 1911 3447 1975 3484; x_wconf 78' lang='lat' dir='ltr'><strong>ex</strong></span> 
     </span>
    </p>
   </div>
   <div class='ocr_carea' id='block_1_51' title="bbox 391 3508 1974 3589">
    <p class='ocr_par' dir='ltr' id='par_1_51' title="bbox 391 3508 1974 3589">
     <span class='ocr_line' id='line_1_51' title="bbox 391 3508 1974 3589; baseline 0.009 -31"><span class='ocrx_word' id='word_1_382' title='bbox 391 3522 633 3559; x_wconf 82' lang='lat' dir='ltr'><strong>sermone</strong></span> <span class='ocrx_word' id='word_1_383' title='bbox 683 3508 736 3560; x_wconf 86' lang='lat' dir='ltr'><strong>in</strong></span> <span class='ocrx_word' id='word_1_384' title='bbox 790 3508 961 3563; x_wconf 83' lang='lat' dir='ltr'><strong>illud:</strong></span> <span class='ocrx_word' id='word_1_385' title='bbox 995 3530 1011 3561; x_wconf 80' lang='grc' dir='ltr'><strong>ι</strong></span> <span class='ocrx_word' id='word_1_386' title='bbox 1047 3510 1164 3564; x_wconf 83' lang='lat' dir='ltr'><strong>Non</strong></span> <span class='ocrx_word' id='word_1_387' title='bbox 1203 3521 1368 3582; x_wconf 78' lang='lat' dir='ltr'><strong>potest</strong></span> <span class='ocrx_word' id='word_1_388' title='bbox 1399 3513 1564 3568; x_wconf 81' lang='lat' dir='ltr'><strong>Filius</strong></span> <span class='ocrx_word' id='word_1_389' title='bbox 1607 3517 1777 3586; x_wconf 77' lang='lat' dir='ltr'><strong>facere</strong></span> <span class='ocrx_word' id='word_1_390' title='bbox 1820 3520 1974 3589; x_wconf 84' lang='lat' dir='ltr'><strong>quid-</strong></span> 
     </span>
    </p>
   </div>
   <div class='ocr_carea' id='block_1_52' title="bbox 395 3598 1976 3667">
    <p class='ocr_par' dir='ltr' id='par_1_52' title="bbox 395 3598 1976 3667">
     <span class='ocr_line' id='line_1_52' title="bbox 395 3598 1976 3667; baseline 0.009 -18"><span class='ocrx_word' id='word_1_391' title='bbox 395 3614 556 3667; x_wconf 72' lang='lat' dir='ltr'><strong>quam</strong></span> <span class='ocrx_word' id='word_1_392' title='bbox 595 3598 658 3651; x_wconf 85' lang='lat'><strong>‘°.</strong></span> <span class='ocrx_word' id='word_1_393' title='bbox 700 3598 934 3665; x_wconf 70' lang='lat' dir='ltr'><strong>iQualis</strong></span> <span class='ocrx_word' id='word_1_394' title='bbox 969 3600 1021 3653; x_wconf 90' lang='lat' dir='ltr'><strong>in</strong></span> <span class='ocrx_word' id='word_1_395' title='bbox 1066 3602 1222 3656; x_wconf 75' lang='lat' dir='ltr'><strong>cmlis</strong></span> <span class='ocrx_word' id='word_1_396' title='bbox 1251 3603 1576 3660; x_wconf 86' lang='lat' dir='ltr'><strong>inobediens</strong></span> <span class='ocrx_word' id='word_1_397' title='bbox 1618 3607 1721 3661; x_wconf 77' lang='lat' dir='ltr'><strong>fuit</strong></span> <span class='ocrx_word' id='word_1_398' title='bbox 1767 3609 1976 3664; x_wconf 80' lang='lat' dir='ltr'><strong>Adam?</strong></span> 
     </span>
    </p>
   </div>
   <div class='ocr_carea' id='block_1_53' title="bbox 391 3687 1974 3770">
    <p class='ocr_par' dir='ltr' id='par_1_53' title="bbox 391 3687 1974 3770">
     <span class='ocr_line' id='line_1_53' title="bbox 391 3687 1974 3770; baseline 0.01 -30"><span class='ocrx_word' id='word_1_399' title='bbox 391 3687 580 3754; x_wconf 79' lang='lat' dir='ltr'><strong>Qualis</strong></span> <span class='ocrx_word' id='word_1_400' title='bbox 605 3704 740 3742; x_wconf 82' lang='lat' dir='ltr'><strong>vero</strong></span> <span class='ocrx_word' id='word_1_401' title='bbox 779 3705 843 3743; x_wconf 81' lang='lat' dir='ltr'><strong>ex</strong></span> <span class='ocrx_word' id='word_1_402' title='bbox 872 3691 1082 3745; x_wconf 73' lang='lat' dir='ltr'><strong>cmlesti</strong></span> <span class='ocrx_word' id='word_1_403' title='bbox 1121 3708 1353 3762; x_wconf 88' lang='lat' dir='ltr'><strong>corpore</strong></span> <span class='ocrx_word' id='word_1_404' title='bbox 1378 3695 1645 3752; x_wconf 82' lang='lat' dir='ltr'><strong>formatus</strong></span> <span class='ocrx_word' id='word_1_405' title='bbox 1661 3705 1744 3753; x_wconf 87' lang='lat' dir='ltr'><strong>est</strong></span> <span class='ocrx_word' id='word_1_406' title='bbox 1773 3710 1974 3770; x_wconf 64' lang='lat' dir='ltr'><strong>praeter</strong></span> 
     </span>
    </p>
   </div>
   <div class='ocr_carea' id='block_1_54' title="bbox 393 3781 1974 3854">
    <p class='ocr_par' dir='ltr' id='par_1_54' title="bbox 393 3781 1974 3854">
     <span class='ocr_line' id='line_1_54' title="bbox 393 3781 1974 3854; baseline 0.008 -22"><span class='ocrx_word' id='word_1_407' title='bbox 393 3781 623 3850; x_wconf 79' lang='lat' dir='ltr'><strong>primam</strong></span> <span class='ocrx_word' id='word_1_408' title='bbox 658 3781 1043 3836; x_wconf 83' lang='lat' dir='ltr'><strong>formationem</strong></span> <span class='ocrx_word' id='word_1_409' title='bbox 1077 3785 1090 3801; x_wconf 84' lang='lat'><strong><em>&#39;</em></strong></span> <span class='ocrx_word' id='word_1_410' title='bbox 1123 3785 1529 3854; x_wconf 84' lang='lat' dir='ltr'><strong>protoplastus?</strong></span> <span class='ocrx_word' id='word_1_411' title='bbox 1561 3789 1666 3842; x_wconf 88' lang='lat' dir='ltr'><strong>Sed</strong></span> <span class='ocrx_word' id='word_1_412' title='bbox 1710 3789 1974 3845; x_wconf 81' lang='lat' dir='ltr'><strong>formatus</strong></span> 
     </span>
    </p>
   </div>
   <div class='ocr_carea' id='block_1_55' title="bbox 392 3871 1969 3946">
    <p class='ocr_par' dir='ltr' id='par_1_55' title="bbox 392 3871 1969 3946">
     <span class='ocr_line' id='line_1_55' title="bbox 392 3871 1969 3946; baseline 0.006 -21"><span class='ocrx_word' id='word_1_413' title='bbox 392 3879 477 3926; x_wconf 85' lang='lat' dir='ltr'><strong>est</strong></span> <span class='ocrx_word' id='word_1_414' title='bbox 500 3871 658 3924; x_wconf 90' lang='lat' dir='ltr'><strong>initio</strong></span> <span class='ocrx_word' id='word_1_415' title='bbox 690 3872 783 3940; x_wconf 88' lang='lat' dir='ltr'><strong>qui</strong></span> <span class='ocrx_word' id='word_1_416' title='bbox 811 3888 876 3925; x_wconf 79' lang='lat' dir='ltr'><strong>ex</strong></span> <span class='ocrx_word' id='word_1_417' title='bbox 903 3882 1068 3936; x_wconf 87' lang='lat' dir='ltr'><strong>terra,</strong></span> <span class='ocrx_word' id='word_1_418' title='bbox 1093 3873 1418 3928; x_wconf 86' lang='lat' dir='ltr'><strong>inobediens</strong></span> <span class='ocrx_word' id='word_1_419' title='bbox 1447 3876 1551 3928; x_wconf 81' lang='lat' dir='ltr'><strong>fuit</strong></span> <span class='ocrx_word' id='word_1_420' title='bbox 1586 3879 1678 3946; x_wconf 89' lang='lat' dir='ltr'><strong>qui</strong></span> <span class='ocrx_word' id='word_1_421' title='bbox 1708 3895 1773 3932; x_wconf 83' lang='lat' dir='ltr'><strong>ex</strong></span> <span class='ocrx_word' id='word_1_422' title='bbox 1806 3887 1969 3946; x_wconf 89' lang='lat' dir='ltr'><strong>terra,</strong></span> 
     </span>
    </p>
   </div>
   <div class='ocr_carea' id='block_1_56' title="bbox 394 3963 1974 4032">
    <p class='ocr_par' dir='ltr' id='par_1_56' title="bbox 394 3963 1974 4032">
     <span class='ocr_line' id='line_1_56' title="bbox 394 3963 1974 4032; baseline 0.009 -19"><span class='ocrx_word' id='word_1_423' title='bbox 394 3971 710 4031; x_wconf 85' lang='lat' dir='ltr'><strong>assumptus</strong></span> <span class='ocrx_word' id='word_1_424' title='bbox 735 3971 818 4016; x_wconf 82' lang='lat' dir='ltr'><strong>est</strong></span> <span class='ocrx_word' id='word_1_425' title='bbox 845 3964 939 4032; x_wconf 88' lang='lat' dir='ltr'><strong>qui</strong></span> <span class='ocrx_word' id='word_1_426' title='bbox 965 3979 1030 4016; x_wconf 80' lang='lat' dir='ltr'><strong>ex</strong></span> <span class='ocrx_word' id='word_1_427' title='bbox 1060 3971 1224 4016; x_wconf 88' lang='lat' dir='ltr'><strong>terra.</strong></span> <span class='ocrx_word' id='word_1_428' title='bbox 1252 3963 1378 4018; x_wconf 85' lang='lat' dir='ltr'><strong>Ideo</strong></span> <span class='ocrx_word' id='word_1_429' title='bbox 1402 3966 1566 4019; x_wconf 88' lang='lat' dir='ltr'><strong>etiam</strong></span> <span class='ocrx_word' id='word_1_430' title='bbox 1605 3978 1856 4026; x_wconf 87' lang='lat' dir='ltr'><strong>servatus</strong></span> <span class='ocrx_word' id='word_1_431' title='bbox 1889 3983 1974 4028; x_wconf 90' lang='lat' dir='ltr'><strong>est</strong></span> 
     </span>
    </p>
   </div>
   <div class='ocr_carea' id='block_1_57' title="bbox 393 4053 1972 4120">
    <p class='ocr_par' dir='ltr' id='par_1_57' title="bbox 393 4053 1972 4120">
     <span class='ocr_line' id='line_1_57' title="bbox 393 4053 1972 4120; baseline 0.009 -16"><span class='ocrx_word' id='word_1_432' title='bbox 393 4053 489 4120; x_wconf 86' lang='lat' dir='ltr'><strong>qui</strong></span> <span class='ocrx_word' id='word_1_433' title='bbox 523 4067 589 4106; x_wconf 76' lang='lat' dir='ltr'><strong>ex</strong></span> <span class='ocrx_word' id='word_1_434' title='bbox 621 4061 786 4119; x_wconf 88' lang='lat' dir='ltr'><strong>terra,</strong></span> <span class='ocrx_word' id='word_1_435' title='bbox 830 4065 891 4108; x_wconf 89' lang='lat' dir='ltr'><strong>ut</strong></span> <span class='ocrx_word' id='word_1_436' title='bbox 921 4056 995 4109; x_wconf 85' lang='lat' dir='ltr'><strong>ita</strong></span> <span class='ocrx_word' id='word_1_437' title='bbox 1037 4055 1198 4109; x_wconf 88' lang='lat' dir='ltr'><strong>simul</strong></span> <span class='ocrx_word' id='word_1_438' title='bbox 1227 4071 1358 4110; x_wconf 85' lang='lat' dir='ltr'><strong>vera</strong></span> <span class='ocrx_word' id='word_1_439' title='bbox 1380 4065 1434 4111; x_wconf 89' lang='lat' dir='ltr'><strong>et</strong></span> <span class='ocrx_word' id='word_1_440' title='bbox 1460 4062 1765 4115; x_wconf 88' lang='lat' dir='ltr'><strong>necessaria</strong></span> <span class='ocrx_word' id='word_1_441' title='bbox 1785 4064 1972 4119; x_wconf 87' lang='lat' dir='ltr'><strong>videa-</strong></span> 
     </span>
    </p>
   </div>
   <div class='ocr_carea' id='block_1_58' title="bbox 395 4142 1112 4211">
    <p class='ocr_par' dir='ltr' id='par_1_58' title="bbox 395 4142 1112 4211">
     <span class='ocr_line' id='line_1_58' title="bbox 395 4142 1112 4211; baseline -0.001 -16"><span class='ocrx_word' id='word_1_442' title='bbox 395 4152 487 4195; x_wconf 88' lang='lat' dir='ltr'><strong>tur</strong></span> <span class='ocrx_word' id='word_1_443' title='bbox 513 4142 940 4211; x_wconf 88' lang='lat' dir='ltr'><strong>dispensationis</strong></span> <span class='ocrx_word' id='word_1_444' title='bbox 960 4145 1112 4198; x_wconf 86' lang='lat' dir='ltr'><strong>ratio.</strong></span> 
     </span>
    </p>
   </div>
   <div class='ocr_carea' id='block_1_59' title="bbox 527 4356 1839 4434">
    <p class='ocr_par' dir='ltr' id='par_1_59' title="bbox 527 4356 1839 4434">
     <span class='ocr_line' id='line_1_59' title="bbox 527 4356 1839 4434; baseline 0.005 -23"><span class='ocrx_word' id='word_1_445' title='bbox 527 4357 713 4412; x_wconf 84' lang='lat' dir='ltr'><strong>Sancti</strong></span> <span class='ocrx_word' id='word_1_446' title='bbox 736 4356 962 4412; x_wconf 80' lang='lat' dir='ltr'><strong>Joannis</strong></span> <span class='ocrx_word' id='word_1_447' title='bbox 993 4362 1220 4432; x_wconf 82' lang='lat' dir='ltr'><strong>episcopi</strong></span> <span class='ocrx_word' id='word_1_448' title='bbox 1245 4360 1839 4434; x_wconf 77' lang='lat' dir='ltr'><strong>Constantinopolitani.</strong></span> 
     </span>
    </p>
   </div>
   <div class='ocr_carea' id='block_1_60' title="bbox 467 4555 1975 4627">
    <p class='ocr_par' dir='ltr' id='par_1_60' title="bbox 467 4555 1975 4627">
     <span class='ocr_line' id='line_1_60' title="bbox 467 4555 1975 4627; baseline 0 -18"><span class='ocrx_word' id='word_1_449' title='bbox 467 4555 550 4609; x_wconf 75' lang='lat' dir='ltr'><strong>Ex</strong></span> <span class='ocrx_word' id='word_1_450' title='bbox 576 4556 817 4608; x_wconf 84' lang='lat' dir='ltr'><strong>oratione</strong></span> <span class='ocrx_word' id='word_1_451' title='bbox 837 4571 998 4624; x_wconf 84' lang='lat' dir='ltr'><strong>quam</strong></span> <span class='ocrx_word' id='word_1_452' title='bbox 1020 4557 1221 4620; x_wconf 82' lang='lat' dir='ltr'><strong>habuit,</strong></span> <span class='ocrx_word' id='word_1_453' title='bbox 1252 4572 1369 4609; x_wconf 85' lang='lat' dir='ltr'><strong>cum</strong></span> <span class='ocrx_word' id='word_1_454' title='bbox 1393 4557 1590 4613; x_wconf 84' lang='lat' dir='ltr'><strong>Gothus</strong></span> <span class='ocrx_word' id='word_1_455' title='bbox 1615 4556 1819 4627; x_wconf 82' lang='lat' dir='ltr'><strong>legatus</strong></span> <span class='ocrx_word' id='word_1_456' title='bbox 1850 4567 1975 4611; x_wconf 86' lang='lat' dir='ltr'><strong>ante</strong></span> 
     </span>
    </p>
   </div>
   <div class='ocr_carea' id='block_1_61' title="bbox 2076 2063 3655 2135">
    <p class='ocr_par' dir='ltr' id='par_1_61' title="bbox 2076 2063 3655 2135">
     <span class='ocr_line' id='line_1_61' title="bbox 2076 2063 3655 2135; baseline 0.004 -21"><span class='ocrx_word' id='word_1_457' title='bbox 2076 2065 2196 2116; x_wconf 83' lang='grc' dir='ltr'>κατ’</span> <span class='ocrx_word' id='word_1_458' title='bbox 2215 2063 2487 2116; x_wconf 76' lang='grc' dir='ltr'>ἔκπτωσιν</span> <span class='ocrx_word' id='word_1_459' title='bbox 2509 2064 2572 2115; x_wconf 83' lang='grc' dir='ltr'>ὲκ</span> <span class='ocrx_word' id='word_1_460' title='bbox 2596 2063 2730 2115; x_wconf 77' lang='grc' dir='ltr'>Θεοῦ</span> <span class='ocrx_word' id='word_1_461' title='bbox 2761 2063 2984 2131; x_wconf 83' lang='grc' dir='ltr'>γέγονεν</span> <span class='ocrx_word' id='word_1_462' title='bbox 3011 2064 3294 2135; x_wconf 85' lang='grc' dir='ltr'>άνθρωπος</span> <span class='ocrx_word' id='word_1_463' title='bbox 3315 2107 3329 2127; x_wconf 85' lang='grc'><strong>.</strong></span> <span class='ocrx_word' id='word_1_464' title='bbox 3364 2067 3487 2120; x_wconf 75' lang='grc' dir='ltr'>οὔτε</span> <span class='ocrx_word' id='word_1_465' title='bbox 3514 2069 3655 2121; x_wconf 72' lang='grc' dir='ltr'>κατὰ</span> 
     </span>
    </p>
   </div>
   <div class='ocr_carea' id='block_1_62' title="bbox 2077 2153 3653 2230">
    <p class='ocr_par' dir='ltr' id='par_1_62' title="bbox 2077 2153 3653 2230">
     <span class='ocr_line' id='line_1_62' title="bbox 2077 2153 3653 2230; baseline 0.003 -23"><span class='ocrx_word' id='word_1_466' title='bbox 2077 2155 2359 2225; x_wconf 78' lang='grc' dir='ltr'>προκοπὴν</span> <span class='ocrx_word' id='word_1_467' title='bbox 2384 2154 2443 2218; x_wconf 76' lang='grc' dir='ltr'>ἐξ</span> <span class='ocrx_word' id='word_1_468' title='bbox 2465 2153 2750 2224; x_wconf 84' lang='grc' dir='ltr'>ἀνθρώπου</span> <span class='ocrx_word' id='word_1_469' title='bbox 2779 2154 2930 2216; x_wconf 74' lang='grc' dir='ltr'>Θεός.</span> <span class='ocrx_word' id='word_1_470' title='bbox 2964 2156 3092 2206; x_wconf 71' lang='grc' dir='ltr'>Θεὸν</span> <span class='ocrx_word' id='word_1_471' title='bbox 3117 2157 3224 2228; x_wconf 80' lang='grc' dir='ltr'><strong>γάρ</strong></span> <span class='ocrx_word' id='word_1_472' title='bbox 3249 2159 3341 2210; x_wconf 74' lang='grc' dir='ltr'><strong>καὶ</strong></span> <span class='ocrx_word' id='word_1_473' title='bbox 3367 2159 3653 2230; x_wconf 74' lang='grc' dir='ltr'>ἄνθρωπον</span> 
     </span>
    </p>
   </div>
   <div class='ocr_carea' id='block_1_63' title="bbox 2075 2245 3653 2320">
    <p class='ocr_par' dir='ltr' id='par_1_63' title="bbox 2075 2245 3653 2320">
     <span class='ocr_line' id='line_1_63' title="bbox 2075 2245 3653 2320; baseline 0.003 -20"><span class='ocrx_word' id='word_1_474' title='bbox 2075 2246 2238 2316; x_wconf 84' lang='grc' dir='ltr'>λέγω.</span> <span class='ocrx_word' id='word_1_475' title='bbox 2283 2248 2454 2300; x_wconf 84' lang='grc' dir='ltr'>Ὅταν</span> <span class='ocrx_word' id='word_1_476' title='bbox 2507 2247 2564 2299; x_wconf 82' lang='grc' dir='ltr'>δὲ</span> <span class='ocrx_word' id='word_1_477' title='bbox 2609 2246 2679 2299; x_wconf 78' lang='grc' dir='ltr'><strong>τὰ</strong></span> <span class='ocrx_word' id='word_1_478' title='bbox 2727 2246 3029 2316; x_wconf 78' lang='grc' dir='ltr'>παθήματα</span> <span class='ocrx_word' id='word_1_479' title='bbox 3073 2250 3138 2319; x_wconf 84' lang='grc' dir='ltr'>τῇ</span> <span class='ocrx_word' id='word_1_480' title='bbox 3182 2245 3378 2320; x_wconf 62' lang='grc' dir='ltr'>σαρκὶ,</span> <span class='ocrx_word' id='word_1_481' title='bbox 3434 2253 3527 2304; x_wconf 57' lang='grc' dir='ltr'><strong>κοιλ⁸</strong></span> <span class='ocrx_word' id='word_1_482' title='bbox 3583 2252 3653 2304; x_wconf 78' lang='grc' dir='ltr'>τὰ</span> 
     </span>
    </p>
   </div>
   <div class='ocr_carea' id='block_1_64' title="bbox 2077 2337 3649 2412">
    <p class='ocr_par' dir='ltr' id='par_1_64' title="bbox 2077 2337 3649 2412">
     <span class='ocr_line' id='line_1_64' title="bbox 2077 2337 3649 2412; baseline 0.003 -19"><span class='ocrx_word' id='word_1_483' title='bbox 2077 2339 2332 2409; x_wconf 79' lang='grc' dir='ltr'>θαύματα</span> <span class='ocrx_word' id='word_1_484' title='bbox 2360 2337 2437 2408; x_wconf 82' lang='grc' dir='ltr'><strong>τῷ</strong></span> <span class='ocrx_word' id='word_1_485' title='bbox 2467 2338 2584 2409; x_wconf 86' lang='grc' dir='ltr'>Θεῷ</span> <span class='ocrx_word' id='word_1_486' title='bbox 2615 2337 2751 2408; x_wconf 87' lang='grc' dir='ltr'>δῷς,</span> <span class='ocrx_word' id='word_1_487' title='bbox 2791 2338 3006 2410; x_wconf 84' lang='grc' dir='ltr'>ἀνάγκῃ</span> <span class='ocrx_word' id='word_1_488' title='bbox 3036 2341 3130 2394; x_wconf 71' lang='grc' dir='ltr'><strong>καὶ</strong></span> <span class='ocrx_word' id='word_1_489' title='bbox 3167 2341 3241 2412; x_wconf 78' lang='grc' dir='ltr'><strong>μὴ</strong></span> <span class='ocrx_word' id='word_1_490' title='bbox 3272 2343 3442 2397; x_wconf 80' lang='grc' dir='ltr'>θέλων</span> <span class='ocrx_word' id='word_1_491' title='bbox 3472 2343 3649 2408; x_wconf 84' lang='grc' dir='ltr'>δίδως.</span> 
     </span>
    </p>
   </div>
   <div class='ocr_carea' id='block_1_65' title="bbox 2075 2429 3650 2504">
    <p class='ocr_par' dir='ltr' id='par_1_65' title="bbox 2075 2429 3650 2504">
     <span class='ocr_line' id='line_1_65' title="bbox 2075 2429 3650 2504; baseline 0.001 -21"><span class='ocrx_word' id='word_1_492' title='bbox 2075 2431 2200 2494; x_wconf 82' lang='grc' dir='ltr'>τοὺς</span> <span class='ocrx_word' id='word_1_493' title='bbox 2233 2430 2330 2501; x_wconf 83' lang='grc' dir='ltr'>μὲν</span> <span class='ocrx_word' id='word_1_494' title='bbox 2359 2431 2650 2492; x_wconf 79' lang='grc' dir='ltr'>ταπεινοὺς</span> <span class='ocrx_word' id='word_1_495' title='bbox 2688 2429 2880 2497; x_wconf 81' lang='grc' dir='ltr'><strong>λόγους</strong></span> <span class='ocrx_word' id='word_1_496' title='bbox 2909 2429 2986 2500; x_wconf 78' lang='grc' dir='ltr'>τῷ</span> <span class='ocrx_word' id='word_1_497' title='bbox 3019 2433 3082 2483; x_wconf 79' lang='grc' dir='ltr'><strong>ἐκ</strong></span> <span class='ocrx_word' id='word_1_498' title='bbox 3117 2433 3333 2503; x_wconf 81' lang='grc' dir='ltr'>Μαρίας</span> <span class='ocrx_word' id='word_1_499' title='bbox 3360 2435 3650 2504; x_wconf 78' lang='grc' dir='ltr'><strong>ἀνθρώπῳ,</strong></span> 
     </span>
    </p>
   </div>
   <div class='ocr_carea' id='block_1_66' title="bbox 2075 2519 3652 2594">
    <p class='ocr_par' dir='ltr' id='par_1_66' title="bbox 2075 2519 3652 2594">
     <span class='ocr_line' id='line_1_66' title="bbox 2075 2519 3652 2594; baseline 0.001 -20"><span class='ocrx_word' id='word_1_500' title='bbox 2075 2521 2201 2584; x_wconf 69' lang='grc' dir='ltr'>τοὺς</span> <span class='ocrx_word' id='word_1_501' title='bbox 2239 2520 2296 2574; x_wconf 77' lang='grc' dir='ltr'><strong>δὲ</strong></span> <span class='ocrx_word' id='word_1_502' title='bbox 2347 2521 2691 2591; x_wconf 70' lang='grc' dir='ltr'>ἀνηγμένους</span> <span class='ocrx_word' id='word_1_503' title='bbox 2746 2519 2839 2572; x_wconf 78' lang='grc' dir='ltr'><strong>καὶ</strong></span> <span class='ocrx_word' id='word_1_504' title='bbox 2897 2519 3232 2591; x_wconf 84' lang='grc' dir='ltr'>θεοπρεπεῖς</span> <span class='ocrx_word' id='word_1_505' title='bbox 3279 2523 3360 2593; x_wconf 81' lang='grc' dir='ltr'>τῷ</span> <span class='ocrx_word' id='word_1_506' title='bbox 3398 2525 3455 2575; x_wconf 81' lang='grc' dir='ltr'><strong>ὲν</strong></span> <span class='ocrx_word' id='word_1_507' title='bbox 3513 2526 3652 2594; x_wconf 82' lang='grc' dir='ltr'>ἀρχῇ</span> 
     </span>
    </p>
   </div>
   <div class='ocr_carea' id='block_1_67' title="bbox 2075 2611 3649 2685">
    <p class='ocr_par' dir='ltr' id='par_1_67' title="bbox 2075 2611 3649 2685">
     <span class='ocr_line' id='line_1_67' title="bbox 2075 2611 3649 2685; baseline 0.001 -19"><span class='ocrx_word' id='word_1_508' title='bbox 2075 2613 2188 2666; x_wconf 76' lang='grc' dir='ltr'>ὄντι</span> <span class='ocrx_word' id='word_1_509' title='bbox 2222 2615 2398 2682; x_wconf 86' lang='grc' dir='ltr'>Λόγῳ.</span> <span class='ocrx_word' id='word_1_510' title='bbox 2435 2611 2535 2665; x_wconf 83' lang='grc' dir='ltr'>Διὰ</span> <span class='ocrx_word' id='word_1_511' title='bbox 2569 2611 2727 2664; x_wconf 81' lang='grc' dir='ltr'>τοῦτο</span> <span class='ocrx_word' id='word_1_512' title='bbox 2761 2612 2871 2682; x_wconf 77' lang='grc' dir='ltr'>γὰρ</span> <span class='ocrx_word' id='word_1_513' title='bbox 2915 2613 2992 2682; x_wconf 80' lang='grc' dir='ltr'>πῆ</span> <span class='ocrx_word' id='word_1_514' title='bbox 3033 2613 3134 2683; x_wconf 82' lang='grc' dir='ltr'><strong>μὲν</strong></span> <span class='ocrx_word' id='word_1_515' title='bbox 3179 2614 3539 2684; x_wconf 79' lang='grc' dir='ltr'>ἀνηγμένους,</span> <span class='ocrx_word' id='word_1_516' title='bbox 3574 2619 3649 2685; x_wconf 89' lang='grc' dir='ltr'>πῆ</span> 
     </span>
    </p>
   </div>
   <div class='ocr_carea' id='block_1_68' title="bbox 2075 2703 3654 2776">
    <p class='ocr_par' dir='ltr' id='par_1_68' title="bbox 2075 2703 3654 2776">
     <span class='ocr_line' id='line_1_68' title="bbox 2075 2703 3654 2776; baseline 0.001 -18"><span class='ocrx_word' id='word_1_517' title='bbox 2075 2705 2133 2758; x_wconf 83' lang='grc' dir='ltr'><strong>δὲ</strong></span> <span class='ocrx_word' id='word_1_518' title='bbox 2177 2705 2465 2767; x_wconf 80' lang='grc' dir='ltr'>ταπεινοὺς</span> <span class='ocrx_word' id='word_1_519' title='bbox 2512 2703 2829 2774; x_wconf 82' lang='grc' dir='ltr'>φθέγγομαι</span> <span class='ocrx_word' id='word_1_520' title='bbox 2876 2703 2990 2774; x_wconf 68' lang='lat'><strong>(85)</strong></span> <span class='ocrx_word' id='word_1_521' title='bbox 3020 2703 3242 2772; x_wconf 84' lang='grc' dir='ltr'>λόγους,</span> <span class='ocrx_word' id='word_1_522' title='bbox 3294 2705 3378 2758; x_wconf 81' lang='grc' dir='ltr'><strong>ἵνα</strong></span> <span class='ocrx_word' id='word_1_523' title='bbox 3427 2705 3514 2758; x_wconf 83' lang='grc' dir='ltr'><strong>διὰ</strong></span> <span class='ocrx_word' id='word_1_524' title='bbox 3556 2708 3654 2776; x_wconf 61' lang='grc' dir='ltr'><strong>μὲν</strong></span> 
     </span>
    </p>
   </div>
   <div class='ocr_carea' id='block_1_69' title="bbox 2077 2793 3652 2866">
    <p class='ocr_par' dir='ltr' id='par_1_69' title="bbox 2077 2793 3652 2866">
     <span class='ocr_line' id='line_1_69' title="bbox 2077 2793 3652 2866; baseline 0.001 -17"><span class='ocrx_word' id='word_1_525' title='bbox 2077 2797 2184 2849; x_wconf 79' lang='grc' dir='ltr'>τῶν</span> <span class='ocrx_word' id='word_1_526' title='bbox 2217 2794 2436 2866; x_wconf 70' lang='grc' dir='ltr'>ὑψηλῶν</span> <span class='ocrx_word' id='word_1_527' title='bbox 2475 2795 2569 2848; x_wconf 79' lang='grc' dir='ltr'>τοῦ</span> <span class='ocrx_word' id='word_1_528' title='bbox 2627 2793 2964 2858; x_wconf 74' lang='grc' dir='ltr'>ἐνοικοῦντος</span> <span class='ocrx_word' id='word_1_529' title='bbox 3001 2796 3175 2864; x_wconf 87' lang='grc' dir='ltr'>Λόγου</span> <span class='ocrx_word' id='word_1_530' title='bbox 3207 2795 3362 2861; x_wconf 80' lang='grc' dir='ltr'>δείξω</span> <span class='ocrx_word' id='word_1_531' title='bbox 3396 2797 3494 2866; x_wconf 84' lang='grc' dir='ltr'><strong>τὴν</strong></span> <span class='ocrx_word' id='word_1_532' title='bbox 3527 2814 3652 2862; x_wconf 71' lang='grc' dir='ltr'>συγο</span> 
     </span>
    </p>
   </div>
   <div class='ocr_carea' id='block_1_70' title="bbox 2077 2887 3655 2962">
    <p class='ocr_par' dir='ltr' id='par_1_70' title="bbox 2077 2887 3655 2962">
     <span class='ocr_line' id='line_1_70' title="bbox 2077 2887 3655 2962; baseline 0 -20"><span class='ocrx_word' id='word_1_533' title='bbox 2077 2889 2314 2957; x_wconf 78' lang='grc' dir='ltr'>γένειαν,</span> <span class='ocrx_word' id='word_1_534' title='bbox 2344 2887 2434 2942; x_wconf 71' lang='grc' dir='ltr'>διὰ</span> <span class='ocrx_word' id='word_1_535' title='bbox 2461 2887 2517 2941; x_wconf 84' lang='grc' dir='ltr'><strong>δὲ</strong></span> <span class='ocrx_word' id='word_1_536' title='bbox 2549 2887 2654 2941; x_wconf 85' lang='grc' dir='ltr'><strong>τῶν</strong></span> <span class='ocrx_word' id='word_1_537' title='bbox 2687 2888 2982 2954; x_wconf 84' lang='grc' dir='ltr'>ταπεινῶν,</span> <span class='ocrx_word' id='word_1_538' title='bbox 3016 2889 3115 2958; x_wconf 80' lang='grc' dir='ltr'>τῆς</span> <span class='ocrx_word' id='word_1_539' title='bbox 3145 2890 3404 2959; x_wconf 67' lang='grc' dir='ltr'>ταπεινῆς</span> <span class='ocrx_word' id='word_1_540' title='bbox 3450 2890 3655 2962; x_wconf 71' lang='grc' dir='ltr'>σαρκὸς</span> 
     </span>
    </p>
   </div>
   <div class='ocr_carea' id='block_1_71' title="bbox 2078 2979 3652 3053">
    <p class='ocr_par' dir='ltr' id='par_1_71' title="bbox 2078 2979 3652 3053">
     <span class='ocr_line' id='line_1_71' title="bbox 2078 2979 3652 3053; baseline 0 -19"><span class='ocrx_word' id='word_1_541' title='bbox 2078 2981 2331 3053; x_wconf 84' lang='grc' dir='ltr'>γνωρίσω</span> <span class='ocrx_word' id='word_1_542' title='bbox 2373 2981 2470 3052; x_wconf 79' lang='grc' dir='ltr'>τὴν</span> <span class='ocrx_word' id='word_1_543' title='bbox 2502 2980 2808 3036; x_wconf 81' lang='grc' dir='ltr'>ἀσθένειαν.</span> <span class='ocrx_word' id='word_1_544' title='bbox 2839 2979 3004 3033; x_wconf 85' lang='grc' dir='ltr'>Ὅθεν</span> <span class='ocrx_word' id='word_1_545' title='bbox 3031 2979 3107 3049; x_wconf 83' lang='grc' dir='ltr'>πῆ</span> <span class='ocrx_word' id='word_1_546' title='bbox 3146 2980 3243 3049; x_wconf 83' lang='grc' dir='ltr'><strong>μὲν</strong></span> <span class='ocrx_word' id='word_1_547' title='bbox 3275 2980 3510 3049; x_wconf 71' lang='grc' dir='ltr'>ἐμαυτὸν</span> <span class='ocrx_word' id='word_1_548' title='bbox 3543 2981 3652 3049; x_wconf 53' lang='grc'><strong>(86)</strong></span> 
     </span>
    </p>
   </div>
   <div class='ocr_carea' id='block_1_72' title="bbox 2081 3070 3650 3145">
    <p class='ocr_par' dir='ltr' id='par_1_72' title="bbox 2081 3070 3650 3145">
     <span class='ocr_line' id='line_1_72' title="bbox 2081 3070 3650 3145; baseline 0 -20"><span class='ocrx_word' id='word_1_549' title='bbox 2081 3073 2196 3125; x_wconf 77' lang='grc' dir='ltr'>ἴσον</span> <span class='ocrx_word' id='word_1_550' title='bbox 2241 3073 2386 3140; x_wconf 79' lang='grc' dir='ltr'>λέγω</span> <span class='ocrx_word' id='word_1_551' title='bbox 2409 3070 2504 3124; x_wconf 79' lang='grc' dir='ltr'>τοῦ</span> <span class='ocrx_word' id='word_1_552' title='bbox 2537 3071 2770 3145; x_wconf 84' lang='grc' dir='ltr'>Πατρὺς,</span> <span class='ocrx_word' id='word_1_553' title='bbox 2809 3071 2887 3141; x_wconf 82' lang='grc' dir='ltr'>πῆ</span> <span class='ocrx_word' id='word_1_554' title='bbox 2917 3072 2975 3124; x_wconf 85' lang='grc' dir='ltr'>δὲ</span> <span class='ocrx_word' id='word_1_555' title='bbox 3023 3071 3245 3141; x_wconf 77' lang='grc' dir='ltr'>μείζονα</span> <span class='ocrx_word' id='word_1_556' title='bbox 3276 3072 3365 3124; x_wconf 83' lang='grc' dir='ltr'><strong>τὸν</strong></span> <span class='ocrx_word' id='word_1_557' title='bbox 3405 3073 3650 3143; x_wconf 75' lang='grc' dir='ltr'>Πατέρα·</span> 
     </span>
    </p>
   </div>
   <div class='ocr_carea' id='block_1_73' title="bbox 2077 3162 3648 3235">
    <p class='ocr_par' dir='ltr' id='par_1_73' title="bbox 2077 3162 3648 3235">
     <span class='ocr_line' id='line_1_73' title="bbox 2077 3162 3648 3235; baseline 0 -18"><span class='ocrx_word' id='word_1_558' title='bbox 2077 3165 2138 3217; x_wconf 79' lang='grc' dir='ltr'><strong>οὐ</strong></span> <span class='ocrx_word' id='word_1_559' title='bbox 2183 3165 2491 3235; x_wconf 87' lang='grc' dir='ltr'>μαχόμενος</span> <span class='ocrx_word' id='word_1_560' title='bbox 2537 3162 2760 3232; x_wconf 74' lang='grc' dir='ltr'>ἐμαυτῷ</span> <span class='ocrx_word' id='word_1_561' title='bbox 2783 3203 2798 3227; x_wconf 95' lang='grc'><strong>,</strong></span> <span class='ocrx_word' id='word_1_562' title='bbox 2835 3162 2970 3216; x_wconf 78' lang='grc' dir='ltr'>ἀλλὰ</span> <span class='ocrx_word' id='word_1_563' title='bbox 3004 3163 3220 3226; x_wconf 76' lang='grc' dir='ltr'>δεικνὺς</span> <span class='ocrx_word' id='word_1_564' title='bbox 3251 3163 3326 3226; x_wconf 87' lang='grc' dir='ltr'><strong>ὡς</strong></span> <span class='ocrx_word' id='word_1_565' title='bbox 3353 3164 3485 3226; x_wconf 84' lang='grc' dir='ltr'>Θεός</span> <span class='ocrx_word' id='word_1_566' title='bbox 3532 3167 3648 3234; x_wconf 82' lang='grc' dir='ltr'>εἰμι</span> 
     </span>
    </p>
   </div>
   <div class='ocr_carea' id='block_1_74' title="bbox 2080 3254 3656 3326">
    <p class='ocr_par' dir='ltr' id='par_1_74' title="bbox 2080 3254 3656 3326">
     <span class='ocr_line' id='line_1_74' title="bbox 2080 3254 3656 3326; baseline 0 -16"><span class='ocrx_word' id='word_1_567' title='bbox 2080 3257 2174 3310; x_wconf 71' lang='grc' dir='ltr'><strong>καὶ</strong></span> <span class='ocrx_word' id='word_1_568' title='bbox 2200 3256 2298 3310; x_wconf 79' lang='grc' dir='ltr'><strong>ἄνθ</strong></span> <span class='ocrx_word' id='word_1_569' title='bbox 2309 3271 2494 3326; x_wconf 86' lang='grc' dir='ltr'>ρωπος</span> <span class='ocrx_word' id='word_1_570' title='bbox 2520 3271 2531 3282; x_wconf 88' lang='grc'><strong>·</strong></span> <span class='ocrx_word' id='word_1_571' title='bbox 2566 3255 2698 3318; x_wconf 80' lang='grc' dir='ltr'>Θεὸς</span> <span class='ocrx_word' id='word_1_572' title='bbox 2733 3255 2829 3324; x_wconf 88' lang='grc' dir='ltr'>μὲν</span> <span class='ocrx_word' id='word_1_573' title='bbox 2861 3257 2925 3307; x_wconf 84' lang='grc' dir='ltr'>ἐκ</span> <span class='ocrx_word' id='word_1_574' title='bbox 2959 3254 3068 3308; x_wconf 84' lang='grc' dir='ltr'><strong>τῶν</strong></span> <span class='ocrx_word' id='word_1_575' title='bbox 3101 3254 3340 3324; x_wconf 74' lang='grc' dir='ltr'>ὑψηλῶν,</span> <span class='ocrx_word' id='word_1_576' title='bbox 3374 3256 3656 3326; x_wconf 80' lang='grc' dir='ltr'>ἄνθρωπος</span> 
     </span>
    </p>
   </div>
   <div class='ocr_carea' id='block_1_75' title="bbox 2003 3308 3657 3413">
    <p class='ocr_par' dir='ltr' id='par_1_75' title="bbox 2003 3308 3657 3413">
     <span class='ocr_line' id='line_1_75' title="bbox 2003 3308 3657 3413; baseline 0.001 -15"><span class='ocrx_word' id='word_1_577' title='bbox 2003 3308 2044 3366; x_wconf 79' lang='lat' dir='ltr'><strong>C</strong></span> <span class='ocrx_word' id='word_1_578' title='bbox 2177 3308 2241 3398; x_wconf 79' lang='grc' dir='ltr'>ὲκ</span> <span class='ocrx_word' id='word_1_579' title='bbox 2425 3308 2744 3398; x_wconf 60' lang='grc' dir='ltr'><strong>ταπεινῶν.ι</strong></span> <span class='ocrx_word' id='word_1_580' title='bbox 2770 3345 2830 3397; x_wconf 78' lang='grc' dir='ltr'><strong>ΕΞ</strong></span> <span class='ocrx_word' id='word_1_581' title='bbox 2883 3343 2940 3396; x_wconf 82' lang='grc' dir='ltr'><strong>δὲ</strong></span> <span class='ocrx_word' id='word_1_582' title='bbox 2977 3308 3168 3413; x_wconf 70' lang='grc' dir='ltr'>θέλητε</span> <span class='ocrx_word' id='word_1_583' title='bbox 3197 3308 3422 3413; x_wconf 60' lang='grc' dir='ltr'><strong>⁸γνῶναι</strong></span> <span class='ocrx_word' id='word_1_584' title='bbox 3473 3308 3587 3408; x_wconf 68' lang='grc' dir='ltr'>πῶς</span> 
     </span>
    </p>
   </div>
   <div class='ocr_carea' id='block_1_76' title="bbox 2078 3431 3653 3504">
    <p class='ocr_par' dir='ltr' id='par_1_76' title="bbox 2078 3431 3653 3504">
     <span class='ocr_line' id='line_1_76' title="bbox 2078 3431 3653 3504; baseline -0.001 -17"><span class='ocrx_word' id='word_1_585' title='bbox 2078 3435 2272 3504; x_wconf 79' lang='grc' dir='ltr'>Πατήρ</span> <span class='ocrx_word' id='word_1_586' title='bbox 2304 3450 2405 3504; x_wconf 89' lang='grc' dir='ltr'><strong>μου</strong></span> <span class='ocrx_word' id='word_1_587' title='bbox 2445 3431 2646 3503; x_wconf 74' lang='grc' dir='ltr'>μείζων</span> <span class='ocrx_word' id='word_1_588' title='bbox 2682 3433 2784 3502; x_wconf 83' lang='grc' dir='ltr'>μού</span> <span class='ocrx_word' id='word_1_589' title='bbox 2819 3433 2987 3497; x_wconf 80' lang='grc' dir='ltr'>ἐστιν,</span> <span class='ocrx_word' id='word_1_590' title='bbox 3018 3435 3081 3486; x_wconf 81' lang='grc' dir='ltr'>ὲκ</span> <span class='ocrx_word' id='word_1_591' title='bbox 3103 3434 3202 3501; x_wconf 79' lang='grc' dir='ltr'><strong>τῆς</strong></span> <span class='ocrx_word' id='word_1_592' title='bbox 3235 3434 3435 3502; x_wconf 74' lang='grc' dir='ltr'>σαρκὸς</span> <span class='ocrx_word' id='word_1_593' title='bbox 3478 3431 3653 3500; x_wconf 79' lang='grc' dir='ltr'>εἷπον,</span> 
     </span>
    </p>
   </div>
   <div class='ocr_carea' id='block_1_77' title="bbox 2079 3523 3655 3594">
    <p class='ocr_par' dir='ltr' id='par_1_77' title="bbox 2079 3523 3655 3594">
     <span class='ocr_line' id='line_1_77' title="bbox 2079 3523 3655 3594; baseline 0 -16"><span class='ocrx_word' id='word_1_594' title='bbox 2079 3527 2173 3578; x_wconf 71' lang='grc' dir='ltr'><strong>καὶ</strong></span> <span class='ocrx_word' id='word_1_595' title='bbox 2202 3525 2302 3578; x_wconf 79' lang='grc' dir='ltr'><strong>οὐκ</strong></span> <span class='ocrx_word' id='word_1_596' title='bbox 2333 3527 2394 3578; x_wconf 83' lang='grc' dir='ltr'>ὲκ</span> <span class='ocrx_word' id='word_1_597' title='bbox 2448 3523 2744 3594; x_wconf 82' lang='grc' dir='ltr'>προσώπου</span> <span class='ocrx_word' id='word_1_598' title='bbox 2780 3525 2877 3594; x_wconf 86' lang='grc' dir='ltr'>τῆς</span> <span class='ocrx_word' id='word_1_599' title='bbox 2907 3524 3180 3594; x_wconf 82' lang='grc' dir='ltr'>θεότητος.</span> <span class='ocrx_word' id='word_1_600' title='bbox 3212 3556 3283 3565; x_wconf 90' lang='grc'><strong><em>-</em></strong></span> <span class='ocrx_word' id='word_1_601' title='bbox 3313 3525 3428 3579; x_wconf 82' lang='grc' dir='ltr'><strong>Τοῦ</strong></span> <span class='ocrx_word' id='word_1_602' title='bbox 3468 3526 3655 3579; x_wconf 75' lang='grc' dir='ltr'>αὐτοῦ</span> 
     </span>
    </p>
   </div>
   <div class='ocr_carea' id='block_1_78' title="bbox 2076 3615 3656 3685">
    <p class='ocr_par' dir='ltr' id='par_1_78' title="bbox 2076 3615 3656 3685">
     <span class='ocr_line' id='line_1_78' title="bbox 2076 3615 3656 3685; baseline 0 -15"><span class='ocrx_word' id='word_1_603' title='bbox 2076 3619 2142 3670; x_wconf 73' lang='grc' dir='ltr'>ἐκ</span> <span class='ocrx_word' id='word_1_604' title='bbox 2188 3617 2291 3671; x_wconf 80' lang='grc' dir='ltr'>τοῦ</span> <span class='ocrx_word' id='word_1_605' title='bbox 2336 3618 2521 3685; x_wconf 74' lang='grc' dir='ltr'>λόγου</span> <span class='ocrx_word' id='word_1_606' title='bbox 2565 3616 2672 3670; x_wconf 86' lang='grc' dir='ltr'>τοῦ</span> <span class='ocrx_word' id='word_1_607' title='bbox 2709 3619 2797 3682; x_wconf 85' lang='grc' dir='ltr'><strong>είς</strong></span> <span class='ocrx_word' id='word_1_608' title='bbox 2830 3617 2918 3680; x_wconf 83' lang='grc' dir='ltr'>τὸ,</span> <span class='ocrx_word' id='word_1_609' title='bbox 2961 3637 2978 3668; x_wconf 80' lang='grc' dir='ltr'><strong>ι</strong></span> <span class='ocrx_word' id='word_1_610' title='bbox 3013 3619 3096 3671; x_wconf 79' lang='grc' dir='ltr'><strong>Οὐ</strong></span> <span class='ocrx_word' id='word_1_611' title='bbox 3140 3619 3390 3672; x_wconf 81' lang='grc' dir='ltr'>δύναται</span> <span class='ocrx_word' id='word_1_612' title='bbox 3436 3621 3468 3671; x_wconf 88' lang='grc' dir='ltr'><strong>ό</strong></span> <span class='ocrx_word' id='word_1_613' title='bbox 3523 3615 3656 3682; x_wconf 81' lang='grc' dir='ltr'><strong>Υἱὸς</strong></span> 
     </span>
    </p>
   </div>
   <div class='ocr_carea' id='block_1_79' title="bbox 2077 3707 3654 3778">
    <p class='ocr_par' dir='ltr' id='par_1_79' title="bbox 2077 3707 3654 3778">
     <span class='ocr_line' id='line_1_79' title="bbox 2077 3707 3654 3778; baseline -0.002 -18"><span class='ocrx_word' id='word_1_614' title='bbox 2077 3709 2269 3762; x_wconf 81' lang='grc' dir='ltr'>ποιεῖν</span> <span class='ocrx_word' id='word_1_615' title='bbox 2311 3710 2412 3778; x_wconf 63' lang='grc' dir='ltr'><strong>ἀφ’</strong></span> <span class='ocrx_word' id='word_1_616' title='bbox 2442 3708 2660 3762; x_wconf 83' lang='grc' dir='ltr'>ἑαυτοῦ</span> <span class='ocrx_word' id='word_1_617' title='bbox 2693 3707 2894 3762; x_wconf 77' lang='grc' dir='ltr'>οὐδέν.</span> <span class='ocrx_word' id='word_1_618' title='bbox 2942 3727 2960 3759; x_wconf 80' lang='grc' dir='ltr'><strong>ι</strong></span> <span class='ocrx_word' id='word_1_619' title='bbox 3017 3709 3174 3770; x_wconf 83' lang='grc' dir='ltr'>Ποῖος</span> <span class='ocrx_word' id='word_1_620' title='bbox 3206 3707 3263 3760; x_wconf 78' lang='grc' dir='ltr'><strong>δὲ</strong></span> <span class='ocrx_word' id='word_1_621' title='bbox 3308 3708 3654 3778; x_wconf 69' lang='grc' dir='ltr'>παρήκουσεν</span> 
     </span>
    </p>
   </div>
   <div class='ocr_carea' id='block_1_80' title="bbox 2077 3797 3655 3870">
    <p class='ocr_par' dir='ltr' id='par_1_80' title="bbox 2077 3797 3655 3870">
     <span class='ocr_line' id='line_1_80' title="bbox 2077 3797 3655 3870; baseline -0.003 -19"><span class='ocrx_word' id='word_1_622' title='bbox 2077 3802 2134 3851; x_wconf 81' lang='grc' dir='ltr'>ἐν</span> <span class='ocrx_word' id='word_1_623' title='bbox 2177 3799 2422 3870; x_wconf 84' lang='grc' dir='ltr'>οὐρανοῖς</span> <span class='ocrx_word' id='word_1_624' title='bbox 2470 3798 2670 3867; x_wconf 83' lang='grc' dir='ltr'>Ἀδάμ;</span> <span class='ocrx_word' id='word_1_625' title='bbox 2709 3797 2866 3860; x_wconf 73' lang='lat' dir='ltr'><strong>Heio;</strong></span> <span class='ocrx_word' id='word_1_626' title='bbox 2913 3797 2970 3850; x_wconf 83' lang='grc' dir='ltr'><strong>δὲ</strong></span> <span class='ocrx_word' id='word_1_627' title='bbox 3015 3797 3074 3861; x_wconf 75' lang='grc' dir='ltr'><strong>ἐξ</strong></span> <span class='ocrx_word' id='word_1_628' title='bbox 3113 3797 3366 3867; x_wconf 80' lang='grc' dir='ltr'>οὐρανίου</span> <span class='ocrx_word' id='word_1_629' title='bbox 3404 3797 3655 3866; x_wconf 87' lang='grc' dir='ltr'>σώματος</span> 
     </span>
    </p>
   </div>
   <div class='ocr_carea' id='block_1_81' title="bbox 2078 3886 3652 3960">
    <p class='ocr_par' dir='ltr' id='par_1_81' title="bbox 2078 3886 3652 3960">
     <span class='ocr_line' id='line_1_81' title="bbox 2078 3886 3652 3960; baseline -0.004 -16"><span class='ocrx_word' id='word_1_630' title='bbox 2078 3891 2322 3960; x_wconf 80' lang='grc' dir='ltr'><strong>ἐπλάσθη</strong></span> <span class='ocrx_word' id='word_1_631' title='bbox 2365 3890 2517 3960; x_wconf 72' lang='grc' dir='ltr'>παρὰ</span> <span class='ocrx_word' id='word_1_632' title='bbox 2561 3889 2656 3960; x_wconf 80' lang='grc' dir='ltr'>τὴν</span> <span class='ocrx_word' id='word_1_633' title='bbox 2713 3888 2937 3960; x_wconf 85' lang='grc' dir='ltr'>πρώτην</span> <span class='ocrx_word' id='word_1_634' title='bbox 2986 3889 3448 3958; x_wconf 83' lang='grc' dir='ltr'>πρωτόπ&gt;.αστος;</span> <span class='ocrx_word' id='word_1_635' title='bbox 3511 3886 3652 3939; x_wconf 74' lang='grc' dir='ltr'>Ἀλλ’</span> 
     </span>
    </p>
   </div>
   <div class='ocr_carea' id='block_1_82' title="bbox 2077 3979 3658 4051">
    <p class='ocr_par' dir='ltr' id='par_1_82' title="bbox 2077 3979 3658 4051">
     <span class='ocr_line' id='line_1_82' title="bbox 2077 3979 3658 4051; baseline -0.003 -17"><span class='ocrx_word' id='word_1_636' title='bbox 2077 3980 2320 4051; x_wconf 81' lang='grc' dir='ltr'>ἐπλάσθη</span> <span class='ocrx_word' id='word_1_637' title='bbox 2353 3980 2413 4045; x_wconf 75' lang='grc' dir='ltr'>ἐξ</span> <span class='ocrx_word' id='word_1_638' title='bbox 2441 3981 2614 4051; x_wconf 80' lang='grc' dir='ltr'>ἀρχῆς</span> <span class='ocrx_word' id='word_1_639' title='bbox 2650 3983 2677 4033; x_wconf 86' lang='lat'><strong>6</strong></span> <span class='ocrx_word' id='word_1_640' title='bbox 2726 3983 2791 4032; x_wconf 78' lang='grc' dir='ltr'>ὲκ</span> <span class='ocrx_word' id='word_1_641' title='bbox 2819 3981 2916 4050; x_wconf 76' lang='grc' dir='ltr'>τῆς</span> <span class='ocrx_word' id='word_1_642' title='bbox 2948 3981 3047 4048; x_wconf 78' lang='grc' dir='ltr'><strong>γῆς</strong></span> <span class='ocrx_word' id='word_1_643' title='bbox 3069 4018 3082 4042; x_wconf 88' lang='grc'><strong>,</strong></span> <span class='ocrx_word' id='word_1_644' title='bbox 3125 3982 3471 4048; x_wconf 81' lang='grc' dir='ltr'>παρήκουσεν</span> <span class='ocrx_word' id='word_1_645' title='bbox 3527 3979 3554 4030; x_wconf 90' lang='lat'><strong>6</strong></span> <span class='ocrx_word' id='word_1_646' title='bbox 3593 3981 3658 4030; x_wconf 80' lang='grc' dir='ltr'>ὲκ</span> 
     </span>
    </p>
   </div>
   <div class='ocr_carea' id='block_1_83' title="bbox 2075 4068 3658 4143">
    <p class='ocr_par' dir='ltr' id='par_1_83' title="bbox 2075 4068 3658 4143">
     <span class='ocr_line' id='line_1_83' title="bbox 2075 4068 3658 4143; baseline -0.001 -17"><span class='ocrx_word' id='word_1_647' title='bbox 2075 4073 2175 4143; x_wconf 80' lang='grc' dir='ltr'><strong>τῆς</strong></span> <span class='ocrx_word' id='word_1_648' title='bbox 2208 4073 2313 4142; x_wconf 83' lang='grc' dir='ltr'><strong>γῆς</strong></span> <span class='ocrx_word' id='word_1_649' title='bbox 2343 4114 2356 4135; x_wconf 88' lang='grc'><strong>,</strong></span> <span class='ocrx_word' id='word_1_650' title='bbox 2381 4072 2658 4143; x_wconf 79' lang='grc' dir='ltr'>ἀνελήφθη</span> <span class='ocrx_word' id='word_1_651' title='bbox 2690 4074 2718 4125; x_wconf 90' lang='lat'><strong>6</strong></span> <span class='ocrx_word' id='word_1_652' title='bbox 2760 4073 2823 4125; x_wconf 83' lang='grc' dir='ltr'>ὲκ</span> <span class='ocrx_word' id='word_1_653' title='bbox 2856 4073 2953 4142; x_wconf 79' lang='grc' dir='ltr'>τῆς</span> <span class='ocrx_word' id='word_1_654' title='bbox 2983 4072 3104 4140; x_wconf 78' lang='grc' dir='ltr'>γῆς.</span> <span class='ocrx_word' id='word_1_655' title='bbox 3138 4071 3230 4123; x_wconf 79' lang='grc' dir='ltr'><strong>Διὸ</strong></span> <span class='ocrx_word' id='word_1_656' title='bbox 3277 4071 3372 4124; x_wconf 78' lang='grc' dir='ltr'><strong>καὶ</strong></span> <span class='ocrx_word' id='word_1_657' title='bbox 3409 4068 3586 4140; x_wconf 74' lang='grc' dir='ltr'>ἐσώθη</span> <span class='ocrx_word' id='word_1_658' title='bbox 3626 4070 3658 4124; x_wconf 91' lang='lat'><strong>6</strong></span> 
     </span>
    </p>
   </div>
   <div class='ocr_carea' id='block_1_84' title="bbox 2077 4161 3656 4234">
    <p class='ocr_par' dir='ltr' id='par_1_84' title="bbox 2077 4161 3656 4234">
     <span class='ocr_line' id='line_1_84' title="bbox 2077 4161 3656 4234; baseline -0.003 -18"><span class='ocrx_word' id='word_1_659' title='bbox 2077 4165 2140 4216; x_wconf 80' lang='grc' dir='ltr'>ἐκ</span> <span class='ocrx_word' id='word_1_660' title='bbox 2188 4165 2284 4234; x_wconf 74' lang='grc' dir='ltr'>τῆς</span> <span class='ocrx_word' id='word_1_661' title='bbox 2319 4163 2422 4234; x_wconf 83' lang='grc' dir='ltr'>γῆς</span> <span class='ocrx_word' id='word_1_662' title='bbox 2450 4205 2465 4228; x_wconf 95' lang='grc'><strong>,</strong></span> <span class='ocrx_word' id='word_1_663' title='bbox 2503 4163 2568 4215; x_wconf 82' lang='grc' dir='ltr'><strong>ἵν’</strong></span> <span class='ocrx_word' id='word_1_664' title='bbox 2617 4162 2791 4226; x_wconf 72' lang='grc' dir='ltr'>οὕτως</span> <span class='ocrx_word' id='word_1_665' title='bbox 2823 4161 3032 4233; x_wconf 73' lang='grc' dir='ltr'>ἀληθὴς</span> <span class='ocrx_word' id='word_1_666' title='bbox 3075 4161 3192 4230; x_wconf 75' lang='grc' dir='ltr'><strong>ἅμα</strong></span> <span class='ocrx_word' id='word_1_667' title='bbox 3227 4162 3322 4213; x_wconf 77' lang='grc' dir='ltr'>καὶ</span> <span class='ocrx_word' id='word_1_668' title='bbox 3355 4161 3656 4228; x_wconf 78' lang='grc' dir='ltr'>ἀναγκαῖος</span> 
     </span>
    </p>
   </div>
   <div class='ocr_carea' id='block_1_85' title="bbox 2078 4255 3017 4326">
    <p class='ocr_par' dir='ltr' id='par_1_85' title="bbox 2078 4255 3017 4326">
     <span class='ocr_line' id='line_1_85' title="bbox 2078 4255 3017 4326; baseline -0.001 -17"><span class='ocrx_word' id='word_1_669' title='bbox 2078 4259 2220 4326; x_wconf 79' lang='grc' dir='ltr'>φανῇ</span> <span class='ocrx_word' id='word_1_670' title='bbox 2272 4257 2300 4308; x_wconf 93' lang='lat'><strong>6</strong></span> <span class='ocrx_word' id='word_1_671' title='bbox 2341 4258 2441 4326; x_wconf 85' lang='grc' dir='ltr'>τῆς</span> <span class='ocrx_word' id='word_1_672' title='bbox 2489 4255 2800 4325; x_wconf 80' lang='grc' dir='ltr'>οἰκονομίας</span> <span class='ocrx_word' id='word_1_673' title='bbox 2840 4255 3017 4323; x_wconf 81' lang='grc' dir='ltr'>λόγος.</span> 
     </span>
    </p>
   </div>
   <div class='ocr_carea' id='block_1_86' title="bbox 2083 4369 3655 4493">
    <p class='ocr_par' dir='ltr' id='par_1_86' title="bbox 2083 4369 3655 4493">
     <span class='ocr_line' id='line_1_86' title="bbox 2083 4369 3655 4493; baseline -0.003 -70"><span class='ocrx_word' id='word_1_674' title='bbox 2083 4369 2190 4423; x_wconf 86' lang='grc' dir='ltr'><strong>Τοῦ</strong></span> <span class='ocrx_word' id='word_1_675' title='bbox 2242 4369 2414 4438; x_wconf 76' lang='grc' dir='ltr'>ἁγίου</span> <span class='ocrx_word' id='word_1_676' title='bbox 2461 4369 2739 4424; x_wconf 79' lang='grc' dir='ltr'>Ἰωάννου</span> <span class='ocrx_word' id='word_1_677' title='bbox 2778 4369 3118 4493; x_wconf 50' lang='grc' dir='ltr'>ιὲᾶισκὸπου</span> <span class='ocrx_word' id='word_1_678' title='bbox 3167 4372 3655 4421; x_wconf 65' lang='lat' dir='ltr'><strong>lion-crurumv-</strong></span> 
     </span>
     <span class='ocr_line' id='line_1_87' title="bbox 2731 4453 2981 4493; baseline 0 -2"><span class='ocrx_word' id='word_1_679' title='bbox 2731 4453 2774 4491; x_wconf 77' lang='grc' dir='ltr'><strong>π</strong></span> <span class='ocrx_word' id='word_1_680' title='bbox 2853 4456 2981 4493; x_wconf 72' lang='lat' dir='ltr'><strong>stoc.</strong></span> 
     </span>
    </p>
   </div>
   <div class='ocr_carea' id='block_1_87' title="bbox 2731 4453 2981 4504">
    <p class='ocr_par' dir='ltr' id='par_1_87' title="bbox 2731 4453 2981 4504">
     <span class='ocr_line' id='line_1_88' title="bbox 2731 4453 2981 4504; baseline 0 -13"><span class='ocrx_word' id='word_1_681' title='bbox 2731 4453 2981 4504; x_wconf 71' lang='grc' dir='ltr'>πόλεως.</span> 
     </span>
    </p>
   </div>
   <div class='ocr_carea' id='block_1_88' title="bbox 2159 4548 3657 4624">
    <p class='ocr_par' dir='ltr' id='par_1_88' title="bbox 2159 4548 3657 4624">
     <span class='ocr_line' id='line_1_89' title="bbox 2159 4548 3657 4624; baseline -0.004 -16"><span class='ocrx_word' id='word_1_682' title='bbox 2159 4557 2254 4609; x_wconf 81' lang='grc' dir='ltr'>Ἐκ</span> <span class='ocrx_word' id='word_1_683' title='bbox 2282 4554 2389 4610; x_wconf 87' lang='grc' dir='ltr'>τοῦ</span> <span class='ocrx_word' id='word_1_684' title='bbox 2414 4556 2601 4624; x_wconf 73' lang='grc' dir='ltr'>λόγου</span> <span class='ocrx_word' id='word_1_685' title='bbox 2631 4552 2704 4606; x_wconf 79' lang='grc' dir='ltr'><strong>ὃν</strong></span> <span class='ocrx_word' id='word_1_686' title='bbox 2731 4549 2890 4617; x_wconf 79' lang='grc' dir='ltr'>εἷπε.</span> <span class='ocrx_word' id='word_1_687' title='bbox 2915 4555 3145 4608; x_wconf 87' lang='grc' dir='ltr'>Γότθου</span> <span class='ocrx_word' id='word_1_688' title='bbox 3192 4552 3494 4620; x_wconf 78' lang='grc' dir='ltr'>πρέσϐεως</span> <span class='ocrx_word' id='word_1_689' title='bbox 3541 4548 3657 4620; x_wconf 90' lang='lat'><strong>(87)</strong></span> 
     </span>
    </p>
   </div>
   <div class='ocr_carea' id='block_1_89' title="bbox 393 4641 1974 4720">
    <p class='ocr_par' dir='ltr' id='par_1_89' title="bbox 393 4646 1973 4720">
     <span class='ocr_line' id='line_1_90' title="bbox 393 4646 1973 4720; baseline 0.002 -20"><span class='ocrx_word' id='word_1_690' title='bbox 393 4663 514 4700; x_wconf 84' lang='lat' dir='ltr'><strong>eum</strong></span> <span class='ocrx_word' id='word_1_691' title='bbox 561 4647 796 4699; x_wconf 75' lang='lat' dir='ltr'><strong>dixisset.</strong></span> <span class='ocrx_word' id='word_1_692' title='bbox 859 4646 995 4700; x_wconf 84' lang='lat' dir='ltr'><strong>Vide</strong></span> <span class='ocrx_word' id='word_1_693' title='bbox 1043 4647 1098 4700; x_wconf 92' lang='lat' dir='ltr'><strong>in</strong></span> <span class='ocrx_word' id='word_1_694' title='bbox 1145 4648 1373 4701; x_wconf 82' lang='lat' dir='ltr'><strong>exordio</strong></span> <span class='ocrx_word' id='word_1_695' title='bbox 1404 4649 1537 4719; x_wconf 88' lang='lat' dir='ltr'><strong>quid</strong></span> <span class='ocrx_word' id='word_1_696' title='bbox 1574 4659 1716 4720; x_wconf 82' lang='lat' dir='ltr'><strong>agat.</strong></span> <span class='ocrx_word' id='word_1_697' title='bbox 1767 4650 1973 4703; x_wconf 85' lang='lat' dir='ltr'><strong>Natura</strong></span> 
     </span>
    </p>
   </div>
   <div class='ocr_carea' id='block_1_90' title="bbox 2074 4641 3651 4720">
    <p class='ocr_par' dir='ltr' id='par_1_90' title="bbox 2080 4642 3651 4714">
     <span class='ocr_line' id='line_1_91' title="bbox 2080 4642 3651 4714; baseline -0.004 -16"><span class='ocrx_word' id='word_1_698' title='bbox 2080 4646 2194 4714; x_wconf 78' lang='grc' dir='ltr'>πρὸ</span> <span class='ocrx_word' id='word_1_699' title='bbox 2226 4644 2412 4700; x_wconf 84' lang='grc' dir='ltr'>αὐτοῦ</span> <span class='ocrx_word' id='word_1_700' title='bbox 2439 4646 2766 4713; x_wconf 70' lang='grc' dir='ltr'>εἰρηκότος.</span> <span class='ocrx_word' id='word_1_701' title='bbox 2803 4643 2946 4714; x_wconf 86' lang='grc' dir='ltr'><strong>Ὅρα</strong></span> <span class='ocrx_word' id='word_1_702' title='bbox 2981 4645 3045 4696; x_wconf 84' lang='grc' dir='ltr'>ὲκ</span> <span class='ocrx_word' id='word_1_703' title='bbox 3074 4643 3378 4713; x_wconf 85' lang='grc' dir='ltr'>προοιμίων</span> <span class='ocrx_word' id='word_1_704' title='bbox 3408 4643 3460 4694; x_wconf 87' lang='grc' dir='ltr'><strong>τί</strong></span> <span class='ocrx_word' id='word_1_705' title='bbox 3490 4642 3651 4693; x_wconf 85' lang='grc' dir='ltr'>ποιεῖ.</span> 
     </span>
    </p>
   </div>
   <div class='ocr_carea' id='block_1_91' title="bbox 397 4738 1968 4811">
    <p class='ocr_par' dir='ltr' id='par_1_91' title="bbox 397 4738 1968 4811">
     <span class='ocr_line' id='line_1_92' title="bbox 397 4738 1968 4811; baseline 0.003 -21"><span class='ocrx_word' id='word_1_706' title='bbox 397 4747 584 4792; x_wconf 81' lang='lat' dir='ltr'><strong>nostra</strong></span> <span class='ocrx_word' id='word_1_707' title='bbox 641 4738 911 4802; x_wconf 87' lang='lat' dir='ltr'><strong>induitur,</strong></span> <span class='ocrx_word' id='word_1_708' title='bbox 973 4738 1191 4791; x_wconf 72' lang='lat' dir='ltr'><strong>infirma</strong></span> <span class='ocrx_word' id='word_1_709' title='bbox 1230 4747 1285 4791; x_wconf 91' lang='lat' dir='ltr'><strong>et</strong></span> <span class='ocrx_word' id='word_1_710' title='bbox 1330 4739 1567 4805; x_wconf 85' lang='lat' dir='ltr'><strong>devicta,</strong></span> <span class='ocrx_word' id='word_1_711' title='bbox 1617 4749 1676 4794; x_wconf 90' lang='lat' dir='ltr'><strong>ut</strong></span> <span class='ocrx_word' id='word_1_712' title='bbox 1719 4756 1817 4811; x_wconf 88' lang='lat' dir='ltr'><strong>per</strong></span> <span class='ocrx_word' id='word_1_713' title='bbox 1847 4755 1968 4795; x_wconf 85' lang='lat' dir='ltr'><strong>eam</strong></span> 
     </span>
    </p>
   </div>
   <div class='ocr_carea' id='block_1_92' title="bbox 396 4831 1972 4902">
    <p class='ocr_par' dir='ltr' id='par_1_92' title="bbox 396 4831 1972 4902">
     <span class='ocr_line' id='line_1_93' title="bbox 396 4831 1972 4902; baseline 0.002 -20"><span class='ocrx_word' id='word_1_714' title='bbox 396 4838 602 4900; x_wconf 76' lang='lat' dir='ltr'><strong>pugnet</strong></span> <span class='ocrx_word' id='word_1_715' title='bbox 627 4838 682 4885; x_wconf 88' lang='lat' dir='ltr'><strong>et.</strong></span> <span class='ocrx_word' id='word_1_716' title='bbox 713 4832 974 4893; x_wconf 86' lang='lat' dir='ltr'><strong>luctetur,</strong></span> <span class='ocrx_word' id='word_1_717' title='bbox 1025 4831 1320 4901; x_wconf 80' lang='lat' dir='ltr'><strong>statimque</strong></span> <span class='ocrx_word' id='word_1_718' title='bbox 1350 4848 1379 4885; x_wconf 90' lang='lat' dir='ltr'><strong>a</strong></span> <span class='ocrx_word' id='word_1_719' title='bbox 1411 4833 1683 4902; x_wconf 87' lang='lat' dir='ltr'><strong>principio</strong></span> <span class='ocrx_word' id='word_1_720' title='bbox 1710 4848 1972 4902; x_wconf 79' lang='lat' dir='ltr'><strong>arrogan-</strong></span> 
     </span>
    </p>
   </div>
   <div class='ocr_carea' id='block_1_93' title="bbox 397 4921 1974 4991">
    <p class='ocr_par' dir='ltr' id='par_1_93' title="bbox 397 4921 1974 4991">
     <span class='ocr_line' id='line_1_94' title="bbox 397 4921 1974 4991; baseline 0.001 -18"><span class='ocrx_word' id='word_1_721' title='bbox 397 4923 485 4975; x_wconf 76' lang='lat' dir='ltr'><strong>tiae</strong></span> <span class='ocrx_word' id='word_1_722' title='bbox 508 4930 759 4974; x_wconf 86' lang='lat' dir='ltr'><strong>naturam</strong></span> <span class='ocrx_word' id='word_1_723' title='bbox 789 4922 1056 4976; x_wconf 86' lang='lat' dir='ltr'><strong>radicitus</strong></span> <span class='ocrx_word' id='word_1_724' title='bbox 1079 4921 1638 4991; x_wconf 79' lang='lat' dir='ltr'><strong>evellit.—Ejusdem,</strong></span> <span class='ocrx_word' id='word_1_725' title='bbox 1668 4939 1730 4975; x_wconf 75' lang='lat' dir='ltr'><strong>ex</strong></span> <span class='ocrx_word' id='word_1_726' title='bbox 1753 4921 1974 4976; x_wconf 73' lang='lat' dir='ltr'><strong>Genetii-</strong></span> 
     </span>
    </p>
   </div>
   <div class='ocr_carea' id='block_1_94' title="bbox 394 5011 1968 5080">
    <p class='ocr_par' dir='ltr' id='par_1_94' title="bbox 394 5011 1968 5080">
     <span class='ocr_line' id='line_1_95' title="bbox 394 5011 1968 5080; baseline -0.001 -15"><span class='ocrx_word' id='word_1_727' title='bbox 394 5011 550 5065; x_wconf 74' lang='lat' dir='ltr'><strong>tiaco.</strong></span> <span class='ocrx_word' id='word_1_728' title='bbox 583 5012 793 5064; x_wconf 90' lang='lat' dir='ltr'><strong>Annon</strong></span> <span class='ocrx_word' id='word_1_729' title='bbox 823 5023 1083 5065; x_wconf 78' lang='lat' dir='ltr'><strong>extrema:</strong></span> <span class='ocrx_word' id='word_1_730' title='bbox 1107 5022 1193 5066; x_wconf 87' lang='lat' dir='ltr'><strong>est</strong></span> <span class='ocrx_word' id='word_1_731' title='bbox 1218 5012 1528 5074; x_wconf 60' lang='lat' dir='ltr'><strong>dementiae,</strong></span> <span class='ocrx_word' id='word_1_732' title='bbox 1556 5011 1704 5080; x_wconf 89' lang='lat' dir='ltr'><strong>ipsos</strong></span> <span class='ocrx_word' id='word_1_733' title='bbox 1724 5011 1968 5080; x_wconf 88' lang='lat' dir='ltr'><strong>quidem,</strong></span> 
     </span>
    </p>
   </div>
   <div class='ocr_carea' id='block_1_95' title="bbox 465 5163 1837 5229">
    <p class='ocr_par' dir='ltr' id='par_1_95' title="bbox 465 5163 1837 5229">
     <span class='ocr_line' id='line_1_96' title="bbox 465 5163 1837 5229; baseline -0.001 -12"><span class='ocrx_word' id='word_1_734' title='bbox 465 5163 636 5217; x_wconf 78' lang='lat' dir='ltr'><strong>&quot;‘lsa.</strong></span> <span class='ocrx_word' id='word_1_735' title='bbox 666 5180 771 5228; x_wconf 87' lang='lat' dir='ltr'><strong>L.\‘l,</strong></span> <span class='ocrx_word' id='word_1_736' title='bbox 811 5164 867 5229; x_wconf 88' lang='lat' dir='ltr'><strong>l;</strong></span> <span class='ocrx_word' id='word_1_737' title='bbox 906 5165 1037 5218; x_wconf 88' lang='lat' dir='ltr'><strong>Luc.</strong></span> <span class='ocrx_word' id='word_1_738' title='bbox 1073 5181 1142 5228; x_wconf 75' lang='grc' dir='ltr'>ιγ,</span> <span class='ocrx_word' id='word_1_739' title='bbox 1181 5165 1263 5218; x_wconf 75' lang='grc'><strong>18.</strong></span> <span class='ocrx_word' id='word_1_740' title='bbox 1339 5165 1385 5196; x_wconf 78' lang='grc'><strong>⁸³</strong></span> <span class='ocrx_word' id='word_1_741' title='bbox 1425 5165 1579 5219; x_wconf 86' lang='lat' dir='ltr'><strong>Joan.</strong></span> <span class='ocrx_word' id='word_1_742' title='bbox 1615 5181 1720 5227; x_wconf 72' lang='lat' dir='ltr'><strong>xix,</strong></span> <span class='ocrx_word' id='word_1_743' title='bbox 1749 5165 1837 5219; x_wconf 70' lang='grc' dir='ltr'><strong>ΞΒ.</strong></span> 
     </span>
    </p>
   </div>
   <div class='ocr_carea' id='block_1_96' title="bbox 489 5304 1858 5376">
    <p class='ocr_par' dir='ltr' id='par_1_96' title="bbox 489 5304 1858 5376">
     <span class='ocr_line' id='line_1_97' title="bbox 489 5304 1858 5376; baseline -0.002 -17"><span class='ocrx_word' id='word_1_744' title='bbox 489 5304 576 5376; x_wconf 81' lang='lat'><strong>80)</strong></span> <span class='ocrx_word' id='word_1_745' title='bbox 615 5306 762 5357; x_wconf 80' lang='grc' dir='ltr'>ἐθέλ.</span> <span class='ocrx_word' id='word_1_746' title='bbox 800 5306 899 5359; x_wconf 85' lang='lat' dir='ltr'><strong>Ed.</strong></span> <span class='ocrx_word' id='word_1_747' title='bbox 940 5305 1183 5376; x_wconf 59' lang='lat' dir='ltr'><strong>I’aris._t..</strong></span> <span class='ocrx_word' id='word_1_748' title='bbox 1223 5305 1262 5366; x_wconf 91' lang='lat' dir='ltr'><strong>l,</strong></span> <span class='ocrx_word' id='word_1_749' title='bbox 1301 5319 1353 5372; x_wconf 83' lang='lat' dir='ltr'><strong>p.</strong></span> <span class='ocrx_word' id='word_1_750' title='bbox 1405 5305 1506 5376; x_wconf 64' lang='grc'><strong>767</strong></span> <span class='ocrx_word' id='word_1_751' title='bbox 1551 5304 1858 5366; x_wconf 75' lang='grc' dir='ltr'>ἐθελόντως.</span> 
     </span>
    </p>
   </div>
   <div class='ocr_carea' id='block_1_97' title="bbox 464 5308 1972 5446">
    <p class='ocr_par' dir='ltr' id='par_1_97' title="bbox 464 5308 1972 5446">
     <span class='ocr_line' id='line_1_98' title="bbox 489 5308 1858 5387; baseline -0.002 -28"><span class='ocrx_word' id='word_1_752' title='bbox 489 5308 576 5376; x_wconf 82' lang='lat'><strong>80)</strong></span> <span class='ocrx_word' id='word_1_753' title='bbox 615 5308 762 5357; x_wconf 80' lang='grc' dir='ltr'>ἐθέλ.</span> <span class='ocrx_word' id='word_1_754' title='bbox 800 5308 899 5359; x_wconf 87' lang='lat' dir='ltr'><strong>Ed.</strong></span> <span class='ocrx_word' id='word_1_755' title='bbox 940 5308 1112 5358; x_wconf 82' lang='lat' dir='ltr'><strong>Paris.</strong></span> <span class='ocrx_word' id='word_1_756' title='bbox 1147 5314 1183 5357; x_wconf 83' lang='lat' dir='ltr'><strong>t.</strong></span> <span class='ocrx_word' id='word_1_757' title='bbox 1223 5308 1262 5366; x_wconf 91' lang='lat' dir='ltr'><strong>l,</strong></span> <span class='ocrx_word' id='word_1_758' title='bbox 1301 5319 1353 5372; x_wconf 83' lang='lat' dir='ltr'><strong>p.</strong></span> <span class='ocrx_word' id='word_1_759' title='bbox 1405 5308 1506 5384; x_wconf 59' lang='lat'><strong>797</strong></span> <span class='ocrx_word' id='word_1_760' title='bbox 1551 5308 1858 5387; x_wconf 69' lang='grc' dir='ltr'>ἐθελόντως.</span> 
     </span>
     <span class='ocr_line' id='line_1_99' title="bbox 464 5308 1972 5446; baseline 0.003 -18"><span class='ocrx_word' id='word_1_761' title='bbox 464 5308 576 5446; x_wconf 55' lang='grc' dir='ltr'><strong>ίὸί)</strong></span> <span class='ocrx_word' id='word_1_762' title='bbox 619 5377 710 5426; x_wconf 84' lang='grc' dir='ltr'>Ἐκ</span> <span class='ocrx_word' id='word_1_763' title='bbox 737 5377 906 5446; x_wconf 49' lang='grc' dir='ltr'>τῆεκ.</span> <span class='ocrx_word' id='word_1_764' title='bbox 945 5393 996 5446; x_wconf 60' lang='grc' dir='ltr'><strong>τ.</strong></span> <span class='ocrx_word' id='word_1_765' title='bbox 1025 5377 1070 5426; x_wconf 72' lang='grc' dir='ltr'>ὶ..</span> <span class='ocrx_word' id='word_1_766' title='bbox 1101 5374 1332 5429; x_wconf 83' lang='lat' dir='ltr'><strong>Unicum</strong></span> <span class='ocrx_word' id='word_1_767' title='bbox 1363 5376 1522 5442; x_wconf 57' lang='lat' dir='ltr'><strong>holus</strong></span> <span class='ocrx_word' id='word_1_768' title='bbox 1554 5377 1678 5428; x_wconf 76' lang='lat' dir='ltr'><strong>libri</strong></span> <span class='ocrx_word' id='word_1_769' title='bbox 1701 5376 1972 5445; x_wconf 70' lang='lat' dir='ltr'><strong>fragmen-</strong></span> 
     </span>
    </p>
   </div>
   <div class='ocr_carea' id='block_1_98' title="bbox 395 5444 1211 5499">
    <p class='ocr_par' dir='ltr' id='par_1_98' title="bbox 395 5444 1211 5499">
     <span class='ocr_line' id='line_1_100' title="bbox 395 5444 1211 5499; baseline 0 -1"><span class='ocrx_word' id='word_1_770' title='bbox 395 5444 508 5499; x_wconf 85' lang='lat' dir='ltr'><strong>tum</strong></span> <span class='ocrx_word' id='word_1_771' title='bbox 546 5445 783 5499; x_wconf 81' lang='lat' dir='ltr'><strong>servavit</strong></span> <span class='ocrx_word' id='word_1_772' title='bbox 815 5444 1211 5498; x_wconf 83' lang='lat' dir='ltr'><strong>Theodoretus.</strong></span> 
     </span>
    </p>
   </div>
   <div class='ocr_carea' id='block_1_99' title="bbox 468 5513 1972 5584">
    <p class='ocr_par' dir='ltr' id='par_1_99' title="bbox 468 5513 1972 5584">
     <span class='ocr_line' id='line_1_101' title="bbox 468 5513 1972 5584; baseline 0.009 -24"><span class='ocrx_word' id='word_1_773' title='bbox 468 5515 576 5584; x_wconf 73' lang='lat'><strong>(8:2)</strong></span> <span class='ocrx_word' id='word_1_774' title='bbox 607 5517 668 5566; x_wconf 74' lang='grc' dir='ltr'><strong>ἐκ</strong></span> <span class='ocrx_word' id='word_1_775' title='bbox 687 5513 779 5565; x_wconf 75' lang='grc' dir='ltr'>τοῦ</span> <span class='ocrx_word' id='word_1_776' title='bbox 809 5531 861 5564; x_wconf 85' lang='grc' dir='ltr'><strong>κ.</strong></span> <span class='ocrx_word' id='word_1_777' title='bbox 891 5531 939 5565; x_wconf 88' lang='grc' dir='ltr'><strong>τ.</strong></span> <span class='ocrx_word' id='word_1_778' title='bbox 971 5514 1018 5584; x_wconf 51' lang='grc' dir='ltr'><strong>λ.</strong></span> <span class='ocrx_word' id='word_1_779' title='bbox 1061 5513 1229 5580; x_wconf 78' lang='lat' dir='ltr'><strong>Hujus</strong></span> <span class='ocrx_word' id='word_1_780' title='bbox 1262 5516 1425 5568; x_wconf 81' lang='lat' dir='ltr'><strong>etiam</strong></span> <span class='ocrx_word' id='word_1_781' title='bbox 1459 5515 1581 5568; x_wconf 79' lang='lat' dir='ltr'><strong>libri</strong></span> <span class='ocrx_word' id='word_1_782' title='bbox 1621 5517 1837 5570; x_wconf 72' lang='lat' dir='ltr'><strong>unicum</strong></span> <span class='ocrx_word' id='word_1_783' title='bbox 1867 5519 1972 5573; x_wconf 77' lang='lat' dir='ltr'><strong>hoc</strong></span> 
     </span>
    </p>
   </div>
   <div class='ocr_carea' id='block_1_100' title="bbox 393 5583 1577 5654">
    <p class='ocr_par' dir='ltr' id='par_1_100' title="bbox 393 5583 1577 5654">
     <span class='ocr_line' id='line_1_102' title="bbox 393 5583 1577 5654; baseline -0.003 -13"><span class='ocrx_word' id='word_1_784' title='bbox 393 5596 479 5641; x_wconf 84' lang='lat' dir='ltr'><strong>est</strong></span> <span class='ocrx_word' id='word_1_785' title='bbox 511 5585 945 5654; x_wconf 51' lang='lat' dir='ltr'><strong>fragmentunia</strong></span> <span class='ocrx_word' id='word_1_786' title='bbox 981 5583 1256 5654; x_wconf 71' lang='lat' dir='ltr'><strong>Theudor.</strong></span> <span class='ocrx_word' id='word_1_787' title='bbox 1285 5595 1577 5639; x_wconf 79' lang='lat' dir='ltr'><strong>servatum.</strong></span> 
     </span>
    </p>
   </div>
   <div class='ocr_carea' id='block_1_101' title="bbox 467 5651 1968 5724">
    <p class='ocr_par' dir='ltr' id='par_1_101' title="bbox 467 5651 1968 5724">
     <span class='ocr_line' id='line_1_103' title="bbox 467 5651 1968 5724; baseline -0.03 26"><span class='ocrx_word' id='word_1_788' title='bbox 467 5651 926 5724; x_wconf 29' lang='grc' dir='ltr'><strong>(δίἣνὸνμογθΕὼ</strong></span> <span class='ocrx_word' id='word_1_789' title='bbox 987 5652 1143 5724; x_wconf 48' lang='lat'><strong>1‘0&quot;}-</strong></span> <span class='ocrx_word' id='word_1_790' title='bbox 1191 5665 1245 5708; x_wconf 54' lang='grc' dir='ltr'><strong>ιιι</strong></span> <span class='ocrx_word' id='word_1_791' title='bbox 1307 5655 1452 5724; x_wconf 73' lang='lat' dir='ltr'><strong>Lips.</strong></span> <span class='ocrx_word' id='word_1_792' title='bbox 1512 5657 1856 5710; x_wconf 48' lang='lat' dir='ltr'><strong>(bonsr‘ntinnt</strong></span> <span class='ocrx_word' id='word_1_793' title='bbox 1915 5659 1968 5712; x_wconf 82' lang='lat' dir='ltr'><strong>in</strong></span> 
     </span>
    </p>
   </div>
   <div class='ocr_carea' id='block_1_102' title="bbox 395 5721 1655 5792">
    <p class='ocr_par' dir='ltr' id='par_1_102' title="bbox 395 5721 1655 5792">
     <span class='ocr_line' id='line_1_104' title="bbox 395 5721 1655 5792; baseline -0.007 -12"><span class='ocrx_word' id='word_1_794' title='bbox 395 5728 521 5781; x_wconf 67' lang='lat' dir='ltr'><strong>lect.</strong></span> <span class='ocrx_word' id='word_1_795' title='bbox 553 5721 747 5777; x_wconf 78' lang='lat' dir='ltr'><strong>vitiosa</strong></span> <span class='ocrx_word' id='word_1_796' title='bbox 786 5723 814 5773; x_wconf 88' lang='lat'><strong>6</strong></span> <span class='ocrx_word' id='word_1_797' title='bbox 851 5721 1157 5792; x_wconf 65' lang='grc' dir='ltr'>μονογενὲς.</span> <span class='ocrx_word' id='word_1_798' title='bbox 1374 5721 1388 5724; x_wconf 69' lang='grc'>⁷</span> <span class='ocrx_word' id='word_1_799' title='bbox 1652 5734 1655 5736; x_wconf 86' lang='grc'><strong>·</strong></span> 
     </span>
    </p>
   </div>
   <div class='ocr_carea' id='block_1_103' title="bbox 2080 4729 3654 4806">
    <p class='ocr_par' dir='ltr' id='par_1_103' title="bbox 2080 4729 3654 4806">
     <span class='ocr_line' id='line_1_105' title="bbox 2080 4729 3654 4806; baseline -0.004 -18"><span class='ocrx_word' id='word_1_800' title='bbox 2080 4735 2190 4806; x_wconf 84' lang='grc' dir='ltr'><strong>Ἰὴν</strong></span> <span class='ocrx_word' id='word_1_801' title='bbox 2221 4735 2382 4803; x_wconf 84' lang='grc' dir='ltr'>φύσιν</span> <span class='ocrx_word' id='word_1_802' title='bbox 2415 4733 2801 4804; x_wconf 78' lang='grc' dir='ltr'>περιϐάλλεται</span> <span class='ocrx_word' id='word_1_803' title='bbox 2836 4732 2933 4803; x_wconf 81' lang='grc' dir='ltr'>τὴν</span> <span class='ocrx_word' id='word_1_804' title='bbox 2961 4733 3261 4802; x_wconf 79' lang='grc' dir='ltr'>ἡμετέραν,</span> <span class='ocrx_word' id='word_1_805' title='bbox 3295 4731 3392 4801; x_wconf 79' lang='grc' dir='ltr'><strong>τὴν</strong></span> <span class='ocrx_word' id='word_1_806' title='bbox 3423 4729 3654 4800; x_wconf 77' lang='grc' dir='ltr'>ἠσθενη-</span> 
     </span>
    </p>
   </div>
   <div class='ocr_carea' id='block_1_104' title="bbox 2079 4821 3656 4896">
    <p class='ocr_par' dir='ltr' id='par_1_104' title="bbox 2079 4821 3656 4896">
     <span class='ocr_line' id='line_1_106' title="bbox 2079 4821 3656 4896; baseline -0.005 -17"><span class='ocrx_word' id='word_1_807' title='bbox 2079 4829 2258 4890; x_wconf 84' lang='grc' dir='ltr'>κυῖαν,</span> <span class='ocrx_word' id='word_1_808' title='bbox 2299 4827 2400 4896; x_wconf 79' lang='grc' dir='ltr'><strong>τὴν</strong></span> <span class='ocrx_word' id='word_1_809' title='bbox 2449 4825 2794 4896; x_wconf 77' lang='grc' dir='ltr'>ἡττηθεῖσαν,</span> <span class='ocrx_word' id='word_1_810' title='bbox 2843 4823 2983 4875; x_wconf 80' lang='grc' dir='ltr'>ὥστε</span> <span class='ocrx_word' id='word_1_811' title='bbox 3022 4822 3368 4892; x_wconf 83' lang='grc' dir='ltr'>μαχέσασθαι</span> <span class='ocrx_word' id='word_1_812' title='bbox 3403 4821 3496 4873; x_wconf 82' lang='grc' dir='ltr'>καὶ</span> <span class='ocrx_word' id='word_1_813' title='bbox 3531 4821 3656 4872; x_wconf 71' lang='grc' dir='ltr'><strong>ἀνα⁴</strong></span> 
     </span>
    </p>
   </div>
   <div class='ocr_carea' id='block_1_105' title="bbox 2080 4909 3655 4987">
    <p class='ocr_par' dir='ltr' id='par_1_105' title="bbox 2080 4909 3655 4987">
     <span class='ocr_line' id='line_1_107' title="bbox 2080 4909 3655 4987; baseline -0.006 -15"><span class='ocrx_word' id='word_1_814' title='bbox 2080 4919 2342 4972; x_wconf 83' lang='grc' dir='ltr'>παλαῖσαι</span> <span class='ocrx_word' id='word_1_815' title='bbox 2367 4918 2433 4971; x_wconf 82' lang='grc' dir='ltr'><strong>δι’</strong></span> <span class='ocrx_word' id='word_1_816' title='bbox 2464 4918 2629 4987; x_wconf 75' lang='grc' dir='ltr'>αὐτῆς</span> <span class='ocrx_word' id='word_1_817' title='bbox 2651 4932 2664 4945; x_wconf 83' lang='grc'><em>’</em></span> <span class='ocrx_word' id='word_1_818' title='bbox 2692 4916 2786 4969; x_wconf 71' lang='grc' dir='ltr'><strong>καὶ</strong></span> <span class='ocrx_word' id='word_1_819' title='bbox 2812 4917 2875 4968; x_wconf 81' lang='grc' dir='ltr'>ὲκ</span> <span class='ocrx_word' id='word_1_820' title='bbox 2899 4913 3005 4967; x_wconf 84' lang='grc' dir='ltr'>τῶν</span> <span class='ocrx_word' id='word_1_821' title='bbox 3033 4913 3336 4985; x_wconf 82' lang='grc' dir='ltr'>προοιμίων</span> <span class='ocrx_word' id='word_1_822' title='bbox 3362 4909 3655 4982; x_wconf 72' lang='grc' dir='ltr'>πρόρριζον</span> 
     </span>
    </p>
   </div>
   <div class='ocr_carea' id='block_1_106' title="bbox 2081 5004 3656 5080">
    <p class='ocr_par' dir='ltr' id='par_1_106' title="bbox 2081 5004 3656 5080">
     <span class='ocr_line' id='line_1_108' title="bbox 2081 5004 3656 5080; baseline -0.004 -17"><span class='ocrx_word' id='word_1_823' title='bbox 2081 5011 2304 5080; x_wconf 81' lang='grc' dir='ltr'>ἀνασπᾷ</span> <span class='ocrx_word' id='word_1_824' title='bbox 2343 5011 2444 5079; x_wconf 66' lang='grc' dir='ltr'>τῆς</span> <span class='ocrx_word' id='word_1_825' title='bbox 2483 5010 2742 5072; x_wconf 82' lang='grc' dir='ltr'>ἀπονοίας</span> <span class='ocrx_word' id='word_1_826' title='bbox 2785 5012 2884 5076; x_wconf 82' lang='grc' dir='ltr'>τὴν</span> <span class='ocrx_word' id='word_1_827' title='bbox 2911 5006 3092 5075; x_wconf 74' lang='grc' dir='ltr'>φύσιν.</span> <span class='ocrx_word' id='word_1_828' title='bbox 3127 5035 3197 5046; x_wconf 81' lang='lat'><strong>——</strong></span> <span class='ocrx_word' id='word_1_829' title='bbox 3232 5004 3341 5060; x_wconf 83' lang='grc' dir='ltr'><strong>Τοῦ</strong></span> <span class='ocrx_word' id='word_1_830' title='bbox 3371 5005 3556 5059; x_wconf 83' lang='grc' dir='ltr'>αὐτοῦ</span> <span class='ocrx_word' id='word_1_831' title='bbox 3585 5004 3656 5057; x_wconf 68' lang='grc' dir='ltr'>ἐκ</span> 
     </span>
    </p>
   </div>
   <div class='ocr_carea' id='block_1_107' title="bbox 1917 5165 2356 5230">
    <p class='ocr_par' dir='ltr' id='par_1_107' title="bbox 1917 5165 2356 5230">
     <span class='ocr_line' id='line_1_109' title="bbox 1917 5165 2356 5230; baseline -0.002 -10"><span class='ocrx_word' id='word_1_832' title='bbox 1917 5166 1960 5196; x_wconf 81' lang='grc'><strong>⁶⁰</strong></span> <span class='ocrx_word' id='word_1_833' title='bbox 1993 5165 2151 5220; x_wconf 81' lang='lat' dir='ltr'><strong>Joan.</strong></span> <span class='ocrx_word' id='word_1_834' title='bbox 2185 5183 2235 5230; x_wconf 90' lang='lat' dir='ltr'><strong>v,</strong></span> <span class='ocrx_word' id='word_1_835' title='bbox 2270 5167 2356 5221; x_wconf 74' lang='lat'><strong>19.</strong></span> 
     </span>
    </p>
   </div>
   <div class='ocr_carea' id='block_1_108' title="bbox 2163 5296 3652 5371">
    <p class='ocr_par' dir='ltr' id='par_1_108' title="bbox 2163 5296 3652 5371">
     <span class='ocr_line' id='line_1_110' title="bbox 2163 5296 3652 5371; baseline -0.006 -12"><span class='ocrx_word' id='word_1_836' title='bbox 2163 5306 2273 5371; x_wconf 73' lang='grc'><strong>(84)</strong></span> <span class='ocrx_word' id='word_1_837' title='bbox 2313 5307 2406 5358; x_wconf 83' lang='grc' dir='ltr'>Ἐκ</span> <span class='ocrx_word' id='word_1_838' title='bbox 2429 5303 2521 5357; x_wconf 80' lang='grc' dir='ltr'>τοῦ</span> <span class='ocrx_word' id='word_1_839' title='bbox 2553 5321 2608 5356; x_wconf 85' lang='grc' dir='ltr'><strong>κ.</strong></span> <span class='ocrx_word' id='word_1_840' title='bbox 2643 5320 2693 5355; x_wconf 87' lang='grc' dir='ltr'><strong>τ.</strong></span> <span class='ocrx_word' id='word_1_841' title='bbox 2719 5302 2770 5354; x_wconf 84' lang='grc' dir='ltr'><strong>λ.</strong></span> <span class='ocrx_word' id='word_1_842' title='bbox 2808 5301 2967 5371; x_wconf 72' lang='lat' dir='ltr'><strong>Plura</strong></span> <span class='ocrx_word' id='word_1_843' title='bbox 2994 5300 3156 5371; x_wconf 84' lang='lat' dir='ltr'><strong>hujus</strong></span> <span class='ocrx_word' id='word_1_844' title='bbox 3189 5296 3474 5370; x_wconf 85' lang='lat' dir='ltr'><strong>scriptoris</strong></span> <span class='ocrx_word' id='word_1_845' title='bbox 3504 5297 3652 5370; x_wconf 81' lang='lat' dir='ltr'><strong>frag-</strong></span> 
     </span>
    </p>
   </div>
   <div class='ocr_carea' id='block_1_109' title="bbox 2074 5369 2984 5430">
    <p class='ocr_par' dir='ltr' id='par_1_109' title="bbox 2074 5369 2984 5430">
     <span class='ocr_line' id='line_1_111' title="bbox 2074 5369 2984 5430; baseline -0.004 -4"><span class='ocrx_word' id='word_1_846' title='bbox 2074 5369 2499 5430; x_wconf 77' lang='lat' dir='ltr'><strong>menlaexstant</strong></span> <span class='ocrx_word' id='word_1_847' title='bbox 2525 5375 2578 5428; x_wconf 90' lang='lat' dir='ltr'><strong>in</strong></span> <span class='ocrx_word' id='word_1_848' title='bbox 2608 5373 2737 5427; x_wconf 86' lang='lat' dir='ltr'><strong>dial.</strong></span> <span class='ocrx_word' id='word_1_849' title='bbox 2773 5371 2808 5424; x_wconf 74' lang='lat'><strong>‘2</strong></span> <span class='ocrx_word' id='word_1_850' title='bbox 2845 5380 2901 5425; x_wconf 89' lang='lat' dir='ltr'><strong>et</strong></span> <span class='ocrx_word' id='word_1_851' title='bbox 2931 5369 2984 5422; x_wconf 80' lang='lat'><strong>&#39;5.</strong></span> 
     </span>
    </p>
   </div>
   <div class='ocr_carea' id='block_1_110' title="bbox 2144 5442 3617 5526">
    <p class='ocr_par' dir='ltr' id='par_1_110' title="bbox 2144 5442 3617 5526">
     <span class='ocr_line' id='line_1_112' title="bbox 2144 5442 3617 5526; baseline -0.003 0"><span class='ocrx_word' id='word_1_852' title='bbox 2144 5442 2954 5526; x_wconf 56' lang='lat' dir='ltr'><strong>(.35.?.‘?°-,§i&quot;“-.‘P‘?‘IT%‘€V-</strong></span> <span class='ocrx_word' id='word_1_853' title='bbox 3034 5510 3044 5526; x_wconf 91' lang='lat'><strong>.</strong></span> <span class='ocrx_word' id='word_1_854' title='bbox 3151 5522 3188 5526; x_wconf 67' lang='lat'><strong>,_</strong></span> <span class='ocrx_word' id='word_1_855' title='bbox 3235 5511 3302 5526; x_wconf 92' lang='lat'><strong>..</strong></span> <span class='ocrx_word' id='word_1_856' title='bbox 3365 5514 3380 5526; x_wconf 87' lang='lat'><strong>.</strong></span> <span class='ocrx_word' id='word_1_857' title='bbox 3453 5513 3465 5526; x_wconf 91' lang='lat'><strong>.</strong></span> <span class='ocrx_word' id='word_1_858' title='bbox 3593 5507 3617 5518; x_wconf 85' lang='lat'><strong>-</strong></span> 
     </span>
    </p>
   </div>
   <div class='ocr_carea' id='block_1_111' title="bbox 2151 5510 3650 5600">
    <p class='ocr_par' dir='ltr' id='par_1_111' title="bbox 2151 5510 3650 5600">
     <span class='ocr_line' id='line_1_113' title="bbox 2151 5510 3650 5600; baseline -0.007 -32"><span class='ocrx_word' id='word_1_859' title='bbox 2151 5517 2260 5584; x_wconf 70' lang='lat'>(86)</span> <span class='ocrx_word' id='word_1_860' title='bbox 2284 5510 2373 5600; x_wconf 52' lang='lat' dir='ltr'><strong>ea.</strong></span> <span class='ocrx_word' id='word_1_861' title='bbox 2403 5516 2566 5568; x_wconf 82' lang='lat' dir='ltr'><strong>Sirm.</strong></span> <span class='ocrx_word' id='word_1_862' title='bbox 2608 5510 2854 5566; x_wconf 78' lang='lat' dir='ltr'><strong>habebati</strong></span> <span class='ocrx_word' id='word_1_863' title='bbox 2886 5510 3098 5570; x_wconf 56' lang='grc' dir='ltr'>ἑαυτὸν.</span> <span class='ocrx_word' id='word_1_864' title='bbox 3137 5522 3194 5565; x_wconf 86' lang='lat' dir='ltr'><strong>et</strong></span> <span class='ocrx_word' id='word_1_865' title='bbox 3218 5511 3416 5566; x_wconf 84' lang='lat' dir='ltr'><strong>deinde</strong></span> <span class='ocrx_word' id='word_1_866' title='bbox 3447 5510 3650 5578; x_wconf 70' lang='grc' dir='ltr'>ἑαυτῷ,</span> 
     </span>
    </p>
   </div>
   <div class='ocr_carea' id='block_1_112' title="bbox 2072 5595 3651 5775">
    <p class='ocr_par' dir='ltr' id='par_1_112' title="bbox 2072 5595 3651 5775">
     <span class='ocr_line' id='line_1_114' title="bbox 2072 5595 2785 5662; baseline -0.007 -24"><span class='ocrx_word' id='word_1_867' title='bbox 2072 5595 2189 5655; x_wconf 74' lang='lat' dir='ltr'><strong>post</strong></span> <span class='ocrx_word' id='word_1_868' title='bbox 2229 5595 2550 5652; x_wconf 71' lang='grc' dir='ltr'>μαχόμενος.</span> <span class='ocrx_word' id='word_1_869' title='bbox 2775 5651 2785 5662; x_wconf 42' lang='grc'><strong><em>⁸</em></strong></span> 
     </span>
     <span class='ocr_line' id='line_1_115' title="bbox 2145 5647 3651 5721; baseline -0.005 -13"><span class='ocrx_word' id='word_1_870' title='bbox 2145 5659 2254 5714; x_wconf 64' lang='grc' dir='ltr'>(ετ)</span> <span class='ocrx_word' id='word_1_871' title='bbox 2291 5655 2386 5707; x_wconf 73' lang='lat' dir='ltr'><strong>Ed.</strong></span> <span class='ocrx_word' id='word_1_872' title='bbox 2428 5654 2582 5706; x_wconf 73' lang='lat' dir='ltr'><strong>Hom.</strong></span> <span class='ocrx_word' id='word_1_873' title='bbox 2625 5661 2678 5703; x_wconf 86' lang='lat' dir='ltr'><strong>ct</strong></span> <span class='ocrx_word' id='word_1_874' title='bbox 2729 5651 2876 5720; x_wconf 80' lang='lat' dir='ltr'><strong>Lips.</strong></span> <span class='ocrx_word' id='word_1_875' title='bbox 2916 5648 3156 5721; x_wconf 65' lang='grc' dir='ltr'>πρέσϐυς</span> <span class='ocrx_word' id='word_1_876' title='bbox 3181 5690 3193 5711; x_wconf 86' lang='grc'><strong>,</strong></span> <span class='ocrx_word' id='word_1_877' title='bbox 3229 5665 3327 5718; x_wconf 88' lang='lat' dir='ltr'><strong>pro</strong></span> <span class='ocrx_word' id='word_1_878' title='bbox 3360 5647 3651 5720; x_wconf 69' lang='grc' dir='ltr'>πρέσσυος,</span> 
     </span>
     <span class='ocr_line' id='line_1_116' title="bbox 2072 5725 2401 5775; baseline 0 0"><span class='ocrx_word' id='word_1_879' title='bbox 2072 5736 2129 5775; x_wconf 85' lang='lat' dir='ltr'><strong>ut</strong></span> <span class='ocrx_word' id='word_1_880' title='bbox 2167 5725 2401 5775; x_wconf 69' lang='lat' dir='ltr'><strong>videtur.</strong></span> 
     </span>
    </p>
   </div>
   <div class='ocr_carea' id='block_1_113' title="bbox 2072 5728 2401 5779">
    <p class='ocr_par' dir='ltr' id='par_1_113' title="bbox 2072 5728 2401 5779">
     <span class='ocr_line' id='line_1_117' title="bbox 2072 5728 2401 5779; baseline -0.003 -1"><span class='ocrx_word' id='word_1_881' title='bbox 2072 5736 2129 5779; x_wconf 85' lang='lat' dir='ltr'><strong>ut</strong></span> <span class='ocrx_word' id='word_1_882' title='bbox 2167 5728 2401 5778; x_wconf 65' lang='lat' dir='ltr'><strong>videtur.</strong></span> 
     </span>
    </p>
   </div>
  </div>
