4006 6202
324 294 422 356 ιιη

1400 289 1781 353 DIALOGUS
1816 290 1868 350 l.
1908 316 1977 327 -
2004 290 2537 353 IMMUTABILIS.

3504 302 3605 365 ire

320 406 436 461 τοῦ
493 404 902 458 Fer-80.2mm?)
942 405 1153 475 λόγου.
1214 400 1339 462 Πῶς
1390 402 1497 474 γὰρ
1546 403 1648 456 οὐκ
1685 402 1916 473 ἐσχάτης

2025 419 2148 460 cum
2183 406 2240 460 in
2277 406 2491 477 lapides
2529 416 2586 462 et
2625 408 2771 479 ligna
2807 418 2864 465 et
2887 411 3027 468 viles
3055 421 3262 469 statuas
3316 413 3453 470 deos
3477 431 3607 472 suos

320 496 737 570 παραπληξξας,
764 495 963 558 αὐτοὺς
998 496 1096 566 μὲν
1123 498 1204 560 εἰς
1230 495 1412 560 λίθους
1436 495 1530 549 καὶ
1562 494 1696 562 ξύλα
1724 495 1916 567 apt-sici}

319 593 489 657 ξόανα
527 591 656 652 τοὺς
702 588 913 642 ἑαυτῶν
963 589 1288 656 εἰσάγοντας
1318 587 1475 651 θεοὺς
1496 628 1512 652 ,
1545 587 1637 641 καὶ
1665 586 1918 659 καθάπερ

318 686 382 737 ὲν
428 681 800 754 δεσμωτηρίῳ
841 681 949 734 τινὶ
997 680 1455 744 κατακλείοντας,
1494 680 1662 752 μηδὲν
1692 679 1918 750 αἰσχρὸν

317 776 574 847 ἡγεῖσθαι
615 777 755 845 μήτε
799 777 992 835 ποιεῖν,
1032 774 1175 844 μήτε
1228 773 1444 843 λέγειν’
1475 775 1610 844 ἡμῖν
1640 773 1713 840 ιδὲ
1749 774 1920 840 ἐγκα-

316 869 434 921 λεῖν
465 867 745 932 λέγουσιν,
777 867 860 919 ὅτι
893 867 1019 918 ναὸν
1053 864 1232 935 ἐαυτῷ
1260 864 1685 925 κατασκευάσας
1723 865 1751 915 6
1785 862 1919 925 Θεὸς

318 958 504 1024 ζῶντα
536 959 603 1010 ὲκ
639 956 959 1024 Πνεύματος
988 956 1146 1023 ἁγίου
1169 996 1184 1019 ,
1219 954 1288 1007 δι’
1341 951 1508 1007 αὐτοῦ
1543 952 1641 1024 τὴν
1674 951 1920 1022 οἰκουμέ-

319 1068 424 1120 νην
453 1048 776 1117 ὡφέλησεν;
816 1040 880 1100 Εἰ
922 1046 1032 1116 γὰρ
1072 1044 1298 1115 αἰσχρὸν
1345 1046 1404 1098 ὲν
1434 1043 1763 1115 ἀνθρωπίνῳ
1811 1041 1918 1095 σώ-

322 1157 461 1210 ματι
490 1140 625 1192 Θεδν
653 1139 897 1208 οἰκῆσαι,
936 1134 1119 1206 πολλῷ
1149 1135 1348 1206 μᾶλλον
1375 1136 1432 1187 ἐν
1464 1134 1599 1204 λίθῳ
1624 1134 1719 1187 καὶ
1746 1132 1916 1203 ξύλῳ,

319 1234 441 1299 ὅσῳ
471 1231 503 1282 6
540 1229 690 1292 λίθος
717 1230 816 1282 καὶ
848 1228 908 1281 τὸ
939 1228 1095 1290 ξύλον
1145 1227 1468 1297 ἀτιμότερον
1501 1224 1792 1294 ἀνθρώπου
1816 1242 1828 1254 ·
1868 1226 1918 1277 εἰ

321 1321 402 1392 μὴ
432 1323 544 1392 ἄρα
569 1323 663 1375 καὶ
694 1320 802 1374 τῶν
822 1319 1170 1389 ἀναισθήτων
1198 1318 1402 1371 τούτων
1437 1317 1578 1370 ὑλῶν
1611 1317 1921 1370 εὐτελέστε-

320 1433 420 1485 ρον
456 1414 519 1466 τὸ
542 1416 702 1482 γένος
730 1411 890 1483 ἡμῶν
916 1411 1099 1473 αὐτοῖς
1131 1406 1271 1463 εἶναι
1303 1411 1469 1463 δοκεῖ.
1502 1409 1665 1461 Αὐτοὶ
1704 1408 1800 1460 καὶ
1840 1410 1920 1472 εἰς

319 1505 535 1568 λίθους,
567 1506 664 1557 καὶ
693 1505 775 1566 εἰς
813 1503 1015 1566 κύνας,
1048 1501 1237 1554 πολλοὶ
1264 1500 1333 1554 ’δὲ
1357 1499 1465 1553 τῶν
1493 1500 1788 1570 αἰρετικῶν
1821 1499 1919 1550 καὶ

317 1602 405 1661 εἰς
432 1600 598 1669 ἕτερα
624 1597 830 1650 τούτων
858 1595 1178 1665 ἀτιμότερα,
1206 1591 1301 1646 τοῦ
1331 1592 1466 1646 Θεοῦ
1492 1593 1791 1659 κατάγουσι
1823 1592 1920 1662 τὴν

320 1689 537 1742 οὐσίαν.
554 1688 747 1757 Ἡμεῖς
776 1687 833 1740 δὲ
864 1686 1068 1739 τούτων
1091 1685 1243 1739 οὐδὲν
1275 1684 1390 1738 οὔτ’
1419 1685 1485 1737 ἂν
1526 1682 1758 1737 ἀκοῦσαί
1790 1698 1919 1736 ποτε

2020 495 2310 563 inducunt,
2337 504 2395 553 et
2415 507 2675 568 tanquam
2698 499 2754 555 in
2779 516 3005 559 carcere
3026 504 3267 575 quodam
3291 507 3602 576 includunt,

2019 587 2157 642 nihil
2188 598 2347 658 turpe
2380 590 2638 646 arbitrari
2676 609 2734 648 se
2764 594 2945 651 facere
2971 607 3068 651 aut
3096 598 3281 653 dicere
3309 616 3322 651 :
3348 614 3449 653 nos
3474 615 3604 656 vero

2020 679 2453 749 reprehendere,
2488 684 2637 753 quod
2691 685 2943 743 dicamus
2981 688 3179 754 Deum,
3229 691 3431 760 templo
3476 692 3603 745 vivo

2020 772 2125 826 sibi
2154 773 2257 845 ipsi
2286 774 2399 845 68
2420 791 2519 845 per
2541 775 2808 846 Spiritum
2831 788 3082 836 sanctum
3107 790 3410 847 exstructo,
3439 799 3603 853 opem

2019 865 2227 920 mundo
2256 882 2354 936 per
2374 868 2512 923 illud
2538 870 2825 926 attulisse?
2850 872 2907 927 Si
2925 874 3074 928 enim
3101 877 3262 944 turpe
3287 883 3371 930 est
3399 876 3454 930 in
3490 876 3596 930 hu-

2019 973 2184 1012 mano
2226 972 2460 1029 corpore
2513 962 2687 1017 Deum
2726 964 2998 1030 habitare,
3034 968 3207 1022 multo
3232 969 3402 1038 magis
3425 969 3482 1023 in
3509 970 3595 1024 ια-

2020 1045 2147 1115 pide
2172 1047 2412 1119 etligno,
2439 1060 2647 1120 quanto
2671 1053 2812 1124 lapis
2837 1064 2893 1108 et
2914 1056 3123 1127 lignum
3154 1057 3377 1113 homine
3400 1061 3599 1117 viliora

2020 1147 2167 1193 sunt.
2194 1140 2310 1195 Nisi
2333 1141 2475 1196 forte
2496 1144 2583 1199 bis
2604 1146 2769 1199 etiam
2796 1147 2961 1201 rebus
2986 1149 3139 1202 nullo
3165 1165 3328 1204 sensu
3355 1152 3602 1219 praeditis

2019 1228 2292 1300 abjectius
2319 1247 2494 1301 genus
2522 1244 2772 1290 nostrum
2808 1236 2942 1306 ipsis
2966 1237 3203 1293 videtur.
3239 1239 3347 1309 Ipsi
3372 1250 3428 1295 et
3449 1240 3502 1295 in
3526 1242 3603 1296 la-

2020 1321 2197 1391 pides,
2226 1331 2285 1378 et
2318 1324 2374 1378 in
2401 1340 2589 1391 canes,
2623 1328 2782 1382 multi
2812 1330 2978 1411 etiam
3014 1330 3260 1409 haeretici
3297 1331 3355 1385 in
3381 1333 3485 1387 alia
3512 1334 3602 1389 his

2021 1414 2253 1470 ftediora
2300 1417 2399 1472 Dei
2440 1419 2802 1475 substantiam
2832 1423 3135 1477 deducunt.
3172 1424 3283 1478 Nos
3308 1440 3440 1478 vero
3472 1425 3606 1479 taiia

2021 1522 2090 1561 ne
2113 1508 2307 1564 audire
2335 1510 2559 1579 quidem
2606 1512 2920 1581 possumus.
2960 1516 3097 1570 Illud
3126 1526 3309 1570 autem
3337 1516 3598 1581 dicimus,

2020 1599 2166 1669 quod
2192 1601 2452 1655 mundam
2478 1619 2721 1668 carnem,
2746 1614 2802 1659 et
2821 1616 3063 1661 sanctam
3086 1616 3141 1661 et
3168 1609 3596 1673 immaculatam,

2020 1695 2075 1741 ct
2104 1689 2285 1742 omnis
2314 1691 2525 1759 peccati
2555 1702 2840 1763 expertem
2868 1736 2882 1759 ,
2936 1711 3002 1750 ex
3029 1698 3284 1768 virginali
3316 1706 3474 1751 utero
3510 1714 3599 1753 as-

321 1779 722 1849 ἀνασχοίμεθα.
762 1778 971 1830 Ἐκεῖνο
1010 1776 1068 1830 δέ
1098 1793 1299 1846 φαμεν,
1328 1774 1679 1844 ὄτικαθαράν
1711 1774 1912 1844 σάρκα,

2025 1782 2315 1849 sumpserit
2344 1783 2625 1849 Christus,
2656 1794 2712 1840 et
2741 1787 3025 1856 proprium
3061 1804 3155 1842 vas
3183 1789 3495 1858 perfecerit.
3532 1819 3601 1828 —

325 1873 429 1925 καὶ
458 1871 640 1938 ἁγίαν,
663 1869 759 1923 καὶ
789 1869 1041 1938 ἄμωμον,
1070 1867 1166 1921 καὶ
1204 1867 1318 1936 (88)
1348 1868 1598 1939 ἁμαρτίᾳ
1632 1867 1782 1936 πάσῃ
1816 1882 1913 1934 γε·

330 1964 568 2033 νομένην
607 1961 818 2023 ἄϐατον,
867 1960 933 2013 ἐκ
991 1959 1326 2030 παρθενικῆς
1381 1960 1598 2030 μήτρας
1640 1956 1839 2011 ἐλαϐεν
1889 1959 1917 2011 6

330 2055 598 2126 Χριστὸς,
620 2054 791 2115 καὶσὺ
819 2054 1017 2106 οἰκεῖον
1045 2051 1321 2123 διώρθωσε
1342 2051 1555 2114 σκεῦος.
1574 2080 1644 2091 -
1660 2050 1771 2104 Καὶ
1786 2049 1915 2120 μετ’

326 2147 437 2200 6.1!
440 2162 512 2215 γα
532 2164 547 2177 ο
577 2146 776 2198 Ἐκεῖνο
797 2144 854 2197 δέ
880 2159 1084 2213 φαμεν,
1114 2143 1196 2197 ὃτι
1220 2142 1346 2197 ναὸν
1372 2142 1527 2210 ἅγιον
1548 2141 1725 2213 ἑαυτῷ
1747 2157 1916 2194 καταο

329 2234 610 2298 σκευάσας
646 2235 673 2287 6
733 2234 868 2297 θεὸς
927 2234 1120 2302 Λόγος.
1171 2233 1239 2286 δι’
1285 2234 1495 2286 ἐκείνου
1539 2232 1636 2302 τὴν
1690 2235 1754 2286 ὲκ
1808 2231 1916 2284 τῶν

328 2327 576 2399 οὐρανῶν
625 2327 910 2380 πολιτείαν
943 2328 1024 2389 εἰς
1066 2326 1157 2379 τὸν
1198 2325 1312 2395 βίον
1342 2325 1606 2394 εἰσήγαγε
1655 2324 1745 2377 τὸν
1779 2324 1915 2395 ὴμέ-

326 2435 506 2488 τερον.
527 2450 593 2459 -
624 2417 739 2472 Τοῦ
770 2418 957 2473 αὐτοῦ
984 2418 1102 2472 ἀπὸ
1129 2417 1230 2472 τοῦ
1251 2419 1458 2486 λόγου,
1498 2436 1516 2467 ι
1546 2416 1767 2471 Ὀτιτά
1798 2415 1910 2485 (89)

328 2508 623 2574 ταπεινῶς
671 2507 955 2577 εἰρημένα
1002 2507 1103 2561 καί
1160 2505 1531 2577 γεγενημέιά
1590 2507 1751 2574 παρὰ
1808 2505 1913 2559 τοῦ

326 2600 610 2667 Χριστοῦ,
642 2601 715 2652 οὐ
751 2598 827 2652 δι’
868 2598 1190 2653 ἀσθένειαν
1217 2597 1528 2667 δυνάμεως
1558 2597 1793 2666 ἐγίνετο
1815 2598 1915 2650 καὶ

322 2692 572 2760 ἐλέγετο
597 2691 744 2762 (90),
790 2691 953 2745 ἀλλὰ
995 2690 1071 2744 δι’
1119 2690 1458 2758 οἰκονομίας
1497 2688 1842 2757 διαφόρους.
1894 2708 1913 2741 ι

324 2782 496 2845 Τίνες
517 2780 604 2836 οὖν
629 2785 763 2837 εἰσιν
791 2784 847 2836 αἰ
881 2784 991 2851 (9|)
1023 2783 1193 2837 αἰτίαι
1222 2780 1316 2835 τοῦ
1347 2783 1578 2835 ταπεινά
1613 2781 1726 2853 (92)
1746 2782 1915 2835 πολλὰ

327 2872 435 2925 καὶ
462 2872 621 2925 αὐτὸν
653 2873 745 2924 καὶ
783 2872 909 2935 τοὺς
957 2872 1290 2934 ἀποστόλους
1323 2872 1607 2942 εἰρηκέναι
1637 2871 1766 2943 περ).
1792 2873 1916 2925 ἐαυ-

324 2959 429 3011 τοῦ
465 2959 609 3028 (95);
660 2958 860 3029 Πρώτη
910 2959 1010 3029 μὲν
1050 2959 1160 3029 (94)
1210 2959 1359 3012 αἰτία
1408 2959 1504 3013 καὶ
1539 2959 1811 3031 μεγίστη,
1854 2961 1917 3014 τὸ

328 3051 518 3120 σάρκα
547 3048 706 3103 αὑτὸν
734 3049 1177 3120 περιϐεϐλῆσθαι,
1198 3050 1292 3102 καὶ
1320 3049 1610 3120 βούλεσθαι
1666 3052 1759 3104 καὶ
1790 3052 1915 3115 τοὺς

324 3143 455 3196 τότε
487 3141 581 3196 καὶ
602 3144 729 3205 τοὺς
763 3142 903 3212 μετά
936 3142 1110 3196 ταῦτα
1154 3142 1530 3196 πιστώσασθαι
1564 3142 1794 3208 πάντας,
1833 3145 1915 3198 ὃτι

324 3235 393 3290 οὒ
436 3236 567 3289 σκιά
594 3234 677 3298 τίς
718 3236 887 3296 ἐστιν,
924 3235 1047 3288 οὐδὲ
1086 3236 1273 3307 σχῆμα
1302 3235 1492 3299 ἁπλῶς
1526 3235 1586 3288 τὸ
1612 3235 1912 3306 ὁρώμενον,

326 3326 448 3378 ἀλλ’
481 3325 709 3396 ἀλήθεια
768 3325 1006 3395 φύσεως.
1041 3327 1104 3379 Εἰ
1147 3327 1253 3396 γὰρ
1279 3325 1515 3379 τοσαῦτα
1546 3326 1781 3379 ταπεινά
1821 3328 1914 3380 καὶ

327 3415 673 3487 ἀνθρώπινα,
701 3420 795 3471 καὶ
817 3417 929 3487 (95)
957 3415 1145 3480 αὑτοῦ,
1170 3417 1272 3470 διαὶ
1299 3416 1406 3470 τῶν
1426 3416 1746 3470 ἀποστόλων
1768 3419 1914 3488 εἰρη-

2021 1870 2089 1923 Et
2119 1881 2233 1941 post
2259 1889 2450 1942 pauca.
2480 1875 2616 1930 lllud
2643 1884 2827 1931 autem
2849 1877 3106 1942 dicimus,
3141 1878 3285 1948 quod
3315 1895 3440 1933 cum
3466 1888 3602 1933 tem-

2020 1962 2170 2032 plum
2193 1973 2445 2018 sanctum
2479 1966 2585 2020 sibi
2611 1966 2755 2021 Deus
2781 1968 3023 2022 Verbum
3054 1969 3473 2032 construxisset,
3501 1986 3600 2040 per

2019 2051 2154 2106 illud
2174 2054 2456 2109 caelestem
2477 2057 2721 2125 politiam
2739 2058 2803 2110 ad
2831 2074 2931 2113 nos
2950 2058 3241 2115 invexerit.
3264 2091 3321 2098 —
3342 2060 3599 2131 Ejusdem

2020 2161 2082 2199 ex
2110 2148 2370 2211 oratione,
2416 2167 2433 2197 ι
2458 2147 2609 2213 Quod
2633 2166 2752 2219 qua:
2771 2151 3042 2205 humiliter
3066 2153 3211 2207 dicta
3236 2162 3284 2206 et
3312 2153 3455 2221 facta
3476 2162 3601 2207 sunt

2020 2252 2052 2288 a
2080 2235 2306 2299 Christo,
2364 2254 2468 2289 non
2518 2247 2733 2308 propter
2761 2240 3175 2295 imbecillitatem
3206 2247 3472 2312 potentiw,
3510 2244 3601 2297 sed

2020 2337 2240 2398 propter
2278 2328 2511 2384 diversas
2554 2332 2855 2385 oeconomia:
2882 2314 3138 2387 rationes
3188 2335 3326 2388 dicta
3370 2345 3418 2388 et
3456 2336 3599 2404 facta

2015 2420 2173 2473 sint.»
2213 2420 2343 2486 Qua:
2376 2421 2543 2490 igitur
2566 2430 2695 2476 sunt
2722 2438 2920 2489 causa},
2968 2440 3067 2479 cur
3102 2435 3157 2480 et
3186 2426 3300 2495 ipse
3330 2426 3398 2480 de
3423 2442 3502 2489 se,
3541 2436 3601 2482 et

2018 2511 2254 2580 apostoli
2309 2511 2377 2567 de
2422 2512 2543 2582 ipso
2598 2514 2767 2568 multa
2803 2514 3088 2569 humiliter
3113 2516 3384 2571 dixerint?
3418 2517 3599 2572 Prima

2019 2602 2241 2671 quidem
2268 2611 2324 2658 et
2350 2604 2585 2658 maxima
2607 2616 2711 2670 est,
2741 2606 2888 2675 quod
2908 2622 3134 2662 carnem
3160 2623 3285 2662 cum
3306 2609 3597 2675 induisset,

2021 2694 2183 2750 ﬁdem
2227 2695 2406 2751 facere
2446 2698 2704 2759 voluerit,
2741 2707 2855 2752 tum
2888 2699 2957 2753 iis
2978 2701 3071 2769 qui
3107 2709 3239 2756 tunc
3265 2711 3444 2764 erant,
3480 2711 3598 2756 tum

2018 2789 2258 2856 posteris
2276 2789 2553 2855 omnibus,
2707 2793 2855 2860 quod
2881 2808 2988 2846 non
3009 2802 3158 2848 esset
3179 2795 3371 2848 umbra
3393 2794 3596 2865 aliqua,

2020 2880 2105 2933 vel
2134 2880 2306 2949 ﬁgura
2334 2888 2567 2945 tantum,
2601 2883 2747 2951 quod
2771 2884 3122 2948 cernebatur,
3147 2885 3243 2939 sed
3272 2886 3478 2940 veritas
3500 2900 3599 2940 na-

2023 2976 2178 3023 turae.
2214 2969 2271 3024 Si
2298 2970 2468 3035 enim,
2505 2987 2631 3026 cum
2665 2981 2743 3027 tot
2766 2973 2996 3029 humilia
3028 2986 3085 3031 et
3108 2976 3376 3031 humana‘
3403 2988 3458 3033 et
3484 2978 3599 3048 ipse

2018 3068 2075 3114 et
2107 3062 2344 3130 apostoli
2399 3062 2466 3116 de
2514 3078 2581 3117 eo
2623 3062 2890 3127 dixerint,
2936 3068 3117 3135 potuit
3140 3077 3320 3123 tamen
3347 3069 3602 3125 diabolus

2019 3151 2238 3205 miseris
2269 3140 2600 3221 quibusdam
2633 3142 2955 3212 hominibus
2987 3159 3343 3228 persuadere,
3387 3169 3448 3215 ut
3482 3160 3599 3215 dis-

2015 3241 2355 3311 pensationis
2398 3244 2673 3299 rationem
2708 3257 2991 3317 negarent,
3028 3258 3085 3304 et
3116 3250 3303 3305 dicere
3327 3251 3601 3306 auderent
3632 3274 3639 3283 ο

2015 3331 2162 3401 quod
2189 3348 2411 3389 carnem
2442 3350 2552 3389 non
2580 3338 2961 3406 assumpserit,
3011 3348 3069 3394 et
3089 3356 3251 3395 omne
3276 3341 3597 3396 humanita-

2019 3423 2087 3476 tis
2109 3423 2531 3481 fundamentum
2563 3429 2820 3484 tollerent
2845 3448 2857 3483 :
2884 3430 2930 3485 si
2956 3431 3152 3485 horum
3182 3432 3317 3486 nihil
3342 3431 3595 3496 dixisset,

3619 1958 3647 1985 I

328 3506 509 3559 κάτων
542 3507 670 3578 περὶ
715 3505 903 3569 αὐτοῦ,
947 3506 1098 3576 ὅμως
1132 3505 1353 3576 ἴσχυσεν
1381 3508 1409 3558 6
1441 3503 1690 3567 διάϐολος
1726 3507 1913 3560 πεῖσαί

2025 3530 2177 3583 quam
2201 3518 2361 3572 multi
2390 3519 2445 3573 in
2468 3519 2575 3574 hoc
2603 3521 2926 3576 barathrum
2955 3522 3295 3579 inciderent!
3402 3540 3417 3555 ’

329 3613 487 3658 τινας
523 3595 633 3648 τῶν
650 3596 850 3650 ἀθλίων
877 3596 970 3650 καὶ
990 3596 1352 3676 ταλαιπώρων
1383 3595 1707 3667 ἀνθρώπων,
1737 3597 2076 3666 ἀρνήσασθαι
2127 3606 2225 3676 τῆς
2271 3609 2584 3678 οἰκονομίας
2647 3610 2740 3661 τὸν
2807 3611 2985 3679 λόγον,
3055 3612 3149 3664 καὶ
3215 3612 3487 3681 τολμῆσαι
3520 3612 3600 3663 εί-

335 3690 459 3739 πεῖν
490 3687 574 3739 ὅτι
621 3689 799 3757 σάρκα
829 3687 929 3740 οὐκ
957 3686 1140 3752 ἔλαϐε,
1172 3685 1498 3775 καὶῃπᾶσαν
1532 3684 1646 3756 (96)
1686 3686 1788 3756 τῆς
1831 3689 2240 3775 φιλανθρωπίας
2268 3696 2526 3749 ὑπόθεσιν
2556 3698 2764 3751 ἀνελεῖν
2786 3716 2800 3729 ·
2860 3701 2908 3751 εἰ
2969 3699 3137 3768 μηδὲν
3191 3700 3397 3755 τούτων
3453 3695 3599 3767 εἰπε,

333 3778 493 3829 πόσοι
513 3778 615 3829 οὐκ
640 3756 706 3831 ἂν
734 3778 814 3841 εἰς
853 3778 913 3830 τὸ
941 3776 1215 3848 βάραθρον
1239 3756 1396 3829 τὲὒτο
1422 3776 1725 3831 κατέπεσον
1779 3776 1912 3847 (97)Ι

421 3869 640 3936 Ὀλίγας
672 3870 770 3938 μὲν
799 3864 892 3923 οὖν
922 3869 1033 3939 (98)
1074 3872 1139 3923 ὲκ
1174 3870 1509 3940 παμπόλλων
1548 3885 1629 3922 σοι
1664 3871 1918 3941 παρήγα-

341 3976 440 4027 γον
486 3960 711 4030 χρήσεις
766 3944 874 4013 τῶν
926 3961 1186 4032 κηρύκων
1237 3963 1338 4032 τῆς
1391 3960 1676 4030 ἀληθείας,
1716 3961 1804 4014 ἴνα
1842 3962 1916 4032 μὴ

332 4048 413 4119 τῷ
450 4049 642 4117 πλήθει
678 4050 776 4113 τάς
811 4050 981 4115 ἀκοὰς
1018 4051 1354 4104 ἀποκναίσω.
1395 4050 1702 4121 Ἀποχρῶσι
1736 4050 1791 4103 δὲ
1825 4051 1919 4102 καὶ

333 4133 502 4194 αὗται
537 4140 701 4205 δεῖξαι
726 4141 834 4203 τῶν
859 4141 1186 4209 ἀξιεπαίνων
1214 4142 1422 4213 ἀνδρῶν
1451 4141 1546 4195 τοῦ
1575 4143 1918 4213 φρονήματος

334 4235 430 4290 τὺν
468 4236 689 4289 σκοπόν.
718 4235 821 4289 Σὺν
858 4236 903 4290 δ’
929 4235 996 4290 ἂν
1027 4236 1115 4306 εἴη
1151 4235 1322 4306 φάναι
1354 4234 1561 4300 λοιπὸν,
1587 4236 1735 4298 ὅπως
1764 4233 1914 4303 ἔχειν

340 4345 424 4381 σοι
458 4328 527 4380 τὰ
554 4329 818 4400 εἰρημένα
845 4328 1011 4382 δοκεῖ.

410 4418 615 4474 EPAN.
669 4421 885 4491 Συνῳδά
921 4421 1020 4490 μὲν
1052 4421 1337 4491 εἰρήκασιν
1368 4418 1629 4485 ἅπαντες,
1660 4419 1755 4473 καί
1782 4436 1916 4490 συμ-

2088 3872 2298 3927 Paucas
2322 3870 2422 3925 tibi
2471 3886 2540 3926 ex
2564 3871 2822 3943 plurimis
2851 3887 3163 3943 prteconum
3188 3875 3443 3932 veritatis
3470 3893 3598 3933 sen.

2018 3961 2217 4018 tentias
2241 3963 2526 4033 proposui,
2558 3979 2628 4018 ne
2660 3965 3013 4019 multitudine
3043 3981 3208 4021 aures
3235 3976 3359 4022 tuas
3383 3969 3593 4026 obtun-

2017 4052 2223 4108 derem.
2290 4052 2434 4109 Satis
2474 4063 2659 4109 autem
2693 4054 2777 4109 ha
2805 4063 3036 4124 possunt
3072 4071 3216 4121 esse,
3268 4066 3329 4113 ut
3369 4075 3596 4130 scopum

2016 4146 2331 4210 ostendant,
2368 4145 2437 4200 ad
2463 4162 2627 4217 quem
2650 4147 2756 4202 viri
2788 4147 3148 4203 laudatissimi
3177 4158 3415 4205 mentem
3440 4166 3594 4206 suam

2021 4239 2363 4295 direxerant.
2394 4239 2572 4293 Tuum
2593 4249 2674 4295 est
2700 4239 2985 4309 deinceps,
3013 4240 3290 4310 quomodo
3308 4257 3367 4296 se
3391 4242 3595 4299 habere

2022 4330 2122 4387 tibi
2148 4330 2442 4385 videantur
2468 4346 2591 4400 qua:
2619 4331 2765 4386 dicta
2796 4340 2944 4397 sunt,
2980 4347 3278 4401 exponere.

2091 4421 2297 4475 ERAN.
2336 4419 2706 4476 Consonantia
2730 4420 2955 4490 quidem
2986 4421 3247 4476 dixerunt
3289 4438 3507 4488 omnes,
3539 4435 3595 4480 et

340 4511 583 4578 φωνοῦσι
612 4515 723 4575 τοῖς
764 4514 862 4583 τὴν
903 4511 1039 4580 πρὸς
1071 4512 1358 4581 ἀνίσχοντα
1390 4512 1541 4582 ἥλιον
1566 4512 1916 4583 γεωργήσασι

2025 4511 2376 4566 consentiunt
2414 4527 2539 4566 cum
2584 4512 2869 4567 orientalis
2896 4506 3055 4568 terra
3081 4513 3387 4569 cultoribus
3429 4514 3466 4570 ii
3496 4518 3591 4597 qui

339 4601 449 4672 γῆν
476 4605 523 4656 οἰ
572 4603 673 4673 τὴν
710 4602 847 4672 πρὸς
884 4601 1141 4673 δυόμενον
1181 4602 1681 4673 φυτουργήσαντες·
1716 4601 1914 4672 πολλὴν

2025 4603 2413 4663 occidentalem
2431 4603 2791 4658 excoluerunt
2814 4622 2826 4656 :
2852 4619 3107 4674 magnum
3125 4614 3309 4659 autem
3332 4604 3388 4659 in
3403 4587 3593 4660 eorum

337 4696 396 4747 δὲ
431 4690 571 4747 εἶδον
600 4697 659 4748 ἐν
684 4698 795 4758 τοῖς
822 4695 1002 4762 λόγοις
1030 4694 1314 4765 διαίρεσιν.

409 4787 565 4841 οΡΘ.
610 4785 854 4857 Διάδσχοι
901 4785 1011 4838 τῶν
1050 4784 1211 4839 θείων
1265 4783 1578 4839 ἀποστόλων
1619 4785 1668 4837 oi
1723 4783 1916 4854 ἄνδρες

336 4876 684 4946 γεγένηνται.
738 4874 896 4939 τινὲς
947 4874 1006 4929 δὲ
1058 4876 1151 4929 καὶ
1185 4875 1283 4945 τῆς
1313 4876 1463 4946 ἱερᾶς
1499 4873 1677 4927 αὐτῶν
1709 4873 1912 4944 φωνῆς,

341 4967 438 5021 καὶ
465 4966 563 5036 τῆς
587 4966 918 5036 ἀξιαγάστου
947 4966 1077 5031 θέας
1115 4968 1457 5039 ἀπήλαυσαν·
1485 4967 1534 5020 οἰ
1579 4966 1637 5021 δέ
1669 4982 1734 5034 γε
1765 4964 1915 5018 πλεῖ-

413 5143 524 5215 (88)
560 5143 672 5198 καί.
710 5143 789 5199 Ex
821 5144 911 5199 ed.
936 5145 1093 5200 Rom.
1120 5157 1176 5201 et
1215 5145 1363 5215 Lips.
1398 5146 1682 5200 insertum.

414 5212 619 5283 (89):}:
664 5215 1027 5283 supplendum
1084 5215 1208 5270 fuit.
1253 5212 1441 5270 Exstat
1498 5214 1660 5277 infra,
1697 5213 1753 5267 in
1784 5212 1914 5268 dial.

346 5283 400 5347 2,
434 5283 527 5337 ubi
558 5284 864 5354 exfeadem
905 5285 1153 5340 oratione
1199 5285 1354 5340 locus
1388 5284 1654 5354 allegatur
1679 5283 1783 5338 sub
1818 5298 1917 5338 no-

346 5353 495 5425 mine
510 5353 774 5425 orationis
802 5354 1130 5425 dogmaticw.
1278 5422 1290 5425 _
1386 5422 1401 5425 _
1510 5353 1521 5354 “
1648 5421 1660 5425 Α
1749 5388 1830 5425 _.

418 5423 527 5505 (90)
686 5441 742 5477 κ.
970 5424 1097 5478 Haec
1135 5422 1439 5505 supplenda
1475 5437 1597 5505 esse
1633 5421 1910 5505 duximus,

346 5492 588 5615 grana-ad
624 5494 1039 5564 inscriptionem
1088 5493 1371 5574 orationis,
1395 5493 1692 5579 pertinent;
1731 5492 1913 5546 Editio

421 5563 555 5615 VIIII.
596 5570 638 5615 t.
670 5563 758 5615 Vl.
790 5579 845 5615 ι).
882 5564 1006 5615 425.
1052 5570 1326 5615 nmmum
1358 5562 1478 5614 ουδὲ
1502 5562 1570 5615 δι’
1594 5562 1910 5615 ὲλαττωσιν.

421 5562 555 5633 viiii,
596 5570 638 5617 t.
670 5563 758 5633 γι,
790 5562 845 5633 ί).
882 5564 1006 5628 425,
1052 5562 1326 5633 praemitti!
1358 5562 1570 5633 essese
1594 5562 1910 5633 ἐλάττωσιν.

416 5630 525 5760 ξω)
558 5634 634 5686 αἱ.
669 5630 1024 5688 Inserendum
1052 5630 1178 5715 :l‘uit
1226 5647 1292 5686 ex
1338 5630 1443 5712 ed;
1465 5631 1620 5685 Rom.
1658 5639 1714 5686 et
1762 5630 1910 5715 Lips‘.

438 5702 506 5755 92
562 5701 662 5755 Ed.
720 5702 876 5757 Rum.
910 5712 965 5757 et
1007 5701 1154 5760 LIDS.
1193 5718 1467 5755 ταπεινου.
1526 5700 1633 5755 Sed
1684 5717 1910 5754 ταπεινα

438 5699 525 5768 9⁸Ξ)
562 5701 662 5755 Ed.
720 5702 876 5757 Rum.
910 5712 965 5757 et
1007 5701 1154 5773 Lips.
1193 5699 1467 5755 ταπεινοῦ.
1526 5700 1633 5755 Sed
1684 5699 1914 5754 ταπεινά

2023 4694 2185 4748 dictis
2212 4693 2510 4748 discrimen
2542 4693 2929 4749 animadverti.

2091 4783 2304 4840 ORTH.
2342 4784 2698 4840 Successores
2725 4785 3038 4840 divinorum
3070 4787 3442 4856 apostolorum
3490 4786 3591 4839 viri

2022 4874 2080 4927 hi
2117 4872 2341 4928 luerunt
2377 4890 2390 4926 :
2432 4889 2664 4943 quorum
2709 4874 2878 4943 aliqui
2921 4890 3130 4929 sacram
3159 4876 3377 4929 illorum
3404 4891 3591 4928 vocem

2021 4964 2355 5029 audierunt,
2409 4974 2466 5020 et
2493 4964 2805 5020 admirabili
2833 4981 3026 5021 eorum
3071 4967 3471 5022 consuetudine
3507 4966 3593 5019 usi

2014 5144 2182 5199 habet
2213 5145 2380 5199 etiam
2411 5145 2501 5200 ed.
2541 5144 2752 5200 Savilii.

2083 5216 2197 5280 (93)
2232 5216 2381 5268 ὲαὺτ.
2414 5215 2579 5270 Savil.
2622 5214 2808 5269 αὑτοῦ.

2107 5285 2195 5355 94)
2232 5286 2349 5355 μέν.
2387 5285 2553 5340 Savil.
2588 5285 2743 5355 addit
2779 5280 2892 5355 οὖν.

2107 5285 2174 5340 94
2232 5286 2349 5355 μέν.
2387 5285 2553 5340 Savil.
2588 5285 2743 5341 addit
2779 5285 2892 5339 οὖν.

2084 5285 2315 5434 έθὸζὶκαὶ
2331 5354 2745 5434 -ιπερὶιαὺτοῖμ
2769 5354 2915 5434 Savil
2950 5353 3079 5434 περ).
3104 5351 3293 5434 aii-toﬁ,
3334 5354 3429 5434 κ-αὶ
3470 5355 3589 5409 τῶν

2011 5424 2322 5496 ἀπεσεόλωγ
2358 5425 2676 5496 εἱρηὲὁτων.
2710 5425 2802 5475 καὶ
2830 5424 2994 5496 αὐτοῦ
3030 5425 3160 5496 περὶ
3190 5425 3410 5481 ἑαυτοῦ.

2083 5493 2194 5564 (96)
2236 5492 2434 5567 πᾷσαν.
2480 5492 2580 5546 Ed.
2618 5492 2775 5546 Rom.
2814 5502 2867 5548 et
2905 5493 3055 5565 Lips.
3105 5492 3296 5566 praem.
3342 5497 3462 5567 τήν.
3509 5493 3589 5551 Ita

2020 5560 2238 5633 quoque
2278 5560 2444 5633 Savi_I_.

2095 5627 2205 5703 (9'7)
2242 5647 2366 5703 κατ.
2382 5629 2515 5703 _lluc
2539 5645 2719 5703 usque
2738 5627 3182 5703 Qhrysostomus.

2098 5695 2207 5765 (98)
2239 5695 2349 5754 οὖν.
2382 5700 2506 5756 Des.
2537 5700 2591 5755 in
2618 5695 2707 5756 éd.
2737 5695 2896 5757 Rom.
2930 5711 2987 5758 et
3014 5703 3166 5760 Lips.
