4006 6202
439 296 543 358 ιᾳςδ

1415 293 1903 353 TIIEODORETI
1954 292 2294 351 El’lSCUI'l
2339 295 2707 360 CYREXSIS

3494 301 3498 304 ’
3605 300 3703 364 I'H

433 414 564 460 sunt
597 421 610 458 :
645 403 868 474 plurimi
902 401 1068 458 etiam
1114 401 1359 471 martyrii
1393 401 1613 454 coronis
1657 399 1839 453 ornati
1873 405 1996 452 sunt

2127 412 2239 448 στοι
2282 399 2398 464 ’τοῖς
2452 403 2544 454 τοῦ
2589 400 2889 475 μαρτυρίου
2939 403 3229 475 στεφάνοις
3285 407 3704 482 κατεκοσμήθη-

435 499 607 552 Fasne
634 512 766 566 ergo
796 496 895 550 tibi
915 493 1533 561 videtur.hiaspl.emam
1560 500 1751 546 contra
1775 491 1898 544 illos
1918 491 2022 544 Iin-

433 605 594 659 guam
623 585 880 642 movere?

504 680 711 734 ERAN.
746 678 1013 747 Equidem
1039 678 1146 732 hoc
1161 677 1341 732 facere
1361 675 1692 746 pertimesco
1721 693 1731 730 :
1759 682 2018 730 caaterum

434 785 686 838 magnum
715 767 1012 821 discrimen
1047 783 1155 821 non
1183 766 1376 836 probo.

504 883 610 950 70
642 879 850 934 0RTH.
906 879 1010 934 Sed
1060 896 1160 950 ego
1193 881 1293 934 tibi
1324 872 1518 935 rursus
1546 880 1889 949 inopinatum
1919 895 2018 949 ap-

431 973 648 1042 plicabo
680 972 1006 1025 remedium.
1049 973 1228 1027 Unum
1261 972 1408 1029 enim
1456 971 1797 1026 admirabilis
1822 982 2018 1026 vestra:

433 1065 708 1118 haereseos
753 1063 1034 1126 doctorem
1077 1062 1448 1132 Apollinarem
1485 1062 1539 1115 in
1570 1062 1814 1115 medium
1839 1061 2014 1116 addu-

430 1173 572 1220 cam,
616 1164 673 1210 et
712 1171 822 1210 non
861 1156 1023 1209 aliter
1055 1171 1116 1208 ac
1141 1155 1314 1208 sancti
1346 1155 1536 1208 Patres
1573 1173 1589 1204 ι
1613 1155 1852 1208 Verbum
1889 1168 2016 1210 caro

431 1247 634 1302 factum
671 1256 755 1301 est
779 1267 795 1298 ι
832 1246 1168 1302 intellexisse
1200 1247 1513 1301 ostendam.
1553 1247 1696 1302 Audi
1723 1262 1854 1317 ergo
1884 1245 2016 1317 quid
2044 1270 2047 1271 ν

432 1340 534 1394 hac
562 1339 628 1393 de
660 1354 718 1393 re
749 1340 1036 1408 scripserit
1061 1340 1116 1393 in
1143 1340 1555 1410 compendiario
1585 1355 1684 1394 suo
1707 1339 1870 1393 libro.

1071 1551 1395 1622 Apolinarii.

501 1639 584 1693 Ea:
611 1639 741 1693 libro
767 1642 1180 1711 compendiario.
1208 1642 1264 1697 Si
1291 1641 1438 1712 quod
1461 1641 1692 1695 assumit
1713 1640 2011 1711 quispiam,

2127 503 2246 540 σαν.
2282 488 2358 544 Ἰι
2388 493 2564 545 τοίνυν
2618 496 2815 560 εὐαγές
2852 513 2933 550 σοι
2972 497 3122 550 δοκεῖ
3164 497 3262 551 καὶ
3309 499 3453 553 κατὰ
3499 499 3704 556 τούτων

2123 577 2220 647 τὴν
2252 578 2579 653 βλάσφημον
2616 586 2835 655 κινῆσαι
2871 586 3147 656 γλῶτταν;

2193 667 2402 725 ΕΡΑΝ.
2447 673 2617 726 Τοῦτο
2656 673 2756 741 μὲν
2793 674 2988 746 δράσαι
3021 677 3282 748 δειμαίνω
3304 719 3320 746 ,
3353 678 3454 750 τὴν
3486 681 3543 733 δὲ
3576 681 3706 736 πολι

2121 757 2217 828 λὴν
2245 760 2514 834 διαίρεσιν
2546 767 2606 820 οὐ
2652 770 2965 840 προσίεμαι.

2193 872 2343 925 ΟΡΘ.
2397 877 2539 931 Ἀλλ’
2571 879 2683 948 ἐγώ
2716 897 2799 934 σοι
2839 882 3001 936 πάλιν
3049 885 3356 957 παράδοξον
3387 886 3703 960 μηχανήσο-

2123 978 2222 1030 μαι
2257 962 2576 1034 θεραπείαν.
2613 971 2750 1025 Ἕνα
2786 973 2893 1044 γάρ
2925 975 3034 1029 τῶν
3075 977 3174 1046 τῆς
3212 977 3520 1049 θαυμασίας
3547 980 3703 1052 ὑμῶν

2118 1054 2386 1122 αἱρέσεως
2417 1057 2740 1117 διδάσκαλον
2785 1068 3162 1139 Ἀπολινάριον
3202 1053 3294 1134 ἐἰς
3345 1071 3510 1141 μέσον
3558 1090 3703 1146 παρ-

2121 1145 2254 1210 άξω,
2287 1149 2383 1201 καὶ
2410 1148 2570 1220 δείξω
2607 1157 2718 1219 τοῖς
2746 1158 2924 1225 ἁγίοις
2958 1161 3204 1231 Πατράσι
3231 1158 3321 1226 τὸ,
3364 1182 3383 1214 ι
3436 1162 3494 1215 '0
3531 1145 3705 1233 Λόγος

2120 1237 2256 1308 σὰρξ
2287 1239 2529 1310 ἐγένετο,
2567 1265 2586 1299 ι
2628 1250 3026 1320 παραπλησίως
3080 1254 3396 1322 νενοηκότα.
3435 1254 3701 1308 Ἄκουσον

2113 1330 2296 1384 τοίνυν
2329 1332 2387 1386 ὲν
2437 1337 2515 1408 τῷ
2551 1342 2692 1395 κατὰ
2725 1343 3020 1412 κεφάλαιον
3057 1343 3248 1414 βιϐλίῳ
3285 1339 3374 1400 οἷα
3416 1347 3544 1416 περὶ
3575 1346 3700 1400 τοὺ-

2115 1439 2210 1476 του
2252 1424 2616 1502 συνέγραψεν.

2695 1545 3136 1616 Ἀπολιναρίου.

2202 1626 2296 1680 Ἐκ
2360 1629 2474 1701 (99)
2519 1633 2627 1688 τοῦ
2675 1636 2826 1688 κατὰ
2884 1636 3214 1704 κεφάλαιον
3255 1637 3522 1702 βιϐλίου.
3562 1640 3625 1692 El
3677 1635 3707 1689 ό

433 1732 487 1784 in
539 1731 592 1785 id
639 1747 747 1785 non
793 1734 1171 1798 convertitur,
1221 1735 1516 1804 assumpsit
1553 1741 1738 1788 autem
1785 1750 2006 1790 carnem

2116 1717 2526 1788 προσλαμϐάνει
2559 1742 2645 1788 τις
2669 1727 2730 1779 οὺ
2765 1727 3026 1796 τρέπεται
3067 1730 3146 1792 είς
3170 1729 3349 1795 τοῦτο,
3391 1731 3702 1799 προσέλαϐε

429 1823 715 1888 Christus,
747 1842 857 1879 non
907 1828 1094 1896 utique
1122 1828 1177 1881 in
1212 1843 1432 1882 carnem
1475 1843 1774 1882 conversus
1809 1838 1910 1884 est.
1941 1829 2011 1883 Et

431 1932 610 1969 rursus
655 1933 774 1970 mox
821 1918 1142 1988 subjungens
1175 1921 1250 1972 ait
1279 1937 1295 1973 :
1329 1918 1548 1973 Etenim
1579 1921 1820 1991 seipsum
1854 1921 2014 1976 nobis

430 2004 483 2058 in
503 2006 881 2075 cognationem
901 2023 1000 2078 per
1019 2024 1218 2078 corpus
1235 2010 1482 2075 donavit,
1507 2021 1567 2065 ut
1585 2013 1814 2067 salutem
1834 2013 2010 2068 daret.

428 2096 601 2150 Multo
627 2106 812 2152 autem
842 2101 1195 2168 praestantius
1215 2108 1300 2153 est
1328 2100 1379 2154 id
1407 2103 1552 2170 quod
1577 2111 1759 2156 servat
1781 2108 1846 2158 'eo
1867 2105 2014 2172 quod

429 2197 700 2240 servatur.
728 2187 912 2256 Longe
936 2188 1104 2256 igitur
1126 2190 1472 2256 praastantior
1492 2199 1576 2243 est
1599 2191 1653 2244 in
1672 2191 1831 2245 nobis
1847 2193 2013 2246 etiam

431 2278 487 2330 in
527 2278 778 2345 corporis
807 2278 1178 2346 susceptione.
1215 2278 1334 2333 Non
1370 2289 1514 2334 esset
1541 2292 1723 2335 autem
1750 2291 2013 2351 praestan-

431 2368 559 2430 tiOr,
591 2369 634 2422 si
672 2369 726 2420 in
758 2383 979 2422 carnem
1019 2376 1264 2423 mutatus
1299 2379 1465 2424 esset.
1501 2370 1571 2424 Et
1598 2372 1759 2442 paulo
1797 2383 1913 2443 post
1937 2377 2013 2428 ita

429 2458 554 2510 dicit
583 2475 599 2511 :
627 2457 780 2524 Quod
804 2458 1038 2528 simplex
1063 2469 1167 2524 est,
1193 2476 1364 2514 unum
1390 2470 1474 2515 est
1503 2479 1515 2513 :
1545 2463 1691 2530 quod
1715 2479 1845 2516 vero
1865 2478 2015 2517 com-

428 2542 669 2609 positum
716 2551 836 2608 est,
896 2559 1006 2597 non
1038 2554 1218 2614 potest
1247 2562 1419 2601 unum
1449 2564 1590 2603 esse.
1650 2550 2009 2604 Mutationem

430 2625 599 2696 igitur
630 2627 863 2682 affirmat
897 2630 1046 2685 unici
1073 2634 1295 2697 Vcrbi',
1334 2637 1427 2705 qui
1457 2637 1636 2706 ipsum
1673 2653 1894 2692 carnem
1929 2641 2013 2694 fa-

439 2718 586 2759 ctum
631 2724 750 2761 esse
791 2710 946 2762 dicit.
1003 2714 1057 2762 Si
1090 2725 1216 2761 Vero
1242 2716 1405 2764 etiam
1442 2716 1804 2782 compositum
1843 2735 2041 2772 unum-

437 2805 541 2860 est,
579 2797 720 2850 sicut
757 2798 951 2862 homo,
1001 2801 1304 2854 secundum
1345 2799 1797 2873 compositionem
1841 2825 2010 2865 unum

437 2888 595 2954 dicit,
627 2891 722 2960 qui
756 2901 986 2961 prapter
1009 2894 1269 2949 unionem
1301 2911 1425 2950 cum
1451 2913 1614 2954 carne
1637 2900 1791 2965 dicit,
1834 2922 1851 2952 ‹
1875 2903 2010 2958 Ver-

2113 1807 2168 1860 δὲ
2229 1810 2410 1879 σάρκα
2436 1813 2465 1866 ό
2497 1814 2764 1886 Χριστὸς,
2804 1817 2911 1886 άρα
2965 1817 3065 1871 οὐκ
3119 1819 3332 1891 ἐτράπη
3375 1823 3454 1884 εἰς
3499 1822 3696 1894 σάρκα.

2115 1901 2221 1954 Καὶ
2269 1900 2459 1958 πάλιν
2503 1906 2687 1973 εὐθὺς
2733 1907 3163 1961 ἐπισυνάπτων
3205 1913 3383 1979 φησί’
3434 1913 3545 1966 Καὶ
3593 1914 3699 1984 γὰρ

2115 1991 2306 2044 ἑαυτὸν
2346 1993 2483 2064 ἡμῖν
2521 1998 2600 2061 εἰς
2635 1999 2957 2066 συγγένειαν
3004 2001 3296 2070 ἐχαρίσατο
3325 2001 3410 2056 διὰ
3452 2003 3549 2056 τοῦ
3592 2002 3698 2058 σώ-

2119 2100 2321 2153 ματος,
2380 2083 2470 2142 ἵνα
2530 2087 2696 2160 σώσῃ.
2762 2089 2975 2160 Μακρῷ
3044 2091 3101 2143 δὲ
3158 2091 3378 2146 κάλλιον
3436 2093 3531 2147 τοῦ
3591 2113 3685 2150 σωι

2116 2173 2343 2240 ζομένου
2387 2177 2450 2234 τὸ
2487 2177 2656 2241 σῶζον
2687 2197 2701 2210 ·
2735 2181 2926 2251 μακρῷ
2955 2180 3061 2251 ἄρα
3095 2183 3308 2238 κάλλιον
3332 2185 3488 2256 ἡμῶν
3519 2189 3613 2240 καὶ
3638 2188 3698 2241 ἐν

2114 2265 2180 2333 τῇ
2215 2265 2565 2333 σωματώσει.
2602 2270 2716 2322 Οὐκ
2739 2273 2803 2324 ἂν
2825 2271 2880 2324 δὲ
2913 2268 2980 2342 ἦν
3010 2272 3230 2326 κάλλιον
3259 2277 3340 2339 εἰς
3365 2277 3543 2347 σάρκα
3569 2295 3698 2350 τρα-

2115 2354 2256 2415 πείς.
2299 2354 2412 2411 Kal
2455 2357 2586 2427 μετ’
2619 2360 2795 2430 ὀλίγα
2849 2360 2916 2414 δὲ
2958 2360 3114 2416 οὕτω
3157 2363 3339 2435 λέγει⁹
3375 2366 3448 2418 Τὸ
3493 2367 3696 2421 ἁπλοῦν

2113 2443 2171 2496 ’ἐν
2211 2445 2349 2511 ἐστι,
2404 2447 2465 2501 τδ
2509 2449 2564 2502 δὲ
2599 2450 2850 2504 σύνθετον
2904 2455 2965 2506 οὐ
3005 2453 3228 2508 δύναται
3279 2455 3337 2510 έν
3371 2453 3530 2512 εἶναι.
3569 2460 3698 2530 Τρο-

2115 2534 2225 2605 πὴν
2263 2531 2359 2591 οὖν
2397 2541 2472 2610 (1)
2507 2540 2654 2609 λέγει
2708 2543 2798 2596 τοῦ
2852 2545 2968 2608 ἑνὸς
3001 2545 3176 2615 Λόγου
3223 2548 3251 2600 ό
3282 2546 3504 2616 φάσκων
3538 2551 3700 2603 αὑτὸν

2117 2625 2295 2696 σάρκα
2337 2630 2686 2700 γεγενῆσθαι.
2726 2632 2787 2685 El
2821 2632 2878 2685 δὲ
2913 2636 3007 2687 καὶ⁸
3053 2635 3115 2689 τὸ
3150 2636 3399 2690 σύνθετον
3425 2639 3482 2690 ἓν
3527 2640 3696 2704 ἐστιν,

2113 2713 2299 2782 ὣσπερ
2326 2717 2635 2786 ἄνθρωπος,
2691 2723 2751 2775 τὸ
2805 2727 2946 2779 κατά
2991 2727 3239 2783 σύνθεσιν
3277 2728 3335 2781 ἓν
3367 2728 3516 2798 λέγει
3545 2733 3688 2798 οδεὰ

2113 2802 2210 2874 τὴν
2252 2804 2388 2875 πρὸς
2441 2806 2620 2879 σάρκα
2653 2809 2866 2896 Ῠένωσιν
2909 2809 3112 2883 λέγων·
3165 2836 3183 2868 ι
3240 2815 3298 2871 '0
3333 2820 3507 2890 Λόγος
3550 2823 3685 2896 σάρξ

2113 2895 2345 2963 ἐγένετο.
2379 2915 2398 2948 ι
2452 2899 2558 2952 Καὶ
2598 2895 2771 2968 αὖθις
2793 2905 2944 2972 μετὰ
2977 2907 3214 2977 ,βραχέα
3256 2911 3356 2965 καὶ
3387 2914 3575 2969 ταῦτα
3604 2895 3687 2969 έι-

437 2979 568 3035 bum
602 2997 730 3037 caro
778 2983 980 3038 factum
1021 2993 1122 3039 est.
1154 3004 1171 3036 ι
1218 2987 1286 3039 Et
1316 3005 1498 3042 rursus
1525 2999 1639 3060 post
1689 3009 1859 3062 pauca
1904 2995 2006 3048 hwc

2115 3003 2277 3054 ρηκε·
2311 2989 2614 3061 Σάρκωσις,
2649 2995 2896 3060 κένωσις⁶
2937 2998 3052 3069 ἡδὶ
3081 3000 3314 3066 κένωσις
3349 3003 3448 3057 οὐκ
3479 3004 3687 3076 ἄνθρω-

436 3072 596 3124 etiam
623 3073 748 3126 dicit
780 3090 797 3127 :
822 3074 1152 3141 lncarnatio,
1188 3077 1489 3133 exinanitio
1517 3098 1529 3133 :
1556 3082 1857 3137 exinanitio
1881 3100 2006 3139 vero

2117 3094 2238 3141 πον,
2295 3079 2430 3134 ἀλλὰ
2477 3082 2606 3136 Υίὸν
2653 3068 2964 3156 ἀνθρώπου
3004 3090 3094 3143 τὸν
3149 3091 3458 3148 κενώσαντα
3497 3068 3686 3151 ἑαυτὸν

433 3175 545 3215 non
569 3162 848 3218 hominem
875 3165 1145 3236 designat,
1176 3169 1268 3222 sed
1297 3169 1493 3224 Filium
1520 3172 1776 3238 hominis,
1804 3176 1895 3244 qui
1919 3193 2011 3230 ex-

435 3251 666 3307 inanivit
692 3256 935 3324 seipsum
960 3258 1025 3322 ⁶¹,
1061 3273 1167 3311 non
1196 3273 1295 3328 per
1320 3262 1704 3326 mutationem,
1737 3265 1832 3318 sed
1863 3281 2012 3320 sum-

432 3351 526 3413 pto
579 3345 920 3401 indumento.
971 3347 1112 3402 Ecce
1171 3349 1476 3405 indumenti
1534 3369 1752 3423 quoque
1808 3372 2007 3411 nomen

433 3436 720 3503 usurpavit
751 3435 1068 3506 dogmatum
1101 3446 1322 3494 tuorum
1355 3441 1567 3496 doctor.
1621 3443 1728 3498 Sed
1767 3454 1821 3500 et
1856 3447 1909 3501 in
1940 3447 2008 3502 li-

431 3525 576 3579 bello
598 3526 672 3579 De
694 3527 798 3596 ﬁde
821 3528 900 3583 sic
921 3529 1166 3599 loquitur
1192 3549 1204 3585 :
1229 3531 1519 3589 Credimus
1541 3535 1726 3606 igitur,
1754 3537 2012 3593 immuta-

431 3615 530 3670 bili
558 3626 814 3671 manente
842 3618 1152 3685 divinitate,
1191 3621 1626 3679 incarnationem
1659 3628 1780 3697 ejus
1809 3627 2006 3685 factam

428 3721 552 3762 esse
575 3707 642 3760 ad
668 3709 1081 3764 rcnovationem
1101 3710 1479 3769 humanitatis.
1518 3716 1619 3784 71
1650 3717 1838 3787 Neque
1859 3720 2005 3774 enim

429 3799 682 3864 mutatio,
707 3809 812 3853 aut'
827 3802 1133 3867 translatio,
1163 3811 1258 3857 aut
1282 3804 1516 3860 inclusio
1542 3807 1682 3862 facta
1703 3817 1788 3864 est
1811 3811 2008 3868 divinae

426 3888 705 3957 potentiae.
738 3919 809 3930 ——
847 3889 918 3942 Et
963 3889 1126 3959 paulo
1154 3901 1266 3961 post
1297 3908 1314 3945 :
1342 3893 1648 3949 Adoramus
1675 3897 1877 3964 Deum,
1909 3902 2004 3970 qui

425 3991 647 4031 carnem
679 3993 744 4032 ex
771 3988 958 4034 sancta
981 3981 1205 4051 Virgine
1232 3986 1548 4053 assumpsit,
1575 3997 1630 4040 et
1653 3989 1747 4057 qui
1773 3992 2005 4059 proinde

425 4067 592 4123 homo
611 4078 696 4124 est
722 4071 1025 4125 secundum
1051 4087 1296 4138 carnem,
1323 4074 1467 4128 Deus
1488 4086 1671 4131 autem
1698 4083 2003 4138 secundum

424 4159 700 4230 spiritum.
755 4192 825 4202 —
867 4162 931 4216 In
978 4163 1090 4218 alia
1139 4181 1340 4235 quoque
1381 4169 1706 4236 expositione
1735 4173 1807 4224 sic
1831 4173 1955 4229 dicit
1982 4193 2001 4230 :

421 4247 762 4304 Confitemur
789 4251 986 4306 Filium
1008 4253 1106 4307 Dei
1142 4253 1338 4307 Filium
1363 4254 1604 4310 hominis
1626 4258 1830 4313 factum
1853 4277 1996 4327 esse,

420 4354 533 4395 non
559 4342 802 4407 nomine,
847 4343 943 4398 sed
969 4359 1097 4399 vere
1132 4346 1463 4400 assumenda
1491 4361 1712 4402 carnem
1735 4366 1802 4405 ex
1829 4353 1996 4410 Maria

424 4427 664 4504 Virgine.

487 4546 694 4602 ERAN.
715 4547 833 4600 Non
857 4547 1114 4616 putabam
1137 4549 1279 4604 hanc
1299 4566 1418 4606 esse
1441 4552 1742 4623 Apolinarii
1773 4566 1995 4612 senten-

419 4637 551 4695 tiam
575 4655 588 4693 :
611 4638 744 4693 alias
762 4639 909 4693 enim
935 4639 1002 4693 de
1031 4641 1134 4695 hoc
1156 4643 1276 4696 viro
1300 4658 1658 4714 conceperam
1678 4648 1988 4716 opiniones.

483 4747 692 4804 ORTH.
715 4749 873 4805 Nunc
897 4751 1063 4821 igitur
1079 4753 1341 4820 didicisti,
1369 4757 1516 4827 quod
1539 4761 1841 4815 nonsolum
1863 4778 1991 4831 pro-

412 4842 592 4912 pheta
638 4851 695 4897 et
721 4843 990 4914 apostoli,
1043 4853 1100 4900 et
1136 4847 1231 4916 qui
1258 4857 1384 4917 post
1410 4850 1533 4905 illos
1563 4851 1833 4923 designati
1859 4863 1990 4908 sunt

411 4934 564 4989 orbis
603 4943 880 4990 terrarum
917 4938 1174 4994 doctores
1198 4980 1213 5005 ,
1249 4941 1344 4995 sed
1391 4944 1559 4997 etiam
1599 4945 1984 5015 Apolinarius,

410 5027 505 5096 qui
548 5026 836 5084 hmreticas
871 5047 1042 5102 nugas
1069 5033 1431 5103 conscripsit,
1481 5035 1877 5092 immutabilem
1901 5039 1984 5093 fa-

410 5125 593 5172 teatur
619 5131 740 5174 esse
767 5121 940 5176 Deum
972 5123 1232 5188 Verbum,
1263 5140 1368 5180 nec
1391 5127 1447 5180 in
1470 5141 1690 5182 carnem
1713 5138 1984 5186 mutatum

409 5209 596 5277 dicat,
629 5212 723 5268 sed
758 5228 980 5270 carnem
1014 5216 1412 5286 assumpsisse;
1448 5228 1505 5273 et
1531 5219 1637 5273 hoc
1660 5220 1729 5274 ab
1749 5237 1816 5276 eo
1841 5239 1983 5294 sape

408 5301 649 5370 dictum,
707 5314 766 5360 ut
819 5305 1042 5365 audisti.
1097 5308 1279 5364 Nolite
1316 5308 1484 5380 igitur
1516 5313 1872 5380 contendere,
1920 5326 1983 5370 ut

479 5429 519 5459 ⁶¹
560 5431 801 5500 Philipp.
830 5449 888 5498 ιι,
914 5437 966 5490 6.

477 5567 588 5650 (_99)
625 5568 804 5650 ’Ex_—
823 5569 1060 5650 βιϐλίου-.-
1086 5574 1254 5650 Plura
1266 5647 1274 5650 _
1303 5576 1634 5650 Apollinaris
1673 5579 1987 5650 fragmenta

403 5637 458 5692 in
491 5638 595 5691 hoc
632 5646 688 5692 et
715 5637 932 5693 duobus
962 5642 1192 5714 reliquis
1224 5637 1454 5719 dialogis
1473 5659 1603 5704 sunt
1635 5637 1815 5704 obvia.

477 5706 554 5774 (Ι)
583 5703 696 5763 οὖν.
729 5708 894 5764 Sirm.
929 5709 1014 5765 άν.

2113 3167 2381 3240 ἀπέφηνε,
2427 3172 2570 3225 κατὰ
2604 3173 2681 3246 (2)
2713 3176 2810 3247 τὴν
2859 3180 3181 3253 περιϐολὴν,
3235 3185 3295 3238 οὐ
3341 3188 3480 3240 κατὰ
3524 3205 3686 3257 μετα-

2113 3257 2297 3328 ϐολήν.
2339 3261 2473 3314 Ἰδού
2517 3280 2598 3316 σοι
2635 3267 2725 3319 καί
2759 3268 2820 3321 τὸ
2851 3273 2947 3340 τῆς
2985 3274 3276 3345 περιϐολῆς
3314 3277 3484 3347 ὄνομα
3520 3295 3688 3350 προσ-

2110 3352 2366 3421 ενήνοχεν
2401 3355 2427 3406 ὁ
2473 3355 2578 3409 τῶν
2610 3358 2717 3410 σῶν
2750 3358 3031 3439 δογμάτων
3057 3363 3392 3431 διδάσκαλος.
3423 3370 3531 3422 Καὶ
3557 3371 3686 3439 μένα

2109 3460 2190 3496 τοι
2218 3446 2319 3498 κάν
2354 3445 2431 3517 τῷ
2470 3449 2609 3517 Περὶ
2653 3429 2910 3519 πίστεως
2955 3454 3168 3527 λογιδίῳ
3209 3429 3688 3529 οὕτωνλέγειοιῐίιε

2112 3537 2374 3607 στεύομεν
2411 3535 2524 3605 οὖν,
2573 3542 2931 3598 ἁναλλοιώτου
2970 3550 3235 3620 μενούσης
3281 3551 3380 3620 τῆς
3415 3552 3682 3624 θεότητος,

2110 3628 2205 3697 τὴν
2253 3629 2528 3700 σάρκωσιν
2581 3635 2751 3706 αὐτῆς
2795 3639 3123 3710 γεγενῆσθαι
3170 3644 3303 3713 πρὸς
3346 3646 3684 3701 ἁνακαίνισιν

2107 3717 2207 3788 τῆς
2233 3721 2669 3793 ἀνθρωπότητος,
2711 3726 2850 3782 Οὔτε
2877 3732 2996 3802 ’γὰρ
3032 3732 3338 3803 ἀλλοίωσις,
3370 3738 3493 3791 οὔτε
3521 3757 3686 3809 μετα-ο

2108 3809 2344 3880 κίνησις,
2377 3811 2500 3867 οὔτε
2547 3819 2934 3891 περικλεισμὸς
2975 3824 3164 3893 γέγονε
3213 3828 3340 3898 περὶ
3381 3829 3478 3900 τὴν
3521 3831 3682 3899 ἁγίαν

2105 3901 2200 3992 τοῦ
2231 3903 2364 3958 Θεοῦ
2395 3906 2646 3979 δύναμιν.
2678 3911 2787 3966 Καὶ
2833 3916 2960 3983 μετ’
3001 3917 3176 3986 ὀλίγα
3199 3934 3214 3950 ο
3261 3919 3680 3992 Προσκυνοῦμεν

2106 3991 2160 4044 δὲ
2192 3993 2323 4048 Θεὸν
2355 3997 2532 4068 σάρκα
2561 4001 2624 4054 ἐκ
2660 4003 2758 4073 τῆς
2792 4004 2950 4073 ἁγίας
2983 4006 3259 4078 Παρθένου
3285 3991 3676 4081 προσλαϐόντα,

2106 4087 2200 4138 καὶ
2234 4086 2321 4140 διὰ
2363 4089 2519 4144 τοῦτο
2553 4091 2838 4164 ἄνθρωπον
2881 4098 2979 4167 μὲν
3007 4083 3137 4154 ὄντα
3167 4101 3306 4156 κατὰ
3345 4103 3444 4174 τὴν
3479 4107 3678 4175 σάρκα,

2103 4175 2319 4247 Θεὸνιδὲ
2351 4181 2489 4235 κατὰ
2528 4182 2588 4235 τὸ
2621 4185 2861 4255 πνεῦμα.
2894 4188 3001 4242 Καὶ
3029 4191 3099 4243 ἐν
3126 4192 3298 4262 ἑτέρᾳ
3332 4195 3400 4249 δὲ·
3444 4197 3678 4254 ἐκθέσει

2101 4269 2291 4336 οὕτως
2339 4272 2476 4340 ἔφη·
2535 4274 2937 4348 Ὀμολογοῦμεν
2975 4280 3066 4334 τὸν
3104 4283 3230 4338 Υἱὸν
3263 4285 3356 4339 τοῦ
3387 4287 3520 4342 Θεοῦ
3551 4287 3678 4343 Υίὸν

2029 4410 2072 4463 D
2101 4360 2388 4432 ἀνθρώπου
2433 4367 2796 4437 γεγενῆσθαι,
2833 4371 2933 4425 οὐκ
2981 4373 3234 4445 ὀνόματι,
3291 4379 3406 4432 ἀλλ’
3450 4380 3678 4454 ἀληθείᾳ

2101 4453 2476 4523 προσλαϐόντα
2504 4459 2569 4510 ὲκ
2608 4459 2828 4530 Μαρίας
2865 4463 2962 4534 τῆς
2989 4466 3266 4538 Παρθένου
3301 4472 3498 4544 σάρκα.

2170 4565 2375 4660 EPAN.
2403 4567 2514 4621 Οὐκ
2535 4568 2691 4642 ᾤμην
2709 4572 2880 4626 ταῦτα
2909 4581 3125 4646 φρονεῖν
3153 4580 3244 4634 τὸν
3281 4583 3673 4660 Ἀπολινάριον’

2098 4656 2291 4729 ἑτέρας
2320 4659 2428 4731 γὰρ
2466 4663 2593 4734 περὶ
2627 4663 2720 4717 τοῦ
2761 4668 2952 4738 ἀνδρὸς
2983 4667 3126 4739 εἶχον
3163 4673 3338 4740 δόξας.

2152 4770 2301 4862 idP-8.
2315 4771 2449 4862 ΔἸδοιιι
2462 4774 3076 4848 τοίνυνΙμεμάθηκας,ὠς
3089 4785 3149 4836 οὐ
3167 4785 3325 4854 μόνον
3335 4789 3382 4841 οί
3401 4789 3675 4862 προφῆται

2096 4857 2190 4910 καὶ
2220 4858 2524 4923 ἀπόστολοι,
2555 4863 2650 4916 καὶ
2664 4865 2713 4916 oi
2741 4868 2857 4934 μετ’
2880 4869 3076 4936 αὐτοὺς
3092 4857 3674 4948 χειροτονηθέντεςντῆς

2094 4948 2416 5021 οἰκουμένης
2445 4951 2770 5018 διδάσκαλοι,
2801 4957 2934 5013 ἀλλὰ
2963 4961 3058 5014 καὶ
3084 4963 3473 5037 ’Λπολινάριος,
3495 4970 3524 5021 ὁ
3547 4970 3672 5032 τοὺς

2083 5038 2392 5130 αἱρετικοὺς
2410 5043 2718 5114 φληνάφους
2735 5051 3076 5121 συγγράψας,
3095 5055 3188 5106 καὶ
3205 5055 3468 5126 ἄτρεπτον
3483 5059 3672 5130 ὁμυλο-

2187 5129 2279 5222 τὸν
2295 5131 2427 5185 Θεὸν
2444 5135 2636 5204 Λόγον,
2655 5139 2747 5192 καὶ
2760 5141 2858 5194 οὐκ
2873 5144 2949 5206 εἰς
2972 5144 3150 5213 σάρκα
3166 5148 3463 5218 τετράφθαι
3480 5129 3668 5222 φησίν.

2083 5221 2218 5274 ἀλλὰ
2247 5225 2426 5295 σάρκα
2445 5226 2812 5298 ἀνειληφέναι·
2840 5234 2930 5286 καὶ
2955 5233 3110 5289 τοῦτο
3138 5238 3396 5303 πολλάκις
3411 5236 3669 5307 diremti);

2083 5312 2326 5384 ἀκήκοας
2356 5317 2453 5388 (5).
2487 5318 2579 5390 Μὴ
2609 5320 2788 5375 τοίνυν
2807 5324 3120 5396 ἀποκρύψαι
3140 5331 3204 5399 τῇ
3231 5328 3549 5404 βλασφημίᾳ
3579 5348 3668 5402 φι-

2165 5588 2242 5730 g}
2275 5591 2569 5672 xztd._Ed.
2601 5593 2758 5648 Rom.
2793 5607 2850 5650 et
2883 5594 3032 5668 Lips.
3072 5600 3228 5668 μετά.

2279 5662 2370 5715 ὰκ.
2407 5660 2571 5716 Sirm.
2604 5665 2898 5730 ἀκηκόατε,
2933 5677 2989 5724 et
3017 5669 3213 5725 deinde

2279 5662 2370 5715 ὰκ.
2407 5660 2571 5716 Sirm.
2604 5665 2898 5732 ἀκηκόατε.
2933 5660 2989 5724 et
3017 5660 3213 5725 deinde
3241 5671 3659 5744 φιλονεικήσετι.

3195 5747 3217 5767 .

3173 5867 3206 5878 ρ
