4006 6202
240 248 245 254 ,
316 302 420 369 105

1383 296 1763 357 DIALOGUS
1799 297 1881 358 II.
1938 325 1991 334 -
2026 300 2523 364 INCONFUSUS.

3479 298 3579 366 106

316 413 636 486 Αονεικήσῃς
670 410 762 465 τδν
794 408 1134 465 διδάσκαλον.
1167 426 1186 459 ι
1229 406 1343 460 Οὐκ
1372 405 1487 460 ἔστι
1513 406 1623 477 γὰρ
1650 405 1897 479 μαθητὴς

2026 400 2283 467 Γοαιοτοηι
2329 418 2576 466 vestrum
2642 405 2999 478 blasphemia:
3048 403 3279 461 vocibus
3319 407 3576 465 vincatis.

313 506 453 578 ὑπὲρ
476 504 570 559 τὸν
599 501 941 567 διδάσκαλον,
986 518 1005 552 ι
1053 500 1082 554 ὁ
1112 497 1316 570 Κύριος
1347 497 1470 569 ἔφη.

384 680 594 737 EPAN.
647 674 930 750 Ὀμολογῶ
971 672 1130 743 κάγὼ
1149 712 1165 736 ,
1219 671 1315 727 καὶ⁸
1342 671 1614 745 ἄτρεπτον
1640 667 1780 728 εῖναι
1808 673 1898 728 τὸν

313 775 451 830 Θεὸν
474 772 652 841 Λόγον
685 769 780 824 καὶ
820 768 1000 839 σάρκα
1037 762 1409 835 ἀνειληφέναι.
1446 764 1521 817 Τδ
1548 764 1659 836 γὰρ
1708 765 1899 818 τοσού-

313 883 427 931 τοις
459 865 735 938 μάρτυσιν
767 858 1109 945 ἀντιτείνειν,
1141 854 1528 927 παραπληξίας
1568 857 1823 929 ἐσχάτης.

388 1057 544 1114 ΟΡΘ.
579 1054 740 1109 Δοκεῖ
789 1051 971 1106 τοίνυν
1015 1049 1110 1105 καὶ
1149 1045 1261 1101 τῶν
1315 1044 1520 1100 λοιπῶν
1564 1045 1901 1120 ζητημάτων

318 1145 580 1219 γενέσθαι
600 1143 699 1216 τὴν
720 1142 875 1198 λύσιν
894 1159 910 1209 ;

386 1236 595 1292 EPAN.
639 1237 736 1299 Εἰς
782 1233 881 1305 τὴν
918 1229 1213 1303 ὑστεραίαν
1243 1228 1346 1300 τὴν
1372 1227 1578 1283 τούτων
1621 1227 1902 1283 ἀναϐαλώ-

322 1331 464 1399 μεθα
516 1327 592 1399 (ό)
625 1325 879 1398 βάσανον.
1488 1372 1495 1379 ,

388 1418 541 1474 ΟΡΘ.
612 1418 893 1488 Ἀπίωμεν
953 1413 1135 1469 τοίνυν
1168 1412 1521 1476 διαλύσαντες
1568 1412 1671 1480 τὴν
1709 1428 1899 1466 συνοι)⁹

320 1513 464 1575 σίαν,
504 1510 602 1564 καὶ
635 1504 711 1563 ὧν
742 1508 1179 1581 ὡμολογήσαμεν
1212 1503 1701 1578 μνημονεύσωμεν.

2008 521 2025 553 ι
2049 502 2170 558 Non
2218 510 2302 559 est
2333 502 2483 558 enim
2535 501 2843 571 discipulus
2883 514 3050 570 supra
3098 498 3421 569 magistrum
3450 502 3517 566 ⁶¹,
3551 523 3569 554 ι

2000 594 2079 648 ait
2111 594 2398 649 Dominus.

2067 681 2276 736 ERAN.
2336 682 2452 752 Ego
2495 696 2714 752 quoque
2754 679 3042 746 conﬁteor,
3090 689 3147 736 et
3182 680 3579 737 immutabilem

1996 787 2117 827 esse
2163 773 2336 828 Deum
2380 775 2624 829 Verbum
2646 814 2660 838 ,
2709 782 2768 828 et
2805 789 3027 828 carnem
3055 773 3439 843 assumpsisse.
3475 773 3583 829 Tot

1996 863 2145 917 enim
2186 879 2249 919 ac
2282 865 2449 920 tantis
2473 865 2710 920 testibus
2733 881 3042 936 repugnare
3075 874 3339 921 extremae
3361 875 3447 922 est
3477 865 3547 921 de
3566 897 3581 907 ~

1998 955 2239 1010 mentim.

2071 1047 2281 1102 ORTH.
2322 1048 2419 1104 Vis
2439 1048 2605 1103 etiam
2635 1055 2698 1103 ut
2720 1046 3059 1117 reliquarum
3083 1047 3452 1118 quaestionum
3482 1063 3581 1105 ex-

2000 1138 2358 1209 plicationem
2379 1138 2702 1194 ordiamur?

2072 1228 2280 1286 ERAN.
2320 1230 2383 1284 ln
2425 1229 2732 1286 crastinum
2775 1228 2924 1285 diem
2970 1229 3167 1284 harum
3207 1243 3438 1285 examen
3473 1228 3583 1285 dif~

2001 1323 2264 1379 feramus.

2330 1371 2688 1466 Discedamus
2728 1408 2899 1482 igitur
2949 1410 3134 1465 soluto
3161 1424 3491 1482 congressu,
3526 1418 3582 1465 et

1931 1490 1971 1545 Β
1998 1517 2193 1559 eorum
2216 1502 2285 1558 de
2307 1501 2513 1574 quibus
2534 1503 2918 1559 consensimus
2945 1503 3330 1559 recordemur.

323 1699 2015 1728 —m”~w

1318 1849 2582 1986 ΑΣΥΓΧΥΤΟΣ.

1565 2093 2116 2181 ΔΙΑΛΟΓΟΣ
2181 2090 2283 2177 Β’.

1446 2276 1833 2330 ΕΡΛΝῘΣΤΗΣ
1864 2275 1985 2329 ΚΑΙ
2018 2272 2424 2330 ΟΡΘΟΔΟΞΟΣ.

1327 2516 2594 2815 INCONFUSUS.

1541 2866 2132 2962 DIALOGUS
2208 2869 2339 2957 Il.

1249 3061 1798 3128 ERANISTES
1861 3060 2697 3141 Eronrnonoxus.

396 3388 814 3452 ΕΡΑΝΙΣΊἮΣ.
848 3387 992 3459 Ἐγὼ
1016 3387 1117 3459 μὲν
1141 3385 1421 3457 ἀφικόμην
1449 3385 1526 3448 ὠς
1547 3385 1896 3457 ὑπεσχόμην·

2076 3384 2182 3455 72
2208 3381 2762 3456 ERANISTES.‘Ego
2784 3384 3009 3456 quidem
3033 3389 3182 3454 veni,
3217 3399 3279 3446 ut
3310 3391 3536 3463 promisi
3565 3410 3580 3448 :

330 3489 390 3542 σὶ
419 3486 481 3541 δι
515 3484 623 3557 χρὴ
664 3483 809 3537 δυοῖν
848 3480 1077 3551 θάτερον
1130 3476 1350 3548 δράσαι⁹
1401 3477 1435 3547 ἢ
1478 3476 1549 3530 τὰ
1597 3476 1907 3548 ζητούμενα

322 3579 509 3641 λύσαι,
540 3576 578 3646 ἢ
604 3576 717 3638 τοῖς
748 3572 878 3644 παρ’
924 3569 1083 3643 ημῶν
1126 3566 1440 3639 λεγομένοις
1486 3567 1795 3622 συνθέσθαι.

396 3750 812 3809 οΡΘοΔοΞοΣ.
839 3748 1136 3827 Ἐθεξάμην
1155 3745 1255 3817 τὴν
1269 3746 1588 3819 πρόκλησινσ
1618 3748 1783 3820 ὀρθὴν
1795 3749 1905 3819 γὰρ

330 3844 506 3916 αὐτὴν
522 3845 620 3899 καὶ
646 3843 864 3898 δικαίαν
891 3841 1189 3912 ὑπείληφα.
1205 3840 1366 3893 Δεῖδὲ
1383 3841 1529 3911 ἡμᾶς
1556 3840 1906 3911 ἀναμνησθῆ.

330 3956 416 3995 ναι
474 3937 759 4009 πρότερον,
807 3936 902 3987 ποῖ
932 3932 1009 4005 (5)
1056 3931 1451 4001 κατελείπομεν
1486 3934 1551 4001 τῇ
1604 3933 1906 4003 προτεραίᾳ

327 4032 419 4085 τὸν
450 4029 634 4098 λόγον,
667 4028 762 4082 καὶ
800 4028 954 4080 ποῖον
982 4026 1141 4096 ἔσχεν
1189 4026 1221 4095 ἡ
1259 4022 1495 4087 διάλεξις
1533 4021 1727 4093 πέρας.

398 4120 606 4176 ΕΡΔΝ.
651 4117 795 4188 Ἐγὼ
828 4118 924 4172 τοῦ
958 4118 1195 4188 πέρατος
1229 4114 1550 4186 ἀναμνήσω.
1600 4114 1903 4184 Μέμνημαι

328 4210 434 4280 γὰρ
458 4209 538 4272 ὡς
568 4205 1119 4277 συνωμολογήσαμεν,
1150 4202 1419 4273 ἄτρεπτον
1448 4204 1628 4272 μεῖναι
1652 4201 1743 4254 τὸν
1771 4201 1904 4256 Θεὸν

327 4302 523 4366 Λόγον,
571 4298 669 4351 καὶ
702 4296 880 4368 σάρκα
920 4294 1200 4364 εἰληφέναι
1221 4332 1236 4359 ,
1271 4292 1371 4346 οὐκ
1407 4289 1571 4344 αὐτὸν
1612 4292 1692 4355 εις
1724 4290 1903 4362 σάρκα

329 4390 626 4460 τραπῆναι.

394 4479 552 4532 ΟΡΘ.
595 4478 821 4542 Ἔοικας
860 4475 1110 4548 στέργειν
1136 4474 1208 4528 τὰ
1242 4473 1558 4544 δεδογμέναο
1590 4472 1901 4546 φιλαλήθως

329 4569 437 4640 γὰρ
465 4566 675 4621 τούτων
701 4566 1031 4636 ἀνέμνησας.

308 4662 315 4706 ξ
397 4656 605 4714 εΡΑΝ,
640 4655 754 4710 Καὶ
789 4654 888 4726 ἤδη
937 4653 1202 4726 πρότερον
1238 4651 1396 4723 ἔφην,
1424 4650 1500 4715 ὡς
1554 4652 1585 4704 ό
1625 4650 1903 4716 τοσούτοις

2008 3484 2061 3532 te
2114 3491 2248 3531 vero
2291 3475 2528 3530 duorum
2578 3477 2813 3533 alterum
2839 3476 3022 3534 facere
3041 3489 3281 3550 oportet,
3319 3492 3379 3538 ut
3403 3487 3488 3540 vel
3513 3487 3580 3540 ad

2007 3567 2235 3637 quaesita
2266 3567 2620 3637 respondeas,
2663 3569 2747 3621 vel
2784 3567 2852 3623 iis
2878 3585 3001 3639 qua:
3044 3587 3073 3624 a
3096 3573 3275 3628 'nobis
3304 3574 3579 3641 dicentur,

1925 3649 1928 3653 ’
2007 3658 2331 3711 assentiare.

2094 3744 2584 3802 ORTllODOXUS.
2601 3745 2828 3817 Accipio
2845 3750 3293 3819 provocationem
3329 3769 3341 3805 :
3377 3762 3581 3808 rectam

2006 3852 2071 3891 ac
2113 3838 2315 3908 justam
2345 3850 2471 3892 esse
2522 3836 2785 3893 arbitror.
2844 3838 2951 3894 Sed
2995 3849 3213 3910 oportet
3262 3858 3365 3899 nos
3396 3846 3582 3900 animo

2005 3927 2161 3997 prius
2192 3936 2459 3997 repetere,
2489 3926 2585 3982 ubi
2616 3928 2878 3984 hesterno
2905 3929 2996 3985 die
3016 3945 3327 3988 sermonem
3348 3935 3583 4006 abrupe-

2006 4018 2200 4084 rimus,
2237 4025 2294 4073 et
2323 4032 2490 4088 quem
2516 4018 2682 4075 ﬁnem
2716 4018 2975 4076 habuerit
2999 4020 3320 4091 disputatio.

2077 4110 2284 4165 ERAN.
2341 4110 2457 4180 Ego
2485 4109 2649 4166 ﬁnem
2698 4110 2754 4165 in
2786 4113 3107 4167 memoriam
3161 4115 3261 4170 tibi
3285 4117 3576 4173 revocabo.

2005 4200 2227 4256 Memini
2251 4202 2399 4256 enim
2440 4201 2765 4258 convenisse
2794 4203 2939 4259 inter
2961 4220 3062 4259 nos
3081 4245 3096 4270 ,
3133 4206 3306 4261 Deum
3332 4208 3576 4264 Verbum

2005 4291 2405 4347 immutabilem
2437 4293 2726 4359 mansisse,
2771 4302 2829 4349 et
2866 4310 3087 4351 carnem
3118 4299 3440 4368 sumpsisse,
3473 4317 3578 4359 nec

2005 4382 2184 4453 ipsum
2216 4384 2271 4438 in
2297 4398 2518 4438 carnem
2544 4398 2870 4441 conversum
2901 4401 3047 4442 esse.

2074 4473 2284 4529 ORTH.
2320 4474 2539 4530 Videris
2562 4477 2915 4546 acquiescere
2934 4476 2991 4532 in
3014 4478 3083 4533 iis
3103 4495 3227 4549 quae
3248 4481 3478 4539 edoctus
3491 4499 3573 4549 es,

2004 4580 2128 4636 qua:
2150 4579 2280 4621 vere
2311 4580 2375 4620 ac
2404 4564 2644 4621 ﬁdeliter
2670 4571 3142 4625 commemorasti.
3380 4570 3385 4579 ’

2075 4656 2282 4712 ERAN.
2317 4656 2436 4712 Iam
2475 4666 2604 4713 ante
2639 4657 2773 4722 dixi,
2816 4674 2946 4714 eum
2969 4661 3064 4729 qui
3090 4670 3171 4717 tot
3194 4677 3260 4718 ac
3287 4664 3455 4719 tantis
3474 4664 3574 4720 do-
3692 4710 3697 4715 .

335 4749 643 4804 ἀντιτείνων
701 4748 794 4801 καὶ
835 4745 1096 4810 τοιούτοις
1128 4743 1489 4807 διδασκάλοις,
1524 4742 1897 4815 ὲναργέστατα

2026 4746 2252 4802 :toribus
2294 4755 2587 4818 repugnet,
2636 4727 2999 4817 apertissime
3022 4750 3286 4807 insanire.
3330 4752 3412 4808 Me
3441 4770 3576 4810 vero

340 4841 595 4911 μέμηνεν
626 4837 727 4908 οὐχ
763 4837 966 4907 ἥκιστα
1000 4834 1058 4888 δέ
1102 4851 1172 4905 με
1199 4831 1494 4904 κατῄδεσιν
1533 4832 1903 4903 ’Δπολινάριος

1999 4852 2111 4892 non
2123 4852 2316 4906 parum
2335 4836 2608 4906 permovit
2620 4836 2992 4907 Apollinarius
3009 4839 3203 4895 eadem
3222 4839 3429 4897 docens
3447 4858 3573 4898 cum

337 4931 505 4984 ταύτὰ
544 4930 659 4992 τοῖς
699 4926 1005 5000 όρθοδόξοις
1044 4922 1238 4991 εἰπὼν,
1281 4923 1466 4979 καίτοι
1522 4921 1816 4992 προφανῶς
1844 4923 1897 4977 ὲν

2026 4925 2341 4991 ιιηιιιοάοιίε,
2391 4927 2609 4982 tametsi
2642 4926 2699 4981 in
2728 4925 2890 4982 libris
2927 4927 2997 4985 de
3021 4928 3401 4989 incarnatione
3438 4948 3574 4989 eon-

336 5024 445 5085 τοῖς
472 5022 598 5089 περὶ
646 5016 980 5090 σαρκώσεως
1006 5017 1185 5086 λόγοις
1229 5013 1481 5068 ἐναντίαν
1508 5011 1733 5076 ὁδεύσας
1762 5013 1897 5067 ὁδόν.

2027 5016 2170 5071 raria
2186 5015 2284 5070 -via
2314 5015 2639 5074 incesserit.‘

407 5112 552 5167 0P9.
581 5112 697 5166 Οὐκ
735 5105 830 5164 οὖν
874 5109 1053 5182 σάρκα
1075 5109 1166 5164 τὸν
1190 5105 1326 5159 Θεὸν
1357 5103 1528 5172 Λόγον
1549 5103 1901 5174 ἀνειληφέναι

347 5203 546 5274 var-iv:
752 5226 763 5237 ν

408 5294 601 5349 EPAN.
636 5292 878 5361 Πάνυγε.

410 5458 445 5489 ⁶¹
480 5457 664 5512 gauli.
684 5471 740 5521 ι,
764 5455 856 5511 24,

405 5612 481 5739 si)
513 5613 669 5667 ἀναὸ.
702 5612 786 5667 lta
814 5609 903 5665 ed.
948 5608 1102 5663 Rom.
1142 5614 1197 5660 et
1238 5604 1386 5675 Lips.
1433 5604 1593 5662 Sirm.
1624 5604 1887 5660 ἁναδαλό-

266 5717 271 5720 η
340 5702 494 5753 μετα.

563 5783 816 5839 Pyrum.
882 5776 1000 5835 Gn.
1049 5770 1371 5834 LXXXIIL

2072 5104 2283 5162 ORTII.
2323 5106 2494 5163 Deum
2524 5122 2659 5179 ergo
2684 5085 2923 5165 Verbum
2961 5126 3182 5169 carnem
3211 5115 3573 5184 assumpsisse

2009 5196 2282 5251 dicimus?

2077 5286 2183 5356 73
2212 5286 2417 5341 ERAN.
2450 5285 2707 5343 Omnino.

2046 5603 2139 5687 ~(Pi)
2175 5605 2281 5659 ποῖ.
2324 5603 2401 5658 Ita
2437 5602 2527 5659 ed.
2557 5602 2715 5658 Rom.
2741 5611 2794 5659 et
2829 5601 2977 5674 Lips.
3019 5604 3206 5660 Recte.
3243 5602 3570 5661 Sirmondus

2001 5690 2102 5744 πη.

3257 5764 3292 5826 4
