4006 6202
367 419 463 484 1οἹ

1368 372 1857 448 THEODORETI
1897 366 2237 428 EPISCOPI
2278 359 2642 423 CYRENSIS

3538 336 3642 401 108

445 452 457 481 Ι

433 523 644 583 ORTll.
673 519 907 574 Carnem
958 518 1142 564 autem
1172 501 1305 574 quid
1342 487 1735 563 intelligimus?
1774 484 1950 539 solum
1984 492 2004 546 Α

2126 478 2278 532 ΟΡΘ.
2313 477 2422 546 Τὴν
2460 474 2515 526 δὲ
2548 471 2728 542 σάρκα
2760 466 2811 520 τί
2842 462 3112 533 νοοῦμεν;
3149 457 3307 527 σῶμα
3352 454 3534 525 μόνον,
3565 452 3641 513 ὡς

2205 569 2216 583 -
2370 568 2382 583 ς
2420 566 2482 583 τη
2696 559 2841 583 2--.-2
2893 555 2923 583 ιιι
2956 553 3112 583 -.τωη
3148 548 3237 583 wn
3274 545 3487 583 ριηινηιυ.

368 631 592 690 corpus,
623 623 681 667 ut
703 610 833 665 Ario
862 614 916 660 et
936 598 1208 658 Eunomio
1230 594 1408 648 visum
1445 594 1549 649 est,
1576 600 1643 637 an
1669 592 1870 648 corpus
1895 582 1951 630 et

370 708 652 768 animam?

439 798 671 857 ἘΒΑᾶ
701 794 918 861 Corpus
946 794 1001 839 et
1032 782 1292 838 animam.

441 889 650 950 ORTll.
672 885 896 952 Qualem
921 872 1198 933 animam?
1222 863 1567 922 rationalem,
1597 871 1665 910 an
1689 866 1808 906 eam
1836 862 1958 917 qua:

375 1006 404 1043 a
436 979 716 1039 nonnullis
758 969 1065 1043 vegetativa
1114 979 1212 1018 seu
1246 956 1431 1013 vitalis
1468 942 1814 1021 appellatur?
1847 940 1954 994 Co-

2068 569 2265 641 Ἀρείῳ
2298 545 2391 620 καί
2420 562 2669 633 Εὑνομίῳ
2693 559 2861 623 δοκεῖ,
2893 555 2926 625 ἢ
2954 553 3117 622 σῶμα
3148 548 3243 603 καὶ
3259 545 3489 628 ἐυχήη

2130 747 2333 801 EPAN.
2361 742 2530 812 Σῶμα
2560 740 2659 793 καὶ
2692 737 2897 806 ψυχήν.

2132 839 2283 893 ΟΡΘ.
2316 835 2482 889 Ποίαν
2524 832 2742 902 ψυχήν;
2775 826 2872 898 τὴν
2896 821 3203 894 λογικὴν,ἢ
3238 819 3337 890 τὴν
3379 816 3533 887 παρά
3569 832 3653 869 τι·

2062 950 2169 985 νων
2198 927 2427 999 φυτικὴν
2458 927 2624 996 ῆγουν
2650 919 2889 989 ζωτικὴν
2922 914 3000 986 (6)
3032 911 3409 981 καλουμένην;
3459 909 3655 974 Ἀναγ-

376 1006 404 1043 ιι
436 998 716 1039 ΠΟΠῙὶιΠιιὸ
758 998 1065 1043 γυδῧιὶιιιια
1116 998 1212 1018 ουυι
1255 998 1431 1013 nu...u
1468 998 1681 1021 ..ιντηηη

376 1085 510 1151 gunt
534 1072 682 1129 enim
713 1083 812 1122 nos
843 1079 954 1118 non
995 1052 1309 1114 necessaria
1337 1058 1582 1118 quaerere
1626 1037 1957 1105 scriptorum

2119 1023 2223 1087 ἣξει
2258 1021 2367 1091 γὰρ
2409 1019 2557 1088 ήμᾶς
2599 1014 2811 1086 ἐρωτᾷν
2841 1010 2876 1064 ἃ
2910 1008 2983 1079 μὴ
3005 1008 3088 1060 δεῖ
3124 1005 3233 1058 τῶν
3275 998 3656 1071 ’Λπολιναρίου

2124 1110 2518 1151 ιννηηηιιᾶτιιιυ
2548 1108 2580 1151 ἦ
2614 1101 2864 1151 μυθώδης
2884 1097 3160 1151 τεοθοεία.

378 1147 682 1238 λροιὶηιιινίἱ
708 1156 956 1212 fabulosa
981 1147 1193 1204 deliria.

450 1252 660 1312 ERAN.
716 1248 939 1303 Adeone
1000 1232 1352 1309 Apolinarius
1414 1222 1712 1281 discrimen
1775 1208 1968 1270 statuit

382 1340 733 1406 animarum?

452 1434 665 1494 OR'l‘Il.
698 1432 779 1485 Ex
812 1424 991 1480 tribus
1021 1416 1158 1472 dicit
1207 1406 1575 1480 compositum
1621 1415 1736 1456 esse
1790 1394 1971 1451 homi-

386 1547 533 1593 nem,
561 1544 629 1582 ex
659 1533 911 1590 corpore,
948 1521 1005 1568 et
1060 1508 1244 1564 anima
1272 1501 1445 1563 vitali,
1506 1506 1562 1551 et
1592 1511 1660 1550 ex
1715 1486 1975 1546 rationali

386 1634 597 1681 rursus,
629 1627 794 1684 quam
822 1613 1060 1663 mentem
1101 1596 1356 1669 appellat.
1396 1589 1589 1645 Divina
1630 1597 1762 1639 vero
1828 1577 1977 1633 Scri—

391 1723 549 1783 ptura
579 1720 741 1762 unam
772 1698 1041 1770 agnoscit,
1062 1706 1173 1745 non
1188 1689 1323 1743 duas
1350 1683 1561 1737 animas
1584 1696 1596 1731 :
1618 1673 1765 1746 quod
1793 1675 1980 1741 aperte

391 1761 504 1783 I""'
522 1761 548 1764 "
589 1761 594 1762 ’
807 1761 835 1770 υ

390 1819 489 1858 nos
513 1801 675 1856 docet
704 1791 868 1865 primi
896 1782 1139 1841 hominis
1165 1774 1445 1834 formatio.
1476 1791 1493 1823 ι
1523 1765 1773 1836 Sumpsit
1801 1761 1974 1821 enim,

392 1835 489 1858 liUu
513 1835 675 1856 υυνιιυ
706 1835 868 1865 ιιιιιιιι
897 1835 1086 1841 --ν---νκ
1114 1835 1131 1837 γε
1667 1835 1679 1836 7

392 1893 590 1963 inquit,
622 1890 768 1943 Deus
788 1882 1073 1952 pulverem
1120 1882 1300 1933 terrae,
1325 1874 1380 1920 et
1402 1855 1979 1917 formavithominem,
2015 1835 2054 1889 Β

392 1996 449 2041 et
478 1977 770 2051 inspiravit
830 1972 887 2025 in
938 1966 1135 2021 faciem
1157 1963 1276 2031 ejus
1316 1952 1653 2027 spiraculum
1706 1946 1875 2007 vitaz,
1928 1948 1985 1994 et

394 2075 572 2130 factus
601 2077 684 2125 est
710 2067 876 2120 homo
893 2059 1077 2114 anima
1099 2052 1292 2108 vivens
1316 2045 1463 2097 ⁶²·⁸³.
1503 2062 1520 2094 ι
1563 2037 1828 2095 Dominus
1844 2045 1985 2102 quo-

396 2182 503 2239 que
556 2163 614 2215 in
660 2152 963 2223 Evangelio
1014 2143 1223 2200 sanctis
1283 2132 1573 2203 discipulis
1619 2127 1754 2181 dicit
1785 2136 1853 2177 τί(
1909 2119 1987 2173 Νε

1047 2234 1095 2239 ““
1192 2237 1197 2239 ‘
1438 2238 1441 2239 ν
1516 2218 1748 2239 -υε-ιι--ν-
1806 2220 1985 2239 nunlnm

399 2218 493 2239 «ιη
822 2218 845 2223 -

399 2251 637 2310 timeatis
668 2261 763 2300 eos
794 2241 890 2311 qui
943 2234 1207 2290 occidunt
1249 2238 1475 2295 corpus,
1512 2218 1751 2272 animam
1805 2220 1988 2265 autem

401 2360 508 2400 non
534 2340 765 2411 possunt
811 2327 1069 2384 occidere
1106 2341 1118 2375 :
1155 2317 1331 2389 magis
1371 2321 1556 2369 autem
1604 2308 1790 2361 timete
1840 2313 1988 2362 eum,

1409 2402 1422 2411 '
1549 2398 1559 2408 '
1694 2395 1708 2411 1
1744 2387 1932 2411 -μ-Ααὶ
1969 2405 1982 2411 ,

401 2387 508 2400 μυ..
537 2387 732 2411 ru---”
1259 2387 1267 2389 _

401 2435 497 2507 qui
521 2440 723 2498 corpus
744 2431 801 2478 et
818 2417 1057 2473 animam
1080 2416 1263 2481 potest
1290 2402 1522 2475 perdere
1547 2398 1602 2451 in
1627 2387 1954 2466 gehenna“.
1968 2405 1985 2436 ι

402 2476 497 2507 Ἱ¹⁵¹
523 2476 718 2498 νν·ι’-“
755 2476 767 2478 τ
1083 2476 1101 2481 -

402 2528 471 2582 Et
500 2515 878 2577 divinissimus
904 2506 1100 2566 Moses,
1121 2496 1397 2553 recensito
1422 2502 1656 2545 numero
1678 2496 1872 2539 eorum
1896 2476 1993 2547 qui

406 2617 461 2670 in
500 2612 791 2682 IEgyptum
844 2595 1272 2655 descenderant,
1307 2594 1514 2641 etcum
1557 2577 1763 2648 quibus
1795 2568 1996 2640 singuli

408 2662 461 2670 "'
500 2662 659 2682 "'04:

408 2704 689 2780 principes
739 2692 1079 2750 familiarum
1146 2677 1379 2752 ingressi
1447 2678 1676 2733 essent,
1736 2662 1995 2718 addidit:

1104 2776 1112 2780 ’
1511 2771 1522 2780 ι
1575 2761 1623 2780 3——
1698 2756 1973 2780 θυι-...πυανι

415 2756 560 2780 Γ“”-⁷
592 2756 609 2772 ι

415 2818 434 2849 ι
468 2796 670 2853 Omnes
696 2788 913 2848 animae,
942 2795 1064 2851 qua:
1103 2776 1365 2845 ingressae
1399 2771 1530 2822 sunt
1575 2761 1628 2814 in
1680 2756 1999 2826 Egyptum,

410 2886 754 2963 septuaginta
775 2878 1022 2950 quinque
1051 2871 1120 2935 ⁸⁵,
1146 2888 1163 2919 ι
1206 2878 1372 2919 unam
1402 2858 1668 2928 cujusque
1732 2850 2005 2918 ingresso-

1314 2955 1354 2963 "‘
1449 2949 1484 2963 "
1531 2948 1540 2958 '
1609 2960 1651 2963 κ-
1719 2935 2004 2963 Ᾱ-νιΑΝΙΑιιιο

413 2935 753 2963 ’νιη--ο--νν
795 2935 812 2950 ι
931 2935 949 2947 .

413 2999 536 3040 rum
590 2986 894 3035 numerans
950 2965 1190 3022 animam
1249 2997 1261 3009 .
1314 2955 1383 3009 Et
1433 2948 1655 3005 divinus
1708 2935 2008 3010 Apostolus

422 3072 650 3135 Troade,
679 3065 790 3139 74.
815 3076 942 3118 eum
983 3067 1177 3111 omnes
1213 3045 1521 3117 Eutychum
1572 3050 1695 3093 esse
1724 3037 2008 3087 mortuum

422 3118 650 3135 ..ν-η,
688 3118 790 3139 ,τ

418 3167 696 3238 putarent,
758 3152 945 3210 dixit:
989 3166 1007 3197 ‹
1040 3144 1221 3200 Nolite
1292 3131 1505 3193 turbari
1541 3171 1557 3197 ,
1632 3124 1814 3182 anima
1860 3118 2008 3175 enim

420 3257 538 3327 ejus
561 3253 616 3306 in
643 3250 761 3318 ipso
787 3250 874 3298 est
900 3240 966 3290 °°.
1002 3258 1019 3287 ι

491 3425 699 3482 ERAN.
721 3419 1024 3478 Evidenter
1047 3410 1487 3467 demonstratum
1516 3404 1623 3462 est,
1649 3400 2015 3460 unumquem-

426 3537 537 3599 que
563 3516 848 3576 hominem
877 3509 1097 3565 unicam
1127 3501 1371 3557 animam
1396 3493 1627 3549 habere.

494 3610 707 3671 ORTH.
738 3604 845 3661 Sed
873 3595 1252 3671 Apollinarius
1285 3590 1424 3644 duas
1458 3584 1617 3648 dicit,
1643 3588 1699 3635 et
1720 3590 1843 3632 eam
1896 3585 2019 3642 quae

428 3720 626 3778 expers
659 3710 744 3757 est
778 3692 1013 3752 rationis
1050 3706 1081 3743 a
1115 3688 1230 3742 Deo
1280 3680 1458 3738 Verbo
1509 3680 1887 3741 assumptam;
1919 3678 2021 3733 pro

1342 3773 1352 3778 -
1551 3767 1562 3778 ,
1776 3775 1791 3778 _
1827 3756 1997 3778 “AM

430 3756 622 3778 --,-__

430 3816 493 3857 ea
523 3804 709 3852 autem
738 3804 860 3861 qua:
889 3779 1179 3841 rationalis
1202 3784 1306 3838 est,
1340 3773 1523 3842 ipsum
1549 3767 1606 3821 in
1631 3775 1798 3819 carne
1827 3756 2019 3811 fuisse.

433 3892 560 3948 ideo
581 3879 1176 3952 interrogavi,ecquam
1200 3868 1353 3922 dicas
1382 3863 1622 3918 animam
1638 3868 1764 3912 cum
1788 3861 2024 3919 corpore

437 4180 580 4236 quor
608 4159 971 4227 Scripturam.
1134 4214 1163 4233 ἦ

507 4219 750 4312 ΟΒΤΗί
783 4244 1090 4302 Perfectam
1132 4219 1264 4305 Ergo
1315 4228 1555 4285 dicimus
1602 4240 1633 4279 a
1688 4223 1801 4278 Deo
1847 4219 2031 4276 Verbo

441 4353 778 4413 assumptam
800 4335 946 4392 servi
978 4326 1253 4386 formam?

512 4435 720 4494 ERAN.
746 4429 1074 4487 Perfectam.

2069 1110 2518 1184 συγγραμμάτων
2548 1108 2581 1177 ή
2612 1101 2864 1175 μυθώδης
2884 1097 3160 1171 τερθρεία.

2142 1180 2347 1260 EDAN.
2396 1197 2772 1267 Ἀπολινάριος
2806 1193 2914 1264 γὰρ
2961 1188 3226 1260 διαφορὰν
3256 1186 3403 1255 λέγει
3432 1180 3656 1254 ψυχῶν;

2136 1383 2297 1437 ΟΡΘ.
2344 1381 2439 1434 Ἐκ
2483 1376 2651 1449 τριῶν
2680 1370 3000 1442 συγκεῖσθαι
3035 1368 3187 1437 λέγει
3226 1366 3318 1419 τὸν
3343 1363 3660 1434 ἄνθρωπον,

2078 1480 2142 1532 ὲκ
2177 1476 2449 1545 σώματος,
2480 1469 2574 1524 καὶ
2603 1468 2777 1537 ψυχῆς
2810 1465 2907 1536 τῆς
2940 1461 3198 1532 ζωτικῆς,
3231 1460 3325 1512 καὶ
3374 1452 3439 1510 αὖ
3500 1454 3664 1509 πάλιν

2080 1571 2143 1622 ὲκ
2173 1567 2271 1636 τῆς
2300 1561 2550 1631 λογικῆς,
2575 1559 2641 1629 ἣν
2699 1555 2825 1609 νοῦν
2873 1549 3295 1625 προσαγορεύει.
3345 1549 3411 1600 Ἥ
3443 1545 3499 1599 δὲ
3543 1546 3667 1599 θεία

2081 1656 2274 1731 Γραφὴ
2306 1655 2435 1725 μίαν
2462 1646 2623 1714 οἶδεν,
2650 1649 2707 1701 οὐ
2744 1647 2836 1699 δύο
2859 1644 3067 1714 ψυχάς·
3104 1642 3199 1696 καὶ
3235 1640 3393 1693 τοῦτο
3425 1638 3666 1694 διδάσκει

2088 1748 2276 1818 σαφῶς
2316 1747 2463 1817 ήμᾶς
2504 1744 2537 1814 ή
2587 1740 2679 1794 τοῦ
2735 1737 2952 1811 πρώτου
3003 1733 3294 1805 ἀνθρώπου
3350 1731 3665 1792 διάπλασις.

2091 1863 2108 1894 ι
2136 1840 2339 1894 Ἕλαὸε
2378 1836 2508 1907 γὰρ,
2543 1834 2727 1904 φησὶν,
2758 1832 2786 1883 6
2822 1829 2955 1891 Θεὸς
2984 1827 3112 1898 χοῦν
3149 1824 3260 1879 ἀπὸ
3294 1823 3395 1893 τῆς
3416 1823 3539 1892 γῆς,
3574 1819 3671 1873 καὶ

2084 1931 2287 1985 ἔπλασε
2307 1928 2397 1981 τόν
2415 1925 2717 1995 ἄνθρωπον,
2739 1920 2831 1973 καὶ
2849 1916 3181 1987 ἐνεφύσησεν
3196 1915 3273 1977 εἰς
3294 1912 3355 1965 τὸ
3380 1910 3673 1983 πρόσωπον

2087 2022 2252 2078 αὑτοῦ
2286 2020 2456 2090 πνοὴν
2490 2016 2660 2087 ζωῆς,
2686 2013 2782 2067 καὶ
2814 2011 3033 2081 ἐγένετο
3071 2011 3098 2061 6
3127 2006 3413 2077 ἄνθρωπος
3451 2005 3533 2068 εἰς
3567 2004 3674 2072 ψυ-

2088 2116 2188 2188 χήν
2239 2113 2440 2178 ζῶσαν.
2469 2128 2487 2162 ι
2530 2108 2641 2161 Καὶ
2687 2105 2869 2176 μέντοι
2901 2102 2994 2156 καὶ
3024 2101 3082 2154 ὲν
3125 2102 3236 2163 τοῖς
3270 2095 3623 2166 Εὐαγγελίοις
3647 2097 3676 2148 6

2089 2184 2297 2277 Κύριος
2328 2205 2441 2266 τοῖς
2474 2201 2651 2269 ἁγίοις
2686 2197 2875 2266 εἴρηκε
2917 2192 3184 2264 μαθηταῖς
3204 2207 3216 2220 ·
3260 2188 3389 2259 «Μὴ
3424 2184 3677 2257 φοϐεῖσθε

2092 2300 2200 2355 ἀπὸ
2242 2297 2351 2351 τῶν
2394 2290 2823 2350 ἀποκτεινόντων
2860 2288 2919 2341 τὸ
2955 2287 3134 2357 σῶμα,
3169 2285 3268 2355 τὴν
3305 2284 3362 2336 δὲ
3396 2282 3575 2353 ψυχήν
3604 2280 3678 2351 μὴ

2093 2388 2408 2461 δυναμένων
2452 2386 2801 2440 ἀποκτεῖναι·
2835 2378 3114 2451 φοϐήθητε
3149 2376 3204 2430 δὲ
3236 2374 3437 2446 μᾶλλον
3460 2374 3552 2426 τὸν
3585 2372 3682 2425 καὶ

2097 2484 2158 2537 τὸ
2219 2482 2379 2552 σῶμα
2431 2480 2523 2535 καὶ
2579 2477 2677 2547 τήν
2709 2474 2888 2544 ψυχὴν
2941 2470 3205 2526 ἀπολέσαι
3265 2467 3565 2537 δυνάμενον
3625 2464 3683 2516 ὲν

2098 2575 2312 2644 γεέννῃ.
2342 2594 2360 2624 ι
2404 2569 2517 2624 Kal.
2569 2568 2597 2621 6
2656 2565 2932 2627 θειότατος
2980 2560 3245 2631 Μωῦσῆς,
3306 2558 3397 2611 τὸν
3449 2553 3684 2627 ἀριθμὸν

2099 2664 2361 2728 τεθεικὼς
2393 2662 2502 2715 τῶν
2533 2657 2980 2730 κατεληλυθότων
3020 2655 3101 2718 εἰς
3135 2653 3429 2721 Αἴγυπτον,
3467 2648 3562 2702 καὶ
3605 2649 3685 2699 εἰ·-

2108 2758 2290 2832 ρηκὼς
2340 2754 2457 2827 μεθ’
2490 2747 2564 2806 ὧν
2603 2752 2835 2814 ἕκαστος
2886 2745 3202 2817 εἰσελήλυθε
3248 2743 3545 2815 φύλαρχος,
3585 2742 3688 2793 ὲπ-

2106 2855 2309 2924 ήγαγε·
2344 2867 2360 2896 ι
2382 2848 2562 2933 Πᾶσαι
2577 2845 2632 2897 αἰ
2660 2841 2834 2912 ψυχαὶ
2863 2840 2919 2894 αἰ
2950 2835 3290 2892 εἰσελθοῦσαι
3312 2835 3392 2896 εἰς
3414 2834 3690 2901 Αἴγυπτον

2108 2922 2478 3013 ἐϐδομήκοντα
2510 2937 2673 2990 πέντε
2692 2936 2792 3005 (7),
2823 2952 2842 2985 ι
2881 2931 3008 3003 μίαν
3043 2929 3273 2983 ἑκάστου
3320 2925 3431 2979 τῶν
3476 2922 3690 2992 εἰσεληο

2108 3036 2347 3090 λυθότων
2385 3031 2697 3103 ἀριθμήσας
2740 3025 2943 3095 ψυχήν.
2978 3023 3147 3076 Καὶὸ
3187 3020 3332 3083 θεῖος
3371 3014 3695 3077 Ἀπόστολος

2037 3171 2083 3233 c
2112 3128 2171 3180 ὲν
2210 3123 2447 3197 Τρωάδι,
2493 3120 2709 3174 πάντων
2739 3115 3118 3185 ὐπειληφότων
3159 3112 3411 3165 τεθνάναι
3459 3109 3545 3161 τὸν
3589 3106 3697 3159 Εὗ-

2344 3217 2366 3233 ο
2470 3231 2479 3233 -
2555 3211 2642 3233 ill.
2685 3205 3001 3233 ιι--..ρ-ιι-ιι-
3056 3205 3086 3233 ,ι
3118 3204 3225 3233 υὲιλ
3264 3203 3409 3233 .7“an
3446 3198 3611 3233 ην⁹ιφηῧ
3642 3198 3697 3233 ἃς]

2118 3237 2305 3292 τυχόν,
2342 3217 2448 3287 ἐφη
2469 3231 2480 3243 ·
2513 3233 2532 3266 ι
2555 3211 2647 3283 Μή
2685 3205 3026 3280 θορυϐεῖσθε,
3056 3205 3088 3275 ἡ
3118 3204 3226 3275 γὰρ
3264 3203 3410 3272 ψυχή
3445 3198 3611 3255 αὑτοῦ
3642 3198 3702 3251 ὲν

2114 3312 2265 3383 αὐτῷ
2302 3313 2439 3364 ἐστι.
2467 3325 2485 3359 ι

2188 3382 2394 3458 ΕΡΑΝ.
2428 3398 2708 3452 Δέδεικται
2740 3390 2951 3462 σαφῶς,
2986 3390 3063 3454 ὡς
3086 3388 3212 3458 μίαν
3241 3385 3471 3448 ἕκαστος
3494 3382 3705 3454 ἄνθρω-

2119 3514 2218 3559 πος
2251 3495 2362 3565 ἔχει
2387 3493 2564 3562 ψυχήν

2191 3586 2342 3643 ΟΡΘ.
2391 3583 2531 3637 Ἀλλ’
2572 3576 2949 3648 Ἀπολινάριος
2985 3574 3079 3628 δύο
3105 3573 3273 3643 λέγει,
3321 3570 3416 3625 καὶ
3462 3568 3561 3638 τὴν
3608 3565 3709 3636 μὲν

2122 3681 2317 3748 ἄλογον
2347 3673 2695 3745 ἀνειληφέναι
2727 3671 2817 3723 τὸν
2846 3668 2979 3722 Θεὸν
3010 3668 3186 3735 Λόγον
3206 3683 3219 3696 ο
3244 3664 3364 3718 ἀντὶ
3400 3662 3456 3715 δὲ
3487 3662 3585 3731 τῆς
3619 3659 3710 3711 λο-

2123 3770 2311 3841 γικῆς,
2350 3766 2511 3820 αὐτὸν
2543 3767 2600 3818 ὲν
2663 3761 2827 3833 σαρκὶ
2874 3756 3227 3829 γεγενῆσθαι.
3289 3753 3494 3807 Τούτου
3544 3750 3711 3821 χάριν

2126 3862 2372 4023 Ξρόξην,
2412 3857 2572 3911 ποίαν
2618 3853 2726 3925 φὴς
2774 3850 2915 3923 μετά
2958 3849 3055 3903 τοῦ
3092 3847 3345 3919 σώματος
3390 3840 3714 3912 ἀνειλῆφθαι

2170 3972 2238 4023 υχ
2278 3969 2327 4005 ν.

2170 3969 2327 4024 υχην.

2202 4022 2406 4097 ΕΡΑΝ.
2439 4040 2550 4109 Τήν
2600 4033 2826 4105 λογικήν
2874 4029 2986 4101 ἐγώ
3034 4044 3211 4101 φημι·
3248 4029 3314 4099 τῇ
3351 4026 3540 4098 Γραφῇ
3606 4022 3719 4095 γάρ

2130 4135 2332 4205 ἕπομαι
2366 4133 2431 4201 τῇ
2463 4129 2602 4199 θείᾳ.

2204 4204 2356 4281 οΡθ.
2376 4221 2601 4275 Τελείαν
2623 4217 2803 4271 τοίνυν
2834 4211 3214 4286 ἀναληφθῆναί
3239 4226 3419 4281 φαμεν
3448 4207 3555 4262 ὑπὸ
3573 4204 3716 4260 Θεοῦ

2135 4320 2310 4386 Λόγου
2339 4315 2438 4386 τήν
2466 4312 2560 4364 τοῦ
2589 4309 2780 4363 δούλου
2807 4309 3053 4379 μορφήν;

2209 4402 2411 4462 ΕΡΑΝ.
2444 4401 2691 4455 Τελείαν.

514 4460 720 4494 11.1mm.
749 4460 1074 4487 ῖυιιευιιιω.

514 4525 727 4586 ORTH.
750 4524 820 4577 Et
868 4518 1067 4573 merito
1117 4511 1364 4584 quidem.
1420 4508 1555 4563 Cum
1612 4504 1762 4559 enim
1818 4499 1999 4570 primu

2208 4498 2358 4553 ore.
2391 4495 2503 4586 Kal.
2550 4491 2695 4563 μάλα
2736 4490 2983 4552 εἰκότως.
3023 4484 3243 4556 Ἐπειδὴ
3272 4484 3381 4555 γὰρ
3430 4481 3461 4534 6
3508 4478 3729 4550 πρῶτος
3760 4460 3777 4477 ’

445 4623 611 4679 homo
638 4624 790 4673 totus
813 4619 961 4666 esset
993 4608 1097 4663 sub
1132 4611 1361 4677 peccato
1382 4642 1396 4668 ,
1439 4599 1749 4669 divinaeque
1783 4593 2035 4664 imaginis

447 4719 795 4774 characteres
820 4703 1113 4766 amisisset,
1136 4708 1192 4755 et
1208 4697 1427 4769 generis
1450 4694 1757 4766 principem
1782 4696 2034 4744 secutum

449 4821 623 4880 genus
645 4809 812 4864 esset,
860 4808 1086 4851 necesse
1110 4796 1125 4813 '
1155 4791 1264 4846 fuit
1307 4799 1366 4844 ut
1405 4788 1658 4849 Creator,
1689 4784 2036 4839 obscuratam

452 4910 715 4954 renovare
738 4888 1033 4960 imaginem
1088 4884 1302 4948 volens,
1348 4888 1523 4934 totam
1576 4884 1834 4930 naturam
1879 4884 2038 4925 assu-

453 4985 679 5053 mendo,
708 4982 1055 5038 charaeteres
1080 4975 1359 5046 prioribus
1381 4974 1543 5041 longe
1566 4968 1826 5023 meliores
1858 4962 2040 5033 expri-

457 5086 653 5134 meret.

528 5168 738 5227 ERAN.
799 5167 924 5222 llaec
963 5161 1186 5234 quidem
1240 5173 1372 5212 vera
1458 5163 1607 5210 sunt.
1664 5153 1798 5207 Peto
1859 5157 2043 5203 autem

463 5263 700 5333 primum
725 5256 886 5311 nobis
910 5254 1205 5323 diligenter
1243 5244 1510 5317 explicari
1547 5242 1832 5297 nominum
1875 5237 2047 5308 signi-

536 5418 651 5447 ”'"
680 5414 814 5468 Gen.
845 5429 903 5477 ιι,
934 5413 986 5464 7.

560 5618 616 5696 ιδ.)
653 5614 753 5696 ιι
774 5597 1560 5696 ξωξχιῦιρθξξς,Βξξηιξξηίλίρὶ
1590 5593 1928 5696 smel“-

570 5657 622 5748 7’)
664 5657 773 5735 έόδ.
805 5677 982 5748 πέντε.
1010 5657 1560 5748 Scilicetsecundum
1586 5657 1903 5732 com-putuit]
1934 5657 2040 5711 τῶν

471 5732 634 5820 mli,
659 5732 796 5820 ques
815 5746 1064 5817 sequitur
1102 5742 1411 5820 Stephanus
1439 5738 1557 5816 ᾼιτι.
1586 5734 1796 5820 τμη-Μ.
1835 5732 2042 5785 Secun-

475 5832 605 5883 dum
621 5801 760 5879 alias
778 5801 958 5875 autem
984 5801 1333 5882 computandi
1361 5807 1601 5859 rationes
1624 5804 1709 5857 vel
1740 5804 1804 5857 66
1833 5801 2043 5856 animas

2132 4591 2227 4647 ἄνθ
2240 4604 2419 4661 ρωπος
2452 4584 2571 4647 ὅλος
2616 4581 2723 4635 ὑπὸ
2774 4581 2872 4651 τὴν
2906 4577 3182 4651 ἁμαρτίαν
3212 4576 3450 4644 ἐγένετο,
3476 4571 3729 4634 καὶτοὺς

2134 4686 2233 4748 τῆς
2262 4681 2412 4743 θείας
2443 4676 2653 4738 εἰκόνος
2683 4672 2933 4728 ἀπώλεσε
2979 4668 3355 4741 χαρακτῆρας,
3390 4663 3729 4736 ἠκολούθησε

2136 4779 2191 4831 δὲ
2220 4775 2299 4845 τῷ
2355 4771 2628 4841 γενεάρχῃ
2661 4766 2722 4820 τὸ
2753 4766 2944 4834 γένος·
2975 4761 3292 4831 ἀναγκαίως
3313 4760 3342 4811 6
3388 4754 3733 4828 Δημιουργὸς

2139 4866 2532 4936 καινουργῆσαι
2597 4860 2696 4930 τὴν
2735 4855 3159 4927 ἀμαυρωθεῖσαν
3233 4851 3419 4905 εἰκόνα
3473 4848 3732 4918 θελήσας,

2146 4961 2278 5029 ὃλην
2325 4956 2424 5043 τήν
2482 4952 2644 5023 φύσιν
2682 4946 2990 5012 ἀναλαῦὼν,
3046 4943 3228 5015 πολλῷ
3276 4942 3387 4996 τῶν
3450 4939 3736 5010 προτέρων

2150 5040 2410 5123 ἀμείνους
2437 5044 2743 5099 ἐνετύπωσε
2774 5039 3147 5112 χαρακτῆρας.

2225 5137 2427 5193 EPAN.
2466 5134 2653 5188 Ταῦτα
2690 5130 2790 5202 μὲν
2819 5128 3019 5200 ἀληθῆ.
3066 5124 3229 5190 Ἀξιῶ
3257 5123 3315 5177 δὲ
3345 5120 3562 5193 πρῶτον
3600 5119 3735 5189 ήμῖν

2157 5232 2432 5303 εύκρινεῖς
2468 5228 2542 5298 (8)
2577 5223 2833 5295 γενέσθαι
2857 5221 2962 5274 τῶν
2981 5220 3261 5289 ὀνομάτων
3290 5215 3388 5278 τὰς
3420 5211 3698 5282 σημασίας
3719 5224 3735 5237 ·

1094 5408 1139 5443 ⁸³
1174 5407 1306 5461 Luc.
1339 5419 1431 5467 xu,
1467 5401 1518 5464 ὁ,
1551 5397 1619 5463 5;
1656 5395 1781 5451 coll.
1820 5391 2011 5447 Matth.
2066 5387 2229 5455 x,9.8.
2312 5384 2356 5416 “
2388 5382 2525 5439 Gen.
2592 5395 2732 5442 xm,
2771 5377 2840 5430 26
2937 5375 2982 5406 ⁶⁶
3012 5374 3132 5428 Act.
3174 5388 3263 5436 xx,
3293 5371 3380 5425 l0.

2139 5593 2401 5643 numerat
2457 5582 2655 5642 Moses,
2690 5576 2911 5632 uthn.
2945 5590 3086 5635 xm,
3119 5572 3190 5627 26
3236 5572 3389 5642 juxta
3432 5567 3624 5630 llebr.,
3651 5564 3739 5618 vel

2145 5658 2229 5718 70,
2259 5667 2320 5709 ut
2345 5657 2381 5708 Ι.
2416 5668 2465 5705 c.
2498 5667 2644 5704 vers.
2672 5650 2763 5709 27,
2784 5654 2839 5699 et
2864 5646 3023 5718 Deut.
3057 5643 3227 5718 1,92.

2216 5711 2291 5802 (8)
2320 5724 2417 5780 Ed.
2449 5724 2607 5776 Rom.
2637 5728 2690 5773 et
2723 5718 2870 5787 Lips.
2899 5712 3180 5787 εὐκρινῶς.
3214 5711 3393 5766 Minus
3419 5718 3593 5765 recte.
