4006 6202
335 441 431 505 111

329 553 481 609 enim
535 548 680 605 Deus
700 584 713 607 ,

333 660 490 701 meus
509 643 563 696 in
586 635 909 694 hominibus
941 629 1114 692 hisce,
1145 625 1274 696 quia
1303 636 1431 677 caro
1458 626 1587 673 sunt
1610 616 1681 689 _".
1710 632 1727 665 ι

404 824 618 882 ORTH.
646 820 776 875 Sine
802 812 1152 871 accusatione
1182 816 1365 863 autem
1398 800 1674 858 neminem
1725 792 1912 866 appel-

336 920 468 976 lavit
496 911 756 972 carnem?

406 1008 615 1066 ERAN.
649 1005 768 1060 Non
796 996 1044 1055 memini.

407 1099 618 1157 ORTH.
652 1098 765 1166 Ego
789 1093 956 1163 igitur
990 1098 1040 1142 te
1083 1074 1595 1140 commonefaciam,
1631 1080 1688 1125 et
1711 1066 1920 1123 docebo

339 1195 487 1268 quod
523 1160 899 1247 etiam'val'de
939 1179 1157 1236 sanctos
1205 1186 1401 1228 carnes
1443 1163 1753 1237 appellarit.
1812 1160 1921 1214 Re-

341 1249 552 1358 sponde
613 1294 744 1348 ergo
780 1293 792 1329 :
830 1270 1121 1342 Apostolos
1150 1280 1259 1336 quo
1288 1258 1508 1316 nomine
1534 1253 1730 1311 vocas?
1756 1249 1923 1321 spiri~

342 1379 541 1440 tuales,
579 1390 648 1427 an
679 1364 967 1425 carnales?

412 1437 622 1524 ΕΒᾸΝ.
654 1458 1003 1532 Spiritu'ales,
1034 1461 1090 1508 et
1116 1444 1491 1521 Spiritualium
1527 1437 1845 1511 coryphaaos
1872 1440 1928 1487 et

345 1563 626 1706 doglngCI-sl:
652 1643 795 1699 Audi
827 1646 958 1707 ergo
1004 1634 1253 1690 divinum
1330 1627 1562 1684 Paulum
1605 1619 1878 1676 dicentem
1912 1630 1926 1668 :

416 1731 646 1809 Quando
677 1742 859 1789 autem
896 1728 1101 1799 placuit
1121 1725 1194 1787 ei,
1222 1720 1316 1791 qui
1344 1734 1429 1772 me
1453 1732 1518 1769 ex
1541 1722 1703 1767 utero
1739 1705 1932 1762 matris

340 1834 489 1893 mea:
518 1825 850 1899 segregavit,
883 1829 939 1874 et
966 1815 1180 1872 vocavit
1207 1828 1305 1882 per
1342 1807 1573 1880 gratiam
1606 1815 1784 1861 suam,
1841 1810 1933 1849 re—

352 1928 536 1983 velare
565 1919 763 1975 Filium
784 1924 957 1968 suum
980 1910 1039 1963 in
1057 1922 1165 1969 me,
1189 1912 1249 1956 ut
1274 1902 1453 1971 ipsum
1472 1892 1857 1949 annuntiarem
1885 1885 1941 1938 in

354 2016 632 2092 gentibus,
652 2009 837 2065 statim
868 2019 979 2059 non
1002 1997 1249 2068 acquievi
1276 1991 1425 2049 carni
1465 1995 1520 2043 et
1548 1980 1824 2054 sanguini,
1843 1990 1947 2032 nec

1015 2090 1021 2092 ‘
1299 2083 1319 2092 “
1495 2087 1505 2092 -
1553 2091 1556 2092 ν
1623 2068 1938 2092 ηαλμ-τεν-

356 2068 462 2181 D77
482 2100 705 2159 ascendi
726 2097 792 2151 ad
817 2102 913 2150 eos
934 2090 1026 2160 qui
1044 2097 1168 2143 ante
1186 2101 1271 2139 me
1296 2072 1819 2144 fuerant,apostolos
1839 2068 1940 2122 ⁷⁵.)

357 2165 448 2258 In?
469 2193 747 2269 apostolos
769 2198 1034 2243 accusans
1059 2180 1141 2235 sic
1162 2179 1311 2248 ipsos
1332 2165 1661 2244 appellavit?

433 2374 623 2436 ERAN
636 2414 648 2427 .
689 2371 832 2425 Sane
863 2380 995 2421 non.

432 2466 647 2529 ORTH.
680 2461 789 2519 Sed
820 2476 851 2514 a
874 2464 1071 2513 natura
1093 2449 1270 2506 oculis
1298 2434 1849 2515 objecta’nominans,
1898 2436 1955 2482 et

367 2572 693 2632 comparans
718 2568 843 2609 cum
875 2545 1087 2605 caelesti
1131 2540 1421 2597 vocatione
1465 2533 1762 2587 humanam
1784 2532 1954 2576 voca-

370 2657 577 2711 tionem
593 2650 617 2702 ?

379 3198 556 3260 nostri
584 3193 651 3247 7“.
691 3211 708 3243 ι

450 3256 658 3348 ERAN.
681 3282 883 3352 Aperte
911 3281 1192 3329 ostensum
1224 3274 1327 3328 est,
1359 3261 1506 3332 quod
1535 3260 1700 3315 etiam
1727 3256 1845 3311 sine
1877 3269 1967 3309 ac-

382 3382 666 3441 cusatione
703 3370 887 3429 carnis
927 3377 1130 3419 nomen
1186 3356 1373 3412 divina
1413 3352 1703 3423 Scriptura
1736 3348 1965 3404 tribuat‘

384 3477 641 3537 humana:
662 3471 891 3521 naturae.

453 3559 665 3620 ORTH.
690 3557 806 3625 Ego
824 3562 959 3605 vero
984 3544 1085 3599 tibi
1114 3538 1265 3596 aliud
1300 3550 1525 3608 quoque
1549 3530 1964 3589 demonstrabo.

454 3647 664 3708 ERAN.
694 3641 981 3710 Quodnam
1005 3631 1191 3698 aliud?

456 3738 665 3797 ORTH.
693 3732 851 3802 Quod
902 3729 1069 3784 etiam
1128 3722 1343 3791 aliquos
1379 3730 1647 3772 accusans
1684 3712 1973 3782 Scriptura

387 3834 575 3892 divina
605 3827 777 3883 solius
800 3822 996 3878 animae
1029 3812 1399 3886 appellatione
1426 3816 1636 3863 utatur.

459 3918 670 3978 ERAN.
710 3913 949 3971 Ubinam
1000 3908 1107 3961 hoc
1154 3900 1404 3956 invenies
1459 3898 1516 3951 in
1564 3896 1753 3949 divina
1828 3892 1976 3949 Scri-

392 4025 557 4091 ptura
569 4012 592 4065 ?

467 4099 678 4160 ORTH.
730 4092 875 4151 Audi
928 4086 1223 4145 Dominum
1264 4083 1439 4136 Deum
1486 4093 1587 4149 per
1634 4075 1978 4131 Ezechielem

398 4194 726 4270 prophetam
748 4186 1059 4241 dicentem:
1093 4196 1110 4227 ‹
1133 4174 1328 4230 Anima
1352 4186 1474 4241 qua:
1500 4166 1833 4239 peccaverit,
1863 4165 1981 4234 ipsa

400 4256 670 4343 morietur
692 4280 763 4330 ⁷⁸.
786 4295 803 4327 ι
836 4275 904 4328 Et
931 4286 1031 4341 per
1059 4279 1315 4337 magnum
1348 4262 1533 4316 Mosen
1561 4260 1639 4313 ait
1679 4275 1691 4311 :
1731 4276 1749 4309 ι
1786 4256 1981 4310 Anima

400 4394 525 4452 qua:
572 4366 893 4444 peccaverit
918 4363 1006 4429 ⁸ος
1053 4379 1071 4410 ι
1105 4366 1163 4413 et
1193 4370 1387 4410 rursus
1417 4370 1430 4406 ε
1465 4371 1482 4403 ι
1513 4353 1583 4406 Et
1622 4349 1749 4413 erit,
1804 4348 1986 4403 omnis

401 4443 731 4533 animaiqua:
757 4473 868 4513 non
886 4450 1126 4508 audierit
1166 4446 1496 4517 prophetam
1540 4443 1727 4507 illum,
1796 4448 1984 4495 exter-

404 4559 708 4619 minabitur
755 4550 823 4604 '“.
852 4567 869 4599 ι
933 4546 1003 4601 Et
1038 4542 1146 4597 alia
1171 4540 1347 4594 multa
1368 4534 1687 4609 huiusmodi
1736 4533 1985 4604 reperire
2016 4562 2061 4617 υ

378 4643 554 4711 'licet.

473 4737 684 4799 ERAN.
720 4733 849 4789 Haec
875 4728 1246 4784 demonstrata
1268 4727 1419 4777 sunt.

477 4828 688 4889 ORTH.
722 4825 778 4880 Si
810 4821 998 4893 igitur,
1030 4815 1127 4871 ubi
1146 4811 1419 4869 naturalis
1458 4806 1708 4880 quaedam
1731 4813 1991 4869 estumo,

402 4934 460 4979 et
487 4934 673 4975 rerum
713 4920 1048 4971 creatarum,
1079 4918 1299 4973 unaque
1320 4899 1705 4956 famulantium
1725 4938 1739 4961 ,
1766 4903 1823 4950 et
1852 4906 1993 4951 tem-

404 5028 539 5086 pore
567 5008 860 5078 aequalium
891 4998 1228 5071 conjunctio,
1250 5010 1360 5048 non
1404 5008 1434 5046 a
1461 4991 1578 5046 sola
1607 4987 1989 5059 praestantiore

403 5112 604 5162 natura
639 5097 925 5154 nominare
946 5093 1051 5147 hoc
1070 5087 1273 5143 animal
1296 5086 1435 5139 solet
1456 5083 1567 5153 78
1589 5081 1775 5135 divina
1843 5077 1991 5133 Scri-

406 5189 694 5268 ptura,sed
722 5204 754 5244 a
785 5186 1000 5240 minore
1024 5180 1232 5252 pariter
1262 5185 1321 5231 et
1342 5192 1372 5230 a
1402 5174 1611 5244 majore
1644 5189 1657 5224 :
1690 5185 1861 5240 quare
1892 5184 1993 5224 nos

408 5262 811 5355 reprehenditis
838 5275 1007 5347 quod,
1030 5271 1314 5328 Christum
1351 5265 1643 5321 Dominum
1664 5262 1838 5317 Deum
1870 5275 1992 5315 esse

409 5352 757 5434 conﬁtentes,
785 5369 1065 5422 hominem
1085 5362 1251 5417 etiam
1289 5358 1650 5429 appellemus,
1684 5352 1992 5424 praesertim

412 5479 536 5522 cum
570 5462 743 5517 multa
769 5460 876 5512 hoc
902 5471 1005 5511 nos
1042 5453 1226 5508 facere
1250 5448 1487 5522 cogant?

481 5642 527 5675 "
560 5642 698 5697 Gen.
724 5656 795 5701 vi,
822 5641 875 5693 '5.
954 5635 1001 5666 ⁷⁸
1030 5633 1203 5689 Galat.
1241 5651 1278 5695 ι,
1319 5618 1506 5687 15-17.
1579 5630 1623 5660 τ’
1652 5627 1795 5683 Psal.
1834 5642 1964 5689 wa,

2135 5621 2180 5652 ⁷⁸
2212 5620 2314 5674 lsa.
2344 5633 2435 5680 ut,
2468 5614 2549 5668 l0.
2645 5611 2691 5643 ’θ
2727 5605 2925 5663 Ezech.
2964 5617 3113 5668 xvm,
3144 5601 3196 5667 4,
3219 5598 3309 5653 20.

414 5730 530 5781 v.1.
607 5711 839 5765 "Deut.
871 5721 1020 5768 xvm,
1056 5704 1141 5756 l9.

1322 413 1806 480 THEODORETI
1848 404 2183 469 EPISCOPI
2223 397 2587 462 CYRENSIS

801 538 1033 609 inquit:
1086 534 1204 589 Non
1255 524 1603 600 permanebit
1670 519 1964 591 Spiritus}

2081 529 2173 565 υσε
2220 509 2453 580 σάρκας.
2492 524 2508 555 ι
2538 500 2669 555 Εἷπε
2718 498 2850 567 γὰρ,
2900 493 3137 563 (mcle
3194 489 3358 553 θε⁶ς⁰
3404 488 3479 541 οὔ
3518 489 3596 559 μὴ

2243 602 2253 609 .
2376 600 2389 609 ι
2432 599 2472 609 η
2543 594 2567 606 ~
2634 594 2644 608 ο
2728 608 2735 609 ,
2807 589 2862 609 ι-.
2891 588 3001 609 ..-9-
3032 580 3337 609 2...n...!.--.-
3366 580 3579 609 --ι’μολιρ

2016 580 2320 673 καταμείνῃ
2342 600 2402 652 τὸ
2432 594 2570 650 ΙΙνεῦ
2580 594 2655 665 μά
2679 608 2778 662 μου
2804 589 2862 640 ἐν
2889 588 3001 647 τοῖς
3028 580 3337 651 ἀνθρώποις
3366 580 3600 643 τούτοις,

2016 697 2104 750 διὰ
2137 696 2197 747 τὸ
2213 689 2557 749 εἶναιαύτούς
2592 684 2823 755 σάρκας.
2851 697 2875 737 ι

3491 375 3595 444 112

2092 787 2243 840 ΟΡΘ.
2283 783 2417 853 Δίχα
2463 778 2522 833 δὲ
2564 770 2903 845 κατηγορίας
2946 766 3137 822 οὐδένα
3193 760 3604 834 προσηγόρευσε

2024 876 2236 947 σάρκα;

2098 963 2302 1019 EPAN.
2337 959 2413 1013 Οὐ
2449 958 2754 1029 μέμνημαι.

2097 1056 2251 1111 ΟΡΘ.
2293 1051 2432 1121 Ἐγώ
2473 1067 2532 1103 σε
2578 1043 2869 1117 τοιγαροῦν
2913 1042 3220 1112 ἀναμνήσω
3249 1039 3343 1092 καὶ
3390 1035 3606 1101 διδάξω,

2025 1149 2099 1212 ὼς
2124 1148 2250 1209 τοὺς
2283 1146 2421 1213 ἄγαν
2455 1140 2642 1209 ἀγίους
2675 1137 2883 1208 σάρκας
2917 1133 3381 1204 προσηγόρευσεν.
3432 1128 3598 1180 Ἀπόο

2031 1256 2214 1311 κριναι
2240 1238 2439 1290 τοίνυν·
2457 1234 2595 1294 Τοὺς
2623 1226 2953 1288 ἀποστόλους
2974 1226 3027 1278 τί
3046 1224 3112 1278 ἂν
3141 1223 3412 1295 καλέσῃς;
3446 1239 3612 1273 πνευ-

2037 1331 2320 1404 ματικούς,
2358 1326 2390 1397 ἦ
2427 1322 2753 1396 σαρκικούς;

2104 1421 2311 1477 EPAN.
2345 1416 2777 1487 Πνευματικούς,
2814 1412 2909 1468 καὶ
2952 1412 3063 1467 τῶν
3115 1407 3502 1481 πνευματικῶν
3525 1425 3618 1461 κο-

2038 1512 2294 1585 ρυφαίους
2319 1509 2414 1561 καὶ
2438 1504 2810 1567 διδασκάλους.

2100 1599 2258 1654 ΟΡΘ.
2290 1592 2565 1649 ’Ἄκουσον
2596 1591 2778 1647 τοίνυν
2808 1589 2902 1644 τοῦ
2946 1587 3235 1643 θεσπεσίου
3288 1585 3501 1639 Παύλου
3535 1585 3621 1637 λέο

2038 1703 2224 1759 γοντος
2244 1704 2257 1717 '
2285 1705 2318 1738 τ
2344 1686 2474 1738 Ὅτε
2515 1683 2572 1736 δὲ
2608 1680 2908 1753 ηὐδόκησεν
2932 1681 2960 1733 ὀ
2989 1678 3257 1749 ἀφορίσας
3289 1694 3355 1747 με
3394 1677 3460 1729 ὲκ
3504 1693 3623 1730 κοι-

2039 1783 2160 1845 λίας
2186 1780 2388 1851 μητρός
2414 1794 2534 1848 μου,
2567 1775 2661 1829 καὶ
2688 1773 2927 1837 καλέσας
2954 1773 3044 1827 διά
3064 1776 3164 1843 τῆς
3189 1772 3410 1843 χάριτος
3436 1771 3624 1835 αὐτοῦ,

1973 1881 2015 1936 Β
2043 1869 2390 1936 ἀποκαλύψαι
2438 1864 2531 1918 τὸν
2570 1864 2698 1916 Υίὸν
2738 1860 2903 1916 αὐτοῦ
2944 1862 3004 1913 ὲν
3035 1860 3184 1931 ἐμοὶ,
3216 1860 3301 1911 ῖνα
3345 1857 3509 1910 αὐτὸν
3540 1856 3626 1910 εὐ-

2048 1959 2423 2029 αγγελίζωμαι
2453 1957 2511 2008 ὲν
2542 1955 2655 2017 τοῖς
2695 1953 2928 2013 ἔθνεσιν,
2953 1949 3157 2012 εὐθέως
3200 1948 3260 2001 οὐ
3292 1944 3629 2016 προσανεθὲ-

2052 2070 2158 2125 μην
2198 2049 2362 2120 σαρκὶ
2390 2048 2483 2101 καὶ
2515 2047 2738 2116 αἵματι,
2766 2044 2887 2097 οὐδὲ
2919 2042 3151 2112 ἀνῆλθον
3186 2038 3299 2111 (19)
3333 2037 3470 2107 πρὸς
3502 2035 3630 2098 τούς

2049 2144 2157 2217 πρὸ
2186 2140 2321 2213 ἐμοῦ
2351 2137 2704 2200 ἀποστόλους.
2736 2154 2755 2188 ι
2789 2134 2881 2206 Μὴ
2914 2130 3239 2203 κατηγορῶν
3267 2130 3375 2183 τῶν
3396 2126 3630 2183 ἀποστό-

2050 2238 2159 2290 λων
2192 2233 2334 2287 οὕτω
2351 2249 2409 2285 τε
2438 2230 2638 2291 αὐτοὺς
2664 2224 3136 2298 προσηγόρευσεν;

2125 2325 2330 2382 EPAN.
2380 2323 2455 2375 Οὐ
2485 2320 2645 2390 δῆτα.

2126 2416 2277 2471 ΟΡΘ.
2319 2412 2461 2467 Ἀλλ’
2494 2411 2601 2463 ἀπὺ
2632 2410 2732 2480 τῆς
2763 2403 3049 2477 ὁρωμένης
3082 2401 3299 2472 φύσεως
3324 2396 3637 2470 ὀνομάζων,

2056 2514 2150 2569 καὶ
2170 2506 2484 2579 συγκρίνων
2509 2506 2575 2575 τῇ
2605 2499 2900 2575 οὐρανόθεν
2918 2497 3109 2569 κλήσει
3129 2498 3227 2567 τὴν
3242 2493 3310 2547 δι’
3336 2489 3639 2562 ἀνθρώπων

2056 2604 2252 2677 κλῆσιν
2270 2619 2286 2669 ;

2129 2696 2334 2751 EPAN.
2368 2686 2624 2765 Ἆληθές.

2066 3155 2246 3229 ἡμῶν.
2294 3172 2313 3205 ι

1990 3222 2033 3280 C
2089 3222 2347 3302 "EPAN.
2397 3239 2802 3296 Ἀποδέδεικται
2841 3231 3051 3303 σαφῶς,
3081 3229 3157 3292 ὼς
3206 3224 3302 3281 καὶ
3355 3222 3479 3293 δίχα
3527 3235 3652 3272 κατ-

2068 3338 2296 3412 ηγορίας
2326 3334 2545 3404 ἀπάσης
2572 3331 2680 3385 ἀπὸ
2710 3328 2811 3397 τῆς
2860 3322 3062 3395 σαρκὸς
3096 3321 3129 3390 ἡ
3157 3317 3277 3372 θεία
3317 3310 3509 3386 Γραφὴ
3552 3309 3653 3380 τὴν

2070 3429 2418 3504 ἀνθρωπείαν
2443 3421 2699 3496 ὀνομάζει
2729 3420 2913 3490 φύσιν.

2141 3497 2293 3576 (λΡΘ.
2337 3515 2485 3587 Ἐγὼ
2509 3516 2567 3569 δέ
2601 3528 2682 3567 σοι
2711 3512 2806 3564 καὶ
2839 3509 2900 3563 τὺ
2928 3508 3115 3578 ἕτερον
3142 3497 3413 3565 ἐπιδείξω.

2145 3613 2352 3668 ΕΡΑΝ.
2380 3612 2539 3663 Ποῖον
2566 3607 2653 3659 ἒτε
2662 3620 2754 3676 ρον
2771 3620 2786 3668 ;

2142 3706 2295 3759 υΡΘ.
2332 3702 2455 3756 Ὅτι
2485 3699 2580 3753 καὶ
2613 3691 3002 3765 κατηγοροῦσά
3045 3688 3264 3759 τινωνή
3294 3684 3415 3738 θεία
3440 3680 3653 3755 Γραφὴ,

2074 3800 2183 3854 ἀπὸ
2208 3798 2310 3868 τῆς
2331 3795 2509 3866 ψυχῆς
2539 3788 2799 3861 ὀνομάζει
2830 3786 3018 3857 μόνης.

2098 3965 2105 3969 .
2147 3865 2352 3944 EPAN.
2405 3865 2516 3940 Καὶ
2562 3882 2668 3936 πού
2714 3878 2875 3933 τοῦτο
2913 3875 3172 3948 εὑρήσεις
3223 3870 3377 3942 παρά
3428 3870 3491 3939 τῇ
3537 3865 3659 3935 θείᾳ

2078 3982 2304 4053 Γραφῇς
2953 4042 2990 4060 γε

2342 4069 2613 4120 ’Ἄκουσον
2641 4062 2738 4117 τοῦ
2784 4046 3058 4116 Δεσπότου
3099 4055 3234 4110 Θεοῦ
3273 4051 3361 4107 διὰ
3402 4046 3664 4115 Ἰεζεκιὴλ

2079 4160 2175 4214 τοῦ
2232 4159 2517 4230 προφήτου
2566 4155 2849 4224 λέγοντος·
2895 4171 2912 4204 ι
2952 4148 3115 4218 Ψυχὴ
3171 4148 3204 4217 ἡ
3248 4141 3661 4213 ἁμαρτάνουσα,

2083 4250 2223 4322 αὐτὴ
2264 4229 2642 4303 ἀποθανεῖται.
2682 4263 2701 4295 ι
2736 4242 2846 4295 Καὶ
2902 4239 3088 4312 μέντοι
3116 4238 3213 4290 καὶ
3250 4233 3339 4287 διὰ
3385 4229 3667 4288 Μωῦσέως

2082 4341 2179 4396 τοῦ
2215 4321 2459 4413 μεγάλου
2485 4335 2649 4405 φησί·
2686 4352 2704 4385 ‹
2739 4332 2907 4402 Ψυχὴ
2938 4332 2972 4401 ἡ
3011 4329 3077 4384 ἀν
3102 4327 3349 4399 ἁμάρτῃι
3390 4342 3409 4375 ι
3438 4321 3533 4376 καὶ
3561 4321 3671 4375 πά-

2084 4433 2169 4485 λιν
2190 4448 2204 4461 ·
2253 4450 2271 4483 ι
2304 4428 2415 4483 Καὶ
2442 4427 2598 4480 ἔσται
2629 4426 2782 4479 πᾶσα
2801 4423 2969 4493 ψυχὴ,
2994 4421 3116 4492 ἥτις
3139 4418 3239 4472 οὐκ
3261 4417 3553 4471 ἀκούσεται
3574 4415 3671 4464 τοῦ

2090 4522 2374 4594 προφήτου
2424 4517 2661 4581 ἐκείνου,
2711 4512 3254 4585 ὲξολοθρευθήσεται.
3301 4526 3320 4559 ι
3376 4505 3489 4561 Καὶ
3533 4503 3674 4558 ἀλλα

2088 4616 2145 4670 δὲ
2179 4612 2351 4668 πολλά
2381 4608 2609 4665 τοιαῦτα
2641 4606 2789 4660 ἔστιν
2823 4605 3025 4675 εὐρεῖν.

2161 4696 2365 4761 EPAN.
2408 4700 2811 4756 Ἀποδέδεικται
2840 4696 3031 4750 ταῦτα.

2162 4796 2315 4852 υΡΘ.
2353 4795 2416 4848 El
2438 4792 2622 4846 τοίνυν
2649 4789 2779 4844 ἔνθα
2802 4788 3008 4859 φυσική
3030 4786 3114 4849 τίς
3149 4785 3297 4837 ὲστιν
3330 4783 3545 4843 ἓνωσις,
3583 4776 3679 4832 καὶ

2093 4887 2350 4954 κτιστῶν,
2385 4886 2481 4941 καὶ
2503 4882 2840 4955 ὁμοδούλων,
2890 4880 2987 4933 καὶ
3026 4877 3342 4949 ὀμοχρόνων
3386 4871 3677 4940 συνάφεια,

2093 4983 2195 5036 οὐκ
2236 4980 2345 5034 ἀπὸ
2388 4978 2557 5049 μόνης
2588 4975 2691 5046 τῆς
2723 4973 3034 5045 κρείττονος
3063 4969 3279 5040 φύσεως
3302 4966 3420 5020 τόδε
3442 4965 3504 5018 τὸ
3541 4964 3682 5028 ζῶον

2094 5072 2387 5144 ὀνομάζειν
2425 5068 2545 5129 ἔθος
2583 5069 2650 5136 τῇ
2705 5066 2828 5137 θείᾳ⁵
2856 5065 3069 5135 Γραφῇ,
3116 5060 3251 5114 ἀλλὰ
3307 5058 3402 5111 καὶ
3441 5055 3550 5109 ἀπὸ
3580 5055 3684 5123 τῆς

2089 5163 2312 5237 ἥττονός
2340 5179 2399 5216 τε
2444 5162 2540 5214 καὶ
2584 5158 2867 5231 μείζονοςο
2918 5156 3035 5217 πῶς
3084 5154 3215 5223 ἡμῖν
3246 5149 3531 5219 ἐγκαλεῖτε
3592 5147 3685 5198 τὸν

2090 5231 2368 5323 Ᾰεσπότην
2420 5248 2659 5323 Χριστὸν
2711 5245 2853 5318 μετὰ
2896 5241 2991 5296 τοῦ
3038 5241 3173 5294 Θεὸν
3218 5236 3536 5308 ὁμολογεῖν,
3586 5231 3685 5285 καὶ

2090 5316 2379 5419 ἄνθρωπον
2412 5316 2763 5413 ὀνομάζουσι,
2797 5335 2892 5390 καὶ
2917 5333 3094 5388 ταῦτα
3120 5328 3331 5384 πολλῶν
3365 5327 3506 5393 ἄγαν
3527 5316 3687 5376 τόῧτο

2093 5442 2268 5494 ποιεῖν
2307 5435 2730 5504 ἀναγκαζόντων
2751 5447 2766 5497 ;

3424 5592 3471 5625 ⁸ο
3502 5589 3680 5651 Levit.

482 5874 600 5951 ιω)
633 5871 819 5946 amato.
853 5868 1148 5929 Omissum,
1189 5858 1331 5929 quod
1360 5857 1397 5910 l.
1431 5872 1478 5911 ο,
1521 5872 1571 5911 v.
1612 5856 1696 5922 17,
1731 5852 1964 5924 scquitm

2078 5867 2106 5913 ς
2140 5843 2508 5918 Ἰεροσόλυμα.
