4006 6202
341 329 446 395 115

1348 331 1838 391 ΤΗΕΟΒΟΒΕΤΙ
1877 332 2217 393 EPISCOPI
2259 331 2619 392 CYRENSIS

337 443 644 507 Christum,
676 450 939 497 mternam
981 456 1115 496 vero
1161 442 1282 512 ejus
1317 441 1665 498 divinitatem
1704 449 1926 514 negant.

2050 437 2360 513 Ἄνθρωπον
2387 443 2494 511 γὰρ
2529 440 2687 512 μόνον
2731 436 3063 514 κηρύττουσι
3094 436 3186 490 τὸν
3226 434 3480 507 Χριστὸν,
3513 433 3614 504 τὴν

338 516 503 591 Arius
529 540 736 597 autem,
772 542 828 587 et
870 531 1198 596 Eunomius,
1235 543 1477 587 creatam
1506 544 1706 589 vocant
1726 533 1931 604 Unige-

337 626 441 683 niti
475 624 845 689 divinitatem,
873 632 928 678 et
952 625 1130 679 solum
1155 639 1357 694 corpus
1397 626 1551 680 illiiiii
1576 627 1690 696 80
1717 643 1932 681 assum-

337 719 512 789 psisse
540 717 750 770 dicunt.
799 715 1148 786 Apolinarius
1175 733 1340 787 porro
1371 719 1670 773 animatum
1706 720 1934 790 quidem

337 825 542 879 corpus
575 815 918 877 assumptum
940 806 1163 872 fatetur,
1205 808 1302 863 sed
1346 809 1666 866 rationalem
1690 812 1930 868 animam

336 906 393 954 et
420 899 631 954 honore
661 906 716 953 et
750 898 925 954 salute
959 899 1013 953 in
1037 899 1198 954 libris
1224 901 1342 955 suis
1363 901 1562 971 privat.
1599 902 1724 957 Haec
1763 904 1932 974 igitur

338 999 424 1046 est
455 1006 847 1060 perversorum
875 992 1195 1062 dogmatnm
1219 991 1554 1049 diﬂ'erentia.
1587 994 1668 1049 Tu
1695 1011 1852 1060 vero,
1883 996 1932 1051 si

340 1081 630 1136 veritatem
656 1097 827 1145 amas,
869 1081 959 1140 dic
1002 1082 1185 1148 nobis,
1230 1098 1356 1138 cum
1391 1084 1550 1139 hisne
1598 1085 1930 1156 disputatio-

339 1188 468 1227 nem
493 1173 733 1242 aliquam
755 1173 959 1229 habere
987 1175 1302 1241 conveniat,
1326 1191 1395 1230 an
1417 1175 1472 1230 in
1498 1193 1741 1248 praeceps
1759 1194 1929 1237 rucno

344 1272 426 1319 tes
449 1263 731 1334 deSpicere
763 1274 818 1319 et
838 1265 1021 1322 valere
1042 1265 1259 1336 jubere.

414 1437 622 1494 ERAN.
649 1439 1008 1496 [inmanitatis
1039 1450 1123 1496 est
1161 1456 1257 1496 eos
1283 1443 1375 1512 qui
1409 1446 1423 1462 ‘
1451 1452 1716 1515 aegrotant
1753 1445 1928 1517 negli-

379 1543 493 1583 ere.

379 1544 493 1583 ere.

343 1544 378 1600 Β
397 1616 625 1681 ,ORTH.
655 1619 927 1677 Convenit
964 1639 1096 1694 ergo
1121 1623 1212 1680 his
1235 1624 1551 1690 coridolere,
1583 1635 1638 1681 et
1672 1642 1771 1704 pro
1799 1629 1930 1683 viri-

344 1711 451 1768 bus
484 1713 714 1767 mederi.

414 1805 622 1860 ERAN.
654 1805 921 1867 Omiiinot

412 1896 624 1953 ORTH.
658 1898 714 1954 Si
753 1901 924 1971 igitur
972 1902 1308 1972 corporibus
1356 1905 1563 1960 mederi
1615 1906 1926 1973 didicisses,

343 1989 615 2060 multique
637 1999 735 2046 ate
753 1992 1171 2048 circumstantes
1196 2002 1257 2048 ut
1275 1995 1576 2050 medereris
1598 1997 1925 2068 flagitarent,

345 2079 594 2135 diversos
614 2081 838 2136 morbos
859 2083 1234 2148 ostendentes,
1249 2086 1403 2141 verbi
1425 2088 1626 2157 gratia,
1641 2089 1928 2146 oculorum

343 2171 697 2238 suﬂusiones,
731 2181 787 2227 et
817 2175 1033 2228 aurium
1061 2176 1267 2240 ulcera,
1308 2185 1364 2231 et
1396 2178 1616 2233 dolores
1655 2179 1925 2244 dentium,

342 2272 400 2320 et
425 2265 482 2318 hi
507 2265 729 2334 quidem
773 2281 1073 2320 nervorum
1122 2265 1510 2332 intensionem,
1561 2270 1650 2324 alii
1681 2286 1810 2324 vero
1836 2286 1927 2326 so-

343 2357 633 2423 lutionem,
668 2368 724 2413 et
770 2358 861 2412 hic
892 2373 1089 2412 rursus
1131 2357 1284 2413 ﬂava:
1323 2359 1449 2414 bilis
1481 2361 1923 2429 redundantiam,

343 2447 436 2506 ille
457 2464 593 2504 vero
620 2449 854 2519 pituitze,
897 2465 1082 2520 (μιαίεο
1123 2459 1198 2517 te,
1223 2452 1355 2521 quid
1393 2453 1642 2510 faceres?
1683 2473 1926 2514 unumne

343 2541 605 2597 omnibus
627 2541 930 2597 remedium
959 2558 1283 2612 parares,an
1306 2545 1540 2616 singulis
1559 2548 1768 2602 morbis
1791 2564 1925 2604 con-

343 2631 574 2688 veniens
591 2633 614 2686 ?

413 2721 620 2781 EBAN.
649 2722 953 2796 Unicuique
981 2729 1335 2792 conveniens,
1359 2739 1415 2784 et
1446 2731 1698 2800 pellendo
1733 2734 1925 2788 inorbo

346 2809 628 2869 idoneum.

410 2903 621 2963 ORTH.
653 2907 839 2978 Itaque
867 2909 1072 2965 calidas
1112 2911 1432 2967 affectiones
1484 2914 1834 2986 refrigerans,
1872 2926 1930 2971 et»

339 2992 568 3065 frigidas
601 2996 948 3064 calefaciens,
972 3007 1027 3053 et
1053 2999 1268 3054 intensa
1317 3000 1585 3066 relaxans,
1626 3003 1805 3057 soluta
1832 3002 1926 3056 lir-

340 3088 611 3143 mioribus
626 3089 1040 3146 medicamentis
1057 3093 1442 3157 corroborans,
1461 3101 1516 3148 et
1537 3095 1819 3150 liunientia
1835 3096 1929 3150 de-

341 3177 575 3243 siccans,
639 3179 785 3234 sicca
812 3181 1160 3248 humectans,
1202 3184 1428 3239 morbos
1466 3185 1568 3240 hac
1595 3188 1805 3242 ratione
1831 3204 1928 3242 ex-

341 3269 600 3339 pelleres,
630 3279 686 3325 et
725 3272 794 3325 ab
846 3273 932 3328 his
961 3275 1251 3344 expulsam
1281 3277 1570 3333 sanitatem
1599 3278 1930 3334 reduceres?

413 3441 620 3497 ER'AN.
649 3443 740 3498 Sic
764 3445 1095 3501 medendum
1118 3463 1237 3504 esse
1262 3449 1395 3503 artis
1422 3449 1648 3506 medicae
1676 3450 1764 3504 lex
1785 3465 1927 3520 prae-

340 3529 494 3600 cipit.
523 3531 810 3588 Contraria
831 3535 1001 3601 enim,
1031 3536 1308 3606 inquiunt,
1353 3540 1760 3595 contrariorum
1800 3549 1929 3595 sunt

340 3625 604 3681 remedia.

409 3714 515 3784 81
542 3715 751 3775 ORTH.
802 3719 856 3773 Si
884 3737 1016 3776 vero
1051 3721 1325 3792 plantator
1379 3738 1549 3788 esses,
1598 3724 1928 3779 omnibusne

249 3867 256 3873 ,
341 3806 545 3876 plantis
571 3809 820 3864 eamdem
855 3812 1125 3866 culturam
1171 3812 1485 3877 adhiberes,
1522 3830 1588 3867 an
1617 3831 1750 3868 vero
1785 3815 1928 3870 malo

338 3898 545 3967 punico
570 3901 1013 3968 convenientem,
1037 3910 1092 3956 et
1148 3902 1270 3956 ficui
1301 3905 1602 3972 propriam,
1627 3913 1683 3958 et
1715 3905 1839 3975 piro
1863 3921 1928 3962 ac

339 3989 488 4044 malo
502 3991 780 4057 similiter,
803 4002 858 4047 et
875 3993 968 4046 viti
984 3993 1299 4047 domesticae
1319 4005 1705 4063 congruentes,
1728 3998 1928 4066 planta:

338 4081 601 4152 denique,
629 4092 690 4138 ut
718 4084 887 4140 semel
941 4085 1142 4150 dicam,
1198 4084 1500 4154 unicuique
1546 4087 1927 4141 accommoda-

341 4179 451 4226 tam
472 4172 497 4228 ί

404 4266 610 4322 ERAN.
635 4267 986 4322 Manifestum.
1011 4274 1115 4332 est,
1141 4267 1356 4337 plantas
1381 4267 1622 4340 singulas
1645 4271 1919 4341 propriai-

341 4359 616 4413 culturam
643 4359 978 4414 desiderare.

2033 536 2102 590 δὲ,
2123 536 2230 607 πρὸ
2259 537 2369 588 τῶν
2409 533 2623 587 αἰώνων
2653 523 3009 604 ὑπάρχουσαν
3038 527 3327 601 ἀρνοῦνται
3360 526 3612 597 θεότητα.

2039 629 2257 692 ’Λρειος
2278 626 2336 680 δὲ
2365 626 2458 680 καὶ
2488 625 2777 695 Εὑνόμιος.
2816 620 3040 691 κτιστὴν
3069 617 3292 672 καλοῦσι
3321 616 3414 670 τοῦ
3437 617 3615 670 Μονο-

2034 717 2228 788 γενοῧς
2257 718 2356 788 τήν
2385 716 2641 787 θεότητα,
2671 715 2832 786 σῶμα
2859 713 2916 768 δὲ
2941 714 3101 784 μόνον
3133 710 3296 766 αὐτὸν
3329 708 3616 778 ἀνειληφέ-

2033 827 2121 865 ναι
2161 809 2346 879 φασίν.
2391 808 2769 878 Ἀπολινάριος
2795 805 2853 858 δὲ
2886 805 3126 876 ἔμψυχον
3159 801 3257 874 μὲν
3283 800 3537 873 ὁμολογεῖ
3554 799 3615 852 τὺ

2032 901 2235 972 ληφθὲν
2263 901 2442 972 σῶμα,
2476 901 2576 971 τὴν
2613 899 2669 952 δὲ
2697 897 2922 969 λογικὴν
2964 895 3142 966 ψυχὴν
3178 893 3272 948 καὶ
3311 893 3411 962 τῆς
3448 891 3615 962 τιμῆς

2033 992 2127 1046 καὶ
2159 995 2259 1064 τῆς
2290 991 2564 1061 σωτηρίας
2605 992 2663 1044 ὲν
2687 992 2800 1054 τοῖς
2831 987 3056 1050 οἰκείοις
3097 985 3277 1055 λόγοις
3300 984 3612 1054 ἀποστερεῖ.

2031 1081 2181 1152 Αὕτη
2217 1083 2316 1154 μὲν
2363 1076 2456 1136 οὖν
2493 1083 2527 1152 ή
2573 1081 2682 1136 τῶν
2712 1078 3130 1149 διεφθαρμένων
3169 1075 3458 1147 δογμάτων
3498 1073 3614 1126 δια-

2032 1174 2195 1245 φορά.
2220 1173 2390 1236 Αὐτὸς
2412 1172 2469 1226 δὲ
2493 1174 2626 1242 ήμῖν
2651 1168 2963 1240 φιλαλήθως
3010 1165 3156 1229 εἰπὲ,
3191 1167 3296 1237 χρή
3318 1181 3443 1216 τινα
3477 1161 3614 1231 πρὸς

2032 1265 2263 1329 τούτους
2297 1263 2570 1317 ποιεῖσθαι
2595 1260 2856 1326 διάλεξιν,
2892 1259 2925 1330 ἢ
2959 1259 3040 1312 δεῖ
3069 1255 3214 1311 κατὰ
3237 1253 3498 1328 κρημνῶν
3526 1270 3614 1322 φε-

2037 1357 2300 1428 ρομένους
2327 1357 2590 1428 περιορᾷν
2623 1353 2716 1407 καὶ
2748 1351 3006 1422 οἰμώζειν
3031 1351 3160 1420 ὲᾷν;

2102 1449 2305 1502 EPAN.
2361 1444 2796 1516 Μισανθρωπίας
2848 1441 3013 1512 ἔργον.
3058 1442 3092 1511 ή
3129 1438 3238 1491 τῶν
3294 1436 3621 1508 καμνόντων..

2032 1539 2327 1611 ὑπεροψία.

2103 1630 2254 1685 ΟΡΘ.
2291 1629 2567 1700 Προσήκει
2615 1626 2797 1680 τοίνυν
2847 1625 2941 1678 καὶ
2986 1622 3294 1690 συναλγεῖν.
3330 1620 3614 1692 κα¹ιοεραη

2033 1723 2220 1778 πεύειν
2249 1723 2330 1785 εἰς
2348 1721 2595 1792 δύναμιν.

1964 1783 2004 1835 Β
2110 1783 2322 1866 ΕΡΑΝξ
2356 1783 2598 1878 Πάνύγε.

2107 1903 2260 1957 ΟΡΘ.
2313 1903 2376 1956 Εἰ
2423 1902 2604 1955 τοίνυν
2646 1899 2876 1970 σώματα
2935 1897 3265 1970 θεραπεύειν
3320 1895 3608 1966 ἠπίστασο,

2038 1993 2225 2048 πολλοὶ
2256 1993 2312 2047 δέ
2357 2009 2421 2061 γε
2476 1990 2832 2062 περιστάντες
2864 1989 3190 2062 θεραπεύειν
3240 1988 3352 2058 (l8)
3398 1986 3612 2059 ἠξίουν,

2035 2087 2269 2159 διάφορα
2316 2084 2720 2148 ἐπιδεικνύντες
2777 2081 3098 2153 παθήματα,
3150 2075 3261 2135 οἷον
3315 2079 3612 2151 ὀφθαλμῶν

2037 2179 2347 2250 ἐπιῤῥοίας,
2376 2177 2470 2232 καὶ
2495 2175 2671 2230 ἀκοῶν
2692 2173 3006 2246 τραύματα,
3030 2173 3123 2227 καὶ
3152 2173 3376 2227 ὀδόντων
3400 2173 3611 2236 ὀδύνας,

2035 2270 2129 2322 καὶ
2178 2269 2228 2322 οί
2266 2269 2364 2339 μὲν
2408 2266 2618 2338 νεύρων
2666 2265 2846 2328 τάσιν,
2889 2265 2939 2317 οἱ
2987 2264 3043 2316 δὲ
3093 2263 3269 2326 λύσιν,
3316 2262 3408 2316 καὶ
3444 2265 3472 2316 ὁ
3516 2263 3616 2332 μὲν

2035 2359 2375 2430 πλημμύραν
2421 2358 2603 2428 χολῆς,
2635 2359 2663 2410 ὁ
2692 2356 2748 2410 δὲ
2782 2356 3116 2426 φλέγματος,
3157 2355 3208 2408 τί
3255 2354 3320 2408 ἂν
3361 2354 3622 2424 ἔδρασας,

2035 2451 2155 2506 είπέ
2211 2467 2331 2522 μοι;
2381 2448 2439 2501 ἓν
2501 2449 2675 2502 ἆπασι
2740 2445 3147 2510 κατεσκεύαζες
3217 2446 3526 2518 φάρμακον,
3579 2441 3618 2506 ἦ

2035 2544 2250 2614 ἑκάστῳ
2285 2541 2449 2596 πάθει
2482 2541 2542 2594 τὸ
2569 2540 2913 2611 πρόσφορον;

2108 2717 2312 2771 ΕΡΑΝ.
2356 2717 2429 2769 Τὸ
2471 2715 2687 2769 ἑκάστω
2747 2713 2992 2784 δηλονότι
3045 2713 3383 2785 κατάλληλόν
3421 2729 3478 2765 τε
3523 2712 3620 2767 καὶ

2035 2808 2383 2872 ἀλεξίκακον.

2108 2901 2260 2956 ΟΡΘ,
2305 2898 2515 2953 Οὐκοῦν
2547 2897 2617 2951 τὰ
2649 2897 2749 2968 μὲν
2801 2896 2982 2968 θερμά
3009 2896 3119 2950 τῶν
3152 2895 3339 2950 παθῶν
3372 2894 3620 2964 καταψύψ

2036 3010 2168 3064 χων,
2202 2991 2273 3044 τὰ
2295 2991 2351 3044 δὲ
2385 2990 2570 3061 ψυχρά
2605 2989 3030 3060 διαθερμαίνων,
3071 2989 3165 3042 καὶ
3204 2988 3272 3041 τὰ
3311 2987 3408 3058 μὲν
3458 3004 3616 3040 τετα-

2043 3085 2186 3157 μένα
2210 3082 2414 3154 χαλῶν,
2456 3081 2526 3135 τὰ
2565 3081 2624 3134 δέ
2654 3098 2717 3150 γε
2750 3081 3019 3151 λελυμένα
3055 3082 3366 3143 τονωτικοῖς
3397 3078 3617 3150 φαρμά-

2035 3193 2152 3239 κοις
2194 3175 2422 3246 ρωννὺς,
2455 3174 2550 3226 καὶ
2574 3171 2642 3224 τὰ
2673 3175 2771 3242 μὲν
2799 3171 3084 3225 πλαδῶντα
3109 3171 3401 3241 ξηραίνων,
3428 3169 3617 3237 ὑγραί-

2031 3285 2138 3320 νων
2176 3266 2231 3319 δὲ
2255 3265 2323 3319 τὰ
2355 3262 2514 3336 ξηρὰ,
2549 3261 2842 3337 ἐξήλαυνες
2867 3262 2966 3333 μὲν
2989 3260 3089 3324 τὰς
3111 3261 3320 3324 νόσους,
3341 3259 3617 3328 ἐπανῆγες

2031 3359 2087 3411 δὲ
2121 3357 2220 3427 τὴν
2249 3356 2438 3426 ὑγείαν
2463 3354 2568 3408 ὑπὸ
2593 3353 2798 3408 τούτων
2827 3348 3275 3424 ἐκϐεϐλημένην;

2102 3449 2306 3503 ΕΡΑΝ.
2340 3447 2497 3502 Οὕτω
2526 3446 2854 3517 θεραπεύειν
2881 3447 2910 3498 ό
2939 3446 3037 3517 τῆς
3079 3445 3330 3515 ἰατρικῆς
3368 3459 3615 3514 παρακε-

2031 3541 2248 3595 λεύεται
2280 3539 2445 3611 νόμος
2466 3557 2478 3570 ·
2513 3539 2580 3593 τὰ
2608 3538 2828 3592 ἐναντία
2867 3536 2998 3608 γὰρ,
3030 3536 3185 3606 φασὶ,
3219 3535 3328 3589 τῶν
3355 3534 3625 3588 ἐναντίων.

2035 3631 2259 3701 ίάματα.

2103 3721 2254 3776 ΟΡΘ.
2285 3721 2344 3774 Ei
2369 3720 2425 3774 δὲ
2457 3717 2763 3789 φυτουργὸς
2786 3713 2951 3788 ἦσθα,
2988 3719 3152 3772 πᾶσιν
3188 3718 3371 3780 αὐτοῖς
3424 3717 3613 3785 φυτοῖς

2029 3815 2126 3887 τὴν
2161 3815 2332 3886 αὐτὴν
2374 3813 2755 3885 προσήνεγκας
2784 3811 3126 3883 ἐπιμέλειαν,
3161 3811 3192 3881 ἢ
3233 3813 3297 3882 τῇ
3351 3809 3450 3882 μὲν
3493 3809 3614 3880 ῥοιᾷ

2029 3907 2129 3978 τὴν
2165 3907 2575 3978 προσήκουσαν,
2611 3905 2676 3974 τῇ
2711 3903 2768 3956 δὲ
2819 3906 2958 3975 συκῇ
2991 3902 3092 3974 τὴν
3127 3903 3356 3968 οἰκείαν,
3405 3902 3498 3954 καὶ
3544 3901 3610 3971 τῇ

2029 3997 2159 4068 ὄχνῃ
2198 3995 2482 4061 ὡσαύτως,
2514 3995 2610 4049 καὶ
2643 3997 2710 4066 τῇ
2743 3994 2941 4067 μηλέᾳ,
2975 3995 3070 4048 καὶ
3113 3997 3232 4059 ταῖς
3254 3994 3480 4066 ήμερίσι
3513 3993 3613 4056 τὰς

2029 4088 2402 4159 καταλλήλους
2426 4103 2440 4118 ·
2486 4087 2581 4140 καὶ
2631 4086 2969 4154 ἁπαξαπλῶς
3002 4086 3220 4158 ἑκάστῳ
3253 4104 3314 4155 γε
3367 4083 3520 4156 φυτῷ
3551 4084 3611 4137 τὸ

2029 4180 2340 4252 πρόσφορον
2355 4197 2370 4244 ;

2099 4271 2302 4324 EPAN.
2335 4268 2504 4340 Δῆλον
2536 4269 2610 4333 ὡς
2633 4269 2868 4322 ἕκαστον
2897 4270 3063 4339 φυτὸν
3101 4270 3200 4341 τῆς
3240 4267 3447 4332 οἰκείας
3487 4267 3609 4320 ὲπι-

2031 4361 2252 4434 μελείας
2284 4360 2618 4432 προσδεῖται.

407 4449 618 4506 ORTH.
653 4450 708 4505 Si
728 4464 862 4504 vero
895 4449 1338 4505 fabricandarum
1374 4450 1597 4504 navium
1624 4459 1797 4506 artem
1821 4469 1916 4511 ex-

2101 4453 2252 4508 ΟΡΘ.
2298 4453 2362 4506 Εἰ
2417 4451 2476 4506 δὲ
2544 4452 2890 4524 ναυπηγικὴν
2958 4449 3326 4524 μετεχείριζες
3390 4449 3604 4521 τέχνην,

336 4557 579 4608 erceres,
626 4552 682 4598 et
707 4542 911 4597 malum
960 4542 1180 4597 videres
1230 4543 1381 4597 reﬁci
1413 4552 1692 4612 oportere,
1719 4545 1921 4601 liuicnc

2050 4545 2237 4598 ,Oeo'iooi
2261 4543 2317 4597 δὲ
2341 4542 2440 4613 τὴν
2459 4542 2739 4615 ίστοδόκην
2765 4543 3053 4615 νεουργίας
3068 4543 3351 4614 δεομένην,
3380 4541 3477 4612 τήν
3498 4542 3607 4602 τοῖς

335 4648 560 4704 operam
578 4633 732 4688 clavo
760 4643 1154 4704 congruentem
1182 4635 1552 4706 impenderes,
1569 4651 1636 4691 an
1653 4653 1775 4693 eam
1805 4654 1926 4708 qua:

2050 4636 2309 4706 πιδαλίοις
2338 4635 2706 4705 διαφέρουσαν
2749 4636 3066 4707 ἐπιμέλειαν
3113 4637 3495 4706 προσήνεγκας
3541 4632 3608 4687 ἂν

336 4722 481 4775 malo
520 4721 778 4776 convenit
797 4721 822 4775 ?

409 4813 614 4868 ERAN.
651 4814 791 4870 Sunt
822 4823 877 4871 et
903 4816 1006 4871 ista
1032 4825 1184 4871 extra
1217 4819 1670 4874 controversiam.
1699 4819 1922 4891 Singula

2023 4727 2185 4796 αὐτῇ,
2223 4727 2256 4797 ἢ
2289 4725 2387 4796 τήν
2420 4729 2486 4796 τῇ
2525 4725 2773 4798 ἱστοδόκῃ
2805 4727 3216 4796 προσήκουσᾳν;

2095 4815 2302 4869 ΕΡΑΝ.
2351 4813 2758 4886 Ἀναμφίλεκτα
2797 4816 2891 4869 καὶ
2920 4816 3072 4869 ταῦτ’
3121 4815 3288 4869 ἔστιν.
3337 4816 3608 4869 Ἔκαστον

336 4903 486 4958 enim
531 4905 875 4963 curationem
936 4923 1091 4962 suam
1137 4908 1472 4973 desiderant,
1519 4917 1575 4964 et
1621 4911 1842 4979 plantae,
1869 4919 1924 4966 et

2050 4907 2129 4979 ’ἀρ
2158 4906 2255 4978 τὴν
2279 4907 2487 4960 οἰκείαν
2522 4907 2817 4979 θεραπείαν
2843 4908 3112 4978 ἐπιζητεῖ,
3161 4909 3255 4962 καὶ
3289 4908 3475 4976 φυτὸν,
3513 4907 3608 4962 καὶ

335 4995 586 5064 corporis
621 4997 889 5063 membra,
937 5008 993 5054 et
1037 5003 1424 5063 instrumenta,
1456 5009 1512 5055 et
1543 5012 1724 5069 partes
1746 5002 1920 5057 navis.

407 5081 620 5138 ORTH.
651 5085 939 5150 Quomodo
963 5104 1095 5159 ergo
1118 5089 1416 5142 absurdum
1443 5105 1553 5143 non
1582 5091 1672 5152 sit,
1704 5094 1926 5162 corpori

336 5173 582 5245 quidem.
622 5184 679 5230 et
721 5175 888 5232 rebus
937 5179 1276 5243 inanimatis,
1321 5180 1714 5237 convenientes
1767 5200 1923 5238 cura-

336 5267 818 5336 tionesadhibere,
846 5270 898 5324 in
947 5271 1235 5327 animabus
1286 5286 1419 5325 vero
1452 5272 1593 5329 lianc
1640 5275 1924 5334 medicina:

336 5356 580 5428 regulam
609 5375 718 5413 non
754 5364 1013 5417 scrvare?

407 5448 662 5503 ERANT.
712 5449 948 5506 Omnino
993 5455 1410 5526 iiijustissimum
1449 5465 1554 5519 est,
1594 5473 1695 5512 nec
1741 5458 1917 5514 solum

336 5541 637 5610 injustitiae,
673 5541 768 5597 sed
812 5544 976 5598 etiam
1014 5547 1266 5600 amentiae
1289 5548 1309 5566 ‘
1340 5547 1583 5615 plenum.
1627 5549 1730 5616 Qui
1771 5551 1916 5607 enim

334 5633 494 5691 aliter
512 5631 743 5700 faciunt,
776 5634 1002 5690 medica;
1029 5638 1160 5691 artis
1187 5647 1315 5692 sunt
1346 5639 1605 5709 imperiti.

408 5752 523 5824 (18),
559 5753 674 5826 θερ.
711 5754 812 5810 Ed.
851 5755 1007 5810 Rom.
1035 5765 1088 5809 et
1117 5756 1266 5831 Lips.
1303 5757 1591 5828 ἰατρεύειν.

2026 5000 2277 5068 σώματος
2308 4998 2515 5070 μόριον,
2541 5001 2633 5053 καὶ
2665 5000 2855 5072 σκεύη,
2885 5001 2976 5054 καὶ
3013 5000 3156 5073 μέρη
3187 5001 3331 5070 νηός.

2095 5091 2246 5145 ΟΡΘ.
2284 5090 2412 5155 Πῶς
2439 5087 2532 5144 οὖν
2561 5093 2620 5145 ού
2669 5092 2936 5162 σχέτλιον,
2983 5092 3195 5162 σώματι
3239 5093 3336 5162 μὲν
3372 5092 3467 5146 καὶ
3496 5093 3606 5153 τοῖς

2023 5182 2253 5254 ἀψύχοις
2296 5183 2670 5254 καταλλήλους
2705 5185 3006 5256 θεραπείας
3043 5186 3396 5256 προσφέρειν,
3433 5184 3525 5238 ἐπὶ
3548 5183 3604 5236 δὲ

2023 5275 2130 5329 τῶν
2167 5275 2354 5347 ψυχῶν
2387 5275 2476 5328 τὸν
2525 5276 2918 5346 θεραπευτικὸν
2973 5276 3179 5330 τούτων
3232 5275 3345 5346 (l9)
3385 5274 3458 5346 μὴ
3503 5290 3605 5344 φυ-

2024 5366 2240 5422 λάττειν
2273 5371 2474 5422 κανόνα
2488 5386 2500 5398 °

2094 5461 2298 5514 EPAN.
2357 5461 2493 5514 Δίαν
2539 5460 2688 5512 ἐστὶν
2754 5458 3120 5524 ἀδικώτατον,
3176 5461 3269 5513 καὶ
3321 5459 3384 5513 ού
3443 5457 3602 5529 μόνον

2021 5551 2259 5619 ἀδικίας,
2302 5551 2438 5604 ἀλλὰ
2484 5552 2578 5604 καὶ
2622 5552 2809 5615 ἀνοίας
2863 5552 3078 5621 μεστόν.
3144 5555 3208 5606 Oi
3261 5552 3370 5624 γάρ
3426 5549 3602 5613 ἄλλως

2023 5643 2324 5708 ποιοῦντες,
2359 5643 2528 5711 αὐτῆς
2551 5645 2656 5695 εἱσι
2681 5645 2781 5714 τῆς
2804 5643 3102 5714 θεραπείας
3141 5647 3598 5716 ἀνεπιστήμονες.

2737 5763 2938 5816 τοῦτον.

2097 5763 2206 5830 (19)
2234 5764 2472 5831 Utraque
2505 5761 2696 5828 editio,

3511 323 3611 391 no
3720 296 3722 300 ’
