4006 6202
362 285 464 350 ιη

1422 297 1804 362 DIALOGUS
1842 302 1926 362 ll.
1965 328 2038 338 —
2075 305 2600 393 INCQNFUSUS..

3539 321 3642 390 118

432 397 583 452 0P8.
614 396 830 452 οὐκοῦν
864 400 1003 471 πρὸς
1029 402 1246 475 αἵρεσιν
1276 405 1515 480 ἑκάστην
1544 409 1919 483 διαλεγόμενοι

2120 417 2327 473 ERAN.
2355 420 2491 475 Cum
2513 436 2842 491 unaquaque
2865 421 3033 495 igitur
3058 422 3252 479 haeresi
3273 425 3639 501 disputantes,

357 488 533 561 ταύτῃ
559 490 873 562 πρόσφορον
899 494 1268 568 προσοίσομεν
1281 492 1585 571 ’φάρμακον
1604 519 1620 567 ;

425 578 635 634 ΕΡΔΝ.
672 579 914 649 Πάνυγε.

424 667 582 725 ΟΡΘ.
613 669 939 743 Πρόσφορος
963 672 1033 728 δὲ
1053 673 1343 746 Θεραπεία,
1365 677 1427 732 τὸ
1456 679 1807 752 προστιθέναι
1840 686 1940 755 μὲν

351 759 413 813 τὸ
440 759 711 823 ἐλλεῖπον,
742 759 997 833 ἀφαιρεῖν
1022 762 1079 817 δὲ
1108 764 1168 819 τὸ
1202 765 1534 836 πλεονάζον;

422 849 783 914 ΕΡΑΝ.χΝαί.
1886 908 1891 913 .

413 940 571 995 ΟΡΘ.
598 940 868 995 Φωτεινὸν
896 942 1098 1008 τοίνυν,
1149 946 1244 999 καὶ
1278 947 1623 1021 Μάρκελλον,
1669 950 1763 1005 καὶ
1812 952 1938 1016 τοὺς

347 1030 583 1089 ἐκείνων
629 1030 964 1105 άγχιθύρους
1003 1035 1330 1108 θεραπεύειν
1374 1041 1728 1115 πειρώμενοι,
1756 1043 1829 1097 υτί
1872 1043 1938 1098 ἂν

352 1122 688 1195 προσθέντες
714 1124 805 1179 τὸν
846 1125 1249 1197 θεραπευτικὸν
1279 1133 1482 1188 κανόνα
1510 1134 1903 1208 πληρώσαιμεν
1921 1153 1951 1203 ;,

420 1211 630 1265 ΕΡΔΝ.
665 1211 780 1283 Τῆς
807 1214 903 1268 τοῦ
934 1211 1174 1288 Χριστοῦ
1198 1218 1448 1292 θεότητος
1480 1222 1583 1296 τὴν
1610 1224 1901 1295 ὁμολογίαν
1919 1240 1932 1256 ⁸

349 1303 490 1375 αὕτη
521 1302 634 1374 γάρ
655 1305 840 1370 αὐτοῖς
860 1306 1120 1365 ἐλλείπει.

419 1395 579 1450 οΡΘο
621 1395 842 1471 Περὶδέ
872 1413 936 1467 γε
981 1398 1084 1470 τῆς
1127 1400 1551 1475 ἀνθρωπότητος
1591 1406 1745 1463 οὐδὲν
1798 1407 1935 1479 πρὸς

349 1486 554 1551 αὐτοὺς
606 1487 863 1559 ἐροῦμεν.
933 1489 1290 1562 Ὀμολογοῦσι
1341 1494 1450 1566 γὰρ
1499 1496 1785 1570 ἄνθρωπον
1845 1499 1935 1552 τὸν

348 1578 631 1650 Δεσπότην
665 1580 922 1650 Χριστόν.

412 1672 624 1727 ΕΡᾹΝ.
683 1672 889 1743 Ὀρθῶς
907 1674 1107 1744 λέγεις.

2054 524 2368 580 congruens
2397 512 2527 568 huic
2555 513 2864 569 remedium
2893 514 3228 573 aﬂ‘eremus?

2122 599 2334 657 ERAN.
2358 600 2615 657 Omnino.

2117 688 2328 746 ORTH.
2368 691 2452 747 An
2514 710 2829 766 congruens
2875 706 2960 752 est
2998 699 3293 765 medicina.
3334 704 3541 780 partim
3584 706 3636 761 id

2046 781 2251 839 addere
2275 785 2423 855 quod
2455 785 2634 854 deest,
2666 789 2868 860 partim
2899 791 3095 847 tollere
3140 793 3287 864 quod
3323 795 3641 852 redundat?

2118 875 2326 931 ERAN.
2363 876 2527 934 Sane.

2115 965 2325 1023 ORTH.
2355 970 2653 1025 Pbotinum
2681 987 2837 1043 ergo,
2862 981 2918 1028 et
2953 973 3290 1037 Marcellum,
3330 992 3636 1047 eorumque

2044 1057 2231 1116 amnes
2257 1075 2450 1117 sanare
2473 1062 2518 1116 si
2536 1077 2823 1129 conemur,
2845 1065 2979 1134 quid
3005 1065 3261 1121 addendo
3292 1067 3634 1123 medicorum

2043 1150 2244 1221 regula
2271 1150 2820 1222 obtemperabimus?

2112 1242 2222 1311 82
2249 1242 2455 1298 ERAN.
2481 1245 2799 1302 Divinitatis
2814 1245 3021 1303 Christi
3048 1245 3449 1305 confessionem
3477 1266 3490 1303 :
3518 1248 3634 1305 haac
3726 1246 3727 1249 “

2042 1334 2191 1389 enim
2223 1333 2358 1403 ipsis
2390 1334 2564 1391 deest.

2116 1423 2324 1479 ORTH.
2364 1425 2442 1481 De
2475 1426 2819 1485 humanitate
2845 1443 2977 1483 vero
3032 1428 3171 1484 nihil
3205 1429 3288 1483 eis
3340 1428 3626 1496 dicemus;

2042 1513 2284 1573 fatentur
2308 1516 2457 1572 enim
2483 1516 2765 1574 Christum
2818 1520 3116 1575 Dominum
3163 1536 3285 1576 esse
3321 1520 3625 1577 hominem.

2111 1692 2320 1750 ERAN.
2350 1695 2519 1751 Recte
2546 1695 2706 1751 dicis.

419 1763 575 1819 0P9.
631 1765 827 1837 ’Δρείῳ
874 1766 932 1820 δὲ
961 1767 1059 1822 καὶ
1107 1768 1358 1842 Εὐνομῖῳ
1398 1771 1527 1844 περὶ
1564 1773 1661 1844 τῆς
1691 1774 1785 1830 τοῦ
1824 1777 1919 1831 Μο·

2104 1783 2314 1840 ORTH.
2347 1785 2484 1843 Cum
2506 1787 2638 1843 Ario
2661 1803 2797 1844 vero
2825 1798 2884 1845 et
2910 1788 3183 1844 Eunomio
3230 1789 3299 1845 de
3343 1790 3621 1862 Unigeniti

346 1855 617 1924 νεογενοῦς,
641 1858 1110 1931 ὲνανθρωπήσεως
1141 1860 1535 1934 διαλεγόμενοι,
1570 1865 1624 1922 τί
1672 1867 1739 1921 ἂν
1763 1886 1932 1941 προσ-

352 1951 531 2006 θεῖναι
560 1949 851 2022 πείσαιμεν
888 1952 1086 2016 αὐτοὺς
1114 1956 1178 2025 τῇ
1210 1955 1450 2027 σφετέρᾳ
1490 1957 1788 2032 ὁμολογίᾳῖ

425 2041 627 2095 ΕΡΔΝ.
654 2041 765 2113 Τῆς
801 2042 982 2113 ψυχῆς
1026 2042 1125 2115 τὴν
1150 2045 1423 2117 ἀνάληψιν
1445 2062 1461 2080 ·
1505 2048 1664 2121 σῶμα
1693 2051 1803 2123 γὰρ
1839 2053 1931 2109 τὸν

345 2132 487 2187 Θεὸν
502 2135 675 2202 Λόγον
702 2136 862 2206 μόνον
883 2135 1238 2206 ἀνειληφέναι
1269 2139 1454 2208 φασίν.

413 2223 566 2277 ΟΡΘ.
627 2224 987 2296 Ἀπολιναρίῳ
1037 2226 1097 2278 δὲ
1154 2227 1206 2281 τί
1254 2229 1517 2296 ἐλλείπει,
1568 2232 1709 2288 ὥστε
1764 2233 1928 2289 αὐτὸν

340 2313 609 2386 ἀκριϐοῦν
642 2315 735 2369 τὸν
764 2316 894 2387 περὶ
921 2320 1019 2389 τῆς
1046 2319 1515 2392 ἐνανθρωπήσεως
1541 2323 1698 2393 λόγον
1720 2341 1735 2392 ;

412 2406 621 2461 EPAN.
663 2406 738 2460 Τὸ
779 2406 855 2478 μὴ
875 2407 1143 2464 διιστάναι
1186 2411 1279 2465 τὸν
1302 2411 1428 2467 νοῦν
1456 2414 1564 2469 ἀπὸ
1590 2416 1688 2485 τῆς
1723 2417 1921 2487 ψυχῆς.

337 2495 461 2549 ἀλλ’
489 2495 775 2566 ὁμολογεῖν
799 2498 898 2571 τὴν
928 2499 1152 2573 λογικὴν
1175 2501 1354 2575 ψυχὴν
1385 2507 1526 2576 μετὰ
1548 2505 1641 2561 τοῦ
1676 2507 1924 2579 σώματος

337 2585 666 2656 ἀνειλῆφθαι

409 2677 564 2731 ΟΡΘ.
592 2678 803 2734 Οὐκοῦν
833 2682 928 2736 καὶ
953 2683 1126 2755 τούτῳ
1155 2684 1268 2756 (20)
1305 2685 1434 2757 περὶ
1466 2685 1654 2745 τούτου
1682 2687 1927 2755 διαλεξῶ

337 2767 485 2837 μεθα
507 2769 660 2838 (2ης

408 2859 615 2917 ΕΡΔΝ.
650 2863 890 2935 Πάνυγε.

406 2952 563 3007 ΟΡΘ.
602 2954 909 3026 Μαρκίωνα
926 2958 1006 3025 δὲ,
1030 2960 1128 3014 καὶ
1162 2960 1498 3028 Βαλεντῖνον,
1541 2966 1634 3018 καὶ
1663 2965 1920 3037 Μάνητα,

335 3045 432 3099 καὶ
459 3045 576 3099 ὅσοι
611 3049 983 3115 γειτονεύουσι
1004 3052 1240 3119 τούτοις,
1272 3053 1326 3108 τί
1358 3054 1457 3126 μὲν
1491 3056 1701 3129 ἔφαμεν
1727 3059 1919 3130 ὁμολο-

332 3139 456 3205 γεῖν
486 3139 627 3193 κατὰ
661 3141 781 3194 τόδε
808 3142 871 3198 τὸ
895 3144 1083 3217 μέρος,
1117 3146 1172 3200 τί
1195 3147 1254 3201 δὲ
1282 3147 1515 3218 πάμπαν
1538 3150 1849 3220 ἀρνεῖσθαι;

403 3229 612 3292 ΕΡΔΝ.
633 3233 759 3288 Ὅτι
786 3237 1067 3293 πιστεύειν
1098 3238 1199 3309 μὲν
1222 3239 1432 3310 ἔφασαν
1456 3243 1538 3306 είς
1559 3242 1657 3314 τὴν
1687 3242 1923 3314 θεότητα

332 3320 427 3375 τοῦ
480 3323 756 3394 Χριστοῦο
801 3326 897 3381 τὸν
959 3329 1017 3383 δὲ
1075 3332 1205 3404 περὶ
1249 3333 1349 3405 τῆς
1392 3333 1811 3407 ἁνθρωπότητος
1859 3338 1920 3390 οὐ

331 3413 661 3484 προσίενται
690 3416 895 3486 λόγονιη

397 3505 559 3561 οΡΘ.
633 3508 928 3582 Τοιγάρτοι
992 3515 1179 3568 πεῖσαι
1232 3515 1455 3579 τούτους
1513 3516 1916 3589 σπουδάσομεν,

325 3594 559 3666 στέρξαι
589 3598 686 3652 καὶ
730 3598 824 3653 τὸν
867 3602 996 3672 περὶ
1026 3601 1127 3673 τῆς
1169 3603 1588 3675 ἀνθρωπὸτητος
1613 3604 1793 3676 λόγον,
1826 3610 1920 3664 καὶ

326 3687 409 3760 μὴ
438 3689 746 3758 φαντασίαν
771 3692 1051 3764 τὴν-θείαν
1073 3696 1388 3766 οἰκονομίαν
1417 3696 1624 3754 καλεῖν.

400 3862 613 3922 ΕΡΔΝ.
649 3874 809 3923 Ούτω
848 3876 1339 3944 προσήκειποιεῖν.

399 3960 558 4014 υΡΘ.
612 3961 882 4034 Ἐροῦμεν
915 3964 1096 4019 τοίνυν
1141 3967 1346 4033 αὐτοῖς,
1395 3968 1472 4031 ὡς
1518 3969 1579 4021 οὐ
1610 3969 1716 4040 χρὴ
1759 3969 1916 4039 μόνον

322 4050 488 4115 Θεὸν,
525 4051 668 4106 ἀλλὰ
696 4053 789 4106 καὶ
816 4053 1105 4127 ἄνθρωπον
1138 4057 1437 4114 ἀποκαλεῖν
1467 4059 1557 4114 τὸν
1588 4059 1841 4131 Χριστόν.

396 4143 610 4198 EPAN.
655 4144 897 4214 Πάνυγε.

395 4235 560 4288 ΟΡΘ.
605 4236 716 4290 Καὶ
752 4237 873 4301 πῶς
917 4232 1031 4293 οἷόν
1067 4257 1127 4293 τε
1159 4241 1631 4313 παραιτουμένους
1665 4242 1813 4313 ἡμᾶς
1856 4241 1915 4295 τὸ

2032 1872 2411 1930 incarnatione
2464 1876 2820 1943 disserentes,
2856 1879 2991 1949 quid
3043 1879 3126 1936 eis
3169 1881 3523 1938 suadebimus
3563 1892 3624 1938 ut

2030 1964 2362 2021 confessioni
2388 1983 2501 2023 suae
2531 1968 2795 2039 adjiciant
2820 1969 2844 2024 ?

2100 2057 2308 2113 EBAN.
2327 2057 2539 2115 Animas
2565 2062 3023 2131 assumptionem.
3043 2063 3232 2119 Solum
3247 2066 3395 2122 enim
3423 2082 3622 2137 corpus

2027 2163 2056 2202 a
2086 2150 2199 2204 Deo
2229 2150 2413 2207 Verbo
2446 2163 2791 2223 assumptum
2812 2169 2934 2210 esse
2973 2154 3189 2212 dicunt.

2094 2239 2303 2296 ORTH.
2341 2241 2663 2312 Apolinario
2706 2260 2839 2300 vero
2896 2246 3029 2316 quid
3082 2247 3270 2321 deest,
3322 2253 3619 2319 quominus

2026 2330 2267 2400 perfecta
2293 2332 2365 2386 sit
2399 2333 2576 2404 ipsius
2604 2333 2674 2390 de
2704 2335 3086 2394 incarnatione
3119 2342 3436 2396 sententia?

2093 2424 2302 2479 ERAN.
2326 2425 2446 2480 Non
2479 2441 2735 2496 separare
2759 2438 2998 2485 mentem
3028 2430 3098 2485 ab
3115 2431 3321 2497 anima,
3354 2434 3451 2489 sed
3482 2451 3616 2491 con-

1994 2517 2169 2571 .ﬁteri
2191 2518 2513 2575 rationalem
2536 2521 2775 2577 animam
2806 2538 2914 2577 una
2942 2538 3068 2578 cum
3095 2540 3329 2594 corpore
3389 2543 3610 2584 assum-

2019 2614 2171 2676 ptam
2203 2623 2344 2663 esse.

2083 2698 2291 2754 OltTll.
2320 2700 2397 2756 De
2430 2701 2537 2757 hoc
2559 2701 2725 2773 igitur
2747 2718 2874 2759 cum
2890 2719 2961 2760 eo
2989 2705 3373 2765 disseremus?

2093 2881 2300 2937 ERAN.
2329 2884 2587 2943 Omnino.

2091 2972 2301 3029 ORTll.
2337 2975 2666 3034 Marcioneni
2688 2994 2841 3045 vero,
2865 2990 2923 3037 et
2942 2981 3315 3051 Valentinum,
3351 2995 3407 3042 et
3429 2988 3611 3047 Mane-

2025 3072 2155 3130 tem,
2179 3074 2237 3120 et
2262 3066 2354 3136 qui
2388 3067 2458 3123 ad
2502 3083 2600 3124 eos
2626 3070 2922 3137 accedunt,
2958 3072 3090 3142 quid
3123 3074 3373 3132 conﬁteri
3405 3077 3508 3134 hac
3550 3080 3607 3136 in

1948 3131 1991 3190 ο
2025 3163 2177 3225 parte
2206 3131 2464 3223 dirimus,
2491 3159 2624 3229 quid
2646 3176 2876 3230 prorsus
2904 3131 3141 3234 negare?

2097 3246 2301 3302 ERA‘N.
2351 3248 2507 3316 Quod
2554 3251 2613 3306 in
2645 3251 2990 3309 divinitatem
3040 3255 3245 3312 Christi
3295 3274 3352 3314 se
3383 3259 3610 3317 credere

2024 3339 2232 3405 dicant,
2265 3341 2660 3399 humanitatem
2693 3360 2828 3400 vero
2862 3346 3015 3402 illius
3036 3363 3145 3403 non
3167 3349 3475 3407 admittant.

2085 3515 2296 3573 ORTH.
2320 3518 2434 3574 lllis
2475 3535 2609 3591 ergo
2632 3525 2969 3590 persuadere
3016 3523 3385 3588 studebimus,
3416 3533 3476 3580 ut
3502 3524 3608 3579 hu-

2021 3609 2301 3663 manitatis
2362 3625 2582 3680 quoque
2648 3612 2983 3667 mentionem
3045 3614 3494 3683 amplectantur,
3550 3623 3608 3671 et

2020 3715 2090 3755 ne
2156 3698 2499 3768 phantasiam
2552 3701 2833 3769 appellent
2895 3702 3136 3758 divinam
3227 3705 3604 3775 dispensatio-

2020 3805 2168 3846 nem.

2088 3881 2295 3938 EItAN.
2336 3881 2427 3937 Sic
2450 3880 2629 3937 facere
2673 3884 2954 3939 convenit.

2081 3972 2288 4030 ORTII.
2318 3974 2410 4029 Eis
2434 3990 2563 4044 ergo
2587 3976 2854 4040 dicemus,
2882 3977 3028 4046 quod
3058 3976 3312 4033 Christus
3351 3992 3460 4033 non
3489 3987 3600 4034 tau—

2021 4075 2133 4121 tum
2164 4066 2329 4129 Deus,
2356 4066 2453 4120 sed
2480 4066 2648 4121 etiam
2672 4067 2851 4124 homo
2874 4068 3234 4139 appellandus
3267 4070 3357 4126 sit.

2085 4159 2293 4213 ERAN.
2326 4156 2585 4213 Omnino.
2889 4159 2897 4167 ’

2083 4250 2192 4320 83
2219 4249 2429 4305 ORTH.
2457 4249 2784 4317 Qua-autem
2811 4250 3022 4306 ratione
3046 4250 3163 4306 ﬁeri
3192 4258 3394 4320 potest,
3421 4260 3477 4309 ut
3504 4268 3602 4307 nos

327 4327 423 4379 at
457 4326 750 4398 ἄνθρωπον
788 4330 1091 4385 ἀποκαλεῖν
1118 4332 1210 4386 τὸν
1240 4332 1496 4405 Χριστὸν,
1541 4332 1725 4394 ἄλλοις
1757 4331 1915 4386 τοῦτο

2069 4341 2110 4396 ii
2152 4341 2432 4397 Christum
2487 4343 2763 4398 hominem
2815 4342 3092 4412 appellare
3146 4344 3462 4409 abnuimus,
3499 4345 3602 4399 hoc

327 4420 698 4488 παρεγγυᾷν;
730 4421 792 4473 οὐ
832 4420 942 4493 γὰρ
972 4422 1175 4488 εἴξουσι
1201 4423 1561 4496 παραινοῦσιν
1591 4424 1743 4495 ἡμῖν,
1776 4422 1913 4478 ἀλλὰ

2072 4433 2140 4488 iis
2168 4433 2597 4505 prmeipiamus?
2637 4434 2824 4505 Neque
2876 4434 3025 4489 enim
3080 4435 3427 4491 suasionibus
3456 4437 3470 4456 '
3498 4451 3598 4490 nos

321 4508 505 4562 ταῦτὰ
535 4511 869 4581 φρονοῦντας
891 4513 1193 4582 ὲλέγξουσι.

395 4602 606 4657 ΕΡΔΝ.
638 4603 752 4658 Καὶ
788 4604 905 4668 πῶς
931 4608 1094 4676 ἡμεῖς
1137 4609 1206 4660 τά
1244 4608 1385 4663 αὐτὰ
1427 4609 1734 4680 φρονοῦμεν
1769 4612 1921 4665 ὲκεί-

2014 4523 2146 4579 stris
2192 4523 2412 4589 cedent,
2439 4524 2535 4580 sed
2566 4540 2665 4579 nos
2692 4524 2765 4579 ita
2790 4525 3093 4580 sentientes
3119 4525 3456 4581 refutabunt.

2084 4613 2289 4670 ERAN.
2313 4615 2380 4670 Et
2400 4616 2677 4686 quomodo
2703 4631 2815 4670 nos.
2835 4615 2980 4670 idem
3008 4632 3133 4670 cum
3179 4617 3286 4671 illis
3306 4616 3593 4680 sentimus,

322 4711 478 4758 νοις,
527 4697 624 4750 καὶ
665 4696 844 4766 σάρκα
906 4698 1295 4767 ὁμολογοῦντες
1337 4701 1431 4756 καὶ
1474 4700 1653 4774 ψυχὴν
1688 4700 1913 4772 λογικὴν

2071 4704 2104 4759 ti
2156 4714 2211 4761 et
2238 4721 2458 4761 carnem
2502 4713 2559 4761 et
2589 4706 2829 4760 animam
2872 4707 3196 4762 rationalem
3234 4705 3595 4777 assumpsisse

326 4785 681 4857 ἀνειληφέναι
711 4788 802 4843 τὸν
840 4789 971 4843 Θεὸν
998 4789 1207 4859 Λόγον;

403 4878 551 4932 0P6.
606 4880 671 4933 Ei
712 4879 896 4935 τοίνυν
946 4879 1015 4935 τὰ
1069 4881 1373 4954 πράγματα
1417 4881 1808 4955 ὁμολογοῦμεν,
1857 4899 1911 4936 τι

329 4966 531 5036 δήποτε
565 4970 844 5040 φεύγομεν
870 4970 939 5025 τὰ
965 4973 1241 5044 ὀνόματα;

405 5054 606 5114 ΕΡΔΝ.
657 5060 790 5116 Ἀπὸ
837 5061 948 5115 τῶν
988 5063 1338 5135 τιμιωτέρων
1384 5064 1490 5136 χρὴ
1534 5066 1625 5119 τὸν
1676 5066 1912 5139 Χριστὸν

334 5146 542 5204 καλεῖν.

408 5239 553 5296 ΟΡθ.
593 5242 837 5309 Φύλαξον
860 5248 1157 5317 τοιγαροῦν
1190 5246 1284 5299 τὸν
1311 5247 1532 5314 κανόνα,
1571 5248 1664 5301 καὶ
1707 5248 1782 5320 μὴ
1809 5265 1908 5301 κα-

335 5326 496 5402 λέοῃς
517 5333 957 5406 ἐσταυρωμένον,
991 5338 1126 5410 μηδὲ
1164 5340 1231 5393 ὲκ
1264 5339 1474 5410 νεκρῶν
1517 5342 1901 5414 ἐγηγερμένον,

334 5419 435 5473 καὶ
459 5423 554 5476 ὅσα
582 5424 800 5490 τούτοις
837 5427 956 5479 ἐστὶ
982 5429 1361 5500 παραπλήσια.

2012 4794 2183 4850 Deum
2209 4794 2450 4850 Verbum
2477 4794 2845 4849 conﬁtemur?

2081 4884 2289 4943 ORTH.
2319 4885 2375 4941 Si
2402 4885 2566 4957 igitur
2588 4901 2676 4942 res
2696 4886 3043 4951 confitemur,
3071 4902 3170 4943 cur
3196 4887 3419 4941 nomina
3450 4886 3591 4957 fugi-

2009 4978 2175 5033 mus?

2079 5066 2285 5122 ERAN.
2346 5069 2389 5122 A
2437 5067 2913 5139 praestantioribus
2981 5067 3263 5124 Christum
3314 5069 3593 5139 appellare

2009 5158 2285 5213 convenit.
2302 5214 2306 5218 _

2078 5247 2287 5302 Oli'l‘ll.
2318 5248 2486 5302 Serva
2531 5247 2697 5320 igitur
2720 5248 2863 5303 hanc
2888 5247 3150 5318 regulam,
3189 5256 3246 5303 et
3293 5264 3361 5303 ne
3408 5247 3590 5303 cruci-

2014 5339 2182 5394 ﬁxum
2229 5340 2489 5409 appelles,
2532 5355 2711 5409 neque
2736 5355 2779 5393 a.
2805 5340 2998 5395 mortis
3039 5340 3356 5404 excitatum,
3390 5347 3443 5394 et
3468 5352 3589 5409 qum

2013 5438 2142 5487 sunt
2164 5429 2497 5500 hujusmodi.

413 5597 514 5669 (20)
538 5602 734 5672 τούτῳ.
769 5602 844 5656 Ita
869 5602 1158 5672 legendum
1187 5618 1310 5659 esse
1347 5611 1499 5675 puto.
1528 5605 1805 5664 Sirmondi
1830 5606 1993 5664 lectio
2026 5604 2182 5659 τοῦτο
2215 5602 2489 5659 consentit
2514 5601 2941 5661 cum.ed.tRom.
2981 5617 3035 5662 ct
3060 5607 3212 5678 Lips.

416 5693 517 5765 ιιι)
557 5693 695 5749 διαὶ.
730 5694 974 5764 Utraque
1001 5695 1192 5757 editio,
1226 5694 1615 5769 διαλεξώμεθα.
