4006 6202
393 293 491 357 ll‘.)

1387 290 1871 352 TIIEODORETI
1912 289 2244 347 EPISCOPI
2286 283 2643 345 CYRENSIS

3533 268 3633 332 1‘20

468 404 673 459 ERAN.
706 404 812 459 Sed
842 406 954 459 lucc
987 414 1114 460 sunt
1149 403 1472 459 salutarium
1516 402 1831 475 passionum
1863 418 1966 456 no-

2139 400 2341 455 ιιΡΑΝ.
2379 396 2540 450 Ἀλλά
2588 393 2759 447 ταῦτα
2824 391 2932 444 τῶν
2986 386 3326 469 παθημάτων
3368 384 3482 438 ἐστὶ
3528 388 3634 439 τῶν

388 497 535 551 mina
562 514 575 550 :
607 496 891 566 passiones
915 506 1098 553 autem
1122 512 1344 568 negare.
1376 497 1606 552 salutem
1635 505 1761 551 este
1784 494 1965 549 medio

389 590 603 643 tollere.

454 677 663 731 ORTH.
694 677 901 731 Nomen
942 679 1094 730 homo
1142 686 1352 731 naturae
1404 690 1605 729 nomen
1652 684 1756 738 est,
1782 673 1968 728 ethoc

388 768 621 823 reticere
652 768 794 823 idem
829 778 913 823 est
943 784 1007 823 ae
1039 777 1289 822 naturam
1322 782 1520 836 negare
1550 783 1563 819 :
1588 776 1839 835 naturam
1867 780 1965 818 au-

390 867 498 912 tem
525 859 617 928 qui
647 867 826 929 negat,
859 859 1141 929 passiones
1167 872 1197 912 e
1220 857 1402 913 medio
1426 856 1582 923 tollit,
1606 856 1807 931 quibus
1834 854 1967 910 sub-

388 950 514 1006 latis
543 951 699 1004 irrita
725 950 784 1003 lit
822 950 991 1005 salus.

460 1043 667 1097 ERAN.
700 1040 853 1097 Scire
896 1042 1120 1112 quidem
1150 1040 1502 1109 ‘assumptam
1541 1052 1661 1093 esse
1692 1043 1965 1099 naturam,

390 1134 765 1192 necessarium
810 1150 931 1189 esse
968 1134 1131 1188 duco.
1174 1132 1462 1187 Hominem
1504 1144 1637 1185 vero
1694 1128 1968 1198 appellare

390 1229 544 1283 orbis
570 1237 840 1281 terrarum
867 1226 1242 1289 Servatorem,
1271 1224 1418 1279 idem
1457 1230 1542 1278 est
1575 1236 1738 1292 quam
1773 1219 1841 1274 de
1866 1219 1971 1273 Do-

392 1321 525 1375 mini
552 1320 723 1388 gloria
751 1319 959 1388 aliquid
982 1318 1295 1373 detrahere.

462 1408 671 1464 ORTll.
726 1408 801 1461 Te
848 1407 1015 1476 igitur
1052 1415 1109 1461 et
1141 1406 1304 1461 Petro
1333 1413 1388 1459 et
1421 1403 1608 1467 Paulo,
1656 1409 1817 1471 atque
1852 1400 1970 1469 ipso

394 1499 683 1554 Servatore
702 1498 824 1568 plus
842 1514 1030 1567 sapere
1058 1496 1361 1551 existimas?
1384 1495 1518 1550 Nam
1544 1492 1809 1548 Dominus
1835 1490 1972 1544 dixit

390 1588 595 1643 Judmis
623 1604 636 1640 :
669 1605 686 1637 ι
720 1586 860 1653 Quid
906 1602 989 1639 me
1016 1584 1260 1654 quaeritis
1295 1582 1635 1652 interﬁcere,
1666 1579 1968 1641 hominem,

2070 489 2351 559 σωτηρίων
2398 486 2638 555 ὀνόματα
2660 496 2673 510 ·
2717 482 2751 552 ὴ
2793 481 2850 534 δὲ
2875 479 2982 533 τῶν
3016 478 3353 548 παθημάτων
3384 474 3630 546 ἄρνησις,

2068 583 2167 651 τῆς
2195 578 2469 650 σωτηρίας
2508 572 2811 645 ἀναίρεσις.

2140 672 2291 726 ΟΡΘ.
2327 671 2400 723 Τὸ
2412 670 2466 723 δὲ
2490 669 2802 738 ἄνθρωπος
2827 666 2999 734 ὄνομα
3023 662 3235 732 φύσεως
3265 658 3436 727 ὄνομά
3454 658 3600 708 ἐστιν
3618 674 3631 686 ·

2068 767 2101 835 ἡ
2130 765 2184 817 δὲ
2201 765 2392 816 τούτου
2423 762 2625 830 σιωπὴ,
2650 759 2864 829 φύσεως
2888 756 3116 825 ἄρνησις
3135 771 3150 787 ο
3176 754 3209 822 ἡ
3235 750 3289 804 δὲ
3306 750 3402 820 τῆς
3425 748 3635 817 φύσεως

2070 857 2318 926 ἄρνησις,
2358 854 2467 906 τῶν
2504 850 2847 921 παθημάτων
2868 846 3145 916 ἀναίρεσις
3164 861 3177 874 ·
3208 845 3241 913 ὴ
3266 841 3321 894 δέ
3348 857 3411 908 γε
3432 837 3634 892 τούτων

2071 944 2347 1013 ἀναίρεσις
2378 942 2604 1013 φροῦδον
2634 940 2732 1010 τὴν
2769 938 3041 1008 σωτηρίαν
3070 935 3231 998 ποιεῖν.

2144 1017 2344 1087 ΕΠΑΝ.
2368 1032 2441 1085 Τὸ
2468 1033 2566 1103 μὲν
2589 1018 2789 1084 εἰδέναι
2809 1029 2906 1098 τὴν
2935 1025 3237 1095 ληφθεῖσαν
3256 1021 3414 1091 φύσιν
3433 1018 3636 1089 προύρ-

2071 1144 2177 1194 γου,
2202 1124 2332 1195 (21⁵)
2361 1123 2600 1194 τίθεμαι·
2636 1121 2696 1174 τὸ
2723 1120 2780 1173 δέ
2808 1136 2871 1187 γε
2910 1115 3192 1187 ἄνθρωπον
3224 1111 3517 1166 ἀποκαλεῖν
3538 1110 3638 1177 τῆς

2071 1218 2397 1289 οἰκουμένης
2428 1198 2520 1269 τὸν
2544 1213 2794 1284 Σωτῆρα,
2822 1208 3143 1282 σμικρύνειν
3171 1202 3289 1259 ἐστὶ
3317 1202 3408 1255 τοῦ
3437 1201 3639 1265 Δεσπό-

2072 1329 2164 1367 του
2194 1310 2292 1379 τὴν
2315 1302 2493 1372 δόξαν.

2144 1401 2294 1455 ΟΡΘ.
2328 1396 2538 1453 Οὐκοῦν
2576 1396 2880 1466 σοφώτερον
2908 1390 3128 1455 σεαυτὴν
3162 1386 3273 1457 (‘22)
3312 1384 3405 1437 καὶ
3431 1380 3641 1449 Πέτρου

2074 1495 2168 1549 καὶ
2222 1491 2458 1557 Παύλου,
2495 1488 2589 1542 καὶ
2635 1486 2799 1540 αὐτοῦ
2848 1501 2911 1553 γε
2936 1482 3190 1551 Σωτῆρος
3231 1478 3340 1548 (25)
3391 1476 3528 1543 ἠγῇξ
3582 1472 3642 1523 Ὀ

2078 1589 2176 1659 μὲν
2208 1585 2316 1657 γὰρ
2363 1583 2570 1650 Κύριος
2610 1578 2746 1650 πρὸς
2789 1575 3074 1636 Ἰουδαίους
3108 1560 3246 1642 ἔφη’
3294 1588 3309 1619 ι
3344 1566 3409 1618 Τί
3452 1562 3644 1659 μελζη-

394 1679 488 1747 qui
512 1677 797 1735 veritatem
826 1676 982 1730 vobis
1005 1676 1222 1730 locutus
1246 1688 1387 1737 sum,
1410 1687 1575 1742 quam
1594 1670 1777 1725 audivi
1802 1685 1831 1722 a

2090 1682 2217 1734 τεῖτε
2267 1676 2608 1735 ἀποκτεῖναι,
2654 1670 2938 1740 ἄνθρωπον
2969 1666 3025 1729 ὃς
3070 1663 3167 1734 τὴν
3207 1659 3464 1729 ἀλήθειαν
3514 1656 3645 1724 ὑμῖν

393 1771 555 1824 Patre
577 1785 700 1823 meo
716 1768 799 1821 ⁸⁸2
831 1787 849 1819 ι
891 1766 1044 1836 Saepe
1061 1767 1228 1821 etiam
1250 1766 1449 1819 Filium
1468 1763 1708 1817 hominis
1721 1778 1778 1817 se
1794 1747 1971 1831 ipsum

2090 1770 2368 1839 ιελάληκα,
2408 1767 2474 1836 ἣν
2508 1765 2721 1835 ἤκουσα
2753 1759 2904 1825 παρὰ
2940 1756 3033 1811 τοῦ
3062 1753 3275 1824 Πατρός
3309 1766 3448 1822 μου;
3485 1747 3648 1839 είς-αὶ

396 1859 707 1930 appellavit.
759 1859 956 1912 Petrus
978 1834 1183 1920 autem,
1230 1856 1378 1909 onmi
1437 1854 1596 1909 laude
1624 1862 1681 1907 et
1710 1851 1973 1922 praedica-

2090 1834 2346 1925 mendici?
2366 1834 2567 1906 δὲ’Υἱδν
2584 1849 2871 1920 ἀνθρώπου
2890 1845 3078 1901 ἑαυτὸν
3098 1834 3642 1913 προσηγόρευενθό).

397 1927 547 2005 ιίοήε
580 1950 799 2019 dignus,
825 1948 1089 2017 populum
1127 1945 1417 2001 Iudaicum
1455 1945 1739 2013 alloquens
1768 1961 1781 1995 :
1815 1959 1834 1990 ‹
1864 1943 1975 1994 Au-

2090 1947 2145 2002 'O
2170 1947 2225 2001 δὲ
2248 1944 2609 2015 πανεύφημος
2637 1941 2846 2013 Πέτρος
2874 1937 3009 2010 πρὸς
3041 1936 3132 1989 τὸν
3196 1929 3506 2019 Ἰουδαϊκὸν
3532 1927 3649 1979 διαέ

393 2041 528 2104 dite,
562 2017 759 2110 inquit,
784 2040 889 2094 viri
921 2038 1373 2102 Israelitze,verba
1396 2038 1513 2092 haec
1539 2054 1551 2089 :
1593 2035 1777 2090 Jesum
1803 2032 1975 2087 Naza-

2090 2040 2362 2110 ιεγόμενος
2382 2036 2582 2106 δῆμονο
2623 2053 2641 2085 ι
2694 2030 2920 2100 ’Ἄνδρες
2968 2024 3331 2097 Ἰσραηλῖται,
3379 2017 3648 2110 ἀκούσατε

397 2147 590 2186 renum
622 2106 804 2188 virum
842 2146 874 2184 a
912 2129 1024 2182 Deo
1066 2128 1430 2197 approbatum
1472 2126 1528 2179 in
1577 2124 1736 2178 vobis
1759 2123 1824 2175 ⁸³.
1859 2140 1875 2171 ι
1907 2120 1976 2174 Ει

2090 2131 2202 2194 τοὺς
2229 2128 2420 2195 λόγους
2449 2125 2673 2187 τούτους
2691 2140 2704 2155 ·
2745 2118 2951 2193 Ἰησοῦν
2978 2117 3068 2170 τὸν
3107 2112 3452 2183 Ναζωραῖον,
3480 2106 3649 2176 ἄνδρα

396 2224 593 2279 beatus
610 2221 832 2283 Paulus,
852 2220 906 2273 in
924 2219 1209 2289 Areopago
1224 2219 1455 2272 salutem
1474 2213 1829 2285 optimatibus
1839 2224 1977 2281 prae-

2090 2220 2185 2274 Ιιπὸ
2219 2218 2313 2271 τοῦ
2367 2215 2502 2269 Θεοῦ
2550 2210 3003 2281 ἀποδεδειγμένον
3058 2209 3137 2269 είς
3180 2205 3346 2274 ὑμᾶς.
3403 2220 3421 2252 ι
3474 2199 3583 2289 Καὶ
3622 2197 3650 2247 ὁ

398 2314 609 2377 dieans,
660 2310 804 2365 inter
842 2310 946 2364 alia
993 2288 1164 2364 multa
1200 2309 1315 2363 haec
1359 2321 1578 2377 quoque
1624 2304 1807 2358 dixit:
1856 2320 1872 2353 ι
1909 2300 1977 2354 Ει

2090 2310 2348 2383 μακάριος
2379 2306 2610 2370 Παῦλος,
2646 2303 2741 2357 τοῦ
2783 2299 3175 2374 Ἀρειουπάγου
3202 2296 3314 2357 τοῖς
3343 2288 3651 2361 προεστῶσι

398 2418 646 2476 tempora
686 2402 907 2473 quidem
936 2401 1102 2470 hujus
1122 2398 1442 2471 ignorantiae
1475 2396 1784 2465 despiciens
1809 2393 1973 2454 Deus,

2090 2378 2402 2473 προσφέρων
2432 2398 2493 2450 τὸ
2521 2396 2788 2465 σωτήριον
2833 2393 3114 2461 κήρυγμα,
3146 2388 3281 2457 πρὸς
3316 2382 3526 2440 πολλοῖς
3557 2378 3651 2432 ἆλ-

392 2513 545 2554 nunc
588 2494 884 2550 annuntiat
914 2490 1233 2546 hominibus
1260 2497 1318 2542 ut
1349 2501 1540 2541 omnes
1564 2484 1766 2553 ubique
1796 2482 1977 2552 paeni-

397 2588 626 2641 tentiam
660 2594 859 2656 agant;
902 2597 968 2637 eo
1013 2580 1158 2650 quod
1191 2578 1383 2635 statuit
1410 2577 1576 2639 diem,
1604 2575 1659 2628 in
1699 2589 1808 2643 quo
1830 2571 1978 2642 judi-

396 2686 624 2732 eaturus
644 2685 729 2731 est-
750 2676 939 2730 orbem
967 2673 1024 2727 in
1053 2672 1308 2741 aequitate
1328 2687 1427 2741 per
1460 2669 1639 2723 virum
1668 2681 1827 2735 quem
1852 2679 1982 2718 con-

396 2772 599 2833 stituit,
636 2768 800 2823 fidem
844 2765 1094 2836 praabens
1138 2763 1415 2826 omnibus,
1470 2759 1740 2815 suscitans
1780 2771 1904 2810 eum
1950 2770 1978 2807 a

399 2860 632 2918 mortuis
652 2858 720 2913 ⁸⁵.
752 2877 769 2910 ι
807 2857 909 2923 Qui
944 2870 1075 2927 ergo
1097 2869 1301 2909 nomen
1323 2868 1352 2906 a
1373 2850 1606 2907 Domino
1636 2857 1691 2903 et
1722 2845 1983 2917 apostolis

398 2957 727 3021 usurpatum
756 2955 813 3003 et
833 2946 1172 3002 celebratum
1211 2941 1485 3012 repudiat,
1528 2940 1573 2995 is
1605 2954 1664 2994 se
1689 2947 1744 2993 et
1774 2936 1984 3006 magnis

399 3042 726 3098 doctoribus
765 3048 822 3096 et
856 3040 975 3110 ipso
1010 3035 1547 3110 sapientissimorum
1571 3032 1722 3087 fonte
1770 3030 1986 3099 sapien-

401 3135 596 3198 tiorem
633 3132 941 3195 existimat,

472 3409 681 3467 ERAN.
713 3406 1031 3463 luﬁdelibus
1054 3404 1131 3466 illi
1173 3404 1316 3458 hanc
1364 3401 1672 3457 doctrinam
1707 3411 1983 3475 propone-

403 3504 537 3559 bant
565 3519 578 3556 :
604 3516 751 3555 nunc
798 3506 981 3557 autem
1028 3497 1198 3551 totius
1232 3494 1383 3550 orbis
1408 3508 1537 3564 pars
1568 3490 1802 3545 maxima
1826 3488 1987 3543 ﬁdem

407 3595 653 3664 amplexa
680 3599 783 3647 est.

479 3683 689 3739 ORTil'.
712 3683 827 3736 lmo
844 3689 971 3736 sunt
998 3679 1179 3735 adhuc
1197 3678 1391 3743 Judrei,
1418 3680 1435 3697 '
1454 3686 1509 3733 ct
1529 3674 1781 3747 gentiles,
1799 3681 1855 3729 et
1878 3672 1990 3727 hae-

407 3776 705 3830 reticorum
763 3783 996 3833 catervae
1040 3773 1494 3836 innumerabiles,
1538 3779 1594 3826 et
1638 3770 1837 3823 horum
1864 3767 1992 3822 uni-

406 3865 606 3934 cuique
632 3865 969 3921 conveniens
994 3864 1243 3917 doct‘rina
1264 3861 1574 3916 exhibenda
1597 3867 1701 3915 est.
1728 3857 1871 3924 Quin
1888 3856 1991 3911 etsi

405 3955 598 4009 eadem
634 3970 824 4009 omnes
848 3954 1200 4015 sentiremus,
1223 3952 1313 4006 dic
1342 3950 1481 4020 quid
1526 3947 1857 4004 incommodi
1891 3948 1992 4000 ha-

405 4044 563 4099 beret
609 4044 782 4099 Deum
824 4050 880 4098 et
925 4042 1205 4096 hominem
1232 4040 1511 4095 Christum
1568 4035 1839 4092 conﬁteri.
1884 4037 1996 4088 An-

405 4146 517 4186 non
567 4132 907 4187 divinitatem
955 4132 1013 4186 in
1054 4147 1121 4186 eo
1144 4130 1463 4201 perfectam,
1498 4136 1554 4181 et
1598 4124 1994 4179 humanitatem

407 4222 665 4278 similiter
691 4224 783 4278 eui
804 4223 941 4277 nihil
973 4222 1149 4285 deest,
1167 4218 1613 4276 consideramus?

484 4316 689 4371 ERAN.
720 4317 845 4372 Haac
876 4333 1019 4387 saepe
1049 4316 1283 4371 confessi
1309 4330 1519 4369 sumus.

2079 2471 2191 2557 λοις
2229 2493 2322 2545 καὶ
2366 2490 2536 2544 ταῦτα
2569 2488 2708 2559 ἔφη·
2740 2505 2757 2538 ι
2807 2486 2947 2548 Τοὺς
3000 2482 3096 2553 μὲν
3149 2476 3243 2533 οῦν
3288 2476 3510 2547 χρόνους
3555 2471 3659 2538 τῆς-

2080 2584 2303 2654 ἀγνοίας
2338 2579 2608 2652 ὑπεριδὼν
2633 2582 2660 2632 ό
2699 2578 2854 2640 Θεὸς,
2885 2575 2956 2629 τὰ
2988 2573 3083 2628 νῦν
3124 2568 3489 2641 παραγγέλλει
3526 2565 3663 2654 πᾶσι

2083 2674 2359 2745 πανταχοῦ
2400 2673 2680 2744 μετανοεῖν
2707 2688 2719 2700 ·
2762 2668 2951 2722 καθότι
2997 2665 3223 2735 ἔστησεν
3266 2659 3578 2731 ήμέραν,ὲν

2087 2769 2270 2842 μέλλει
2313 2766 2520 2837 κρίνειν
2572 2764 2670 2834 τὴν
2725 2758 3052 2830 οἰκουμένην
3104 2758 3160 2808 ὲν
3208 2749 3543 2820 δικαιοσύνῃ,
3598 2748 3657 2797 ὲν

2084 2860 2239 2930 ἀνδρὶ
2267 2851 2310 2927 ᾧ
2339 2856 2526 2928 ὥρισε,
2556 2855 2736 2907 πίστιν
2778 2848 3077 2921 παρασχὼν
3112 2846 3297 2908 πᾶσιν,
3346 2840 3658 2909 ἀναστήσας

2085 2929 2246 3004 αὐτόν
2274 2951 2339 3001 ὲκ
2371 2946 2604 3017 νεκρῶν.
2654 2963 2671 2996 ι
2714 2945 2772 2997 '0
2810 2942 2988 2995 τοίνυν
3021 2938 3083 2991 τὸ
3122 2935 3274 3005 παρὰ
3317 2933 3411 2986 τοῦ
3451 2929 3656 3000 Κυρίου

2087 3040 2317 3097 καὶτῶν
2357 3038 2673 3093 ἀποστόλων
2722 3033 2878 3087 τεθέν
2916 3049 2976 3084 τε
3030 3030 3126 3083 καὶ
3169 3023 3442 3097 κηρυχθὲν
3490 3021 3660 3086 όνομα

2033 3123 2053 3146 ³
2088 3131 2546 3203 παραιτούμενος,
2595 3126 2903 3197 σοφώτερον
2934 3122 3122 3176 ἑαυτὸν
3157 3117 3380 3174 καὶτῶν
3411 3112 3663 3184 μεγάλων

2088 3199 2424 3277 διδασκάλων
2452 3218 2740 3287 ὑπείληφε,
2775 3215 2869 3269 καὶ
2890 3212 3071 3284 μέντοι
3100 3209 3196 3263 καὶ
3234 3203 3405 3273 αὐτῆς
3437 3202 3537 3273 τῆς
3553 3199 3665 3252 τῶν

2093 3315 2420 3386 σοφωτάτων
2459 3310 2793 3366 διδασκάλων
2823 3305 3048 3377 πηγῆς..

2162 3385 2368 3463 ΕΡΑΝ.
2398 3407 2526 3467 Τοῖς
2575 3403 2825 3463 ἀπίστοις
2871 3398 3067 3452 ἐκεῖνοι
3098 3390 3255 3462 τήνδε
3277 3388 3374 3459 τὴν
3411 3385 3665 3440 ᾱδασκα-

2091 3502 2212 3556 λίαν
2235 3500 2616 3571 προσήνεγκαν
2637 3510 2649 3522 ο
2673 3492 2768 3547 νῦν
2790 3491 2845 3545 δὲ
2862 3489 2963 3561 τῆς
2991 3478 3388 3557 οἱκουμένηςτδ
3412 3478 3665 3531 πλεῖστον

2092 3592 2431 3645 ἐπίστευσεν.

2164 3681 2318 3735 ΟΡΘ.
2358 3679 2610 3734 Μάλιστα
2663 3674 2762 3746 μέν
2795 3673 2931 3726 εἰσιν
2982 3669 3062 3723 ἔτι
3123 3667 3215 3723 καλ⁵
3260 3661 3521 3723 Ἰουδαῖοι,
3572 3657 3668 3713 καὶ

2095 3774 2376 3843 Ἕλληνες,
2410 3771 2505 3826 καὶ
2532 3764 2828 3838 αἱρετικῶν
2872 3762 3041 3834 μυρία
3075 3756 3420 3826 συστήματα,
3446 3750 3541 3804 καὶ
3561 3750 3669 3820 χρὴ

2094 3867 2299 3931 τούτων
2328 3863 2545 3933 ἑκάστῳ
2566 3856 2904 3928 κατάλληλον
2935 3848 3284 3906 διδασκαλίαν
3315 3840 3667 3915 προσφέρειν.

2094 3959 2157 4011 Εἰ
2185 3957 2239 4010 δὲ
2272 3955 2367 4009 καὶ
2392 3940 2593 4013 πάντες
2629 3949 2770 4023 ἦμεν
2803 3946 3127 4019 ὁμόφρονες,
3173 3939 3315 3998 εἰπὲ,
3350 3936 3401 3988 τί
3427 3933 3667 3986 λωϐᾶται

2092 4047 2156 4100 τὸ
2188 4046 2321 4097 Θεὸν
2367 4044 2461 4098 καὶ
2507 4042 2793 4111 ἄνθρωπον
2832 4037 3116 4108 ὁμολογεῖν
3155 4033 3247 4086 τὸν
3276 4028 3547 4102 Χριστόν;
3596 4026 3667 4075 ’11

2095 4135 2156 4186 ού
2183 4133 2416 4201 θεότητα
2442 4129 2656 4182 τελείαν
2684 4129 2741 4181 ὲν
2771 4124 2920 4197 αύτῷ
2951 4126 3046 4179 καὶ
3076 4120 3471 4193 ἀνθρωπότητα
3496 4112 3649 4167 ὡσαύ

2096 4242 2205 4287 τως
2228 4220 2488 4289 ἀνελλιπῆ
2521 4217 2834 4289 θεωροῦμεν
2855 4236 2869 4283 ;

2167 4313 2373 4368 EPAN.
2411 4310 2603 4364 Ταῦτα
2637 4308 2898 4370 πολλάκις
2935 4304 3389 4377 ὡμολογήσαμεν.

476 4406 689 4463 ORTH.
721 4407 834 4463 Cur
855 4423 990 4478 ergo
1023 4422 1171 4462 nunc
1218 4406 1461 4461 tollimus
1491 4418 1613 4475 quae
1639 4404 1839 4477 saepius
1862 4417 1980 4459 con-

2170 4404 2322 4458 ΟΡΘ.
2355 4403 2420 4455 Τί
2448 4402 2647 4472 δήποτε
2673 4399 2849 4453 τοίνυν
2875 4395 3208 4475 ἁναιροῦμεν
3240 4394 3382 4461 ἅπερ
3412 4388 3675 4451 πολλάκις

412 4498 538 4555 fessi
569 4500 793 4554 sumus?

480 4617 591 4689 85
625 4614 830 4671 ERAN.
865 4614 1153 4670 Hominem
1183 4612 1456 4682 appellare
1484 4609 1762 4667 Christum
1798 4623 1993 4678 super-

429 4716 711 4765 ?aeaneum
742 4706 1016 4769 existimo,
1054 4704 1356 4775 praesertim
1399 4703 1446 4758 si
1488 4701 1664 4757 ﬁdelis
1691 4717 1815 4759 cum
1847 4699 1992 4755 ﬁdeli

415 4797 775 4867 colloquatur.

484 4885 693 4941 ORTH.
752 4886 1010 4941 Divinum
1070 4886 1391 4957 Apostolum
1449 4900 1516 4941 an
1567 4884 1787 4940 ﬁdelem
1845 4882 1993 4938 arbi-

419 4978 615 5032 traris?

489 5068 695 5123 ERAN.
729 5070 999 5125 Fidelium
1028 5069 1275 5125 omnium
1308 5068 1607 5124 doctorem.

486 5159 693 5216 ORTll.
746 5162 1094 5218 Timotheum
1141 5168 1323 5217 autem
1371 5160 1475 5215 hac
1516 5158 1881 5231 appellatione
1910 5158 1995 5213 di-

422 5265 585 5317 gnum
615 5252 928 5308 existimas?

2096 4495 2532 4568 ὡμολογήσαμεν
2553 4511 2567 4560 ;

2168 4608 2370 4661 EPAN.
2412 4606 2485 4659 Τὸ
2532 4605 2816 4677 ἄνθρωπον
2866 4604 3053 4657 καλεῖν
3110 4600 3203 4654 τὸν

2096 4700 2295 4771 είληφα
2339 4698 2612 4769 περιττὸν,
2644 4696 2878 4770 μάλιστα
2912 4693 3102 4748 πιστόν
3132 4709 3253 4745 τινα
3290 4686 3467 4757 πιστῷ
3501 4703 3677 4757 προσ-

2098 4791 2503 4862 διαλεγόμενον.

2171 4882 2325 4938 ΟΡΘ.
2366 4880 2471 4934 Τόν
2519 4880 2661 4934 θεῖον
2696 4877 3013 4932 Ἀπόστολον
3067 4873 3259 4929 πιστὸν
3321 4868 3457 4925 εἶναι
3522 4867 3673 4938 νομί-

2102 4975 2244 5042 {em

2174 5064 2376 5119 EPAN.
2420 5062 2633 5118 Πιστῶν
2659 5060 2855 5133 μενοῦν
2880 5059 3135 5114 ἁπάντων
3159 5052 3499 5111 διδάσκαλον.

2175 5154 2326 5211 ΟΡΘ,
2368 5155 2472 5207 Τὸν
2500 5153 2555 5205 δὲ
2588 5152 2852 5225 Τιμόθεον
2916 5152 3078 5223 τῆσδε
3145 5150 3241 5222 τῆς
3304 5142 3675 5219 προσηγορίας

2107 5246 2413 5317 ὑπείληφας
2448 5243 2596 5307 ἄξιον
2611 5255 2628 5271 ⁸

3286 4595 3520 4668 Χριστὸν
3581 4594 3676 4645 ὑπ-

492 5430 538 5460 ”
572 5430 728 5486 Joau.
766 5446 876 5493 vm,
906 5430 993 5485 40.
1071 5427 1118 5459 ³³
1150 5426 1269 5483 Act.
1305 5442 1362 5492 η,
1386 5425 1474 5480 22.
1560 5424 1605 5457 “
1640 5424 1759 5480 Act.
1797 5442 1923 5494 xvu,
1957 5426 2045 5492 50,
2078 5425 2165 5481 3L

494 5610 623 5717 ςὲὶζ)
655 5628 747 5679 πρ.
781 5609 1077 5717 1&2.“ths
1100 5620 1155 5665 et
1187 5611 1334 5683 Lips.
1370 5612 1663 5686 προύργον.

642 5699 804 5717 ηερ...-
895 5694 994 5717 Irm
1086 5682 1248 5717 mmo.

492 5669 619 5753 (ιξγ
642 5669 821 5738 aeaut.
853 5680 1017 5736 Sirm.
1057 5669 1268 5736 ἑαυτόνῖ

2169 5609 2281 5682 (23)
2314 5609 2586 5682 Σωτείεᾱ.
2628 5610 2783 5682 lion).
2817 5616 2871 5660 et
2902 5606 3051 5682 Lips.
3085 5620 3272 5674 praem.
3316 5603 3430 5659 τοῦ.

2175 5677 2287 5751 (24)
2320 5696 2413 5750 πρ.
2444 5679 2587 5735 Edit.
2627 5680 2784 5735 Rom.
2824 5677 3212 5746 προηγόρευεν.
