4006 6202
308 306 410 372 121

1380 297 1758 360 DIALOGUS
1793 296 1879 356 II.
1919 317 1989 328 -
2026 294 2523 360 INCONFUSUS.

3482 294 3583 361 122

379 422 586 478 l-ZPAN.
639 422 729 488 Ὦς
763 421 973 476 ἐκείνου
1015 436 1078 490 γε
1117 418 1386 492 μαθητὴν,
1423 417 1518 471 καὶ
1569 417 1679 470 τῶν
1724 412 1899 469 ἄλλων

2072 414 2279 472 ERAN.
2333 416 2618 489 Tanquam
2655 416 2802 473 illius
2844 414 3197 487 discipulum,
3238 423 3296 471 et
3343 414 3582 473 aliorum

303 512 655 576 διδάσκαλον.

378 604 533 659 υΡΘ.
581 604 851 670 ’Ἄκουσον
882 602 1065 656 τοίνυν
1096 599 1192 667 τοῦ
1236 598 1556 655 διδασκάλου
1610 598 1721 652 τῶν
1753 597 1899 651 διδα-

305 700 529 764 σκάλων
590 696 670 768 τῷ
733 696 1059 767 τελειοτάτῳ
1121 693 1428 767 γράφοντος
1488 692 1726 765 μαθητῇ·
1755 711 1773 745 ι
1805 687 1901 755 Εἷς

302 792 463 858 Θεὸς,
498 785 581 855 εἷς
603 791 699 844 καὶ
731 789 958 860 μεσίτης
978 786 1116 841 Θεοῦ
1142 786 1238 841 καὶ
1262 783 1585 860 ἀνθρώπων,
1613 785 1902 857 ἄνθρωπος

304 886 552 959 Χριστὸς
596 884 829 955 Ἰησοῦς,
855 884 884 936 ὁ
913 883 1037 946 δοὺς
1063 881 1228 936 αὑτὸν
1257 879 1454 952 λύτρον
1477 880 1598 935 ἀντὶ
1623 879 1895 933 πάντωνό

303 980 405 1034 καὶ
439 977 652 1041 παῦσαι
678 978 857 1049 μάτην
888 974 1216 1044 ἀδολεσχῶν,
1241 973 1337 1027 καὶ⁵
1365 973 1566 1045 νόμους
1601 972 1736 1043 ἡμῖν
1771 987 1838 1024 πε
1849 970 1903 1043 ρὶ

306 1062 475 1124 θείων
521 1068 806 1140 ὀνομάτων
830 1068 1019 1133 τιθείς.
1077 1067 1190 1137 Καὶ
1220 1066 1353 1133 αύτό
1377 1065 1438 1121 δέ
1467 1082 1531 1135 γε
1557 1064 1651 1118 τοῦ
1679 1063 1901 1135 μεσίτου

303 1159 371 1211 τὸ
434 1159 614 1230 ονομα
652 1144 940 1229 ’θεότητος
1000 1157 1238 1219 ἐνταῦθα
1304 1155 1400 1211 καὶ
1482 1153 1903 1227 ἀνθρωπότητος

306 1249 554 1319 ὑπάρχει
587 1248 905 1321 δηλωτικόν.
962 1249 1037 1303 οὐ
1096 1247 1208 1321 γάρ
1265 1247 1426 1319 μόνον
1477 1246 1741 1317 ὑπάρχων
1768 1243 1903 1308 Θεὸς

306 1340 518 1410 ἐκλήθη
558 1340 809 1410 μεσίτης·
842 1339 961 1403 πῶς
988 1340 1097 1410 γὰρ
1128 1340 1196 1392 ἂν
1236 1338 1590 1409 ἐμεσίτευσεν
1626 1338 1760 1407 ἡμῖν
1806 1335 1902 1389 καὶ

306 1432 434 1501 Θεῷ
463 1431 633 1502 μηδὲν
665 1430 805 1500 ἔχων
836 1431 1150 1506 ήμέτερονί
1193 1428 1348 1483 Ἐπεὶ
1385 1428 1441 1482 δὲ
1475 1428 1552 1493 ὡς
1600 1426 1734 1491 Θεὸς
1775 1442 1904 1479 συν-

303 1520 483 1591 ῆπται
512 1521 591 1592 τῷ
617 1509 794 1593 Πατρὶ
816 1521 917 1591 τὴν
962 1520 1134 1591 αὐτὴν
1172 1518 1312 1590 ἔχων
1347 1518 1535 1573 οὐσίαν
1570 1517 1706 1588 (25),
1734 1516 1809 1580 ὡς
1846 1514 1903 1569 δὲ

305 1611 599 1683 ἄνθρωπος
622 1614 778 1684 ἡμῖν,
806 1611 867 1678 ἐξ
891 1612 1050 1683 ἡμῶν
1099 1610 1209 1684 γὰρ
1252 1610 1413 1665 ἔλαϐε
1445 1611 1544 1683 τὴν
1573 1608 1667 1664 τοῦ
1712 1608 1899 1664 δούλου

307 1703 556 1776 μορφὴν,
588 1705 815 1770 εἰκότως
865 1705 1091 1788 μεσίτης
1127 1704 1465 1779 ὠνόμασται,
1512 1705 1799 1760 συνάπτων
1844 1704 1902 1756 ὲν

302 1794 495 1865 ἑαυτῷ
515 1794 586 1848 τὰ
610 1794 876 1849 διεστῶτα
899 1797 966 1866 τῇ
998 1793 1190 1849 ὲνώσει
1224 1795 1334 1849 τῶν
1360 1794 1598 1865 φύσεων,
1645 1794 1902 1865 θεότητος

301 1886 462 1955 λέγω
489 1887 580 1941 καὶ
603 1885 1041 1962 ἀνθρωπότητος.
1814 1872 1817 1877 ί

390 2060 598 2115 EPAN.
662 2061 901 2133 Μωῦσῆς
969 2057 1064 2117 οὖν
1127 2061 1227 2118 οὐκ
1282 2063 1575 2136 ὠνομάσθη
1648 2063 1900 2136 μεσίτης,

305 2149 605 2221 ᾄνθρωπος
632 2148 709 2204 ὣν
743 2150 904 2222 μόνον
928 2169 944 2218 ;

383 2240 539 2297 ΟΡΘ.
581 2240 766 2307 Τύπος
793 2238 862 2314 ἦν
891 2243 1099 2309 ἐκεῖνος
1127 2244 1230 2316 τῆς
1260 2243 1544 2316 ἀληθείας⁸
1578 2244 1608 2298 ὁ
1641 2243 1698 2297 δὲ
1730 2242 1902 2307 τύπος

306 2332 417 2387 οὐκ
475 2332 588 2404 ἔχει
633 2333 811 2389 πάντα
855 2335 957 2389 ὅσα
984 2339 1154 2408 περή
1209 2335 1459 2408 ἀλήθεια.
1513 2328 1589 2390 Οὗ
1645 2335 1710 2408 δὴ
1740 2336 1902 2407 χάριν

308 2425 525 2489 ἐκεῖνος
561 2426 662 2479 οὐκ
691 2421 760 2498 ἦν
799 2426 900 2497 μὲν
928 2427 1091 2497 φύσει
1123 2427 1279 2495 Θεὸς,
1319 2427 1616 2500 ὠνομάσθη
1653 2428 1709 2482 δὲ
1752 2429 1902 2499 ὅμως

311 2513 462 2579 θεὸς,
493 2514 581 2568 ινα
621 2514 886 2587 πληρώσῃ
939 2517 1031 2570 τὸν
1087 2517 1279 2572 τύπον.
1310 2536 1329 2570 ι
1374 2517 1506 2571 Ἰδοὺ
1565 2518 1694 2588 γάρ,
1745 2517 1900 2587 φησὶ,

306 2605 542 2659 τέθεικά
571 2621 630 2658 σε
663 2605 786 2660 θεὸν
817 2607 896 2679 τῷ
920 2608 1121 2679 Φαραῷ
1147 2607 1284 2679 (εον
1315 2626 1333 2660 ι
1371 2607 1573 2663 αὐτίκα
1601 2609 1786 2663 τοίνυν
1827 2608 1903 2673 ὡς

310 2695 442 2766 Θεῷ
472 2698 568 2752 καὶ
599 2698 890 2769 προφήτην
920 2698 1222 2769 ἀφώρισεν.
1259 2717 1285 2751 ι
1323 2698 1539 2771 Ἀαρὼν
1563 2699 1693 2770 γὰρ,
1715 2700 1900 2770 φησὶν,

311 2790 349 2842 ὁ
397 2790 627 2860 ἀδελφός
682 2807 798 2855 σου,
856 2792 1017 2845 ἔσται
1044 2791 1160 2863 (27)
1208 2808 1292 2845 σοι
1346 2793 1653 2865 προφήτης.
1689 2810 1708 2843 ι
1757 2792 1823 2846 Ἦ
1846 2791 1904 2845 δὲ

311 2880 573 2950 ἀλήθεια,
601 2881 697 2936 καὶ
717 2882 849 2947 Θεὸς
870 2882 1055 2952 φύσει,
1081 2884 1180 2938 καὶ
1214 2883 1503 2958 ἄνθρωπος
1526 2883 1706 2954 φύσει.

393 2974 597 3031 ΕΡΔΝ.
665 2976 778 3030 Καὶ
843 2977 929 3040 τίς
999 2976 1067 3031 ἂν
1131 2977 1359 3031 καλέσαι
1422 2976 1593 3031 τύπον
1655 2977 1748 3031 τὸν
1806 2978 1905 3032 ούκ

2001 511 2344 581 magistrum.

2074 598 2286 656 ORTH.
2313 600 2456 656 Audi
2498 616 2629 673 ergo
2654 600 2935 657 doctorem
2965 596 3255 652 doctorum
3294 593 3583 665 perfectis-

2002 690 2143 747 simo
2176 692 2511 749 scribentem
2554 694 2870 765 discipulo:
2909 711 2928 743 ι
2965 690 3120 748 Unus
3158 689 3325 752 Deus,
3355 702 3502 743 unus
3526 693 3585 744 et

2002 781 2275 837 mediator
2312 782 2407 838 Dei
2449 792 2506 838 et
2545 783 2853 847 hominum,
2886 781 3053 836 homo
3092 777 3349 834 Christus
3387 777 3581 842 Jesus,

2001 872 2098 942 qui
2123 871 2283 928 dedit
2302 872 2545 943 seipsum
2576 872 3021 943 redemptionem.
3039 885 3138 941 pro
3166 853 3423 933 omnibus
3446 866 3524 933 '5;
3555 886 3576 919 ι

2002 973 2061 1019 et
2090 963 2283 1020 desine
2328 965 2612 1021 incassum
2648 965 2866 1036 nugari,
2900 972 2958 1020 et
2982 964 3131 1034 leges
3153 961 3315 1017 nobis
3341 960 3409 1015 de
3437 959 3581 1014 divi-

2001 1057 2095 1113 nis.
2128 1058 2449 1114 nominibus
2474 1058 2776 1129 imponere.
2809 1056 3121 1124 Quinetiam
3160 1068 3360 1117 nomen
3402 1052 3581 1122 ipsum

2002 1151 2322 1208 mediatoris
2348 1161 2405 1207 et
2428 1150 2907 1211 divinitatemhoc
2930 1149 3053 1204 loco
3091 1155 3148 1202 et
3184 1144 3582 1206 humanitatem

2002 1244 2291 1316 signiﬁcat.
2318 1244 2509 1315 Neque
2530 1245 2699 1310 enim,
2727 1242 2773 1298 si
2797 1242 2943 1297 Deus
2959 1240 3134 1295 solum
3152 1244 3317 1301 esset,
3347 1251 3577 1290 vocare-

2002 1344 2094 1391 tur
2125 1336 2415 1392 mediator.
2449 1335 2734 1403 Quomodo
2778 1333 2926 1390 enim
2974 1332 3120 1387 inter
3166 1344 3270 1384 nos
3310 1338 3367 1383 et
3410 1328 3583 1381 Deum

2001 1427 2325 1485 mediatoris
2348 1443 2555 1484 munus
2583 1435 2995 1497 exsequeretur,
3025 1423 3071 1479 si
3106 1421 3287 1478 nostri
3310 1419 3447 1475 nihil
3483 1418 3584 1473 ha-

2003 1521 2198 1578 beret?
2223 1521 2331 1578 Sed
2373 1521 2502 1592 quia
2540 1529 2603 1576 ut
2647 1520 2794 1575 Deus
2835 1518 3077 1574 cohaeret
3105 1512 3284 1579 Patri,
3331 1511 3583 1568 eamdem

2003 1614 2214 1669 habens
2258 1612 2643 1677 substantiam,
2685 1621 2743 1667 et
2784 1618 2848 1666 ut
2879 1609 3046 1664 homo
3072 1605 3235 1661 nobis
3260 1603 3589 1674 copulatur,

2002 1706 2132 1777 quia
2155 1721 2223 1762 ex
2248 1705 2412 1760 nobis
2447 1703 2593 1759 servi
2620 1702 2849 1758 formam
2876 1697 3110 1769 accepit,
3138 1704 3286 1752 recte
3314 1692 3585 1748 mediator

2002 1804 2378 1868 nuncupatur,
2405 1812 2470 1853 ea
2504 1811 2627 1866 qua:
2651 1794 2925 1865 disiuncta
2958 1796 3116 1846 erant
3154 1788 3210 1842 in
3244 1785 3425 1856 seipso
3448 1799 3583 1840 eon-

1999 1891 2236 1963 jungens
2280 1887 2486 1942 unione
2510 1893 2854 1948 naturarum,
2877 1878 3205 1943 divinitatis,
3242 1868 3491 1946 inquam,
3527 1881 3586 1930 et

2003 1981 2381 2038 humanitatis.

2073 2075 2282 2131 ERAN.
2321 2073 2518 2130 Annon
2563 2071 2740 2126 Moses
2798 2066 3105 2139 appellatus
3152 2071 3242 2118 est
3279 2060 3583 2126 mediator,

2003 2184 2128 2226 cum
2160 2176 2309 2223 esset
2333 2172 2544 2220 tantum
2575 2160 2779 2218 homo?

2073 2258 2282 2316 OR'I‘H.
2312 2257 2497 2329 Typus
2520 2262 2638 2310 erat
2657 2252 2749 2308 ille
2769 2249 3016 2306 veritatis
3041 2266 3055 2302 :
3083 2256 3243 2319 typus
3265 2253 3453 2299 autem
3474 2256 3584 2297 non

2004 2355 2170 2409 habet
2215 2352 2396 2410 omnia
2433 2365 2555 2421 qua:
2598 2347 2766 2402 habet
2807 2344 3026 2401 veritas.
3064 2338 3430 2408 Quamobrem
3473 2351 3585 2390 non

2002 2457 2124 2503 erat
2153 2445 2377 2517 quidem
2409 2443 2501 2498 ille
2541 2448 2738 2495 natura
2779 2438 2944 2500 Deus,
2976 2443 3033 2489 et
3069 2440 3251 2486 tamen
3282 2427 3589 2499 appellatus

2003 2548 2088 2595 est
2115 2538 2285 2603 deus,
2321 2546 2383 2591 ut
2416 2546 2599 2607 typum
2632 2530 2902 2600 impleret.
2939 2546 2957 2578 ι
2991 2526 3133 2581 Ecce
3162 2521 3333 2584 enim,
3377 2518 3584 2588 inquit.

2005 2630 2267 2691 constitui
2304 2638 2355 2684 ιο
2389 2625 2683 2696 deum“
2718 2617 2991 2677 Pharaoni
3021 2616 3104 2682 ⁸⁶;
3150 2634 3168 2667 ο
3199 2622 3255 2669 et
3288 2612 3433 2667 illico
3464 2617 3586 2664 tan-

2004 2740 2168 2796 quam
2198 2724 2310 2778 Deo
2338 2721 2662 2793 prophetam
2692 2712 2955 2787 adjunxit.
2993 2729 3012 2761 ι
3046 2708 3229 2764 Aaron
3261 2707 3277 2724 ‘
3303 2704 3474 2766 enim,
3504 2716 3590 2756 ln-

2004 2795 2145 2888 quit,
2182 2815 2351 2870 frater
2381 2824 2507 2869 tuus
2529 2810 2637 2866 erit
2664 2808 2763 2863 tibi
2798 2804 3063 2877 propheta
3082 2799 3157 2853 3“.
3194 2817 3213 2849 ι
3242 2795 3459 2853 Veritas
3482 2808 3586 2849 au-

2008 2918 2137 2972 tem,
2169 2913 2225 2962 et
2248 2906 2393 2960 Deus
2420 2911 2502 2959 est
2536 2910 2751 2963 natura,
2777 2904 2838 2954 et
2860 2901 3057 2950 natura
3082 2892 3268 2947 homo.

2078 2999 2286 3067 ERAN.
2318 2999 2384 3052 Et
2423 2996 2546 3066 quis
2573 3002 2759 3069 typum
2788 2987 3024 3059 appellet
3055 2998 3206 3045 eum,
3239 2980 3333 3049 qui
3365 2976 3587 3035 eviden-

308 3065 573 3138 ἐναργεῖς
639 3067 832 3138 ἔχοντα
908 3067 1005 3122 τοῦ
1065 3067 1376 3140 ἀρχετύπου
1438 3071 1567 3133 τοὺς
1628 3071 1900 3143 χαρακτῆ-

2017 3102 2089 3149 Les
2142 3076 2422 3161 archetypi
2452 3065 2801 3141 characteres
2819 3095 2929 3135 non
2958 3076 3122 3132 habet
3141 3074 3173 3128 tl

311 3176 543 3303 “SP8.
595 3250 685 3315 Ὠς
712 3249 876 3316 ἔοικε,
903 3252 1004 3315 τὰς
1040 3250 1328 3322 βασιλικὰς
1367 3251 1584 3317 εἰκόνας
1620 3252 1682 3306 ού
1720 3251 1904 3315 καλεῖς

314 3339 588 3410 βασιλέως
613 3343 861 3408 είκόνας;

384 3434 596 3488 EPAN.
640 3434 880 3504 Πάνυγε.

379 3525 541 3581 οΡΘ.
598 3527 711 3580 Καὶ
762 3528 870 3600 μὴν
916 3529 980 3582 οὐ
1029 3530 1206 3585 πάντα
1262 3529 1501 3613 ἔχουσιν,
1546 3533 1651 3587 ὃσα
1690 3549 1798 3605 περ
1842 3532 1904 3586 τὸ

309 3619 631 3691 ἀρχέτυπον
692 3618 825 3691 ἔχει.
882 3620 1117 3693 Πρῶτον
1162 3623 1261 3694 μὲν
1311 3625 1421 3697 γάρ
1450 3626 1588 3679 εἰσιν
1616 3625 1813 3697 άψυχοί
1841 3643 1902 3680 τε

309 3711 409 3763 καὶ
426 3699 657 3779 άλογοιδ
675 3707 793 3765 εἶτα
815 3712 927 3767 τῶν
952 3700 1104 3779 ἐντὸς
1133 3717 1340 3787 μορίων
1372 3717 1715 3791 ἐστέρηνται,
1761 3736 1924 3791 κάρ--

308 3803 456 3868 δίας,
479 3804 645 3873 φημὶ,
672 3804 772 3858 καὶ
794 3805 1020 3872 κοιλίας,
1051 3809 1149 3862 καὶ
1172 3809 1405 3880 ἥπατος,
1430 3811 1526 3864 καὶ
1553 3810 1666 3865 τῶν
1725 3811 1903 3866 ἄλλων

312 3896 492 3949 ὁπόσα
553 3895 766 3959 τούτοις
821 3897 1198 3961 συνέζευκται.
1238 3902 1473 3955 Ἔπειτα
1528 3902 1591 3956 τὸ
1650 3902 1749 3971 μὲν
1795 3904 1905 3957 τῶν

311 3984 629 4057 αἰσθήσεων
659 3985 875 4058 ἔχουσιν
907 3984 1069 4053 εἶδος,
1118 3990 1219 4055 τὰς
1255 3992 1314 4045 δὲ
1364 3991 1571 4046 τούτων
1626 3995 1906 4065 ἐνεργείας

310 4075 527 4130 οὐκέτι.
561 4074 700 4131 Οὔτε
728 4077 837 4152 γὰρ
882 4081 1187 4147 ἐπαΐουσιν,
1220 4081 1346 4136 οὔτε
1390 4082 1744 4153 φθέγγονται,
1778 4083 1905 4138 οὕτε

308 4170 541 4244 ὁρῶσινο
590 4171 654 4231 οὐ
703 4172 1028 4242 γράφουσιν,
1076 4174 1141 4227 οὺ
1193 4158 1531 4244 βαδίζουσιν,
1566 4176 1666 4238 οὐκ
1694 4176 1823 4231 ἄλλο
1852 4194 1906 4231 τι

311 4262 489 4333 δρῶσι
516 4262 626 4317 τῶν
657 4262 1032 4335 ἀνθρωπίνωνο
1065 4266 1180 4319 ἀλλ’
1201 4267 1352 4337 ὅμως
1381 4267 1591 4332 εἰκόνες
1613 4268 1907 4323 καλοῦνται

315 4352 622 4424 βασιλικαί.
655 4353 811 4408 Οὕτω
837 4355 933 4409 καὶ
963 4356 1205 4427 Μωῦσῆς
1231 4356 1479 4429 μεσίτης,
1507 4359 1602 4419 καὶ
1621 4360 1651 4412 ὁ
1671 4359 1907 4430 Χριστὸς

2073 3269 2285 3348 ORTII.
2318 3267 2517 3339 chias
2542 3264 2826 3336 imagines,
2855 3268 2920 3321 ut,
2939 3264 3187 3330 apparet,
3220 3253 3364 3326 regis
3397 3248 3588 3321 imagi-

2004 3379 2103 3425 nes
2127 3376 2237 3416 non
2264 3361 2462 3415 vocas?

2073 3451 2281 3507 ERAN.
2306 3449 2573 3513 Omnino.

2073 3543 2283 3599 ORTH.
2313 3542 2383 3598 Et
2425 3549 2606 3594 tamen
2649 3537 2831 3592 omnia
2866 3550 2975 3591 non
3006 3533 3221 3589 habent
3255 3545 3379 3602 qua;
3421 3527 3589 3583 habet

2004 3635 2383 3704 archetypum.
2424 3631 2668 3685 Primum
2698 3627 2847 3682 enim
2884 3624 3200 3679 inanimatae
3227 3628 3378 3683 sunt,
3413 3626 3471 3673 et
3497 3633 3589 3671 ra-

2004 3724 2173 3780 tionis
2190 3730 2476 3793 expertes;
2494 3717 2695 3773 deinde
2715 3714 3076 3769 interioribus
3096 3710 3361 3766 membris
3378 3713 3587 3770 carent,
3704 3762 3711 3767 ,

2006 3816 2193 3882 corde,
2224 3815 2469 3884 inquam,
2501 3818 2558 3865 et
2590 3819 2804 3873 ventre,
2831 3805 3110 3876 etjecore,
3147 3810 3202 3855 et
3230 3797 3445 3855 cateris
3469 3812 3590 3867 quia

2006 3910 2096 3965 his
2126 3908 2419 3979 conjuncta
2455 3910 2604 3959 sunt.
2643 3898 2726 3955 Ad
2768 3898 2885 3953 haec
2924 3908 3187 3950 sensuum
3214 3888 3438 3961 quidem
3463 3903 3589 3957 spe-

2007 4001 2149 4058 ciem
2183 4014 2296 4070 prae
2327 4013 2386 4053 se
2412 3995 2627 4058 ferunt,
2658 3991 2754 4048 sed
2782 4002 2977 4046 eorum
3010 3985 3256 4041 actiones
3291 3998 3403 4037 non
3431 3996 3590 4036 exer-

2007 4101 2153 4149 cent.
2173 4076 2293 4146 Non
2317 4089 2464 4145 enim
2489 4086 2742 4149 audiunt,
2766 4097 2871 4138 nec
2892 4081 3216 4151 loquuntur,
3238 4093 3343 4131 nec
3367 4075 3590 4129 \idcnt:

2006 4201 2116 4253 non
2139 4184 2411 4251 scribunt,
2433 4196 2538 4236 nec
2560 4175 2847 4240 incedunt,
2867 4188 2973 4229 nec
2991 4169 3290 4241 quidquam
3314 4167 3460 4222 aliud
3488 4167 3589 4219 hu-

2008 4292 2232 4333 manum
2263 4281 2451 4345 agunt.
2480 4272 2551 4327 Et
2575 4278 2756 4326 tamen
2782 4267 3049 4339 imagines
3074 4261 3240 4333 regia;
3270 4272 3588 4325 nuncupan-

2010 4378 2121 4424 tur.
2155 4368 2248 4424 Sic
2276 4375 2333 4423 et
2358 4365 2537 4420 Moses
2561 4361 2832 4417 mediator
2866 4367 2972 4422 est,
2999 4363 3056 4412 et
3091 4352 3347 4410 Christus
3381 4346 3584 4402 media-

315 4445 572 4517 μεσίτης
607 4445 725 4499 ἀλλ’
746 4446 777 4498 ὁ
813 4447 933 4516 μὲν,
974 4446 1052 4512 ὡς
1095 4447 1261 4502 εἰκὼν
1309 4445 1640 4516 καὶ’τύπος·
1671 4454 1699 4506 ὀ
1723 4451 1800 4515 δὲ,
1831 4451 1900 4518 ὡς

2017 4472 2134 4520 tor:
2166 4459 2264 4520 sed
2292 4459 2382 4514 ille
2401 4456 2646 4528 quidem,
2677 4455 2932 4523 utimago
2958 4457 3017 4505 et
3041 4456 3201 4520 typus
3219 4461 3243 4511 ξ
3262 4442 3353 4497 hic
3382 4446 3589 4501 autem,

315 4535 575 4607 ἀλήθεια.
611 4537 726 4592 Ἵνα
750 4539 810 4605 δέ
842 4556 925 4593 σοι
954 4542 1049 4595 καὶ
1076 4541 1344 4614 ἑτέρωθεν
1393 4545 1525 4599 αὐτὸ
1577 4547 1911 4620 σαφέστερον

314 4628 600 4696 ἐπιδείξω,
628 4630 945 4703 ἀνάμνησον
975 4634 1075 4705 μὲν
1109 4634 1222 4705 (28)
1260 4636 1368 4690 τῶν
1415 4638 1544 4710 περὶ
1574 4640 1671 4694 τοῦ
1713 4640 1914 4712 Μελχι-

319 4721 483 4812 σεξὲκ
505 4724 813 4795 εἰρημένων
839 4727 897 4779 ὲν
924 4729 991 4799 τῇ
1026 4727 1163 4799 πρὸς
1207 4727 1488 4812 Ἑϐραίους
1523 4731 1835 4805 Ἐπιστολῇ.

392 4811 600 4865 ΕΡΔΝ.
642 4813 822 4869 Ποίων
842 4832 858 4882 ;

395 4903 548 4958 0P6.
601 4904 880 4971 Ἑκείνων,
907 4905 1038 4962 ἔνθα
1063 4909 1451 4982 παρεξετάζων
1493 4915 1522 4967 ὁ
1551 4913 1695 4978 θεῖος
1739 4914 1906 4969 Ἀπό-

322 4995 512 5060 στολος
559 4997 662 5068 τὴν
687 4999 983 5070 Λευῖτικὴν
1040 5003 1342 5076 ἱερωσύνην
1391 5007 1456 5078 τῇ
1508 5004 1604 5059 τοῦ
1643 5007 1904 5078 Χριστοῦ,

317 5086 591 5143 ἀπείκασε
655 5091 754 5160 μὲν
806 5092 868 5144 ἐν
914 5095 1029 5158 τοῖς
1074 5094 1255 5163 ἄλλοις
1309 5097 1401 5152 τὸν
1457 5098 1792 5171 Μελχισεδὲκ
1829 5101 1907 5174 τῷ

325 5177 570 5253 Δεσπέτῃ
607 5181 850 5253 Χριστῷ’
870 5182 970 5255 τὴν
1001 5185 1059 5239 δέ
1090 5204 1154 5256 γε
1186 5189 1488 5262 ἱερωσύνην
1512 5191 1660 5263 ἔχειν
1684 5190 1791 5262 ἔφη
1816 5193 1906 5247 τὸν

324 5266 530 5340 Κύριον
553 5271 697 5326 κατὰ
723 5274 821 5345 τὴν
850 5275 1004 5343 τάξιν
1037 5279 1389 5351 Μελχισεδέκκ

400 5361 596 5418 ΕΡΑΝ.
638 5362 807 5437 Οἶμαι
832 5368 976 5422 οὕτω
1019 5369 1199 5440 λέγειν
1257 5372 1349 5428 τὸν
1377 5374 1519 5442 θεῖον
1556 5375 1897 5443 Ἀπόστολον·

2008 4564 2070 4621 ut
2101 4554 2337 4618 veritas.
2362 4550 2434 4607 Ut
2454 4557 2641 4606 autem
2665 4548 2773 4602 hoc
2798 4545 2966 4601 etiam
2994 4541 3104 4597 alio
3135 4535 3386 4606 exemplo
3414 4530 3590 4586 mani-

2004 4648 2201 4705 festius
2233 4645 2333 4701 tibi
2382 4644 2701 4707 declarem,
2741 4646 2930 4710 repete
2977 4632 3244 4691 memoria
3285 4644 3406 4701 quae
3445 4625 3590 4681 dicta

2006 4749 2137 4796 sunt
2161 4739 2229 4794 de
2251 4733 2650 4792 Melchisedeco
2682 4732 2738 4786 in
2760 4728 3005 4801 Epistola
3028 4726 3096 4782 ad
3120 4723 3400 4780 Hebraeos.

2079 4826 2287 4882 ERAN.
2323 4820 2627 4891 Quaenam?

2074 4913 2285 4971 ORTH.
2322 4914 2441 4980 illa,
2474 4912 2531 4967 in
2561 4909 2766 4982 quibus
2794 4907 3017 4963 divinus
3045 4900 3358 4974 Apostolus,
3399 4895 3586 4953 confe—

2005 5023 2135 5064 rens
2162 5006 2469 5063 Leviticum
2500 5001 2871 5061 sacerdotium
2911 5013 3038 5055 cum
3079 4994 3387 5052 sacerdotio
3425 4990 3585 5047 Chri-

2006 5101 2096 5166 sti,
2126 5099 2583 5156 Melchisedecum
2632 5095 2689 5150 in
2727 5093 2851 5150 aliis
2880 5091 3049 5149 rebus
3076 5104 3198 5145 cum
3231 5086 3451 5142 Christo
3475 5084 3585 5139 Do~

2005 5194 2157 5249 mino
2199 5190 2583 5263 comparavit:
2622 5196 2740 5243 tum
2787 5199 2923 5241 vero
2966 5180 3335 5239 sacerdotium
3384 5177 3589 5233 habere

2009 5288 2163 5343 illum
2193 5286 2331 5341 dixit
2359 5283 2661 5339 secundum
2691 5280 2939 5336 ordinem
2970 5272 3354 5331 Melchisedeci
3377 5269 3444 5325 ⁸⁸.

2078 5382 2186 5454 87
2220 5378 2425 5445 ERAN.
2455 5377 2710 5432 Arbitror
2751 5374 2829 5430 sic
2863 5372 3046 5429 dicere
3073 5368 3320 5425 divinum
3352 5365 3585 5437 Aposto-

401 5473 445 5508 ⁸³
474 5478 658 5535 ITim.
693 5498 753 5548 ιι,
782 5483 837 5550 5,
870 5485 924 5541 6.
998 5485 1043 5519 ⁸⁸
1075 5487 1243 5544 Exod.
1272 5506 1364 5557 νυ,
1404 5490 1449 5543 l.
1525 5489 1571 5527 ’ν
1603 5491 1736 5547 ibid.
1800 5494 1846 5526 ⁸¹¹
1883 5496 1899 5551 l

2017 5514 2052 5551 ·.
2094 5514 2166 5562 v1,
2200 5496 2292 5551 20.

422 5594 505 5666 25)
532 5597 653 5650 οὐσ.
688 5595 858 5652 Sirm.
886 5599 1152 5667 ἐξουσίαν.

404 5592 793 5787 ἒξῗζῖἶῗοῖαερ.
841 5669 998 5726 CUM.
1048 5681 1085 5725 t.
1131 5673 1148 5726 Ι

322 5640 505 5792 “gitti
1218 5689 1271 5743 p.
1312 5673 1430 5740 13.1,
1464 5675 1637 5731 schol.
1678 5640 1724 5745 ί,
1758 5685 1811 5733 ct
1847 5693 1902 5748 ιι.

469 5777 484 5801 ,
514 5738 688 5795 schol.
725 5739 777 5794 8.

2072 5610 2183 5680 (‘27)
2222 5608 2323 5677 Ed.
2361 5609 2527 5680 Rom.
2552 5606 2777 5680 etALips.
2809 5604 2943 5680 ἐστι.

2089 5674 2200 5751 (‘28)
2236 5674 2432 5750 ἁνὰμν.
2465 5678 2581 5759 μέν.
2609 5674 2775 5733 Sirm.
2809 5674 3117 5750 ἀνάμνησόν
3152 5686 3274 5747 μου.
