4006 6202
443 281 547 347 123

1445 271 1940 334 THEODORETI
1971 269 2312 330 EPISCOPI
2354 265 2720 328 CYRENSIS

3617 255 3716 319 124

439 397 557 459 lum
588 412 601 448 :
637 411 655 444 ι
687 390 789 446 Hic
811 389 958 444 enim
989 383 1376 448 Melchisedec,
1415 398 1507 436 rex
1530 381 1731 447 Salem,
1771 380 2015 437 sacerdos

2145 371 2359 439 [Οὗτος
2390 375 2501 446 γὰρ
2551 369 2905 443 Μελχισεδὲκ,
2961 367 3218 439 βασιλεὺς
3267 365 3479 438 Σαλήμ,
3536 368 3716 440 ἱερεὺς

439 489 538 548 Dei
567 483 787 545 summi,
815 480 910 551 qui
947 479 1165 534 obviam
1194 477 1347 532 venit
1377 475 1692 530 Abrahamo
1718 485 1967 543 regresso
1996 485 2029 532 ιι

441 579 590 640 caede
625 588 845 645 regum,
881 579 938 626 et
968 569 1252 624 benedixit
1278 567 1360 633 ei;
1407 566 1497 622 cui
1536 573 1593 646 et
1631 564 1874 619 decimas
1905 555 2026 618 oni-

441 674 596 728 nium
629 666 912 724 distribuit
943 663 1256 727 Abraham;
1287 660 1381 730 qui
1412 657 1651 728 primum
1682 656 1906 725 quidem
1935 669 2029 707 ex-

441 765 669 836 ponitur
697 776 791 815 rex
810 755 1057 829 justitiaa,
1083 751 1283 809 deinde
1317 758 1375 806 et
1403 765 1497 804 rex
1531 748 1732 812 Salem,
1769 746 1916 816 quod
1943 753 2029 800 est

443 872 540 911 rex
575 853 746 925 pacis,
784 851 902 905 sine
937 855 1113 918 patre,
1149 845 1267 900 sine
1305 850 1501 905 matre,
1533 841 1650 896 sine
1689 837 2022 910 genealogia,

441 960 622 1016 neque
657 943 876 997 initium
905 939 1144 1000 dierum,
1173 951 1352 1005 neque
1398 933 1564 988 ﬁnem
1592 932 1718 986 vitae
1758 929 1971 984 habens
2008 945 2022 981 :

441 1037 774 1095 assimilatus
799 1040 980 1089 autem
1007 1031 1146 1085 Filio
1167 1029 1286 1094 Dei,
1318 1035 1504 1082 manet
1528 1025 1786 1081 sacerdos
1816 1023 1873 1078 in
1896 1037 2025 1093 per-

441 1136 670 1198 petuum
701 1124 788 1178 3".
827 1142 844 1175 ι
876 1123 952 1181 De
979 1121 1066 1181 his
1090 1126 1224 1193 puto
1258 1125 1312 1174 te
1339 1116 1532 1172 verbis.
1551 1115 1777 1172 dixisse.

509 1387 719 1446 ORTH.
750 1388 827 1442 De
864 1387 951 1441 his
997 1385 1130 1440 dixi.
1167 1383 1357 1440 Laudo
1396 1382 1594 1448 etiam,
1645 1381 1790 1452 quod
1840 1381 2024 1435 locum

441 1497 551 1536 non
580 1479 855 1542 mutilum,
875 1478 972 1536 sed
1006 1479 1281 1546 integrum
1315 1476 1656 1532 recitaveris.
1685 1475 1783 1530 Dic
1817 1473 2018 1545 igitur:

438 1573 834 1645 Gongruuntne
884 1571 1081 1627 horum
1115 1568 1328 1639 singula
1372 1567 1770 1629 Melchisedeeo
1821 1581 2022 1621 secun-

439 1665 570 1720 dum
599 1670 851 1718 naturam
875 1670 942 1718 et:
956 1659 1286 1718 veritatem?

2129 469 2225 522 τοῦ
2282 467 2417 522 Θεοῦ
2457 466 2550 520 τοῦ
2613 465 2862 536 ὑψίστου,
2931 464 2960 515 ὁ
3033 461 3369 531 συναντήσας
3437 459 3516 531 τῷ
3579 463 3715 534 (*28')

2142 559 2396 630 Ἀϐραὰμ
2425 558 2826 629 ὑποστρέφοντι
2849 553 2956 609 ἀπὸ
2975 555 3072 625 τῆς
3101 553 3276 622 κοπῆς
3293 553 3401 606 τῶν
3427 553 3712 624 βασιλέων,

2127 653 2224 707 καὶ
2265 653 2567 724 εὐλογήσας
2598 649 2780 704 αὐτόν’
2812 640 2857 716 ᾧ
2884 647 2977 701 καὶ
3008 647 3242 716 δεκάτην
3296 644 3552 716 ἐμέρισεν
3608 646 3715 700 ἀπὸ

2129 744 2348 798 πάντων
2409 742 2680 814 ⁹Α6ραάμ’
2709 740 2928 808 πρῶτον
2977 736 3412 810 ἑρμηνευόμενος
3460 736 3712 807 βασιλεὺς

2127 835 2492 906 δικαιοσύνης,
2528 834 2717 887 ἔπειτα
2744 832 2800 886 δὲ
2847 832 2941 885 καὶ
2971 830 3222 901 βασιλεὺς
3255 828 3468 899 Σαλὴμ,
3521 829 3550 883 ὅ
3597 832 3713 884 ἐστι

2128 926 2382 998 βασιλεὺς
2413 925 2658 998 εἰρήνης,
2689 923 2940 994 ἀπάτωρ,
2976 922 3228 993 ἀμήτωρ,
3256 920 3710 992 ἀγενεαλόγητος*

2129 1017 2268 1087 μήτε
2299 1015 2474 1087 ἀρχὴν
2511 1014 2752 1085 ἡμερῶν,
2815 1014 2951 1084 μήτε
3009 1010 3154 1082 ζωῆς
3187 1010 3342 1074 τέλος
3395 1010 3556 1081 ἔχων·
3605 1012 3711 1079 ἀφ-

2125 1107 2478 1178 ωμοιωμένος
2508 1107 2565 1160 δὲ
2592 1105 2670 1176 τῷ
2701 1104 2816 1175 Υἱῷ
2843 1103 2938 1157 τοῦ
2969 1102 3126 1169 Θεοῦ,
3160 1101 3308 1170 μένει
3332 1101 3520 1173 ἱερεὺς
3547 1103 3629 1166 είς
3650 1101 3714 1157 τὸ

2124 1199 2389 1270 διηνεκές.
2427 1219 2444 1252 ι
2487 1198 2622 1271 Περὶ
2655 1197 2861 1252 τούτων
2887 1190 3038 1267 οἶμαί
3091 1211 3150 1248 σε
3183 1193 3291 1253 τῶν
3344 1193 3522 1266 ῥητῶν
3553 1197 3708 1267 είρηο

2126 1291 2300 1346 κέναι.

2196 1383 2347 1436 ΟΡΘ.
2388 1384 2525 1454 Περὶ
2549 1384 2755 1437 τούτων
2783 1380 2940 1450 ἔφην,
2968 1380 3063 1434 καὶ
3095 1377 3302 1434 ἐπαινῶ
3335 1377 3392 1432 δέ
3422 1395 3486 1448 γε
3525 1379 3606 1432 ὅτι
3647 1379 3709 1431 τὸ

2124 1475 2322 1546 χωρίον
2347 1475 2408 1527 οὐ
2468 1473 2746 1543 διέκοψας,
2775 1473 2890 1527 ἀλλ’
2913 1471 3032 1526 ὅλον
3055 1471 3323 1534 τέθεικας.
3349 1469 3484 1523 Εἰπὲ
3502 1469 3708 1534 τοίνυν,

2123 1566 2382 1638 ἁρμόττει
2429 1564 2634 1619 τούτων
2665 1565 2894 1618 ἕκαστον
2943 1561 3020 1633 τῷ
3053 1560 3389 1631 Μελχισεδὲκ
3419 1560 3579 1630 φύσει
3613 1561 3709 1613 καὶ

2125 1658 2354 1728 ἀληθείᾳ
2379 1674 2393 1724 ;

509 1753 717 1810 ERAN.
771 1752 906 1818 Quis
961 1749 1200 1810 auderet
1241 1748 1555 1820 disjungere
1611 1761 1734 1817 quae
1801 1745 2015 1802 divinus

2193 1748 2397 1804 EPAN.
2439 1748 2549 1802 Kal.
2578 1746 2662 1811 τίς
2705 1743 2865 1799 οὕτω,
2913 1742 3118 1816 θρασὺς
3177 1742 3494 1815 ἀφαρμὼαι
3563 1742 3705 1813 ἅπερ

436 1846 735 1916 Apostolus
763 1842 1089 1914 conjunxit?
1690 1921 1695 1925 ~

507 1941 525 1961 ‘
558 1937 767 1992 ORTH.
796 1935 944 1990 Dicis
969 1935 1136 2005 igitur
1167 1932 1566 1998 Melchisedeco
1589 1931 1891 1988 secundum
1922 1946 2022 1993 na-

436 2036 619 2084 turam
650 2029 766 2082 haec
791 2026 1137 2098 congruere?

507 2119 714 2174 ERAN.
764 2119 916 2172 Dico.

507 2209 718 2264 ORTH.
754 2208 1054 2262 Hominem.
1089 2207 1246 2265 illum
1279 2221 1399 2264 esse
1431 2206 1591 2272 dicis,
1623 2222 1692 2261 an
1736 2206 1898 2261 aliam
1931 2221 2020 2258 as.-

437 2301 736 2370 sumpsisse
774 2301 1068 2355 naturam?

505 2390 713 2448 ERAN.
751 2391 1060 2445 Hominem.

504 2481 712 2538 ORTH.
745 2481 1026 2543 Genitum,
1059 2496 1128 2536 an
1163 2479 1505 2551 ingenitum?

507 2574 714 2630 ERAN.
746 2571 1089 2639 Quaestiones
1117 2571 1276 2627 valde
1305 2571 1571 2626 absurdas
1593 2569 1875 2640 proponis.

504 2665 714 2723 ORTH.
752 2665 831 2719 Tu
870 2667 1064 2720 harum
1098 2680 1263 2722 causa
1288 2680 1368 2730 es,
1399 2665 1492 2734 qui
1531 2672 1718 2734 aperte
1749 2678 2020 2733 repugnas

434 2759 671 2814 veritati.
705 2757 997 2826 Responde
1025 2757 1210 2827 igitur.

503 2851 712 2910 ΕΒΑΝ.
738 2849 996 2906 Unusest
1021 2849 1172 2906 solus
1198 2849 1495 2920 ingenitus,
1520 2848 1666 2902 Deus
1684 2856 1740 2902 et
1762 2848 1944 2901 Pater.

503 3032 712 3087 ORTH.
738 3031 1006 3088 Genitum,
1030 3031 1196 3102 igitur
1221 3032 1676 3088 Melchisedecum
1713 3044 1832 3084 esse
1869 3029 2008 3084 diei-

433 3119 588 3173 mus?

504 3209 711 3264 ERAN.
746 3209 1026 3265 Genitum.

501 3301 616 3371 88
648 3299 857 3355 ORTll.
898 3301 1004 3356 Sed
1039 3302 1183 3372 quod
1214 3302 1280 3356 de
1307 3302 1399 3356 illo
1425 3301 1632 3356 dictum
1665 3311 1768 3367 est,
1803 3310 2017 3358 eontra-

431 3392 512 3447 ria
549 3394 729 3448 docet.
764 3394 1075 3449 Recordare
1100 3394 1245 3449 enim
1275 3395 1496 3449 illorum
1523 3409 1646 3464 quae
1674 3395 1837 3449 modo
1874 3395 2015 3449 reci-

433 3483 556 3539 tasti
589 3503 601 3537 :
638 3504 657 3535 ι
699 3484 828 3540 Sine
852 3494 1026 3556 patre,
1056 3489 1174 3542 sine
1202 3493 1394 3549 matre,
1425 3486 1542 3540 sine
1557 3487 1892 3556 genealogia,
1917 3503 2015 3540 ne-

429 3591 536 3643 que
570 3575 789 3630 initium
835 3577 1074 3641 dierum,
1125 3593 1303 3647 neque
1339 3577 1505 3631 ﬁnem
1551 3579 1678 3634 vita:
1719 3578 1948 3634 habens.
1991 3598 2008 3629 ι

428 3663 713 3730 Quomodo
749 3665 914 3735 igitur
957 3667 1007 3721 ei
1036 3667 1324 3731 convenit,
1351 3667 1486 3722 illud
1538 3687 1555 3719 ι
1586 3668 1704 3722 sine
1738 3681 1915 3738 patre,
1961 3677 2018 3723 et

430 3757 550 3810 sine
570 3759 783 3813 matre?
809 3778 826 3809 ι
861 3759 1140 3829 quomodo
1161 3770 1217 3815 et
1239 3761 1394 3826 illud,
1427 3781 1444 3812 ι
1485 3776 1586 3816 nec
1617 3761 1834 3816 initium
1859 3772 2017 3818 ortus

429 3849 514 3904 sui
581 3850 832 3919 cepisse,
886 3867 988 3906 nec
1054 3851 1218 3905 ﬁnem
1265 3852 1670 3906 habiturum?»
1709 3853 2013 3910 Humanam

429 3939 578 3992 enim
626 3939 743 3996 hazc
775 3948 1038 4011 superant
1067 3949 1342 3996 naturam.

497 4029 704 4088 ERAN.
737 4033 1024 4088 Excedunt
1067 4033 1184 4088 haec
1225 4049 1456 4104 prorsus
1503 4043 1715 4089 naturae
1763 4035 2016 4091 humanm

429 4136 766 4178 mensuram.

499 4209 707 4266 ORTll.
737 4211 878 4278 Quid
906 4229 1037 4286 ergo
1058 4215 1080 4267 ?
1103 4231 1172 4269 an
1201 4214 1335 4272 falsa
1365 4213 1568 4268 dixisse
1592 4214 1840 4269 dicemus
1865 4216 2011 4286 Apo-

427 4303 667 4359 stolum?

499 4394 706 4450 ERAN.
744 4396 902 4450 Absit
935 4399 946 4451 ι

497 4484 706 4540 ORTH.
744 4486 860 4553 Qua
892 4489 1057 4558 igitur
1085 4490 1297 4544 ratione
1328 4489 1442 4544 fieri
1475 4501 1658 4562 queat,
1689 4501 1750 4546 ut
1778 4503 1833 4546 et
1863 4494 2010 4563 Apo-

425 4575 566 4630 stolo
604 4576 851 4630 veritatis
893 4577 1112 4632 laudem
1160 4578 1477 4644 aﬂ‘eramus,
1514 4590 1569 4634 et
1614 4581 2010 4639 Meleliisedeco

423 4684 545 4738 quae
580 4684 744 4738 supra
782 4679 1036 4724 naturam
1072 4678 1198 4725 sunt
1232 4671 1592 4743 adaptemus?

497 4755 702 4810 ERAN.
740 4757 907 4811 \‘alde
937 4758 1207 4822 obscurus
1242 4773 1327 4816 est
1359 4763 1448 4818 hic
1476 4765 1648 4826 locus,
1677 4773 1733 4819 et
1776 4765 1871 4834 qui
1917 4781 2010 4822 ac-

422 4855 667 4902 curatam
692 4849 1112 4919 explieationem
1141 4853 1437 4909 desiderat.

491 4937 702 4993 OR'I‘ll.
735 4942 807 4996 lis
831 4943 923 5012 qui
953 4945 1240 5000 attendere
1267 4946 1438 5000 velint
1468 4947 1760 5003 verborum
1786 4958 2006 5004 senten-

424 5029 552 5085 tiam
585 5034 802 5102 assequi
835 5034 1053 5092 dilIicile
1094 5053 1206 5092 non
1247 5037 1372 5091 erit.
1415 5037 1549 5092 Cum
1580 5039 1726 5092 enim
1775 5041 2004 5096 dixisset

422 5122 645 5179 divinus
671 5124 985 5196 Apostolus,
1008 5148 1026 5180 ε
1059 5130 1176 5184 sine
1206 5131 1517 5198 patre,sine
1544 5142 1740 5198 matre,
1770 5133 1888 5189 sine
1904 5150 1999 5204 ge-

423 5215 691 5287 nealogia,
724 5233 905 5289 neque
934 5221 1152 5275 initium
1186 5221 1423 5286 dierum,
1469 5237 1646 5292 neque
1682 5223 1840 5280 ﬁnem
1875 5225 1999 5280 vitae

424 5303 652 5371 habens,
666 5327 684 5359 ι
707 5309 967 5375 3όόίἀίῐ,ι
992 5312 1338 5370 Assimilatus
1355 5315 1494 5369 Filio
1505 5317 1602 5370 Dei
1623 5326 1805 5371 manet
1821 5333 2004 5373 sacer-

425 5394 525 5450 dos
558 5395 612 5450 in
649 5410 1031 5468 perpetuum.»
1053 5404 1326 5476 Etaperte
1354 5422 1456 5462 nos
1502 5407 1683 5474 docet,
1719 5408 2003 5463 Melchise-

497 5556 562 5587 ⁸⁸·
601 5557 766 5613 llebr.
805 5576 897 5623 vn,
945 5561 1054 5615 l-S.

488 5695 630 5769 ((28⁸)
663 5697 756 5770 τῷ.
783 5700 906 5756 Des.
939 5702 991 5754 in
1017 5701 1106 5755 ed.
1141 5702 1296 5757 Rom.
1322 5712 1374 5756 et
1403 5703 1552 5772 Lips.

2124 1842 2365 1913 ἥρμοσεν
2400 1841 2428 1893 ὁ
2453 1839 2598 1903 θεῖος
2641 1837 2994 1902 Ἀπόστολος;

2194 1933 2359 1993 ΟΡΘ.
2387 1933 2581 2000 Λέγεις
2615 1931 2795 1985 τοίνυν
2835 1929 2914 2002 τῷ
2965 1930 3300 2000 Μελχισεδὲκ
3351 1929 3524 1984 ταῦτα
3568 1929 3707 1984 κατά

2124 2022 2196 2094 φῦ
2205 2040 2287 2076 σιν
2316 2022 2610 2094 ἁρμόττειν
2633 2039 2647 2088 ;

2193 2115 2398 2168 ΕΡΛΝ.
2439 2113 2616 2181 Λέγω.

2193 2207 2340 2260 ΟΡΘ.
2389 2205 2710 2274 ’Ἄνθρωπον
2735 2203 2898 2260 αὐτὸν
2932 2198 3073 2264 εἶναι
3106 2201 3309 2274 λέγεις,
3337 2205 3369 2274 ἡ
3393 2221 3515 2258 τινα
3538 2203 3706 2274 ἀλλην

2123 2297 2404 2365 εἰληφέναι
2431 2297 2590 2366 φύσιν
2611 2315 2633 2362 ;_

2192 2371 2396 2443 ΕΡᾹΝ.
2443 2386 2789 2458 Ἄνθρωπον.

2192 2481 2342 2535 ΟΡΘ.
2383 2481 2645 2550 Γεννητὸν
2679 2481 2712 2550 ἦ
2742 2480 3074 2552 ἁγέννητον;

2192 2573 2394 2626 ΕΡΑΝ.
2451 2572 2707 2637 Ἀτόπους
2741 2574 2878 2642 ἄγαν
2912 2574 3209 2643 ἐρωτήσεις
3231 2572 3584 2642 προσφέρεις.

2193 2666 2346 2720 ΟΡΘ.
2407 2667 2478 2720 Σὺ
2538 2667 2745 2720 τούτων
2802 2668 2994 2730 αἴτιος,
3032 2666 3322 2736 προφανῶς
3375 2668 3440 2736 τῇ
3480 2665 3707 2736 ἀληθεία

2123 2759 2451 2830 μαχόμενος·
2485 2760 2780 2832 ἀπόκριναι
2803 2761 3006 2813 τοίνυν.
3413 2816 3426 2820 ,

2191 2849 2395 2904 ΕΡΑΝ.
2436 2844 2530 2913 Εἷς
2579 2852 2695 2903 ἐστι
2751 2850 2910 2920 μόνος
2969 2849 3285 2918 ἀγέννητος,
3343 2849 3378 2900 ό
3429 2840 3563 2910 Θεὸς
3613 2846 3704 2900 καὶ

2107 2938 2332 3012 Ἡατῆρ.

2192 3033 2342 3086 ΟΡΘ.
2386 3032 2647 3102 Γεννητὸν
2709 3028 2801 3085 οὖν
2858 3031 2968 3102 ἄρα
3019 3031 3110 3084 τὸν
3164 3029 3501 3101 Μελχισεδὲκ
3559 3024 3704 3083 εἶναί

2121 3142 2336 3194 φαμενς

2190 3216 2391 3270 EPAN.
2429 3215 2711 3284 Γεννητὸν.

2193 3307 2350 3360 ΟΡΘ.
2392 3307 2534 3360 Ἀλλ’
2561 3308 2588 3360 ὁ
2615 3306 2740 3376 περὶ
2777 3304 2942 3358 αὑτοῦ
2973 3305 3130 3373 λόγος
3164 3303 3423 3358 τάναντία
3442 3303 3702 3360 διδάσκει.

2130 3397 2540 3469 Ἀναμνήσθητι
2609 3397 2718 3468 γὰρ
2787 3391 2863 3450 ὧν
2928 3396 3129 3467 ἀρτίως
3181 3396 3707 3466 ἀπεμνημόνευσαςθ

2123 3511 2141 3543 ι
2190 3489 2468 3562 ’Δπάτωρ,
2531 3489 2786 3560 ἀμήτωρ,
2840 3487 3292 3559 ἀγενεαλόγητος,
3343 3489 3480 3558 μήτε
3531 3489 3708 3559 ἀρχὴν

2114 3586 2145 3652 ἡ
2157 3582 2358 3652 μερῶν,
2387 3582 2528 3653 μήτε
2552 3581 2700 3651 ζωῆς
2731 3581 2886 3645 τέλος
2915 3583 3074 3652 ἔχων.
3109 3601 3126 3632 ι
3166 3581 3292 3644 Πῶς
3333 3580 3510 3633 τοίνυν
3556 3582 3710 3651 αὐτῷ

2115 3673 2175 3727 τό
2206 3693 2223 3726 ι
2246 3674 2476 3744 ἀπάτωρ
2493 3673 2774 3744 ἁρμόττει,
2807 3674 2902 3728 καὶ
2935 3673 2994 3727 τὸ
3013 3675 3280 3744 ἀμήτωρς
3322 3692 3340 3724 ι
3369 3672 3486 3736 πῶς
3516 3673 3574 3726 δὲ
3610 3676 3708 3727 καὶ

2115 3763 2196 3825 τὸ,
2241 3782 2259 3814 ι
2293 3763 2431 3834 μηδὲ
2467 3762 2643 3835 ἀρχὴν
2678 3763 2959 3833 εἰληφέναι
2989 3765 3084 3816 τοῦ
3122 3757 3286 3826 εἶναι,
3343 3765 3484 3833 μήτε
3529 3762 3704 3832 λήψε-

2117 3854 2241 3908 σθαι
2292 3853 2474 3919 τέλο;;
2508 3874 2534 3906 ι.
2581 3853 2754 3924 ’Υπὲρ
2819 3853 3165 3924 ἀνθρωπείαν
3233 3851 3342 3924 γὰρ
3401 3850 3577 3908 ταῦτά
3637 3870 3707 3920 γε

2115 3947 2298 4014 φύσιν.

2185 4037 2389 4091 EPAN.
2444 4036 2794 4106 ’Υπερϐαίνει
2855 4035 2931 4108 τῷ
2986 4035 3101 4089 ὄντι
3134 4035 3305 4090 ταῦτα
3354 4036 3454 4106 τῆς
3491 4035 3705 4104 φύσεως

2113 4132 2214 4201 τῆς
2247 4130 2596 4200 ἀνθρωπείας
2618 4128 2688 4182 τά
2723 4130 2917 4199 μέτρα.

2183 4220 2336 4274 ΟΡΘ.
2381 4220 2445 4272 Τί
2503 4215 2620 4286 οὖν,
2677 4219 2849 4290 ψευδῆ
2905 4219 2998 4273 τὸν
3041 4217 3362 4273 Ἀπόστολον
3421 4217 3704 4288 εἰρηκέναι

2116 4331 2370 4384 νησομεν
2395 4331 2410 4379 ;

2041 4416 2086 4472 ο
2184 4407 2388 4460 EPAN.
2432 4406 2522 4477 Μὴ
2549 4405 2763 4474 γένοιτο
2795 4406 2808 4458 !

2184 4496 2336 4549 ΟΡΘ.
2384 4497 2506 4560 Πῶς
2536 4492 2629 4549 οὖν
2661 4489 2772 4548 οἷόν
2821 4512 2879 4548 τε
2930 4495 3024 4548 καὶ
3058 4493 3134 4563 τῷ
3175 4491 3485 4560 Ἀποστόλῳ
3529 4507 3701 4562 προσ-

2120 4583 2470 4653 μαρτυρῆσαι
2549 4581 2832 4653 ἀλήθειαν,
2893 4579 3100 4650 καὶτῷ
3156 4578 3494 4648 Μελχισεδὲκ
3532 4594 3701 4647 προσο

2113 4675 2350 4745 αρμόσαι
2383 4675 2451 4728 τὰ
2481 4676 2622 4746 ὑπὲρ
2656 4673 2818 4743 φύσιν
2843 4716 2857 4739 ,

2182 4768 2386 4821 ΕΡΛΝ.
2433 4769 2606 4835 Ἀγαν
2639 4766 2846 4836 ἀσαφὲς
2873 4764 2934 4817 τὸ
2959 4762 3178 4835 χωρίον,
3238 4761 3332 4814 καὶ
3369 4759 3570 4830 πολλῆς
3618 4760 3702 4813 ὅτι

2121 4858 2354 4929 μάλιστα
2380 4858 2632 4928 δεόμενον
2657 4856 3029 4920 ἀναπτύξεως.

2188 4950 2340 5004 ΟΡΘ.
2383 4951 2511 5012 Τοῖς
2539 4948 2830 5021 προσέχειν
2880 4947 3157 5000 ἐθέλουσιν
3207 4943 3407 5015 ἐφικτὴ
3457 4942 3559 5012 τῆς
3588 4946 3699 4994 τῶν

2115 5042 2298 5112 ῥητῶν
2321 5041 2560 5104 διανοίας
2586 5043 2619 5110 ή
2655 5039 3006 5110 κατανόησις.
3048 5036 3300 5108 Εἰρηκὼς
3334 5035 3442 5106 γὰρ
3484 5036 3512 5088 ὁ
3559 5032 3701 5096 θεῖος

2127 5133 2469 5197 Ἂπόστολος,
2535 5151 2555 5185 ι
2601 5132 2876 5202 Ἀπάτωρ,
2929 5131 3182 5200 ἀμήτωρ,
3241 5126 3699 5197 ἀγενεαλόγητος,

2115 5227 2250 5296 μήτε
2285 5224 2460 5296 ἀρχὴν
2492 5224 2734 5296 ⁴ἡμερῶν,
2767 5224 2904 5295 μήτε
2970 5221 3118 5291 ζωῆς
3150 5221 3303 5284 τέλος
3331 5220 3492 5291 ἔχων,
3527 5236 3545 5268 ι
3597 5218 3700 5269 ἐπ-

2115 5319 2342 5388 ήγαγεν,
2379 5337 2397 5368 ι
2443 5315 2900 5386 ’Ᾱφωμοιωμὲνος
2918 5315 2971 5367 δὲ
2999 5313 3075 5384 τῷ
3101 5312 3213 5383 Υἱῷ
3249 5313 3340 5366 τοῦ
3373 5309 3510 5364 Θεοῦ
3548 5307 3698 5378 μένει

2115 5410 2290 5480 ἱερεὺς
2333 5411 2409 5472 εἰς
2455 5409 2516 5462 τὸ
2555 5407 2854 5478 διηνεκές.»
2889 5407 3001 5459 Καὶ
3045 5405 3229 5474 σαφῶς
3264 5405 3408 5474 ἡμᾶς
3434 5401 3698 5464 διδάσκει,
