4006 6202
284 277 384 343 125

1339 279 1721 342 DIALOGUS
1758 282 1841 342 II.
1883 308 1955 318 --
1985 284 2483 353 INCONFUSUS.

3448 295 3553 362 126

278 396 350 460 ὡς
378 392 473 450 τοῦ
500 393 834 465 Μελχισεδὶκ
859 394 920 449 ὲν
949 393 1063 465 (29)
1086 395 1199 459 τοῖς
1218 394 1358 468 ὑπὲρ
1380 396 1480 467 τὴν
1510 396 1853 467 ἀνθρωπείαν

1973 400 2085 458 deci
2117 404 2173 458 in
2205 404 2275 460 iis
2299 421 2424 476 quae
2457 407 2753 464 humanam
2779 418 3034 467 naturam
3067 422 3331 483 superant
3359 414 3554 471 arche-

281 486 437 558 φύσιν
468 486 786 557 ἀρχέτυπόν.
811 487 960 540 ἐστιν
996 487 1026 540 ὁ
1071 486 1349 558 Δεσπότης
1388 486 1650 554 Χριστός*
1679 488 1773 541 τὸν
1801 488 1860 541 δέ

278 596 339 648 γε
377 577 717 649 Μελχισεδὲκ
763 573 922 631 εἶπεν
969 578 1405 649 ἀφωμοιωμένον
1459 577 1537 650 τῷ
1594 579 1709 651 Υίῷ
1761 579 1859 634 τοῦ

264 670 821 741 ’Θεοῦ.,Σκοπήσωμεν
843 669 900 722 δὲ
931 667 1123 732 οὕτως’
1155 668 1206 722 εί
1239 668 1420 738 λέγεις
1445 668 1739 741 ὶσχηκέναι
1768 669 1862 725 τὸν

281 762 479 834 Κύριον
510 761 661 820 κατὰ
689 760 873 832 σάρκα
901 758 1114 831 πατέρα
1137 775 1153 827 ;

344 851 550 906 rem.
592 851 885 922 Οὐδαμῶς.

341 942 501 996 ΟΡΘ.
542 940 699 995 Διατί
719 956 736 1007 ;

340 1033 549 1088 ΕΡΔΝ.
600 1033 697 1086 Ἐκ
752 1031 926 1103 μόνης
984 1031 1095 1103 γὰρ
1151 1032 1318 1103 ἁγίας
1376 1032 1643 1107 ἐγεννήθη
1704 1035 1857 1106 Παρ-

275 1125 457 1186 OMU.

341 1216 497 1271 ΟΡΘ.
541 1213 755 1270 Οὐκοῦν
785 1214 1013 1280 εἰκότως
1036 1215 1270 1289 ἀπάτωρ
1301 1216 1641 1290 ὠνόμασταις

341 1308 551 1363 rem.
605 1307 852 1379 Ἀληθές.

341 1399 494 1455 οΡθ.
535 1398 732 1469 Atrea:
765 1400 929 1455 αὐτὸν
983 1401 1128 1458 κατᾶ
1151 1401 1250 1474 τὴν
1309 1401 1462 1459 θείαν
1498 1403 1661 1474 φύσιν
1691 1406 1858 1477 ἐσχη-

275 1492 429 1547 κέναι
464 1492 714 1564 μητέρας

340 1585 547 1640 EPAN.
579 1585 654 1639 oo
678 1585 831 1657 δῆτα.

342 1675 494 1731 ΟΡΘ.
549 1676 645 1731 Ἐκ
693 1680 856 1748 μόνου
883 1678 992 1750 γὰρ
1028 1676 1135 1751 πρὸ
1185 1678 1297 1739 τῶν
1325 1678 1539 1735 αίὼνων
1582 1681 1852 1759 ἐγεννήθη

272 1764 509 1835 Πατρός.
1578 1789 1595 1805 ο

340 1856 550 1910 ΕΡΔΝ.
588 1857 1075 1930 Συνωμολόγηται,

343 1947 504 2002 0P8.
538 1948 826 2021 τοιγάρτοι
882 1951 979 2005 καὶ
1030 1951 1483 2025 ἀγενεαλόγητος,
1517 1954 1594 2019 ὡς
1615 1955 1865 2029 ἄρρητον

271 2038 420 2110 ἔχων
448 2038 550 2111 τὴν
576 2041 639 2095 ὲκ
665 2042 875 2115 Πατρδς
897 2042 1174 2115 γέννησιν,
1197 2046 1672 2118 προσηγόρευται,
1688 2068 1708 2100 ι
1740 2049 1854 2115 Τὴν

272 2130 472 2198 γενεὰν
513 2130 622 2202 γὰρ
654 2131 844 2195 αὐτοῦ,
897 2133 1063 2204 φησὶν
1106 2134 1136 2187 ό
1169 2135 1477 2207 προφήτης,
1528 2138 1615 2201 τίς
1663 2137 1856 2210 διηγήη

275 2237 429 2275 σεται
450 2238 467 2286 ;
501 2240 522 2273 ι

337 2311 537 2369 ΒΡΔΝ.
588 2314 797 2387 Ὀρθῶς
828 2316 1031 2386 λέγεις.

338 2407 490 2463 οΡΘ.
530 2408 692 2463 Οὕτω
729 2410 881 2482 αὐτῷ
912 2411 1186 2484 προσήκει
1215 2415 1279 2469 τὸ
1310 2414 1451 2486 μήτε
1491 2416 1717 2489 ἡμερῶν
1748 2419 1850 2489 ἀρ-

265 2496 388 2568 χὴν,
426 2499 566 2569 μήτε
593 2495 741 2569 ζωῆς
787 2499 943 2564 τέλος
1000 2500 1169 2572 ἔχειν’
1205 2501 1442 2574 ἄναρχος
1463 2504 1593 2576 γὰρ,
1634 2507 1728 2561 καὶ
1759 2509 1851 2561 ἀν-

263 2587 522 2660 auom,
548 2590 644 2644 καὶ
677 2591 975 2663 συντόμως,
1006 2593 1195 2660 ἀΐδιος,
1218 2594 1314 2649 καὶ
1353 2594 1431 2667 τῷ
1454 2596 1630 2669 Πατρὶ
1665 2599 1846 2658 cavat:

264 2680 400 2734 ὄιος.

319 2698 542 2830 οὲΡΔΝ.
579 2773 766 2831 Ταῦτα
800 2777 898 2848 μὲν
943 2776 1086 2832 οὕτω
1129 2780 1299 2851 κάμοὶ
1344 2780 1606 2836 συνδοκεῖ.
1642 2782 1762 2855 Χρὴ
1796 2783 1851 2837 δὲ

265 2866 545 2937 σκοπῆσαι
580 2867 786 2932 λοιπὸν,
829 2869 946 2933 πῶς
980 2869 1242 2941 ἁρμόττει
1278 2870 1450 2926 ταῦτα
1484 2874 1579 2926 καὶ
1612 2875 1689 2945 τῷ
1721 2874 1851 2928 θαυ-

265 2954 456 3024 μασίῳ
487 2956 842 3026 Μελχισεδέκ.

333 3047 487 3103 0P8.
545 3050 632 3113 Ὧς
687 3051 857 3105 εικόνι
907 3052 1005 3106 καὶ
1054 3052 1230 3124 τύπῳ·
1265 3055 1298 3123 ἡ
1336 3054 1392 3108 δὲ
1436 3055 1599 3109 εἰκὼν
1649 3056 1725 3121 ὡς
1757 3058 1850 3111 καὶ
1878 3091 1919 3147 C

258 3139 507 3212 πρόσθεν
530 3142 859 3214 εἰρήκαμεν,
887 3144 950 3198 οὐ
979 3144 1158 3199 πάντα
1187 3143 1302 3216 ἔχει
1332 3147 1435 3200 ὅσα
1453 3147 1515 3200 τὸ
1536 3148 1848 3218 ἀρχέτυπον

259 3233 401 3304 ἔχει.
426 3232 520 3304 Τῷ
545 3233 647 3305 μὲν
680 3232 775 3289 οὖν
799 3237 1016 3308 Σωτῆρι
1050 3239 1318 3310 προσήκει
1349 3238 1523 3293 ταῦτα
1562 3240 1721 3309 φύσει
1757 3241 1851 3296 καὶ

254 3326 530 3399 ἀληθείφό
553 3327 635 3398 τῷ
666 3328 725 3383 δέ
768 3346 832 3399 γε
866 3331 1207 3402 Μελχισεδὲκ
1244 3334 1277 3402 ἡ
1318 3335 1420 3405 τῆς
1464 3335 1850 3405 ἀρχαιογονίας

260 3419 483 3492 ἱστορία
516 3421 872 3493 προσήρμοσε
908 3423 1102 3478 ταῦτα.
1138 3423 1406 3489 Διδάξασα
1436 3425 1547 3496 γὰρ
1578 3426 1726 3497 ἡμᾶς
1753 3426 1848 3481 τοῦ

257 3512 613 3583 πατριάρχου
657 3511 911 3585 ’Δϐραὰμ
940 3513 1033 3568 τὸν
1058 3514 1294 3586 πατέρα,
1318 3515 1412 3570 τοῦ
1443 3515 1499 3570 δὲ
1546 3516 1733 3571 Ἰσαὰκ
1757 3516 1849 3571 τὸν

260 3603 487 3674 πατέρα
519 3604 615 3658 καὶ
646 3604 745 3676 τὴν
790 3604 1025 3678 μητέρα,
1068 3606 1166 3660 καὶ⁸
1198 3607 1293 3662 τοῦ
1338 3607 1536 3663 Ἰακὼϐ
1564 3609 1846 3676 ὡσαύτως,

257 3694 507 3749 καὶτῶν
538 3695 739 3750 τούτου
770 3696 1000 3760 παίδων.
1046 3697 1143 3751 καὶ
1202 3699 1386 3769 μέντοι
1435 3700 1530 3754 καὶ
1561 3700 1670 3754 τῶν
1717 3702 1851 3773 πρό-

260 3784 440 3840 παλαι
473 3786 782 3858 γενομένων
815 3788 914 3860 τὴν
963 3789 1317 3859 γενεαλογίαν
1364 3791 1702 3856 ἐπιδείξασα,
1752 3790 1847 3846 τοῦ

257 3877 604 3949 Μελχισεδὲκ
632 3877 757 3933 οὗτε
796 3878 891 3933 τὸν
925 3880 1139 3952 πατέρα
1168 3879 1412 3953 εἴρηκεν,
1449 3882 1573 3936 οὔτε
1607 3881 1706 3954 τὴν
1740 3901 1848 3955 μη-

253 3967 421 4037 τέρα,
451 3966 582 4021 οὔτε
616 3966 723 4038 μὴν
760 3966 826 4022 ἐκ
858 3985 1004 4033 τινος
1032 3968 1143 4024 τῶν
1183 3968 1304 4024 Νῶε
1349 3971 1556 4025 παίδων
1589 3973 1853 4042 κατάγειν

252 4056 319 4109 τὺ
344 4055 512 4125 γένος
535 4054 800 4122 ἐδίδαξεν,
835 4057 922 4111 ἱνα
954 4058 1182 4130 γένηται
1215 4058 1310 4114 τοῦ
1335 4059 1551 4133 ἀληθῶς
1572 4061 1850 4134 ἀμ’ήτορος

255 4147 353 4201 καὶ
385 4146 672 4219 ἀπάτορος
701 4148 891 4213 τύπος.
929 4148 1101 4203 Τοῦτο
1143 4150 1202 4204 δὲ
1244 4154 1386 4205 νοεῖν
1417 4152 1566 4223 ἡμᾶς
1609 4152 1849 4219 ἐδίδαξεν

255 4239 286 4289 ό
316 4238 470 4301 θεῖος
507 4237 851 4302 ’Δπόστολος·
906 4240 966 4293 ἐν
1023 4238 1172 4310 αύτῷ
1227 4241 1338 4312 γὰρ
1373 4239 1455 4311 τῷ
1506 4240 1692 4313 χωρίῳ
1753 4242 1850 4297 καὶ

250 4326 432 4381 ταῦτα
509 4327 919 4399 προστέθεικεν·
960 4345 980 4381 ι
1029 4328 1092 4384 '0
1136 4329 1194 4382 δὲ
1248 4330 1325 4402 μὴ
1359 4331 1849 4403 γενεαλογούμενος

1969 501 2160 564 typum
2213 511 2336 552 esse
2382 497 2665 554 Christum
2714 500 3035 561 Dominum.
3091 503 3549 563 Melchisedecum

1963 581 2097 639 vero
2132 582 2270 641 dixit
2314 587 2678 644 a‘ssimiiatum
2724 605 2846 647 esse
2888 591 3032 647 Filio
3070 591 3188 648 Dei.
3230 592 3322 651 Sic
3364 604 3549 655 autem

1962 675 2413 733 consideremus:
2455 678 2675 737 Dicisne
2702 682 3012 745 Dominum.
3032 683 3295 747 habuisse
3328 694 3552 756 patrem

1961 767 2267 823 secundum
2296 772 2557 831 carnem?

2032 844 2441 924 ERAN..Nuilo
2471 863 2673 927 modo.

2032 949 2242 1005 ORTH.
2273 950 2425 1007 Cur?

2030 1044 2048 1062 ‘
2074 1042 2282 1103 ERAN.
2317 1044 2396 1099 Ex
2428 1045 2545 1101 sola
2585 1045 2734 1101 enim
2767 1057 2971 1105 sancta
2990 1059 3155 1107 natus
3181 1059 3267 1107 est
3298 1051 3541 1124 Virgine.

2029 1133 2144 1205 89
2168 1133 2379 1191 ORTH.
2412 1136 2580 1197 Recte
2607 1136 2775 1211 igitur
2803 1140 2898 1218 qui
2925 1139 3045 1198 sine
3075 1150 3229 1212 patre
3257 1152 3424 1208 esset,
3450 1157 3552 1201 nea

1960 1225 2202 1281 minatus
2223 1228 2348 1281 est?

2030 1318 2236 1375 Eli-AN.
2277 1320 2434 1375 Vere.

2028 1411 2239 1469 ORTH.
2275 1415 2494 1471 Dicisne
2538 1417 2718 1487 ipsum
2754 1415 3015 1473 habuisse
3062 1425 3293 1473 matrem
3339 1430 3559 1473 secun-,

1958 1502 2089 1558 dum
2119 1504 2361 1559 divinam
2389 1508 2685 1563 naturam?

2028 1595 2237 1650 ERAN.
2277 1597 2654 1668 Nequaquam.

2030 1685 2241 1746 ORTH.
2294 1688 2374 1743 Ex
2420 1690 2538 1747 solo
2587 1691 2737 1746 enim
2784 1700 2912 1750 ante
2941 1692 3143 1749 sarcula
3190 1691 3411 1762 genitus
3455 1698 3551 1749 est

1883 1757 1924 1813 Β
1954 1783 2147 1845 Patre.

2024 1874 2232 1932 ERAN.
2269 1876 2329 1931 In
2362 1876 2614 1932 confesso
2642 1886 2748 1933 est.

2024 1965 2235 2022 ORTH.
2278 1969 2467 2040 Itaque
2501 1969 2666 2024 etiam
2711 1968 2830 2024 sine
2878 1967 3194 2041 genealogia
3242 1982 3369 2021 eum
3419 1981 3551 2023 esse

1954 2060 2164 2118 dictum
2193 2069 2279 2117 est-
2311 2073 2534 2133 propter
2571 2061 2907 2117 ineffabilem
2935 2062 3055 2133 ejus
3085 2076 3151 2115 ex
3176 2060 3339 2115 Patre
3371 2075 3540 2131 gene-

1954 2153 2251 2209 rationem.
2281 2173 2300 2205 ι
2331 2153 2755 2210 Generationem
2787 2153 2934 2208 enim
2967 2154 3109 2226 ejus,
3140 2151 3216 2207 ait
3248 2151 3547 2223 propheta,

1953 2246 2078 2316 quis
2110 2246 2392 2301 cnarrabit
2437 2247 2520 2299 3’?
2553 2265 2571 2298 ι

2027 2338 2237 2393 ERAN.
2271 2336 2442 2393 Recte
2472 2336 2634 2393 dicis.

2023 2428 2233 2486 ORTH.
2271 2429 2363 2485 Sic
2398 2429 2501 2501 ipsi
2535 2427 2827 2495 convenit,
2869 2444 2973 2486 nec
3015 2427 3232 2484 dierum
3279 2425 3537 2490 initium,

1952 2537 2057 2578 nec
2081 2522 2242 2577 linem
2266 2523 2392 2577 vitae
2414 2522 2639 2577 habere.
2666 2523 2830 2578 Caret
2858 2522 3005 2577 enim
3035 2519 3305 2592 principio
3327 2527 3381 2574 et
3394 2519 3537 2605 “ﬁne,

1951 2621 2028 2677 et,
2044 2622 2105 2668 ut
2128 2613 2370 2669 breviter
2400 2613 2607 2681 dicam,
2629 2623 2871 2671 aeternus
2912 2620 3019 2681 est,
3051 2622 3107 2669 et
3135 2612 3283 2668 Patri
3310 2619 3539 2668 coaeter-

1952 2725 2080 2765 IIIIS.

2022 2800 2229 2856 E‘RAN.
2262 2801 2388 2857 {hec
2417 2801 2553 2857 mihi
2591 2817 2812 2874 quoque
2844 2801 2919 2857 ita
2947 2801 3227 2857 videntur.
3268 2799 3541 2870 Deinceps

1952 2906 2083 2945 vero
2112 2892 2570 2947 considerandum
2605 2902 2708 2958 est,
2740 2891 3022 2963 quomodo
3062 2891 3395 2948 conveniant
3422 2890 3542 2944 haec

1953 2981 2116 3036 etiam
2149 2981 2470 3037 admirando
2498 2982 2917 3038 Melcliisedeco.

2023 3071 2232 3128 ORTH.
2252 3074 2534 3143 Tanquam
2552 3074 2775 3145 imagini
2789 3082 2845 3129 et
2860 3081 3007 3145 typo.
3022 3074 3207 3144 imago
3223 3086 3375 3133 vero,
3399 3070 3543 3124 sicut

1950 3173 2076 3219 ante
2111 3165 2370 3226 diximus.
2401 3182 2513 3223 non
2556 3166 2741 3223 omnia
2784 3166 2972 3234 habet,
3003 3180 3344 3237 quacunque
3374 3162 3543 3220 habet

1949 3256 2328 3329 archetypum.
2375 3258 2567 3330 Itaque
2617 3258 2886 3315 Salvatori
2932 3258 3160 3331 quidem
3203 3254 3544 3312 conveniunt

1950 3346 2068 3403 hare
2092 3358 2287 3405 natura
2322 3359 2378 3405 et
2409 3352 2677 3418 veritate;
2706 3351 3109 3408 Melchisedeco
3139 3364 3270 3405 vero
3302 3347 3545 3417 antiquae

1950 3441 2280 3512 genealogiaa
2322 3442 2553 3498 historia
2602 3444 2720 3499 haec
2764 3443 3041 3499 attribuit.
3075 3440 3213 3497 Cum
3258 3439 3408 3497 enim
3443 3454 3542 3509 pa-

1951 3529 2203 3586 triarcha:
2251 3530 2549 3587 Abrahami
2603 3542 2816 3604 patrem
2868 3549 2971 3589 nos
3019 3531 3323 3596 docuisset,
3366 3528 3543 3583 Isaati

1948 3638 2083 3677 vero
2114 3631 2325 3692 patrem
2369 3639 2431 3678 ac
2472 3632 2724 3688 matrem,
2756 3632 2812 3679 et
2847 3623 3037 3679 Jacobi
3067 3621 3347 3684 similiter,
3375 3626 3543 3687 atque

1950 3710 2116 3781 hujus
2145 3709 2417 3774 filiorum,
2460 3710 2572 3765 imo
2603 3712 2771 3765 etiam
2818 3711 3130 3781 priscorum
3181 3717 3404 3780 patrum
3451 3719 3544 3759 sc-

1951 3803 2089 3858 riem
2134 3802 2498 3872 exposuisset,
2532 3802 2916 3859 Melchisedeci
2959 3809 3172 3873 patrem
3212 3808 3269 3855 et
3310 3808 3544 3853 matrem

1949 3910 2061 3949 non
2106 3894 2441 3960 nominavit,
2485 3910 2666 3965 neque
2701 3895 2856 3950 illum
2894 3893 2965 3949 ab
2999 3894 3185 3963 aliquo
3225 3907 3292 3946 ex
3331 3888 3542 3945 Noachi

1949 3985 2188 4055 posteris
2226 4001 2399 4057 genus
2425 3985 2628 4042 ducere
2658 3986 2867 4052 docuit,
2900 3994 2961 4041 ut
2998 3993 3144 4041 esset
3178 3993 3338 4055 typus
3372 3981 3540 4059 illius,

1950 4077 2045 4148 qui
2074 4093 2203 4134 vere
2229 4086 2313 4134 est
2339 4079 2458 4135 sine
2486 4087 2639 4150 patre
2666 4086 2722 4133 et
2763 4078 2884 4134 sine
2917 4085 3113 4132 matre.
3142 4075 3297 4142 Quod
3337 4074 3410 4128 ita
3440 4087 3543 4128 nos

1952 4174 2258 4245 intelligere
2301 4174 2490 4229 docuit
2537 4174 2759 4229 divinus
2810 4172 3124 4242 Apostolus.
3169 4170 3280 4240 90
3331 4167 3539 4223 Eodem

1950 4265 2098 4320 enim
2128 4268 2247 4321 loco
2274 4266 2392 4321 haec
2423 4282 2643 4337 quoque
2675 4266 2878 4337 adjecit
2906 4284 2918 4318 :
2955 4284 2974 4316 ι
3011 4263 3182 4334 Cujus
3226 4271 3408 4315 autem
3444 4274 3540 4330 ge-

1950 4356 2165 4410 neratio
2191 4372 2302 4411 non
2329 4357 2689 4411 annuntiatur
2718 4372 2786 4411 ex
2809 4355 2909 4420 eis,
2942 4353 3185 4409 decimas
3208 4349 3442 4419 sumpsit
3469 4346 3540 4401 ab

250 4417 317 4483 ἐξ
343 4419 560 4483 αὐτῶν,
621 4419 715 4474 τὸν
784 4420 1037 4493 Ἀϐραὰμ
1090 4423 1553 4493 ἀποὰδεκάτωκε,
1608 4426 1702 4480 καὶ
1753 4426 1846 4481 τὸν

1973 4446 2282 4514 lbrahamo,
2312 4458 2367 4502 et
2390 4449 2523 4504 huic
2547 4450 2642 4521 qui
2666 4417 2904 4504 habebat
2929 4417 3351 4520 promissiones,
3372 4443 3538 4497 bene-

249 4511 456 4582 ειοντα
485 4511 589 4575 τὰς
619 4512 955 4581 ἱπαγγελίας
987 4514 1317 4586 ηύλόγηκεν.
1351 4535 1371 4569 ι

320 4603 540 4657 ΕΡᾹΝ.
581 4603 694 4657 Καὶ
723 4603 913 4674 ἐπειδὴ
959 4604 1071 4658 τῶν
1111 4608 1520 4679 γεγεννηκότων
1553 4611 1716 4665 αὐτὸν
1744 4613 1846 4667 οὐκ

247 4694 676 4765 ἐμνημόνευσεν
720 4696 753 4765 ἠ
789 4693 910 4749 θεία
941 4696 1154 4769 Γραφὴ.
1194 4697 1427 4771 ἀπάτωρ
1475 4699 1697 4756 δύναται
1749 4704 1844 4758 καὶ

247 4782 499 4853 ἀμήτωρ
524 4781 808 4836 καλεῖσθαι
828 4800 845 4850 ;

319 4872 487 4927 υΡΘ.
529 4873 596 4926 El
650 4872 869 4944 ἀληθῶς
928 4875 1161 4949 ἀπάτωρ
1211 4874 1282 4950 ἦν
1315 4879 1413 4935 καὶ
1459 4881 1713 4955 ἀμήτωρ,
1745 4885 1846 4939 οὐκ

240 4964 316 5018 ἂν
374 4961 456 5037 ἦν
509 4964 696 5031 εἰκὼν,
749 4966 864 5020 ἀλλ’
895 4966 1148 5037 ἀλήθεια.
1188 4970 1404 5043 Ἐπειδὴ
1454 4972 1513 5026 δὲ
1565 4974 1626 5027 οὐ
1684 4975 1844 5045 φύσει

126 5114 142 5127 .
235 5056 407 5110 ταῦτ’
432 5055 574 5128 ἔχει,
605 5057 744 5112 ἀλλὰ
770 5059 913 5113 κατὰ
946 5058 1046 5131 τὴν
1075 5063 1177 5133 τῆς
1211 5061 1361 5126 θείας
1391 5064 1616 5137 Γραφῆς
1648 5068 1847 5122 οἰκονο-

242 5147 411 5216 μίαν,
438 5149 680 5203 δείκνυσι
703 5152 804 5221 τῆς
840 5150 1101 5222 ἀληθείας
1124 5153 1218 5207 τὺν
1240 5155 1431 5210 τύπον.

319 5239 536 5296 EPAN.
576 5241 700 5312 Χρὴ
723 5241 824 5314 τὴν
846 5244 1033 5298 είκόνα
1066 5243 1214 5316 ἔχειν
1243 5247 1337 5302 τοῦ
1371 5250 1680 5322 ἀρχετύπου
1716 5256 1843 5319 τοὺς

240 5336 646 5403 χαρακτῆρας-
678 5368 683 5373 -

317 5421 485 5477 οΡθ.
540 5421 600 5477 ’0
628 5422 920 5494 ἄνθρωπος
952 5426 1118 5482 εἰκὼν
1142 5428 1388 5485 καλεῖται
1418 5431 1593 5500 Θεοῢ;

319 5577 368 5610 ⁹⁹
408 5577 513 5634 lsa.
550 5594 662 5645 un,
692 5578 748 5634 8.
819 5581 869 5614 "
894 5580 1062 5636 Hebr.
1089 5598 1181 5648 m,
1214 5584 1266 5638 6.

314 5712 441 5784 (ες)
476 5716 557 5769 ἐν.
597 5714 719 5771 Des.
748 5716 800 5771 in
825 5715 913 5771 ed.
953 5716 1107 5773 Rom.
1132 5725 1187 5772 et
1215 5716 1365 5788 Lips.

1946 4536 2085 4591 dixit
2114 4537 2182 4592 ’°.
2229 4557 2248 4590 ι

2016 4627 2223 4707 ΕΒΑΝ.
2259 4629 2329 4684 Et
2360 4629 2619 4699 quoniam
2654 4639 2943 4700 parentum
2976 4629 3095 4699 ejus
3134 4625 3341 4681 nullam
3375 4639 3535 4678 men-

1948 4719 2155 4773 tionem
2184 4718 2317 4773 t‘ecit
2342 4719 2527 4774 divina
2559 4719 2866 4789 Scriptura,
2894 4719 3001 4773 dici
3030 4724 3231 4788 potest.
3259 4730 3387 4769 eum
3413 4715 3544 4790 sine.

1946 4816 2099 4878 patre
2116 4824 2237 4865 esse
2261 4818 2317 4864 et
2340 4810 2457 4865 sine
2485 4810 2703 4865 matre?

2014 4898 2224 4954 ORTH.
2256 4898 2311 4955 Si
2351 4915 2480 4956 vere
2513 4900 2632 4956 sine
2674 4907 2829 4972 patre
2863 4904 3040 4961 esset,
3071 4904 3127 4951 et
3171 4895 3289 4950 sine
3322 4901 3532 4959 matre,

1941 5003 2053 5043 non
2086 4999 2231 5044 esset
2255 4989 2455 5060 imago,
2492 4989 2587 5045 sed
2611 4990 2836 5044 veritas.
2870 4986 3008 5054 Quia
3035 4999 3170 5040 vero
3199 4998 3309 5037 non
3336 4992 3532 5036 natura

1942 5076 2060 5134 hzec
2101 5077 2289 5144 habet,
2321 5079 2417 5134 sed
2460 5079 2763 5135 secundum
2805 5077 3005 5133 divinm
3034 5073 3332 5144 Scriptum
3365 5074 3382 5092 ‘
3413 5071 3530 5126 dis-

1940 5172 2341 5240 pensationem,
2370 5171 2617 5227 veritatis
2643 5180 2826 5241 typum
2860 5167 3122 5224 ostendit.

2012 5258 2218 5315 EBAN.
2256 5260 2551 5331 Imaginem
2597 5274 2889 5331 expressos
2929 5256 3210 5329 archetypi
3241 5255 3529 5311 characte-

1944 5364 2033 5405 res
2059 5350 2262 5407 habere
2285 5361 2498 5422 oportet
2513 5391 2526 5407 .

2014 5437 2221 5497 ORTH.
2257 5444 2452 5499 Annon
2505 5444 2669 5499 homo
2696 5444 2875 5516 imago
2900 5443 2995 5499 Dei
3024 5438 3365 5513 appellatur?
