4006 6202
498 266 599 330 12τ

1515 236 2002 324 ἸἫΕΟΒΟΒΕΤΙ
2046 264 2385 323 EPISCOPI
2423 261 2785 323 CYRENSIS

3669 255 3765 320 123

569 381 775 436 ERAN.
804 380 923 437 Non
959 387 1041 443 est
1066 380 1244 449 imago
1273 375 1392 443 Dei,
1431 378 1526 432 sed
1553 376 1621 431 ad
1655 376 1750 431 Dei
1786 375 2078 446 imaginem

2255 374 2458 428 EPAN.
2497 375 2611 427 Οὐκ
2652 373 2798 425 ἔστιν
2832 369 2998 424 είκὼν
3049 368 3204 433 Θεοῦ,
3259 367 3397 421 ἀλλά
3431 366 3552 421 κατ’
3585 366 3767 424 εἰκόνα

495 473 674 531 factus
707 481 811 527 est.

564 563 775 629 ORTH.
822 562 963 621 Audi
1010 578 1141 634 ergo
1187 562 1511 632 Apostolum
1558 561 1834 615 dicentem
1877 578 1890 612 :
1931 577 1948 610 ι
1985 558 2083 614 Vir

491 654 716 724 quidem
748 671 858 708 non
903 654 1069 710 debet
1108 655 1291 709 velare
1330 661 1514 722 caput,
1546 668 1671 708 cum
1714 652 1785 708 sit
1822 650 2001 722 imago
2030 658 2087 705 et

493 743 668 813 gloria
700 743 795 797 Dei
822 744 865 775 ’ί
931 761 949 794 ι

569 835 776 889 ERAN.
816 836 897 891 Sit
926 852 1055 891 sane
1088 837 1264 907 imago
1290 834 1410 890 Dei.

569 926 778 982 ORTH.
810 926 1111 997 Oportebat
1139 943 1290 998 ergo,
1328 936 1387 980 ut
1417 926 1534 995 ipse
1567 924 1827 989 allii-mas,
1866 937 2087 978 servare

500 1019 680 1088 ipsum
733 1019 1017 1075 evidentes
1064 1019 1348 1091 archetypi
1400 1018 1778 1082 characteres,
1813 1023 1878 1071 et
1908 1030 2088 1085 neque

500 1118 746 1171 creatum
769 1125 909 1173 esse,
929 1125 1032 1164 nec
1052 1111 1440 1180 compositum,
1461 1124 1565 1163 nec
1584 1107 2085 1178 circumscriptum.

499 1202 800 1271 Oportebat
845 1201 1011 1255 etiam
1062 1202 1243 1271 ipsum
1276 1218 1344 1256 ex
1390 1200 1566 1254 nihilo
1612 1198 1821 1269 aliquid
1865 1214 2086 1266 creare;

500 1294 789 1363 oportebat
812 1294 982 1348 verbo
1005 1302 1061 1349 et
1084 1294 1205 1348 sine
1230 1294 1418 1348 labore
1445 1292 1631 1347 omnia
1658 1291 1965 1355 fabricare;
1989 1288 2089 1343 de-

500 1384 669 1454 nique
704 1400 813 1440 non
854 1394 1155 1455 aegrotare,
1185 1401 1288 1441 nec
1332 1384 1557 1448 dolere,
1604 1397 1709 1436 nec
1760 1379 1955 1445 irasci,
1987 1394 2092 1434 nec

502 1492 733 1545 peccare
770 1494 782 1528 :
815 1477 910 1531 sed
955 1476 1329 1530 immortalem,
1353 1489 1474 1530 esse
1503 1483 1559 1528 et
1587 1471 2087 1543 incorruptibilem,

501 1576 558 1621 et
585 1564 768 1619 omnia
798 1565 1003 1621 habere
1030 1582 1150 1636 qua:
1179 1565 1345 1619 habet
1372 1565 1752 1635 archetypum.

573 1737 781 1792 ERAN.
812 1738 931 1792 Non
961 1746 1045 1793 est
1086 1738 1143 1793 in
1170 1738 1431 1793 omnibus
1460 1739 1627 1793 homo
1655 1738 1834 1809 imago
1863 1738 1997 1801 Dei.

573 1917 783 1972 ORTH.
823 1919 1025 1973 Verum
1075 1919 1131 1973 in
1176 1918 1595 1989 quibuscunque
1643 1917 1865 1973 dederis
1911 1918 2090 1987 ipsum

505 2003 796 2075 imaginem
824 2022 944 2061 esse
965 2047 979 2071 ,
1005 2008 1244 2062 maximo
1272 2007 1561 2063 intervallo
1586 2006 1692 2077 91
1720 2006 1910 2063 abesse
1940 2021 1970 2060 a
2001 2021 2095 2061 ve-

504 2096 664 2151 ritate
691 2113 919 2166 prorsus
950 2098 1216 2168 reperies.

575 2189 783 2244 ERAN.
826 2191 883 2244 In
916 2191 1168 2245 confesso
1200 2198 1304 2246 est.

573 2278 785 2334 08TH.
836 2281 951 2335 Hoc
1004 2281 1229 2351 insuper
1286 2283 1608 2348 considera,
1665 2282 1812 2352 quod
1872 2282 2093 2337 divinus

505 2370 799 2439 Apostolus
860 2371 1062 2425 Filium
1126 2374 1483 2443 appellaverit
1542 2375 1832 2445 imaginem
1891 2374 2089 2428 Patris.

505 2462 649 2516 Dicit
677 2463 823 2517 enim
857 2482 869 2517 :
904 2483 920 2513 ι
960 2463 1176 2530 Quiest
1206 2465 1384 2536 imago
1415 2467 1509 2521 Dei
1543 2466 1839 2522 invisibilis
1864 2469 1931 2520 θ’.
1964 2485 1982 2517 ι

576 2555 783 2609 ERAN.
819 2555 960 2622 Quid
1006 2557 1176 2628 ergo?
1231 2573 1414 2613 annon
1464 2559 1632 2625 habet
1678 2560 1862 2614 omnia
1924 2560 2093 2615 Filius

508 2663 627 2714 qute
656 2647 821 2701 Pater
843 2648 864 2701 ’ί

575 2736 787 2794 ORTH.
837 2740 997 2795 Pater
1038 2756 1149 2795 non
1195 2751 1298 2809 est,
1339 2757 1443 2797 nec
1491 2758 1655 2797 causa
1704 2744 1866 2813 plane
1920 2754 2089 2809 caret,

506 2843 610 2882 nec
638 2828 914 2898 ingenitus
942 2838 1046 2885 est.

580 2918 789 2975 ERAN.
826 2920 881 2976 Si
918 2922 1034 2977 haec
1065 2923 1314 2987 haberet,
1346 2940 1458 2979 non
1491 2934 1637 2980 esset
1674 2927 1861 2982 Filius.

2188 465 2325 519 Θεοῦ
2361 464 2598 534 ἐγένετο.

2258 559 2408 613 ΟΡΘ.
2448 559 2716 612 ¹Ἄκουσον
2776 551 2870 609 οὖν
2946 553 3042 609 τοῦ
3129 552 3439 606 Αποστόλου
3493 553 3765 621 λέγοντος·

2192 672 2222 705 ι.
2252 651 2418 723 Ἀνὴρ
2454 652 2553 722 μὲν
2603 649 2713 720 γὰρ
2763 650 2863 702 οὐκ
2894 648 3099 717 ὀφείλει
3130 645 3649 700 κατακαλύπτεσθαι
3674 646 3771 717 τὴν

2187 746 2452 816 κεφαλὴν,
2484 743 2649 797 είκὼν
2679 743 2776 797 καὶ
2804 741 2932 805 δόξα
2956 739 3092 794 Θεοῦ
3117 738 3402 808 ὑπάρχων.
3437 754 3458 790 ι

2260 837 2469 891 EPAN.
2514 835 2696 890 Ἔστω
2725 832 2889 887 εἰκὼν
2914 831 3074 887 Θεοῦ.

2260 928 2413 983 ΟΡΘ.
2466 926 2665 998 Ἐχρῆν
2686 924 2887 989 τοίνυν,
2927 922 3073 979 κατά
3105 923 3199 976 τὸν
3243 921 3337 975 σὺν
3366 920 3547 989 λόγον,
3578 920 3774 986 σώζειν

2191 1018 2355 1079 αὐτὸν
2383 1019 2635 1089 ἐναργεῖς
2688 1016 2799 1073 τοῦ¹
2838 1014 3152 1087 ἀρχετύπου
3206 1014 3334 1077 τοὺς
3388 1014 3770 1083 χαρακτῆρας,

2189 1109 2283 1163 καὶ
2312 1109 2449 1179 μήτε
2476 1106 2693 1160 κτιστὸν
2719 1099 2879 1169 εἶναι,
2911 1105 3051 1175 μήτε
3091 1102 3365 1168 σύνθετον,
3425 1103 3562 1173 μήτε
3617 1118 3777 1171 περι-

2190 1198 2525 1272 γεγράφθαι.
2577 1197 2727 1251 Ἔδει
2762 1194 3171 1267 παραπλησίως
3200 1192 3362 1248 αὑτὸν
3387 1194 3451 1246 ὲκ
3481 1192 3553 1264 μὴ
3602 1192 3777 1246 ὅντων

2189 1292 2563 1362 δημιουργεῖν·
2596 1290 2703 1343 ἔδει
2726 1288 2871 1358 λόγῳ
2899 1289 2994 1341 καὶ
3017 1288 3142 1357 δίχα
3170 1286 3333 1340 πόνου
3356 1286 3535 1340 πάντα
3554 1284 3778 1339 τεκταί-

2192 1399 2325 1437 νειν*
2356 1383 2453 1436 καὶ
2500 1381 2637 1453 πρὸς
2662 1379 2894 1443 τούτοις,
2934 1378 3010 1450 μὴ
3037 1380 3235 1443 νοσεῖν,
3274 1376 3350 1448 μὴ
3391 1376 3645 1446 ἀθυμεῖν,
3696 1378 3777 1445 μὴ

2192 1474 2519 1546 θυμοῦσθαι,
2551 1472 2625 1544 μὴ
2657 1471 3015 1543 ἁμαρτάνειν,
3048 1470 3165 1523 ἀλλ’
3191 1468 3458 1525 ἀθάνατον
3487 1463 3651 1532 εἶναι,
3678 1468 3779 1520 καὶ

2191 1567 2503 1639 ἄφθαρτον,
2567 1566 2661 1625 καὶ
2725 1564 2905 1623 πάντα
2958 1561 3122 1633 ἔχειν,
3177 1562 3280 1615 ὅσα
3344 1561 3407 1615 τδ
3463 1560 3778 1631 ἀρχέτυπον

2194 1661 2283 1732 ἔχε
2292 1678 2315 1713 ι.

2125 1726 2165 1781 Β
2225 1726 2470 1806 ΠΕΡΛΝ.
2514 1751 2589 1805 Ού
2634 1750 2777 1805 κατά
2811 1749 2990 1803 πάντα
3035 1747 3183 1801 ἐστὶν
3232 1748 3261 1800 6
3289 1744 3574 1816 ἄνθρωπος
3608 1743 3780 1797 εἰκὼν

2194 1842 2291 1896 τοῦ
2324 1840 2483 1895 Θεοῦ.

2264 1932 2417 1986 ΟΡΘ.
2472 1929 2693 2001 Ἀληθὲς
2743 1932 2800 1983 ὲν
2836 1924 3031 1998 οἷσπερ
3090 1926 3156 1981 ἂν
3206 1926 3370 1981 αὑτὸν
3425 1925 3530 1997 δῷς
3588 1924 3781 1978 εἰκόνα

2194 2020 2335 2077 εἶναι
2363 2064 2378 2089 ,
2439 2021 2747 2092 παμπόλλῳ
2787 2020 2899 2090 (30)
2964 2019 3073 2072 τινὶ
3129 2018 3313 2090 μέτρῳ
3364 2020 3463 2089 τῆς
3518 2015 3784 2086 ἀληθείας

2195 2115 2493 2170 ἀποδέοντα
2522 2115 2741 2177 πάντως
2775 2113 2972 2183 εὑρήσε
2981 2129 3061 2176 ις.,

2265 2209 2469 2261 ΕΡΑΝ.
2520 2206 2902 2277 Ὠμολόγηται.

2265 2298 2418 2351 ΟΡΘ.
2457 2298 2739 2367 Σκόπησον
2773 2295 2830 2349 δὲ
2874 2294 2967 2349 καὶ
3000 2293 3117 2348 τόδε
3142 2292 3203 2346 τὺ
3226 2290 3342 2347 νῦν·
3368 2292 3399 2345 ὁ
3426 2290 3566 2353 θεῖος
3611 2288 3786 2342 Ἀπό-

2196 2391 2381 2454 στολος
2418 2390 2601 2445 εἰκόνα
2642 2389 3053 2460 προσηγόρευσε
3084 2386 3172 2440 τὸν
3211 2386 3339 2438 Υἱὸν
3383 2382 3477 2436 τοῦ
3522 2381 3745 2453 Πατρός
3770 2398 3783 2411 ·

2195 2484 2297 2554 ἔφη
2325 2483 2455 2553 γάρ·
2503 2502 2522 2535 ι
2556 2483 2656 2545 Ὃς
2682 2482 2830 2533 ἐστιν
2860 2478 3022 2532 εἰκὼν
3054 2477 3148 2531 τοῦ
3178 2476 3314 2529 Θεοῦ
3340 2475 3435 2528 τοῦ
3465 2475 3721 2544 ἀοράτου.
3762 2492 3780 2523 ι

2267 2574 2469 2629 ΕΡΛΝ.
2512 2574 2576 2627 Τί
2614 2567 2741 2637 οῦν;
2777 2572 2849 2627 ού,
2878 2572 3055 2625 πάντα
3107 2568 3293 2640 εχει-ὰ
3324 2567 3451 2630 Υἱὸς
3494 2567 3725 2634 ὅσαπερ.
3760 2567 3787 2618 6

2197 2670 2385 2738 Πατήρ
2411 2684 2425 2731 ;

2266 2759 2418 2813 ΟΡΘ.
2458 2753 2648 2825 Πατὴρ
2677 2754 2776 2809 ούκ
2806 2755 2973 2823 ἔστιν,
3005 2752 3128 2808 οὔτε
3162 2751 3423 2816 ἀναίτιος,
3456 2750 3579 2806 οὔτε
3610 2753 3787 2822 ἀγέν-

2195 2865 2374 2918 νητος.

2268 2940 2469 2994 ΕΡΑΝ.
2506 2941 2570 2993 Εἰ
2594 2939 2764 2993 ταῦτα
2791 2932 2957 3008 εἶχεν,
2996 2936 3095 2989 οὐκ
3128 2935 3194 2989 ἂν
3219 2930 3287 3006 ἦν
3321 2934 3470 2998 Υἱός.

579 3008 789 3065 ORTH.
830 3013 1033 3067 Verum
1069 3024 1154 3069 est
1188 3016 1354 3085 igitur
1385 3017 1532 3085 quod
1571 3018 1706 3081 dixi,
1738 3035 1850 3073 non
1890 3019 2092 3075 habere

2267 3035 2418 3088 ΟΡΘ.
2474 3033 2707 3105 Ἀληθὴς
2743 3032 2851 3103 ἄρα
2882 3031 2910 3082 6
2953 3029 3112 3098 λόγος
3141 3028 3199 3081 ὃν
3233 3029 3431 3098 εἴρηκα
3476 3026 3605 3096 ἐγὼ,
3638 3027 3712 3091 ὡς
3753 3029 3789 3097 ἡ

510 3101 801 3171 imaginem
838 3104 1020 3159 omnia
1051 3121 1173 3176 quae
1203 3107 1559 3185 archetypum
1587 3109 1791 3164 habet?

579 3193 767 3249 ERAN
805 3195 1029 3250 Verum.

581 3282 792 3339 ORTH.
832 3285 924 3342 Sic
954 3288 1120 3359 igitur
1141 3299 1196 3343 et
1219 3290 1676 3349 Melchisedecum
1709 3294 1846 3349 dixit
1877 3294 2098 3351 divinus

511 3374 810 3443 Apostolus
835 3379 1195 3435 assimilatum
1222 3397 1342 3437 esse
1367 3383 1504 3437 Filio
1530 3384 1647 3439 Dei.

586 3466 791 3523 ERAN.
827 3468 1207 3526 Concedamus
1239 3488 1369 3527 sane
1399 3474 1517 3529 sine
1542 3484 1797 3545 patre,_et
1830 3478 1947 3533 sine
1980 3495 2097 3537 ma-

514 3568 622 3623 tre,
662 3567 719 3612 et
752 3560 871 3615 sine
905 3564 1221 3634 genealogia
1267 3565 1346 3620 sic
1393 3582 1535 3631 esse,
1580 3579 1641 3622 ut
1691 3568 1920 3623 dixisti:
1952 3570 2097 3638 quod

515 3666 618 3703 nec
663 3650 879 3706 initium
921 3654 1160 3721 dierum,
1192 3672 1296 3711 nec
1332 3656 1456 3711 vitae
1490 3658 1653 3712 linem
1694 3660 1913 3726 habeat,
1957 3678 2096 3732 quo-

515 3745 678 3797 modo
708 3744 1116 3816 intelligemus?

585 3832 793 3887 OBTH.
828 3835 1124 3906 Antiquam
1158 3842 1531 3912 genealogiam
1564 3844 1922 3899 conscribens
1961 3844 2100 3903 divi—

516 3939 620 3977 nus
649 3924 846 3991 Moses,
873 3926 1064 3981 docuit
1092 3944 1193 3983 nos
1216 3930 1509 3997 Adamum,
1554 3949 1678 3987 cum
1711 3943 1790 3990 tot
1822 3945 1967 3991 esset
2002 3954 2097 3992 an-

518 4031 734 4081 norum,
759 4018 1015 4087 genuisse
1033 4019 1285 4085 Sethum,
1310 4024 1588 4078 et"'cum
1625 4028 1728 4081 tot'
1745 4027 1969 4081 vixisset
1997 4044 2097 4082 an-

518 4125 641 4176 nos,
685 4111 810 4165 vitre
855 4112 1017 4166 tinem
1061 4114 1360 4183 accepisse.
1400 4114 1490 4169 Sic
1529 4115 1694 4169 etiam
1724 4116 1791 4170 de
1823 4117 2011 4182 Setho,
2047 4128 2103 4173 et

520 4202 721 4267 Enoso,
758 4211 813 4257 et
845 4204 1074 4273 reliquis
1100 4204 1257 4259 dixit.
1287 4205 1666 4261 Melchiscdcci
1695 4222 1829 4261 vero
1860 4216 1916 4262 et
1946 4220 2101 4264 ortus

521 4291 854 4365 principium
893 4303 949 4349 et
993 4295 1117 4350 vita:
1152 4295 1317 4351 ﬁnem
1346 4297 1565 4352 silentio
1603 4300 1887 4367 praztcriit.
1920 4299 2100 4365 Quare

2199 3126 2363 3180 εἰκὼν
2384 3127 2442 3180 οὐ
2472 3127 2652 3181 πάντα
2680 3125 2792 3195 ἔχει
2815 3126 2914 3179 ὅσα
2936 3123 2995 3176 τὸ
3023 3121 3329 3193 ἀρχέτυπον
3359 3119 3494 3191 ἔχεις

2269 3218 2472 3273 ΕΡΑΝ.
2515 3216 2755 3286 Ἀληθές.

2270 3309 2422 3363 ΘΡΘ.
2452 3307 2608 3363 Οὕτω
2625 3308 2804 3361 τοίνυν
2827 3306 2921 3360 καὶ
2949 3305 3039 3360 τὸν
3062 3298 3572 3375 Μελχισεδὲκ-εἷπεν
3590 3305 3618 3357 6
3641 3303 3793 3368 θεῖος

2212 3400 2531 3463 Ἀπόστολος
2555 3396 2951 3469 ἀφωμοιῶσθαι
2984 3397 3082 3467 μὲν
3119 3396 3200 3466 τῷ
3231 3395 3343 3465 Υίῷ
3376 3394 3470 3448 τοῦ
3509 3394 3671 3449 Θεοῦ.

2270 3489 2474 3543 ΕΡΛΝ.
2518 3489 2708 3558 Δῶμεν
2732 3488 2792 3541 τὸ
2822 3487 3075 3557 ἀπάτωρ,
3112 3487 3206 3540 καὶ
3243 3486 3497 3557 ἀμήτωρ,
3529 3485 3623 3538 καὶ
3648 3486 3792 3552 ἀγε-

2199 3582 2541 3651 νεαλόγητος,
2582 3579 2755 3642 οὕτως
2777 3575 3023 3642 εἷναιμώς
3061 3579 3305 3648 εἴρηκας·
3338 3578 3413 3631 τδη
3438 3577 3572 3647 μήτε
3605 3576 3790 3647 ἀρχὴν

2199 3671 2439 3744 ἡμερῶν,
2476 3674 2614 3743 μήτε
2647 3669 2793 3741 ζωῆς
2823 3671 2976 3733 τέλος
2996 3669 3157 3740 ἔχων,
3192 3669 3308 3732 πῶς
3340 3668 3634 3739 νοήσομεν;

2271 3850 2423 3904 ΟΡΘ.
2466 3848 2577 3919 Τὴν
2608 3847 2844 3903 παλαιὰν
2879 3846 3226 3917 γενεαλογίαν
3272 3846 3603 3916 συγγράφων
3628 3846 3657 3899 6
3692 3846 3795 3900 θε-

2203 3942 2423 4005 σπέσιος
2455 3942 2713 4011 Μωῦσῆς,
2744 3940 2977 4005 ἐδίδαξεν
3004 3941 3153 4012 ἡμᾶς
3175 3981 3188 4002 ,
3213 3940 3288 4003 ὡς
3331 3939 3502 4009 Ἀδάμ
3527 3939 3663 3992 ὲτῶν
3692 3956 3796 3992 το-

2203 4034 2370 4088 σῶνδε
2391 4033 2702 4103 γενόμενος,
2734 4033 2989 4102 ἐγέννησε
3008 4032 3097 4085 τὸν
3118 4030 3244 4101 Σὴθ,
3275 4029 3370 4083 καὶ
3391 4030 3655 4100 ἐπιζήσας
3686 4029 3793 4101 ἔτη

2201 4126 2415 4187 τοσάδε,
2446 4123 2538 4177 τοῦ
2574 4123 2688 4194 βίου
2722 4124 2781 4176 τὸ
2801 4123 2980 4194 τέρμα
3002 4122 3322 4177 κατέλαϐεν.
3352 4120 3508 4175 Οὕτω
3530 4122 3623 4175 καὶ
3654 4124 3801 4193 περὶ

2201 4216 2296 4270 τοῦ
2326 4215 2455 4286 Σὴθ,
2487 4216 2581 4268 καὶ
2610 4214 2699 4268 τοῦ
2741 4215 2928 4279 Ἐνῶς,
2961 4216 3059 4269 καὶ
3086 4214 3195 4267 τῶν
3224 4214 3399 4269 ἄλλων
3430 4214 3639 4283 εἴρηκε.
3674 4214 3799 4277 Τοῦ

2209 4304 2391 4374 μέντοι
2426 4303 2783 4373 Μελχισεδὲκ,
2811 4304 2906 4357 καὶ
2927 4304 3025 4376 τὴν
3047 4306 3222 4376 ἀρχὴν
3247 4307 3346 4376 τῆς
3370 4304 3656 4372 γενέσεως,
3691 4307 3801 4359 καὶ

521 4384 820 4439 secundum
857 4386 1166 4450 historiam,
1199 4404 1299 4443 nec
1334 4389 1548 4443 initium
1580 4389 1815 4452 dierum,
1846 4408 1948 4445 nec
1978 4392 2095 4449 vita:

2216 4395 2302 4465 τῆς
2333 4394 2478 4464 ζωῆς
2500 4394 2561 4448 τὸ
2585 4394 2734 4459 τέλος
2773 4396 3049 4465 ἐσίγησεν.
3083 4394 3314 4459 Ούκοῦν,
3341 4394 3482 4448 κατά
3511 4394 3608 4462 τὴν
3642 4395 3803 4449 ίστο-

524 4473 686 4528 tinem
735 4476 942 4530 habet:
973 4488 1030 4531 at
1079 4480 1382 4534 secundum
1432 4481 1738 4544 veritatem,
1783 4484 2099 4552 unigenitus

523 4566 617 4629 Dei
662 4567 835 4623 Filius
880 4584 983 4624 nec
1031 4572 1198 4640 coepit
1245 4587 1363 4627 esse
1384 4613 1405 4637 ,
1448 4588 1550 4628 nec
1598 4572 1761 4628 linem
1810 4573 2101 4631 habiturus

522 4668 609 4717 εει

594 4750 802 4805 ERAN.
839 4750 1043 4809 Omnes
1065 4756 1437 4811 consentiunt.

596 4842 804 4903 ORTH.
841 4844 901 4898 In
937 4845 1006 4900 iis
1042 4861 1173 4917 ergo
1205 4862 1327 4916 quae
1354 4848 1466 4902 Deo
1506 4848 1861 4913 conveniunt,
1892 4858 1951 4904 et
1984 4867 2105 4920 qua:

527 4947 653 4990 Vere
678 4934 863 4990 divina
883 4947 1031 5002 sunt,
1057 4937 1421 4993 Melchisedec
1445 4948 1605 5010 typus
1626 4940 1734 5009 92
1755 4950 1874 4995 erat
1899 4941 2105 4996 Christi

532 5025 743 5087 Domini
778 5044 789 5083 :
816 5028 870 5081 in
902 5028 1212 5083 sacerdotio
1240 5037 1445 5093 autem,
1468 5030 1614 5099 quod
1645 5031 1961 5086 hominibus
1995 5048 2108 5085 ma-

529 5115 611 5183 gis
637 5132 799 5184 quam
831 5118 949 5175 Deo
973 5119 1250 5182 convenit,
1287 5118 1537 5173 Christus
1570 5120 1832 5174 Dominus
1864 5120 2106 5190 pontifex

528 5206 635 5263 fuit
662 5208 964 5263 secundum
997 5209 1245 5265 ordinem
1270 5208 1648 5265 Mclchisedeci
1678 5211 1740 5262 ⁸³.
1773 5210 1907 5263 Nam
1938 5219 1997 5264 et
2017 5211 2106 5266 ille

532 5299 788 5354 sacerdos
832 5300 936 5354 fuit
983 5300 1249 5371 gentium,
1299 5311 1354 5355 et
1402 5300 1654 5356 Christus
1692 5300 1958 5356 Dominus
2005 5317 2107 5371 pro

607 5480 649 5513 ⁹¹
685 5480 853 5535 ICor.
882 5496 939 5543 ιι,
969 5482 1021 5532 7.

608 5659 719 5729 (30)
758 5676 937 5729 παμπ.
976 5658 1137 5713 Sirm.
1173 5658 1409 5713 habebat
1439 5658 1787 5728 παμπόλλων.

1101 5483 1146 5512 θ’
1185 5481 1392 5537 Coloss.
1435 5481 1585 5544 1,15.
1662 5482 1725 5512 ”“
1758 5481 1888 5536 Gen.
1926 5499 1997 5545 tv,
2030 5482 2115 5538 9.5.

2202 4483 2344 4552 ρίαν,
2374 4482 2499 4536 οὔτε
2522 4483 2694 4554 ἀρχὴν
2723 4485 2968 4554 ἡμερῶν,
2995 4483 3118 4537 οὔτε
3140 4485 3282 4553 ζωῆς
3305 4483 3459 4546 τέλος
3484 4482 3615 4551 ἔχει·
3642 4484 3806 4537 κατὰ

2198 4575 2255 4627 δὲ
2282 4573 2382 4644 τὴν
2408 4573 2685 4643 ἀλήθειαν,
2721 4576 2749 4627 6
2791 4573 3083 4643 μονογενὴς
3127 4572 3222 4625 τοῦ
3268 4572 3421 4627 Θεοῦ,
3460 4571 3625 4638 Υἱὸς,
3660 4570 3803 4625 οὔτε

2202 4662 2407 4734 ῆρξατο
2432 4661 2525 4715 τοῦ
2553 4657 2713 4723 εἶναι,
2748 4662 2871 4715 οὔτε
2903 4662 3145 4733 λήψεται.
3164 4661 3336 4725 τέλος.

2275 4754 2480 4808 ΕΡΑΝ.
2532 4753 2915 4823 Ὢμολόγηται.

2282 4843 2434 4897 ΟΡΘ.
2475 4843 2633 4897 Κατά
2658 4845 2755 4914 μὲν
2777 4840 2870 4897 οὖν
2893 4843 2961 4899 τὰ
2987 4842 3263 4914 θεοπρεπῆ
3292 4839 3465 4897 ταῦτα
3495 4841 3589 4895 καὶ
3614 4840 3803 4907 θντως

2214 4934 2362 5000 θεῖα,
2396 4934 2565 4999 τύπος
2606 4938 2635 4988 ό
2682 4934 3018 5005 Μελχισεδὲκ
3056 4934 3148 4987 τοῦ
3194 4934 3465 4987 Δεσπότου
3511 4934 3755 5004 Χριστοῦ
3780 4952 3800 4967 θ

2214 5025 2354 5087 κατὰ
2376 5024 2434 5077 δέ
2471 5042 2534 5093 γε
2567 5025 2664 5094 τὴν
2698 5024 3131 5095 ἀρχιερωσύνην,
3163 5025 3285 5094 ἥτις
3314 5021 3621 5094 ἀνθρώποις
3652 5023 3811 5092 μᾶλο

2212 5117 2302 5171 λον
2340 5117 2372 5187 ἢ
2398 5116 2517 5187 Θεῷ
2545 5118 2809 5188 προσήκει
2831 5158 2846 5181 ,
2871 5118 2898 5170 6
2926 5116 3200 5185 Δεσπότης
3233 5115 3466 5186 Χριστὸς
3498 5114 3808 5184 ἀρχιερεὺς

2214 5208 2405 5275 γέγονε
2431 5208 2570 5260 κατά
2597 5209 2696 5277 τὴν
2727 5208 2885 5274 τάξιν,
2909 5206 3402 5277 Μελχισεδέκκωι
3440 5204 3549 5275 γάρ
3582 5205 3809 5269 ἐκεῖνος

2215 5301 2383 5355 ἐθνῶν
2418 5301 2661 5371 ὑπῆρχεν
2694 5296 3003 5369 ἀρχιερεύς·
3037 5298 3131 5352 καὶ
3169 5298 3198 5350 6
3243 5296 3521 5366 Δεσπότης
3554 5293 3811 5365 Χριστὸς

2198 5482 2240 5511 ⁰³
2271 5482 2436 5536 llcbr.
2471 5497 2539 5545 γι,
2570 5479 2667 5543 L20;
2706 5478 2844 5532 Psal.
2887 5492 2991 5539 CIX,
3029 5478 3078 5530 4.
