4006 6202
274 311 365 376 129

1325 297 1700 359 DIALOGUS
1739 295 1820 357 ΙῘ.
1865 321 1929 332 --
1968 298 2462 359 INCONFUSUS.

3416 287 3513 359 130

268 421 402 491 ὑπὲρ
432 416 686 471 ἀπάντων
713 411 1021 482 ἀνθρώπων
1041 410 1140 479 τὴν
1161 407 1434 477 παναγίαν
1458 408 1552 460 καὶ
1577 407 1843 476 σωτήριον

2000 407 2204 462 nnibus
2234 406 2549 461 hominibus
2574 402 2978 460 sanctissimum
3005 414 3060 457 et
3087 402 3323 458 salutare
3351 407 3514 460 sacrio

271 512 451 566 θυσίαν
479 509 875 579 προσήνεγκεν.

332 598 535 655 ΕΡΔΝ.
577 594 816 656 Πολλοὺς
857 589 991 661 περὶ
1018 587 1210 642 τούτου
1256 584 1719 658 κατηναλώσαμεν
1751 583 1838 637 λό⁴

274 709 492 835 γΰέςέθ.
544 777 747 833 Ἐδεῖτο
769 774 872 827 ’καὶ
914 770 1198 836 πλειόνων,
1241 769 1318 834 ὡς
1348 765 1524 822 οἶσθα·
1561 766 1846 838 δυσνόητον

275 876 372 946 γὰρ
404 869 620 940 ἔφησθα
643 869 706 921 τὸ
736 865 956 937 χωρίον.

334 964 541 1020 EPAN.
589 960 712 1014 Ἐπὶ
742 960 834 1012 τὸν
860 957 1223 1028 προκείμενον
1252 952 1638 1023 ἐπανέλθωμεν
1667 950 1844 1020 λόγον.

335 1055 492 1110 ΟΡΘ.
531 1055 597 1106 Τί
627 1052 684 1106 δὲ
713 1048 779 1124 ἦν
803 1051 940 1121 ἡμῖν
974 1046 1306 1119 ζητούμενον
1333 1045 1482 1118 (31);

338 1229 547 1284 εΡΑΝ.
604 1223 769 1296 Ἐμοῦ
795 1222 1072 1291 λέγοντος,
1099 1218 1174 1291 μὴ
1197 1221 1394 1290 χρῆναι
1425 1215 1611 1271 καλεῖν
1641 1212 1854 1285 ἄνθρω-

278 1337 372 1373 πον
409 1319 504 1370 τὸν
533 1313 790 1387 Χριστὸν,
821 1310 958 1365 ἀλλά
999 1309 1159 1379 μόνον
1185 1308 1340 1372 Θεὸν,
1373 1304 1576 1368 πολλάς
1600 1320 1662 1372 γε
1689 1302 1854 1365 ἄλλας

276 1409 429 1466 «om
461 1402 770 1477 μαρτυρίας
797 1401 1138 1472 παρήγαγες,
1169 1397 1266 1450 καλ⁵
1287 1396 1351 1468 δὴ
1376 1396 1470 1449 καὶ
1498 1394 1598 1466 τὴν
1619 1397 1854 1448 ἀποστο-

279 1503 430 1572 λικὴν
472 1499 633 1570 ῥῆσιν
665 1495 902 1564 ἐκείνην,
937 1493 1005 1562 ἢν
1047 1488 1298 1560 Τιμοθέῳ
1334 1488 1560 1560 γράφων
1589 1485 1850 1539 τέθεικεν·

285 1613 304 1648 ι
315 1589 401 1658 Εἷς
415 1592 569 1654 Θεὸς,
581 1583 664 1651 εἷς
682 1587 774 1639 καὶ
790 1583 1012 1654 μεσίτης
1029 1579 1163 1634 Θεοῦ
1188 1580 1282 1632 καὶ
1303 1577 1625 1649 ἀνθρώπων,
1649 1574 1858 1644 ἄνθρω-

282 1704 374 1749 ⁵ιοος
395 1682 638 1755 Χριστὸς
677 1677 900 1750 Ἰησοῦς,
949 1675 978 1728 ὁ
1013 1673 1136 1737 δοὺς
1168 1672 1360 1726 ἑαυτὸν
1393 1672 1711 1742 ἀντίλυτρον
1736 1671 1856 1723 ἀντὶ

279 1779 516 1830 πάντων.
549 1791 574 1824 ο

347 1867 505 1922 υΡΘ.
551 1860 928 1934 Ἀνεμνήσθην
956 1858 1120 1914 πόθεν
1149 1859 1230 1922 είς
1257 1857 1415 1928 τήνδε
1442 1856 1542 1926 τὴν
1575 1850 1857 1924 παρέκϐα-

280 1978 369 2016 σιν
401 1957 768 2026 ὲξεκλίναμεν.
820 1951 986 2022 Ἐμοῦ
1028 1951 1136 2022 γάρ
1179 1948 1462 2020 εἰρηκότος
1490 1946 1565 2010 ὡς
1595 1944 1690 1998 καὶ
1731 1941 1860 1996 αὑτὸ

279 2052 377 2105 τοῦ
411 2050 628 2121 μεσίτου
648 2047 818 2116 δνομα
841 2044 935 2097 τοῦ
966 2044 1216 2114 Σωτῆρος
1241 2041 1397 2113 ἡμῶν
1423 2039 1523 2104 τάς
1549 2038 1644 2092 δύο
1671 2035 1861 2107 φύσεις

283 2140 605 2213 παραδηλοῖ,
648 2136 809 2200 αὐτὸς
861 2133 1074 2204 ἔφησθα
1127 2135 1221 2186 καὶ
1265 2129 1505 2185 Μωῦσέα
1561 2125 1862 2198 κεκλῆσθαι

287 2235 532 2305 μεσίτην,
574 2229 862 2301 ἄνθρωπος
891 2227 947 2280 δὲ
995 2226 1154 2296 μόνον
1191 2225 1398 2286 ἐκεῖνος
1437 2219 1734 2289 ἐτύγχανεν
1763 2216 1861 2282 ὢν,

282 2327 345 2380 ού
378 2324 509 2386 Θεὸς
533 2322 628 2375 καὶ
659 2319 965 2391 ἅνθρωπος.
999 2315 1210 2368 Τούτου
1244 2313 1308 2384 δὴ
1332 2313 1490 2384 χάριν
1509 2307 1865 2381 ἠναγκάσθην

283 2413 452 2468 ταῦτα
477 2409 789 2477 διεξελθεῖν,
815 2408 902 2461 ἵνα
923 2403 1082 2472 δείξω
1092 2404 1184 2458 τὸν
1198 2403 1368 2458 τύπον
1391 2404 1452 2456 ού
1474 2401 1654 2456 πάντα
1673 2400 1865 2469 ἔχοντα

286 2509 388 2561 ὅσα
425 2504 490 2557 τὸ
517 2502 826 2575 ἀρχέτυπον
860 2497 992 2568 ἔχει.
1018 2496 1156 2551 Εἰπὲ
1179 2495 1380 2559 τοίνυν,
1405 2496 1454 2548 εί
1486 2492 1866 2563 συνομολογεῖς

282 2599 482 2670 χρῆναι
519 2597 614 2650 καὶ
645 2593 930 2666 ἄνθρωπον
965 2588 1326 2660 ὀνομάζεσθαι
1358 2587 1449 2640 τὸν
1476 2586 1709 2657 Σωτῆρα
1732 2584 1866 2655 Χρι-

283 2689 448 2755 στόν;

357 2777 562 2834 ΕΡΔΝ.
617 2775 759 2846 Ἐγὼ
803 2774 932 2828 Θεὸν
984 2772 1147 2828 αὐτὸν
1191 2771 1358 2827 καλῶ·
1395 2768 1530 2823 Θεοῦ
1561 2767 1672 2838 γάρ
1719 2767 1867 2819 ἐστιν

289 2874 440 2937 Υἱός.

358 2965 513 3022 οΡθ.
555 2965 618 3018 Εἰ
660 2963 792 3015 Θεὸν
838 2959 1000 3013 αὐτὸν
1032 2957 1218 3022 καλεῖς
1242 2997 1257 3021 ,
1287 2955 1475 3026 ἐπειδὴ
1522 2951 1656 3006 Θεοῦ
1705 2951 1868 3005 αὐτὸν

1945 498 2129 552 ficium
2161 498 2380 552 obtulit.

2015 590 2222 645 ERAN.
2265 589 2462 644 Multos
2503 589 2557 643 in
2602 588 2705 642 hac
2749 601 2809 640 re
2851 600 3136 642 sermones
3175 588 3526 657 consumpsi-

1944 697 2088 737 mus.

2011 774 2224 830 ORTH.
2266 776 2334 830 Et
2377 773 2630 844 pluribus
2666 788 2804 843 opus
2842 781 2982 836 erat,
3014 779 3074 825 ut
3111 769 3257 824 nos-ti
3294 786 3307 821 :
3337 767 3524 824 dixisti

1939 864 2094 919 enim
2122 866 2300 919 locum
2331 881 2453 920 esse
2478 865 2758 919 intellectu
2782 864 3078 918 difﬁcilem.

2019 956 2227 1012 ERAN.
2261 958 2340 1012 Ad
2393 957 2702 1012 institutam
2745 956 3170 1026 disputationem
3213 952 3526 1007 redeamus.

2022 1047 2230 1103 ORTH.
2266 1047 2406 1115 Quid
2464 1055 2648 1102 autem
2689 1055 2810 1102 erat
2855 1046 3003 1116 quod
3040 1061 3070 1100 a
3111 1045 3274 1100 nobis
3313 1059 3528 1114 quaere-

1951 1139 2152 1194 batur?

2022 1231 2229 1286 ERAN.
2265 1230 2401 1285 Cum
2437 1231 2698 1295 dicerem,
2729 1210 3010 1287 Christum
3050 1246 3161 1285 non
3195 1231 3396 1285 debere
3429 1240 3525 1283 ro-

1954 1324 2068 1378 cari
2098 1324 2397 1388 hominem,
2422 1324 2518 1378 sed
2542 1325 2713 1379 Deum
2742 1324 3026 1387 duntaxat,
3055 1332 3110 1378 et
3135 1331 3189 1376 tu
3223 1323 3326 1377 alia
3359 1323 3530 1374 multa

1955 1415 2266 1470 testimonia
2307 1414 2609 1484 protulisti,
2647 1422 2703 1468 et
2741 1414 3102 1483 apostolicum
3147 1412 3280 1466 illud
3321 1412 3528 1466 dictum

1953 1507 2254 1577 imprimis,
2299 1507 2446 1577 quod
2495 1514 2579 1562 est
2630 1507 2684 1560 in
2729 1505 2973 1575 Epistola
3021 1505 3088 1559 ad
3132 1497 3528 1558 Timotheum:

1965 1618 1983 1651 ι
2025 1599 2178 1654 Unus
2209 1600 2371 1664 Deus,
2417 1609 2473 1654 et
2505 1614 2647 1653 unus
2679 1599 2951 1653 mediator
2990 1598 3086 1651 Dei
3126 1607 3181 1651 et
3223 1596 3530 1658 hominum,

1957 1691 2126 1745 homo
2156 1689 2409 1746 Christus
2432 1690 2611 1753 Iesus,
2633 1690 2727 1759 qui
2753 1688 2904 1742 dedit
2928 1689 3169 1757 seipsum
3201 1685 3533 1754 redemptio-

1889 1759 1936 1813 Β
1959 1796 2090 1836 nem
2119 1795 2222 1850 pro
2245 1781 2507 1833 omnibus
2531 1779 2596 1832 9‘.
2633 1797 2651 1830 ›

2030 1872 2238 1928 ORTII.
2277 1872 2520 1935 Memini,
2554 1887 2661 1941 qua
2704 1871 2989 1925 occasione
3035 1868 3090 1922 in
3141 1867 3283 1921 hanc
3323 1865 3539 1936 digres-

1961 1964 2174 2020 sionem
2208 1961 2613 2017 deflexerimus.
2656 1961 2790 2014 Nam
2826 1977 2950 2015 cum
2984 1974 3083 2029 ego
3115 1958 3395 2020 dixissem,
3421 1973 3538 2009 me-

1962 2053 2193 2108 diatoris
2218 2067 2418 2107 nomen
2446 2052 2580 2107 duas
2608 2052 2907 2107 Salvatoris
2934 2050 3102 2104 nostri
3129 2059 3352 2103 naturas
3375 2047 3542 2118 signi-

1964 2143 2158 2209 ﬁcare,
2212 2152 2269 2198 tu
2315 2143 2626 2213 subjecisti,
2683 2143 2868 2197 Mosen
2922 2155 3141 2212 quoque
3184 2140 3543 2194 mediatorem
3603 2161 3606 2163 λ

1963 2235 2318 2304 appellatum,
2352 2236 2601 2304 quamvis
2637 2234 2727 2288 ille
2760 2233 2925 2287 homo
2966 2240 3176 2286 tantum
3213 2230 3400 2293 fuerit,
3432 2245 3542 2283 non

1963 2327 2111 2382 Deus
2140 2335 2196 2381 et
2224 2327 2411 2380 homo.
2445 2326 2576 2380 Ideo
2605 2332 2829 2380 coactus
2867 2339 2987 2379 sum
3022 2324 3136 2378 hau:
3171 2322 3449 2392 persequi,
3487 2327 3546 2372 ut

1965 2418 2316 2474 ostenderem
2361 2425 2548 2488 typum
2591 2430 2702 2470 non
2743 2415 2926 2469 omnia
2972 2414 3178 2468 habere
3217 2426 3340 2482 qua:
3382 2411 3547 2464 haLet

1965 2509 2346 2578 archetypum.
2388 2507 2487 2560 Dic
2527 2504 2716 2576 igitur,
2755 2519 2824 2558 an
2866 2504 3164 2558 conﬁteare
3200 2501 3547 2556 Scrvatorcm

1965 2599 2247 2656 Christum
2272 2597 2439 2653 etiam
2467 2597 2746 2652 hominem
2777 2596 3037 2668 appellari
3069 2595 3273 2650 debere

2035 2774 2144 2845 93
2178 2771 2385 2828 ERAN.
2417 2771 2531 2842 Ego
2567 2771 2740 2825 Deum
2786 2770 2967 2839 ipsum
3003 2767 3237 2838 appello.
3264 2767 3362 2822 Dei
3399 2767 3546 2822 enim

1969 2867 2142 2921 Filius
2167 2874 2271 2920 cst.

2038 2957 2248 3013 ORTH.
2286 2955 2340 3011 Si
2369 2956 2540 3011 Deum
2578 2954 2756 3025 ipsum
2797 2967 2983 3017 vocas,
3008 2951 3138 3022 quia
3178 2950 3420 3006 didicisti
3459 2950 3552 3003 Fi-

282 3056 579 3128 ὲδιδάχθης
618 3055 767 3119 risv,
798 3053 958 3107 κάλει
996 3051 1089 3105 καὶ
1119 3051 1426 3122 ἄνθρωπον
1472 3047 1598 3100 Υίὸν
1630 3046 1738 3116 γὰρ
1773 3046 1868 3097 ἀν-

2000 3051 2110 3104 ium
2136 3051 2234 3105 Dei
2266 3065 2408 3115 esse,
2442 3064 2578 3104 voca
2615 3047 2782 3102 etiam
2814 3045 3094 3100 hominem
3126 3061 3139 3096 :
3177 3043 3370 3097 Filium
3403 3041 3551 3097 enim

282 3149 511 3221 θρώπου
545 3145 805 3208 πολλάκις
833 3141 1024 3196 ἑαυτὸν
1053 3138 1515 3212 προσηγόρευσεν.

359 3239 570 3296 ΕΡΔΝ.
610 3239 723 3308 Ούχ
761 3235 1021 3306 ἀρμόττει
1052 3230 1200 3302 αύτῷ
1238 3229 1300 3283 τὸ
1338 3227 1626 3299 ἄνθρωπος
1669 3223 1875 3294 ὄνομα,

281 3341 366 3398 ὡς
396 3333 462 3386 τὸ
493 3331 628 3394 Θεὸς
657 3329 849 3398 ὄνομα.

359 3425 515 3482 ΟΡΘ.
565 3424 652 3488 Ὠς
681 3423 781 3475 οὐκ
807 3419 866 3473 ὃν
899 3416 1117 3489 ἀληθὲς,
1147 3415 1182 3486 ἢ
1212 3414 1278 3468 δι’
1310 3412 1502 3481 ἑτέραν
1539 3407 1719 3463 αἰτίαν
1744 3424 1759 3473 ;

363 3611 578 3668 EPAN.
621 3609 696 3662 Τὸ
732 3607 878 3670 Θεὸς
904 3605 1074 3675 ὄνομα
1114 3605 1213 3673 τῆς
1255 3599 1471 3670 φύσεως
1505 3597 1676 3667 ὄνομα
1735 3593 1797 3648 τὸ
1823 3593 1880 3647 δὲ

286 3705 581 3774 ἄνθρωπος
610 3701 710 3770 τῆς
746 3696 1057 3768 οἰκονομίας
1089 3693 1410 3764 πρόσρημα.

360 3793 521 3847 ΟΡΘ.
563 3791 675 3860 Τὴν
713 3789 770 3843 δὲ
816 3784 1130 3856 οἰκονομίαν
1164 3781 1341 3853 ἀληθῆ
1378 3778 1641 3851 φαμεν,ἢ
1680 3793 1882 3847 φαντα-

291 3886 466 3957 σιιῖὦη
493 3883 618 3938 τινὰ
649 3882 744 3935 καὶ
767 3879 937 3950 ψευδῆ
962 3895 980 3945 ;

362 3976 576 4030 EPAN.
629 3973 852 4043 ’Δληθῆ.

358 4069 520 4125 ΟΡΘ.
561 4067 628 4121 Ei.
663 4065 842 4119 τοίνυν
871 4061 1077 4133 ἀληθὴς
1114 4061 1216 4131 τῆς
1250 4056 1566 4129 οἰκονομίας
1601 4057 1634 4126 ἡ
1683 4053 1844 4124 χάρις
1867 4092 1883 4119 ,

288 4163 390 4235 τὴν
422 4158 843 4229 ἑνανθρώπησιν
879 4154 937 4208 δὲ
977 4152 1071 4206 τοῦ
1106 4151 1242 4205 Θεοῦ
1275 4150 1451 4219 Λόγου
1501 4145 1773 4216 καλοῦμεν
1805 4143 1888 4196 oi-

291 4254 587 4326 κονομίαν,
615 4250 814 4322 ἀληθὲς
842 4249 950 4320 ἄρα
977 4248 1070 4301 καὶ
1090 4246 1150 4299 τὸ
1180 4243 1468 4315 ἄνθρωπος
1495 4240 1689 4311 ὄνομα·
1723 4236 1887 4307 φύσιν

293 4351 407 4421 γὰρ
440 4345 794 4418 ἀνθρωπείαν
823 4339 1132 4404 ἀναλαῦὼν,
1177 4336 1548 4408 ἐχρημάτισεν
1577 4332 1884 4392 ἄνθρωπος.

362 4526 580 4583 EPAN.
633 4523 748 4595 Πρὸ
772 4521 866 4576 τοῦ
904 4519 1110 4584 πάθους
1140 4515 1387 4572 ἐκαλεῖτο
1408 4513 1712 4586 ἄνθρωπος·
1749 4510 1890 4584 μετά

287 4622 350 4676 δὲ
382 4621 450 4674 τὸ
479 4615 661 4680 πάθος
684 4617 785 4669 οὐκ
810 4614 914 4670 ἔτι.

365 4709 530 4767 ΟΡΘ.
572 4709 685 4760 Καὶ
719 4705 823 4777 μὴν
865 4702 1002 4776 μετά
1034 4702 1097 4756 τὸ
1127 4699 1298 4763 πάθος
1329 4699 1425 4754 καὶ
1449 4698 1548 4769 τὴν
1572 4696 1896 4760 ἀνάστασιν,

293 4801 515 4874 ἔγραψε
548 4798 801 4870 Τιμοθέῳ
831 4797 930 4868 τὴν
965 4792 1285 4862 Ἐπιστολὴν
1315 4793 1343 4845 ό
1369 4790 1510 4854 θεῖος
1553 4788 1898 4851 Ἀπόστολος,

291 4896 354 4947 ἰν
493 4892 589 4945 τὸν
638 4890 869 4960 Σωτῆρα
913 4885 1149 4958 Χριστὸν
1193 4882 1636 4956 προσηγόρευσεν
1677 4878 1880 4950 ἀνθρω-

295 5003 405 5040 πον
436 4986 579 5057 (52).
615 4982 770 5037 Μετά
799 4980 860 5034 τὸ
884 4979 1054 5042 πάθος
1081 4978 1176 5032 καὶ
1217 4975 1316 5048 τὴν
1348 4975 1668 5037 ἀνάστασιν,
1697 4973 1896 5041 Κοριν-

297 5077 448 5141 θίοις
478 5075 711 5148 γράφων
737 5073 848 5141 (55)
880 5070 999 5142 βοᾷ·
1036 5089 1054 5122 ι
1107 5066 1326 5138 Ἐπειδὴ
1363 5066 1474 5138 γὰρ
1501 5065 1568 5118 δι’
1600 5062 1894 5136 ἀνθρώπου

299 5169 569 5232 θάνατος,
600 5167 695 5220 καὶ
724 5165 794 5218 δι’
826 5161 1116 5234 ἀνθρώπου
1147 5159 1444 5222 ἀνάστασις
1474 5157 1583 5212 τῶν
1607 5155 1838 5228 νεκρῶν.
1874 5173 1894 5207 ι

300 5261 422 5316 Καὶ
448 5259 718 5314 διδάσκων
738 5256 1070 5327 σαφέστερον
1093 5254 1221 5325 περὶ
1243 5252 1386 5316 τίνος
1402 5251 1571 5320 λέγει,
1598 5252 1897 5321 ἐπήγαγενο

307 5368 330 5404 ε
369 5351 595 5419 Ἐσπερ
632 5348 741 5417 γὰρ
773 5348 832 5400 ὲν
865 5345 945 5416 τῷ
987 5345 1158 5415 ’Δδὰμ
1195 5343 1398 5406 πάντες
1441 5341 1900 5410 ἀποθνήσκουσιν,

376 5510 429 5541 ’⁸
455 5508 476 5562 ι
501 5505 649 5561 Tim.
677 5520 734 5570 n,
759 5504 810 5569 5,
837 5504 890 5558 6.
954 5501 1002 5533 9⁵
1030 5500 1199 5556 lCor.
1230 5515 1317 5566 xv,
1348 5497 1442 5552 21.

379 5650 500 5717 (3|)
537 5640 976 5717 Cr,1Ed_._L_ips.
1011 5651 1197 5707 praan
1231 5635 1311 5716 τό.
1404 5703 1418 5717 ⁸
1476 5702 1544 5717 π
1581 5715 1605 5717 ,Α
1681 5707 1720 5717 Α.
1753 5696 1810 5717 Η

381 5697 499 5792 iiii
544 5697 700 5786 ἆνΘρ.
750 5713 828 5769 Ad
866 5697 1027 5766 h‘anc‘
1045 5721 1235 5763 vocem
1263 5704 1320 5758 in
1352 5703 1442 5759 ed.
1476 5702 1634 5758 Rom.
1671 5707 1726 5755 et
1753 5697 1901 5766 Lips.

1976 3141 2216 3195 hominis
2240 3155 2382 3210 saepe
2411 3155 2468 3195 se
2503 3139 2681 3208 ipsum
2712 3135 3023 3207 appellavit.

2044 3235 2062 3254 ⁶
2093 3231 2304 3287 ΕΒΑΝ.
2339 3231 2458 3287 Non
2491 3231 2746 3302 congruit
2775 3229 2827 3283 ei
2871 3227 3114 3283 hominis
3157 3242 3380 3294 nomen,
3411 3226 3556 3281 sicut

1978 3341 2177 3381 nomen
2208 3325 2327 3381 Dei.

2047 3414 2258 3471 ORTH.
2311 3416 2395 3471 An
2442 3414 2591 3486 quod
2636 3429 2832 3469 verum
2880 3428 2991 3468 non
3047 3413 3140 3476 sit,
3177 3427 3247 3466 an
3292 3410 3450 3465 aliam
3484 3409 3556 3464 ob

1979 3507 2239 3562 causam?

2048 3597 2256 3652 ERAN.
2291 3596 2501 3650 Nomen
2535 3597 2632 3650 Dei
2659 3610 2857 3650 nomen
2880 3603 2963 3649 est
2991 3601 3201 3647 naturae
3232 3609 3245 3644 :
3271 3591 3436 3645 homo
3463 3605 3561 3643 au-

1983 3694 2114 3750 tem,
2146 3699 2347 3738 nomen
2377 3684 2820 3753 dispensationis.

2049 3775 2259 3831 ORTH.
2298 3775 2771 3845 Dispensationem
2803 3781 2984 3827 autem
3018 3786 3276 3827 veramne
3307 3771 3560 3836 dicimus,

1983 3884 2054 3924 an
2084 3868 2462 3939 imaginariam
2493 3867 2736 3937 aliquam
2765 3876 2822 3922 et
2850 3865 3076 3921 falsam?

2056 3960 2266 4016 ERAN.
2307 3961 2529 4015 Veram.

2057 4051 2269 4109 ORTH.
2307 4053 2364 4109 Si
2414 4053 2583 4124 igitur
2613 4069 2742 4109 vera
2785 4061 2869 4109 est
2911 4050 3340 4124 dispensationis
3370 4049 3565 4120 gratia,

1986 4145 2424 4203 incarnationem
2462 4161 2596 4201 vero
2634 4146 2732 4201 Dei
2771 4146 2936 4201 Verbi
2971 4145 3312 4216 appellamus
3344 4142 3568 4209 dispen-

1988 4239 2281 4305 sationem,
2307 4254 2502 4294 verum
2531 4248 2615 4293 est
2641 4237 2809 4308 igitur
2832 4245 2888 4291 et
2913 4235 3155 4290 hominis
3187 4249 3409 4288 nomen.
3454 4230 3568 4284 Hu-

1989 4342 2151 4384 mana
2213 4329 2362 4385 enim
2426 4338 2707 4399 assumpta
2775 4335 2972 4381 natura
3034 4327 3201 4380 homo
3269 4323 3573 4394 appellatus

1915 4436 1960 4492 ι)
1993 4431 2099 4478 est.

2061 4511 2270 4567 ERAN.
2317 4511 2458 4566 Ante
2508 4511 2823 4581 passionem
2874 4508 3181 4580 appellatus
3221 4513 3306 4562 est
3351 4503 3518 4558 homo
3555 4516 3570 4556 :

1991 4614 2118 4678 post
2142 4603 2453 4674 passionem
2480 4618 2614 4658 vero
2644 4616 3018 4672 nequaquam.

2064 4694 2274 4751 ORTH.
2310 4693 2564 4749 Profecto
2593 4698 2717 4762 post
2759 4691 3072 4760 passionem
3115 4699 3171 4743 et
3222 4694 3347 4758 post
3386 4701 3578 4741 resur-

1997 4787 2334 4851 rectionem,
2396 4784 2619 4854 scripsit
2649 4781 2942 4836 Timotheo
3001 4779 3303 4850 Epistolam
3359 4777 3582 4833 divinus

1998 4878 2313 4950 Apostolus,
2347 4875 2402 4930 in
2435 4891 2541 4944 qua
2581 4871 2863 4929 Christum
2907 4870 3247 4925 Salvatorem
3290 4869 3585 4939 appellavit

2001 4970 2302 5025 hominem.
2353 4968 2484 5025 Post
2532 4964 2846 5036 passionem
2897 4971 2954 5018 et
2999 4961 3486 5025 resurrectionem,
3523 4964 3588 5017 ad

1995 5060 2313 5119 Corinthios
2359 5057 2611 5114 scribens
2652 5057 2892 5112 clamat:
2931 5073 2949 5105 ι
2981 5052 3250 5119 Quoniam
3295 5052 3446 5106 enim
3497 5069 3595 5122 per

1997 5154 2278 5210 hominem
2301 5167 2469 5218 mors,
2487 5159 2544 5206 et
2560 5166 2659 5221 per
2680 5148 2962 5204 hominem
2987 5144 3318 5200 resurrectio
3341 5151 3596 5198 mortuo-

1999 5261 2122 5301 rum
2145 5246 2214 5299 ".
2244 5260 2263 5296 ι
2310 5244 2379 5299 Et
2410 5242 2614 5299 clarius
2651 5241 2857 5296 docens
2885 5238 2954 5292 de
2986 5250 3096 5307 quo
3133 5235 3416 5305 loquatur,
3467 5233 3594 5287 sub-

1995 5337 2180 5409 junxit
2213 5355 2227 5392 :
2279 5356 2296 5388 ι
2329 5335 2486 5392 Sicut
2520 5333 2669 5390 enim
2699 5332 2758 5387 in
2783 5331 2992 5386 Adamo
3021 5341 3216 5384 omnes
3248 5324 3595 5392 moriuntur,

2007 5623 2232 5692 ponitur
2265 5635 2500 5692 comma,
2541 5617 2608 5674 ad
2642 5618 2938 5692 ἀνάστασιν
2972 5635 3104 5674 vero
3133 5626 3422 5688 punctum.

2087 5694 2198 5764 (35)
2237 5708 2326 5762 γρ.
2357 5691 2597 5760 Utraque
2622 5688 2755 5744 edit.
2790 5704 2975 5758 praem.
3004 5692 3133 5760 γάρ.
