4006 6202
451 233 460 237 ”
486 251 584 314 131

1492 251 1981 311 THEODORETI
2022 253 2361 316 EPISCOPI
2401 257 2768 319 CYRENSIS

3666 265 3762 332 132

483 366 561 419 ita
583 363 749 418 etiam
778 363 834 417 in
864 362 1086 420 Christo
1107 378 1297 419 omnes
1326 362 1753 418 viviﬁcabuntur
1781 364 1849 416 ’°.
1886 383 1902 414 I
1938 365 2068 419 Post

2190 365 2313 419 οὕτω
2339 368 2432 421 καὶ
2462 370 2519 421 ὲν
2544 370 2622 439 τῷ
2652 369 2873 441 Χριστῷ
2906 372 3108 433 πάντες
3152 371 3680 445 ζωοποιηθήσονται.
3735 397 3755 431 ι

483 457 794 527 passionem
816 464 870 510 et
889 457 1375 519 resurrectionem,
1399 455 1620 509 divinus
1641 456 1836 509 Petrus
1853 454 2070 509 Judaeos

484 546 790 615 alloquens,
818 547 996 600 virum
1022 547 1134 619 94
1161 548 1340 617 ipsum
1370 548 1665 617 appellavit
1687 547 1754 600 ’7.
1792 548 1923 601 Post
1952 548 2070 617 ejus

486 638 538 692 in
575 639 743 693 C(elos
770 638 1147 693 ascensionem
1185 640 1498 709 Stephanus
1518 648 1746 710 martyr,
1772 654 1896 692 cum
1935 638 2071 707 lapi-

485 730 650 785 dibus
680 729 1032 792 obrueretur,
1066 730 1204 783 dixit
1237 730 1441 786 Judaeis
1474 747 1488 783 :
1534 749 1551 780 ι
1589 730 1728 783 Ecce
1768 729 1929 784 video
1955 745 2070 784 eae-

486 821 570 874 lns
630 828 881 890 apertos,
934 829 990 874 et
1021 820 1221 874 Filium
1251 820 1494 875 hominis
1526 827 1763 873 stantem
1809 835 1836 872 a
1865 818 2074 872 dextris

486 913 585 967 Dei
623 915 688 967 ’Ἢ
722 933 739 964 ι
788 913 868 967 Ne
907 921 1093 982 itaque
1139 930 1240 968 nos
1284 913 1650 983 sapientiores
1692 912 2072 966 existimemus

487 1006 698 1076 magnis
725 1005 1074 1076 praeconibus
1107 1006 1379 1060 veritatis.

558 1183 766 1238 ERAN.
801 1184 921 1237 Non
960 1183 1356 1252 sapientiorem
1393 1198 1479 1237 me
1511 1183 1717 1237 sanctis
1752 1180 2076 1236 doctoribus

486 1276 761 1339 existimo,
789 1275 885 1329 sed
912 1275 1152 1329 nominis
1177 1291 1335 1329 usum
1363 1290 1474 1330 non
1498 1274 1738 1345 reperio.

564 1450 774 1506 ORTH.
835 1451 944 1507 Eos
993 1452 1179 1522 igitur,
1233 1453 1327 1523 qui
1395 1454 1610 1509 Domini
1677 1453 2072 1507 humanitatem

488 1553 711 1613 negant,
761 1544 1170 1609 Marcionistas,
1219 1545 1475 1613 inquam,
1520 1554 1576 1599 et
1627 1544 1979 1606 Manichaaos,
2020 1552 2076 1598 et

488 1636 627 1689 alios
666 1635 759 1703 qui
803 1636 996 1688 eodem
1033 1635 1225 1689 morbo
1261 1636 1534 1700 laborant,
1566 1651 1676 1706 quo
1711 1644 1871 1706 pacto
1897 1634 2073 1690 addu-

2178 459 2332 510 Μετὰ
2371 460 2432 511 τὸ
2459 460 2629 524 πάθος
2657 465 2751 513 καὶ
2779 461 2877 533 τὴν
2907 464 3224 523 ἀνάστασιν.
3275 467 3302 517 6
3338 465 3481 530 θεῖος
3515 467 3722 541 Πέτρος
3745 510 3761 535 ,

2192 550 2465 613 Ἰουδαίοις
2491 553 2874 623 διαλεγόμενος
2895 596 2909 619 ,
2940 555 3109 625 ἄνδρα
3133 557 3297 609 αὑτὸν
3328 559 3761 631 προσηγόρευσε.

2178 644 2332 695 Μετὰ
2365 644 2461 714 τὴν
2490 646 2568 707 είς
2601 647 2862 716 οὐρανοὺς
2895 648 3182 718 ἀνάληψιν,
3216 650 3244 700 6
3279 649 3597 714 καλλίνικος
3628 652 3761 707 Στέ-

2180 752 2346 803 φανος
2386 736 2893 808 λιθολευστούμενος
2937 740 3039 811 ἔφη
3077 743 3189 801 τοῖς
3230 741 3525 803 Ἰουδαίοις⁹
3564 760 3583 793 ι
3629 744 3764 798 Ἰδοὺ

2180 827 2367 898 θεωρῶ
2392 830 2517 891 τοὺς
2542 830 2801 899 οὐρανοὺς
2829 831 3230 901 ἀνεῳγμένους,
3268 832 3364 884 καὶ
3392 832 3484 884 τὸν
3513 832 3640 885 Υίὸν
3665 834 3765 887 τοῦ

2178 919 2465 990 ἀνθρώπου
2508 922 2714 975 ἑστῶτα
2747 924 2811 975 ἐκ
2850 923 3038 988 δεξιῶν
3064 923 3160 976 τοῦ
3192 924 3348 975 Θεοῦ.
3401 944 3418 975 ι
3455 925 3547 995 Μὴ
3578 925 3765 979 τοίνυν

2178 1014 2325 1081 ἡμᾶς
2354 1014 2550 1078 αὐτοὺς
2587 1016 2925 1086 σοφωτέρους
2955 1017 3341 1088 ὑπονοήσωμεν
3365 1016 3473 1070 τῶν
3509 1018 3767 1088 μεγάλων

2180 1104 2435 1175 κηρύκων
2464 1106 2563 1174 τῆς
2590 1106 2865 1176 ἀληθείας.

2253 1199 2455 1252 ΕΡΑΝ.
2486 1199 2560 1251 υῦ
2594 1197 2900 1269 σοφώτερον
2923 1200 3156 1269 ἐμαυτὸν
3186 1201 3294 1253 τῶν
3314 1200 3484 1268 ἁγίων
3512 1201 3768 1255 διδασκάο

2182 1290 2288 1344 λων
2324 1292 2628 1363 ὑπείληφα,
2661 1292 2777 1345 ἀλλ’
2818 1293 2915 1362 οὐχ
2959 1293 3197 1363 εὑρίσκω
3237 1292 3334 1364 τὴν
3367 1293 3462 1347 τοῦ
3493 1293 3767 1365 ὀνόματος

2180 1382 2391 1452 χρείαν.
2484 1399 2490 1408 ’

2252 1474 2403 1528 ΟΡΘ.
2439 1475 2577 1538 Τοὺς
2616 1469 2709 1528 οὖν
2755 1475 3119 1546 ἀρνουμένους
3150 1474 3243 1528 τοῦ
3289 1476 3495 1546 Κυρίου
3527 1477 3626 1548 τὴν
3659 1479 3769 1530 άν-

2184 1564 2539 1634 θρωπότητα,
2589 1566 3031 1630 Μοιρκιωνιστὰς,
3065 1565 3228 1636 φημὶ,
3264 1568 3358 1619 καὶ
3388 1569 3727 1636 διανιχαίους
3752 1609 3767 1632 ,

2183 1656 2276 1708 καὶ
2301 1657 2427 1717 τοὺς
2455 1655 2667 1721 ἄλλους,
2702 1657 2813 1710 ὅσοι
2844 1657 3048 1726 ταύτην
3071 1659 3284 1710 νοσοῦσι
3307 1657 3403 1728 τὴν
3434 1658 3605 1722 νόσον,
3642 1660 3773 1723 πῶς

488 1740 581 1779 cas
604 1767 617 1791 ,
674 1734 735 1779 ut
771 1727 1022 1779 veritatis
1070 1728 1377 1782 doctrinam
1415 1729 1858 1797 amplectantur?
1896 1744 2070 1781 annon

2190 1744 2250 1797 ἂν
2294 1744 2507 1797 πείσαιο
2551 1744 2886 1814 ὁμολογῆσαι
2932 1746 3031 1815 τῆς
3075 1746 3329 1816 ἀληθείας
3363 1727 3426 1798 τὸ
3459 1750 3771 1818 κήρυγμας

489 1816 593 1870 ista
629 1825 683 1869 et
721 1816 923 1869 similia
956 1817 1270 1872 testimonia
1308 1818 1617 1887 proferens,
1643 1819 1846 1887 quibus
1877 1821 2076 1873 doceas

488 1923 598 1961 non
632 1908 802 1961 Deum
834 1916 1069 1977 tantum,
1110 1909 1208 1963 sed
1245 1908 1412 1964 etiam
1443 1909 1723 1963 hominem
1764 1924 1886 1964 esse
1918 1909 2075 1965 Cbri-r

486 2007 632 2053 stum
668 1999 1003 2053 Dominum?

560 2090 768 2144 ERAN.
811 2091 910 2146 His
935 2091 1167 2146 fortasse
1200 2091 1436 2161 proferri
1465 2106 1692 2146 necesse
1724 2098 1829 2146 est.

557 2182 768 2236 ORTH.
846 2182 1063 2236 Fideles
1128 2192 1311 2237 autem
1380 2199 1480 2237 cur
1534 2184 1805 2254 dogmatis
1868 2182 2045 2237 verita

490 2282 599 2326 tem
663 2289 774 2326 non
834 2272 1075 2328 doceas?
1116 2273 1401 2329 Oblitusne
1439 2288 1500 2328 es
1539 2274 1675 2345 legis
1740 2274 2073 2343 apostolica,

489 2380 611 2433 quae
641 2366 882 2433 praacipil
916 2370 929 2383 ‘
957 2380 1058 2419 nos
1081 2380 1299 2434 semper
1333 2374 1553 2435 paratos
1587 2380 1709 2419 esse
1745 2365 1813 2419 ad
1846 2380 2046 2434 respon

490 2456 729 2509 dendum
756 2458 839 2510 '9?
875 2456 1303 2511 Consideremus
1328 2458 1434 2512 hoc
1462 2458 1796 2526 exemplum.
1826 2456 2078 2526 Optimus

489 2549 727 2602 militum
775 2549 1036 2619 magister
1076 2549 1299 2603 solusne
1343 2565 1469 2603 cum
1520 2549 1774 2604 hostibus
1809 2547 2074 2618 conﬂigit,

489 2648 546 2693 et
591 2638 643 2691 in
682 2653 777 2691 eos
825 2639 1050 2708 sagittas
1102 2639 1270 2692 mittit
1323 2648 1379 2694 et
1418 2641 1714 2709 jaculatur,
1774 2656 2076 2709 eorumque

488 2729 714 2783 ordines
742 2730 1068 2799 perrumpit,
1100 2744 1168 2783 an
1203 2745 1333 2784 suos
1362 2730 1529 2784 etiam
1557 2731 1761 2784 milites
1791 2741 1988 2795 armat,
2020 2740 2077 2785 et

489 2820 754 2889 disponit,
786 2828 841 2874 et
878 2820 946 2874 ad
985 2820 1204 2875 fortiter
1234 2821 1590 2891 pmliandum
1625 2837 1817 2876 eorum
1860 2823 2075 2878 animos

494 2914 734 2973 excitat?

558 3005 766 3060 ERAN.
800 3004 915 3058 Hoc
939 3003 1019 3057 illi
1048 3004 1323 3075 praecipue
1352 3006 1723 3076 przestandum
1753 3012 1859 3060 est.

561 3094 771 3149 ORTlI.
812 3095 1051 3165 Magistri
1094 3096 1240 3150 enim
1287 3097 1522 3150 militum
1556 3107 1742 3167 partes
1770 3112 1881 3151 non
1918 3104 2066 3161 sunt,

488 3196 549 3239 ut
571 3187 686 3254 ipse
719 3184 941 3254 quidem
966 3186 1209 3254 pericula
1241 3186 1418 3251 adeat,
1446 3195 1663 3256 stetque
1705 3187 1759 3240 in
1796 3185 1935 3251 acie,
1962 3186 2069 3239 mi-

488 3276 613 3328 lites
651 3291 782 3329 vero
823 3276 878 3330 in
915 3283 1206 3345 utramque
1244 3292 1432 3331 aurem
1473 3277 1713 3331 dormire
1741 3276 1884 3330 sinat
1918 3294 1931 3328 :
1973 3274 2070 3331 sed

490 3375 547 3420 ut
574 3367 675 3420 hos
709 3366 876 3421 etiam
914 3367 1193 3432 hortetur,
1228 3376 1289 3420 ut
1316 3376 1462 3422 stent
1500 3367 1557 3421 in
1593 3367 1731 3432 acie,
1765 3375 1821 3421 et
1845 3366 2072 3421 ordines

492 3467 739 3512 servent.

559 3550 768 3605 ERAN.
810 3551 1015 3604 Verum
1042 3557 1146 3604 est.

554 3641 662 3711 95
696 3640 904 3695 ORTll.
940 3641 1054 3695 Hoc
1079 3641 1222 3695 idem
1252 3641 1383 3695 facit
1406 3650 1461 3695 et
1494 3641 1715 3697 divinus
1740 3643 1961 3698 Paulus.
1984 3642 2068 3698 Ad

484 3747 580 3787 eos
620 3731 767 3786 enim
798 3731 895 3800 qui
924 3730 1277 3785 crediderant
1299 3731 1547 3785 scribens
1576 3749 1589 3785 ε
1627 3751 1644 3781 ι
1678 3730 1944 3802 Accipite,
1980 3734 2067 3786 in-

484 3822 624 3890 quit,
655 3831 991 3875 armaturam
1027 3820 1146 3885 Dei,
1188 3830 1248 3874 ut
1287 3822 1513 3890 possitis
1557 3822 1815 3877 resistere
1856 3823 2070 3879 insidiis

485 3913 753 3966 diaboli‘.
783 3933 798 3964 ι
838 3914 903 3968 Et
930 3927 1123 3965 rursus
1156 3929 1167 3963 :
1209 3929 1227 3960 ‹
1262 3910 1411 3964 State
1439 3927 1570 3981 ergo
1596 3913 1862 3968 succincti
1888 3916 2069 3984 quoad

485 4005 702 4060 lumbos
741 4018 958 4059 vestros
1001 4005 1057 4057 in
1099 4003 1331 4057 veritate
1363 4004 1404 4067 ²,
1435 4022 1453 4052 ι
1489 4012 1545 4056 et
1582 4019 1703 4072 quas
1741 4016 2067 4074 sequuntur.

484 4096 799 4151 Memineris
832 4095 997 4149 etiam
1035 4109 1228 4148 eorum
1262 4109 1382 4162 quae
1409 4109 1575 4162 supra
1607 4093 1847 4149 diximus
1877 4114 1888 4148 :
1922 4097 2069 4165 quod

483 4196 541 4242 et
561 4187 807 4241 medicus
827 4194 1036 4240 natura:
1058 4184 1281 4255 adjiciat
1305 4185 1623 4253 qualitatem
1646 4202 1767 4253 qua:
1790 4185 1868 4240 illi
1892 4186 2066 4243 deest.

484 4279 541 4335 Si
586 4278 733 4334 enim
778 4275 1209 4347 deprehenderit
1258 4275 1568 4330 redundare
1620 4275 1892 4346 frigidam,
1934 4280 2067 4334 cali-

2178 1836 2238 1888 οὐ
2278 1836 2480 1899 ταύτας
2515 1837 2609 1890 καὶ
2640 1837 2737 1899 τὰς
2770 1838 3027 1900 τοιαύτας
3069 1838 3378 1908 μαρτυρίας
3407 1840 3768 1910 προσφέρων,

2178 1928 2255 1990 ὡς
2282 1929 2381 1981 οὐκ
2406 1930 2520 1981 ἔστι
2545 1929 2675 1991 Θεὲς
2703 1929 2861 1998 μόνον
2890 1930 3175 1993 διδάσκων,
3199 1930 3335 1983 ἀλλὰ
3357 1930 3454 1983 καὶ
3474 1930 3767 2002 ἄνθρωπος

2172 2022 2205 2074 6
2234 2023 2511 2092 Δεσπότης
2536 2023 2767 2093 Χριστός
2789 2038 2804 2087 ἰ

2249 2114 2451 2167 EPAN.
2497 2115 2655 2176 Ἴσως
2682 2114 2891 2178 τούτοις
2916 2115 3128 2184 ἀνάγκη
3156 2114 3505 2185 προσφέρειν.

2248 2205 2400 2259 ΟΡΘ.
2443 2204 2581 2267 Τοὺς
2608 2204 2662 2257 δὲ
2697 2205 2918 2268 πιστοὺς
2950 2205 3001 2258 τί
3036 2206 3234 2276 δήποτε
3266 2207 3338 2276 μὴ
3378 2205 3629 2277 διδάσκῃς
3661 2204 3771 2259 τοῦ

2177 2296 2442 2367 δόγματος
2477 2296 2575 2368 τὴν
2599 2296 2884 2367 ἀλήθειαν;
2919 2298 2951 2368 ῆ
2992 2298 3309 2369 ἐπιλέλησαι
3335 2299 3433 2368 τῆς
3466 2298 3774 2351 ἀποστολι-

2178 2389 2280 2457 κῆς
2304 2388 2641 2459 νομοθεσίας,
2664 2389 2879 2458 ἕτοιμον
2908 2387 3046 2442 εἶναι
3072 2390 3205 2459 πρὸς
3230 2390 3523 2458 ἀπολογίαν
3551 2406 3775 2459 παρεγ-

2179 2476 2437 2548 γυώσης;
2475 2479 2849 2549 Σκοπήσωμεν
2882 2479 2938 2532 δὲ
2971 2480 3162 2542 οὓτως.
3206 2481 3263 2533 '0
3285 2479 3504 2550 ἄριστος
3557 2497 3773 2552 στρατ-

2178 2569 2312 2637 ηγὸς
2342 2570 2499 2640 μόνος
2530 2571 2641 2638 (54)
2664 2572 2773 2634 τοῖς
2808 2570 3087 2641 πολεμίοις
3121 2570 3513 2641 συμπλέκεται,
3547 2573 3642 2626 καὶ
3668 2589 3773 2625 το-

2180 2660 2357 2725 ξεύει,
2392 2663 2485 2714 καὶ
2529 2662 2834 2725 ἀκοντίζει,
2871 2663 2965 2714 καὶ
2993 2662 3246 2730 φάλαγγα
3281 2664 3565 2733 ῥήγνυσιν,
3595 2662 3628 2732 ἢ
3664 2664 3774 2716 καὶ

2178 2752 2305 2816 τοὺς
2350 2753 2688 2824 στρατιώτας
2732 2753 3080 2818 καθοπλίζει,
3130 2755 3224 2807 καὶ
3270 2755 3488 2819 τάττει,
3532 2755 3628 2809 καὶ
3678 2756 3773 2820 εις

2179 2843 2427 2914 ἀνδρείαν
2457 2844 2524 2897 τὰ
2560 2843 2763 2897 τούτων
2790 2845 3101 2916 παραθήγει
3132 2848 3485 2917 φρονήματα;

2248 3017 2448 3073 ΕΡΑΝ.
2488 3018 2658 3073 Τοῦτο
2688 3021 2888 3090 μᾶλλον
2927 3022 3178 3092 ποιητέον
3206 3022 3355 3093 αὐτῷ

2246 3110 2397 3163 ΟΡΘ.
2441 3113 2515 3165 Οὐ
2543 3113 2651 3184 γάρ
2684 3114 2815 3167 ἴδιον
2858 3115 2954 3184 μὲν
2993 3116 3322 3186 στρατηγοῦ,
3361 3116 3420 3169 τὸ
3462 3117 3628 3172 αὑτὸν
3658 3118 3772 3190 μὲν

2174 3204 2633 3273 προκινδυνεύειν,
2684 3208 2778 3260 καὶ
2813 3209 3289 3278 παρατάττεσθαι,
3334 3212 3460 3273 τοὺς
3489 3211 3546 3265 δὲ
3589 3227 3770 3282 στρα-

2172 3295 2371 3360 τιώτας
2421 3299 2506 3350 ἐπ’
2541 3299 2707 3369 ἄμφω
2741 3300 3023 3353 καθεύδειν
3076 3303 3192 3372 ὲᾷν,
3228 3302 3363 3356 ἀλλὰ
3406 3305 3498 3356 καὶ
3538 3303 3773 3369 τούτους

2170 3385 2456 3458 διεγείρειν
2485 3392 2564 3454 είς
2594 3390 2692 3462 τὴν
2726 3393 3053 3464 παράταξιν.

2247 3561 2450 3614 EPAN.
2497 3562 2738 3633 Ἀληθές.

2242 3654 2393 3706 ΟΡΘ.
2436 3654 2606 3708 Τοῦτο
2648 3656 2743 3708 καὶ
2778 3658 2807 3709 6
2842 3656 2983 3722 θεῖος
3019 3658 3250 3725 Παῦλος.
3285 3662 3410 3725 Τοῖς
3444 3663 3554 3734 γάρ
3591 3680 3760 3720 mm.

2173 3747 2454 3800 στευκόσιν
2484 3748 2812 3803 ἐπιστέλλων
2833 3750 3039 3820 ἔλεγενο
3078 3772 3097 3803 ι
3142 3753 3463 3808 Ἀναλάσετε
3487 3756 3585 3826 τὴν
3619 3774 3767 3809 παν-

2171 3839 2365 3893 οπλίαν
2395 3838 2488 3892 τοῦ
2529 3839 2665 3892 Θεοῦ
2686 3881 2701 3906 ,
2736 3842 2821 3893 ἵνα
2850 3842 3113 3914 δυνηθῆτε
3140 3846 3454 3917 ἀντιστῆναι
3486 3847 3622 3918 πρὸς
3656 3849 3767 3914 τὰς

2176 3932 2455 4004 μεθοδείας
2488 3932 2580 3986 τοῦ
2614 3933 2882 3989 διαϐόλου.
2924 3952 2943 3987 ι
2992 3937 3103 3990 Καὶ
3152 3937 3334 3991 πάλινο
3386 3958 3404 3990 ι
3442 3939 3611 4010 Στῆτε
3662 3937 3769 3995 οὖν

2171 4025 2611 4096 περιζωσάμενοι
2640 4026 2741 4089 τάς
2784 4027 2995 4096 ὀσφύας
3027 4029 3182 4097 ὑμῶν
3212 4032 3271 4083 ὲν
3315 4031 3563 4102 ἀληθείᾳ,
3601 4051 3622 4084 ι
3666 4038 3773 4090 καὶ

2170 4117 2237 4170 τὰ
2270 4118 2417 4187 ἑξῆς.
2461 4118 2867 4189 Ἀναμνήσθητι
2904 4120 2961 4173 δὲ
2989 4119 3026 4174 ἃ.
3056 4122 3151 4176 καὶ
3181 4122 3492 4194 ἔμπροσθεν
3525 4126 3765 4198 εἰρήκα-

2174 4224 2294 4276 μεν,
2336 4210 2417 4285 ὅτι
2445 4208 2539 4261 καὶ
2576 4210 2759 4280 ἰατρὸς
2790 4212 3117 4282 προστίθησι
3161 4214 3262 4285 τὴν
3293 4214 3656 4270 ἐλλείπουσαν
3692 4228 3776 4295 τῇ

2172 4298 2332 4368 φύσει
2392 4299 2674 4371 ποιότητα.
2726 4302 2788 4355 Et
2837 4304 2948 4375 γὰρ
2998 4303 3151 4376 εὖροι
3207 4305 3613 4372 πλεονάζουσαν
3665 4311 3773 4381 τὴν

483 4370 609 4424 dam
639 4369 849 4441 adjicit,
874 4375 929 4422 et
969 4368 1106 4422 alias
1142 4366 1415 4421 similiter.
1462 4366 1575 4421 Hoc
1602 4368 1766 4423 etiam
1801 4370 2068 4427 Dominus

2190 4366 2408 4464 Luxpdv,
2448 4366 2775 4466 προστίθησι
2810 4366 2926 4468 ταίην¹
2944 4366 3179 4469 θερμὴν,
3227 4401 3323 4453 καὶ
3353 4366 3615 4464 ὡσαύτως
3664 4366 3777 4458 τάς

483 4462 756 4605 ΥΟἙΞΑΝ.
809 4550 880 4604 Ει
919 4549 1143 4604 ubinam
1191 4548 1449 4604 ostendes
1490 4548 1597 4603 hoc
1644 4548 1837 4607 fecisse
1876 4552 2063 4607 Domi-

529 4644 660 4697 um?

529 4660 617 4697 um
640 4659 660 4696 ι

483 4659 519 4699 n
546 4735 757 4789 ORTH.
799 4734 857 4789 In
892 4734 1097 4789 divinis
1122 4734 1454 4804 Evangeliis.

551 4827 757 4881 ERAN.
798 4824 1039 4882 Ostende
1067 4826 1254 4897 igitur,
1284 4836 1340 4881 et
1369 4826 1534 4897 imple
1563 4829 1915 4897 promissum.

560 5002 771 5060 ORTll.
805 5004 945 5072 Quid
974 5004 1315 5059 Salvatorem
1343 5002 1624 5059 Christum
1655 5010 1922 5078 putabant
1943 5029 2063 5071 esse

476 5095 693 5151 Judaei?

553 5191 759 5247 ERAN.
798 5191 1113 5248 Hominem.

552 5282 760 5336 ORTH.
814 5283 968 5350 Quod
1024 5298 1154 5339 vero
1197 5279 1365 5338 etiam
1421 5279 1566 5337 Deus
1621 5293 1798 5353 esset,
1841 5291 2060 5357 penitus

486 5371 847 5441 ignorabant?

2165 4486 2352 4549 ἄλλαςο
2383 4487 2542 4541 τοῦτο
2568 4488 2661 4542 καὶ
2680 4491 2710 4543 6
2738 4491 2942 4561 Κύριος
2978 4492 3135 4562 ὲποίη
3146 4509 3254 4546 σεν.

2236 4578 2440 4631 EPAN.
2482 4580 2591 4633 Καὶ
2621 4580 2725 4633 ποῦ
2749 4581 2907 4635 τοῦτο
2935 4582 3130 4648 δείξεις
3157 4584 3497 4655 πεποιηκότα
3520 4582 3616 4637 τὸν
3655 4584 3749 4636 Κύ

2206 4688 2283 4724 ιον
2304 4688 2318 4736 ;

2206 4689 2318 4736 ιον;

2168 4689 2197 4741 ρ
2236 4762 2388 4818 ΟΡΘ.
2437 4764 2526 4816 Ἐν
2546 4766 2657 4829 τοῖς
2685 4763 2849 4829 θείοις
2880 4766 3252 4836 Εὑαγγελίοις.

2240 4856 2443 4910 EPAN.
2485 4855 2665 4921 Δεῖξον
2707 4851 2822 4923 οὖν,
2872 4857 2967 4910 καὶ
3011 4858 3297 4930 πλήρωσον
3326 4859 3424 4931 τὴν
3458 4860 3572 4931 (35)
3614 4862 3759 4916 ὑπό-

2242 4966 2375 5002 εσιν.

2242 4966 2375 5002 εσιν.

2170 4966 2395 5094 σχΟΡΘ.
2440 5038 2505 5091 Τί
2535 5039 2624 5094 τὸν
2656 5041 2886 5113 Σωτῆρα
2919 5042 3155 5114 Χριστὸν
3189 5042 3439 5114 ἐνόμιζον
3477 5044 3721 5099 Ἰουδαῖοι
3742 5090 3761 5115 ,

2243 5216 2444 5270 EPAN.
2488 5217 2618 5271 ’Ᾱνθ
2628 5236 2828 5290 ρωπον.

2242 5309 2392 5362 ΟΡΘ.
2438 5310 2558 5364 Ὅτι
2581 5312 2638 5365 δὲ
2667 5314 2759 5367 καὶ
2789 5314 2919 5378 Θεὸς
2946 5310 3035 5386 ἦν,
3065 5317 3409 5373 παντάπασιν
3438 5319 3697 5391 ὴγνόουνς

560 5530 607 5562 ’⁸
642 5529 662 5584 l
691 5527 818 5584 Cor.
860 5547 949 5595 xv,
990 5531 1082 5585 ἓξ.
1158 5535 1204 5565 ’⁷
1237 5533 1357 5590 Act.
1390 5552 1447 5600 ιι,
1473 5537 1563 5591 2‘2.
1642 5540 1689 5571 θ’
1723 5541 1841 5597 Act.
1872 5560 1964 5609 vn,
1996 5546 2062 5602 56

2190 5548 2205 5579 ⁵
2240 5548 2260 5602 1
2292 5550 2437 5605 Petr.
2471 5569 2548 5619 ιιι,
2585 5554 2671 5609 15.
2753 5557 2766 5587 ¹
2800 5558 2941 5628 Eph.
2973 5576 3046 5623 vi,
3083 5560 3167 5614 15.
3257 5564 3277 5595 ⁸
3305 5561 3441 5618 ibid.
3480 5564 3565 5618 Η.

552 5644 661 5715 (54)
698 5648 875 5715 μόνος.
910 5646 986 5703 lta
1012 5646 1323 5715 legendum.
1353 5649 1518 5705 Sirm.
1556 5654 1760 5722 μόνοις.

2229 5662 2340 5731 (55)
2377 5665 2491 5733 τήν.
2534 5667 2611 5721 Ex
2632 5668 2722 5722 ed.
2756 5671 2913 5726 Rom.
2950 5682 3003 5727 et
3040 5674 3188 5739 Lips.
3225 5675 3513 5733 insertum.
