  <div class='ocr_page' id='page_1' title='image "/cluster/home/n/w/nwhite01/storage/ocr_20150623/83/hvd.32044073502072/072.png"; bbox 0 0 4006 6202; ppageno 0'>
   <div class='ocr_carea' id='block_1_1' title="bbox 297 245 395 313">
    <p class='ocr_par' dir='ltr' id='par_1_1' title="bbox 297 245 395 313">
     <span class='ocr_line' id='line_1_1' title="bbox 297 245 395 313; baseline 0.02 -2"><span class='ocrx_word' id='word_1_1' title='bbox 297 245 395 313; x_wconf 79' lang='lat'><strong>133</strong></span> 
     </span>
    </p>
   </div>
   <div class='ocr_carea' id='block_1_2' title="bbox 360 357 844 431">
    <p class='ocr_par' dir='ltr' id='par_1_2' title="bbox 360 357 844 431">
     <span class='ocr_line' id='line_1_2' title="bbox 360 357 844 431; baseline -0.012 -14"><span class='ocrx_word' id='word_1_2' title='bbox 360 360 559 417; x_wconf 75' lang='lat' dir='ltr'><strong>EPAN.</strong></span> <span class='ocrx_word' id='word_1_3' title='bbox 602 357 844 431; x_wconf 78' lang='grc' dir='ltr'>Ἀληθές.</span> 
     </span>
    </p>
   </div>
   <div class='ocr_carea' id='block_1_3' title="bbox 360 444 1881 524">
    <p class='ocr_par' dir='ltr' id='par_1_3' title="bbox 360 444 1881 524">
     <span class='ocr_line' id='line_1_3' title="bbox 360 444 1881 524; baseline -0.009 -14"><span class='ocrx_word' id='word_1_4' title='bbox 360 455 510 510; x_wconf 81' lang='grc' dir='ltr'>υΡΘ.</span> <span class='ocrx_word' id='word_1_5' title='bbox 555 453 846 524; x_wconf 81' lang='grc' dir='ltr'><strong>Τοιγάρτοι</strong></span> <span class='ocrx_word' id='word_1_6' title='bbox 916 450 1038 503; x_wconf 81' lang='grc' dir='ltr'>οὑτε</span> <span class='ocrx_word' id='word_1_7' title='bbox 1106 448 1296 518; x_wconf 81' lang='grc' dir='ltr'><strong>μαθεῖν</strong></span> <span class='ocrx_word' id='word_1_8' title='bbox 1358 447 1485 510; x_wconf 80' lang='grc' dir='ltr'>τοὺς</span> <span class='ocrx_word' id='word_1_9' title='bbox 1550 444 1881 515; x_wconf 78' lang='grc' dir='ltr'>ἀγνοοῦντας</span> 
     </span>
    </p>
   </div>
   <div class='ocr_carea' id='block_1_4' title="bbox 291 552 481 622">
    <p class='ocr_par' dir='ltr' id='par_1_4' title="bbox 291 552 481 622">
     <span class='ocr_line' id='line_1_4' title="bbox 291 552 481 622; baseline -0.016 0"><span class='ocrx_word' id='word_1_10' title='bbox 291 552 481 622; x_wconf 70' lang='grc' dir='ltr'><strong>ἐχρῆνς</strong></span> 
     </span>
    </p>
   </div>
   <div class='ocr_carea' id='block_1_5' title="bbox 356 634 1044 704">
    <p class='ocr_par' dir='ltr' id='par_1_5' title="bbox 356 634 1044 704">
     <span class='ocr_line' id='line_1_5' title="bbox 356 634 1044 704; baseline -0.003 -12"><span class='ocrx_word' id='word_1_11' title='bbox 356 636 558 692; x_wconf 80' lang='grc' dir='ltr'><strong>ΕΡΔΝ.</strong></span> <span class='ocrx_word' id='word_1_12' title='bbox 613 634 996 704; x_wconf 76' lang='grc' dir='ltr'>ὀμολόγηται.</span> <span class='ocrx_word' id='word_1_13' title='bbox 1041 688 1044 690; x_wconf 24' lang='grc' dir='ltr'>γ</span> 
     </span>
    </p>
   </div>
   <div class='ocr_carea' id='block_1_6' title="bbox 353 718 1878 794">
    <p class='ocr_par' dir='ltr' id='par_1_6' title="bbox 353 718 1878 794">
     <span class='ocr_line' id='line_1_6' title="bbox 353 718 1878 794; baseline -0.01 -9"><span class='ocrx_word' id='word_1_14' title='bbox 353 731 500 786; x_wconf 85' lang='grc' dir='ltr'><strong>ΟΡΘ.</strong></span> <span class='ocrx_word' id='word_1_15' title='bbox 543 730 813 782; x_wconf 80' lang='grc' dir='ltr'>’Δκουσον</span> <span class='ocrx_word' id='word_1_16' title='bbox 855 723 1034 777; x_wconf 80' lang='grc' dir='ltr'>τοίνυν</span> <span class='ocrx_word' id='word_1_17' title='bbox 1065 721 1232 775; x_wconf 80' lang='grc' dir='ltr'>αὑτοῦ</span> <span class='ocrx_word' id='word_1_18' title='bbox 1282 719 1418 794; x_wconf 83' lang='grc' dir='ltr'>πρὸς</span> <span class='ocrx_word' id='word_1_19' title='bbox 1460 721 1658 784; x_wconf 78' lang='grc' dir='ltr'>αὐτοὺς</span> <span class='ocrx_word' id='word_1_20' title='bbox 1687 718 1878 788; x_wconf 82' lang='grc' dir='ltr'>λέγον-</span> 
     </span>
    </p>
   </div>
   <div class='ocr_carea' id='block_1_7' title="bbox 291 810 1877 889">
    <p class='ocr_par' dir='ltr' id='par_1_7' title="bbox 291 810 1877 889">
     <span class='ocr_line' id='line_1_7' title="bbox 291 810 1877 889; baseline -0.01 -11"><span class='ocrx_word' id='word_1_21' title='bbox 291 842 394 887; x_wconf 78' lang='grc' dir='ltr'>τος·</span> <span class='ocrx_word' id='word_1_22' title='bbox 425 843 442 875; x_wconf 83' lang='grc' dir='ltr'><strong>ι</strong></span> <span class='ocrx_word' id='word_1_23' title='bbox 475 819 656 876; x_wconf 80' lang='grc' dir='ltr'>Πολλὰ</span> <span class='ocrx_word' id='word_1_24' title='bbox 685 817 821 889; x_wconf 71' lang='grc' dir='ltr'>ἔργα</span> <span class='ocrx_word' id='word_1_25' title='bbox 844 815 958 886; x_wconf 76' lang='lat'><strong>(36)</strong></span> <span class='ocrx_word' id='word_1_26' title='bbox 994 812 1250 879; x_wconf 79' lang='grc' dir='ltr'><strong>ὑπέδειξα</strong></span> <span class='ocrx_word' id='word_1_27' title='bbox 1281 814 1429 883; x_wconf 51' lang='grc' dir='ltr'>ὑμῖν,</span> <span class='ocrx_word' id='word_1_28' title='bbox 1453 813 1605 884; x_wconf 75' lang='grc' dir='ltr'>παρὰ</span> <span class='ocrx_word' id='word_1_29' title='bbox 1638 810 1732 863; x_wconf 83' lang='grc' dir='ltr'><strong>τοῦ</strong></span> <span class='ocrx_word' id='word_1_30' title='bbox 1763 812 1877 863; x_wconf 82' lang='grc' dir='ltr'><strong>Πα-</strong></span> 
     </span>
    </p>
   </div>
   <div class='ocr_carea' id='block_1_8' title="bbox 290 893 1876 980">
    <p class='ocr_par' dir='ltr' id='par_1_8' title="bbox 290 893 1876 980">
     <span class='ocr_line' id='line_1_8' title="bbox 290 893 1876 980; baseline -0.01 -19"><span class='ocrx_word' id='word_1_31' title='bbox 290 909 409 980; x_wconf 75' lang='grc' dir='ltr'>τρός</span> <span class='ocrx_word' id='word_1_32' title='bbox 450 921 578 976; x_wconf 85' lang='grc' dir='ltr'>μου,</span> <span class='ocrx_word' id='word_1_33' title='bbox 609 901 700 955; x_wconf 72' lang='grc' dir='ltr'>διὰ</span> <span class='ocrx_word' id='word_1_34' title='bbox 739 902 894 952; x_wconf 87' lang='grc' dir='ltr'>ποῖον</span> <span class='ocrx_word' id='word_1_35' title='bbox 917 897 1097 950; x_wconf 87' lang='grc' dir='ltr'>αὐτῶν</span> <span class='ocrx_word' id='word_1_36' title='bbox 1141 896 1391 960; x_wconf 76' lang='grc' dir='ltr'>λιθάζετε</span> <span class='ocrx_word' id='word_1_37' title='bbox 1449 912 1558 966; x_wconf 84' lang='grc' dir='ltr'><strong>με;</strong></span> <span class='ocrx_word' id='word_1_38' title='bbox 1603 915 1620 944; x_wconf 75' lang='grc' dir='ltr'><strong>ι</strong></span> <span class='ocrx_word' id='word_1_39' title='bbox 1656 894 1777 946; x_wconf 88' lang='grc' dir='ltr'>Τῶν</span> <span class='ocrx_word' id='word_1_40' title='bbox 1819 893 1876 945; x_wconf 73' lang='grc' dir='ltr'>δὲ</span> 
     </span>
    </p>
   </div>
   <div class='ocr_carea' id='block_1_9' title="bbox 290 984 1876 1069">
    <p class='ocr_par' dir='ltr' id='par_1_9' title="bbox 290 984 1876 1069">
     <span class='ocr_line' id='line_1_9' title="bbox 290 984 1876 1069; baseline -0.009 -18"><span class='ocrx_word' id='word_1_41' title='bbox 290 997 611 1069; x_wconf 71' lang='grc' dir='ltr'>είρηκάτων,</span> <span class='ocrx_word' id='word_1_42' title='bbox 639 1011 659 1045; x_wconf 76' lang='grc' dir='ltr'><strong>ι</strong></span> <span class='ocrx_word' id='word_1_43' title='bbox 689 992 822 1062; x_wconf 80' lang='grc' dir='ltr'>Περὶ</span> <span class='ocrx_word' id='word_1_44' title='bbox 849 989 1015 1044; x_wconf 81' lang='grc' dir='ltr'>καλοῦ</span> <span class='ocrx_word' id='word_1_45' title='bbox 1039 987 1204 1059; x_wconf 77' lang='grc' dir='ltr'>ἔργου</span> <span class='ocrx_word' id='word_1_46' title='bbox 1227 989 1288 1040; x_wconf 87' lang='grc' dir='ltr'>οὑ</span> <span class='ocrx_word' id='word_1_47' title='bbox 1317 986 1609 1057; x_wconf 75' lang='grc' dir='ltr'><strong>λιθάζομέν</strong></span> <span class='ocrx_word' id='word_1_48' title='bbox 1635 1001 1712 1050; x_wconf 87' lang='grc' dir='ltr'><strong>σε,</strong></span> <span class='ocrx_word' id='word_1_49' title='bbox 1740 984 1876 1038; x_wconf 79' lang='grc' dir='ltr'>ἀλλὰ</span> 
     </span>
    </p>
   </div>
   <div class='ocr_carea' id='block_1_10' title="bbox 292 1076 1875 1161">
    <p class='ocr_par' dir='ltr' id='par_1_10' title="bbox 292 1076 1875 1161">
     <span class='ocr_line' id='line_1_10' title="bbox 292 1076 1875 1161; baseline -0.009 -19"><span class='ocrx_word' id='word_1_50' title='bbox 292 1089 414 1161; x_wconf 74' lang='grc' dir='ltr'>περὶ</span> <span class='ocrx_word' id='word_1_51' title='bbox 449 1085 801 1159; x_wconf 80' lang='grc' dir='ltr'><strong>βλασφημίας</strong></span> <span class='ocrx_word' id='word_1_52' title='bbox 827 1124 842 1150; x_wconf 91' lang='grc'><strong>,</strong></span> <span class='ocrx_word' id='word_1_53' title='bbox 883 1083 966 1136; x_wconf 85' lang='grc' dir='ltr'>ὅτι</span> <span class='ocrx_word' id='word_1_54' title='bbox 997 1080 1284 1150; x_wconf 81' lang='grc' dir='ltr'>ἄνθρωπος</span> <span class='ocrx_word' id='word_1_55' title='bbox 1317 1078 1394 1131; x_wconf 85' lang='grc' dir='ltr'><strong>ὢν</strong></span> <span class='ocrx_word' id='word_1_56' title='bbox 1437 1080 1614 1141; x_wconf 83' lang='grc' dir='ltr'><strong>ποιεῖς</strong></span> <span class='ocrx_word' id='word_1_57' title='bbox 1649 1076 1875 1130; x_wconf 87' lang='grc' dir='ltr'>σεαυτὸν</span> 
     </span>
    </p>
   </div>
   <div class='ocr_carea' id='block_1_11' title="bbox 290 1169 1871 1249">
    <p class='ocr_par' dir='ltr' id='par_1_11' title="bbox 290 1169 1871 1249">
     <span class='ocr_line' id='line_1_11' title="bbox 290 1169 1871 1249; baseline -0.009 -14"><span class='ocrx_word' id='word_1_58' title='bbox 290 1183 441 1248; x_wconf 84' lang='grc' dir='ltr'>Θεὸν,</span> <span class='ocrx_word' id='word_1_59' title='bbox 482 1199 500 1232; x_wconf 78' lang='grc' dir='ltr'><strong>ι</strong></span> <span class='ocrx_word' id='word_1_60' title='bbox 536 1179 841 1249; x_wconf 73' lang='grc' dir='ltr'>ἐπήγαγεν·</span> <span class='ocrx_word' id='word_1_61' title='bbox 891 1192 912 1226; x_wconf 81' lang='grc' dir='ltr'><strong>ι</strong></span> <span class='ocrx_word' id='word_1_62' title='bbox 957 1171 1046 1225; x_wconf 85' lang='grc' dir='ltr'><strong>Ἐν</strong></span> <span class='ocrx_word' id='word_1_63' title='bbox 1079 1171 1156 1243; x_wconf 84' lang='grc' dir='ltr'>τῷ</span> <span class='ocrx_word' id='word_1_64' title='bbox 1186 1171 1336 1241; x_wconf 81' lang='grc' dir='ltr'><strong>νόμῳ</strong></span> <span class='ocrx_word' id='word_1_65' title='bbox 1367 1169 1520 1240; x_wconf 82' lang='grc' dir='ltr'>ὑμῶν</span> <span class='ocrx_word' id='word_1_66' title='bbox 1543 1170 1871 1238; x_wconf 75' lang='grc' dir='ltr'>γέγραπται·</span> 
     </span>
    </p>
   </div>
   <div class='ocr_carea' id='block_1_12' title="bbox 301 1257 1873 1342">
    <p class='ocr_par' dir='ltr' id='par_1_12' title="bbox 301 1257 1873 1342">
     <span class='ocr_line' id='line_1_12' title="bbox 301 1257 1873 1342; baseline -0.01 -15"><span class='ocrx_word' id='word_1_67' title='bbox 301 1272 442 1342; x_wconf 85' lang='grc' dir='ltr'><strong>Ἐγὼ</strong></span> <span class='ocrx_word' id='word_1_68' title='bbox 470 1268 644 1324; x_wconf 73' lang='grc' dir='ltr'>εἷποιν</span> <span class='ocrx_word' id='word_1_69' title='bbox 691 1267 818 1322; x_wconf 89' lang='grc' dir='ltr'>Θεοί</span> <span class='ocrx_word' id='word_1_70' title='bbox 849 1266 994 1318; x_wconf 81' lang='grc' dir='ltr'>ἐστε·</span> <span class='ocrx_word' id='word_1_71' title='bbox 1028 1265 1077 1317; x_wconf 86' lang='grc' dir='ltr'><strong>εί</strong></span> <span class='ocrx_word' id='word_1_72' title='bbox 1104 1263 1347 1326; x_wconf 76' lang='grc' dir='ltr'><strong>ἐκείνους</strong></span> <span class='ocrx_word' id='word_1_73' title='bbox 1376 1257 1494 1314; x_wconf 78' lang='grc' dir='ltr'>εἶπε</span> <span class='ocrx_word' id='word_1_74' title='bbox 1526 1261 1701 1327; x_wconf 81' lang='grc' dir='ltr'>θεοὺς,</span> <span class='ocrx_word' id='word_1_75' title='bbox 1739 1260 1873 1333; x_wconf 86' lang='grc' dir='ltr'>πρὸς</span> 
     </span>
    </p>
   </div>
   <div class='ocr_carea' id='block_1_13' title="bbox 289 1352 1873 1432">
    <p class='ocr_par' dir='ltr' id='par_1_13' title="bbox 289 1352 1873 1432">
     <span class='ocr_line' id='line_1_13' title="bbox 289 1352 1873 1432; baseline -0.009 -13"><span class='ocrx_word' id='word_1_76' title='bbox 289 1366 377 1430; x_wconf 76' lang='grc' dir='ltr'>οὒς</span> <span class='ocrx_word' id='word_1_77' title='bbox 400 1368 428 1418; x_wconf 83' lang='grc' dir='ltr'>ὁ</span> <span class='ocrx_word' id='word_1_78' title='bbox 447 1363 607 1432; x_wconf 86' lang='grc' dir='ltr'>λόγος</span> <span class='ocrx_word' id='word_1_79' title='bbox 632 1360 728 1414; x_wconf 80' lang='grc' dir='ltr'><strong>τοῦ</strong></span> <span class='ocrx_word' id='word_1_80' title='bbox 753 1357 888 1413; x_wconf 74' lang='grc' dir='ltr'>Θεοῦ</span> <span class='ocrx_word' id='word_1_81' title='bbox 916 1357 1154 1425; x_wconf 80' lang='grc' dir='ltr'>ἐγένετο,</span> <span class='ocrx_word' id='word_1_82' title='bbox 1185 1355 1278 1408; x_wconf 76' lang='grc' dir='ltr'><strong>καὶ</strong></span> <span class='ocrx_word' id='word_1_83' title='bbox 1307 1355 1368 1407; x_wconf 88' lang='grc' dir='ltr'>ού</span> <span class='ocrx_word' id='word_1_84' title='bbox 1396 1352 1622 1407; x_wconf 88' lang='grc' dir='ltr'>δύναται</span> <span class='ocrx_word' id='word_1_85' title='bbox 1644 1352 1873 1422; x_wconf 79' lang='grc' dir='ltr'><strong>λυθῆναι</strong></span> 
     </span>
    </p>
   </div>
   <div class='ocr_carea' id='block_1_14' title="bbox 290 1443 1874 1528">
    <p class='ocr_par' dir='ltr' id='par_1_14' title="bbox 290 1443 1874 1528">
     <span class='ocr_line' id='line_1_14' title="bbox 290 1443 1874 1528; baseline -0.008 -18"><span class='ocrx_word' id='word_1_86' title='bbox 290 1459 321 1528; x_wconf 77' lang='grc' dir='ltr'><strong>ἡ</strong></span> <span class='ocrx_word' id='word_1_87' title='bbox 349 1456 560 1527; x_wconf 78' lang='grc' dir='ltr'>Γραφή·</span> <span class='ocrx_word' id='word_1_88' title='bbox 596 1453 657 1506; x_wconf 85' lang='grc' dir='ltr'><strong>ὃν</strong></span> <span class='ocrx_word' id='word_1_89' title='bbox 685 1455 712 1504; x_wconf 83' lang='grc' dir='ltr'>ὁ</span> <span class='ocrx_word' id='word_1_90' title='bbox 742 1449 932 1521; x_wconf 81' lang='grc' dir='ltr'>Πατὴρ</span> <span class='ocrx_word' id='word_1_91' title='bbox 970 1450 1164 1520; x_wconf 83' lang='grc' dir='ltr'>ήγίασε</span> <span class='ocrx_word' id='word_1_92' title='bbox 1195 1446 1290 1500; x_wconf 77' lang='grc' dir='ltr'><strong>καὶ</strong></span> <span class='ocrx_word' id='word_1_93' title='bbox 1327 1445 1649 1499; x_wconf 80' lang='grc' dir='ltr'>ἀπέστειλεν</span> <span class='ocrx_word' id='word_1_94' title='bbox 1677 1446 1759 1508; x_wconf 76' lang='grc' dir='ltr'><strong>εἰς</strong></span> <span class='ocrx_word' id='word_1_95' title='bbox 1782 1443 1874 1498; x_wconf 76' lang='grc' dir='ltr'><strong>τὸν</strong></span> 
     </span>
    </p>
   </div>
   <div class='ocr_carea' id='block_1_15' title="bbox 287 1528 1874 1615">
    <p class='ocr_par' dir='ltr' id='par_1_15' title="bbox 287 1528 1874 1615">
     <span class='ocr_line' id='line_1_15' title="bbox 287 1528 1874 1615; baseline -0.011 -16"><span class='ocrx_word' id='word_1_96' title='bbox 287 1547 508 1615; x_wconf 75' lang='grc' dir='ltr'>κόσμον,</span> <span class='ocrx_word' id='word_1_97' title='bbox 535 1544 694 1612; x_wconf 80' lang='grc' dir='ltr'>ὑμεῖς</span> <span class='ocrx_word' id='word_1_98' title='bbox 715 1539 922 1607; x_wconf 80' lang='grc' dir='ltr'><strong>λέγετε,</strong></span> <span class='ocrx_word' id='word_1_99' title='bbox 951 1538 1032 1590; x_wconf 86' lang='grc' dir='ltr'>ὃτι</span> <span class='ocrx_word' id='word_1_100' title='bbox 1057 1535 1428 1604; x_wconf 75' lang='grc' dir='ltr'><strong>Βλασφημεῖς,</strong></span> <span class='ocrx_word' id='word_1_101' title='bbox 1459 1533 1541 1585; x_wconf 83' lang='grc' dir='ltr'><strong>ὅτι</strong></span> <span class='ocrx_word' id='word_1_102' title='bbox 1569 1528 1721 1584; x_wconf 77' lang='grc' dir='ltr'>εἷπον</span> <span class='ocrx_word' id='word_1_103' title='bbox 1747 1531 1874 1595; x_wconf 85' lang='grc' dir='ltr'>Υἱὸς</span> 
     </span>
    </p>
   </div>
   <div class='ocr_carea' id='block_1_16' title="bbox 286 1625 1870 1698">
    <p class='ocr_par' dir='ltr' id='par_1_16' title="bbox 286 1625 1870 1698">
     <span class='ocr_line' id='line_1_16' title="bbox 286 1625 1870 1698; baseline -0.009 -8"><span class='ocrx_word' id='word_1_104' title='bbox 286 1637 377 1690; x_wconf 72' lang='grc' dir='ltr'><strong>τοῦ</strong></span> <span class='ocrx_word' id='word_1_105' title='bbox 399 1634 540 1689; x_wconf 78' lang='grc' dir='ltr'>Θεοῦ</span> <span class='ocrx_word' id='word_1_106' title='bbox 571 1629 744 1697; x_wconf 59' lang='lat' dir='ltr'><strong>sitiat;</strong></span> <span class='ocrx_word' id='word_1_107' title='bbox 770 1632 832 1684; x_wconf 80' lang='lat' dir='ltr'><strong>Ei</strong></span> <span class='ocrx_word' id='word_1_108' title='bbox 864 1631 924 1683; x_wconf 88' lang='grc' dir='ltr'>οὑ</span> <span class='ocrx_word' id='word_1_109' title='bbox 950 1627 1088 1681; x_wconf 88' lang='grc' dir='ltr'>ποιῶ</span> <span class='ocrx_word' id='word_1_110' title='bbox 1115 1626 1182 1680; x_wconf 82' lang='grc' dir='ltr'>τὰ</span> <span class='ocrx_word' id='word_1_111' title='bbox 1221 1625 1362 1698; x_wconf 73' lang='grc' dir='ltr'>ἔργα</span> <span class='ocrx_word' id='word_1_112' title='bbox 1380 1626 1472 1678; x_wconf 80' lang='grc' dir='ltr'>τοῦ</span> <span class='ocrx_word' id='word_1_113' title='bbox 1497 1625 1712 1696; x_wconf 81' lang='grc' dir='ltr'><strong>Πατρός</strong></span> <span class='ocrx_word' id='word_1_114' title='bbox 1739 1641 1870 1694; x_wconf 82' lang='grc' dir='ltr'>μου,</span> 
     </span>
    </p>
   </div>
   <div class='ocr_carea' id='block_1_17' title="bbox 287 1698 1945 1799">
    <p class='ocr_par' dir='ltr' id='par_1_17' title="bbox 287 1698 1945 1799">
     <span class='ocr_line' id='line_1_17' title="bbox 287 1698 1945 1799; baseline -0.008 -18"><span class='ocrx_word' id='word_1_115' title='bbox 287 1727 366 1799; x_wconf 73' lang='grc' dir='ltr'><strong>μὴ</strong></span> <span class='ocrx_word' id='word_1_116' title='bbox 397 1722 683 1780; x_wconf 83' lang='grc' dir='ltr'>πιστεύετὲ</span> <span class='ocrx_word' id='word_1_117' title='bbox 713 1738 824 1792; x_wconf 73' lang='grc' dir='ltr'>μοι’</span> <span class='ocrx_word' id='word_1_118' title='bbox 855 1722 938 1774; x_wconf 81' lang='grc' dir='ltr'><strong>ὅτι</strong></span> <span class='ocrx_word' id='word_1_119' title='bbox 983 1718 1098 1788; x_wconf 76' lang='grc' dir='ltr'><strong>ἐγὼ</strong></span> <span class='ocrx_word' id='word_1_120' title='bbox 1137 1720 1196 1772; x_wconf 78' lang='grc' dir='ltr'>ὲν</span> <span class='ocrx_word' id='word_1_121' title='bbox 1225 1709 1303 1788; x_wconf 80' lang='grc' dir='ltr'>τῷ</span> <span class='ocrx_word' id='word_1_122' title='bbox 1338 1716 1514 1788; x_wconf 86' lang='grc' dir='ltr'>Πατρί</span> <span class='ocrx_word' id='word_1_123' title='bbox 1558 1732 1688 1787; x_wconf 84' lang='grc' dir='ltr'>μου,</span> <span class='ocrx_word' id='word_1_124' title='bbox 1721 1716 1817 1769; x_wconf 74' lang='grc' dir='ltr'>καὶ</span> <span class='ocrx_word' id='word_1_125' title='bbox 1845 1717 1874 1768; x_wconf 82' lang='grc' dir='ltr'>ὁ</span> <span class='ocrx_word' id='word_1_126' title='bbox 1907 1698 1945 1752; x_wconf 68' lang='grc' dir='ltr'>Β</span> 
     </span>
    </p>
   </div>
   <div class='ocr_carea' id='block_1_18' title="bbox 286 1813 983 1889">
    <p class='ocr_par' dir='ltr' id='par_1_18' title="bbox 286 1813 983 1889">
     <span class='ocr_line' id='line_1_18' title="bbox 286 1813 983 1889; baseline -0.014 -16"><span class='ocrx_word' id='word_1_127' title='bbox 286 1819 481 1889; x_wconf 77' lang='grc' dir='ltr'>Πατὴρ</span> <span class='ocrx_word' id='word_1_128' title='bbox 519 1819 576 1868; x_wconf 84' lang='grc' dir='ltr'><strong>ὲν</strong></span> <span class='ocrx_word' id='word_1_129' title='bbox 610 1813 734 1884; x_wconf 81' lang='grc' dir='ltr'><strong>ὲμοί</strong></span> <span class='ocrx_word' id='word_1_130' title='bbox 765 1813 934 1866; x_wconf 80' lang='grc' dir='ltr'>ἐστιν.</span> <span class='ocrx_word' id='word_1_131' title='bbox 964 1830 983 1863; x_wconf 74' lang='grc' dir='ltr'><strong>ι</strong></span> 
     </span>
    </p>
   </div>
   <div class='ocr_carea' id='block_1_19' title="bbox 358 1898 1875 1972">
    <p class='ocr_par' dir='ltr' id='par_1_19' title="bbox 358 1898 1875 1972">
     <span class='ocr_line' id='line_1_19' title="bbox 358 1898 1875 1972; baseline -0.007 -9"><span class='ocrx_word' id='word_1_132' title='bbox 358 1908 561 1962; x_wconf 69' lang='lat' dir='ltr'><strong>EPAN.</strong></span> <span class='ocrx_word' id='word_1_133' title='bbox 612 1906 699 1958; x_wconf 87' lang='grc' dir='ltr'><strong>Ἐν</strong></span> <span class='ocrx_word' id='word_1_134' title='bbox 741 1898 824 1968; x_wconf 77' lang='grc' dir='ltr'><strong>οἷς</strong></span> <span class='ocrx_word' id='word_1_135' title='bbox 857 1902 1097 1971; x_wconf 78' lang='grc' dir='ltr'><strong>ἀνέγνως</strong></span> <span class='ocrx_word' id='word_1_136' title='bbox 1134 1901 1372 1972; x_wconf 81' lang='grc' dir='ltr'>ἀρτίως,</span> <span class='ocrx_word' id='word_1_137' title='bbox 1406 1899 1614 1966; x_wconf 75' lang='grc' dir='ltr'>ἔδειξας</span> <span class='ocrx_word' id='word_1_138' title='bbox 1645 1900 1734 1954; x_wconf 91' lang='grc' dir='ltr'><strong>τὸν</strong></span> <span class='ocrx_word' id='word_1_139' title='bbox 1762 1899 1875 1952; x_wconf 81' lang='grc' dir='ltr'>Κύο</span> 
     </span>
    </p>
   </div>
   <div class='ocr_carea' id='block_1_20' title="bbox 290 1991 1874 2075">
    <p class='ocr_par' dir='ltr' id='par_1_20' title="bbox 290 1991 1874 2075">
     <span class='ocr_line' id='line_1_20' title="bbox 290 1991 1874 2075; baseline -0.009 -18"><span class='ocrx_word' id='word_1_140' title='bbox 290 2019 412 2075; x_wconf 84' lang='grc' dir='ltr'>ριον</span> <span class='ocrx_word' id='word_1_141' title='bbox 446 2002 555 2062; x_wconf 82' lang='grc' dir='ltr'>τοῖς</span> <span class='ocrx_word' id='word_1_142' title='bbox 593 1996 868 2060; x_wconf 71' lang='grc' dir='ltr'><strong>Ἰουδαίοις</strong></span> <span class='ocrx_word' id='word_1_143' title='bbox 908 1995 1041 2048; x_wconf 87' lang='grc' dir='ltr'>Θεὸν</span> <span class='ocrx_word' id='word_1_144' title='bbox 1071 1993 1282 2058; x_wconf 74' lang='grc' dir='ltr'>ἑαυτὸν,</span> <span class='ocrx_word' id='word_1_145' title='bbox 1315 1993 1416 2046; x_wconf 88' lang='grc' dir='ltr'><strong>ούκ</strong></span> <span class='ocrx_word' id='word_1_146' title='bbox 1448 1993 1736 2064; x_wconf 83' lang='grc' dir='ltr'>ἄνθρωπον</span> <span class='ocrx_word' id='word_1_147' title='bbox 1769 1991 1874 2044; x_wconf 69' lang='grc' dir='ltr'>δείε</span> 
     </span>
    </p>
   </div>
   <div class='ocr_carea' id='block_1_21' title="bbox 289 2094 485 2161">
    <p class='ocr_par' dir='ltr' id='par_1_21' title="bbox 289 2094 485 2161">
     <span class='ocr_line' id='line_1_21' title="bbox 289 2094 485 2161; baseline 0.005 -15"><span class='ocrx_word' id='word_1_148' title='bbox 289 2094 485 2161; x_wconf 79' lang='grc' dir='ltr'>ξαντα.</span> 
     </span>
    </p>
   </div>
   <div class='ocr_carea' id='block_1_22' title="bbox 359 2175 1874 2251">
    <p class='ocr_par' dir='ltr' id='par_1_22' title="bbox 359 2175 1874 2251">
     <span class='ocr_line' id='line_1_22' title="bbox 359 2175 1874 2251; baseline -0.007 -12"><span class='ocrx_word' id='word_1_149' title='bbox 359 2184 511 2241; x_wconf 87' lang='grc' dir='ltr'><strong>ΟΡΘ.</strong></span> <span class='ocrx_word' id='word_1_150' title='bbox 552 2182 691 2236; x_wconf 77' lang='grc' dir='ltr'>Ούδὲ</span> <span class='ocrx_word' id='word_1_151' title='bbox 722 2180 832 2251; x_wconf 84' lang='grc' dir='ltr'><strong>γὰρ</strong></span> <span class='ocrx_word' id='word_1_152' title='bbox 863 2178 1072 2232; x_wconf 79' lang='grc' dir='ltr'>ἐδέοντο</span> <span class='ocrx_word' id='word_1_153' title='bbox 1098 2177 1291 2249; x_wconf 82' lang='grc' dir='ltr'>μαθεῖν</span> <span class='ocrx_word' id='word_1_154' title='bbox 1314 2177 1451 2248; x_wconf 82' lang='grc' dir='ltr'>ὅπερ</span> <span class='ocrx_word' id='word_1_155' title='bbox 1474 2175 1714 2248; x_wconf 78' lang='grc' dir='ltr'>ᾔδεισαν.</span> <span class='ocrx_word' id='word_1_156' title='bbox 1751 2177 1874 2230; x_wconf 75' lang='grc' dir='ltr'>Ὀτι</span> 
     </span>
    </p>
   </div>
   <div class='ocr_carea' id='block_1_23' title="bbox 290 2268 1869 2349">
    <p class='ocr_par' dir='ltr' id='par_1_23' title="bbox 290 2268 1869 2349">
     <span class='ocr_line' id='line_1_23' title="bbox 290 2268 1869 2349; baseline -0.008 -17"><span class='ocrx_word' id='word_1_157' title='bbox 290 2279 394 2349; x_wconf 73' lang='grc' dir='ltr'><strong>γὰρ</strong></span> <span class='ocrx_word' id='word_1_158' title='bbox 420 2277 709 2346; x_wconf 74' lang='grc' dir='ltr'>ἄνθρωπος</span> <span class='ocrx_word' id='word_1_159' title='bbox 737 2270 826 2342; x_wconf 83' lang='grc' dir='ltr'><strong>ἦν,</strong></span> <span class='ocrx_word' id='word_1_160' title='bbox 850 2272 1092 2342; x_wconf 70' lang='grc' dir='ltr'>ᾔδεισαν·</span> <span class='ocrx_word' id='word_1_161' title='bbox 1119 2271 1202 2324; x_wconf 83' lang='grc' dir='ltr'>ὅτι</span> <span class='ocrx_word' id='word_1_162' title='bbox 1232 2269 1287 2323; x_wconf 82' lang='grc' dir='ltr'>δὲ</span> <span class='ocrx_word' id='word_1_163' title='bbox 1316 2269 1410 2322; x_wconf 72' lang='grc' dir='ltr'>καὶ</span> <span class='ocrx_word' id='word_1_164' title='bbox 1440 2269 1572 2332; x_wconf 85' lang='grc' dir='ltr'>Θεὸς</span> <span class='ocrx_word' id='word_1_165' title='bbox 1596 2268 1869 2338; x_wconf 77' lang='grc' dir='ltr'><strong>ὑπῆρχεν,</strong></span> 
     </span>
    </p>
   </div>
   <div class='ocr_carea' id='block_1_24' title="bbox 288 2359 1872 2440">
    <p class='ocr_par' dir='ltr' id='par_1_24' title="bbox 288 2359 1872 2440">
     <span class='ocr_line' id='line_1_24' title="bbox 288 2359 1872 2440; baseline -0.008 -18"><span class='ocrx_word' id='word_1_166' title='bbox 288 2370 388 2423; x_wconf 83' lang='grc' dir='ltr'>οὐκ</span> <span class='ocrx_word' id='word_1_167' title='bbox 417 2368 662 2440; x_wconf 72' lang='grc' dir='ltr'>ᾔδεισαν.</span> <span class='ocrx_word' id='word_1_168' title='bbox 700 2363 881 2418; x_wconf 86' lang='grc' dir='ltr'>Ταύτὸ</span> <span class='ocrx_word' id='word_1_169' title='bbox 907 2363 966 2417; x_wconf 78' lang='grc' dir='ltr'>δὲ</span> <span class='ocrx_word' id='word_1_170' title='bbox 993 2360 1154 2415; x_wconf 82' lang='grc' dir='ltr'>τοῦτο</span> <span class='ocrx_word' id='word_1_171' title='bbox 1188 2361 1282 2414; x_wconf 76' lang='grc' dir='ltr'><strong>καὶ</strong></span> <span class='ocrx_word' id='word_1_172' title='bbox 1308 2361 1402 2414; x_wconf 76' lang='grc' dir='ltr'><strong>ἐπὶ</strong></span> <span class='ocrx_word' id='word_1_173' title='bbox 1430 2359 1536 2413; x_wconf 87' lang='grc' dir='ltr'><strong>τῶν</strong></span> <span class='ocrx_word' id='word_1_174' title='bbox 1562 2359 1872 2430; x_wconf 74' lang='grc' dir='ltr'>Φαρισαίων</span> 
     </span>
    </p>
   </div>
   <div class='ocr_carea' id='block_1_25' title="bbox 289 2451 1872 2530">
    <p class='ocr_par' dir='ltr' id='par_1_25' title="bbox 289 2451 1872 2530">
     <span class='ocr_line' id='line_1_25' title="bbox 289 2451 1872 2530; baseline -0.006 -15"><span class='ocrx_word' id='word_1_175' title='bbox 289 2462 611 2530; x_wconf 76' lang='grc' dir='ltr'>πεποίηκεν.</span> <span class='ocrx_word' id='word_1_176' title='bbox 641 2458 728 2520; x_wconf 85' lang='grc' dir='ltr'>Ὧς</span> <span class='ocrx_word' id='word_1_177' title='bbox 756 2456 864 2527; x_wconf 78' lang='grc' dir='ltr'>γὰρ</span> <span class='ocrx_word' id='word_1_178' title='bbox 887 2452 1158 2525; x_wconf 81' lang='grc' dir='ltr'>ἀνθρώπῳ</span> <span class='ocrx_word' id='word_1_179' title='bbox 1185 2453 1348 2523; x_wconf 81' lang='grc' dir='ltr'>κοινῷ</span> <span class='ocrx_word' id='word_1_180' title='bbox 1371 2452 1696 2523; x_wconf 84' lang='grc' dir='ltr'>προσιόντας</span> <span class='ocrx_word' id='word_1_181' title='bbox 1727 2451 1872 2515; x_wconf 82' lang='grc' dir='ltr'>ἰδὼν,</span> 
     </span>
    </p>
   </div>
   <div class='ocr_carea' id='block_1_26' title="bbox 288 2541 1876 2625">
    <p class='ocr_par' dir='ltr' id='par_1_26' title="bbox 288 2541 1876 2625">
     <span class='ocr_line' id='line_1_26' title="bbox 288 2541 1876 2625; baseline -0.008 -18"><span class='ocrx_word' id='word_1_182' title='bbox 288 2555 456 2625; x_wconf 67' lang='grc' dir='ltr'>ἤρετο</span> <span class='ocrx_word' id='word_1_183' title='bbox 492 2550 691 2612; x_wconf 65' lang='grc' dir='ltr'>αὑτοὺς</span> <span class='ocrx_word' id='word_1_184' title='bbox 719 2547 925 2609; x_wconf 71' lang='grc' dir='ltr'>οὑτως·</span> <span class='ocrx_word' id='word_1_185' title='bbox 967 2566 985 2598; x_wconf 77' lang='grc' dir='ltr'><strong>ι</strong></span> <span class='ocrx_word' id='word_1_186' title='bbox 1019 2546 1084 2598; x_wconf 86' lang='grc' dir='ltr'>Τί</span> <span class='ocrx_word' id='word_1_187' title='bbox 1117 2545 1246 2614; x_wconf 86' lang='grc' dir='ltr'>ὑμῖν</span> <span class='ocrx_word' id='word_1_188' title='bbox 1271 2543 1418 2597; x_wconf 87' lang='grc' dir='ltr'>δοκεῖ</span> <span class='ocrx_word' id='word_1_189' title='bbox 1442 2542 1571 2613; x_wconf 80' lang='grc' dir='ltr'>περὶ</span> <span class='ocrx_word' id='word_1_190' title='bbox 1608 2541 1702 2595; x_wconf 82' lang='grc' dir='ltr'><strong>τοῦ</strong></span> <span class='ocrx_word' id='word_1_191' title='bbox 1742 2543 1876 2614; x_wconf 84' lang='grc' dir='ltr'>Χρι-</span> 
     </span>
    </p>
   </div>
   <div class='ocr_carea' id='block_1_27' title="bbox 286 2635 1870 2711">
    <p class='ocr_par' dir='ltr' id='par_1_27' title="bbox 286 2635 1870 2711">
     <span class='ocr_line' id='line_1_27' title="bbox 286 2635 1870 2711; baseline -0.009 -11"><span class='ocrx_word' id='word_1_192' title='bbox 286 2646 418 2711; x_wconf 63' lang='lat' dir='ltr'><strong>toﬁ;</strong></span> <span class='ocrx_word' id='word_1_193' title='bbox 471 2644 616 2706; x_wconf 88' lang='grc' dir='ltr'>τίνος</span> <span class='ocrx_word' id='word_1_194' title='bbox 662 2641 811 2694; x_wconf 74' lang='grc' dir='ltr'>ἐστὶν</span> <span class='ocrx_word' id='word_1_195' title='bbox 858 2639 1013 2702; x_wconf 71' lang='grc' dir='ltr'>υἱός,</span> <span class='ocrx_word' id='word_1_196' title='bbox 1059 2656 1078 2689; x_wconf 71' lang='grc' dir='ltr'><strong>ι</strong></span> <span class='ocrx_word' id='word_1_197' title='bbox 1137 2639 1391 2690; x_wconf 86' lang='grc' dir='ltr'>Ἐκείνων</span> <span class='ocrx_word' id='word_1_198' title='bbox 1433 2635 1490 2688; x_wconf 85' lang='grc' dir='ltr'>δὲ</span> <span class='ocrx_word' id='word_1_199' title='bbox 1532 2635 1870 2706; x_wconf 74' lang='grc' dir='ltr'>εἰρηκότων,</span> 
     </span>
    </p>
   </div>
   <div class='ocr_carea' id='block_1_28' title="bbox 291 2720 1871 2799">
    <p class='ocr_par' dir='ltr' id='par_1_28' title="bbox 291 2720 1871 2799">
     <span class='ocr_line' id='line_1_28' title="bbox 291 2720 1871 2799; baseline -0.009 -10"><span class='ocrx_word' id='word_1_200' title='bbox 291 2756 313 2789; x_wconf 68' lang='grc' dir='ltr'><strong>ι</strong></span> <span class='ocrx_word' id='word_1_201' title='bbox 347 2735 462 2790; x_wconf 75' lang='grc' dir='ltr'><strong>Τοῦ</strong></span> <span class='ocrx_word' id='word_1_202' title='bbox 502 2732 700 2796; x_wconf 80' lang='grc' dir='ltr'>Δαϐὶδ,</span> <span class='ocrx_word' id='word_1_203' title='bbox 735 2749 754 2781; x_wconf 71' lang='grc' dir='ltr'><strong>ι</strong></span> <span class='ocrx_word' id='word_1_204' title='bbox 779 2730 942 2791; x_wconf 79' lang='grc' dir='ltr'>αὐτὸς</span> <span class='ocrx_word' id='word_1_205' title='bbox 976 2728 1225 2799; x_wconf 78' lang='grc' dir='ltr'>ἐπήγαγε</span> <span class='ocrx_word' id='word_1_206' title='bbox 1245 2741 1260 2756; x_wconf 80' lang='grc'><strong><em>⁸</em></strong></span> <span class='ocrx_word' id='word_1_207' title='bbox 1301 2745 1320 2777; x_wconf 75' lang='grc' dir='ltr'><strong>ι</strong></span> <span class='ocrx_word' id='word_1_208' title='bbox 1357 2723 1480 2788; x_wconf 85' lang='grc' dir='ltr'>Πῶς</span> <span class='ocrx_word' id='word_1_209' title='bbox 1507 2720 1600 2779; x_wconf 84' lang='grc' dir='ltr'>οὖν</span> <span class='ocrx_word' id='word_1_210' title='bbox 1621 2723 1784 2776; x_wconf 80' lang='grc' dir='ltr'>Δα6“ιδ</span> <span class='ocrx_word' id='word_1_211' title='bbox 1813 2725 1871 2774; x_wconf 83' lang='grc' dir='ltr'>ἐν</span> 
     </span>
    </p>
   </div>
   <div class='ocr_carea' id='block_1_29' title="bbox 287 2812 1876 2896">
    <p class='ocr_par' dir='ltr' id='par_1_29' title="bbox 287 2812 1876 2896">
     <span class='ocr_line' id='line_1_29' title="bbox 287 2812 1876 2896; baseline -0.009 -16"><span class='ocrx_word' id='word_1_212' title='bbox 287 2826 570 2896; x_wconf 79' lang='grc' dir='ltr'>πνεύματι</span> <span class='ocrx_word' id='word_1_213' title='bbox 618 2821 820 2892; x_wconf 77' lang='grc' dir='ltr'>Κύριον</span> <span class='ocrx_word' id='word_1_214' title='bbox 849 2819 1010 2872; x_wconf 87' lang='grc' dir='ltr'>αὑτὸν</span> <span class='ocrx_word' id='word_1_215' title='bbox 1054 2817 1244 2882; x_wconf 87' lang='grc' dir='ltr'>καλεῖ;</span> <span class='ocrx_word' id='word_1_216' title='bbox 1281 2812 1416 2869; x_wconf 64' lang='lat' dir='ltr'><strong>Eii-ta</strong></span> <span class='ocrx_word' id='word_1_217' title='bbox 1449 2815 1557 2887; x_wconf 78' lang='grc' dir='ltr'>γὰρ</span> <span class='ocrx_word' id='word_1_218' title='bbox 1579 2855 1594 2879; x_wconf 94' lang='grc'><strong>,</strong></span> <span class='ocrx_word' id='word_1_219' title='bbox 1626 2816 1812 2885; x_wconf 67' lang='grc' dir='ltr'>φησιν,</span> <span class='ocrx_word' id='word_1_220' title='bbox 1849 2815 1876 2865; x_wconf 88' lang='grc' dir='ltr'><strong>ὁ</strong></span> 
     </span>
    </p>
   </div>
   <div class='ocr_carea' id='block_1_30' title="bbox 285 2904 1874 2991">
    <p class='ocr_par' dir='ltr' id='par_1_30' title="bbox 285 2904 1874 2991">
     <span class='ocr_line' id='line_1_30' title="bbox 285 2904 1874 2991; baseline -0.009 -16"><span class='ocrx_word' id='word_1_221' title='bbox 285 2920 502 2991; x_wconf 76' lang='grc' dir='ltr'>Κύριος</span> <span class='ocrx_word' id='word_1_222' title='bbox 523 2916 600 2987; x_wconf 77' lang='grc' dir='ltr'>τῷ</span> <span class='ocrx_word' id='word_1_223' title='bbox 622 2914 812 2987; x_wconf 83' lang='grc' dir='ltr'><strong>Κυρίῳ</strong></span> <span class='ocrx_word' id='word_1_224' title='bbox 836 2930 939 2983; x_wconf 81' lang='grc' dir='ltr'><strong>μου</strong></span> <span class='ocrx_word' id='word_1_225' title='bbox 968 2929 980 2942; x_wconf 88' lang='grc'><strong>·</strong></span> <span class='ocrx_word' id='word_1_226' title='bbox 1010 2910 1195 2966; x_wconf 86' lang='grc' dir='ltr'>Κάθου</span> <span class='ocrx_word' id='word_1_227' title='bbox 1218 2912 1282 2964; x_wconf 87' lang='grc' dir='ltr'>ὲκ</span> <span class='ocrx_word' id='word_1_228' title='bbox 1310 2908 1498 2973; x_wconf 79' lang='grc' dir='ltr'>δεξιῶν</span> <span class='ocrx_word' id='word_1_229' title='bbox 1536 2925 1658 2980; x_wconf 83' lang='grc' dir='ltr'><strong>μου.</strong></span> <span class='ocrx_word' id='word_1_230' title='bbox 1694 2927 1713 2958; x_wconf 78' lang='grc' dir='ltr'><strong>ι</strong></span> <span class='ocrx_word' id='word_1_231' title='bbox 1742 2904 1874 2960; x_wconf 79' lang='grc' dir='ltr'>Εἶτα</span> 
     </span>
    </p>
   </div>
   <div class='ocr_carea' id='block_1_31' title="bbox 1346 235 2486 300">
    <p class='ocr_par' dir='ltr' id='par_1_31' title="bbox 1346 235 2486 300">
     <span class='ocr_line' id='line_1_31' title="bbox 1346 235 2486 300; baseline -0.004 0"><span class='ocrx_word' id='word_1_232' title='bbox 1346 237 1727 300; x_wconf 85' lang='lat' dir='ltr'><strong>DIALOGUS</strong></span> <span class='ocrx_word' id='word_1_233' title='bbox 1766 237 1846 296; x_wconf 92' lang='lat' dir='ltr'><strong>II.</strong></span> <span class='ocrx_word' id='word_1_234' title='bbox 1887 261 1956 270; x_wconf 82' lang='lat'><strong>-</strong></span> <span class='ocrx_word' id='word_1_235' title='bbox 1990 235 2486 296; x_wconf 75' lang='lat' dir='ltr'><strong>INCONFUSUS.</strong></span> 
     </span>
    </p>
   </div>
   <div class='ocr_carea' id='block_1_32' title="bbox 1905 353 2635 416">
    <p class='ocr_par' dir='ltr' id='par_1_32' title="bbox 1905 353 2635 416">
     <span class='ocr_line' id='line_1_32' title="bbox 1905 353 2635 416; baseline -0.007 -8"><span class='ocrx_word' id='word_1_236' title='bbox 1905 359 1950 416; x_wconf 73' lang='grc' dir='ltr'>Α</span> <span class='ocrx_word' id='word_1_237' title='bbox 2050 353 2255 407; x_wconf 82' lang='lat' dir='ltr'><strong>ERAN.</strong></span> <span class='ocrx_word' id='word_1_238' title='bbox 2295 353 2499 405; x_wconf 79' lang='lat' dir='ltr'><strong>Verum</strong></span> <span class='ocrx_word' id='word_1_239' title='bbox 2528 357 2635 405; x_wconf 88' lang='lat' dir='ltr'><strong>est.</strong></span> 
     </span>
    </p>
   </div>
   <div class='ocr_carea' id='block_1_33' title="bbox 3451 218 3553 284">
    <p class='ocr_par' dir='ltr' id='par_1_33' title="bbox 3451 218 3553 284">
     <span class='ocr_line' id='line_1_33' title="bbox 3451 218 3553 284; baseline -0.02 0"><span class='ocrx_word' id='word_1_240' title='bbox 3451 218 3553 284; x_wconf 64' lang='lat'><strong>131</strong></span> 
     </span>
    </p>
   </div>
   <div class='ocr_carea' id='block_1_34' title="bbox 2055 432 3560 512">
    <p class='ocr_par' dir='ltr' id='par_1_34' title="bbox 2055 432 3560 512">
     <span class='ocr_line' id='line_1_34' title="bbox 2055 432 3560 512; baseline -0.006 -13"><span class='ocrx_word' id='word_1_241' title='bbox 2055 445 2263 500; x_wconf 83' lang='lat' dir='ltr'><strong>ORTH.</strong></span> <span class='ocrx_word' id='word_1_242' title='bbox 2310 444 2447 498; x_wconf 87' lang='lat' dir='ltr'><strong>Cum</strong></span> <span class='ocrx_word' id='word_1_243' title='bbox 2477 457 2609 512; x_wconf 78' lang='lat' dir='ltr'><strong>ergo</strong></span> <span class='ocrx_word' id='word_1_244' title='bbox 2648 441 2984 511; x_wconf 76' lang='lat' dir='ltr'><strong>ignorarent,</strong></span> <span class='ocrx_word' id='word_1_245' title='bbox 3014 451 3196 491; x_wconf 85' lang='lat' dir='ltr'><strong>nonne</strong></span> <span class='ocrx_word' id='word_1_246' title='bbox 3229 450 3324 490; x_wconf 92' lang='lat' dir='ltr'><strong>eos</strong></span> <span class='ocrx_word' id='word_1_247' title='bbox 3350 432 3560 490; x_wconf 76' lang='lat' dir='ltr'><strong>discere</strong></span> 
     </span>
    </p>
   </div>
   <div class='ocr_carea' id='block_1_35' title="bbox 1984 536 2261 607">
    <p class='ocr_par' dir='ltr' id='par_1_35' title="bbox 1984 536 2261 607">
     <span class='ocr_line' id='line_1_35' title="bbox 1984 536 2261 607; baseline -0.007 -16"><span class='ocrx_word' id='word_1_248' title='bbox 1984 536 2261 607; x_wconf 85' lang='lat' dir='ltr'><strong>oportuit?</strong></span> 
     </span>
    </p>
   </div>
   <div class='ocr_carea' id='block_1_36' title="bbox 2050 625 2786 683">
    <p class='ocr_par' dir='ltr' id='par_1_36' title="bbox 2050 625 2786 683">
     <span class='ocr_line' id='line_1_36' title="bbox 2050 625 2786 683; baseline -0.005 0"><span class='ocrx_word' id='word_1_249' title='bbox 2050 627 2259 683; x_wconf 78' lang='lat' dir='ltr'><strong>ERAN.</strong></span> <span class='ocrx_word' id='word_1_250' title='bbox 2302 625 2361 681; x_wconf 91' lang='lat' dir='ltr'><strong>ln</strong></span> <span class='ocrx_word' id='word_1_251' title='bbox 2399 625 2652 681; x_wconf 77' lang='lat' dir='ltr'><strong>confesso</strong></span> <span class='ocrx_word' id='word_1_252' title='bbox 2681 633 2786 680; x_wconf 80' lang='lat' dir='ltr'><strong>est.</strong></span> 
     </span>
    </p>
   </div>
   <div class='ocr_carea' id='block_1_37' title="bbox 2050 713 3560 790">
    <p class='ocr_par' dir='ltr' id='par_1_37' title="bbox 2050 713 3560 790">
     <span class='ocr_line' id='line_1_37' title="bbox 2050 713 3560 790; baseline -0.004 -16"><span class='ocrx_word' id='word_1_253' title='bbox 2050 718 2262 774; x_wconf 78' lang='lat' dir='ltr'><strong>ORTH.</strong></span> <span class='ocrx_word' id='word_1_254' title='bbox 2297 719 2436 774; x_wconf 90' lang='lat' dir='ltr'><strong>Audi</strong></span> <span class='ocrx_word' id='word_1_255' title='bbox 2471 735 2602 790; x_wconf 82' lang='lat' dir='ltr'><strong>ergo</strong></span> <span class='ocrx_word' id='word_1_256' title='bbox 2635 719 2746 772; x_wconf 85' lang='lat' dir='ltr'><strong>illis</strong></span> <span class='ocrx_word' id='word_1_257' title='bbox 2777 718 3050 772; x_wconf 74' lang='lat' dir='ltr'><strong>dicentem</strong></span> <span class='ocrx_word' id='word_1_258' title='bbox 3080 733 3092 768; x_wconf 91' lang='lat'><strong>:</strong></span> <span class='ocrx_word' id='word_1_259' title='bbox 3134 735 3150 766; x_wconf 78' lang='grc' dir='ltr'><strong>ι</strong></span> <span class='ocrx_word' id='word_1_260' title='bbox 3181 715 3347 768; x_wconf 83' lang='lat' dir='ltr'><strong>Multa</strong></span> <span class='ocrx_word' id='word_1_261' title='bbox 3373 713 3560 783; x_wconf 69' lang='lat' dir='ltr'><strong>(bona)</strong></span> 
     </span>
    </p>
   </div>
   <div class='ocr_carea' id='block_1_38' title="bbox 1977 803 3560 878">
    <p class='ocr_par' dir='ltr' id='par_1_38' title="bbox 1977 803 3560 878">
     <span class='ocr_line' id='line_1_38' title="bbox 1977 803 3560 878; baseline -0.005 -14"><span class='ocrx_word' id='word_1_262' title='bbox 1977 823 2150 878; x_wconf 77' lang='lat' dir='ltr'><strong>Opera</strong></span> <span class='ocrx_word' id='word_1_263' title='bbox 2195 809 2410 864; x_wconf 76' lang='lat' dir='ltr'><strong>ostendi</strong></span> <span class='ocrx_word' id='word_1_264' title='bbox 2457 810 2615 864; x_wconf 84' lang='lat' dir='ltr'><strong>vobis</strong></span> <span class='ocrx_word' id='word_1_265' title='bbox 2647 824 2716 862; x_wconf 82' lang='lat' dir='ltr'><strong>ex</strong></span> <span class='ocrx_word' id='word_1_266' title='bbox 2750 809 2910 863; x_wconf 83' lang='lat' dir='ltr'><strong>Patre</strong></span> <span class='ocrx_word' id='word_1_267' title='bbox 2957 822 3102 870; x_wconf 91' lang='lat' dir='ltr'><strong>meo,</strong></span> <span class='ocrx_word' id='word_1_268' title='bbox 3149 811 3375 874; x_wconf 77' lang='lat' dir='ltr'><strong>propter</strong></span> <span class='ocrx_word' id='word_1_269' title='bbox 3413 803 3560 872; x_wconf 87' lang='lat' dir='ltr'><strong>quod</strong></span> 
     </span>
    </p>
   </div>
   <div class='ocr_carea' id='block_1_39' title="bbox 1977 894 3562 971">
    <p class='ocr_par' dir='ltr' id='par_1_39' title="bbox 1977 894 3562 971">
     <span class='ocr_line' id='line_1_39' title="bbox 1977 894 3562 971; baseline -0.006 -15"><span class='ocrx_word' id='word_1_270' title='bbox 1977 917 2172 956; x_wconf 90' lang='lat' dir='ltr'><strong>eorum</strong></span> <span class='ocrx_word' id='word_1_271' title='bbox 2222 917 2308 956; x_wconf 92' lang='lat' dir='ltr'><strong>me</strong></span> <span class='ocrx_word' id='word_1_272' title='bbox 2355 900 2612 971; x_wconf 77' lang='lat' dir='ltr'><strong>lapidatis</strong></span> <span class='ocrx_word' id='word_1_273' title='bbox 2637 900 2694 953; x_wconf 64' lang='lat'><strong>1&#39;?</strong></span> <span class='ocrx_word' id='word_1_274' title='bbox 2731 918 2750 950; x_wconf 75' lang='grc' dir='ltr'><strong>ι</strong></span> <span class='ocrx_word' id='word_1_275' title='bbox 2785 899 2852 953; x_wconf 89' lang='grc' dir='ltr'>Ει</span> <span class='ocrx_word' id='word_1_276' title='bbox 2901 914 3027 954; x_wconf 85' lang='grc' dir='ltr'>ειιιιι</span> <span class='ocrx_word' id='word_1_277' title='bbox 3069 898 3334 952; x_wconf 80' lang='lat' dir='ltr'><strong>dixissent</strong></span> <span class='ocrx_word' id='word_1_278' title='bbox 3367 914 3378 949; x_wconf 94' lang='lat'>:</span> <span class='ocrx_word' id='word_1_279' title='bbox 3424 914 3443 946; x_wconf 79' lang='grc' dir='ltr'><strong>ι</strong></span> <span class='ocrx_word' id='word_1_280' title='bbox 3479 894 3562 949; x_wconf 87' lang='lat' dir='ltr'><strong>Ob</strong></span> 
     </span>
    </p>
   </div>
   <div class='ocr_carea' id='block_1_40' title="bbox 1981 987 3618 1063">
    <p class='ocr_par' dir='ltr' id='par_1_40' title="bbox 1981 987 3618 1063">
     <span class='ocr_line' id='line_1_40' title="bbox 1981 987 3618 1063; baseline -0.004 -17"><span class='ocrx_word' id='word_1_281' title='bbox 1981 993 2186 1047; x_wconf 90' lang='lat' dir='ltr'><strong>bonum</strong></span> <span class='ocrx_word' id='word_1_282' title='bbox 2233 1009 2372 1063; x_wconf 90' lang='lat' dir='ltr'><strong>opus</strong></span> <span class='ocrx_word' id='word_1_283' title='bbox 2409 1008 2519 1046; x_wconf 89' lang='lat' dir='ltr'><strong>non</strong></span> <span class='ocrx_word' id='word_1_284' title='bbox 2565 991 2874 1061; x_wconf 82' lang='lat' dir='ltr'><strong>lapidainus</strong></span> <span class='ocrx_word' id='word_1_285' title='bbox 2925 999 2997 1054; x_wconf 92' lang='lat' dir='ltr'><strong>te,</strong></span> <span class='ocrx_word' id='word_1_286' title='bbox 3039 990 3134 1044; x_wconf 91' lang='lat' dir='ltr'><strong>sed</strong></span> <span class='ocrx_word' id='word_1_287' title='bbox 3185 989 3256 1042; x_wconf 90' lang='lat' dir='ltr'><strong>ob</strong></span> <span class='ocrx_word' id='word_1_288' title='bbox 3301 987 3561 1055; x_wconf 87' lang='lat' dir='ltr'><strong>blasphc-</strong></span> <span class='ocrx_word' id='word_1_289' title='bbox 3609 1011 3618 1018; x_wconf 86' lang='lat'><strong>-</strong></span> 
     </span>
    </p>
   </div>
   <div class='ocr_carea' id='block_1_41' title="bbox 1975 1078 3553 1154">
    <p class='ocr_par' dir='ltr' id='par_1_41' title="bbox 1975 1078 3553 1154">
     <span class='ocr_line' id='line_1_41' title="bbox 1975 1078 3553 1154; baseline -0.006 -15"><span class='ocrx_word' id='word_1_290' title='bbox 1975 1086 2166 1149; x_wconf 87' lang='lat' dir='ltr'><strong>miam,</strong></span> <span class='ocrx_word' id='word_1_291' title='bbox 2187 1085 2333 1154; x_wconf 87' lang='lat' dir='ltr'><strong>quod</strong></span> <span class='ocrx_word' id='word_1_292' title='bbox 2356 1101 2483 1139; x_wconf 92' lang='lat' dir='ltr'><strong>cum</strong></span> <span class='ocrx_word' id='word_1_293' title='bbox 2511 1085 2676 1138; x_wconf 90' lang='lat' dir='ltr'><strong>homo</strong></span> <span class='ocrx_word' id='word_1_294' title='bbox 2701 1084 2797 1148; x_wconf 88' lang='lat' dir='ltr'><strong>sis,</strong></span> <span class='ocrx_word' id='word_1_295' title='bbox 2824 1083 2989 1137; x_wconf 78' lang='lat' dir='ltr'><strong>facias</strong></span> <span class='ocrx_word' id='word_1_296' title='bbox 3011 1082 3246 1151; x_wconf 88' lang='lat' dir='ltr'><strong>teipsum</strong></span> <span class='ocrx_word' id='word_1_297' title='bbox 3273 1081 3444 1134; x_wconf 87' lang='lat' dir='ltr'><strong>Deum</strong></span> <span class='ocrx_word' id='word_1_298' title='bbox 3464 1078 3504 1140; x_wconf 67' lang='grc'>⁵,</span> <span class='ocrx_word' id='word_1_299' title='bbox 3535 1095 3553 1127; x_wconf 78' lang='grc' dir='ltr'><strong>ι</strong></span> 
     </span>
    </p>
   </div>
   <div class='ocr_carea' id='block_1_42' title="bbox 1978 1167 3558 1246">
    <p class='ocr_par' dir='ltr' id='par_1_42' title="bbox 1978 1167 3558 1246">
     <span class='ocr_line' id='line_1_42' title="bbox 1978 1167 3558 1246; baseline -0.006 -16"><span class='ocrx_word' id='word_1_300' title='bbox 1978 1176 2262 1246; x_wconf 78' lang='lat' dir='ltr'><strong>subjunxit</strong></span> <span class='ocrx_word' id='word_1_301' title='bbox 2293 1195 2304 1228; x_wconf 90' lang='lat'>:</span> <span class='ocrx_word' id='word_1_302' title='bbox 2335 1175 2393 1228; x_wconf 86' lang='lat' dir='ltr'><strong>In</strong></span> <span class='ocrx_word' id='word_1_303' title='bbox 2430 1179 2547 1245; x_wconf 77' lang='lat' dir='ltr'><strong>lege</strong></span> <span class='ocrx_word' id='word_1_304' title='bbox 2586 1183 2772 1228; x_wconf 80' lang='lat' dir='ltr'><strong>vestra</strong></span> <span class='ocrx_word' id='word_1_305' title='bbox 2805 1172 3075 1241; x_wconf 90' lang='lat' dir='ltr'><strong>scriptum</strong></span> <span class='ocrx_word' id='word_1_306' title='bbox 3105 1179 3189 1224; x_wconf 90' lang='lat' dir='ltr'><strong>est</strong></span> <span class='ocrx_word' id='word_1_307' title='bbox 3219 1188 3231 1222; x_wconf 86' lang='lat'><strong>:</strong></span> <span class='ocrx_word' id='word_1_308' title='bbox 3264 1169 3377 1238; x_wconf 80' lang='lat' dir='ltr'><strong>Ego</strong></span> <span class='ocrx_word' id='word_1_309' title='bbox 3403 1167 3558 1222; x_wconf 83' lang='lat' dir='ltr'><strong>dixi:</strong></span> 
     </span>
    </p>
   </div>
   <div class='ocr_carea' id='block_1_43' title="bbox 1976 1259 3561 1332">
    <p class='ocr_par' dir='ltr' id='par_1_43' title="bbox 1976 1259 3561 1332">
     <span class='ocr_line' id='line_1_43' title="bbox 1976 1259 3561 1332; baseline -0.006 -10"><span class='ocrx_word' id='word_1_310' title='bbox 1976 1267 2062 1322; x_wconf 91' lang='lat' dir='ltr'><strong>Dii</strong></span> <span class='ocrx_word' id='word_1_311' title='bbox 2103 1267 2256 1321; x_wconf 87' lang='lat' dir='ltr'><strong>estis.</strong></span> <span class='ocrx_word' id='word_1_312' title='bbox 2305 1265 2362 1320; x_wconf 90' lang='lat' dir='ltr'><strong>Si</strong></span> <span class='ocrx_word' id='word_1_313' title='bbox 2408 1265 2532 1319; x_wconf 91' lang='lat' dir='ltr'><strong>illos</strong></span> <span class='ocrx_word' id='word_1_314' title='bbox 2573 1263 2713 1317; x_wconf 80' lang='lat' dir='ltr'><strong>dixit</strong></span> <span class='ocrx_word' id='word_1_315' title='bbox 2755 1264 2908 1326; x_wconf 91' lang='lat' dir='ltr'><strong>deos,</strong></span> <span class='ocrx_word' id='word_1_316' title='bbox 2945 1261 3012 1316; x_wconf 91' lang='lat' dir='ltr'><strong>ad</strong></span> <span class='ocrx_word' id='word_1_317' title='bbox 3059 1277 3200 1332; x_wconf 90' lang='lat' dir='ltr'><strong>quos</strong></span> <span class='ocrx_word' id='word_1_318' title='bbox 3243 1275 3424 1316; x_wconf 86' lang='lat' dir='ltr'><strong>sermo</strong></span> <span class='ocrx_word' id='word_1_319' title='bbox 3462 1259 3561 1314; x_wconf 66' lang='lat' dir='ltr'><strong>Dei</strong></span> 
     </span>
    </p>
   </div>
   <div class='ocr_carea' id='block_1_44' title="bbox 1979 1353 3558 1426">
    <p class='ocr_par' dir='ltr' id='par_1_44' title="bbox 1979 1353 3558 1426">
     <span class='ocr_line' id='line_1_44' title="bbox 1979 1353 3558 1426; baseline -0.006 -11"><span class='ocrx_word' id='word_1_320' title='bbox 1979 1362 2155 1415; x_wconf 84' lang='lat' dir='ltr'><strong>factus</strong></span> <span class='ocrx_word' id='word_1_321' title='bbox 2184 1368 2286 1423; x_wconf 85' lang='lat' dir='ltr'><strong>est,</strong></span> <span class='ocrx_word' id='word_1_322' title='bbox 2321 1367 2378 1412; x_wconf 90' lang='lat' dir='ltr'><strong>et</strong></span> <span class='ocrx_word' id='word_1_323' title='bbox 2403 1374 2512 1412; x_wconf 90' lang='lat' dir='ltr'><strong>non</strong></span> <span class='ocrx_word' id='word_1_324' title='bbox 2544 1364 2726 1426; x_wconf 91' lang='lat' dir='ltr'><strong>potest</strong></span> <span class='ocrx_word' id='word_1_325' title='bbox 2755 1356 2891 1410; x_wconf 83' lang='lat' dir='ltr'><strong>solvi</strong></span> <span class='ocrx_word' id='word_1_326' title='bbox 2921 1354 3243 1423; x_wconf 91' lang='lat' dir='ltr'><strong>Scriptura;</strong></span> <span class='ocrx_word' id='word_1_327' title='bbox 3277 1353 3354 1406; x_wconf 87' lang='lat' dir='ltr'><strong>illi</strong></span> <span class='ocrx_word' id='word_1_328' title='bbox 3393 1358 3558 1420; x_wconf 82' lang='lat' dir='ltr'><strong>quem</strong></span> 
     </span>
    </p>
   </div>
   <div class='ocr_carea' id='block_1_45' title="bbox 1976 1443 3557 1510">
    <p class='ocr_par' dir='ltr' id='par_1_45' title="bbox 1976 1443 3557 1510">
     <span class='ocr_line' id='line_1_45' title="bbox 1976 1443 3557 1510; baseline -0.007 -2"><span class='ocrx_word' id='word_1_329' title='bbox 1976 1454 2140 1508; x_wconf 88' lang='lat' dir='ltr'><strong>Pater</strong></span> <span class='ocrx_word' id='word_1_330' title='bbox 2167 1451 2529 1508; x_wconf 84' lang='lat' dir='ltr'><strong>sanctiﬁcavit</strong></span> <span class='ocrx_word' id='word_1_331' title='bbox 2557 1457 2613 1505; x_wconf 90' lang='lat' dir='ltr'><strong>et</strong></span> <span class='ocrx_word' id='word_1_332' title='bbox 2644 1449 2794 1504; x_wconf 83' lang='lat' dir='ltr'><strong>misit</strong></span> <span class='ocrx_word' id='word_1_333' title='bbox 2823 1448 2877 1501; x_wconf 91' lang='lat' dir='ltr'><strong>in</strong></span> <span class='ocrx_word' id='word_1_334' title='bbox 2903 1447 3190 1510; x_wconf 90' lang='lat' dir='ltr'><strong>mundum,</strong></span> <span class='ocrx_word' id='word_1_335' title='bbox 3219 1460 3317 1499; x_wconf 87' lang='lat' dir='ltr'><strong>vos</strong></span> <span class='ocrx_word' id='word_1_336' title='bbox 3339 1443 3557 1499; x_wconf 70' lang='lat' dir='ltr'><strong>dicitis:</strong></span> 
     </span>
    </p>
   </div>
   <div class='ocr_carea' id='block_1_46' title="bbox 1977 1533 3558 1614">
    <p class='ocr_par' dir='ltr' id='par_1_46' title="bbox 1977 1533 3558 1614">
     <span class='ocr_line' id='line_1_46' title="bbox 1977 1533 3558 1614; baseline -0.007 -15"><span class='ocrx_word' id='word_1_337' title='bbox 1977 1545 2351 1614; x_wconf 86' lang='lat' dir='ltr'><strong>Blasphemas,</strong></span> <span class='ocrx_word' id='word_1_338' title='bbox 2383 1543 2512 1613; x_wconf 88' lang='lat' dir='ltr'><strong>quia</strong></span> <span class='ocrx_word' id='word_1_339' title='bbox 2546 1543 2658 1596; x_wconf 77' lang='lat' dir='ltr'><strong>dixi</strong></span> <span class='ocrx_word' id='word_1_340' title='bbox 2683 1557 2769 1595; x_wconf 89' lang='lat' dir='ltr'><strong>me</strong></span> <span class='ocrx_word' id='word_1_341' title='bbox 2797 1555 2917 1595; x_wconf 89' lang='lat' dir='ltr'><strong>esse</strong></span> <span class='ocrx_word' id='word_1_342' title='bbox 2948 1539 3148 1593; x_wconf 82' lang='lat' dir='ltr'><strong>Filium</strong></span> <span class='ocrx_word' id='word_1_343' title='bbox 3180 1537 3292 1608; x_wconf 78' lang='lat'><strong>96</strong></span> <span class='ocrx_word' id='word_1_344' title='bbox 3331 1536 3465 1592; x_wconf 87' lang='lat' dir='ltr'><strong>Dei?</strong></span> <span class='ocrx_word' id='word_1_345' title='bbox 3501 1533 3558 1589; x_wconf 76' lang='lat' dir='ltr'><strong>Si</strong></span> 
     </span>
    </p>
   </div>
   <div class='ocr_carea' id='block_1_47' title="bbox 1976 1628 3558 1706">
    <p class='ocr_par' dir='ltr' id='par_1_47' title="bbox 1976 1628 3558 1706">
     <span class='ocr_line' id='line_1_47' title="bbox 1976 1628 3558 1706; baseline -0.004 -17"><span class='ocrx_word' id='word_1_346' title='bbox 1976 1651 2087 1690; x_wconf 90' lang='lat' dir='ltr'><strong>non</strong></span> <span class='ocrx_word' id='word_1_347' title='bbox 2135 1636 2276 1690; x_wconf 84' lang='lat' dir='ltr'><strong>facio</strong></span> <span class='ocrx_word' id='word_1_348' title='bbox 2327 1651 2496 1706; x_wconf 91' lang='lat' dir='ltr'><strong>opera</strong></span> <span class='ocrx_word' id='word_1_349' title='bbox 2528 1638 2543 1655; x_wconf 88' lang='lat'><strong><em>‘</em></strong></span> <span class='ocrx_word' id='word_1_350' title='bbox 2571 1634 2752 1705; x_wconf 79' lang='lat' dir='ltr'><strong>Patris</strong></span> <span class='ocrx_word' id='word_1_351' title='bbox 2803 1632 2934 1697; x_wconf 86' lang='lat' dir='ltr'><strong>mei,</strong></span> <span class='ocrx_word' id='word_1_352' title='bbox 2975 1647 3086 1686; x_wconf 91' lang='lat' dir='ltr'><strong>non</strong></span> <span class='ocrx_word' id='word_1_353' title='bbox 3122 1630 3358 1686; x_wconf 85' lang='lat' dir='ltr'><strong>creditis</strong></span> <span class='ocrx_word' id='word_1_354' title='bbox 3400 1628 3558 1682; x_wconf 70' lang='lat' dir='ltr'><strong>milli\</strong></span> 
     </span>
    </p>
   </div>
   <div class='ocr_carea' id='block_1_48' title="bbox 1973 1721 3444 1800">
    <p class='ocr_par' dir='ltr' id='par_1_48' title="bbox 1973 1721 3444 1800">
     <span class='ocr_line' id='line_1_48' title="bbox 1973 1721 3444 1800; baseline -0.008 -16"><span class='ocrx_word' id='word_1_355' title='bbox 1973 1729 2110 1784; x_wconf 85' lang='lat' dir='ltr'><strong>Nam</strong></span> <span class='ocrx_word' id='word_1_356' title='bbox 2135 1737 2193 1784; x_wconf 90' lang='lat' dir='ltr'><strong>et</strong></span> <span class='ocrx_word' id='word_1_357' title='bbox 2211 1744 2313 1800; x_wconf 79' lang='lat' dir='ltr'><strong>ego</strong></span> <span class='ocrx_word' id='word_1_358' title='bbox 2337 1729 2393 1782; x_wconf 92' lang='lat' dir='ltr'><strong>in</strong></span> <span class='ocrx_word' id='word_1_359' title='bbox 2416 1729 2576 1783; x_wconf 83' lang='lat' dir='ltr'><strong>Patre</strong></span> <span class='ocrx_word' id='word_1_360' title='bbox 2602 1741 2747 1790; x_wconf 88' lang='lat' dir='ltr'><strong>meo,</strong></span> <span class='ocrx_word' id='word_1_361' title='bbox 2767 1735 2823 1782; x_wconf 88' lang='lat' dir='ltr'><strong>et</strong></span> <span class='ocrx_word' id='word_1_362' title='bbox 2847 1726 3010 1780; x_wconf 85' lang='lat' dir='ltr'><strong>Pater</strong></span> <span class='ocrx_word' id='word_1_363' title='bbox 3032 1725 3089 1778; x_wconf 89' lang='lat' dir='ltr'><strong>in</strong></span> <span class='ocrx_word' id='word_1_364' title='bbox 3113 1739 3200 1778; x_wconf 89' lang='lat' dir='ltr'><strong>me</strong></span> <span class='ocrx_word' id='word_1_365' title='bbox 3227 1731 3312 1777; x_wconf 92' lang='lat' dir='ltr'><strong>est</strong></span> <span class='ocrx_word' id='word_1_366' title='bbox 3343 1721 3385 1775; x_wconf 84' lang='grc'><strong>⁸.</strong></span> <span class='ocrx_word' id='word_1_367' title='bbox 3424 1739 3444 1771; x_wconf 75' lang='grc' dir='ltr'><strong>ι</strong></span> 
     </span>
    </p>
   </div>
   <div class='ocr_carea' id='block_1_49' title="bbox 2045 1888 3561 1968">
    <p class='ocr_par' dir='ltr' id='par_1_49' title="bbox 2045 1888 3561 1968">
     <span class='ocr_line' id='line_1_49' title="bbox 2045 1888 3561 1968; baseline -0.007 -10"><span class='ocrx_word' id='word_1_368' title='bbox 2045 1901 2255 1958; x_wconf 81' lang='lat' dir='ltr'><strong>ERAN.</strong></span> <span class='ocrx_word' id='word_1_369' title='bbox 2305 1901 2385 1956; x_wconf 77' lang='lat' dir='ltr'><strong>Ex</strong></span> <span class='ocrx_word' id='word_1_370' title='bbox 2434 1901 2524 1955; x_wconf 89' lang='lat' dir='ltr'><strong>his</strong></span> <span class='ocrx_word' id='word_1_371' title='bbox 2569 1914 2692 1968; x_wconf 71' lang='lat' dir='ltr'><strong>qua:</strong></span> <span class='ocrx_word' id='word_1_372' title='bbox 2741 1897 2904 1952; x_wconf 90' lang='lat' dir='ltr'><strong>modo</strong></span> <span class='ocrx_word' id='word_1_373' title='bbox 2958 1893 3223 1959; x_wconf 86' lang='lat' dir='ltr'><strong>recitasti,</strong></span> <span class='ocrx_word' id='word_1_374' title='bbox 3269 1888 3561 1948; x_wconf 82' lang='lat' dir='ltr'><strong>ostendisti</strong></span> 
     </span>
    </p>
   </div>
   <div class='ocr_carea' id='block_1_50' title="bbox 1974 1985 3560 2060">
    <p class='ocr_par' dir='ltr' id='par_1_50' title="bbox 1974 1985 3560 2060">
     <span class='ocr_line' id='line_1_50' title="bbox 1974 1985 3560 2060; baseline -0.008 -9"><span class='ocrx_word' id='word_1_375' title='bbox 1974 1997 2272 2052; x_wconf 90' lang='lat' dir='ltr'><strong>Dominum</strong></span> <span class='ocrx_word' id='word_1_376' title='bbox 2321 1993 2524 2050; x_wconf 57' lang='lat' dir='ltr'><strong>ludatis</strong></span> <span class='ocrx_word' id='word_1_377' title='bbox 2570 1993 2745 2046; x_wconf 88' lang='lat' dir='ltr'><strong>Deum</strong></span> <span class='ocrx_word' id='word_1_378' title='bbox 2797 1990 3073 2060; x_wconf 78' lang='lat' dir='ltr'><strong>seipsum,</strong></span> <span class='ocrx_word' id='word_1_379' title='bbox 3121 2001 3231 2041; x_wconf 82' lang='lat' dir='ltr'><strong>non</strong></span> <span class='ocrx_word' id='word_1_380' title='bbox 3279 1985 3560 2040; x_wconf 89' lang='lat' dir='ltr'><strong>hominem</strong></span> 
     </span>
    </p>
   </div>
   <div class='ocr_carea' id='block_1_51' title="bbox 1975 2089 2404 2144">
    <p class='ocr_par' dir='ltr' id='par_1_51' title="bbox 1975 2089 2404 2144">
     <span class='ocr_line' id='line_1_51' title="bbox 1975 2089 2404 2144; baseline -0.012 0"><span class='ocrx_word' id='word_1_381' title='bbox 1975 2089 2404 2144; x_wconf 89' lang='lat' dir='ltr'><strong>demonstrasse.</strong></span> 
     </span>
    </p>
   </div>
   <div class='ocr_carea' id='block_1_52' title="bbox 2047 2168 3558 2246">
    <p class='ocr_par' dir='ltr' id='par_1_52' title="bbox 2047 2168 3558 2246">
     <span class='ocr_line' id='line_1_52' title="bbox 2047 2168 3558 2246; baseline -0.008 -11"><span class='ocrx_word' id='word_1_382' title='bbox 2047 2179 2260 2236; x_wconf 76' lang='lat' dir='ltr'><strong>ORTH.</strong></span> <span class='ocrx_word' id='word_1_383' title='bbox 2285 2178 2474 2246; x_wconf 82' lang='lat' dir='ltr'><strong>Neque</strong></span> <span class='ocrx_word' id='word_1_384' title='bbox 2494 2175 2642 2230; x_wconf 90' lang='lat' dir='ltr'><strong>enim</strong></span> <span class='ocrx_word' id='word_1_385' title='bbox 2667 2188 2806 2243; x_wconf 90' lang='lat' dir='ltr'><strong>opus</strong></span> <span class='ocrx_word' id='word_1_386' title='bbox 2833 2173 2942 2227; x_wconf 88' lang='lat' dir='ltr'><strong>illis</strong></span> <span class='ocrx_word' id='word_1_387' title='bbox 2966 2170 3153 2226; x_wconf 85' lang='lat' dir='ltr'><strong>eratid</strong></span> <span class='ocrx_word' id='word_1_388' title='bbox 3168 2171 3380 2225; x_wconf 89' lang='lat' dir='ltr'><strong>discere</strong></span> <span class='ocrx_word' id='word_1_389' title='bbox 3408 2168 3558 2240; x_wconf 90' lang='lat' dir='ltr'><strong>quod</strong></span> 
     </span>
    </p>
   </div>
   <div class='ocr_carea' id='block_1_53' title="bbox 1974 2262 3556 2328">
    <p class='ocr_par' dir='ltr' id='par_1_53' title="bbox 1974 2262 3556 2328">
     <span class='ocr_line' id='line_1_53' title="bbox 1974 2262 3556 2328; baseline -0.009 0"><span class='ocrx_word' id='word_1_390' title='bbox 1974 2281 2263 2328; x_wconf 77' lang='lat' dir='ltr'><strong>noverant.</strong></span> <span class='ocrx_word' id='word_1_391' title='bbox 2287 2269 2575 2324; x_wconf 90' lang='lat' dir='ltr'><strong>llominem</strong></span> <span class='ocrx_word' id='word_1_392' title='bbox 2596 2267 2745 2321; x_wconf 91' lang='lat' dir='ltr'><strong>enim</strong></span> <span class='ocrx_word' id='word_1_393' title='bbox 2772 2280 2892 2320; x_wconf 89' lang='lat' dir='ltr'><strong>esse</strong></span> <span class='ocrx_word' id='word_1_394' title='bbox 2913 2271 3206 2326; x_wconf 83' lang='lat' dir='ltr'><strong>noverant,</strong></span> <span class='ocrx_word' id='word_1_395' title='bbox 3232 2262 3404 2316; x_wconf 90' lang='lat' dir='ltr'><strong>Deum</strong></span> <span class='ocrx_word' id='word_1_396' title='bbox 3423 2274 3556 2315; x_wconf 84' lang='lat' dir='ltr'><strong>vero</strong></span> 
     </span>
    </p>
   </div>
   <div class='ocr_carea' id='block_1_54' title="bbox 1973 2353 3560 2423">
    <p class='ocr_par' dir='ltr' id='par_1_54' title="bbox 1973 2353 3560 2423">
     <span class='ocr_line' id='line_1_54' title="bbox 1973 2353 3560 2423; baseline -0.01 -3"><span class='ocrx_word' id='word_1_397' title='bbox 1973 2365 2140 2420; x_wconf 89' lang='lat' dir='ltr'><strong>etiam</strong></span> <span class='ocrx_word' id='word_1_398' title='bbox 2163 2377 2283 2417; x_wconf 89' lang='lat' dir='ltr'><strong>esse</strong></span> <span class='ocrx_word' id='word_1_399' title='bbox 2300 2361 2452 2415; x_wconf 92' lang='lat' dir='ltr'><strong>illum</strong></span> <span class='ocrx_word' id='word_1_400' title='bbox 2481 2373 2591 2412; x_wconf 91' lang='lat' dir='ltr'><strong>non</strong></span> <span class='ocrx_word' id='word_1_401' title='bbox 2627 2365 2914 2411; x_wconf 82' lang='lat' dir='ltr'><strong>noverant.</strong></span> <span class='ocrx_word' id='word_1_402' title='bbox 2943 2354 3092 2408; x_wconf 88' lang='lat' dir='ltr'><strong>Idem</strong></span> <span class='ocrx_word' id='word_1_403' title='bbox 3126 2353 3304 2423; x_wconf 86' lang='lat' dir='ltr'><strong>ipsum</strong></span> <span class='ocrx_word' id='word_1_404' title='bbox 3339 2366 3560 2422; x_wconf 89' lang='lat' dir='ltr'><strong>quoque</strong></span> 
     </span>
    </p>
   </div>
   <div class='ocr_carea' id='block_1_55' title="bbox 1973 2445 3561 2525">
    <p class='ocr_par' dir='ltr' id='par_1_55' title="bbox 1973 2445 3561 2525">
     <span class='ocr_line' id='line_1_55' title="bbox 1973 2445 3561 2525; baseline -0.008 -16"><span class='ocrx_word' id='word_1_405' title='bbox 1973 2471 2102 2525; x_wconf 79' lang='lat' dir='ltr'><strong>erga</strong></span> <span class='ocrx_word' id='word_1_406' title='bbox 2118 2454 2423 2509; x_wconf 66' lang='lat' dir='ltr'><strong>Pharisazos</strong></span> <span class='ocrx_word' id='word_1_407' title='bbox 2439 2450 2713 2522; x_wconf 57' lang='lat' dir='ltr'><strong>praestitit.</strong></span> <span class='ocrx_word' id='word_1_408' title='bbox 2727 2448 2933 2504; x_wconf 80' lang='lat' dir='ltr'><strong>Videns</strong></span> <span class='ocrx_word' id='word_1_409' title='bbox 2949 2447 3096 2501; x_wconf 88' lang='lat' dir='ltr'><strong>enim</strong></span> <span class='ocrx_word' id='word_1_410' title='bbox 3117 2446 3240 2500; x_wconf 92' lang='lat' dir='ltr'><strong>illos</strong></span> <span class='ocrx_word' id='word_1_411' title='bbox 3265 2445 3331 2498; x_wconf 89' lang='lat' dir='ltr'><strong>ad</strong></span> <span class='ocrx_word' id='word_1_412' title='bbox 3361 2459 3418 2498; x_wconf 91' lang='lat' dir='ltr'><strong>se</strong></span> <span class='ocrx_word' id='word_1_413' title='bbox 3438 2451 3561 2498; x_wconf 88' lang='lat' dir='ltr'><strong>tan-</strong></span> 
     </span>
    </p>
   </div>
   <div class='ocr_carea' id='block_1_56' title="bbox 1975 2533 3561 2617">
    <p class='ocr_par' dir='ltr' id='par_1_56' title="bbox 1975 2533 3561 2617">
     <span class='ocr_line' id='line_1_56' title="bbox 1975 2533 3561 2617; baseline -0.009 -16"><span class='ocrx_word' id='word_1_414' title='bbox 1975 2563 2139 2617; x_wconf 89' lang='lat' dir='ltr'><strong>quam</strong></span> <span class='ocrx_word' id='word_1_415' title='bbox 2165 2545 2232 2599; x_wconf 87' lang='lat' dir='ltr'><strong>ad</strong></span> <span class='ocrx_word' id='word_1_416' title='bbox 2249 2556 2592 2598; x_wconf 88' lang='lat' dir='ltr'><strong>communem</strong></span> <span class='ocrx_word' id='word_1_417' title='bbox 2606 2539 2884 2594; x_wconf 87' lang='lat' dir='ltr'><strong>hominem</strong></span> <span class='ocrx_word' id='word_1_418' title='bbox 2898 2537 3243 2598; x_wconf 88' lang='lat' dir='ltr'><strong>accedentes,</strong></span> <span class='ocrx_word' id='word_1_419' title='bbox 3263 2549 3362 2588; x_wconf 89' lang='lat' dir='ltr'><strong>eos</strong></span> <span class='ocrx_word' id='word_1_420' title='bbox 3383 2534 3462 2589; x_wconf 88' lang='lat' dir='ltr'><strong>sic</strong></span> <span class='ocrx_word' id='word_1_421' title='bbox 3476 2533 3561 2588; x_wconf 88' lang='lat' dir='ltr'><strong>in-</strong></span> 
     </span>
    </p>
   </div>
   <div class='ocr_carea' id='block_1_57' title="bbox 1975 2627 3561 2709">
    <p class='ocr_par' dir='ltr' id='par_1_57' title="bbox 1975 2627 3561 2709">
     <span class='ocr_line' id='line_1_57' title="bbox 1975 2627 3561 2709; baseline -0.009 -15"><span class='ocrx_word' id='word_1_422' title='bbox 1975 2639 2276 2709; x_wconf 78' lang='lat' dir='ltr'><strong>terrogavit</strong></span> <span class='ocrx_word' id='word_1_423' title='bbox 2294 2655 2306 2690; x_wconf 91' lang='lat'>:</span> <span class='ocrx_word' id='word_1_424' title='bbox 2321 2656 2337 2687; x_wconf 78' lang='grc' dir='ltr'><strong>ι</strong></span> <span class='ocrx_word' id='word_1_425' title='bbox 2349 2634 2489 2702; x_wconf 86' lang='lat' dir='ltr'><strong>Quid</strong></span> <span class='ocrx_word' id='word_1_426' title='bbox 2511 2634 2669 2687; x_wconf 84' lang='lat' dir='ltr'><strong>vobis</strong></span> <span class='ocrx_word' id='word_1_427' title='bbox 2683 2632 2902 2687; x_wconf 87' lang='lat' dir='ltr'><strong>videtur</strong></span> <span class='ocrx_word' id='word_1_428' title='bbox 2925 2631 2991 2684; x_wconf 91' lang='lat' dir='ltr'><strong>de</strong></span> <span class='ocrx_word' id='word_1_429' title='bbox 3005 2629 3249 2684; x_wconf 87' lang='lat' dir='ltr'><strong>Christo?</strong></span> <span class='ocrx_word' id='word_1_430' title='bbox 3265 2627 3561 2698; x_wconf 87' lang='lat' dir='ltr'><strong>Cujusnam</strong></span> 
     </span>
    </p>
   </div>
   <div class='ocr_carea' id='block_1_58' title="bbox 1975 2719 3564 2794">
    <p class='ocr_par' dir='ltr' id='par_1_58' title="bbox 1975 2719 3564 2794">
     <span class='ocr_line' id='line_1_58' title="bbox 1975 2719 3564 2794; baseline -0.009 -8"><span class='ocrx_word' id='word_1_431' title='bbox 1975 2740 2058 2786; x_wconf 91' lang='lat' dir='ltr'><strong>est</strong></span> <span class='ocrx_word' id='word_1_432' title='bbox 2085 2731 2230 2786; x_wconf 80' lang='lat' dir='ltr'><strong>ﬁlius</strong></span> <span class='ocrx_word' id='word_1_433' title='bbox 2257 2730 2311 2782; x_wconf 70' lang='lat'><strong>‘1?</strong></span> <span class='ocrx_word' id='word_1_434' title='bbox 2343 2749 2360 2779; x_wconf 76' lang='grc' dir='ltr'><strong>ι</strong></span> <span class='ocrx_word' id='word_1_435' title='bbox 2384 2737 2440 2783; x_wconf 86' lang='grc' dir='ltr'><strong>ει</strong></span> <span class='ocrx_word' id='word_1_436' title='bbox 2473 2741 2597 2781; x_wconf 93' lang='lat' dir='ltr'><strong>cum</strong></span> <span class='ocrx_word' id='word_1_437' title='bbox 2626 2723 3060 2794; x_wconf 86' lang='lat' dir='ltr'><strong>respondissent,</strong></span> <span class='ocrx_word' id='word_1_438' title='bbox 3087 2739 3104 2770; x_wconf 76' lang='grc' dir='ltr'><strong>ι</strong></span> <span class='ocrx_word' id='word_1_439' title='bbox 3125 2719 3366 2783; x_wconf 88' lang='lat' dir='ltr'><strong>Davidis,</strong></span> <span class='ocrx_word' id='word_1_440' title='bbox 3398 2738 3416 2771; x_wconf 73' lang='grc' dir='ltr'><strong>ι</strong></span> <span class='ocrx_word' id='word_1_441' title='bbox 3445 2719 3564 2787; x_wconf 84' lang='lat' dir='ltr'><strong>ipse</strong></span> 
     </span>
    </p>
   </div>
   <div class='ocr_carea' id='block_1_59' title="bbox 1977 2809 3564 2885">
    <p class='ocr_par' dir='ltr' id='par_1_59' title="bbox 1977 2809 3564 2885">
     <span class='ocr_line' id='line_1_59' title="bbox 1977 2809 3564 2885; baseline -0.009 -8"><span class='ocrx_word' id='word_1_442' title='bbox 1977 2822 2192 2877; x_wconf 83' lang='lat' dir='ltr'><strong>addidit</strong></span> <span class='ocrx_word' id='word_1_443' title='bbox 2231 2838 2244 2874; x_wconf 86' lang='lat'><strong>:</strong></span> <span class='ocrx_word' id='word_1_444' title='bbox 2290 2838 2307 2870; x_wconf 75' lang='grc' dir='ltr'><strong>ι</strong></span> <span class='ocrx_word' id='word_1_445' title='bbox 2342 2817 2628 2884; x_wconf 87' lang='lat' dir='ltr'><strong>Quomodo</strong></span> <span class='ocrx_word' id='word_1_446' title='bbox 2653 2831 2785 2885; x_wconf 84' lang='lat' dir='ltr'><strong>ergo</strong></span> <span class='ocrx_word' id='word_1_447' title='bbox 2820 2813 2988 2868; x_wconf 79' lang='lat' dir='ltr'><strong>David</strong></span> <span class='ocrx_word' id='word_1_448' title='bbox 3035 2813 3089 2866; x_wconf 90' lang='lat' dir='ltr'><strong>in</strong></span> <span class='ocrx_word' id='word_1_449' title='bbox 3129 2811 3338 2881; x_wconf 87' lang='lat' dir='ltr'><strong>Spiritu</strong></span> <span class='ocrx_word' id='word_1_450' title='bbox 3378 2809 3564 2864; x_wconf 84' lang='lat' dir='ltr'><strong>Domi-</strong></span> 
     </span>
    </p>
   </div>
   <div class='ocr_carea' id='block_1_60' title="bbox 1978 2899 3563 2984">
    <p class='ocr_par' dir='ltr' id='par_1_60' title="bbox 1978 2899 3563 2984">
     <span class='ocr_line' id='line_1_60' title="bbox 1978 2899 3563 2984; baseline -0.011 -14"><span class='ocrx_word' id='word_1_451' title='bbox 1978 2931 2110 2970; x_wconf 87' lang='lat' dir='ltr'><strong>num</strong></span> <span class='ocrx_word' id='word_1_452' title='bbox 2146 2915 2326 2984; x_wconf 89' lang='lat' dir='ltr'><strong>ipsum</strong></span> <span class='ocrx_word' id='word_1_453' title='bbox 2356 2910 2553 2964; x_wconf 85' lang='lat' dir='ltr'><strong>vocat?</strong></span> <span class='ocrx_word' id='word_1_454' title='bbox 2583 2907 2731 2962; x_wconf 77' lang='lat' dir='ltr'><strong>Dixit</strong></span> <span class='ocrx_word' id='word_1_455' title='bbox 2755 2905 2925 2969; x_wconf 87' lang='lat' dir='ltr'><strong>enim,</strong></span> <span class='ocrx_word' id='word_1_456' title='bbox 2964 2922 2981 2955; x_wconf 77' lang='grc' dir='ltr'><strong>ι</strong></span> <span class='ocrx_word' id='word_1_457' title='bbox 3026 2903 3225 2972; x_wconf 87' lang='lat' dir='ltr'><strong>inquit,</strong></span> <span class='ocrx_word' id='word_1_458' title='bbox 3255 2921 3270 2951; x_wconf 78' lang='grc' dir='ltr'><strong>ι</strong></span> <span class='ocrx_word' id='word_1_459' title='bbox 3299 2899 3563 2954; x_wconf 81' lang='lat' dir='ltr'><strong>Dominus</strong></span> 
     </span>
    </p>
   </div>
   <div class='ocr_carea' id='block_1_61' title="bbox 288 2989 1881 3100">
    <p class='ocr_par' dir='ltr' id='par_1_61' title="bbox 288 2989 1875 3075">
     <span class='ocr_line' id='line_1_61' title="bbox 288 2989 1875 3075; baseline -0.01 -11"><span class='ocrx_word' id='word_1_460' title='bbox 288 2989 691 3075; x_wconf 71' lang='grc' dir='ltr'>συλλογίζεται·</span> <span class='ocrx_word' id='word_1_461' title='bbox 729 3023 749 3056; x_wconf 78' lang='grc' dir='ltr'><strong>ι</strong></span> <span class='ocrx_word' id='word_1_462' title='bbox 788 3005 851 3058; x_wconf 74' lang='lat' dir='ltr'><strong>Et</strong></span> <span class='ocrx_word' id='word_1_463' title='bbox 877 2998 970 3056; x_wconf 84' lang='grc' dir='ltr'><strong>οὖν</strong></span> <span class='ocrx_word' id='word_1_464' title='bbox 1006 3001 1210 3073; x_wconf 82' lang='grc' dir='ltr'>Κύριος</span> <span class='ocrx_word' id='word_1_465' title='bbox 1240 2999 1408 3056; x_wconf 77' lang='grc' dir='ltr'>αὑτοῦ</span> <span class='ocrx_word' id='word_1_466' title='bbox 1434 3001 1574 3064; x_wconf 68' lang='grc' dir='ltr'>ἐστι,</span> <span class='ocrx_word' id='word_1_467' title='bbox 1608 2997 1726 3060; x_wconf 84' lang='grc' dir='ltr'><strong>πῶς</strong></span> <span class='ocrx_word' id='word_1_468' title='bbox 1760 2997 1875 3060; x_wconf 81' lang='grc' dir='ltr'>υίὸς</span> 
     </span>
    </p>
   </div>
   <div class='ocr_carea' id='block_1_62' title="bbox 1995 2989 3564 3100">
    <p class='ocr_par' dir='ltr' id='par_1_62' title="bbox 1995 2989 3564 3059">
     <span class='ocr_line' id='line_1_62' title="bbox 1995 2989 3564 3059; baseline -0.01 0"><span class='ocrx_word' id='word_1_469' title='bbox 1995 3005 2218 3059; x_wconf 85' lang='lat' dir='ltr'><strong>Domino</strong></span> <span class='ocrx_word' id='word_1_470' title='bbox 2237 3018 2380 3057; x_wconf 85' lang='lat' dir='ltr'><strong>meo:</strong></span> <span class='ocrx_word' id='word_1_471' title='bbox 2403 3001 2543 3056; x_wconf 87' lang='lat' dir='ltr'><strong>Sede</strong></span> <span class='ocrx_word' id='word_1_472' title='bbox 2570 3015 2600 3053; x_wconf 90' lang='lat' dir='ltr'><strong>a</strong></span> <span class='ocrx_word' id='word_1_473' title='bbox 2626 2997 2867 3052; x_wconf 85' lang='lat' dir='ltr'><strong>dexteris</strong></span> <span class='ocrx_word' id='word_1_474' title='bbox 2897 2996 3035 3048; x_wconf 92' lang='lat' dir='ltr'><strong>meis</strong></span> <span class='ocrx_word' id='word_1_475' title='bbox 3055 2995 3128 3046; x_wconf 81' lang='grc'><strong>⁷.»</strong></span> <span class='ocrx_word' id='word_1_476' title='bbox 3166 2991 3375 3047; x_wconf 88' lang='lat' dir='ltr'><strong>Deinde</strong></span> <span class='ocrx_word' id='word_1_477' title='bbox 3393 2989 3564 3044; x_wconf 88' lang='lat' dir='ltr'><strong>ratio-</strong></span> 
     </span>
    </p>
   </div>
   <div class='ocr_carea' id='block_1_63' title="bbox 286 3098 708 3164">
    <p class='ocr_par' dir='ltr' id='par_1_63' title="bbox 286 3098 708 3164">
     <span class='ocr_line' id='line_1_63' title="bbox 286 3098 708 3164; baseline -0.021 -8"><span class='ocrx_word' id='word_1_478' title='bbox 286 3098 464 3156; x_wconf 79' lang='grc' dir='ltr'>αὑτοῦ</span> <span class='ocrx_word' id='word_1_479' title='bbox 491 3099 612 3151; x_wconf 73' lang='grc' dir='ltr'>ἑστι</span> <span class='ocrx_word' id='word_1_480' title='bbox 631 3114 647 3164; x_wconf 84' lang='lat'><strong>;</strong></span> <span class='ocrx_word' id='word_1_481' title='bbox 688 3113 708 3147; x_wconf 76' lang='grc' dir='ltr'><strong>ι</strong></span> 
     </span>
    </p>
   </div>
   <div class='ocr_carea' id='block_1_64' title="bbox 362 3266 1876 3341">
    <p class='ocr_par' dir='ltr' id='par_1_64' title="bbox 362 3266 1876 3341">
     <span class='ocr_line' id='line_1_64' title="bbox 362 3266 1876 3341; baseline -0.009 -11"><span class='ocrx_word' id='word_1_482' title='bbox 362 3275 572 3330; x_wconf 73' lang='grc' dir='ltr'><strong>ΕΡΑΝ.</strong></span> <span class='ocrx_word' id='word_1_483' title='bbox 612 3271 770 3328; x_wconf 68' lang='grc' dir='ltr'>Κατὰ</span> <span class='ocrx_word' id='word_1_484' title='bbox 813 3269 1013 3327; x_wconf 81' lang='grc' dir='ltr'>σαυτοῦ</span> <span class='ocrx_word' id='word_1_485' title='bbox 1048 3270 1148 3341; x_wconf 82' lang='grc' dir='ltr'><strong>τὴν</strong></span> <span class='ocrx_word' id='word_1_486' title='bbox 1185 3267 1493 3340; x_wconf 83' lang='grc' dir='ltr'>μαρτυρίαν</span> <span class='ocrx_word' id='word_1_487' title='bbox 1537 3266 1876 3337; x_wconf 86' lang='grc' dir='ltr'>παρήγαγες,</span> 
     </span>
    </p>
   </div>
   <div class='ocr_carea' id='block_1_65' title="bbox 302 3357 1882 3438">
    <p class='ocr_par' dir='ltr' id='par_1_65' title="bbox 302 3357 1882 3438">
     <span class='ocr_line' id='line_1_65' title="bbox 302 3357 1882 3438; baseline -0.009 -15"><span class='ocrx_word' id='word_1_488' title='bbox 302 3368 642 3438; x_wconf 75' lang='grc' dir='ltr'>Ἀναφανδὸν</span> <span class='ocrx_word' id='word_1_489' title='bbox 684 3368 794 3436; x_wconf 79' lang='grc' dir='ltr'><strong>γὰρ</strong></span> <span class='ocrx_word' id='word_1_490' title='bbox 835 3368 864 3419; x_wconf 81' lang='grc' dir='ltr'>ὁ</span> <span class='ocrx_word' id='word_1_491' title='bbox 901 3363 1107 3434; x_wconf 81' lang='grc' dir='ltr'>Κύριος</span> <span class='ocrx_word' id='word_1_492' title='bbox 1150 3363 1276 3425; x_wconf 80' lang='grc' dir='ltr'>τοὺς</span> <span class='ocrx_word' id='word_1_493' title='bbox 1305 3359 1630 3430; x_wconf 80' lang='grc' dir='ltr'>Φαρισαίους</span> <span class='ocrx_word' id='word_1_494' title='bbox 1671 3357 1882 3423; x_wconf 79' lang='grc' dir='ltr'>ἐδίδαξε</span> 
     </span>
    </p>
   </div>
   <div class='ocr_carea' id='block_1_66' title="bbox 293 3448 1874 3531">
    <p class='ocr_par' dir='ltr' id='par_1_66' title="bbox 293 3448 1874 3531">
     <span class='ocr_line' id='line_1_66' title="bbox 293 3448 1874 3531; baseline -0.008 -18"><span class='ocrx_word' id='word_1_495' title='bbox 293 3460 373 3531; x_wconf 77' lang='grc' dir='ltr'><strong>μὴ</strong></span> <span class='ocrx_word' id='word_1_496' title='bbox 420 3459 613 3512; x_wconf 84' lang='grc' dir='ltr'>καλεῖν</span> <span class='ocrx_word' id='word_1_497' title='bbox 665 3457 828 3509; x_wconf 83' lang='grc' dir='ltr'>αὑτὸν</span> <span class='ocrx_word' id='word_1_498' title='bbox 874 3455 990 3508; x_wconf 85' lang='grc' dir='ltr'>υίὸν</span> <span class='ocrx_word' id='word_1_499' title='bbox 1028 3453 1211 3518; x_wconf 75' lang='grc' dir='ltr'>Δαὸὶδ,</span> <span class='ocrx_word' id='word_1_500' title='bbox 1263 3451 1398 3505; x_wconf 75' lang='grc' dir='ltr'>ἀλλὰ</span> <span class='ocrx_word' id='word_1_501' title='bbox 1429 3450 1633 3521; x_wconf 81' lang='grc' dir='ltr'>Κύριον</span> <span class='ocrx_word' id='word_1_502' title='bbox 1691 3448 1874 3501; x_wconf 78' lang='grc' dir='ltr'>Δαδίδ.</span> 
     </span>
    </p>
   </div>
   <div class='ocr_carea' id='block_1_67' title="bbox 290 3540 1880 3617">
    <p class='ocr_par' dir='ltr' id='par_1_67' title="bbox 290 3540 1880 3617">
     <span class='ocr_line' id='line_1_67' title="bbox 290 3540 1880 3617; baseline -0.008 -13"><span class='ocrx_word' id='word_1_503' title='bbox 290 3555 395 3605; x_wconf 77' lang='grc' dir='ltr'><strong>Διά</strong></span> <span class='ocrx_word' id='word_1_504' title='bbox 419 3551 483 3603; x_wconf 76' lang='grc' dir='ltr'>δὲ</span> <span class='ocrx_word' id='word_1_505' title='bbox 510 3549 718 3602; x_wconf 82' lang='grc' dir='ltr'>τούτων</span> <span class='ocrx_word' id='word_1_506' title='bbox 755 3547 1030 3617; x_wconf 79' lang='grc' dir='ltr'>πέφανται</span> <span class='ocrx_word' id='word_1_507' title='bbox 1054 3545 1186 3608; x_wconf 89' lang='grc' dir='ltr'>Θεὸς</span> <span class='ocrx_word' id='word_1_508' title='bbox 1217 3542 1502 3597; x_wconf 85' lang='grc' dir='ltr'>καλεῖσθαι</span> <span class='ocrx_word' id='word_1_509' title='bbox 1533 3540 1880 3612; x_wconf 84' lang='grc' dir='ltr'>βουλόμενος,</span> 
     </span>
    </p>
   </div>
   <div class='ocr_carea' id='block_1_68' title="bbox 292 3642 880 3711">
    <p class='ocr_par' dir='ltr' id='par_1_68' title="bbox 292 3642 880 3711">
     <span class='ocr_line' id='line_1_68' title="bbox 292 3642 880 3711; baseline -0.009 -13"><span class='ocrx_word' id='word_1_510' title='bbox 292 3644 410 3698; x_wconf 81' lang='grc' dir='ltr'>ἀλλ’</span> <span class='ocrx_word' id='word_1_511' title='bbox 438 3644 542 3696; x_wconf 82' lang='grc' dir='ltr'><strong>οὐκ</strong></span> <span class='ocrx_word' id='word_1_512' title='bbox 575 3642 672 3697; x_wconf 82' lang='grc' dir='ltr'>ἄνθ</span> <span class='ocrx_word' id='word_1_513' title='bbox 680 3657 880 3711; x_wconf 83' lang='grc' dir='ltr'>ρωπος.</span> 
     </span>
    </p>
   </div>
   <div class='ocr_carea' id='block_1_69' title="bbox 366 3723 1880 3804">
    <p class='ocr_par' dir='ltr' id='par_1_69' title="bbox 366 3723 1880 3804">
     <span class='ocr_line' id='line_1_69' title="bbox 366 3723 1880 3804; baseline -0.008 -15"><span class='ocrx_word' id='word_1_514' title='bbox 366 3735 523 3788; x_wconf 85' lang='grc' dir='ltr'><strong>ΟΡΘ.</strong></span> <span class='ocrx_word' id='word_1_515' title='bbox 565 3733 643 3789; x_wconf 86' lang='grc' dir='ltr'>Οὐ</span> <span class='ocrx_word' id='word_1_516' title='bbox 668 3733 991 3804; x_wconf 80' lang='grc' dir='ltr'>προσέσχες,</span> <span class='ocrx_word' id='word_1_517' title='bbox 1021 3729 1095 3794; x_wconf 83' lang='grc' dir='ltr'>ὡς</span> <span class='ocrx_word' id='word_1_518' title='bbox 1119 3727 1286 3793; x_wconf 78' lang='grc' dir='ltr'>ἔοικε,</span> <span class='ocrx_word' id='word_1_519' title='bbox 1307 3729 1375 3798; x_wconf 82' lang='grc' dir='ltr'>τῇ</span> <span class='ocrx_word' id='word_1_520' title='bbox 1399 3725 1520 3798; x_wconf 69' lang='grc' dir='ltr'>θείᾳ</span> <span class='ocrx_word' id='word_1_521' title='bbox 1537 3723 1880 3794; x_wconf 68' lang='grc' dir='ltr'>διδασκαλία.</span> 
     </span>
    </p>
   </div>
   <div class='ocr_carea' id='block_1_70' title="bbox 295 3817 1886 3899">
    <p class='ocr_par' dir='ltr' id='par_1_70' title="bbox 295 3817 1886 3899">
     <span class='ocr_line' id='line_1_70' title="bbox 295 3817 1886 3899; baseline -0.01 -16"><span class='ocrx_word' id='word_1_522' title='bbox 295 3829 372 3882; x_wconf 80' lang='grc' dir='ltr'><strong>Οὐ</strong></span> <span class='ocrx_word' id='word_1_523' title='bbox 402 3828 514 3899; x_wconf 75' lang='grc' dir='ltr'>γὰρ</span> <span class='ocrx_word' id='word_1_524' title='bbox 541 3825 789 3880; x_wconf 82' lang='grc' dir='ltr'>ἀνείλετο</span> <span class='ocrx_word' id='word_1_525' title='bbox 813 3822 1094 3877; x_wconf 82' lang='grc' dir='ltr'>καλεῖσθαι</span> <span class='ocrx_word' id='word_1_526' title='bbox 1150 3821 1267 3883; x_wconf 83' lang='grc' dir='ltr'>υἱὸς</span> <span class='ocrx_word' id='word_1_527' title='bbox 1299 3819 1480 3885; x_wconf 76' lang='grc' dir='ltr'>Δασὶδ,</span> <span class='ocrx_word' id='word_1_528' title='bbox 1532 3817 1668 3872; x_wconf 78' lang='grc' dir='ltr'>ἀλλὰ</span> <span class='ocrx_word' id='word_1_529' title='bbox 1717 3833 1886 3888; x_wconf 85' lang='grc' dir='ltr'>προσ-</span> 
     </span>
    </p>
   </div>
   <div class='ocr_carea' id='block_1_71' title="bbox 293 3905 1882 3990">
    <p class='ocr_par' dir='ltr' id='par_1_71' title="bbox 293 3905 1882 3990">
     <span class='ocr_line' id='line_1_71' title="bbox 293 3905 1882 3990; baseline -0.01 -15"><span class='ocrx_word' id='word_1_530' title='bbox 293 3922 512 3975; x_wconf 74' lang='grc' dir='ltr'>τέθεικε</span> <span class='ocrx_word' id='word_1_531' title='bbox 540 3920 604 3972; x_wconf 90' lang='grc' dir='ltr'><strong>τὸ</strong></span> <span class='ocrx_word' id='word_1_532' title='bbox 632 3919 829 3990; x_wconf 83' lang='grc' dir='ltr'>χρῆναι</span> <span class='ocrx_word' id='word_1_533' title='bbox 859 3913 1209 3968; x_wconf 84' lang='grc' dir='ltr'>πιστεύεσθαι</span> <span class='ocrx_word' id='word_1_534' title='bbox 1233 3913 1327 3966; x_wconf 74' lang='grc' dir='ltr'><strong>καὶ</strong></span> <span class='ocrx_word' id='word_1_535' title='bbox 1353 3911 1557 3983; x_wconf 81' lang='grc' dir='ltr'>Κύριος</span> <span class='ocrx_word' id='word_1_536' title='bbox 1604 3905 1744 3962; x_wconf 74' lang='grc' dir='ltr'>εἶναι</span> <span class='ocrx_word' id='word_1_537' title='bbox 1788 3906 1882 3960; x_wconf 83' lang='grc' dir='ltr'><strong>τοῦ</strong></span> 
     </span>
    </p>
   </div>
   <div class='ocr_carea' id='block_1_72' title="bbox 295 3993 1888 4076">
    <p class='ocr_par' dir='ltr' id='par_1_72' title="bbox 295 3993 1888 4076">
     <span class='ocr_line' id='line_1_72' title="bbox 295 3993 1888 4076; baseline -0.006 -17"><span class='ocrx_word' id='word_1_538' title='bbox 295 4008 488 4064; x_wconf 76' lang='grc' dir='ltr'>Δασίδ.</span> <span class='ocrx_word' id='word_1_539' title='bbox 519 4005 694 4060; x_wconf 79' lang='grc' dir='ltr'>Τοῦτο</span> <span class='ocrx_word' id='word_1_540' title='bbox 710 4005 820 4076; x_wconf 86' lang='grc' dir='ltr'>γὰρ</span> <span class='ocrx_word' id='word_1_541' title='bbox 839 4003 1082 4058; x_wconf 81' lang='grc' dir='ltr'>διδάσκει</span> <span class='ocrx_word' id='word_1_542' title='bbox 1103 4000 1292 4071; x_wconf 84' lang='grc' dir='ltr'>σαφῶς</span> <span class='ocrx_word' id='word_1_543' title='bbox 1315 4001 1392 4054; x_wconf 88' lang='grc' dir='ltr'><strong>τό·</strong></span> <span class='ocrx_word' id='word_1_544' title='bbox 1426 4018 1445 4051; x_wconf 80' lang='grc' dir='ltr'><strong>ι</strong></span> <span class='ocrx_word' id='word_1_545' title='bbox 1477 3999 1539 4052; x_wconf 85' lang='lat' dir='ltr'><strong>Ei</strong></span> <span class='ocrx_word' id='word_1_546' title='bbox 1560 3993 1653 4052; x_wconf 78' lang='grc' dir='ltr'>οὖν</span> <span class='ocrx_word' id='word_1_547' title='bbox 1683 3996 1888 4067; x_wconf 84' lang='grc' dir='ltr'>Κύριος</span> 
     </span>
    </p>
   </div>
   <div class='ocr_carea' id='block_1_73' title="bbox 299 4083 1884 4161">
    <p class='ocr_par' dir='ltr' id='par_1_73' title="bbox 299 4083 1884 4161">
     <span class='ocr_line' id='line_1_73' title="bbox 299 4083 1884 4161; baseline -0.006 -9"><span class='ocrx_word' id='word_1_548' title='bbox 299 4098 467 4152; x_wconf 77' lang='grc' dir='ltr'>αὑτοῦ</span> <span class='ocrx_word' id='word_1_549' title='bbox 504 4099 642 4161; x_wconf 72' lang='grc' dir='ltr'>ἔστι,</span> <span class='ocrx_word' id='word_1_550' title='bbox 681 4095 801 4158; x_wconf 84' lang='grc' dir='ltr'><strong>πῶς</strong></span> <span class='ocrx_word' id='word_1_551' title='bbox 846 4095 962 4158; x_wconf 86' lang='grc' dir='ltr'>υίὸς</span> <span class='ocrx_word' id='word_1_552' title='bbox 990 4094 1156 4148; x_wconf 78' lang='grc' dir='ltr'>αὑτοῦ</span> <span class='ocrx_word' id='word_1_553' title='bbox 1182 4095 1368 4158; x_wconf 82' lang='grc' dir='ltr'>ὲστιν;</span> <span class='ocrx_word' id='word_1_554' title='bbox 1407 4110 1426 4143; x_wconf 79' lang='grc' dir='ltr'><strong>ι</strong></span> <span class='ocrx_word' id='word_1_555' title='bbox 1466 4092 1540 4144; x_wconf 89' lang='grc' dir='ltr'>Ού</span> <span class='ocrx_word' id='word_1_556' title='bbox 1569 4090 1676 4161; x_wconf 79' lang='grc' dir='ltr'>γὰρ</span> <span class='ocrx_word' id='word_1_557' title='bbox 1709 4083 1884 4150; x_wconf 80' lang='grc' dir='ltr'>εἶπεν,</span> 
     </span>
    </p>
   </div>
   <div class='ocr_carea' id='block_1_74' title="bbox 298 4181 1888 4260">
    <p class='ocr_par' dir='ltr' id='par_1_74' title="bbox 298 4181 1888 4260">
     <span class='ocr_line' id='line_1_74' title="bbox 298 4181 1888 4260; baseline -0.006 -17"><span class='ocrx_word' id='word_1_558' title='bbox 298 4192 362 4243; x_wconf 78' lang='lat' dir='ltr'><strong>Et</strong></span> <span class='ocrx_word' id='word_1_559' title='bbox 395 4189 608 4260; x_wconf 80' lang='grc' dir='ltr'>Κύριός</span> <span class='ocrx_word' id='word_1_560' title='bbox 643 4191 814 4251; x_wconf 73' lang='grc' dir='ltr'>ἐστιν,</span> <span class='ocrx_word' id='word_1_561' title='bbox 846 4187 961 4250; x_wconf 84' lang='grc' dir='ltr'>υίὸς</span> <span class='ocrx_word' id='word_1_562' title='bbox 992 4187 1092 4240; x_wconf 82' lang='grc' dir='ltr'>οὐκ</span> <span class='ocrx_word' id='word_1_563' title='bbox 1139 4184 1308 4238; x_wconf 70' lang='grc' dir='ltr'><strong>ἔστιν⁹</strong></span> <span class='ocrx_word' id='word_1_564' title='bbox 1355 4183 1513 4238; x_wconf 79' lang='grc' dir='ltr'>ἀλλὰ·</span> <span class='ocrx_word' id='word_1_565' title='bbox 1557 4201 1574 4234; x_wconf 83' lang='grc' dir='ltr'><strong>ι</strong></span> <span class='ocrx_word' id='word_1_566' title='bbox 1612 4181 1738 4246; x_wconf 84' lang='grc' dir='ltr'>Πῶς</span> <span class='ocrx_word' id='word_1_567' title='bbox 1775 4182 1888 4245; x_wconf 86' lang='grc' dir='ltr'>υἱὸς</span> 
     </span>
    </p>
   </div>
   <div class='ocr_carea' id='block_1_75' title="bbox 299 4273 1889 4347">
    <p class='ocr_par' dir='ltr' id='par_1_75' title="bbox 299 4273 1889 4347">
     <span class='ocr_line' id='line_1_75' title="bbox 299 4273 1889 4347; baseline -0.003 -15"><span class='ocrx_word' id='word_1_568' title='bbox 299 4279 468 4334; x_wconf 70' lang='grc' dir='ltr'>αὑτοῦ</span> <span class='ocrx_word' id='word_1_569' title='bbox 511 4281 695 4344; x_wconf 74' lang='grc' dir='ltr'>ὲστινς</span> <span class='ocrx_word' id='word_1_570' title='bbox 732 4297 751 4329; x_wconf 86' lang='grc'><strong>›</strong></span> <span class='ocrx_word' id='word_1_571' title='bbox 793 4278 913 4331; x_wconf 73' lang='grc' dir='ltr'>ἀντὶ</span> <span class='ocrx_word' id='word_1_572' title='bbox 945 4277 1069 4342; x_wconf 82' lang='grc' dir='ltr'>τοῦ,</span> <span class='ocrx_word' id='word_1_573' title='bbox 1102 4276 1242 4332; x_wconf 82' lang='grc' dir='ltr'>κατά</span> <span class='ocrx_word' id='word_1_574' title='bbox 1271 4294 1322 4329; x_wconf 89' lang='grc' dir='ltr'><strong>τι</strong></span> <span class='ocrx_word' id='word_1_575' title='bbox 1363 4275 1587 4347; x_wconf 83' lang='grc' dir='ltr'>Κύριος,</span> <span class='ocrx_word' id='word_1_576' title='bbox 1623 4274 1718 4326; x_wconf 75' lang='grc' dir='ltr'><strong>καὶ</strong></span> <span class='ocrx_word' id='word_1_577' title='bbox 1747 4273 1889 4327; x_wconf 85' lang='grc' dir='ltr'>κατά</span> 
     </span>
    </p>
   </div>
   <div class='ocr_carea' id='block_1_76' title="bbox 1983 3082 3566 3164">
    <p class='ocr_par' dir='ltr' id='par_1_76' title="bbox 1983 3082 3566 3164">
     <span class='ocr_line' id='line_1_76' title="bbox 1983 3082 3566 3164; baseline -0.01 -11"><span class='ocrx_word' id='word_1_578' title='bbox 1983 3099 2204 3154; x_wconf 88' lang='lat' dir='ltr'><strong>ciuatur</strong></span> <span class='ocrx_word' id='word_1_579' title='bbox 2237 3113 2251 3150; x_wconf 91' lang='lat'>:</span> <span class='ocrx_word' id='word_1_580' title='bbox 2292 3114 2310 3145; x_wconf 88' lang='grc'><strong><em>‹</em></strong></span> <span class='ocrx_word' id='word_1_581' title='bbox 2342 3094 2399 3148; x_wconf 90' lang='lat' dir='ltr'><strong>Si</strong></span> <span class='ocrx_word' id='word_1_582' title='bbox 2431 3107 2561 3164; x_wconf 77' lang='lat' dir='ltr'><strong>ergo</strong></span> <span class='ocrx_word' id='word_1_583' title='bbox 2590 3099 2676 3146; x_wconf 92' lang='lat' dir='ltr'><strong>est</strong></span> <span class='ocrx_word' id='word_1_584' title='bbox 2705 3090 2827 3161; x_wconf 83' lang='lat' dir='ltr'><strong>ejus</strong></span> <span class='ocrx_word' id='word_1_585' title='bbox 2867 3087 3152 3151; x_wconf 90' lang='lat' dir='ltr'><strong>Dominus,</strong></span> <span class='ocrx_word' id='word_1_586' title='bbox 3182 3082 3459 3154; x_wconf 88' lang='lat' dir='ltr'><strong>quomodo</strong></span> <span class='ocrx_word' id='word_1_587' title='bbox 3480 3091 3566 3138; x_wconf 90' lang='lat' dir='ltr'><strong>est</strong></span> 
     </span>
    </p>
   </div>
   <div class='ocr_carea' id='block_1_77' title="bbox 1985 3183 2421 3259">
    <p class='ocr_par' dir='ltr' id='par_1_77' title="bbox 1985 3183 2421 3259">
     <span class='ocr_line' id='line_1_77' title="bbox 1985 3183 2421 3259; baseline -0.014 -17"><span class='ocrx_word' id='word_1_588' title='bbox 1985 3189 2103 3259; x_wconf 88' lang='lat' dir='ltr'><strong>ejus</strong></span> <span class='ocrx_word' id='word_1_589' title='bbox 2138 3185 2284 3239; x_wconf 81' lang='lat' dir='ltr'><strong>ﬁlius</strong></span> <span class='ocrx_word' id='word_1_590' title='bbox 2307 3183 2366 3237; x_wconf 71' lang='grc'><strong>⁸⁸1</strong></span> <span class='ocrx_word' id='word_1_591' title='bbox 2403 3202 2421 3235; x_wconf 79' lang='grc' dir='ltr'><strong>ι</strong></span> 
     </span>
    </p>
   </div>
   <div class='ocr_carea' id='block_1_78' title="bbox 2054 3263 3566 3343">
    <p class='ocr_par' dir='ltr' id='par_1_78' title="bbox 2054 3263 3566 3343">
     <span class='ocr_line' id='line_1_78' title="bbox 2054 3263 3566 3343; baseline -0.009 -11"><span class='ocrx_word' id='word_1_592' title='bbox 2054 3276 2260 3332; x_wconf 77' lang='lat' dir='ltr'><strong>ERAN.</strong></span> <span class='ocrx_word' id='word_1_593' title='bbox 2279 3274 2482 3330; x_wconf 84' lang='lat' dir='ltr'><strong>Contra</strong></span> <span class='ocrx_word' id='word_1_594' title='bbox 2505 3281 2556 3328; x_wconf 88' lang='lat' dir='ltr'><strong>te</strong></span> <span class='ocrx_word' id='word_1_595' title='bbox 2575 3273 2754 3343; x_wconf 91' lang='lat' dir='ltr'><strong>ipsum</strong></span> <span class='ocrx_word' id='word_1_596' title='bbox 2777 3267 3021 3340; x_wconf 81' lang='lat' dir='ltr'><strong>allegasti</strong></span> <span class='ocrx_word' id='word_1_597' title='bbox 3038 3265 3436 3322; x_wconf 87' lang='lat' dir='ltr'><strong>testimonium.</strong></span> <span class='ocrx_word' id='word_1_598' title='bbox 3455 3263 3566 3318; x_wconf 89' lang='lat' dir='ltr'><strong>Do-</strong></span> 
     </span>
    </p>
   </div>
   <div class='ocr_carea' id='block_1_79' title="bbox 1984 3359 3568 3434">
    <p class='ocr_par' dir='ltr' id='par_1_79' title="bbox 1984 3359 3568 3434">
     <span class='ocr_line' id='line_1_79' title="bbox 1984 3359 3568 3434; baseline -0.009 -11"><span class='ocrx_word' id='word_1_599' title='bbox 1984 3369 2168 3423; x_wconf 90' lang='lat' dir='ltr'><strong>minus</strong></span> <span class='ocrx_word' id='word_1_600' title='bbox 2178 3367 2324 3422; x_wconf 91' lang='lat' dir='ltr'><strong>enim</strong></span> <span class='ocrx_word' id='word_1_601' title='bbox 2337 3365 2642 3420; x_wconf 67' lang='lat' dir='ltr'><strong>Pharismos</strong></span> <span class='ocrx_word' id='word_1_602' title='bbox 2653 3369 2841 3434; x_wconf 89' lang='lat' dir='ltr'><strong>aperte</strong></span> <span class='ocrx_word' id='word_1_603' title='bbox 2853 3359 3063 3423; x_wconf 89' lang='lat' dir='ltr'><strong>docuit,</strong></span> <span class='ocrx_word' id='word_1_604' title='bbox 3081 3373 3149 3412; x_wconf 92' lang='lat' dir='ltr'><strong>ne</strong></span> <span class='ocrx_word' id='word_1_605' title='bbox 3165 3372 3290 3412; x_wconf 91' lang='lat' dir='ltr'><strong>eum</strong></span> <span class='ocrx_word' id='word_1_606' title='bbox 3305 3361 3568 3412; x_wconf 87' lang='lat' dir='ltr'><strong>vocarent</strong></span> 
     </span>
    </p>
   </div>
   <div class='ocr_carea' id='block_1_80' title="bbox 1985 3446 3567 3520">
    <p class='ocr_par' dir='ltr' id='par_1_80' title="bbox 1985 3446 3567 3520">
     <span class='ocr_line' id='line_1_80' title="bbox 1985 3446 3567 3520; baseline -0.009 -8"><span class='ocrx_word' id='word_1_607' title='bbox 1985 3458 2157 3514; x_wconf 81' lang='lat' dir='ltr'><strong>ﬁlium</strong></span> <span class='ocrx_word' id='word_1_608' title='bbox 2174 3456 2414 3520; x_wconf 80' lang='lat' dir='ltr'><strong>Davidis,</strong></span> <span class='ocrx_word' id='word_1_609' title='bbox 2433 3455 2528 3509; x_wconf 89' lang='lat' dir='ltr'><strong>sed</strong></span> <span class='ocrx_word' id='word_1_610' title='bbox 2547 3453 2839 3508; x_wconf 87' lang='lat' dir='ltr'><strong>Dominum</strong></span> <span class='ocrx_word' id='word_1_611' title='bbox 2858 3449 3099 3505; x_wconf 89' lang='lat' dir='ltr'><strong>Davidis.</strong></span> <span class='ocrx_word' id='word_1_612' title='bbox 3121 3447 3197 3501; x_wconf 77' lang='lat' dir='ltr'><strong>Ex</strong></span> <span class='ocrx_word' id='word_1_613' title='bbox 3216 3446 3420 3517; x_wconf 89' lang='lat' dir='ltr'><strong>quibus</strong></span> <span class='ocrx_word' id='word_1_614' title='bbox 3437 3460 3567 3514; x_wconf 85' lang='lat' dir='ltr'><strong>per-</strong></span> 
     </span>
    </p>
   </div>
   <div class='ocr_carea' id='block_1_81' title="bbox 1985 3533 3564 3620">
    <p class='ocr_par' dir='ltr' id='par_1_81' title="bbox 1985 3533 3564 3620">
     <span class='ocr_line' id='line_1_81' title="bbox 1985 3533 3564 3620; baseline -0.012 -16"><span class='ocrx_word' id='word_1_615' title='bbox 1985 3549 2235 3620; x_wconf 90' lang='lat' dir='ltr'><strong>spicuum</strong></span> <span class='ocrx_word' id='word_1_616' title='bbox 2266 3555 2370 3612; x_wconf 88' lang='lat' dir='ltr'><strong>est,</strong></span> <span class='ocrx_word' id='word_1_617' title='bbox 2411 3542 2560 3614; x_wconf 89' lang='lat' dir='ltr'><strong>quod</strong></span> <span class='ocrx_word' id='word_1_618' title='bbox 2591 3543 2737 3597; x_wconf 90' lang='lat' dir='ltr'><strong>Deus</strong></span> <span class='ocrx_word' id='word_1_619' title='bbox 2773 3537 3037 3610; x_wconf 90' lang='lat' dir='ltr'><strong>appellari</strong></span> <span class='ocrx_word' id='word_1_620' title='bbox 3061 3535 3211 3603; x_wconf 83' lang='lat' dir='ltr'><strong>velit,</strong></span> <span class='ocrx_word' id='word_1_621' title='bbox 3237 3550 3346 3589; x_wconf 89' lang='lat' dir='ltr'><strong>non</strong></span> <span class='ocrx_word' id='word_1_622' title='bbox 3377 3533 3564 3587; x_wconf 85' lang='lat' dir='ltr'><strong>homo.</strong></span> 
     </span>
    </p>
   </div>
   <div class='ocr_carea' id='block_1_82' title="bbox 2055 3705 3569 3778">
    <p class='ocr_par' dir='ltr' id='par_1_82' title="bbox 2055 3705 3569 3778">
     <span class='ocr_line' id='line_1_82' title="bbox 2055 3705 3569 3778; baseline -0.013 -1"><span class='ocrx_word' id='word_1_623' title='bbox 2055 3719 2265 3778; x_wconf 83' lang='lat' dir='ltr'><strong>ORTII.</strong></span> <span class='ocrx_word' id='word_1_624' title='bbox 2311 3716 2396 3773; x_wconf 79' lang='lat' dir='ltr'><strong>Ad</strong></span> <span class='ocrx_word' id='word_1_625' title='bbox 2437 3714 2677 3770; x_wconf 88' lang='lat' dir='ltr'><strong>divinam</strong></span> <span class='ocrx_word' id='word_1_626' title='bbox 2722 3711 3030 3766; x_wconf 91' lang='lat' dir='ltr'><strong>doctrinam</strong></span> <span class='ocrx_word' id='word_1_627' title='bbox 3067 3724 3281 3778; x_wconf 89' lang='lat' dir='ltr'><strong>parum,</strong></span> <span class='ocrx_word' id='word_1_628' title='bbox 3317 3714 3378 3761; x_wconf 90' lang='lat' dir='ltr'><strong>ut</strong></span> <span class='ocrx_word' id='word_1_629' title='bbox 3411 3705 3569 3759; x_wconf 87' lang='lat' dir='ltr'><strong>vide-</strong></span> 
     </span>
    </p>
   </div>
   <div class='ocr_carea' id='block_1_83' title="bbox 1989 3795 3568 3878">
    <p class='ocr_par' dir='ltr' id='par_1_83' title="bbox 1989 3795 3568 3878">
     <span class='ocr_line' id='line_1_83' title="bbox 1989 3795 3568 3878; baseline -0.013 -9"><span class='ocrx_word' id='word_1_630' title='bbox 1989 3823 2099 3878; x_wconf 88' lang='lat' dir='ltr'><strong>tur,</strong></span> <span class='ocrx_word' id='word_1_631' title='bbox 2124 3809 2428 3867; x_wconf 89' lang='lat' dir='ltr'><strong>attendisti.</strong></span> <span class='ocrx_word' id='word_1_632' title='bbox 2461 3808 2581 3862; x_wconf 88' lang='lat' dir='ltr'><strong>Non</strong></span> <span class='ocrx_word' id='word_1_633' title='bbox 2608 3805 2752 3860; x_wconf 90' lang='lat' dir='ltr'><strong>enim</strong></span> <span class='ocrx_word' id='word_1_634' title='bbox 2782 3800 3066 3872; x_wconf 86' lang='lat' dir='ltr'><strong>prohibuit</strong></span> <span class='ocrx_word' id='word_1_635' title='bbox 3097 3815 3154 3854; x_wconf 90' lang='lat' dir='ltr'><strong>se</strong></span> <span class='ocrx_word' id='word_1_636' title='bbox 3180 3798 3363 3852; x_wconf 90' lang='lat' dir='ltr'><strong>vocari</strong></span> <span class='ocrx_word' id='word_1_637' title='bbox 3397 3795 3568 3850; x_wconf 85' lang='lat' dir='ltr'><strong>lilium</strong></span> 
     </span>
    </p>
   </div>
   <div class='ocr_carea' id='block_1_84' title="bbox 1986 3882 3568 3968">
    <p class='ocr_par' dir='ltr' id='par_1_84' title="bbox 1986 3882 3568 3968">
     <span class='ocr_line' id='line_1_84' title="bbox 1986 3882 3568 3968; baseline -0.014 -9"><span class='ocrx_word' id='word_1_638' title='bbox 1986 3903 2233 3967; x_wconf 90' lang='lat' dir='ltr'><strong>Davidis,</strong></span> <span class='ocrx_word' id='word_1_639' title='bbox 2275 3899 2371 3956; x_wconf 92' lang='lat' dir='ltr'><strong>sed</strong></span> <span class='ocrx_word' id='word_1_640' title='bbox 2424 3896 2647 3968; x_wconf 86' lang='lat' dir='ltr'><strong>adjecit,</strong></span> <span class='ocrx_word' id='word_1_641' title='bbox 2690 3900 2944 3962; x_wconf 82' lang='lat' dir='ltr'><strong>oportere</strong></span> <span class='ocrx_word' id='word_1_642' title='bbox 2989 3888 3154 3943; x_wconf 87' lang='lat' dir='ltr'><strong>etiam</strong></span> <span class='ocrx_word' id='word_1_643' title='bbox 3198 3883 3350 3940; x_wconf 90' lang='lat' dir='ltr'><strong>credi</strong></span> <span class='ocrx_word' id='word_1_644' title='bbox 3391 3882 3568 3953; x_wconf 87' lang='lat' dir='ltr'><strong>ipsum</strong></span> 
     </span>
    </p>
   </div>
   <div class='ocr_carea' id='block_1_85' title="bbox 1987 3973 3569 4052">
    <p class='ocr_par' dir='ltr' id='par_1_85' title="bbox 1987 3973 3569 4052">
     <span class='ocr_line' id='line_1_85' title="bbox 1987 3973 3569 4052; baseline -0.018 1"><span class='ocrx_word' id='word_1_645' title='bbox 1987 4011 2108 4052; x_wconf 85' lang='lat' dir='ltr'><strong>esse</strong></span> <span class='ocrx_word' id='word_1_646' title='bbox 2137 3993 2431 4050; x_wconf 91' lang='lat' dir='ltr'><strong>Dominum</strong></span> <span class='ocrx_word' id='word_1_647' title='bbox 2462 3986 2705 4044; x_wconf 86' lang='lat' dir='ltr'><strong>Davidis.</strong></span> <span class='ocrx_word' id='word_1_648' title='bbox 2754 3984 2868 4038; x_wconf 88' lang='lat' dir='ltr'><strong>lloe</strong></span> <span class='ocrx_word' id='word_1_649' title='bbox 2896 3981 3045 4036; x_wconf 90' lang='lat' dir='ltr'><strong>enim</strong></span> <span class='ocrx_word' id='word_1_650' title='bbox 3077 3986 3263 4048; x_wconf 89' lang='lat' dir='ltr'><strong>aperte</strong></span> <span class='ocrx_word' id='word_1_651' title='bbox 3302 3975 3462 4029; x_wconf 86' lang='lat' dir='ltr'><strong>docet</strong></span> <span class='ocrx_word' id='word_1_652' title='bbox 3499 3973 3569 4026; x_wconf 81' lang='lat' dir='ltr'><strong>il-</strong></span> 
     </span>
    </p>
   </div>
   <div class='ocr_carea' id='block_1_86' title="bbox 1987 4063 3572 4153">
    <p class='ocr_par' dir='ltr' id='par_1_86' title="bbox 1987 4063 3572 4153">
     <span class='ocr_line' id='line_1_86' title="bbox 1987 4063 3572 4153; baseline -0.015 -11"><span class='ocrx_word' id='word_1_653' title='bbox 1987 4087 2082 4142; x_wconf 90' lang='lat' dir='ltr'><strong>lud</strong></span> <span class='ocrx_word' id='word_1_654' title='bbox 2114 4103 2128 4140; x_wconf 91' lang='lat'><strong>:</strong></span> <span class='ocrx_word' id='word_1_655' title='bbox 2170 4104 2186 4136; x_wconf 81' lang='grc' dir='ltr'><strong>ι</strong></span> <span class='ocrx_word' id='word_1_656' title='bbox 2219 4084 2276 4139; x_wconf 90' lang='lat' dir='ltr'><strong>Si</strong></span> <span class='ocrx_word' id='word_1_657' title='bbox 2319 4083 2486 4153; x_wconf 85' lang='lat' dir='ltr'><strong>igitur</strong></span> <span class='ocrx_word' id='word_1_658' title='bbox 2515 4077 2781 4134; x_wconf 88' lang='lat' dir='ltr'><strong>Dominus</strong></span> <span class='ocrx_word' id='word_1_659' title='bbox 2817 4074 2933 4144; x_wconf 86' lang='lat' dir='ltr'><strong>ejus</strong></span> <span class='ocrx_word' id='word_1_660' title='bbox 2972 4079 3075 4135; x_wconf 90' lang='lat' dir='ltr'><strong>est,</strong></span> <span class='ocrx_word' id='word_1_661' title='bbox 3105 4067 3381 4138; x_wconf 90' lang='lat' dir='ltr'><strong>quomodo</strong></span> <span class='ocrx_word' id='word_1_662' title='bbox 3424 4063 3572 4118; x_wconf 83' lang='lat' dir='ltr'><strong>ﬁlius</strong></span> 
     </span>
    </p>
   </div>
   <div class='ocr_carea' id='block_1_87' title="bbox 1989 4153 3575 4251">
    <p class='ocr_par' dir='ltr' id='par_1_87' title="bbox 1989 4153 3575 4251">
     <span class='ocr_line' id='line_1_87' title="bbox 1989 4153 3575 4251; baseline -0.017 -17"><span class='ocrx_word' id='word_1_663' title='bbox 1989 4181 2108 4251; x_wconf 86' lang='lat' dir='ltr'><strong>ejus</strong></span> <span class='ocrx_word' id='word_1_664' title='bbox 2133 4176 2249 4232; x_wconf 87' lang='lat' dir='ltr'><strong>est?</strong></span> <span class='ocrx_word' id='word_1_665' title='bbox 2288 4193 2308 4228; x_wconf 74' lang='grc' dir='ltr'><strong>ι</strong></span> <span class='ocrx_word' id='word_1_666' title='bbox 2341 4174 2462 4228; x_wconf 84' lang='grc' dir='ltr'>Νοιι</span> <span class='ocrx_word' id='word_1_667' title='bbox 2493 4169 2639 4226; x_wconf 87' lang='lat' dir='ltr'><strong>enim</strong></span> <span class='ocrx_word' id='word_1_668' title='bbox 2675 4166 2813 4222; x_wconf 75' lang='lat' dir='ltr'><strong>dixit</strong></span> <span class='ocrx_word' id='word_1_669' title='bbox 2847 4183 2861 4218; x_wconf 86' lang='lat'><strong>:</strong></span> <span class='ocrx_word' id='word_1_670' title='bbox 2895 4163 2950 4219; x_wconf 91' lang='lat' dir='ltr'><strong>Si</strong></span> <span class='ocrx_word' id='word_1_671' title='bbox 2977 4161 3243 4216; x_wconf 91' lang='lat' dir='ltr'><strong>Dominus</strong></span> <span class='ocrx_word' id='word_1_672' title='bbox 3277 4164 3381 4221; x_wconf 91' lang='lat' dir='ltr'><strong>est,</strong></span> <span class='ocrx_word' id='word_1_673' title='bbox 3425 4153 3575 4208; x_wconf 83' lang='lat' dir='ltr'><strong>ﬁlius</strong></span> 
     </span>
    </p>
   </div>
   <div class='ocr_carea' id='block_1_88' title="bbox 1989 4243 3573 4333">
    <p class='ocr_par' dir='ltr' id='par_1_88' title="bbox 1989 4243 3573 4333">
     <span class='ocr_line' id='line_1_88' title="bbox 1989 4243 3573 4333; baseline -0.018 -6"><span class='ocrx_word' id='word_1_674' title='bbox 1989 4243 2099 4326; x_wconf 74' lang='lat' dir='ltr'><strong>non</strong></span> <span class='ocrx_word' id='word_1_675' title='bbox 2134 4279 2220 4325; x_wconf 90' lang='lat' dir='ltr'><strong>est</strong></span> <span class='ocrx_word' id='word_1_676' title='bbox 2263 4286 2275 4322; x_wconf 90' lang='lat'><strong>:</strong></span> <span class='ocrx_word' id='word_1_677' title='bbox 2320 4264 2438 4331; x_wconf 81' lang='lat' dir='ltr'><strong>sed,</strong></span> <span class='ocrx_word' id='word_1_678' title='bbox 2484 4283 2502 4316; x_wconf 83' lang='grc' dir='ltr'><strong>ι</strong></span> <span class='ocrx_word' id='word_1_679' title='bbox 2549 4259 2824 4333; x_wconf 91' lang='lat' dir='ltr'><strong>quomodo</strong></span> <span class='ocrx_word' id='word_1_680' title='bbox 2867 4256 3012 4310; x_wconf 84' lang='lat' dir='ltr'><strong>ﬁlius</strong></span> <span class='ocrx_word' id='word_1_681' title='bbox 3047 4253 3166 4325; x_wconf 89' lang='lat' dir='ltr'><strong>ejus</strong></span> <span class='ocrx_word' id='word_1_682' title='bbox 3198 4249 3316 4306; x_wconf 88' lang='lat' dir='ltr'><strong>est?</strong></span> <span class='ocrx_word' id='word_1_683' title='bbox 3351 4267 3369 4300; x_wconf 79' lang='grc' dir='ltr'><strong>ι</strong></span> <span class='ocrx_word' id='word_1_684' title='bbox 3415 4243 3573 4316; x_wconf 87' lang='lat' dir='ltr'><strong>quasi</strong></span> 
     </span>
    </p>
   </div>
   <div class='ocr_carea' id='block_1_89' title="bbox 299 4345 1881 4441">
    <p class='ocr_par' dir='ltr' id='par_1_89' title="bbox 299 4345 1881 4441">
     <span class='ocr_line' id='line_1_89' title="bbox 299 4345 1881 4441; baseline -0.004 -18"><span class='ocrx_word' id='word_1_685' title='bbox 299 4389 352 4425; x_wconf 86' lang='grc' dir='ltr'><strong>τι</strong></span> <span class='ocrx_word' id='word_1_686' title='bbox 372 4371 513 4436; x_wconf 79' lang='grc' dir='ltr'><strong>υἱός.</strong></span> <span class='ocrx_word' id='word_1_687' title='bbox 538 4369 725 4425; x_wconf 76' lang='grc' dir='ltr'>Ταῦτα</span> <span class='ocrx_word' id='word_1_688' title='bbox 749 4370 806 4424; x_wconf 75' lang='grc' dir='ltr'>δὲ</span> <span class='ocrx_word' id='word_1_689' title='bbox 833 4370 1095 4440; x_wconf 77' lang='grc' dir='ltr'>ἄντικρυς</span> <span class='ocrx_word' id='word_1_690' title='bbox 1123 4369 1220 4424; x_wconf 72' lang='grc' dir='ltr'>καὶ</span> <span class='ocrx_word' id='word_1_691' title='bbox 1242 4368 1342 4441; x_wconf 73' lang='grc' dir='ltr'>τὴν</span> <span class='ocrx_word' id='word_1_692' title='bbox 1369 4345 1600 4439; x_wconf 73' lang='grc' dir='ltr'>θεύτητα</span> <span class='ocrx_word' id='word_1_693' title='bbox 1622 4364 1881 4431; x_wconf 85' lang='grc' dir='ltr'>δείκνυσι,</span> 
     </span>
    </p>
   </div>
   <div class='ocr_carea' id='block_1_90' title="bbox 1995 4345 3575 4441">
    <p class='ocr_par' dir='ltr' id='par_1_90' title="bbox 1995 4345 3575 4427">
     <span class='ocr_line' id='line_1_90' title="bbox 1995 4345 3575 4427; baseline -0.016 -9"><span class='ocrx_word' id='word_1_694' title='bbox 1995 4363 2224 4427; x_wconf 87' lang='lat' dir='ltr'><strong>diceret,</strong></span> <span class='ocrx_word' id='word_1_695' title='bbox 2253 4359 2360 4412; x_wconf 88' lang='lat' dir='ltr'><strong>alio</strong></span> <span class='ocrx_word' id='word_1_696' title='bbox 2403 4365 2657 4426; x_wconf 80' lang='lat' dir='ltr'><strong>reSpeetu</strong></span> <span class='ocrx_word' id='word_1_697' title='bbox 2690 4362 2774 4408; x_wconf 88' lang='lat' dir='ltr'><strong>est</strong></span> <span class='ocrx_word' id='word_1_698' title='bbox 2810 4350 3097 4412; x_wconf 90' lang='lat' dir='ltr'><strong>Dominus,</strong></span> <span class='ocrx_word' id='word_1_699' title='bbox 3129 4345 3236 4401; x_wconf 91' lang='lat' dir='ltr'><strong>alio</strong></span> <span class='ocrx_word' id='word_1_700' title='bbox 3269 4352 3453 4398; x_wconf 90' lang='lat' dir='ltr'><strong>autem</strong></span> <span class='ocrx_word' id='word_1_701' title='bbox 3486 4345 3575 4394; x_wconf 85' lang='lat' dir='ltr'><strong>est</strong></span> 
     </span>
    </p>
   </div>
   <div class='ocr_carea' id='block_1_91' title="bbox 300 4459 984 4531">
    <p class='ocr_par' dir='ltr' id='par_1_91' title="bbox 300 4459 984 4531">
     <span class='ocr_line' id='line_1_91' title="bbox 300 4459 984 4531; baseline 0.001 -19"><span class='ocrx_word' id='word_1_702' title='bbox 300 4461 395 4513; x_wconf 69' lang='lat' dir='ltr'><strong>aut</strong></span> <span class='ocrx_word' id='word_1_703' title='bbox 426 4459 533 4531; x_wconf 78' lang='grc' dir='ltr'>τὴν</span> <span class='ocrx_word' id='word_1_704' title='bbox 568 4459 984 4530; x_wconf 81' lang='grc' dir='ltr'>ἁνθρωπότητα.</span> 
     </span>
    </p>
   </div>
   <div class='ocr_carea' id='block_1_92' title="bbox 369 4628 1891 4706">
    <p class='ocr_par' dir='ltr' id='par_1_92' title="bbox 369 4628 1891 4706">
     <span class='ocr_line' id='line_1_92' title="bbox 369 4628 1891 4706; baseline -0.008 -12"><span class='ocrx_word' id='word_1_705' title='bbox 369 4640 585 4694; x_wconf 78' lang='lat' dir='ltr'><strong>EPAN.</strong></span> <span class='ocrx_word' id='word_1_706' title='bbox 627 4637 703 4691; x_wconf 83' lang='grc' dir='ltr'><strong>Οὐ</strong></span> <span class='ocrx_word' id='word_1_707' title='bbox 745 4635 903 4706; x_wconf 84' lang='grc' dir='ltr'>χρεία</span> <span class='ocrx_word' id='word_1_708' title='bbox 937 4631 1338 4703; x_wconf 82' lang='grc' dir='ltr'>συλλογισμῶν.</span> <span class='ocrx_word' id='word_1_709' title='bbox 1395 4633 1692 4704; x_wconf 79' lang='grc' dir='ltr'>Ἀντικρυς</span> <span class='ocrx_word' id='word_1_710' title='bbox 1721 4631 1830 4700; x_wconf 80' lang='grc' dir='ltr'>γὰρ</span> <span class='ocrx_word' id='word_1_711' title='bbox 1862 4628 1891 4681; x_wconf 84' lang='grc' dir='ltr'>ὁ</span> 
     </span>
    </p>
   </div>
   <div class='ocr_carea' id='block_1_93' title="bbox 299 4723 1887 4804">
    <p class='ocr_par' dir='ltr' id='par_1_93' title="bbox 299 4723 1887 4804">
     <span class='ocr_line' id='line_1_93' title="bbox 299 4723 1887 4804; baseline -0.006 -16"><span class='ocrx_word' id='word_1_712' title='bbox 299 4733 512 4804; x_wconf 77' lang='grc' dir='ltr'>Κύριος</span> <span class='ocrx_word' id='word_1_713' title='bbox 532 4730 789 4796; x_wconf 74' lang='grc' dir='ltr'>ἐδίδαξεν,</span> <span class='ocrx_word' id='word_1_714' title='bbox 813 4729 887 4793; x_wconf 85' lang='grc' dir='ltr'>ὼς</span> <span class='ocrx_word' id='word_1_715' title='bbox 913 4729 974 4781; x_wconf 83' lang='grc' dir='ltr'>οὐ</span> <span class='ocrx_word' id='word_1_716' title='bbox 1002 4728 1250 4799; x_wconf 81' lang='grc' dir='ltr'>βούλεται</span> <span class='ocrx_word' id='word_1_717' title='bbox 1268 4725 1550 4780; x_wconf 83' lang='grc' dir='ltr'>καλεῖσθαι</span> <span class='ocrx_word' id='word_1_718' title='bbox 1574 4725 1686 4788; x_wconf 84' lang='grc' dir='ltr'>υἱὸς</span> <span class='ocrx_word' id='word_1_719' title='bbox 1707 4723 1887 4778; x_wconf 74' lang='grc' dir='ltr'>Δαϐίδ.</span> 
     </span>
    </p>
   </div>
   <div class='ocr_carea' id='block_1_94' title="bbox 368 4817 1890 4888">
    <p class='ocr_par' dir='ltr' id='par_1_94' title="bbox 368 4817 1890 4888">
     <span class='ocr_line' id='line_1_94' title="bbox 368 4817 1890 4888; baseline -0.008 -8"><span class='ocrx_word' id='word_1_720' title='bbox 368 4825 530 4881; x_wconf 82' lang='grc' dir='ltr'><strong>ΟΡΘ.</strong></span> <span class='ocrx_word' id='word_1_721' title='bbox 578 4823 724 4876; x_wconf 80' lang='grc' dir='ltr'>Ἔδει</span> <span class='ocrx_word' id='word_1_722' title='bbox 752 4822 933 4876; x_wconf 91' lang='grc' dir='ltr'>τοίνυν</span> <span class='ocrx_word' id='word_1_723' title='bbox 962 4822 1052 4875; x_wconf 59' lang='grc' dir='ltr'>καὶ</span> <span class='ocrx_word' id='word_1_724' title='bbox 1084 4821 1210 4884; x_wconf 80' lang='grc' dir='ltr'>τοὺς</span> <span class='ocrx_word' id='word_1_725' title='bbox 1238 4818 1498 4888; x_wconf 75' lang='grc' dir='ltr'>τυφλοὺς,</span> <span class='ocrx_word' id='word_1_726' title='bbox 1531 4818 1628 4871; x_wconf 73' lang='grc' dir='ltr'><strong>καὶ</strong></span> <span class='ocrx_word' id='word_1_727' title='bbox 1648 4818 1748 4886; x_wconf 80' lang='grc' dir='ltr'>τὴν</span> <span class='ocrx_word' id='word_1_728' title='bbox 1775 4817 1890 4869; x_wconf 84' lang='grc' dir='ltr'>Χα-</span> 
     </span>
    </p>
   </div>
   <div class='ocr_carea' id='block_1_95' title="bbox 297 4907 1896 4986">
    <p class='ocr_par' dir='ltr' id='par_1_95' title="bbox 297 4907 1896 4986">
     <span class='ocr_line' id='line_1_95' title="bbox 297 4907 1896 4986; baseline -0.009 -13"><span class='ocrx_word' id='word_1_729' title='bbox 297 4918 558 4980; x_wconf 81' lang='grc' dir='ltr'>ναναίαν,</span> <span class='ocrx_word' id='word_1_730' title='bbox 591 4914 684 4969; x_wconf 78' lang='grc' dir='ltr'>καὶ</span> <span class='ocrx_word' id='word_1_731' title='bbox 716 4914 897 4986; x_wconf 84' lang='grc' dir='ltr'>μέντοι</span> <span class='ocrx_word' id='word_1_732' title='bbox 927 4913 1023 4967; x_wconf 62' lang='grc' dir='ltr'><strong>καὶ⁸</strong></span> <span class='ocrx_word' id='word_1_733' title='bbox 1048 4913 1173 4976; x_wconf 82' lang='grc' dir='ltr'>τοὺς</span> <span class='ocrx_word' id='word_1_734' title='bbox 1201 4911 1390 4983; x_wconf 78' lang='grc' dir='ltr'>ὄχλους</span> <span class='ocrx_word' id='word_1_735' title='bbox 1418 4909 1649 4974; x_wconf 82' lang='grc' dir='ltr'>διδάξαι,</span> <span class='ocrx_word' id='word_1_736' title='bbox 1688 4907 1764 4978; x_wconf 82' lang='grc' dir='ltr'><strong>μὴ</strong></span> <span class='ocrx_word' id='word_1_737' title='bbox 1794 4923 1896 4960; x_wconf 89' lang='grc' dir='ltr'>κα-</span> 
     </span>
    </p>
   </div>
   <div class='ocr_carea' id='block_1_96' title="bbox 297 4999 1893 5074">
    <p class='ocr_par' dir='ltr' id='par_1_96' title="bbox 297 4999 1893 5074">
     <span class='ocr_line' id='line_1_96' title="bbox 297 4999 1893 5074; baseline -0.008 -9"><span class='ocrx_word' id='word_1_738' title='bbox 297 5011 414 5064; x_wconf 74' lang='grc' dir='ltr'>λεῖν</span> <span class='ocrx_word' id='word_1_739' title='bbox 471 5007 635 5062; x_wconf 83' lang='grc' dir='ltr'>αὑτὸν</span> <span class='ocrx_word' id='word_1_740' title='bbox 676 5007 791 5060; x_wconf 83' lang='grc' dir='ltr'><strong>υἱὸν</strong></span> <span class='ocrx_word' id='word_1_741' title='bbox 823 5003 1005 5058; x_wconf 79' lang='grc' dir='ltr'>Δαϐίδ.</span> <span class='ocrx_word' id='word_1_742' title='bbox 1051 5004 1161 5057; x_wconf 73' lang='grc' dir='ltr'><strong>Καὶ</strong></span> <span class='ocrx_word' id='word_1_743' title='bbox 1211 5003 1323 5074; x_wconf 85' lang='grc' dir='ltr'>γὰρ</span> <span class='ocrx_word' id='word_1_744' title='bbox 1370 5005 1420 5056; x_wconf 77' lang='lat' dir='ltr'><strong>oi</strong></span> <span class='ocrx_word' id='word_1_745' title='bbox 1468 5002 1656 5070; x_wconf 71' lang='grc' dir='ltr'>τυφλοὶ</span> <span class='ocrx_word' id='word_1_746' title='bbox 1705 4999 1893 5053; x_wconf 77' lang='grc' dir='ltr'><strong>ἐϐόων·</strong></span> 
     </span>
    </p>
   </div>
   <div class='ocr_carea' id='block_1_97' title="bbox 1989 4435 3578 4510">
    <p class='ocr_par' dir='ltr' id='par_1_97' title="bbox 1989 4435 3578 4510">
     <span class='ocr_line' id='line_1_97' title="bbox 1989 4435 3578 4510; baseline -0.015 0"><span class='ocrx_word' id='word_1_747' title='bbox 1989 4456 2156 4510; x_wconf 85' lang='lat' dir='ltr'><strong>ﬁlius.</strong></span> <span class='ocrx_word' id='word_1_748' title='bbox 2197 4453 2324 4508; x_wconf 81' lang='lat' dir='ltr'><strong>llaec</strong></span> <span class='ocrx_word' id='word_1_749' title='bbox 2346 4464 2479 4506; x_wconf 89' lang='lat' dir='ltr'><strong>vero</strong></span> <span class='ocrx_word' id='word_1_750' title='bbox 2511 4446 2798 4504; x_wconf 80' lang='lat' dir='ltr'><strong>manifeste</strong></span> <span class='ocrx_word' id='word_1_751' title='bbox 2841 4441 3188 4499; x_wconf 73' lang='lat' dir='ltr'><strong>divinitatem</strong></span> <span class='ocrx_word' id='word_1_752' title='bbox 3233 4435 3480 4491; x_wconf 86' lang='lat' dir='ltr'><strong>indicant</strong></span> <span class='ocrx_word' id='word_1_753' title='bbox 3516 4439 3578 4487; x_wconf 82' lang='lat' dir='ltr'><strong>et</strong></span> 
     </span>
    </p>
   </div>
   <div class='ocr_carea' id='block_1_98' title="bbox 1987 4542 3020 4604">
    <p class='ocr_par' dir='ltr' id='par_1_98' title="bbox 1987 4542 3020 4604">
     <span class='ocr_line' id='line_1_98' title="bbox 1987 4542 3020 4604; baseline -0.013 -5"><span class='ocrx_word' id='word_1_754' title='bbox 1987 4542 2411 4600; x_wconf 88' lang='lat' dir='ltr'><strong>humanitatem.</strong></span> <span class='ocrx_word' id='word_1_755' title='bbox 3005 4593 3020 4604; x_wconf 25' lang='grc' dir='ltr'><strong>ς</strong></span> 
     </span>
    </p>
   </div>
   <div class='ocr_carea' id='block_1_99' title="bbox 2057 4607 3577 4702">
    <p class='ocr_par' dir='ltr' id='par_1_99' title="bbox 2057 4607 3577 4702">
     <span class='ocr_line' id='line_1_99' title="bbox 2057 4607 3577 4702; baseline -0.017 -15"><span class='ocrx_word' id='word_1_756' title='bbox 2057 4632 2165 4702; x_wconf 84' lang='lat'><strong>97</strong></span> <span class='ocrx_word' id='word_1_757' title='bbox 2189 4629 2398 4685; x_wconf 79' lang='grc' dir='ltr'><strong>ΕιιΑΝ.</strong></span> <span class='ocrx_word' id='word_1_758' title='bbox 2427 4627 2548 4680; x_wconf 85' lang='grc' dir='ltr'>Νοιι</span> <span class='ocrx_word' id='word_1_759' title='bbox 2570 4639 2707 4694; x_wconf 91' lang='lat' dir='ltr'><strong>opus</strong></span> <span class='ocrx_word' id='word_1_760' title='bbox 2722 4630 2808 4678; x_wconf 91' lang='lat' dir='ltr'><strong>est</strong></span> <span class='ocrx_word' id='word_1_761' title='bbox 2826 4613 3361 4675; x_wconf 85' lang='lat' dir='ltr'><strong>ratiocinationibus.</strong></span> <span class='ocrx_word' id='word_1_762' title='bbox 3384 4607 3577 4702; x_wconf 83' lang='lat' dir='ltr'><strong>Domi-</strong></span> 
     </span>
    </p>
   </div>
   <div class='ocr_carea' id='block_1_100' title="bbox 1987 4697 3575 4786">
    <p class='ocr_par' dir='ltr' id='par_1_100' title="bbox 1987 4697 3575 4786">
     <span class='ocr_line' id='line_1_100' title="bbox 1987 4697 3575 4786; baseline -0.015 -10"><span class='ocrx_word' id='word_1_763' title='bbox 1987 4697 2254 4776; x_wconf 73' lang='lat' dir='ltr'><strong>nusenim</strong></span> <span class='ocrx_word' id='word_1_764' title='bbox 2272 4725 2459 4786; x_wconf 89' lang='lat' dir='ltr'><strong>aperte</strong></span> <span class='ocrx_word' id='word_1_765' title='bbox 2479 4713 2668 4769; x_wconf 88' lang='lat' dir='ltr'><strong>docuit</strong></span> <span class='ocrx_word' id='word_1_766' title='bbox 2682 4710 2827 4765; x_wconf 89' lang='lat' dir='ltr'><strong>nolle</strong></span> <span class='ocrx_word' id='word_1_767' title='bbox 2850 4724 2908 4764; x_wconf 91' lang='lat' dir='ltr'><strong>se</strong></span> <span class='ocrx_word' id='word_1_768' title='bbox 2932 4706 3117 4762; x_wconf 83' lang='lat' dir='ltr'><strong>vocari</strong></span> <span class='ocrx_word' id='word_1_769' title='bbox 3144 4703 3315 4756; x_wconf 85' lang='lat' dir='ltr'><strong>lilium</strong></span> <span class='ocrx_word' id='word_1_770' title='bbox 3331 4697 3575 4754; x_wconf 89' lang='lat' dir='ltr'><strong>Davidis.</strong></span> 
     </span>
    </p>
   </div>
   <div class='ocr_carea' id='block_1_101' title="bbox 2065 4793 3575 4878">
    <p class='ocr_par' dir='ltr' id='par_1_101' title="bbox 2065 4793 3575 4878">
     <span class='ocr_line' id='line_1_101' title="bbox 2065 4793 3575 4878; baseline -0.015 -13"><span class='ocrx_word' id='word_1_771' title='bbox 2065 4809 2274 4866; x_wconf 79' lang='lat' dir='ltr'><strong>ORTH.</strong></span> <span class='ocrx_word' id='word_1_772' title='bbox 2299 4806 2604 4878; x_wconf 84' lang='lat' dir='ltr'><strong>Oportebat</strong></span> <span class='ocrx_word' id='word_1_773' title='bbox 2634 4817 2763 4873; x_wconf 78' lang='lat' dir='ltr'><strong>ergo</strong></span> <span class='ocrx_word' id='word_1_774' title='bbox 2797 4808 2854 4854; x_wconf 90' lang='lat' dir='ltr'><strong>et</strong></span> <span class='ocrx_word' id='word_1_775' title='bbox 2879 4813 3072 4861; x_wconf 62' lang='lat' dir='ltr'><strong>caecos,</strong></span> <span class='ocrx_word' id='word_1_776' title='bbox 3107 4803 3164 4850; x_wconf 89' lang='lat' dir='ltr'><strong>et</strong></span> <span class='ocrx_word' id='word_1_777' title='bbox 3187 4793 3575 4856; x_wconf 65' lang='lat' dir='ltr'><strong>Chananaaam,</strong></span> 
     </span>
    </p>
   </div>
   <div class='ocr_carea' id='block_1_102' title="bbox 1992 4881 3579 4965">
    <p class='ocr_par' dir='ltr' id='par_1_102' title="bbox 1992 4881 3579 4965">
     <span class='ocr_line' id='line_1_102' title="bbox 1992 4881 3579 4965; baseline -0.017 -5"><span class='ocrx_word' id='word_1_778' title='bbox 1992 4913 2048 4960; x_wconf 91' lang='lat' dir='ltr'><strong>et</strong></span> <span class='ocrx_word' id='word_1_779' title='bbox 2071 4902 2260 4958; x_wconf 85' lang='lat' dir='ltr'><strong>turbas</strong></span> <span class='ocrx_word' id='word_1_780' title='bbox 2285 4900 2504 4964; x_wconf 89' lang='lat' dir='ltr'><strong>docere,</strong></span> <span class='ocrx_word' id='word_1_781' title='bbox 2536 4911 2606 4951; x_wconf 92' lang='lat' dir='ltr'><strong>ne</strong></span> <span class='ocrx_word' id='word_1_782' title='bbox 2636 4892 2976 4965; x_wconf 90' lang='lat' dir='ltr'><strong>appellarent</strong></span> <span class='ocrx_word' id='word_1_783' title='bbox 2995 4889 3152 4943; x_wconf 92' lang='lat' dir='ltr'><strong>illum</strong></span> <span class='ocrx_word' id='word_1_784' title='bbox 3185 4883 3357 4938; x_wconf 76' lang='lat' dir='ltr'><strong>filium</strong></span> <span class='ocrx_word' id='word_1_785' title='bbox 3410 4881 3579 4936; x_wconf 83' lang='lat' dir='ltr'><strong>Davi-</strong></span> 
     </span>
    </p>
   </div>
   <div class='ocr_carea' id='block_1_103' title="bbox 1994 4972 3582 5054">
    <p class='ocr_par' dir='ltr' id='par_1_103' title="bbox 1994 4972 3582 5054">
     <span class='ocr_line' id='line_1_103' title="bbox 1994 4972 3582 5054; baseline -0.018 0"><span class='ocrx_word' id='word_1_786' title='bbox 1994 4997 2100 5054; x_wconf 89' lang='lat' dir='ltr'><strong>dis.</strong></span> <span class='ocrx_word' id='word_1_787' title='bbox 2159 4994 2297 5050; x_wconf 87' lang='lat' dir='ltr'><strong>Nam</strong></span> <span class='ocrx_word' id='word_1_788' title='bbox 2324 4998 2382 5047; x_wconf 88' lang='lat' dir='ltr'><strong>et</strong></span> <span class='ocrx_word' id='word_1_789' title='bbox 2409 4989 2538 5046; x_wconf 69' lang='lat' dir='ltr'><strong>caeci</strong></span> <span class='ocrx_word' id='word_1_790' title='bbox 2561 4985 2870 5044; x_wconf 87' lang='lat' dir='ltr'><strong>clamabant</strong></span> <span class='ocrx_word' id='word_1_791' title='bbox 2904 5000 2915 5035; x_wconf 90' lang='lat'><strong>:</strong></span> <span class='ocrx_word' id='word_1_792' title='bbox 2961 4999 2979 5032; x_wconf 80' lang='grc' dir='ltr'><strong>ι</strong></span> <span class='ocrx_word' id='word_1_793' title='bbox 3008 4979 3108 5034; x_wconf 83' lang='lat' dir='ltr'><strong>Fili</strong></span> <span class='ocrx_word' id='word_1_794' title='bbox 3135 4973 3380 5040; x_wconf 85' lang='lat' dir='ltr'><strong>Davidis,</strong></span> <span class='ocrx_word' id='word_1_795' title='bbox 3412 4972 3582 5028; x_wconf 84' lang='lat' dir='ltr'><strong>mise-</strong></span> 
     </span>
    </p>
   </div>
   <div class='ocr_carea' id='block_1_104' title="bbox 307 5065 1881 5168">
    <p class='ocr_par' dir='ltr' id='par_1_104' title="bbox 307 5065 1881 5168">
     <span class='ocr_line' id='line_1_104' title="bbox 307 5065 1881 5168; baseline -0.006 -14"><span class='ocrx_word' id='word_1_796' title='bbox 307 5122 326 5154; x_wconf 76' lang='grc'><strong>1</strong></span> <span class='ocrx_word' id='word_1_797' title='bbox 357 5103 467 5155; x_wconf 68' lang='lat' dir='ltr'><strong>rit</strong></span> <span class='ocrx_word' id='word_1_798' title='bbox 493 5098 680 5161; x_wconf 72' lang='grc' dir='ltr'>Δαειδ,</span> <span class='ocrx_word' id='word_1_799' title='bbox 710 5097 933 5168; x_wconf 72' lang='grc' dir='ltr'>ἐλέησον</span> <span class='ocrx_word' id='word_1_800' title='bbox 963 5097 1133 5166; x_wconf 80' lang='grc' dir='ltr'><strong>ἡμᾶς.</strong></span> <span class='ocrx_word' id='word_1_801' title='bbox 1165 5115 1184 5147; x_wconf 75' lang='grc' dir='ltr'><strong>ι</strong></span> <span class='ocrx_word' id='word_1_802' title='bbox 1223 5065 1334 5150; x_wconf 68' lang='lat' dir='ltr'><strong>itali</strong></span> <span class='ocrx_word' id='word_1_803' title='bbox 1362 5096 1395 5165; x_wconf 78' lang='grc' dir='ltr'>ὴ</span> <span class='ocrx_word' id='word_1_804' title='bbox 1421 5065 1722 5147; x_wconf 77' lang='grc' dir='ltr'>Χαναναία·</span> <span class='ocrx_word' id='word_1_805' title='bbox 1759 5111 1776 5143; x_wconf 76' lang='grc' dir='ltr'><strong>ι</strong></span> <span class='ocrx_word' id='word_1_806' title='bbox 1803 5091 1881 5145; x_wconf 75' lang='lat' dir='ltr'><strong>rt:</strong></span> 
     </span>
    </p>
   </div>
   <div class='ocr_carea' id='block_1_105' title="bbox 1995 5065 3584 5168">
    <p class='ocr_par' dir='ltr' id='par_1_105' title="bbox 1997 5065 3584 5151">
     <span class='ocr_line' id='line_1_105' title="bbox 1997 5065 3584 5151; baseline -0.017 -5"><span class='ocrx_word' id='word_1_807' title='bbox 1997 5106 2120 5146; x_wconf 86' lang='lat' dir='ltr'><strong>rere</strong></span> <span class='ocrx_word' id='word_1_808' title='bbox 2146 5086 2321 5144; x_wconf 87' lang='lat' dir='ltr'><strong>nostri</strong></span> <span class='ocrx_word' id='word_1_809' title='bbox 2353 5087 2408 5151; x_wconf 69' lang='grc' dir='ltr'>’ς</span> <span class='ocrx_word' id='word_1_810' title='bbox 2441 5104 2459 5136; x_wconf 87' lang='grc'><strong>›</strong></span> <span class='ocrx_word' id='word_1_811' title='bbox 2488 5093 2545 5139; x_wconf 85' lang='grc' dir='ltr'><strong>ει</strong></span> <span class='ocrx_word' id='word_1_812' title='bbox 2565 5081 2871 5138; x_wconf 72' lang='lat' dir='ltr'><strong>Chananrea</strong></span> <span class='ocrx_word' id='word_1_813' title='bbox 2898 5095 2910 5131; x_wconf 92' lang='lat'><strong>:</strong></span> <span class='ocrx_word' id='word_1_814' title='bbox 2943 5095 2960 5127; x_wconf 80' lang='grc' dir='ltr'><strong>ι</strong></span> <span class='ocrx_word' id='word_1_815' title='bbox 2993 5072 3096 5129; x_wconf 90' lang='lat' dir='ltr'><strong>Fili</strong></span> <span class='ocrx_word' id='word_1_816' title='bbox 3127 5067 3374 5134; x_wconf 84' lang='lat' dir='ltr'><strong>Davidis,</strong></span> <span class='ocrx_word' id='word_1_817' title='bbox 3413 5065 3584 5121; x_wconf 88' lang='lat' dir='ltr'><strong>mise-</strong></span> 
     </span>
    </p>
   </div>
   <div class='ocr_carea' id='block_1_106' title="bbox 302 5182 1896 5263">
    <p class='ocr_par' dir='ltr' id='par_1_106' title="bbox 302 5182 1896 5263">
     <span class='ocr_line' id='line_1_106' title="bbox 302 5182 1896 5263; baseline -0.006 -17"><span class='ocrx_word' id='word_1_818' title='bbox 302 5193 498 5260; x_wconf 77' lang='grc' dir='ltr'>Δασὶδ,</span> <span class='ocrx_word' id='word_1_819' title='bbox 539 5191 764 5263; x_wconf 74' lang='grc' dir='ltr'><strong>ἐλέησόν</strong></span> <span class='ocrx_word' id='word_1_820' title='bbox 796 5207 888 5261; x_wconf 82' lang='grc' dir='ltr'>με,</span> <span class='ocrx_word' id='word_1_821' title='bbox 912 5191 946 5260; x_wconf 83' lang='grc' dir='ltr'><strong>ἡ</strong></span> <span class='ocrx_word' id='word_1_822' title='bbox 975 5187 1223 5259; x_wconf 82' lang='grc' dir='ltr'>θυγάτηρ</span> <span class='ocrx_word' id='word_1_823' title='bbox 1255 5204 1357 5258; x_wconf 83' lang='grc' dir='ltr'>μου</span> <span class='ocrx_word' id='word_1_824' title='bbox 1385 5185 1569 5248; x_wconf 85' lang='grc' dir='ltr'>κακῶς</span> <span class='ocrx_word' id='word_1_825' title='bbox 1595 5182 1896 5254; x_wconf 77' lang='grc' dir='ltr'>δαιμονίζεο</span> 
     </span>
    </p>
   </div>
   <div class='ocr_carea' id='block_1_107' title="bbox 303 5274 1894 5370">
    <p class='ocr_par' dir='ltr' id='par_1_107' title="bbox 303 5274 1894 5370">
     <span class='ocr_line' id='line_1_107' title="bbox 303 5274 1894 5370; baseline -0.006 -35"><span class='ocrx_word' id='word_1_826' title='bbox 303 5299 418 5337; x_wconf 62' lang='grc' dir='ltr'><strong>ταν</strong></span> <span class='ocrx_word' id='word_1_827' title='bbox 464 5302 484 5336; x_wconf 72' lang='grc' dir='ltr'><strong>ι</strong></span> <span class='ocrx_word' id='word_1_828' title='bbox 521 5281 711 5337; x_wconf 75' lang='grc' dir='ltr'>καὶτὸ</span> <span class='ocrx_word' id='word_1_829' title='bbox 743 5280 967 5350; x_wconf 76' lang='grc' dir='ltr'>πλῆθοςο</span> <span class='ocrx_word' id='word_1_830' title='bbox 1007 5298 1024 5332; x_wconf 78' lang='grc' dir='ltr'><strong>ι</strong></span> <span class='ocrx_word' id='word_1_831' title='bbox 1075 5277 1305 5370; x_wconf 64' lang='grc' dir='ltr'>’ρσαννὰ</span> <span class='ocrx_word' id='word_1_832' title='bbox 1342 5277 1420 5348; x_wconf 77' lang='grc' dir='ltr'>τῷ</span> <span class='ocrx_word' id='word_1_833' title='bbox 1450 5276 1552 5345; x_wconf 58' lang='lat' dir='ltr'><strong>uti»</strong></span> <span class='ocrx_word' id='word_1_834' title='bbox 1586 5274 1767 5329; x_wconf 81' lang='grc' dir='ltr'>Δαϐίδ·</span> <span class='ocrx_word' id='word_1_835' title='bbox 1805 5275 1894 5327; x_wconf 84' lang='grc' dir='ltr'>εὑ-</span> 
     </span>
    </p>
   </div>
   <div class='ocr_carea' id='block_1_108' title="bbox 2000 5156 3578 5247">
    <p class='ocr_par' dir='ltr' id='par_1_108' title="bbox 2000 5156 3578 5247">
     <span class='ocr_line' id='line_1_108' title="bbox 2000 5156 3578 5247; baseline -0.019 -9"><span class='ocrx_word' id='word_1_836' title='bbox 2000 5199 2124 5240; x_wconf 87' lang='lat' dir='ltr'><strong>rere</strong></span> <span class='ocrx_word' id='word_1_837' title='bbox 2174 5181 2306 5247; x_wconf 90' lang='lat' dir='ltr'><strong>mei,</strong></span> <span class='ocrx_word' id='word_1_838' title='bbox 2342 5178 2451 5234; x_wconf 83' lang='lat' dir='ltr'><strong>ﬁlia</strong></span> <span class='ocrx_word' id='word_1_839' title='bbox 2504 5191 2624 5231; x_wconf 89' lang='lat' dir='ltr'><strong>mea</strong></span> <span class='ocrx_word' id='word_1_840' title='bbox 2658 5173 2800 5228; x_wconf 90' lang='lat' dir='ltr'><strong>male</strong></span> <span class='ocrx_word' id='word_1_841' title='bbox 2833 5186 2863 5225; x_wconf 88' lang='lat' dir='ltr'><strong>a</strong></span> <span class='ocrx_word' id='word_1_842' title='bbox 2891 5165 3159 5223; x_wconf 65' lang='lat' dir='ltr'><strong>daemonio</strong></span> <span class='ocrx_word' id='word_1_843' title='bbox 3184 5169 3413 5216; x_wconf 79' lang='lat' dir='ltr'><strong>vexatur</strong></span> <span class='ocrx_word' id='word_1_844' title='bbox 3445 5156 3528 5222; x_wconf 71' lang='grc' dir='ltr'>⁸ος</span> <span class='ocrx_word' id='word_1_845' title='bbox 3559 5174 3578 5206; x_wconf 73' lang='grc' dir='ltr'><strong>ι</strong></span> 
     </span>
    </p>
   </div>
   <div class='ocr_carea' id='block_1_109' title="bbox 2000 5249 3587 5345">
    <p class='ocr_par' dir='ltr' id='par_1_109' title="bbox 2000 5249 3587 5345">
     <span class='ocr_line' id='line_1_109' title="bbox 2000 5249 3587 5345; baseline -0.02 -14"><span class='ocrx_word' id='word_1_846' title='bbox 2000 5283 2055 5329; x_wconf 86' lang='grc' dir='ltr'><strong>ει</strong></span> <span class='ocrx_word' id='word_1_847' title='bbox 2105 5274 2388 5345; x_wconf 89' lang='lat' dir='ltr'><strong>populus:</strong></span> <span class='ocrx_word' id='word_1_848' title='bbox 2441 5288 2460 5323; x_wconf 82' lang='grc' dir='ltr'><strong>ι</strong></span> <span class='ocrx_word' id='word_1_849' title='bbox 2497 5268 2752 5323; x_wconf 70' lang='grc' dir='ltr'>Ηοεειιιιιε</span> <span class='ocrx_word' id='word_1_850' title='bbox 2817 5261 2928 5316; x_wconf 81' lang='lat' dir='ltr'><strong>tilio</strong></span> <span class='ocrx_word' id='word_1_851' title='bbox 2974 5255 3215 5322; x_wconf 85' lang='lat' dir='ltr'><strong>Davidis,</strong></span> <span class='ocrx_word' id='word_1_852' title='bbox 3255 5249 3587 5308; x_wconf 86' lang='lat' dir='ltr'><strong>benedictus</strong></span> 
     </span>
    </p>
   </div>
   <div class='ocr_carea' id='block_1_110' title="bbox 379 5409 1881 5504">
    <p class='ocr_par' dir='ltr' id='par_1_110' title="bbox 379 5433 1877 5504">
     <span class='ocr_line' id='line_1_110' title="bbox 379 5433 1877 5504; baseline -0.007 -6"><span class='ocrx_word' id='word_1_853' title='bbox 379 5444 401 5475; x_wconf 87' lang='grc'><em>³</em></span> <span class='ocrx_word' id='word_1_854' title='bbox 431 5443 594 5498; x_wconf 79' lang='lat' dir='ltr'><strong>Joan.</strong></span> <span class='ocrx_word' id='word_1_855' title='bbox 629 5458 684 5504; x_wconf 67' lang='grc' dir='ltr'>ι,</span> <span class='ocrx_word' id='word_1_856' title='bbox 721 5439 808 5494; x_wconf 77' lang='lat'><strong>59..</strong></span> <span class='ocrx_word' id='word_1_857' title='bbox 886 5437 907 5468; x_wconf 74' lang='grc'><strong>⁸</strong></span> <span class='ocrx_word' id='word_1_858' title='bbox 931 5436 1064 5491; x_wconf 86' lang='lat' dir='ltr'><strong>ibid.</strong></span> <span class='ocrx_word' id='word_1_859' title='bbox 1094 5436 1181 5493; x_wconf 78' lang='grc'><strong>55.</strong></span> <span class='ocrx_word' id='word_1_860' title='bbox 1254 5439 1275 5471; x_wconf 81' lang='grc'>⁸</span> <span class='ocrx_word' id='word_1_861' title='bbox 1307 5437 1444 5494; x_wconf 87' lang='lat' dir='ltr'><strong>ibid.</strong></span> <span class='ocrx_word' id='word_1_862' title='bbox 1479 5435 1662 5494; x_wconf 63' lang='lat'><strong>54-58.</strong></span> <span class='ocrx_word' id='word_1_863' title='bbox 1725 5436 1744 5464; x_wconf 78' lang='grc'>⁸</span> <span class='ocrx_word' id='word_1_864' title='bbox 1773 5433 1877 5489; x_wconf 77' lang='lat' dir='ltr'><strong>Mat</strong></span> 
     </span>
    </p>
   </div>
   <div class='ocr_carea' id='block_1_111' title="bbox 1995 5409 3574 5504">
    <p class='ocr_par' dir='ltr' id='par_1_111' title="bbox 1995 5409 3574 5494">
     <span class='ocr_line' id='line_1_111' title="bbox 1995 5409 3574 5494; baseline -0.02 -6"><span class='ocrx_word' id='word_1_865' title='bbox 1995 5432 2222 5494; x_wconf 61' lang='lat'><strong>“11,42.</strong></span> <span class='ocrx_word' id='word_1_866' title='bbox 2301 5432 2322 5463; x_wconf 91' lang='lat'><em>&quot;</em></span> <span class='ocrx_word' id='word_1_867' title='bbox 2345 5428 2481 5486; x_wconf 90' lang='lat' dir='ltr'><strong>ibid.</strong></span> <span class='ocrx_word' id='word_1_868' title='bbox 2519 5427 2606 5482; x_wconf 66' lang='lat'><strong>4&#39;5.</strong></span> <span class='ocrx_word' id='word_1_869' title='bbox 2683 5421 2703 5452; x_wconf 83' lang='grc'><strong>⁸</strong></span> <span class='ocrx_word' id='word_1_870' title='bbox 2737 5419 2869 5475; x_wconf 87' lang='lat' dir='ltr'><strong>ibid.</strong></span> <span class='ocrx_word' id='word_1_871' title='bbox 2903 5417 2993 5484; x_wconf 67' lang='grc'><strong>44,</strong></span> <span class='ocrx_word' id='word_1_872' title='bbox 3030 5415 3117 5471; x_wconf 67' lang='grc'><strong>45.</strong></span> <span class='ocrx_word' id='word_1_873' title='bbox 3198 5413 3219 5445; x_wconf 81' lang='grc'>⁸</span> <span class='ocrx_word' id='word_1_874' title='bbox 3250 5409 3388 5466; x_wconf 90' lang='lat' dir='ltr'><strong>Luc.</strong></span> <span class='ocrx_word' id='word_1_875' title='bbox 3422 5416 3574 5469; x_wconf 81' lang='lat' dir='ltr'><strong>xvru,</strong></span> 
     </span>
    </p>
   </div>
   <div class='ocr_carea' id='block_1_112' title="bbox 307 5507 1115 5579">
    <p class='ocr_par' dir='ltr' id='par_1_112' title="bbox 307 5507 1115 5579">
     <span class='ocr_line' id='line_1_112' title="bbox 307 5507 1115 5579; baseline -0.012 -11"><span class='ocrx_word' id='word_1_876' title='bbox 307 5513 398 5579; x_wconf 73' lang='lat'><strong>33,</strong></span> <span class='ocrx_word' id='word_1_877' title='bbox 432 5513 527 5567; x_wconf 79' lang='lat'><strong>‘59.</strong></span> <span class='ocrx_word' id='word_1_878' title='bbox 605 5513 650 5542; x_wconf 80' lang='grc'><strong>³⁸</strong></span> <span class='ocrx_word' id='word_1_879' title='bbox 681 5509 871 5565; x_wconf 75' lang='lat' dir='ltr'><strong>Matth.</strong></span> <span class='ocrx_word' id='word_1_880' title='bbox 896 5524 986 5572; x_wconf 82' lang='lat' dir='ltr'><strong>xv,</strong></span> <span class='ocrx_word' id='word_1_881' title='bbox 1025 5507 1115 5559; x_wconf 73' lang='lat'><strong>22.</strong></span> 
     </span>
    </p>
   </div>
   <div class='ocr_carea' id='block_1_113' title="bbox 383 5638 1290 5723">
    <p class='ocr_par' dir='ltr' id='par_1_113' title="bbox 383 5638 1290 5723">
     <span class='ocr_line' id='line_1_113' title="bbox 383 5638 1290 5723; baseline -0.018 -15"><span class='ocrx_word' id='word_1_882' title='bbox 383 5653 501 5723; x_wconf 60' lang='grc' dir='ltr'><strong>(δῦ)</strong></span> <span class='ocrx_word' id='word_1_883' title='bbox 532 5650 690 5719; x_wconf 74' lang='grc' dir='ltr'>ἔργα.</span> <span class='ocrx_word' id='word_1_884' title='bbox 715 5645 988 5700; x_wconf 87' lang='lat' dir='ltr'><strong>Omissum</strong></span> <span class='ocrx_word' id='word_1_885' title='bbox 1014 5651 1099 5696; x_wconf 85' lang='lat' dir='ltr'><strong>est</strong></span> <span class='ocrx_word' id='word_1_886' title='bbox 1132 5638 1290 5693; x_wconf 84' lang='grc' dir='ltr'>καλά.</span> 
     </span>
    </p>
   </div>
  </div>
