4006 6202
442 291 541 355 135

1440 295 1926 379 THEQDORETI
1964 298 2300 359 EPISCOPI
2339 300 2703 361 CYRENSIS

3602 305 3704 371 136

438 403 537 471 (ιυί
567 401 717 457 venit
744 401 799 455 in
825 401 1047 455 nomine
1075 399 1290 455 Domini
1316 401 1376 453 “.
1412 419 1428 449 ι
1468 400 1535 453 Et
1566 416 1675 454 non
1703 401 1866 454 modo
1903 416 2013 455 non

2131 405 2414 475 ιιογημένος
2439 408 2467 459 ὁ
2497 406 2789 477 ἐρχόμενος
2815 406 2871 458 ἐν
2902 405 3125 478 ὀνόματι
3158 408 3389 479 Κυρίου.
3434 429 3452 463 ι
3498 412 3609 467 Καὶ
3640 416 3699 468 οὺ

439 510 583 566 aegre
631 494 778 559 tulit,
829 494 923 548 sed
973 493 1134 548 ﬁdem
1174 493 1340 546 etiam
1377 490 1639 545 laudavit.
1677 492 1812 546 Nam
1840 507 2015 546 caecos

442 590 758 660 longissima
802 597 962 644 nocte
999 588 1274 653 liberavit,
1325 596 1383 642 et
1427 588 1649 643 videndi
1700 588 2015 643 facultatem

442 680 523 734 eis
557 679 801 735 donavit.
834 679 1155 735 Chananaaze
1177 693 1311 734 vero
1345 678 1513 732 ﬁliam
1556 678 1719 733 furiis
1761 680 2016 749 agitatam

439 770 588 826 et-de
616 780 796 825 mente
827 770 1172 826 deturbatam
1199 771 1430 834 sanavit,
1457 771 2015 825 et‘nocentissimum

441 861 651 929 expulit
676 862 999 915 darmonem.
1016 860 1152 915 Cum
1170 870 1353 914 autem
1372 861 1651 930 principes
1668 861 2017 916 sacerdotum

442 960 499 1007 et
529 952 786 1006 Pharisaai
819 952 1234 1008 oﬁ‘enderentur
1265 953 1351 1007 bis
1376 953 1471 1022 qui
1495 953 1825 1017 clamabant,
1858 972 1876 1004 ‹
1905 954 2017 1008 Ho-

442 1058 609 1098 sanna
646 1044 754 1100 ﬁlio
796 1045 1038 1113 Davidis,
1070 1065 1087 1097 ι
1124 1061 1236 1101 non
1278 1046 1443 1100 modo
1478 1062 1588 1100 non
1614 1046 1875 1116 repressit
1906 1047 2019 1101 cla-

443 1145 676 1200 mantes,
721 1137 815 1190 sed
856 1138 1020 1191 etiam
1074 1137 1308 1192 faustam
1368 1138 1516 1192 illam
1568 1138 2017 1193 acclamationem

443 1227 809 1282 conﬁrmavit.
862 1248 879 1279 ι
914 1230 1107 1293 Amen,
1156 1230 1355 1299 inquit,
1414 1230 1538 1283 dico
1570 1229 1747 1293 vobis,
1800 1229 2016 1284 etiamsi

444 1317 498 1370 hi
532 1318 821 1381 tacuerint,
850 1318 1058 1387 lapides
1090 1318 1405 1373 clamabunt
1431 1320 1494 1372 ι’.
1534 1339 1551 1370 ι

514 1409 720 1463 ERAN.
782 1409 891 1467 Has
946 1410 1340 1479 appellationes
1374 1419 1500 1465 ante
1555 1411 2018 1466 resurrectionem

446 1501 718 1565 toleravit,
780 1501 1202 1556 accommodans
1242 1516 1301 1556 se
1344 1501 1645 1557 infirmitati
1678 1516 1871 1557 eorum
1923 1502 2018 1572 qui

443 1592 687 1646 nondum
716 1592 956 1662 perfecte
988 1592 1337 1647 crediderant
1365 1610 1378 1645 :
1405 1602 1529 1662 post
1556 1593 2017 1649 resurrectionem

444 1695 574 1735 vero
599 1698 1003 1751 supervacanea
1035 1689 1163 1737 sunt
1188 1683 1303 1737 haec
1326 1684 1566 1737 nomina.

2119 495 2279 565 μόνον
2300 497 2401 549 οὐκ
2425 496 2801 566 ἐδυσχέρανεν,
2831 496 2965 549 άλλά
2991 498 3085 550 καὶ
3110 498 3210 569 τὴν
3236 499 3419 553 πίστιν
3446 502 3700 573 ἐπῄνεσε.

2115 586 2254 650 Τοὺς
2281 586 2380 657 μὲν
2407 587 2516 655 γὰρ
2547 586 2780 655 τυφλοὺς
2800 588 2895 659 τῆς
2929 590 3287 661 μακροτάτης
3320 593 3516 657 νυκτὸς
3544 596 3703 665 ἠλευι

2118 677 2358 748 θέρωσε,
2405 680 2498 731 καὶ
2525 678 2623 749 τὴν
2653 678 2885 750 ὀπτικὴν
2926 681 3111 745 αὐτοῖς
3163 683 3444 754 ἐνέργειαν
3492 686 3701 760 ἐδωρή-

2118 786 2267 825 σατο.
2297 770 2409 840 Τῆς
2431 770 2487 823 δὲ
2508 771 2818 834 Χαναναίας
2840 770 2938 841 τὴν
2960 771 3236 843 θυγατέρα
3256 776 3702 846 κορυδαντιῶσαν

2116 863 2213 915 καὶ
2244 864 2550 933 μεμηνυῖαν
2592 864 2805 929 ἰάσατο,
2835 863 3043 918 καὶτὸν
3073 866 3440 937 παμπόνηρον
3469 868 3701 941 ἐξήλασε

2116 952 2368 1022 δαίμονα.
2401 952 2522 1005 Τῶν
2555 953 2615 1006 δέ
2642 969 2706 1022 γε
2739 954 3042 1025 ἀρχιερέων
3075 956 3171 1010 καὶ
3196 957 3508 1027 Φαρισαίων
3540 959 3704 1029 χαλε-

2118 1045 2417 1097 παινόντων
2445 1047 2555 1108 τοῖς
2587 1043 2801 1114 βοῶσιν,
2860 1064 2881 1097 ‹
2927 1045 3151 1100 Ὡσαννά
3189 1047 3266 1118 τῷ
3304 1048 3406 1118 υἰῷ
3452 1051 3637 1115 Δαδίδ,
3679 1070 3697 1102 ι

2117 1136 2179 1188 οὐ
2214 1136 2373 1205 μόνον
2405 1135 2505 1189 οὐκ
2537 1134 2781 1189 ἐκώλυσε
2819 1136 2947 1200 τοὺς
2986 1135 3247 1206 βοῶντας,
3276 1138 3415 1192 ἀλλά
3446 1142 3541 1193 καὶ
3582 1142 3705 1193 ἐϐε-

2118 1225 2321 1280 6αίωσε
2348 1227 2447 1298 τὴν
2478 1227 2773 1298 εὐφημίαν.
2800 1245 2819 1278 ι
2856 1228 3028 1299 Ἀμὴν
3058 1227 3189 1299 γάρ,
3220 1229 3348 1301 ἐφη,
3379 1230 3523 1300 λέγω
3546 1232 3699 1303 ὑμῖν,

2118 1315 2220 1371 κᾶν
2247 1312 2392 1372 οὗτοι
2425 1319 2743 1388 σιγήσωσιν,
2775 1319 2824 1371 οἱ
2854 1318 2989 1372 λίθοι
3018 1318 3401 1390 κεκράξονται.
3442 1340 3463 1373 ι

2190 1410 2393 1464 EPAN.
2430 1410 2647 1464 Τούτων
2677 1409 2783 1480 πρὸ
2809 1411 2907 1481 τῆς
2935 1412 3285 1475 ἀναστάσεως
3314 1412 3561 1483 ἠνείχετο
3591 1415 3702 1470 τῶν

2120 1514 2333 1574 προσρη
2344 1502 2549 1572 μάτων,
2587 1502 2893 1570 συγκατιὼν
2919 1506 2984 1573 τῇ
3012 1503 3268 1575 ἀσθενείᾳ
3292 1504 3401 1556 τῶν
3429 1505 3700 1575 μηδέποτε

2119 1594 2356 1664 γνησίως
2389 1594 2853 1647 πεπιστευκότων·
2886 1593 3024 1664 μετά
3048 1593 3105 1646 δὲ
3134 1593 3231 1665 τὴν
3254 1595 3571 1664 ἀνάστασιν,
3602 1617 3702 1654 πε-

2123 1685 2280 1758 ριττὰ
2312 1686 2467 1739 ταυτὶ
2495 1686 2565 1739 τά
2588 1685 2847 1755 ὀνόματα.

515 1770 725 1827 ORTH.
770 1773 996 1826 Beatum
1033 1787 1165 1842 ergo
1199 1773 1426 1827 Paulum
1450 1789 1560 1843 quo
1584 1774 1777 1830 ordine
1809 1782 2016 1830 statue-

2189 1778 2341 1833 ΟΡΘ.
2385 1778 2490 1830 Τὸν
2526 1772 2621 1831 οὖν
2660 1777 2931 1849 μακάριον
2962 1776 3174 1832 Παῦλον
3212 1778 3316 1833 ποῦ
3353 1779 3607 1853 τάξομεν,
3638 1782 3697 1837 ἐν

445 1863 603 1917 mus?
632 1865 776 1917 inter
803 1863 1096 1932 perfectos,
1134 1880 1203 1918 an
1244 1864 1596 1933 imperfectos
1621 1865 1644 1919 *ἰ

512 1955 718 2009 ERAN.
745 1955 803 2008 In
839 1953 1007 2007 rebus
1027 1954 1189 2009 seriis
1212 1969 1316 2008 non
1341 1962 1425 2008 est
1449 1953 1773 2008 ludendum.

508 2044 717 2101 ORTH.
754 2045 866 2101 Nec
895 2046 1293 2101 contemnenda
1313 2054 1397 2101 est
1421 2046 1734 2101 divinorum
1766 2047 2021 2102 oraculo;

445 2152 568 2190 rum
606 2136 792 2191 lectio.

516 2225 721 2279 ERAN.
756 2224 890 2291 Quis
926 2233 1009 2280 est
1032 2224 1169 2279 adeo
1207 2223 1418 2290 infelix,
1454 2232 1511 2278 ut
1539 2225 1819 2296 propriam
1850 2227 2024 2297 negli-

444 2323 533 2387 gat
563 2315 835 2369 salutem?

513 2407 625 2476 98
675 2405 884 2461 ORTH.
940 2405 1021 2461 Ad
1078 2405 1563 2476 interrogationem
1612 2408 1904 2479 responde,
1968 2419 2023 2465 et

444 2513 706 2567 agnosces
751 2497 1115 2569 ignorantiam
1146 2504 1311 2553 tuam.

516 2589 721 2644 ERAN.
756 2589 927 2656 Quam
964 2590 1496 2660 interrogationem?

514 2679 723 2734 ORTH.
770 2679 889 2745 Quo
930 2680 1052 2735 loco
1079 2681 1335 2750 ponimus
1374 2682 1620 2737 divinum
1652 2682 2023 2752 Apostolum?

513 2768 723 2823 ERAN.
772 2768 993 2824 Clarum
1028 2771 1175 2840 quod
1210 2771 1354 2827 inter
1379 2772 1806 2843 perfectissimos
1840 2774 1930 2840 sit,
1966 2784 2021 2829 et

446 2860 725 2930 perfectus
746 2862 1024 2931 magister.

514 2951 723 3007 ORTH.
762 2951 881 3019 Quo
927 2967 1060 3007 vero
1122 2960 1369 3021 tempore
1426 2951 1706 3009 inchoavit
1752 2956 2020 3026 pradica-

445 3045 651 3100 tionem
672 3045 695 3097 ?

2122 1870 2234 1932 τοῖς
2264 1867 2508 1934 τελείοις,
2544 1868 2576 1939 ἢ
2605 1870 2662 1922 ἐν
2695 1870 2805 1933 τοῖς
2838 1868 3112 1937 ἀτελέσιν;

2192 1959 2399 2013 EPAN.
2435 1960 2508 2013 Οὐ
2540 1960 2647 2031 χρὴ
2675 1958 2893 2023 παίζειν
2933 1961 2990 2013 ἐν
3023 1964 3135 2026 τοῖς
3172 1963 3499 2027 σπουδαίοις.

2193 2050 2345 2105 ΟΡΘ.
2387 2050 2460 2103 Οὐ
2508 2050 2613 2122 χρὴ
2660 2049 2760 2121 τῆς
2807 2049 2916 2105 τῶν
2974 2050 3132 2105 θείων
3174 2053 3368 2122 λογίων
3413 2055 3696 2127 ὀλιγωρεῖν

2123 2141 2503 2211 ἀναγνώσεως.

2194 2233 2400 2288 ΕΡΔΝ.
2442 2234 2552 2289 Καὶ
2590 2235 2675 2299 τίς
2706 2234 2850 2290 οὕτω
2882 2238 3192 2308 τρισάθλιος
3212 2281 3228 2307 ,
3258 2239 3334 2303 ῶς
3364 2240 3462 2311 τῆς
3490 2239 3697 2303 οἰκείας

2124 2325 2344 2396 ἀμελεῖν
2384 2326 2655 2396 σωτηρίας
2673 2344 2688 2392 ;

2193 2416 2347 2471 ΟΡΘ.
2397 2418 2718 2489 Ἀπόκριναι
2745 2418 2882 2491 πρὸς
2910 2418 3009 2491 τὴν
3038 2420 3329 2491 ἐρώτησιν,
3359 2421 3454 2477 καὶ
3478 2421 3698 2493 μαθήσῃ

2122 2509 2220 2581 τὴν
2255 2509 2501 2579 ἄγνοιαν.

2193 2601 2396 2654 EPAN.
2439 2600 2605 2656 Ποίαν
2634 2601 2905 2674 ἐρώτησιν
2926 2621 2941 2669 ;

2193 2692 2344 2747 ΟΡΘ.
2388 2691 2498 2745 Ποῦ
2528 2693 2800 2764 τάττομεν
2828 2694 2920 2747 τὸν
2956 2694 3097 2748 θεῖον
3124 2692 3446 2747 Ἀπόστολον
3470 2710 3486 2760 ;

2192 2785 2396 2839 EPAN.
2437 2785 2605 2855 Δῆλον
2629 2785 2706 2851 ὡς
2737 2786 2795 2840 ἐν
2818 2788 2932 2851 τοῖς
2960 2787 3336 2854 τελειοτάτοις,
3364 2787 3457 2841 καὶ
3477 2784 3583 2840 τῶν
3607 2802 3701 2839 τε·

2123 2873 2281 2928 λείων
2316 2874 2673 2930 διδασκάλων.

2193 2967 2345 3020 ΟΡΘ.
2391 2967 2526 3020 Πότε
2547 2967 2604 3020 δὲ
2631 2966 2726 3021 τοῦ
2764 2967 3122 3040 κηρύγματος
3146 2968 3377 3041 ἤρξατο,

514 3138 722 3193 ERAN.
766 3139 895 3193 Post
938 3136 1235 3193 Salvatoris
1279 3138 1675 3205 ascensionem,
1701 3148 1758 3194 et
1785 3140 2016 3210 Spiritus

2198 3140 2395 3193 EPAN.
2426 3139 2581 3194 Μετά
2608 3140 2707 3211 τὴν
2742 3137 2835 3191 τοῦ
2868 3139 3116 3213 Σωτῆρος
3153 3140 3439 3212 ἀνάληψιν,
3466 3143 3559 3198 καὶ
3599 3145 3701 3216 τὴν

444 3230 763 3296 adventum,
798 3238 854 3285 et
880 3229 1142 3300 Stephani
1167 3231 1423 3301 martyris
1444 3231 1855 3301 lapidationem.

516 3426 725 3483 ORTll.
750 3427 802 3481 Is
821 3443 946 3482 cum
979 3426 1082 3482 sub
1114 3425 1239 3482 viue
1261 3425 1423 3481 ﬁnem
1452 3426 1701 3480 ultimam
1730 3426 2021 3495 epistolam

445 3518 711 3574 scriberet
727 3519 792 3572 ad
813 3518 1141 3587 discipulum
1159 3517 1527 3581 Timotheum,
1552 3517 1712 3587 eique
1734 3518 1903 3572 veluti
1922 3534 2022 3588 pa-

446 3619 657 3665 ternam
685 3611 976 3680 quamdam
1003 3610 1380 3664 haereditatem
1406 3618 1737 3664 testamento
1758 3609 2017 3673 traderet,

444 3702 560 3757 haec
581 3702 743 3756 etiam
765 3701 967 3771 adjecit
990 3719 1003 3754 :
1050 3721 1066 3751 ι
1096 3701 1389 3765 Memento,
1415 3701 1599 3756 Jesum
1623 3699 1902 3755 Christum
1931 3717 2022 3757 re-

444 3793 750 3848 surrexisse
801 3808 832 3847 a
873 3791 1107 3847 mortuis
1129 3807 1196 3846 ex
1230 3791 1437 3845 semine
1470 3791 1693 3845 Davidis
1720 3792 2020 3849 secundum

444 3886 795 3956 Evangelium
833 3900 1014 3939 meum
1071 3885 1134 3936 ¹³.
1168 3903 1185 3934 ι
1240 3883 1703 3938 Commemoravit
1746 3885 1912 3939 etiam
1954 3901 2021 3941 ea

445 3992 566 4045 qua:
582 3976 857 4046 Evangelii
876 3990 1037 4028 causa
1064 3990 1255 4042 passus
1285 3982 1388 4037 est,
1426 3975 1704 4044 Evangelii
1732 3977 2021 4031 veritatem

444 4085 511 4122 ex
544 4084 610 4123 eo
643 4068 996 4123 conﬁrmans.
1031 4086 1046 4116 ι
1073 4067 1132 4119 In
1156 4082 1265 4137 quo
1289 4066 1498 4127 laboro,
1526 4065 1726 4136 inquit,
1753 4083 1927 4135 usque
1950 4069 2018 4123 ad

444 4159 682 4224 vincula,
706 4159 861 4229 quasi
894 4156 1173 4211 maleﬁcus
1201 4156 1263 4209 ".
1305 4175 1322 4207 ›
1360 4157 1527 4209 Multa
1556 4157 1872 4226 hujusmodi
1912 4157 2018 4213 alia

446 4250 756 4305 testimonia
782 4249 939 4302 facile
964 4246 1099 4301 mihi
1129 4253 1251 4300 erat
1273 4246 1541 4315 proferre,
1566 4246 1661 4301 sed
1688 4262 2018 4317 supervaca-

442 4357 608 4396 neum
641 4338 967 4395 existimavi.

513 4430 720 4485 ERAN.
767 4429 1052 4484 Pollicitus
1088 4434 1139 4482 te
1185 4434 1558 4493 ostensurum,
1596 4428 1887 4484 Dominum
1918 4428 2016 4483 do-

2123 3230 2218 3285 τοῦ
2248 3230 2566 3301 Πνεύματος
2610 3233 2977 3304 ἐπιφοίτησιν,
3024 3230 3117 3286 καὶ
3164 3232 3260 3303 τὴν
3286 3232 3560 3303 Στεφάνου
3603 3234 3701 3288 τοῦ

2123 3324 2419 3393 νικηφόρου
2448 3322 2790 3378 κατάλευσιν.

2192 3415 2346 3468 ΟΡΘ.
2378 3408 2551 3478 Οὗτος
2583 3417 2713 3489 παρ’
2747 3416 2879 3470 αὐτὸ
2910 3415 3004 3470 τοῦ
3035 3415 3151 3487 βίου
3194 3416 3256 3470 τὸ
3281 3416 3436 3480 τέλος
3463 3417 3700 3488 ἐσχάτην

2121 3506 2349 3576 γράφων
2371 3507 2656 3579 ἐπιστολὴν
2684 3508 2934 3579 Τιμοθέῳ
2953 3508 3032 3579 τῷ
3062 3507 3297 3581 μαθητῇ,
3326 3510 3422 3563 καὶ
3445 3506 3553 3563 οἷόν
3576 3528 3701 3564 τινα

2121 3596 2321 3668 κλῆρον
2359 3597 2508 3666 αὐτῷ
2540 3598 2792 3669 πατρῷον
2837 3599 2980 3652 κατά
3026 3598 3289 3670 διαθήκας
3330 3601 3700 3672 παραδιδοὺς.

2121 3690 2215 3743 καί⁵
2258 3689 2435 3743 ταῦτα
2478 3689 2709 3743 τέθεικε·
2769 3708 2787 3741 ι
2824 3691 3150 3761 Μνημόνευε
3205 3691 3416 3763 Ἰησοῦν
3463 3693 3701 3763 Χριστὸν

2120 3780 2493 3852 ἐγηγερμένον
2523 3782 2586 3834 ἐκ
2618 3780 2828 3852 νεκρῶν
2852 3783 2916 3835 ἐκ
2939 3782 3252 3852 σπέρματος
3276 3783 3441 3836 Δαϐὶδ
3471 3783 3608 3837 κατὰ
3636 3784 3700 3837 τὸ

2120 3872 2616 3944 Εὑαγγέλιόνεμου.
2664 3893 2684 3926 ι
2738 3873 3016 3941 ’Υπέδειξε
3063 3874 3121 3927 δέ
3168 3874 3264 3929 καὶ
3308 3876 3377 3929 τὰ
3424 3877 3563 3946 ὑπὲρ
3602 3875 3697 3929 τοῦ

2120 3964 2453 4033 Εὕαγγελίου
2488 3964 2821 4035 παθήματα,
2871 3965 2966 4017 καὶ
3003 3963 3179 4037 ταύτῃ
3218 3965 3432 4030 δεικνὺς
3465 3968 3561 4038 τὴν
3601 3967 3695 4020 τοῦ

2120 4057 2453 4125 Εὐαγγελίου
2491 4056 2766 4124 ἀλήθειαν.
2801 4075 2820 4109 ι
2860 4057 2948 4110 Ἐν
2980 4052 3024 4124 ᾧ
3051 4056 3161 4127 γάρ
3181 4100 3194 4123 ,
3226 4056 3329 4129 ἔφη
3352 4098 3367 4120 ,
3398 4059 3699 4113 κακοπαθῶ

2123 4149 2286 4219 μέχρι
2312 4148 2533 4219 δεσμῶν
2560 4148 2637 4212 ὡς
2666 4148 2993 4218 κακοῦργος.
3031 4167 3050 4200 ι
3089 4148 3294 4213 Πολλὰς
3327 4150 3383 4203 δὲ
3414 4151 3505 4204 καὶ
3530 4151 3697 4215 ἄλλας

2117 4239 2329 4293 τοιάσδε
2378 4239 2683 4311 μαρτυρίας
2713 4240 2896 4310 ῥᾴδιον
2932 4236 3001 4313 ἦν
3038 4257 3127 4310 μοι
3164 4244 3525 4312 παραγαγεῖν,
3560 4242 3698 4297 άλλά

2118 4330 2388 4401 παρέλκον
2411 4330 2571 4384 τοῦτο
2602 4329 2884 4401 νενόμικα.
2906 4358 2921 4368 ο

2190 4420 2391 4475 EPAN.
2428 4421 2828 4492 ’Υποσχόμενος
2847 4422 3061 4488 δείξειν,
3085 4424 3175 4477 τὸν
3193 4425 3396 4495 Κύριον
3416 4424 3514 4496 τὴν
3536 4425 3691 4479 ἐλλείσ

442 4522 711 4585 etrinam,
759 4535 880 4588 qua:
928 4519 1089 4582 desit,
1145 4519 1433 4588 egentibus
1484 4534 1815 4588 proponere,
1867 4522 2014 4590 quod

2131 4529 2328 4567 πουσαν
2360 4512 2709 4566 διδασκαλίαν
2754 4513 3111 4584 προστιθέντα
3149 4516 3262 4578 τοῖς
3282 4515 3587 4585 δεομένοις,
3615 4517 3697 4570 ὅτι

442 4609 744 4667 Ρίιιιτὶεαξοε
785 4607 1007 4678 quidem
1058 4616 1111 4662 et
1152 4608 1392 4679 reliquos
1431 4609 1648 4664 Judatos
1672 4608 2015 4666 divinitatem

441 4719 595 4760 suam
624 4700 897 4764 docuerit,
928 4699 1111 4755 dixisti
1149 4718 1159 4753 :
1188 4700 1333 4771 quod
1361 4706 1375 4721 ’
1398 4717 1530 4759 vero
1557 4701 1723 4757 etiam
1756 4703 1823 4759 de
1850 4720 2014 4760 carne

440 4810 540 4850 sua
568 4791 911 4856 disseruerit,
944 4807 1053 4845 non
1084 4791 1390 4848 ostendisti.

508 4973 717 5030 ORTH.
746 4971 1002 5029 Omnium
1037 4971 1271 5027 maxime
1299 4987 1768 5043 supervacaneum
1798 4985 1917 5031 erat
1945 4976 2013 5041 de

438 5081 626 5128 carne,
663 5082 825 5136 quam
878 5066 1158 5129 videbant,
1207 5066 1498 5122 disserere.
1533 5068 1830 5124 Evidenter
1862 5069 2012 5124 enim

439 5154 529 5209 illa
560 5162 615 5208 et
640 5154 952 5218 comedens,
978 5164 1033 5209 et
1058 5155 1275 5220 bibens,
1293 5156 1638 5222 etlaborans,
1661 5168 1717 5214 et
1734 5158 2015 5215 dormiens

437 5245 785 5301 cernebatur.
819 5246 930 5317 99
982 5247 1257 5311 Attamen,
1312 5257 1373 5301 ut
1415 5247 1583 5301 multa
1639 5264 1703 5303 ea
1753 5259 1809 5303 et
1863 5250 2011 5304 varia

436 5336 708 5395 omittam,
734 5352 855 5405 qua:
881 5337 1188 5405 passionem
1222 5346 1640 5406 przecesserunt,
1675 5347 1799 5407 post
1819 5354 2004 5393 resur—

439 5425 736 5481 rectionem
769 5426 1068 5482 incredulis
1091 5428 1353 5498 apostolis
1384 5444 1489 5481 non
1515 5428 1877 5489 divinitatem.
1913 5430 2005 5484 sed

436 5518 831 5572 humanitatem
867 5520 1125 5573 ostendit.
1182 5540 1199 5573 ι
1230 5520 1423 5575 Videte
1453 5520 1621 5585 enim,
1657 5520 1855 5590 inquit,
1891 5538 2008 5574 ma-

2125 4606 2224 4678 μέν
2275 4608 2386 4670 τοῖς
2416 4605 2727 4678 Φαρισαίοις
2768 4606 2862 4660 καὶ
2892 4608 3004 4670 τοῖς
3032 4606 3210 4671 ἄλλοις
3250 4608 3540 4672 Ἰουδαίοις,
3568 4626 3634 4661 πε
3646 4610 3697 4676 pi.

2120 4700 2219 4769 τῆς
2267 4698 2474 4763 οἰκείας
2515 4697 2760 4769 διελέχθη
2810 4697 3095 4770 θεότητος,
3139 4701 3384 4771 εἴρηκας·
3418 4701 3499 4754 ὅτι
3544 4701 3601 4754 δέ
3632 4718 3696 4767 γε

2119 4792 2215 4845 καὶ
2244 4792 2342 4863 τὴν
2377 4792 2506 4862 περί
2541 4791 2644 4862 τῆς
2684 4789 2887 4862 σαρκὸς
2914 4789 3265 4844 διδασκαλίαν
3299 4793 3695 4863 προσήνεγκεν,

2118 4883 2217 4935 οὐκ
2241 4883 2549 4949 ἀπέδειξας.

2183 4973 2337 5027 ΟΡΘ.
2369 4973 2620 5028 Μάλιστα
2643 4974 2741 5044 μὲν
2767 4974 3019 5046 περιττὸν
3041 4970 3109 5045 ἦν
3137 4974 3388 5046 περὶτῆς
3411 4976 3695 5048 ὁρωμένης

2112 5064 2462 5135 διαλεχθῆναι
2510 5064 2746 5136 σαρκόςο
2822 5064 3071 5136 ἐναργῶς
3139 5067 3246 5138 γὰρ
3301 5068 3541 5139 ἑωρᾶτο,
3599 5070 3694 5121 καὶ

2112 5155 2366 5207 ἐσθίουσα
2398 5156 2491 5209 καὶ
2516 5155 2773 5219 πίνουσα,
2798 5156 2891 5209 καὶ
2910 5156 3177 5221 κοπιῶσα,
3206 5158 3300 5210 καὶ
3332 5158 3691 5212 καθεύδουσα.

2112 5244 2259 5315 Πλὴν
2296 5245 2467 5314 ὅμως,
2503 5245 2589 5297 ἵνα
2615 5244 2684 5298 τά
2712 5244 2819 5313 πρὸ
2842 5243 2934 5297 τοῦ
2963 5244 3170 5309 πάθους
3201 5246 3386 5318 παρῶ,
3421 5247 3593 5300 πολλά
3629 5264 3692 5315 γε

2112 5336 2240 5389 ὄντα
2294 5335 2389 5387 καὶ
2437 5334 2693 5407 διάφορα,
2738 5335 2877 5407 μετά
2922 5336 3022 5407 τὴν
3071 5336 3366 5389 ἀνάστασιν
3400 5335 3690 5390 ἀπιστοῦσι

2115 5435 2225 5496 τοῖς
2254 5431 2595 5497 ἀποστόλοις,
2621 5431 2682 5485 οὐ
2716 5431 2813 5504 τὴν
2834 5432 3085 5504 θεότητα,
3117 5432 3255 5487 ἀλλά
3283 5434 3380 5505 τὴν
3404 5434 3500 5487 ἀνθ
3511 5434 3690 5505 ρωπό-

2116 5537 2255 5589 τητα
2301 5518 2488 5583 ἔδειξε·
2541 5536 2560 5571 ι
2594 5520 2831 5575 Βλέπετε
2869 5520 3006 5592 γὰρ,
3036 5523 3197 5592 φησι,
3224 5523 3324 5586 τάς
3366 5524 3552 5594 χεῖράς
3586 5542 3691 5595 μου

514 5714 552 5745 ¹¹
588 5712 778 5768 Matth.
817 5729 925 5781 XXI,
956 5715 1008 5770 9.
1091 5716 1130 5746 "
1162 5716 1294 5771 Luc.
1334 5734 1441 5783 xix,
1468 5719 1552 5772 40.
1631 5719 1671 5751 ¹³
1702 5718 1745 5772 ll
1783 5717 1923 5771 Tim.
1956 5732 2012 5782 ιι,

2173 5717 2213 5748 ³⁸⁸
2242 5716 2377 5771 ibid.
2408 5715 2459 5770 9.
