4006 6202
355 230 450 298 I37

1408 230 1784 291 DIALOGUS
1824 230 1906 289 II.
1944 255 2016 266 -ο
2057 230 2551 292 INCONFUSUS.

3502 236 3599 301 138

351 341 443 395 καὶ
470 340 594 401 τοὺς
623 338 789 399 πόδας
820 353 945 407 μου,
973 334 1054 388 ὅτι
1083 334 1244 398 αὐτὸς
1270 335 1380 404 ἐγώ
1401 338 1540 407 εἰμι·
1564 337 1921 409 ψηλαφήσατέ

2048 354 2135 393 ius
2183 354 2332 394 nicas
2370 348 2428 394 et
2479 338 2644 409 pedes
2668 353 2838 403 meos,
2870 340 2997 409 quia
3022 354 3122 411 ego
3152 356 3265 411 ipse
3301 358 3442 399 sum.
3480 347 3602 402 Pal-

350 451 438 503 με,
471 434 562 486 καὶ
590 432 728 484 ῐδετε
745 473 761 497 ,
784 431 867 483 ὅτι
900 426 1120 498 πνεῦμα
1145 426 1324 498 σάρκα
1348 429 1443 481 καὶ
1465 427 1632 483 ὀστέα
1662 430 1762 486 οὐκ
1790 429 1923 499 ἔχει,

346 523 529 589 καθὼς
562 521 664 593 ἐμὲ
692 521 947 593 Θεωρεῖτε
970 518 1186 589 ἔχοντα.
1220 536 1239 569 ι
1283 517 1414 571 Ἰδού
1447 534 1530 571 σοι
1559 518 1926 590 πεπληρώκα-

344 632 449 685 μεν
478 611 577 682 τὴν
609 612 923 682 ὑπόσχεσινο
947 608 1232 679 ἐδείξαμεν
1263 609 1374 679 γὰρ
1402 612 1515 674 τοῖς
1544 610 1642 679 μὲν
1672 608 1926 679 ἀγνοοῦσι

341 707 446 776 τὴν
475 704 732 773 θεότητα,
762 702 860 773 τὴν
888 701 1018 772 περὶ
1049 700 1257 770 ταύτης
1296 700 1751 771 προσενεχθεῖσαν
1785 700 1928 755 διδα-

342 796 596 850 σκαλίαν·
625 798 737 858 τοῖς
758 794 816 846 δὲ
836 792 1123 846 ἀπιστοῦσι
1149 794 1212 863 τῇ
1240 791 1341 862 τῆς
1370 792 1570 863 σαρκὸς
1605 793 1925 857 ἀναστάσει,

337 887 549 957 ταύτην
581 884 1001 955 ἐπιδειχθεῖσαν·
1030 882 1237 937 παῦσαι
1260 883 1437 936 τοίνυν
1471 882 1811 951 φιλονεικῶν,
1834 883 1928 936 καὶ

340 980 445 1042 τὰς
474 979 571 1031 δύο
601 976 696 1030 τοῦ
720 978 974 1048 Σωτῆρος
999 974 1338 1045 όμολόγησαι
1368 974 1579 1044 φύσεις.

419 1068 623 1123 EPAN.
663 1068 769 1122 Δύο
799 1067 908 1138 πρὸ
950 1069 1047 1136 τῆς
1076 1065 1323 1128 ἑνώσεως
1366 1061 1538 1136 ἦσαν·
1576 1065 1926 1119 συνελθοῦσαι

334 1163 400 1216 δὲ
434 1162 563 1231 μίαν
592 1160 926 1214 ἀπετέλεσαν
959 1159 1142 1226 φύσιν.

415 1250 566 1303 ΟΡΘ.
603 1249 737 1302 Πότε
766 1248 824 1302 δὲ
854 1250 959 1318 φὴς
986 1247 1316 1317 γεγενῆσθαι
1345 1247 1442 1318 τὴν
1476 1247 1669 1305 ἕνωσιν
1699 1265 1712 1311 ;

422 1339 627 1392 EPAN.
662 1338 840 1401 Εὐθὺς
861 1336 972 1406 ἐγὼ
1000 1337 1144 1405 λέγω
1176 1337 1330 1407 ποιρά
1357 1336 1456 1408 τὴν
1492 1336 1776 1406 σύλληψιν.

418 1429 569 1484 ΟΡΘ.
601 1430 706 1482 Τὸν
733 1429 793 1482 δὲ
820 1428 952 1482 Θεὸν
969 1428 1152 1497 ,Λόγον
1170 1428 1231 1481 οὐ
1263 1428 1638 1499 προϋπάρχειν
1668 1428 1768 1497 τῆς
1804 1430 1929 1482 συλο

336 1522 560 1592 λήψεως
586 1520 799 1589 λέγεις;

418 1613 619 1666 ΕΡΑΝ.
654 1610 891 1683 Πρδτῶν
919 1610 1127 1665 αἰώνων
1155 1606 1293 1665 εἷναί
1318 1629 1480 1684 φημι.

421 1705 574 1759 ΟΡΘ.
616 1705 728 1776 Τὴν
764 1703 821 1758 δὲ
849 1703 1026 1774 σάρκα
1056 1704 1421 1774 συνυπάρχειν
1457 1705 1643 1776 αὐτῷ;

421 1796 623 1849 EPAN.
659 1797 736 1849 oo
767 1795 924 1864 δῆτα.
1504 1849 1514 1858 _

425 1890 575 1942 ΟΡΘ.
617 1887 756 1940 Ἀλλ’
787 1890 851 1940 ὲκ
880 1886 1196 1959 11νεύματος
1217 1888 1377 1955 ἁγίου
1408 1888 1545 1958 μετά
1578 1889 1675 1959 τὴν
1712 1887 1806 1939 τοῦ
1833 1888 1930 1955 ἀγ-

344 1980 519 2048 γέλου
549 1979 942 2049 διαπλασθῆναι
974 1982 1318 2052 πρόρρησιν;

433 2071 634 2124 EPAN.
666 2069 849 2133 Οὕτως
880 2070 1043 2141 φημί.

430 2163 579 2216 ΟΡΘ.
621 2162 828 2216 οὐκοῦν
859 2163 922 2215 ού
950 2162 1045 2216 δύο
1074 2160 1217 2235 ἦσαν
1261 2163 1365 2235 πρὸ
1411 2163 1511 2232 τῆς
1550 2163 1795 2228 ἑνώσεως
1830 2164 1931 2233 φύ-

344 2272 488 2319 σεις,
520 2253 653 2307 ἀλλά
686 2252 786 2324 μία
818 2252 976 2325 μόνη.
1012 2253 1076 2307 Ei
1096 2253 1205 2325 γὰρ
1238 2255 1588 2326 προῦπάρχει
1621 2256 1719 2325 μὲν
1744 2258 1777 2325 ἡ
1811 2256 1932 2309 θεό-

343 2364 473 2415 της,
502 2348 536 2416 ἡ
562 2345 618 2399 δέ
643 2362 708 2413 γε
745 2345 1101 2418 ἀνθρωπότης
1126 2347 1186 2399 ού
1231 2347 1572 2418 συνυπάρχει
1594 2364 1605 2377 ’
1636 2346 1928 2417 διεπλάσθη

341 2436 461 2507 γὰρ
492 2436 631 2507 μετά
661 2436 752 2489 τὸν
787 2435 1078 2505 ἀγγελικὴν
1128 2437 1439 2507 ἀσπασμὸν,
1480 2437 1749 2507 συνῆπται
1786 2438 1843 2491 δὲ
1864 2441 1928 2509 τῇ

337 2525 638 2582 δισπλάσει
663 2531 697 2599 ἡ
728 2529 922 2592 ἓνωσις
942 2546 955 2559 ·
986 2529 1085 2597 μία
1107 2528 1218 2598 ἄρα
1239 2528 1401 2597 φύσις
1424 2530 1530 2600 πρὸ
1557 2531 1658 2602 τῆς
1685 2530 1931 2596 ἑνώσεως

338 2615 443 2691 ἦν,
465 2621 499 2689 ὴ
527 2620 615 2672 ἀεὶ
643 2615 795 2679 οὖσα.
827 2621 923 2673 καὶ
945 2619 1053 2691 πρὸ
1077 2618 1183 2672 τῶν
1215 2618 1428 2673 αἰώνων
1451 2616 1606 2676 οὖσα.
1641 2621 1801 2674 Ἀλλά
1823 2622 1933 2693 γὰρ

340 2711 449 2765 καὶ
482 2706 633 2775 αὖθις
686 2712 818 2766 αὐτὸ
846 2710 1004 2765 τοῦτο
1043 2712 1429 2783 σκοπήσωμεν.
1477 2714 1588 2783 Τὴν
1633 2715 1929 2785 σάρκωσιν,

341 2806 524 2873 ἤγουν
571 2803 1005 2873 ἐνανθρώπησιν,
1065 2803 1192 2858 ἀλλο
1243 2823 1294 2858 τι
1334 2804 1576 2877 νομίζεις
1628 2806 1779 2876 ’παρἀ
1832 2807 1931 2877 τὴν

341 2897 586 2960 ἓνωσιν;

426 2990 627 3043 BPAN.
655 2990 810 3060 Οὐχί.

425 3079 579 3133 υΡΘ.
611 3080 800 3150 Σάρκα
828 3079 939 3151 γὰρ
964 3079 1287 3152 προσλαϐὼν
1320 3081 1633 3155 ὲσαρκώθη.

424 3167 627 3223 EPAN.
651 3168 927 3224 Φαίνεται.

425 3261 577 3314 ΟΡΘ.
614 3262 891 3332 Συνῆπται
916 3262 974 3316 δὲ
1008 3265 1073 3335 τῇ
1100 3263 1407 3333 προσλήψει
1441 3264 1722 3336 ἡένωσις;

425 3355 632 3409 ΕΡΛΝ.
662 3353 818 3409 Οὕτω
850 3355 1013 3424 λέγω.

425 3448 580 3502 ΟΡθ.
616 3449 731 3502 Μία
760 3445 853 3503 οὖν
897 3448 1060 3518 φύσις
1086 3447 1193 3520 πρὸ
1212 3448 1310 3520 τῆς
1350 3448 1811 3523 ἐνανθρωπήσεως
1840 3444 1927 3519 ἦν.

348 3542 424 3595 Εἰ
458 3540 571 3608 γὰρ
612 3539 806 3592 ταύτὸν
848 3539 1043 3603 ἓνωσίς
1074 3556 1134 3592 τε
1161 3540 1255 3592 καὶ
1304 3539 1735 3613 ὲνανθρώπησις,
1774 3542 1930 3610 ἐνην-

347 3633 621 3705 θρώπησε
651 3633 708 3685 δὲ
752 3630 850 3703 τὴν
880 3632 1226 3703 ἀνθρωπείαν
1257 3636 1420 3704 φύσιν
1449 3632 1649 3698 λαϐὼν,
1681 3632 1839 3688 ἔλαϐε
1875 3634 1933 3688 δὲ

350 3729 393 3798 ἡ
432 3725 531 3780 τοῦ
567 3722 704 3779 θεοῦ
741 3724 923 3796 μορφὴ
955 3724 1054 3795 τὴν
1089 3724 1182 3778 τοῦ
1215 3725 1400 3778 δούλου
1435 3727 1670 3796 μορφὴν,
1704 3726 1801 3795 μία
1827 3726 1934 3798 ἄρα

348 3820 525 3889 φύσις
549 3820 584 3887 ἡ
611 3817 730 3870 θεία
755 3816 864 3886 πρὸ
894 3815 992 3885 τῆς
1022 3815 1267 3879 ὲνώσεως
1288 3812 1378 3887 ἦν.

330 3934 337 3943 ο
428 3909 638 3964 EPAN.
678 3910 792 3964 Καὶ
823 3907 942 3972 πῶς
972 3908 1169 3962 ταύτὸν
1197 3908 1390 3970 ἓνωσίς
1429 3924 1489 3960 τε
1530 3908 1625 3961 καὶ
1664 3907 1935 3979 ὲνανθρώο

351 4019 529 4074 arma:
547 4020 562 4067 ;

354 4126 360 4131 ρ
428 4094 584 4148 ΟΡΘ.
620 4091 1083 4165 Συνωμολόγησας
1108 4091 1311 4162 ἀρτίως
1353 4091 1428 4161 μὴ
1460 4089 1740 4161 διαφέρειν
1773 4092 1933 4145 ’ταυτὶ¹

343 4186 428 4242 τὰ
452 4186 714 4256 ὀνόματα.

430 4277 635 4332 ΕΡΑΝ.
674 4278 801 4341 Τοῖς
831 4279 943 4341 σοῖς
974 4294 1038 4348 με
1063 4274 1430 4348 παρεκρούσω
1456 4275 1856 4347 συλλογισμοῖς.

2026 438 2151 498 pate
2188 446 2295 495 me,
2344 440 2400 484 et
2445 430 2649 494 videte,
2705 431 2833 499 quia
2876 432 3103 501 spiritus
3141 447 3361 489 carnem
3391 444 3448 488 et
3475 450 3600 492 ossa

2025 535 2133 574 non
2169 520 2355 585 habet,
2385 522 2528 575 sicut
2555 537 2641 576 me
2670 522 2869 578 videtis
2905 522 3110 578 habere
3144 524 3206 577 ³³.
3244 542 3261 575 ι
3311 525 3453 580 Ecce
3500 527 3604 581 im-

2027 611 2298 679 plevimus
2325 613 2470 681 quod
2508 614 2736 682 polliciti
2762 629 2973 669 sumus.
2997 613 3350 671 Ostendimus
3384 617 3452 672 iis
3481 619 3605 687 qui-

2026 700 2151 755 dem
2197 703 2291 770 qui
2347 703 2691 758 divinitatem
2742 705 3087 774 ignorabant,
3143 706 3401 761 traditam
3437 708 3506 762 de
3538 723 3604 763 ea

2026 790 2332 848 doctrinam
2360 812 2375 860 ;
2402 794 2471 848 iis
2499 810 2632 849 vero
2662 796 2755 864 qui
2781 796 2963 850 carnis
2984 797 3461 852 resurrectionem
3493 814 3603 852 non

2026 883 2345 947 credebant,
2401 886 2544 941 banc
2591 888 2914 956 expositam.
2959 888 3124 943 Cessa
3172 888 3341 958 igitur
3372 896 3603 943 conten-

2027 974 2177 1038 dere,
2213 984 2269 1029 ct
2291 977 2425 1031 duas
2458 976 2763 1033 Servatoris
2787 988 3010 1033 naturas
3035 978 3316 1034 confitere.

2098 1064 2306 1119 ERAN.
2342 1067 2470 1121 Dua:
2508 1076 2666 1121 erant
2693 1076 2819 1123 ante
2868 1070 3144 1134 unionem,
3178 1070 3443 1139 copulate
3471 1084 3603 1123 vero

2030 1170 2194 1210 unam
2232 1156 2535 1211 cll'eccrunt
2557 1166 2831 1213 naturam.

2099 1244 2307 1300 ORTII.
2333 1246 2563 1312 Quando
2588 1257 2770 1302 autem
2792 1248 2929 1304 dicis
2947 1247 3142 1302 factam
3164 1263 3285 1302 esse
3308 1247 3604 1303 unionem?

2099 1335 2307 1390 ERAN.
2342 1336 2536 1390 Statim
2575 1337 2627 1391 in
2652 1337 2765 1407 ipsa
2792 1338 2914 1392 dico
2942 1338 3324 1407 conceptione.

2099 1426 2308 1482 ORTH.
2343 1428 2514 1482 Deum
2547 1437 2731 1484 autem
2767 1430 3010 1485 Verbum
3049 1430 3261 1485 dicisne
3308 1438 3433 1485 ante
3468 1444 3602 1483 cou-

2030 1520 2335 1587 ceptionem
2372 1535 2479 1574 non
2502 1520 2670 1575 fuisse
2694 1521 2717 1573 ἵ

2101 1610 2307 1664 ERAN.
2337 1610 2475 1666 Ante
2500 1612 2697 1667 saecula
2723 1628 2843 1668 esse
2866 1612 3010 1669 dico.

1961 1682 2002 1735 Β
2100 1699 2309 1755 ORTH.
2339 1701 2571 1757 Carnem
2595 1719 2727 1758 vero
2750 1720 2967 1774 semper
2990 1720 3115 1761 cum
3142 1706 3234 1762 illo
3258 1724 3367 1763 una
3393 1709 3559 1768 fuisse
3582 1711 3606 1765 τ

2101 1791 2308 1846 ERAN.
2343 1793 2719 1862 Nequaquam.

2102 1880 2310 1936 ORTlI.
2344 1882 2451 1936 Sed
2488 1899 2518 1937 a
2564 1883 2773 1953 Spiritu
2805 1893 2994 1941 sancto
3026 1895 3151 1956 post
3190 1890 3368 1960 angeli
3402 1891 3608 1947 saluta-

2035 1970 2240 2024 tionem
2274 1971 2558 2027 formatam
2595 1989 2717 2028 esse
2746 1974 2768 2026 ζ’

2104 2059 2310 2113 ERAN.
2344 2060 2434 2114 Sic
2462 2062 2661 2116 sentio.

2101 2149 2310 2205 ORTH.
2346 2151 2464 2205 Non
2494 2167 2625 2223 ergo
2655 2153 2777 2209 dua:
2810 2164 3020 2211 natura:
3047 2155 3276 2213 fuerunt
3297 2169 3424 2217 ante
3443 2164 3609 2219 unio-

2025 2258 2179 2307 nem,
2209 2243 2303 2298 sed
2332 2251 2544 2299 tantum
2578 2262 2705 2300 una.
2754 2246 2810 2301 Si
2841 2248 2986 2302 enim
3016 2251 3170 2319 prius
3197 2250 3303 2307 fuit
3324 2253 3607 2321 divinitas.

2031 2328 2344 2385 humanitas
2388 2340 2570 2387 autem
2600 2349 2709 2388 non
2733 2334 2895 2389 simul
2927 2335 3031 2392 fuit
3059 2338 3311 2407 (formata
3338 2343 3487 2398 enim
3524 2355 3611 2401 est

2032 2429 2156 2491 post
2182 2423 2565 2479 salutationem
2593 2426 2915 2496 angelicam,
2938 2428 3177 2486 cobteret
3201 2438 3387 2487 autem
3401 2434 3607 2491 forma-

2033 2510 2169 2564 tioni
2207 2512 2383 2581 unio),
2414 2528 2521 2567 una
2557 2513 2723 2583 igitur
2749 2524 2946 2570 natura
2992 2525 3119 2572 ante
3165 2521 3424 2577 unionem
3477 2524 3605 2589 fuit,

2032 2618 2154 2673 qua:
2180 2620 2395 2674 semper
2420 2613 2523 2670 est,
2550 2614 2605 2660 ct
2644 2616 2771 2662 ante
2799 2609 2994 2663 saecula
3036 2611 3271 2666 exsistit.
3314 2613 3607 2671 Verumta-

2032 2711 2157 2751 men
2192 2697 2349 2766 ιοο
2372 2697 2477 2752 hoc
2507 2697 2684 2768 ipsum
2716 2699 2898 2754 denuo
2927 2700 3341 2758 consideremus
3381 2722 3393 2756 :
3427 2706 3609 2760 lncar-

2032 2787 2344 2852 nationem,
2403 2802 2503 2841 seu
2563 2796 2775 2843 natura:
2834 2788 3087 2844 humanae
3160 2793 3603 2861 susceptionem,

2033 2879 2254 2934 aliudne
2280 2890 2442 2949 putas
2470 2894 2590 2935 esse
2616 2896 2780 2950 quam
2821 2881 3125 2936 unionem?

2102 2969 2311 3024 ΕιιΑΝ.
2343 2970 2483 3024 Νοη.

2103 3058 2336 3115 'ORTH.
2363 3058 2600 3115 Carnem
2623 3058 2772 3114 enim
2796 3061 3129 3118 assumendo
3157 3063 3474 3123 incarnatus
3495 3078 3602 3126 est.

2097 3153 2307 3209 ERAN.
2332 3152 2584 3208 Videtur.

2096 3245 2307 3301 ORTH.
2338 3242 2661 3299 Cobazretne
2692 3250 2876 3299 autem
2899 3245 3261 3317 assumptioni
3284 3249 3463 3304 unio?

2101 3338 2307 3393 ERAN.
2333 3337 2411 3393 Ita
2437 3337 2582 3393 dico.

2099 3429 2313 3485 ORTH.
2347 3428 2467 3485 Una
2501 3443 2632 3500 ergo
2656 3438 2851 3483 natura
2875 3439 3002 3485 ante
3022 3430 3457 3489 incarnationem
3479 3433 3606 3491 fuit.

2029 3522 2165 3576 Nam
2214 3521 2259 3576 si
2309 3537 2480 3575 unum
2520 3529 2649 3575 sunt
2683 3521 2989 3575 incarnatio
3018 3530 3075 3575 et
3102 3522 3254 3588 unio,
3293 3524 3607 3581 incarnatus

2031 3621 2212 3667 autem
2244 3620 2328 3667 est
2358 3619 2612 3665 naturam
2636 3611 2932 3677 humanam
2953 3627 3257 3678 assumens,
3280 3617 3607 3684 assumpsit-

2030 3719 2141 3775 que
2169 3702 2267 3758 Dei
2296 3701 2474 3756 forma
2509 3701 2653 3755 servi
2689 3700 2942 3763 formam,
2969 3715 3074 3754 una
3097 3702 3266 3772 igitur
3290 3704 3476 3759 divina
3508 3721 3606 3759 na-

2034 3806 2157 3851 tura
2184 3802 2311 3848 ante
2346 3790 2608 3845 unionem
2640 3788 2764 3844 fuit.

2101 3883 2310 3940 ERAN.
2360 3881 2429 3936 Et
2468 3879 2745 3951 quomodo
2778 3878 2922 3935 idem
2962 3889 3093 3936 sunt
3117 3880 3250 3936 unio
3273 3891 3328 3937 et
3354 3883 3608 3940 incarna-

2035 3975 2155 4029 tio?

2104 4066 2313 4122 ORTH.
2334 4064 2504 4119 Paulo
2537 4072 2664 4117 ante
2688 4060 2975 4118 confessus
2998 4078 3077 4128 es,
3102 4063 3220 4119 haec
3246 4065 3468 4120 nomina
3496 4080 3608 4121 non

2035 4158 2276 4214 dilferre.
3046 4164 3053 4172 '

2106 4252 2313 4307 EBAN.
2351 4250 2433 4304 Tu
2456 4264 2542 4304 me
2578 4247 2689 4304 tuis
2717 4246 3230 4303 ratiocinationibus
3249 4248 3536 4318 decepisti.

426 4367 582 4422 0P6.
614 4366 718 4420 Τὸν
746 4339 1053 4433 αῦτὺν-οῦν,
1088 4339 1341 4428 atoma-si,
1370 4366 1533 4420 πάλιν
1564 4339 1927 4438 ἀνάλάσωμεν

2107 4342 2317 4399 ORTH.
2351 4340 2618 4396 Eumdem
2642 4339 2829 4411 igitur,
2853 4340 2898 4395 si
2920 4339 3117 4409 placet,
3153 4348 3466 4410 repetamus
3492 4357 3607 4397 ser-

345 4461 538 4531 λόγον.

427 4551 631 4605 EPAN.
661 4550 837 4604 Τοῦτο
863 4550 1138 4621 ποιητέον.

427 4642 582 4697 υΡΘ.
632 4642 700 4693 Ἥ
734 4642 1006 4712 σάρκωσις
1029 4640 1169 4711 πρὸς
1189 4640 1287 4712 τὴν
1309 4641 1502 4695 ἕνωσιν
1531 4641 1641 4712 ἔχει
1668 4640 1932 4713 διαφορὰν

348 4732 504 4786 κατὰ
534 4731 631 4802 τὴν
662 4731 774 4802 (37)
801 4729 897 4783 τοῦ
927 4732 1252 4802 πράγματος
1290 4732 1456 4800 φύσιν
1486 4749 1501 4798 ;

429 4822 634 4876 EPAN.
676 4822 944 4891 Πλείστην
970 4823 1067 4893 μὲν
1092 4819 1209 4877 οὖν.

428 4914 581 4969 ΟΡΘ.
606 4913 825 4978 Δίδαξον
857 4914 926 4967 τά
963 4915 1075 4986 εἴδη
1117 4915 1318 4987 ταύτης
1347 4915 1615 4984 ἀφθόνως.

432 5005 636 5058 ΕΡΔΝ.
676 5006 787 5059 Καὶ
812 5005 976 5068 αὐτὸς
1020 5005 1129 5058 τῶν
1162 5007 1444 5076 ὀνομάτων
1477 5010 1506 5061 ὁ
1530 5007 1655 5071 νοῦς
1698 5007 1849 5077 δηλοῖ
1874 5007 1936 5060 τὸ

351 5097 637 5168 διάφορον.
692 5097 755 5150 Ἦ
793 5098 891 5167 μὲν
926 5098 1035 5168 γὰρ
1086 5098 1361 5169 σάρκωσις
1408 5098 1508 5169 τῆς
1552 5103 1753 5171 σαρκὸς
1786 5100 1939 5170 δηλοῖ

353 5188 459 5256 τὴν
500 5186 767 5256 ἀνάληψιν
794 5205 807 5219 ·
841 5190 875 5258 ἡ
899 5188 956 5241 δέ
988 5205 1051 5257 γε
1086 5188 1280 5252 ἓνωσις
1300 5231 1313 5256 ,
1346 5190 1443 5260 τὴν
1473 5192 1580 5243 τῶν
1625 5192 1934 5246 διεστώτων

359 5280 678 5347 σννὲιφειαν.

412 5479 459 5511 ⁸⁸
490 5479 625 5534 Luc.
654 5494 802 5542 xxiv,
834 5479 929 5537 59.

435 5633 549 5705 ('57)
575 5636 703 5707 Τήν.
734 5634 831 5690 Ed.
858 5635 1014 5689 Rom.
1043 5639 1099 5688 et
1118 5633 1267 5703 Lips.
1302 5646 1489 5701 prtem.
1519 5629 1740 5700 ταύτην.

688 5730 956 5788 ΡΑτιιοι..
1000 5732 1111 5789 Gn.
1162 5725 1477 5786 LXXXIII.

2113 4616 2326 4675 ORTll.
2360 4615 2627 4671 Diﬂ‘ertne
2654 4612 2957 4667 incamatio
2978 4612 3047 4668 ab
3071 4614 3274 4669 unione
3305 4612 3611 4668 secundum

2041 4714 2121 4768 rei
2154 4719 2404 4766 naturam
2427 4708 2451 4759 ?

2107 4818 2312 4874 ERAN.
2348 4816 2651 4871 Plurimum
2681 4813 2885 4867 diﬂ'ert.

2108 4912 2316 4967 ORTH.
2345 4909 2569 4979 Explica
2592 4907 2766 4962 fusius
2806 4907 2947 4962 hanc
2976 4907 3363 4963 dill‘erentiam.

2110 5003 2317 5060 ERAN.
2371 5003 2488 5072 Ipsa
2550 5000 2833 5055 nominum
2900 4998 3257 5070 intelligentia
3311 4998 3609 5055 discrimen

2042 5096 2302 5153 ostendit.
2351 5092 2659 5150 lncarnatio
2705 5092 2851 5145 enim
2874 5091 3055 5145 carnis
3086 5091 3510 5162 assumptioncm
3537 5091 3612 5145 si-

2041 5189 2289 5261 gniﬁcat;
2325 5188 2458 5242 unio
2503 5201 2655 5251 vero,
2692 5199 2877 5239 rerum
2926 5182 3324 5254 disjunctarum
3371 5186 3608 5255 conjun-

2039 5283 2275 5337 ctioncm
2286 5322 2298 5333 .
