4006 6202
379 186 481 246 139

1367 164 1850 228 THEODORETI
1894 159 2231 219 EPKSCOPI
2268 157 2633 218 CYRENSIS

3538 143 3636 212 140

444 292 651 352 ORTH.
691 286 1068 361 Antiquiorem
1105 297 1237 339 vero
1276 282 1480 336 unione
1508 276 1942 333 incarnationem

2121 271 2271 321 ΟΡΘ.
2304 267 2689 339 Πρεσὸυτέραν
2716 264 2769 317 δὲ
2802 260 2898 333 τὴν
2936 259 3212 330 σάρκωσιν
3242 257 3341 327 τῆς
3382 256 3635 320 ὲνὼσεως

377 387 557 443 dicis?

443 475 649 532 ERAN.
686 473 927 528 Minime.

449 570 603 639 ιοι
653 564 862 621 ORTH.
913 561 1020 617 Sed
1067 558 1123 613 in
1178 555 1538 625 conceptione
1588 552 1782 607 faclam
1832 562 1951 601 esse

374 664 636 717 unionem
664 658 687 711 ?

448 751 654 808 ERAN.
690 748 783 803 Sic
802 745 1077 802 existimo.

448 842 657 898 ORTH.
684 840 741 895 Si
770 855 904 909 ergo
926 853 994 892 ne
1022 843 1284 907 punctum
1317 830 1538 901 quidem
1575 824 1835 895 temporis
1872 824 1955 876 in-

384 936 671 1005 terjectum
715 932 819 985 fuit
872 931 1015 983 inter
1055 924 1483 994 assumptionem
1508 918 1689 974 carnis
1714 926 1768 970 et
1794 915 1958 969 unio-

381 1040 531 1088 nem,
557 1032 613 1078 et
641 1028 919 1091 assumpta
946 1028 1141 1073 natura
1168 1032 1276 1070 non
1304 1015 1408 1067 fuit
1449 1022 1572 1065 ante
1623 1007 1959 1076 assumptio-

2054 362 2230 428 λέγεις
2249 376 2265 425 ;

2124 451 2326 506 ΕΡΛΝ.
2362 450 2435 503 Uti
2466 449 2623 520 δῆτα.

2124 540 2277 596 ΟΡΘ.
2351 538 2491 591 ’Λλλ’
2558 537 2616 587 ὲν
2664 537 2729 605 τῇ
2794 530 3050 602 συλλήψει
3129 527 3461 598 γεγενῆσθαι
3540 527 3641 597 τὴν

2054 634 2250 686 ἕνωσιν
2269 647 2285 698 ;

2126 725 2329 778 ΕΡΛΝ.
2375 722 2531 776 Οῦτω
2570 738 2642 789 φη
2654 718 2733 791 μί.

2127 816 2275 868 ΟΡΘ.
2310 812 2520 866 Οὐκοῦν
2546 813 2593 863 εί
2632 810 2766 881 μηδὲ
2793 807 2854 861 τὸ
2882 806 3175 877 ἀκαριαῖον
3204 802 3298 857 τοῦ
3327 803 3521 874 χρόνου
3543 796 3647 866 τῆς

2056 910 2273 980 λήψεως
2341 907 2440 976 τῆς
2495 903 2695 974 σαρκὸς
2742 901 2837 955 καὶ
2888 899 2988 969 τῆς
3028 898 3275 960 ὲνώσεως
3350 896 3645 965 γεγένηται

2062 1004 2242 1073 μέσον,
2272 1002 2305 1071 ἡ
2341 1000 2396 1051 δὲ
2442 996 2709 1067 ληφθεῖσα
2740 993 2900 1062 φύσις
2939 993 2999 1045 ού
3050 990 3373 1062 προϋπῆρχε
3416 988 3515 1058 τῆς
3540 986 3642 1058 λή-

382 1132 511 1172 nem
559 1126 615 1170 et
666 1114 929 1168 unionem
967 1110 1238 1181 (eamdem
1289 1106 1439 1161 enim
1481 1118 1596 1156 rem
1649 1099 1961 1170 significant

2105 1108 2202 1153 εως
2248 1090 2341 1142 καὶ
2382 1075 2856 1147 ἐνώσεωςέαύτὸ
2891 1080 2989 1151 μὲν
3022 1082 3255 1151 πρᾶγμα
3308 1077 3643 1147 σημαίνουσι

379 1206 688 1263 incarnatio
717 1213 772 1260 et
799 1203 976 1275 unio),
1002 1217 1112 1256 una
1136 1200 1301 1271 igitur
1326 1203 1521 1251 natura
1543 1202 1667 1247 ante
1703 1190 1960 1245 unionem

2105 1182 2337 1255 ἀρκωσίς
2366 1196 2425 1231 τε
2463 1176 2554 1230 καὶ
2585 1176 2807 1236 ἓνωσις·
2849 1172 2947 1242 μία
2979 1171 3035 1223 δὲ
3071 1171 3180 1240 ἄρα
3213 1168 3375 1238 φύσις
3401 1166 3506 1238 πρὸ
3540 1166 3643 1235 τῆς

380 1315 483 1356 seu
530 1296 965 1354 incarnationem
1010 1292 1135 1357 fuit,
1191 1296 1315 1360 post
1365 1286 1623 1341 unionem
1666 1296 1798 1336 vero
1826 1279 1964 1334 duas

2105 1274 2308 1334 μώσεως
2336 1272 2503 1340 ἤγουν
2536 1263 2868 1337 σαρκώσεως
2906 1258 2997 1332 ἦν,
3030 1262 3169 1331 μετὰ
3196 1261 3254 1314 δέ
3278 1278 3343 1328 γε
3366 1261 3467 1331 τὴν
3505 1258 3645 1311 ἕνω-

377 1391 569 1448 dieere
590 1388 869 1453 convenit,
896 1392 1267 1443 assumeutem
1300 1389 1357 1436 et
1388 1383 1746 1446 assumptam.

453 1569 661 1626 ERAN.
714 1568 795 1623 Ex
837 1564 1054 1621 duabus
1090 1560 1306 1616 naturis
1333 1557 1460 1613 dico
1489 1553 1795 1615 Christum,
1827 1549 1965 1604 duas

384 1676 519 1717 vero
541 1666 772 1713 naturas
791 1671 903 1711 non
935 1655 1081 1709 dico.

451 1749 663 1806 ORTH.
683 1747 905 1802 Declara
927 1745 1109 1808 nobis,
1128 1742 1403 1812 quomodo
1419 1758 1485 1796 ex
1518 1740 1734 1795 duabus
1759 1738 1969 1791 naturis

385 1844 559 1908 dicas,
582 1856 653 1895 an
687 1849 748 1894 ut
770 1845 1057 1908 argentum
1087 1849 1222 1888 auro
1246 1834 1466 1899 illitum,
1499 1840 1559 1886 ut
1603 1830 1789 1885 electri
1821 1844 1971 1883 com-

387 1932 741 2005 positionem,
782 1935 843 1982 ut
871 1926 1069 1981 collam
1115 1939 1182 1979 ex
1233 1922 1459 1992 plumbo
1505 1928 1560 1974 et
1598 1928 1793 1973 stanno
1834 1932 1971 1971 con-

388 2025 571 2079 ﬂatam
591 2022 614 2075 ?
999 2031 1002 2034 ’

458 2113 667 2171 ERAN.
692 2110 840 2165 Nulli
873 2106 1071 2162 horum
1096 2104 1329 2159 similem
1355 2120 1474 2159 esse
1496 2105 1619 2159 dico
1643 2104 1783 2156 hanc
1806 2101 1969 2155 unio-

390 2220 537 2260 nem.
585 2202 767 2257 Verbo
816 2199 961 2254 enim
987 2194 1250 2265 explicari
1277 2209 1386 2247 non
1423 2202 1621 2263 potest,
1657 2204 1712 2247 et
1750 2208 1968 2246 omnem

390 2301 614 2367 superat
646 2289 1084 2360 intelligentiam.

461 2382 673 2439 ORTH.
712 2379 906 2433 Fateor
939 2386 996 2431 et
1047 2389 1149 2445 ego
1179 2372 1570 2441 comprehendi
1606 2374 1620 2390 ⁸
1654 2386 1763 2425 non
1809 2385 1970 2439 posse

395 2472 617 2529 unionis
644 2469 889 2525 modum.
918 2466 1075 2533 Quod
1111 2459 1296 2519 autem
1328 2470 1557 2531 utraque
1586 2470 1780 2515 natura
1802 2459 1968 2514 etiam

395 2573 519 2638 post
546 2562 808 2619 unionem
842 2560 1054 2629 integra
1080 2555 1364 2620 manserit,
1392 2570 1458 2607 ex
1480 2554 1662 2608 divina
1685 2552 1969 2621 Scriptura

395 2654 584 2712 didici.

464 2744 671 2802 ERAN.
706 2741 941 2798 Ubinam
973 2738 1080 2793 hoc
1108 2735 1296 2791 docuit
1332 2735 1518 2790 divina
1559 2733 1880 2803 Scriptura?

462 2833 676 2894 08TH.
713 2826 1257 2888 Totabacdoctrina
1294 2826 1452 2898 plena
1475 2833 1579 2879 est.

464 3005 672 3081 ERAN.
699 3004 849 3060 Aﬁ'er
871 3017 1065 3058 eorum
1087 3016 1209 3073 quae
1236 3001 1376 3057 dicis
1401 3001 1777 3071 probationes.

464 3094 678 3153 ORTH.
718 3092 926 3163 Nempe
963 3100 1021 3147 tu
1058 3100 1269 3146 naturze
1298 3092 1585 3162 utriusque
1609 3093 1830 3164 propria
1862 3110 1974 3149 non

385 3186 628 3244 lateris?

467 3274 676 3332 ERAN.
706 3274 834 3328 Post
857 3272 1118 3328 unionem
1143 3271 1587 3342 haudquaquam.

469 3367 681 3423 ORTH.
718 3366 833 3421 Hoc
862 3364 1031 3436 igitur
1061 3364 1241 3433 ipsum
1264 3379 1330 3419 ex
1359 3379 1514 3419 sacra
1559 3365 1844 3436 Scriptura
1888 3367 1975 3421 di-

398 3474 636 3517 δοαωιιε.

474 3550 631 3619 102
658 3548 865 3602 ERAN.
886 3548 998 3617 Ego
1020 3546 1219 3601 divinae
1246 3547 1415 3602 credo
1445 3545 1762 3618 Scriptura.

468 3640 679 3697 ORTH.
726 3639 864 3695 Cum
920 3639 1089 3709 igitur
1132 3638 1379 3693 divinum
1434 3639 1695 3696 Joannem
1735 3641 1978 3699 audieris

388 3735 728 3788 clamantem
760 3749 775 3787 :
838 3752 855 3784 ι
888 3732 947 3787 In
980 3732 1256 3802 principio
1279 3742 1399 3788 erat
1422 3734 1688 3800 Verbum,
1742 3744 1799 3790 et
1844 3737 1978 3792 Ver-

402 3826 533 3879 bum
564 3832 685 3880 erat
720 3824 865 3893 apud
898 3824 1092 3888 Deum,
1124 3832 1180 3877 et
1221 3824 1368 3878 Deus
1398 3834 1516 3879 erat
1557 3827 1799 3881 Verbum
1837 3830 1919 3891 ¹⁶;
1951 3848 1970 3881 ι

399 3924 458 3972 et
498 3932 514 3970 :
561 3935 581 3968 ι
611 3915 807 3972 Omnia
850 3930 948 3984 per
993 3915 1173 3984 ipsum
1222 3914 1364 3970 facta
1403 3926 1532 3970 sunt
1590 3919 1656 3982 ¹⁷,
1693 3938 1711 3970 ι
1765 3930 1821 3974 et
1867 3921 1975 3977 alia

392 4007 738 4078 huiusmodi,
774 4022 1068 4062 carnemne
1099 4007 1240 4062 dicis
1268 4006 1325 4061 in
1348 4007 1620 4078 principio
1638 4011 1781 4079 apud
1805 4012 1975 4068 Deum

400 4098 593 4163 fuisse,
613 4108 669 4153 et
718 4108 915 4153 natura
942 4097 1115 4153 Deum
1144 4114 1287 4165 esse,
1315 4108 1372 4153 et
1415 4101 1600 4154 omnia
1649 4102 1863 4168 fecisse,
1907 4120 1973 4160 an

398 4189 573 4246 Deum
614 4189 855 4246 Verbum
889 4196 1015 4244 ante
1045 4188 1241 4244 saecula
1270 4205 1336 4244 ex
1362 4190 1520 4244 Patre
1552 4192 1797 4260 genitum
1821 4194 1844 4247 ?

470 4365 679 4421 ERAN.
712 4365 840 4420 Haec
866 4363 1090 4434 quidem
1134 4364 1247 4417 Deo
1272 4364 1454 4419 Verbo
1484 4380 1786 4437 congruere
1809 4369 1934 4426 dico
1961 4393 1974 4427 :

396 4460 583 4530 ipsum
614 4466 796 4511 autem
822 4455 890 4509 ab
911 4456 1065 4508 unita
1101 4469 1267 4508 carne
1299 4470 1410 4509 non
1442 4471 1659 4526 separo.

470 4548 681 4606 ORTH.
706 4547 818 4602 Nec
840 4561 1062 4601 carnem
1082 4562 1112 4600 a
1139 4547 1252 4601 Deo
1282 4547 1466 4603 Verbo
1498 4563 1837 4618 separamus,
1870 4568 1975 4610 nec

403 4638 782 4696 confusionem
802 4636 1034 4691 facimus
1050 4636 1330 4691 unionem.

472 4730 680 4785 ERAN.
717 4729 831 4800 Ego
860 4744 1023 4783 unam
1054 4729 1181 4783 novi
1219 4738 1472 4785 naturam
1526 4740 1649 4800 post
1690 4733 1968 4790 unionem.

475 4819 684 4877 ORTH.
702 4819 1060 4890 Evangelisue
1079 4819 1298 4888 quando
1310 4820 1600 4890 Evangelia
1612 4822 1977 4892 scripserunt?

405 4919 533 4967 ante
570 4910 850 4973 unionem,
875 4925 945 4963 an
969 4909 1130 4979 longo
1155 4916 1398 4977 tempore
1419 4918 1542 4979 post
1570 4912 1873 4968 unionem?

474 5086 685 5144 ERAN.
721 5086 1068 5141 Manifestum
1112 5094 1197 5140 est
1226 5085 1369 5154 quod
1419 5094 1542 5155 post
1595 5088 1876 5157 unionem,
1924 5104 1981 5149 et

408 5190 531 5251 post
558 5180 921 5243 nativitatem,
959 5187 1014 5232 et
1044 5177 1323 5240 miracula,
1361 5187 1417 5232 et
1445 5179 1777 5247 passionem,
1812 5194 1868 5240 et
1891 5200 1979 5243 re-

409 5273 826 5338 surrectionem,
844 5281 901 5326 et
915 5269 1290 5325 ascensionem
1311 5270 1369 5324 in
1396 5271 1583 5337 cmlos,
1600 5282 1656 5330 et
1680 5274 1976 5335 adventum

412 5362 644 5433 Spiritus
683 5363 877 5417 sancti.

472 5551 514 5581 ¹⁶
548 5550 706 5606 Joan.
743 5565 779 5617 ι,
804 5548 852 5601 l.
932 5547 973 5578 "
1002 5546 1144 5601 Ibid.
1178 5550 1230 5602 3.

2060 1384 2169 1426 σιν,
2200 1364 2292 1417 δύο
2321 1360 2501 1429 λέγειν
2540 1357 2838 1428 προσήκει,
2871 1355 2971 1424 τήν
2998 1371 3056 1407 τε
3089 1350 3381 1417 λαϐοῦσαν,
3413 1351 3507 1403 καὶ
3538 1349 3641 1421 τὴν

2063 1454 2385 1527 ληφθεῖσαν.

2141 1543 2340 1598 ΕΡΛΝ.
2381 1543 2475 1595 Ἐκ
2508 1541 2601 1595 δύο
2629 1537 2846 1608 φύσεων
2876 1533 3020 1602 λέγω
3051 1533 3143 1587 τὸν
3173 1530 3428 1603 Χριστὸν,
3462 1530 3555 1584 δύο
3584 1530 3645 1584 δδ

2070 1632 2260 1702 φύσεις
2292 1633 2354 1685 ού
2382 1632 2546 1700 λέγω.

2140 1721 2290 1776 ΟΡΘ.
2347 1721 2718 1791 Ἰηῖρμήνευσον
2745 1717 2907 1786 ἡμῖν,
2942 1713 3058 1776 πῶς
3104 1713 3164 1765 τὸ
3198 1713 3261 1765 ὲκ
3294 1710 3388 1764 δύο
3430 1710 3648 1779 φύσεων

2070 1816 2269 1882 λέγεις,
2318 1812 2393 1875 ὡς
2422 1811 2513 1864 τὸν
2550 1808 2930 1879 χρυσόπαστον
2966 1807 3230 1873 ἄργυρον,
3294 1803 3371 1865 ὡς
3409 1803 3508 1871 τὴν
3552 1801 3647 1853 τοῦ

2070 1906 2341 1977 ἠλέκτρου
2369 1900 2743 1970 κατασκευὴν,
2785 1899 2861 1961 ὡς
2901 1898 2997 1968 τὴν
3034 1896 3230 1962 κόλλην
3274 1894 3373 1965 τὴν
3403 1897 3467 1947 ὲκ
3501 1891 3650 1963 μολί-

2073 1998 2195 2051 ϐδου
2227 1995 2322 2049 καὶ
2343 1991 2670 2062 κασσιτέρου
2706 1987 3152 2059 κεραννυμένηνς

2143 2087 2344 2139 EPAN.
2380 2084 2569 2137 Οὐδενὶ
2617 2081 2820 2135 τούτων
2853 2079 3089 2132 ἐοικέναι
3133 2076 3290 2145 τήνδε
3322 2075 3422 2145 τὴν
3450 2074 3649 2127 ’ἐνωσιν

2071 2177 2243 2243 λέγω·
2287 2173 2523 2246 ἄρρητός
2573 2189 2631 2224 τε
2678 2171 2788 2240 γάρ
2834 2170 2990 2233 ἐστι,
3050 2168 3144 2220 καὶ
3192 2166 3502 2236 ἆῳραστος,
3550 2162 3650 2216 καὶ

2073 2265 2250 2318 πάντα
2279 2261 2403 2317 νοῦν
2436 2258 2768 2330 ὑπερϐαίνου
2778 2274 2865 2310 σα.

2142 2352 2289 2406 ΟΡΘ.
2340 2349 2617 2420 Ὁμολογῶ
2651 2345 2808 2416 κάγὼ
2863 2345 2936 2415 μὴ
2980 2344 3201 2413 ἐφικτὸν
3234 2339 3371 2395 εἶναι
3413 2342 3503 2395 τὸν
3551 2343 3649 2411 τῆς

2071 2446 2318 2507 ὲνὼσεως
2354 2444 2533 2510 λόγον.
2570 2441 2692 2494 Ὅτι
2725 2439 2781 2492 δέ
2814 2455 2878 2507 γε
2911 2438 3073 2505 φύσις
3102 2436 3341 2506 ἑκατέρα
3383 2435 3475 2487 καὶ
3507 2432 3649 2504 μετὰ

2069 2537 2168 2603 τὴν
2216 2536 2408 2589 ἕνωσιν
2444 2531 2755 2603 μεμένηκεν
2793 2527 3135 2600 ἀκραιφνὴς,
3181 2529 3331 2599 παρὰ
3371 2527 3468 2597 τῆς
3499 2526 3646 2585 θείας

2070 2625 2352 2695 ἐδιδάχθην
2387 2624 2634 2694 Γραφῆς.
2897 2607 2901 2611 ’

2143 2717 2345 2770 ΕΡΛΝ.
2376 2717 2486 2770 Καὶ
2520 2714 2623 2768 ποῦ
2652 2714 2812 2768 τοῦτο
2836 2713 3074 2777 ἐδίδαξεν
3099 2713 3131 2783 ἡ
3160 2712 3280 2764 θεία
3314 2712 3538 2783 Γραφὴ;

2142 2808 2294 2863 ΟΡΘ.
2350 2809 2509 2862 Πᾶσα
2545 2806 2750 2878 ταύτης
2793 2806 2910 2860 ἐστὶ
2959 2804 3061 2875 τῆς
3115 2804 3466 2867 διδασκαλίας
3516 2802 3652 2858 ἀνά-

2075 2899 2273 2964 πλεως.

2149 2990 2351 3044 EPAN.
2380 2989 2480 3052 Δὸς
2505 2982 2581 3043 ὧν
2602 2986 2779 3058 λέγεις
2803 2988 2903 3053 τὰς
2931 2985 3260 3052 ἀποδείξεις.

2150 3081 2301 3134 ΟΡΘ.
2340 3079 2412 3132 Σὺ
2443 3076 2552 3149 γὰρ
2580 3077 2678 3148 οὐχ
2715 3077 3001 3149 ὁμολογεῖς
3039 3076 3255 3147 φύσεως
3289 3074 3556 3148 ἑκατέρας
3580 3073 3657 3131 τὰ

2080 3171 2185 3225 ίδια
2205 3189 2221 3238 ;

2153 3263 2355 3317 ΕΡΛΝ.
2393 3262 2550 3317 Μετὰ
2569 3261 2667 3333 τὴν
2696 3262 2890 3315 ἕνωσιν
2920 3261 3195 3332 οὐδαμῶς.

2153 3354 2304 3408 ΟΡΘ.
2344 3354 2514 3407 Τοῦτο
2546 3354 2724 3408 τοίνυν
2748 3354 2883 3406 αὐτὸ
2922 3354 3072 3425 παρὰ
3098 3354 3197 3423 τῆς
3221 3351 3369 3416 θείας
3401 3349 3657 3422 διδαχθῶ-

2087 3463 2187 3516 μεν
2217 3446 2459 3515 Γραφῆςσ

2155 3535 2358 3593 ΕΡΛΝ.
2412 3536 2552 3606 Ἐγὼ
2576 3534 2835 3605 πείθομαι
2864 3538 2929 3606 τῇ
2951 3535 3068 3607 θεία
3088 3536 3299 3605 Γραφῇ.

2153 3618 2305 3683 ΟΡΘ.
2338 3629 2507 3683 ’Ὀταν
2552 3629 2731 3681 τοίνυν
2762 3626 3004 3698 ἀκούσῃς
3041 3626 3287 3680 Ἰωάννου
3326 3626 3421 3679 τοῦ
3458 3627 3656 3679 Θεσπε-

2085 3722 2201 3775 σίου
2233 3719 2496 3790 βοῶντοςο
2539 3738 2556 3771 ι
2609 3720 2698 3772 Ἑν
2726 3719 2868 3789 ἀρχῇ
2898 3714 2967 3788 ἦν
2998 3720 3027 3771 ὁ
3060 3717 3253 3785 Λόγος,
3295 3716 3391 3770 καὶ
3431 3718 3459 3768 ὁ
3482 3716 3658 3785 Λόγος

2081 3806 2151 3881 ἦν
2183 3809 2322 3880 πρὸς
2365 3808 2456 3862 τὸν
2509 3808 2642 3862 Θεὸν
2667 3848 2682 3872 ,
2713 3809 2810 3861 καὶ
2842 3808 2975 3871 Θεὸς
3003 3803 3072 3879 ἦν
3121 3809 3150 3861 ὁ
3192 3808 3363 3876 Λόγος
3387 3824 3403 3838 ο
3444 3827 3462 3859 ι
3509 3809 3605 3865 καί
3637 3820 3654 3838 ⁶

2088 3917 2106 3949 ι
2142 3898 2329 3951 Πάντα
2345 3897 2412 3950 δι’
2432 3897 2595 3951 αὐτοῦ
2613 3898 2851 3966 ἐγένετο,
2883 3915 2902 3949 ι
2929 3898 3022 3950 καὶ
3038 3897 3103 3950 τὰ
3124 3897 3259 3950 ἄλλα
3281 3898 3379 3950 ὅσα
3399 3897 3623 3951 τοιαῦτα
3639 3912 3655 3928 ⁸

2082 3988 2180 4059 τὴν
2213 3989 2393 4059 σάρκα
2432 3988 2613 4057 λέγεις
2636 3990 2695 4043 ὲν
2724 3990 2868 4061 ἀρχῇ
2900 3988 3037 4060 πρὸς
3064 3989 3157 4042 τὸν
3188 3989 3321 4043 Θεὸν
3351 3985 3514 4053 εἶναι,
3563 3991 3658 4042 καὶ

2083 4079 2243 4149 φύσει
2293 4080 2427 4134 Θεὸν
2469 4077 2609 4133 εἶναι
2635 4120 2650 4145 ,
2696 4082 2789 4134 καὶ
2831 4081 3010 4133 πάντα
3058 4080 3517 4152 πεποιηκέναι,ἢ
3565 4080 3661 4133 τὸν

2081 4171 2215 4225 Θεὸν
2253 4171 2426 4240 Λόγον
2452 4172 2544 4225 τὸν
2570 4172 2675 4242 πρὸ
2704 4172 2812 4226 τῶν
2846 4173 3057 4227 αἰώνων
3096 4175 3160 4227 ὲκ
3198 4174 3290 4228 τοῦ
3321 4173 3533 4244 Πατρὸς
3563 4190 3659 4241 γε-

2004 4294 2051 4350 D
2082 4280 2245 4331 γεννη
2254 4264 2412 4333 μένον
2432 4281 2446 4327 ;

2152 4356 2357 4409 ΕΡΛΝ.
2388 4354 2479 4425 Τῷ
2509 4354 2605 4425 μὲν
2623 4354 2740 4426 Θεῷ
2767 4355 2925 4426 Λόγῳ
2950 4354 3123 4409 ταῦτα
3151 4357 3448 4426 προσήκειν
3474 4356 3618 4427 φημί
3640 4373 3654 4387 ·

2076 4447 2138 4501 ού
2172 4446 2393 4519 χωρίζω
2420 4447 2476 4500 δὲ
2506 4447 2669 4500 αὑτὸν
2701 4448 2799 4519 τῆς
2826 4448 3119 4519 ήνωμένης
3146 4448 3370 4517 σαρκός.

2149 4541 2300 4594 ΟΡΘ.
2335 4539 2472 4593 υθτε
2505 4541 2812 4611 χωρίζομεν
2834 4542 2927 4594 τοῦ
2956 4541 3101 4594 Θεοῦ
3130 4541 3305 4608 Λόγου
3328 4539 3425 4610 τὴν
3452 4540 3657 4610 σάρκα,

2074 4630 2198 4683 οὕτε
2231 4628 2492 4697 σύγχυσιν
2526 4629 2789 4700 ποιοῦμεν
2819 4630 2918 4700 τὴν
2938 4630 3154 4681 ἕνωσιν.

2145 4722 2349 4774 ΕΡΑΝ.
2390 4720 2531 4789 Ἐγὼ
2562 4720 2691 4790 μίαν
2717 4717 2835 4774 οἶδα
2872 4721 3012 4791 μετὰ
3036 4721 3136 4791 τὴν
3171 4719 3367 4772 ἕνωσιν
3400 4718 3582 4787 φύσιν.

2144 4812 2299 4866 ΟΡΘ.
2331 4812 2393 4865 Οἱ
2428 4813 2818 4881 εύαγγελισταὶ
2852 4812 2919 4865 τὰ
2948 4811 3255 4880 Εύαγγέλια
3301 4810 3508 4879 πηνίκα
3533 4825 3660 4861 συνο

2074 4902 2359 4973 ἐγραψανς
2408 4903 2515 4974 πρὸ
2561 4904 2661 4975 τῆς
2695 4904 2943 4969 ἑνώσεως
2967 4943 2981 4968 ,
3016 4904 3048 4975 ἢ
3085 4902 3226 4975 μετὰ
3267 4902 3523 4955 πλεῖστον
3553 4900 3653 4971 τῆς

2076 4995 2325 5060 ὲνώσεως
2358 4997 2549 5066 χρόνον
2564 5015 2579 5064 ;

2150 5088 2356 5141 EPAN.
2386 5086 2557 5157 Δῆλον
2591 5088 2672 5141 ὅτι
2716 5088 2857 5159 μετὰ
2885 5088 2984 5160 τὴν
3022 5089 3243 5150 ἕνωσιν,
3276 5088 3371 5141 καὶ
3397 5087 3494 5157 τὴν
3531 5085 3661 5154 γέν-

2083 5196 2259 5251 νησιν,
2295 5178 2479 5232 καὶτὰ
2506 5178 2783 5249 θαύματα,
2806 5180 2901 5233 καὶ
2928 5180 2989 5233 τὸ
3033 5179 3203 5242 πάθος
3228 5219 3243 5243 ,
3268 5179 3361 5231 καὶ
3394 5178 3493 5246 τὴν
3521 5176 3659 5229 ἀνα-

2088 5288 2297 5337 στασιν,
2328 5269 2423 5323 καὶ
2460 5270 2558 5341 τὴν
2588 5273 2669 5334 είς
2693 5273 2958 5345 οὐρανοὺς
2993 5272 3285 5343 ἀνάληψιν,
3313 5271 3409 5324 καὶ
3436 5268 3537 5338 τὴν
3563 5266 3659 5322 τυῦ

2088 5364 2245 5433 ἁγίου
2273 5358 2589 5430 Πνεύματος
2620 5363 2982 5435 ἐπιφοίτησιν.
