4006 6202
419 249 516 316 lii

1481 248 1857 311 DIALOGUS
1895 249 1976 308 II.
2016 273 2086 283 --
2123 248 2615 315 INCONFUSUS.

3566 260 3666 324 ΜΞ

492 359 644 416 ΟΡΘ.
686 360 954 414 ’Δκουσον
999 359 1180 414 τοίνυν
1209 357 1303 413 τοῦ
1328 359 1426 429 μὲν
1453 359 1703 413 Ἰωάννου
1715 357 1966 427 λέγοντος

2161 360 2376 418 ORTH.
2409 363 2549 418 Audi
2571 376 2703 434 ergo
2730 362 2996 418 Joannem
3022 363 3294 419 dicentem
3319 384 3331 419 :
3373 385 3391 418 ‹
3420 367 3479 422 ιη
3509 371 3664 438 ptin-

421 471 443 506 ε
490 451 580 506 Ἐν
619 451 765 523 ἀρχῇ
811 446 880 522 ἧν
909 452 939 505 δ
974 451 1168 519 Λόγος,
1211 449 1306 504 καὶ
1333 451 1362 502 ὁ
1415 449 1586 530 Λόγος
1615 445 1684 521 ῆν
1724 449 1862 522 πρὸς
1902 449 1993 504 τὸν

411 542 568 607 Θεὸν,
600 542 696 596 καὶ
727 541 860 606 Θεὸς
887 537 958 613 ἦν
997 543 1026 596 ό
1058 541 1248 611 Λόγος.
1289 532 1458 605 Οὗτος
1486 535 1556 612 ἦν
1581 542 1640 596 ὲν
1673 540 1814 613 ἀρχῇ
1856 539 1994 612 πρὸς

409 634 503 689 τὸν
525 633 682 688 Θεόν.
707 633 893 688 Πάντα
923 633 994 689 δι’
1017 633 1185 689 αὑτοῦ
1218 633 1459 702 ἐγένετο,
1497 633 1593 687 καὶ
1625 634 1796 704 χωρὶς
1825 631 1993 686 αὑτοῦ

408 723 634 792 δγένετο
663 723 786 777 οὐδὲ
816 722 899 787 ἓν,
935 742 955 777 ι
1007 723 1104 778 καὶ
1133 723 1204 778 τὰ
1247 723 1373 794 ἑξῆς
1397 739 1411 754 ο
1454 723 1548 776 τοῦ
1578 723 1636 776 δὲ
1665 723 1946 778 Ματθαίου
1975 739 1989 753 ·

415 835 436 869 ι
472 815 668 880 Βίϐλος
700 815 969 886 γενέσεως
1008 815 1185 886 Ἰησοῦ
1218 814 1478 886 Χριστοῦ,
1510 813 1629 869 υἱοῦ
1658 815 1844 882 Δαϐὶδ,
1873 816 1991 870 υἱοῦ

420 907 714 978 Ἀϐραὰμ,
767 925 786 959 ι
828 909 926 961 καὶ
965 907 1036 960 τὰ
1080 906 1228 978 ἑξῆς.
1268 905 1372 961 Καὶ
1410 909 1438 960 ό
1485 908 1700 972 Λουκᾶς
1731 909 1793 961 δὲ
1827 908 1991 962 αὑτὸν

419 999 678 1072 ’Λσραάμ
702 999 796 1052 καὶ
829 997 992 1052 Δαόὶδ
1012 997 1422 1068 ἐγενεαλόγησε.
1459 999 1850 1070 Προσάρμοσον
1877 998 1990 1051 τοί-

405 1110 506 1146 νυν
527 1091 700 1146 ταῦτα
737 1091 966 1144 κάκεῖνα
997 1089 1158 1160 φύσει
1189 1090 1312 1161 μιᾷ.
1354 1088 1494 1142 Ἀλλ’
1524 1090 1626 1144 ούκ
1660 1090 1726 1144 ἂν
1767 1089 1954 1144 δύναιο
1973 1107 1987 1125 ο

405 1182 658 1237 ιναντίον
681 1182 790 1255 γὰρ
821 1181 901 1252 τῷ
925 1182 986 1234 ὲν
1011 1181 1153 1254 ἀρχῇ
1186 1177 1348 1246 εἶναι,
1372 1180 1436 1234 τὸ
1456 1179 1518 1246 ἐξ
1547 1180 1802 1253 ’Λσραὰμ
1825 1175 1984 1246 εἷναι,

404 1275 510 1328 καὶ
561 1273 643 1345 τῷ
689 1274 876 1328 πάντα
923 1273 1286 1345 πεποιηκέναι
1303 1313 1320 1340 ,
1360 1271 1424 1327 τὸ
1459 1273 1680 1343 κςιστδν
1722 1273 1988 1346 πρόγονον

402 1365 728 1438 ισχηκέναι.

478 1456 686 1510 εΡΔΝ.
721 1453 909 1510 Ταῦτα
939 1454 1117 1525 λέγων
1155 1454 1238 1520 είς
1264 1451 1358 1509 δύο
1389 1453 1659 1528 πρόσωπα
1696 1453 1791 1508 τδν
1825 1470 1986 1525 μονο-

398 1545 536 1616 γενῆ
574 1561 640 1616 με
647 1545 822 1617 ρίζεις
851 1545 1002 1600 Υίόν.

472 1635 625 1691 ΟΡΘ.
661 1635 800 1690 Ἕνα
832 1636 932 1707 μὲν
967 1634 1095 1689 Υίδν
1126 1633 1224 1690 τοῦ
1250 1633 1386 1689 Θεοῦ
1413 1635 1508 1690 καὶ
1539 1632 1658 1690 οίδα
1685 1636 1782 1690 καί⁵
1813 1651 1984 1707 προσ-

397 1730 577 1793 κυνῶ,
626 1729 722 1783 τὸν
771 1728 980 1800 Κύριον
1015 1726 1226 1799 Ἰησοῦν
1255 1727 1532 1801 Χριστόνο
1571 1728 1671 1800 τῆς
1708 1728 1764 1782 δὲ
1795 1727 1981 1799 θεότη-

401 1838 499 1886 τος
528 1821 623 1876 καὶ
651 1820 754 1891 τῆς
795 1820 894 1874 ἀνθ
905 1820 1219 1893 ρωπότητος
1247 1819 1349 1891 τὴν
1373 1819 1642 1892 διαφορὰν
1667 1819 1974 1891 ἐδιδάχθην.

401 1912 480 1966 Σὺ
511 1911 570 1965 δέ
593 1928 657 1981 γε
682 1912 710 1964 ό
737 1911 869 1981 μίαν
898 1910 1076 1980 λέγων
1117 1909 1258 1982 μετὰ
1288 1909 1388 1982 τὴν
1417 1909 1616 1962 ἕνωσιν
1651 1909 1980 1979 γεγενῆσθαι

406 2003 572 2075 φύσιν
601 2043 617 2066 ,
663 2002 1055 2074 πφσὰρμοσον
1109 2000 1287 2075 ταύτῃ
1343 1998 1415 2055 τὰ
1464 1999 1577 2055 τῶν
1631 1999 1980 2068 Εὐαγγελίων

405 2095 688 2165 προοίμια.

471 2186 673 2240 ΕΡΛΝ.
712 2185 801 2247 Ὠς
833 2183 1044 2251 ἔοικεν,
1078 2181 1308 2254 ίσχυρὰν
1347 2181 1490 2252 ἄγαν
1521 2181 1616 2236 καὶ
1663 2178 1794 2244 ἴσως
1827 2179 1976 2250 ἀμή-

396 2297 561 2348 χανον
585 2278 995 2348 ὑπολαμϐάνεις
1027 2277 1125 2348 τὴν
1169 2278 1438 2350 πρότασιν
1462 2292 1476 2306 ·
1512 2275 1656 2329 ἔστω
1705 2289 1787 2327 σοι
1817 2271 1978 2346 ῥᾳδία

397 2370 494 2424 καὶ
533 2371 771 2440 εὐπετὴς
789 2411 804 2434 ,
840 2369 1000 2438 μόνον
1031 2369 1164 2438 ἡμῖν
1193 2368 1254 2421 τὸ
1284 2365 1622 2438 ζητούμενον
1650 2365 1832 2422 λῦσον.

467 2459 622 2514 υΡΘ.
669 2459 982 2530 Ἀμφότερα
1022 2457 1101 2528 τῷ
1134 2458 1382 2529 Δεσπότῃ
1414 2458 1687 2530 προσήκει
1725 2453 1974 2527 Χριστῷ,

394 2549 495 2602 καὶ
521 2552 582 2602 τὸ
608 2550 724 2619 (38)
767 2551 826 2603 ὲν
852 2550 994 2620 ἀρχῇ
1031 2544 1172 2602 εἶναι
1195 2587 1212 2614 ,
1241 2549 1338 2602 καὶ
1384 2550 1444 2603 τὸ
1480 2549 1539 2616 ἐξ
1583 2546 1844 2618 Ἀϐραὰμ
1880 2547 1976 2600 καὶ

393 2642 564 2696 Δαῦὶδ
592 2643 734 2696 κατὰ
772 2641 954 2712 σάρκα
985 2639 1310 2712 βλαστῆσαι.

473 2734 675 2789 ΕΡΔΝ.
716 2733 865 2788 Μίαν
915 2732 1058 2804 μετά
1101 2731 1202 2804 τὴν
1231 2731 1425 2786 ἕνωσιν
1451 2729 1513 2784 ού
1559 2730 1756 2802 χρῆναι
1795 2727 1978 2796 λέγειν

388 2825 803 2896 ἑνομοθέτησας
833 2823 1026 2894 φύσιν·
1050 2823 1142 2876 τὸν
1162 2823 1364 2876 οἰκεῖον
1400 2821 1580 2877 τοίνυν
1609 2821 1685 2892 μὴ
1725 2818 1978 2892 παρασῇς

389 2917 582 2988 νόμον.
625 2915 978 2988 μεμνημένος
1019 2917 1245 2986 σαρκός.

2095 454 2240 526 cipio
2264 464 2384 512 erat
2416 457 2678 520 Verbum,
2712 463 2768 510 et
2801 454 3040 510 Verbum
3071 463 3193 509 erat
3219 456 3360 525 apud
3389 458 3583 523 Deum,
3609 471 3666 516 et

2093 544 2239 602 Deus
2291 557 2410 601 erat
2461 546 2721 601 Verbum.
2776 545 2893 601 Hoc
2943 553 3062 599 erat
3111 546 3163 600 in
3206 546 3480 617 principio
3521 551 3665 620 apud

2093 637 2286 693 Deum.
2321 637 2516 693 Omnia
2554 653 2652 708 per
2677 638 2856 708 ipsum
2907 637 3046 692 facta
3093 647 3242 702 sunt,
3293 649 3349 692 et
3394 639 3512 695 sine
3549 641 3666 710 ipso

2092 725 2296 783 factum
2332 736 2416 783 est
2448 728 2582 782 nihil
2625 727 2690 793 ³⁸,
2727 747 2745 779 ι
2780 737 2834 782 et
2879 743 3001 797 qua:
3045 735 3386 797 sequuntur;
3439 738 3495 782 et
3537 729 3669 786 Mat-

2093 819 2295 875 thzeum
2323 837 2337 872 :
2369 839 2386 870 ι
2416 819 2582 873 Liber
2610 817 2979 889 generationis
3008 817 3136 872 Jesn
3169 817 3395 882 Christi,
3431 818 3524 872 [iiii
3560 819 3668 873 Da-

2089 911 2255 976 vidis,
2303 911 2401 965 filii
2455 910 2750 964 Abrahami
2779 913 2842 974 ’⁸,
2880 928 2898 962 ι
2944 919 3003 964 ει
3031 918 3248 964 caetera.
3291 907 3465 963 Lucas
3499 910 3666 963 etiam

2088 1004 2333 1076 ejusdem
2355 1004 2590 1059 Abraha:
2609 1001 2896 1058 etDavidis
2914 1000 3284 1072 genealogiam
3302 1001 3580 1055 recensuit
3599 1004 3666 1054 η.

2089 1095 2456 1151 Accommoda
2483 1095 2648 1166 igitur
2672 1095 2788 1148 haec
2809 1103 2866 1148 et
2886 1093 2979 1148 illa
3005 1092 3097 1147 uni
3118 1101 3355 1157 naturae;
3385 1093 3540 1171 103
3567 1091 3664 1147 scd

2087 1203 2199 1243 non
2219 1186 2466 1258 poteris:
2499 1185 2775 1242 contraria
2799 1185 2948 1240 enim
2979 1192 3128 1250 sunt,
3151 1185 3204 1239 in
3226 1183 3498 1254 principio
3517 1199 3660 1248 esse,

2087 1288 2145 1336 et
2183 1295 2253 1335 ex
2281 1278 2592 1334 Abrahamo
2645 1291 2791 1342 esse,
2829 1276 3015 1331 omnia
3061 1275 3280 1339 fecisse,
3314 1284 3374 1330 et
3415 1282 3660 1330 creatum

2085 1369 2496 1442 progenitorem
2528 1367 2754 1423 habere.

2158 1467 2173 1480 '
2190 1462 2396 1517 ERAN.
2439 1461 2564 1515 Huc
2594 1475 2720 1514 cum
2755 1457 2916 1524 dicis,
2941 1459 2998 1514 in
3025 1457 3162 1514 duas
3181 1472 3445 1529 personas
3471 1456 3666 1529 unige-

2083 1555 2261 1610 nitum
2299 1551 2503 1607 dividis
2523 1553 2745 1607 Filium.

2155 1643 2366 1700 08TH.
2395 1643 2576 1698 Unum
2637 1640 2862 1711 quidem
2922 1639 3125 1694 Filium
3181 1638 3280 1694 Dei
3341 1646 3398 1694 et
3447 1637 3563 1693 scio
3605 1648 3664 1694 et

2080 1733 2271 1799 adoro,
2304 1732 2596 1787 Dominum
2626 1731 2812 1785 Jesum
2849 1729 3130 1784 Christum
3167 1746 3180 1782 :
3217 1727 3527 1783 divinitatis
3561 1743 3661 1782 au-

2081 1834 2193 1882 tem
2246 1834 2303 1880 et
2331 1825 2692 1880 humanitatis
2740 1822 2911 1878 didici
2955 1821 3345 1876 diﬂ'crentiam.
3385 1821 3468 1874 Tu
3505 1837 3659 1886 vero,

2079 1917 2176 1986 qui
2250 1915 2490 1969 aﬂirmas
2563 1928 2727 1967 unam
2796 1913 2993 1966 factam
3045 1925 3166 1965 esse
3223 1920 3475 1966 naturam
3537 1921 3662 1981 post

2081 2008 2363 2074 unionem,
2395 2005 2816 2076 Evangeliorum
2852 2003 3074 2058 exordia
3101 2002 3232 2058 huic
3284 2004 3656 2059 accommoda.

2149 2196 2358 2252 ERAN.
2387 2193 2651 2260 Arduam,
2682 2201 2742 2247 ut
2778 2199 3022 2262 apparet,
3050 2206 3116 2246 ac
3161 2191 3396 2247 fortasse
3430 2192 3664 2263 inexpli-

2077 2287 2309 2342 cabilem
2346 2294 2508 2355 putas
2532 2283 2980 2354 propositionem.
3040 2281 3124 2338 Sit
3161 2282 3263 2336 tibi
3302 2283 3557 2353 expedita
3605 2293 3662 2340 et

2076 2358 2276 2442 facilis,
2301 2375 2601 2430 dummodo
2622 2373 2783 2428 nobis
2806 2373 3166 2443 quaestionem
3192 2372 3391 2429 solvas.

2138 2468 2349 2524 ORTH.
2381 2467 2622 2536 Utraque
2677 2465 2900 2522 Christo
2949 2464 3183 2520 Domino
3221 2465 3578 2532 conveniunt,
3605 2475 3662 2523 et

2077 2559 2132 2614 in
2167 2559 2438 2630 principio
2493 2572 2634 2619 esse,
2676 2565 2732 2610 ct
2781 2571 2848 2609 ex
2875 2555 3191 2610 Abrahamo
3238 2563 3295 2610 et
3335 2555 3541 2610 Davide
3569 2570 3661 2612 se-

2075 2652 2317 2708 cundum
2347 2664 2567 2704 carnem
2597 2647 2952 2718 germinasse.

2145 2741 2350 2798 ERAN.
2387 2741 2561 2797 Unam
2610 2746 2734 2810 post
2784 2739 3046 2793 unionem
3099 2737 3209 2793 dici
3248 2746 3501 2794 naturam
3547 2755 3661 2794 non

2076 2834 2281 2890 debere
2325 2831 2572 2889 sanxisti.
2605 2831 2742 2886 Vide
2784 2830 2954 2901 igitur
2985 2845 3076 2896 ne,
3105 2830 3289 2885 carnis
3320 2830 3659 2886 mulionem

2077 2923 2304 2986 faciens,
2327 2922 2606 2992 propriam
2631 2920 2806 2991 legem
2835 2919 3270 2989 transgrediaris.

471 3007 624 3064 ΟΡΘ.
676 3008 785 3061 Καὶ
817 3007 943 3078 δίχα
974 3005 1070 3060 τοῦ
1131 3002 1510 3077 μνημονεῦσαι
1558 3003 1759 3076 σαρκὸς
1813 3000 1976 3056 λῦσαι

2151 3012 2363 3068 ORTH.
2409 3012 2588 3068 Etiam
2635 3011 2756 3066 sine
2807 3008 3091 3064 mentione
3144 3009 3328 3064 carnis
3368 3007 3529 3063 facile
3572 3017 3661 3064 est

391 3099 500 3172 τὴν
544 3099 810 3170 πρότασιν
853 3097 1080 3161 εὐπετές
1104 3113 1119 3126 ο
1153 3097 1442 3169 ἀμφότερα
1483 3095 1594 3168 γὰρ
1631 3094 1710 3166 τῷ
1757 3093 1975 3165 Σωτῆρι

389 3189 801 3263 «προσαρμόττω
839 3187 1086 3260 Χριστῷ.

467 3281 672 3338 ΕΡΑΝ.
706 3278 879 3349 Κάγὼ
907 3278 1085 3336 ταῦτα
1129 3279 1362 3334 κάκεῖνα
1392 3278 1700 3351 προσήκειν
1725 3277 1872 3349 φημὶ
1895 3276 1976 3348 τῷ

388 3373 646 3444 Δεσπότῃ
666 3373 909 3444 Χριστῷ.

467 3464 620 3520 ΟΡΘ.
658 3463 816 3517 Ἀλλὰ
846 3463 940 3517 δύο
967 3462 1161 3533 φύσεις
1186 3463 1246 3517 ὲν
1273 3461 1424 3534 αὑτῷ
1452 3460 1697 3535 θεωρῶν,
1724 3461 1820 3514 καὶ
1841 3461 1974 3515 ἑκα-

385 3558 532 3630 τέρᾳ
560 3553 885 3626 προσνέμων
906 3554 978 3607 τὰ
1005 3554 1312 3624 πρόσφορα.
1342 3552 1406 3605 Ei
1435 3552 1492 3606 δὲ
1517 3551 1615 3623 μία
1638 3552 1802 3621 φύσις
1823 3552 1974 3606 ἐστὶν

388 3652 422 3703 δ
453 3646 712 3718 Χριστὸς,
743 3646 862 3709 πῶς
887 3639 1003 3698 οἷόν
1035 3662 1096 3698 τε
1123 3645 1260 3716 αὐτῇ
1307 3643 1691 3716 προσαρμόσαι
1723 3645 1791 3696 τὰ
1818 3645 1974 3696 ἐναν-

385 3741 516 3807 tia;
564 3739 836 3793 Ἐναντίον
865 3737 974 3809 γὰρ
1000 3737 1078 3808 τῷ
1103 3739 1159 3790 ἑν
1182 3738 1324 3808 ἀρχῇ
1357 3731 1500 3791 εῐναι
1528 3735 1592 3790 τὸ
1620 3735 1681 3800 ἐξ
1723 3735 1975 3806 Ἀϐραὰμ

389 3833 491 3886 καὶ
520 3829 686 3884 Δασὶδ
715 3829 816 3900 τὴν
848 3828 1026 3900 ἀρχὴν
1047 3828 1330 3899 εἰληφέναι
1349 3867 1364 3890 ,
1394 3827 1596 3899 μᾶλλον
1621 3826 1680 3880 δὲ
1707 3825 1973 3898 πολλοστῇ

388 3924 560 3995 γενεᾷ
623 3921 763 3993 μετὰ
798 3921 892 3974 τὸν
941 3919 1109 3973 Δαὸὶδ
1155 3918 1512 3990 γεννηθῆναι.
1583 3918 1859 3972 Ἐναντίον
1915 3918 1973 3970 δὲ

389 4013 580 4080 πάλιν,
617 4013 712 4067 καί
746 4010 825 4082 τῷ
851 4011 1031 4064 πάντα
1066 4010 1448 4078 πεποιηκέναι,
1483 4008 1544 4060 τὸ
1572 4010 1636 4061 ὲκ
1664 4010 1972 4078 πεποιημέ-

384 4125 500 4160 νων
533 4105 835 4176 βλαστῆσαι
864 4103 959 4156 καὶ
986 4101 1064 4173 τῷ
1092 4103 1158 4154 ὲκ
1195 4099 1332 4154 Θεοῦ
1363 4095 1528 4161 εἶναι,
1561 4099 1624 4151 τὸ
1650 4097 1974 4169 ἀνθρώπους

385 4196 692 4267 ἐσχηκέναι
730 4193 994 4264 πατέρας.
1042 4191 1313 4246 Ἐναντίον
1346 4191 1402 4244 δὲ
1442 4190 1537 4244 καὶ
1561 4188 1640 4260 τῷ
1669 4189 1874 4260 αἰωνίῳ
1912 4189 1973 4243 τὸ

2076 3103 2415 3175 propositam
2477 3100 2838 3173 quaestionem
2878 3099 3154 3170 explicare
3188 3115 3206 3155 :
3237 3106 3473 3170 utraque
3507 3098 3659 3153 enim

2073 3192 2295 3247 Christo
2315 3189 2593 3247 Servatori
2620 3188 2994 3244 accommodo.

2145 3280 2353 3337 ERAN.
2397 3283 2511 3353 Ego
2562 3295 2783 3352 quoque
2820 3279 3014 3347 fateor,
3059 3280 3176 3336 haec
3219 3289 3280 3337 et
3309 3280 3402 3336 illa
3434 3279 3660 3337 Christo
3747 3321 3751 3325 .

2075 3375 2308 3430 Domino
2333 3375 2651 3430 convenire.

2142 3465 2353 3524 OBTH.
2386 3465 2492 3520 Sed
2523 3465 2662 3522 duas
2689 3465 2744 3520 in
2767 3465 2889 3536 ipso
2921 3475 3149 3521 naturas
3181 3465 3560 3529 considerans,
3601 3476 3658 3522 et

2075 3559 2275 3628 cuique
2325 3557 2711 3612 convenientia
2762 3556 3034 3611 tribuens.
3087 3556 3306 3626 Alioqui
3338 3556 3382 3611 si
3422 3571 3531 3611 una
3561 3571 3657 3610 na-

2075 3657 2201 3703 tura
2242 3657 2328 3702 est
2383 3647 2660 3711 Christus,
2710 3646 2988 3715 quomodo
3034 3647 3113 3700 illi
3161 3647 3337 3716 aptari
3380 3647 3656 3700 contraria

2075 3739 2327 3811 possint?
2347 3737 2632 3793 Contraria
2662 3737 2810 3791 enim
2841 3744 2989 3799 sunt,
3028 3735 3085 3789 in
3125 3735 3398 3806 principio
3426 3751 3569 3802 esse,
3599 3747 3657 3794 et

2075 3831 2146 3887 ab
2164 3830 2478 3885 Abrahamo
2497 3837 2552 3883 et
2572 3827 2777 3882 Davide
2802 3827 3070 3898 originem
3091 3825 3333 3892 duxisse,
3356 3827 3656 3898 multisque

2075 3923 2214 3978 adeo
2268 3929 2395 3992 post
2455 3920 2716 3974 Davidem
2765 3917 3216 3990 generationibus
3262 3925 3453 3974 natum
3509 3935 3652 3976 esse.

2073 4012 2360 4070 Contraria
2395 4011 2554 4082 104
2579 4019 2709 4066 sunt
2740 4025 2948 4074 rursus,
2974 4009 3158 4064 omnia
3183 4010 3400 4075 fecisse,
3426 4019 3482 4065 et
3501 4011 3654 4066 exiis

2073 4122 2196 4176 quae
2230 4106 2372 4161 facta
2397 4114 2528 4160 sunt
2545 4103 2851 4176 prodiisse;
2880 4103 3034 4168 item,
3066 4119 3133 4158 ex
3163 4103 3278 4156 Deo
3299 4117 3442 4166 esse,
3471 4109 3528 4157 et
3550 4117 3652 4173 pa-

2074 4205 2260 4253 rentes
2310 4197 2563 4251 homines
2614 4195 2840 4249 habere.
2889 4193 3238 4250 Contrarium
3277 4192 3518 4263 denique
3564 4203 3652 4248 est

385 4289 732 4359 πρόσφατον.
782 4287 892 4339 Καὶ
925 4284 1062 4354 δῆτα
1098 4287 1467 4354 σκοπήσωμεν
1500 4282 1674 4347 οὕτως
1697 4299 1712 4314 °
1765 4284 1816 4337 εί
1862 4285 1971 4338 τῶν

2094 4297 2278 4344 eterno
2308 4288 2361 4342 id
2391 4287 2537 4356 quod
2560 4293 2645 4341 est
2665 4300 2874 4340 recens.
2907 4283 2974 4339 Et
3009 4300 3143 4339 vero
3173 4284 3228 4340 in
3251 4285 3399 4341 hunc
3425 4286 3650 4340 modum

385 4381 654 4435 ἁπάντων
681 4378 861 4450 φαμὲν
887 4377 979 4430 τὸν
1004 4377 1137 4431 Θεὸν
1159 4378 1330 4446 Λόγων
1359 4376 1729 4448 δημιουργόν;

465 4554 668 4610 ΕΡΛΝ.
709 4551 866 4607 Οὕτω
902 4550 1182 4604 πιστεύειν
1229 4551 1384 4625 παρὰ
1425 4553 1526 4624 τῆς
1558 4551 1710 4616 θείας
1751 4551 1973 4623 Γραφῆς

385 4647 778 4718 ἐδιδάχθημεν.

464 4740 617 4795 οΡΘ.
665 4739 845 4811 Πόστῃ
883 4739 941 4792 δὲ
977 4736 1384 4810 μεμαθήκαμεν
1433 4734 1618 4807 ἡμέρᾳ
1661 4733 1753 4789 τὸν
1799 4733 1972 4804 ’Λδὰμ

384 4832 790 4902 διαπλασθῆναι
821 4831 960 4902 μετὰ
986 4831 1089 4902 τὴν
1115 4828 1212 4882 τοῦ
1240 4827 1473 4899 οὐρανοῦ
1499 4828 1594 4881 καὶ
1617 4827 1720 4897 τῆς
1744 4826 1850 4896 γῆς
1871 4827 1970 4896 δη-

388 4923 690 4994 μιουργίαν
715 4940 731 4989 ;

462 5015 672 5069 ΕΡΑΝ.
711 5013 909 5084 Ἐκτῃ.

463 5103 617 5156 ΟΡΘ.
666 5103 800 5156 ’Δπδ
829 5103 886 5157 δὲ
905 5102 1000 5157 τοῦ
1041 5103 1216 5175 ’Λδὰμ
1243 5101 1409 5174 μέχρι
1441 5099 1538 5154 τοῦ
1576 5099 1830 5172 Ἀδραὰμ
1871 5099 1973 5155 πό-

391 5211 483 5249 σαι
507 5193 859 5265 διεληλύθασι
893 5195 1079 5263 γενεαί
1105 5213 1121 5262 ;

460 5285 669 5340 ΕΡΛΝ.
704 5285 888 5340 Εἰκοσι
919 5284 1124 5348 ταύτας
1152 5283 1450 5356 ὑπείληφα.

460 5376 618 5433 ΟΡΘ.
663 5377 801 5432 ’Δπδ
843 5378 900 5432 δὲ
934 5377 1030 5432 τοῦ
1075 5375 1327 5448 ’Λϐραὰμ
1373 5374 1536 5448 μέχρι
1583 5374 1677 5428 τοῦ
1712 5374 1968 5447 Σωτῆρος

1997 4363 2044 4422 Ι)
2071 4393 2185 4432 rem
2230 4376 2685 4432 consideremus:
2715 4374 3028 4429 Dicimusne
3073 4375 3246 4429 Deum
3272 4374 3513 4430 Verbum
3559 4389 3649 4428 re-

2071 4484 2195 4523 rum
2234 4469 2478 4522 omnium
2517 4465 2899 4521 conditorem?

2141 4557 2351 4612 ERAN.
2407 4557 2485 4612 Ita
2537 4556 2769 4611 credere
2819 4571 2884 4611 ex
2933 4555 3118 4610 divina
3175 4555 3458 4627 Scriptura
3497 4553 3642 4609 didi-

2067 4647 2266 4701 cimus.

2138 4737 2346 4794 ORTH.
2387 4737 2564 4804 Quoto
2601 4753 2734 4792 vero
2757 4737 2846 4792 die
2873 4745 2997 4807 post
3027 4738 3152 4794 ειεΙί
3191 4748 3248 4792 ει
3295 4748 3458 4794 εει-ηε
3485 4753 3642 4794 crea-

2067 4831 2276 4887 tionem
2311 4829 2605 4884 formatum
2633 4829 2901 4884 Adamum
2925 4829 3258 4884 didicimus?

2128 5009 2334 5064 ERAN.
2373 5007 2556 5064 Sexto.

2139 5099 2350 5156 OBTH.
2409 5100 2492 5154 Ab
2535 5099 2744 5155 Adamo
2775 5115 2909 5155 vero
2946 5116 3120 5171 usque
3161 5100 3230 5156 ad
3268 5101 3639 5158 Abrahamum

2065 5201 2202 5264 quot
2219 5191 2531 5263 prateriere
2558 5192 2941 5262 generationes
2957 5193 2982 5245 ’ἰ

2137 5281 2345 5338 ERAN.
2381 5281 2606 5352 Viginti,
2637 5289 2698 5336 ut
2717 5281 2934 5351 opinor.

2139 5373 2349 5430 ORTH.
2386 5373 2470 5430 Ab
2506 5373 2818 5431 Abrahamo
2847 5388 2980 5429 vero
3005 5388 3176 5444 usque
3204 5371 3271 5428 ad
3300 5370 3636 5430 Salvator-em

459 5533 508 5566 ⁸⁸
529 5534 688 5590 Joan.
713 5549 752 5600 ι,
779 5532 898 5589 1-5.
977 5533 1020 5566 ¹’
1052 5534 1243 5590 Matth.
1278 5550 1316 5599 ι,
1347 5535 1372 5588 Ι
1399 5549 1552 5606 seqq.
1609 5534 1654 5566 ²⁹
1685 5533 1818 5587 Luc.
1845 5547 1925 5598 ιιι,
1954 5530 2026 5586 25
2057 5546 2208 5602 seqq.

458 5653 574 5727 (38)
598 5653 694 5709 Τό.
734 5651 813 5708 Ex
835 5650 923 5708 ed.
949 5653 1107 5710 Rom.
1133 5663 1188 5711 et
1210 5653 1357 5726 Lips.
1385 5653 1673 5710 insertum.
