4006 6202
420 231 523 298 143

1415 230 1899 289 THEODORETI
1941 227 2278 287 EPISCOPI
2318 228 2680 288 CYRENSIS

3569 231 3670 297 144

420 354 668 400 nostrum
688 342 962 398 Christum
983 348 1116 411 quot
1146 339 1528 410 generationes
1550 348 1802 390 numerat
1828 352 1985 390 evan-

2097 334 2255 403 ἡμῶν
2279 336 2537 405 Χριστοῦ,
2576 337 2743 398 πόσας
2767 338 2793 389 ὁ
2825 337 2934 407 (59)
2967 338 3362 408 εύαγγελιστὴς
3391 341 3667 408 Ματθτῖος

419 438 606 507 gelista
633 435 956 488 Matthacus?

457 516 692 582 'ERAN.
734 527 1100 597 Quadraginta
1133 526 1287 579 duas.

484 619 692 673 ORTH.
715 619 769 673 Si
799 618 963 688 igitur
987 632 1092 671 una
1108 624 1306 669 natura
1334 622 1416 667 est
1435 612 1687 667 Christus
1707 611 1988 673 Dominus,

407 712 510 780 qui
535 711 648 764 lieri
694 717 893 780 potest,
927 718 989 763 ut
1019 708 1163 763 idem
1204 706 1504 760 visibilium
1536 714 1698 772 atque
1739 703 1991 756 invisibi-

418 804 550 855 lium
575 802 819 854 omnium
847 802 917 855 sit
941 799 1213 860 conditor,
1248 806 1304 850 et
1331 804 1455 865 post
1489 804 1570 848 tot
1609 793 1992 863 generationes

415 909 444 946 a
475 893 682 960 Spiritu
727 900 916 944 sancto
954 890 1220 943 formatus
1267 887 1336 940 sit
1388 887 1444 939 in
1501 893 1660 938 utero
1715 883 1991 953 virgineo?

405 983 688 1050 quomodo
717 998 868 1045 vero,
899 989 959 1034 ut
985 991 1040 1034 et
1073 979 1265 1033 Adami
1310 986 1524 1032 creator
1568 976 1658 1040 sit,
1700 984 1755 1029 et
1797 989 1989 1028 eorum

398 1074 508 1142 qni
539 1073 606 1127 ab
633 1073 841 1126 Adamo
874 1071 1124 1142 prognati
1154 1079 1302 1132 sunt,
1324 1067 1505 1122 ﬁlius?

485 1165 691 1218 ERAN.
723 1165 840 1219 Jam
867 1172 994 1218 ante
1021 1163 1154 1227 dixi,
1195 1162 1310 1215 haec
1331 1169 1387 1214 et
1417 1161 1506 1213 illa
1531 1159 1582 1212 ei
1613 1156 1907 1211 convenire
1932 1165 1990 1210 ut

404 1255 526 1308 sDeo
551 1254 852 1307 incarnato.
888 1253 1063 1307 Unam
1111 1251 1258 1306 enim
1284 1263 1522 1320 agnosco
1546 1247 1709 1301 Verbi
1734 1254 1988 1299 naturam

410 1347 770 1399 incarnatam.

481 1435 690 1489 ORTll.
721 1435 910 1504 Neque
945 1450 1068 1498 nos,
1093 1434 1179 1487 vir
1208 1432 1372 1495 bone,
1399 1431 1536 1484 duas
1564 1428 1659 1482 Dei
1700 1427 1865 1482 Verbi
1890 1441 1986 1478 na-

413 1533 565 1577 turas
595 1523 904 1576 incarnatas
936 1522 1187 1576 dicimus.
1228 1520 1443 1574 Scimus
1474 1517 1619 1571 enim
1671 1531 1831 1569 unam
1867 1530 1987 1568 esse

411 1615 508 1668 Dei
541 1615 703 1668 Verbi
738 1621 1011 1667 naturam.
1041 1612 1146 1668 Sed
1185 1626 1428 1673 carnem,
1464 1624 1571 1677 qua
1609 1617 1770 1661 utens
1803 1607 1981 1659 incar-

411 1713 571 1758 natus
600 1713 702 1767 est,
729 1705 953 1757 alterius
981 1718 1101 1757 esse
1126 1709 1335 1755 natura:
1365 1701 1677 1754 didicimus.
1713 1699 1851 1762 Puto
1886 1712 1985 1749 au-

413 1802 520 1845 tem
546 1799 597 1844 te
623 1791 765 1844 idem
795 1806 1014 1860 quoque
1037 1790 1310 1844 conﬁteri.
1334 1791 1432 1842 Dic
1461 1805 1613 1858 ergo,
1633 1788 1787 1856 105
1805 1796 1986 1840 utrum

410 1881 839 1935 incarnationem
867 1882 1168 1934 mutatione
1199 1880 1432 1948 quadam
1466 1879 1988 1937 factamessedicis‘?

478 1973 683 2026 ERAN.
721 1972 940 2026 Modum
969 1987 1078 2024 non
1099 1971 1250 2034 novi,
1283 1971 1447 2024 credo
1488 1980 1667 2024 autem
1703 1971 1878 2038 ipsum
1903 1969 1986 2022 in-
2061 2003 2064 2008 -

410 2070 692 2116 carnatum
731 2078 870 2116 esse.

481 2152 690 2207 ORTll.
720 2150 972 2220 Improbe
1001 2150 1364 2219 ignorantiam
1406 2151 1684 2218 pnetexis,
1717 2158 1770 2201 et
1795 2149 1986 2202 Phari-

412 2257 644 2298 saeorum
696 2257 868 2294 more.
933 2241 1066 2293 Nam
1121 2240 1198 2292 illi
1247 2255 1486 2308 quoque,
1547 2240 1989 2308 interrogationis

413 2332 709 2387 Dominicaa
733 2331 842 2384 vim
871 2330 1287 2398 perspicientes,
1306 2339 1362 2382 et
1388 2329 1638 2383 convinci
1664 2339 1985 2391 metuentes,

411 2423 670 2476 dixerunt
705 2439 718 2474 :
753 2439 770 2469 (
804 2420 1087 2473 Nescimus
1123 2420 1188 2470 ".
1243 2438 1259 2468 ι
1302 2419 1414 2488 Ego
1442 2434 1575 2474 vero
1625 2419 1828 2472 diserte
1858 2433 1988 2486 pro-

411 2513 626 2578 nuntio,
677 2512 916 2566 divinam
952 2509 1384 2564 incarnationem
1433 2525 1463 2562 a
1505 2509 1807 2562 mutatione
1854 2509 1988 2562 libe-

410 2620 525 2658 ram
551 2604 738 2657 l‘uisse.
794 2603 848 2656 Si
906 2602 1054 2656 enim
1099 2602 1429 2655 alteratione
1465 2601 1720 2670 quapiam
1763 2609 1817 2654 et
1865 2618 1986 2654 mu-

411 2693 615 2746 tatione
679 2691 997 2745 incarnatus
1059 2697 1164 2753 est,
1231 2690 1383 2742 nullo
1469 2689 1633 2742 modo
1705 2689 1807 2759 ipsi
1866 2699 1989 2759 post

411 2785 772 2855 mutationem
790 2784 876 2836 vel
908 2798 996 2835 res
1030 2782 1114 2836 vel
1146 2782 1370 2836 nomina
1397 2781 1583 2836 divina
1627 2782 1983 2836 conveniunt.

480 2876 686 2930 ERAN.
741 2875 891 2944 Saepe
927 2875 1034 2943 jam
1076 2875 1312 2929 confessi
1341 2889 1550 2938 sumus,
1590 2875 1986 2929 immutabilem

407 2983 529 3022 esse
557 2969 726 3023 Deum
762 2969 1024 3023 Verbum.
1497 2954 1500 2957 ’

477 3060 685 3114 ORTl-I.
713 3059 890 3114 Carne
916 3059 1082 3130 igitur
1116 3067 1394 3130 assumpta
1417 3059 1733 3114 incarnatus
1765 3070 1865 3115 est.

478 3151 684 3204 ERAN.
716 3152 918 3205 Verum
946 3159 1050 3206 est.

471 3242 688 3298 'ORTH.
715 3245 831 3298 Alia
857 3243 1079 3311 quidem
1105 3253 1190 3297 est
1237 3244 1516 3298 incarnata
1555 3246 1650 3300 Dei
1696 3244 1860 3300 Verbi
1892 3262 1985 3299 na-

397 3349 551 3400 tura,
580 3336 682 3390 alia
725 3335 896 3404 ipsius
951 3332 1153 3396 carnis,
1177 3348 1339 3402 quam
1381 3349 1664 3388 assumens
1691 3335 1786 3388 Dei
1819 3334 1980 3390 Verbi

411 3441 605 3486 natura
634 3430 912 3482 incarnata
938 3434 1021 3480 est
1049 3433 1106 3480 et
1135 3426 1300 3479 homo
1326 3425 1488 3480 facta.

476 3519 685 3575 .ERAN.
731 3519 854 3572 Haec
882 3517 956 3572 ita
984 3532 1041 3570 se
1063 3517 1266 3570 habere
1295 3527 1526 3571 constat.

475 3613 685 3668 ORTH.
728 3611 880 3665 Anne
901 3611 1066 3680 igitur
1098 3625 1398 3666 conversus
1416 3619 1500 3665 est
1527 3611 1582 3665 in
1617 3614 1882 3667 carnem?

471 3704 678 3759 ERAN.
703 3704 1076 3771 Nequaquam.

475 3791 683 3846 ORTH.
713 3790 768 3844 Si
787 3805 916 3860 ergo
937 3806 1046 3844 non
1063 3805 1378 3855 conversus,
1403 3792 1498 3846 sed
1519 3808 1683 3848 carne
1705 3804 1984 3864 assumpta

407 3884 726 3937 incarnatus
756 3891 859 3944 est,
889 3890 1200 3950 congruunt
1227 3890 1413 3935 autem
1436 3890 1492 3935 et
1515 3883 1630 3936 haec
1663 3892 1718 3936 et
1739 3884 1829 3938 illa
1868 3893 1983 3938 tan-

391 3990 567 4044 quam
592 3975 873 4027 inearnato
893 3973 1024 4036 Deo,
1047 3982 1108 4025 ut
1144 3973 1308 4041 paulo
1326 3981 1453 4026 ante
1492 3973 1698 4039 dixisti,
1717 3991 1828 4030 non
1847 3993 1981 4031 con-

406 4066 538 4119 fusae
560 4075 688 4119 sunt
710 4073 934 4127 naturae,
967 4063 1063 4118 sed
1095 4064 1318 4134 integrae
1348 4075 1685 4120 manserunt.
1713 4066 1804 4122 Sic
1832 4067 1980 4121 enim

405 4156 771 4226 intelligentes
833 4155 992 4209 facile
1047 4156 1505 4223 cvangelistarum
1567 4160 1979 4213 consonantiam

393 4260 713 4298 cernemus.
759 4246 930 4299 Unius
964 4245 1112 4300 enim
1165 4243 1463 4315 Unigeniti,
1519 4246 1724 4302 Christi
1757 4249 1979 4318 inquam

2095 426 2319 496 ἀριθμεῖ
2351 428 2546 494 γενεάς
2570 446 2584 493 ;

2164 521 2363 574 ΕΡΑΝ.
2401 521 2937 590 Τεσσαρακονταδύο.

2163 611 2312 663 ΟΡΘ.
2358 611 2419 662 Εἰ
2466 610 2647 662 τοίνυν
2695 610 2792 680 μία
2831 610 2993 678 φύσις
3041 613 3068 664 ό
3096 613 3377 682 Δεσπότης
3410 615 3666 685 Χριστὸς,

2096 702 2210 765 πῶς
2238 699 2350 754 οἶόν
2390 720 2446 754 τε
2479 703 2640 756 αὐτὸν
2680 705 2773 756 καὶ
2800 705 3029 757 πάντων·
3048 705 3263 775 ὁρατῶν
3294 708 3390 759 καὶ
3420 709 3668 778 ἀοράτων

2095 793 2359 861 ὑπάρχειν
2407 793 2779 863 δημιουργὸν,
2829 794 2922 846 καὶ⁵
2979 795 3119 862 μετά
3157 797 3350 862 γενεὰς
3401 800 3669 863 τοσαύτας

2095 884 2196 935 ὑπὸ
2219 884 2312 936 τοῦ
2337 885 2606 951 παναγίου
2639 885 2952 955 Πνεύματος
2979 887 3385 957 διαπλασοῆναι
3405 892 3461 941 ὲν
3487 893 3669 960 μήτρᾳ

2092 976 2394 1046 παρθενικῇ
2420 994 2434 1042 ;
2469 977 2586 1040 πῶς
2615 977 2670 1029 δὲ
2701 978 2795 1030 καὶ
2827 977 2922 1030 τοῦ
2967 979 3135 1049 Ἀδὰμ
3161 981 3411 1050 ποιητὴς,
3444 983 3536 1034 καὶ
3563 983 3668 1035 τῶν
3699 965 3712 1052 ί

2090 1065 2184 1116 τοῦ
2227 1065 2396 1133 Ἀδὰμ
2425 1065 2704 1132 ἀπογόνων
2737 1067 2850 1129 υἱός
2875 1083 2889 1129 ;

2163 1154 2362 1206 ΕΡΑΝ.
2401 1153 2510 1206 Καὶ
2535 1155 2633 1225 ἤδη
2674 1156 2938 1225 πρότερον
2964 1155 3100 1226 ἔφην
3126 1157 3200 1220 ὡς
3229 1160 3490 1229 ἁρμόττει
3520 1162 3668 1233 αὐτῷ

2092 1245 2184 1296 καὶ
2211 1244 2384 1297 ταῦτα
2416 1247 2643 1318 κάκεῖνα
2667 1247 2742 1310 ὡς
2771 1250 3180 1320 σεσαρκωμὲνῳ
3199 1251 3315 1322 Θεῴ
3339 1268 3352 1283 ο
3393 1254 3522 1322 μίαν
3559 1256 3668 1326 γὰρ

2090 1331 2202 1388 οῖδα
2234 1335 2326 1388 τοῦ
2358 1337 2531 1404 Λόγου
2565 1337 2725 1407 φύσιν
2751 1341 3203 1410 σεσαρκωμένην.

2162 1426 2314 1480 ΟΡΘ.
2332 1427 2468 1481 Οὐδέ
2491 1445 2553 1496 γε
2583 1432 2769 1498 ἡμεῖς,
2802 1428 2846 1482 ὧ
2872 1431 3064 1498 άγαοὲ,
3089 1431 3183 1483 δύο
3211 1433 3400 1499 φύσεις
3424 1435 3517 1487 τοῦ
3533 1436 3666 1491 Θεοῦ

2088 1516 2260 1583 Λόγου
2295 1519 2679 1586 σεσαρκῶτθαί
2717 1537 2902 1588 φαμεν
2930 1537 2943 1550 ’
2968 1521 3097 1590 μίαν
3131 1521 3240 1592 (49)
3269 1523 3379 1593 γάρ
3399 1526 3554 1594 ἴσμεν
3572 1527 3665 1580 τοῦ

2089 1606 2224 1658 Θεοῦ
2247 1607 2422 1674 Αόγου
2449 1608 2546 1679 τὴν
2562 1609 2722 1676 φύσιν
2750 1624 2767 1641 ⁸
2793 1610 2926 1663 ἀλλά
2944 1612 3040 1682 τὴν
3058 1615 3254 1684 σάρκα,
3324 1619 3665 1686 χρησάμενος

2091 1698 2398 1767 ἐσαρκώθη,
2428 1700 2620 1768 ἐτέρας
2653 1695 2789 1754 εἶναι
2825 1702 3039 1771 φύσεως
3089 1705 3466 1778 ἐδιδάχθημεν.
3497 1703 3664 1780 Οἶμαι

2086 1787 2142 1839 δέ
2179 1805 2241 1854 γε
2283 1789 2441 1842 τοῦτο
2476 1790 2572 1842 καὶ
2619 1792 2677 1843 σὲ
2721 1794 3122 1862 συνομολογεῖν.
3171 1799 3304 1851 Εἰπὲ
3335 1802 3535 1866 τοίνυν,
3567 1802 3661 1868 τὴν

2091 1877 2362 1944 σάρκωσιν
2398 1883 2536 1931 κατά
2569 1885 2773 1952 τροπήν
2805 1901 2928 1936 τινα
2958 1887 3284 1956 γεγενῆσθαι
3312 1890 3528 1958 λέγεις;

2159 1967 2358 2019 ΕΡΛΝ.
2399 1970 2512 2022 Οὐκ
2567 1968 2684 2024 οἶδα
2722 1973 2810 2024 τὸν
2847 1977 3073 2045 τρόπον,
3120 1981 3360 2033 πιστεύω
3400 1983 3455 2035 δὲ
3500 1985 3660 2039 αὑτὸν

2093 2058 2464 2127 σαρκωοῆναι.

2161 2148 2310 2200 ΟΡΘ.
2363 2151 2700 2224 Κακούργως
2747 2158 3055 2228 προύδάλου
3107 2163 3206 2233 τὴν
3259 2164 3512 2231 ἄγνοιαν,
3565 2169 3662 2221 καὶ
3731 2164 3738 2169 ’

2090 2242 2200 2300 τοῖς
2234 2241 2550 2310 Φαρισαίοις
2576 2249 2991 2319 παραπλησίως.
3033 2255 3138 2305 Καὶ
3175 2255 3281 2324 γάρ
3314 2260 3537 2323 ἐκεῖνοι,
3565 2261 3660 2329 τῆς

2090 2331 2422 2402 Δεσποτικῆς
2452 2337 2774 2406 ἐρωτήσεως
2795 2341 2855 2393 τὸ
2896 2344 3116 2414 ἰσχυρὸν
3149 2347 3505 2416 θεασάμενοι,
3545 2347 3662 2404 εἶτα

2089 2421 2178 2472 τὸν
2206 2422 2422 2493 ἔλεγχον
2453 2427 2818 2500 ύπειδόμενοι,
2856 2434 2936 2498 τὸ,
2970 2456 2987 2485 ι
3027 2439 3140 2490 υύκ
3173 2441 3450 2510 οἵδαμεν,›
3487 2439 3657 2499 εἶπον.

2106 2513 2244 2579 Ἐγὼ
2280 2517 2335 2567 δὲ
2371 2518 2477 2586 βοῶ
2507 2520 2829 2594 διαρρήδην,
2862 2526 2936 2589 ὼς
2967 2531 2995 2598 η
3038 2529 3155 2582 Θεία
3196 2534 3472 2602 σάρκωσις
3504 2537 3657 2588 ἐλευ-

2091 2602 2222 2672 ϐέρα
2261 2610 2487 2677 τροπῆς.
2537 2611 2596 2662 Εἰ
2646 2613 2752 2682 γάρ
2792 2617 2911 2667 κατ’
2943 2616 3226 2671 ἀλλοίωσίν
3259 2637 3381 2673 τινα
3413 2623 3505 2674 καὶ
3535 2641 3660 2694 τρο-

2092 2695 2196 2765 πὴν
2244 2699 2558 2770 ὲσαρκώθη,
2617 2703 2868 2773 οὐδαμῶς
2918 2707 3067 2777 αύτῴ
3118 2710 3256 2778 μετὰ
3303 2713 3400 2778 τὴν
3449 2719 3661 2785 τροπὴν

2091 2787 2350 2856 ἁρμόττει
2385 2791 2454 2844 τά
2495 2793 2614 2846 Gaia
2638 2795 2747 2846 τῶν
2772 2797 3050 2866 ὀνομάτων
3084 2818 3144 2852 τε
3175 2803 3269 2855 καὶ
3299 2807 3654 2876 πραγμάτων.

2166 2879 2372 2935 ΕΡΑΝ.
2421 2885 2866 2959 Ὠμολογήσαμεν
2900 2891 3163 2956 πολλάκις
3201 2895 3467 2965 ἄτρεπτον
3522 2896 3662 2955 εἶναι

2087 2969 2178 3022 τὸν
2205 2971 2338 3026 Θεὸν
2367 2976 2559 3042 Λόγον.

2160 3064 2312 3117 ΟΡΘ.
2345 3066 2647 3139 Τοιγαροῦν
2675 3071 3061 3142 σάρκαλαϐὼν
3095 3078 3406 3150 ὲσαρκὼοη.

2159 3156 2357 3211 EPAN.
2403 3159 2642 3229 Ἀληθές.

2158 3246 2308 3300 ΟΡΘ.
2351 3248 2517 3319 Ἀλλη
2571 3251 2733 3322 μὲνὴ
2791 3256 3136 3325 σαρκωθεῖσα
3167 3259 3261 3312 τοῦ
3308 3259 3444 3314 Θεοῦ
3482 3263 3658 3333 Λόγου

2088 3331 2269 3399 φύσις,
2303 3336 2434 3406 άλλη
2464 3338 2520 3390 δὲ
2548 3340 2579 3406 ἠ
2608 3340 2704 3410 τῆς
2745 3344 2968 3412 σαρκὸς,
3006 3345 3071 3415 ἦν
3116 3349 3461 3403 ἀναλαϐοῦσα
3490 3355 3521 3422 ἡ
3559 3331 3651 3407 τοῦ

2089 3424 2229 3478 θείου
2259 3428 2433 3495 Λόγου
2465 3430 2625 3499 φύσις
2658 3435 2946 3505 ὲσαρκώθη
2971 3441 3064 3490 καὶ
3096 3441 3547 3513 ἐνηνθρώπησεν.

2163 3519 2365 3574 EPAN.
2404 3523 2786 3592 Ὠμολόγηται.

2160 3611 2309 3664 υΡΘ.
2345 3611 2555 3664 Οὐκοῦν
2590 3614 2798 3685 ἐτράπη
2836 3619 2914 3679 εἰς
2941 3618 3154 3688 σάρκας

2158 3702 2360 3755 EPAN.
2401 3704 2690 3774 Οὐδαμῶς.

2157 3793 2308 3847 ΟΡΘ.
2353 3795 2414 3847 Et
2457 3796 2638 3850 τοίνυν
2690 3799 2752 3850 οὐ
2787 3803 3018 3870 τραπεὶς
3041 3844 3055 3868 ,
3086 3804 3223 3858 ἀλλά
3254 3807 3429 3877 σάρκα
3478 3811 3657 3867 λαϐὼν

2085 3885 2371 3956 ὲσαρκώθη
2393 3923 2408 3949 ,
2444 3888 2704 3958 ἁρμόττει
2735 3891 2793 3944 δὲ
2823 3893 2918 3945 καὶ
2956 3894 3130 3948 ταῦτα
3167 3899 3395 3952 κάκεῖνα
3419 3901 3495 3965 ὡς
3523 3920 3657 3975 σαρ-

2086 3976 2313 4067 κωθέντι
2335 3977 2455 4049 Θεῷ
2480 3997 2493 4009 ·
2524 3980 2682 4034 τοῦτο
2723 3982 2831 4054 γὰρ
2863 3979 3022 4049 εἶπας
3062 3989 3264 4058 ἀρτίως
3291 4009 3302 4023 ·
3333 3994 3394 4044 ού
3431 3998 3658 4067 συνεχύ-

2087 4065 2256 4134 θησαν
2307 4072 2362 4122 at
2408 4071 2634 4139 φύσεις,
2677 4073 2792 4126 ἀλλ’
2838 4075 3064 4145 ἔμειναν
3113 4081 3456 4152 ἀκραιφνεῖς.
3501 4065 3657 4141 Οῦτω

2085 4158 2192 4230 γὰρ
2215 4159 2462 4225 νοοῦντες
2491 4165 2585 4216 καὶ
2617 4165 2713 4235 τὴν
2743 4167 3145 4235 εὐαγγελιστῶν
3179 4177 3495 4243 συμφωνίαν
3526 4181 3656 4248 ὀψό-

2089 4252 2246 4321 μεθα.
2277 4253 2384 4306 Τοῦ
2415 4255 2525 4325 γὰρ
2555 4257 2674 4320 ἑνὸς
2697 4260 3057 4328 Μονογενοῦς,
3089 4264 3183 4317 τοῦ
3225 4267 3495 4322 Δεσπότου
3523 4272 3657 4340 Χρι-

397 4337 640 4400 Domini,
669 4336 766 4390 illc
799 4341 811 4354 '
833 4336 1176 4391 divinitatem
1197 4337 1482 4399 describit,
1518 4338 1610 4392 hic
1629 4355 1760 4394 vero
1787 4341 1978 4396 huma-

2096 4344 2211 4396 ττοῦ
2232 4344 2398 4413 λέγω,
2435 4348 2464 4399 ό
2499 4347 2597 4417 μὲν
2629 4350 2698 4402 τὰ
2738 4351 2857 4404 θεῖα
2897 4355 3180 4423 κηρύττει,
3212 4361 3238 4409 ὁ
3267 4358 3322 4410 δὲ
3353 4361 3419 4412 τά
3445 4336 3657 4432 ἀνθρώ-

400 4429 648 4482 nitatem.
682 4428 773 4482 Sic
801 4436 982 4481 autem
1013 4428 1314 4497 intelligere
1335 4427 1452 4497 ipse
1475 4445 1694 4498 quoque
1722 4431 1978 4487 Christus

397 4519 666 4574 Dominus
684 4536 785 4574 nos
803 4519 1012 4583 docuit,
1031 4522 1123 4589 qui
1147 4536 1294 4574 nunc
1314 4522 1537 4590 quidem
1556 4522 1798 4590 seipsum
1822 4525 1979 4596 106

399 4610 494 4665 Dci
522 4611 715 4664 Filium
748 4612 1005 4679 appellat,
1031 4627 1176 4664 nunc
1213 4611 1408 4665 Filium
1447 4612 1682 4666 hominis
1709 4631 1720 4666 :
1754 4623 1809 4669 et
1847 4617 1982 4671 alias

397 4702 579 4766 matri,
611 4710 870 4770 tanquam
915 4703 1188 4771 genitrici,
1226 4704 1490 4758 honorem
1517 4707 1805 4772 tribuit";
1845 4710 1979 4764 alias

397 4791 644 4844 eamdem
699 4799 961 4860 tanquam
997 4792 1262 4846 Dominus
1311 4794 1555 4864 increpat
1590 4799 1652 4850 ’³.
1711 4799 1777 4852 Ει
1813 4801 1976 4856 modo

397 4882 662 4950 approbat
687 4883 1024 4951 appellantes
1048 4883 1225 4952 ipsum
1265 4885 1433 4938 lilium
1459 4888 1678 4943 Davidis
1699 4892 1782 4953 ’3‘,
1811 4893 1973 4944 modo

400 4973 714 5040 ignorantes
763 4975 944 5036 docet,
997 4991 1053 5027 se
1113 4992 1222 5027 non
1275 4977 1448 5030 solum
1497 4978 1666 5033 lilium
1709 4999 1851 5048 esse,
1879 4985 1972 5038 sed

395 5064 561 5117 etiam
583 5063 866 5118 dominum
901 5066 1122 5119 Davidis
1147 5067 1211 5118 “.
1237 5067 1303 5119 Et
1322 5068 1594 5122 interdum
1623 5072 1892 5128 Nazareth
1921 5084 1975 5128 et

395 5153 736 5222 Capernaum
789 5159 1019 5225 patriam
1057 5170 1251 5213 vocat:
1285 5175 1476 5214 rursus
1505 5172 1686 5216 autem
1726 5167 1924 5220 clamat
1958 5187 1970 5219 :

404 5262 420 5294 ε
451 5246 757 5317 Antequam
816 5250 1089 5304 Abraham
1138 5261 1481 5314 nasceretur,
1518 5269 1620 5323 ego
1656 5271 1776 5308 sum
1823 5257 1909 5312 Ψ.
1949 5279 1966 5309 ι

467 5358 509 5390 ²¹
543 5360 730 5414 Matth.
765 5377 877 5421 xm,
901 5363 989 5415 ‘27.

394 5429 460 5458 ’δ’
485 5429 641 5483 Joan.
686 5447 798 5494 vm,
823 5432 908 5485 58.

1115 5367 1159 5395 ²¹
1196 5365 1327 5417 Luc.
1367 5382 1422 5430 ιι,
1451 5366 1539 5419 5i.

723 5543 799 5595 Ex
823 5543 955 5618 edit.
994 5546 1150 5618 ltpm.
1178 5545 1232 5602 et
1258 5548 1403 5617 Lips.
1432 5551 1764 5618 suppletum.

462 5611 571 5683 (40)
594 5612 991 5681 Μίαν-φύσιν.
1020 5615 1095 5667 Ex
1119 5616 1306 5671 iisdem
1326 5611 1483 5678 editt.
1501 5611 1632 5676 'h'azc
1658 5624 1957 5692 supplenda

1643 5369 1863 5424 “Joan.
1896 5388 1953 5436 ιι,
1983 5374 2032 5426 4.

2088 4452 2242 4493 πινα.
2282 4437 2442 4492 Οὕτω
2487 4440 2544 4492 δὲ
2584 4445 2726 4495 νοεῖν
2762 4445 2857 4498 καὶ
2908 4446 3071 4509 αὐτὸς
3119 4451 3146 4500 ὁ
3196 4451 3473 4520 Δεσπότης
3510 4456 3659 4524 ἡμᾶς

2080 4527 2318 4582 διδάσκει
2371 4530 2638 4601 Χριστὸς,
2695 4534 2789 4586 νῦν
2842 4537 2940 4605 μὲν
2998 4538 3187 4590 ἑαυτὸν
3233 4545 3656 4614 προσαγορεύων

2081 4618 2214 4670 Θεοῦ
2251 4619 2398 4681 Υίὸν,
2431 4621 2527 4674 νῦν
2553 4622 2608 4675 δὲ
2640 4623 2766 4676 Υἱόν
2793 4627 3112 4694 ἀνθρώπου·
3140 4631 3233 4682 καὶ
3260 4634 3388 4684 ποτὲ
3425 4635 3542 4702 μὲν,
3578 4635 3656 4699 ὡς

2079 4717 2472 4784 γεγεννηκυῖαν
2512 4714 2611 4784 τὴν
2643 4718 2862 4786 μητέρα
2900 4721 3054 4788 τιμᾷ,
3093 4723 3221 4774 ποτὲ
3252 4723 3306 4774 δὲ
3342 4725 3416 4787 ὡς
3447 4729 3654 4780 Δεσπό-

2080 4819 2180 4872 της
2204 4805 2450 4876 ὲπιτιμᾷο
2470 4807 2565 4857 καὶ
2582 4805 2678 4857 νῦν
2701 4806 2799 4876 μὲν
2822 4809 2948 4871 τοὺς
2970 4811 3081 4862 υἱὸν
3105 4813 3267 4864 Δαϐὶδ
3287 4814 3656 4884 ὀνομάζοντας

2083 4895 2430 4965 ἀποδέχεται,
2486 4898 2580 4950 νῦν
2606 4899 2663 4950 δὲ
2693 4898 2931 4952 διδάσκει
2977 4903 3100 4964 τοὺς
3124 4905 3450 4971 ἀγνοοῦντας
3477 4909 3553 4972 ὡς
3589 4911 3651 4962 ού

2077 4986 2236 5055 μόνον
2267 4987 2382 5050 υἱός
2413 4989 2596 5052 ἐστιν,
2631 4989 2768 5042 ἀλλά
2815 4992 2906 5044 καὶ
2949 4992 3137 5064 κύριος
3180 4996 3272 5048 τοῦ
3315 5000 3495 5053 Δαϐίδ.
3549 5003 3655 5054 Καὶ

2074 5078 2230 5130 καλεῖ
2252 5081 2348 5147 μὲν
2370 5079 2466 5149 τὴν
2483 5079 2735 5151 Ναζαρὲτ
2758 5084 2850 5134 καὶ
2865 5085 2964 5153 τὴν
2992 5087 3362 5159 Καπερναοὺμ
3394 5095 3650 5162 πατρίδα·

2077 5167 2174 5239 βοᾷ
2202 5169 2257 5221 δὲ
2289 5170 2470 5223 πάλιν·
2508 5191 2524 5222 ι
2555 5173 2690 5242 Πρὶν
2732 5175 2982 5245 Ἀϐραὰμ
3011 5179 3286 5245 γενέσθαι,
3314 5183 3423 5251 ἐγώ
3455 5189 3589 5254 εἰμι.
3631 5208 3648 5238 ι

2075 5261 2418 5330 Παμπόλλων
2440 5262 2496 5316 δὲ
2523 5263 2777 5319 τοιούτων
2808 5267 3067 5338 εὑρήσεις
3097 5273 3353 5328 ἀνάπλεω
3384 5278 3480 5344 τὴν
3501 5277 3656 5332 Θείαν

2149 5374 2213 5404 ’³⁸
2253 5375 2442 5430 Matth.
2474 5377 2638 5441 xx1,9
2675 5393 2827 5447 seqq.
2931 5381 2977 5412 ’δ
3000 5381 3188 5436 Matth.
3231 5402 3357 5451 xxn,
3392 5389 3458 5442 42
3497 5407 3654 5460 seqq.

2080 5557 2323 5638 [uerunL
2377 5560 2536 5615 Plura
2591 5570 2747 5617 erant
2797 5565 2853 5619 in
2892 5565 3148 5620 versione
3191 5583 3353 5638 quam
3401 5570 3454 5624 in
3501 5580 3650 5628 textu

2067 5627 2106 5681 C
2118 5644 2276 5681 rauco.
