3990 6214
382 310 485 376 145

1436 321 1814 383 DIALOGUS‘
1854 323 1934 381 II.
1976 345 2043 355 --·
2083 322 2570 382 INCONFUSUS.

3523 318 3625 383 146

381 429 419 482 Γ
422 426 623 496 ραφὴν.
666 422 851 479 Ταῦτα
877 424 935 478 δὲ
969 425 1030 478 οὒ
1069 426 1198 496 μιᾶς
1240 425 1473 494 φύσεως,
1501 429 1641 481 ἀλλὰ
1658 429 1752 483 δύο
1776 431 1949 500 δηλω-

2089 429 2375 500 lujnsmodi
2410 429 2575 484 dictis
2606 428 2857 499 plurimis
2897 426 3143 481 invenies
3180 426 3435 480 refertam
3480 428 3623 480 divi-

385 518 531 570 ωιά.

452 694 658 746 ΕΡΑΝ.
710 693 769 745 Ὀ
798 692 892 746 δύο
919 692 1111 763 φύσεις
1147 696 1204 747 ὲν
1245 695 1323 766 τῷ
1353 697 1573 767 Χριστῷ
1596 698 1836 771 θεωρῶν,
1878 704 1957 766 εἰς

289 829 301 859 ,
377 782 476 836 δύο
501 785 649 847 υίοὺς
677 783 891 854 μερίζει
917 785 1007 837 τὸν
1035 785 1131 839 ἕνα
1169 788 1471 859 Μονογενῆ.

452 875 612 928 ΟΡΘ.
654 874 864 929 Οὐκοῦν
905 876 998 929 καὶ
1030 878 1060 929 ὀ
1096 877 1187 930 τὸν
1217 881 1426 934 Παῦλον
1444 883 1521 947 ,ὲκ
1562 882 1741 952 ψυχῆς
1786 885 1959 952 λέγων

380 965 480 1017 καὶ
510 965 778 1035 σώματος,
805 966 899 1020 δύο
931 968 1176 1033 Παύλους
1207 971 1296 1023 τὸν
1318 972 1416 1026 ἕνα
1441 971 1552 1043 (41)
1584 974 1887 1046 ἀπέφηνεν.

454 1140 663 1194 ΕΡΑΝ.
705 1141 984 1206 Ἀπεοικὸς
1019 1144 1081 1197 τὸ
1110 1144 1478 1214 παράδειγμα.

460 1232 619 1286 ΟΡΘ.
653 1227 786 1286 Οἶδα
819 1233 992 1302 κάγώ.
1039 1235 1300 1289 Ἐνταῦθα
1331 1238 1439 1310 γὰρ
1463 1239 1667 1308 φυσικὴ
1703 1238 1810 1292 τῶν
1834 1241 1962 1309 ὁμο-

384 1323 618 1391 χρόνων,
652 1325 744 1376 καὶ
775 1327 1028 1386 κτιστῶν,
1068 1327 1161 1379 καὶ
1205 1327 1511 1396 ὁμοδούλων
1540 1331 1572 1398 ἠ
1609 1330 1801 1393 ἕνωσις
1824 1349 1839 1361 ·
1869 1332 1961 1383 ἐπὶ

380 1413 440 1466 δὲ
460 1413 559 1466 τοῦ
592 1416 865 1469 Δεσπότου
894 1418 1150 1485 Χριστοῦ,
1173 1420 1235 1470 τὸ
1262 1420 1385 1492 ὅλον
1416 1421 1668 1484 εὐδοκίας
1692 1424 1830 1486 ἐστὶ,
1867 1427 1961 1476 καὶ

383 1504 831 1575 φιλανθρωπίας,
876 1509 970 1561 καὶ
998 1508 1239 1578 χάριτος.
1277 1510 1421 1581 Πλὴν
1446 1512 1552 1564 καὶ
1593 1514 1828 1583 φυσικῆς
1871 1516 1959 1566 ὲν-

383 1595 565 1649 ταῦθα
587 1597 687 1666 τῆς
705 1597 952 1663 ἐνὼσεως
979 1598 1164 1670 οὔσης,
1198 1601 1434 1672 ἀκέραια
1464 1620 1528 1672 με
1539 1607 1742 1674 μένηκε
1764 1606 1829 1659 τὰ
1853 1606 1960 1658 τῶν

388 1683 609 1750 ῳῦσεων
634 1685 761 1739 ἴδια.

471 1857 669 1911 EPAN.
707 1858 769 1910 Εἰ
812 1859 1082 1928 διέμεινεν
1110 1860 1288 1930 ἀμιγῆ
1317 1864 1385 1914 τὰ
1426 1863 1535 1915 τῶν
1572 1863 1785 1931 φύσεων
1830 1865 1958 1933 ῐδια,

405 1949 525 2011 πῶς
559 1949 694 2018 μετὰ
714 1949 802 2003 τοῦ
825 1950 1073 2020 σώματος
1099 1952 1349 2022 ὀρέγεται
1379 1955 1582 2024 τροφῆς
1602 1956 1746 2028 ψυχή
1774 1974 1788 2023 ἱ

466 2134 619 2188 ΟΡΘ.
671 2136 778 2205 Οὐχ
811 2137 844 2205 ἠ
881 2135 1027 2206 ψυχὴ
1071 2138 1277 2208 τροφῆς
1321 2139 1614 2210 ὀρέγεται·
1692 2140 1810 2203 πῶς
1853 2142 1962 2212 γὰρ

387 2227 492 2298 ἥγε
519 2225 805 2289 ἀθάνατος,
834 2228 928 2279 καὶ
951 2228 1213 2299 κρείττων
1236 2229 1475 2298 τροιρῆςς
1514 2229 1672 2283 Ἀλλὰ
1694 2231 1754 2284 τὸ
1777 2232 1959 2302 σῶμα,

387 2316 487 2387 τὴν
515 2315 752 2386 ζωτικὴν
786 2317 1039 2397 δύναμιν,
1069 2320 1196 2388 παρ’
1229 2320 1399 2389 αὐτῆς
1449 2322 1832 2391 κομιζόμενον.
1881 2326 1962 2376 αῖ·

390 2406 652 2458 σθάνεται
686 2407 787 2475 τῆς
836 2406 1066 2471 ἐνδείας,
1102 2408 1195 2461 καὶ
1246 2409 1574 2480 προσλαϐεῖν
1618 2414 1677 2466 τὸ
1717 2412 1961 2465 ἐλλεῖπον

387 2498 635 2566 ἐφίεται·
663 2498 809 2550 οὕτω
839 2501 930 2552 καὶ
959 2499 1274 2570 ἀναπαῦλης
1313 2502 1452 2569 μετὰ
1480 2501 1639 2556 πόνον
1667 2504 1960 2574 ἱμείρεται,

388 2591 485 2642 καὶ
514 2590 650 2659 μετὰ
664 2591 1010 2659 ἐγρήγορσιν,
1038 2590 1226 2653 ὕπνου,
1252 2592 1470 2646 καὶτῶν
1486 2592 1660 2647 ἄλλων
1679 2594 1959 2659 ὡσαύτως.

389 2682 596 2735 Αὐτίκα
628 2680 809 2733 τοίνυν
853 2682 993 2751 μετὰ
1034 2682 1132 2751 τὴν
1157 2682 1420 2746 διάλυσιν,
1461 2683 1557 2754 τὴν
1595 2685 1832 2756 ζωτικὴν
1862 2688 1963 2740 οὐκ

388 2770 514 2839 ἔχον
546 2770 828 2839 ἐνέργειαν
855 2808 869 2831 ,
911 2769 1031 2822 οὐδὲ
1059 2769 1310 2841 ὀρέγεται
1340 2771 1433 2825 τοῦ
1464 2772 1824 2840 ἐλλείποντος,
1870 2777 1963 2832 καὶ

392 2860 471 2931 μὴ
504 2856 940 2930 προσλαμϐάνων
971 2856 1232 2928 ὑπομένει
1256 2858 1483 2930 φθοράν.

463 2952 669 3004 EPAN.
719 2950 882 3022 Ὁρᾷς
908 2951 990 3003 ὅτι
1013 2953 1111 3022 τῆς
1134 2950 1314 3021 ψυχῆς
1342 2953 1456 3005 ἐστι
1489 2952 1549 3007 τὸ
1575 2953 1754 3026 διψᾷν,
1786 2954 1878 3008 καὶ
1903 2955 1964 3009 τὸ

388 3045 609 3111 πεινῇν,
643 3043 739 3095 καὶ
761 3043 829 3095 τὰ
866 3041 1077 3105 τούτοις
1110 3043 1449 3114 προσόμοια;

461 3134 616 3187 ΟΡΘ.
658 3134 721 3187 El
748 3134 845 3202 τῆς
865 3134 1045 3204 ψυχῆς
1068 3134 1240 3188 ταῦτα
1268 3130 1357 3206 ἦν,
1386 3136 1480 3189 καὶ
1509 3136 1647 3205 μετὰ
1664 3135 1761 3207 τὴν
1790 3136 1966 3191 ἀπαλ-

387 3225 564 3293 λαγὴν
604 3225 669 3279 ἂν
697 3223 791 3277 τοῦ
820 3224 1090 3294 σώματος,
1115 3226 1207 3279 καὶ
1228 3226 1325 3295 τὴν
1354 3226 1542 3279 πείναν
1569 3227 1847 3298 ὑπέμεινε,
1873 3227 1967 3281 καὶ

385 3319 450 3373 τὸ
473 3318 650 3386 δίψος,
678 3318 773 3369 καὶ
796 3316 867 3369 τὰ
888 3316 1024 3370 ἄλλα
1049 3317 1330 3380 ὡσαύτως.

462 3406 669 3462 EPAN.
702 3406 836 3460 Τίνα
856 3401 949 3487 οῦν
975 3406 1079 3477 φὴς
1102 3404 1239 3460 εἶναι
1275 3407 1381 3461 ίδια
1409 3407 1509 3477 τῆς
1530 3406 1707 3479 ψυχῆς
1730 3424 1743 3472 ;

462 3592 621 3645 ΟΡΘ.
676 3590 750 3643 Τὸ
807 3590 1044 3659 λογικὸν,
1073 3589 1134 3642 τὸ
1183 3589 1412 3655 ἁπλοῦν,
1466 3589 1525 3643 τὸ
1569 3588 1858 3653 ἁῦἀνατον,
1908 3588 1969 3642 τὸ

390 3686 649 3756 ἀόρατον.

467 3775 671 3829 EPAN.
700 3774 767 3827 Τί
794 3774 850 3827 δὲ
871 3771 966 3826 τοῦ
994 3770 1274 3843 σώματος;

475 3868 619 3920 ΟΡΘ.
649 3866 693 3918 Τ
696 3865 726 3919 ὀ
762 3865 1034 3931 σύνθετον,
1063 3864 1124 3918 τὸ
1145 3863 1359 3935 ὁρατὸν,
1383 3863 1444 3916 τὺ
1477 3863 1686 3934 θνητόν.

478 3957 675 4015 ΕΡᾹΝ.
741 3957 835 4009 Ἐκ
886 3955 943 4008 δὲ
1006 3954 1211 4008 τούτων
1267 3954 1446 4026 φαμὲν
1496 3954 1814 4023 συγκεῖσθαι
1878 3939 1970 4007 τὸν

398 4049 683 4119 ἄνθρωπον
706 4064 722 4111 ;
914 4118 921 4127 ἢ
993 4079 1005 4089 ιη
1266 4126 1269 4127 ν
1926 4042 1931 4047 ’

471 4142 625 4195 ΟΡΘ.
663 4138 822 4193 Οῦτω
844 4137 1043 4208 φαμέν.
1374 4204 1379 4207 _

472 4232 680 4286 EPAN.
720 4229 1049 4303 Ὀριζόμεθα
1075 4224 1168 4283 οῦν
1204 4228 1294 4284 τὸν
1324 4228 1630 4301 ἄνθρωπον,
1669 4228 1805 4293 ζῶον
1825 4210 1943 4299 λογι

398 4326 499 4380 κον
528 4324 758 4395 θνητόνς

474 4418 627 4474 υΡΘ.
668 4416 1050 4487 Ὠμολόγηται.

472 4511 679 4565 EPAN.
739 4509 850 4563 Kal.
896 4509 961 4562 ὲκ
989 4507 1197 4562 τούτων
1251 4505 1519 4560 κάκείνων
1565 4506 1729 4560 αὐτὸν
1774 4505 1970 4577 ὀνομά-

405 4601 566 4672 ζομεν
586 4620 603 4667 ;

477 4691 629 4746 υΡΘ.
673 4689 917 4759 ’Δληθές.

478 4782 682 4838 EPAN.
741 4781 952 4850 Ὥσπερ
1003 4777 1186 4830 τοίνυν
1232 4780 1293 4832 οὐ
1337 4778 1652 4851 διαιροῦμεν
1715 4776 1968 4844 ἐνταῦθα,

407 4872 653 4927 ἀλλάτδν
682 4872 845 4926 αὑτὸν
889 4869 1162 4941 καλοῦμεν
1193 4874 1286 4925 καὶ
1332 4871 1552 4939 λογικὸν
1598 4869 1692 4923 καὶ
1741 4869 1968 4939 θνητόν·

407 4967 547 5019 οὕτω
562 4966 658 5019 καὶ
688 4964 782 5021 ἐπὶ
803 4962 897 5020 τοῦ
919 4964 1156 5038 Χριστοῦ
1187 4967 1454 5035 προσήκει
1477 4964 1672 5023 ποιεῖν,
1705 4959 1799 5012 καὶ
1827 4953 1976 5028 αῦτῷ

405 5060 844 5133 προσαρμόττειν
872 5059 938 5127 τά
964 5075 1024 5111 τε
1056 5057 1176 5112 θεῖα
1206 5057 1301 5111 καὶ
1329 5054 1398 5107 τὰ
1426 5051 1756 5121 ἀνθρώπινα.

476 5152 628 5207 ΟΡΘ.
666 5138 960 5219 Ἠμὲτερος
992 5142 1145 5212 οὗτος
1171 5149 1199 5200 ὀ
1219 5147 1396 5212 λόγος,
1429 5147 1476 5196 εί
1506 5144 1600 5196 καὶ
1633 5140 1708 5212 μὴ
1733 5140 1976 5211 ἀκριϐῶς

412 5242 741 5325 ἑξειργιὶιεηο.Δ
765 5241 1043 5309 Σκόπησον
1072 5240 1253 5292 τοίνυν
1278 5236 1394 5289 ὡδί.
1425 5236 1592 5287 Ὅταν
1614 5234 1703 5286 τὸν
1729 5232 1855 5300 περὶ
1878 5229 1977 5298 τῆς

414 5319 761 5405 ἀνθρωπείας
820 5330 998 5400 ψυχῆς
1061 5327 1404 5396 ἐξετάζωμεν
1471 5324 1650 5392 λόγον,
1702 5322 1861 5391 μόνον
1905 5319 1974 5373 τὰ

415 5424 755 5494 προαήκοντα
780 5424 847 5491 τῇ
873 5421 1073 5491 ταύτης
1098 5417 1349 5489 ἐνεργείᾳ
1375 5415 1467 5468 καὶ
1496 5414 1653 5484 φύσει
1676 5412 1852 5483 φαμέν
1875 5429 1888 5476 ;

482 5512 686 5567 EPAN.
730 5511 902 5566 Μόνα.

487 5688 601 5755 (ιι)
643 5670 805 5745 “Eva.
832 5690 910 5744 Ed
948 5688 1103 5741 Rom.
1136 5693 1189 5738 ct
1227 5683 1372 5752 Lips.
1406 5680 1611 5736 addunt
1640 5678 1868 5733 Παῦλον.

2056 536 2180 573 nam
2227 520 2584 589 Scripturam.
2623 520 2749 574 lianc
2780 534 2943 589 porro
2991 535 3099 573 non
3146 533 3307 572 unam
3352 530 3623 583 naturam,

2057 611 2152 664 sed
2187 611 2323 665 duas
2349 611 2745 665 demonstrant.

2129 702 2335 756 ERAN.
2378 701 2480 767 Qui
2520 702 2656 756 duas
2686 702 2740 756 in
2772 700 2991 756 Christo
3040 709 3262 757 naturas
3290 701 3621 765 considerat,

2058 794 2115 848 in
2140 793 2280 848 duos
2305 793 2445 847 ﬁlios
2472 793 2672 848 dividit
2705 808 2876 847 unum
2903 793 2997 863 qui
3024 802 3109 847 est
3142 792 3487 861 Unigenitus.

2127 883 2337 938 ORTH.
2366 884 2508 953 Ergo
2541 891 2597 938 et
2626 884 2720 953 qui
2752 884 2979 937 Paulum
3001 898 3069 936 ex
3099 881 3279 935 anima
3311 890 3367 936 et
3398 895 3628 950 corpore

2062 975 2465 1044 (compositum)
2525 973 2681 1038 dicit,
2744 973 2884 1028 duos
2921 972 3116 1027 Paulos
3163 986 3261 1041 pro
3300 985 3410 1025 uno
3458 970 3627 1024 Paulo

2060 1065 2208 1119 facit.

2131 1156 2336 1209 ERAN.
2380 1154 2651 1209 Dissimile
2680 1162 2765 1208 est
2790 1152 3120 1223 exemplum.

2132 1246 2340 1301 ORTH.
2376 1246 2502 1300 Scio
2535 1257 2592 1301 et
2627 1260 2748 1314 ego.
2784 1244 2884 1298 llic
2913 1244 3062 1297 enim
3098 1242 3363 1297 naturalis
3382 1250 3465 1298 est
3488 1242 3628 1317 tunio

2060 1352 2249 1391 eorum
2276 1353 2396 1405 qua:
2438 1345 2683 1404 tempore
2734 1334 3023 1404 conjuncta
3066 1342 3213 1395 sunt,
3243 1341 3300 1386 et
3337 1341 3540 1397 creata,
3574 1340 3633 1388 et

2060 1441 2321 1482 conserva
2357 1444 2369 1478 :
2403 1426 2458 1479 in
2486 1425 2704 1479 Christo
2735 1432 2917 1478 autem
2960 1423 3191 1477 Domino
3225 1421 3423 1476 divina:
3450 1438 3633 1481 omnia

2061 1514 2350 1579 voluntati,
2398 1521 2454 1567 et
2503 1512 2678 1567 amori
2705 1526 2832 1582 erga
2889 1510 3161 1573 homines,
3214 1516 3269 1564 et
3320 1509 3509 1579 gratiae
3534 1509 3633 1563 tri-

2062 1604 2279 1659 buenda
2318 1611 2462 1658 sunt.
2498 1605 2700 1659 Verum
2740 1603 2832 1657 hic
2874 1600 3059 1666 etiam,
3092 1599 3219 1654 licet
3264 1600 3527 1654 naturalis
3557 1599 3639 1659 sit.

2065 1694 2216 1759 unio,
2247 1703 2426 1750 tamen
2446 1694 2669 1767 integrae
2704 1700 3025 1748 manserunt
3038 1699 3353 1749 naturarum
3376 1690 3626 1761 proprie—

1996 1764 2035 1817 Β
2069 1792 2224 1840 tates.

2132 1870 2338 1928 ERAN.
2395 1872 2452 1928 Si
2501 1880 2823 1927 manserunt
2853 1870 2971 1925 sine
3012 1870 3267 1926 mistione
3313 1880 3630 1925 naturarum

2061 1964 2304 2034 pr0pria,
2364 1963 2639 2032 quomodo
2696 1977 2821 2017 cum
2883 1976 3114 2031 corpore
3192 1960 3375 2014 cibum
3427 1962 3633 2030 appetit

2062 2054 2280 2108 anima?
3442 2114 3451 2124 ι

2131 2144 2341 2200 ORTH.
2394 2146 2515 2201 Non
2566 2144 2774 2216 appetit
2847 2144 3032 2199 cibum
3082 2143 3283 2197 anima.
3348 2141 3631 2207 Quomodo

2061 2236 2229 2303 enim,
2266 2237 2592 2305 immortalis
2614 2252 2741 2293 cum
2769 2236 2863 2301 sit,
2893 2244 2951 2290 et
2978 2235 3101 2290 cibo
3122 2232 3505 2304 praestantior?
3524 2232 3631 2286 Sed

2061 2347 2279 2401 corpus,
2312 2330 2528 2385 vitalem
2554 2330 2623 2385 ah
2651 2345 2717 2384 ea
2744 2329 2852 2383 vim
2876 2327 3174 2398 accipiens,
3198 2325 3363 2381 sentit
3383 2325 3630 2395 indigen~

2062 2424 2214 2488 tiam,
2246 2430 2304 2477 et
2342 2421 2489 2491 quod
2519 2421 2674 2477 deest
2705 2421 2955 2490 accipere
2987 2419 3156 2488 cupit.
3191 2417 3281 2472 Sic
3318 2416 3631 2485 etquietem

2062 2524 2186 2583 post
2206 2514 2448 2568 laborem
2466 2513 2764 2577 desiderat,
2803 2519 2860 2566 et
2893 2510 3047 2581 107
3072 2517 3193 2581 post
3210 2509 3450 2579 vigiliam
3478 2523 3630 2563 som-

2062 2621 2216 2671 num,
2268 2614 2325 2661 et
2353 2605 2457 2661 alia
2496 2605 2771 2659 similiter.
2802 2605 2923 2659 Mox
2971 2604 3135 2673 igitur
3161 2610 3284 2672 post
3315 2601 3631 2656 dissolutio-

2061 2709 2210 2766 nem,
2234 2694 2457 2748 vitalem
2499 2710 2608 2749 non
2641 2695 2849 2749 habens
2881 2693 3201 2763 potentiam,
3252 2692 3433 2746 cibum
3464 2706 3632 2761 appe-

2064 2790 2179 2838 tere
2236 2783 2465 2849 desinit,
2518 2791 2574 2839 et
2616 2798 2743 2841 eum
2794 2797 2904 2836 non
2956 2796 3179 2836 sumens
3216 2779 3495 2841 interitum
3541 2794 3635 2851 pa-

2063 2875 2218 2935 titur.

2126 2968 2332 3023 ERAN.
2364 2968 2600 3023 Videsne
2635 2967 2831 3022 animae
2860 2980 2981 3022 esse
3010 2962 3186 3028 sitire,
3229 2961 3546 3025 et‘csurire,
3576 2971 3635 3016 et

2067 3076 2189 3129 qua:
2205 3060 2292 3115 his
2319 3060 2552 3115 similia?
2635 3128 2638 3132 Α

2129 3152 2338 3207 ORTH.
2375 3151 2431 3207 Si
2460 3153 2577 3208 haec
2603 3152 2800 3209 anima:
2829 3157 3034 3214 essent,
3081 3148 3243 3205 etiam
3275 3155 3397 3216 post
3432 3145 3636 3200 disces-

2067 3259 2190 3298 sum
2216 3258 2248 3297 e
2278 3258 2532 3313 corpore,
2562 3252 2620 3299 et
2661 3242 2803 3298 fame
2831 3241 3126 3304 laboraret,
3173 3246 3231 3293 et
3269 3236 3380 3300 siti,
3425 3245 3482 3290 et
3516 3235 3637 3289 aliis

2068 3332 2362 3389 similibus.

2137 3426 2324 3479 ERAN
2419 3424 2677 3492 Quaenam
2740 3424 2907 3496 igitur
2970 3422 3165 3477 anima:
3224 3418 3445 3490 pr0pria
3516 3433 3637 3472 esse

2068 3513 2244 3568 dicis?

2134 3601 2343 3656 OllTH.
2377 3602 2509 3656 Esse
2528 3600 2874 3665 rationalem,
2901 3601 3231 3670 simplicem,
3253 3597 3635 3659 immortalem,

2069 3691 2421 3746 invisibilem.

2144 3786 2157 3803 ‘
2188 3784 2392 3839 ERAN.
2425 3783 2567 3851 Quid
2596 3798 2726 3839 vero
2761 3782 3046 3855 corporis?

2134 3873 2341 3932 ORTH.
2378 3876 2509 3931 Esse
2532 3875 2919 3946 compositum,
2945 3873 3180 3935 visibile,
3212 3871 3459 3926 mortale.

2140 3965 2346 4019 ERAN.
2376 3966 2456 4021 Ex
2504 3966 2593 4027 his
2635 3978 2775 4023 vero,
2818 3965 3180 4037 compositum
3207 3979 3327 4020 esse
3362 3961 3645 4023 hominem

2071 4058 2344 4113 dicimus?

2142 4150 2352 4207 ORTH.
2383 4149 2474 4205 Sic
2504 4149 2760 4209 dicimus.

2141 4241 2349 4297 ERAN.
2389 4240 2691 4298 Deﬁnimus
2711 4241 2879 4313 igitur
2904 4239 3210 4304 hominem,
3243 4236 3440 4298 animm
3473 4237 3643 4293 ratio-

2071 4331 2194 4385 nale
2213 4329 2481 4384 mortale?

2142 4421 2350 4477 ORTH.
2382 4421 2442 4476 In
2473 4421 2723 4479 confesso
2767 4431 2872 4478 est.

2146 4512 2352 4570 ERAN.
2386 4512 2471 4567 Ab
2502 4513 2591 4569 his
2620 4514 2786 4569 etiam
2811 4522 2873 4568 et
2903 4512 3011 4568 illis
3050 4513 3228 4583 ipsum
3266 4506 3646 4565 nominamus?

2151 4691 2357 4746 ORTH.
2381 4691 2581 4745 Verum
2613 4699 2716 4745 est.

2150 4780 2356 4835 ERAN.
2384 4780 2538 4834 Sicut
2563 4780 2730 4849 igitur
2754 4778 2845 4833 hic
2866 4794 2975 4833 non
3005 4778 3336 4841 divellimus,
3361 4776 3454 4830 sed
3490 4790 3644 4830 eum-

2079 4870 2200 4924 dem
2236 4866 2555 4938 (hominem)
2581 4875 2637 4921 et
2688 4867 3010 4921 rationalem
3054 4882 3314 4921 vocamus
3355 4873 3410 4919 ct
3442 4871 3646 4919 morta-

2075 4959 2178 5013 lem
2206 4977 2220 5012 :
2253 4958 2334 5013 sic
2360 4957 2414 5011 in
2448 4956 2669 5012 Christo
2708 4956 3016 5011 faciendum
3041 4952 3451 5022 est,eidemque
3479 4950 3647 5013 ascri-

2077 5049 2253 5104 benda
2277 5058 2405 5104 sunt
2439 5059 2555 5104 tum
2576 5050 2783 5113 divina,
2806 5057 2918 5101 tum
2952 5048 3209 5117 humana.

2147 5139 2356 5195 ORTH.
2384 5138 2576 5193 Nostra
2610 5140 2727 5194 haec
2757 5145 2841 5193 est
2863 5138 3060 5201 oratio,
3112 5137 3212 5192 etsi
3241 5153 3270 5191 a
3304 5144 3354 5188 te
3382 5151 3488 5191 non
3519 5132 3649 5185 satis

2075 5232 2361 5301 explicata.
2388 5231 2520 5284 Rem
2568 5229 2736 5300 igitur
2784 5227 2863 5282 sic
2897 5228 3162 5301 expende.
3193 5225 3421 5298 Quando
3451 5226 3516 5278 dc
3545 5225 3650 5278 hu-

2081 5336 2241 5374 mana
2288 5328 2483 5373 natura
2512 5319 2852 5384 disserimus,
2898 5335 2962 5373 ea
2991 5319 3104 5373 sola
3137 5331 3648 5375 commemoramus.

2082 5428 2202 5482 quze
2222 5411 2369 5465 illius
2392 5410 2700 5480 nperationi
2726 5418 2781 5465 et
2803 5422 3014 5466 naturm
3043 5407 3410 5463 conveniunt?

2151 5501 2355 5555 ERAN.
2398 5501 2540 5556 Sola.
