4006 6202
379 391 476 457 147

1366 394 1850 456 THEODORETI
1889 393 2227 454 EPISCOPI
2265 395 2625 455 CYRENSIS

3531 389 3633 456 158

449 505 611 576 108
648 503 857 560 ORTH.
889 503 1118 571 Quando
1166 513 1349 559 autem
1402 506 1470 561 de
1512 521 1741 576 corpore
1790 504 1940 559 nobis

2125 502 2279 557 ΟΡΘ.
2321 504 2491 559 Ὅταν
2539 502 2595 556 δὲ
2641 501 2771 572 περὶ
2808 498 2903 554 τοῦ
2947 496 3197 569 σώματος
3238 499 3373 570 ἡμῖν
3400 500 3449 553 οἱ
3481 500 3632 573 λόγοι

372 612 554 653 sermo
582 604 688 658 est,
723 611 906 650 annon
957 611 1021 651 ea
1065 596 1179 651 sola
1214 610 1427 661 rursus,
1458 613 1579 667 quae
1622 597 1770 651 illius
1822 603 1951 651 sunt

371 688 616 759 propria,
638 688 1031 741 recensemus?

438 779 645 835 ERAN.
686 779 828 834 Vera
859 778 1021 833 dicis.

436 869 648 925 ORTH.
676 868 812 923 Cum
843 878 1025 923 autem
1052 870 1119 925 de
1145 878 1259 925 toto
1285 870 1506 925 animali
1524 870 1722 940 agitur,
1755 883 1948 924 secure

369 961 726 1032 deinceps_et
756 961 872 1016 haec
921 969 978 1016 et
1024 961 1118 1016 illa
1158 962 1473 1017 tribuimus.
1529 962 1747 1016 Homini
1799 963 1947 1016 enim

368 1054 703 1109 conveniunt
755 1069 878 1124 quae
922 1064 979 1109 et
1025 1055 1277 1127 corporis
1311 1066 1368 1111 et
1408 1054 1605 1108 anima:
1658 1060 1788 1108 sunt
1815 1067 1945 1123 pro-

365 1144 505 1214 pria.

436 1234 646 1289 EBAN.
669 1236 936 1292 Praeclare
959 1236 1168 1292 dixisti.

435 1324 645 1381 ORTH.
672 1326 763 1383 Sic
783 1327 951 1400 igitur
968 1329 1111 1384 etde
1133 1328 1353 1383 Christo
1374 1326 1624 1381 habenda
1645 1332 1727 1380 cst
1744 1324 1942 1387 oratio,

365 1426 427 1472 ut
462 1433 588 1473 cum
618 1419 686 1474 de
707 1421 922 1476 naturis
945 1420 1241 1491 loquimur,
1271 1436 1368 1475 sua
1385 1423 1584 1489 cuique
1615 1418 1941 1481 tribuamus,

365 1509 711 1581 sciamusque
753 1527 875 1581 qua:
894 1511 1171 1567 divinitati
1204 1512 1317 1567 sint
1341 1511 1582 1582 propria,
1609 1517 1664 1563 et
1687 1524 1808 1578 qua:
1836 1508 1942 1561 hu-

365 1597 637 1653 manitati.
665 1599 734 1653 At
767 1615 893 1654 cum
927 1599 996 1655 de
1032 1616 1267 1670 persona
1292 1600 1460 1654 verba
1488 1598 1741 1662 facimus,
1789 1611 1942 1651 com-

363 1685 553 1740 munia
569 1685 821 1742 facienda
845 1695 975 1743 sunt
1007 1704 1129 1758 quae
1166 1696 1491 1743 naturarum
1524 1695 1654 1741 sunt
1696 1687 1940 1756 propria,

2047 595 2335 666 γίνωνται,
2371 593 2535 647 πάλιν
2571 592 2633 647 ού
2669 592 2806 665 μόνα
2831 592 2902 645 τά
2925 591 3115 646 τούτου
3140 591 3382 661 διέξιμεν
3406 593 3541 663 (Gtc;

2120 771 2326 826 EPAN.
2376 768 2623 840 Ἀληθές.

2120 863 2271 917 ΟΡΘ.
2327 860 2576 915 Ἐπειδὰν
2606 860 2663 913 δὲ
2702 859 2832 931 περὶ
2867 857 2961 912 τοῦ
2987 856 3129 923 ζώου
3158 857 3361 923 παντὸς
3392 859 3625 930 ήδιάλε-

2048 955 2130 1023 ξις
2156 955 2397 1025 γίνηται,
2423 952 2595 1016 ἀδεῶς
2632 951 2819 1005 λοιπὸν
2860 951 2957 1005 καὶ
2986 950 3159 1005 ταῦτα
3194 951 3426 1005 κάκεῖνα
3462 969 3627 1024 προσ-

2048 1045 2308 1115 φέρομεν.
2347 1043 2637 1115 ’Δρμόττει
2667 1044 2777 1114 γὰρ
2803 1042 2882 1114 τῷ
2907 1042 3181 1113 ἀνθρώπῳ
3206 1041 3278 1097 τά
3302 1060 3363 1096 τε
3392 1043 3487 1098 τοῦ
3515 1043 3623 1099 σώ-

2051 1152 2240 1205 ματος,
2269 1134 2337 1189 τά
2362 1152 2424 1188 τε
2452 1135 2551 1204 τῆς
2585 1133 2764 1204 ψυχῆς
2788 1132 2915 1187 ἴδια.

2118 1227 2322 1280 ΕΡΑΝ.
2360 1226 2667 1294 Παγκάλως
2700 1226 2952 1295 εἴρηκας.

2119 1316 2270 1373 ΟΡΘ.
2306 1316 2465 1371 Ούτω
2493 1316 2782 1388 τοιγαροῦν
2812 1317 2907 1369 καὶ
2944 1316 3069 1379 τοὺς
3099 1315 3228 1386 περὶ
3258 1315 3353 1370 τοῦ
3381 1313 3623 1384 Χριστοῦ

2048 1406 2319 1462 ποιεῖσθαι
2344 1408 2614 1480 προσήκει
2635 1407 2829 1475 λόγους
2846 1423 2860 1437 ο
2886 1407 2982 1459 καὶ
3004 1406 3135 1478 περὶ
3153 1407 3252 1477 μὲν
3275 1407 3384 1459 τῶν
3407 1406 3621 1476 φύσεων

2044 1499 2483 1570 διαλεγομένους,
2516 1497 2816 1568 ἀπονέμειν
2840 1498 3079 1568 ἑκατέρᾳ
3095 1498 3163 1550 τὰ
3186 1498 3496 1569 πρόσφορα,
3526 1497 3621 1551 καὶ

2045 1592 2244 1645 εἰδέναι
2278 1592 2400 1645 τίνα
2437 1590 2537 1661 μὲν
2566 1590 2663 1659 τῆς
2691 1589 2967 1661 θεότητος,
3016 1589 3138 1642 τίνα
3177 1589 3233 1642 δὲ
3283 1592 3383 1660 τῆς
3410 1588 3620 1659 ἀνθρω-

2045 1684 2275 1753 πότητος
2304 1681 2432 1735 ἴδια.
2482 1681 2651 1734 Ὅταν
2694 1679 2752 1732 δέ
2791 1694 2856 1746 γε
2892 1679 3018 1741 τοὺς
3046 1675 3294 1747 περὶτοῦ
3327 1676 3619 1745 προσώπου

361 1777 693 1849 Christoque
745 1778 1025 1835 Servatori
1056 1789 1128 1855 et
1154 1781 1272 1836 haec
1306 1789 1363 1835 et
1402 1780 1494 1835 illa
1534 1778 1846 1843 tribuenda,
1882 1787 1940 1833 ut

2053 1772 2330 1844 ποιώμεθα
2357 1772 2573 1841 λόγους,
2609 1769 2765 1825 κοινὰ
2796 1769 2901 1842 χρὴ
2937 1770 3111 1821 ποιεῖν
3154 1770 3221 1821 τὰ
3248 1766 3358 1820 τῶν
3403 1764 3619 1835 φύσεων

363 1867 508 1922 idem
533 1876 589 1922 et
619 1868 764 1923 Deus
797 1879 853 1923 et
882 1869 1047 1923 homo
1076 1870 1404 1939 appelletur,
1451 1869 1624 1924 Filius
1655 1869 1752 1923 Dei
1798 1879 1854 1923 et
1883 1868 1940 1923 ﬁ-

2053 1866 2174 1931 ἴδια,
2207 1865 2301 1919 καί⁵
2339 1862 2513 1917 ταῦτα
2546 1863 2775 1916 κάκεῖνα
2814 1860 2894 1930 τῷ
2930 1859 3148 1931 Σωτῆρι
3181 1857 3619 1929 προσαρμόττειν

359 1957 467 2013 lius
500 1957 760 2023 hominis,
794 1957 941 2015 ﬁlius
970 1959 1193 2014 Davidis
1231 1960 1276 1992 "
1304 1968 1361 2015 et
1391 1959 1651 2014 dominus
1694 1956 1937 2022 Davidis,

360 2063 550 2104 semen
577 2048 809 2104 Abrahae
864 2058 922 2104 et
961 2050 1218 2105 conditor
1245 2050 1502 2116 Abrahae,
1546 2058 1601 2105 et
1624 2050 1730 2105 alia
1754 2048 1939 2105 omnia

360 2140 635 2196 similiter.

429 2314 642 2371 ERAN.
689 2314 865 2372 Unam
919 2314 1142 2386 quidem
1195 2330 1318 2372 esse
1364 2314 1571 2372 Christi
1622 2330 1936 2387 personam,

356 2411 523 2482 eique
565 2419 623 2467 et
664 2411 850 2467 divina
893 2419 950 2467 et
998 2412 1239 2468 humana
1285 2411 1581 2469 convenire
1630 2408 1939 2466 rectissime

357 2503 566 2569 dixisti,
599 2503 780 2559 ethoc
806 2504 932 2559 fidei
968 2503 1253 2560 decretum
1283 2504 1604 2575 amplector.
1646 2500 1804 2568 Quod
1836 2515 1938 2554 au-

357 2602 468 2649 tem
492 2593 632 2650 dicis
652 2603 931 2664 oportere,
955 2595 1023 2650 de
1050 2596 1263 2650 naturis
1295 2594 1652 2656 disserentes,
1668 2607 1791 2662 quae
1816 2591 1939 2646 cui-

355 2703 462 2757 que
482 2696 611 2743 sunt
630 2688 852 2757 propria
892 2686 945 2742 ei
984 2688 1252 2753 tribuere,
1288 2687 1343 2742 id
1375 2686 1509 2740 mihi
1542 2685 1801 2740 unionem
1830 2684 1939 2739 sol-

354 2793 484 2834 vere
509 2779 749 2837 videtur.
784 2777 962 2845 Quare
1000 2780 1103 2835 hos
1136 2789 1192 2836 et
1223 2780 1464 2837 similes‘
1506 2792 1791 2835 sermones
1823 2792 1937 2831 non

353 2871 620 2941 approbo.

424 2961 633 3020 ORTH.
658 2962 827 3035 Atqui
863 2980 989 3020 cum
1014 2965 1082 3021 de
1112 2965 1296 3021 anima
1328 2972 1386 3020 et
1416 2976 1649 3034 corpore
1692 2957 1937 3029 disputa-

353 3069 562 3121 remus,
599 3056 782 3126 magni
819 3057 1067 3112 facienda
1109 3057 1209 3112 tibi
1246 3056 1364 3113 visa
1422 3067 1505 3113 est
1552 3056 1645 3112 illa
1678 3053 1934 3111 distincta

352 3145 614 3215 loquendi
656 3148 821 3215 ratio,
857 3164 1089 3219 eamque
1122 3149 1376 3219 protinus
1402 3151 1562 3206 laude
1589 3167 1650 3206 es
1675 3166 1936 3221 prosecu-

354 3244 464 3291 tus.
492 3236 605 3292 Cur
625 3238 793 3309 igitur
820 3218 1232 3310 quoadCChristi
1262 3242 1481 3297 Domini
1512 3218 1856 3298 divinitatem
1881 3252 1937 3298 et
1964 3218 2006 3273 Ο

352 3325 748 3382 humanitatem
780 3329 1029 3385 eamdem
1045 3330 1287 3402 regulam
1311 3347 1422 3387 non
1447 3332 1730 3389 admittis?
1779 3334 1940 3404 109

350 3418 435 3470 An
465 3430 598 3472 vero
625 3433 695 3473 ne
717 3419 913 3475 anima:
936 3419 1161 3491 quidem
1192 3429 1248 3477 et
1275 3422 1493 3492 corpori
1521 3438 1774 3494 exaequas
1801 3423 1939 3478 divi-

350 3508 580 3563 nitatem
598 3517 655 3565 et
670 3509 1071 3568 humanitatem
1100 3513 1351 3570 Christi?
1373 3515 1468 3570 sed
1491 3516 1689 3572 animae
1712 3517 1937 3587 quidem

351 3608 407 3655 et
435 3601 657 3672 corpori
686 3602 885 3659 tribuis
916 3603 1263 3660 inconfusam
1281 3606 1577 3662 unionem:
1601 3609 1939 3664 commistio-

350 3708 478 3747 nem
506 3708 639 3749 vero
659 3702 715 3749 et
742 3695 1122 3752 confusionem
1150 3713 1339 3768 passas
1377 3699 1563 3756 dicere
1591 3700 1763 3757 audes
1797 3701 1937 3756 divi-

349 3785 576 3840 nitatem
610 3784 818 3841 Christi
843 3795 899 3842 et
936 3786 1334 3844 humanitatem
1360 3790 1387 3843 ἲ

420 3875 629 3930 ERAN.
655 3876 769 3947 Ego
794 3892 924 3933 sane
947 3878 1297 3935 divinitatem
1340 3879 1569 3946 Christi,
1600 3890 1766 3952 atque
1796 3883 1936 3939 adeo

348 3980 571 4020 carnem
604 3965 802 4036 ipsam,
840 3967 1076 4024 inﬁnitis
1113 3969 1369 4039 partibus
1388 3971 1586 4027 anima:
1607 3981 1663 4028 et
1686 3975 1938 4045 corporis

349 4054 677 4125 dignitatem
693 4058 1030 4115 antecellere
1056 4059 1286 4131 judico:
1321 4061 1421 4117 sed
1445 4078 1609 4123 unam
1635 4071 1819 4122 tamen
1838 4081 1938 4121 na-

352 4156 530 4202 turam
553 4157 677 4218 post
709 4149 975 4206 unionem
1000 4166 1123 4208 esse
1148 4151 1379 4208 afﬁrmo.

418 4234 629 4293 ORTH.
663 4236 784 4305 Quo
808 4247 969 4310 pacto
997 4240 1231 4312 impium
1258 4257 1370 4298 non
1414 4243 1487 4299 sit
1521 4253 1579 4300 et
1607 4245 1932 4314 absurdum,

349 4327 537 4388 dicere
588 4329 828 4385 animam
858 4332 1086 4401 quidem
1114 4333 1335 4403 corpori
1367 4336 1681 4406 copulatam
1724 4340 1933 4396 nullam

342 4419 693 4476 confusionis
712 4422 1093 4493 contagionem
1116 4424 1252 4493 pati,
1290 4424 1637 4482 divinitatem
1665 4445 1799 4485 vero
1830 4431 1935 4486 Do-

349 4510 486 4565 mini
515 4512 899 4568 universorum
925 4529 1028 4569 nec
1057 4516 1339 4585 pr0priam
1375 4526 1626 4573 naturam
1660 4520 1929 4593 integram
1963 4548 2008 4604 υ

348 4614 679 4656 conservare
725 4601 971 4671 potuisse
1002 4640 1019 4666 ,
1041 4616 1145 4657 nec
1182 4602 1499 4669 humanam,
1522 4621 1685 4675 quam
1714 4622 1932 4662 assum-

348 4693 477 4762 psit,
510 4693 655 4749 intra
685 4710 816 4750 suos
833 4694 1102 4751 terminos
1125 4696 1386 4762 retinere,
1410 4697 1505 4753 sed
1525 4714 1650 4767 qua:
1668 4699 1932 4755 confundi

348 4799 462 4839 non
491 4792 724 4854 possunt
756 4784 1095 4850 confudisse,
1148 4796 1205 4841 et
1245 4802 1367 4857 quae
1397 4788 1618 4843 misceri
1648 4800 1934 4860 nequeunt

348 4874 773 4941 permiscuisse?
799 4875 941 4932 Huic
964 4876 1115 4931 enim
1147 4878 1447 4947 suspicioni
1475 4896 1582 4934 una
1612 4888 1807 4935 natura
1836 4896 1931 4936 oc-

349 4968 625 5021 casionem
653 4969 883 5038 praebet.

424 5057 633 5111 ERAN.
689 5059 822 5114 Mihi
856 5076 1078 5132 quoque
1122 5061 1464 5118 confusionis
1509 5078 1713 5119 nomen
1758 5064 1933 5119 decli-

348 5148 593 5203 nandum
626 5149 883 5206 videtur:
920 5152 1017 5207 sed
1048 5153 1185 5209 duas
1208 5160 1438 5209 naturas
1469 5153 1654 5211 dicere
1687 5156 1838 5221 nolo,
1862 5172 1934 5211 ne

351 5238 493 5295 duos
527 5242 667 5299 ﬁlios
698 5243 885 5299 dicere
914 5245 1123 5300 videar.

423 5329 631 5386 ORTH.
674 5334 788 5403 Ego
814 5349 947 5388 vero
985 5344 1281 5406 utrumque
1338 5337 1625 5406 scopulum
1655 5335 1933 5393 declinare

352 5421 568 5485 studeo,
594 5432 708 5489 tum
739 5424 918 5494 impia:
957 5426 1318 5493 confusionis,
1349 5437 1465 5482 tum
1499 5428 1680 5497 impiae
1700 5427 1928 5483 divisio-

351 5514 457 5569 nis.
491 5514 621 5568 Mihi
647 5516 797 5569 enim
837 5532 991 5584 aeque
1025 5519 1299 5573 nefarium
1325 5529 1644 5591 utrumque,
1679 5530 1735 5576 et
1758 5537 1929 5576 unum

426 5670 471 5702 ’⁸
506 5671 697 5726 Matth.
727 5686 857 5733 χχιι,
896 5670 985 5737 42,
1021 5673 1110 5727 45.

428 5806 538 5873 (£2)
583 5806 698 5859 Ἀσ.
734 5804 832 5859 Ed.
870 5806 1026 5859 Rom.
1057 5813 1112 5858 ct
1138 5806 1286 5872 Lips.
1315 5806 1611 5874 ἀκήρατον.

2046 1956 2287 2027 Χριστῷ,
2314 1955 2525 2010 καὶτὸν
2554 1953 2717 2008 αὐτὸν
2755 1951 2944 2005 καλεῖν
2982 1950 3077 2005 καὶ
3110 1949 3242 2003 Θεὸν
3282 1949 3379 2003 καὶ
3412 1947 3623 2019 ἀνθρω-

2045 2067 2148 2102 πον
2169 2065 2182 2078 ·
2215 2048 2309 2101 καὶ
2358 2048 2486 2102 Υἱὸν
2525 2044 2684 2112 Θεοῦ,
2734 2046 2829 2099 καὶ
2861 2044 2976 2098 υίὸν
3018 2040 3307 2114 ἀνθρώπου
3331 2057 3345 2071 ο
3378 2041 3470 2094 καὶ
3504 2040 3622 2094 υίδν

2045 2142 2234 2206 Δαϐὶδ,
2270 2141 2362 2195 καὶ
2402 2140 2593 2211 κύριον
2615 2139 2779 2205 Δαϐίδ
2801 2153 2813 2167 ·
2847 2137 2942 2192 καὶ
2976 2137 3199 2207 σπέρμα
3232 2134 3501 2206 Ἀϐραὰμ,
3524 2132 3618 2187 καὶ

2046 2234 2279 2305 ποιητὴν
2316 2232 2599 2304 Ἁϐραάμ·
2623 2232 2719 2286 καὶ
2738 2230 2808 2285 τὰ
2838 2230 2976 2286 ἄλλα
3020 2229 3197 2283 πάντα
3230 2226 3511 2289 ὡσαύτως.

2115 2325 2319 2380 ΕΡΑΝ.
2367 2323 2442 2378 Τὸ
2486 2323 2587 2394 μὲν
2618 2322 2677 2378 ἓν
2718 2316 2861 2377 εῖναι
2895 2321 3188 2392 πρόσωπον
3219 2317 3314 2372 τοῦ
3358 2315 3619 2389 Χριστοῦ,

2045 2417 2142 2473 καὶ
2170 2417 2320 2489 αὑτῷ
2345 2417 2649 2489 προσήκειν
2681 2414 2778 2469 καὶ
2807 2413 2877 2467 τὰ
2910 2413 3032 2467 θεῖα
3054 2411 3149 2466 καὶ
3181 2410 3250 2464 τὰ
3278 2408 3615 2480 ἀνθρώπινα,

2042 2509 2165 2564 λίαν
2199 2509 2377 2581 ὀρθῶς
2405 2509 2656 2581 εἴρηκας,
2684 2506 2781 2560 καὶ
2816 2505 3043 2576 δέχομαι
3067 2503 3219 2558 τόνδε
3244 2502 3337 2556 τὸν
3364 2502 3490 2573 ὃρον
3517 2500 3619 2570 τῆς

2043 2603 2302 2665 πίστεως.
2325 2601 2401 2655 Τὸ
2426 2600 2484 2653 δὲ
2511 2600 2679 2669 φάναι
2696 2598 2879 2663 πάλιν,
2902 2596 2977 2662 ὡς
3002 2596 3109 2668 χρὴ
3131 2593 3384 2666 περὶτῶν
3405 2591 3624 2662 φύσεων

2041 2694 2469 2765 διαλεγομένους
2491 2692 2790 2762 ἀπονέμειν
2820 2689 3028 2762 ἑκάστῃ
3050 2688 3117 2742 τά
3142 2687 3272 2751 ἴδια,
3301 2685 3449 2738 λύειν
3475 2683 3624 2736 δοκεῖ

2044 2806 2138 2861 μοι
2170 2787 2271 2858 τὴν
2304 2786 2502 2839 ἕνωσιν
2519 2801 2534 2816 ο
2567 2776 2629 2838 οῦ
2659 2783 2722 2854 δὴ
2746 2783 2907 2855 χάριν
2925 2780 3150 2844 τούτους
3170 2777 3263 2832 καὶ
3290 2777 3417 2841 τοὺς
3440 2773 3619 2830 τοιού-

2040 2899 2166 2946 τους
2192 2880 2255 2934 ού
2287 2879 2586 2951 προσίεμαι
2611 2876 2826 2946 λόγους.

2112 2974 2264 3029 ΟΡΘ.
2297 2974 2410 3028 Καὶ
2462 2972 2571 3043 μὴν
2600 2971 2691 3025 ὅτε
2724 2968 2793 3023 τὰ
2840 2968 2969 3039 περὶ
2997 2966 3179 3037 ψυχῆς
3220 2964 3317 3019 καὶ
3364 2960 3621 3031 σώματος

2041 3064 2399 3135 ὲξητάξομεν,
2421 3062 2751 3130 ἀξιάγαστος
2774 3058 2952 3124 ἔδοξεν
2982 3053 3121 3111 εἷναί
3146 3074 3227 3109 σοι
3250 3058 3285 3126 ἠ
3308 3054 3415 3109 τῶν
3444 3052 3620 3121 λόγων

2043 3158 2269 3214 ἐκείνων
2306 3156 2570 3226 διαίρεσις
2594 3172 2608 3187 ·
2640 3153 2841 3208 αὐτίκα
2869 3151 2999 3221 γοῦν
3021 3150 3120 3220 τὴν
3152 3148 3428 3218 εὐφημίαν
3452 3161 3619 3212 προσ-

2040 3249 2301 3317 ήνεγκας.
2351 3245 2416 3298 Τί
2460 3244 2661 3314 δήποτε
2694 3242 2875 3295 τοίνυν
2924 3241 3015 3295 ἐπὶ
3057 3240 3157 3309 τῆς
3211 3237 3307 3291 τοῦ
3340 3234 3616 3289 Δεσπότου

2039 3337 2279 3411 Χριστοῦ
2329 3335 2583 3406 θεότητός
2618 3351 2677 3387 τε
2715 3333 2812 3387 καὶ
2858 3331 3281 3403 ἀνθρωπότητος
3311 3329 3401 3381 τὸν
3451 3324 3616 3379 αὑτὸν

2038 3429 2101 3483 οὐ
2130 3429 2259 3501 δέχῃ
2288 3428 2525 3493 κανόνα;
2555 3428 2625 3480 Ἢ
2653 3426 2776 3479 οὐδὲ
2809 3425 2955 3495 ψυχῇ
2991 3423 3085 3477 καὶ
3117 3420 3331 3492 σώματι
3362 3420 3616 3489 παρισοῖς

2037 3525 2137 3594 τὴν
2172 3523 2403 3588 Θεότητα
2453 3519 2549 3573 τοῦ
2600 3518 2840 3590 Χριστοῦ
2895 3516 2990 3569 καὶ
3041 3514 3140 3585 τὴν
3188 3510 3616 3582 ἀνθρωπότητας

2039 3612 2175 3667 ἀλλὰ
2207 3612 2351 3683 ψυχῇ
2385 3611 2482 3681 μὲν
2509 3610 2605 3663 καὶ
2638 3607 2852 3678 σώματι
2874 3607 3030 3669 δίδως
3052 3604 3358 3673 ἀσύγχυτον
3383 3601 3576 3652 ἕνωσιν
3595 3613 3612 3629 ’

2039 3705 2238 3774 κρᾶσιν
2270 3703 2327 3755 δὲ
2350 3701 2446 3755 καὶ
2476 3699 2740 3769 σύγχυσιν
2773 3695 3253 3767 ὑπομεμενηκέναι
3278 3692 3459 3759 λέγειν
3492 3688 3616 3742 τολ-

2041 3795 2149 3865 μᾷς
2177 3792 2278 3863 τὴν
2306 3791 2537 3859 Θεότητα
2562 3787 2654 3842 τοῦ
2682 3785 2920 3858 Χριστοῦ
2941 3786 3036 3838 καὶ
3061 3785 3161 3855 τὴν
3183 3779 3611 3852 ἀνθρωπότητας

2111 3884 2314 3938 ΕΡΑΝ.
2355 3880 2500 3951 Ἐγὼ
2533 3880 2632 3951 μὲν
2676 3880 2777 3951 τὴν
2820 3877 3051 3947 θεότητα
3083 3874 3177 3928 τοῦ
3220 3870 3480 3944 Χριστοῦ,
3521 3869 3617 3923 καὶ

2039 3977 2224 4049 μέντοι
2263 3975 2360 4030 καὶ
2396 3973 2494 4044 τὴν
2539 3971 2742 4043 σάρκα,
2790 3969 2968 4040 ψυχῆς
3014 3966 3109 4020 καὶ
3143 3964 3396 4035 σώματος
3435 3960 3616 4032 πολλῷ

2034 4082 2143 4120 τινι
2188 4064 2285 4118 καὶ
2314 4062 2532 4133 ἀπείρῳ
2580 4060 2765 4131 μέτρῳ
2816 4054 3262 4128 τιμαλφεστέραν
3303 4050 3611 4124 ὑπείληφα·

2039 4156 2169 4227 μίαν
2202 4153 2385 4226 μέντοι
2413 4152 2577 4222 φύσιν
2606 4149 2747 4223 μετά
2766 4148 2867 4221 τὴν
2898 4147 3094 4200 ἕνωσιν
3121 4143 3287 4213 λέγω.

2106 4246 2258 4302 ΟΡΘ.
2297 4244 2411 4299 Καὶ
2451 4242 2571 4307 πῶς
2612 4242 2673 4296 ού
2702 4238 2964 4303 δυσσεϐές
2999 4255 3061 4292 τε
3103 4237 3202 4292 καὶ
3242 4233 3509 4306 σχέτλιον.
3552 4231 3616 4286 τὸ

2034 4335 2218 4405 λέγειν
2259 4334 2441 4405 ψυχὴν
2475 4333 2574 4404 μὲν
2607 4331 2821 4401 σώματι
2856 4328 3227 4399 συναφθεῖσαν
3268 4328 3469 4398 ἥκιστα
3506 4342 3614 4380 πα·

2035 4427 2148 4482 Θεῖν
2187 4425 2248 4480 τὺ
2290 4428 2391 4496 τῆς
2439 4422 2756 4494 συγχύσεως
2786 4420 2980 4483 πάθος,
3024 4418 3124 4490 τὴν
3165 4418 3224 4472 δὲ
3256 4416 3488 4488 θεότητα
3516 4414 3613 4469 τοῦ

2034 4520 2144 4574 τῶν
2168 4519 2307 4573 ὅλων
2336 4515 2609 4570 Δεσπότου
2640 4513 2715 4585 μὴ
2759 4512 3054 4583 δυνηθῆναι
3096 4510 3234 4580 μήτε
3274 4508 3372 4579 τὴν
3403 4508 3616 4562 οἰκείαν

2037 4611 2201 4682 φύσιν
2217 4609 2523 4679 ἀσύγχυτον
2542 4606 2655 4678 (42)
2676 4604 2962 4667 διασῶσαι,
2992 4601 3128 4674 μήτε
3146 4600 3247 4673 τὴν
3264 4598 3613 4670 ἀνθρωπείαν

2034 4704 2103 4774 ἢν
2136 4700 2329 4756 ἔλαϐεν
2374 4700 2468 4753 ἐπὶ
2510 4697 2620 4750 τῶν
2665 4697 2809 4766 ὅρων
2848 4695 2957 4747 τῶν
2993 4692 3211 4746 οἰκείων
3260 4692 3610 4761 διατηρῆσαι,

2034 4793 2173 4848 ἀλλά
2214 4794 2446 4863 κερᾶσαι
2495 4789 2566 4843 τὰ
2612 4787 2849 4859 ἄκρατα,
2892 4786 2987 4838 καὶ
3041 4783 3193 4854 μῖξαι
3241 4782 3311 4835 τὰ
3364 4782 3609 4851 ἀμικτας

2033 4882 2221 4937 Ταῦτα
2259 4882 2366 4954 γὰρ
2398 4877 2726 4934 ὑποπτεύειν
2771 4877 2804 4948 ἡ
2838 4874 2936 4946 μία
2974 4873 3135 4945 φύσις
3174 4869 3608 4944 παρασκευάζει.

2102 5058 2303 5113 ΕΡΑΝ.
2339 5057 2450 5111 Καί
2479 5074 2570 5127 μοι
2602 5054 2663 5109 τὸ
2706 5052 2805 5122 τῆς
2840 5048 3156 5120 συγχύσεως
3190 5046 3422 5116 φευκτόν
3458 5045 3610 5098 ἐστιν

2030 5151 2204 5222 όνομα
2224 5167 2239 5181 ·
2264 5150 2358 5204 δύο
2386 5150 2443 5203 δὲ
2463 5149 2647 5216 λέγειν
2677 5143 3056 5217 παραιτοῦμαι
3087 5141 3300 5211 φύσεις,
3326 5139 3415 5193 ἵνα
3444 5137 3523 5210 μὴ
3537 5140 3606 5210 τῇ

2030 5242 2141 5296 τῶν
2176 5242 2309 5295 υίῶν
2348 5239 2633 5310 περιπέσω
2655 5235 2829 5290 δυάδι.

2106 5335 2257 5389 ΟΡΘ.
2333 5331 2478 5402 Ἐγὼ
2551 5331 2607 5384 δὲ
2674 5332 2935 5400 ἑκάτερον
2989 5325 3269 5395 διαφυγεῖν
3319 5319 3609 5384 σπουδάζω

2038 5427 2306 5499 κρημνὸν,
2334 5427 2427 5479 καὶ
2458 5426 2548 5479 τὸν
2581 5424 2679 5493 τῆς
2717 5421 3008 5484 δυσσεϐοῦς
3039 5418 3374 5489 συγχύσεως,
3397 5412 3607 5467 καὶτὸν

2038 5520 2136 5590 τῆς
2160 5518 2457 5582 δυσσεϐοῦς
2496 5515 2832 5588 διαιρέσεως.
2871 5514 3026 5585 Ἐμοὶ
3050 5511 3159 5583 γὰρ
3202 5508 3334 5572 ἴσως
3370 5506 3606 5575 ἀνόσιον,
