  <div class='ocr_page' id='page_1' title='image "/cluster/home/n/w/nwhite01/storage/ocr_20150623/83/hvd.32044073502072/080.png"; bbox 0 0 4006 6202; ppageno 0'>
   <div class='ocr_carea' id='block_1_1' title="bbox 350 349 448 413">
    <p class='ocr_par' dir='ltr' id='par_1_1' title="bbox 350 349 448 413">
     <span class='ocr_line' id='line_1_1' title="bbox 350 349 448 413; baseline 0.02 -2"><span class='ocrx_word' id='word_1_1' title='bbox 350 349 448 413; x_wconf 77' lang='grc'><strong>149</strong></span> 
     </span>
    </p>
   </div>
   <div class='ocr_carea' id='block_1_2' title="bbox 1390 333 2520 410">
    <p class='ocr_par' dir='ltr' id='par_1_2' title="bbox 1390 333 2520 410">
     <span class='ocr_line' id='line_1_2' title="bbox 1390 333 2520 410; baseline 0.005 -6"><span class='ocrx_word' id='word_1_2' title='bbox 1390 345 1770 405; x_wconf 83' lang='lat' dir='ltr'><strong>DIALOGUS</strong></span> <span class='ocrx_word' id='word_1_3' title='bbox 1808 333 1892 404; x_wconf 88' lang='grc' dir='ltr'>Π.</span> <span class='ocrx_word' id='word_1_4' title='bbox 1921 369 1992 380; x_wconf 63' lang='grc' dir='ltr'><strong>ν-</strong></span> <span class='ocrx_word' id='word_1_5' title='bbox 2027 344 2520 410; x_wconf 81' lang='lat' dir='ltr'><strong>INCONFUSUS.</strong></span> 
     </span>
    </p>
   </div>
   <div class='ocr_carea' id='block_1_3' title="bbox 3485 354 3588 421">
    <p class='ocr_par' dir='ltr' id='par_1_3' title="bbox 3485 354 3588 421">
     <span class='ocr_line' id='line_1_3' title="bbox 3485 354 3588 421; baseline 0.039 -4"><span class='ocrx_word' id='word_1_6' title='bbox 3485 354 3588 421; x_wconf 84' lang='lat'><strong>150</strong></span> 
     </span>
    </p>
   </div>
   <div class='ocr_carea' id='block_1_4' title="bbox 339 457 1922 536">
    <p class='ocr_par' dir='ltr' id='par_1_4' title="bbox 339 457 1920 535">
     <span class='ocr_line' id='line_1_4' title="bbox 339 457 1920 535; baseline -0.007 -15"><span class='ocrx_word' id='word_1_7' title='bbox 339 468 428 520; x_wconf 63' lang='grc' dir='ltr'>κατ.</span> <span class='ocrx_word' id='word_1_8' title='bbox 455 466 578 535; x_wconf 88' lang='grc' dir='ltr'>διχῆ</span> <span class='ocrx_word' id='word_1_9' title='bbox 602 463 691 516; x_wconf 81' lang='grc' dir='ltr'><strong>τὸν</strong></span> <span class='ocrx_word' id='word_1_10' title='bbox 710 463 806 516; x_wconf 68' lang='grc' dir='ltr'>ἕνα</span> <span class='ocrx_word' id='word_1_11' title='bbox 838 460 1086 533; x_wconf 74' lang='grc' dir='ltr'><strong>μερίζειν</strong></span> <span class='ocrx_word' id='word_1_12' title='bbox 1107 460 1258 527; x_wconf 78' lang='grc' dir='ltr'>Υἱδν,</span> <span class='ocrx_word' id='word_1_13' title='bbox 1298 461 1392 514; x_wconf 72' lang='grc' dir='ltr'>καὶ</span> <span class='ocrx_word' id='word_1_14' title='bbox 1419 461 1481 514; x_wconf 81' lang='grc' dir='ltr'>τὸ</span> <span class='ocrx_word' id='word_1_15' title='bbox 1505 459 1791 529; x_wconf 79' lang='grc' dir='ltr'><strong>ἀρνεῖσθαι</strong></span> <span class='ocrx_word' id='word_1_16' title='bbox 1823 457 1920 529; x_wconf 82' lang='grc' dir='ltr'>τὴν</span> 
     </span>
    </p>
   </div>
   <div class='ocr_carea' id='block_1_5' title="bbox 2036 457 3590 536">
    <p class='ocr_par' dir='ltr' id='par_1_5' title="bbox 2036 459 3590 536">
     <span class='ocr_line' id='line_1_5' title="bbox 2036 459 3590 536; baseline 0.006 -22"><span class='ocrx_word' id='word_1_17' title='bbox 2036 459 2220 516; x_wconf 81' lang='lat' dir='ltr'><strong>Filium</strong></span> <span class='ocrx_word' id='word_1_18' title='bbox 2257 463 2313 516; x_wconf 91' lang='lat' dir='ltr'><strong>in</strong></span> <span class='ocrx_word' id='word_1_19' title='bbox 2351 463 2492 518; x_wconf 86' lang='lat' dir='ltr'><strong>duos</strong></span> <span class='ocrx_word' id='word_1_20' title='bbox 2517 463 2786 528; x_wconf 84' lang='lat' dir='ltr'><strong>dividere,</strong></span> <span class='ocrx_word' id='word_1_21' title='bbox 2815 473 2871 519; x_wconf 88' lang='lat' dir='ltr'><strong>et</strong></span> <span class='ocrx_word' id='word_1_22' title='bbox 2893 463 3168 518; x_wconf 83' lang='lat' dir='ltr'><strong>binartum</strong></span> <span class='ocrx_word' id='word_1_23' title='bbox 3192 479 3391 536; x_wconf 77' lang='lat' dir='ltr'><strong>negare</strong></span> <span class='ocrx_word' id='word_1_24' title='bbox 3430 477 3590 524; x_wconf 89' lang='lat' dir='ltr'><strong>natu-</strong></span> 
     </span>
    </p>
   </div>
   <div class='ocr_carea' id='block_1_6' title="bbox 333 550 1906 624">
    <p class='ocr_par' dir='ltr' id='par_1_6' title="bbox 333 550 1906 624">
     <span class='ocr_line' id='line_1_6' title="bbox 333 550 1906 624; baseline -0.005 -13"><span class='ocrx_word' id='word_1_25' title='bbox 333 556 498 611; x_wconf 82' lang='grc' dir='ltr'>δυάδα</span> <span class='ocrx_word' id='word_1_26' title='bbox 520 556 631 608; x_wconf 90' lang='grc' dir='ltr'><strong>τῶν</strong></span> <span class='ocrx_word' id='word_1_27' title='bbox 657 553 893 624; x_wconf 80' lang='grc' dir='ltr'><strong>φύσεων.</strong></span> <span class='ocrx_word' id='word_1_28' title='bbox 925 551 1060 605; x_wconf 81' lang='grc' dir='ltr'><strong>Εἰπὲ</strong></span> <span class='ocrx_word' id='word_1_29' title='bbox 1089 552 1147 606; x_wconf 86' lang='grc' dir='ltr'><strong>δέ</strong></span> <span class='ocrx_word' id='word_1_30' title='bbox 1175 570 1264 623; x_wconf 85' lang='grc' dir='ltr'><strong>μοι</strong></span> <span class='ocrx_word' id='word_1_31' title='bbox 1311 551 1446 622; x_wconf 77' lang='grc' dir='ltr'>πρὸς</span> <span class='ocrx_word' id='word_1_32' title='bbox 1485 553 1586 621; x_wconf 81' lang='grc' dir='ltr'><strong>τῆς</strong></span> <span class='ocrx_word' id='word_1_33' title='bbox 1612 550 1872 620; x_wconf 75' lang='grc' dir='ltr'><strong>ἀληθείας</strong></span> <span class='ocrx_word' id='word_1_34' title='bbox 1893 566 1906 580; x_wconf 83' lang='lat'><strong><em>°</em></strong></span> 
     </span>
    </p>
   </div>
   <div class='ocr_carea' id='block_1_7' title="bbox 333 641 1910 714">
    <p class='ocr_par' dir='ltr' id='par_1_7' title="bbox 333 641 1910 714">
     <span class='ocr_line' id='line_1_7' title="bbox 333 641 1910 714; baseline -0.003 -15"><span class='ocrx_word' id='word_1_35' title='bbox 333 648 386 700; x_wconf 80' lang='grc' dir='ltr'>εἴ</span> <span class='ocrx_word' id='word_1_36' title='bbox 408 646 492 710; x_wconf 89' lang='grc' dir='ltr'><strong>τίς</strong></span> <span class='ocrx_word' id='word_1_37' title='bbox 521 664 601 699; x_wconf 90' lang='grc' dir='ltr'><strong>σοι</strong></span> <span class='ocrx_word' id='word_1_38' title='bbox 644 645 755 698; x_wconf 86' lang='grc' dir='ltr'><strong>τῶν</strong></span> <span class='ocrx_word' id='word_1_39' title='bbox 794 643 1029 712; x_wconf 79' lang='grc' dir='ltr'>Ἀρείου,</span> <span class='ocrx_word' id='word_1_40' title='bbox 1072 645 1105 714; x_wconf 80' lang='grc' dir='ltr'>ἢ</span> <span class='ocrx_word' id='word_1_41' title='bbox 1143 643 1250 698; x_wconf 86' lang='grc' dir='ltr'><strong>τῶν</strong></span> <span class='ocrx_word' id='word_1_42' title='bbox 1287 642 1554 713; x_wconf 82' lang='grc' dir='ltr'>Εὑνομίου</span> <span class='ocrx_word' id='word_1_43' title='bbox 1595 641 1910 695; x_wconf 86' lang='grc' dir='ltr'>στασιωτῶν</span> 
     </span>
    </p>
   </div>
   <div class='ocr_carea' id='block_1_8' title="bbox 332 733 1912 809">
    <p class='ocr_par' dir='ltr' id='par_1_8' title="bbox 332 733 1912 809">
     <span class='ocr_line' id='line_1_8' title="bbox 332 733 1912 809; baseline -0.004 -17"><span class='ocrx_word' id='word_1_44' title='bbox 332 737 862 809; x_wconf 79' lang='grc' dir='ltr'><strong>προσδιαλεγόμενος</strong></span> <span class='ocrx_word' id='word_1_45' title='bbox 896 736 1217 808; x_wconf 88' lang='grc' dir='ltr'>σμικρύνειν</span> <span class='ocrx_word' id='word_1_46' title='bbox 1241 737 1330 789; x_wconf 81' lang='grc' dir='ltr'><strong>τὸν</strong></span> <span class='ocrx_word' id='word_1_47' title='bbox 1371 734 1497 788; x_wconf 78' lang='grc' dir='ltr'>Υίὸν</span> <span class='ocrx_word' id='word_1_48' title='bbox 1523 733 1780 806; x_wconf 81' lang='grc' dir='ltr'>πειρῷτο,</span> <span class='ocrx_word' id='word_1_49' title='bbox 1817 733 1912 788; x_wconf 80' lang='grc' dir='ltr'>καὶ</span> 
     </span>
    </p>
   </div>
   <div class='ocr_carea' id='block_1_9' title="bbox 330 827 1909 902">
    <p class='ocr_par' dir='ltr' id='par_1_9' title="bbox 330 827 1909 902">
     <span class='ocr_line' id='line_1_9' title="bbox 330 827 1909 902; baseline -0.003 -17"><span class='ocrx_word' id='word_1_50' title='bbox 330 830 428 885; x_wconf 81' lang='grc' dir='ltr'><strong>τοῦ</strong></span> <span class='ocrx_word' id='word_1_51' title='bbox 468 831 686 902; x_wconf 83' lang='grc' dir='ltr'>Πατρὸς</span> <span class='ocrx_word' id='word_1_52' title='bbox 719 829 990 884; x_wconf 84' lang='grc' dir='ltr'>δεικνύναι</span> <span class='ocrx_word' id='word_1_53' title='bbox 1037 827 1227 900; x_wconf 86' lang='grc' dir='ltr'>μείονά</span> <span class='ocrx_word' id='word_1_54' title='bbox 1258 846 1317 880; x_wconf 86' lang='grc' dir='ltr'><strong>τε</strong></span> <span class='ocrx_word' id='word_1_55' title='bbox 1363 828 1456 884; x_wconf 82' lang='grc' dir='ltr'><strong>καὶ</strong></span> <span class='ocrx_word' id='word_1_56' title='bbox 1501 828 1909 900; x_wconf 73' lang='grc' dir='ltr'>ὑποδεέστερον,</span> 
     </span>
    </p>
   </div>
   <div class='ocr_carea' id='block_1_10' title="bbox 330 918 1912 991">
    <p class='ocr_par' dir='ltr' id='par_1_10' title="bbox 330 918 1912 991">
     <span class='ocr_line' id='line_1_10' title="bbox 330 918 1912 991; baseline -0.001 -16"><span class='ocrx_word' id='word_1_57' title='bbox 330 924 524 976; x_wconf 76' lang='grc' dir='ltr'>ἐκεῖνα</span> <span class='ocrx_word' id='word_1_58' title='bbox 571 921 772 990; x_wconf 86' lang='grc' dir='ltr'>λέγων,</span> <span class='ocrx_word' id='word_1_59' title='bbox 807 921 950 991; x_wconf 79' lang='grc' dir='ltr'>ειπερ</span> <span class='ocrx_word' id='word_1_60' title='bbox 994 921 1176 989; x_wconf 86' lang='grc' dir='ltr'>λέγειν</span> <span class='ocrx_word' id='word_1_61' title='bbox 1208 918 1455 985; x_wconf 82' lang='grc' dir='ltr'>εἰώθασι,</span> <span class='ocrx_word' id='word_1_62' title='bbox 1487 919 1581 972; x_wconf 77' lang='grc' dir='ltr'>καὶ</span> <span class='ocrx_word' id='word_1_63' title='bbox 1620 920 1912 990; x_wconf 82' lang='grc' dir='ltr'>προφέρων</span> 
     </span>
    </p>
   </div>
   <div class='ocr_carea' id='block_1_11' title="bbox 333 1011 1914 1084">
    <p class='ocr_par' dir='ltr' id='par_1_11' title="bbox 333 1011 1914 1084">
     <span class='ocr_line' id='line_1_11' title="bbox 333 1011 1914 1084; baseline -0.002 -17"><span class='ocrx_word' id='word_1_64' title='bbox 333 1013 445 1068; x_wconf 78' lang='grc' dir='ltr'>ἀπὸ</span> <span class='ocrx_word' id='word_1_65' title='bbox 466 1014 566 1083; x_wconf 83' lang='grc' dir='ltr'>τῆς</span> <span class='ocrx_word' id='word_1_66' title='bbox 590 1013 744 1077; x_wconf 88' lang='grc' dir='ltr'>θείας</span> <span class='ocrx_word' id='word_1_67' title='bbox 768 1012 991 1084; x_wconf 81' lang='grc' dir='ltr'>Γραφῆς</span> <span class='ocrx_word' id='word_1_68' title='bbox 1013 1012 1103 1064; x_wconf 78' lang='grc' dir='ltr'>τόο</span> <span class='ocrx_word' id='word_1_69' title='bbox 1141 1031 1158 1063; x_wconf 80' lang='grc' dir='ltr'><strong>ι</strong></span> <span class='ocrx_word' id='word_1_70' title='bbox 1181 1012 1384 1081; x_wconf 83' lang='grc' dir='ltr'>Πάτερ,</span> <span class='ocrx_word' id='word_1_71' title='bbox 1418 1012 1467 1064; x_wconf 83' lang='grc' dir='ltr'><strong>εί</strong></span> <span class='ocrx_word' id='word_1_72' title='bbox 1497 1011 1740 1076; x_wconf 83' lang='grc' dir='ltr'>δυνατὸν,</span> <span class='ocrx_word' id='word_1_73' title='bbox 1772 1028 1914 1080; x_wconf 86' lang='grc' dir='ltr'>παρ-</span> 
     </span>
    </p>
   </div>
   <div class='ocr_carea' id='block_1_12' title="bbox 333 1102 1914 1176">
    <p class='ocr_par' dir='ltr' id='par_1_12' title="bbox 333 1102 1914 1176">
     <span class='ocr_line' id='line_1_12' title="bbox 333 1102 1914 1176; baseline -0.001 -18"><span class='ocrx_word' id='word_1_74' title='bbox 333 1105 543 1159; x_wconf 82' lang='grc' dir='ltr'>ελθέτω</span> <span class='ocrx_word' id='word_1_75' title='bbox 565 1105 665 1159; x_wconf 79' lang='grc' dir='ltr'><strong>ἀπ’</strong></span> <span class='ocrx_word' id='word_1_76' title='bbox 692 1103 828 1176; x_wconf 79' lang='grc' dir='ltr'>ἐμοῦ</span> <span class='ocrx_word' id='word_1_77' title='bbox 855 1103 916 1157; x_wconf 83' lang='grc' dir='ltr'>τὸ</span> <span class='ocrx_word' id='word_1_78' title='bbox 943 1105 1204 1175; x_wconf 84' lang='grc' dir='ltr'>ποτήριον</span> <span class='ocrx_word' id='word_1_79' title='bbox 1231 1102 1410 1157; x_wconf 88' lang='grc' dir='ltr'>τοῦτο·</span> <span class='ocrx_word' id='word_1_80' title='bbox 1442 1123 1460 1155; x_wconf 79' lang='grc' dir='ltr'><strong>ι</strong></span> <span class='ocrx_word' id='word_1_81' title='bbox 1496 1103 1591 1157; x_wconf 75' lang='grc' dir='ltr'><strong>καὶ</strong></span> <span class='ocrx_word' id='word_1_82' title='bbox 1622 1103 1684 1156; x_wconf 86' lang='grc' dir='ltr'><strong>τό</strong></span> <span class='ocrx_word' id='word_1_83' title='bbox 1711 1122 1724 1134; x_wconf 88' lang='grc'>·</span> <span class='ocrx_word' id='word_1_84' title='bbox 1758 1122 1776 1155; x_wconf 76' lang='grc' dir='ltr'><strong>ι</strong></span> <span class='ocrx_word' id='word_1_85' title='bbox 1797 1103 1914 1157; x_wconf 88' lang='grc' dir='ltr'>Νῦν</span> 
     </span>
    </p>
   </div>
   <div class='ocr_carea' id='block_1_13' title="bbox 329 1193 1910 1265">
    <p class='ocr_par' dir='ltr' id='par_1_13' title="bbox 329 1193 1910 1265">
     <span class='ocr_line' id='line_1_13' title="bbox 329 1193 1910 1265; baseline 0.001 -19"><span class='ocrx_word' id='word_1_86' title='bbox 329 1197 366 1262; x_wconf 74' lang='grc' dir='ltr'><strong>ἡ</strong></span> <span class='ocrx_word' id='word_1_87' title='bbox 402 1193 549 1264; x_wconf 76' lang='grc' dir='ltr'><strong>ψυχή</strong></span> <span class='ocrx_word' id='word_1_88' title='bbox 585 1211 686 1265; x_wconf 89' lang='grc' dir='ltr'><strong>μου</strong></span> <span class='ocrx_word' id='word_1_89' title='bbox 715 1195 1067 1264; x_wconf 74' lang='grc' dir='ltr'>τετάρακται,</span> <span class='ocrx_word' id='word_1_90' title='bbox 1105 1213 1124 1244; x_wconf 79' lang='grc' dir='ltr'><strong>ι</strong></span> <span class='ocrx_word' id='word_1_91' title='bbox 1172 1193 1265 1247; x_wconf 76' lang='grc' dir='ltr'><strong>καὶ</strong></span> <span class='ocrx_word' id='word_1_92' title='bbox 1292 1193 1362 1246; x_wconf 75' lang='grc' dir='ltr'>τὰ</span> <span class='ocrx_word' id='word_1_93' title='bbox 1401 1194 1536 1247; x_wconf 83' lang='grc' dir='ltr'>ἄλλα</span> <span class='ocrx_word' id='word_1_94' title='bbox 1562 1194 1630 1247; x_wconf 83' lang='grc' dir='ltr'>τὰ</span> <span class='ocrx_word' id='word_1_95' title='bbox 1654 1193 1910 1248; x_wconf 80' lang='grc' dir='ltr'>τοιαῦτα’</span> 
     </span>
    </p>
   </div>
   <div class='ocr_carea' id='block_1_14' title="bbox 329 1283 1914 1358">
    <p class='ocr_par' dir='ltr' id='par_1_14' title="bbox 329 1283 1914 1358">
     <span class='ocr_line' id='line_1_14' title="bbox 329 1283 1914 1358; baseline 0.003 -22"><span class='ocrx_word' id='word_1_96' title='bbox 329 1284 454 1346; x_wconf 85' lang='grc' dir='ltr'><strong>πῶς</strong></span> <span class='ocrx_word' id='word_1_97' title='bbox 478 1284 546 1338; x_wconf 83' lang='grc' dir='ltr'><strong>ἂν</strong></span> <span class='ocrx_word' id='word_1_98' title='bbox 584 1283 750 1339; x_wconf 85' lang='grc' dir='ltr'>αύτοῦ</span> <span class='ocrx_word' id='word_1_99' title='bbox 771 1284 1050 1349; x_wconf 87' lang='grc' dir='ltr'>διαλύσαις</span> <span class='ocrx_word' id='word_1_100' title='bbox 1089 1285 1156 1338; x_wconf 75' lang='grc' dir='ltr'>τὰ</span> <span class='ocrx_word' id='word_1_101' title='bbox 1195 1284 1594 1358; x_wconf 76' lang='grc' dir='ltr'>προϐλήματα;</span> <span class='ocrx_word' id='word_1_102' title='bbox 1624 1287 1740 1350; x_wconf 85' lang='grc' dir='ltr'><strong>πῶς</strong></span> <span class='ocrx_word' id='word_1_103' title='bbox 1768 1287 1812 1340; x_wconf 83' lang='grc' dir='ltr'>δ’</span> <span class='ocrx_word' id='word_1_104' title='bbox 1848 1287 1914 1341; x_wconf 82' lang='grc' dir='ltr'><strong>ἂν</strong></span> 
     </span>
    </p>
   </div>
   <div class='ocr_carea' id='block_1_15' title="bbox 328 1376 1913 1448">
    <p class='ocr_par' dir='ltr' id='par_1_15' title="bbox 328 1376 1913 1448">
     <span class='ocr_line' id='line_1_15' title="bbox 328 1376 1913 1448; baseline 0.001 -18"><span class='ocrx_word' id='word_1_105' title='bbox 328 1378 565 1442; x_wconf 79' lang='grc' dir='ltr'>δείξειας</span> <span class='ocrx_word' id='word_1_106' title='bbox 599 1378 702 1431; x_wconf 81' lang='grc' dir='ltr'><strong>οὐκ</strong></span> <span class='ocrx_word' id='word_1_107' title='bbox 732 1378 1127 1448; x_wconf 74' lang='grc' dir='ltr'>ἐλαττούμενον</span> <span class='ocrx_word' id='word_1_108' title='bbox 1153 1379 1218 1431; x_wconf 85' lang='grc' dir='ltr'>ὲκ</span> <span class='ocrx_word' id='word_1_109' title='bbox 1254 1376 1461 1431; x_wconf 88' lang='grc' dir='ltr'>τούτων</span> <span class='ocrx_word' id='word_1_110' title='bbox 1492 1379 1585 1431; x_wconf 84' lang='grc' dir='ltr'><strong>τὸν</strong></span> <span class='ocrx_word' id='word_1_111' title='bbox 1611 1379 1760 1440; x_wconf 79' lang='grc' dir='ltr'>Υίδν,</span> <span class='ocrx_word' id='word_1_112' title='bbox 1791 1379 1913 1432; x_wconf 79' lang='grc' dir='ltr'>οὐδέ</span> 
     </span>
    </p>
   </div>
   <div class='ocr_carea' id='block_1_16' title="bbox 329 1469 1918 1543">
    <p class='ocr_par' dir='ltr' id='par_1_16' title="bbox 329 1469 1918 1543">
     <span class='ocr_line' id='line_1_16' title="bbox 329 1469 1918 1543; baseline 0.003 -21"><span class='ocrx_word' id='word_1_113' title='bbox 329 1488 396 1538; x_wconf 87' lang='grc' dir='ltr'><strong>γε</strong></span> <span class='ocrx_word' id='word_1_114' title='bbox 433 1470 775 1542; x_wconf 84' lang='grc' dir='ltr'>έτεροούσιον</span> <span class='ocrx_word' id='word_1_115' title='bbox 804 1471 956 1536; x_wconf 75' lang='grc' dir='ltr'>ὄντα,</span> <span class='ocrx_word' id='word_1_116' title='bbox 989 1471 1105 1524; x_wconf 84' lang='grc' dir='ltr'>ἀλλ’</span> <span class='ocrx_word' id='word_1_117' title='bbox 1131 1472 1195 1525; x_wconf 83' lang='grc' dir='ltr'>ὲκ</span> <span class='ocrx_word' id='word_1_118' title='bbox 1222 1475 1320 1541; x_wconf 76' lang='grc' dir='ltr'>τῆς</span> <span class='ocrx_word' id='word_1_119' title='bbox 1361 1469 1454 1525; x_wconf 90' lang='grc' dir='ltr'><strong>τοῦ</strong></span> <span class='ocrx_word' id='word_1_120' title='bbox 1481 1473 1694 1543; x_wconf 84' lang='grc' dir='ltr'>Πατρὸς</span> <span class='ocrx_word' id='word_1_121' title='bbox 1728 1488 1918 1542; x_wconf 87' lang='grc' dir='ltr'>γεγεν-</span> 
     </span>
    </p>
   </div>
   <div class='ocr_carea' id='block_1_17' title="bbox 328 1562 829 1634">
    <p class='ocr_par' dir='ltr' id='par_1_17' title="bbox 328 1562 829 1634">
     <span class='ocr_line' id='line_1_17' title="bbox 328 1562 829 1634; baseline 0.006 -19"><span class='ocrx_word' id='word_1_122' title='bbox 328 1580 400 1634; x_wconf 83' lang='grc' dir='ltr'><strong>νη</strong></span> <span class='ocrx_word' id='word_1_123' title='bbox 409 1563 576 1634; x_wconf 83' lang='grc' dir='ltr'>μένον</span> <span class='ocrx_word' id='word_1_124' title='bbox 601 1562 793 1627; x_wconf 72' lang='grc' dir='ltr'>οὐσίας</span> <span class='ocrx_word' id='word_1_125' title='bbox 814 1579 829 1627; x_wconf 88' lang='lat'><strong>;</strong></span> 
     </span>
    </p>
   </div>
   <div class='ocr_carea' id='block_1_18' title="bbox 408 1739 1916 1811">
    <p class='ocr_par' dir='ltr' id='par_1_18' title="bbox 408 1739 1916 1811">
     <span class='ocr_line' id='line_1_18' title="bbox 408 1739 1916 1811; baseline 0.001 -17"><span class='ocrx_word' id='word_1_126' title='bbox 408 1741 618 1795; x_wconf 76' lang='lat' dir='ltr'><strong>EPAN.</strong></span> <span class='ocrx_word' id='word_1_127' title='bbox 660 1739 884 1810; x_wconf 80' lang='grc' dir='ltr'>Εἴποιμ’</span> <span class='ocrx_word' id='word_1_128' title='bbox 917 1740 1006 1802; x_wconf 83' lang='grc' dir='ltr'><strong>ἂν,</strong></span> <span class='ocrx_word' id='word_1_129' title='bbox 1037 1740 1113 1803; x_wconf 83' lang='grc' dir='ltr'><strong>ὡς</strong></span> <span class='ocrx_word' id='word_1_130' title='bbox 1140 1739 1210 1792; x_wconf 79' lang='grc' dir='ltr'>τὰ</span> <span class='ocrx_word' id='word_1_131' title='bbox 1241 1740 1340 1811; x_wconf 85' lang='grc' dir='ltr'>μὲν</span> <span class='ocrx_word' id='word_1_132' title='bbox 1373 1739 1721 1810; x_wconf 79' lang='grc' dir='ltr'>θεολογικῶς,</span> <span class='ocrx_word' id='word_1_133' title='bbox 1755 1741 1823 1795; x_wconf 70' lang='grc' dir='ltr'><strong>τὰ</strong></span> <span class='ocrx_word' id='word_1_134' title='bbox 1859 1741 1916 1795; x_wconf 80' lang='grc' dir='ltr'>δὲ</span> 
     </span>
    </p>
   </div>
   <div class='ocr_carea' id='block_1_19' title="bbox 2013 553 3591 624">
    <p class='ocr_par' dir='ltr' id='par_1_19' title="bbox 2013 553 3591 624">
     <span class='ocr_line' id='line_1_19' title="bbox 2013 553 3591 624; baseline 0.006 -18"><span class='ocrx_word' id='word_1_135' title='bbox 2013 569 2199 607; x_wconf 87' lang='lat' dir='ltr'><strong>rarum</strong></span> <span class='ocrx_word' id='word_1_136' title='bbox 2226 570 2538 608; x_wconf 86' lang='lat' dir='ltr'><strong>numerum.</strong></span> <span class='ocrx_word' id='word_1_137' title='bbox 2592 553 2686 608; x_wconf 89' lang='lat' dir='ltr'><strong>Dic</strong></span> <span class='ocrx_word' id='word_1_138' title='bbox 2708 562 2890 608; x_wconf 91' lang='lat' dir='ltr'><strong>autem</strong></span> <span class='ocrx_word' id='word_1_139' title='bbox 2921 555 3058 608; x_wconf 89' lang='lat' dir='ltr'><strong>mihi</strong></span> <span class='ocrx_word' id='word_1_140' title='bbox 3089 571 3188 624; x_wconf 87' lang='lat' dir='ltr'><strong>per</strong></span> <span class='ocrx_word' id='word_1_141' title='bbox 3207 555 3516 623; x_wconf 86' lang='lat' dir='ltr'><strong>veritatem,</strong></span> <span class='ocrx_word' id='word_1_142' title='bbox 3543 560 3591 615; x_wconf 97' lang='lat' dir='ltr'><strong>si</strong></span> 
     </span>
    </p>
   </div>
   <div class='ocr_carea' id='block_1_20' title="bbox 2013 645 3590 714">
    <p class='ocr_par' dir='ltr' id='par_1_20' title="bbox 2013 645 3590 714">
     <span class='ocr_line' id='line_1_20' title="bbox 2013 645 3590 714; baseline 0.004 -16"><span class='ocrx_word' id='word_1_143' title='bbox 2013 645 2137 714; x_wconf 89' lang='lat' dir='ltr'><strong>quis</strong></span> <span class='ocrx_word' id='word_1_144' title='bbox 2155 661 2222 700; x_wconf 85' lang='lat' dir='ltr'><strong>ex</strong></span> <span class='ocrx_word' id='word_1_145' title='bbox 2237 645 2353 701; x_wconf 83' lang='lat' dir='ltr'><strong>Arii</strong></span> <span class='ocrx_word' id='word_1_146' title='bbox 2374 645 2695 700; x_wconf 88' lang='lat' dir='ltr'><strong>etEunomii</strong></span> <span class='ocrx_word' id='word_1_147' title='bbox 2713 646 3080 701; x_wconf 77' lang='lat' dir='ltr'><strong>sectatoribus</strong></span> <span class='ocrx_word' id='word_1_148' title='bbox 3098 657 3277 702; x_wconf 92' lang='lat' dir='ltr'><strong>tecum</strong></span> <span class='ocrx_word' id='word_1_149' title='bbox 3291 646 3590 713; x_wconf 78' lang='lat' dir='ltr'><strong>disserens.</strong></span> 
     </span>
    </p>
   </div>
   <div class='ocr_carea' id='block_1_21' title="bbox 2010 738 3592 808">
    <p class='ocr_par' dir='ltr' id='par_1_21' title="bbox 2010 738 3592 808">
     <span class='ocr_line' id='line_1_21' title="bbox 2010 738 3592 808; baseline 0.001 -16"><span class='ocrx_word' id='word_1_150' title='bbox 2010 745 2311 792; x_wconf 80' lang='lat' dir='ltr'><strong>extenuare</strong></span> <span class='ocrx_word' id='word_1_151' title='bbox 2355 738 2555 792; x_wconf 84' lang='lat' dir='ltr'><strong>Filium</strong></span> <span class='ocrx_word' id='word_1_152' title='bbox 2601 747 2917 802; x_wconf 86' lang='lat' dir='ltr'><strong>conaretur,</strong></span> <span class='ocrx_word' id='word_1_153' title='bbox 2953 754 3189 808; x_wconf 91' lang='lat' dir='ltr'><strong>eumque</strong></span> <span class='ocrx_word' id='word_1_154' title='bbox 3219 738 3381 794; x_wconf 87' lang='lat' dir='ltr'><strong>Patre</strong></span> <span class='ocrx_word' id='word_1_155' title='bbox 3411 740 3592 794; x_wconf 84' lang='lat' dir='ltr'><strong>mino-</strong></span> 
     </span>
    </p>
   </div>
   <div class='ocr_carea' id='block_1_22' title="bbox 2013 829 3593 900">
    <p class='ocr_par' dir='ltr' id='par_1_22' title="bbox 2013 829 3593 900">
     <span class='ocr_line' id='line_1_22' title="bbox 2013 829 3593 900; baseline 0.002 -18"><span class='ocrx_word' id='word_1_156' title='bbox 2013 843 2131 882; x_wconf 90' lang='lat' dir='ltr'><strong>rem</strong></span> <span class='ocrx_word' id='word_1_157' title='bbox 2163 837 2220 884; x_wconf 92' lang='lat' dir='ltr'><strong>et</strong></span> <span class='ocrx_word' id='word_1_158' title='bbox 2271 829 2589 884; x_wconf 78' lang='lat' dir='ltr'><strong>inferiorem</strong></span> <span class='ocrx_word' id='word_1_159' title='bbox 2638 830 2952 892; x_wconf 86' lang='lat' dir='ltr'><strong>ostendere,</strong></span> <span class='ocrx_word' id='word_1_160' title='bbox 3005 830 3097 884; x_wconf 90' lang='lat' dir='ltr'><strong>illa</strong></span> <span class='ocrx_word' id='word_1_161' title='bbox 3134 829 3422 898; x_wconf 78' lang='lat' dir='ltr'><strong>proferens</strong></span> <span class='ocrx_word' id='word_1_162' title='bbox 3470 846 3593 900; x_wconf 66' lang='lat' dir='ltr'><strong>quae</strong></span> 
     </span>
    </p>
   </div>
   <div class='ocr_carea' id='block_1_23' title="bbox 2015 920 3593 991">
    <p class='ocr_par' dir='ltr' id='par_1_23' title="bbox 2015 920 3593 991">
     <span class='ocr_line' id='line_1_23' title="bbox 2015 920 3593 991; baseline 0.001 -17"><span class='ocrx_word' id='word_1_163' title='bbox 2015 920 2200 977; x_wconf 81' lang='lat' dir='ltr'><strong>dicere</strong></span> <span class='ocrx_word' id='word_1_164' title='bbox 2267 930 2694 985; x_wconf 87' lang='lat' dir='ltr'><strong>consueverunt,</strong></span> <span class='ocrx_word' id='word_1_165' title='bbox 2760 928 2816 976; x_wconf 91' lang='lat' dir='ltr'><strong>et</strong></span> <span class='ocrx_word' id='word_1_166' title='bbox 2841 937 2910 975; x_wconf 78' lang='lat' dir='ltr'><strong>ex</strong></span> <span class='ocrx_word' id='word_1_167' title='bbox 2964 936 3120 976; x_wconf 88' lang='lat' dir='ltr'><strong>sacra</strong></span> <span class='ocrx_word' id='word_1_168' title='bbox 3177 920 3461 991; x_wconf 86' lang='lat' dir='ltr'><strong>Scriptura</strong></span> <span class='ocrx_word' id='word_1_169' title='bbox 3512 923 3593 976; x_wconf 82' lang='lat' dir='ltr'><strong>ci-</strong></span> 
     </span>
    </p>
   </div>
   <div class='ocr_carea' id='block_1_24' title="bbox 2017 1012 3637 1083">
    <p class='ocr_par' dir='ltr' id='par_1_24' title="bbox 2017 1012 3637 1083">
     <span class='ocr_line' id='line_1_24' title="bbox 2017 1012 3637 1083; baseline 0.001 -17"><span class='ocrx_word' id='word_1_170' title='bbox 2017 1020 2177 1067; x_wconf 88' lang='lat' dir='ltr'><strong>tans:</strong></span> <span class='ocrx_word' id='word_1_171' title='bbox 2212 1031 2230 1064; x_wconf 80' lang='grc' dir='ltr'><strong>ι</strong></span> <span class='ocrx_word' id='word_1_172' title='bbox 2265 1012 2428 1066; x_wconf 89' lang='lat' dir='ltr'><strong>Pater</strong></span> <span class='ocrx_word' id='word_1_173' title='bbox 2462 1013 2557 1080; x_wconf 93' lang='lat' dir='ltr'><strong>mi,</strong></span> <span class='ocrx_word' id='word_1_174' title='bbox 2587 1014 2631 1068; x_wconf 90' lang='lat' dir='ltr'><strong>si</strong></span> <span class='ocrx_word' id='word_1_175' title='bbox 2657 1013 2919 1083; x_wconf 87' lang='lat' dir='ltr'><strong>possibile</strong></span> <span class='ocrx_word' id='word_1_176' title='bbox 2965 1013 3123 1082; x_wconf 86' lang='grc' dir='ltr'><strong>ιιο</strong></span> <span class='ocrx_word' id='word_1_177' title='bbox 3147 1022 3252 1078; x_wconf 90' lang='lat' dir='ltr'><strong>est,</strong></span> <span class='ocrx_word' id='word_1_178' title='bbox 3278 1021 3520 1067; x_wconf 84' lang='lat' dir='ltr'><strong>transeat</strong></span> <span class='ocrx_word' id='word_1_179' title='bbox 3563 1030 3592 1068; x_wconf 89' lang='lat' dir='ltr'><strong>a</strong></span> <span class='ocrx_word' id='word_1_180' title='bbox 3633 1019 3637 1023; x_wconf 78' lang='grc'><strong><em>“</em></strong></span> 
     </span>
    </p>
   </div>
   <div class='ocr_carea' id='block_1_25' title="bbox 2015 1103 3594 1172">
    <p class='ocr_par' dir='ltr' id='par_1_25' title="bbox 2015 1103 3594 1172">
     <span class='ocr_line' id='line_1_25' title="bbox 2015 1103 3594 1172; baseline 0 -15"><span class='ocrx_word' id='word_1_181' title='bbox 2015 1118 2102 1157; x_wconf 88' lang='lat' dir='ltr'><strong>me</strong></span> <span class='ocrx_word' id='word_1_182' title='bbox 2134 1103 2277 1158; x_wconf 81' lang='lat' dir='ltr'><strong>calix</strong></span> <span class='ocrx_word' id='word_1_183' title='bbox 2306 1103 2411 1157; x_wconf 90' lang='lat' dir='ltr'><strong>iste</strong></span> <span class='ocrx_word' id='word_1_184' title='bbox 2435 1105 2522 1170; x_wconf 82' lang='grc'><strong>²⁶;</strong></span> <span class='ocrx_word' id='word_1_185' title='bbox 2560 1122 2578 1154; x_wconf 80' lang='grc' dir='ltr'><strong>ι</strong></span> <span class='ocrx_word' id='word_1_186' title='bbox 2617 1104 2788 1158; x_wconf 87' lang='lat' dir='ltr'><strong>item:</strong></span> <span class='ocrx_word' id='word_1_187' title='bbox 2827 1122 2844 1154; x_wconf 76' lang='grc' dir='ltr'><strong>ι</strong></span> <span class='ocrx_word' id='word_1_188' title='bbox 2883 1103 3043 1157; x_wconf 86' lang='lat' dir='ltr'><strong>Nunc</strong></span> <span class='ocrx_word' id='word_1_189' title='bbox 3079 1104 3262 1156; x_wconf 88' lang='lat' dir='ltr'><strong>anima</strong></span> <span class='ocrx_word' id='word_1_190' title='bbox 3297 1117 3419 1157; x_wconf 90' lang='lat' dir='ltr'><strong>mea</strong></span> <span class='ocrx_word' id='word_1_191' title='bbox 3463 1119 3594 1172; x_wconf 90' lang='lat' dir='ltr'><strong>per-</strong></span> 
     </span>
    </p>
   </div>
   <div class='ocr_carea' id='block_1_26' title="bbox 2015 1194 3599 1265">
    <p class='ocr_par' dir='ltr' id='par_1_26' title="bbox 2015 1194 3599 1265">
     <span class='ocr_line' id='line_1_26' title="bbox 2015 1194 3599 1265; baseline 0 -16"><span class='ocrx_word' id='word_1_192' title='bbox 2015 1195 2235 1249; x_wconf 91' lang='lat' dir='ltr'><strong>turbata</strong></span> <span class='ocrx_word' id='word_1_193' title='bbox 2262 1203 2346 1249; x_wconf 92' lang='lat' dir='ltr'><strong>est</strong></span> <span class='ocrx_word' id='word_1_194' title='bbox 2367 1196 2434 1260; x_wconf 84' lang='grc'><strong>²⁷,</strong></span> <span class='ocrx_word' id='word_1_195' title='bbox 2479 1214 2497 1247; x_wconf 75' lang='grc' dir='ltr'><strong>ι</strong></span> <span class='ocrx_word' id='word_1_196' title='bbox 2527 1203 2584 1250; x_wconf 92' lang='lat' dir='ltr'><strong>et</strong></span> <span class='ocrx_word' id='word_1_197' title='bbox 2615 1195 2721 1249; x_wconf 90' lang='lat' dir='ltr'><strong>alia</strong></span> <span class='ocrx_word' id='word_1_198' title='bbox 2747 1194 3084 1265; x_wconf 70' lang='lat' dir='ltr'><strong>huiusmodi,</strong></span> <span class='ocrx_word' id='word_1_199' title='bbox 3119 1211 3227 1264; x_wconf 87' lang='lat' dir='ltr'><strong>qua</strong></span> <span class='ocrx_word' id='word_1_200' title='bbox 3257 1194 3469 1248; x_wconf 88' lang='lat' dir='ltr'><strong>ratione</strong></span> <span class='ocrx_word' id='word_1_201' title='bbox 3489 1196 3599 1249; x_wconf 89' lang='lat' dir='ltr'><strong>sol-</strong></span> 
     </span>
    </p>
   </div>
   <div class='ocr_carea' id='block_1_27' title="bbox 2015 1287 3596 1359">
    <p class='ocr_par' dir='ltr' id='par_1_27' title="bbox 2015 1287 3596 1359">
     <span class='ocr_line' id='line_1_27' title="bbox 2015 1287 3596 1359; baseline 0.002 -17"><span class='ocrx_word' id='word_1_202' title='bbox 2015 1303 2178 1342; x_wconf 88' lang='lat' dir='ltr'><strong>veres</strong></span> <span class='ocrx_word' id='word_1_203' title='bbox 2226 1287 2400 1356; x_wconf 89' lang='lat' dir='ltr'><strong>ipsius</strong></span> <span class='ocrx_word' id='word_1_204' title='bbox 2431 1288 2812 1359; x_wconf 89' lang='lat' dir='ltr'><strong>objectiones?</strong></span> <span class='ocrx_word' id='word_1_205' title='bbox 2837 1287 3226 1358; x_wconf 87' lang='lat' dir='ltr'><strong>autquomodo</strong></span> <span class='ocrx_word' id='word_1_206' title='bbox 3249 1287 3596 1345; x_wconf 83' lang='lat' dir='ltr'><strong>ostenderes.</strong></span> 
     </span>
    </p>
   </div>
   <div class='ocr_carea' id='block_1_28' title="bbox 2016 1378 3599 1444">
    <p class='ocr_par' dir='ltr' id='par_1_28' title="bbox 2016 1378 3599 1444">
     <span class='ocr_line' id='line_1_28' title="bbox 2016 1378 3599 1444; baseline -0.002 -10"><span class='ocrx_word' id='word_1_207' title='bbox 2016 1396 2127 1435; x_wconf 90' lang='lat' dir='ltr'><strong>non</strong></span> <span class='ocrx_word' id='word_1_208' title='bbox 2179 1397 2246 1435; x_wconf 80' lang='lat' dir='ltr'><strong>ex</strong></span> <span class='ocrx_word' id='word_1_209' title='bbox 2294 1380 2382 1435; x_wconf 91' lang='lat' dir='ltr'><strong>his</strong></span> <span class='ocrx_word' id='word_1_210' title='bbox 2428 1381 2697 1435; x_wconf 84' lang='lat' dir='ltr'><strong>minorem</strong></span> <span class='ocrx_word' id='word_1_211' title='bbox 2751 1379 2890 1435; x_wconf 79' lang='lat' dir='ltr'><strong>eﬂici</strong></span> <span class='ocrx_word' id='word_1_212' title='bbox 2944 1381 3165 1444; x_wconf 89' lang='lat' dir='ltr'><strong>Filium,</strong></span> <span class='ocrx_word' id='word_1_213' title='bbox 3211 1395 3315 1435; x_wconf 90' lang='lat' dir='ltr'><strong>nec</strong></span> <span class='ocrx_word' id='word_1_214' title='bbox 3368 1378 3599 1432; x_wconf 84' lang='lat' dir='ltr'><strong>alterius</strong></span> 
     </span>
    </p>
   </div>
   <div class='ocr_carea' id='block_1_29' title="bbox 2017 1469 3596 1542">
    <p class='ocr_par' dir='ltr' id='par_1_29' title="bbox 2017 1469 3596 1542">
     <span class='ocr_line' id='line_1_29' title="bbox 2017 1469 3596 1542; baseline -0.003 -15"><span class='ocrx_word' id='word_1_215' title='bbox 2017 1487 2140 1527; x_wconf 90' lang='lat' dir='ltr'><strong>esse</strong></span> <span class='ocrx_word' id='word_1_216' title='bbox 2183 1472 2525 1537; x_wconf 71' lang='lat' dir='ltr'><strong>substantiae,</strong></span> <span class='ocrx_word' id='word_1_217' title='bbox 2552 1476 2569 1492; x_wconf 80' lang='lat'>&#39;</span> <span class='ocrx_word' id='word_1_218' title='bbox 2595 1472 2692 1529; x_wconf 92' lang='lat' dir='ltr'><strong>sed</strong></span> <span class='ocrx_word' id='word_1_219' title='bbox 2722 1488 2788 1528; x_wconf 77' lang='lat' dir='ltr'><strong>ex</strong></span> <span class='ocrx_word' id='word_1_220' title='bbox 2821 1472 3000 1528; x_wconf 88' lang='lat' dir='ltr'><strong>Patris</strong></span> <span class='ocrx_word' id='word_1_221' title='bbox 3043 1471 3286 1542; x_wconf 72' lang='lat' dir='ltr'><strong>genitum</strong></span> <span class='ocrx_word' id='word_1_222' title='bbox 3317 1484 3436 1526; x_wconf 88' lang='lat' dir='ltr'><strong>esse</strong></span> <span class='ocrx_word' id='word_1_223' title='bbox 3463 1469 3596 1525; x_wconf 89' lang='lat' dir='ltr'><strong>sub-</strong></span> 
     </span>
    </p>
   </div>
   <div class='ocr_carea' id='block_1_30' title="bbox 2018 1565 2252 1622">
    <p class='ocr_par' dir='ltr' id='par_1_30' title="bbox 2018 1565 2252 1622">
     <span class='ocr_line' id='line_1_30' title="bbox 2018 1565 2252 1622; baseline 0.009 -3"><span class='ocrx_word' id='word_1_224' title='bbox 2018 1565 2252 1622; x_wconf 81' lang='lat' dir='ltr'><strong>stantia?</strong></span> 
     </span>
    </p>
   </div>
   <div class='ocr_carea' id='block_1_31' title="bbox 2093 1736 3600 1810">
    <p class='ocr_par' dir='ltr' id='par_1_31' title="bbox 2093 1736 3600 1810">
     <span class='ocr_line' id='line_1_31' title="bbox 2093 1736 3600 1810; baseline 0.002 -18"><span class='ocrx_word' id='word_1_225' title='bbox 2093 1737 2300 1792; x_wconf 78' lang='lat' dir='ltr'><strong>ERAN.</strong></span> <span class='ocrx_word' id='word_1_226' title='bbox 2362 1736 2614 1793; x_wconf 88' lang='lat' dir='ltr'><strong>Dicerem</strong></span> <span class='ocrx_word' id='word_1_227' title='bbox 2672 1753 2883 1793; x_wconf 85' lang='lat' dir='ltr'><strong>sacram</strong></span> <span class='ocrx_word' id='word_1_228' title='bbox 2932 1738 3273 1810; x_wconf 87' lang='lat' dir='ltr'><strong>Scripturam</strong></span> <span class='ocrx_word' id='word_1_229' title='bbox 3311 1739 3429 1795; x_wconf 68' lang='lat' dir='ltr'><strong>haec</strong></span> <span class='ocrx_word' id='word_1_230' title='bbox 3477 1741 3600 1810; x_wconf 79' lang='lat' dir='ltr'><strong>qui-</strong></span> 
     </span>
    </p>
   </div>
   <div class='ocr_carea' id='block_1_32' title="bbox 329 1812 1922 1904">
    <p class='ocr_par' dir='ltr' id='par_1_32' title="bbox 329 1830 1918 1904">
     <span class='ocr_line' id='line_1_32' title="bbox 329 1830 1918 1904; baseline 0.001 -18"><span class='ocrx_word' id='word_1_231' title='bbox 329 1830 700 1903; x_wconf 79' lang='grc' dir='ltr'>οἰκονομικῶς</span> <span class='ocrx_word' id='word_1_232' title='bbox 741 1831 776 1902; x_wconf 77' lang='grc' dir='ltr'><strong>ἡ</strong></span> <span class='ocrx_word' id='word_1_233' title='bbox 815 1831 936 1885; x_wconf 83' lang='grc' dir='ltr'>θεία</span> <span class='ocrx_word' id='word_1_234' title='bbox 957 1830 1107 1900; x_wconf 81' lang='grc' dir='ltr'>λέγει</span> <span class='ocrx_word' id='word_1_235' title='bbox 1145 1830 1358 1904; x_wconf 75' lang='grc' dir='ltr'>Γραφὴ,</span> <span class='ocrx_word' id='word_1_236' title='bbox 1392 1831 1486 1885; x_wconf 67' lang='grc' dir='ltr'><strong>καὶ</strong></span> <span class='ocrx_word' id='word_1_237' title='bbox 1519 1831 1595 1896; x_wconf 86' lang='grc' dir='ltr'>ὡς</span> <span class='ocrx_word' id='word_1_238' title='bbox 1622 1833 1682 1886; x_wconf 80' lang='grc' dir='ltr'><strong>οὐ</strong></span> <span class='ocrx_word' id='word_1_239' title='bbox 1712 1833 1817 1904; x_wconf 79' lang='grc' dir='ltr'>χρὴ</span> <span class='ocrx_word' id='word_1_240' title='bbox 1847 1833 1918 1888; x_wconf 83' lang='grc' dir='ltr'>τὰ</span> 
     </span>
    </p>
   </div>
   <div class='ocr_carea' id='block_1_33' title="bbox 2036 1812 3598 1904">
    <p class='ocr_par' dir='ltr' id='par_1_33' title="bbox 2036 1826 3598 1898">
     <span class='ocr_line' id='line_1_33' title="bbox 2036 1826 3598 1898; baseline 0.003 -17"><span class='ocrx_word' id='word_1_241' title='bbox 2036 1826 2145 1882; x_wconf 85' lang='lat' dir='ltr'><strong>lem</strong></span> <span class='ocrx_word' id='word_1_242' title='bbox 2195 1827 2498 1898; x_wconf 81' lang='lat' dir='ltr'><strong>theologice</strong></span> <span class='ocrx_word' id='word_1_243' title='bbox 2547 1826 2757 1893; x_wconf 85' lang='lat' dir='ltr'><strong>dicere,</strong></span> <span class='ocrx_word' id='word_1_244' title='bbox 2801 1828 2894 1883; x_wconf 89' lang='lat' dir='ltr'><strong>illa</strong></span> <span class='ocrx_word' id='word_1_245' title='bbox 2936 1845 3070 1884; x_wconf 87' lang='lat' dir='ltr'><strong>vero</strong></span> <span class='ocrx_word' id='word_1_246' title='bbox 3125 1829 3464 1886; x_wconf 70' lang='lat' dir='ltr'><strong>mconomice</strong></span> <span class='ocrx_word' id='word_1_247' title='bbox 3495 1849 3509 1885; x_wconf 91' lang='lat'><strong>:</strong></span> <span class='ocrx_word' id='word_1_248' title='bbox 3540 1839 3598 1886; x_wconf 86' lang='lat' dir='ltr'><strong>et</strong></span> 
     </span>
    </p>
   </div>
   <div class='ocr_carea' id='block_1_34' title="bbox 333 1922 1914 1996">
    <p class='ocr_par' dir='ltr' id='par_1_34' title="bbox 333 1922 1914 1996">
     <span class='ocr_line' id='line_1_34' title="bbox 333 1922 1914 1996; baseline 0.002 -20"><span class='ocrx_word' id='word_1_249' title='bbox 333 1922 697 1994; x_wconf 79' lang='grc' dir='ltr'>οἰκονομικῶς</span> <span class='ocrx_word' id='word_1_250' title='bbox 721 1922 992 1994; x_wconf 82' lang='grc' dir='ltr'>εἰρημένα</span> <span class='ocrx_word' id='word_1_251' title='bbox 1012 1924 1126 1986; x_wconf 83' lang='grc' dir='ltr'>τοῖς</span> <span class='ocrx_word' id='word_1_252' title='bbox 1147 1922 1477 1991; x_wconf 86' lang='grc' dir='ltr'>θεολογικοῖς</span> <span class='ocrx_word' id='word_1_253' title='bbox 1501 1925 1914 1996; x_wconf 82' lang='grc' dir='ltr'>συναρμόττειν.</span> 
     </span>
    </p>
   </div>
   <div class='ocr_carea' id='block_1_35' title="bbox 419 2104 1922 2184">
    <p class='ocr_par' dir='ltr' id='par_1_35' title="bbox 419 2104 1922 2184">
     <span class='ocr_line' id='line_1_35' title="bbox 419 2104 1922 2184; baseline 0.007 -27"><span class='ocrx_word' id='word_1_254' title='bbox 419 2104 568 2158; x_wconf 84' lang='grc' dir='ltr'><strong>ΟΡΘ.</strong></span> <span class='ocrx_word' id='word_1_255' title='bbox 606 2104 768 2159; x_wconf 81' lang='grc' dir='ltr'>Ἀλλά</span> <span class='ocrx_word' id='word_1_256' title='bbox 794 2123 857 2174; x_wconf 89' lang='grc' dir='ltr'><strong>γε</strong></span> <span class='ocrx_word' id='word_1_257' title='bbox 881 2106 1088 2171; x_wconf 75' lang='grc' dir='ltr'>ἐκεῖνος</span> <span class='ocrx_word' id='word_1_258' title='bbox 1115 2108 1248 2179; x_wconf 81' lang='grc' dir='ltr'>φαίη</span> <span class='ocrx_word' id='word_1_259' title='bbox 1275 2108 1360 2173; x_wconf 74' lang='grc' dir='ltr'><strong>ἂν,</strong></span> <span class='ocrx_word' id='word_1_260' title='bbox 1389 2109 1464 2173; x_wconf 80' lang='grc' dir='ltr'>ὡς</span> <span class='ocrx_word' id='word_1_261' title='bbox 1489 2111 1592 2164; x_wconf 82' lang='grc' dir='ltr'><strong>κάν</strong></span> <span class='ocrx_word' id='word_1_262' title='bbox 1613 2115 1677 2183; x_wconf 80' lang='grc' dir='ltr'>τῇ</span> <span class='ocrx_word' id='word_1_263' title='bbox 1708 2113 1922 2184; x_wconf 84' lang='grc' dir='ltr'>Παλαιᾷ</span> 
     </span>
    </p>
   </div>
   <div class='ocr_carea' id='block_1_36' title="bbox 333 2195 1922 2276">
    <p class='ocr_par' dir='ltr' id='par_1_36' title="bbox 333 2195 1922 2276">
     <span class='ocr_line' id='line_1_36' title="bbox 333 2195 1922 2276; baseline 0.006 -26"><span class='ocrx_word' id='word_1_264' title='bbox 333 2195 707 2267; x_wconf 76' lang='grc' dir='ltr'>οἰκονομικῶς</span> <span class='ocrx_word' id='word_1_265' title='bbox 735 2197 767 2268; x_wconf 81' lang='grc' dir='ltr'>ἡ</span> <span class='ocrx_word' id='word_1_266' title='bbox 797 2197 916 2252; x_wconf 80' lang='grc' dir='ltr'>θεία</span> <span class='ocrx_word' id='word_1_267' title='bbox 938 2199 1133 2270; x_wconf 80' lang='grc' dir='ltr'>Γραφὴ</span> <span class='ocrx_word' id='word_1_268' title='bbox 1169 2199 1315 2270; x_wconf 82' lang='grc' dir='ltr'>λέγει</span> <span class='ocrx_word' id='word_1_269' title='bbox 1344 2201 1534 2258; x_wconf 84' lang='grc' dir='ltr'>πολλά.</span> <span class='ocrx_word' id='word_1_270' title='bbox 1567 2203 1788 2257; x_wconf 86' lang='grc' dir='ltr'>Τοιοῦτο</span> <span class='ocrx_word' id='word_1_271' title='bbox 1813 2205 1922 2276; x_wconf 84' lang='grc' dir='ltr'><strong>γάρ</strong></span> 
     </span>
    </p>
   </div>
   <div class='ocr_carea' id='block_1_37' title="bbox 331 2289 1916 2366">
    <p class='ocr_par' dir='ltr' id='par_1_37' title="bbox 331 2289 1916 2366">
     <span class='ocr_line' id='line_1_37' title="bbox 331 2289 1916 2366; baseline 0.007 -25"><span class='ocrx_word' id='word_1_272' title='bbox 331 2291 457 2342; x_wconf 71' lang='grc' dir='ltr'>ἐστι</span> <span class='ocrx_word' id='word_1_273' title='bbox 507 2289 599 2342; x_wconf 74' lang='grc' dir='ltr'>τόο</span> <span class='ocrx_word' id='word_1_274' title='bbox 639 2307 657 2342; x_wconf 84' lang='grc' dir='ltr'><strong>ι</strong></span> <span class='ocrx_word' id='word_1_275' title='bbox 711 2291 984 2346; x_wconf 82' lang='grc' dir='ltr'>Ἤκουσεν</span> <span class='ocrx_word' id='word_1_276' title='bbox 1023 2292 1196 2363; x_wconf 77' lang='grc' dir='ltr'>Ἀδὰμ</span> <span class='ocrx_word' id='word_1_277' title='bbox 1224 2294 1326 2364; x_wconf 85' lang='grc' dir='ltr'>τῆς</span> <span class='ocrx_word' id='word_1_278' title='bbox 1357 2295 1548 2364; x_wconf 72' lang='grc' dir='ltr'>φωνῆς</span> <span class='ocrx_word' id='word_1_279' title='bbox 1575 2297 1782 2366; x_wconf 77' lang='grc' dir='ltr'>Κυρίου</span> <span class='ocrx_word' id='word_1_280' title='bbox 1820 2298 1916 2352; x_wconf 84' lang='grc' dir='ltr'><strong>τοῦ</strong></span> 
     </span>
    </p>
   </div>
   <div class='ocr_carea' id='block_1_38' title="bbox 329 2379 1920 2460">
    <p class='ocr_par' dir='ltr' id='par_1_38' title="bbox 329 2379 1920 2460">
     <span class='ocr_line' id='line_1_38' title="bbox 329 2379 1920 2460; baseline 0.009 -30"><span class='ocrx_word' id='word_1_281' title='bbox 329 2379 480 2432; x_wconf 74' lang='grc' dir='ltr'>Θεοῦ</span> <span class='ocrx_word' id='word_1_282' title='bbox 513 2381 950 2452; x_wconf 79' lang='grc' dir='ltr'>περιπατοῦντος</span> <span class='ocrx_word' id='word_1_283' title='bbox 975 2398 991 2416; x_wconf 78' lang='grc'><strong><em>⁸</em></strong></span> <span class='ocrx_word' id='word_1_284' title='bbox 1029 2402 1048 2436; x_wconf 80' lang='grc' dir='ltr'><strong>ι</strong></span> <span class='ocrx_word' id='word_1_285' title='bbox 1083 2384 1177 2438; x_wconf 71' lang='grc' dir='ltr'>καὶ</span> <span class='ocrx_word' id='word_1_286' title='bbox 1216 2385 1278 2438; x_wconf 89' lang='grc' dir='ltr'><strong>τό</strong></span> <span class='ocrx_word' id='word_1_287' title='bbox 1300 2403 1314 2416; x_wconf 90' lang='grc'><strong>·</strong></span> <span class='ocrx_word' id='word_1_288' title='bbox 1353 2405 1372 2436; x_wconf 76' lang='grc' dir='ltr'><strong>ι</strong></span> <span class='ocrx_word' id='word_1_289' title='bbox 1419 2387 1680 2451; x_wconf 77' lang='grc' dir='ltr'>Καταϐὰς</span> <span class='ocrx_word' id='word_1_290' title='bbox 1718 2389 1920 2460; x_wconf 77' lang='grc' dir='ltr'>ὄψομαι</span> 
     </span>
    </p>
   </div>
   <div class='ocr_carea' id='block_1_39' title="bbox 331 2473 1923 2554">
    <p class='ocr_par' dir='ltr' id='par_1_39' title="bbox 331 2473 1923 2554">
     <span class='ocr_line' id='line_1_39' title="bbox 331 2473 1923 2554; baseline 0.008 -29"><span class='ocrx_word' id='word_1_291' title='bbox 331 2475 386 2526; x_wconf 81' lang='grc' dir='ltr'><strong>εί</strong></span> <span class='ocrx_word' id='word_1_292' title='bbox 422 2473 567 2526; x_wconf 79' lang='grc' dir='ltr'>κατὰ</span> <span class='ocrx_word' id='word_1_293' title='bbox 595 2473 698 2546; x_wconf 81' lang='grc' dir='ltr'>τὴν</span> <span class='ocrx_word' id='word_1_294' title='bbox 739 2475 989 2547; x_wconf 80' lang='grc' dir='ltr'>κραυγὴν</span> <span class='ocrx_word' id='word_1_295' title='bbox 1018 2475 1201 2532; x_wconf 82' lang='grc' dir='ltr'>αὐτῶν</span> <span class='ocrx_word' id='word_1_296' title='bbox 1233 2476 1332 2549; x_wconf 79' lang='grc' dir='ltr'><strong>τὴν</strong></span> <span class='ocrx_word' id='word_1_297' title='bbox 1359 2479 1665 2551; x_wconf 78' lang='grc' dir='ltr'>ἐρχομένην</span> <span class='ocrx_word' id='word_1_298' title='bbox 1689 2483 1827 2554; x_wconf 87' lang='grc' dir='ltr'>πρός</span> <span class='ocrx_word' id='word_1_299' title='bbox 1852 2501 1923 2554; x_wconf 88' lang='grc' dir='ltr'><strong>με</strong></span> 
     </span>
    </p>
   </div>
   <div class='ocr_carea' id='block_1_40' title="bbox 334 2563 1922 2639">
    <p class='ocr_par' dir='ltr' id='par_1_40' title="bbox 334 2563 1922 2639">
     <span class='ocr_line' id='line_1_40' title="bbox 334 2563 1922 2639; baseline 0.006 -22"><span class='ocrx_word' id='word_1_300' title='bbox 334 2563 754 2631; x_wconf 83' lang='grc' dir='ltr'>συντελοῦνται,</span> <span class='ocrx_word' id='word_1_301' title='bbox 787 2567 836 2620; x_wconf 91' lang='grc' dir='ltr'><strong>εί</strong></span> <span class='ocrx_word' id='word_1_302' title='bbox 864 2567 920 2620; x_wconf 79' lang='grc' dir='ltr'>δὲ</span> <span class='ocrx_word' id='word_1_303' title='bbox 958 2567 1127 2639; x_wconf 84' lang='grc' dir='ltr'>μήγε,</span> <span class='ocrx_word' id='word_1_304' title='bbox 1165 2567 1257 2622; x_wconf 72' lang='grc' dir='ltr'>ἵνα</span> <span class='ocrx_word' id='word_1_305' title='bbox 1283 2569 1398 2635; x_wconf 82' lang='grc' dir='ltr'><strong>γνῶ</strong></span> <span class='ocrx_word' id='word_1_306' title='bbox 1418 2586 1431 2599; x_wconf 85' lang='grc'><strong>·</strong></span> <span class='ocrx_word' id='word_1_307' title='bbox 1465 2587 1484 2620; x_wconf 74' lang='grc' dir='ltr'><strong>ι</strong></span> <span class='ocrx_word' id='word_1_308' title='bbox 1509 2571 1605 2624; x_wconf 81' lang='grc' dir='ltr'><strong>καὶ</strong></span> <span class='ocrx_word' id='word_1_309' title='bbox 1630 2572 1691 2624; x_wconf 85' lang='grc' dir='ltr'><strong>τό</strong></span> <span class='ocrx_word' id='word_1_310' title='bbox 1712 2589 1724 2602; x_wconf 95' lang='grc'><strong>·</strong></span> <span class='ocrx_word' id='word_1_311' title='bbox 1761 2589 1780 2622; x_wconf 78' lang='grc' dir='ltr'><strong>ι</strong></span> <span class='ocrx_word' id='word_1_312' title='bbox 1806 2570 1922 2626; x_wconf 88' lang='grc' dir='ltr'>Νῦν</span> 
     </span>
    </p>
   </div>
   <div class='ocr_carea' id='block_1_41' title="bbox 331 2655 1923 2736">
    <p class='ocr_par' dir='ltr' id='par_1_41' title="bbox 331 2655 1923 2736">
     <span class='ocr_line' id='line_1_41' title="bbox 331 2655 1923 2736; baseline 0.007 -29"><span class='ocrx_word' id='word_1_313' title='bbox 331 2655 542 2724; x_wconf 78' lang='grc' dir='ltr'>ἔγνων,</span> <span class='ocrx_word' id='word_1_314' title='bbox 575 2658 661 2711; x_wconf 82' lang='grc' dir='ltr'>ὅτι</span> <span class='ocrx_word' id='word_1_315' title='bbox 707 2657 847 2730; x_wconf 76' lang='grc' dir='ltr'><strong>φοϐῇ</strong></span> <span class='ocrx_word' id='word_1_316' title='bbox 902 2659 967 2714; x_wconf 79' lang='grc' dir='ltr'><strong>σὺ</strong></span> <span class='ocrx_word' id='word_1_317' title='bbox 1006 2659 1102 2715; x_wconf 83' lang='grc' dir='ltr'><strong>τὸν</strong></span> <span class='ocrx_word' id='word_1_318' title='bbox 1151 2660 1319 2716; x_wconf 73' lang='grc' dir='ltr'>Θεόνο</span> <span class='ocrx_word' id='word_1_319' title='bbox 1355 2678 1374 2713; x_wconf 73' lang='grc' dir='ltr'><strong>ι</strong></span> <span class='ocrx_word' id='word_1_320' title='bbox 1420 2662 1516 2715; x_wconf 77' lang='grc' dir='ltr'><strong>καὶ</strong></span> <span class='ocrx_word' id='word_1_321' title='bbox 1553 2661 1726 2717; x_wconf 80' lang='grc' dir='ltr'>πολλὰ</span> <span class='ocrx_word' id='word_1_322' title='bbox 1755 2663 1923 2736; x_wconf 75' lang='grc' dir='ltr'>ἕτερα</span> 
     </span>
    </p>
   </div>
   <div class='ocr_carea' id='block_1_42' title="bbox 330 2765 590 2804">
    <p class='ocr_par' dir='ltr' id='par_1_42' title="bbox 330 2765 590 2804">
     <span class='ocr_line' id='line_1_42' title="bbox 330 2765 590 2804; baseline 0.008 -3"><span class='ocrx_word' id='word_1_323' title='bbox 330 2765 400 2801; x_wconf 81' lang='grc' dir='ltr'><strong>το</strong></span> <span class='ocrx_word' id='word_1_324' title='bbox 409 2765 568 2802; x_wconf 79' lang='grc' dir='ltr'>ιαυτα</span> <span class='ocrx_word' id='word_1_325' title='bbox 576 2790 590 2804; x_wconf 87' lang='grc'><strong>.</strong></span> 
     </span>
    </p>
   </div>
   <div class='ocr_carea' id='block_1_43' title="bbox 418 2840 1923 2919">
    <p class='ocr_par' dir='ltr' id='par_1_43' title="bbox 418 2840 1923 2919">
     <span class='ocr_line' id='line_1_43' title="bbox 418 2840 1923 2919; baseline 0.007 -28"><span class='ocrx_word' id='word_1_326' title='bbox 418 2840 621 2895; x_wconf 75' lang='lat' dir='ltr'><strong>EPAN.</strong></span> <span class='ocrx_word' id='word_1_327' title='bbox 665 2841 812 2912; x_wconf 81' lang='grc' dir='ltr'>Πρὸς</span> <span class='ocrx_word' id='word_1_328' title='bbox 843 2841 1020 2898; x_wconf 88' lang='grc' dir='ltr'>ταῦτα</span> <span class='ocrx_word' id='word_1_329' title='bbox 1063 2843 1228 2899; x_wconf 86' lang='grc' dir='ltr'>πάλιν</span> <span class='ocrx_word' id='word_1_330' title='bbox 1263 2845 1675 2919; x_wconf 82' lang='grc' dir='ltr'>ἀποκριναίμην</span> <span class='ocrx_word' id='word_1_331' title='bbox 1723 2847 1812 2911; x_wconf 83' lang='grc' dir='ltr'>ἂν,</span> <span class='ocrx_word' id='word_1_332' title='bbox 1847 2848 1923 2912; x_wconf 83' lang='grc' dir='ltr'>ὡς</span> 
     </span>
    </p>
   </div>
   <div class='ocr_carea' id='block_1_44' title="bbox 335 2930 1920 3013">
    <p class='ocr_par' dir='ltr' id='par_1_44' title="bbox 335 2930 1920 3013">
     <span class='ocr_line' id='line_1_44' title="bbox 335 2930 1920 3013; baseline 0.008 -32"><span class='ocrx_word' id='word_1_333' title='bbox 335 2931 522 3002; x_wconf 76' lang='grc' dir='ltr'>πολλὴ</span> <span class='ocrx_word' id='word_1_334' title='bbox 546 2930 656 2986; x_wconf 85' lang='grc' dir='ltr'><strong>τῶν</strong></span> <span class='ocrx_word' id='word_1_335' title='bbox 687 2934 1069 3006; x_wconf 85' lang='grc' dir='ltr'>οἰκονομιῶνή</span> <span class='ocrx_word' id='word_1_336' title='bbox 1107 2936 1365 3008; x_wconf 76' lang='grc' dir='ltr'>διαφορά.</span> <span class='ocrx_word' id='word_1_337' title='bbox 1417 2939 1506 2992; x_wconf 89' lang='grc' dir='ltr'>Ἐν</span> <span class='ocrx_word' id='word_1_338' title='bbox 1564 2939 1663 3009; x_wconf 81' lang='grc' dir='ltr'>μὲν</span> <span class='ocrx_word' id='word_1_339' title='bbox 1703 2939 1814 3010; x_wconf 83' lang='grc' dir='ltr'>γὰρ</span> <span class='ocrx_word' id='word_1_340' title='bbox 1853 2943 1920 3013; x_wconf 84' lang='grc' dir='ltr'>τῇ</span> 
     </span>
    </p>
   </div>
   <div class='ocr_carea' id='block_1_45' title="bbox 332 3021 1924 3099">
    <p class='ocr_par' dir='ltr' id='par_1_45' title="bbox 332 3021 1924 3099">
     <span class='ocr_line' id='line_1_45' title="bbox 332 3021 1924 3099; baseline 0.008 -25"><span class='ocrx_word' id='word_1_341' title='bbox 332 3021 562 3093; x_wconf 44' lang='lat' dir='ltr'><strong>Halani</strong></span> <span class='ocrx_word' id='word_1_342' title='bbox 615 3023 790 3093; x_wconf 88' lang='grc' dir='ltr'>λόγων</span> <span class='ocrx_word' id='word_1_343' title='bbox 827 3026 1088 3082; x_wconf 81' lang='grc' dir='ltr'>τοιούτων</span> <span class='ocrx_word' id='word_1_344' title='bbox 1121 3028 1427 3099; x_wconf 70' lang='grc' dir='ltr'>οἰκονομία,</span> <span class='ocrx_word' id='word_1_345' title='bbox 1459 3030 1697 3085; x_wconf 78' lang='grc' dir='ltr'>ἐνταῦθα</span> <span class='ocrx_word' id='word_1_346' title='bbox 1728 3032 1785 3086; x_wconf 88' lang='grc' dir='ltr'>δὲ</span> <span class='ocrx_word' id='word_1_347' title='bbox 1829 3033 1924 3086; x_wconf 76' lang='grc' dir='ltr'>καὶ</span> 
     </span>
    </p>
   </div>
   <div class='ocr_carea' id='block_1_46' title="bbox 333 3115 721 3185">
    <p class='ocr_par' dir='ltr' id='par_1_46' title="bbox 333 3115 721 3185">
     <span class='ocr_line' id='line_1_46' title="bbox 333 3115 721 3185; baseline 0.008 -19"><span class='ocrx_word' id='word_1_348' title='bbox 333 3115 721 3185; x_wconf 79' lang='grc' dir='ltr'>πραγμάτων.</span> 
     </span>
    </p>
   </div>
   <div class='ocr_carea' id='block_1_47' title="bbox 410 3205 1921 3287">
    <p class='ocr_par' dir='ltr' id='par_1_47' title="bbox 410 3205 1921 3287">
     <span class='ocr_line' id='line_1_47' title="bbox 410 3205 1921 3287; baseline 0.008 -30"><span class='ocrx_word' id='word_1_349' title='bbox 410 3205 577 3259; x_wconf 86' lang='grc' dir='ltr'><strong>ΟΡΘ.</strong></span> <span class='ocrx_word' id='word_1_350' title='bbox 633 3205 775 3259; x_wconf 78' lang='grc' dir='ltr'>Ἀλλ’</span> <span class='ocrx_word' id='word_1_351' title='bbox 807 3206 985 3280; x_wconf 80' lang='grc' dir='ltr'>ἔροιτο</span> <span class='ocrx_word' id='word_1_352' title='bbox 1030 3209 1098 3264; x_wconf 86' lang='grc' dir='ltr'>ἂν</span> <span class='ocrx_word' id='word_1_353' title='bbox 1143 3213 1385 3275; x_wconf 83' lang='grc' dir='ltr'>ἐκεῖνος·</span> <span class='ocrx_word' id='word_1_354' title='bbox 1431 3213 1608 3267; x_wconf 89' lang='grc' dir='ltr'>Ποίων</span> <span class='ocrx_word' id='word_1_355' title='bbox 1660 3216 1921 3287; x_wconf 86' lang='grc' dir='ltr'>πραγμά-</span> 
     </span>
    </p>
   </div>
   <div class='ocr_carea' id='block_1_48' title="bbox 334 3315 485 3361">
    <p class='ocr_par' dir='ltr' id='par_1_48' title="bbox 334 3315 485 3361">
     <span class='ocr_line' id='line_1_48' title="bbox 334 3315 485 3361; baseline -0.007 -9"><span class='ocrx_word' id='word_1_356' title='bbox 334 3315 444 3352; x_wconf 86' lang='grc' dir='ltr'><strong>των</strong></span> <span class='ocrx_word' id='word_1_357' title='bbox 469 3316 485 3361; x_wconf 90' lang='grc'><strong>;</strong></span> 
     </span>
    </p>
   </div>
   <div class='ocr_carea' id='block_1_49' title="bbox 405 3388 1920 3472">
    <p class='ocr_par' dir='ltr' id='par_1_49' title="bbox 405 3388 1920 3472">
     <span class='ocr_line' id='line_1_49' title="bbox 405 3388 1920 3472; baseline 0.009 -30"><span class='ocrx_word' id='word_1_358' title='bbox 405 3388 619 3444; x_wconf 77' lang='grc' dir='ltr'><strong>ΕΡΑΝ.</strong></span> <span class='ocrx_word' id='word_1_359' title='bbox 667 3390 806 3443; x_wconf 83' lang='grc' dir='ltr'>Ἀλλ’</span> <span class='ocrx_word' id='word_1_360' title='bbox 850 3391 1013 3456; x_wconf 79' lang='grc' dir='ltr'>εὐθὺς</span> <span class='ocrx_word' id='word_1_361' title='bbox 1050 3395 1372 3461; x_wconf 83' lang='grc' dir='ltr'>ἀκούσεται,</span> <span class='ocrx_word' id='word_1_362' title='bbox 1414 3399 1523 3452; x_wconf 89' lang='grc' dir='ltr'><strong>τῶν</strong></span> <span class='ocrx_word' id='word_1_363' title='bbox 1561 3401 1660 3472; x_wconf 78' lang='grc' dir='ltr'>τῆς</span> <span class='ocrx_word' id='word_1_364' title='bbox 1701 3402 1920 3472; x_wconf 82' lang='grc' dir='ltr'>σαρκώ-</span> 
     </span>
    </p>
   </div>
   <div class='ocr_carea' id='block_1_50' title="bbox 336 3480 1924 3557">
    <p class='ocr_par' dir='ltr' id='par_1_50' title="bbox 336 3480 1924 3557">
     <span class='ocr_line' id='line_1_50' title="bbox 336 3480 1924 3557; baseline 0.011 -26"><span class='ocrx_word' id='word_1_365' title='bbox 336 3497 508 3543; x_wconf 88' lang='grc' dir='ltr'>σεως.</span> <span class='ocrx_word' id='word_1_366' title='bbox 547 3480 1011 3553; x_wconf 79' lang='grc' dir='ltr'>Ἐνανθρωπήσας</span> <span class='ocrx_word' id='word_1_367' title='bbox 1041 3484 1151 3556; x_wconf 81' lang='grc' dir='ltr'><strong>γάρ</strong></span> <span class='ocrx_word' id='word_1_368' title='bbox 1183 3487 1212 3538; x_wconf 86' lang='lat'><strong>6</strong></span> <span class='ocrx_word' id='word_1_369' title='bbox 1242 3488 1370 3550; x_wconf 74' lang='grc' dir='ltr'>Υἱὸς</span> <span class='ocrx_word' id='word_1_370' title='bbox 1392 3490 1487 3542; x_wconf 86' lang='grc' dir='ltr'><strong>τοῦ</strong></span> <span class='ocrx_word' id='word_1_371' title='bbox 1525 3491 1683 3557; x_wconf 88' lang='grc' dir='ltr'>Θεοῦ,</span> <span class='ocrx_word' id='word_1_372' title='bbox 1712 3493 1808 3546; x_wconf 75' lang='grc' dir='ltr'>καὶ</span> <span class='ocrx_word' id='word_1_373' title='bbox 1833 3494 1924 3548; x_wconf 73' lang='grc' dir='ltr'><strong>διὰ</strong></span> 
     </span>
    </p>
   </div>
   <div class='ocr_carea' id='block_1_51' title="bbox 339 3572 1923 3660">
    <p class='ocr_par' dir='ltr' id='par_1_51' title="bbox 339 3572 1923 3660">
     <span class='ocr_line' id='line_1_51' title="bbox 339 3572 1923 3660; baseline 0.009 -35"><span class='ocrx_word' id='word_1_374' title='bbox 339 3572 616 3642; x_wconf 81' lang='grc' dir='ltr'>ῥημάτων</span> <span class='ocrx_word' id='word_1_375' title='bbox 641 3574 734 3626; x_wconf 69' lang='grc' dir='ltr'><strong>καὶ</strong></span> <span class='ocrx_word' id='word_1_376' title='bbox 766 3575 1135 3645; x_wconf 83' lang='grc' dir='ltr'>πραγμάτων,</span> <span class='ocrx_word' id='word_1_377' title='bbox 1155 3579 1287 3634; x_wconf 81' lang='grc' dir='ltr'>ποτὲ</span> <span class='ocrx_word' id='word_1_378' title='bbox 1320 3580 1420 3652; x_wconf 81' lang='grc' dir='ltr'><strong>μὲν</strong></span> <span class='ocrx_word' id='word_1_379' title='bbox 1447 3582 1546 3652; x_wconf 81' lang='grc' dir='ltr'><strong>τὴν</strong></span> <span class='ocrx_word' id='word_1_380' title='bbox 1566 3583 1768 3656; x_wconf 85' lang='grc' dir='ltr'>σάρκα,</span> <span class='ocrx_word' id='word_1_381' title='bbox 1793 3588 1923 3660; x_wconf 57' lang='grc' dir='ltr'>ποτὲ</span> 
     </span>
    </p>
   </div>
   <div class='ocr_carea' id='block_1_52' title="bbox 334 3663 1923 3746">
    <p class='ocr_par' dir='ltr' id='par_1_52' title="bbox 334 3663 1923 3746">
     <span class='ocr_line' id='line_1_52' title="bbox 334 3663 1923 3746; baseline 0.013 -32"><span class='ocrx_word' id='word_1_382' title='bbox 334 3663 390 3715; x_wconf 77' lang='grc' dir='ltr'>δὲ</span> <span class='ocrx_word' id='word_1_383' title='bbox 422 3665 534 3738; x_wconf 82' lang='grc' dir='ltr'>τὴν</span> <span class='ocrx_word' id='word_1_384' title='bbox 574 3663 806 3739; x_wconf 84' lang='grc' dir='ltr'>θεότητα</span> <span class='ocrx_word' id='word_1_385' title='bbox 841 3665 1140 3725; x_wconf 82' lang='grc' dir='ltr'>δείκνυσιν·</span> <span class='ocrx_word' id='word_1_386' title='bbox 1170 3672 1360 3746; x_wconf 81' lang='grc' dir='ltr'>ῶσπερ</span> <span class='ocrx_word' id='word_1_387' title='bbox 1402 3677 1596 3746; x_wconf 83' lang='grc' dir='ltr'>ἀμέλει</span> <span class='ocrx_word' id='word_1_388' title='bbox 1644 3679 1923 3734; x_wconf 78' lang='grc' dir='ltr'>κάνταῦθα</span> 
     </span>
    </p>
   </div>
   <div class='ocr_carea' id='block_1_53' title="bbox 334 3759 1920 3840">
    <p class='ocr_par' dir='ltr' id='par_1_53' title="bbox 334 3759 1920 3840">
     <span class='ocr_line' id='line_1_53' title="bbox 334 3759 1920 3840; baseline 0.011 -31"><span class='ocrx_word' id='word_1_389' title='bbox 334 3759 436 3828; x_wconf 73' lang='grc' dir='ltr'>τῆς</span> <span class='ocrx_word' id='word_1_390' title='bbox 479 3759 692 3831; x_wconf 73' lang='grc' dir='ltr'>σαρκὸς</span> <span class='ocrx_word' id='word_1_391' title='bbox 735 3761 831 3814; x_wconf 72' lang='grc' dir='ltr'><strong>καὶ</strong></span> <span class='ocrx_word' id='word_1_392' title='bbox 868 3761 972 3832; x_wconf 81' lang='grc' dir='ltr'>τῆς</span> <span class='ocrx_word' id='word_1_393' title='bbox 1018 3763 1199 3836; x_wconf 78' lang='grc' dir='ltr'>ψυχῆς</span> <span class='ocrx_word' id='word_1_394' title='bbox 1243 3766 1414 3833; x_wconf 80' lang='grc' dir='ltr'>ἔδειξε</span> <span class='ocrx_word' id='word_1_395' title='bbox 1466 3769 1566 3840; x_wconf 81' lang='grc' dir='ltr'>τὴν</span> <span class='ocrx_word' id='word_1_396' title='bbox 1606 3770 1920 3826; x_wconf 62' lang='grc' dir='ltr'>ἀσθένειαν</span> 
     </span>
    </p>
   </div>
   <div class='ocr_carea' id='block_1_54' title="bbox 334 3847 1013 3921">
    <p class='ocr_par' dir='ltr' id='par_1_54' title="bbox 334 3847 1013 3921">
     <span class='ocr_line' id='line_1_54' title="bbox 334 3847 1013 3921; baseline 0.01 -22"><span class='ocrx_word' id='word_1_397' title='bbox 334 3847 552 3911; x_wconf 77' lang='grc' dir='ltr'>δειλίας</span> <span class='ocrx_word' id='word_1_398' title='bbox 586 3849 695 3921; x_wconf 82' lang='grc' dir='ltr'>γὰρ</span> <span class='ocrx_word' id='word_1_399' title='bbox 723 3851 785 3904; x_wconf 85' lang='grc' dir='ltr'><strong>τὸ</strong></span> <span class='ocrx_word' id='word_1_400' title='bbox 820 3851 1013 3916; x_wconf 80' lang='grc' dir='ltr'>πάθος.</span> 
     </span>
    </p>
   </div>
   <div class='ocr_carea' id='block_1_55' title="bbox 407 3941 1924 4030">
    <p class='ocr_par' dir='ltr' id='par_1_55' title="bbox 407 3941 1924 4030">
     <span class='ocr_line' id='line_1_55' title="bbox 407 3941 1924 4030; baseline 0.013 -37"><span class='ocrx_word' id='word_1_401' title='bbox 407 3941 572 3995; x_wconf 85' lang='grc' dir='ltr'><strong>ΟΡΘ.</strong></span> <span class='ocrx_word' id='word_1_402' title='bbox 606 3942 670 3994; x_wconf 83' lang='grc' dir='ltr'><strong>Εἰ</strong></span> <span class='ocrx_word' id='word_1_403' title='bbox 695 3942 752 3996; x_wconf 83' lang='grc' dir='ltr'><strong>δέ</strong></span> <span class='ocrx_word' id='word_1_404' title='bbox 796 3960 860 4012; x_wconf 89' lang='grc' dir='ltr'><strong>γε</strong></span> <span class='ocrx_word' id='word_1_405' title='bbox 918 3943 1206 4001; x_wconf 81' lang='grc' dir='ltr'>ὑπολαϐὼν</span> <span class='ocrx_word' id='word_1_406' title='bbox 1245 3950 1423 4004; x_wconf 83' lang='grc' dir='ltr'>είποι·</span> <span class='ocrx_word' id='word_1_407' title='bbox 1459 3953 1570 4006; x_wconf 75' lang='grc' dir='ltr'>Καὶ</span> <span class='ocrx_word' id='word_1_408' title='bbox 1612 3954 1720 4026; x_wconf 77' lang='grc' dir='ltr'>μὴν</span> <span class='ocrx_word' id='word_1_409' title='bbox 1748 3956 1924 4030; x_wconf 80' lang='grc' dir='ltr'>ψυχὴν</span> 
     </span>
    </p>
   </div>
   <div class='ocr_carea' id='block_1_56' title="bbox 334 4033 1926 4122">
    <p class='ocr_par' dir='ltr' id='par_1_56' title="bbox 334 4033 1926 4122">
     <span class='ocr_line' id='line_1_56' title="bbox 334 4033 1926 4122; baseline 0.013 -38"><span class='ocrx_word' id='word_1_410' title='bbox 334 4035 443 4122; x_wconf 69' lang='grc' dir='ltr'><strong>οὐκ</strong></span> <span class='ocrx_word' id='word_1_411' title='bbox 483 4033 776 4100; x_wconf 79' lang='grc' dir='ltr'>ἁνέλαόεν,</span> <span class='ocrx_word' id='word_1_412' title='bbox 832 4036 969 4091; x_wconf 85' lang='grc' dir='ltr'>ἀλλὰ</span> <span class='ocrx_word' id='word_1_413' title='bbox 1018 4039 1177 4108; x_wconf 85' lang='grc' dir='ltr'>σῶμα</span> <span class='ocrx_word' id='word_1_414' title='bbox 1213 4043 1393 4112; x_wconf 88' lang='grc' dir='ltr'>μόνον,</span> <span class='ocrx_word' id='word_1_415' title='bbox 1425 4047 1458 4116; x_wconf 81' lang='grc' dir='ltr'><strong>ἡ</strong></span> <span class='ocrx_word' id='word_1_416' title='bbox 1493 4045 1550 4100; x_wconf 87' lang='grc' dir='ltr'>δὲ</span> <span class='ocrx_word' id='word_1_417' title='bbox 1580 4046 1771 4118; x_wconf 89' lang='grc' dir='ltr'>θεότης</span> <span class='ocrx_word' id='word_1_418' title='bbox 1799 4051 1926 4104; x_wconf 74' lang='grc' dir='ltr'>ἀντὶ</span> 
     </span>
    </p>
   </div>
   <div class='ocr_carea' id='block_1_57' title="bbox 335 4124 1928 4213">
    <p class='ocr_par' dir='ltr' id='par_1_57' title="bbox 335 4124 1928 4213">
     <span class='ocr_line' id='line_1_57' title="bbox 335 4124 1928 4213; baseline 0.012 -37"><span class='ocrx_word' id='word_1_419' title='bbox 335 4124 535 4194; x_wconf 75' lang='grc' dir='ltr'>ψυχῆς</span> <span class='ocrx_word' id='word_1_420' title='bbox 580 4125 846 4180; x_wconf 83' lang='grc' dir='ltr'>ὲνωθεῖσα</span> <span class='ocrx_word' id='word_1_421' title='bbox 895 4128 974 4200; x_wconf 81' lang='grc' dir='ltr'>τῷ</span> <span class='ocrx_word' id='word_1_422' title='bbox 1031 4129 1244 4202; x_wconf 83' lang='grc' dir='ltr'>σώματι</span> <span class='ocrx_word' id='word_1_423' title='bbox 1284 4135 1465 4191; x_wconf 86' lang='grc' dir='ltr'>πάντα</span> <span class='ocrx_word' id='word_1_424' title='bbox 1504 4138 1576 4192; x_wconf 74' lang='grc' dir='ltr'><strong>τά</strong></span> <span class='ocrx_word' id='word_1_425' title='bbox 1609 4139 1711 4209; x_wconf 84' lang='grc' dir='ltr'>τῆς</span> <span class='ocrx_word' id='word_1_426' title='bbox 1749 4140 1928 4213; x_wconf 77' lang='grc' dir='ltr'>ψυχῆς</span> 
     </span>
    </p>
   </div>
   <div class='ocr_carea' id='block_1_58' title="bbox 337 4216 1928 4299">
    <p class='ocr_par' dir='ltr' id='par_1_58' title="bbox 337 4216 1928 4299">
     <span class='ocr_line' id='line_1_58' title="bbox 337 4216 1928 4299; baseline 0.011 -29"><span class='ocrx_word' id='word_1_427' title='bbox 337 4216 648 4283; x_wconf 78' lang='grc' dir='ltr'>ἀνεδέξατο</span> <span class='ocrx_word' id='word_1_428' title='bbox 676 4218 814 4288; x_wconf 75' lang='grc'><strong>(45),</strong></span> <span class='ocrx_word' id='word_1_429' title='bbox 849 4221 1025 4286; x_wconf 82' lang='grc' dir='ltr'>ποίοις</span> <span class='ocrx_word' id='word_1_430' title='bbox 1065 4223 1132 4277; x_wconf 80' lang='grc' dir='ltr'>ἂν</span> <span class='ocrx_word' id='word_1_431' title='bbox 1164 4223 1346 4294; x_wconf 89' lang='grc' dir='ltr'>λόγοις</span> <span class='ocrx_word' id='word_1_432' title='bbox 1372 4228 1474 4299; x_wconf 81' lang='grc' dir='ltr'>τὴν</span> <span class='ocrx_word' id='word_1_433' title='bbox 1506 4229 1782 4285; x_wconf 81' lang='grc' dir='ltr'>ἀντίθεσιν</span> <span class='ocrx_word' id='word_1_434' title='bbox 1808 4232 1928 4288; x_wconf 86' lang='grc' dir='ltr'>δια-</span> 
     </span>
    </p>
   </div>
   <div class='ocr_carea' id='block_1_59' title="bbox 336 4308 728 4380">
    <p class='ocr_par' dir='ltr' id='par_1_59' title="bbox 336 4308 728 4380">
     <span class='ocr_line' id='line_1_59' title="bbox 336 4308 728 4380; baseline 0.013 -20"><span class='ocrx_word' id='word_1_435' title='bbox 336 4308 546 4372; x_wconf 78' lang='grc' dir='ltr'>λύσαις</span> <span class='ocrx_word' id='word_1_436' title='bbox 579 4309 690 4380; x_wconf 70' lang='grc' dir='ltr'><strong>(Η)</strong></span> <span class='ocrx_word' id='word_1_437' title='bbox 712 4328 728 4376; x_wconf 88' lang='grc'><strong>;</strong></span> 
     </span>
    </p>
   </div>
   <div class='ocr_carea' id='block_1_60' title="bbox 415 4404 1928 4485">
    <p class='ocr_par' dir='ltr' id='par_1_60' title="bbox 415 4404 1928 4485">
     <span class='ocr_line' id='line_1_60' title="bbox 415 4404 1928 4485; baseline 0.011 -28"><span class='ocrx_word' id='word_1_438' title='bbox 415 4404 632 4459; x_wconf 81' lang='lat' dir='ltr'><strong>EPAN.</strong></span> <span class='ocrx_word' id='word_1_439' title='bbox 693 4407 790 4459; x_wconf 85' lang='grc' dir='ltr'><strong>Ἐκ</strong></span> <span class='ocrx_word' id='word_1_440' title='bbox 840 4408 940 4478; x_wconf 85' lang='grc' dir='ltr'>τῆς</span> <span class='ocrx_word' id='word_1_441' title='bbox 992 4408 1139 4473; x_wconf 88' lang='grc' dir='ltr'>θείας</span> <span class='ocrx_word' id='word_1_442' title='bbox 1195 4412 1420 4483; x_wconf 76' lang='grc' dir='ltr'>Γραφῆς</span> <span class='ocrx_word' id='word_1_443' title='bbox 1473 4415 1574 4480; x_wconf 85' lang='grc' dir='ltr'>τὰς</span> <span class='ocrx_word' id='word_1_444' title='bbox 1619 4417 1928 4485; x_wconf 79' lang='grc' dir='ltr'>ἀποδείξεις</span> 
     </span>
    </p>
   </div>
   <div class='ocr_carea' id='block_1_61' title="bbox 1905 3165 1992 3224">
    <p class='ocr_par' dir='ltr' id='par_1_61' title="bbox 1905 3165 1992 3224">
     <span class='ocr_line' id='line_1_61' title="bbox 1905 3165 1992 3224; baseline 0 0"><span class='ocrx_word' id='word_1_445' title='bbox 1905 3165 1992 3224; x_wconf 62' lang='lat' dir='ltr'><strong><em>‘C</em></strong></span> 
     </span>
    </p>
   </div>
   <div class='ocr_carea' id='block_1_62' title="bbox 2021 1917 3598 1992">
    <p class='ocr_par' dir='ltr' id='par_1_62' title="bbox 2021 1917 3598 1992">
     <span class='ocr_line' id='line_1_62' title="bbox 2021 1917 3598 1992; baseline 0.003 -19"><span class='ocrx_word' id='word_1_446' title='bbox 2021 1935 2142 1991; x_wconf 68' lang='lat' dir='ltr'><strong>quae</strong></span> <span class='ocrx_word' id='word_1_447' title='bbox 2171 1919 2512 1974; x_wconf 76' lang='lat' dir='ltr'><strong>(economice</strong></span> <span class='ocrx_word' id='word_1_448' title='bbox 2546 1917 2693 1974; x_wconf 88' lang='lat' dir='ltr'><strong>dicta</strong></span> <span class='ocrx_word' id='word_1_449' title='bbox 2751 1919 2882 1985; x_wconf 89' lang='lat' dir='ltr'><strong>sint,</strong></span> <span class='ocrx_word' id='word_1_450' title='bbox 2914 1921 3235 1992; x_wconf 83' lang='lat' dir='ltr'><strong>theologicis</strong></span> <span class='ocrx_word' id='word_1_451' title='bbox 3265 1922 3434 1977; x_wconf 89' lang='lat' dir='ltr'><strong>tribui</strong></span> <span class='ocrx_word' id='word_1_452' title='bbox 3486 1937 3598 1977; x_wconf 89' lang='lat' dir='ltr'><strong>non</strong></span> 
     </span>
    </p>
   </div>
   <div class='ocr_carea' id='block_1_63' title="bbox 2021 2009 2246 2066">
    <p class='ocr_par' dir='ltr' id='par_1_63' title="bbox 2021 2009 2246 2066">
     <span class='ocr_line' id='line_1_63' title="bbox 2021 2009 2246 2066; baseline 0.009 -2"><span class='ocrx_word' id='word_1_453' title='bbox 2021 2009 2246 2066; x_wconf 89' lang='lat' dir='ltr'><strong>debere.</strong></span> 
     </span>
    </p>
   </div>
   <div class='ocr_carea' id='block_1_64' title="bbox 2091 2101 3599 2177">
    <p class='ocr_par' dir='ltr' id='par_1_64' title="bbox 2091 2101 3599 2177">
     <span class='ocr_line' id='line_1_64' title="bbox 2091 2101 3599 2177; baseline -0.001 -18"><span class='ocrx_word' id='word_1_454' title='bbox 2091 2103 2303 2160; x_wconf 84' lang='lat' dir='ltr'><strong>ORTH.</strong></span> <span class='ocrx_word' id='word_1_455' title='bbox 2345 2105 2453 2160; x_wconf 90' lang='lat' dir='ltr'><strong>Sed</strong></span> <span class='ocrx_word' id='word_1_456' title='bbox 2488 2106 2580 2162; x_wconf 86' lang='lat' dir='ltr'><strong>ille</strong></span> <span class='ocrx_word' id='word_1_457' title='bbox 2605 2106 2894 2177; x_wconf 85' lang='lat' dir='ltr'><strong>objiceret,</strong></span> <span class='ocrx_word' id='word_1_458' title='bbox 2951 2103 3096 2173; x_wconf 91' lang='lat' dir='ltr'><strong>quod</strong></span> <span class='ocrx_word' id='word_1_459' title='bbox 3129 2101 3296 2157; x_wconf 91' lang='lat' dir='ltr'><strong>etiam</strong></span> <span class='ocrx_word' id='word_1_460' title='bbox 3323 2102 3380 2156; x_wconf 90' lang='lat' dir='ltr'><strong>in</strong></span> <span class='ocrx_word' id='word_1_461' title='bbox 3415 2101 3599 2157; x_wconf 79' lang='lat' dir='ltr'><strong>Veteri</strong></span> 
     </span>
    </p>
   </div>
   <div class='ocr_carea' id='block_1_65' title="bbox 2023 2196 3600 2267">
    <p class='ocr_par' dir='ltr' id='par_1_65' title="bbox 2023 2196 3600 2267">
     <span class='ocr_line' id='line_1_65' title="bbox 2023 2196 3600 2267; baseline -0.002 -12"><span class='ocrx_word' id='word_1_462' title='bbox 2023 2200 2376 2255; x_wconf 87' lang='lat' dir='ltr'><strong>Testamento</strong></span> <span class='ocrx_word' id='word_1_463' title='bbox 2423 2201 2598 2255; x_wconf 89' lang='lat' dir='ltr'><strong>multa</strong></span> <span class='ocrx_word' id='word_1_464' title='bbox 2620 2199 2960 2256; x_wconf 71' lang='lat' dir='ltr'><strong>(nconomice</strong></span> <span class='ocrx_word' id='word_1_465' title='bbox 2997 2197 3184 2252; x_wconf 84' lang='lat' dir='ltr'><strong>divina</strong></span> <span class='ocrx_word' id='word_1_466' title='bbox 3212 2196 3496 2267; x_wconf 87' lang='lat' dir='ltr'><strong>Scriptura</strong></span> <span class='ocrx_word' id='word_1_467' title='bbox 3517 2196 3600 2252; x_wconf 91' lang='lat' dir='ltr'><strong>di-</strong></span> 
     </span>
    </p>
   </div>
   <div class='ocr_carea' id='block_1_66' title="bbox 2020 2288 3599 2349">
    <p class='ocr_par' dir='ltr' id='par_1_66' title="bbox 2020 2288 3599 2349">
     <span class='ocr_line' id='line_1_66' title="bbox 2020 2288 3599 2349; baseline -0.003 -2"><span class='ocrx_word' id='word_1_468' title='bbox 2020 2308 2147 2348; x_wconf 90' lang='lat' dir='ltr'><strong>cere</strong></span> <span class='ocrx_word' id='word_1_469' title='bbox 2190 2293 2388 2349; x_wconf 89' lang='lat' dir='ltr'><strong>soleat.</strong></span> <span class='ocrx_word' id='word_1_470' title='bbox 2442 2293 2572 2348; x_wconf 89' lang='lat' dir='ltr'><strong>Tale</strong></span> <span class='ocrx_word' id='word_1_471' title='bbox 2601 2294 2749 2348; x_wconf 92' lang='lat' dir='ltr'><strong>enim</strong></span> <span class='ocrx_word' id='word_1_472' title='bbox 2796 2301 2881 2348; x_wconf 90' lang='lat' dir='ltr'><strong>est</strong></span> <span class='ocrx_word' id='word_1_473' title='bbox 2921 2291 3090 2346; x_wconf 89' lang='lat' dir='ltr'><strong>illud:</strong></span> <span class='ocrx_word' id='word_1_474' title='bbox 3121 2309 3139 2341; x_wconf 73' lang='lat' dir='ltr'><strong>c</strong></span> <span class='ocrx_word' id='word_1_475' title='bbox 3171 2288 3397 2345; x_wconf 80' lang='lat' dir='ltr'><strong>Audivit</strong></span> <span class='ocrx_word' id='word_1_476' title='bbox 3426 2289 3599 2345; x_wconf 81' lang='lat' dir='ltr'><strong>Adam</strong></span> 
     </span>
    </p>
   </div>
   <div class='ocr_carea' id='block_1_67' title="bbox 2020 2383 3602 2451">
    <p class='ocr_par' dir='ltr' id='par_1_67' title="bbox 2020 2383 3602 2451">
     <span class='ocr_line' id='line_1_67' title="bbox 2020 2383 3602 2451; baseline -0.003 -9"><span class='ocrx_word' id='word_1_477' title='bbox 2020 2400 2214 2442; x_wconf 88' lang='lat' dir='ltr'><strong>vocem</strong></span> <span class='ocrx_word' id='word_1_478' title='bbox 2258 2385 2476 2440; x_wconf 88' lang='lat' dir='ltr'><strong>Domini</strong></span> <span class='ocrx_word' id='word_1_479' title='bbox 2510 2387 2608 2442; x_wconf 90' lang='lat' dir='ltr'><strong>Dei</strong></span> <span class='ocrx_word' id='word_1_480' title='bbox 2637 2384 2974 2441; x_wconf 81' lang='lat' dir='ltr'><strong>ambulantis</strong></span> <span class='ocrx_word' id='word_1_481' title='bbox 2994 2383 3076 2451; x_wconf 83' lang='grc'><strong>²⁸;</strong></span> <span class='ocrx_word' id='word_1_482' title='bbox 3116 2403 3134 2435; x_wconf 78' lang='grc' dir='ltr'><strong>ι</strong></span> <span class='ocrx_word' id='word_1_483' title='bbox 3181 2393 3239 2438; x_wconf 91' lang='lat' dir='ltr'><strong>et</strong></span> <span class='ocrx_word' id='word_1_484' title='bbox 3269 2383 3406 2438; x_wconf 88' lang='lat' dir='ltr'><strong>hoc:</strong></span> <span class='ocrx_word' id='word_1_485' title='bbox 3443 2402 3461 2434; x_wconf 75' lang='grc' dir='ltr'><strong>ι</strong></span> <span class='ocrx_word' id='word_1_486' title='bbox 3494 2383 3602 2437; x_wconf 90' lang='lat' dir='ltr'><strong>De-</strong></span> 
     </span>
    </p>
   </div>
   <div class='ocr_carea' id='block_1_68' title="bbox 2021 2471 3600 2544">
    <p class='ocr_par' dir='ltr' id='par_1_68' title="bbox 2021 2471 3600 2544">
     <span class='ocr_line' id='line_1_68' title="bbox 2021 2471 3600 2544; baseline -0.002 -13"><span class='ocrx_word' id='word_1_487' title='bbox 2021 2476 2306 2542; x_wconf 86' lang='lat' dir='ltr'><strong>scendam,</strong></span> <span class='ocrx_word' id='word_1_488' title='bbox 2341 2487 2398 2531; x_wconf 90' lang='lat' dir='ltr'><strong>et</strong></span> <span class='ocrx_word' id='word_1_489' title='bbox 2421 2476 2647 2542; x_wconf 90' lang='lat' dir='ltr'><strong>videbo,</strong></span> <span class='ocrx_word' id='word_1_490' title='bbox 2667 2484 2852 2532; x_wconf 90' lang='lat' dir='ltr'><strong>utrum</strong></span> <span class='ocrx_word' id='word_1_491' title='bbox 2886 2489 3182 2531; x_wconf 70' lang='lat' dir='ltr'><strong>clamorem</strong></span> <span class='ocrx_word' id='word_1_492' title='bbox 3216 2473 3312 2544; x_wconf 90' lang='lat' dir='ltr'><strong>qui</strong></span> <span class='ocrx_word' id='word_1_493' title='bbox 3351 2473 3501 2528; x_wconf 86' lang='lat' dir='ltr'><strong>venit</strong></span> <span class='ocrx_word' id='word_1_494' title='bbox 3529 2471 3600 2528; x_wconf 89' lang='lat' dir='ltr'><strong>ad</strong></span> 
     </span>
    </p>
   </div>
   <div class='ocr_carea' id='block_1_69' title="bbox 2022 2565 3596 2640">
    <p class='ocr_par' dir='ltr' id='par_1_69' title="bbox 2022 2565 3596 2640">
     <span class='ocr_line' id='line_1_69' title="bbox 2022 2565 3596 2640; baseline -0.004 -14"><span class='ocrx_word' id='word_1_495' title='bbox 2022 2585 2112 2626; x_wconf 88' lang='lat' dir='ltr'><strong>me</strong></span> <span class='ocrx_word' id='word_1_496' title='bbox 2146 2584 2315 2640; x_wconf 90' lang='lat' dir='ltr'><strong>opere</strong></span> <span class='ocrx_word' id='word_1_497' title='bbox 2349 2570 2769 2640; x_wconf 83' lang='lat' dir='ltr'><strong>compleverint,</strong></span> <span class='ocrx_word' id='word_1_498' title='bbox 2798 2585 2867 2625; x_wconf 89' lang='lat' dir='ltr'><strong>an</strong></span> <span class='ocrx_word' id='word_1_499' title='bbox 2914 2569 3117 2633; x_wconf 89' lang='lat' dir='ltr'><strong>minus,</strong></span> <span class='ocrx_word' id='word_1_500' title='bbox 3150 2574 3215 2622; x_wconf 90' lang='lat' dir='ltr'><strong>ut</strong></span> <span class='ocrx_word' id='word_1_501' title='bbox 3264 2565 3434 2622; x_wconf 87' lang='lat' dir='ltr'><strong>sciam</strong></span> <span class='ocrx_word' id='word_1_502' title='bbox 3455 2567 3542 2632; x_wconf 69' lang='grc' dir='ltr'><strong>’νς</strong></span> <span class='ocrx_word' id='word_1_503' title='bbox 3576 2585 3596 2618; x_wconf 73' lang='grc' dir='ltr'><strong>ι</strong></span> 
     </span>
    </p>
   </div>
   <div class='ocr_carea' id='block_1_70' title="bbox 2023 2659 3601 2735">
    <p class='ocr_par' dir='ltr' id='par_1_70' title="bbox 2023 2659 3601 2735">
     <span class='ocr_line' id='line_1_70' title="bbox 2023 2659 3601 2735; baseline -0.003 -19"><span class='ocrx_word' id='word_1_504' title='bbox 2023 2661 2156 2718; x_wconf 87' lang='lat' dir='ltr'><strong>item</strong></span> <span class='ocrx_word' id='word_1_505' title='bbox 2184 2679 2196 2715; x_wconf 93' lang='lat'><strong>:</strong></span> <span class='ocrx_word' id='word_1_506' title='bbox 2231 2663 2418 2719; x_wconf 71' lang='lat' dir='ltr'><strong>«Nunc</strong></span> <span class='ocrx_word' id='word_1_507' title='bbox 2434 2662 2664 2735; x_wconf 78' lang='lat' dir='ltr'><strong>cognovi</strong></span> <span class='ocrx_word' id='word_1_508' title='bbox 2691 2662 2839 2733; x_wconf 87' lang='lat' dir='ltr'><strong>quod</strong></span> <span class='ocrx_word' id='word_1_509' title='bbox 2861 2662 3056 2716; x_wconf 90' lang='lat' dir='ltr'><strong>timeas</strong></span> <span class='ocrx_word' id='word_1_510' title='bbox 3076 2661 3248 2716; x_wconf 90' lang='lat' dir='ltr'><strong>Deum</strong></span> <span class='ocrx_word' id='word_1_511' title='bbox 3275 2660 3352 2727; x_wconf 80' lang='lat'><strong>”;</strong></span> <span class='ocrx_word' id='word_1_512' title='bbox 3371 2679 3390 2713; x_wconf 80' lang='grc' dir='ltr'><strong>ι</strong></span> <span class='ocrx_word' id='word_1_513' title='bbox 3423 2669 3478 2716; x_wconf 89' lang='lat' dir='ltr'><strong>et</strong></span> <span class='ocrx_word' id='word_1_514' title='bbox 3497 2659 3601 2714; x_wconf 81' lang='lat' dir='ltr'><strong>alia</strong></span> 
     </span>
    </p>
   </div>
   <div class='ocr_carea' id='block_1_71' title="bbox 2023 2755 2564 2826">
    <p class='ocr_par' dir='ltr' id='par_1_71' title="bbox 2023 2755 2564 2826">
     <span class='ocr_line' id='line_1_71' title="bbox 2023 2755 2564 2826; baseline 0.002 -17"><span class='ocrx_word' id='word_1_515' title='bbox 2023 2755 2343 2826; x_wconf 78' lang='lat' dir='ltr'><strong>huiusmodi</strong></span> <span class='ocrx_word' id='word_1_516' title='bbox 2369 2755 2564 2810; x_wconf 88' lang='lat' dir='ltr'><strong>multa.</strong></span> 
     </span>
    </p>
   </div>
   <div class='ocr_carea' id='block_1_72' title="bbox 2090 2841 3601 2916">
    <p class='ocr_par' dir='ltr' id='par_1_72' title="bbox 2090 2841 3601 2916">
     <span class='ocr_line' id='line_1_72' title="bbox 2090 2841 3601 2916; baseline -0.005 -14"><span class='ocrx_word' id='word_1_517' title='bbox 2090 2846 2299 2902; x_wconf 79' lang='lat' dir='ltr'><strong>ERAN.</strong></span> <span class='ocrx_word' id='word_1_518' title='bbox 2331 2846 2413 2902; x_wconf 86' lang='lat' dir='ltr'><strong>Ad</strong></span> <span class='ocrx_word' id='word_1_519' title='bbox 2459 2847 2576 2903; x_wconf 82' lang='lat' dir='ltr'><strong>haec</strong></span> <span class='ocrx_word' id='word_1_520' title='bbox 2604 2847 2787 2903; x_wconf 90' lang='lat' dir='ltr'><strong>denuo</strong></span> <span class='ocrx_word' id='word_1_521' title='bbox 2817 2845 3234 2916; x_wconf 70' lang='lat' dir='ltr'><strong>responderem,</strong></span> <span class='ocrx_word' id='word_1_522' title='bbox 3265 2841 3601 2899; x_wconf 69' lang='lat' dir='ltr'><strong>mconomia—</strong></span> 
     </span>
    </p>
   </div>
   <div class='ocr_carea' id='block_1_73' title="bbox 2024 2932 3606 3010">
    <p class='ocr_par' dir='ltr' id='par_1_73' title="bbox 2024 2932 3606 3010">
     <span class='ocr_line' id='line_1_73' title="bbox 2024 2932 3606 3010; baseline -0.003 -18"><span class='ocrx_word' id='word_1_523' title='bbox 2024 2955 2149 2993; x_wconf 91' lang='lat' dir='ltr'><strong>rum</strong></span> <span class='ocrx_word' id='word_1_524' title='bbox 2174 2955 2270 2995; x_wconf 92' lang='lat' dir='ltr'><strong>seu</strong></span> <span class='ocrx_word' id='word_1_525' title='bbox 2311 2940 2784 3010; x_wconf 89' lang='lat' dir='ltr'><strong>dispensationum</strong></span> <span class='ocrx_word' id='word_1_526' title='bbox 2809 2937 3170 3008; x_wconf 87' lang='lat' dir='ltr'><strong>multiplicem</strong></span> <span class='ocrx_word' id='word_1_527' title='bbox 3190 2950 3312 2991; x_wconf 88' lang='lat' dir='ltr'><strong>esse</strong></span> <span class='ocrx_word' id='word_1_528' title='bbox 3343 2932 3606 2989; x_wconf 73' lang='lat' dir='ltr'><strong>differen—</strong></span> 
     </span>
    </p>
   </div>
   <div class='ocr_carea' id='block_1_74' title="bbox 2025 3024 3604 3086">
    <p class='ocr_par' dir='ltr' id='par_1_74' title="bbox 2025 3024 3604 3086">
     <span class='ocr_line' id='line_1_74' title="bbox 2025 3024 3604 3086; baseline -0.004 -2"><span class='ocrx_word' id='word_1_529' title='bbox 2025 3030 2176 3084; x_wconf 91' lang='lat' dir='ltr'><strong>tiam.</strong></span> <span class='ocrx_word' id='word_1_530' title='bbox 2228 3030 2363 3086; x_wconf 89' lang='lat' dir='ltr'><strong>Nam</strong></span> <span class='ocrx_word' id='word_1_531' title='bbox 2406 3031 2460 3085; x_wconf 91' lang='lat' dir='ltr'><strong>in</strong></span> <span class='ocrx_word' id='word_1_532' title='bbox 2506 3030 2691 3086; x_wconf 88' lang='lat' dir='ltr'><strong>Veteri</strong></span> <span class='ocrx_word' id='word_1_533' title='bbox 2748 3029 3100 3085; x_wconf 88' lang='lat' dir='ltr'><strong>Testamento</strong></span> <span class='ocrx_word' id='word_1_534' title='bbox 3155 3027 3448 3082; x_wconf 82' lang='lat' dir='ltr'><strong>verborum</strong></span> <span class='ocrx_word' id='word_1_535' title='bbox 3495 3024 3604 3078; x_wconf 88' lang='lat' dir='ltr'><strong>hu-</strong></span> 
     </span>
    </p>
   </div>
   <div class='ocr_carea' id='block_1_75' title="bbox 2023 3120 3601 3192">
    <p class='ocr_par' dir='ltr' id='par_1_75' title="bbox 2023 3120 3601 3192">
     <span class='ocr_line' id='line_1_75' title="bbox 2023 3120 3601 3192; baseline -0.003 -16"><span class='ocrx_word' id='word_1_536' title='bbox 2023 3121 2268 3192; x_wconf 78' lang='lat' dir='ltr'><strong>iusmodi</strong></span> <span class='ocrx_word' id='word_1_537' title='bbox 2305 3129 2393 3177; x_wconf 89' lang='lat' dir='ltr'><strong>est</strong></span> <span class='ocrx_word' id='word_1_538' title='bbox 2433 3122 2794 3192; x_wconf 89' lang='lat' dir='ltr'><strong>dispensatio,</strong></span> <span class='ocrx_word' id='word_1_539' title='bbox 2831 3121 2923 3177; x_wconf 91' lang='lat' dir='ltr'><strong>hic</strong></span> <span class='ocrx_word' id='word_1_540' title='bbox 2954 3131 3138 3176; x_wconf 90' lang='lat' dir='ltr'><strong>autem</strong></span> <span class='ocrx_word' id='word_1_541' title='bbox 3172 3120 3338 3176; x_wconf 88' lang='lat' dir='ltr'><strong>etiam</strong></span> <span class='ocrx_word' id='word_1_542' title='bbox 3395 3133 3601 3174; x_wconf 89' lang='lat' dir='ltr'><strong>rerum.</strong></span> 
     </span>
    </p>
   </div>
   <div class='ocr_carea' id='block_1_76' title="bbox 2100 3211 3604 3286">
    <p class='ocr_par' dir='ltr' id='par_1_76' title="bbox 2100 3211 3604 3286">
     <span class='ocr_line' id='line_1_76' title="bbox 2100 3211 3604 3286; baseline -0.004 -15"><span class='ocrx_word' id='word_1_543' title='bbox 2100 3214 2311 3271; x_wconf 80' lang='lat' dir='ltr'><strong>ORTH.</strong></span> <span class='ocrx_word' id='word_1_544' title='bbox 2331 3215 2440 3271; x_wconf 86' lang='lat' dir='ltr'><strong>Sed</strong></span> <span class='ocrx_word' id='word_1_545' title='bbox 2466 3215 2834 3286; x_wconf 80' lang='lat' dir='ltr'><strong>interrogabit</strong></span> <span class='ocrx_word' id='word_1_546' title='bbox 2861 3215 2973 3277; x_wconf 87' lang='lat' dir='ltr'><strong>ille,</strong></span> <span class='ocrx_word' id='word_1_547' title='bbox 2995 3229 3358 3285; x_wconf 88' lang='lat' dir='ltr'><strong>quarumnam</strong></span> <span class='ocrx_word' id='word_1_548' title='bbox 3383 3211 3604 3268; x_wconf 82' lang='lat' dir='ltr'><strong>rerum?</strong></span> 
     </span>
    </p>
   </div>
   <div class='ocr_carea' id='block_1_77' title="bbox 2097 3388 3607 3460">
    <p class='ocr_par' dir='ltr' id='par_1_77' title="bbox 2097 3388 3607 3460">
     <span class='ocr_line' id='line_1_77' title="bbox 2097 3388 3607 3460; baseline -0.005 -12"><span class='ocrx_word' id='word_1_549' title='bbox 2097 3393 2302 3448; x_wconf 80' lang='lat' dir='ltr'><strong>ERAN.</strong></span> <span class='ocrx_word' id='word_1_550' title='bbox 2328 3393 2398 3448; x_wconf 86' lang='lat' dir='ltr'><strong>At</strong></span> <span class='ocrx_word' id='word_1_551' title='bbox 2419 3394 2604 3448; x_wconf 90' lang='lat' dir='ltr'><strong>statim</strong></span> <span class='ocrx_word' id='word_1_552' title='bbox 2656 3392 2862 3458; x_wconf 90' lang='lat' dir='ltr'><strong>audiet,</strong></span> <span class='ocrx_word' id='word_1_553' title='bbox 2915 3407 3103 3447; x_wconf 82' lang='lat' dir='ltr'><strong>earum</strong></span> <span class='ocrx_word' id='word_1_554' title='bbox 3154 3405 3274 3460; x_wconf 77' lang='lat' dir='ltr'><strong>quae</strong></span> <span class='ocrx_word' id='word_1_555' title='bbox 3332 3388 3607 3460; x_wconf 83' lang='lat' dir='ltr'><strong>pertinent</strong></span> 
     </span>
    </p>
   </div>
   <div class='ocr_carea' id='block_1_78' title="bbox 2030 3479 3605 3542">
    <p class='ocr_par' dir='ltr' id='par_1_78' title="bbox 2030 3479 3605 3542">
     <span class='ocr_line' id='line_1_78' title="bbox 2030 3479 3605 3542; baseline -0.003 -4"><span class='ocrx_word' id='word_1_556' title='bbox 2030 3484 2097 3538; x_wconf 91' lang='lat' dir='ltr'><strong>ad</strong></span> <span class='ocrx_word' id='word_1_557' title='bbox 2153 3483 2614 3538; x_wconf 87' lang='lat' dir='ltr'><strong>incarnationem.</strong></span> <span class='ocrx_word' id='word_1_558' title='bbox 2654 3482 2830 3538; x_wconf 86' lang='lat' dir='ltr'><strong>llomo</strong></span> <span class='ocrx_word' id='word_1_559' title='bbox 2861 3483 3011 3536; x_wconf 90' lang='lat' dir='ltr'><strong>enim</strong></span> <span class='ocrx_word' id='word_1_560' title='bbox 3059 3482 3236 3536; x_wconf 83' lang='lat' dir='ltr'><strong>factus</strong></span> <span class='ocrx_word' id='word_1_561' title='bbox 3277 3480 3448 3535; x_wconf 86' lang='lat' dir='ltr'><strong>Filius</strong></span> <span class='ocrx_word' id='word_1_562' title='bbox 3484 3479 3605 3542; x_wconf 89' lang='lat' dir='ltr'><strong>Dei,</strong></span> 
     </span>
    </p>
   </div>
   <div class='ocr_carea' id='block_1_79' title="bbox 2031 3573 3609 3645">
    <p class='ocr_par' dir='ltr' id='par_1_79' title="bbox 2031 3573 3609 3645">
     <span class='ocr_line' id='line_1_79' title="bbox 2031 3573 3609 3645; baseline -0.006 -13"><span class='ocrx_word' id='word_1_563' title='bbox 2031 3585 2087 3632; x_wconf 90' lang='lat' dir='ltr'><strong>et</strong></span> <span class='ocrx_word' id='word_1_564' title='bbox 2126 3577 2310 3632; x_wconf 89' lang='lat' dir='ltr'><strong>verbis</strong></span> <span class='ocrx_word' id='word_1_565' title='bbox 2379 3585 2435 3632; x_wconf 92' lang='lat' dir='ltr'><strong>et</strong></span> <span class='ocrx_word' id='word_1_566' title='bbox 2472 3577 2672 3645; x_wconf 90' lang='lat' dir='ltr'><strong>reipsa,</strong></span> <span class='ocrx_word' id='word_1_567' title='bbox 2708 3589 2855 3628; x_wconf 91' lang='lat' dir='ltr'><strong>nunc</strong></span> <span class='ocrx_word' id='word_1_568' title='bbox 2901 3573 3124 3644; x_wconf 88' lang='lat' dir='ltr'><strong>quidem</strong></span> <span class='ocrx_word' id='word_1_569' title='bbox 3167 3588 3411 3636; x_wconf 89' lang='lat' dir='ltr'><strong>carnem,</strong></span> <span class='ocrx_word' id='word_1_570' title='bbox 3461 3584 3609 3624; x_wconf 89' lang='lat' dir='ltr'><strong>nunc</strong></span> 
     </span>
    </p>
   </div>
   <div class='ocr_carea' id='block_1_80' title="bbox 2030 3660 3608 3722">
    <p class='ocr_par' dir='ltr' id='par_1_80' title="bbox 2030 3660 3608 3722">
     <span class='ocr_line' id='line_1_80' title="bbox 2030 3660 3608 3722; baseline -0.006 0"><span class='ocrx_word' id='word_1_571' title='bbox 2030 3683 2164 3722; x_wconf 87' lang='lat' dir='ltr'><strong>vero</strong></span> <span class='ocrx_word' id='word_1_572' title='bbox 2207 3665 2549 3721; x_wconf 81' lang='lat' dir='ltr'><strong>divinitatem</strong></span> <span class='ocrx_word' id='word_1_573' title='bbox 2588 3663 2864 3719; x_wconf 88' lang='lat' dir='ltr'><strong>ostendit:</strong></span> <span class='ocrx_word' id='word_1_574' title='bbox 2922 3662 3068 3716; x_wconf 90' lang='lat' dir='ltr'><strong>sicut</strong></span> <span class='ocrx_word' id='word_1_575' title='bbox 3093 3671 3243 3716; x_wconf 89' lang='lat' dir='ltr'><strong>certe</strong></span> <span class='ocrx_word' id='word_1_576' title='bbox 3272 3661 3375 3714; x_wconf 92' lang='lat' dir='ltr'><strong>hoc</strong></span> <span class='ocrx_word' id='word_1_577' title='bbox 3405 3660 3524 3713; x_wconf 89' lang='lat' dir='ltr'><strong>loco</strong></span> <span class='ocrx_word' id='word_1_578' title='bbox 3551 3670 3608 3712; x_wconf 87' lang='lat' dir='ltr'><strong>et</strong></span> 
     </span>
    </p>
   </div>
   <div class='ocr_carea' id='block_1_81' title="bbox 2031 3751 3606 3819">
    <p class='ocr_par' dir='ltr' id='par_1_81' title="bbox 2031 3751 3606 3819">
     <span class='ocr_line' id='line_1_81' title="bbox 2031 3751 3606 3819; baseline -0.008 -3"><span class='ocrx_word' id='word_1_579' title='bbox 2031 3762 2229 3816; x_wconf 66' lang='lat' dir='ltr'><strong>anima:</strong></span> <span class='ocrx_word' id='word_1_580' title='bbox 2259 3769 2317 3815; x_wconf 89' lang='lat' dir='ltr'><strong>et</strong></span> <span class='ocrx_word' id='word_1_581' title='bbox 2367 3759 2552 3815; x_wconf 90' lang='lat' dir='ltr'><strong>carnis</strong></span> <span class='ocrx_word' id='word_1_582' title='bbox 2605 3755 2978 3812; x_wconf 83' lang='lat' dir='ltr'><strong>inﬁrmitatem</strong></span> <span class='ocrx_word' id='word_1_583' title='bbox 3032 3753 3300 3819; x_wconf 86' lang='lat' dir='ltr'><strong>ostendit;</strong></span> <span class='ocrx_word' id='word_1_584' title='bbox 3340 3759 3426 3808; x_wconf 92' lang='lat' dir='ltr'><strong>est</strong></span> <span class='ocrx_word' id='word_1_585' title='bbox 3459 3751 3606 3806; x_wconf 89' lang='lat' dir='ltr'><strong>enim</strong></span> 
     </span>
    </p>
   </div>
   <div class='ocr_carea' id='block_1_82' title="bbox 2033 3851 2515 3908">
    <p class='ocr_par' dir='ltr' id='par_1_82' title="bbox 2033 3851 2515 3908">
     <span class='ocr_line' id='line_1_82' title="bbox 2033 3851 2515 3908; baseline -0.004 -1"><span class='ocrx_word' id='word_1_586' title='bbox 2033 3853 2248 3907; x_wconf 89' lang='lat' dir='ltr'><strong>timoris</strong></span> <span class='ocrx_word' id='word_1_587' title='bbox 2277 3851 2515 3908; x_wconf 81' lang='lat' dir='ltr'><strong>all&#39;cctio.</strong></span> 
     </span>
    </p>
   </div>
   <div class='ocr_carea' id='block_1_83' title="bbox 2103 3939 3608 4014">
    <p class='ocr_par' dir='ltr' id='par_1_83' title="bbox 2103 3939 3608 4014">
     <span class='ocr_line' id='line_1_83' title="bbox 2103 3939 3608 4014; baseline -0.005 -13"><span class='ocrx_word' id='word_1_588' title='bbox 2103 3945 2312 4001; x_wconf 83' lang='lat' dir='ltr'><strong>ORTH.</strong></span> <span class='ocrx_word' id='word_1_589' title='bbox 2343 3945 2401 4001; x_wconf 89' lang='lat' dir='ltr'><strong>Si</strong></span> <span class='ocrx_word' id='word_1_590' title='bbox 2419 3959 2551 4000; x_wconf 85' lang='lat' dir='ltr'><strong>vero</strong></span> <span class='ocrx_word' id='word_1_591' title='bbox 2576 3943 2914 4014; x_wconf 89' lang='lat' dir='ltr'><strong>respondens</strong></span> <span class='ocrx_word' id='word_1_592' title='bbox 2931 3941 3160 4003; x_wconf 84' lang='lat' dir='ltr'><strong>dixerit,</strong></span> <span class='ocrx_word' id='word_1_593' title='bbox 3179 3940 3345 4011; x_wconf 81' lang='lat' dir='ltr'><strong>Atqui</strong></span> <span class='ocrx_word' id='word_1_594' title='bbox 3369 3939 3608 3995; x_wconf 88' lang='lat' dir='ltr'><strong>animam</strong></span> 
     </span>
    </p>
   </div>
   <div class='ocr_carea' id='block_1_84' title="bbox 2033 4031 3609 4107">
    <p class='ocr_par' dir='ltr' id='par_1_84' title="bbox 2033 4031 3609 4107">
     <span class='ocr_line' id='line_1_84' title="bbox 2033 4031 3609 4107; baseline -0.006 -14"><span class='ocrx_word' id='word_1_595' title='bbox 2033 4053 2144 4093; x_wconf 90' lang='lat' dir='ltr'><strong>non</strong></span> <span class='ocrx_word' id='word_1_596' title='bbox 2168 4036 2485 4107; x_wconf 88' lang='lat' dir='ltr'><strong>assumpsit,</strong></span> <span class='ocrx_word' id='word_1_597' title='bbox 2520 4035 2616 4091; x_wconf 88' lang='lat' dir='ltr'><strong>sed</strong></span> <span class='ocrx_word' id='word_1_598' title='bbox 2665 4035 2842 4090; x_wconf 89' lang='lat' dir='ltr'><strong>solum</strong></span> <span class='ocrx_word' id='word_1_599' title='bbox 2867 4047 3091 4104; x_wconf 89' lang='lat' dir='ltr'><strong>corpus,</strong></span> <span class='ocrx_word' id='word_1_600' title='bbox 3119 4031 3380 4091; x_wconf 89' lang='lat' dir='ltr'><strong>divinitas</strong></span> <span class='ocrx_word' id='word_1_601' title='bbox 3424 4038 3609 4085; x_wconf 88' lang='lat' dir='ltr'><strong>autem</strong></span> 
     </span>
    </p>
   </div>
   <div class='ocr_carea' id='block_1_85' title="bbox 2032 4123 3609 4200">
    <p class='ocr_par' dir='ltr' id='par_1_85' title="bbox 2032 4123 3609 4200">
     <span class='ocr_line' id='line_1_85' title="bbox 2032 4123 3609 4200; baseline -0.005 -16"><span class='ocrx_word' id='word_1_602' title='bbox 2032 4129 2154 4184; x_wconf 82' lang='lat' dir='ltr'><strong>vice</strong></span> <span class='ocrx_word' id='word_1_603' title='bbox 2175 4129 2373 4184; x_wconf 69' lang='lat' dir='ltr'><strong>anima:</strong></span> <span class='ocrx_word' id='word_1_604' title='bbox 2404 4127 2625 4198; x_wconf 90' lang='lat' dir='ltr'><strong>corpori</strong></span> <span class='ocrx_word' id='word_1_605' title='bbox 2660 4127 2814 4196; x_wconf 93' lang='grc' dir='ltr'><strong>ιιι</strong></span> <span class='ocrx_word' id='word_1_606' title='bbox 2838 4126 3014 4189; x_wconf 89' lang='lat' dir='ltr'><strong>unita,</strong></span> <span class='ocrx_word' id='word_1_607' title='bbox 3045 4125 3246 4200; x_wconf 53' lang='lat' dir='ltr'><strong>animat</strong></span> <span class='ocrx_word' id='word_1_608' title='bbox 3268 4123 3444 4179; x_wconf 69' lang='lat' dir='ltr'><strong>ofﬁcia</strong></span> <span class='ocrx_word' id='word_1_609' title='bbox 3487 4137 3609 4177; x_wconf 90' lang='lat' dir='ltr'><strong>om-</strong></span> 
     </span>
    </p>
   </div>
   <div class='ocr_carea' id='block_1_86' title="bbox 2034 4215 3611 4291">
    <p class='ocr_par' dir='ltr' id='par_1_86' title="bbox 2034 4215 3611 4291">
     <span class='ocr_line' id='line_1_86' title="bbox 2034 4215 3611 4291; baseline -0.004 -15"><span class='ocrx_word' id='word_1_610' title='bbox 2034 4221 2126 4276; x_wconf 90' lang='lat' dir='ltr'><strong>nia</strong></span> <span class='ocrx_word' id='word_1_611' title='bbox 2154 4229 2412 4277; x_wconf 79' lang='lat' dir='ltr'><strong>exsecuta</strong></span> <span class='ocrx_word' id='word_1_612' title='bbox 2433 4229 2538 4286; x_wconf 88' lang='lat' dir='ltr'><strong>est,</strong></span> <span class='ocrx_word' id='word_1_613' title='bbox 2556 4219 2759 4291; x_wconf 89' lang='lat' dir='ltr'><strong>quibus</strong></span> <span class='ocrx_word' id='word_1_614' title='bbox 2784 4216 3094 4273; x_wconf 87' lang='lat' dir='ltr'><strong>rationibus</strong></span> <span class='ocrx_word' id='word_1_615' title='bbox 3125 4215 3491 4288; x_wconf 88' lang='lat' dir='ltr'><strong>objectionem</strong></span> <span class='ocrx_word' id='word_1_616' title='bbox 3520 4229 3611 4270; x_wconf 83' lang='lat' dir='ltr'><strong>re-</strong></span> 
     </span>
    </p>
   </div>
   <div class='ocr_carea' id='block_1_87' title="bbox 2035 4314 3612 4470">
    <p class='ocr_par' dir='ltr' id='par_1_87' title="bbox 2035 4314 3612 4470">
     <span class='ocr_line' id='line_1_87' title="bbox 2035 4314 3612 4470; baseline -0.01 -7"><span class='ocrx_word' id='word_1_617' title='bbox 2035 4314 2314 4464; x_wconf 51' lang='grc' dir='ltr'><strong>ἠιιέἒῖίὲ</strong></span> <span class='ocrx_word' id='word_1_618' title='bbox 2366 4406 2447 4461; x_wconf 76' lang='lat' dir='ltr'><strong>Ex</strong></span> <span class='ocrx_word' id='word_1_619' title='bbox 2478 4403 2666 4459; x_wconf 87' lang='lat' dir='ltr'><strong>divina</strong></span> <span class='ocrx_word' id='word_1_620' title='bbox 2715 4401 3006 4470; x_wconf 89' lang='lat' dir='ltr'><strong>Scriptura</strong></span> <span class='ocrx_word' id='word_1_621' title='bbox 3039 4396 3328 4469; x_wconf 82' lang='lat' dir='ltr'><strong>proferens</strong></span> <span class='ocrx_word' id='word_1_622' title='bbox 3383 4394 3612 4449; x_wconf 88' lang='lat' dir='ltr'><strong>demon-</strong></span> 
     </span>
    </p>
   </div>
   <div class='ocr_carea' id='block_1_88' title="bbox 341 4483 1922 4579">
    <p class='ocr_par' dir='ltr' id='par_1_88' title="bbox 341 4483 1922 4579">
     <span class='ocr_line' id='line_1_88' title="bbox 341 4483 1922 4579; baseline 0.013 -34"><span class='ocrx_word' id='word_1_623' title='bbox 341 4495 672 4565; x_wconf 74' lang='grc' dir='ltr'>προφέρων,</span> <span class='ocrx_word' id='word_1_624' title='bbox 710 4497 806 4549; x_wconf 77' lang='grc' dir='ltr'><strong>καὶ</strong></span> <span class='ocrx_word' id='word_1_625' title='bbox 843 4497 1058 4563; x_wconf 86' lang='grc' dir='ltr'>δεικνὺς</span> <span class='ocrx_word' id='word_1_626' title='bbox 1109 4500 1184 4564; x_wconf 85' lang='grc' dir='ltr'>ὡς</span> <span class='ocrx_word' id='word_1_627' title='bbox 1223 4503 1284 4555; x_wconf 81' lang='grc' dir='ltr'><strong>οὐ</strong></span> <span class='ocrx_word' id='word_1_628' title='bbox 1325 4504 1507 4575; x_wconf 84' lang='grc' dir='ltr'>σάρκα</span> <span class='ocrx_word' id='word_1_629' title='bbox 1559 4507 1745 4579; x_wconf 77' lang='grc' dir='ltr'>μόνην,</span> <span class='ocrx_word' id='word_1_630' title='bbox 1790 4483 1922 4565; x_wconf 64' lang='grc' dir='ltr'>ἀλλά</span> 
     </span>
    </p>
   </div>
   <div class='ocr_carea' id='block_1_89' title="bbox 2036 4483 3611 4579">
    <p class='ocr_par' dir='ltr' id='par_1_89' title="bbox 2036 4483 3611 4561">
     <span class='ocr_line' id='line_1_89' title="bbox 2036 4483 3611 4561; baseline -0.013 -5"><span class='ocrx_word' id='word_1_631' title='bbox 2036 4499 2351 4561; x_wconf 87' lang='lat' dir='ltr'><strong>strationes,</strong></span> <span class='ocrx_word' id='word_1_632' title='bbox 2385 4505 2442 4552; x_wconf 90' lang='lat' dir='ltr'><strong>et</strong></span> <span class='ocrx_word' id='word_1_633' title='bbox 2470 4493 2770 4551; x_wconf 88' lang='lat' dir='ltr'><strong>ostendens</strong></span> <span class='ocrx_word' id='word_1_634' title='bbox 2822 4491 2994 4545; x_wconf 90' lang='lat' dir='ltr'><strong>Deum</strong></span> <span class='ocrx_word' id='word_1_635' title='bbox 3024 4486 3266 4543; x_wconf 89' lang='lat' dir='ltr'><strong>Verbum</strong></span> <span class='ocrx_word' id='word_1_636' title='bbox 3294 4498 3402 4540; x_wconf 91' lang='lat' dir='ltr'><strong>non</strong></span> <span class='ocrx_word' id='word_1_637' title='bbox 3433 4483 3611 4538; x_wconf 88' lang='lat' dir='ltr'><strong>solum</strong></span> 
     </span>
    </p>
   </div>
   <div class='ocr_carea' id='block_1_90' title="bbox 338 4587 1403 4659">
    <p class='ocr_par' dir='ltr' id='par_1_90' title="bbox 338 4587 1403 4659">
     <span class='ocr_line' id='line_1_90' title="bbox 338 4587 1403 4659; baseline 0.012 -22"><span class='ocrx_word' id='word_1_638' title='bbox 338 4587 445 4638; x_wconf 76' lang='grc' dir='ltr'><strong>καὶ</strong></span> <span class='ocrx_word' id='word_1_639' title='bbox 479 4587 661 4656; x_wconf 75' lang='grc' dir='ltr'>ψυχὴν</span> <span class='ocrx_word' id='word_1_640' title='bbox 697 4589 726 4641; x_wconf 88' lang='lat'><strong>6</strong></span> <span class='ocrx_word' id='word_1_641' title='bbox 755 4588 890 4652; x_wconf 75' lang='grc' dir='ltr'>Θεὸς</span> <span class='ocrx_word' id='word_1_642' title='bbox 913 4590 1087 4659; x_wconf 85' lang='grc' dir='ltr'>Λόγος</span> <span class='ocrx_word' id='word_1_643' title='bbox 1118 4592 1403 4652; x_wconf 74' lang='grc' dir='ltr'>ἀνέλαϐεν.</span> 
     </span>
    </p>
   </div>
   <div class='ocr_carea' id='block_1_91' title="bbox 419 4676 1931 4764">
    <p class='ocr_par' dir='ltr' id='par_1_91' title="bbox 419 4676 1931 4764">
     <span class='ocr_line' id='line_1_91' title="bbox 419 4676 1931 4764; baseline 0.012 -34"><span class='ocrx_word' id='word_1_644' title='bbox 419 4676 579 4730; x_wconf 84' lang='grc' dir='ltr'><strong>ΟΡΘ.</strong></span> <span class='ocrx_word' id='word_1_645' title='bbox 613 4679 725 4730; x_wconf 76' lang='grc' dir='ltr'><strong>Καὶ</strong></span> <span class='ocrx_word' id='word_1_646' title='bbox 745 4679 905 4743; x_wconf 88' lang='grc' dir='ltr'>ποίας</span> <span class='ocrx_word' id='word_1_647' title='bbox 933 4681 992 4732; x_wconf 81' lang='grc' dir='ltr'>ἐν</span> <span class='ocrx_word' id='word_1_648' title='bbox 1021 4684 1087 4752; x_wconf 77' lang='grc' dir='ltr'>τῇ</span> <span class='ocrx_word' id='word_1_649' title='bbox 1122 4684 1311 4756; x_wconf 79' lang='grc' dir='ltr'>Γραφῇ</span> <span class='ocrx_word' id='word_1_650' title='bbox 1345 4687 1604 4754; x_wconf 86' lang='grc' dir='ltr'>τοιαύτας</span> <span class='ocrx_word' id='word_1_651' title='bbox 1623 4691 1931 4764; x_wconf 84' lang='grc' dir='ltr'>εὑρήσομεν</span> 
     </span>
    </p>
   </div>
   <div class='ocr_carea' id='block_1_92' title="bbox 340 4769 700 4834">
    <p class='ocr_par' dir='ltr' id='par_1_92' title="bbox 340 4769 700 4834">
     <span class='ocr_line' id='line_1_92' title="bbox 340 4769 700 4834; baseline -0.014 -10"><span class='ocrx_word' id='word_1_652' title='bbox 340 4769 661 4834; x_wconf 80' lang='grc' dir='ltr'>ἀποδείξεις</span> <span class='ocrx_word' id='word_1_653' title='bbox 685 4785 700 4833; x_wconf 91' lang='grc'><strong>;</strong></span> 
     </span>
    </p>
   </div>
   <div class='ocr_carea' id='block_1_93' title="bbox 422 4859 1932 4937">
    <p class='ocr_par' dir='ltr' id='par_1_93' title="bbox 422 4859 1932 4937">
     <span class='ocr_line' id='line_1_93' title="bbox 422 4859 1932 4937; baseline 0.01 -25"><span class='ocrx_word' id='word_1_654' title='bbox 422 4859 636 4913; x_wconf 80' lang='lat' dir='ltr'><strong>EPAN.</strong></span> <span class='ocrx_word' id='word_1_655' title='bbox 654 4859 767 4914; x_wconf 80' lang='grc' dir='ltr'><strong>Οὐκ</strong></span> <span class='ocrx_word' id='word_1_656' title='bbox 784 4860 1024 4930; x_wconf 74' lang='grc' dir='ltr'>ἦκουσας</span> <span class='ocrx_word' id='word_1_657' title='bbox 1046 4862 1138 4916; x_wconf 90' lang='grc' dir='ltr'><strong>τοῦ</strong></span> <span class='ocrx_word' id='word_1_658' title='bbox 1166 4863 1370 4931; x_wconf 83' lang='grc' dir='ltr'>Κυρίου</span> <span class='ocrx_word' id='word_1_659' title='bbox 1393 4866 1646 4936; x_wconf 86' lang='grc' dir='ltr'>λέγοντος</span> <span class='ocrx_word' id='word_1_660' title='bbox 1667 4888 1681 4901; x_wconf 79' lang='grc'><em>’</em></span> <span class='ocrx_word' id='word_1_661' title='bbox 1705 4890 1722 4923; x_wconf 82' lang='grc' dir='ltr'><strong>ι</strong></span> <span class='ocrx_word' id='word_1_662' title='bbox 1749 4873 1932 4937; x_wconf 71' lang='grc' dir='ltr'>Ἐξουο</span> 
     </span>
    </p>
   </div>
   <div class='ocr_carea' id='block_1_94' title="bbox 349 4947 1933 5033">
    <p class='ocr_par' dir='ltr' id='par_1_94' title="bbox 349 4947 1933 5033">
     <span class='ocr_line' id='line_1_94' title="bbox 349 4947 1933 5033; baseline 0.009 -31"><span class='ocrx_word' id='word_1_663' title='bbox 349 4948 482 5002; x_wconf 72' lang='grc' dir='ltr'>σίαν</span> <span class='ocrx_word' id='word_1_664' title='bbox 517 4947 626 5019; x_wconf 82' lang='grc' dir='ltr'><strong>έχω</strong></span> <span class='ocrx_word' id='word_1_665' title='bbox 671 4949 842 5004; x_wconf 84' lang='grc' dir='ltr'>θεῖναι</span> <span class='ocrx_word' id='word_1_666' title='bbox 881 4951 980 5023; x_wconf 86' lang='grc' dir='ltr'>τὴν</span> <span class='ocrx_word' id='word_1_667' title='bbox 1010 4951 1192 5024; x_wconf 81' lang='grc' dir='ltr'>ψυχήν</span> <span class='ocrx_word' id='word_1_668' title='bbox 1241 4971 1365 5024; x_wconf 90' lang='grc' dir='ltr'>μου,</span> <span class='ocrx_word' id='word_1_669' title='bbox 1405 4958 1499 5010; x_wconf 78' lang='grc' dir='ltr'><strong>καὶ</strong></span> <span class='ocrx_word' id='word_1_670' title='bbox 1527 4957 1777 5022; x_wconf 82' lang='grc' dir='ltr'>ἐξουσίαν</span> <span class='ocrx_word' id='word_1_671' title='bbox 1823 4963 1933 5033; x_wconf 70' lang='grc' dir='ltr'><strong>ἔχω</strong></span> 
     </span>
    </p>
   </div>
   <div class='ocr_carea' id='block_1_95' title="bbox 351 5039 1970 5120">
    <p class='ocr_par' dir='ltr' id='par_1_95' title="bbox 351 5039 1970 5120">
     <span class='ocr_line' id='line_1_95' title="bbox 351 5039 1970 5120; baseline 0.01 -29"><span class='ocrx_word' id='word_1_672' title='bbox 351 5039 528 5092; x_wconf 82' lang='grc' dir='ltr'>πάλιν</span> <span class='ocrx_word' id='word_1_673' title='bbox 559 5039 746 5094; x_wconf 77' lang='grc' dir='ltr'>λαϐεῖν</span> <span class='ocrx_word' id='word_1_674' title='bbox 784 5041 954 5113; x_wconf 76' lang='grc' dir='ltr'>αὐτήν</span> <span class='ocrx_word' id='word_1_675' title='bbox 976 5059 988 5072; x_wconf 90' lang='grc'><strong>·</strong></span> <span class='ocrx_word' id='word_1_676' title='bbox 1020 5043 1212 5114; x_wconf 88' lang='grc' dir='ltr'>τίθημι</span> <span class='ocrx_word' id='word_1_677' title='bbox 1244 5045 1414 5117; x_wconf 77' lang='grc' dir='ltr'>αὐτὴν</span> <span class='ocrx_word' id='word_1_678' title='bbox 1441 5047 1534 5101; x_wconf 82' lang='grc' dir='ltr'><strong>ἀπ’</strong></span> <span class='ocrx_word' id='word_1_679' title='bbox 1558 5051 1821 5120; x_wconf 77' lang='grc' dir='ltr'>ἐμαυτοῦ,</span> <span class='ocrx_word' id='word_1_680' title='bbox 1851 5054 1940 5107; x_wconf 78' lang='grc' dir='ltr'>ἵνα</span> <span class='ocrx_word' id='word_1_681' title='bbox 1967 5078 1970 5082; x_wconf 63' lang='lat'><strong><em>~</em></strong></span> 
     </span>
    </p>
   </div>
   <div class='ocr_carea' id='block_1_96' title="bbox 351 5129 1938 5210">
    <p class='ocr_par' dir='ltr' id='par_1_96' title="bbox 351 5129 1938 5210">
     <span class='ocr_line' id='line_1_96' title="bbox 351 5129 1938 5210; baseline 0.008 -30"><span class='ocrx_word' id='word_1_682' title='bbox 351 5130 528 5182; x_wconf 78' lang='grc' dir='ltr'>πάλιν</span> <span class='ocrx_word' id='word_1_683' title='bbox 580 5129 732 5183; x_wconf 77' lang='grc' dir='ltr'>λάϐω</span> <span class='ocrx_word' id='word_1_684' title='bbox 760 5131 966 5200; x_wconf 78' lang='grc' dir='ltr'><strong>αὐτήν⁹</strong></span> <span class='ocrx_word' id='word_1_685' title='bbox 1011 5151 1030 5184; x_wconf 79' lang='grc' dir='ltr'><strong>ι</strong></span> <span class='ocrx_word' id='word_1_686' title='bbox 1083 5134 1179 5185; x_wconf 73' lang='grc' dir='ltr'><strong>καὶ</strong></span> <span class='ocrx_word' id='word_1_687' title='bbox 1217 5134 1407 5187; x_wconf 86' lang='grc' dir='ltr'>πάλιν·</span> <span class='ocrx_word' id='word_1_688' title='bbox 1448 5154 1466 5187; x_wconf 76' lang='grc' dir='ltr'><strong>ι</strong></span> <span class='ocrx_word' id='word_1_689' title='bbox 1520 5136 1585 5190; x_wconf 85' lang='lat' dir='ltr'><strong>&#39;H</strong></span> <span class='ocrx_word' id='word_1_690' title='bbox 1635 5137 1778 5208; x_wconf 79' lang='grc' dir='ltr'><strong>ψυχή</strong></span> <span class='ocrx_word' id='word_1_691' title='bbox 1835 5157 1938 5210; x_wconf 87' lang='grc' dir='ltr'><strong>μου</strong></span> 
     </span>
    </p>
   </div>
   <div class='ocr_carea' id='block_1_97' title="bbox 352 5219 1934 5304">
    <p class='ocr_par' dir='ltr' id='par_1_97' title="bbox 352 5219 1934 5304">
     <span class='ocr_line' id='line_1_97' title="bbox 352 5219 1934 5304; baseline 0.009 -33"><span class='ocrx_word' id='word_1_692' title='bbox 352 5220 460 5272; x_wconf 77' lang='grc' dir='ltr'><strong>νῦν</strong></span> <span class='ocrx_word' id='word_1_693' title='bbox 489 5223 852 5294; x_wconf 85' lang='grc' dir='ltr'>τετάρακται·</span> <span class='ocrx_word' id='word_1_694' title='bbox 905 5242 924 5274; x_wconf 72' lang='grc' dir='ltr'><strong>ι</strong></span> <span class='ocrx_word' id='word_1_695' title='bbox 960 5223 1052 5277; x_wconf 72' lang='grc' dir='ltr'>καὶ</span> <span class='ocrx_word' id='word_1_696' title='bbox 1101 5219 1258 5288; x_wconf 82' lang='grc' dir='ltr'>αὖθις</span> <span class='ocrx_word' id='word_1_697' title='bbox 1283 5243 1297 5258; x_wconf 89' lang='grc'><strong>·</strong></span> <span class='ocrx_word' id='word_1_698' title='bbox 1333 5245 1350 5277; x_wconf 79' lang='grc' dir='ltr'><strong>ι</strong></span> <span class='ocrx_word' id='word_1_699' title='bbox 1395 5228 1701 5298; x_wconf 85' lang='grc' dir='ltr'>Περίλυπός</span> <span class='ocrx_word' id='word_1_700' title='bbox 1730 5232 1934 5304; x_wconf 73' lang='grc' dir='ltr'>ἐστινὴ</span> 
     </span>
    </p>
   </div>
   <div class='ocr_carea' id='block_1_98' title="bbox 353 5311 1939 5390">
    <p class='ocr_par' dir='ltr' id='par_1_98' title="bbox 353 5311 1939 5390">
     <span class='ocr_line' id='line_1_98' title="bbox 353 5311 1939 5390; baseline 0.009 -28"><span class='ocrx_word' id='word_1_701' title='bbox 353 5311 511 5383; x_wconf 72' lang='grc' dir='ltr'>ψυχή</span> <span class='ocrx_word' id='word_1_702' title='bbox 559 5329 663 5381; x_wconf 91' lang='grc' dir='ltr'><strong>μου</strong></span> <span class='ocrx_word' id='word_1_703' title='bbox 714 5313 820 5377; x_wconf 73' lang='grc' dir='ltr'>ἕως</span> <span class='ocrx_word' id='word_1_704' title='bbox 872 5313 1137 5368; x_wconf 82' lang='grc' dir='ltr'>θανάτου·</span> <span class='ocrx_word' id='word_1_705' title='bbox 1173 5333 1192 5365; x_wconf 83' lang='grc' dir='ltr'><strong>ι</strong></span> <span class='ocrx_word' id='word_1_706' title='bbox 1246 5316 1423 5371; x_wconf 79' lang='grc' dir='ltr'>καὶτὸ</span> <span class='ocrx_word' id='word_1_707' title='bbox 1462 5320 1613 5390; x_wconf 84' lang='grc' dir='ltr'>παρὰ</span> <span class='ocrx_word' id='word_1_708' title='bbox 1647 5321 1742 5374; x_wconf 89' lang='grc' dir='ltr'><strong>τοῦ</strong></span> <span class='ocrx_word' id='word_1_709' title='bbox 1777 5323 1939 5376; x_wconf 74' lang='grc' dir='ltr'>Δασὶδ</span> 
     </span>
    </p>
   </div>
   <div class='ocr_carea' id='block_1_99' title="bbox 354 5402 1937 5484">
    <p class='ocr_par' dir='ltr' id='par_1_99' title="bbox 354 5402 1937 5484">
     <span class='ocr_line' id='line_1_99' title="bbox 354 5402 1937 5484; baseline 0.009 -29"><span class='ocrx_word' id='word_1_710' title='bbox 354 5402 676 5472; x_wconf 80' lang='grc' dir='ltr'>εἰρημένον,</span> <span class='ocrx_word' id='word_1_711' title='bbox 729 5405 824 5459; x_wconf 70' lang='grc' dir='ltr'><strong>καὶ</strong></span> <span class='ocrx_word' id='word_1_712' title='bbox 855 5405 1007 5474; x_wconf 69' lang='grc' dir='ltr'>παρὰ</span> <span class='ocrx_word' id='word_1_713' title='bbox 1031 5406 1126 5458; x_wconf 87' lang='grc' dir='ltr'><strong>τοῦ</strong></span> <span class='ocrx_word' id='word_1_714' title='bbox 1156 5407 1363 5476; x_wconf 81' lang='grc' dir='ltr'>Πέτρου</span> <span class='ocrx_word' id='word_1_715' title='bbox 1389 5409 1820 5484; x_wconf 79' lang='grc' dir='ltr'>ἡρμηνευμένον,</span> <span class='ocrx_word' id='word_1_716' title='bbox 1853 5415 1937 5469; x_wconf 80' lang='grc' dir='ltr'>ὅτι</span> 
     </span>
    </p>
   </div>
   <div class='ocr_carea' id='block_1_100' title="bbox 438 5565 1922 5644">
    <p class='ocr_par' dir='ltr' id='par_1_100' title="bbox 438 5565 1922 5644">
     <span class='ocr_line' id='line_1_100' title="bbox 438 5565 1922 5644; baseline 0.01 -24"><span class='ocrx_word' id='word_1_717' title='bbox 438 5565 494 5597; x_wconf 75' lang='grc'><strong>’⁸</strong></span> <span class='ocrx_word' id='word_1_718' title='bbox 526 5567 715 5644; x_wconf 56' lang='grc' dir='ltr'>Πλιιιι.</span> <span class='ocrx_word' id='word_1_719' title='bbox 747 5585 890 5633; x_wconf 75' lang='lat' dir='ltr'><strong>xxvi,</strong></span> <span class='ocrx_word' id='word_1_720' title='bbox 920 5569 1008 5644; x_wconf 61' lang='grc' dir='ltr'>ζιθ.</span> <span class='ocrx_word' id='word_1_721' title='bbox 1083 5571 1128 5644; x_wconf 81' lang='lat'><strong>&#39;_&#39;</strong></span> <span class='ocrx_word' id='word_1_722' title='bbox 1147 5571 1302 5644; x_wconf 61' lang='lat' dir='ltr'><strong>Joan.</strong></span> <span class='ocrx_word' id='word_1_723' title='bbox 1338 5589 1434 5637; x_wconf 76' lang='lat' dir='ltr'><strong>xu,</strong></span> <span class='ocrx_word' id='word_1_724' title='bbox 1460 5574 1550 5627; x_wconf 73' lang='lat'><strong>27.</strong></span> <span class='ocrx_word' id='word_1_725' title='bbox 1635 5577 1681 5609; x_wconf 78' lang='grc'><strong>’⁸</strong></span> <span class='ocrx_word' id='word_1_726' title='bbox 1712 5578 1848 5634; x_wconf 87' lang='lat' dir='ltr'><strong>Gen.</strong></span> <span class='ocrx_word' id='word_1_727' title='bbox 1872 5596 1922 5634; x_wconf 91' lang='grc' dir='ltr'><strong>ιιι</strong></span> 
     </span>
    </p>
   </div>
   <div class='ocr_carea' id='block_1_101' title="bbox 2036 5565 2612 5644">
    <p class='ocr_par' dir='ltr' id='par_1_101' title="bbox 2111 5570 2612 5638">
     <span class='ocr_line' id='line_1_101' title="bbox 2111 5570 2612 5638; baseline -0.02 -6"><span class='ocrx_word' id='word_1_728' title='bbox 2111 5580 2157 5611; x_wconf 82' lang='grc'><strong>²⁹</strong></span> <span class='ocrx_word' id='word_1_729' title='bbox 2185 5577 2322 5634; x_wconf 87' lang='lat' dir='ltr'><strong>Gen.</strong></span> <span class='ocrx_word' id='word_1_730' title='bbox 2348 5589 2499 5638; x_wconf 76' lang='lat' dir='ltr'><strong>xvm,</strong></span> <span class='ocrx_word' id='word_1_731' title='bbox 2521 5570 2612 5624; x_wconf 72' lang='lat' dir='ltr'><strong>2t.</strong></span> 
     </span>
    </p>
   </div>
   <div class='ocr_carea' id='block_1_102' title="bbox 353 5635 1628 5709">
    <p class='ocr_par' dir='ltr' id='par_1_102' title="bbox 353 5635 1628 5709">
     <span class='ocr_line' id='line_1_102' title="bbox 353 5635 1628 5709; baseline 0.008 -20"><span class='ocrx_word' id='word_1_732' title='bbox 353 5635 457 5689; x_wconf 79' lang='lat'><strong>28.</strong></span> <span class='ocrx_word' id='word_1_733' title='bbox 532 5638 572 5668; x_wconf 84' lang='grc'><strong>³³</strong></span> <span class='ocrx_word' id='word_1_734' title='bbox 597 5639 757 5694; x_wconf 85' lang='lat' dir='ltr'><strong>Joan.</strong></span> <span class='ocrx_word' id='word_1_735' title='bbox 787 5656 879 5703; x_wconf 79' lang='lat' dir='ltr'><strong>xu,</strong></span> <span class='ocrx_word' id='word_1_736' title='bbox 914 5640 1002 5694; x_wconf 74' lang='lat'><strong>27.</strong></span> <span class='ocrx_word' id='word_1_737' title='bbox 1069 5641 1114 5673; x_wconf 84' lang='grc'>³³</span> <span class='ocrx_word' id='word_1_738' title='bbox 1143 5641 1332 5695; x_wconf 85' lang='lat' dir='ltr'><strong>Matth.</strong></span> <span class='ocrx_word' id='word_1_739' title='bbox 1366 5635 1510 5709; x_wconf 70' lang='lat' dir='ltr'><strong>mm,</strong></span> <span class='ocrx_word' id='word_1_740' title='bbox 1539 5644 1628 5700; x_wconf 83' lang='lat'><strong>58.</strong></span> 
     </span>
    </p>
   </div>
   <div class='ocr_carea' id='block_1_103' title="bbox 440 5772 1489 5844">
    <p class='ocr_par' dir='ltr' id='par_1_103' title="bbox 440 5772 1489 5844">
     <span class='ocr_line' id='line_1_103' title="bbox 440 5772 1489 5844; baseline 0.003 -17"><span class='ocrx_word' id='word_1_741' title='bbox 440 5772 556 5843; x_wconf 64' lang='grc'><strong>(45)</strong></span> <span class='ocrx_word' id='word_1_742' title='bbox 586 5773 684 5829; x_wconf 82' lang='lat' dir='ltr'><strong>Ed.</strong></span> <span class='ocrx_word' id='word_1_743' title='bbox 722 5775 878 5828; x_wconf 83' lang='lat' dir='ltr'><strong>Rom.</strong></span> <span class='ocrx_word' id='word_1_744' title='bbox 903 5783 957 5829; x_wconf 89' lang='lat' dir='ltr'><strong>et</strong></span> <span class='ocrx_word' id='word_1_745' title='bbox 992 5774 1139 5844; x_wconf 82' lang='lat' dir='ltr'><strong>Lips.</strong></span> <span class='ocrx_word' id='word_1_746' title='bbox 1165 5773 1489 5840; x_wconf 81' lang='grc' dir='ltr'>ἁναδὲξοιτο.</span> 
     </span>
    </p>
   </div>
   <div class='ocr_carea' id='block_1_104' title="bbox 2034 4579 3221 4650">
    <p class='ocr_par' dir='ltr' id='par_1_104' title="bbox 2034 4579 3221 4650">
     <span class='ocr_line' id='line_1_104' title="bbox 2034 4579 3221 4650; baseline -0.014 -1"><span class='ocrx_word' id='word_1_747' title='bbox 2034 4606 2255 4648; x_wconf 87' lang='lat' dir='ltr'><strong>carnem</strong></span> <span class='ocrx_word' id='word_1_748' title='bbox 2284 4589 2379 4644; x_wconf 88' lang='lat' dir='ltr'><strong>sed</strong></span> <span class='ocrx_word' id='word_1_749' title='bbox 2405 4588 2569 4642; x_wconf 89' lang='lat' dir='ltr'><strong>etiam</strong></span> <span class='ocrx_word' id='word_1_750' title='bbox 2586 4585 2823 4639; x_wconf 89' lang='lat' dir='ltr'><strong>animam</strong></span> <span class='ocrx_word' id='word_1_751' title='bbox 2840 4579 3221 4650; x_wconf 85' lang='lat' dir='ltr'><strong>assumpsisse.</strong></span> 
     </span>
    </p>
   </div>
   <div class='ocr_carea' id='block_1_105' title="bbox 2104 4661 3613 4740">
    <p class='ocr_par' dir='ltr' id='par_1_105' title="bbox 2104 4661 3613 4740">
     <span class='ocr_line' id='line_1_105' title="bbox 2104 4661 3613 4740; baseline -0.015 -2"><span class='ocrx_word' id='word_1_752' title='bbox 2104 4681 2315 4738; x_wconf 81' lang='lat' dir='ltr'><strong>ORTH.</strong></span> <span class='ocrx_word' id='word_1_753' title='bbox 2341 4679 2573 4736; x_wconf 90' lang='lat' dir='ltr'><strong>Ubinam</strong></span> <span class='ocrx_word' id='word_1_754' title='bbox 2598 4675 2733 4730; x_wconf 88' lang='lat' dir='ltr'><strong>tales</strong></span> <span class='ocrx_word' id='word_1_755' title='bbox 2760 4674 2814 4727; x_wconf 91' lang='lat' dir='ltr'><strong>in</strong></span> <span class='ocrx_word' id='word_1_756' title='bbox 2843 4672 3128 4740; x_wconf 87' lang='lat' dir='ltr'><strong>Scriptura</strong></span> <span class='ocrx_word' id='word_1_757' title='bbox 3155 4663 3492 4736; x_wconf 87' lang='lat' dir='ltr'><strong>reperiemus</strong></span> <span class='ocrx_word' id='word_1_758' title='bbox 3517 4661 3613 4716; x_wconf 86' lang='lat' dir='ltr'><strong>de-</strong></span> 
     </span>
    </p>
   </div>
   <div class='ocr_carea' id='block_1_106' title="bbox 2035 4769 2502 4832">
    <p class='ocr_par' dir='ltr' id='par_1_106' title="bbox 2035 4769 2502 4832">
     <span class='ocr_line' id='line_1_106' title="bbox 2035 4769 2502 4832; baseline -0.019 -1"><span class='ocrx_word' id='word_1_759' title='bbox 2035 4772 2461 4832; x_wconf 87' lang='lat' dir='ltr'><strong>monstrationes</strong></span> <span class='ocrx_word' id='word_1_760' title='bbox 2477 4769 2502 4821; x_wconf 79' lang='lat' dir='ltr'><strong>‘l</strong></span> 
     </span>
    </p>
   </div>
   <div class='ocr_carea' id='block_1_107' title="bbox 2108 4847 3607 4922">
    <p class='ocr_par' dir='ltr' id='par_1_107' title="bbox 2108 4847 3607 4922">
     <span class='ocr_line' id='line_1_107' title="bbox 2108 4847 3607 4922; baseline -0.017 0"><span class='ocrx_word' id='word_1_761' title='bbox 2108 4862 2318 4922; x_wconf 80' lang='lat' dir='ltr'><strong>ERAN.</strong></span> <span class='ocrx_word' id='word_1_762' title='bbox 2375 4862 2572 4916; x_wconf 84' lang='lat' dir='ltr'><strong>Annon</strong></span> <span class='ocrx_word' id='word_1_763' title='bbox 2629 4854 2884 4910; x_wconf 84' lang='lat' dir='ltr'><strong>audivisti</strong></span> <span class='ocrx_word' id='word_1_764' title='bbox 2949 4850 3241 4907; x_wconf 87' lang='lat' dir='ltr'><strong>Dominum</strong></span> <span class='ocrx_word' id='word_1_765' title='bbox 3296 4847 3607 4903; x_wconf 88' lang='lat' dir='ltr'><strong>dicentem:</strong></span> 
     </span>
    </p>
   </div>
   <div class='ocr_carea' id='block_1_108' title="bbox 2045 4943 3611 5018">
    <p class='ocr_par' dir='ltr' id='par_1_108' title="bbox 2045 4943 3611 5018">
     <span class='ocr_line' id='line_1_108' title="bbox 2045 4943 3611 5018; baseline -0.016 -4"><span class='ocrx_word' id='word_1_766' title='bbox 2045 4979 2066 5013; x_wconf 76' lang='grc' dir='ltr'><strong>ι</strong></span> <span class='ocrx_word' id='word_1_767' title='bbox 2097 4959 2432 5014; x_wconf 86' lang='lat' dir='ltr'><strong>Potestatem</strong></span> <span class='ocrx_word' id='word_1_768' title='bbox 2457 4951 2638 5006; x_wconf 88' lang='lat' dir='ltr'><strong>habeo</strong></span> <span class='ocrx_word' id='word_1_769' title='bbox 2658 4945 2900 5018; x_wconf 88' lang='lat' dir='ltr'><strong>ponendi</strong></span> <span class='ocrx_word' id='word_1_770' title='bbox 2928 4943 3167 4999; x_wconf 89' lang='lat' dir='ltr'><strong>animam</strong></span> <span class='ocrx_word' id='word_1_771' title='bbox 3205 4953 3404 5002; x_wconf 89' lang='lat' dir='ltr'><strong>meam,</strong></span> <span class='ocrx_word' id='word_1_772' title='bbox 3431 4945 3489 4992; x_wconf 91' lang='lat' dir='ltr'><strong>et</strong></span> <span class='ocrx_word' id='word_1_773' title='bbox 3513 4950 3611 5004; x_wconf 91' lang='lat' dir='ltr'><strong>po-</strong></span> 
     </span>
    </p>
   </div>
   <div class='ocr_carea' id='block_1_109' title="bbox 2035 5034 3611 5106">
    <p class='ocr_par' dir='ltr' id='par_1_109' title="bbox 2035 5034 3611 5106">
     <span class='ocr_line' id='line_1_109' title="bbox 2035 5034 3611 5106; baseline -0.017 0"><span class='ocrx_word' id='word_1_774' title='bbox 2035 5056 2286 5106; x_wconf 87' lang='lat' dir='ltr'><strong>testatem</strong></span> <span class='ocrx_word' id='word_1_775' title='bbox 2318 5045 2496 5100; x_wconf 83' lang='lat' dir='ltr'><strong>habeo</strong></span> <span class='ocrx_word' id='word_1_776' title='bbox 2520 5055 2713 5097; x_wconf 88' lang='lat' dir='ltr'><strong>rursus</strong></span> <span class='ocrx_word' id='word_1_777' title='bbox 2733 5035 2988 5094; x_wconf 89' lang='lat' dir='ltr'><strong>sumendi</strong></span> <span class='ocrx_word' id='word_1_778' title='bbox 3014 5048 3166 5088; x_wconf 90' lang='lat' dir='ltr'><strong>eam:</strong></span> <span class='ocrx_word' id='word_1_779' title='bbox 3191 5045 3336 5102; x_wconf 88' lang='lat' dir='ltr'><strong>pono</strong></span> <span class='ocrx_word' id='word_1_780' title='bbox 3365 5042 3506 5091; x_wconf 89' lang='lat' dir='ltr'><strong>eam,</strong></span> <span class='ocrx_word' id='word_1_781' title='bbox 3548 5034 3611 5080; x_wconf 89' lang='lat' dir='ltr'><strong>ut</strong></span> 
     </span>
    </p>
   </div>
   <div class='ocr_carea' id='block_1_110' title="bbox 2034 5120 3608 5197">
    <p class='ocr_par' dir='ltr' id='par_1_110' title="bbox 2034 5120 3608 5197">
     <span class='ocr_line' id='line_1_110' title="bbox 2034 5120 3608 5197; baseline -0.017 0"><span class='ocrx_word' id='word_1_782' title='bbox 2034 5143 2238 5197; x_wconf 88' lang='lat' dir='ltr'><strong>iterum</strong></span> <span class='ocrx_word' id='word_1_783' title='bbox 2275 5151 2489 5193; x_wconf 90' lang='lat' dir='ltr'><strong>sumam</strong></span> <span class='ocrx_word' id='word_1_784' title='bbox 2528 5130 2736 5197; x_wconf 79' lang='lat' dir='ltr'><strong>eam&quot;;</strong></span> <span class='ocrx_word' id='word_1_785' title='bbox 2767 5147 2787 5182; x_wconf 76' lang='grc' dir='ltr'><strong>ι</strong></span> <span class='ocrx_word' id='word_1_786' title='bbox 2839 5134 2896 5183; x_wconf 90' lang='lat' dir='ltr'><strong>et</strong></span> <span class='ocrx_word' id='word_1_787' title='bbox 2933 5127 3171 5180; x_wconf 88' lang='lat' dir='ltr'><strong>iterum:</strong></span> <span class='ocrx_word' id='word_1_788' title='bbox 3210 5140 3230 5172; x_wconf 74' lang='grc' dir='ltr'><strong>ι</strong></span> <span class='ocrx_word' id='word_1_789' title='bbox 3264 5120 3458 5176; x_wconf 80' lang='lat' dir='ltr'><strong>Anima</strong></span> <span class='ocrx_word' id='word_1_790' title='bbox 3488 5131 3608 5171; x_wconf 83' lang='lat' dir='ltr'><strong>mea</strong></span> 
     </span>
    </p>
   </div>
   <div class='ocr_carea' id='block_1_111' title="bbox 2034 5211 3608 5290">
    <p class='ocr_par' dir='ltr' id='par_1_111' title="bbox 2034 5211 3608 5290">
     <span class='ocr_line' id='line_1_111' title="bbox 2034 5211 3608 5290; baseline -0.018 -1"><span class='ocrx_word' id='word_1_791' title='bbox 2034 5247 2184 5288; x_wconf 88' lang='lat' dir='ltr'><strong>nunc</strong></span> <span class='ocrx_word' id='word_1_792' title='bbox 2217 5230 2440 5287; x_wconf 86' lang='lat' dir='ltr'><strong>turbata</strong></span> <span class='ocrx_word' id='word_1_793' title='bbox 2467 5235 2553 5282; x_wconf 90' lang='lat' dir='ltr'><strong>est</strong></span> <span class='ocrx_word' id='word_1_794' title='bbox 2571 5225 2646 5290; x_wconf 82' lang='grc'><strong>³¹;</strong></span> <span class='ocrx_word' id='word_1_795' title='bbox 2687 5241 2705 5274; x_wconf 79' lang='grc' dir='ltr'><strong>ι</strong></span> <span class='ocrx_word' id='word_1_796' title='bbox 2743 5229 2836 5277; x_wconf 68' lang='grc' dir='ltr'><strong><em>εκ</em></strong></span> <span class='ocrx_word' id='word_1_797' title='bbox 2868 5237 2887 5269; x_wconf 87' lang='grc'><em>‹</em></span> <span class='ocrx_word' id='word_1_798' title='bbox 2916 5215 3113 5271; x_wconf 90' lang='lat' dir='ltr'><strong>Tristis</strong></span> <span class='ocrx_word' id='word_1_799' title='bbox 3153 5221 3238 5268; x_wconf 90' lang='lat' dir='ltr'><strong>est</strong></span> <span class='ocrx_word' id='word_1_800' title='bbox 3271 5211 3452 5266; x_wconf 90' lang='lat' dir='ltr'><strong>anima</strong></span> <span class='ocrx_word' id='word_1_801' title='bbox 3486 5221 3608 5261; x_wconf 84' lang='lat' dir='ltr'><strong>mea</strong></span> 
     </span>
    </p>
   </div>
   <div class='ocr_carea' id='block_1_112' title="bbox 2037 5300 3606 5394">
    <p class='ocr_par' dir='ltr' id='par_1_112' title="bbox 2037 5300 3606 5394">
     <span class='ocr_line' id='line_1_112' title="bbox 2037 5300 3606 5394; baseline -0.019 -15"><span class='ocrx_word' id='word_1_802' title='bbox 2037 5338 2212 5394; x_wconf 91' lang='lat' dir='ltr'><strong>usque</strong></span> <span class='ocrx_word' id='word_1_803' title='bbox 2234 5321 2301 5376; x_wconf 93' lang='lat' dir='ltr'><strong>ad</strong></span> <span class='ocrx_word' id='word_1_804' title='bbox 2321 5327 2555 5374; x_wconf 89' lang='lat' dir='ltr'><strong>mortem</strong></span> <span class='ocrx_word' id='word_1_805' title='bbox 2577 5314 2652 5380; x_wconf 85' lang='grc'>³³;</span> <span class='ocrx_word' id='word_1_806' title='bbox 2699 5331 2717 5364; x_wconf 79' lang='grc' dir='ltr'><strong>ι</strong></span> <span class='ocrx_word' id='word_1_807' title='bbox 2744 5319 2800 5366; x_wconf 92' lang='lat' dir='ltr'><strong>et</strong></span> <span class='ocrx_word' id='word_1_808' title='bbox 2819 5307 2967 5379; x_wconf 92' lang='lat' dir='ltr'><strong>quod</strong></span> <span class='ocrx_word' id='word_1_809' title='bbox 2987 5322 3017 5360; x_wconf 90' lang='lat' dir='ltr'><strong>a</strong></span> <span class='ocrx_word' id='word_1_810' title='bbox 3037 5302 3241 5359; x_wconf 90' lang='lat' dir='ltr'><strong>Davide</strong></span> <span class='ocrx_word' id='word_1_811' title='bbox 3265 5300 3478 5394; x_wconf 77' lang='lat' dir='ltr'><strong>dictum</strong></span> <span class='ocrx_word' id='word_1_812' title='bbox 3501 5301 3606 5358; x_wconf 84' lang='lat' dir='ltr'><strong>est,</strong></span> 
     </span>
    </p>
   </div>
   <div class='ocr_carea' id='block_1_113' title="bbox 2037 5389 3610 5480">
    <p class='ocr_par' dir='ltr' id='par_1_113' title="bbox 2037 5389 3610 5480">
     <span class='ocr_line' id='line_1_113' title="bbox 2037 5389 3610 5480; baseline -0.019 -9"><span class='ocrx_word' id='word_1_813' title='bbox 2037 5389 2144 5471; x_wconf 78' lang='lat' dir='ltr'><strong>eta</strong></span> <span class='ocrx_word' id='word_1_814' title='bbox 2174 5415 2339 5468; x_wconf 88' lang='lat' dir='ltr'><strong>Petro</strong></span> <span class='ocrx_word' id='word_1_815' title='bbox 2357 5408 2669 5480; x_wconf 79' lang='lat' dir='ltr'><strong>expositum</strong></span> <span class='ocrx_word' id='word_1_816' title='bbox 2696 5422 2710 5458; x_wconf 91' lang='lat'><strong>:</strong></span> <span class='ocrx_word' id='word_1_817' title='bbox 2745 5423 2763 5456; x_wconf 75' lang='grc' dir='ltr'><strong>ι</strong></span> <span class='ocrx_word' id='word_1_818' title='bbox 2792 5401 2916 5456; x_wconf 83' lang='grc' dir='ltr'>Νοιι</span> <span class='ocrx_word' id='word_1_819' title='bbox 2941 5397 3202 5454; x_wconf 87' lang='lat' dir='ltr'><strong>derelicta</strong></span> <span class='ocrx_word' id='word_1_820' title='bbox 3219 5401 3304 5450; x_wconf 88' lang='lat' dir='ltr'><strong>est</strong></span> <span class='ocrx_word' id='word_1_821' title='bbox 3320 5392 3377 5447; x_wconf 87' lang='lat' dir='ltr'><strong>in</strong></span> <span class='ocrx_word' id='word_1_822' title='bbox 3394 5389 3610 5445; x_wconf 82' lang='lat' dir='ltr'><strong>inferno</strong></span> 
     </span>
    </p>
   </div>
   <div class='ocr_carea' id='block_1_114' title="bbox 2721 5555 3607 5626">
    <p class='ocr_par' dir='ltr' id='par_1_114' title="bbox 2721 5555 3607 5626">
     <span class='ocr_line' id='line_1_114' title="bbox 2721 5555 3607 5626; baseline -0.025 -2"><span class='ocrx_word' id='word_1_823' title='bbox 2721 5567 2918 5624; x_wconf 73' lang='lat' dir='ltr'><strong>&quot;Gen.</strong></span> <span class='ocrx_word' id='word_1_824' title='bbox 2949 5577 3078 5626; x_wconf 71' lang='grc' dir='ltr'>χχιι,</span> <span class='ocrx_word' id='word_1_825' title='bbox 3106 5561 3192 5614; x_wconf 74' lang='lat'><strong>1‘2.</strong></span> <span class='ocrx_word' id='word_1_826' title='bbox 3268 5556 3309 5589; x_wconf 75' lang='grc'>³⁸</span> <span class='ocrx_word' id='word_1_827' title='bbox 3343 5555 3502 5610; x_wconf 79' lang='lat' dir='ltr'><strong>Joan.</strong></span> <span class='ocrx_word' id='word_1_828' title='bbox 3551 5562 3607 5610; x_wconf 75' lang='grc' dir='ltr'><strong>κ,</strong></span> 
     </span>
    </p>
   </div>
   <div class='ocr_carea' id='block_1_115' title="bbox 2126 5770 2654 5847">
    <p class='ocr_par' dir='ltr' id='par_1_115' title="bbox 2126 5770 2654 5847">
     <span class='ocr_line' id='line_1_115' title="bbox 2126 5770 2654 5847; baseline -0.019 -16"><span class='ocrx_word' id='word_1_829' title='bbox 2126 5775 2235 5847; x_wconf 73' lang='grc' dir='ltr'><strong>(Μ)</strong></span> <span class='ocrx_word' id='word_1_830' title='bbox 2264 5774 2342 5830; x_wconf 82' lang='lat' dir='ltr'><strong>Ib.</strong></span> <span class='ocrx_word' id='word_1_831' title='bbox 2359 5770 2654 5826; x_wconf 75' lang='grc' dir='ltr'>διαλύσαιο.</span> 
     </span>
    </p>
   </div>
  </div>
