4006 6202
335 330 428 396 151

1322 327 1806 388 THEODORETI
1847 327 2183 388 EPISCOPI
2223 328 2586 388 CYRENSIS

3485 325 3586 392 152

331 448 511 500 anima
537 443 678 511 ejus.
694 455 871 509 neque
902 454 1029 494 caro
1051 441 1168 510 ejus
1187 439 1323 493 vidit
1348 441 1760 509 corruptionem
1787 439 1872 492 "‘2
1894 458 1910 488 ι

2086 441 2202 493 Οὐκ
2239 440 2637 508 ἐγκατελείφθη
2686 441 2763 501 εἰς
2792 438 2917 510 ᾇδου
2947 439 3150 509 ἡψυχὴ
3181 439 3366 503 αὑτοῦ,
3397 441 3518 498 οὔτε
3555 451 3590 517 ὴ

333 537 456 589 Ηςυο
488 543 542 588 et
571 535 678 588 alia
713 533 766 587 id
798 547 970 602 genus
1025 541 1213 601 aperte
1246 532 1563 594 ostendunt,
1592 530 1738 600 quod
1768 531 1914 584 Deus

332 627 572 680 Verbum
600 641 712 679 non
745 624 921 679 solum
952 639 1195 688 carnem,
1237 623 1330 678 sed
1363 623 1526 677 etiam
1563 623 1797 676 animam
1831 637 1915 676 as-

332 717 650 786 sumpserit.

393 806 601 863 ORTH.
630 804 765 875 Apte
781 805 1182 867 admodumfet
1201 805 1432 858 candide
1456 806 1572 858 haec
1600 802 1914 858 testimonia

332 897 634 967 protulisti.
665 897 772 950 Sed
795 897 1021 966 objiciet
1049 897 1159 958 ille,
1187 898 1334 965 quod
1360 897 1526 951 etiam
1555 904 1681 950 ante
1731 895 1914 948 incar-

334 989 612 1041 nationem
663 987 808 1040 Deus
855 985 1074 1041 Judzeos
1106 986 1392 1054 alloquens
1432 985 1672 1055 dixerit:
1706 1001 1724 1034 ι
1770 985 1919 1054 Jeju-

334 1081 509 1142 nium,
535 1088 591 1133 et
619 1079 814 1140 otium,
840 1087 896 1132 et
934 1077 1313 1132 solemnitates
1337 1087 1550 1131 vestras
1590 1074 1707 1129 odit
1735 1075 1917 1128 anima

336 1186 458 1226 mea
478 1171 544 1224 ³⁸.
585 1188 603 1221 ι
635 1169 843 1223 Deinde
867 1169 945 1223 sic
993 1169 1448 1224 ratiocinabitur:
1477 1168 1621 1221 sicut
1648 1167 1702 1220 in
1733 1165 1917 1220 Veteri

335 1262 708 1325 Testamento,
730 1277 854 1314 cum
872 1261 1112 1314 animam
1139 1276 1248 1314 non
1274 1261 1525 1324 haberet,
1548 1260 1745 1313 animae
1763 1272 1918 1312 men-

337 1355 545 1410 tionem
574 1353 726 1417 fecit,
752 1353 828 1406 ita
860 1353 1039 1408 ethoc
1063 1354 1189 1408 loco
1218 1353 1369 1421 fecit.

409 1537 620 1591 ERAN.
673 1536 743 1590 At
790 1551 983 1590 rursus
1037 1534 1224 1589 audiet
1278 1533 1425 1603 quod
1477 1534 1640 1587 etiam
1678 1545 1925 1601 corporis

339 1628 585 1698 partium
613 1627 680 1680 de
702 1628 815 1681 Deo
843 1627 1076 1696 loquens
1104 1625 1388 1695 Scriptura
1409 1640 1564 1679 sacra
1587 1623 1920 1678 meminerit.

345 1741 364 1771 ι
390 1719 606 1774 lnclina
622 1719 780 1786 112
801 1718 983 1782 enim,
1007 1717 1208 1785 inquit,
1238 1731 1428 1769 aurem
1454 1724 1625 1778 tuam,
1648 1725 1702 1770 et
1725 1714 1922 1769 exaudi

339 1827 427 1866 me
447 1810 526 1874 ³⁶;
549 1829 568 1860 ι
595 1821 655 1864 et
686 1827 698 1862 ε
737 1828 756 1860 ι
777 1808 946 1878 Aperi
969 1807 1161 1861 oculos
1179 1814 1321 1869 tuos,
1349 1814 1404 1859 et
1427 1806 1550 1860 vide
1570 1807 1632 1836 ³⁵·
1653 1800 1782 1867 fet:
1817 1823 1834 1854 ι
1857 1803 1928 1858 Os

339 1902 565 1957 Domini.
597 1901 714 1956 haec
745 1901 992 1954 locutum
1023 1899 1167 1952 est“
1194 1915 1208 1964 ;
1253 1918 1271 1948 ι
1302 1898 1366 1951 Et
1396 1914 1408 1949 :
1443 1915 1460 1946 ι
1491 1896 1686 1949 Manus
1712 1905 1820 1950 tuae
1852 1895 1931 1950 ΐο-

343 2002 541 2049 cerunt
578 2009 686 2059 me,
721 2002 779 2048 et
829 1992 1208 2047 formaverunt
1240 2007 1325 2045 me
1350 1990 1435 2055 “;
1471 2009 1488 2040 ι
1519 1997 1574 2044 et
1609 1989 1714 2043 alia
1769 1989 1931 2042 innu-

342 2099 498 2138 mera
524 2081 818 2153 ejusmodi.
869 2080 1025 2146 Quod
1059 2080 1106 2137 si
1129 2082 1295 2137 etiam
1333 2089 1459 2148 post
1491 2078 1930 2134 incarnationem

345 2175 530 2230 anima
563 2190 674 2228 non
699 2173 1055 2244 intelligenda
1082 2184 1168 2229 est
1193 2172 1396 2235 anima,
1432 2186 1534 2226 nec
1573 2186 1774 2240 corpus
1801 2185 1932 2239 ergo

347 2283 550 2337 corpus
587 2266 1006 2336 intelligendum
1048 2284 1059 2318 :
1104 2276 1161 2321 et
1217 2265 1532 2320 invenietur
1564 2263 1724 2318 inane
1773 2278 1932 2333 spec-

348 2369 495 2418 trum
533 2375 790 2429 magnum
845 2358 1276 2428 dispensationis
1312 2358 1658 2428 mysterium,
1689 2356 1933 2410 nullum-

348 2468 456 2521 que
486 2451 784 2506 discrimen
811 2450 918 2504 erit
944 2450 1088 2504 inter
1113 2466 1235 2514 nos,
1262 2459 1318 2504 et
1346 2449 1699 2512 Marcionem,
1736 2449 1935 2502 Valen-

351 2545 535 2598 tinum.
576 2552 635 2598 et
681 2543 982 2607 Manetem,
1038 2543 1133 2612 qui
1183 2543 1322 2596 tales
1371 2542 1586 2596 fabulas
1637 2541 1933 2597 commenti

352 2647 502 2692 sunt.

416 2728 626 2782 OllTH.
667 2727 723 2783 Si
748 2743 881 2783 vero
911 2729 1358 2799 colloquentibus
1379 2730 1539 2784 nobis
1562 2730 1750 2785 subito
1771 2732 1938 2788 inter-

352 2821 539 2876 veniat
593 2821 866 2890 quispiam
896 2835 963 2874 ex
1001 2822 1228 2877 cohorte
1250 2822 1601 2891 Apollinarii,
1638 2831 1694 2877 et
1735 2831 1889 2894 roget
1921 2842 1933 2876 :

354 2912 605 2978 Qualem,
633 2928 666 2965 o
689 2912 832 2967 bone
861 2912 964 2976 vir,
995 2913 1236 2966 animam
1267 2913 1424 2967 dicas
1467 2913 1796 2984 (Christum)
1851 2929 1940 2968 as-

357 3005 690 3074 sumpsisse?
717 3004 850 3073 quid
873 3005 1273 3073 respondebis?

434 3094 640 3148 ERAN.
697 3095 945 3148 Primum
974 3095 1221 3164 quidem,
1267 3094 1415 3163 quod
1462 3111 1626 3148 unam
1675 3097 1940 3150 duntaxat
1969 3125 2011 3181 ο

360 3187 599 3240 animam
617 3187 856 3241 Ιιοιιιὶιιίε
875 3202 1186 3256 agnoscam.
1201 3188 1409 3242 Deinde
1425 3189 1681 3242 adderem
1693 3229 1705 3251 ,
1721 3187 1873 3253 Quod
1895 3189 1940 3242 si

359 3286 421 3330 tu
447 3278 583 3331 duas
599 3277 810 3331 animas
843 3294 962 3332 esse
990 3288 1167 3347 putas,
1192 3286 1246 3333 et
1277 3295 1440 3332 unam
1497 3279 1837 3342 rationalem,
1865 3279 1942 3333 al-

2023 529 2159 601 σάρξ
2190 531 2354 584 αὑτοῦ
2377 527 2486 584 εἶδε
2513 530 2844 599 διαφθοράν;
2873 547 2890 580 ι
2920 529 3107 582 Ταῦτα
3126 531 3218 582 καὶ
3246 531 3345 583 ὅσα
3369 533 3594 590 τοιαῦτα

2022 624 2210 692 σαφῶς
2231 624 2530 688 δείκνυσιν,
2567 623 2644 686 ὡς
2688 623 2748 675 οὐ
2791 621 2952 692 σῶμα
2989 621 3170 691 μόνον,
3203 622 3340 675 ἀλλά
3371 625 3464 678 καὶ
3492 627 3593 698 ψυ-

2021 721 2120 792 χὴν
2153 724 2181 776 ὁ
2222 723 2354 784 Θεὸς
2386 722 2559 790 Λόγος
2585 721 2865 774 ἀνέλαϐεν.

2093 815 2246 870 ΟΡΘ.
2286 814 2588 884 Ἀρμοδίως
2627 815 2724 883 μὲν
2753 814 2910 879 ἄγαν,
2962 813 3056 864 καὶ
3095 813 3456 883 εὐγνωμόνως
3482 813 3593 880 (45)

2021 906 2120 969 τὰς
2159 907 2463 976 μαρτυρίας
2494 907 2836 977 παρήγαγες.
2884 903 3154 972 Ἀντιθείη
3195 905 3239 957 δ’
3271 904 3335 957 ἂν
3365 905 3592 968 ἐκεῖνος,

2021 999 2096 1062 ὡς
2125 999 2219 1052 καὶ
2264 998 2370 1069 πρὸ
2397 1000 2497 1067 τῆς
2530 996 2996 1067 ἐνανθρωπήσεως
3034 994 3414 1066 διαλεγόμενος
3463 997 3589 1049 Ἰου-

2023 1092 2194 1154 δαίοις
2222 1093 2250 1143 ό
2283 1091 2415 1153 Θεδς
2452 1091 2556 1159 ἔφη
2578 1107 2591 1118 θ
2635 1109 2653 1140 ι
2682 1088 2978 1159 Νηστείαν,
3012 1087 3104 1141 καὶ
3133 1089 3350 1158 ἀργίαν,
3386 1088 3478 1142 καὶ
3499 1087 3600 1148 τὰς

2026 1185 2219 1255 ἑορτὰς
2256 1182 2368 1254 (46)
2403 1182 2556 1253 ὑμῶν
2591 1182 2744 1251 μισεῖ
2777 1181 2809 1244 ἡ
2852 1178 2998 1248 ψυχή
3029 1195 3153 1247 μου.
3197 1198 3214 1230 ι
3253 1174 3386 1231 Εἶτα
3416 1177 3600 1231 συλλο-

2025 1274 2312 1344 γιζόμενος
2346 1273 2481 1342 φαίη
2515 1273 2602 1338 ἂν,
2636 1273 2739 1334 ὅτι,
2785 1269 3037 1339 καθάπερ
3059 1272 3115 1322 ἐν
3150 1272 3214 1341 τῇ
3255 1269 3465 1342 Παλαιᾷ
3502 1273 3602 1339 ψυ-

2025 1366 2124 1437 χὴν
2149 1367 2249 1418 οὐκ
2292 1364 2430 1435 ἔχων
2477 1361 2854 1434 ἐμνημόνευσε
2896 1358 3096 1429 ψυχῆς,
3137 1358 3280 1414 οὕτω
3328 1358 3604 1414 κάνταῦθα

2025 1459 2350 1524 πεποίηκεν.

2099 1551 2303 1604 ΕΡΑΝ.
2350 1549 2490 1601 Ἀλλ’
2514 1547 2806 1601 ἀκούσεται
2835 1548 3016 1611 πάλιν,
3051 1545 3126 1608 ὡς
3156 1545 3250 1599 καὶ
3280 1544 3605 1615 σωματικῶν

2032 1643 2237 1712 μορίων
2285 1642 2416 1712 περὶ
2482 1641 2617 1693 Θεοῦ
2668 1640 3025 1712 διαλεγομένη
3075 1641 3348 1709 μέμνηται
3394 1639 3426 1708 ἡ
3485 1637 3607 1688 θεία

2030 1735 2245 1804 Γραφή.
2287 1751 2304 1785 ι
2346 1733 2540 1786 Κλίνον
2587 1734 2716 1803 γὰρ,
2770 1734 2924 1803 φησὶ,
2968 1733 3029 1785 τὸ
3059 1728 3153 1794 οὖς
3186 1748 3302 1791 σου,
3347 1729 3440 1781 καὶ
3477 1728 3606 1797 (ιδ’)

2034 1823 2339 1877 ἐπακουσόν
2379 1837 2512 1892 μου⁸
2570 1842 2586 1874 ι
2627 1823 2756 1876 καί·
2799 1841 2816 1872 ι
2853 1821 3266 1887 Ἀνοιξοντοὺς
3300 1819 3610 1888 ὀφθαλμούς

2035 1932 2151 1978 σου,
2181 1915 2274 1968 καὶ
2323 1915 2429 1967 ίδεο
2483 1935 2500 1966 ι
2560 1915 2695 1968 καί·
2735 1933 2754 1965 ι
2795 1914 2867 1967 Τὸ
2908 1914 3084 1982 στόμα
3129 1913 3334 1984 Κυρίου
3383 1911 3611 1980 ἐλάλησα

2031 2008 2230 2060 ταῦτα·
2273 2025 2292 2057 ι
2345 2007 2476 2060 καὶ·
2528 2026 2545 2059 ι
2583 2008 2648 2059 Αἱ
2699 2006 2884 2078 χεῖρές
2939 2023 3031 2056 σου
3077 2004 3339 2073 ἐποίησάν
3386 2020 3472 2073 με,
3518 2002 3612 2055 καὶ

2033 2099 2275 2154 ἓπλασάν
2331 2117 2420 2169 με,
2462 2119 2478 2150 ι
2523 2099 2615 2152 καὶ
2654 2099 2823 2170 μυρία
2877 2097 3122 2152 τοιαῦτα.
3175 2098 3237 2148 El
3290 2095 3469 2147 τοίνυν
3519 2094 3615 2147 καὶ

2038 2193 2176 2262 μετά
2195 2191 2293 2262 τὴν
2317 2190 2474 2243 ἐνανθ
2487 2190 2732 2262 ρώπησιν
2758 2189 2854 2260 τὴν
2879 2190 3058 2261 ψυχὴν
3084 2189 3142 2241 οὐ
3165 2187 3344 2258 ψυχὴν
3373 2187 3613 2256 νοητέον,

2034 2281 2155 2335 οὔτε
2197 2283 2257 2335 τὸ
2295 2282 2453 2352 σῶμα
2494 2282 2601 2351 ἄρα
2643 2281 2803 2351 σῶμα
2837 2282 3084 2353 νοητέον’
3134 2281 3227 2334 καὶ
3261 2280 3616 2351 εὑρεθήσεται

2038 2373 2312 2440 φαντασία
2359 2373 2420 2426 τὸ
2475 2373 2617 2442 μέγα
2659 2373 2760 2441 τῆς
2795 2373 3107 2444 οἰκονομίας
3157 2373 3476 2442 μυστήριον,
3522 2372 3620 2423 καὶ

2036 2463 2312 2533 διοίσομεν
2373 2463 2529 2516 οὐδὲν
2575 2463 2919 2533 Μαρκίωνος,
2978 2465 3072 2517 καὶ
3126 2463 3466 2524 Βαλεντίνου,
3525 2465 3619 2514 καὶ

2037 2552 2349 2615 Μάνεντος·
2385 2551 2608 2605 τοιαῦτα
2671 2552 2781 2623 γὰρ
2831 2553 2967 2606 ἅττα
3009 2553 3249 2605 κάκεῖνοι
3294 2550 3620 2621 μυθολογοῦ-

2041 2659 2146 2695 σιν.

2111 2733 2262 2787 ΟΡΘ.
2307 2735 2370 2788 El
2397 2734 2452 2786 δέ
2479 2751 2543 2802 γε
2589 2734 2990 2803 διαλεγομένων
3016 2734 3173 2804 ἡμῶν
3199 2732 3457 2802 ἐξαπίνης
3491 2732 3617 2800 ἀφί-

2042 2826 2190 2879 κοιτό
2217 2843 2302 2888 τις
2334 2826 2435 2894 τῆς
2471 2825 2852 2895 Ἀπολιναρίου
2899 2825 3232 2895 συμμορίας,
3268 2824 3362 2876 καὶ
3405 2823 3614 2889 ἔροιτο·

2042 2919 2232 2981 Ποίαν,
2263 2912 2307 2970 ὦ
2361 2919 2555 2987 λῷστε,
2587 2918 2764 2989 ψυχὴν
2799 2918 2978 2984 λέγεις
3028 2916 3410 2985 ἀνειληφέναι;
3458 2916 3509 2966 τί
3555 2917 3617 2966 ἂν

2043 3011 2402 3080 ἁποκρίναιο;

2119 3104 2325 3155 EPAN.
2367 3102 2590 3172 Πρῶτον
2620 3101 2738 3169 μὲν,
2768 3101 2842 3162 ὡς
2877 3100 3003 3169 μίαν
3030 3095 3146 3152 οἶδα
3171 3099 3269 3170 τὴν
3297 3097 3390 3149 τοῦ
3418 3096 3511 3150 ἀνθ
3524 3096 3624 3166 ρώ-

2047 3213 2147 3247 που
2187 3193 2386 3264 ψυχήν.
2429 3194 2657 3244 Ἔπειτα
2695 3191 2989 3261 προσθείην
3031 3191 3117 3250 ἂν,
3147 3191 3210 3243 El
3241 3190 3295 3241 δέ
3335 3207 3397 3257 γε
3442 3190 3504 3240 σὺ
3535 3187 3626 3239 δύο

2046 3283 2310 3352 νομίζεις,
2353 3283 2448 3334 καὶ
2474 3280 2570 3351 τὴν
2606 3281 2704 3350 μὲν
2750 3280 2994 3349 λογικὴν,
3025 3281 3125 3349 τὴν
3175 3279 3230 3332 δὲ
3255 3279 3446 3346 ἄλογον
3478 3279 3629 3347 νομί-

363 3376 536 3422 teram
566 3368 800 3422 rationis
828 3377 1108 3438 expertem
1153 3380 1334 3439 putas,
1372 3370 1696 3423 rationalem
1731 3385 1934 3424 assum-

2048 3375 2184 3438 ζεις,
2237 3375 2336 3444 τὴν
2382 3374 2607 3444 λογικὴν
2656 3373 2975 3442 ἀνειλῆφθαι
3017 3373 3178 3442 φημί.
3237 3372 3306 3423 Σὺ
3363 3371 3492 3439 γάρ,
3549 3368 3626 3429 ὡς

366 3463 514 3522 ptam
570 3470 692 3509 esse
721 3456 868 3511 dico.
907 3457 990 3511 Tu
1037 3459 1206 3522 enim,
1235 3467 1295 3512 ut
1327 3458 1570 3522 videtur,
1604 3458 1835 3514 rationis
1853 3476 1946 3514 ex-

2049 3466 2214 3528 ἐοικε,
2250 3467 2350 3534 τὴν
2386 3465 2577 3531 ἄλογον
2614 3465 2778 3533 ἔχεις,
2817 3465 2978 3534 ἀτελῆ
3009 3463 3337 3532 γεγενῆσθαι
3369 3463 3464 3533 τὴν
3489 3463 3632 3530 ἠμε-

367 3555 579 3617 pertem
626 3548 818 3613 habes,
872 3550 966 3618 qui
1012 3549 1386 3619 imperfectam
1420 3558 1661 3605 nostram
1713 3551 1944 3606 salutem

2050 3558 2214 3627 τέραν
2245 3555 2520 3626 σωτηρίαν
2545 3555 2870 3625 ἡγούμενος.

367 3640 678 3696 arbitraris.
3155 3657 3158 3660 ~

437 3734 646 3788 ORTll.
681 3733 886 3800 Quodsi
931 3749 1132 3788 eorum
1161 3751 1284 3804 quae
1304 3735 1444 3790 dicis
1477 3737 1831 3805 probationes
1867 3752 1934 3791 re

2124 3730 2277 3785 ΟΡΘ.
2312 3731 2373 3782 Et
2418 3728 2474 3782 δὲ
2515 3729 2680 3781 τῶνδε
2720 3727 2829 3779 τῶν
2868 3727 3041 3796 λόγων
3074 3728 3328 3796 ἀπαιτοίη
3362 3727 3459 3787 τὰς
3493 3725 3629 3777 ἀπο·

370 3827 654 3897 quireret?

2055 3823 2245 3885 δείξεις
2266 3839 2279 3886 ;

445 3915 650 3970 ERAN.
698 3917 893 3969 Darem
948 3915 1130 3977 facile,
1183 3922 1346 3983 atque
1381 3915 1612 3969 oracula
1637 3917 1950 3985 evangelica

373 4023 725 4078 suggererem
751 4026 763 4059 ε
804 4027 821 4058 ι
862 4008 1005 4061 Puer
1027 4006 1187 4061 Jesus
1209 4007 1514 4069 crescebat,
1542 4018 1600 4061 et
1629 4008 1955 4061 corrobora-

374 4097 536 4150 batur
580 4096 799 4166 spiritu,
855 4106 911 4150 et
935 4096 1108 4165 gratia
1154 4095 1249 4149 Dei
1305 4107 1425 4150 erat
1483 4097 1537 4151 in
1582 4097 1784 4166 ipso”.
1831 4117 1848 4148 ι
1889 4098 1956 4150 Et

377 4203 602 4241 rursus:
633 4187 821 4241 tJesus
838 4196 1022 4242 autem
1048 4186 1564 4255 proficiebattetaie,
1583 4198 1640 4242 et
1663 4188 1953 4255 sapientia,

2128 3913 2330 3966 EPAN.
2369 3913 2526 3980 Δοίην
2571 3911 2635 3963 ἂν
2665 3910 2931 3974 εὐπετῶς,
2979 3911 3072 3963 καὶ
3113 3909 3219 3962 τῶν
3265 3908 3632 3976 εὐαγγελικῶν

2059 4009 2358 4076 ἀναμνήσω
2378 4005 2596 4072 λογίων,
2637 4005 2719 4055 ὅτι
2753 4023 2772 4054 ‹
2811 4005 2884 4054 Τὸ
2918 4002 3131 4055 παιδίον
3177 4000 3385 4072 Ἰησοῦς
3410 4001 3631 4070 ηὔξανε,

2060 4100 2154 4150 καὶ
2209 4095 2568 4165 ἐκραταιοῦτο
2597 4095 2674 4163 τῷ
2721 4093 3012 4162 πνεύματι,
3055 4094 3149 4148 καὶ
3199 4096 3358 4165 χάρις
3398 4092 3534 4145 Θεοῦ
3569 4088 3638 4161 ἧν

2063 4188 2149 4241 ἐπ’
2191 4187 2357 4256 αὐτῷ,
2399 4204 2416 4237 ι
2465 4189 2575 4238 Καὶ
2609 4186 2809 4238 πάλιν·
2875 4203 2892 4234 ι
2962 4186 3168 4256 Ἰησοῦς
3214 4187 3271 4238 δὲ
3301 4185 3641 4255 προέκοπτεν

375 4287 433 4334 et
461 4280 632 4350 gratia
678 4278 822 4348 apud
882 4279 1053 4332 Deum
1080 4287 1137 4332 et
1169 4278 1422 4332 homines
1465 4280 1527 4333 δί’.
1565 4300 1582 4330 ι
1623 4281 1689 4334 Ει
1715 4281 1934 4335 diceren

2063 4277 2269 4350 ἡλικίᾳ,
2305 4278 2398 4330 καὶ
2422 4277 2603 4348 σοφίᾳ,
2630 4277 2725 4330 καὶ
2755 4276 2940 4348 χάριτι
2968 4277 3120 4348 παρά
3143 4277 3259 4346 Θεῴ
3299 4277 3393 4328 καὶ
3430 4276 3642 4346 ἀνθρώ·

379 4369 519 4423 nihil
563 4369 762 4421 horum
785 4369 1082 4422 convenire
1117 4367 1415 4423 divinitati.
1450 4369 1629 4425 .‘Etale
1659 4373 1806 4425 enim
1833 4389 1934 4442 pro

2065 4389 2206 4435 ποις.
2245 4392 2262 4423 ι
2301 4373 2409 4426 Καὶ
2449 4371 2656 4440 εἴποιμ’
2691 4371 2778 4436 ἂν,
2821 4372 2895 4433 ὡς
2937 4371 3089 4425 οὐδὲν
3135 4375 3338 4424 τούτων
3379 4369 3644 4440 ἁρμόττει
3685 4393 3691 4400 ι

379 4460 496 4516 ﬁcit
542 4474 765 4528 corpus,
821 4461 1088 4528 sapientia
1113 4475 1241 4514 vero
1275 4463 1479 4525 anima,
1529 4477 1636 4516 non
1663 4479 1784 4531 qua:
1809 4479 1934 4518 care

2070 4465 2307 4533 θεότητι.
2351 4462 2566 4532 Ἥλικίᾳ
2598 4463 2696 4532 μὲν
2721 4464 2832 4534 γὰρ
2861 4462 2921 4514 τὸ
2952 4461 3112 4532 σῶμα
3141 4462 3458 4532 προκόπτει,
3485 4460 3647 4529 σοφίᾳ.

379 4552 613 4615 ratione,
654 4551 749 4606 sed
775 4567 896 4619 quae
921 4551 1150 4606 rationis
1175 4560 1270 4606 est
1296 4569 1522 4622 compos
1547 4571 1558 4606 :
1599 4555 1810 4609 ratione
1831 4570 1934 4626 erg.

2065 4556 2120 4608 δὲ
2155 4554 2322 4624 ψυχὴ,
2373 4556 2471 4624 οὐχ
2512 4557 2543 4624 ἡ
2589 4555 2802 4621 ἄλογος,
2829 4553 2942 4606 ἀλλ’
2981 4555 3013 4622 ή
3043 4553 3256 4623 λογικὴ.
3289 4551 3524 4623 Λογικὴν
3552 4547 3645 4603 οὖν

379 4632 662 4714 praeditam
704 4643 938 4698 animam
975 4643 1121 4698 Deus
1154 4643 1398 4699 Verbum
1435 4646 1750 4714 assumpsit.

2066 4647 2172 4716 ἄρα
2205 4644 2382 4714 ψυχὴν
2422 4647 2449 4697 ὁ
2472 4644 2605 4706 Θεὸς
2633 4644 2804 4711 Λόγος
2831 4643 3138 4712 ἀνείληφεν.

465 4737 620 4806 113
666 4735 874 4791 OR'l‘ll.
921 4735 1156 4791 Strenue
1190 4752 1434 4805 prorsus,
1475 4754 1508 4792 ο
1535 4739 1676 4794 bone
1715 4741 1821 4805 vir,
1855 4749 1934 4795 tre

2138 4737 2291 4790 ΟΡΘ.
2340 4737 2608 4798 Γενναίως
2659 4737 2758 4805 μὲν
2782 4736 2959 4802 ,νᾶγαν,
3000 4729 3045 4787 ὦ
3089 4736 3300 4805 ἄριστε,
3351 4734 3450 4795 τὰς
3498 4736 3648 4804 τρεῖς

381 4828 828 4884 adversariorum
861 4841 1066 4881 cuneos
1097 4827 1428 4896 perrupisti:
1463 4829 1560 4884 sed
1591 4831 1851 4884 unionem
1897 4832 1931 4885 il

2067 4826 2175 4879 τῶν
2243 4825 2554 4878 ἀντιπάλων
2615 4825 2908 4896 διέρρηξας
2973 4825 3298 4893 φάλαγγας·
3353 4824 3490 4878 ἀλλὰ
3551 4823 3650 4893 τὴν

383 4920 516 4980 lam,
542 4926 598 4972 et
619 4919 961 4974 decantatam
983 4920 997 4937 ⁸
1029 4918 1543 4974 commistione-mae
1560 4922 1934 4976 confusionem

2071 4918 2268 4970 ἕνωσιν
2318 4915 2558 4986 ἐκείνην,
2592 4916 2686 4970 καὶ
2728 4917 2827 4985 τὴν
2858 4916 3300 4986 πολυθρύλλητον
3335 4917 3532 4987 κρᾶσιν
3559 4917 3651 4968 καὶ

384 5025 497 5063 non
527 5009 780 5066 bifariam
813 5010 994 5064 modo.
1021 5005 1117 5063 sed
1151 5009 1415 5064 trifariam
1449 5011 1701 5067 oratione
1729 5021 1825 5066 tua
1851 5013 1934 5066 dis

2076 5009 2361 5078 σύγχυσιν,
2413 5007 2474 5060 οὐ
2508 5006 2632 5077 διχῆ
2690 5007 2871 5077 μόνον,
2904 5007 3041 5061 ἀλλὰ
3091 5008 3184 5060 καὶ
3211 5008 3370 5080 τριχῆ
3399 5007 3478 5077 τῷ
3510 5006 3652 5074 λόγῳ

388 5098 634 5153 solvisti:
694 5107 882 5152 etnon
915 5098 1093 5152 solum
1148 5097 1452 5153 divinitatis
1501 5100 1931 5170 humanitatisqu

2076 5101 2360 5161 διέλυσας’
2399 5098 2494 5152 καὶ
2525 5100 2585 5152 οὐ
2629 5099 2787 5169 μόνον
2812 5099 3064 5168 θεότητος
3102 5099 3196 5152 καὶ
3233 5098 3653 5168 ἀνθρωπότητος

392 5189 685 5246 discrimen
740 5186 1072 5252 ostendisti,
1138 5188 1234 5243 sed
1290 5188 1690 5244 humanitatem
1749 5206 1932 5261 quoqu

2077 5195 2139 5245 τὸ
2160 5194 2416 5263 διάφορον
2449 5190 2676 5258 ἔδειξας,
2701 5191 2838 5245 ἀλλὰ
2869 5191 2962 5245 καὶ
2985 5190 3153 5262 αὐτὴν
3180 5190 3304 5261 διχῆ
3331 5190 3524 5252 διεῖλες
3555 5188 3655 5256 τὴν

451 5367 495 5399 ιδ
517 5365 898 5431 Psal.xv,10°,
931 5366 1049 5420 Aet.
1083 5383 1139 5429 ιι,
1172 5367 1262 5419 5|.

1193 5367 1262 5441 il.
1341 5367 1385 5398 ⁸⁸
1409 5368 1511 5422 lsa.
1540 5387 1577 5432 ι,
1626 5369 1705 5423 15.
1787 5372 1830 5402 ³⁸
1857 5371 1992 5424 Dan.
2024 5387 2096 5432 rx.
2127 5369 2212 5424 l8.
2291 5369 2353 5400 '°‘
2378 5368 2513 5424 Ibid.
2580 5368 2622 5400 "
2651 5369 2752 5424 l‘sa.
2787 5385 2930 5432 Lvm,
2961 5367 3046 5421 Μ.
3091 5365 3136 5398 ³⁸
3157 5366 3300 5420 Psal.
3332 5381 3516 5429 cxvm,
3563 5365 3649 5420 75.

397 5437 443 5470 ³⁸
467 5437 598 5490 Luc.
628 5452 685 5500 ιι,
716 5438 801 5490 40.
880 5438 924 5466 ⁸⁸
968 5436 1104 5488 lbid.
1143 5438 1229 5490 52.

469 5597 745 5664 (ιίὶ)Εὖγν.
775 5595 1068 5665 Sequimur
1097 5595 1384 5651 lectionem
1409 5597 1540 5650 edit.
1559 5596 1715 5649 Rom.
1743 5605 1792 5648 et
1820 5594 1966 5663 Lips.

397 5667 561 5722 Sirm.
595 5669 799 5738 legerat
831 5666 1186 5738 ἐγνωσμένῳς

475 5738 584 5802 (46)
629 5734 806 5804 Ἑορτ.
836 5736 1033 5804 Supra,
1060 5743 1097 5788 t.
1133 5735 1196 5798 ll,
1224 5752 1275 5806 p.
1311 5736 1427 5801 I76,
1454 5736 1553 5805 leg.
1581 5734 1896 5806 νουμηνίας.

2155 5591 2283 5658 (46⁸)
2311 5593 2442 5646 Καὶ.
2464 5593 2540 5645 Ex
2562 5592 2649 5663 ed.
2685 5593 2840 5646 Rom.
2875 5603 2928 5647 et
2961 5595 3107 5663 Lips.
3141 5598 3428 5651 inscrtum.
3464 5598 3653 5652 Exstat

2081 5663 2266 5723 etiam,
2303 5671 2338 5715 t.
2373 5663 2436 5726 ll,
2467 5677 2520 5730 ιι.
2547 5662 2699 5727 1255,
2728 5663 2820 5716 ubi
2842 5664 2942 5735 leg.
2983 5662 3235 5719 ἄκουσον.
