4006 6202
276 382 375 447 153

1318 387 1694 452 DIALOGUS
1734 391 1815 451 II.
1856 415 1925 424 -
1964 390 2456 452 INCONFUSUS.

3418 378 3519 442 154

273 499 695 571 ἀνθρωπότητα·
752 500 883 554 ἀλλο
923 501 1022 572 μέν
1073 519 1126 555 τι
1155 503 1252 573 τὴν
1283 503 1485 575 ψυχὴν.
1520 505 1649 559 ἀλλο
1688 505 1745 559 δέ
1786 526 1837 561 τι

1985 523 2112 562 ιεοιη
2137 506 2399 577 bipartito
2428 501 2684 564 divisisti,
2710 499 2917 553 docens
2938 494 3087 550 aliud
3116 508 3237 549 esse
3259 493 3519 555 animam,

271 568 406 643 εἶναι
436 589 498 642 τὸ
552 568 712 659 σῶμα
759 568 998 654 διδάξας,
1050 591 1125 655 ὡς
1172 568 1394 661 μηκέτι..
1419 568 1531 655 δύο,
1563 591 1704 646 κατά
1751 594 1841 646 τὸν

1985 599 2162 666 taliud
2198 568 2419 667 corpus,
2446 602 2505 649 ut
2528 609 2638 649 non
2659 594 2770 661 jam
2803 590 2946 651 duae,
2974 595 3033 640 ut
3057 583 3396 644 dicebamus,
3424 582 3519 635 sed
3544 568 3561 585 ⁸

269 680 537 752 ἡμέτερον
562 680 742 748 λόγον,
772 682 910 735 ἀλλά
937 685 1086 754 τρεῖς
1117 682 1355 736 νοεῖσθαι
1395 683 1587 752 φύσεις
1605 684 1700 738 τοῦ
1734 686 1845 738 Σω-

1985 707 2056 746 'es
2113 689 2486 759 intelligantur
2545 694 2756 740 natura:
2810 678 3109 736 Salvatoris
3168 675 3340 729 nostri
3392 674 3519 729 Jesu

271 773 433 840 τῆρος
457 772 616 842 ἡμῶν
654 771 831 841 Ἰησοῦ
864 772 1127 844 Χριστοῦ.

339 861 547 914 EPAN.
581 862 655 915 Σὺ
702 862 814 931 γὰρ
844 863 945 915 οὐκ
998 862 1162 933 ἀλλην
1194 864 1313 916 τινά
1364 866 1470 935 φὴς
1510 865 1702 917 οὐσίαν
1745 858 1842 936 τὴν

267 950 365 1020 τῆς
391 950 576 1022 ψυχῆς
604 952 757 1022 παρὰ
787 950 888 1023 τὴν
919 950 1011 1004 τοῦ
1036 950 1286 1022 σώματος
1313 952 1475 1021 φύσιν
1498 971 1514 1019 ;

335 1041 496 1096 ΟΡΘ.
530 1042 717 1113 Ναιχί.

336 1132 549 1186 EPAN.
579 1131 704 1196 Πῶς
733 1132 918 1186 τοίνυν
948 1133 978 1186 ό
1001 1131 1159 1202 λόγος
1180 1132 1484 1205 παράδοξος
1510 1132 1666 1204 ὤφθη
1689 1149 1770 1187 σοι
1792 1149 1807 1199 ;

336 1312 496 1365 ΟΡΘ.
524 1312 647 1366 Ὀτι
669 1311 763 1365 δύο
790 1312 1228 1383 παραιτούμενος
1254 1314 1430 1366 εἰπεῖν
1454 1316 1606 1393 τρεῖς
1634 1312 1845 1382 ὡμολό-

269 1420 451 1474 γησας
478 1402 692 1472 φύσεις.

338 1496 552 1548 ΕΡΔΝ.
599 1495 665 1548 Ἦ
703 1494 843 1565 πρὸς
871 1495 998 1557 τοὺς
1046 1493 1375 1557 ἀντιπάλους
1415 1494 1658 1565 διαμάχη
1688 1492 1849 1547 τοῦτο

272 1589 451 1641 ποιεῖν
504 1586 770 1656 βιάζεται.
804 1587 929 1650 Πῶς
955 1586 1065 1657 γὰρ
1088 1586 1153 1640 ἀν
1187 1604 1271 1649 τις
1315 1586 1517 1658 ἑτέρως
1542 1584 1845 1656 διαλεχθείη

268 1681 380 1740 τοῖς
402 1681 510 1747 τῆς
533 1678 756 1749 σαρκὸς,
775 1679 808 1748 ἢ
827 1679 931 1745 τῆς
953 1678 1209 1749 ψυχῆς,ἦ
1234 1677 1331 1731 τοῦ
1352 1678 1442 1732 νοῦ
1464 1679 1563 1749 τὴν
1583 1678 1848 1749 ἀνάληψιν

267 1769 656 1838 ἀρνουμένοις,
685 1770 733 1822 εί
777 1770 851 1840 μὴ
884 1770 982 1832 τὰς
1011 1787 1078 1821 πε
1090 1771 1142 1840 pl
1171 1769 1379 1823 τούτων
1404 1769 1712 1836 ἀποδείξεις
1743 1767 1851 1822 ἀπὸ

1941 780 2168 839 Christi.

2015 868 2220 924 ERAN.
2244 866 2327 922 An
2358 876 2415 920 tu
2438 880 2550 919 non
2580 862 2742 918 aliam
2773 857 3065 929 quamdam
3092 856 3230 911 dicis
3244 869 3365 910 esse
3386 854 3521 909 sub-

1944 962 2198 1017 stantiam
2230 959 2444 1023 animze,
2477 970 2640 1026 quam
2664 950 2952 1022 corporis?

2014 1051 2223 1108 ORTH.
2256 1050 2511 1105 Omnino.

2018 1142 2226 1199 ERAN.
2256 1141 2545 1209 Quomodo
2596 1136 2761 1208 igitur
2807 1131 2908 1188 tibi
2940 1128 3177 1187 absurda
3223 1122 3522 1197 disputatio

1944 1234 2061 1290 visa
2096 1234 2221 1288 est?

2013 1327 2223 1384 ORTll.
2255 1324 2393 1393 Quia
2438 1331 2575 1378 duas
2623 1334 2884 1374 recusans
2915 1316 3100 1372 dicere
3152 1320 3265 1367 tres
3296 1316 3524 1363 naturas

1947 1420 2235 1475 confessus
2263 1434 2341 1473 es.

1948 1524 1953 1529 ‘
2020 1508 2228 1564 ERAN.
2288 1506 2553 1574 Suscepta
2611 1517 2735 1557 cum
2794 1495 3125 1554 adversariis
3188 1487 3523 1546 concertatio

1949 1602 2055 1656 hoc
2095 1582 2273 1655 facere
2292 1598 2456 1669 cogit.
2487 1596 2605 1662 Quo
2625 1594 2771 1648 enim
2796 1591 2903 1645 alio
2930 1587 3091 1642 modo
3114 1584 3345 1638 disserat
3369 1579 3522 1649 quis-

1950 1694 2094 1764 piam
2138 1709 2263 1747 cum
2315 1692 2403 1755 iis,
2438 1688 2532 1758 qui
2579 1687 2781 1750 carnis,
2811 1684 2897 1737 vel
2953 1680 3168 1742 animm,
3204 1675 3290 1730 vel
3324 1671 3526 1726 mentis

1953 1780 2379 1851 assumptionem
2411 1787 2629 1849 negant,
2656 1776 2766 1830 nisi
2812 1772 3041 1843 prolatis
3080 1785 3147 1823 ex
3177 1780 3330 1821 sacra
3371 1762 3524 1817 Scri-

264 1858 371 1927 τῆς
403 1856 557 1921 θείας
583 1858 874 1929 προφέρων
904 1858 1156 1929 Γραφῆςς
1192 1858 1316 1921 Πῶς
1342 1858 1398 1911 δὲ
1421 1859 1486 1913 ἀν
1506 1875 1588 1922 τις
1609 1859 1733 1921 τοὺς
1754 1856 1847 1911 τοῦ

1985 1886 2115 1930 ηιυτιι
2150 1875 2345 1927 horum
2370 1862 2970 1925 demonstrationibus?
2992 1861 3111 1927 Quo
3137 1853 3330 1911 rursus
3364 1852 3527 1907 modo

265 1947 620 2014 Μονογενοῦς
646 1949 744 2018 τὴν
770 1945 1002 2019 θεότητα
1040 1948 1364 2018 σμικρόνειν
1414 1947 1850 2017 φιλονεικοῦντας

267 2037 561 2106 διελέγξαι
605 2038 927 2102 λυττῶντας.
970 2039 1005 2110 ἢ
1050 2040 1121 2092 τά
1174 2041 1271 2110 μὲν
1308 2039 1654 2107 θεολογικῶς,
1698 2040 1768 2093 τά
1793 2040 1850 2093 δὲ

268 2129 643 2198 οἰκονομικῶς
672 2129 884 2192 δεικνὺς
920 2131 1202 2199 είρηκυίαν
1227 2130 1324 2201 τὴν
1349 2129 1500 2183 θείαν
1526 2130 1778 2201 Γραφήν;

343 2221 505 2275 οΡΘ.
574 2221 802 2293 ’Δληθὴς
854 2218 1011 2285 οὗτος
1065 2224 1093 2275 ό
1147 2222 1301 2291 λόγος
1326 2237 1341 2252 ⁸
1405 2222 1673 2293 ἡμέτερος
1720 2222 1848 2293 γάρ,

272 2310 481 2379 μᾶλλον
512 2310 568 2364 δὲ
603 2312 841 2373 πάντων,
868 2312 983 2364 ὅσοι
1028 2312 1120 2364 τὸν
1158 2312 1517 2365 ἀποστολικὺν
1551 2313 1748 2366 κανόνα
1770 2312 1850 2366 δι-

267 2400 552 2469 ετήρησαν
579 2399 795 2470 ἀκλινῆ.
827 2401 1000 2465 Αὐτὸς
1024 2400 1082 2454 δὲ
1116 2403 1412 2473 συνήγορος
1434 2403 1540 2455 τῶν
1567 2402 1853 2473 ἡμετέρων

266 2490 557 2558 ἀνεφάνης
576 2490 888 2560 δογμάτων.

340 2579 560 2633 EPAN.
586 2581 697 2633 Kal
727 2582 844 2645 πῶς
870 2584 981 2646 τοῖς
1012 2581 1299 2653 ὑμετέροις
1324 2582 1633 2655 συνηγορῶ,
1660 2583 1752 2636 δύο
1777 2584 1851 2655 μὴ

265 2669 455 2738 λέγων
480 2671 666 2739 υίούς;

337 2765 503 2819 υΡΘ.
520 2765 659 2818 Πότε
685 2764 846 2836 ἡμῶν
868 2765 1109 2837 ἀκήκοας
1131 2765 1226 2819 δύο
1242 2767 1649 2835 πρεσϐευόντων
1672 2766 1851 2832 υἱούςς

336 2943 557 2998 EPAN.
606 2943 667 2996 '0
724 2943 876 3013 (47)
928 2943 1023 2998 δύο
1072 2944 1247 3014 λέγων
1302 2945 1513 3015 φύσεις,
1569 2946 1664 3000 δύο
1704 2947 1856 3015 λέγει

265 3037 455 3099 υἱούς.

335 3126 505 3181 ΟΡΘ.
538 3127 702 3195 Τρεῖς
752 3121 845 3179 οὖν
875 3127 983 3198 ἀρα
1024 3127 1089 3181 σὺ
1134 3127 1315 3197 λέγεις
1343 3127 1491 3193 υἱούς
1511 3147 1524 3160 ·
1556 3131 1707 3201 τρεῖς
1747 3129 1855 3202 γὰρ

263 3220 516 3291 εἴρηκας
552 3217 766 3286 φύσεις.

341 3315 564 3371 EPAN.
606 3315 721 3366 Οὐκ
746 3309 814 3385 ἦν
846 3314 1049 3384 ἑτέρως
1087 3313 1160 3366 τά
1185 3313 1294 3367 τῶν
1323 3312 1581 3367 ἐναντίων
1609 3312 1856 3367 διαλύσαι

266 3405 494 3477 τιροῦλὴ
504 3421 673 3475 ματα.

340 3497 507 3554 ΟΡΘ.
549 3497 726 3551 Ταύτὸ
751 3495 909 3550 τοῦτο
947 3497 1043 3549 καὶ¹
1070 3495 1199 3569 παρ’
1244 3494 1401 3567 ἡμῶν
1432 3496 1663 3550 ἄκουσον
1685 3510 1701 3527 ο
1747 3497 1859 3561 τοῖς

270 3592 471 3652 αὐτοῖς
499 3588 611 3660 γὰρ
635 3587 898 3659 χρώμεθα
919 3590 1016 3641 καὶ
1045 3588 1207 3657 ἡμεῖς
1229 3587 1679 3655 ἀνταγωνισταῖς.

343 3682 560 3737 ΕΡΔΝ.
605 3679 748 3733 Ἀλλ’
778 3678 889 3748 ἐγὼ
933 3680 1071 3750 μετά
1102 3679 1200 3749 τὴν
1222 3679 1416 3733 ἕνωσιν
1458 3678 1552 3732 δύο
1580 3679 1771 3748 φύσεις
1799 3680 1859 3732 οὐ

270 3773 452 3842 λέγω.

346 3864 514 3920 οΡΘ.
546 3863 660 3918 Καὶ
699 3862 806 3934 μὴν
848 3862 987 3934 μετά
1029 3861 1230 3924 πολλάς
1261 3860 1362 3931 τῆς
1394 3859 1642 3924 ἑνώσεως
1668 3860 1863 3929 γενεὰς

270 3960 500 4019 τούτοις
517 3956 750 4025 ἔναγχος
778 3955 997 4024 ἐχρήσω
1017 3956 1129 4017 τοῖς
1154 3952 1356 4021 λόγοις.
1380 3950 1602 4015 Δίδαξον
1628 3952 1683 4004 δὲ
1715 3953 1864 4021 ὅμως

266 4053 456 4120 ἡμᾶς.
494 4047 615 4110 πῶς
647 4046 779 4117 μίαν
813 4045 994 4113 λέγεις
1026 4044 1166 4115 μετά
1189 4044 1290 4112 τὴν
1320 4043 1513 4096 ἕνωσιν
1551 4042 1746 4111 φύσιν*
1788 4042 1864 4107 ὡς

274 4144 417 4211 μιᾶς
449 4138 509 4205 ἐξ
540 4139 744 4209 ἀμφοῖν
775 4137 1096 4207 γενομένης,
1121 4136 1155 4206 ἦ
1201 4136 1276 4200 ὡς
1310 4134 1547 4205 θατέρας
1578 4134 1861 4206 μεινάσης,

272 4236 379 4303 τῆς
410 4232 472 4285 δὲ
502 4232 701 4301 ἑτέρας
727 4227 1148 4301 ἀναιρεθείσης;

342 4322 566 4377 EPAN.
631 4319 775 4387 Ἐγὼ
843 4320 942 4390 τὴν
993 4319 1225 4388 θεότητα
1270 4318 1413 4385 λέγω
1473 4317 1861 4388 μεμενηκέναι,

271 4414 671 4484 καταποθῆναι
694 4414 752 4466 δὲ
778 4412 882 4466 ὑπὸ
909 4412 1116 4482 ταύτης
1151 4412 1248 4481 τὴν
1270 4410 1686 4482 ἀνθρωπότητα.

1949 1942 2231 2034 linigeniti
2262 1960 2609 2015 divinitatem
2635 1963 2933 2009 extenuare
2961 1956 3226 2004 conantes
3258 1950 3314 1997 et
3342 1942 3530 1996 furen-

1951 2064 2035 2110 tes
2063 2032 2296 2115 refellat,
2331 2051 2435 2105 nisi
2473 2046 2729 2103 ostendat
2775 2057 2985 2098 sacram
3031 2038 3370 2108 Scripturam
3421 2032 3527 2086 alia

1952 2145 2255 2214 theologica
2282 2142 2506 2203 dixisse,
2542 2138 2647 2193 alia
2680 2132 3054 2192 (economice?

2021 2236 2230 2292 ORTH.
2276 2234 2419 2289 Vera
2460 2238 2543 2286 est
2600 2230 2715 2284 hzec
2761 2226 2960 2281 oratio.
3012 2223 3210 2277 Nostra
3238 2222 3387 2275 enim
3421 2226 3527 2282 est,

1952 2338 2047 2384 aut
2093 2328 2339 2383 omnium
2368 2324 2572 2395 potius,
2613 2320 2705 2391 qui
2741 2315 3103 2389 apostolicam
3135 2312 3376 2383 regulam
3424 2311 3529 2363 im-

1951 2430 2153 2475 motam
2208 2423 2625 2474 conservarunt.
2677 2412 2759 2466 Tu
2812 2418 2995 2464 autem
3041 2406 3157 2476 ipse
3216 2404 3529 2475 dogmatum

1952 2520 2269 2565 nostrorum
2301 2506 2646 2560 defensorem
2670 2509 2725 2556 te
2754 2496 3062 2570 prebuisti.

2024 2598 2231 2654 ERAN.
2267 2597 2337 2650 Et
2363 2611 2470 2665 qua
2522 2592 2736 2646 ratione
2769 2595 2951 2643 vestra
2983 2582 3239 2647 defendo,
3268 2580 3362 2651 qui
3393 2579 3534 2633 duos

1954 2689 2096 2743 ﬁlios
2134 2704 2245 2742 non
2272 2685 2431 2741 dico?

2022 2780 2231 2836 OR'l‘ll.
2265 2776 2497 2844 Quando
2519 2789 2622 2829 nos
2649 2785 2890 2842 unquam
2915 2769 3054 2823 duos
3083 2766 3224 2821 ﬁlios
3255 2763 3531 2819 aﬁirmana

1956 2881 2040 2925 tes
2068 2870 2269 2925 audisti
2292 2870 2315 2922 ?

2101 2879 2191 2924 ud'
2208 2887 2221 2897 ‘
2255 2879 2269 2923 ἰ
2292 2879 2315 2922 '.’

1980 2879 2428 3034 θειῃιιίδὲιιΑΝ.
2465 2961 2612 3016 Duas
2635 2965 2864 3014 naturas
2893 2954 2990 3026 qui
3019 2954 3182 3020 dicit,
3221 2916 3364 3007 duos
3399 2948 3538 3004 dicit

1957 3053 2119 3109 ﬁlios.

2040 3072 2119 3108 OS.

2020 3072 2232 3204 lOBTH.
2269 3146 2403 3202 Tres
2448 3145 2616 3216 igitur
2647 3151 2704 3198 tu
2729 3140 2871 3199 dicis
2899 3138 3073 3195 ﬁlios:
3111 3145 3224 3191 tres
3257 3135 3403 3190 enim
3431 3146 3534 3188 na-

1882 3211 1923 3267 C
1959 3248 2111 3294 turas
2139 3237 2346 3292 dixisti.

2027 3330 2236 3383 ERAN.
2265 3329 2384 3384 Non
2420 3327 2621 3383 licebat
2653 3326 2814 3381 aliter
2845 3320 3292 3378 adversariorum
3320 3318 3536 3373 solvere

1960 3428 2303 3489 argumenta.

2031 3509 2239 3565 ORTH.
2275 3510 2390 3564 Hoc
2421 3510 2599 3579 ipsum
2633 3517 2690 3563 et
2711 3523 2743 3562 a
2766 3506 2928 3561 nobis
2957 3503 3084 3559 audi
3111 3501 3368 3557 :eosdem
3389 3498 3536 3553 enim

1960 3608 2017 3653 et
2035 3614 2136 3652 nos
2154 3599 2421 3665 habemus
2448 3596 2816 3652 adversarios.

2033 3688 2237 3743 ERAN.
2274 3688 2342 3742 At
2386 3702 2486 3757 ego
2522 3695 2646 3756 post
2679 3684 2938 3739 unionem
2986 3681 3123 3735 duas
3165 3689 3395 3733 naturas
3428 3692 3537 3730 non

1964 3780 2109 3837 dico.

2033 3871 2243 3930 ORTH.
2273 3872 2388 3927 lmo
2410 3878 2536 3940 post
2567 3868 2741 3923 multa
2760 3866 2984 3922 unionis
3012 3879 3234 3936 genera,
3265 3862 3349 3916 bis
3375 3861 3540 3931 paulo

1965 3974 2091 4020 ante
2116 3963 2304 4019 verbis
2335 3977 2469 4017 usus
2489 3976 2569 4016 es.
2597 3958 2704 4015 Sed
2733 3968 2914 4014 tamen
2948 3958 3085 4013 doce
3113 3972 3235 4019 nos,
3264 3953 3540 4025 quomodo

1965 4072 2129 4111 unam
2161 4064 2287 4125 post
2334 4055 2595 4108 unionem
2633 4052 2784 4107 dicas
2831 4059 3118 4106 naturam:
3150 4066 3219 4104 an
3251 4049 3396 4117 quod
3430 4063 3539 4101 una

1964 4166 2031 4206 ex
2053 4148 2320 4204 ambabus
2345 4147 2486 4202 facta
2512 4146 2604 4211 sit,
2629 4161 2699 4200 an
2726 4144 2895 4215 quod,
2934 4144 3107 4198 altera
3137 4141 3335 4206 deleta,
3367 4140 3538 4194 altera

1965 4238 2328 4297 remanserit?

2036 4334 2054 4350 '
2079 4329 2285 4383 ERAN.
2323 4328 2437 4397 Ego
2470 4326 2596 4381 dico
2627 4324 2895 4380 mansisse
2925 4323 3294 4385 divinitatem,
3338 4322 3407 4377 ab
3436 4320 3542 4374 hac

1965 4434 2097 4474 vero
2124 4420 2439 4489 absorptam
2467 4434 2590 4473 esse
2617 4416 3037 4478 humanitatem,

346 4508 510 4561 οΡθ.
576 4504 849 4573 Ἐλλήνων
913 4502 1088 4557 ταῦτα
1155 4502 1336 4572 μῦθοι,
1386 4500 1480 4554 καὶ
1545 4500 1854 4571 Μανιχαίωει

2034 4509 2244 4564 ORTH.
2273 4509 2572 4565 Gentilium
2594 4508 2678 4562 ha:
2706 4515 2835 4562 sunt
2868 4506 3087 4568 fabulm,
3121 4515 3176 4560 et
3196 4521 3351 4575 nugax
3374 4503 3545 4557 Mani-

271 4600 466 4669 λῆροι.
526 4595 672 4666 Ἐγὼ
723 4595 780 4649 δὲ
826 4596 923 4650 καὶ
968 4595 1031 4648 τὸ
1075 4594 1263 4665 φέρειν
1319 4594 1541 4655 τούτους
1586 4593 1667 4654 είς
1703 4591 1867 4661 μέσον

274 4687 645 4758 αἰσχύνομαι.
670 4687 735 4739 Οἱ
768 4687 867 4755 μὲν
898 4685 1008 4755 γὰρ
1040 4684 1371 4746 καταπόσεις
1402 4682 1561 4747 θεῶν,
1582 4683 1633 4733 οί
1658 4681 1714 4734 δὲ
1739 4680 1868 4751 περὶ

273 4783 385 4849 τῆς
410 4779 508 4832 τοῦ
551 4779 732 4847 φωτὸς
772 4775 1040 4847 θυγατρὸς
1073 4777 1131 4828 ὲν
1168 4777 1278 4837 τοῖς
1310 4774 1489 4841 λόγοις
1531 4771 1864 4842 ἀνέγραψαν.

285 4872 500 4940 Ἡμεῖς
529 4869 588 4922 δὲ
622 4868 750 4931 τοὺς
791 4867 1033 4921 τοιούσδε
1074 4866 1267 4936 λόγους
1313 4866 1411 4934 οὐχ
1466 4864 1541 4927 ὡς
1587 4862 1868 4925 δυσσεϐεῖς

290 4961 492 5029 μόνον,
520 4959 660 5013 ἀλλά
678 4960 775 5013 καὶ
795 4958 936 5027 ἀγαν
960 4958 1221 5026 ἀνοήτους
1243 4954 1718 5025 ἀποστρεφόμεθα.
1742 4953 1868 5018 Πῶς

273 5054 401 5128 γὰρ
430 5053 497 5107 ἀν
522 5055 558 5123 ἠ
591 5052 738 5121 ἀττλῆ
762 5051 859 5104 καὶ
884 5048 1180 5110 ἀσύνθετος
1209 5046 1391 5116 φύσις,
1424 5049 1458 5116 ἠ
1498 5044 1868 5115 περιληπτικὴ

276 5145 402 5198 τῶν
427 5145 590 5207 ὅλων,
620 5145 655 5213 ἠ
685 5142 993 5209 ἀνέφικτος,
1023 5142 1056 5210 ἡ
1086 5138 1451 5209 ἀπερεγαφος,
1482 5137 1747 5191 κατέπιεν
1802 5137 1869 5207 ην

283 5235 523 5289 ἀνέλαϐε
550 5234 752 5302 φύσιν;

361 5326 570 5379 ΕΡΔΝ.
622 5326 711 5388 ὀς
742 5326 774 5395 ἡ
809 5323 1057 5378 θάλασσα
1086 5321 1301 5393 μέλιτος
1325 5319 1711 5391 προσλαϐοῦσα
1738 5336 1869 5373 στα-

280 5417 451 5483 γόνα.
480 5415 721 5487 Φροῦδος
742 5415 852 5485 γάρ
881 5413 1042 5476 εὐθὺς
1080 5415 1113 5483 ἡ
1156 5411 1371 5479 σταγὼν
1413 5410 1600 5479 ἐκείνη
1634 5409 1864 5478 γίνεται,

280 5508 372 5578 τῷ
400 5512 496 5578 τῆς
531 5508 802 5575 θαλάττης
829 5507 982 5562 ὕδατι
1012 5507 1336 5578 μιγνυμένη.

1967 4603 2265 4657 οὴωοτιιηι.
2322 4603 2435 4673 Ego
2463 4590 2597 4657 vero
2635 4602 2735 4657 has
2787 4600 2874 4655 vel
2912 4600 2969 4654 in
3020 4600 3261 4654 medium
3295 4596 3547 4667 proferre

1964 4694 2253 4748 erubesco.
2287 4693 2370 4747 Illi
2394 4693 2543 4747 enim
2565 4692 2634 4746 de
2664 4691 3161 4746 comessationibus
3205 4689 3456 4751 deorum,
3489 4685 3547 4740 hi

1963 4800 2096 4839 vero
2125 4784 2194 4838 de
2246 4783 2387 4839 lucis
2412 4783 2523 4837 ﬁlia
2570 4782 2628 4837 in
2678 4782 2836 4837 libris
2861 4783 2977 4837 suis
3023 4780 3385 4850 scripserunt.
3438 4778 3549 4832 Nos

1965 4885 2147 4930 autem
2178 4874 2496 4945 huiusmodi
2522 4888 2826 4938 sermones,
2858 4888 2968 4928 non
3005 4881 3214 4927 tantum
3243 4882 3305 4925 ut
3327 4871 3545 4940 impios,

1968 4966 2065 5022 sed
2091 4967 2256 5022 etiam
2316 4974 2378 5020 ut
2408 4965 2566 5021 valde
2628 4966 2827 5020 stultos
2879 4977 3215 5019 aversamur.
3264 4961 3549 5028 Quomodo

1967 5059 2115 5112 enim
2148 5058 2377 5128 simplex
2404 5065 2461 5112 et
2491 5056 2855 5126 incomposita
2879 5064 3096 5116 natura,
3134 5070 3255 5123 qua:
3288 5053 3553 5125 universa

1966 5149 2229 5210 continet.
2258 5164 2378 5218 qua:
2395 5163 2495 5203 nec
2512 5145 3025 5217 comprehensibilis
3054 5152 3156 5208 est,
3184 5157 3285 5196 nec
3310 5141 3551 5196 circum-

1968 5238 2192 5307 scripta,
2220 5253 2340 5292 eam
2368 5237 2643 5306 absorpsit
2690 5244 2943 5289 naturam
2971 5247 3135 5301 quam
3164 5227 3501 5298 assumpsit?

2037 5327 2245 5382 ERAN.
2274 5328 2351 5381 Ac
2384 5328 2429 5381 si
2460 5341 2611 5381 mare
2637 5326 2815 5379 mellis
2856 5332 3063 5393 guttam
3116 5320 3372 5390 accipiat.
3421 5319 3548 5373 Sta-

1977 5418 2072 5472 tim
2097 5418 2241 5473 enim
2267 5426 2416 5489 gutta
2445 5418 2534 5471 illa
2560 5416 2837 5471 evanescit
2860 5414 3027 5469 maris
3050 5427 3204 5468 aouae
3229 5411 3508 5481 permista.
3594 5403 3601 5408 ’

364 5705 481 5769 (.57)
516 5706 592 5759 '0.
624 5706 725 5760 Ed.
754 5706 914 5762 Rom.
961 5713 1015 5761 et
1045 5705 1192 5775 Lips.
1234 5706 1316 5769 οὐ,
1354 5703 1449 5759 sed
1479 5706 1596 5760 sine
1623 5710 1776 5773 signo
1816 5700 2256 5772 interrogationis
2289 5702 2356 5757 ad
2420 5701 2568 5765 υἱοὺς
2602 5700 2801 5771 posito,
2860 5716 2969 5770 quo
3004 5710 3185 5755 tamen
3241 5716 3380 5773 opus
3405 5700 3554 5751 esset»

282 5776 410 5831 hoc
433 5775 568 5830 loco.
