4006 6202
472 367 575 434 155
1455 362 1941 429 THEODORETI
1982 360 2320 421 EPISCOPI
2356 355 2719 421 CYRENSIS
3616 338 3719 405 156

545 481 754 536 ORTll.
789 480 933 534 Mare
962 487 1019 535 et
1063 487 1217 551 gutta
1247 478 1555 548 quantitate
1612 476 1897 539 diﬁ‘erunt,
1938 472 2044 529 etsi
2074 474 2121 530 Α

2220 470 2371 523 ΟΡΘ.
2406 469 2520 538 Τῆς
2548 466 2819 533 θαλάττης
2848 460 2944 515 καὶ
2977 458 3075 529 τῆς
3100 454 3358 524 σταγόνος
3380 456 3437 507 ὲν
3461 453 3721 524 ποσότητι

432 578 445 593 ³
470 573 799 628 conveniant
828 571 884 625 in
917 588 1026 625 una
1071 572 1355 640 qualitate.
1386 568 1528 624 Illud
1565 568 1715 623 enim
1748 566 2048 620 maximum

2159 560 2208 614 τὸ
2236 561 2512 632 διαφέρον,
2544 559 2637 612 καὶ
2664 559 2721 609 ὲν
2754 555 2852 626 μιᾷ
2872 569 2937 621 γε
2968 549 3215 640 ποιότητι
3240 563 3253 576 ·
3281 546 3449 640 ή-μὲν
3477 544 3585 613 γὰρ
3607 561 3727 640 ⁸μεῖ-

470 675 575 731 est,
606 666 721 719 hazc
746 665 1002 719 minima:
1038 635 1236 719 et-baec
1268 662 1424 733 115
1442 662 1664 732 quidem
1689 660 1885 723 dulcis,
1914 656 2047 711 illud

2159 651 2330 723 γίστη,
2367 654 2398 721 ὴ
2434 650 2489 702 δὲ
2524 646 2897 718 σμικροτάτη’
2944 641 3040 696 καὶ
3078 642 3111 709 ἡ
3160 639 3258 709 μὲν
3292 637 3564 733 γλυκεῖα,.
3590 638 3624 707 ὴ
3668 635 3726 687 δὲ

472 771 604 808 vero
616 755 817 809 salsum
844 772 856 807 :
886 754 939 807 in
962 754 1085 808 aliis
1104 762 1285 807 autem
1302 752 1680 823 cognationem
1703 750 1908 804 habent
1924 748 2047 817 plu-

2159 743 2402 814 ἅλμυράο
2431 744 2489 795 ὲν
2531 741 2587 793 δέ
2633 756 2695 807 γε
2742 739 2853 798 τοῖς
2892 733 3074 794 ἄλλοις
3109 729 3369 798 πλείστην
3400 726 3726 793 συγγένειαν

474 847 692 900 rimam.
722 845 1029 915 Utrumque
1058 845 1205 900 enim
1237 818 1517 898 humidam
1555 852 1609 898 et
1632 841 1855 895 ﬁuidam
1884 839 2051 893 habet

2159 836 2299 889 ἔστιν
2329 835 2534 904 εὑρεῖν.
2583 828 2778 898 Ῥυτὴν
2823 825 2934 896 γὰρ
2976 823 3181 894 έχουσι,
3238 820 3334 915 καί
3383 818 3580 888 ὑγρὰν,
3629 818 3730 870 καὶ

474 943 748 997 naturam,
778 944 1021 989 creatum
1050 952 1172 991 esse
1203 937 1425 1005 utrique
1452 945 1617 1004 atque
1642 933 1945 988 inanimum
1972 931 2048 985 si—

2159 927 2332 1000 ῥοὼδη
2376 924 2477 994 τὴν
2520 924 2683 991 φύσιν
2715 918 3050 990 ἀμφότεραιο
3071 912 3254 967 καὶτὸ
3286 906 3425 964 εἶναι
3450 910 3506 963 δὲ
3534 910 3730 972 αὐταῖς

472 1025 679 1079 utiliter
707 1041 997 1080 commune
1029 1035 1132 1090 est,
1162 1036 1217 1081 et
1243 999 1445 1097 corpus
1477 999 1771 1094 utrumque
1805 1023 2049 1093 appella-

2159 999 2349 1086 δμοίως
2384 1013 2623 1077 κτιστὸν,
2658 1011 2755 1065 καὶ
2791 1010 2851 1062 τὸ
2880 1008 3087 1077 ἄψυχον
3123 1005 3180 1057 δὲ
3215 1002 3477 1064 ὡσαύτως
3521 999 3726 1064 κοινὸν,

476 1123 586 1170 tur.
645 1116 792 1170 Nihil
839 1116 1006 1186 igitur
1041 1090 1394 1182 absurdiest,
1455 1116 1643 1170 allines
1682 1090 1913 1169 naturas
1945 1112 2050 1166 mi-

2159 1108 2246 1160 καὶ
2280 1106 2464 1176 μέντοι
2498 1104 2591 1156 καὶ
2617 1102 2777 1172 σῶμα
2813 1099 2953 1168 αὕτη
3000 1095 3224 1165 κάκείνη
3258 1093 3523 1147 καλεῖται.
3557 1090 3731 1142 Οὐδὲν

477 1209 639 1273 sceri,
666 1209 964 1264 etalteram
991 1209 1059 1263 ab
1085 1211 1255 1263 altera
1286 1207 1524 1262 absumi.
1554 1206 1654 1261 llic
1678 1219 1811 1259 vero
1839 1202 2053 1257 inﬁnita

2159 1193 2246 1252 οὖν
2285 1197 2533 1259 ἀπεικὸς,
2578 1194 2679 1257 τὰς
2714 1189 3146 1261 ἀγχιστευούσας
3191 1186 3383 1255 φύσεις
3434 1184 3730 1253 ὑπομεῖναι

472 1311 558 1354 est
588 1272 921 1365 diﬁ‘erentia,
953 1308 1205 1367 ettanta,
1241 1310 1303 1356 ut
1330 1301 1482 1354 nulla
1529 1297 1755 1353 omnino
1804 1294 2053 1351 veritatis

2159 1289 2252 1358 τὴν
2283 1288 2499 1358 κρᾶσιν,
2538 1284 2636 1338 καὶ
2665 1283 2898 1353 θατέραν
2930 1280 3035 1334 ὑπὸ
3072 1278 3304 1349 θατέρας
3341 1272 3729 1367 ἀφανισθῆναι.

474 1391 653 1461 imago
707 1394 1037 1462 reperiatur.
1096 1394 1211 1464 Ego
1234 1407 1366 1448 vero
1412 1390 1581 1446 multa
1615 1390 1714 1444 tibi
1742 1387 2050 1452 ostendam,

2168 1378 2432 1434 Ἐνταῦθα
2464 1377 2520 1431 δὲ
2553 1377 2614 1429 τὸ
2645 1376 2901 1444 διάφορον
2940 1374 3187 1441 ἄπειρον,
3225 1369 3321 1423 καὶ
3350 1365 3624 1428 τοσοῦτον,
3652 1362 3733 1464 ὡς

470 1499 593 1553 quae
609 1484 768 1539 mista
785 1498 895 1539 non
910 1483 1342 1550 confunduntur,
1366 1483 1686 1539 sedsincera
1708 1486 2050 1551 permanent.

2159 1470 2431 1542 μηδεμίαν
2483 1468 2666 1521 είκόνα
2710 1466 2812 1535 τῆς
2869 1463 3127 1534 ἀληθείας
3165 1457 3538 1530 εὑρίσκεσθαι.
3586 1452 3733 1553 Ἐγιίν

2159 1563 2343 1633 μέντοι
2388 1560 2639 1630 δείκνυμι
2673 1557 2843 1610 πολλά
2871 1556 2981 1610 τῶν
3031 1551 3448 1625 κεραννυμένων
3494 1548 3568 1619 μὴ
3613 1545 3730 1616 (48)

2159 1652 2516 1723 συγχεόμενα.
2545 1650 2659 1703 ἀλλ’
2687 1648 2961 1720 ἀκραιφνῆ
2993 1644 3337 1716 διαμένοντα.

547 1744 753 1799 ERAN.
800 1747 869 1801 Et
918 1747 1044 1816 quis
1100 1762 1345 1817 unquam
1408 1745 1724 1802 mistionem
1774 1745 1893 1801 sine
1951 1743 2055 1799 mi-

2229 1740 2434 1795 EPAN.
2472 1739 2582 1794 Kal.
2610 1738 2693 1802 τίς
2733 1737 2937 1808 ἀκήκοε
2974 1736 3173 1807 κρᾶσιν
3204 1733 3441 1803 ἄκρατον
3470 1726 3729 1788 πώποτες

471 1844 625 1890 stura
663 1835 862 1891 factam
885 1836 1134 1890 audivit?
2086 1826 2130 1881 Β

541 1924 749 1980 ORTH.
776 1926 889 1996 Ego
914 1925 1193 1995 perﬁciam
1224 1932 1286 1979 ut
1316 1924 1423 1978 hoc
1448 1924 1769 1978 conﬁteare.

2227 1921 2379 1975 ΟΡΘ.
2428 1917 2570 1988 Ἐγὼ
2593 1935 2653 1972 σε
2674 1916 2831 1971 τοῦτο
2851 1912 3279 1985 συνομολογῆσαι
3300 1905 3726 1979 παρασκευάσω.

550 2016 755 2071 ERAN.
781 2016 836 2071 Si
864 2015 1011 2085 quod
1035 2015 1287 2070 dicturus
1316 2030 1377 2071 es
1400 2031 1593 2070 verum
1619 2014 1918 2080 videbitur,
1942 2029 2053 2069 non

2228 2012 2433 2066 EPAN.
2462 2012 2525 2064 Et
2572 2009 2765 2079 φανείη
2810 2007 2871 2060 τὸ
2928 2003 3300 2077 ῥηθησόμενον
3353 1998 3574 2072 ἀληθὲς,
3629 1996 3732 2050 οὐκ

476 2107 903 2177 rcpugnabimus
923 2108 1163 2162 veritati.

2160 2103 2511 2174 ἀντιτάξομεν
2533 2103 2598 2172 τῇ
2624 2098 2877 2170 ἀληθείᾳ.

540 2197 751 2252 ORTH.
806 2197 1098 2268 Responde
1144 2199 1333 2268 igitur,
1369 2198 1458 2252 vel
1512 2196 1783 2260 abnuens,
1825 2195 1913 2251 vel
1960 2211 2056 2250 an-

2226 2195 2377 2249 ΟΡΘ.
2425 2194 2742 2263 ’Δπόκριναι
2778 2189 2978 2254 τοίνυν,
3026 2187 3060 2256 ἢ
3122 2182 3416 2248 ἀνανεύων,
3464 2180 3496 2252 ἢ
3562 2194 3733 2234 κατα-

470 2306 671 2356 nuens,
706 2298 873 2360 prout
913 2290 1012 2345 tibi
1061 2289 1209 2360 quod
1246 2289 1428 2343 dicam
1468 2304 1527 2344 se
1580 2288 1786 2343 habere
1838 2286 2053 2342 videbi-

2159 2286 2346 2354 νεύων,
2380 2287 2528 2350 ὅπως
2558 2285 2625 2339 ἄν
2651 2300 2733 2337 σοι
2765 2282 2912 2353 ἔχειν
2936 2281 2965 2333 ό
2992 2278 3151 2347 λόγος
3183 2277 3338 2347 δοκῇ.

469 2390 582 2439 tur.
2521 2412 2528 2421 .

538 2476 744 2530 ERAN.
771 2474 1155 2545 Respondebo.

2221 2463 2423 2518 EPAN.
2468 2458 2788 2533 Ἀποκρινοῢ
2797 2475 2916 2530 μαι.

540 2568 751 2625 ORTH.
783 2569 903 2623 Lux
929 2568 1114 2624 oriens
1156 2575 1407 2623 totumne
1447 2580 1632 2622 aerem
1691 2564 1919 2635 implere
1953 2564 2053 2619 tibi

2225 2557 2376 2612 0P9.
2419 2557 2493 2609 Τὸ
2544 2554 2659 2625 φῶς
2694 2553 2911 2623 ἀνίσχον
2941 2550 3119 2605 πάντα
3151 2549 3297 2603 δοκεῖ
3337 2564 3421 2601 σοι
3464 2547 3557 2601 τὸν
3593 2545 3733 2618 ἀέρα

469 2660 711 2725 videtur,
742 2660 847 2715 nisi
881 2660 927 2715 si
957 2660 1082 2730 quis
1104 2658 1244 2713 forte
1272 2658 1328 2712 in
1351 2657 1527 2712 antris
1555 2655 1935 2712 subterraneis
1966 2654 2052 2709 in-

2159 2648 2415 2719 πληροῢν,
2452 2647 2591 2716 πλὴν
2632 2647 2681 2698 εί
2731 2645 2805 2715 μή
2836 2661 2921 2707 τις
2967 2644 3026 2696 ὲν
3080 2641 3317 2713 ἀντρίοις
3357 2640 3618 2703 οίκίσκοις
3638 2656 3733 2695 κα-

469 2753 660 2807 clusus
682 2752 823 2807 lucis
856 2767 1055 2821 expers
1080 2750 1340 2806 maneat?

2159 2738 2476 2808 θειργμένος
2505 2735 2809 2806 ἀφώτιστος
2842 2733 3125 2804 διαμένοι;

543 2844 749 2898 ERAN.
781 2842 872 2897 Sic
897 2843 1034 2897 mihi
1067 2843 1306 2897 videtur.

2223 2831 2432 2884 ΕΡΑΝ.
2464 2831 2622 2882 Δοκεῖ
2647 2845 2760 2899 μοι.

542 2924 765 2991 ΟΙίἸἩ.¹
783 2936 850 2990 Et
885 2942 995 2989 tota
1019 2950 1118 3005 per
1142 2943 1317 2989 totum
1340 2949 1525 2989 aerem
1547 2935 1642 2988 lux
1663 2932 1936 2988 diﬁ‘undi?

2225 2923 2377 2977 ΟΡΘ.
2410 2924 2520 2975 Καὶ
2543 2920 2661 2974 ὅλον
2688 2920 2755 2972 δι’
2785 2919 2909 2973 ὅλου
2952 2914 3044 2970 τοῦ
3079 2914 3240 2986 ἀέρος
3268 2916 3466 2985 χωρεῖν
3483 2914 3544 2968 τὸ
3575 2914 3731 2984 φῶςς

540 3027 748 3081 ERAN.
780 3027 894 3081 Hoc
916 3042 1137 3096 quoque
1169 3026 1243 3080 ita
1268 3025 1404 3079 mihi
1431 3025 1673 3080 videtur.

2226 3015 2429 3068 EPAN.
2473 3014 2585 3067 Kal.
2616 3011 2774 3066 τοῦτό
2808 3028 2897 3081 μοι
2932 3009 3200 3063 συνδοκεῖ.

540 3116 748 3173 ORTll.
783 3095 965 3173 Mistio
992 3095 1176 3173 autem
1205 3133 1387 3173 annon
1436 3133 1534 3188 per
1570 3117 1756 3172 omnia
1787 3132 1910 3186 qua:
1947 3116 2051 3171 mi-
2081 3169 2119 3188 Α

2226 3105 2378 3168 ΟΡΘ,
2416 3106 2482 3158 Ἠ
2509 3104 2566 3156 δὲ
2596 3104 2792 3174 κρᾶσις
2819 3101 2880 3154 οὺ
2907 3100 2974 3154 δι’
3014 3098 3149 3153 ὅλων
3176 3097 3285 3151 τῶν
3318 3095 3732 3168 κεραννυμένων

468 3218 692 3265 scentur
714 3209 1001 3279 procedit?
1436 3169 1462 3188 Γ
1797 3169 1821 3186 1
2077 3169 2120 3228 (ἶ

2159 3200 2348 3270 χωρεῖ;

542 3305 557 3321 ⁸
582 3302 787 3355 ΕΒΑΝ.
814 3303 1018 3357 Verum
1050 3310 1154 3357 est.

2221 3287 2421 3340 EPA‘N.
2461 3284 2702 3356 Ἀληθές.

541 3391 750 3446 ORTtl.
779 3394 1152 3448 llluminatum
1178 3408 1310 3449 vero
1341 3407 1547 3458 aerem,
1581 3406 1765 3447 nonne
1792 3392 1973 3447 lucem
1994 3399 2051 3446 et

2222 3379 2373 3433 ΟΡΘ.
2403 3376 2506 3430 Τὸν
2546 3376 2602 3429 δέ
2630 3393 2692 3445 γε
2740 3374 3148 3447 πεφωτισμένον
3194 3371 3355 3444 ἀέρα,
3395 3368 3456 3423 οὐ
3496 3367 3615 3438 φῶς
3637 3366 3733 3420 καὶ

471 3484 739 3547 videmus,
773 3491 829 3537 et
858 3484 1247 3539 nominamus?

2159 3473 2388 3544 όρῶμεν,
2424 3470 2516 3524 καὶ
2547 3466 2888 3540 ὀνομάζομεν
2905 3484 2920 3533 ;

548 3577 708 3645 116
735 3577 940 3632 ERAN.
977 3577 1235 3633 Omnino.
2224 3563 2429 3618 EPAN.
2461 3562 2738 3628 Πάνυγε.
3322 3641 3345 3645 ῳ
3424 3590 3431 3595 .

536 3667 745 3722 ΟΙὶΤΗ.
776 3668 1029 3724 Attamen
1062 3670 1228 3725 etiam
1257 3678 1526 3739 praesente
1569 3668 1712 3734 luce,
1765 3676 1823 3723 et
1848 3668 2050 3724 siccam

2223 3653 2375 3711 ΟΡΘ.
2423 3651 2561 3704 Ἀλλ’
2600 3650 2749 3720 ὅμως
2792 3649 2888 3701 καὶ
2942 3646 3209 3716 παρόντος
3253 3641 3348 3696 τοῦ
3398 3637 3593 3710 φωτὸς,
3637 3636 3734 3690 καὶ

470 3759 791 3827 qualitatem
820 3761 1111 3826 sentimus,
1154 3770 1211 3817 et
1239 3731 1545 3824 liumidam,
1584 3731 1727 3831 smpe
1779 3760 1944 3815 etiam
1997 3768 2054 3815 et

2159 3748 2325 3817 ξηρᾶς
2357 3744 2643 3813 ποιότητος
2692 3739 3084 3812 αἰσθανόμεθα,
3109 3738 3203 3792 καὶ⁸
3232 3736 3404 3807 ὑγρᾶς
3424 3752 3436 3765 ·
3473 3731 3735 3794 πολλάκις

471 3848 721 3919 frigidam
757 3860 814 3906 et
845 3851 1095 3909 calidam.

2159 3837 2209 3891 δὲ
2235 3835 2450 3906 ψυχρᾶς
2477 3833 2573 3887 καὶ
2606 3831 2839 3903 θερμῆς.

542 3942 749 3996 ERAN.
784 3942 910 3997 Haec
940 3942 1230 3998 sentimus.

2225 3930 2427 3986 EPAN.
2463 3924 2843 3996 Αίσθανόμεθα
2872 3922 3099 3977 τούτων.

540 4029 749 4085 ORTH.
781 4033 910 4086 Post
932 4031 1073 4085 lucis
1124 4045 1257 4086 vero
1291 4029 1616 4094 discessum,
1674 4040 1922 4086 remanet
1955 4046 2050 4086 aer

2224 4021 2377 4077 ΟΡΘ.
2407 4018 2562 4075 Μετά
2619 4018 2675 4071 δέ
2725 4034 2789 4085 γε
2840 4015 2939 4086 τὴν
2987 4012 3082 4066 τοῦ
3144 4010 3318 4081 φωτὸς
3365 4004 3733 4078 ἀναχώρησιν,

473 4122 590 4193 ipse
615 4122 670 4176 in
699 4138 796 4177 sua
825 4132 1044 4178 natura.

2159 4115 2306 4188 μένει
2332 4112 2516 4166 λοιπὸν
2543 4110 2707 4173 αὐτὸς
2734 4107 2854 4162 καθ’
2893 4107 3056 4163 αὐτὸν
3073 4107 3101 4160 ὁ
3135 4104 3267 4176 ἀήρ.

545 4213 753 4268 ERAN.
792 4214 930 4270 Vera
956 4214 1073 4269 haec
1096 4221 1243 4268 sunt.

2223 4203 2422 4260 EPAN.
2467 4200 2668 4270 Ἀληθῆ
2701 4198 2893 4253 ταῦτα.

542 4305 753 4360 ORTH.
772 4307 885 4361 lloc
900 4322 1121 4377 quoque
1138 4304 1450 4362 considera.
1467 4305 1697 4361 Ferrum
1719 4303 1831 4375 igni
1864 4303 2054 4359 admo-

2223 4296 2372 4353 ΟΡΘ.
2399 4294 2682 4364 Σκόπησον
2712 4291 2777 4362 δὴ
2805 4287 2899 4344 οὖν
2925 4290 3020 4343 καὶ
3063 4288 3213 4344 τόδε·
3249 4288 3278 4340 ό
3322 4286 3539 4358 σίδηρος
3568 4301 3737 4357 προσο

472 4404 589 4451 tum
622 4413 804 4452 nonne
834 4399 1108 4470 ignescit?

2159 4392 2352 4464 ομιλῶν
2376 4388 2456 4460 τῷ
2490 4386 2620 4458 πυρὶ
2640 4380 3047 4455 πυρακτοῦταις

542 4486 749 4541 ERAN.
781 4486 1036 4541 Omnino.
2085 4504 2128 4558 ο

2226 4482 2431 4536 EPAN.
2469 4478 2703 4546 Πάνυγε.

542 4577 754 4633 ORTll.
816 4578 885 4633 Et
933 4586 1100 4632 totam
1152 4576 1328 4648 ipsius
1365 4573 1728 4632 substantiam
1800 4582 2055 4645 penetrat

2226 4567 2378 4623 ΟΡΘ.
2412 4567 2521 4621 Καὶ
2548 4564 2612 4619 δι’
2644 4564 2773 4636 ὅλης
2807 4582 2870 4635 γε
2920 4564 3017 4634 τῆς
3062 4562 3251 4627 οὐσίας
3275 4561 3443 4617 αὐτοῦ
3482 4560 3654 4631 χωρεῖ
3677 4559 3741 4613 τὸ

472 4669 652 4741 ignis?

2159 4661 2300 4731 πῦρ;

545 4760 753 4816 ERAN.
784 4759 973 4815 Plane.

2222 4750 2427 4807 EPAN.
2459 4749 2593 4814 Ναί⁸

544 4852 756 4907 ORTll.
816 4852 1102 4919 Quomodo
1160 4868 1293 4924 ergo
1359 4868 1470 4908 non
1522 4862 1699 4908 mutat
1777 4851 1906 4908 ferri
1954 4866 2052 4903 na-

2223 4844 2375 4908 ΟΡΘ,
2399 4840 2525 4905 Πῶς
2550 4838 2643 4895 οὖν
2675 4840 2777 4893 οὐκ
2804 4837 3117 4893 ὲναλλάττει
3141 4834 3233 4889 τοῦ
3254 4833 3475 4903 σιδήρου
3504 4830 3602 4902 τὴν
3634 4829 3736 4898 φύ-

470 4950 654 4995 turam
677 4957 891 4996 summa
922 4942 1073 5007 unio,
1115 4950 1172 4997 et
1197 4958 1296 5013 per
1323 4950 1499 4997 totum
1524 4960 1811 5013 permeans
1835 4940 2055 4997 mistio?

2159 4953 2242 4990 σιν
2271 4938 2304 5006 ἡ
2333 4934 2479 5005 ἄκρα
2510 4933 2727 4999 ἓνωσις,
2757 4931 2853 4986 καὶ
2878 4932 2912 5002 ἡ
2949 4929 3016 4983 δι’
3047 4930 3171 4981 ὅλου
3206 4923 3464 4997 χωροῦσά
3504 4940 3568 4992 γε
3597 4921 3738 4992 κρᾶ⁹

2192 5043 2269 5079 ιςε

545 5113 753 5170 ERAN.
800 5117 973 5173 Mutat
1018 5133 1266 5188 prorsus.
1291 5116 1412 5173 Non
1465 5116 1614 5171 enim
1658 5118 1893 5187 amplius
1942 5118 2053 5171 fer-

2159 5044 2428 5182 σιὲΡΑΝ,
2461 5115 2573 5170 Καὶ
2608 5116 2715 5187 μὴν
2740 5114 2973 5185 πάμπαν
3011 5108 3343 5165 ὲναλλάττει.
3404 5105 3601 5159 Οὐκέτι
3628 5119 3738 5173 γαρ

477 5223 621 5272 rum,
649 5206 744 5263 sed
774 5208 914 5278 ignis
938 5225 1059 5266 esse
1093 5218 1381 5276 censetur;
1415 5209 1525 5263 imo
1557 5208 1724 5262 etiam
1775 5208 1917 5277 ignis
1943 5208 2053 5263 vim

2159 5209 2392 5278 σίδηρος,
2428 5206 2565 5261 ἀλλά
2599 5206 2709 5277 πῦρ
2739 5201 2880 5259 εἶναι
2911 5202 3225 5273 νομίζεται·
3264 5198 3360 5253 καὶ
3413 5195 3597 5267 μέντοι
3640 5191 3740 5244 καὶ

478 5298 663 5353 habet.

2159 5298 2252 5368 τὴν
2280 5298 2451 5369 πυρὸς
2478 5298 2759 5369 ἐνέργειαν
2787 5295 2923 5366 ἔχει.

548 5389 756 5444 OltTll.
807 5392 1001 5448 Annon
1046 5410 1178 5466 ergo
1239 5395 1446 5450 ferrum
1491 5392 1672 5449 adhuc
1722 5393 1900 5464 ipsum
1957 5408 2052 5463 ap-

2232 5391 2384 5455 ΟΡΘ,
2419 5390 2616 5444 Οὐκέτι
2655 5389 2831 5443 τοίνυν
2858 5387 3019 5443 αὐτὸν
3050 5388 3079 5440 ό
3112 5384 3347 5457 χαλκεὺς
3382 5379 3599 5450 σίδηρον
3624 5376 3744 5431 ὀνο-

479 5479 647 5549 pellat
700 5479 874 5544 faber,
931 5492 985 5536 ct
1037 5485 1223 5541 incudi
1266 5486 1521 5556 imponit,
1572 5492 1628 5540 et
1677 5484 1873 5539 malleo
1924 5500 2053 5554 per-

479 5569 650 5625 cutit?

2165 5480 2347 5553 μάζει,
2385 5480 2508 5533 οὐδὲ
2554 5479 2631 5551 τῷ
2660 5479 2857 5550 ἄκμονι
2892 5476 3215 5549 προσφέρει,
3250 5472 3372 5527 οὐδὲ
3396 5487 3460 5540 γε
3487 5467 3745 5540 ἐπιφέρει

2165 5573 2261 5643 τὴν
2290 5571 2539 5643 σφύραη

632 5588 649 5622 -’
2165 5588 2261 5643 την
2290 5589 2502 5643 σφυραν
2524 5588 2539 5637 ;

551 5769 665 5843 (ιὸ)
694 5769 806 5841 Μή.
840 5769 938 5825 Ed.
962 5770 1122 5827 Rom.
1144 5779 1200 5826 et
1221 5769 1369 5840 Lips.
1415 5770 1532 5841 μέν.
