4006 6202
275 362 385 429 157
1337 368 1714 429 DIALOGUS
1753 369 1834 429 II.

1943 398 1944 402 η
1982 373 2473 436 INCONFUSUS.
3426 372 3525 438 158

347 470 556 527 ΕΡΔΝ.
598 469 959 542 Ὦμολόγηται
980 471 1173 527 ταῦτα.
1883 480 1929 536 Α

1883 480 1930 536 Α
2030 480 2237 536 ERAN.
2264 482 2387 536 Haec
2403 481 2470 535 ab
2495 479 2752 536 omnibus
2775 482 3169 537 conceduntur.

349 561 504 615 0P6.
541 560 659 614 οὒκ
681 561 994 632 ἐλυμήνατο
1021 562 1132 634 ἀρα
1170 562 1264 616 τοῦ
1312 564 1529 636 σιδήρου
1571 564 1665 638 τὴν
1692 565 1853 635 φύσιν

2025 571 2234 628 ORTH.
2267 574 2383 628 Non
2411 573 2578 643 igitur
2607 573 2742 627 ferri
2792 583 3046 628 naturam
3081 573 3328 643 corrupit
3386 574 3527 644 ignis

279 653 306 719 ᾗ
341 649 436 703 τοῦ
467 650 640 721 πυρὸς
665 651 872 722 ὁμιλία.
917 652 980 706 Εἰ
1015 653 1196 707 τοίνυν
1225 654 1284 706 ὲν
1313 653 1560 724 σώμασιν
1587 656 1732 710 ἔστιν
1760 657 1853 710 εὖ·

1955 665 2286 733 conjunctio.
2322 663 2478 730 Quod
2500 664 2544 719 si
2571 664 2735 734 igitur
2757 665 2812 718 in
2830 665 3157 734 corporibus
3185 663 3525 720 inconfusam

278 743 394 811 ρεῖν
437 741 744 812 ἀσύγχυτον
793 746 1012 815 κρᾶσιν,
1059 745 1223 815 μανία
1267 747 1375 817 ἄρα
1428 747 1605 818 σαφὴς
1634 747 1728 800 ἐπὶ
1752 748 1853 817 τῆς

1954 753 2265 808 mistionem
2295 753 2541 824 reperire
2580 753 2727 817 licet,
2763 755 3050 810 manifesta
3086 755 3294 809 insania
3317 763 3420 819 cst,
3469 755 3524 808 in

273 835 558 906 ἀκηράτου
599 835 692 888 καὶ
733 834 1090 889 άναλλοιὼτου
1120 837 1334 906 φύσεως
1379 839 1637 910 σύγχυσιν
1688 841 1850 906 νοεῖν,

1953 855 2148 901 natura
2173 863 2295 916 quae
2317 848 2592 918 corrumpi
2623 848 2709 903 vel
2742 848 2941 902 mutari
2975 848 3186 918 nequit,
3243 847 3523 903 confusio-

272 923 372 975 καὶ
405 923 509 993 τῆς
549 922 767 994 φύσεως
794 925 894 995 τῆς
918 925 1326 998 ἀναληφθείσης
1365 929 1672 999 ἀφανισμόν
1695 945 1708 958 ·
1759 929 1854 983 καὶ

1954 953 2080 992 nem
2143 939 2406 1010 cogitare,
2456 949 2855 1010 assumpueque
2905 952 3116 996 naturae
3171 939 3455 994 interitum
3503 953 3518 991 :

269 1010 449 1065 ταῦτα
477 1011 778 1084 ληφθείσης
805 1015 893 1067 ἐπ’
925 1016 1213 1087 εὐεργεσίᾳ
1235 1017 1328 1070 τοῦ
1357 1018 1567 1086 γένους.

1953 1029 2254 1098 praesertim
2286 1045 2410 1084 cum
2429 1030 2494 1083 ad
2513 1030 2729 1100 generis
2754 1029 3076 1085 beneﬁcium
3129 1036 3405 1097 assumpta
3425 1026 3515 1082 sit.

341 1103 550 1158 ΕΡΑΝ.
581 1105 692 1158 Οὐκ
721 1105 1030 1177 ἀφανισμὸν
1059 1107 1161 1177 τῆς
1189 1107 1487 1179 ληφθείσης
1521 1109 1736 1178 φύσεως
1761 1109 1852 1163 λέ-

2022 1120 2228 1174 ERAN.
2249 1120 2368 1174 Non
2395 1120 2628 1174 dicimus
2683 1121 2918 1175 deletam
2949 1136 3070 1175 esse
3111 1128 3361 1174 naturam
3399 1133 3520 1188 qua

266 1210 462 1265 γομεν,
488 1194 626 1248 ἀλλά
657 1195 753 1268 τὴν
784 1197 866 1261 είς
893 1197 1143 1269 θεότητος
1173 1200 1361 1254 οὐσίαν
1397 1199 1722 1270 μεταϐολήν.

1952 1219 2230 1280 assumpta
2257 1220 2359 1279 est,
2384 1210 2479 1266 sed
2504 1221 2768 1267 mutatam
2797 1227 2916 1268 esse
2945 1213 3000 1266 in
3047 1209 3412 1266 substantiam
3434 1209 3523 1264 di-

1950 1303 2216 1356 vinitatis.

342 1367 495 1422 0P8.
525 1368 738 1423 Οὐκοῦν
785 1369 901 1439 ἔχει
932 1370 994 1424 τὸ
1036 1370 1376 1442 ἀνθρώπινον
1414 1372 1569 1443 γένος
1603 1375 1697 1430 καὶ
1743 1377 1844 1448 τὴν

2027 1395 2181 1463 117
2219 1393 2426 1448 ORTH.
2455 1367 2574 1448 Non
2599 1394 2763 1465 igitur
2789 1393 2957 1450 habet
2994 1408 3165 1465 genus
3217 1390 3517 1445 humanum

267 1457 549 1528 προτέραν
568 1476 635 1511 πε
645 1461 951 1531 ριγραφήνς

1950 1494 2007 1540 ει
2027 1485 2264 1555 priorem
2285 1486 2890 1556 circumscriptionem?

339 1547 547 1602 EPAN.
577 1548 862 1618 Οὐδαμῶς.

1050 1641 1089 1646 ,-
1111 1641 1155 1646 __
1332 1643 1343 1646 _
1596 1645 1599 1646 7
1645 1645 1649 1646 7
2026 1547 2233 1630 ῘΞΒΑΝ.
2259 1547 2632 1646 Nequaquam:

337 1638 495 1691 ΟΡΘ.
530 1639 672 1693 Πότε
706 1639 765 1694 δὲ
801 1639 1006 1712 ταύτην
1037 1641 1257 1707 ἐδέξατο
1292 1643 1394 1716 τὴν
1436 1645 1776 1718 μεταϐολήν;

2022 1665 2232 1723 ORTII.
2303 1638 2533 1734 Quando
2576 1683 2708 1724 vero
2772 1667 3014 1739 suscepit
3057 1667 3200 1722 hanc
3253 1665 3510 1721 mutatio-

2086 1758 2110 1794 9

333 1819 543 1875 EPAN.
568 1821 724 1876 Μετά
750 1821 850 1893 τὴν
876 1822 1053 1895 ἄκραν
1075 1825 1291 1880 ἕνωσιν.
1872 1807 1915 1864 Β

1949 1774 2110 1814 nem!

1872 1807 1916 1864 Β
2017 1847 2224 1901 EltAN.
2247 1848 2377 1901 Post
2409 1863 2675 1902 summam
2705 1847 2986 1901 unionem.

337 1910 499 1964 0P8.
525 1911 735 1979 Πηνίκα
771 1912 830 1965 δὲ
861 1913 1066 1983 ταύτην
1092 1913 1421 1984 γεγενῆσθαι
1453 1915 1673 1986 λέγειςς

2017 1936 2222 1992 ORTH.
2267 1938 2334 1991 Et
2358 1937 2577 2006 quando
2597 1937 2737 1992 hanc
2760 1937 2958 1992 factam
2993 1953 3114 1992 esse
3142 1937 3318 1993 dicis?

335 2000 549 2058 EPAN.
574 2003 834 2065 Πολλάκις
859 2003 1018 2074 ἔφην,
1046 2006 1196 2076 παρά
1225 2006 1324 2076 τὴν
1352 2007 1647 2080 σύλληψιν.,

1618 2049 1647 2067 ο-
2019 2027 2218 2082 ERAN.
2256 2000 2408 2099 Smpe
2433 2029 2544 2098 jam
2571 2028 2704 2091 dixi,
2740 2029 2794 2082 in
2823 2029 3197 2098 conceptione.

331 2091 491 2147 0P8.
525 2093 633 2146 Καὶ
678 2094 786 2164 μὴν
847 2094 986 2165 μετά
1035 2095 1132 2167 τὴν
1167 2097 1450 2169 σύλληψιν,
1482 2101 1573 2153 καὶ
1606 2100 1843 2173 ἔμϐρυον

2010 2117 2218 2173 ΟΙὶἸἩ.
2252 2091 2568 2188 Atqui'post
2591 2091 3010 2188 conceptionem
3046 2129 3103 2174 ct
3134 2119 3278 2175 fetus
3311 2129 3430 2175 erat
3454 2121 3509 2176 in

250 2180 343 2281 ᾖν.
479 2187 544 2254 τῇ
595 2185 812 2281 pqr”,
858 2186 1212 2281 xui-«exeat;
1262 2189 1462 2261 βρέφος
1513 2193 1610 2247 καὶ
1645 2189 1712 2264 ἦν
1746 2197 1832 2249 καὶ

1941 2215 2119 2274 utero,
2143 2218 2201 2264 et
2251 2180 2414 2264 natus
2443 2180 2625 2264 infans
2651 2211 2668 2228 ‘
2693 2180 2795 2263 fuit
2822 2217 2875 2264 et
2913 2210 3094 2265 dictus
3117 2220 3221 2275 est,
3253 2219 3310 2266 et
3355 2228 3384 2266 a
3416 2228 3511 2281 pa-

249 2273 487 2346 ἑκληθη,
521 2275 620 2328 καὶ
658 2275 766 2328 ὑπὸ
811 2275 1087 2348 ποιμένων
1131 2281 1531 2352 προσεκυνήθη,
1565 2283 1659 2336 καὶ
1707 2301 1828 2338 παι-

1937 2273 2178 2355 storibus
2201 2300 2480 2364 adoratus,
2508 2309 2564 2355 et
2584 2316 2720 2370 puer
2739 2300 2990 2357 similiter
3009 2309 3064 2356 et
3098 2273 3287 2356 fuit-et
3317 2302 3385 2357 ab
3413 2273 3509 2358 an-

243 2365 367 2420 ὂεον
423 2365 688 2430 ὡσαύτως
739 2367 837 2420 καὶ
898 2367 1135 2436 ἐγένετο,
1165 2369 1260 2424 καὶ
1309 2371 1420 2424 ὑπὸ
1457 2370 1552 2424 τοῦ
1602 2373 1825 2442 ἀγγέλοι

1937 2393 2058 2464 gelo
2079 2400 2302 2448 vocatus
2350 2402 2436 2448 est
2459 2393 2525 2449 η.
2557 2365 2710 2449 Piosti
2733 2393 2870 2459 haec,
2914 2407 2985 2448 an
3014 2407 3116 2449 nos
3167 2391 3380 2450 fabulas
3403 2394 3505 2450 lin-

242 2457 702 2528 προσηγορεύθη.
738 2455 907 2513 Οἶσθα
946 2459 1142 2524 ταῦτα,
1178 2461 1212 2533 ἢ
1248 2461 1504 2516 πλάττειν
1533 2465 1684 2534 ἡμᾶς
1731 2468 1824 2538 μύ-

839 2458 907 2513 θα
946 2459 1142 2524 ταῦταο
1178 2461 1212 2533 ἢ
1248 2461 1504 2516 πλάττειν
1533 2465 1684 2534 ἡμᾶς
1731 2468 1837 2538 μύ’
1935 2455 2065 2557 gere
2089 2483 2420 2539 arbitraris?

237 2551 378 2614 θους
406 2551 714 2622 ὑπείληφας
735 2569 753 2618 ;

324 2643 533 2697 EPAN.
569 2644 756 2698 Ταῦτα
787 2646 820 2716 ή
853 2644 964 2700 τῶν
1017 2645 1179 2701 θείων
1225 2647 1578 2720 Εὐάγγελίων
1624 2652 1836 2722 ἱστορία

2002 2659 2210 2716 ERAN.
2261 2659 2388 2715 Haec
2428 2658 2741 2715 divinorum
2797 2657 3215 2731 Evangeliorum
3274 2656 3499 2714 historia

233 2729 516 2798 διδάσκει,
549 2733 647 2786 καὶ
679 2733 981 2802 ἀντιλέγειν
1013 2736 1109 2806 οὐχ
1133 2733 1245 2790 οἷόν
1277 2755 1357 2793 τε.

1289 2756 1357 2793 τε·
1932 2751 2113 2815 docet,
2137 2760 2193 2807 et
2217 2751 2517 2807 contradici
2543 2767 2652 2805 non
2675 2758 2871 2821 potest.

317 2823 476 2878 ΟΡΘ.
514 2824 895 2896 Σκοπήσωμεν
947 2823 1041 2882 οὖν
1086 2830 1181 2883 καὶ
1216 2830 1286 2885 τὰ
1321 2831 1468 2904 ἑξῆς.
1499 2831 1616 2907 Οὐχ
1649 2835 1834 2908 ὁμολο-

2000 2841 2209 2898 ORTlI.
2239 2841 2468 2911 Reliqua
2487 2842 2654 2897 etiam
2685 2839 3120 2895 consideremus.
3151 2839 3344 2894 Nonne
3366 2855 3499 2895 con-

233 2913 458 2984 γοῦμεν
490 2916 902 2988 περιτμηθῆναι
931 2918 1025 2972 τὸν
1059 2920 1306 2990 Κύριονς

1931 2934 2151 2990 ﬁtentur
2177 2932 2467 2988 Dominum
2497 2932 2665 2988 fuisse
2689 2925 3115 2987 circumcisum!

315 3006 528 3060 EPAN.
573 3007 630 3060 '0
637 3007 865 3077 μολογοῦ
873 3027 992 3079 μεν.

1996 3026 2204 3082 ERAN.
2223 3025 2578 3082 Confitemur.

311 3095 468 3152 0P8.
498 3096 655 3162 Τίνος
684 3094 777 3153 οὖν
809 3101 1108 3173 περιτοιιή;
1145 3101 1364 3174 σαρκὸς,
1395 3103 1429 3176 ἤ
1467 3103 1754 3177 θεότητοςς
1851 3145 1893 3209 C

1999 3117 2207 3174 ORTH.
2244 3118 2539 3189 Cujusnam
2569 3131 2701 3188 ergo
2735 3114 2841 3171 fuit
2875 3113 3263 3174 circumcisio?
3295 3115 3494 3180 carnis,

1924 3227 1993 3269 an
2027 3210 2366 3266 divinitatis?

309 3271 515 3327 EPAN.
553 3273 670 3342 Τῆς
695 3275 916 3346 σαρκός.

861 3275 916 3339 ες·
1987 3302 2195 3359 ERAN.
2225 3303 2443 3357 Carnis.

311 3361 466 3416 0P8.
503 3362 666 3426 Τίνος
707 3363 765 3416 δὲ
806 3364 868 3417 τὸ
900 3363 1184 3434 αὔξεσθαι,
1215 3366 1312 3421 καὶ
1343 3370 1678 3440 προκόπτειν
1707 3371 1843 3445 ἡλιο-

1984 3394 2192 3451 ORTH.
2240 3395 2411 3466 Cujus
2454 3404 2636 3450 autem
2678 3404 2763 3450 est
2794 3409 3075 3460 crescere,
3128 3403 3186 3450 et
3227 3393 3493 3466 proﬁcere

232 3454 334 3524 κξᾳ
362 3470 425 3506 τε
460 3454 559 3507 καὶ
593 3455 798 3526 copia;

910 3548 923 3554 -
940 3549 979 3554 _-
1129 3549 1141 3554 _
1299 3552 1310 3554 _
1423 3552 1430 3554 _
1588 3553 1593 3554 7
1913 3492 2072 3539 atate
2092 3492 2148 3539 et
2164 3454 2473 3554 sapientia?

300 3547 516 3601 ΕΡΔΝ.
550 3547 743 3618 Δῆλον,
772 3547 849 3612 ὡς
870 3548 1024 3604 οὐδὲν
1049 3549 1261 3606 τούτων
1287 3552 1550 3625 ἁρμόττει
1577 3553 1815 3627 θεότητι.

1985 3573 2192 3629 ERAN.
2223 3547 2447 3629 Clarum
2472 3583 2557 3629 est
2606 3575 2747 3628 nihil
2795 3575 2992 3628 horum
3019 3576 3314 3629 convenire
3353 3574 3493 3628 divi-

300 3723 464 3778 οΡΘ.
499 3723 711 3778 Οὐκοῦν
739 3726 860 3780 οὐδὲ
893 3725 956 3781 τὸ
985 3729 1181 3800 πεινῆν
1213 3729 1312 3784 καὶ
1341 3729 1505 3804 διψῇν
1532 3747 1548 3798 ;

1955 3670 2096 3716 itati.

1532 3747 1548 3798 ;
1913 3677 1950 3716 n
1984 3752 2195 3808 ORTH.
2225 3752 2368 3824 Ergo
2389 3751 2744 3820 neeesurire,
2781 3768 2884 3810 nec
2909 3751 3087 3810 sitire.

299 3815 514 3870 ΕΡΔΝ.
548 3816 836 3887 Οὐδαμῶς.

1981 3843 2192 3899 ERAN.
2215 3815 2378 3899 Nullo
2405 3844 2591 3900 modo.

297 3906 462 3961 0P8.
493 3906 633 3961 Οὐδὲ
680 3924 746 3977 γε
790 3908 850 3962 τὸ
892 3907 1154 3980 βαδίζειν,
1189 3911 1287 3966 καὶ
1330 3913 1552 3986 κοπιᾷν,
1583 3915 1679 3970 καὶ
1710 3932 1816 3972 κα-

1983 3933 2193 3992 ORTH.
2219 3935 2326 3990 Sed
2351 3951 2455 3992 nec
2476 3936 2778 4001 ambulare,
2795 3944 2851 3991 et
2880 3935 3118 4008 fatigari,
3139 3945 3196 3993 et
3221 3936 3484 4004 dormire,

228 3998 469 4063 θεύδειν,
503 4001 601 4054 καὶ
631 4001 701 4056 τά
725 4002 862 4056 ἀλλα
889 4003 1226 4071 ἁπαξαπλῶς
1247 4004 1317 4060 τά
1343 4005 1604 4076 tomum;

1378 4005 1604 4076 0ιαῦταῖ
1912 4033 1968 4082 ει
1998 4027 2124 4088 alia.
2158 4037 2220 4083 ut
2244 4029 2414 4084 semel
2439 4028 2640 4094 dicam,
2667 4029 2960 4102 ejusmodi.

298 4091 516 4146 smn.
547 4093 838 4165 οὐδαμῶς.

1983 4118 2189 4176 ERAN.
2213 4120 2448 4175 Prorsus
2473 4135 2603 4174 non.

299 4183 466 4238 0P8.
500 4184 567 4238 Et
595 4184 778 4238 τοίνυν
810 4185 962 4255 παρά
988 4184 1092 4256 τὴν
1128 4185 1392 4259 σύλληψιν
1427 4188 1462 4258 ἠ
1495 4187 1691 4256 ἱνωσις
1717 4191 1816 4261 γέ·-

1979 4209 2191 4268 ORTH.
2225 4209 2281 4266 Si
2310 4226 2440 4282 ergo
2471 4209 2527 4265 in
2554 4211 2915 4282 conceptione
2966 4209 3098 4266 unio
3135 4209 3276 4265 facta
3302 4216 3406 4273 est,
3429 4216 3486 4264 et

229 4287 381 4341 τυνε,
423 4270 604 4326 ταῦτα
658 4272 718 4327 δι
767 4273 945 4328 πάντα
977 4273 1119 4346 μετὰ
1153 4274 1252 4347 τὴν
1289 4275 1556 4349 σύλληψιν
1583 4279 1681 4334 καὶ
1717 4281 1811 4335 τὸν

1910 4297 2028 4355 haec
2059 4299 2244 4355 omnia
2275 4270 2436 4372 uva
2453 4309 2578 4372 post
2603 4270 3020 4372 conceptionem
3043 4309 3100 4356 et
3122 4309 3244 4372 post
3265 4307 3482 4371 partum

227 4363 397 4419 τόσων
444 4363 684 4433 ἐγένετο,
727 4365 830 4418 οὐκ
883 4365 994 4438 ἄρα
1028 4367 1169 4437 μετά
1214 4366 1314 4439 τὴν
1358 4368 1556 4424 ἕνωσιν
1593 4369 1695 4443 τὴν
1730 4373 1809 4427 οε-

1909 4392 2251 4456 aeciderunt,
2274 4393 2697 4464 haudquaquam
2724 4408 2854 4449 sane
2885 4402 3007 4466 post
3031 4392 3293 4448 unionem
3318 4402 3483 4446 natu-

227 4456 390 4509 κείαν
417 4455 585 4524 φύσιν
605 4458 640 4527 ἡ
664 4457 1016 4530 ἀνθρωπότης
1046 4459 1345 4514 ἀπώλεσεν.

1183 4461 1345 4562 λεσεξί
1415 4551 1429 4562 _
1523 4553 1535 4562 _
1645 4554 1658 4562 Α
1747 4555 1761 4562 _
1838 4499 2029 4562 Dram
2052 4498 2207 4538 suam
2227 4484 2411 4539 amisit
2432 4484 2765 4540 humanitas.

299 4547 516 4602 EPAN.
547 4547 662 4600 οὐκ
687 4547 931 4618 ἀκρισῶς
950 4548 1258 4620 ὡρισάμην.
1286 4551 1444 4607 Μετά
1474 4553 1584 4627 γὰρ
1606 4554 1706 4628 τὴν
1744 4555 1810 4611 ἐκ
1838 4547 1881 4562 ⁷

1983 4571 2190 4627 ERAN.
2230 4571 2350 4627 Non
2387 4581 2534 4628 recte
2569 4571 2872 4643 designavi.
2923 4572 3216 4642 Postquam
3259 4567 3405 4624 enim
3448 4581 3479 4624 ιι

224 4639 453 4711 νεκρῶν
489 4640 784 4694 ἀνάστασιν
816 4642 850 4711 ή
880 4639 1019 4713 σὰρξ
1046 4642 1263 4712 ἐδέξατο
1299 4644 1400 4716 τὴν
1437 4648 1519 4710 είς
1561 4645 1806 4718 θεότητος

1908 4662 2144 4717 mortuis
2175 4663 2494 4728 resurrexit,
2519 4677 2647 4717 caro
2673 4662 3032 4717 mutationem
3070 4662 3125 4716 in
3180 4658 3481 4716 divinitatis

227 4731 402 4798 φύσιν
439 4729 757 4800 μεταϐολήν.

1907 4757 2157 4805 naturam
2181 4750 2373 4805 sortita
2396 4760 2499 4806 est.

292 4822 464 4876 0P8.
492 4823 660 4876 οὐδὲν
681 4818 774 4879 οὖν
809 4824 867 4876 ὲν
906 4822 1044 4895 αὐτῇ
1077 4823 1354 4898 μεμένηκε
1381 4826 1521 4898 μετὰ
1552 4829 1651 4902 τὴν
1677 4829 1810 4886 ἀνά.

1975 4841 2184 4899 ORTH.
2207 4841 2356 4897 Nihil
2377 4842 2542 4914 igitur
2554 4852 2677 4912 post
2693 4842 3151 4898 resurrectionem
3175 4842 3232 4896 in
3247 4856 3309 4897 ca
3327 4855 3479 4896 man-

220 4928 423 4967 στασιν
452 4912 563 4966 τῶν
585 4914 688 4967 ὅσα
710 4913 813 4985 τὴν
840 4913 1004 4982 φύσιν
1029 4914 1200 4988 δηλοῖ.

1151 4918 1200 4972 ’το
1905 4934 1996 4999 sit,
2019 4935 2165 5005 quod
2190 4912 2441 4990 naturam
2473 4937 2733 4992 declaret.

215 5003 500 5145 6ολΞΡΔΝ.
542 5004 606 5058 Et
639 5005 970 5076 μεμένηκεν,
999 5007 1122 5062 οὐδὲ
1168 5008 1392 5081 γέγονεν
1427 5011 1603 5086 ἠθεία
1630 5031 1797 5086 μετα-

309 5096 373 5145 ἦ.

1975 5003 2182 5083 ERAN.
2223 5027 2281 5084 Si
2311 5028 2534 5095 mansit,
2575 5044 2688 5084 non
2711 5035 2798 5084 est
2815 5026 2956 5082 facta
3004 5025 3189 5080 divina
3219 5024 3471 5080 mutatio.

283 5113 311 5145 Α.
355 5134 373 5148 ο

283 5113 453 5239 (ζιΡΘ.
481 5185 608 5251 Πῶς
654 5181 751 5240 οὖν
795 5187 1086 5244 ἀπιστοῦσι
1115 5193 1231 5255 τοῖς
1264 5192 1534 5266 μαθηταῖς
1558 5197 1652 5251 καὶ
1697 5197 1798 5263 τὰς

1974 5203 2182 5260 ORTH.
2222 5204 2509 5272 Quomodo
2538 5203 2707 5274 igitur
2749 5201 3052 5258 incredulis
3074 5167 3374 5270 discipulis
3414 5207 3480 5255 et.

212 5277 416 5346 πεῖρας
440 5276 708 5344 ὑπέδειξε,
741 5280 834 5332 καὶ
862 5282 990 5344 τοὺς
1008 5281 1208 5348 πόδας;

1118 5299 1208 5348 ιιςῖ
1900 5309 2094 5348 manus
2115 5293 2376 5358 ostendit,
2408 5302 2464 5349 et
2492 5291 2700 5362 pedes?

279 5368 495 5421 ΕΡΔΝ.
547 5368 635 5432 Ὠς
664 5369 880 5439 εἰσῆλθε
906 5371 1014 5424 τῶν
1044 5372 1224 5444 θυρῶν
1262 5376 1679 5448 κεκλεισμένων.

1631 5396 1679 5434 ην.
1967 5384 2172 5438 ERAN.
2200 5385 2354 5440 Sient
2375 5383 2559 5454 januis
2585 5380 2786 5436 clausis
2807 5379 3085 5450 ingressus
3113 5389 3213 5448 est.

280 5457 444 5512 0P9.
490 5459 653 5513 Ἀλλά
702 5461 943 5531 εἰσῆλθε,
990 5463 1098 5517 τῶν
1137 5465 1318 5536 θυρῶν
1363 5468 1785 5541 κεκλεισμένων,

1965 5474 2174 5529 ORTH.
2227 5475 2335 5529 Sed
2386 5474 2664 5543 ingressus
2689 5478 2794 5536 est,
2827 5470 3012 5541 januis
3057 5468 3276 5532 clausis,
3323 5467 3463 5524 sient

208 5546 284 5611 ὣς
319 5548 551 5619 ἐξῆλθεν
578 5552 643 5602 ἐκ
679 5553 914 5623 μήτρας,
940 5553 1047 5606 τῶν
1077 5555 1173 5627 τῆς
1210 5557 1488 5629 Παρθένου
1519 5561 1785 5637 κλείθρων

1893 5565 2062 5622 exivit
2093 5581 2160 5620 ex
2182 5572 2361 5630 utero,
2394 5579 2520 5620 cum
2566 5561 2804 5634 Virginis
2834 5564 3075 5621 claustra
3102 5560 3460 5623 obsisterent,

278 5742 325 5777 "
360 5742 575 5814 ιυωτ,
609 5747 642 5802 8
668 5765 846 5820 seqq;
878 5751 1064 5808 Matth.
1108 5770 1145 5820 ι,
1179 5753 1272 5808 2|.
