4006 6202
515 355 618 422 159

1499 365 1985 426 THEODORETI
2023 361 2359 424 EPISCOPI
2397 361 2758 421 CYRENSIS

3660 356 3759 423 160

511 481 569 526 et
601 473 742 525 sicut
768 472 821 525 in
851 473 984 526 mari
1018 474 1333 530 ambulavit.
1396 475 1649 531 Nondum
1680 487 1885 542 autem,
1918 487 1978 531 ut
2003 477 2088 529 di—

2202 470 2576 538 έπικειμένων,
2609 470 2683 532 ὡς
2714 469 2807 522 ἐπὶ
2842 466 3113 538 Θαλάττης
3152 467 3424 522 ὲϐάδισεν.
3447 466 3673 520 υὺδέπω
3704 469 3760 521 δὲ

511 565 612 624 cis,
636 571 844 617 natura:
868 563 1007 617 facta
1043 574 1164 619 erat
1192 567 1442 621 mutatio.

579 738 785 794 ERAN.
811 738 1062 794 Ostendit
1097 741 1360 794 Dominus
1386 758 1578 796 manus
1618 743 1910 812 apostolis,
1945 742 2085 797 sicut

510 845 634 884 cum
655 831 859 885 Iacobo
893 831 1131 885 luctatus
1161 840 1262 884 est.

578 920 786 975 ORTH.
815 921 920 976 Sed
949 939 1054 975 non
1082 923 1211 976 sinit
1240 923 1502 977 Dominus
1532 941 1631 976 nos
1661 925 1739 977 sic
1762 924 2081 993 intelligere.

507 1013 642 1067 Nam
678 1028 801 1065 cum
820 1013 1070 1082 discipuli
1092 1015 1504 1083 suspicarentur
1526 1031 1582 1068 se
1603 1001 1855 1084 spiritum
1875 1016 2082 1079 videre,

509 1104 916 1172 ‘suspicionem
955 1105 1092 1158 hanc
1125 1106 1387 1160 Dominus
1420 1094 1672 1165 removit.
1704 1117 1759 1161 et
1789 1107 1970 1160 carnis
1993 1124 2088 1160 na-

510 1203 688 1250 turam
739 1196 1152 1267 demonstravit.
1199 1217 1215 1246 ι
1251 1197 1362 1251 Cur
1402 1199 1582 1261 enim,
1631 1199 1830 1271 inquit,
1883 1198 2085 1252 turbati

508 1287 662 1350 estis,
727 1296 784 1340 et
830 1303 930 1340 cur
978 1288 1337 1358 cogitationes
1381 1289 1686 1342 ascendunt
1725 1290 1779 1342 in
1825 1289 2086 1343 cordibus

507 1378 750 1432 vestris?
775 1379 968 1433 Videte
1003 1395 1196 1435 manus
1239 1397 1410 1444 meas,
1468 1391 1524 1434 et
1560 1382 1728 1449 pedes
1758 1397 1930 1440 meos,
1958 1381 2084 1450 quia

507 1484 610 1537 ego
633 1469 747 1537 ipse
776 1485 915 1523 sum.
950 1471 1170 1540 Palpate
1213 1488 1320 1535 me,
1354 1481 1406 1526 et
1451 1472 1652 1532 videte,
1688 1471 1813 1540 quia
1858 1471 2087 1538 Spiritus

509 1575 728 1614 carnem
790 1571 844 1614 et
894 1577 1018 1616 ossa
1069 1580 1178 1617 non
1215 1564 1398 1626 habet,
1458 1563 1707 1616 sicutme
1751 1561 1947 1614 videtis
1988 1561 2086 1614 ha—

510 1648 640 1702 bere
667 1649 731 1702 δ’.
766 1669 782 1700 ι
828 1651 895 1703 Et
927 1651 1050 1705 vide
1086 1668 1247 1721 quam
1294 1661 1546 1705 accurate
1588 1650 1802 1702 loeutus
1839 1648 1928 1700 sit.
1969 1648 2086 1700 Non

508 1740 824 1803 enimdixit,
851 1757 907 1794 se
925 1758 1145 1796 carnem
1168 1751 1223 1795 et
1252 1757 1374 1794 ossa
1400 1756 1542 1803 esse,
1571 1740 1663 1793 sed
1683 1754 1900 1792 carnem
1930 1737 2090 1806 119

510 1841 564 1884 et
595 1848 714 1884 ossa
743 1833 969 1896 habere,
1000 1841 1057 1885 ut
1101 1834 1420 1887 ostenderet
1449 1835 1597 1886 aliud
1627 1833 1849 1901 quidem
1878 1848 1999 1886 esse
2031 1831 2084 1884 id

509 1919 654 1986 quod
682 1920 839 1972 habet
887 1921 1188 1974 secundum
1209 1931 1484 1984 naturam,
1515 1922 1659 1974 aliud
1689 1937 1818 1976 vero
1850 1922 1902 1975 id
1937 1923 2086 1990 quod

512 2010 762 2064 habetur.
804 2011 958 2066 Sicut
990 2011 1136 2065 enim
1165 2011 1312 2064 aliud
1359 2020 1443 2064 est
1481 2011 1532 2064 id
1567 2011 1712 2080 quod
1769 2013 2084 2081 assumpsit,

510 2100 657 2153 aliud
689 2102 832 2170 quod
873 2113 1213 2172 assumptum
1250 2111 1353 2167 est,
1395 2119 1534 2156 unus
1589 2111 1768 2156 autem
1807 2119 1874 2156 ex
1903 2104 2090 2156 amba-

513 2192 615 2245 bus
640 2192 890 2247 Christus
928 2195 1336 2249 consideratur:
1363 2196 1436 2248 ita
1470 2195 1677 2247 habens
1715 2195 1783 2247 ab
1837 2210 1903 2247 eo
1940 2194 2086 2263 quod

513 2285 750 2338 habetur
771 2286 1071 2354 plurimum
1098 2287 1302 2349 dill'crt,
1329 2302 1431 2340 nec
1457 2285 1705 2340 tamenin
1737 2285 1873 2340 duas
1904 2301 2091 2355 perso-

512 2391 610 2428 nas
631 2376 824 2429 dividit
843 2394 968 2431 eum
996 2378 1087 2446 qui
1120 2378 1173 2430 in
1198 2379 1282 2431 bis
1314 2377 1653 2446 intelligitur.
1683 2377 1944 2431 Dominus
1969 2377 2091 2446 qui—

513 2466 658 2531 dem,
677 2468 1056 2523 dubitantibus
1073 2469 1566 2538 adhucdiscipulis,
1583 2470 1830 2523 cteibum
1845 2470 2021 2539 petiit,
2035 2478 2090 2523 et

513 2568 790 2627 sumptum
824 2559 1082 2623 comedit,
1109 2576 1211 2613 nec
1237 2559 1412 2613 fallaci
1444 2568 1652 2612 tantum
1681 2559 1860 2628 specie
1894 2575 2090 2613 consu-

514 2667 668 2704 mens
688 2651 893 2712 cibum,
917 2668 1019 2705 nec
1044 2652 1288 2720 corporis
1313 2653 1668 2722 indigentiam
1702 2652 1927 2720 explens
1955 2652 2020 2705 “.

583 2742 790 2795 ΕΙὶΛΝ.
825 2741 985 2811 Atqui
1019 2743 1252 2796 duorum
1284 2743 1516 2796 alterum
1567 2743 1822 2811 amplecti
1866 2758 2090 2797 necesse

511 2841 614 2886 est.
645 2833 752 2886 Aut
781 2835 929 2887 enim
987 2834 1236 2903 indigens
1269 2835 1522 2902 sumpsit,
1558 2842 1654 2887 aut
1675 2849 1784 2886 non
1817 2833 2087 2904 indigens,

512 2927 803 2980 comedere
851 2927 1073 2996 quidem
1132 2927 1284 2981 visus
1331 2935 1437 2992 est,
1491 2935 1547 2980 at
1573 2926 1756 2980 cibum
1803 2941 1910 2980 non
1938 2940 2089 2979 sum-

513 3020 642 3089 psit.

2188 561 2330 613 κατά
2363 561 2452 613 τὸν
2484 560 2576 612 σὸν
2626 552 2866 628 ἐγεγόνει
2923 558 3082 626 λόγον
3134 559 3232 627 τῆς
3289 557 3499 628 φύσεως
3529 559 3562 629 ή
3595 575 3762 628 μετα-

2187 652 2314 722 ϐολή
2327 693 2338 704 .

2257 745 2458 797 ΕΡΛΝ.
2493 743 2696 807 Ἕδειξε
2739 747 2850 806 τοῖς
2904 741 3222 804 ἀποστόλοις
3268 742 3297 793 ὀ
3348 742 3622 812 Δεσπότης
3647 743 3761 812 χεῖ-

2192 853 2308 906 ρας,
2349 836 2422 898 ὡς
2446 834 2708 888 ἐπάλαισε
2741 837 2818 904 τῷ
2852 835 3065 888 Ἰακώϐ.

2257 926 2406 977 ΟΡΘ.
2453 925 2590 977 Ἀλλ’
2625 926 2724 976 οὐκ
2751 926 2814 994 ἐᾷ
2841 927 2978 976 νοεῖν
3003 923 3178 985 οὔτως
3199 925 3225 974 ό
3249 922 3469 994 Κύριος.
3505 922 3626 987 Τῶν
3648 923 3762 992 γὰρ

2191 1015 2444 1084 μαθητῶν
2465 1017 2680 1084 πνεῦμα
2706 1015 2930 1086 θεωρεῖν
2964 1015 3334 1074 τοπασάντων,
3367 1013 3593 1081 ἐξήλασε
3629 1015 3762 1082 τήν⁸

2186 1109 2241 1160 δε
2285 1109 2382 1177 τὴν
2407 1107 2642 1176 ὑποψίαν
2664 1110 2691 1160 ὀ
2723 1109 2948 1178 Κύριος,
2983 1108 3076 1160 καὶ
3115 1107 3213 1176 τὴν
3247 1109 3346 1176 τῆς
3397 1106 3594 1174 σαρκὸς
3653 1109 3760 1158 ὑπ-

2187 1199 2352 1261 έδειξε
2385 1198 2563 1266 φύσιν.
2593 1219 2610 1248 ί
2637 1199 2701 1250 Τί
2726 1198 2851 1266 γὰρ,
2881 1199 3034 1267 φησι,
3061 1195 3456 1266 τεταραγμένοι
3486 1195 3631 1256 ἐστὲ,
3659 1195 3761 1247 καὶ

2186 1291 2326 1342 διατί
2376 1290 2715 1358 διαλογισμοὶ
2768 1289 3149 1348 ἀναϐαίνουσιν
3202 1290 3269 1339 ἐν
3331 1289 3450 1348 ταῖς
3505 1286 3761 1355 καρδίαις

2189 1379 2374 1449 ὑμῶν;
2415 1381 2581 1432 Ἴδετε
2623 1378 2722 1441 τὰς
2767 1379 2954 1448 χεῖράς
2989 1395 3112 1447 μου,
3147 1379 3238 1430 καὶ
3274 1377 3396 1438 τοὺς
3425 1376 3590 1439 πόδας
3622 1376 3760 1442 (49),

2188 1472 2268 1523 ὅτι
2300 1471 2459 1534 αὐτὸς
2487 1471 2595 1538 ἐγώ
2632 1472 2765 1540 είμι.
2795 1468 3163 1540 Ψηλαρήσατέ
3216 1485 3302 1537 με,
3334 1467 3424 1519 καὶ
3481 1468 3637 1527 ἴδετε,
3674 1468 3762 1519 ὃτι

2189 1559 2407 1630 πνεῦμα
2440 1561 2617 1630 σάρκα
2643 1559 2736 1611 καὶ
2766 1559 2927 1610 ὀστέα
2960 1559 3058 1610 οὐκ
3108 1559 3240 1626 ἕχει,
3273 1556 3455 1618 καθὼς
3488 1556 3586 1624 ἐμὲ
3619 1556 3763 1608 θεω-

2191 1656 2332 1724 ρεῖτε
2363 1651 2573 1721 ἔχοντα.
2611 1671 2628 1699 ι
2676 1650 2782 1702 Καὶ
2807 1651 2907 1715 ὅρα
2932 1649 3026 1701 τοῦ
3059 1651 3299 1720 ῥήματος
3328 1646 3424 1717 τὴν
3452 1647 3762 1717 ἀκρίϐειαν.

2191 1745 2264 1795 Οὐ
2293 1744 2400 1813 γὰρ
2426 1738 2567 1805 εἷπε,
2599 1742 2776 1811 σάρκα
2800 1741 2893 1792 καὶ
2921 1739 3083 1791 ὀστέα
3114 1739 3263 1800 ὄντα,
3287 1738 3442 1802 ἀλλά,
3469 1739 3644 1808 σάρκα
3663 1737 3767 1789 καὶ

2189 1835 2353 1887 ὀστέα
2386 1833 2598 1902 ἔχοντα,
2626 1833 2711 1885 ἵνα
2741 1831 2910 1903 δείξῃ,
2937 1831 3063 1884 ἄλλο
3097 1831 3194 1900 μὲν
3231 1829 3290 1882 τὸ
3325 1829 3446 1898 ἕχον
3492 1828 3631 1881 κατὰ
3661 1827 3766 1898 τὴν

2191 1928 2372 1996 φύσιν,
2407 1928 2535 1980 ἄλλο
2581 1927 2638 1980 δὲ
2681 1926 2742 1979 τὸ
2778 1927 3056 1995 ἐχόμενον.
3084 1924 3306 1992 ,Ὥσπερ
3357 1921 3464 1990 γὰρ
3505 1920 3631 1974 ἄλλο
3659 1919 3765 1988 μέν

2191 2021 2305 2072 ἐστι
2334 2019 2395 2071 τὸ
2429 2019 2611 2083 λαϐὸν,
2658 2017 2787 2071 ἄλλο
2816 2017 2870 2068 δὲ
2913 2015 2974 2068 τὸ
3000 2014 3222 2084 ληφθὲν,
3251 2007 3334 2075 εἷς
3368 2011 3425 2064 δὲ
3464 2011 3520 2076 ἐξ
3561 2012 3767 2080 ἀμφοῖν

2189 2113 2218 2163 ὀ
2253 2096 2487 2182 Χριστὸς
2518 2110 2834 2181 θεωρεῖταιο
2867 2105 3010 2159 οὕτω
3041 2107 3102 2158 τὸ
3140 2105 3260 2174 ἔχον
3293 2103 3429 2173 πρὸς
3463 2102 3522 2155 τὸ
3566 2101 3771 2169 ἐχόμε-

2191 2221 2278 2257 νον
2309 2203 2566 2273 πλείστην
2601 2204 2697 2273 μὲν
2719 2203 2831 2272 ἕχει
2863 2199 3146 2269 διαφορὰν,
3173 2199 3272 2250 οὐκ
3295 2199 3374 2258 εἰς
3393 2195 3484 2248 δύο
3511 2195 3565 2247 δὲ
3591 2194 3772 2264 πρόσ-

2191 2311 2315 2348 ωπα
2378 2294 2594 2365 μερίζει
2645 2295 2734 2346 τὸν
2788 2295 2845 2346 ἐν
2885 2293 3095 2355 τούτοις
3131 2290 3438 2359 νοούμενον.
3485 2288 3541 2339 '0
3581 2287 3772 2355 μέντοι

2191 2385 2395 2456 Κύριος
2415 2385 2863 2455 ἀμφιϐαλλόντων
2887 2382 2967 2435 ἔτι
2988 2381 3097 2434 τῶν
3134 2379 3410 2450 μαθητῶν,
3441 2377 3535 2429 καὶ
3555 2376 3772 2444 τροφὴν

2191 2476 2380 2546 ᾔτησε,
2412 2477 2505 2528 καὶ
2530 2473 2710 2527 λαϐὼν
2739 2473 2960 2541 ἔφαγεν,
2988 2469 3110 2524 οὔτε
3143 2467 3410 2538 φαντασίᾳ
3431 2465 3527 2534 τὴν
3556 2462 3772 2535 τροῄν

2192 2565 2519 2630 ἀναλίσκων,
2555 2564 2677 2618 οὔτε
2723 2563 2818 2616 τοῦ
2870 2561 3119 2632 σώματος
3151 2551 3249 2631 τὴν
3287 2557 3476 2630 χρείαν
3519 2554 3772 2624 πληρῶν.

2264 2761 2468 2814 EPAN.
2507 2759 2616 2811 Καὶ
2643 2757 2748 2827 μὴν
2778 2755 2991 2823 ἀνάγκη
3025 2753 3167 2806 δυοῖν
3216 2751 3439 2819 θάτερον
3473 2747 3773 2814 δέξασθαι*

2193 2856 2227 2924 ἢ
2258 2855 2367 2924 γὰρ
2392 2851 2604 2922 δεηθεὶς
2650 2845 3027 2919 μετέλαϐεν,ἥ
3073 2845 3150 2914 μὴ
3192 2843 3444 2911 δεόμενος
3489 2838 3631 2904 ἔδοξε
3667 2838 3774 2909 μὲν

2195 2945 2416 3008 ἐσθίειν,
2451 2944 2650 3012 ἥκιστα
2688 2940 2742 2992 δὲ
2775 2937 3040 3009 μετέλαϐε
3079 2934 3308 3006 τροφῆς.

581 3111 789 3166 ORTH.
827 3111 964 3168 Cibo
1005 3112 1229 3182 quidem
1273 3126 1476 3182 corpus
1527 3111 1836 3166 immortale
1886 3111 2087 3167 factum

2263 3121 2414 3175 0P6.
2433 3119 2651 3190 Τροφῆς
2677 3117 2776 3187 μὲν
2795 3117 2894 3170 οὐκ
2918 3089 3147 3186 ἕχρῂζεν
3169 3112 3435 3166 ἀθάνατον
3461 3109 3776 3181 γεγενημέ-

511 3220 620 3258 non
655 3205 870 3274 egebat.
897 3206 970 3258 De
1003 3204 1070 3258 iis
1097 3204 1244 3257 enim
1285 3205 1379 3273 qui
1420 3212 1713 3273 resurgunt
1740 3204 1876 3257 dixit
1900 3205 2087 3258 Domi-

512 3310 616 3348 nus
645 3312 656 3347 :
692 3314 707 3343 ι
730 3294 809 3347 lbi
845 3310 1022 3363 neque
1048 3310 1248 3348 uxores
1265 3293 1496 3358 ducunt,
1522 3311 1698 3363 neque
1726 3295 1961 3359 nubunt,
1992 3294 2088 3350 sed

513 3393 640 3438 sunt
663 3385 805 3438 sicut
833 3384 1009 3453 angeli
1029 3385 1092 3438 ⁸⁵.
1123 3403 1139 3434 ι
1164 3383 1320 3449 Quod
1341 3392 1525 3438 autem
1557 3385 1740 3438 cibum
1773 3385 2086 3454 sumpserit,

513 3486 683 3530 testes
705 3486 834 3530 sunt
863 3476 1116 3545 apostoli.
1147 3476 1283 3530 Nam
1313 3475 1508 3531 beatus
1560 3475 1737 3530 Lucas
1761 3477 1816 3530 in
1851 3476 2088 3530 Actuum

513 3568 784 3638 prommio
821 3567 960 3621 dixit
996 3586 1008 3620 :
1052 3587 1069 3618 ‹
1100 3568 1168 3622 Ει
1193 3583 1423 3623 vescens
1455 3583 1581 3622 cum
1612 3569 1873 3638 apostolis
1914 3570 2093 3624 Domi-

514 3675 639 3724 nus,
693 3659 955 3728 prmcepit
995 3659 1078 3714 eis
1147 3676 1217 3714 ne
1268 3660 1338 3714 ab
1369 3659 1784 3730 Hierosolymis
1839 3660 2091 3716 discede-

516 3759 637 3803 rent
670 3750 734 3801 “.
777 3769 795 3800 ι
838 3751 908 3804 Ει
939 3750 1321 3815 divinissimus
1391 3752 1587 3805 Petrus
1635 3752 1838 3807 clarius
1911 3739 2108 3807 dixit?

523 3859 540 3891 ι
581 3841 684 3906 Qui
715 3841 1056 3896 comedimus
1092 3850 1148 3895 et
1168 3842 1410 3895 bibimus
1429 3857 1552 3895 cum
1573 3858 1660 3907 eo,
1684 3854 1972 3913 postquam
2006 3859 2094 3897 re-

517 3933 757 3986 surrexit
808 3948 839 3985 a
892 3931 1125 3986 mortuis
1146 3931 1212 3985 ⁸⁸.
1249 3949 1266 3981 ι
1295 3930 1432 3984 Cum
1479 3931 1627 3984 enim
1675 3947 1887 3997 eorum,
1917 3933 2094 4002 quiin

516 4023 773 4092 przcsenti
795 4031 923 4076 sunt
977 4021 1108 4086 vita,
1145 4022 1428 4091 proprium
1461 4021 1533 4075 sit
1590 4023 1906 4087 comedere,
1960 4041 2093 4079 con-

517 4124 780 4184 gruenter
806 4115 1072 4169 Dominus
1103 4130 1198 4183 per
1217 4113 1403 4167 cibum
1425 4123 1479 4166 et
1503 4124 1690 4183 potum
1712 4114 1889 4169 carnis
1916 4101 2110 4170 resur—I

517 4209 820 4262 rectionem
842 4206 909 4261 de
929 4207 1047 4276 ejus
1077 4205 1310 4260 veritate
1342 4203 1726 4259 dubitantibus
1755 4206 2098 4261 demonstra-

516 4299 616 4354 vit.
650 4299 799 4353 ldem
834 4297 1000 4352 etiam
1032 4312 1157 4350 cum
1189 4296 1396 4350 Lazaro
1433 4306 1489 4349 et
1515 4295 1646 4350 Jairi
1676 4295 1786 4350 filia
1817 4296 1968 4351 fecit.
2000 4298 2096 4352 Et-

518 4389 666 4441 enim
699 4388 855 4457 120
888 4403 1013 4440 cum
1040 4387 1183 4440 hanc
1235 4385 1571 4449 suscitasset,
1594 4386 1756 4455 jussit
1784 4389 1834 4442 ei
1867 4387 1983 4441 dari
2018 4389 2096 4442 ci-

2192 3232 2280 3267 vov
2297 3214 2354 3267 τὸ
2377 3213 2552 3281 σῶμα.
2577 3211 2684 3264 Καὶ
2705 3209 2811 3280 γὰρ
2833 3209 2959 3277 περὶ
2980 3207 3084 3259 τῶν
3111 3204 3485 3274 ἀνισταμένων
3513 3205 3540 3255 ὀ
3562 3203 3777 3272 Κύριος

2193 3307 2294 3376 ἔφη
2327 3321 2339 3333 ·
2383 3322 2401 3355 ι
2437 3304 2583 3356 Ἐκεῖ
2610 3299 2732 3354 οὔτε
2758 3299 3052 3368 γαμοῦσιν,
3086 3296 3208 3350 οὔτε
3239 3297 3622 3366 γαμίσκονται,
3653 3294 3774 3346 ἀλλ’

2195 3397 2330 3448 εἰσὶν
2356 3394 2431 3456 ὡς
2463 3391 2681 3460 ἄγγελοι
2716 3388 2852 3460 (50).
2899 3407 2916 3438 ι
2963 3388 3086 3441 Ὅτι
3125 3387 3309 3456 μέντοι
3353 3384 3618 3454 μετέλαϐε
3661 3384 3770 3452 τῆς

2193 3467 2419 3555 τροφῆς,
2449 3483 2722 3554 μάρτυρες
2750 3481 2797 3533 οἱ
2831 3478 3135 3532 ἀπόστολοι.
3163 3479 3220 3529 '0
3248 3475 3465 3547 μὲνγὰρ
3497 3475 3775 3546 μακάριος

2197 3572 2410 3634 Λουκᾶς
2435 3573 2492 3623 ὲν
2519 3569 2598 3640 τῷ
2631 3567 2904 3638 προοιμίῳ
2929 3567 3036 3619 τῶν
3059 3564 3317 3636 Πράξεων
3347 3565 3471 3634 ἔφη,
3490 3565 3563 3624 ὡς
3595 3584 3613 3616 ι
3641 3566 3781 3618 Συν-

2196 3662 2511 3732 αλιζόμενος
2547 3664 2655 3723 τοῖς
2697 3657 3018 3720 ἀποστόλοις
3067 3658 3095 3708 ό
3133 3657 3339 3726 Κύριος
3403 3657 3779 3726 παρήγγειλεν

2197 3754 2306 3808 ἀπὸ
2348 3751 2738 3823 Ἰεροσολύμων
2786 3751 2860 3820 μὴ
2889 3747 3235 3819 χωρίζεσθαι.
3264 3767 3284 3800 ι
3333 3747 3390 3800 '0
3415 3747 3472 3800 δὲ
3497 3746 3781 3810 θειότατος

2199 3850 2404 3919 Πέτρος
2439 3845 2774 3914 σαφέστερον
2821 3841 3072 3912 εἴρηκεν·
3113 3859 3130 3891 ι
3153 3840 3780 3911 Οῖτινεςσυνεφάγομεν

2199 3942 2293 3996 καὶ
2323 3937 2648 4007 συνεπίομεν
2681 3934 2851 4005 αὐτῷ,
2881 3934 3022 4004 μετά
3059 3932 3122 3986 τὸ
3164 3934 3462 4003 ἀναστῆναι
3503 3933 3665 3984 αὑτὸν
3711 3934 3781 3985 ἐκ

2200 4032 2428 4104 νεκρῶν.
2453 4050 2472 4082 ι
2511 4029 2728 4098 Ἐπειδὴ
2762 4028 2870 4096 γὰρ
2914 4026 3022 4078 τῶν
3062 4025 3204 4079 κατά
3244 4026 3336 4077 τὸν
3370 4026 3614 4096 παρόντα
3656 4025 3780 4094 βίον

2202 4124 2331 4176 ἴδιον
2358 4121 2416 4175 τὸ
2436 4121 2660 4180 ἐσθίειν,
2699 4117 3012 4186 ἀναγκαίως
3041 4118 3068 4170 ό
3094 4116 3297 4182 Κύριος
3321 4121 3420 4186 τῆς
3445 4117 3646 4187 σαρκὸς
3673 4118 3783 4187 τὴν

2201 4209 2494 4262 ἀνάστασιν
2537 4207 2627 4259 διὰ
2665 4205 2918 4277 βρώσεως
2951 4204 3046 4258 καὶ
3077 4205 3288 4269 πόσεως
3323 4205 3490 4269 ἔδειξε
3535 4209 3644 4268 τοῖς
3701 4208 3786 4281 μὴ

2201 4299 2511 4369 νομίζουσιν
2544 4297 2739 4367 ἀληθῆ.
2769 4295 2947 4349 Ταύτὸ
2966 4296 3023 4347 δὲ
3045 4294 3204 4348 τοῦτο
3230 4296 3323 4348 καὶ
3355 4297 3448 4348 ἐπὶ
3479 4297 3570 4349 τοῦ
3597 4298 3789 4360 Λαζά-

2204 4408 2320 4462 ρου,
2347 4391 2440 4442 καὶ
2468 4389 2559 4441 ἐπὶ
2613 4388 2708 4456 τῆς
2766 4387 2992 4458 Ἰαείρου
3035 4387 3301 4455 πεποίηκε
3346 4387 3632 4458 θυγατρός.
3666 4387 3788 4444 Καὶ

520 4479 708 4533 bum”
731 4487 818 4532 :et
835 4478 1100 4531 Lazarum
1122 4492 1309 4530 secum
1334 4476 1772 4532 discumbentem
1799 4479 1992 4533 habuit
2009 4480 2089 4543 ⁸⁷⁵,

2203 4481 2309 4549 γὰρ
2369 4476 2572 4546 ταύτην
2618 4476 2951 4545 ἀναστήσας,
2995 4474 3326 4544 προσέταξεν
3372 4478 3510 4546 αὐτῇ
3555 4477 3787 4547 δοθῆναι

517 4583 705 4623 veram
760 4568 880 4637 ejus
933 4567 1395 4620 resurrectionem
1445 4567 1548 4622 hac
1604 4567 1816 4622 ratione
1869 4568 2099 4624 demon-

519 4671 717 4715 strans.
1020 4715 1025 4721 ,

593 4751 799 4806 ERAN.
828 4750 884 4806 Si
915 4750 1268 4806 concedimus
1291 4752 1582 4806 Dominum
1613 4768 1740 4806 vere
1774 4752 2100 4818 comedisse,

521 4843 888 4898 concedamus
909 4843 1073 4896 etiam
1100 4857 1294 4896 onmes
1311 4831 1564 4896 homines
1590 4852 1711 4912 post
1737 4844 2100 4898 resurrectio-

521 4950 647 4988 nem
684 4936 869 4988 cibum
905 4950 1124 5002 capere.

593 5022 800 5078 OllTH.
820 5025 948 5091 Quae
970 5041 1064 5094 per
1083 5024 1374 5093 quamdam
1405 5025 1894 5093 dispensationem"
1927 5042 1953 5080 a
1988 5027 2098 5080 Do-

523 5112 675 5166 mino
707 5113 846 5168 facta
885 5125 1033 5176 sunt.
1072 5131 1182 5168 non
1224 5123 1352 5168 sunt
1378 5117 1563 5185 regula
1606 5127 1661 5170 et
1690 5117 1977 5171 decretum
2004 5135 2100 5171 na.

2204 4571 2416 4639 φαγεῖν,
2454 4569 2548 4622 καὶ
2585 4567 2675 4620 τὸν
2716 4567 2963 4637 Λάζαρον
2987 4565 3414 4637 συνεστιώμενον
3437 4565 3570 4637 εἶχε,
3599 4570 3784 4642 ταύτῃ

2201 4661 2414 4723 δεικνὺς
2441 4659 2538 4729 τὴν
2558 4659 2852 4712 ἀνάστασιν
2888 4656 3084 4726 ἀληθῆ.
3591 4719 3594 4722 π

2273 4750 2477 4804 ΕΡΑΝ.
2499 4750 2560 4801 Εἰ
2579 4747 2801 4817 δοίημεν
2827 4744 3046 4815 ἀληθῶς
3076 4744 3412 4814 βεϐρωκέναι
3431 4744 3786 4817 τὸν-Κύριον,

2201 4844 2379 4913 δῶμεν
2413 4841 2509 4895 καὶ
2543 4839 2749 4901 πάντας
2796 4834 3118 4907 ἀνθρώπους
3166 4838 3304 4907 μετά
3333 4838 3433 4908 τὴν
3481 4838 3788 4894 ἀνάστασιν

2205 4932 2643 5006 μεταλαμϐάνειν
2681 4928 2910 5001 τροφῆς.

2267 5025 2420 5079 ΟΡΘ.
2465 5022 2545 5076 Τά
2591 5022 2680 5074 διά
2723 5037 2849 5072 τινα
2884 5017 3201 5089 οἰκονομίαν
3244 5019 3348 5072 ὑπὸ
3387 5019 3480 5072 τοῦ
3527 5019 3788 5090 Σωτῆρος

2193 5118 2481 5186 γενόμενα,
2527 5113 2626 5166 οὐκ
2669 5112 2785 5164 ἐστι
2840 5109 3020 5164 κανὼν
3071 5109 3168 5162 καὶ
3213 5110 3335 5182 ὅρος
3386 5111 3484 5180 τῆς
3531 5112 3787 5176 φύσεως·

526 5213 684 5258 turaz.
714 5204 848 5259 Nam
893 5215 948 5260 et
974 5208 1079 5260 alia
1097 5205 1348 5296 qumdam
1387 5205 1745 5276 dispensavit,
1795 5225 1915 5277 (1th
1952 5210 2089 5264 revi-

2202 5208 2316 5260 ὲπεὶ
2350 5206 2443 5260 καὶ
2477 5203 2614 5256 ἄλλα
2654 5201 2775 5256 τινὰ
2813 5200 3187 5271 ᾠκονόμησεν,
3212 5200 3247 5254 ἀ
3276 5203 3387 5264 τοῖς
3416 5201 3789 5255 ἀναϐιώσκου-

524 5296 862 5351 viseentibus
889 5299 1113 5352 minime
1135 5297 1410 5352 evenient.

596 5453 804 5528 ‘iLuc-
835 5471 977 5528 ωε.
1011 5457 1099 5528 38,
1133 5464 1220 5518 τι).
1299 5465 1341 5495 ιη
1363 5462 1498 5518 Ibid.
1543 5465 1725 5518 ιι-ιδ.

521 5505 560 5535 ’⁷
579 5525 594 5540 ’
624 5520 781 5577 Joan.
806 5505 975 5587 xu,"2.

628 5679 714 5736 49)
750 5677 882 5731 Πόὃ.
921 5679 1081 5731 Deest
1115 5697 1235 5746 μου.

628 5679 714 5736 49)
750 5679 882 5731 Πόὸ.
921 5679 1081 5731 Deest
1115 5697 1235 5746 μου.

603 5679 713 5819 ἕξω)
743 5747 906 5816 Num,
945 5747 1181 5803 ἀλλἐἱσ.
1216 5752 1291 5815 ὡς
1322 5754 1445 5820 ἅγγ.
1468 5755 1708 5824 Utraque
1733 5757 1896 5811 lectio
1925 5763 2099 5810 exstat

1829 5465 1868 5494 δ”
1896 5464 2056 5518 Mare.
2088 5479 2179 5525 xu,
2202 5463 2289 5516 23.

2199 5318 2282 5354 σιν
2317 5299 2425 5351 οὐδ’
2451 5297 2589 5358 ὅλως
2619 5291 2981 5364 συμϐήσεται.

2356 5463 2408 5505 ,ω
2432 5460 2551 5514 Act.
2587 5472 2625 5519 ι,
2657 5454 2710 5506 4.
2828 5454 2871 5484 ⁸⁸
2904 5453 3022 5507 Act.
3054 5470 3104 5516 x,
3134 5453 3222 5506 41.
3319 5452 3358 5482 ³⁷
3391 5451 3554 5505 Marc.
3580 5467 3632 5512 v,
3683 5447 3784 5503 .55.

2217 5682 2357 5747 apud
2394 5682 2633 5736 Marcum
2675 5683 2794 5736 loco
2829 5699 2988 5752 supra
3038 5682 3223 5742 citato,
3263 5695 3370 5734 non
3413 5680 3597 5736 Matth.
3642 5695 3785 5743 χχιι,

2211 5754 2299 5816 50,
2335 5763 2393 5806 ut
2431 5753 2484 5806 in
2513 5753 2598 5807 ed.
2636 5753 2804 5822 priori
2836 5768 3156 5822 expressum
3188 5761 3322 5803 erat.
