4006 6202
250 182 345 249 161

315 301 518 357 EPAN.
540 301 673 354 Τίνα
706 302 879 356 ταῦτα
896 318 911 367 ;

311 390 464 444 ΟΡΘ.
496 390 615 442 Τῶν
641 391 1024 460 ἀνισταμένων
1056 391 1125 447 τὰ
1156 391 1405 463 σώματα,
1447 393 1546 445 οὐκ
1570 391 1822 461 ἄφθαρτα

241 485 535 551 γενήσεται
569 483 658 534 καὶ
686 482 925 535 ἀθάνατα
949 500 963 548 ;

310 571 518 625 ΕΡᾹΝ.
582 570 768 633 Οὕτως
817 575 964 643 ἡμᾶς
1014 574 1043 625 ὁ
1101 573 1245 638 θεῖος
1302 574 1514 639 Παῦλος
1591 575 1816 640 ἐδίδαξε.

245 684 263 716 σ
286 664 583 732 Σπείρεται
614 662 741 732 γὰρ,
770 663 898 735 ἔφη,
924 668 982 719 ὲν
1007 666 1203 737 φθορᾷ,
1229 668 1503 739 ἐγείρεται
1525 670 1581 722 ὲν
1604 669 1821 739 ἀφθαρ-

239 755 347 825 σία.
383 755 676 824 Σπείρεται
705 755 763 808 ὲν
802 756 1021 826 ἀτιμίᾳ,
1046 758 1342 828 ’ἐγείρεται
1373 760 1429 810 ὲν
1473 757 1618 830 δόξῃ.
1654 758 1819 812 Σπει-

240 863 388 916 ρεται
423 848 483 898 ὲν
516 847 790 917 ἀσθενείᾳ,
834 848 1108 918 ἐγείρεται
1153 851 1209 901 ὲν
1247 849 1494 919 δυνάμει.
1527 851 1817 923 Σπείρεται

235 935 394 1004 σῶμα
426 934 682 1005 ψυχικὸν,
712 936 986 1006 ἐγείρεται
1023 937 1180 1007 σῶμα
1217 940 1652 1009 πνευματικόν.»

298 1109 455 1162 ΟΡΘ.
510 1107 653 1160 Ἀλλ’
683 1111 711 1161 ὁ
752 1109 976 1178 Κύριος,
1010 1108 1199 1179 ἄπηρα
1226 1108 1337 1161 »καὶ
1370 1108 1626 1178 ἀλώϐητα
1676 1108 1814 1161 πάν-

228 1217 336 1253 των
365 1199 676 1270 ἀνθρώπων
711 1200 940 1270 ἐγείρων
966 1200 1033 1252 τὰ
1068 1199 1296 1269 σώματα
1316 1216 1331 1228 ·
1360 1200 1483 1252 οὔτε
1513 1200 1622 1269 γὰρ
1645 1200 1813 1268 χωλό-

226 1310 349 1362 της,
385 1292 515 1344 οὔτε
548 1291 821 1360 τυφλότης
852 1293 910 1343 ἐν
930 1296 1046 1354 τοῖς
1077 1290 1458 1361 ἀνισταμένας
1478 1291 1809 1360 εὑρίσκεται·

227 1384 304 1453 τῷ
344 1383 534 1453 οἰκείῳ
568 1382 781 1452 σώματι
816 1383 913 1445 τὰς
962 1384 1028 1435 ἐκ
1078 1381 1187 1435 τῶν
1239 1381 1383 1453 ἥλων
1438 1380 1813 1450 γεγενημένας

225 1477 543 1547 διατρήσεις
573 1474 860 1536 κατέλιπε,
894 1475 988 1527 καὶ
1022 1474 1120 1545 τὴν
1150 1475 1248 1543 τῆς
1282 1475 1521 1545 πλευρᾶς
1556 1471 1808 1542 ὠτειλὴν,

225 1570 322 1620 καὶ
365 1567 559 1621 τούτου
608 1567 883 1637 μάρτυρες
924 1566 1087 1630 αὑτός
1128 1584 1190 1619 τε
1247 1569 1274 1620 ὁ
1313 1567 1538 1638 Κύριος,
1588 1566 1680 1619 καὶ
1714 1564 1809 1619 τοῦ

223 1661 397 1730 Θωμᾶ
419 1662 478 1714 αἱ
512 1662 713 1729 χεῖρες.
1520 1678 1523 1679 '

232 1762 235 1763 ί
290 1751 500 1804 EPAN.
550 1750 791 1818 ’Δληθές.

291 1844 455 1897 ΟΡΘ.
487 1844 552 1896 Et
584 1844 767 1896 τοίνυν
812 1841 951 1913 μετὰ
995 1842 1094 1913 τὴν
1146 1843 1441 1903 ἀνάστασιν
1487 1840 1694 1911 τροφῆς
1747 1856 1808 1892 τε

260 1933 531 1987 ετὲλαϐεν
582 1936 610 1987 ὁ
640 1934 939 2004 Δεσπότης,
999 1934 1093 1986 καὶ
1133 1933 1232 1997 τὰς
1269 1935 1457 2004 χεῖρας
1499 1929 1667 1996 ἔδειξε
1714 1930 1810 1983 καὶ

214 2029 354 2090 τοὺς
386 2026 556 2089 πόδας
580 2029 685 2089 τοῖς
722 2025 1014 2097 μαθηταῖς,
1030 2025 1240 2087 καὶτὰς
1270 2027 1328 2079 ὲν
1354 2024 1563 2087 τούτοις
1588 2023 1811 2094 διατρή-

218 2137 339 2183 σεις
385 2118 498 2173 τῶν
532 2118 695 2188 ἥλων,
722 2119 817 2170 καὶ
844 2117 1027 2188 μέντοι
1055 2134 1119 2186 γε
1152 2118 1246 2170 καὶ⁷
1281 2116 1378 2187 τὴν
1421 2116 1678 2193 πλευρὰν,
1715 2116 1808 2168 καὶ

218 2211 317 2281 τὴν
348 2211 409 2261 ὲν
453 2209 591 2278 αὐτῇ
623 2208 1011 2280 γεγενημένην
1038 2210 1101 2261 ὲκ
1143 2208 1243 2278 τῆς
1285 2206 1501 2277 πληγῆς
1558 2204 1804 2272 ὠτειλὴν,

218 2304 314 2356 καὶ
341 2302 450 2371 ἔφη
485 2300 624 2370 πρὸς
657 2300 887 2363 αὐτούς’
927 2319 946 2351 ι
972 2300 1343 2372 Ψηλαφήσατέ
1391 2316 1479 2370 με,
1513 2297 1606 2351 καὶ
1642 2298 1802 2360 ἴδετε,

222 2395 308 2447 ὅτι
340 2392 564 2463 πνεῦμα
616 2393 796 2463 σάρκα
834 2393 926 2446 καὶ
969 2392 1131 2446 ὀστέα
1178 2393 1280 2446 οὐκ
1314 2391 1447 2460 ἔχει,
1478 2388 1662 2450 καθὼς
1704 2388 1805 2457 ἐμὲ

215 2486 481 2556 θεωρεῖτε
545 2482 771 2553 ἔχοντα·
804 2501 823 2534 ι
879 2484 1192 2553 μεμένηκεν
1228 2484 1336 2555 ἄρα
1378 2481 1473 2535 καὶ
1526 2480 1663 2550 μετὰ
1706 2477 1804 2549 τὴν

217 2577 521 2631 ἀνάστασιν
554 2576 587 2644 ὴ
614 2573 707 2626 τοῦ
744 2574 997 2645 σώματος
1036 2574 1221 2644 φύσις,
1256 2574 1349 2627 καὶ
1376 2574 1456 2635 είς
1488 2571 1682 2640 ἑτέραν
1708 2569 1802 2622 ού-

217 2668 339 2721 σίαν
371 2668 440 2720 οὗ
478 2664 809 2736 μετεϐλήθη.
1630 2720 1643 2735 ,

281 2757 503 2812 EPAN.
541 2756 751 2809 Οὐκοῦν
780 2756 875 2809 καὶ
906 2755 1100 2825 θνητόν
1125 2757 1243 2810 ἐστι
1268 2755 1364 2809 καὶ
1397 2753 1639 2823 παθητὸν
1665 2751 1804 2823 μετά

216 2852 312 2923 τὴν
336 2851 675 2913 ἀνάπασιν;

1310 190 1687 251 DIALOGUS
1726 191 1787 250 II
1850 216 1920 226 --
1960 194 2447 262 lNCONFUSUS.

1857 307 1903 362 Δ
2004 305 2208 362 ERAN.
2239 310 2495 375 Quaenam
2527 313 2677 367 haec?

1835 1643 1884 1702 B

3404 215 3506 279 1C2

1998 397 2207 452 ωιτη.
2233 403 2389 456 Anne
2415 406 2866 461 resuscitatorum
2903 426 3134 479 corpora
3171 413 3505 489 incorrupti-

1925 489 2054 545 bilia
2084 505 2251 549 erunt
2279 505 2334 549 et
2363 497 2729 554 immortalia?

1997 581 2199 638 ERAN.
2236 583 2328 639 Sic
2388 604 2487 642 nos
2532 589 2751 645 divinus
2776 592 2977 650 Paulus
3015 595 3221 653 docuit.
3271 622 3289 651 ι
3323 601 3503 658 Semi-

1920 685 2084 728 natur
2102 676 2272 741 enim,
2307 680 2504 748 inquit,
2539 681 2593 735 in
2619 685 2993 754 corruptione,
3020 690 3194 761 surgit
3221 692 3276 755 in
3323 693 3505 750 incor-

1921 767 2198 837 ruptione.
2232 769 2547 826 Seminatur
2582 775 2634 827 in
2667 774 2989 846 ignominia,
3013 782 3191 853 surgit
3220 784 3276 839 in
3304 788 3498 856 gloria.

1920 855 2236 913 Seminatur
2277 859 2328 914 in
2379 861 2729 932 inﬁrmitate,
2774 871 2950 941 surgit
3019 872 3073 928 in
3128 855 3353 933 virtute.
3399 879 3500 936 Se-

1919 945 2161 1000 minatur
2235 965 2435 1020 corpus
2504 955 2760 1023 animale,
2816 963 2991 1033 surgit
3054 980 3256 1036 corpus
3334 971 3497 1041 spiri-

1919 1040 2065 1094 tuale
2094 1041 2158 1095 ".
2201 1063 2218 1093 ι
2293 1037 2306 1049 ’

1991 1128 2201 1185 ORTH.
2230 1133 2335 1188 Sed
2396 1137 2681 1206 Dominus,
2737 1143 2832 1214 qui
2888 1145 3113 1202 minime
3150 1151 3364 1217 mutila,
3401 1153 3498 1207 sed

1918 1216 2125 1289 integra
2156 1225 2401 1277 omnium
2423 1227 2705 1283 hominum
2754 1247 2983 1304 corpora
3037 1240 3268 1294 suscitat
3292 1242 3495 1312 (neque

1916 1308 2061 1361 enim
2090 1311 2434 1379 claudicatio,
2467 1333 2568 1373 nec
2611 1321 2824 1376 caecitas
2858 1324 2911 1377 in
2958 1308 3376 1397 resurgentibus
3402 1308 3491 1387 in-

1914 1399 2247 1473 venitur).in
2288 1420 2387 1458 suo
2413 1414 2592 1463 tamen
2616 1426 2847 1481 corpore
2881 1416 3161 1472 clavorum
3196 1420 3489 1486 foramina,

1914 1497 1972 1543 et
2009 1490 2193 1545 lateris
2226 1494 2425 1551 vulnus
2449 1498 2674 1569 reliquit
2702 1519 2714 1554 :
2742 1505 2901 1574 cujus
2950 1508 3025 1561 rei
3058 1517 3223 1565 testes
3253 1521 3402 1577 sunt,
3436 1521 3493 1569 et

1915 1580 2031 1650 ipse
2055 1583 2337 1650 Dominus,
2369 1597 2424 1641 et
2456 1594 2650 1645 manus
2678 1593 2900 1650 Thema:
2930 1596 2991 1650 ‘9.

1982 1756 2190 1812 ERAN.
2219 1761 2421 1815 Verum
2446 1774 2548 1818 est.

1980 1847 2195 1904 ORTH.
2251 1852 2307 1907 Si
2368 1854 2537 1925 igitur
2595 1867 2721 1926 post
2772 1864 3239 1919 resurrectionem
3301 1867 3488 1924 cibum

1911 1943 2147 2011 sumpsit
2192 1944 2484 2010 Dominus,
2540 1964 2845 2020 manusque
2888 1960 2943 2006 et
2991 1955 3160 2023 pedes
3205 1957 3491 2028 discipulis

1908 2035 2168 2099 ostendit,
2192 2045 2246 2090 et
2278 2052 2401 2107 quae
2444 2038 2500 2092 in
2535 2038 2622 2094 his
2647 2052 2799 2097 erant
2856 2042 3121 2100 foramina
3180 2047 3483 2115 clavorum,

1907 2124 2149 2193 itemque
2176 2125 2318 2181 latus
2348 2143 2472 2181 cum
2498 2128 2691 2184 inﬂicti
2721 2131 2965 2187 vulneris
2983 2135 3233 2207 vestigio,
3262 2148 3318 2193 et
3350 2139 3491 2194 dixit

1907 2214 2050 2268 illis:
2092 2216 2244 2284 121,
2284 2235 2301 2267 ι
2332 2217 2553 2287 Palpate
2587 2234 2695 2285 me,
2753 2229 2804 2275 et
2832 2221 3041 2289 videte,
3097 2226 3224 2294 quia
3258 2227 3490 2296 spiritus

1896 2306 2128 2360 carnem
2174 2314 2231 2358 et
2282 2321 2403 2360 ossa
2449 2321 2559 2361 non
2600 2294 2785 2372 habet,
2838 2309 2980 2364 sicut
3036 2327 3125 2367 me
3159 2294 3361 2370 videtis
3384 2317 3489 2372 ba-

1907 2389 2142 2456 bere”;
2185 2410 2203 2441 ι
2243 2392 2443 2447 mansit
2486 2394 2650 2449 etiam
2682 2404 2806 2465 post
2854 2401 3315 2457 resurrectionem
3360 2420 3484 2459 cor-

1904 2482 2059 2551 ‘poris
2129 2492 2322 2538 natura
2394 2502 2498 2541 nec
2548 2487 2603 2541 in
2633 2488 2793 2543 aliam
2848 2490 3213 2548 substantiam
3271 2504 3487 2553 mutata

1907 2580 2012 2628 est.
2827 2612 2850 2628 ο
3200 2602 3209 2605 ”

1978 2756 2187 2812 ERA‘N.
2222 2758 2319 2812 Est
2367 2758 2534 2829 igitur
2585 2767 2641 2813 et
2692 2762 2922 2817 mortale
2955 2770 3012 2817 et
3057 2764 3316 2834 passibile
3364 2775 3491 2838 post

1909 2851 2374 2906 resurrectionem
2386 2852 2416 2921 ,ἲ

284 2942 452 2995 ΟΡΘ.
493 2939 781 3009 Οὐδαμῶς,
823 2939 939 2994 ἀλλ’
969 2939 1268 3010 ἄφθαρτον,
1294 2934 1403 2993 ’καὶ
1449 2937 1675 3003 ἀπαθὲς,
1707 2935 1802 2991 καὶΙ

1974 2941 2185 2998 ORTH.
2238 2943 2619 3014 Nequaquam,
2666 2946 2763 3001 sed
2807 2946 3259 3020 incorruptibile,
3295 2958 3351 3006 et
3386 2953 3491 3007 im-

217 3035 518 3088 ἀθάνατον.

284 3128 504 3181 ΕΡᾹΝ.
539 3127 603 3181 Et
658 3125 933 3195 ἄφθαρτόν
963 3125 1102 3190 ὲστι,
1143 3124 1236 3176 καὶ
1268 3121 1499 3185 ἀπαθὲς,
1541 3122 1634 3175 καὶ
1669 3122 1806 3176 ἀθά-

219 3238 402 3285 νατον,
454 3222 536 3283 είς
562 3220 758 3290 ἑτέραν
792 3216 1196 3288 μεταϐέϐληται
1231 3215 1415 3285 φύσιν.

283 3313 450 3365 ΟΡΘ.
509 3312 814 3381 Τοιγαροῦν
853 3311 945 3362 καὶ
981 3308 1052 3362 τὰ
1099 3309 1315 3362 πάντων
1363 3307 1667 3378 ἀνθρώπων
1697 3310 1802 3362 σώ-

222 3421 368 3474 ματα
411 3404 496 3461 εἰς
547 3403 741 3472 ἑτέραν
779 3402 967 3454 οὐσίαν
1009 3398 1500 3470 μεταϐληθήσετάι·
1556 3399 1807 3471 ἄφθαρτα

219 3498 326 3567 γὰρ
355 3496 583 3550 ἅπαντα
611 3495 710 3547 καὶ
743 3494 983 3547 ἀθάνατα
1024 3491 1196 3545 ἔσται·
1234 3493 1265 3563 ἢ
1296 3493 1395 3545 οὐκ
1429 3495 1672 3563 ἀκήκοας
1711 3491 1804 3546 τοῦ

231 3587 566 3640 Ἀποατόλου
598 3587 848 3654 λέγοντος
871 3601 883 3613 ·
924 3604 943 3637 ι
976 3586 1069 3636 Δεῖ
1108 3586 1220 3654 γὰρ
1261 3584 1323 3637 τὸ
1364 3585 1607 3657 φθαρτὸν
1648 3586 1805 3640 τοῦτο

220 3678 549 3732 ἐνδύσασθαι
584 3676 916 3747 ἀφθαρσίαν,
963 3676 1057 3729 καὶ
1105 3676 1165 3728 τὸ
1212 3676 1404 3745 θνητὸν
1453 3676 1613 3731 τοῦτο
1656 3678 1805 3732 ἐνδύ-

223 3770 423 3824 σασθαι
459 3768 766 3821 ἀθανασίαν
790 3784 802 3828 ;
850 3785 868 3817 ι
1020 3788 1026 3794 -
1152 3792 1155 3793 ν

287 3862 480 3916 ΕΡΔΝ
488 3904 501 3917 .
546 3862 809 3930 Ἀκήκοα.

285 3954 451 4008 ΟΡΘ.
480 3954 696 4007 Οὐκοῦν
728 3953 880 4021 μένει
919 3953 1016 4019 μὲν
1046 3953 1079 4021 ἡ
1108 3950 1293 4020 φύσις,
1324 3952 1720 4021 μεταϐάλλεται
1749 3953 1805 4006 δὲ

222 4048 389 4118 αὐτῆς
428 4047 487 4098 τὸ
524 4044 764 4115 φθαρτὸν
793 4046 873 4106 εἰς
902 4042 1231 4113 ἀφθαρσίαν,
1268 4043 1362 4095 καὶ
1403 4042 1465 4095 τὸ
1497 4043 1687 4113 θνητὸν
1726 4045 1805 4107 εἰς

220 4139 551 4192 ἀθανασίαν.
598 4138 969 4204 Σκοπήσωμεν
1025 4133 1081 4186 δὲ
1146 4134 1363 4187 οὑτωσί·
1415 4135 1476 4186 τὸ
1543 4133 1804 4189 ἀσθενοῦν

221 4228 379 4299 σῶμα
418 4229 517 4280 καὶ
544 4227 605 4278 τὸ
623 4227 886 4294 ὑγιαῖνον,
934 4224 1092 4294 σῶμα
1131 4224 1404 4294 καλοῦμεν
1441 4224 1662 4295 ὁμοίως.

280 4404 502 4458 ΕΡΛΝ.
538 4401 718 4472 Ναιχί.

277 4494 452 4548 ΟΡΘ.
480 4493 631 4545 Διατί
655 4509 670 4559 ;

280 4587 502 4642 EPAN.
545 4585 757 4653 Ἐπειδὴ
790 4586 1009 4656 μετέχει
1044 4585 1144 4654 τῆς
1179 4583 1347 4653 αὐτῆς
1385 4582 1572 4647 οὐσίας
1594 4583 1663 4637 τὰ
1694 4586 1803 4655 ἀμ-

219 4682 341 4751 φᾶτε
351 4698 435 4751 ρα
446 4721 459 4733 .

279 4772 451 4825 ΟΡΘ.
480 4770 591 4823 Καὶ
623 4768 728 4840 μὴν
769 4768 1030 4837 πλείστην
1059 4769 1117 4819 ὲν
1154 4767 1333 4831 αὐτοῖς
1368 4768 1583 4839 ὁρῶμεν
1616 4769 1803 4840 διαφο.

219 4864 335 4930 ρὰν.
388 4862 472 4913 Τδ
522 4862 618 4931 μὲν
679 4860 789 4931 γάρ
848 4862 994 4911 ἐστιν
1036 4859 1186 4927 ὑγιές
1218 4876 1278 4911 τε
1319 4860 1411 4912 καὶ
1454 4861 1677 4931 ἄρτιον,
1708 4863 1803 4917 καλ⁵

217 4956 568 5023 ἀπήμαντον
595 4952 655 5004 τὸ
679 4952 735 5004 δὲ
767 4951 799 5015 ἦ
829 4950 918 5002 τὸν
958 4948 1232 5019 ὀφθαλμὸν
1277 4951 1711 5022 ἐκκεκομμένον,
1763 4952 1796 5023 ἢ

217 5045 272 5096 τὸ
308 5045 506 5108 σκέλος
532 5043 645 5113 ἔχει
679 5041 1085 5112 πεπληγμένον,
1118 5041 1150 5112 ἢ
1186 5040 1313 5095 ἄλλο
1365 5059 1416 5094 τι
1449 5042 1620 5106 πάθος
1653 5060 1796 5112 παγ-

218 5136 480 5206 χεὶλετεον.

288 5228 497 5280 ΕΡΔΝ.
545 5225 706 5279 Ἀλλὰ
736 5224 867 5295 περὶ
896 5222 993 5295 τὴν
1022 5222 1190 5291 αὐτὴν
1221 5222 1381 5291 φύσιν
1427 5222 1686 5297 ἑκάτερον
1717 5226 1803 5294 γί-
1860 5219 1867 5226 ’

219 5337 398 5383 νεῖται,
437 5320 532 5373 καὶ
564 5318 744 5386 ὑγεία,
781 5318 875 5369 καὶ
901 5315 1178 5370 ἀσθένεια.

285 5408 448 5463 ΟΡΘ.
494 5409 706 5462 Οὐκοῦν
747 5408 809 5461 τὸ
854 5408 1014 5477 σῶμα
1044 5407 1235 5460 οὐσίαν
1277 5407 1526 5477 κλητέον,
1568 5412 1663 5464 καὶ
1702 5412 1799 5483 τὴν

217 5504 381 5556 νότον
412 5504 505 5555 καὶ
536 5502 634 5572 τὴν
668 5499 856 5568 ὑγείαν
891 5498 1254 5570 συμϐεϐηκός.

1908 3035 2195 3104 passibile,
2225 3044 2281 3090 et
2303 3036 2632 3091 immortale.

1979 3126 2186 3181 ERAN.
2220 3127 2276 3182 Si
2313 3137 2397 3182 est
2438 3127 2878 3200 incorruptibile,
2935 3139 2992 3185 et
3038 3132 3398 3203 impassibile,
3430 3144 3489 3191 et

1909 3219 2236 3283 immortale,
2262 3219 2316 3273 in
2340 3218 2502 3274 aliam
2532 3230 2785 3277 naturam
2811 3231 3085 3278 mutatum
3118 3234 3223 3280 est.

1976 3309 2183 3365 ORTH.
2214 3313 2357 3385 Ergo
2393 3315 2642 3369 omnium
2683 3332 2905 3387 quoque
2936 3319 3221 3374 hominum
3254 3337 3487 3393 corpora

1906 3401 1963 3456 in
1993 3402 2154 3456 aliam
2189 3404 2551 3461 substantiam
2597 3410 2970 3464 mutabuntur.
3034 3411 3485 3483 lncorruptibilia
3577 3429 3589 3443 '

1905 3493 2056 3548 enim
2106 3504 2269 3550 erunt
2309 3498 2514 3563 omnia,
2552 3507 2610 3553 et
2667 3500 3017 3555 immortalia.
3074 3504 3231 3558 Anne
3276 3504 3484 3560 audisti

1905 3584 2225 3653 Apostolum
2276 3586 2550 3642 dicentem
2587 3606 2600 3640 :
2636 3608 2653 3638 ι
2680 3588 2910 3659 Oportet
2938 3592 3085 3645 enim
3127 3596 3485 3679 corruptibile

1905 3674 2013 3728 hoc
2043 3674 2272 3728 induere
2293 3674 2896 3745 incorruptibilitatem,
2923 3687 2978 3733 et
3006 3682 3237 3737 mortale
3262 3674 3367 3739 hoc
3392 3685 3483 3740 in-

1903 3766 2075 3821 duere
2098 3767 2565 3825 immortalitatem
2590 3770 2632 3801 ⁵¹
2658 3769 2682 3823 ?
2725 3789 2743 3820 ι

1976 3860 2184 3918 EBAN.
2227 3865 2447 3919 Audivi.

1977 3954 2382 4009 0RTll.Manet
2412 3956 2578 4023 igitur
2594 3964 2811 4022 natura,
2846 3965 3092 4011 mutatur
3121 3967 3307 4014 autem
3333 3962 3484 4032 quod

1905 4048 2025 4117 ejus
2074 4056 2160 4101 est
2210 4047 2571 4117 corruptibile
2617 4048 2672 4102 in
2731 4048 3222 4119 incorruptionem,
3248 4061 3305 4107 et
3336 4055 3485 4124 quod

1904 4138 2135 4192 mortale
2171 4146 2258 4191 est
2284 4138 2339 4191 in
2374 4139 2862 4192 immortalitatem.
2904 4141 2920 4158 '
2954 4139 3044 4193 Sic
3076 4147 3260 4195 autem
3298 4145 3483 4199 consi-

1906 4228 2183 4282 deremus.
2203 4227 2487 4282 lnﬁrmum
2514 4244 2737 4298 corpus,
2771 4237 2827 4283 et
2847 4229 2993 4299 quod
3016 4245 3212 4286 sanum
3232 4240 3337 4301 est,
3365 4250 3499 4311 cor-q

1828 4303 1882 4364 υ
1907 4336 2010 4390 pus
2036 4320 2264 4389 perinde
2295 4319 2654 4389 appellamus.

1975 4412 2183 4467 ERAN.
2225 4414 2300 4466 lla
2330 4420 2434 4466 cst.

1977 4506 2186 4561 ORTIl.
2211 4505 2382 4570 Ouam
2407 4506 2476 4560 ob
2503 4506 2763 4561 causam?

1978 4601 2183 4654 ERAN.
2222 4599 2357 4666 Quia
2390 4608 2684 4668 utrumque
2727 4597 2975 4653 eamdem
3016 4598 3183 4657 habet
3224 4601 3482 4659 substan-

1908 4691 2060 4743 tiam.

1977 4778 2185 4834 Oll'l‘ll.
2222 4779 2287 4832 Et
2306 4788 2483 4833 tamen
2509 4777 2800 4831 maximam
2835 4778 2889 4831 in
2916 4779 3002 4834 his
3021 4783 3299 4837 cernimus
3320 4782 3481 4837 diﬂ‘e-

1906 4873 2160 4927 rentiam.
2183 4872 2296 4926 Hoc
2326 4871 2472 4924 enim
2498 4886 2691 4924 sanum
2720 4877 2824 4935 est,
2854 4871 3125 4942 integrum
3151 4882 3207 4927 et
3228 4872 3476 4929 illaasum.

1905 4967 1985 5021 llli
2017 4981 2149 5019 vero
2176 4965 2261 5018 vel
2296 4963 2492 5018 oculus
2533 4962 2789 5026 effossus,
2822 4963 2919 5017 vel'
2945 4979 3072 5018 crus
3098 4964 3334 5019 fractum
3371 4975 3476 5031 est,

1902 5059 1987 5113 vel
2021 5057 2169 5112 aliud
2206 5055 2499 5125 quodpiam
2531 5069 2695 5125 grave
2721 5053 3150 5108 incommodum.

1965 5232 2173 5289 ERAN.
2206 5231 2313 5287 Sed
2354 5231 2409 5284 in
2450 5230 2643 5285 eadem
2694 5235 2891 5283 natura
2936 5227 3112 5283 haeret
3138 5234 3393 5298 utraque,
3420 5237 3476 5283 et

1899 5326 2124 5387 sanitas,
2149 5334 2205 5377 et
2236 5320 2546 5376 inﬁrmitas.

1973 5416 2128 5484 122
2155 5411 2364 5468 ORTH.
2392 5410 2610 5480 Corpus
2635 5408 2804 5478 igitur
2829 5408 3218 5479 appellandum
3236 5417 3323 5465 est
3341 5410 3474 5467 sub-

1900 5508 2101 5563 stantia
2135 5523 2147 5557 :
2179 5502 2406 5557 morbus
2438 5515 2570 5555 vero
2587 5509 2642 5555 et
2666 5500 2892 5565 sanitas,
2923 5499 3197 5555 accidens.

288 5620 337 5650 ⁸³
386 5618 408 5672 ι
437 5617 559 5673 Cor.
589 5633 678 5680 xv,
711 5614 873 5671 42-.“
974 5616 1018 5646 ‘9
1035 5615 1195 5669 Joan.
1236 5616 1431 5683 xx,27.
1510 5618 1554 5650 "
1583 5619 1896 5697 Βαθεῖαν,
1919 5625 2004 5679 59.
2082 5621 2165 5675 ⁸³1
2194 5619 2318 5675 Cor.
2347 5633 2433 5683 xv,
2465 5616 2551 5671 55.
