4006 6202
559 183 660 248 163

1543 176 2028 236 THEODORETI
2068 174 2404 235 EPISCOPI
2442 174 2805 235 CYRENSIS

3699 175 3797 236 18³3

620 288 830 348 ERAN.
860 287 1061 357 Utique
1088 303 1101 342 :
1137 302 1265 341 nam
1287 285 1506 355 corpori
1533 284 1650 338 haec
1676 281 2025 346 accidunt,et
2052 296 2120 335 re

2304 281 2505 335 EPAN.
2544 281 2780 347 Πάνυγεο
2832 279 3117 350 συμϐαίνει
3146 278 3256 352 γάρ
3282 279 3359 352 τῷ
3382 278 3589 350 σώματι
3620 283 3787 338 ταῦτά

557 381 778 436 cedunt.
800 378 826 405 "

618 465 828 522 ORTH.
858 465 1001 536 Ergo
1028 474 1085 520 et
1107 464 1392 535 corruptio
1422 470 1479 519 et
1508 476 1657 517 mors
1681 459 2129 523 accidentia,non

555 557 879 613 substantiae
916 556 1178 613 vocandae
1206 563 1338 611 sunt
1366 572 1381 610 :
1412 554 1683 611 accedunt
1714 552 1861 608 enim
1885 558 1942 606 et
1971 565 2128 605 rece-

546 652 573 702 sl
595 658 715 701 unt.

622 737 831 792 ERAN.
863 737 953 793 Sic
980 745 1273 793 vocentur.

617 827 826 883 OBTH.
853 828 996 898 Ergo
1018 828 1183 882 etiam
1227 826 1513 881 hominum
1552 841 1803 896 corpora,
1851 841 1882 879 a
1930 838 2122 879 corru-

552 918 744 989 ptione
771 919 994 988 quidem
1018 934 1145 973 cum
1179 926 1496 989 resurgunt,
1534 934 1564 972 a
1589 927 1767 972 morte
1792 916 1957 971 etiam
1985 915 2125 971 libe-

551 1020 766 1074 rantur,
802 1009 1080 1079 propriam
1115 1018 1301 1064 tamen
1325 1016 1581 1063 naturam
1606 1024 1719 1063 non
1737 1008 2017 1062 amittunt.

621 1100 830 1154 ERAN.
854 1101 995 1156 Vera
1028 1100 1187 1155 dicis.

620 1189 831 1247 ORTH.
866 1192 1012 1262 Ergo
1038 1190 1385 1247 Dominicum
1419 1205 1637 1260 quoque
1660 1203 1895 1259 corpus,
1946 1187 2127 1242 incor-

551 1284 811 1353 ruptibile
836 1284 1060 1354 quidem
1091 1282 1417 1347 resurrexit,
1446 1289 1502 1336 et
1538 1280 1873 1350 impassibile
1892 1319 1906 1345 ,
1938 1287 1994 1334 et
2025 1279 2127 1332 im-

550 1375 801 1438 mortale,
821 1382 878 1429 et
898 1374 1084 1430 divina
1101 1374 1273 1445 gloria
1288 1373 1669 1445 gloriﬁcatum,
1688 1379 1743 1426 et
1758 1387 1788 1424 a
1809 1370 2128 1426 ccelestibus

548 1466 916 1536 potestatibus
935 1466 1198 1521 adoratur
1224 1482 1238 1519 :
1267 1479 1472 1535 corpus
1496 1473 1678 1519 tamen
1705 1471 1810 1527 est,
1836 1463 2123 1533 pristinam

548 1555 760 1611 habens
789 1557 1385 1626 circumscriptionem.

2230 383 2315 437 γε,
2351 368 2447 421 καὶ
2473 368 2648 420 ἀποσυ
2657 368 2893 437 μϐαἰνει.

2302 458 2453 511 ΟΡΘ.
2484 457 2774 528 Τοιγάρτοι
2804 458 2899 511 καὶ
2929 456 3029 529 τὴν
3057 456 3287 529 φθοράν,
3321 460 3415 515 καὶ
3451 459 3544 514 τὸν
3568 462 3800 518 θάνατον

2231 547 2610 619 συμϐεϐηκὸς,
2645 550 2749 603 οὐκ
2796 548 2985 613 οὐσίας
3029 550 3357 621 ὀνομαστέον
3383 568 3397 583 ·
3440 553 3801 623 συμϐαίνουσι

2228 636 2357 709 γὰρ,
2390 640 2485 692 καὶ
2515 638 3007 710 ἀποσυμϐαἰνουσι.

2297 730 2499 785 EPAN.
2534 729 2692 786 Οῦτω
2728 730 2973 803 κλητέον.

2300 822 2452 877 ΟΡΘ.
2484 821 2695 876 Ούκοῦν
2720 825 2816 877 καὶ
2846 822 2916 877 τὰ
2944 822 3057 877 τῶν
3086 822 3387 893 ἀνθρώπων
3418 824 3668 896 σώματα,
3696 827 3800 899 τῆς

2230 912 2329 984 μὲν
2368 912 2575 985 φθορᾶς
2602 913 2937 983 ἀνιστάμενα
2974 913 3068 967 καὶ
3106 913 3208 983 τῆς
3255 912 3583 985 θνητότητος
3619 917 3799 972 ἀπαλ-

2226 1006 2498 1072 λάττεται,
2523 1005 2621 1076 τὴν
2654 1005 2711 1058 δέ
2746 1023 2809 1075 γε
2848 1004 3056 1059 οἰκείαν
3090 1005 3190 1059 ούκ
3220 1005 3449 1059 ἀπολύει
3475 1006 3663 1077 φύσιν.

2297 1099 2500 1153 EPAN.
2554 1098 2794 1168 Ἀληθές.

2296 1190 2449 1245 ΟΡΘ.
2492 1190 2603 1245 Καὶ
2630 1189 2692 1244 τὸ
2713 1188 3040 1255 Δεσποτικὸν
3062 1189 3353 1262 τοιγαροῦν
3378 1191 3558 1263 σῶμα,
3581 1193 3797 1265 ἄφθαρ.

2225 1299 2316 1336 τον
2357 1281 2458 1353 μὲν
2485 1280 2708 1351 ἀνέστη,
2740 1280 2837 1334 καί⁵
2863 1281 3089 1347 ἀπαθὲς,
3134 1281 3231 1335 καὶ
3273 1282 3561 1346 ἀθάνατον,
3600 1286 3696 1338 καὶ
3724 1287 3794 1357 τῇ

2226 1372 2348 1444 θείᾳ
2375 1370 2502 1443 δόξῃ
2527 1369 2937 1442 δεδοξασμένον,
2980 1372 3077 1426 καὶ
3122 1372 3277 1443 παρά
3310 1372 3421 1427 τῶν
3455 1374 3794 1445 ἐπουρανίων

2224 1460 2617 1530 προσκυνεῖται
2664 1457 2970 1529 δυνάμεων
3006 1459 3166 1530 σῶμα
3197 1459 3254 1512 δέ
3300 1460 3451 1531 ὅμως
3497 1460 3643 1529 ἐστὶ,
3693 1462 3797 1533 τὴν

2226 1549 2500 1622 προτέραν
2530 1548 2650 1619 ἔχον
2671 1549 3041 1619 περιγραφήν.

618 1646 823 1701 ΕΒΑΝ.
853 1647 912 1699 1η
948 1646 1035 1700 his
1060 1646 1284 1715 quidem
1316 1645 1638 1700 verisimilia
1663 1644 1848 1701 dicere
1880 1645 2119 1702 videris:

2295 1642 2498 1696 EPAN.
2558 1641 2648 1695 Ἑν
2699 1641 2798 1711 μέν
2871 1638 3080 1704 τούτοις
3127 1640 3313 1695 εἰκότα
3360 1641 3542 1710 λέγειν
3592 1642 3793 1706 δοκεῖς.

549 1736 645 1793 sed
679 1746 804 1807 post
836 1738 1217 1792 ascensionem
1258 1738 1316 1791 in
1345 1738 1536 1802 emlos,
1565 1752 1676 1792 non
1702 1746 1836 1807 puto
1860 1750 1913 1793 te
1942 1738 2123 1793 dictu-

546 1844 668 1883 rum
701 1828 848 1899 quod
879 1844 988 1883 non
1017 1829 1073 1882 in
1104 1828 1410 1883 divinitatis
1445 1835 1701 1883 naturam
1735 1836 2004 1884 mutatum
2029 1831 2120 1885 sit.

611 1918 819 1976 ORTll.
861 1920 975 1991 Ego
1002 1934 1134 1974 sane
1172 1934 1284 1973 non
1310 1919 1575 1983 dicerem,
1607 1919 1865 1973 humanis
1891 1935 2122 1989 persua-

543 2028 637 2068 sus
663 2013 990 2067 rationibus.
1029 2012 1220 2082 Neque
1252 2011 1401 2066 enim
1442 2011 1582 2067 adeo
1608 2028 1731 2067 sum
1772 2012 2121 2077 temerarius,

542 2113 605 2159 ut
652 2104 858 2174 aliquid
899 2104 1100 2168 dicam,
1137 2103 1206 2157 de
1247 2118 1357 2173 quo
1391 2103 1577 2157 divina
1608 2104 1767 2158 sileat
1815 2101 2120 2173 Scriptura.

541 2194 738 2249 Audivi
767 2201 952 2247 autem
985 2193 1237 2246 divinum
1263 2193 1493 2245 Paulum
1519 2192 1846 2267 clamantem
1882 2212 1895 2246 :
1939 2212 1957 2243 ι
1982 2193 2124 2248 Con-

542 2283 723 2337 stituit
746 2276 891 2337 Deus
913 2281 1059 2335 dicm
1090 2282 1148 2334 in
1182 2296 1293 2350 quo
1316 2266 1667 2351 judicaturus
1690 2288 1774 2335 est
1798 2281 1990 2335 orbem
2010 2291 2122 2336 ter-

542 2388 727 2425 rarum
757 2372 809 2425 in
841 2371 1053 2442 justitia
1088 2385 1188 2441 per
1215 2370 1397 2425 virum
1424 2385 1590 2439 quem
1617 2369 1922 2433 constituit,
1958 2368 2122 2425 ﬁdem

543 2463 794 2532 prmbens
835 2462 1125 2527 omnibus,
1162 2462 1435 2516 suscitans
1468 2476 1596 2515 eum
1648 2477 1678 2515 a
1724 2461 1959 2516 mortuis
1980 2462 2045 2517 ".
2095 2481 2114 2514 ι

543 2553 721 2608 Didici
764 2554 931 2608 etiam
971 2570 1003 2607 a
1072 2553 1277 2608 sanctis
1334 2552 1587 2623 angelis,
1640 2552 1760 2607 fore
1817 2563 1879 2608 ut
1936 2552 2123 2608 veniat

540 2661 608 2700 eo
662 2645 826 2700 modo
865 2661 975 2716 quo
1024 2646 1289 2700 viderunt
1344 2644 1524 2714 ipsum
1582 2643 1837 2714 discipuli
1894 2654 2121 2700 euntem

542 2736 597 2790 in
631 2738 831 2792 cmlum
854 2738 919 2791 ".
965 2737 1236 2793 Viderunt
1271 2744 1456 2790 autem
1499 2733 1978 2804 circumscriptam
2019 2750 2120 2789 na-

542 2836 745 2892 turam,
789 2844 900 2883 non
948 2828 1105 2897 123
1152 2826 1705 2895 incircumscriptam.
1749 2824 1950 2879 Audivi
1990 2840 2121 2879 vero

541 2919 707 2973 etiam
737 2919 1029 2972 Dominum
1061 2919 1243 2988 ipsum
1271 2916 1545 2971 dicentem

538 3011 674 3065 lium
710 3010 948 3065 hominis
982 3010 1296 3064 venientem
1328 3009 1385 3063 in
1410 3006 1655 3063 nubibus
1683 3008 1805 3063 coeli
1834 3008 1902 3060 “.
1945 3026 1962 3059 ι
1994 3006 2121 3062 Scio

539 3110 724 3156 autem
784 3099 1267 3172 circumscriptum
1313 3114 1435 3156 esse
1494 3099 1642 3171 quod
1690 3098 1759 3155 ab
1804 3098 2121 3154 hominibus

539 3194 808 3249 cernitur:
839 3194 1138 3249 Invisibilis
1175 3194 1323 3249 enim
1353 3202 1439 3249 est
1468 3202 1684 3259 natura,
1733 3208 1855 3262 quae
1900 3208 2011 3248 non
2035 3200 2121 3248 est

540 3284 976 3355 circumscripta.
1008 3284 1146 3339 Illud
1181 3284 1370 3349 etiam,
1407 3282 1603 3338 sedere
1642 3284 1699 3336 in
1753 3283 1953 3338 throno
2004 3284 2120 3354 glo-

420 3433 435 3450 ,
542 3378 658 3443 τίω,
691 3386 748 3433 et
778 3385 1020 3432 statuere
1063 3392 1233 3448 agnos
1264 3393 1295 3432 a
1334 3375 1563 3440 dextris,
1595 3374 1780 3429 hazdos
1816 3390 1948 3430 vero
1982 3391 2013 3430 a
2046 3376 2120 3431 si-

541 3467 818 3532 nistris",
853 3466 1422 3536 circumscriptionem
1460 3464 1750 3536 signiﬁcat.

605 3557 815 3611 ERAN.
846 3557 989 3628 Ergo
1020 3572 1091 3611 ne
1128 3557 1353 3625 quidem
1390 3564 1518 3609 ante
1562 3554 1997 3611 incarnationem
2032 3556 2115 3612 in-

539 3647 989 3718 circumscriptus
1032 3647 1156 3702 fuit.
1192 3638 1330 3702 Nam
1376 3646 1644 3717 propheta
1685 3647 1825 3702 vidit
1864 3648 2042 3719 ipsum
2084 3665 2116 3705 a

538 3738 858 3809 Seraphinis
891 3739 1292 3794 circumdatum
1320 3740 1409 3792 "'.

609 3827 822 3883 ORTH.
866 3829 990 3882 Non
1042 3828 1216 3897 ipsam
1242 3829 1384 3882 vidit
1421 3828 1691 3899 propheta
1725 3828 1821 3883 Dei
1850 3830 2109 3885 substan-

542 3918 692 3983 tiam,
733 3918 829 3973 sed
857 3918 1098 3988 speciem
1122 3919 1415 3988 quamdam
1451 3935 1552 3975 suo
1591 3921 1775 3990 captui
1806 3937 2113 3977 accommo-

539 4007 742 4062 datam.
775 4009 905 4063 Post
929 4010 1392 4064 resurrectionem
1421 4025 1573 4076 vero,
1603 4026 1793 4065 omnes
1817 4012 1986 4081 ipsam
2019 4014 2112 4083 ju-

538 4099 677 4156 dicis
704 4100 977 4154 visibilem
1011 4108 1239 4155 cerncnt
1262 4108 1535 4155 naturam.

611 4190 820 4245 ERAN.
853 4190 959 4257 Qui
994 4191 1275 4260 pollicitus
1297 4208 1359 4245 es
1381 4202 1432 4246 te
1460 4191 1599 4245 nihil
1635 4191 1753 4246 sine
1786 4192 2114 4249 testimoniis

538 4281 837 4347 dicturum,
869 4284 1120 4351 proprias
1148 4282 1310 4337 nobis
1331 4284 1690 4353 cogitationes
1721 4286 2001 4354 proponis.

606 4369 816 4425 ORTll.
844 4372 957 4441 Ego
1006 4372 1122 4426 haec
1144 4388 1211 4426 ex
1246 4372 1431 4427 divina
1458 4372 1740 4443 Scriptura
1781 4374 1969 4429 didici.
1998 4376 2116 4429 Au-

535 4462 649 4517 divi
676 4463 824 4517 enim
854 4464 1179 4518 Zachariam
1207 4466 1530 4536 prophetam
1554 4468 1826 4522 dicentem
1851 4486 1865 4522 :
1898 4486 1915 4520 ι
1947 4469 2115 4525 Vide-

537 4552 677 4608 bunt
716 4570 879 4624 quem
920 4556 1313 4611 transﬁxerunt
1336 4556 1403 4611 ⁵⁸.
1439 4576 1457 4609 ι
1498 4556 1785 4623 Quomodo
1815 4567 1997 4612 autem
2028 4575 2116 4614 se-

1592 2917 1646 2969 :‘
1682 2934 1700 2967 ι
1736 2914 2122 3010 Ϋί-ἁεὺίῑίεᾲῐξί·
2145 2949 2190 3010 c

2225 1732 2382 1788 Μετὰ
2412 1733 2471 1787 δέ
2504 1751 2569 1803 γε
2598 1734 2695 1805 τὴν
2750 1734 2830 1796 εἰς
2869 1732 3135 1801 οὐρανοὺς
3167 1731 3465 1803 ἀνάληψιν,
3508 1733 3609 1787 οὐκ
3637 1729 3795 1805 οἶμαί

2226 1843 2287 1879 σε
2317 1825 2512 1893 λέξειν,
2545 1825 2621 1890 ὡς
2647 1825 2748 1879 οὐκ
2772 1826 2852 1889 εἰς
2880 1822 3132 1892 θεότητος
3159 1822 3461 1894 μετεϐλήθη
3503 1822 3683 1894 φύσιν.

2295 1917 2448 1971 ΟΡΘ.
2503 1916 2643 1986 Ἐγὼ
2681 1917 2779 1988 μέν
2821 1917 2923 1970 οὐκ
2951 1915 3018 1970 ἂν
3057 1914 3243 1986 φαίην,
3273 1916 3635 1986 ἀνθρωπίνοις
3665 1935 3791 1971 πει-

2225 2010 2452 2081 θόμενος
2483 2010 2782 2080 λογισμοῖς.
2812 2009 2886 2062 Ού
2910 2007 3018 2081 γὰρ
3043 2007 3216 2074 οὕτως
3245 2010 3361 2079 εἰμὶ
3393 2009 3621 2081 θρασὺς,
3647 2009 3792 2064 ὥστε

2225 2101 2391 2170 φάναι
2418 2118 2472 2153 τι
2508 2100 2866 2171 σεσιγημένον
2899 2099 3051 2171 παρά
3088 2102 3153 2172 τῇ
3194 2099 3314 2170 θείᾳ
3354 2100 3565 2171 Γραφῇ.
3597 2102 3795 2154 Ἤκου-

2225 2210 2293 2247 σα
2337 2192 2520 2263 μέντοι
2552 2192 2647 2245 τοῦ
2684 2191 2831 2246 θείου
2866 2191 3081 2246 Παύλου
3116 2192 3375 2263 βοῶντος,
3413 2193 3491 2245 ὅτι
3528 2210 3547 2244 ι
3586 2193 3793 2262 Ἔστη-

2225 2299 2317 2335 σεν
2366 2284 2393 2335 ὀ
2428 2281 2560 2344 Θεὸς
2609 2282 2720 2352 (51)
2759 2283 2991 2353 ἡμέραν,
3034 2285 3093 2335 ἐν
3216 2282 3399 2353 μέλλει
3444 2283 3650 2353 κρίνειν
3688 2283 3793 2353 τὴν

2229 2373 2557 2443 οἰκουμένην
2592 2375 2648 2425 ἐν
2677 2372 2992 2443 δικαιοσύνῃ
3023 2375 3080 2427 ἐν
3111 2372 3266 2445 ἀνδρὶ
3303 2367 3347 2442 ᾦ
3386 2373 3574 2445 ὥρισε,
3608 2374 3794 2427 πίστιν

2224 2462 2521 2535 παρασχὼν
2549 2466 2734 2529 πᾶσιν,
2769 2466 3080 2537 ἀναστήσας
3108 2466 3173 2518 ἐκ
3200 2465 3408 2537 νεκρῶν
3429 2467 3591 2520 αύτόν
3618 2466 3787 2534 (52).»

2222 2557 2539 2627 Μεμάθηκα
2579 2556 2636 2609 δέ
2692 2558 2786 2610 καὶ
2817 2556 2970 2626 παρά
3013 2556 3120 2610 τῶν
3173 2558 3340 2626 ἁγίων
3389 2557 3667 2626 ἀγγέλων,
3706 2559 3795 2611 ὅτι

2222 2647 2397 2711 οῦτως
2446 2647 2725 2701 ἐλεύσεται
2762 2648 2821 2701 ὃν
2849 2650 3049 2718 τρόπον
3082 2647 3242 2701 αὐτὸν
3275 2643 3412 2701 εἶδον
3452 2648 3502 2701 οἰ
3552 2647 3797 2719 μαθηταὶ

2221 2731 2590 2810 πορεῦόμενον
2621 2741 2702 2804 εἰς
2731 2740 2822 2793 τὸν
2854 2742 3103 2812 οὐρανόν.
3137 2735 3291 2794 Εἶδον
3324 2741 3381 2794 δὲ
3414 2758 3797 2812 περιγεγραμ-

2226 2832 2395 2902 μένην
2422 2830 2607 2900 φύσιν,
2648 2832 2748 2885 οὐκ
2769 2832 3165 2903 ἀπερίγραφον.
3198 2834 3443 2886 Ἤκουσα
3470 2831 3527 2885 δέ
3571 2833 3665 2886 καὶ
3696 2831 3795 2885 τοῦ

2222 2924 2429 2997 Κυρίου
2456 2924 2723 2995 λέγοντος·
2756 2944 2775 2976 ι
2815 2924 3048 2995 Ὀψεσθε
3081 2923 3172 2979 τὸν
3202 2923 3330 2977 Υἰὸν
3362 2921 3457 2978 τοῦ
3504 2922 3797 2994 ἀνθρώπου

2222 3018 2515 3090 ἐρχόμενον
2536 3017 2648 3090 (55)
2674 3018 2765 3072 ἐπ)⁹
2792 3017 2901 3072 τῶν
2929 3016 3168 3087 νεφελῶν
3206 3016 3301 3070 τοῦ
3324 3014 3573 3088 ούρανοῦ.
3613 3034 3632 3069 ι
3678 3017 3800 3071 Καὶ

2219 3110 2336 3167 οἰδα
2366 3113 2882 3185 περιγεγραμμένον
2911 3114 2975 3166 τὸ
3016 3112 3107 3165 ὑπ’
3152 3109 3455 3182 ἀνθρώπων
3490 3108 3798 3182 ὁρώμενον.

2234 3204 2483 3270 ’Ᾱθέατος
2505 3206 2615 3277 γὰρ
2642 3207 2675 3276 ἠ
2715 3204 3091 3276 ἀπερίγραφος
3122 3202 3302 3273 φύσις.
3333 3203 3446 3256 Καὶ
3482 3202 3664 3273 μέντοι
3695 3203 3805 3255 καὶ

2218 3297 2303 3363 τὸ,
2360 3296 2580 3351 καθίσαι
2639 3296 2732 3349 ἐπὶ
2784 3295 2973 3367 θρόνου
3027 3293 3207 3365 δόξης,
3266 3292 3364 3347 καὶ
3416 3293 3611 3363 στῆσαι
3665 3295 3806 3358 τοὺς

2221 3390 2321 3459 μὲν
2343 3389 2547 3459 ἀμνοῦς
2573 3389 2637 3441 ἐκ
2667 3387 2876 3452 δεξιῶν,
2902 3387 3028 3450 τοὺς
3050 3385 3107 3440 δέ
3150 3385 3369 3458 ἐρίφους
3393 3386 3454 3451 ἐξ
3474 3384 3802 3457 εὐωνύμων,

2217 3478 2277 3531 τὸ
2306 3479 2814 3550 περιγεγραμμένον
2843 3478 3011 3547 δηλοῖ.

2290 3571 2490 3624 ΕΡΑΝ.
2554 3570 2762 3623 Οὐκοῦν
2820 3570 2941 3623 οὐδὲ
3002 3569 3108 3640 πρὸ
3170 3570 3269 3641 τῆς
3325 3569 3804 3640 ἐνανθρωπήσεως

2216 3662 2595 3734 ἀπερίγραφος
2625 3657 2711 3733 ἦν.
2732 3662 2866 3715 ’Υπὸ
2893 3662 3003 3733 γὰρ
3043 3662 3151 3715 τῶν
3184 3662 3435 3733 Σεραφὶμ
3462 3661 3626 3716 αὑτὸν
3651 3657 3802 3715 εἶδεν

2215 3756 2245 3808 ό
2282 3755 2569 3825 προφήτης
2608 3753 2993 3826 κυκλούμενον.

2285 3842 2435 3897 ΟΡΘ.
2466 3844 2582 3896 Ούκ
2616 3844 2786 3913 αὐτὴν
2826 3838 2966 3897 εἶδεν
3007 3845 3035 3897 ό
3062 3844 3347 3916 προφήτης
3375 3843 3469 3897 τοῦ
3506 3843 3643 3897 Θεοῦ
3686 3843 3800 3915 τὴν

2214 3932 2425 3991 ούσίαν,
2460 3933 2574 3986 ἀλλ’
2602 3933 2725 4003 δψιν
2748 3934 2869 3987 τινὰ
2909 3936 2973 4005 τῇ
2998 3933 3163 3987 αὐτοῦ
3195 3934 3421 4005 δυνάμει
3453 3934 3799 4004 συμϐαίνου-

2216 4041 2339 4077 σαν.
2377 4026 2531 4078 Μετά
2578 4025 2633 4077 δὲ
2685 4025 2783 4095 τὴν
2824 4027 3139 4091 ἀνάστασιν,
3197 4028 3435 4090 ἅπαντες
3478 4028 3647 4097 αὐτὴν
3690 4026 3799 4081 τοῦ

2214 4113 2403 4184 κριτοῦ
2437 4115 2534 4185 τὴν
2569 4116 2849 4186 ὁρωμένην
2894 4116 3117 4185 ὄψονται
3145 4100 3329 4185 φύσιν.

2287 4204 2484 4259 EPAN.
2526 4206 2920 4277 ’Υποσχόμενος
2946 4208 3099 4278 λόγον
3135 4208 3209 4281 μὴ
3239 4209 3417 4277 λέγειν
3444 4210 3800 4281 ἀμάρτυρον,

2142 4281 2185 4335 D
2214 4296 2505 4366 λογισμοὺς
2530 4300 2660 4369 ἡμῖν
2690 4301 2922 4364 οἰκείους
2948 4303 3294 4374 προσφέρεις.

2284 4387 2435 4440 ΟΡΘ.
2485 4387 2624 4454 Ἐγὼ
2651 4389 2825 4443 ταῦτα
2862 4391 3011 4463 παρά
3038 4393 3137 4463 τῆς
3163 4393 3313 4456 θείας
3346 4394 3625 4465 ἐδιδάχθην
3650 4394 3800 4465 Γρα-

2212 4480 2335 4547 φῆς.
2369 4478 2613 4531 Ἤκουσα
2638 4480 2745 4551 γὰρ
2771 4482 3039 4552 Ζαχαρίου
3070 4483 3165 4536 τοῦ
3206 4487 3482 4555 προφήτου
3515 4484 3797 4553 λέγοντοςο

2217 4586 2236 4617 ι
2276 4567 2536 4636 Ὄψονται
2569 4570 2649 4632 εἰς
2669 4570 2727 4622 ὃν
2757 4569 3134 4644 ἐξεκέντησαν.
3179 4593 3197 4625 ι
3240 4575 3441 4638 Πῶςδέ
3464 4575 3652 4643 ἕψεται
3687 4579 3799 4648 τῆς

534 4651 737 4711 quetur
786 4650 1015 4697 eventus
1062 4644 1428 4713 prophetiam,
1490 4646 1535 4699 si
1584 4644 1680 4716 qui
1715 4646 2114 4703 crucilixerunt

2230 4658 2548 4727 προφητείας
2591 4658 2651 4711 τὸ
2685 4659 2857 4724 τέλος,
2893 4661 3000 4714 τῶν
3026 4662 3444 4733 ἐπαυρωκότων
3475 4663 3549 4734 μὴ
3581 4644 3797 4735 γνωριο

535 4747 647 4784 non
691 4742 989 4802 agnoscent
1018 4750 1181 4803 quam
1223 4736 1616 4792 eruciﬁxerunt
1665 4738 1959 4792 naturam?
2004 4740 2116 4794 Au-

536 4821 651 4875 divi
677 4823 842 4877 etiam
875 4824 1172 4893 gloriosum
1199 4837 1494 4899 martyrem
1521 4828 1861 4897 Stephanum
1879 4830 2117 4885 claman-

540 4922 649 4967 tem
681 4931 699 4963 ι
731 4914 907 4970 :Ecce
934 4916 1095 4971 video
1116 4919 1283 4973 caalos
1309 4929 1549 4989 apertos,
1577 4930 1633 4975 et
1648 4920 1847 4975 Filium
1873 4921 2117 4977 hominis

538 5009 773 5058 stantem
808 5019 839 5058 a
869 5005 1077 5060 dextris
1116 5008 1211 5061 Dei
1229 5009 1295 5061 ⁸⁷.
1340 5029 1358 5061 ι
1397 5010 1545 5065 Vidit
1588 5014 1772 5065 autem
1800 5010 2075 5068 visibilem
2098 5053 2114 5079 ,

538 5106 649 5147 non
681 5094 1009 5151 invisibilem
1032 5105 1303 5153 naturam.

2213 4745 2412 4811 ζόντων
2453 4749 2520 4821 ἢν
2553 4750 2905 4821 ἐσταύρωσαν
2933 4752 3131 4821 φύσιν;
3173 4755 3421 4807 Ἤκουσα
3469 4755 3527 4807 δὲ
3566 4755 3795 4808 καὶτοῦ

2213 4839 2507 4913 νικηφόρου
2549 4841 2819 4911 Στεφάνου
2867 4843 3115 4914 βοῶντος·
3173 4863 3192 4897 ι
3247 4847 3379 4900 Ἰδοὺ
3425 4846 3615 4918 θεωρῶ
3656 4848 3797 4912 τοὺς

2213 4931 2481 5002 οὐρανοὺς
2522 4933 2921 5004 ἀνεῳγμένους,
2958 4936 3051 4989 καὶ
3083 4936 3174 4990 τὸν
3208 4938 3335 4992 Υίδν
3365 4937 3457 4992 τοῦ
3494 4937 3795 5009 ἀνθρώπου

2213 5022 2481 5095 ἑστηκότα
2531 5026 2597 5079 ἐκ
2645 5026 2837 5093 δεξιῶν
2890 5028 3002 5098 (54)
3047 5029 3138 5084 τοῦ
3179 5030 3335 5085 Θεοῦ.
3375 5050 3393 5083 ι
3434 5028 3555 5086 Εἷδε
3594 5031 3652 5084 δὲ
3686 5032 3796 5103 τὴν

2212 5113 2521 5187 ὁρωμένην,
2553 5118 2614 5171 ού
2640 5118 2739 5189 τὴν
2765 5119 2995 5192 ἀόρατον
3026 5120 3207 5191 φύσιν.

603 5231 796 5330 ξἰιλοι.
825 5234 1160 5330 ἑνιὶιρίἰηξδ
1339 5251 1377 5303 ι,
1410 5236 1498 5291 ll.
1565 5239 1613 5271 “
1630 5239 1822 5298 Matth.
1843 5260 1988 5311 xxvi,
2022 5245 2111 5302 64.
2203 5250 2250 5283 ⁵⁸
2272 5251 2466 5307 Matth.
2498 5269 2621 5321 xxv,
2647 5254 2835 5310 31—53.
2922 5256 2987 5288 ⁸⁵·
3008 5256 3111 5311 lsa.
3138 5272 3212 5323 vx,
3250 5257 3274 5311 l
3301 5270 3454 5330 seqq.
3538 5258 3587 5290 “
3611 5258 3796 5318 Zach.

540 5318 636 5367 an,
660 5302 746 5356 {0.
825 5302 868 5334 ⁸⁷
901 5303 1022 5358 Act.
1063 5320 1158 5370 vn,
1183 5306 1271 5361 56.

635 5413 726 5481 51)
764 5406 833 5467 ’0
865 5416 1016 5481 Θεός.
1053 5419 1132 5473 Ex
1164 5436 1310 5479 vers.
1348 5421 1418 5477 50
1448 5423 1691 5480 additur.

635 5416 698 5469 51
764 5413 833 5467 '0
865 5416 1016 5481 Θεός.
1053 5419 1132 5473 Ex
1164 5436 1310 5479 vers.
1348 5421 1418 5477 50
1448 5423 1691 5480 additur.

612 5413 729 5625 £53;
768 5484 864 5574 “Ex
894 5504 943 5541 ν.
975 5490 1099 5542 αύτ.
1135 5491 1241 5547 Pro
1266 5494 1427 5574 αύτὸν
1459 5496 1525 5547 ἐκ
1557 5498 1789 5567 νεκρῶν.

638 5554 706 5610 55
796 5554 949 5625 Ερχ.,
976 5574 1031 5612 κ.
1063 5575 1114 5615 τ.
1138 5559 1188 5615 λ.
1218 5561 1427 5619 Omissa
1460 5575 1588 5623 sunt
1613 5583 1733 5625 ause
1764 5569 1779 5624 l

638 5554 729 5624 55)
778 5554 949 5626 Ἐρχ.,
976 5574 1031 5612 κ.
1063 5575 1114 5615 τ.
1138 5559 1188 5615 λ.
1218 5561 1427 5619 Omissa
1460 5575 1588 5623 sunt
1613 5554 1733 5637 quae
1764 5569 1802 5624 l.
1828 5583 1877 5625 ε.
1905 5584 2109 5641 praece-

2218 5433 2716 5511 dunt,_>_t_c§0ﬁitevov
2731 5441 2813 5511 ἐκ
2832 5438 3021 5505 δεξιῶν
3049 5442 3147 5511 τῆς
3178 5441 3478 5511 δυνάμεως.

2289 5506 2401 5579 (54)
2418 5506 2568 5561 Ἐστ.
2582 5510 2647 5564 ἐκ
2663 5509 2773 5575 δεξ.
2798 5510 3033 5583 Recepta
3058 5506 3240 5579 lectio,
3266 5506 3329 5566 ἐκ
3342 5512 3531 5578 δεξιῶν
3545 5514 3763 5568 ἑστῶτα
3775 5547 3807 5567 .
