4006 6202
244 198 348 264 185

1301 196 1678 283 DIALOGUS
1720 196 1801 254 ΙΙ.
1842 219 1910 229 --
1949 195 2445 258 INCONFUSUS.

3406 201 3514 268 165

307 307 521 362 ΕΡΔΝ.
572 306 763 361 Ταῦτα
824 305 925 377 μὲν
981 304 1126 360 οὕτω
1178 307 1509 380 γέγραπται.
1574 307 1736 362 Ἀλλὰ
1771 306 1821 360 τί

2005 308 2213 364 ERAN.
2247 309 2374 364 llzec
2396 307 2619 379 quidem
2646 308 2725 364 sic
2751 307 2957 378 scripta
2986 318 3114 364 sunt
3144 327 3156 363 :
3183 310 3276 364 sed
3312 327 3515 384 corpus

241 401 430 471 σῶμα,
474 399 611 469 μετὰ
648 398 748 469 τὴν
804 399 883 461 είς
913 399 1175 468 οὐρανοὺς
1205 397 1491 471 ἀνάληψιν,
1531 401 1633 454 οὐκ
1676 394 1832 468 οἶμαι

243 507 304 544 σε
343 490 540 554 δείξειν
590 490 697 542 ύπδ
732 489 843 541 τῶν
900 491 1366 562 πνευματοφόρων
1402 491 1612 562 ἀνδρῶν
1661 508 1832 562 προσ-

239 582 642 652 αγορευόμενον
669 581 854 649 σῶμα.

307 673 723 727 υΡΘ.Μάλιστα
741 672 842 740 μὲν
868 672 963 726 καὶ
980 671 1050 725 τὰ
1072 675 1447 747 προειρημένα
1471 673 1565 728 τοῦ
1584 675 1834 744 σώματος

237 759 478 828 ὑπάρχει
501 759 780 828 δηλωτικὰ
807 776 820 790 ·
859 760 922 812 τὸ
949 760 1057 831 γὰρ
1084 760 1384 832 ὁρώμενον,
1431 763 1594 834 σῶμα
1617 781 1632 796 ο
1671 765 1834 829 δείξω

237 849 293 902 δὲ
331 851 506 918 ὅμως,
550 851 645 902 καὶ
694 849 834 920 μετὰ
871 849 970 922 τὴν
1009 851 1275 924 ἀνάληψιν
1298 852 1456 924 σῶμα
1499 854 1833 925 καλούμενον

233 939 330 993 τοῦ
363 941 642 995 Δεσπότου
681 940 742 993 τὸ
778 940 958 1012 σῶμα.
995 943 1263 996 ’Ἄκουσον
1298 945 1480 998 τοίνυν
1519 945 1614 998 τοῦ
1668 947 1833 1001 Ἀπο-

237 1032 431 1087 στόλου
472 1031 836 1096 διδάσκοντος
873 1051 892 1083 ι
948 1032 1138 1104 Ἠμῶν
1171 1033 1282 1104 γὰρ
1320 1035 1381 1089 τὸ
1422 1035 1726 1107 πολίτευμα
1774 1038 1834 1090 ἐν

235 1125 493 1196 οὐρανοῖς
533 1123 789 1195 ὑπάρχει,
826 1122 887 1187 ἐξ
931 1116 994 1177 οὗ
1014 1127 1108 1178 καὶ
1137 1125 1368 1199 Σωτῆρα
1413 1128 1832 1198 ἀπεκδεχόμεθα

233 1216 444 1286 Κύριον
482 1215 692 1286 Ἰησοῦν
721 1215 861 1286 (55),
886 1216 947 1280 ὃς
979 1218 1449 1287 μετασχηματίσει
1470 1219 1530 1272 τὸ
1553 1219 1712 1291 σῶμα
1730 1221 1832 1290 τῆς

231 1304 625 1368 ταπεινώσεως
653 1305 836 1376 ἡμῶν,
860 1307 942 1368 είς
970 1306 1032 1360 τὸ
1060 1308 1315 1376 γενέσθαι
1345 1309 1478 1363 αύτδ
1509 1309 1832 1382 σύμμορφον

231 1395 330 1450 τοῦ
373 1395 629 1467 σώματος
662 1396 772 1467 (56)
795 1400 896 1468 τῆς
931 1397 1094 1469 δόξης
1140 1399 1329 1456 αὐτοῦ.
1359 1419 1379 1454 ι
1415 1403 1490 1456 Ού
1521 1403 1702 1458 τοίνυν
1749 1405 1832 1468 είς

231 1489 436 1561 ἑτέραν
466 1488 872 1560 μεταϐέϐληται
921 1490 1106 1559 φύσιν,
1136 1491 1272 1546 άλλὰ
1309 1494 1587 1567 μεμένηκε
1640 1495 1828 1568 σῶμα,

231 1580 388 1644 θείας
414 1580 600 1651 μέντοι
627 1581 787 1653 δόξης
811 1581 1265 1654 πεπληρωμένον,
1289 1587 1385 1639 καὶ
1406 1587 1584 1656 φωτὸς
1606 1587 1824 1658 πέμπον

227 1675 486 1736 ἀκτῖνας·
521 1673 716 1744 ἐκείνῳ
757 1675 828 1727 τά
873 1674 982 1728 τῶν
1027 1675 1200 1744 ἁγίων
1253 1677 1481 1749 σώματα
1527 1681 1822 1751 γενήσεται

226 1765 562 1836 σύμμορφα.
588 1767 653 1819 Εί
690 1766 749 1820 δὲ
777 1768 856 1830 είς
887 1767 1082 1840 ἑτέραν
1105 1771 1284 1823 ἐκεῖνο
1307 1772 1614 1845 μετεϐλήθη
1638 1773 1821 1843 φύσιν,

219 1857 327 1910 καὶ
347 1857 425 1910 τὰ
450 1859 654 1912 τούτων
679 1858 948 1923 ὡσαύτως
983 1860 1479 1932 μεταϐληθήσεται.
1512 1863 1582 1916 Σύ
1592 1882 1824 1936 μμορφα

219 1948 346 2018 γὰρ
367 1947 564 2017 ἐκείνῳ
591 1949 904 2018 γενήσεται.
931 1950 993 2002 Εἰ
1025 1949 1082 2002 δὲ
1117 1950 1184 2004 τά
1217 1951 1328 2006 τῶν
1361 1952 1534 2022 ἁγίων
1563 1955 1823 2024 φυλάττει

221 2038 326 2092 τὸν
358 2039 685 2110 χαρακτῆρα
711 2041 812 2110 τῆς
845 2039 1082 2109 φύσεως,
1117 2042 1213 2096 καὶ
1245 2043 1306 2096 τὸ
1348 2046 1677 2101 Δεσποτικδν
1712 2047 1823 2118 ἄρα

220 2126 500 2190 ὡσαύτως
527 2127 622 2198 τὴν
647 2129 858 2182 οἰκείαν
883 2130 1074 2183 οὐσίαν
1102 2132 1481 2203 ἀμετάϐλητον
1513 2135 1647 2206 ἔχει.

302 2218 515 2271 EPAN.
554 2220 676 2272 Ἴοα
714 2220 896 2273 τοίνυν
930 2221 1084 2275 ἔσται
1117 2221 1195 2292 τῷ
1242 2225 1560 2296 Δεσποτικῷ
1606 2225 1822 2298 σώματι

224 2309 338 2362 τῶν
376 2310 553 2378 ἁγίων
579 2310 650 2364 τά
677 2309 907 2381 σώματα
929 2329 944 2379 ;

299 2401 457 2456 ΟΡΘ.
515 2402 628 2472 Τῆς
684 2403 785 2472 μὲν
833 2403 1168 2475 ἀφθαρσίας,
1219 2406 1314 2460 καὶ
1363 2407 1546 2478 μέντοι
1590 2410 1822 2482 καὶτῆς

221 2491 535 2554 ἀθανασίας
569 2491 787 2562 μεθέξει
838 2493 934 2546 καὶ
983 2492 1179 2547 ταῦτα.
1234 2496 1568 2568 Κοινωνήσει
1623 2499 1680 2552 δὲ
1727 2501 1822 2555 καὶ

221 2583 321 2652 τῆς
355 2583 547 2654 δόξης,
578 2583 722 2638 καθά
749 2600 914 2654 φησιν
942 2586 971 2637 ὁ
1021 2585 1362 2650 Ἀπόστολοςο
1409 2607 1428 2640 ι
1473 2589 1648 2664 Είπερ
1679 2609 1820 2664 συμ-

221 2677 542 2746 πάσχομεν,
593 2675 682 2730 ἶνα
733 2677 828 2729 καὶ
872 2675 1338 2748 συνδοξασθῶμεν.
1381 2699 1400 2731 ι
1451 2681 1538 2734 Ἐν
1571 2683 1628 2736 δέ
1666 2701 1729 2753 γε
1753 2688 1819 2758 τῇ

221 2768 498 2838 ποσότητι
535 2766 769 2820 πολύτὸ
801 2765 1058 2838 διάφορον
1090 2767 1238 2821 ἐστιν
1260 2769 1460 2841 εὑρεῖν,
1496 2774 1590 2826 καὶ
1629 2774 1821 2828 τοσοῦ-

219 2875 333 2920 τον,
366 2858 499 2910 ὅσον
543 2856 700 2927 ηλίου
745 2853 883 2928 πρὸς
931 2857 1196 2928 ἀστέρας,
1228 2860 1430 2929 μᾶλλον
1471 2862 1528 2916 δὲ
1570 2864 1694 2916 ὅσον
1730 2865 1820 2918 δε-

1934 409 2058 471 post
2079 401 2456 455 ascensionem
2499 400 2554 453 in
2592 400 2762 455 coalos
2801 416 2912 455 non
2958 409 3094 470 puto
3121 401 3506 462 demonstrare

1935 498 1988 544 te
2021 505 2183 560 posse
2211 504 2412 560 corpus
2440 505 2470 544 a
2501 489 2634 545 viris
2667 489 2872 560 Spiritu
2911 498 3102 545 sancto
3143 491 3341 547 adlatis
3389 508 3514 549 esse

1934 582 2289 651 appellatum.

2006 672 2156 745 124
2211 671 2421 727 ORTH.
2454 672 2686 733 Abunde
2725 673 2946 743 quidem
2981 674 3068 729 vel
3109 689 3174 730 ea
3215 691 3336 746 quae
3364 674 3516 732 dicta

1934 774 2064 819 sunt
2102 781 2304 836 corpus
2331 766 2713 822 demonstrant
2749 785 2763 834 ;
2797 768 2942 837 quod
2969 769 3115 823 enim
3147 769 3510 838 conspicitur,

1932 870 2132 926 corpus
2156 864 2240 910 est
2268 873 2281 910 :
2316 857 2600 911 ostendam
2628 865 2808 911 tamen
2844 865 2968 928 post
2993 859 3369 914 ascensionem
3394 875 3516 914 cor-

1931 961 2037 1015 pus
2089 947 2307 1000 Domini
2361 962 2562 1017 corpus
2613 963 2734 1003 esse
2781 948 3135 1018 appellatum.
3185 950 3328 1004 Audi
3381 966 3515 1022 ergo

1930 1036 2254 1106 Apostolum
2291 1037 2578 1092 docentem
2612 1055 2624 1090 :
2664 1057 2680 1088 ι
2714 1039 2910 1094 Nostra
2937 1041 3108 1106 enim,
3147 1041 3346 1113 inquit,
3376 1059 3510 1098 con-

1931 1127 2172 1183 versatio
2201 1128 2255 1181 in
2280 1129 2435 1183 caelis
2461 1137 2566 1193 est,
2597 1129 2743 1183 unde
2759 1139 2814 1184 et
2849 1129 3198 1188 Servatorem
3221 1147 3510 1206 exspecta-

1932 1233 2056 1272 mus
2099 1218 2393 1272 Domiuum
2447 1219 2656 1283 Jesum,
2703 1219 2797 1288 qui
2841 1220 3254 1277 trausl'ormabit
3309 1240 3514 1295 corpus

1933 1307 2262 1364 humilitatis
2293 1319 2514 1377 nostrae,
2550 1319 2612 1365 ut
2642 1311 2734 1365 [lat
2760 1311 3290 1384 conforme'corpori
3323 1315 3512 1385 gloriae

1933 1399 2110 1469 ipsius
2127 1399 2195 1453 ⁵⁸.
2227 1418 2244 1450 ι
2282 1400 2400 1455 Non
2428 1409 2515 1456 est
2554 1417 2686 1474 ergo
2726 1411 2998 1456 mutatum
3041 1403 3097 1457 in
3141 1405 3304 1458 aliam
3346 1413 3509 1460 natu-

1931 1506 2049 1545 ram
2077 1509 2092 1558 ;
2119 1491 2213 1546 sed
2245 1492 2445 1546 mansit
2485 1509 2708 1564 corpus,
2733 1494 2920 1550 divina
2961 1494 3135 1566 gloria
3176 1497 3423 1566 plenum,
3451 1505 3511 1550 et

1931 1582 2073 1638 lucis
2104 1583 2289 1638 radios
2309 1585 2568 1639 emittens
2589 1625 2603 1649 ,
2637 1585 2727 1639 cui
2753 1584 3058 1641 conlormia
3099 1585 3230 1642 ﬁent
3275 1603 3509 1657 corpora

1923 1683 2262 1730 sanctorum.
2299 1675 2454 1743 Quod
2493 1677 2537 1730 si
2574 1693 2708 1732 vero
2760 1678 2893 1732 illud
2933 1678 2989 1732 in
3040 1680 3203 1733 aliam
3255 1689 3507 1734 naturam

1923 1774 2196 1818 mutatum
2251 1775 2369 1830 est,
2428 1774 2485 1820 et
2536 1766 2732 1820 horum
2780 1768 3037 1822 similiter
3102 1768 3503 1824 mutabuntur:

1921 1861 2089 1908 erunt
2111 1854 2261 1908 enim
2291 1855 2370 1908 illi
2403 1855 2730 1911 conformis.
2775 1857 2832 1912 Si
2859 1874 2994 1912 vero
3027 1874 3257 1929 corpora
3290 1871 3509 1915 sancto-

1924 1959 2049 1998 rum
2081 1953 2295 1999 natura:
2327 1945 2560 1999 formam
2595 1947 2873 2013 retinent,
2915 1964 3118 2019 corpus
3144 1966 3364 2021 quoque
3399 1953 3506 2008 Do-

1922 2035 2230 2091 minicum'
2281 2037 2540 2092 similiter
2585 2039 2863 2110 pr0priam
2923 2041 3290 2097 substantiam
3342 2043 3506 2102 habet

1923 2127 2345 2183 immutabilem.

1992 2218 2200 2273 ERAN.
2235 2219 2488 2288 Equalia
2538 2219 2706 2290 igitur
2746 2221 2967 2291 corpori
3011 2222 3300 2280 Dominico
3335 2234 3504 2281 erunt

1921 2323 2154 2378 corpora
2177 2309 2539 2364 sanctorum?

1992 2398 2205 2454 ORTH.
2242 2399 2787 2469 lncorruptibilitatis
2823 2415 2952 2457 sane
2989 2411 3046 2457 et
3075 2402 3506 2461 immortalitatis

1920 2490 2217 2560 participes
2257 2500 2441 2545 erunt.
2483 2491 2543 2545 ln
2599 2492 3043 2547 communionem
3099 2495 3264 2548 etiam
3315 2497 3504 2565 gloria:

1919 2581 2165 2646 venient,
2197 2580 2342 2636 sicut
2381 2581 2461 2636 ait
2495 2582 2830 2652 Apostolus:
2869 2603 2887 2634 ι
2919 2584 2975 2639 Si
3006 2586 3230 2655 quidem
3279 2603 3404 2642 cum
3434 2604 3503 2644 eo

1919 2674 2184 2743 patimur,
2210 2681 2270 2727 ut
2301 2673 2468 2728 etiam
2503 2689 2612 2728 una
2637 2673 3009 2745 gloriﬁcemur
3032 2678 3098 2730 δ’.
3142 2697 3160 2730 ›
3194 2679 3252 2734 1η
3278 2681 3502 2751 quanti-

1920 2775 2030 2821 tate
2056 2776 2237 2820 autem
2276 2766 2468 2837 ingens
2493 2774 2577 2820 est
2611 2765 2944 2832 discrimen,
2985 2783 3050 2823 ac
3088 2778 3300 2825 tantum
3330 2787 3506 2842 quan-

1921 2866 2038 2912 tum
2059 2866 2145 2912 est
2170 2859 2315 2911 inter
2358 2857 2531 2911 solem
2567 2867 2624 2912 et
2652 2857 2862 2922 stellas,
2892 2862 2979 2913 vel
3007 2863 3192 2930 potius
3221 2864 3368 2918 inter
3405 2863 3504 2918 do-

219 2952 430 3004 σπότου
468 2951 610 3022 πρὸς
635 2951 875 3016 δούλους,
928 2953 1025 3006 καὶ
1077 2956 1172 3010 τοῦ
1217 2955 1547 3026 φωτίζοντος
1594 2959 1731 3028 πρὸς
1759 2959 1820 3013 τὸ

1935 2949 2133 3003 minum
2171 2957 2227 3003 et
2261 2962 2469 3011 servos,
2490 2954 2546 3001 et
2585 2947 2730 3002 inter
2760 2948 3160 3006 illuminantem
3195 2959 3253 3006 et
3297 2953 3504 3008 illumi-

218 3040 624 3112 φωτιζόμενον.
664 3040 1016 3096 Μεταδέδωκε
1053 3042 1111 3096 δὲ
1135 3044 1285 3114 ὅμως
1321 3042 1428 3096 τῶν
1453 3042 1670 3097 οίκείων
1697 3044 1818 3098 δνο-

1935 3049 2129 3096 ιιιιιιιη.
2157 3039 2266 3095 Sua
2294 3046 2478 3094 tamen
2507 3039 2731 3095 nomina
2764 3041 2940 3096 servis
2955 3057 3174 3113 quoque
3209 3042 3500 3114 impertiit,

223 3135 419 3204 μάτων
446 3135 567 3196 τοῖς
591 3132 820 3198 δούλοις,
859 3135 955 3188 καὶ⁵
985 3135 1100 3205 φῶς
1135 3135 1494 3206 καλούμενος,
1536 3135 1653 3206 φῶς
1691 3137 1818 3202 τοὺς

223 3228 421 3295 ἁγίους
463 3225 746 3280 ἐκάλεσενο
779 3246 797 3278 ι
819 3226 1007 3298 Ὑμεῖς
1035 3226 1163 3299 γὰρ,
1212 3229 1396 3299 φησιν,
1441 3229 1565 3282 ἐστὲ
1601 3229 1664 3283 τὸ
1701 3228 1818 3299 φῶς

224 3319 319 3372 τοῦ
349 3319 593 3389 κόσμου.
634 3335 653 3368 ι
685 3317 796 3372 Καὶ
817 3318 971 3389 ἥλιος
1009 3318 1357 3390 δικαιοσύνης
1394 3319 1814 3392 ὀνομαζόμενος,

226 3411 355 3481 περὶ
393 3409 508 3461 τῶν
560 3407 764 3461 δούλων
791 3408 942 3478 φησί’
983 3427 1002 3461 ι
1058 3410 1191 3462 Τότε
1225 3409 1600 3480 ἐκλάμψουσιν
1639 3411 1689 3464 οί
1733 3410 1816 3464 δί-

223 3516 373 3553 καιοι
404 3500 484 3562 ὡς
512 3500 544 3552 δ
585 3498 757 3570 ἥλιος.
803 3518 822 3551 ι
852 3501 1009 3554 Κατά
1035 3499 1098 3553 τὸ
1138 3501 1290 3554 ποιὸν
1335 3501 1533 3567 τοίνυν,
1567 3503 1628 3556 ού
1673 3500 1817 3556 κατὰ

221 3591 282 3644 τὸ
309 3591 514 3656 ποσόν,
574 3591 876 3663 σύμμορφα
930 3590 1084 3644 ἔσται
1135 3592 1212 3662 τῷ
1251 3593 1566 3665 Δεσποτικῷ
1598 3595 1816 3665 σώματι

220 3682 329 3737 τῶν
370 3683 554 3751 ἁγίων
579 3682 650 3736 τὰ
682 3682 930 3753 σώματα.
977 3683 1110 3736 ἰδού
1167 3701 1248 3738 σοι
1281 3685 1582 3757 διαρρήδην
1616 3686 1817 3752 ἐδείξα-

225 3791 323 3844 μεν
376 3775 523 3845 ὅπερ
565 3775 714 3846 ἡμᾶς
765 3773 1118 3845 ἐπήγγειλας.
1159 3775 1223 3829 El
1260 3775 1318 3829 δέ
1371 3792 1454 3830 σοι
1495 3776 1683 3842 δοκεῖ,
1721 3777 1815 3830 καὶ

220 3867 436 3937 ἑτέρως
467 3865 632 3918 τοῦτο
661 3868 1046 3935 σκοπήσωμεν.

291 3957 509 4010 EPAN.
546 3956 730 4010 Πάντα
761 3955 843 4008 δεῖ
867 3955 1016 4007 λίθον
1051 3956 1253 4020 κινεῖν,
1295 3956 1437 4010 κατά
1479 3954 1578 4026 τὴν
1619 3973 1816 4026 παροι-

223 4052 376 4120 μίαν,
421 4049 565 4102 ὥστε
605 4048 670 4102 τὸ
703 4047 902 4110 ἀληθὲς
935 4047 1200 4117 ἐξευρεῖν,
1228 4045 1326 4116 οὐχ
1346 4048 1545 4118 ἥκιστα
1565 4048 1622 4101 δὲ
1655 4048 1815 4102 θείων

223 4141 621 4213 προκειμένων
651 4139 958 4211 δογμάτων.

287 4236 457 4288 ΟΡΘ.
499 4231 638 4285 Είπὲ
660 4233 862 4294 τοίνυν,
897 4229 966 4283 τά
1000 4230 1236 4302 μυστικὰ
1264 4229 1508 4302 σύμϐολα
1529 4230 1682 4302 παρά
1703 4232 1812 4286 τῶν

1919 3143 1971 3188 et
1995 3133 2089 3204 qui
2131 3133 2227 3187 lux
2267 3132 2610 3203 appellatur,
2661 3132 2844 3187 lucem
2897 3141 3119 3189 sanctos
3184 3135 3498 3205 appellavit.

1925 3245 1945 3278 ‹
1981 3226 2090 3282 Vos
2119 3225 2288 3290 enim,
2318 3223 2518 3294 inquit,
2554 3223 2689 3279 estis
2714 3224 2807 3278 lux
2832 3224 3021 3279 mundi
3049 3225 3114 3279 ⁸⁸.
3155 3244 3174 3278 ι
3210 3225 3276 3280 Et
3297 3226 3390 3296 qui
3417 3227 3499 3282 sol

1911 3316 2140 3387 justitia:
2157 3314 2477 3370 nominatur
2497 3315 2563 3379 ",
2589 3314 2658 3369 de
2683 3314 2860 3370 servis
2882 3315 3018 3370 dicit
3042 3333 3056 3369 :
3097 3335 3115 3367 ι
3154 3317 3310 3372 Tunc
3340 3317 3499 3388 125

1917 3405 2205 3476 fulgebunt
2225 3404 2359 3475 justi
2387 3403 2531 3459 sicut
2562 3405 2644 3459 sol
2666 3405 2732 3459 ".
2773 3423 2792 3456 ι
2836 3403 3155 3460 Secundum
3178 3407 3500 3476 qualitatem

1914 3512 2067 3568 ergo,
2101 3511 2213 3549 non
2243 3495 2545 3549 secundum
2573 3495 2960 3564 quantitatem,
2991 3495 3296 3552 conformis
3328 3508 3500 3554 erunt

1915 3588 2132 3659 corpori
2178 3588 2466 3642 Dominico
2533 3601 2766 3654 corpora
2805 3596 3142 3640 sanctorum.
3206 3590 3346 3644 Ecce
3397 3590 3498 3644 tibi

1914 3689 2104 3752 aperte
2123 3676 2468 3734 ostendimus
2495 3675 2642 3745 quod
2665 3690 2695 3729 a
2725 3674 2887 3729 nobis
2924 3677 3236 3744 postulasti.
3264 3678 3420 3744 Quod
3450 3679 3498 3735 si

1914 3773 2017 3829 tibi
2048 3770 2289 3835 videtur,
2317 3767 2478 3822 aliter
2501 3765 2670 3821 etiam
2705 3765 3139 3822 consideremus.

1983 3943 2193 4001 ERAN.
2221 3941 2453 3997 Omnem
2480 3938 2740 3994 convenit
2785 3937 3022 4008 lapidem
3055 3953 3299 4006 movere,
3347 3942 3498 4012 quod

1913 4046 2000 4094 est
2038 4037 2094 4091 in
2125 4033 2443 4105 proverbio,
2501 4040 2562 4086 ut
2609 4028 2816 4084 veritas
2866 4029 3222 4085 inveniatur:
3260 4031 3501 4088 maxime

1911 4144 2042 4185 vero
2076 4143 2201 4182 cum
2225 4125 2291 4180 de
2312 4123 2516 4179 divinis
2546 4120 2895 4192 dogmatibus
2914 4130 2999 4176 est
3030 4122 3260 4192 quaestio

1978 4218 2188 4276 ORTH.
2221 4217 2321 4272 Dic
2340 4231 2492 4286 ergo,
2516 4214 2746 4284 mystica
2771 4213 3037 4285 symbola,
3072 4230 3193 4284 qua)
3221 4215 3334 4270 Deo
3355 4231 3386 4269 a
3411 4231 3498 4269 sa-

224 4325 556 4398 ἱερωμένων
585 4323 664 4395 τῷ
700 4323 820 4394 Θεῷ
845 4323 1295 4396 προσφερόμενα,
1332 4323 1495 4378 τίνων
1523 4324 1639 4377 ἐστὶ
1673 4324 1812 4396 σύμ-

1935 4310 2236 4368 ιθιὰοιίυιιε
2257 4305 2587 4371 oﬂeruntur,
2603 4320 2839 4376 quarum
2863 4320 3048 4360 rerum
3072 4316 3200 4362 sunt
3217 4307 3496 4380 symbola?

214 4421 390 4487 50h;

282 4512 508 4567 ΕΡΑΝ.
541 4511 650 4564 Τοῦ
687 4509 1021 4564 Δεσποτικοῦ
1055 4508 1309 4581 σώματός
1349 4527 1410 4563 τε
1437 4512 1531 4564 καὶ
1556 4510 1806 4581 αἵματος.

281 4605 457 4661 ΟΡΘ.
485 4604 593 4657 Τοῦ
632 4603 804 4665 ὅντως
833 4602 1087 4674 σώματος
1115 4602 1148 4674 ἢ
1175 4602 1274 4656 ούκ
1300 4602 1499 4666 δντως;

281 4697 510 4752 EPAN.
542 4697 648 4750 Τοῦ
679 4697 868 4760 ὅντως.

280 4790 457 4844 ΟΡΘ.
492 4789 743 4859 Ἀριστα·
778 4789 886 4860 χρὴ
912 4788 1022 4860 γὰρ
1056 4783 1195 4842 εῖναι
1233 4787 1295 4840 τὺ
1331 4787 1429 4858 τῆς
1461 4787 1667 4850 εἰκόνος
1703 4787 1808 4858 ἁρ-

210 4881 487 4948 ιξτυπον.
517 4880 628 4932 Καὶ
654 4879 761 4950 γάρ
777 4881 826 4932 οἱ
853 4877 1134 4950 ζωγράφοι
1159 4879 1256 4950 τὴν
1296 4877 1456 4947 φύσιν
1487 4876 1802 4948 μιμοῦνται,

214 4975 309 5026 καὶ
339 4971 462 5024 τῶν
487 4972 778 5040 ὁρωμένων
810 4973 1084 5044 γράφουσι
1115 4971 1212 5035 τάς
1245 4972 1477 5035 εἰκόνας.

282 5059 502 5114 εΡΑΝ.
552 5059 790 5130 Ἀληθές.

282 5150 454 5204 ΟΡΘ.
496 5151 559 5203 Ei
580 5151 758 5205 ¹τοίνυν
783 5150 877 5206 τοῦ
907 5151 1077 5216 ὅντως
1110 5149 1362 5222 σώματος
1393 5151 1658 5210 ἁντίτυπά
1688 5155 1804 5208 εστι

212 5242 288 5294 τά
321 5241 451 5294 θεῖα
481 5243 776 5314 μυστήρια,
818 5242 976 5314 σῶμα
1003 5244 1110 5314 ἄρα
1149 5243 1264 5295 ἐστὶ
1307 5241 1401 5295 καὶ
1433 5243 1528 5296 νῦν
1569 5240 1665 5296 τοῦ
1711 5242 1807 5294 Δεο

1989 4504 2198 4561 ERAN.
2227 4502 2486 4574 Corporis
2518 4509 2574 4557 et
2601 4500 2883 4572 sanguinis
2903 4501 3190 4556 Dominici.

1979 4596 2189 4653 ORTll.
2225 4594 2350 4650 Veri
2373 4591 2642 4663 corporis,
2673 4607 2742 4646 an
2764 4607 2875 4646 non
2913 4592 3072 4646 veri?

1987 4688 2195 4744 ERAN.
2221 4687 2371 4742 Veri.

1985 4777 2194 4834 OltTll.
2229 4775 2467 4845 Optime.
2509 4773 2739 4843 Oportet
2780 4772 2931 4828 enim
2976 4773 3228 4843 imaginis
3276 4785 3490 4830 exstare

1915 4874 2295 4944 archetypum.
2324 4869 2458 4924 Nam
2480 4877 2535 4924 et
2558 4867 2802 4938 pictores
2822 4874 3074 4922 naturam
3105 4866 3410 4934 imitantur,
3435 4879 3492 4925 et

1914 4977 2106 5021 eorum
2143 4976 2264 5030 qum
2293 4957 2710 5029 conspiciuntur
2740 4957 2974 5028 pingunt
2999 4956 3282 5028 imagines.

1982 5053 2190 5111 ERAN.
2233 5052 2435 5107 Verum
2462 5059 2565 5106 est.

1983 5144 2194 5202 ORTH.
2242 5143 2299 5199 Si
2329 5143 2497 5214 igitur
2519 5157 2711 5198 verum
2742 5155 2944 5210 corpus
2982 5149 3376 5217 repraesentant
3404 5140 3490 5196 di-

1914 5238 2044 5292 vina
2082 5234 2364 5306 mysteria,
2402 5248 2606 5306 corpus
2634 5245 2766 5302 ergo
2812 5230 3034 5286 Domini
3073 5247 3224 5287 nunc
3269 5246 3491 5304 quoque

277 5420 333 5455 ⁵³
363 5422 603 5494 Philipp.
631 5439 708 5488 ιιι,
737 5423 826 5490 20,
857 5423 948 5477 21.
1021 5425 1067 5458 ⁸⁸
1092 5423 1251 5480 Rom.
1296 5438 1410 5488 vm,
1454 5422 1539 5477 i7.
1584 5421 1628 5454 ⁶⁰
1663 5420 1821 5476 Matth

1961 5420 2046 5474 14.
2085 5417 2128 5449 ⁸³
2151 5416 2381 5476 Malach.
2414 5433 2486 5482 tv,
2517 5415 2570 5468 2.
2645 5415 2690 5447 ⁶¹
2718 5414 2911 5470 Matth.
2951 5430 3068 5480 xm,
3101 5413 3191 5469 43.

287 5591 422 5661 (55)
470 5593 596 5662 Ἰησ.
634 5590 794 5646 Deest
817 5589 1070 5662 Χριστόν.

1984 5579 2096 5650 (56)
2124 5580 2190 5634 T.
2229 5579 2369 5649 σῶμ.
2404 5578 2550 5636 Loco
2577 5578 2670 5634 cit.
2712 5587 2795 5636 est
2821 5577 2900 5651 τῷ
2929 5577 3162 5649 σώματι.
