4006 6202
480 133 574 194 167

1462 134 1943 193 TlIEODORETI
1986 135 2317 194 EPISCOPI
2356 136 2717 196 CYRENSIS

3616 133 3716 195 153

474 263 674 316 corpus
701 254 815 310 est,
864 262 971 300 non
1004 247 1065 311 in
1095 246 1397 300 divinitatis
1445 256 1697 300 naturam
1744 256 2037 310 mutatum,

2190 250 2342 301 πότου
2382 250 2442 301 τὸ
2480 251 2656 319 σῶμα,
2688 247 2787 299 οὐκ
2832 247 2910 308 εἰς
2956 245 3208 315 Θεότητος
3254 248 3415 315 φύσιν
3446 250 3716 320 μεταϐληο

475 339 569 391 sed
596 338 779 389 divina
816 337 985 406 gloria
1022 337 1311 405 repletum.

548 427 752 480 ERAN.
800 426 1115 495 Opportune
1168 428 1229 480 de
1264 426 1466 480 divinis
1510 427 1787 497 mysteriis
1822 427 2053 480 intulisti

475 532 807 571 sermonem.
837 518 970 569 Nam
1003 518 1129 571 inde
1162 518 1259 571 tibi
1290 517 1574 573 ostendam
1610 533 1812 586 corpus
1840 509 2053 571 Domini

476 608 531 660 in
555 608 715 660 aliam
746 607 943 659 mutari
972 614 1245 661 naturam.
1282 606 1571 676 Responde
1599 607 1764 675 igitur
1800 607 1867 660 ad
1906 623 2055 661 meas

478 698 960 767 interrogationes.

543 788 754 841 ORTH.
790 787 1177 857 Respondebo.

545 879 750 931 ERAN.
784 878 888 944 Qui
933 880 1172 949 appellas
1223 882 1427 934 donum
1479 881 1626 948 quod
1659 878 1892 934 offertur
1928 887 2055 934 ante

481 969 785 1022 sacerdotis
816 967 1265 1024 invocationem?

547 1060 755 1113 OR'l‘ll.
809 1060 1008 1128 Aperte
1066 1060 1360 1114 dicendum
1390 1063 1403 1079 ‘
1452 1075 1562 1113 non
1597 1069 1699 1123 est,
1750 1059 2056 1114 verisimile

481 1160 565 1206 est
594 1150 740 1204 enim
775 1150 966 1205 adesse
1001 1152 1220 1220 aliquos
1261 1150 1539 1221 mysteriis
1573 1167 1680 1204 non
1722 1151 1984 1205 initiatos.

554 1240 713 1309 126
737 1239 939 1302 ERAN.
983 1240 1399 1310 Respondeatur
1429 1241 1789 1310 mnigmatice.

553 1332 761 1386 ORTll.
790 1332 984 1387 Cibum
1008 1350 1073 1385 ex
1105 1333 1306 1387 talibus
1330 1332 1652 1386 seminibus.

555 1424 761 1478 ERAN.
787 1424 1033 1478 Alterum
1066 1440 1193 1476 vero
1236 1424 1542 1493 symbolum
1588 1423 1863 1492 quomodo
1896 1438 2058 1477 voca-

488 1515 650 1567 mus?

2158 339 2268 401 οὲν,
2302 340 2435 391 ἀλλὰ
2461 340 2606 401 Οείας
2630 338 2785 407 δόξης
2821 338 3185 405 άναπλησθὲν.

2227 430 2549 493 ΕΡΛΝ.Ἐὶς
2583 429 2772 501 καιρὸν
2797 428 2889 481 τὸν
2916 428 3042 498 περί
3074 427 3181 480 τῶν
3219 428 3377 481 θείων
3412 430 3722 501 μυστηρίων

2155 522 2411 592 ἐκίνησας
2435 522 2611 588 λόγον·
2648 519 2896 573 ἐντεῦθέν
2938 536 3020 571 σοι
3046 518 3153 589 γάρ
3186 517 3344 582 δείξω
3382 519 3475 571 τοῦ
3521 522 3724 573 Δεσπο-

2154 616 2307 669 τικοῦ
2364 615 2613 684 σώματος
2664 615 2762 683 τὴν
2815 614 2894 675 εἰς
2938 612 3132 681 ἑτέραν
3185 611 3346 679 φύσιν
3398 612 3727 683 μεταϐολήν.

2170 705 2486 774 Ἀπόκριναι
2520 703 2695 756 τοίνυν
2722 702 2856 771 πρὸς
2880 701 2979 763 τὰς
3019 699 3156 769 ὲμὰς
3188 700 3506 769 ἐρωτήσεις.

2227 796 2378 851 ΟΡΘ.
2436 794 2753 865 Ἀποκρινοῦ
2761 811 2881 864 μαι.

2225 885 2424 937 EPAN.
2463 884 2527 936 Τί
2568 885 2753 946 καλεῖς
2803 882 2865 934 τὸ
2920 882 3365 951 προσφερόμενον
3409 878 3579 949 δῶρον
3620 879 3731 950 πρὸ

2156 974 2253 1045 τῆς
2298 973 2574 1043 ἱερατικῆς
2607 972 2981 1041 ὲπικλήσεως;

2228 1064 2378 1116 ΟΡΘ.
2405 1065 2478 1116 υύ
2502 1063 2607 1133 χρὴ
2635 1063 2817 1132 σαφῶς
2840 1065 3035 1116 εἰπεῖν·
3065 1063 3209 1125 εἰκὸς
3231 1062 3339 1133 γάρ
3372 1078 3524 1123 τινας
3540 1061 3734 1129 ἀμυή-

2158 1173 2279 1216 τους
2306 1158 2576 1225 παρεῖναι.

2229 1246 2430 1297 ΕΡΑΝ.
2469 1244 2891 1313 Λίνιγματωδῶς
2935 1246 2967 1313 ἡ
2999 1243 3288 1315 ἀπόκρισις
3316 1242 3475 1296 ἔστω.

2231 1336 2381 1389 ΟΡΘ.
2412 1337 2520 1406 Τὴν
2553 1340 2615 1389 ὲκ
2650 1336 2869 1389 τοιῶνδε
2907 1335 3237 1405 σπερμάτων
3271 1336 3494 1404 τροφήν.

2231 1428 2432 1480 ΕΡΑΝ.
2481 1429 2552 1480 Τὸ
2583 1427 2637 1480 δὲ
2678 1428 2863 1497 ἕτερον
2903 1427 3170 1497 σύμϐολον
3200 1426 3317 1489 πῶς
3346 1425 3689 1494 ὀνομάζομεν
3717 1440 3737 1488 ;

556 1605 763 1658 ORTII.
794 1605 1095 1660 Commune
1126 1614 1181 1659 et
1223 1605 1325 1657 hoc
1351 1617 1550 1656 nomen
1587 1614 1701 1666 est,
1736 1605 1915 1673 poculi
1940 1621 2061 1674 spe-

2238 1606 2388 1660 ΟΡΘ.
2423 1606 2614 1659 Κοινὸν
2644 1606 2918 1660 καὶτοῦτο
2958 1606 3149 1676 ὄνομα,
3181 1606 3422 1675 πόματος
3458 1600 3593 1666 εἶδος
3635 1621 3741 1671 ση-

488 1697 624 1749 ciem
648 1696 982 1765 signiﬁcans.

562 1786 765 1840 ERAN.
803 1788 930 1840 Post
952 1784 1437 1840 sanctiﬁcationem
1470 1801 1621 1848 vero,
1654 1786 1927 1854 quomodo
1950 1787 2064 1840 haec

490 1879 772 1947 appeﬁas?

556 1968 764 2021 ORTH.
809 1966 1019 2035 Corpus
1056 1964 1264 2021 Christi
1294 1976 1349 2022 et
1378 1967 1698 2037 sanguinem
1731 1966 1953 2023 Christi.

561 2058 765 2112 ERAN.
808 2058 875 2112 Et
905 2058 1106 2124 credis,
1140 2069 1193 2114 te
1223 2076 1423 2131 corpus
1441 2059 1644 2114 Christi
1667 2069 1721 2113 et
1746 2061 2064 2132 sanguinem

493 2150 833 2220 percipere?

565 2242 775 2296 ORTH.
807 2242 885 2295 Ita
909 2241 1095 2295 credo.

567 2332 773 2386 ERAN.
825 2330 978 2385 Sicut
1020 2346 1149 2401 ergo
1174 2331 1417 2401 symbola
1446 2332 1713 2387 Dominici
1742 2334 1987 2402 corporis
2014 2341 2069 2386 et

495 2425 796 2493 sanguinis,
840 2424 943 2477 alia
979 2432 1107 2477 sunt
1133 2433 1258 2476 ante
1307 2424 1607 2478 sacerdotis
1646 2426 2066 2487 invocalionem,

495 2524 617 2584 post
654 2516 1054 2568 invocationem
1078 2530 1209 2568 vero
1236 2522 1539 2578 mutantur,
1565 2526 1619 2569 et
1648 2518 1752 2571 alia
1786 2516 1924 2570 ﬁunt
1951 2535 1962 2567 :
1996 2517 2067 2569 ita

499 2606 838 2659 Dominicum
876 2621 1077 2675 corpus
1122 2614 1245 2673 post
1292 2607 1667 2660 ascensionem
1720 2608 1772 2660 in
1829 2608 2069 2661 divinam

497 2697 856 2751 substantiam
880 2705 1149 2751 mutatum
1175 2707 1277 2751 est.

562 2870 770 2925 ORTlI.
804 2870 1032 2924 Retibus
1068 2887 1188 2940 qua:
1222 2870 1336 2940 ipse
1366 2872 1585 2925 texuisti
1626 2882 1817 2943 captus
1843 2891 1919 2929 es.
1968 2878 2071 2930 Ne-

497 2977 603 3031 que
643 2962 789 3015 enim
836 2960 1081 3030 symbola
1142 2960 1365 3031 mystica
1418 2970 1539 3031 post
1582 2964 2069 3018 sanetiﬁcationem

498 3052 763 3107 recedunt
788 3068 816 3104 a
852 3068 948 3104 sua
970 3059 1186 3105 natura.
1226 3052 1442 3105 Manent
1472 3054 1618 3107 enim
1653 3054 1911 3122 inpriore
1943 3057 2072 3110 sub-

499 3145 718 3205 stantia,
758 3152 811 3195 et
860 3142 1051 3212 ﬁgura,
1089 3150 1144 3196 et
1192 3143 1385 3207 forma,
1434 3152 1491 3198 et
1523 3145 1764 3213 conSpici
1817 3148 2072 3217 tangique

502 3242 748 3302 possunt,
787 3234 928 3286 sicut
956 3242 1009 3287 et
1035 3234 1187 3302 prius
1215 3250 1228 3286 :
1256 3234 1637 3303 intelliguntur
1657 3244 1837 3288 autem
1862 3253 1925 3290 ea
1953 3254 2073 3291 esse

500 3338 622 3391 qua:
656 3324 795 3376 facta
828 3331 974 3386 sunt,
1015 3332 1071 3376 et
1098 3322 1420 3387 creduntur,
1449 3323 1847 3389 et-adorantur,
1878 3335 2075 3396 utquze

503 3415 593 3467 illa
631 3414 772 3477 sint,
807 3432 927 3483 qua:
955 3415 1275 3468 creduntur.
1325 3413 1525 3467 Confer
1561 3416 1726 3486 igitur
1784 3418 2074 3486 imaginem

502 3523 625 3561 cum
662 3509 979 3578 archetypo,
1008 3516 1063 3560 et
1112 3507 1324 3561 videbis
1361 3507 1800 3563 similitudinem.
1849 3511 2076 3580 Oportet

502 3600 648 3653 enim
686 3596 910 3667 ﬁguram
941 3599 1176 3651 similem
1203 3614 1321 3652 esse
1353 3600 1589 3652 veritati.
1619 3601 1755 3653 Illud
1778 3602 1924 3655 enim
1951 3619 2075 3657 cor-

504 3706 606 3758 pus
644 3691 883 3758 priorem
932 3689 1097 3743 habet
1126 3690 1355 3743 formam
1381 3699 1436 3743 ct
1460 3690 1710 3760 ﬁguram,
1736 3702 1792 3746 et
1832 3691 2074 3747 circum-

503 3779 881 3847 scriptionem,
904 3786 958 3830 et
999 3784 1052 3829 ut
1098 3778 1263 3830 semel
1315 3777 1515 3841 dicam,
1545 3780 1791 3847 corporis
1824 3781 2079 3835 substan-

508 3870 677 3924 tiam:
714 3867 1021 3921 immortale
1069 3875 1255 3921 autem
1299 3875 1422 3935 post
1460 3870 1924 3925 resurrectionem
1951 3912 1964 3928 .
2024 3881 2079 3926 et

508 3960 747 4013 immune
776 3975 806 4012 a
838 3958 1190 4026 corruptione
1215 3957 1416 4011 factum
1444 3966 1548 4022 est,
1572 3960 1867 4030 sedemque
1891 3979 1921 4016 a
1948 3964 2080 4017 dex-

511 4049 641 4102 teris
673 4049 952 4117 adeptum,
986 4058 1043 4103 et
1075 4048 1142 4101 ab
1172 4049 1321 4102 omni
1348 4058 1601 4103 creatura
1634 4051 1918 4119 adoratur,
1951 4056 2079 4123 quia

515 4138 670 4207 127
706 4154 907 4208 corpus
938 4137 1156 4193 Domini
1179 4150 1387 4192 natura:
1420 4139 1742 4207 appellatur.

2168 1715 2376 1765 μαινον.

2236 1790 2436 1843 ΕΡΑΝ.
2469 1788 2615 1843 Μετά
2638 1789 2694 1842 δέ
2716 1807 2779 1858 γε
2805 1790 2894 1842 τὸν
2918 1788 3208 1857 ἁγιασμδν,
3232 1787 3348 1850 πῶς
3371 1786 3541 1839 ταῦτα
3566 1801 3743 1855 προσ-

2165 1880 2446 1952 αγορεύεις
2467 1898 2481 1945 ;

2237 1970 2388 2023 ΟΡΘ.
2434 1970 2599 2040 Σῶμα
2625 1969 2883 2040 Χριστοῦ,
2916 1970 3010 2022 καὶ
3030 1963 3168 2038 αἷμα
3202 1966 3458 2036 Χριστοῦ.

2238 2061 2440 2116 ΕΡΑΝ.
2472 2063 2581 2115 Καὶ
2610 2062 2887 2124 πιστεύεις
2920 2078 2981 2129 γε
3014 2060 3262 2130 σώματος
3297 2057 3529 2128 Χριστοῦ
3563 2073 3744 2127 μεταο

2168 2151 2465 2220 λαμϐάνειν
2490 2153 2583 2203 καὶ
2606 2151 2834 2221 αἵματος
2862 2168 2874 2215 ;

2240 2243 2391 2296 ΟΡΘ.
2434 2243 2589 2295 Ούτω
2622 2241 2877 2294 πιστεύω.

2239 2336 2439 2388 ΕΡΑΝ.
2487 2336 2696 2405 ’Ὠσπερ
2721 2334 2898 2385 τοίνυν
2927 2330 2995 2384 τὰ
3016 2330 3259 2400 σύμϐολα
3278 2330 3370 2382 τοῦ
3406 2326 3747 2382 Δεσποτικοῦ

2173 2426 2422 2496 σώματός
2439 2444 2498 2479 τε
2530 2427 2623 2479 καὶ
2650 2427 2899 2494 αἵματος,
2925 2424 3058 2478 ἄλλα
3083 2425 3177 2493 μέν
3206 2425 3310 2475 εἰσι
3341 2422 3443 2491 πρὸ
3470 2422 3566 2489 τῆς
3591 2423 3749 2489 ἱερα-

2170 2519 2326 2587 τικῆς
2356 2518 2714 2588 ἐπικλήσεως,
2752 2516 2887 2586 μετὰ
2915 2515 2971 2567 δέ
3006 2533 3067 2583 γε
3102 2514 3198 2583 τὴν
3250 2514 3537 2581 ἐπίκλησιν
3579 2529 3748 2581 μετα-

2174 2605 2446 2670 ϐάλλεται,
2500 2606 2594 2657 καὶ
2639 2606 2803 2675 ἕτερα
2842 2604 3066 2673 γίνεται*
3125 2604 3267 2656 οὕτω
3313 2603 3372 2655 τὸ
3414 2602 3750 2655 Δεσποτικὸν

2176 2699 2334 2767 σῶμα
2368 2698 2503 2767 μετὰ
2531 2700 2630 2769 τὴν
2657 2698 2921 2767 ἀνάληψιν
2972 2698 3049 2759 είς
3079 2697 3177 2767 τὴν
3208 2696 3397 2748 οὐσίαν
3430 2695 3745 2765 μετεϐλήθη

2174 2788 2269 2857 τὴν
2300 2787 2465 2841 Οείαν.

2248 2881 2396 2933 ΟΡΘ.
2444 2880 2644 2943 Ἐάλως
2675 2878 2761 2943 αἷς
2791 2879 2991 2952 ὒφῃνες
3025 2878 3134 2949 (57)
3168 2878 3416 2949 ἄρκυσιν.
3460 2878 3591 2930 esse
3632 2879 3751 2948 γὰρ

2175 2971 2311 3040 μετὰ
2349 2971 2442 3023 τὸ)
2473 2971 2741 3040 ἁγιασμὸν
2765 2970 2832 3023 τὰ
2865 2968 3101 3040 μυστικά
3139 2969 3381 3037 σύμϐολα
3406 2970 3503 3039 τῆς
3532 2970 3749 3031 οἰκείας

2174 3062 2445 3126 ἐξίσταται
2484 3062 2717 3131 φύσεως
2761 3062 2909 3131 μένει
2948 3059 3056 3131 γὰρ
3090 3061 3182 3113 ἐπὶ
3210 3062 3307 3131 τῆς
3343 3062 3615 3131 προτέρας
3647 3063 3751 3113 ού-

2177 3155 2314 3218 σίας,
2352 3154 2444 3208 καὶ
2476 3154 2567 3206 τοῦ
2622 3156 2919 3223 σχήματος,
2950 3150 3163 3205 καὶτοῦ
3205 3153 3399 3219 εἴδους,
3433 3154 3527 3206 καὶ
3570 3154 3748 3223 ὁρατά

2176 3247 2314 3307 ἐστι,
2356 3248 2449 3299 καὶ
2501 3244 2670 3309 ἁπτὰ,
2726 3240 2814 3298 οἷα
2862 3246 2953 3298 καὶ
2993 3247 3253 3316 πρότερον
3303 3242 3389 3317 ἦν·
3441 3248 3639 3298 νοεῖται
3687 3245 3747 3298 δὲ

2177 3336 2319 3405 άπερ
2342 3337 2580 3405 ἐγένετο,
2608 3338 2702 3390 καὶ
2747 3337 3080 3402 πιστεύεται,
3115 3339 3207 3389 καὶ
3236 3341 3639 3407 προσκυνεῖται,
3670 3337 3748 3399 ὡς

2176 3428 2358 3479 ἐκεῖνα
2410 3427 2536 3478 ὂντα
2584 3426 2723 3499 άπερ
2770 3426 3101 3479 πιστεύεται.
3154 3426 3405 3496 Παράϐες
3446 3426 3623 3479 τοίνυν
3668 3427 3750 3495 τῷ

2177 3516 2469 3586 ἀρχετύπῳ
2503 3516 2601 3586 τὴν
2635 3517 2840 3578 εἰκόνα,
2876 3519 2968 3570 καὶ
3001 3516 3120 3585 ὄψει
3152 3518 3249 3588 τὴν
3280 3518 3591 3586 ὁμοιότητα.
3622 3518 3747 3587 Χρὴ

2178 3607 2287 3678 γάρ
2316 3608 2551 3661 ἐοικέναι
2590 3611 2655 3679 τῇ
2696 3609 2922 3680 ἀληθείᾳ
2948 3610 3038 3661 τὸν
3059 3608 3247 3663 τύπον.
3283 3611 3391 3662 Kal
3429 3610 3536 3679 γάρ
3569 3612 3751 3661 ἐκεῖνο

2177 3700 2236 3751 τὸ
2266 3700 2423 3769 σῶμα
2450 3700 2509 3752 τὸ
2540 3702 2636 3771 μὲν
2659 3702 2921 3771 πρότερον
2942 3698 3078 3764 εἶδος
3115 3701 3248 3771 ἔχει,
3295 3702 3389 3754 καὶ
3420 3704 3623 3770 σχῆμα,
3652 3702 3749 3753 καὶ⁵

2187 3795 2548 3863 περιγραφὴν,
2590 3795 2682 3846 καὶ
2710 3792 3038 3858 ἁπαξαπλῶς
3075 3797 3267 3859 εἰπεῖν,
3297 3797 3394 3865 τὴν
3429 3796 3520 3848 τοῦ
3560 3797 3750 3864 σώμα-

2180 3902 2269 3948 τος
2298 3886 2502 3939 οὐσίαν·
2537 3886 2800 3939 ἀθάνατον
2833 3888 2887 3939 δὲ
2926 3890 3063 3957 μετὰ
3092 3887 3188 3957 τὴν
3218 3888 3513 3941 ἀνάστασιν
3534 3888 3749 3953 γέγονε,

2182 3976 2277 4029 καὶ
2302 3979 2546 4047 κρεῖττον
2619 3976 2845 4047 φθορᾶς,
2908 3977 3003 4030 καὶ
3049 3978 3148 4047 τῆς
3202 3979 3264 4029 ὲκ
3310 3975 3498 4040 δεξιῶν
3541 3976 3753 4046 ἠξιώθη

2183 4066 2472 4137 καθέδρας,
2513 4070 2606 4121 καὶ
2638 4068 2788 4139 παρὰ
2836 4068 3015 4137 πάσης
3058 4071 3438 4139 προσκυνεῖται
3488 4068 3585 4136 τῆς
3626 4070 3751 4119 κτί-

2186 4173 2340 4221 σεως,
2378 4157 2470 4209 ἅτε
2508 4157 2572 4225 δὴ
2601 4154 2759 4226 σῶμα
2808 4154 3145 4227 χρηματίζον
3194 4157 3284 4210 τοῦ
3339 4159 3609 4210 Δεσπότου
3648 4159 3752 4227 τῆς

2114 4260 2157 4312 ι)
2184 4248 2412 4318 φύσεως.

579 4328 784 4405 ΕΚᾸΝ.
816 4350 981 4421 Atqui
1004 4350 1310 4421 symbolum
1335 4351 1621 4421 mysticum
1647 4352 1886 4421 priorem
1908 4364 2065 4409 muta

2253 4341 2457 4396 EPAN.
2498 4341 2607 4394 Καὶ
2640 4342 2745 4411 μὴν
2782 4341 2842 4394 τὸ
2880 4342 3139 4411 μυστικὸν
3182 4343 3449 4412 σύμϐολον
3487 4343 3584 4413 τὴν
3616 4360 3761 4413 προσ

514 4440 933 4512 appellationem
966 4459 980 4493 :
1008 4456 1119 4494 non
1144 4440 1290 4493 enim
1316 4440 1551 4509 amplius
1578 4441 1911 4507 nominatur,
1937 4459 2065 4511 qum

2190 4432 2346 4501 τέραν
2384 4431 2601 4501 ἀμείϐει
2646 4432 3037 4503 προσηγορίαν·
3068 4434 3251 4486 οὐκέτι
3284 4433 3391 4504 γάρ
3420 4433 3761 4502 ὀνομάζεται

515 4535 667 4604 prius
686 4532 1004 4596 vocabatur,
1030 4530 1125 4585 sed
1142 4548 1327 4601 corpus
1349 4532 1675 4601 appellatur.
1706 4532 1933 4602 Oportet
1952 4550 2065 4604 ιιι-ε(

2190 4525 2320 4595 ὅπερ
2340 4524 2602 4595 πρότερον
2621 4525 2888 4585 ἐκαλεῖτο.
2914 4524 3047 4578 ἀλλὰ
3070 4523 3239 4593 σῶμα
3258 4525 3757 4596 προσαγορεύεται.

513 4626 680 4680 etiam
707 4622 981 4677 veritatem
1014 4623 1184 4677 Deum
1220 4632 1276 4677 et
1305 4639 1413 4676 non
1438 4640 1624 4694 corpus
1659 4625 1863 4678 vocari.

2190 4616 2307 4687 Χρὴ
2336 4618 2515 4669 τοίνυν
2542 4618 2634 4670 καὶ
2661 4618 2759 4689 τὴν
2780 4616 3070 4684 ἀλήθειαν
3096 4617 3245 4681 Θεὸν,
3279 4616 3415 4670 ἀλλὰ
3460 4618 3533 4686 μὴ
3578 4614 3762 4685 σῶμα

2186 4706 2487 4761 καλεῖσθαι.

584 4814 791 4869 ORTH.
846 4814 1100 4885 lgnorare
1135 4813 1281 4867 mihi
1306 4814 1529 4868 videris.
1582 4813 1701 4867 Non
1725 4813 1870 4867 enim
1900 4829 2065 4882 corpu.

2256 4800 2406 4852 υΡΘ.
2461 4801 2699 4867 Ἀγνοεῖν
2742 4817 2833 4869 μοι
2866 4798 3060 4861 δοκεῖς.
3104 4798 3179 4850 Ού
3223 4798 3330 4869 γὰρ
3360 4797 3529 4867 σῶμα
3569 4798 3757 4866 μόνον,

518 4905 716 4968 solum,
754 4903 850 4958 sed
880 4904 1046 4958 etiam
1075 4904 1227 4972 panis
1254 4904 1373 4956 vita:
1404 4902 1796 4955 nominatur”.
1831 4902 1949 4970 Ipse
1978 4902 2065 4954 Do.

2190 4890 2319 4942 ἀλλὰ
2352 4889 2444 4942 καὶ
2480 4889 2655 4957 ἄρτος
2694 4888 2840 4957 ζωῆς
2877 4888 3224 4957 ὀνομάζεται.
3278 4887 3464 4949 Οὕτως
3512 4888 3677 4950 αὐτὸς
3729 4891 3760 4940 ὁ

524 4994 705 5047 minus
756 4995 857 5048 hac
897 4994 1259 5065 appellatione
1290 5008 1423 5045 usus
1453 5002 1557 5055 est,
1592 5001 1647 5046 ct
1696 5007 1894 5063 corpus
1923 5006 2065 5061 porri

2191 4981 2388 5051 Κύριος
2416 4982 2822 5050 προσηγόρευσε
2850 5019 2864 5043 ,
2907 4980 3000 5031 καὶ
3035 4978 3164 5031 αὐτὸ
3210 4980 3265 5031 δὲ
3298 4979 3357 5031 τὸ
3399 4978 3576 5046 σῶμα,
3614 4978 3759 5030 θεῖον

522 5085 698 5153 ipsum
727 5083 974 5137 divinum
998 5100 1196 5153 corpus
1226 5083 1584 5151 appellamus,
1620 5091 1675 5135 et
1704 5082 1999 5146 viviﬁcum,
2034 5098 2061 5135 e

2190 5070 2523 5142 ὀνομάζομεν
2551 5070 2726 5139 σῶμα,
2753 5072 2843 5123 καὶ
2870 5069 3153 5133 ζωοποιδν,
3178 5070 3270 5122 καὶ
3292 5070 3638 5129 Δεσποτικὸν,
3662 5070 3760 5122 καὶ

520 5175 885 5240 Dominicum,
922 5175 1182 5230 docentes
1207 5190 1315 5227 non
1337 5188 1624 5227 commune
1646 5172 1884 5226 hominis
1902 5174 2057 5242 cujus

2192 5167 2489 5235 Κυριακδν,
2521 5164 2862 5225 διδάσκοντες
2894 5162 2968 5225 ὡς
2996 5163 3057 5215 ού
3106 5162 3280 5214 κοινόν
3311 5162 3452 5222 τινός
3482 5162 3629 5211 ἐστιν
3663 5162 3758 5213 ἁν-

522 5266 667 5331 piam
723 5281 863 5330 esse,
921 5266 1055 5319 'sed
1103 5263 1319 5319 Domini
1362 5262 1532 5316 nostri
1580 5262 1704 5317 Jesu
1732 5261 1952 5327 Christi,
1988 5278 2057 5330 qu

2192 5256 2431 5327 θρώπου,
2462 5256 2595 5310 ἀλλὰ
2630 5256 2721 5308 τοῦ
2756 5256 2962 5324 Κυρίου
2991 5253 3143 5324 ἡμῶν
3187 5254 3358 5322 Ἰησοῦ
3399 5253 3631 5325 Χριστοῦ
3655 5293 3669 5313 ,
3700 5251 3757 5313 ὃς

598 5423 812 5477 “Joan.
842 5438 914 5487 Vl,
936 5424 1022 5477 51.

601 5539 706 5606 (37)
736 5536 879 5589 Edit.
918 5536 1073 5589 Rom.
1104 5544 1155 5590 et
1186 5536 1328 5605 Lips.
1374 5537 1597 5607 ὖφῃνας.
