4006 6202
280 288 393 354 169

1343 289 1720 356 DIALOGUS
1756 295 1837 357 II.
1873 323 1943 335 ·-
1985 300 2475 366 lNCONFUSUS.

3420 317 3543 385 170

277 402 420 464 θεὸς
440 401 555 455 ἐστι
575 398 670 453 καὶ
695 399 1003 471 ἄνθρωπος.
1044 419 1062 452 ι
1118 400 1322 473 Ἰησοῦς
1346 404 1456 476 γὰρ
1480 406 1715 477 Χριστὸς
1743 408 1866 480 χθὲς

1973 413 2117 470 Deus
2142 424 2229 471 est
2254 427 2313 473 et
2341 420 2525 473 homo.
2576 420 2740 476 Jesus
2757 421 2903 476 enim
2929 421 3183 481 Christus
3219 427 3337 484 heri
3357 440 3413 487 et
3435 433 3539 488 ho-

278 494 379 547 καὶ
405 491 667 561 σήμερον,
693 493 724 546 6
749 491 910 555 αὐτὸς
931 493 1028 547 καὶ
1059 494 1140 557 εἰς
1170 496 1299 559 τοὺς
1323 496 1544 560 αἰῶνας.
1585 518 1603 550 ι

350 581 558 635 EPAN.
602 580 840 645 Πολλοὺς
871 582 970 651 μὲν
998 583 1128 653 περὶ
1153 584 1345 638 τούτου
1375 585 1753 659 διεξελήλυθας
1782 590 1869 644 M-
1925 603 1929 607 '

277 689 431 741 γους·
466 671 581 739 ἐγὼ
608 671 667 724 δὲ
696 675 811 735 τοῖς
839 673 898 725 ἐν
919 675 1038 737 ταῖς
1073 674 1425 746 Ἐκκλησίαις
1452 677 1619 733 πάλαι
1643 680 1870 752 διαλάμ-

276 761 449 831 ψασιν
475 759 761 813 ἀκολουθῶ
796 760 993 828 ἁγίοις.
1020 761 1204 826 Δεῖξον
1239 764 1420 818 τοίνυν
1448 765 1690 832 ἐκείνους
1730 770 1869 838 μετὰ

275 854 379 924 τὴν
408 852 610 905 ἕνωσιν
639 852 985 923 διαιροῦντας
1010 854 1089 924 τῷ
1125 853 1269 926 λόγῳ
1300 855 1399 920 τὰς
1430 856 1641 926 φύσεις.

348 944 509 1002 ΟΡΘ.
570 942 713 1012 Ἐγὼ
772 945 873 1013 μέν
911 961 993 997 σοι
1038 946 1166 1008 τοὺς
1203 946 1431 1001 ἐκείνων
1481 949 1869 1022 ἀναγνώσομαι

276 1034 502 1096 πόνους·
539 1032 604 1085 σὺ
631 1032 688 1085 δὲ
708 1031 1034 1103 θαυμάσεις,
1062 1029 1121 1087 εὖ
1150 1031 1290 1100 οἶδα,
1314 1036 1409 1105 τὴν
1425 1036 1526 1108 τῆς
1549 1039 1869 1108 διαιρέσεως

275 1125 571 1197 ἀμετρίαν,
591 1124 657 1195 ἢν
673 1126 788 1188 τοῖς
812 1124 1036 1187 οἰκείοις
1057 1126 1484 1197 συγγράμμασιν
1502 1129 1863 1197 ὲντεθείκασι,

278 1218 424 1287 πρὸς
452 1216 553 1279 τὰς
585 1215 866 1278 δυσσεϐεῖς
895 1215 1137 1286 αἱρέσεις
1160 1217 1577 1289 ἀγωνιζόμενοι.
1604 1221 1867 1276 Ἄκουσον

274 1310 464 1363 τοίνυν
492 1307 742 1372 ἐκείνων,
772 1301 848 1361 ὧν
882 1308 981 1378 ἥδη
1025 1307 1122 1370 τὰς
1157 1311 1464 1381 μαρτυρίας
1498 1329 1580 1365 σοι
1614 1313 1868 1384 παρηγά.

268 1416 471 1470 νγομεν,
504 1400 767 1468 ἄντικρυς
796 1398 969 1451 ταῦτα
1006 1399 1100 1451 καὶ
1125 1398 1422 1471 διαρρήδην
1445 1402 1731 1470 λεγόντων.

282 1515 395 1570 Τοῦ
444 1514 619 1584 ἁγίου
658 1512 954 1586 ἰγνατίου
980 1511 1320 1586 extenderet:
1371 1515 1732 1586 Ἀντιοχείας
1768 1519 1867 1574 καὶ

840 1581 1141 1652 μάρτυρος
1172 1582 1304 1653 (53)-

360 1701 459 1752 Ἐκ
492 1699 607 1767 τῆς
631 1696 781 1766 πρὸς
824 1695 1200 1764 Σμυρναίους
1226 1695 1577 1765 ἐπιστολῆς.
1617 1728 1688 1739 -
1726 1699 1867 1769 Ἐγὼ

276 1793 391 1864 γὰρ
416 1792 512 1845 καὶ
539 1791 677 1863 μετὰ
703 1790 805 1860 τὴν
833 1789 1130 1843 ἀνάστασιν
1154 1791 1213 1844 ἐν
1243 1790 1408 1861 σαρκὶ
1439 1791 1601 1845 αὐτὸν
1626 1787 1745 1846 οἶδα
1771 1793 1867 1847 καὶ

277 1885 536 1939 πιστεύω
560 1884 711 1946 ὄντα,
745 1883 841 1935 καὶ
860 1882 952 1936 ὅτε
983 1879 1121 1953 πρὸς
1146 1880 1274 1946 τοὺς
1302 1882 1429 1954 περὶ
1449 1882 1656 1954 Πέτρον
1682 1879 1864 1955 ἦλθεν,

273 1978 394 2047 ἔφη
434 1977 639 2037 αὐτοῖς,
694 1992 713 2025 ι
751 1972 963 2027 Λάϐετε
984 2013 1000 2039 ,
1050 1971 1413 2043 ψηλαφήσατέ
1445 1989 1546 2043 με,
1579 1973 1673 2026 καὶ
1703 1973 1863 2039 ἴδετε,

273 2068 365 2121 ὅτι
402 2068 508 2120 οὐκ
544 2063 654 2135 εἰμὶ
697 2062 976 2133 δαιμόνιον
1012 2062 1123 2133 (59)
1160 2062 1473 2132 ἀσώματον.
1514 2081 1533 2114 ι
1568 2064 1676 2117 Καὶ
1707 2064 1869 2128 εὐθὺς

274 2157 450 2213 αὖτοῦ
470 2156 694 2225 ἥψαντο.
729 2155 824 2208 καὶ⁸
840 2153 1188 2208 ἐπίστευσαν.
1213 2183 1281 2197 —-
1299 2151 1418 2207 Τοῦ
1439 2151 1648 2216 αὑτοῦ,
1669 2152 1737 2206 ἐκ
1759 2150 1869 2222 τῆς

275 2248 473 2316 αὐτῆς
494 2245 847 2314 ἐπιστολῆς.
888 2243 1046 2299 Μετὰ
1074 2244 1133 2297 δὲ
1159 2243 1260 2317 τὴν
1287 2243 1610 2308 ἀνάστασιν,
1634 2245 1729 2298 καὶ
1754 2244 1865 2312 (60)

278 2342 553 2410 συνέφαγε
575 2379 589 2403 ,
632 2339 727 2393 καὶ
775 2337 1031 2391 συνέπιεν
1064 2336 1286 2401 αὐτοῖς,
1319 2336 1397 2401 ὡς
1431 2336 1551 2407 (61)
1575 2337 1865 2408 σαρκικδς,

276 2433 486 2502 καίπερ
508 2428 898 2501 πνευματικῶς
924 2428 1207 2499 ἡνωμένος
1240 2427 1322 2500 τῷ
1349 2429 1548 2500 Πατρί.

274 2545 611 2615 Εἰρηναίου
646 2543 755 2598 τοῦ
781 2541 1049 2597 παλαιοῦ
1083 2542 1427 2596 ἐπισκόπου
1462 2541 1864 2612 Λουγδούνου.

362 2660 463 2712 ἐκ
492 2658 600 2713 τοῦ
627 2658 827 2725 τρίτου
851 2655 963 2727 (62)
990 2657 1177 2726 λόγου
1203 2654 1322 2708 τῶν
1344 2656 1430 2723 εις
1454 2654 1560 2722 τὰς
1586 2656 1865 2725 αἱρέσεις.

279 2753 540 2806 Ἠνωσεν
575 2749 690 2820 (63)
727 2743 841 2812 οὖν,
880 2745 1064 2810 καθὼς
1090 2745 1432 2818 προέφαμεν,
1461 2745 1552 2799 τὸν
1582 2746 1868 2818 ἄνθρωπον

268 2841 357 2912 τῷ
395 2840 538 2911 Θεῷ.
570 2841 634 2892 Ei
672 2838 782 2910 γὰρ
818 2838 893 2910 μὴ
933 2836 1220 2909 ἄνθρωπος
1247 2836 1495 2908 ἐνίκησεν
1521 2836 1612 2891 τὸν
1642 2837 1869 2891 ἀντίπα-

266 2933 368 2987 10v
398 2932 495 2986 τοῦ
529 2930 841 3002 ἀνθρώπου,
873 2929 975 2982 οὐκ
1001 2928 1065 2982 ἂν
1089 2927 1312 2989 δικαίως
1346 2926 1572 2998 ἐνικήθη
1597 2929 1626 2981 6
1654 2927 1864 2998 ἐχθρόςο

204 3084 225 3100 ο
266 3025 445 3079 πάλιν
476 3040 559 3087 τε,
581 3024 630 3076 εί
664 3022 740 3093 μὴ
760 3021 788 3074 6
814 3020 945 3083 Θεὸς
974 3020 1286 3090 ἐδωρήσατο
1314 3018 1411 3090 τὴν
1442 3018 1739 3089 σωτηρίαν,
1767 3019 1867 3071 οὐκ

1968 503 2079 569 die,
2110 505 2255 561 idem
2287 516 2343 562 et
2369 508 2426 563 in
2448 510 2648 566 saecula
2663 511 2729 565 °‘.
2751 530 2769 563 ι

2035 596 2243 653 ERAN.
2294 599 2464 654 Multa
2507 602 2732 672 quidem
2786 604 2890 659 hac
2919 605 2989 661 de
3019 622 3077 662 re
3119 608 3289 665 verba
3311 609 3537 668 fecisti:

1966 702 2068 757 ego
2088 703 2219 743 vero
2241 698 2461 746 sanctos
2482 707 2706 762 sequor,
2731 694 2826 764 qui
2848 695 2904 750 in
2927 697 3191 755 Ecclesiis
3202 700 3538 758 claruerunt.

1965 776 2207 834 Ostende
2238 780 2408 851 igitur
2452 774 2585 862 illos
2620 783 2677 838 in
2720 785 2945 856 scriptis
2984 788 3100 844 suis
3132 799 3256 860 post
3280 792 3541 849 unionem

1967 870 2284 928 distinxisse
2302 882 2570 941 naturast.
2590 920 2593 921 ν
2656 948 2659 949 ν

2036 961 2245 1018 ORTH.
2305 963 2419 1034 Ego
2445 964 2673 1035 quidem
2718 965 2938 1022 illorum
2987 968 3088 1024 tibi
3128 970 3544 1045 lucubrationes

1967 1053 2230 1108 recitabo.
2297 1055 2379 1109 Tu
2411 1070 2545 1111 vero
2579 1056 2962 1123 admiraberis,
3004 1060 3254 1127 sat-scio,
3294 1062 3543 1117 crebram

1968 1142 2342 1200 distinctionis
2386 1146 2745 1211 mentionem,
2780 1163 2945 1216 quam
2976 1150 3199 1220 scriptis
3220 1152 3367 1220 suis,
3411 1154 3542 1211 dum

1966 1233 2233 1289 adversus
2283 1234 2479 1305 impias
2530 1237 2772 1293 hmreses
2817 1238 3113 1306 dimicant,
3164 1241 3540 1301 inseruerunt.

1966 1324 2110 1380 Audi
2136 1341 2271 1398 ergo
2300 1342 2416 1393 eos,
2445 1344 2683 1398 quorum
2702 1331 2814 1401 jam
2839 1331 2940 1385 tibi
2969 1333 3283 1390 testimonia
3300 1337 3541 1403 laudavi,

1968 1416 2083 1471 haec
2114 1418 2292 1488 palam
2317 1426 2374 1473 et
2400 1420 2607 1476 diserte
2635 1421 2991 1479 aﬂirmantes.

2072 1530 2256 1586 Sancti
2285 1531 2483 1603 Ignatii
2506 1535 2814 1590 Antiocheni
2839 1539 3065 1609 episwpi
3093 1547 3141 1592 et
3164 1545 3436 1612 martyris.

2038 1702 2123 1757 Ex
2150 1705 2372 1775 epistola
2410 1706 2480 1760 ad
2501 1705 2821 1780 Smyrnam.
2878 1709 2994 1780 Ego
3019 1710 3167 1766 enim
3201 1720 3328 1782 post
3351 1729 3544 1770 resur-

1969 1800 2269 1856 rectionem
2299 1817 2520 1872 quoque
2550 1804 2731 1874 ipsum
2758 1804 2813 1859 in
2836 1819 3002 1861 carne
3026 1807 3143 1861 scio
3169 1808 3280 1879 (65)
3301 1818 3357 1864 et
3377 1811 3547 1867 credo

1974 1892 2137 1961 128
2168 1908 2311 1958 esse,
2344 1903 2401 1948 et
2426 1895 2649 1964 quando
2690 1896 2756 1950 ad
2785 1911 2882 1950 eos
2912 1897 3006 1966 qui
3040 1913 3165 1952 cum
3196 1900 3359 1955 Petro
3388 1912 3549 1958 erant

1967 1980 2153 2045 venit,
2187 1980 2326 2036 dixit
2350 1982 2434 2037 eis
2469 2001 2481 2036 :
2528 2002 2546 2035 ι
2575 1983 2843 2055 Accipite,
2879 1986 3097 2055 palpate
3122 2003 3232 2051 me,
3263 1997 3320 2043 et
3338 1990 3544 2057 videte,

1967 2073 2098 2142 quia
2118 2087 2228 2127 non
2250 2088 2373 2127 sum
2390 2073 2722 2129 daemonium
2743 2074 3134 2144 incorporeum
3152 2078 3217 2131 ".
3232 2096 3249 2128 ι
3277 2079 3345 2133 Et
3361 2080 3546 2135 statim

1970 2160 2151 2230 ipsum
2176 2162 2497 2232 tetigerunt,
2520 2170 2578 2217 et
2601 2162 3053 2217 crediderunt.—
3075 2165 3350 2235 Ejusdem,
3373 2182 3438 2222 ex
3457 2184 3547 2223 ea-

1969 2251 2087 2304 dem
2112 2250 2353 2321 epistola.
2400 2252 2530 2305 Post
2557 2253 3017 2308 resurrectionem
3041 2262 3224 2309 autem
3246 2294 3261 2319 ,
3290 2271 3398 2310 una
3420 2271 3546 2312 cum

1968 2343 2049 2399 eis
2080 2352 2139 2399 et
2163 2344 2405 2399 comedit
2435 2351 2492 2398 et
2532 2343 2679 2398 bibit
2694 2344 2762 2407 ",
2798 2350 3060 2415 tanquam
3096 2360 3265 2400 carne
3291 2347 3544 2412 vestitus.

1970 2434 2073 2490 etsi
2099 2434 2465 2505 spiritualiter
2493 2433 2685 2488 unitus
2706 2433 2875 2489 Patri.

2230 2545 2423 2601 Iremei
2455 2545 2662 2617 antiqui
2685 2547 2909 2617 episcopi
2932 2545 3313 2617 Lugdunensis.

2042 2657 2125 2712 Ex
2172 2657 2304 2712 libro
2350 2659 2504 2711 tertio
2537 2656 2799 2712 Adversus
2829 2660 3131 2714 hwreses".
3176 2660 3366 2717 Univit
3392 2677 3543 2733 ergo,

1970 2750 2116 2805 sicut
2143 2759 2270 2803 ante
2301 2747 2560 2811 diximus,
2592 2748 2871 2804 hominem
2900 2750 3034 2805 Deo.
3069 2750 3188 2806 Nisi
3211 2752 3359 2807 enim
3378 2752 3546 2809 homo

1969 2841 2194 2897 vicisset
2216 2838 2588 2894 adversarium
2617 2839 2878 2906 hominis,
2908 2856 3016 2895 non
3035 2843 3183 2913 juste
3202 2842 3383 2899 victus
3398 2855 3546 2900 esset

1969 2929 2147 2984 hostis
2178 2947 2189 2982 :
2221 2936 2277 2984 et
2300 2943 2516 2994 rursus,
2549 2928 2657 2983 nisi
2682 2930 2827 2985 Deus
2859 2930 3119 2987 donasset
3145 2932 3400 2999 salutem,
3432 2949 3545 2990 non

1972 3019 2207 3073 ﬁrmiter
2250 3034 2371 3073 eam
2400 3018 2734 3073 haberemus
2762 3037 2776 3072 :
2806 3029 2862 3074 et
2900 3020 3008 3075 nisi
3046 3022 3158 3076 Deo
3191 3023 3378 3079 unitus
3398 3033 3548 3080 esset

265 3116 337 3169 ἂν
373 3113 614 3185 βεϐαίως
662 3112 894 3181 ἔσχομεν
932 3108 1127 3179 αὑτὴνο
1160 3109 1256 3162 καὶ
1296 3109 1346 3161 εί
1395 3109 1470 3179 μὴ
1520 3106 1805 3179 συνηνὼθη
1836 3110 1865 3162 ὁ

1973 3113 2135 3168 homo
2159 3154 2174 3180 ,
2222 3129 2333 3168 non
2384 3113 2657 3184 potuisset
2689 3115 2969 3186 particeps
2992 3132 3115 3171 esse
3147 3117 3545 3188 incorruptibi-

268 3205 569 3279 ἄνθρωπος
600 3202 679 3273 τῷ
716 3200 856 3272 Θεῷ,
893 3201 995 3254 οὐκ
1033 3199 1100 3254 ἂν
1145 3199 1386 3270 ἠδυνήθη
1427 3202 1719 3270 μετασχεῖν
1766 3200 1866 3269 τῆς

266 3296 611 3367 ἀφθαρσίας.
648 3294 799 3349 Ἔδει
842 3292 953 3362 γὰρ
983 3291 1075 3345 τὸν
1114 3290 1342 3363 μεσίτην
1383 3290 1518 3344 Θεοῦ
1552 3308 1611 3343 τε
1644 3292 1740 3345 καὶ
1775 3293 1868 3345 ἀν-

265 3383 542 3456 θρώπων,
570 3381 662 3434 διὰ
685 3379 785 3450 τῆς
828 3381 966 3444 ιδίας
995 3380 1132 3452 πρὸς
1162 3380 1456 3450 ἑκατέρους
1495 3380 1827 3451 οἰκειότητος
1849 3421 1864 3445 ,

260 3476 349 3538 εἰς
385 3472 579 3543 φιλίαν
605 3472 697 3526 καὶ
717 3471 967 3542 ὁμόνοιαν
990 3472 1115 3533 τοὺς
1138 3470 1484 3541 ἀμφοτέρους
1514 3474 1865 3539 συναγαγεῖν,

262 3567 372 3624 καὶ
408 3565 535 3637 Θεῷ
567 3566 665 3637 μὲν
705 3564 1056 3635 παραστῆσαι
1093 3563 1185 3616 τὸν
1219 3563 1526 3635 ἄνθρωπον,
1556 3563 1869 3636 ἀνθρώποις

260 3659 323 3714 δὲ
352 3657 635 3729 γνωρίσαι
658 3646 750 3709 τδν
779 3655 934 3709 Θεόν.
963 3685 1032 3694 --
1058 3654 1168 3709 Τοῦ
1191 3654 1399 3718 αὑτοῦ,
1430 3655 1497 3709 ἐκ
1522 3655 1630 3710 τοῦ
1660 3657 1864 3725 τρίτου

262 3753 472 3819 λόγου
501 3747 616 3815 τῆς
650 3745 837 3813 αὐτῆς
882 3746 1306 3816 πραγματείας.
1360 3746 1452 3798 Διὸ
1484 3746 1649 3799 πάλιν
1702 3748 1759 3801 ἐν
1795 3749 1863 3818 τῇ

260 3822 544 3908 ἐπιστολῇ
564 3855 715 3908 prpt-
741 3858 758 3889 ι
788 3838 904 3901 Πᾶς
931 3838 958 3891 6
981 3837 1256 3891 πιστεύων
1276 3838 1358 3891 ὅτι
1381 3838 1589 3909 Ἰησοῦς
1607 3840 1862 3909 Χριστὸς,

263 3931 333 3985 ἐκ
406 3927 507 3982 τοῦ
562 3929 695 3982 Θεοῦ
738 3930 1104 4001 γεγέννηται,
1153 3929 1249 3983 ἕνα
1291 3932 1386 3983 καὶ
1442 3930 1534 3983 τὸν
1580 3932 1747 3985 αὐτὸν
1793 3933 1869 3984 εί-

258 4023 379 4086 δὼς
431 4021 638 4093 Ἰησοῦν
686 4023 944 4093 Χριστὸν,
1060 4022 1392 4094 ῂνοίχθησαν
1439 4024 1496 4075 αἱ
1546 4022 1713 4076 πύλαι
1769 4023 1864 4077 τοῦ

256 4112 515 4185 οὐρανοῦ
577 4114 663 4167 διὰ
732 4115 832 4183 τὴν
897 4114 1161 4184 ενσαρκον
1213 4113 1482 4185 ἀνάληψιν
1539 4114 1741 4179 αὐτοῦ,
1806 4113 1866 4178 ὃς

260 4210 371 4262 καὶ
427 4206 488 4258 ἐν
526 4208 592 4276 τῇ
624 4208 758 4277 αὐτῇ
803 4206 971 4278 σαρκὶ
1005 4207 1064 4259 ἐν
1178 4206 1277 4260 καὶ
1321 4205 1524 4260 ἔπαθεν
1561 4206 1864 4270 ἐλεύσεται,

257 4299 374 4369 τὴν
417 4297 580 4363 δόξαν
616 4298 1017 4352 ἀποκαλύπτων
1052 4297 1147 4351 τοῦ
1182 4299 1421 4371 Πατρός.
1452 4318 1471 4351 ι
1506 4329 1576 4338 -
1611 4298 1724 4353 Τοῦ
1756 4300 1865 4354 αὐ-

259 4390 409 4450 τοῦ.
471 4388 541 4442 ἐκ
598 4388 701 4443 τοῦ
753 4388 1035 4459 τετάρτου
1099 4391 1308 4458 λόγου.
1369 4388 1571 4453 Καθὼς
1631 4391 1862 4455 Ἡσαΐας

1969 3205 2162 3262 litatis.
2188 3203 2652 3275 Oportebatenim
2669 3205 3025 3262 mediatorem
3050 3207 3147 3263 Dei
3163 3208 3543 3275 ethominum,

1969 3313 2071 3366 per
2093 3311 2247 3351 suam
2273 3296 2342 3351 ad
2368 3306 2632 3366 utrosque
2659 3299 3061 3369 cognationem,
3090 3299 3145 3353 in
3167 3300 3466 3355 amicitiam
3489 3311 3548 3358 et

1969 3386 2321 3442 concordiam
2352 3396 2613 3457 utrosque
2641 3389 2908 3445 reducere
2930 3431 2945 3455 ,
2980 3397 3036 3446 et
3064 3391 3175 3448 Deo
3197 3392 3419 3463 quidem
3442 3392 3546 3449 ho-

1967 3477 2175 3535 minem
2203 3477 2524 3551 adjungere,
2558 3478 2876 3535 hominibus
2899 3496 3029 3536 vero
3051 3484 3223 3536 Deum
3250 3493 3443 3539 notum
3467 3484 3547 3539 fa+

1967 3587 2113 3628 cere.
2132 3604 2202 3612 —
2232 3572 2505 3643 Ejusdem,
2541 3590 2605 3626 ea:
2631 3573 2762 3627 libro
2784 3589 2841 3627 nt
2872 3575 3108 3644 ejusdem
3135 3576 3385 3647 operis".
3416 3578 3546 3631 Ideo

1973 3663 2133 3733 129
2166 3677 2361 3717 rursus
2394 3663 2451 3716 in
2477 3663 2722 3732 Epistola
2749 3664 2884 3718 dicit
2913 3683 2924 3717 :
2984 3683 3002 3715 ι
3029 3664 3220 3719 Omnis
3248 3667 3343 3736 qui
3369 3669 3547 3723 credit

1965 3753 2151 3808 Iesum
2176 3766 2297 3807 esse
2316 3751 2618 3817 Christum,
2654 3767 2719 3807 ex
2744 3753 2857 3807 Deo
2880 3761 3041 3807 natus
3063 3760 3147 3807 est
3164 3755 3263 3818 ⁶⁹,»
3292 3770 3463 3809 unum
3489 3769 3546 3812 ct

1966 3843 2222 3898 eumdem
2272 3858 2575 3913 agnoscens
2624 3845 2812 3899 Jesum
2858 3843 3170 3911 Christum,
3220 3847 3310 3901 cui
3340 3855 3544 3917 aperta:

1965 3944 2097 3990 sunt
2130 3935 2255 3990 caeli
2307 3942 2478 4004 portae
2508 3943 2735 4004 propter
2783 3928 3281 4005 carnalem'ipsius
3331 3951 3544 3991 assum-

1966 4027 2232 4098 ptionem,
2257 4024 2350 4095 qui
2373 4033 2430 4080 ct
2453 4024 2509 4078 in
2532 4026 2727 4080 eadem
2764 4040 2929 4080 carne
2983 4026 3038 4079 in
3081 4041 3189 4096 qua
3234 4041 3429 4096 passus
3458 4036 3544 4083 est

1962 4118 2170 4183 veniet,
2207 4118 2387 4172 Patris
2439 4118 2667 4188 gloriam
2727 4118 2997 4173 revelans.
3042 4147 3111 4158 -—-
3145 4117 3423 4187 Ejusdem,
3481 4135 3545 4172 ea:

1966 4208 2098 4263 libro
2144 4225 2194 4263 IV
2228 4209 2296 4263 ".
2334 4208 2488 4264 Sicut
2516 4208 2593 4262 ait
2625 4208 2794 4263 Isaias
2832 4227 2844 4262 :
2883 4228 2902 4259 ι
2939 4208 3067 4262 Filii
3111 4209 3281 4265 Jacob
3339 4211 3543 4279 germi-

1965 4300 2202 4365 nabunt,
2241 4312 2299 4355 et
2343 4298 2651 4355 efﬂorescet
2680 4300 2872 4364 Israel,
2907 4308 2964 4353 et
3017 4299 3340 4370 implebitur
3391 4299 3545 4355 orbis

1969 4401 2240 4447 terrarum
2271 4391 2456 4447 fructu
2484 4393 2603 4463 ejus
2622 4392 2722 4445 ⁷⁵.»
2764 4391 2825 4445 In
2861 4391 3182 4446 universum
3212 4407 3344 4462 ergo
3366 4400 3543 4447 terra-

257 4481 443 4551 φησὶ,
507 4499 527 4532 ι
579 4480 966 4535 ΤέκναἸακὼὸ
1015 4481 1308 4553 βλαστήσει
1333 4520 1347 4544 ,
1416 4482 1511 4535 καὶ
1574 4482 1861 4553 ἐξανθήσει

1973 4501 2092 4540 rum
2116 4485 2309 4540 orbem
2357 4484 2540 4540 fructu
2587 4500 2655 4539 eo
2696 4483 3086 4547 disseminato,
3137 4484 3263 4554 jure
3294 4483 3544 4538 derelicti

270 4572 538 4643 Ἰσραὴλ,
563 4572 657 4625 καὶ
682 4573 1052 4644 πλησθήσεται
1080 4575 1191 4645 (64)
1223 4575 1255 4645 ἡ
1281 4573 1574 4645 οἰκουμένη
1605 4573 1697 4628 τοῦ
1728 4591 1862 4645 καρ-

257 4664 383 4718 ποῦ
416 4663 601 4719 αὐτοῦ.
636 4683 655 4717 ι
694 4666 787 4728 Ei;
817 4665 945 4734 ὃλην
984 4663 1078 4719 οὖν
1114 4665 1212 4736 τὴν
1236 4666 1559 4736 οἰκουμένην
1592 4666 1686 4720 τοῦ
1718 4682 1858 4737 καρ-

259 4751 382 4807 εοῦ
416 4751 581 4806 αὑτοῦ
606 4752 999 4826 διασπαρέντος
1018 4797 1031 4819 ,
1059 4755 1288 4818 εἰκότως
1314 4756 1733 4828 ἐγκατελείφθη.
1764 4758 1858 4810 καὶ

1965 4584 2113 4642 sunt,
2158 4584 2215 4632 et
2262 4592 2293 4632 e
2339 4576 2524 4632 medio
2548 4575 2772 4640 sublati,
2821 4575 2916 4645 qui
2959 4575 3091 4629 olim
3117 4574 3342 4646 quidem
3368 4574 3545 4629 bonos

1964 4666 2179 4723 fructus
2226 4668 2475 4723 tulerunt
2510 4668 2610 4738 (ex
2643 4666 2777 4740 ipsis
2808 4667 2957 4721 enim
2986 4667 3290 4721 secundum
3320 4680 3543 4720 carnem

1963 4757 2217 4813 Christus
2251 4768 2306 4811 et
2339 4757 2573 4829 apostoli
2620 4757 3016 4828 prodierunt),
3068 4773 3219 4813 nunc
3257 4764 3442 4811 autem
3472 4755 3540 4810 ad

348 4914 415 4985 θ
442 4910 613 4967 Hebr.
646 4928 760 4985 xm,
787 4915 840 4969 8.
902 4910 947 4943 ⁸⁸
972 4908 1164 4964 Matth.
1190 4926 1298 4974 xw,
1316 4911 1408 4965 27.
1475 4911 1521 4942 “
1543 4909 1678 4964 Luc.
1710 4924 1857 4974 xxxv,

2034 4911 2076 4942 ⁸⁷
2109 4908 2241 4979 Cap.
2263 4908 2352 4963 20.
2397 4910 2441 4941 ”
2459 4909 2590 4980 Cap.
2625 4911 2710 4965 {8.
2773 4912 2852 4966 "l
2882 4911 3039 4967 Joan.
3066 4927 3120 4976 ν,
3147 4912 3197 4965 1.
3249 4913 3295 4943 ⁷ο
3320 4912 3453 4985 Cap.
3490 4916 3542 4970 7.

256 4982 316 5019 ⁷⁸
341 4984 454 5040 lsa.
483 4998 642 5047 nm,
674 4984 728 5037 6.

347 5137 467 5212 (ἒξ)
500 5135 663 5212 μάρτ.
697 5135 798 5212 Εὐ.
824 5135 986 5212 βοτη.
1014 5117 1238 5212 et
1283 5129 1467 5212 μέρος.
1652 5200 1664 5212 .

348 5200 467 5277 (59)
495 5200 646 5278 δαιμ.
694 5208 784 5260 ἀσ.
823 5204 1080 5275 Ignorant
1107 5200 1856 5278 [gitanpeljorumscriptores

260 5269 427 5335 hanc
448 5269 698 5341 'phra'sin,
724 5269 890 5341 quam
928 5270 1181 5329 nonnulli
1221 5269 1289 5324 ex
1320 5269 1617 5341 Evangelio
1651 5269 1852 5328 secun-

261 5352 416 5405 dum
446 5347 705 5402 Hebraeos
731 5347 1073 5414 desumptam
1100 5347 1471 5414 esseputant.

348 5417 464 5488 (60)
489 5418 597 5471 Καὶ
618 5446 683 5488 -τ-
710 5409 1078 5479 αὐτοῖς.’(]ο(1.
1100 5409 1403 5473 Mediceus,
1432 5409 1741 5480 συνέφαγεν
1765 5412 1863 5464 αὐ-

260 5486 395 5550 τοῖς
416 5486 512 5540 καὶ
539 5486 809 5540 συνέπιεν.

350 5548 465 5626 (ει)
495 5555 875 5626 ὠς-[Ῐατρί.
899 5552 1056 5626 Hunc
1090 5553 1272 5626 locum
1299 5548 1719 5626 restituendum
1739 5565 1863 5626 esse

259 5620 542 5687 duximus
580 5643 649 5682 ex
676 5620 803 5682 cod.
828 5624 1092 5688 Mediceo,
1132 5624 1290 5693 cujus
1318 5620 1862 5693 lectipnem‘exhibe-

262 5716 408 5758 Inus
444 5701 500 5754 in
532 5707 702 5753 testu.
738 5694 1066 5752 Sirmondus
1087 5689 1505 5760 πῶς’σαρκικῶς
1538 5690 1632 5743 καὶ
1649 5708 1741 5746 τιν.
1773 5691 1860 5763 ἡν.

600 5791 870 5857 Panos.
916 5789 1031 5851 Ga.
1078 5784 1394 5848 LXXXIII.

1962 5130 2043 5257 ej;
2072 5131 2264 5201 Πατρί.
2284 5132 2464 5215 Minus
2490 5142 2657 5198 recte,
2683 5142 2742 5188 ut
2766 5135 2877 5205 jam
2906 5135 3119 5189 monuit
3137 5134 3331 5190 Thom.
3364 5135 3541 5192 Smith

1962 5216 1988 5256 a
2064 5202 2211 5257 hunc
2240 5203 2430 5258 lanatn
2462 5206 2664 5258 locum.

1959 5213 2026 5257 aa
2064 5213 2211 5257 nunc
2241 5213 2430 5274 lgnatii
2462 5213 2664 5259 locum.

2033 5269 2145 5342 (62)
2167 5273 2374 5343 τρίτου.
2408 5274 2489 5329 lta
2526 5274 2867 5329 restituenda
2894 5272 2999 5328 fuit
3026 5273 3211 5330 lectio.
3242 5273 3373 5342 Qum
3395 5277 3542 5330 enim

1961 5353 2288 5415 sequuntur.
2307 5351 2593 5415 _non_sunt
2629 5346 2693 5396 ἐκ
2725 5345 2818 5397 τοῦ
2842 5345 3095 5415 δευτέρου
3120 5343 3301 5412 λόγου,
3340 5352 3401 5399 ut
3427 5345 3546 5401 edi-

1962 5410 2041 5464 tio
2068 5410 2345 5467 Sirmondi
2378 5412 2633 5467 habebat.

2033 5480 2144 5555 (βξ)
2177 5481 2412 5555 νωθέιᾴ
2443 5483 2556 5536 haec
2591 5481 2957 5555 lrenueiloca,
2986 5500 3040 5555 p.
3067 5485 3156 5553 51,
3180 5486 3352 5541 schol.
3385 5487 3472 5540 7|.

2039 5551 2151 5623 (βρ)
2187 5552 2278 5623 π).
2314 5552 2451 5623 Vide
2479 5567 2664 5623 supra,
2691 5560 2732 5615 t,
2764 5552 2829 5616 ll,
2859 5566 2911 5623 p.
2946 5551 3071 5611 299.

2035 5618 2148 5689 ('65)
2204 5618 2567 5696 Seiq._lt_ectel
2622 5622 2787 5676 Vetus
2835 5618 3129 5696 interpres,
3192 5625 3318 5681 uidi.
3378 5622 3541 5682 ϐοαί.

1961 5691 2222 5757 Pearson,
2255 5690 2320 5745 ad
2343 5690 2401 5745 h.
2425 5691 2437 5744 l
2457 5734 2470 5747 .
