4006 6202
463 239 558 308 fil

1445 239 1931 300 TllEODOllETi
1969 240 2305 299 EPISCOI’I
2348 239 2708 300 CYllENSIS

3618 241 3722 310 172

461 356 674 411 fructus
686 351 986 422 gignendos
1006 350 1240 420 amphus
1255 351 1368 420 apti
1389 366 1496 404 non
1516 361 1739 404 sunt.-——
1759 351 2022 419 Ejusdem

2142 353 2204 403 ἐκ
2242 351 2408 420 μέσου
2439 351 2672 417 ἐγένετο,
2706 349 2774 402 τὰ
2807 349 2938 402 ποτὲ
2969 351 3066 419 μὲν
3091 352 3596 424 κιρποφορήσαντα
3622 375 3722 410 κα-

462 461 526 499 ea:
551 445 728 497 eodem
755 442 966 495 libro".
991 440 1393 496 Judicatetiam
1415 434 1720 495 Ebionitas.
1751 439 2039 505 Quomodo

457 543 688 608 possunt
713 535 933 598 salvari,
958 535 1004 590 si
1031 536 1177 589 Deus
1204 551 1313 590 non
1336 536 1440 589 fuit
1460 536 1552 604 qui
1577 551 1771 588 eorum
1802 535 2036 588 salutem

457 631 515 685 in
539 639 684 684 terra
700 635 958 696 operatus
971 625 1094 680 est?
1123 627 1207 679 vel
1233 627 1509 695 quomodo
1535 627 1589 679 in
1607 627 1777 678 Deum
1804 626 2037 694 migrare

457 721 622 774 homo
666 727 875 789 potest,
919 717 964 772 si
1008 718 1148 771 Deus
1190 717 1243 771 in
1287 718 1564 770 hominem
1614 717 2035 786 haudquaquam

383 868 385 870 .
457 811 818 882 immigravit?
836 840 905 849 —
921 810 1191 879 Ejusdem,
1211 825 1273 862 ex
1290 809 1608 862 eodemlibro
1627 810 1693 861 ⁷³.
1715 808 1819 874 Qui
1838 825 1903 862 ex
1917 810 2038 863 Vir-

453 907 578 976 gine
595 913 782 958 natum
801 903 1211 957 Emmanuelem
1230 902 1626 971 pradicahant,
1662 903 1916 956 unionem
1940 901 2034 954 Dei

454 996 619 1052 Verbi
649 1011 773 1050 cum
792 1004 1040 1048 creatura
1067 1010 1164 1047 sua
1182 993 1566 1048 ostendebant.
1588 1023 1656 1030 —-
1677 992 1948 1062 Ejusdem,
1973 1008 2035 1044 ea:

453 1089 627 1142 eodem
647 1086 880 1158 apere“.
905 1086 1023 1140 Non
1045 1086 1192 1139 enim
1215 1085 1331 1139 haec
1349 1085 1610 1154 opinione
1631 1084 1914 1146 duntaxat,
1939 1083 2032 1136 sed

451 1195 638 1235 revera
657 1178 1066 1247 contingebant.
1085 1177 1321 1246 Alioqui,
1334 1178 1490 1247 130
1505 1177 1549 1230 si
1567 1175 1806 1230 hominis
1823 1184 2032 1228 tantum

450 1272 691 1343 speciem
716 1271 1014 1340 praebebat,
1041 1287 1164 1324 eum
1190 1271 1354 1323 homo
1377 1285 1485 1323 non
1510 1278 1676 1332 esset,
1703 1283 1833 1320 sane
1852 1282 2032 1336 neque

450 1365 507 1418 id
539 1363 688 1434 quod
712 1377 840 1417 vere
863 1371 1002 1425 erat,
1040 1362 1142 1415 hoc
1163 1371 1246 1416 est
1279 1360 1375 1415 Dei
1406 1359 1676 1429 Spiritus,
1713 1358 2033 1413 remanebat

451 1457 671 1528 (neque
699 1455 847 1510 enim
893 1454 1123 1524 spiritus
1155 1453 1333 1507 oculis
1363 1453 1516 1507 cerui
1553 1453 1797 1521 potest),
1851 1466 2030 1520 neque

445 1546 652 1600 veritas
683 1547 791 1600 ulla
822 1547 877 1599 in
921 1561 989 1599 eo
1030 1554 1168 1607 erat,
1201 1543 1650 1614 quandoquidem
1682 1543 1736 1596 id
1767 1558 1878 1596 non
1907 1549 2029 1595 erat

447 1637 592 1706 quod
610 1637 960 1690 cernebatur.
981 1636 1076 1689 Est
1093 1643 1277 1689 autem
1295 1635 1555 1704 superius
1571 1650 1600 1688 a
1616 1633 1777 1688 nobis
1794 1633 2024 1696 dictum,

446 1726 840 1790 Abrahamum,
860 1727 1213 1794 reliquosque
1233 1726 1549 1794 prephetas,
1571 1740 1668 1794 per
1681 1724 2023 1793 prophetiam

445 1835 570 1874 eum
609 1817 982 1886 conspexisse,
1032 1817 1296 1870 nimirum
1349 1815 1400 1869 id
1443 1815 1590 1884 quod
1635 1807 1882 1868 futurum
1905 1825 2025 1869 erat

445 1925 544 1979 per
582 1909 762 1962 visum
804 1908 1189 1978 praedicentes.
1247 1907 1515 1975 Quocirca
1558 1906 1603 1960 si
1627 1921 1774 1960 nunc
1803 1921 2024 1975 quoque

443 2001 570 2056 talis
599 2001 874 2070 apparuit,
907 2016 1031 2055 cum
1060 2016 1171 2054 non
1199 2009 1346 2055 esset
1371 1999 1520 2068 quod
1543 1997 1864 2068 apparebat,
1892 2013 2024 2066 pro-

443 2094 591 2148 fecto
617 2094 795 2147 visum
817 2091 1091 2161 quoddam
1129 2090 1512 2160 propheticum
1547 2089 1865 2142 hominibus
1887 2102 2022 2140 con-

444 2185 586 2255 tigit,
620 2191 784 2252 atque
813 2184 954 2237 alius
985 2183 1158 2252 ipsius
1195 2181 1466 2236 adventus
1492 2179 1894 2248 exspectandus
1916 2186 2020 2239 est,

442 2276 500 2328 in
527 2288 636 2342 quo
669 2272 796 2327 talis
826 2273 1074 2337 exsistet,
1109 2272 1288 2341 qualis
1316 2285 1464 2324 nunc
1509 2268 1834 2339 prophetico
1858 2266 2023 2320 modo

441 2366 709 2420 cernitur.
745 2365 1258 2420 Demonstravimus
1287 2378 1452 2433 porro
1497 2361 1639 2416 nihil
1685 2361 1914 2422 referre,
1952 2374 2023 2412 an

442 2456 703 2527 opinione
723 2455 995 2526 quispiam
1011 2471 1139 2510 eum
1157 2453 1479 2524 apparuisse
1496 2453 1666 2516 dicat,
1684 2467 1753 2505 an
1769 2466 1834 2504 ex
1851 2450 2022 2504 Maria

441 2545 580 2600 nihil
603 2546 922 2616 sumpsisse.
957 2546 1147 2615 Neque
1171 2544 1318 2599 enim
1343 2559 1567 2598 carnem
1589 2559 1654 2597 ac
1673 2544 2020 2612 sanguinem,

441 2638 646 2710 quibus
684 2654 786 2692 nos
826 2638 1080 2702 redemit,
1123 2653 1251 2692 vere
1279 2636 1591 2699 habuisset,
1643 2635 1748 2690 nisi
1777 2641 2020 2688 veterem

439 2730 635 2786 Adami
666 2729 943 2786 ﬁctionem
977 2730 1034 2784 in
1063 2746 1183 2785 sese
1213 2730 1593 2783 instaurasset.
1629 2725 1866 2781 Proinde
1895 2722 2020 2778 vani

440 2834 496 2879 et
525 2822 679 2877 stulti
700 2829 830 2877 sunt
857 2821 1250 2886 Valentiniani,
1285 2819 1380 2891 qui
1408 2820 1515 2874 hoc
1544 2818 1788 2884 tradunt,
1821 2826 1882 2871 ut
1904 2831 2022 2870 car-

440 2910 528 2966 nis
556 2910 724 2966 vitam
751 2910 1070 2966 exturbent.

681 3119 864 3176 Sancti
888 3119 1162 3193 Hippolyti
1192 3121 1419 3191 episcopi
1450 3129 1497 3172 et
1527 3121 1799 3190 martyris.

501 3299 599 3355 Ex
627 3299 867 3353 oratione
893 3296 958 3350 de
981 3295 1349 3349 distributione
1374 3294 1718 3346 talentorum.
1738 3284 1752 3303 ⁸
1782 3292 1890 3346 llos
1915 3306 2017 3345 au-

436 3403 552 3447 tem
581 3433 594 3456 ,
647 3397 704 3445 et
731 3404 827 3444 eos
857 3387 952 3458 qui
985 3388 1148 3441 aliter
1174 3386 1460 3448 sentiunt,
1512 3384 1717 3438 dixerit
1744 3383 2018 3453 quispiam

442 3482 652 3538 vicinos
679 3495 800 3536 esse
824 3519 839 3544 ,
896 3487 957 3533 ut
1002 3477 1096 3548 qui
1130 3484 1318 3538 errem.
1355 3477 1630 3531 similiter.
1683 3475 1818 3530 Nam
1853 3484 1908 3528 et
1939 3475 2015 3528 illi

439 3573 627 3638 etiam,
665 3572 750 3626 vel
780 3570 988 3625 nudum
1017 3568 1296 3622 hominem
1334 3567 1666 3623 conﬁtentur
1699 3567 2018 3637 apparuisse

439 3663 720 3718 Christum
737 3663 794 3716 in
815 3661 948 3725 vita,
969 3659 1278 3714 divinitatis
1293 3661 1412 3730 ejus
1433 3660 1700 3714 talentum
1720 3667 2014 3728 negantes:

436 3757 527 3811 uel
558 3757 728 3810 Deum
757 3753 1104 3818 conﬁtentes,
1136 3754 1418 3808 hominem
1440 3769 1632 3807 rursus
1661 3761 1880 3823 negant,
1917 3753 2016 3806 do-

437 3858 630 3904 centes
657 3864 784 3903 eum
827 3845 1006 3901 fallaci
1035 3845 1221 3914 specie
1254 3845 1619 3914 spectantium
1657 3846 1808 3914 131
1841 3844 2018 3898 oculis

443 3941 699 4003 illusisse,
744 3939 892 3993 velut
927 3937 1228 4000 hominem,
1254 3951 1379 3990 cum
1402 3936 1680 3990 hominem
1710 3952 1816 3990 non
1842 3949 2020 4007 gesta—

451 4031 638 4092 verit,
713 4027 810 4083 sed
868 4026 1029 4080 inane
1079 4025 1270 4095 potius
1316 4033 1595 4094 spectrum
1654 4026 1853 4087 tuerit,
1907 4025 2016 4079 sic—

445 4127 506 4173 ut
545 4117 812 4180 Marcion,
869 4125 926 4171 et
986 4115 1308 4170 Valentinus
1354 4123 1410 4169 et
1470 4113 1738 4180 Gnostici,
1777 4116 2016 4171 Verbum

441 4225 473 4264 a
529 4223 692 4263 carne
740 4205 1064 4261 divellentes
1097 4245 1110 4268 ,
1175 4205 1442 4260 talentum
1493 4221 1662 4259 unum
1691 4245 1706 4269 ,
1779 4205 1884 4261 hoc
1931 4214 2018 4262 est

443 4299 894 4360 incarnationem,
947 4296 1236 4368 abjiciuut.
1279 4326 1352 4336 ~—
1397 4296 1672 4366 Ejusdem.
1704 4313 1765 4349 ea:
1795 4297 2014 4368 epistola

2140 442 2274 506 λῶς·
2316 443 2374 508 ἐξ
2403 441 2582 495 αὐτῶν
2610 443 2717 512 γὰρ
2755 443 2816 494 τὸ
2859 443 2999 495 κατά
3026 444 3203 513 σάρκα
3237 445 3264 495 ὁ
3293 446 3526 516 Χριστὸς
3552 449 3722 520 ἐκαρ-

2140 532 2448 602 ποφορήθη,
2491 533 2581 584 καὶ
2623 533 2672 584 οί
2706 533 2994 585 ἀπόστολοι
3017 548 3030 562 ⁸
3067 533 3162 586 νῦν
3199 535 3254 586 δὲ
3293 535 3488 606 μηκέτι
3521 538 3722 594 εύθετα

2138 625 2453 695 ὑπάρχοντα
2481 627 2614 695 πρὸς
2635 625 3033 697 καρποφορίαν.
3057 657 3124 664 -
3153 627 3264 681 Τοῦ
3293 628 3480 682 αὐτοῦ
3502 631 3570 684 ἐκ
3609 633 3721 685 τοῦ

2137 717 2322 770 αὐτοῦ
2369 718 2576 786 λόγου.
2620 718 2928 788 Ἀνακρίνει
2960 720 3070 788 (66)
3115 720 3170 772 δὲ
3205 721 3299 772 καὶ
3343 722 3470 784 τοὺς
3523 723 3722 776 ’116ιώ-

2137 826 2228 860 νου
2264 809 2401 879 (67)'
2442 809 2559 872 πῶς
2597 793 2850 862 δύνανται
2881 810 2993 877 (68)
3031 811 3291 882 σωθῆναι,
3326 813 3374 864 εί
3412 815 3486 883 μὴ
3520 817 3548 866 ό
3584 815 3719 877 Θεὸς

2135 895 2202 970 ἦν
2228 902 2256 953 ὁ
2295 900 2395 968 τὴν
2433 901 2706 972 σωτηρίαν
2735 901 2914 954 αὐτῶν
2941 903 3034 954 ἐπὶ
3079 904 3183 973 γῆς
3226 905 3645 975 ἐργασάμενοςς
3683 908 3715 978 ἢ

2137 993 2252 1054 πῶς
2284 992 2571 1064 ἄνθρωπος
2605 994 2843 1063 χωρήσει
2881 995 2960 1056 εἰς
2989 994 3144 1052 Θεὸν,
3182 996 3230 1047 εἰ
3266 995 3341 1066 μὴ
3361 998 3389 1047 ό
3415 997 3553 1060 Θεὸς
3581 1001 3721 1067 έχω-

2138 1084 2275 1154 ρήθη
2301 1086 2379 1147 είς
2395 1084 2678 1155 ἄνθρωπον
2702 1101 2716 1148 ;
2745 1114 2808 1123 —
2839 1086 2949 1138 Τοῦ
2967 1087 3174 1151 αὑτοῦ,
3194 1089 3260 1138 ἐκ
3287 1089 3393 1142 τοῦ
3413 1090 3601 1143 αὑτοῦ
3622 1092 3724 1143 ,ιόο

2135 1189 2261 1241 you.
2289 1174 2348 1224 Οἱ
2366 1171 2460 1224 τὸν
2478 1173 2540 1223 ὲκ
2559 1171 2658 1240 τῆς
2682 1171 3064 1242 ΙΙαρθένουἘμ
3075 1175 3315 1244 μανουὴλ
3329 1193 3398 1244 κη
3409 1177 3713 1246 ρύττοντες,

2133 1263 2229 1334 τὴν
2261 1264 2455 1316 ’ένωσιν
2503 1262 2599 1315 τοῦ
2637 1263 2812 1329 Λόγου
2855 1263 2949 1316 τοῦ
3006 1264 3142 1316 Θεοῦ
3196 1267 3331 1334 πρὸς
3376 1267 3436 1318 τὸ
3485 1269 3718 1338 πλάσμα

2135 1355 2302 1409 αὐτοῦ
2340 1355 2588 1426 ἐδήλουν.
2622 1385 2689 1395 -
2719 1354 2834 1408 Τοῦ
2862 1357 3049 1409 αὐτοῦ
3094 1358 3161 1409 ἐκ
3196 1357 3302 1423 τῆς
3337 1359 3528 1426 αὐτῆς
3562 1377 3718 1428 ,πία-

2130 1450 2433 1518 γμιιτείας.
2456 1450 2530 1502 Οὐ
2557 1448 2667 1519 γὰρ
2689 1448 2912 1519 δοκήσει
2935 1448 3130 1510 ταῦτα,
3175 1451 3290 1502 ἀλλ’
3327 1452 3385 1504 ἐν
3416 1451 3717 1505 ὑποστάσει

2129 1541 2385 1612 ἀληθείας
2424 1541 2652 1609 ἐγίνετο.
2684 1542 2745 1592 Εἰ
2773 1541 2828 1592 δὲ
2864 1540 2973 1611 (69)
3014 1542 3089 1612 μὴ
3127 1542 3202 1594 ὣν
3241 1542 3526 1612 ἄνθρωπος
3556 1545 3716 1611 έφαίο

2130 1650 2252 1686 νετο
2273 1633 2370 1686 ἀνθ
2381 1649 2580 1702 ρωπος,
2603 1631 2664 1684 οὗ
2675 1649 2728 1684 τε
2749 1632 2778 1685 ὃ
2797 1628 2864 1701 ἦν
2887 1633 2972 1684 ἐπ’
2984 1632 3241 1704 ἀληθείας
3263 1632 3463 1703 ἔμεινε,
3489 1636 3715 1706 Πνεῦμα

2060 1705 2098 1758 Β
2127 1725 2288 1778 Θεοῢ’
2328 1725 2452 1776 ἐπεὶ
2495 1723 2724 1794 ἀόρατον
2753 1723 2815 1775 τὸ
2843 1723 3082 1794 πνεῦμαο
3118 1723 3241 1776 οὔτε
3271 1726 3496 1796 ἀλήθειά
3527 1746 3608 1791 τις
3642 1726 3715 1798 ἦν

2127 1819 2182 1869 ὲν
2223 1815 2392 1884 αὐτῷ’
2442 1816 2503 1868 ού
2542 1815 2649 1885 γὰρ
2681 1810 2748 1884 ἦν
2798 1817 2980 1868 ὲκεῖνα
3024 1815 3166 1886 ἆπερ
3205 1817 3478 1885 ἐφαίνετο.
3521 1821 3714 1890 Προεί-

2127 1923 2302 1976 πομεν
2328 1906 2384 1958 δὲ
2404 1906 2485 1958 ὅτι
2531 1905 2803 1977 Ἀϐραὰμ,
2831 1906 2927 1957 καὶ
2955 1906 3002 1958 οἱ
3029 1905 3205 1958 λοιποὶ
3237 1909 3536 1978 προφῆται,
3583 1927 3714 1980 προ-

2125 1998 2371 2068 φητικῶς
2396 1997 2556 2050 αὑτὸν
2588 1997 2834 2059 ἔϐλεπον,
2869 1997 2928 2049 τὸ
2959 1997 3151 2067 μέλλον
3183 1998 3400 2052 ἔσεσθαι
3429 2001 3497 2052 δι’
3532 2000 3712 2069 ὅψεως

2125 2086 2582 2159 προφητεύοντες.
2622 2087 2684 2138 Et
2714 2082 2806 2139 οὖν
2847 2086 2942 2140 καὶ
2980 2085 3075 2139 νῦν
3117 2087 3358 2152 τοιοῦτος
3390 2089 3595 2160 ἐφάνη,
3633 2092 3715 2162 μὴ

2123 2177 2198 2231 ὢν
2223 2179 2361 2248 ὅπερ
2384 2177 2653 2245 ἐφαίνετο,
2682 2178 2992 2247 προφητική
3017 2194 3100 2241 τις
3123 2179 3357 2232 ὀπτασία
3381 2179 3569 2248 γέγονε
3596 2184 3714 2241 τοῖς

2125 2270 2439 2342 ἀνθρώποις
2459 2310 2474 2332 ,
2506 2270 2705 2336 καὶ-δεῖ
2735 2272 2827 2323 καὶ
2855 2269 3021 2339 ἄλλην
3051 2270 3368 2341 ἐκδέχεσθαι
3403 2273 3714 2342 παρουσίαν

2125 2362 2311 2426 αὑτοῦ,
2350 2365 2407 2416 ὲν
2509 2360 2750 2424 τοιοῦτος
2790 2361 2967 2425 ἔσται,
2999 2356 3109 2426 οἷος
3139 2362 3232 2414 νῦν
3267 2364 3459 2432 δρᾶται
3490 2381 3713 2434 προφη-

2123 2455 2314 2517 τικῶς.
2375 2453 2760 2524 Ἀπεδείξαμεν
2799 2453 2892 2518 δὲ,
2941 2454 3022 2506 ὅτι
3066 2454 3127 2506 τὸ
3170 2455 3301 2507 αὐτό
3336 2457 3448 2508 ἐστι
3489 2456 3714 2526 δοκήσει

2123 2547 2304 2615 λέγειν
2335 2547 2668 2617 πεφηνέναι,
2702 2545 2794 2598 καὶ
2825 2545 2974 2598 οὐδὲν
2997 2547 3062 2599 ὲκ
3091 2547 3191 2617 τῆς
3231 2549 3450 2618 Μαρίας
3486 2549 3715 2620 είληφέ-

2123 2657 2229 2693 ναι.
2261 2639 2394 2692 Οὐδὲ
2423 2639 2531 2709 γὰρ
2559 2634 2626 2709 ἦν
2654 2637 2875 2709 ἀληθῶς
2910 2639 3089 2708 σάρκα
3135 2640 3228 2692 καὶ
3258 2634 3400 2709 αἷμα
3431 2639 3711 2710 ἐσχηκὼς,

2121 2730 2190 2783 δι’
2216 2724 2290 2783 ὧν
2321 2731 2468 2798 ἡμᾶς
2495 2728 2888 2800 ἐξηγορὰσατο,
2920 2730 2966 2780 εί
2997 2728 3073 2799 μὴ
3103 2730 3200 2800 τὴν
3236 2730 3471 2800 ἀρχαίαν
3512 2730 3714 2784 πλάσιν

2121 2818 2216 2872 τοῦ
2260 2818 2432 2888 Ἀδὰμ
2456 2820 2534 2881 εἰς
2562 2817 2754 2872 ἑαυτὸν
2783 2818 3317 2886 ἀνεκεφαλαιώσατο.
3349 2821 3586 2874 Mutato:
3614 2817 3713 2874 οὖν

2121 2911 2170 2964 οἱ
2205 2911 2314 2964 ἀπὸ
2363 2911 2704 2975 Βαλεντίνου,
2742 2911 2902 2963 τοῦτο
2938 2910 3392 2981 δογματίζοντες,
3430 2913 3516 2966 ἵνα
3542 2914 3714 2966 ἐκϐά-

2122 3002 2256 3056 λωσι
2293 3003 2392 3074 τὴν
2425 3001 2571 3072 ζωὴν
2609 3003 2708 3073 τῆς
2744 3002 2966 3072 σαρκός.

2168 3113 2278 3168 Τοῦ
2314 3113 2489 3182 ἁγίου
2535 3113 3267 3254 ἰπποαύτουίέὸηισκόπου
3308 3115 3408 3170 καὶ
3451 3118 3674 3186 μάρτυ-

2754 3200 2865 3252 ρος
2937 3207 2950 3235 ι
3025 3224 3038 3236 .

2754 3200 2865 3252 ρος
2905 3184 3038 3252 {70).

2209 3295 2303 3350 Ἐκ
2332 3295 2438 3349 τοῦ
2465 3295 2672 3364 λόγου,
2701 3295 2806 3348 τοῦ
2835 3295 2944 3367 (71)
2973 3299 3060 3362 είς
3098 3296 3213 3364 τὴν
3242 3296 3359 3350 τῶν
3395 3298 3714 3355 ταλάντων

2124 3386 2440 3456 διανομήν.
2496 3385 2732 3449 Τούτους
2771 3387 2829 3439 δὲ
2849 3426 2864 3450 ,
2895 3388 2988 3440 καὶ
3018 3389 3142 3451 τοὺς
3181 3389 3524 3458 έτεροδόξους
3545 3394 3714 3463 ,σφή-

2126 3497 2271 3533 σειεν
2313 3481 2377 3534 ἄν
2413 3497 2496 3543 τις
2537 3481 2797 3550 γειτνιᾷν,
2847 3480 3248 3550 σφαλλομένους
3286 3483 3712 3553 παραπλησίως.

2126 3571 2237 3623 Καὶ
2270 3571 2376 3642 γὰρ
2423 3571 2664 3624 κάκεῖνοι
2687 3611 2700 3631 ,
2735 3573 2852 3642 1ἦτοι
2876 3571 3029 3641 ψιλὸν
3063 3565 3349 3644 ἄνθρωπον
3386 3575 3714 3644 ὁμολογοῦσι

2126 3663 2425 3734 πεφηνέναι
2447 3663 2538 3716 τὸν
2564 3664 2796 3734 Χριστὸν
2819 3665 2898 3728 εἰς
2919 3665 3009 3717 τὸν
3044 3665 3176 3734 βίον,
3197 3667 3295 3736 τῆς
3323 3667 3574 3736 θεότητος
3606 3671 3713 3721 αὑ-

2125 3755 2216 3808 τοῦ
2240 3755 2300 3808 τὸ
2324 3755 2580 3810 τάλαντον
2603 3755 2944 3827 ἀρνούμενοι·
2976 3757 3093 3828 ἦτοι
3115 3758 3205 3810 τὸν
3236 3758 3368 3811 Θεὸν
3383 3759 3410 3810 ό
3419 3759 3713 3828 μολογοῦν-

2123 3863 2237 3908 τες,
2270 3847 2576 3900 ἀναίνονται
2605 3847 2768 3900 πάλιν
2799 3848 2889 3900 τὸν
2919 3847 3229 3919 ἄνθρωπον,
3257 3852 3709 3919 πεφαντασιωκέ-

2125 3955 2212 3990 ναι
2241 3938 2584 4002 διδάσκοντες
2615 3940 2714 4002 τὰς
2746 3939 2896 4008 ὄψεις
2936 3940 3115 3992 αὐτῶν
3156 3940 3266 3993 τῶν
3291 3941 3603 4012 θεωμένων,
3631 3944 3711 4005 ὡς

2124 4027 2409 4098 ἄνθρωπον
2467 4030 2527 4082 ού
2583 4031 2887 4101 φορέσαντα
2944 4031 3252 4103 ἄνθρωπον,
3301 4033 3437 4086 ἀλλά
3485 4033 3710 4105 δόκησίν

2122 4137 2245 4172 τινα
2275 4120 2607 4191 φασματώδη
2647 4123 2846 4192 μᾶλλον
2872 4123 3176 4191 γεγονέναι,
3198 4119 3308 4178 οἷον
3335 4124 3523 4196 ὥσπερ
3552 4128 3713 4198 Μαρ-

2124 4210 2277 4275 κίων,
2333 4211 2429 4264 καὶ
2470 4211 2821 4274 Οὑαλεντῖνορ
2859 4213 3001 4283 (7‘2),
3049 4215 3144 4267 καὶ
3186 4216 3234 4266 oi
3269 4215 3560 4268 Γνωστικοὶ
3608 4217 3710 4287 τῆς

2125 4304 2327 4374 σαρκὸς
2372 4305 2813 4369 ἀποδιασπῶντες
2862 4307 2956 4360 τὸν
3003 4308 3196 4375 Λόγον,
3242 4308 3304 4360 τὸ
3342 4307 3399 4360 ἓν
3443 4308 3710 4362 τάλαντον

443 4390 513 4444 ad
544 4391 776 4460 reginam
797 4388 1104 4460 quamdam.
1139 4388 1418 4443 Primitias
1435 4389 1602 4459 igitur
1622 4388 2016 4442 dormientium

2132 4393 2555 4459 ἂποϐἁλλονται,
2605 4395 2702 4465 τὴν
2755 4396 3190 4468 ὲνανθρώπησιν.
3234 4429 3302 4438 —-
3357 4398 3466 4454 Τοῦ
3515 4401 3710 4453 αὐτοῦ

442 4483 593 4537 hunc
627 4489 805 4545 vocat,
840 4490 1095 4551 tanquam
1128 4481 1553 4552 primogenitum
1582 4482 2016 4536 mortuorum”.

439 4575 546 4642 Qui
575 4589 897 4644 resurgens,
929 4581 984 4627 et
1010 4573 1202 4627 volens
1232 4573 1523 4628 ostendere
1555 4573 1609 4627 id
1651 4573 1829 4644 ipsum
1867 4588 2023 4628 resu-

437 4669 695 4723 scitatum
722 4665 868 4736 quod
892 4675 1170 4721 mortuum
1207 4667 1407 4731 fuerat,
1435 4666 1820 4722 dubitantibus
1852 4666 2021 4722 disci-

441 4763 620 4832 pulis,
650 4776 937 4815 accersens
966 4758 1255 4823 Thomam,
1297 4759 1434 4812 dixit
1466 4777 1478 4812 :
1519 4778 1535 4809 ι
1567 4758 1800 4824 Accede,
1838 4759 2017 4828 palpa,

442 4862 498 4906 et
539 4853 662 4906 vide
686 4891 700 4915 ,
753 4851 880 4920 quia
914 4850 1142 4920 spiritus
1171 4865 1392 4904 carnem
1427 4857 1484 4904 et
1514 4865 1638 4903 ossa
1672 4866 1780 4904 non
1828 4849 2016 4914 habet,

411 5037 421 5043 -
519 5006 563 5035 τ’
593 5003 724 5074 Cap.
757 5005 846 5059 59.
923 5006 966 5035 ⁷³
998 5003 1131 5072 Cap.
1163 5003 1250 5058 66.
1346 5004 1389 5032 ⁷⁵
1418 5003 1540 5056 Lib.
1569 5020 1621 5065 v.
1644 5020 1690 5058 c.
1724 5005 1770 5057 l.

518 5161 626 5234 (66)
677 5161 896 5232 Ἀνακρ.
933 5160 1169 5234 Grabius
1195 5159 1262 5215 ad
1288 5159 1342 5214 h.
1370 5159 1408 5214 l.
1447 5159 2012 5234 commendat_|ectio-

445 5249 570 5304 nem
605 5229 1044 5304 ἀνακρινεῖ,ίε]υε
1074 5240 1253 5304 tamen
1279 5245 1387 5284 non
1413 5229 2005 5304 videoneeessitatcm.

446 5301 683 5372 [renatus
718 5299 865 5372 enim
913 5299 968 5354 in
1007 5301 1193 5356 multis
1234 5316 1356 5372 qua:
1385 5299 1701 5372 prmeedunt
1751 5301 1904 5365 locis,
1952 5310 2010 5355 ut

446 5385 496 5426 c.
529 5371 618 5441 55.
651 5381 708 5441 et
727 5371 946 5426 duobus
971 5370 1591 5441 proximis.'loquitur|n
1619 5378 1907 5440 praesente.

517 5440 628 5511 (67)
671 5440 791 5496 ‘H6.
827 5440 992 5495 Sirm.
1036 5442 1273 5496 habebat
1309 5440 1651 5503 ’1σ6ιὸνσους,
1708 5455 1774 5495 ex
1821 5442 2017 5496 vitiosa

440 5511 700 5575 lectione,
737 5526 859 5580 qua:
901 5513 1012 5581 jam
1059 5513 1126 5567 ad
1169 5513 1376 5568 calcem
1431 5511 1566 5567 edit.
1611 5512 1767 5567 Rom.
1817 5511 2018 5566 horum

443 5581 785 5654 dialogorum
794 5580 1095 5654 emendata
1128 5582 1246 5654 fuit.

508 5649 623 5720 (68)
655 5651 766 5705 δύν.
794 5649 894 5705 Ed.
923 5649 1080 5705 Rom.
1103 5663 1154 5708 et
1185 5653 1328 5722 Lips.
1356 5653 1596 5710 δύναται.

2123 4487 2191 4540 ἐκ
2219 4485 2325 4552 τῆς
2349 4485 2460 4553 (75)
2486 4487 2633 4554 πρὸς
2649 4488 2946 4551 βασιλίδα
2969 4493 3099 4542 τινὰ
3118 4489 3466 4556 ἐπιστολῆς,
3504 4491 3715 4560 Ἀπαρ-

2127 4578 2228 4648 χὴν
2260 4573 2353 4630 οὖν
2380 4576 2566 4631 τοῦτον
2601 4578 2746 4645 λέγει
2769 4579 2877 4631 τῶν
2899 4581 3340 4651 κεκοιμημένων,
3371 4581 3465 4633 ᾶτε
3494 4583 3713 4650 πρωτό-

2124 4684 2280 4720 τοκον
2326 4667 2432 4720 τῶν
2479 4667 2708 4739 νεκρῶν.
2759 4669 2855 4730 Ὃς
2898 4668 3134 4731 ἀναστὰς
3162 4709 3176 4732 ,
3235 4670 3328 4722 καὶ
3385 4667 3714 4737 βουλόμενος

2125 4758 2520 4820 ἐπιδεικνύναι,
2554 4760 2635 4812 ὅτι
2667 4757 2824 4812 τοῦτο
2865 4755 2933 4829 ἦν
2967 4759 3025 4810 τὺ
3059 4758 3446 4828 ἐγηγερμένον,
3474 4758 3608 4828 ὅπερ
3643 4753 3716 4827 ἦν

2127 4850 2219 4902 καὶ
2248 4849 2610 4919 ἀποθνῆσκον,
2633 4849 2998 4914 δισταξόντων
3027 4850 3136 4903 τῶν
3169 4849 3447 4922 μαθητῶν,
3479 4867 3698 4920 προσκα
3764 4870 3771 4874 ·

1877 5005 1921 5034 ⁷⁵
1944 5003 2152 5060 Coloss.
2199 5022 2235 5071 ι,
2269 5005 2355 5059 18.

2188 5160 2298 5234 (69)
2321 5161 2395 5216 δέ.
2434 5162 2510 5216 Ex
2540 5161 2631 5234 ed,
2663 5161 2848 5234 Grabii
2886 5163 3172 5220 insertum.

2323 5249 2495 5357 ὲξμιὲρτ.
2534 5233 2633 5287 Ed.
2663 5233 2819 5287 Rom.
2848 5243 2904 5288 et
2930 5234 3076 5303 Lips.
3122 5236 3305 5304 μέρος.
3338 5233 3460 5288 Vid.
3493 5250 3549 5304 ρ,
3587 5232 3716 5299 127,

2118 5315 2292 5356 SCDOI.
2323 5315 2410 5356 58.

2187 5373 2298 5446 (il)
2332 5371 2421 5424 τοῦ
2461 5375 2540 5435 εἰς
2579 5390 2633 5426 κ.
2680 5389 2730 5426 τ.
2762 5373 2811 5426 λ.
2848 5370 2963 5428 Hoc
3004 5375 3229 5430 unicum
3259 5384 3342 5430 est
3368 5374 3532 5446 hujus
3562 5389 3713 5443 opu—

2115 5443 2252 5496 sculi
2277 5444 2665 5511 fragmentum.

2192 5513 2300 5581 (72)
2335 5512 2500 5565 Οὐαλ.
2532 5514 2728 5582 Supra,
2762 5514 3096 5578 Βαλεντίνος.

2192 5583 2303 5660 (75)
2344 5584 2407 5634 ὲκ
2441 5585 2539 5651 τῆς
2582 5600 2636 5635 κ.
2667 5601 2717 5660 τ.
2759 5583 3005 5660 λεᾹΙξΙιῃ-ιι
3050 5586 3214 5660 hujus
3239 5584 3410 5641 libelli
3453 5585 3702 5638 cia-zam-

2123 5655 2326 5722 σμὰτια
2358 5663 2658 5707 occurrunt
2687 5654 2740 5707 in
2773 5653 2904 5708 dial.
2934 5655 2986 5709 5.
3125 5653 3139 5660 ⁷
3667 5687 3670 5690 -
