3990 6214
319 254 409 325 173

321 463 398 524 ῑδε,
430 461 508 513 ὅτι
532 453 754 525 πνεῦμα
797 452 990 506 ὀστοῦν
1016 451 1111 505 καὶ
1152 449 1331 520 σάρκα
1372 448 1471 501 οὒκ
1498 447 1639 516 ἔχει,
1672 444 1856 509 καθὼς

315 551 397 622 ἐμὲ
421 548 671 618 θεωρεῖτε
729 544 947 615 ἔχοντα.
998 561 1017 593 ι
1042 571 1105 580 -
1143 539 1255 595 Τοῦ
1292 537 1477 594 αὑτοῦ
1506 538 1573 590 ἐκ
1595 536 1702 591 τοῦ
1751 537 1856 589 λό-

312 661 403 712 γου
443 640 594 710 (74),
641 636 752 691 τοῦ
843 636 931 700 εις
969 633 1076 687 τὸν
1125 627 1425 687 Ἐλκανᾶν
1470 627 1568 682 καὶ
1615 629 1702 692 εις
1746 627 1861 693 τὴν

316 736 534 788 Ἀνναν.
588 728 698 783 Καὶ
730 725 822 781 διὰ
863 725 1021 779 τοῦτο
1064 725 1215 794 τρεῖς
1249 721 1431 792 καιροὶ
1472 718 1567 773 τοῦ
1611 714 1858 772 ἐνιαυτοῦ

312 820 691 895 «posto-nomn
710 820 792 881 εις
819 815 981 870 αὑτὸν
1010 814 1101 867 τὸν
1139 812 1389 882 Σωτῆρα,
1421 811 1507 864 ῐνα
1544 809 1612 863 τὰ
1644 824 1860 878 προφη-

310 914 542 969 τευθέντα
580 911 710 982 περὶ
749 905 916 961 αὑτοῦ
967 907 1242 977 μυστήρια
1279 899 1587 973 ἐπιτελέσῃ.
1635 898 1727 953 Ἐν
1765 897 1863 968 μὲν

312 1006 377 1075 τῷ
400 1005 595 1072 πάσχα,
628 1002 716 1054 ἵνα
739 998 930 1053 ἑαυτὸν
955 995 1196 1066 ἐπιδείξῃ
1221 993 1311 1048 τὸν
1344 991 1607 1064 μέλλοντα
1630 989 1706 1053 ὡς
1732 988 1863 1060 πρό-

313 1098 451 1150 δατον
472 1091 717 1154 θύεσθαι,
741 1091 836 1144 καὶ
863 1087 1117 1158 ἀληθινὸν
1155 1086 1340 1155 πάσχα
1368 1080 1701 1144 δείκνυσθαι,
1734 1077 1810 1142 ὡς
1836 1080 1866 1131 ὁ

324 1185 622 1244 Ἀπόστολος
650 1184 821 1250 λέγει,
874 1201 893 1232 ι
929 1179 1005 1233 Τὸ
1030 1178 1086 1232 δὲ
1125 1178 1308 1247 πάσχα
1350 1174 1509 1245 ἡμῶν
1539 1172 1679 1242 ὑπὲρ
1704 1168 1866 1240 ἡμῶν

312 1281 451 1348 ἐτύθη
477 1275 713 1348 Χριστὸς
734 1276 763 1328 ὀ
799 1272 952 1335 Θεός.
984 1290 1003 1323 ι
1054 1271 1143 1323 Ἐν
1175 1269 1231 1322 δὲ
1264 1270 1331 1339 τῇ
1368 1265 1740 1334 Πεντηκοστῇ.
1777 1261 1866 1314 ἵνα

313 1368 618 1441 προσημήνῃ
646 1367 748 1433 τὴν
778 1362 887 1415 τῶν
925 1359 1171 1432 οὐρανῶν
1199 1356 1498 1427 βασιλείαν,
1531 1352 1694 1415 αὐτὸς
1723 1349 1872 1441 πρῶξ

311 1439 389 1525 τος
410 1463 483 1522 εἰς
514 1456 780 1530 οὐρανοὺς
806 1452 1033 1516 ἀναϐὰς,
1055 1449 1258 1504 καὶτὸν
1286 1442 1571 1518 ἄνθρωπον
1583 1443 1756 1516 δῶρον
1791 1439 1870 1511 τῷ

308 1553 414 1622 Θεῷ
457 1549 855 1620 προσενέγκας.
903 1574 972 1583 -
1012 1540 1123 1596 Τοῦ
1164 1538 1353 1595 αὐτοῦ
1406 1537 1475 1591 ἐκ
1499 1536 1606 1590 τοῦ
1640 1534 1827 1603 λόγου
1852 1571 1867 1597 ,

308 1642 399 1695 τοῦ
421 1640 468 1711 (Ἰ
476 1640 529 1707 5)
545 1641 634 1704 εις
662 1635 778 1703 τὴν
802 1634 968 1699 ᾠδὴν
990 1630 1104 1699 τὴν
1124 1627 1421 1699 μεγάλην.
1458 1627 1516 1680 ὐ
1543 1625 1634 1680 τὸν
1661 1622 1871 1679 ἀπολω-

1339 244 1714 307 DIALOGUS
1752 241 1833 300 II.
1874 263 1943 272 —
1980 237 2472 299 lNCONFUSUS.

316 369 579 439 λισάμενος
608 363 703 417 τὸν
725 361 948 433 Θωμᾶν,
979 359 1106 429 ἔψη,
1138 376 1155 408 ι
1198 355 1389 427 Δεῦρο,
1412 355 1736 425 ψηλάφησον
1765 354 1859 408 καὶ

1982 352 2105 407 ίίοιιι
2127 368 2214 408 me
2239 352 2440 407 videtis
2470 346 2790 405 habere".i
2823 378 2890 387 —

3432 230 3536 295 174

2925 347 3197 417 Ejusdem,
3215 360 3277 398 ex
3294 359 3534 399 sermone

1956 446 2014 499 in
2046 444 2339 499 Helcanam
2369 453 2417 497 et
2442 443 2675 497 Annam.
2730 439 2968 496 Proinde
2999 438 3107 493 tria
3133 437 3262 492 anni
3288 442 3533 506 tempora

1958 534 2307 590 Servatorem
2332 536 2508 604 ipsum
2539 532 2920 603 designabant,
2949 538 3008 584 ut
3029 544 3149 599 quae
3168 528 3237 583 de
3258 526 3379 597 ipso
3400 541 3537 596 pra:-

1959 627 2104 681 dicta
2129 634 2288 681 erant
2313 626 2572 698 mysteria
2589 631 2894 695 perageret.
2925 624 2984 677 ln
3010 622 3273 677 Paschate
3289 618 3535 689 quidem,

1963 728 2024 773 ut
2065 718 2378 774 ostenderet
2427 733 2547 773 sese
2602 727 2858 786 tanquam
2891 729 3052 769 ovem
3094 709 3536 773 sacriﬁcandum,

1959 816 2016 864 et
2037 824 2227 863 verum
2251 808 2457 864 Pascha
2478 808 2875 872 exhibiturum,
2900 806 3042 860 sicut
3062 803 3196 859 dicit
3214 800 3536 872 Apostolus:
3596 809 3602 815 '

1972 921 1989 954 ι
2011 903 2217 957 Pascha
2261 911 2446 956 autem
2492 911 2744 957 nostrum
2787 915 2886 970 pro
2920 898 3081 952 nobis
3119 895 3434 951 immolatus
3459 901 3545 950 est

1962 990 2215 1047 Christus
2238 992 2468 1045 Deus".
2497 1009 2515 1041 ι
2580 991 2640 1044 In
2678 990 3001 1045 Pentecoste
3028 1001 3191 1049 vero,
3226 992 3287 1039 ut
3313 999 3542 1055 regnum

1964 1082 2229 1137 calorum
2275 1080 2757 1152 pmsigniﬁcaret,
2808 1088 2868 1134 ut
2891 1078 2984 1149 qui
3017 1078 3187 1133 caelos
3214 1076 3428 1147 primus
3452 1092 3544 1131 as-

1965 1173 2172 1238 cendit,
2219 1174 2444 1244 Deoque
2491 1173 2622 1228 doni
2680 1174 2854 1228 instar
2901 1171 3182 1226 hominem
3210 1167 3431 1225 obtulit.
3476 1197 3550 1210 -—-

1967 1265 2242 1333 Eiusdem,
2275 1282 2338 1344 ex
2356 1281 2595 1320 sermone
2625 1265 2681 1318 in
2706 1280 2957 1335 magnum
2985 1264 3266 1317 canticum.
3300 1261 3408 1328 Qui
3430 1261 3547 1333 pri-

1967 1374 2118 1413 mum
2140 1358 2419 1413 hominem
2450 1373 2517 1413 ex
2542 1365 2683 1411 terra
2709 1355 3024 1419 formatum,
3048 1369 3175 1409 cum
3199 1354 3383 1425 lapsus
3403 1362 3553 1409 esset

1968 1446 2274 1517 mortisque
2312 1447 2552 1502 vinculis
2578 1446 2860 1510 astrictus,
2903 1460 2972 1500 ex
2997 1444 3186 1499 inﬁmo
3210 1445 3425 1500 inferno
3443 1444 3553 1500 eri-

1968 1540 2089 1610 puit
2108 1580 2123 1604 ,
2172 1538 2267 1609 qui
2298 1554 2329 1593 e
2358 1538 2575 1609 superis
2599 1537 2906 1603 descendit,
2947 1546 3004 1592 et
3032 1536 3261 1591 inferius
3276 1537 3552 1607 jacentem

1972 1632 2040 1687 ad
2068 1646 2305 1702 superna
2325 1631 2524 1687 extulit
2546 1648 2559 1684 :
2584 1630 2680 1701 qui
2705 1638 3047 1685 mortuorum
3071 1628 3176 1683 fuit
3194 1629 3550 1699 evangelista,

302 1703 628 1799 Msa‘éx'yﬁ;
650 1726 1076 1799 πρωτόπλαστον
1103 1722 1407 1794 ἄνθρωπον,
1442 1721 1536 1774 καὶ
1566 1720 1623 1773 ὲν
1651 1719 1870 1790 δεσμοῖς

1982 1721 2139 1791 132
2172 1722 2488 1791 redemptor
2529 1722 2859 1786 animarum,
2892 1729 2950 1776 et
2991 1720 3334 1791 sepultorum
3364 1736 3554 1775 resur-

298 1822 527 1876 ﬁavétou
560 1818 947 1891 κρατούμενον,
985 1814 1042 1879 ἐξ
1060 1813 1189 1885 ᾅδου
1216 1812 1531 1867 κατωτάτου
1561 1808 1815 1874 ἑλκύσας
1844 1809 1873 1863 ὁ

304 1911 512 1968 ἄνωθεν
538 1909 828 1975 κατελθὼν,
863 1907 1072 1962 καὶτὸν
1109 1905 1261 1959 κάτω
1300 1904 1381 1966 εἰς
1411 1902 1480 1957 τὰ
1512 1902 1625 1957 ἀνω
1655 1901 1875 1970 ἀνενέγ-

303 2021 430 2067 καςο
464 2005 495 2057 ό
526 2002 634 2056 τῶν
678 2000 878 2072 νεκρῶν
919 1996 1345 2067 εὑαγγελιστὴς,
1394 1993 1492 2049 καὶ
1533 1993 1644 2047 τῶν
1685 1992 1874 2064 ψυχῶν

296 2095 599 2164 λυτρωτής,
630 2092 721 2146 καὶ
743 2092 1033 2153 ἀνάστασις
1058 2087 1169 2142 τῶν
1188 2086 1546 2157 τεθαμμένων
1566 2085 1871 2154 γινόμενος,

294 2181 449 2247 οὗτος
471 2179 541 2254 ἦν
574 2184 603 2236 ὁ
639 2180 735 2235 τοῦ
776 2178 1132 2250 νενικημένου
1173 2175 1464 2247 ἀνθρώπου
1507 2174 1876 2245 γεγενημένος

293 2277 508 2347 βοηθὸς,
542 2275 665 2328 κατ’
704 2272 868 2327 αὑτὸν
902 2273 1087 2342 ὅμοιος
1114 2266 1288 2338 αὐτῷ,
1331 2266 1677 2336 πρωτότοκος
1704 2266 1876 2335 Λόγος

289 2370 383 2424 τὸν
407 2365 833 2439 πρωτόπλαστον
878 2362 1048 2433 Ἀδὰμ
1072 2363 1129 2414 ὲν
1155 2362 1222 2432 τῇ
1248 2357 1509 2430 Παρθένῳ
1552 2357 1876 2411 ἐπισκεπτό-

288 2478 456 2533 μενος
479 2476 493 2489 ’
524 2461 554 2514 ὁ
596 2454 966 2528 πνευματικὸς
994 2453 1087 2507 τὸν
1119 2451 1304 2524 χοῖκδν
1339 2452 1397 2505 ἐν
1435 2453 1502 2521 τῇ
1545 2449 1730 2521 μήτρα
1756 2449 1878 2501 ἐπι-

283 2550 497 2623 ζητῶν
537 2551 569 2604 ό
601 2550 688 2604 ἀεὶ
725 2548 833 2613 ζῶν
869 2546 960 2600 τὸν
992 2544 1083 2599 διὰ
1126 2545 1413 2615 παρακοῆς
1452 2538 1808 2627 ἀποθαψτω
1849 2540 1878 2592 ὁ

282 2643 550 2714 οὐράνιος
576 2642 666 2696 τὸν
708 2639 952 2708 ἐπίγειον
984 2638 1063 2700 εἰς
1091 2635 1159 2690 τὰ
1198 2635 1311 2690 ἄνω
1341 2632 1544 2687 καλῶν
1586 2634 1614 2686 ό
1651 2630 1879 2701 εὐγενὴς

281 2736 380 2788 τὸν
400 2733 595 2788 δοῦλον
615 2732 706 2785 διὰ
726 2731 825 2802 τῆς
854 2728 991 2792 ἰδίας
1015 2727 1264 2806 ὑπακοῆς
1294 2725 1578 2796 ἐλεύθερον
1602 2722 1880 2788 ἀποδεῖξαι

281 2816 490 2880 θέλωνέ
520 2827 551 2879 ὁ
577 2825 668 2878 τὸν
693 2825 773 2887 εἰς
808 2822 912 2893 γῆν
941 2819 1201 2891 λυόμενον
1225 2816 1530 2888 ἄνθρωπον,
1562 2815 1654 2869 καὶ
1686 2813 1882 2885 βρῶμα

276 2919 480 2988 δφεως
501 2916 891 2987 γεγενημένον,
922 2913 1002 2975 εἰς
1024 2910 1307 2980 ἀδάμαντα
1334 2905 1559 2980 τρέψας,
1581 2905 1674 2960 καὶ
1695 2904 1881 2960 τοῦτον

276 3010 380 3063 ἐπὶ
400 3008 571 3073 ξύλου
598 3004 998 3077 κρεμασθέντα,
1020 3002 1225 3072 Κύριον
1253 2999 1396 3055 κατὰ
1417 2998 1511 3053 τοῦ
1536 2998 1882 3069 νενικηκότος

274 3052 871 3163 Eafa};
887 3052 1188 3147 sane;
1208 3052 1378 3158 εις-λου
1408 3052 1883 3161 νικηφόροέεδρεῐ
1908 3052 1952 3112 ο

277 3207 513 3245 σκεται.
536 3219 609 3230 -
637 3187 747 3241 Τοῦ
767 3183 976 3249 αὑτοῦ,
1001 3184 1069 3237 ἐκ
1094 3181 1201 3237 τοῦ
1224 3179 1412 3236 αὐτοῦ
1433 3181 1640 3250 λόγου.
1678 3179 1740 3232 Οἱ
1773 3177 1883 3248 γάρ

275 3282 381 3337 τὸν
407 3282 550 3335 ἰ’ἱὺν
589 3278 687 3332 τοῦ
719 3277 855 3331 Θεοῦ
881 3277 1146 3348 ἐνσαρκον
1180 3273 1274 3327 νῦν
1293 3272 1370 3345 μὴ
1402 3271 1880 3341 ἐπιγινώσκοντες,

280 3371 702 3443 ἑπιγνὼσονται
730 3369 892 3422 αὐτὸν
929 3367 1126 3439 κριτὴν
1154 3366 1212 3419 ὲν
1248 3364 1378 3436 δόξῃ
1418 3363 1880 3437 παραγινόμενον,

282 3466 383 3520 τὸν
418 3463 522 3519 νῦν
560 3464 623 3516 ὲν
651 3461 824 3532 ἀδόξῳ
869 3459 1084 3531 σώματι
1127 3456 1505 3528 ὑϐριζόμενον.
1532 3485 1603 3495 --
1636 3454 1748 3510 Τοῦ
1773 3456 1881 3509 αὐ-

286 3557 404 3612 τοῦ
449 3557 521 3610 ἐκ
554 3554 664 3609 τοῦ
709 3551 898 3608 αὐτοῦ
940 3552 1145 3621 λόγου.
1197 3550 1307 3602 Καὶ
1354 3548 1464 3620 γὰρ
1497 3548 1546 3600 οἱ
1593 3545 1884 3600 ἀπόστολοι

294 3648 553 3711 ὲλθόντες
583 3650 663 3710 εἰς
704 3645 766 3698 τὸ
806 3645 1069 3716 μνημεῖον
1104 3643 1173 3713 τῇ
1213 3640 1397 3713 ἡμέρᾳ
1440 3641 1506 3712 τῇ
1552 3638 1739 3711 τρίτῃ,
1787 3639 1886 3709 οὐχ

296 3741 567 3811 εὕρισκον
610 3739 673 3791 τὸ
701 3738 862 3808 σῶμα
900 3735 996 3789 τοῦ
1050 3731 1258 3804 Ἰησοῦ’
1300 3732 1359 3785 ὃν
1401 3731 1603 3802 τρόπον
1647 3732 1755 3784 υἱοὶ
1791 3730 1886 3784 τοῦ

318 3819 544 3901 Ἰσραὴλ
578 3828 677 3899 τὴν
715 3828 896 3897 ταφὴν
925 3825 1020 3880 τοῦ
1060 3826 1339 3888 Μωῦσέως
1384 3824 1687 3888 ἀναϐάντες
1720 3824 1778 3878 ὲν
1811 3822 1889 3894 τῷ

298 3922 429 3993 ὄρει
484 3922 720 3992 ἐζήτουν,
772 3920 867 3973 καὶ
906 3919 1007 3989 οὐχ
1054 3916 1326 3989 εὕρισκον.
1375 3946 1443 3955 -
1501 3915 1614 3970 Τοῦ
1668 3913 1888 3981 αὐτοῦ,

299 4013 372 4067 ἐκ
412 4012 530 4081 (76)
567 4010 674 4081 τῆς
717 4011 1037 4081 ἑρμηνείας
1074 4006 1180 4062 τοῦ
1214 4008 1276 4073 ,β’
1322 4006 1591 4077 ψαλμοῦ.
1647 4001 1814 4070 Οὗτος
1863 4007 1891 4059 ὁ

303 4102 597 4176 προελθὼν
630 4106 711 4167 εἰς
736 4104 829 4157 τὸν
850 4102 1078 4173 κόσμον,
1095 4100 1229 4164 Θεὸς
1263 4099 1359 4153 καὶ
1383 4098 1668 4171 ἄνθρωπος
1695 4100 1884 4169 ἔφανε-

303 4196 487 4269 ρὼθη.
528 4195 640 4249 Καὶ
680 4194 773 4247 τὸν
818 4194 917 4265 μὲν
948 4193 1233 4265 ἄνθρωπον
1272 4189 1439 4244 αὐτοῦ
1496 4189 1735 4253 εὐκόλως
1778 4187 1891 4241 ἐστι

301 4291 477 4350 νοεῖν,
516 4286 606 4340 ὅτε
644 4287 827 4356 πεινᾷ,
862 4284 959 4337 καὶ
1004 4284 1191 4354 κοπιᾷ,
1225 4282 1319 4336 καλ⁵
1349 4280 1573 4352 κάμνων
1603 4279 1764 4351 διψᾷ.
1797 4279 1894 4334 καλ⁸

1977 1813 2173 1878 rectio,
2204 1813 2295 1869 hic
2323 1821 2446 1869 erat
2494 1814 2590 1884 qui
2621 1814 2824 1869 devicti
2849 1813 3090 1868 hominis
3114 1813 3219 1868 fuit
3237 1812 3553 1878 auxiliator,

1976 1904 2281 1960 secundum
2311 1904 2490 1974 ipsum
2518 1904 2715 1959 similis
2735 1904 2834 1970 illi,
2864 1903 3291 1975 primogenitum
3309 1886 3555 1960 Verbum

1975 1998 2377 2068 protoplastum
2399 1997 2671 2053 Adamum
2691 1998 2748 2052 in
2769 1998 2992 2067 Virgine
3016 1997 3277 2063 visitans;
3297 1996 3558 2068 spiritua-

1975 2088 2064 2155 lis,
2095 2097 2373 2145 terrenum
2404 2090 2461 2144 in
2482 2097 2641 2145 utero
2663 2104 2946 2159 quaerens;
2974 2104 3192 2159 semper
3218 2089 3430 2155 vivens,
3458 2105 3559 2160 per

1978 2182 2410 2240 inobedientiam
2456 2190 2765 2245 mortuum;
2817 2179 3086 2245 scelestis,
3142 2188 3424 2235 terrenum
3450 2181 3559 2235 ’ad

1977 2290 2215 2345 superna
2236 2290 2471 2341 vocans;
2500 2274 2725 2338 nobilis,
2753 2288 2975 2328 servum
3001 2288 3100 2343 per
3120 2288 3274 2328 suam
3296 2272 3560 2329 obedien-

1978 2368 2111 2423 tiam
2137 2367 2395 2423 libertate
2423 2366 2631 2422 donare
2660 2365 2885 2431 volens;
2914 2365 3006 2436 qui
3035 2364 3091 2419 in
3118 2373 3320 2420 terram
3351 2365 3561 2420 resolu-

1978 2467 2096 2513 tum
2127 2457 2431 2516 hominem.
2462 2456 2759 2526 cibumque
2785 2455 3061 2525 serpentis
3084 2454 3318 2522 factum,
3366 2457 3425 2512 in
3458 2457 3560 2513 adn

1979 2558 2255 2603 amantem
2303 2547 2616 2614 convertit,
2676 2555 2734 2602 et
2780 2546 2929 2601 hunc
2968 2546 3024 2601 in
3054 2547 3204 2617 ligno
3230 2564 3559 2619 suspensum

1979 2639 2274 2694 Dominum
2311 2639 2580 2694 adversus
2607 2638 2875 2694 victorem
2906 2639 3237 2703 declaravit,
3290 2649 3455 2711 atque
3486 2641 3563 2696 ita

1979 2747 2081 2801 per
2120 2730 2332 2802 lignum
2360 2730 2540 2787 victor
2566 2731 2955 2786 invenitur.—
2982 2731 3254 2802 Ejusdem,
3291 2748 3355 2787 ea:
3383 2734 3564 2788 eodem

1980 2837 2240 2876 sermone.
2314 2820 2421 2888 Qui
2448 2820 2596 2875 enim
2642 2820 2844 2876 Filium
2889 2820 2988 2875 Dei
3038 2820 3384 2876 incarnatum
3415 2838 3565 2878 nunc

1981 2927 2092 2967 non
2120 2918 2462 2983 agnoscunt,
2511 2917 2811 2981 agnoscent
2839 2909 3018 2980 ipsum
3037 2909 3283 2980 judicem
3312 2909 3369 2965 in
3390 2909 3565 2981 gloria

1984 3003 2320 3067 venientem,
2349 3016 2514 3073 quem
2538 3016 2687 3056 nunc
2711 2999 2766 3055 in
2785 3015 3019 3071 corpore
3037 3000 3268 3072 inglorio
3281 3008 3566 3058 contume-

1984 3096 2074 3151 liis
2103 3094 2442 3150 aﬁiciunt.—
2465 3092 2743 3164 Ejusdem,
2772 3109 2836 3148 ea:
2859 3093 3036 3148 eodem
3055 3109 3316 3149 sermone.
3347 3094 3567 3150 Etenim

1983 3186 2217 3257 apostoli
2245 3227 2260 3252 ,
2312 3200 2440 3241 cum
2469 3184 2755 3241 venissent
2784 3184 2855 3239 ad
2881 3193 3299 3240 monumentum
3332 3184 3422 3240 die
3450 3194 3567 3242 ter-

1985 3279 2137 3345 tio",
2183 3295 2295 3334 non
2324 3278 2658 3334 invenerunt
2684 3292 2887 3349 corpus
2911 3278 3065 3343 Jesu,
3098 3264 3562 3348 quemadmodu‘m

1985 3368 2082 3423 ﬁlii
2107 3369 2324 3426 lsraelis
2349 3376 2591 3424 montem
2617 3368 3050 3425 conscendentes
3066 3368 3382 3439 sepulcrum
3402 3369 3568 3425 Mosis

1984 3459 2344 3530 quazsierunt,
2361 3468 2420 3514 et
2441 3473 2553 3513 non
2577 3458 2990 3514 invenerunt".
3009 3489 3080 3498 —-
3103 3458 3377 3530 Ejusdem,
3403 3474 3467 3512 ea:
3484 3459 3570 3512 in-

1987 3552 2363 3621 terpretatione
2412 3548 2609 3619 psalmi
2664 3566 2722 3603 ll.
2758 3550 2877 3614 llic,
2934 3551 3031 3619 qui
3084 3553 3236 3606 venit
3297 3551 3354 3605 in
3408 3566 3571 3605 mun-

1987 3645 2140 3708 dum,
2173 3643 2320 3698 Deus
2359 3650 2415 3698 et
2445 3642 2611 3696 homo
2644 3642 3030 3697 manifestatus
3050 3650 3156 3697 est.
3192 3644 3261 3700 Et
3287 3644 3568 3700 hominem

1987 3735 2211 3808 quidem
2236 3748 2365 3790 eum
2385 3733 2557 3790 fuisse
2584 3732 2748 3789 facile
2776 3733 3124 3807 intelligitur,
3149 3736 3280 3792 dum
3309 3739 3487 3794 esurit
3512 3727 3570 3796 et

1989 3826 2342 3898 defatigatur,
2393 3834 2451 3882 et
2495 3825 2758 3897 fatigatus
2786 3826 2923 3893 sitit,
2953 3837 3011 3883 ct
3036 3838 3290 3885 metuens
3319 3830 3478 3905 fugit,
3514 3842 3572 3887 ct

1990 3934 2157 3974 orans
2177 3917 2403 3974 tristitia
2421 3916 2678 3984 afﬁcitur,
2699 3926 2757 3974 et
2779 3919 2835 3974 in
2854 3920 3111 3976 cervicali
3128 3920 3352 3989 dormit,
3370 3931 3427 3979 et
3440 3924 3574 3980 cali—

1991 4025 2110 4067 cem
2164 4009 2436 4081 passionis
2478 4009 2842 4080 deprecatur,
2876 4018 2933 4066 et
2963 4011 3019 4064 in
3046 4027 3250 4083 angore
3290 4015 3480 4080 sudat,
3515 4027 3573 4070 ct

1996 4101 2153 4172 133
2183 4100 2253 4155 ab
2282 4101 2476 4171 angelo
2501 4099 2883 4166 conﬁrmatur,
2917 4112 2975 4158 et
2999 4118 3028 4157 a
3052 4103 3193 4159 Juda
3222 4105 3482 4173 traditur,
3516 4120 3577 4163 et

1993 4194 2388 4250 contumeliose
2417 4201 2680 4249 tractatur
2713 4210 2744 4249 a
2770 4194 2997 4265 Caipha,
3027 4205 3083 4250 et
3105 4196 3174 4252 ab
3203 4197 3418 4254 Herode
3442 4188 3573 4266 con}
3663 4234 3671 4247 ς

1995 4283 2288 4348 temnitur,
2323 4289 2382 4338 et
2411 4298 2441 4338 a
2464 4282 2642 4337 Pilato
2665 4282 2996 4353 ﬂagellatur,
3031 4293 3088 4339 et
3120 4299 3151 4338 a
3185 4286 3456 4342 militibus
3478 4286 3571 4343 de~

298 4378 527 4432 δειλιῶν
557 4377 771 4446 φεύγει,
795 4378 891 4431 καὶ
918 4376 1353 4448 προσευχόμενος
1377 4373 1647 4439 λυπεῖται,
1675 4372 1770 4427 καὶ
1799 4373 1879 4426 ὲπῖ

1996 4375 2211 4432 ridetur
2231 4415 2245 4441 ,
2296 4384 2352 4430 et
2400 4390 2431 4429 a
2478 4374 2685 4430 Iudaeis
2715 4374 2864 4446 ligno
2888 4374 3146 4446 aﬁigitur,
3181 4386 3238 4432 et
3259 4378 3327 4433 ad
3352 4380 3574 4435 Patrem

296 4468 759 4540 προσκετξαλαξου
790 4466 1061 4532 καθεύδει,
1100 4464 1196 4518 καὶ
1219 4464 1479 4534 ποτήριον
1518 4462 1727 4528 πάθους
1750 4480 1891 4536 παρ-

296 4563 572 4623 ιιτεῑται,
619 4559 713 4611 καὶ
743 4555 991 4627 ἀγωνιῶν
1019 4557 1174 4627 ἱδροῖ,
1212 4556 1307 4610 καὶ
1353 4556 1447 4608 ὑπ’
1476 4554 1709 4623 ἀγγέλου
1736 4554 1897 4609 δυνα-

296 4651 550 4722 μοῦται,
580 4651 674 4703 καὶ
697 4650 804 4703 ὑπὸ
842 4647 1013 4703 ’ἰούδα
1045 4646 1418 4720 παραδίδοται,
1445 4647 1543 4702 καὶ
1570 4645 1896 4718 ἀτιμάζεται

293 4743 416 4797 (διεδ
442 4742 705 4810 Καῖάςοα,
737 4741 832 4795 καὶ
852 4740 962 4795 ἀπὸ
998 4736 1238 4812 Ἡρώδου
1268 4737 1653 4805 ὲξουθενεῖται,
1705 4737 1898 4807 μαστι-

287 4835 473 4902 ζεταί
499 4851 555 4887 τε
582 4833 686 4887 ὑπὸ
709 4833 961 4898 Πιλάτου,
985 4832 1081 4885 καὶ
1107 4830 1212 4884 ὑπὸ
1242 4828 1589 4900 στρατιωτῶν
1618 4828 1892 4893 παίζεται,

291 4930 402 4982 καὶ
438 4926 554 4979 ὑπὸ
611 4926 877 4979 Ἰουδαίων
918 4924 1060 4993 ξύλῳ
1104 4924 1522 4994 προσπήγνυται
1548 4962 1563 4986 ,
1617 4924 1711 4975 καὶ
1762 4921 1896 4993 πρὸς

290 5017 542 5091 Πατέρα
588 5017 724 5089 βοῶν
766 5017 1124 5089 παρατίθεται
1157 5015 1220 5068 τὸ
1267 5014 1484 5086 πνεῦμα
1507 5056 1522 5079 ,
1568 5014 1661 5067 καὶ
1702 5010 1898 5067 κλίνων

287 5110 561 5181 κεφαλὴν
607 5113 832 5174 έκπνεί,
864 5109 960 5164 καὶ
988 5107 1229 5179 πλευρὰν
1273 5105 1441 5177 λόγχῃ
1484 5104 1737 5158 νύσσεται
1763 5143 1777 5166 ,
1805 5103 1899 5157 καὶ

294 5201 516 5260 σινδόνι
543 5202 895 5273 ἑλισσόμενος
921 5203 980 5255 ὲν
1005 5199 1256 5272 μνημείῳ
1285 5196 1515 5261 τίθεται,
1543 5195 1638 5249 καὶ
1672 5195 1897 5268 τριήμες

1996 4467 2238 4523 clamans
2260 4466 2611 4522 commendat
2629 4467 2906 4537 spiritum,
2933 4477 2990 4521 et
3011 4467 3282 4524 inclinans
3305 4479 3575 4541 caputex-

1991 4560 2185 4631 spirat,
2205 4566 2260 4614 et
2285 4557 2474 4613 lancea
2497 4558 2643 4612 latus
2663 4558 2946 4628 pangitur,
2966 4567 3022 4613 et
3042 4560 3273 4617 sindone
3296 4562 3577 4620 involutus

1994 4649 2048 4704 in
2099 4655 2460 4702 monumento
2490 4646 2746 4716 ponitur,
2801 4655 2857 4702 et
2913 4649 3078 4703 tertio
3107 4649 3197 4706 die
3224 4666 3255 4705 a
3285 4652 3446 4708 Patre
3480 4669 3575 4709 su-

1993 4741 2245 4794 scitatur.
2264 4738 2515 4792 Divinam
2540 4754 2671 4792 vero
2698 4738 2870 4808 ipsius
2892 4747 3144 4797 naturam
3172 4742 3363 4799 itidem
3384 4745 3579 4802 distin-

1995 4839 2083 4885 cte
2115 4828 2304 4883 videre
2348 4828 2497 4892 licet,
2552 4829 2774 4899 quando
2797 4829 2866 4884 ab
2897 4832 3107 4901 angelis
3138 4823 3422 4902 adoretur,
3456 4846 3513 4893 et
3547 4858 3576 4892 a

1996 4920 2313 4994 pastoribus
2343 4920 2705 4992 conspicitur,
2759 4930 2816 4977 et
2845 4932 3198 4993 exspectatur
3231 4942 3263 4981 a
3296 4927 3574 4994 Simeone,

1996 5023 2053 5069 et
2081 5012 2252 5068 Anna:
2278 5000 2856 5070 ornatur‘testimonio
2877 5056 2890 5079 ,
2946 5026 3002 5071 ct
3030 5031 3060 5070 a
3093 5016 3262 5089 Magis
3288 5024 3575 5091 quaeritur,

1996 5115 2053 5160 et
2086 5121 2184 5176 per
2217 5105 2432 5160 stellam
2464 5104 2763 5170 indicatur,
2798 5117 2855 5163 et
2884 5122 2953 5161 ex
2980 5125 3120 5180 aqua
3163 5110 3217 5165 in
3252 5114 3461 5183 nuptiis
3493 5117 3578 5168 vi-

1999 5214 2129 5255 num
2160 5198 2309 5263 facit,
2345 5206 2400 5252 et
2426 5215 2577 5254 mare
2610 5201 2662 5253 vi
2688 5209 2977 5256 ventorum
3004 5204 3269 5273 agitatum
3307 5206 3576 5278 increpat,

368 5366 430 5399 "
461 5364 624 5421 Joan.
657 5381 748 5430 xx,
769 5364 859 5418 27.
937 5364 983 5397 ⁷⁷
1016 5363 1186 5421 lCor.
1212 5380 1267 5431 ν,
1293 5364 1349 5419 7.
1426 5363 1472 5397 ⁷⁸
1496 5363 1632 5418 Luc.
1660 5379 1805 5427 xxiv,
1836 5361 1879 5415 2A

2003 5362 2047 5393 ⁷⁸
2079 5361 2239 5417 Deut.
2278 5376 2457 5424 xxxw,
2476 5360 2529 5413 6.

439 5523 503 5587 4)
530 5482 792 5590 λόγίτοῦ.
823 5520 1182 5577 lnserendum
1204 5520 1327 5577 fuit.
1356 5519 1477 5577 Vid.
1499 5534 1688 5590 supra,
1720 5534 1776 5589 ι),
1805 5516 1893 5571 55.

396 5594 503 5661 75)
537 5589 615 5646 ἐκ
638 5589 735 5645 τοῦ
769 5608 821 5644 κ.
857 5609 907 5645 τ.
940 5591 990 5646 λ.
1025 5590 1139 5647 Hoc
1170 5600 1381 5647 tantum
1425 5592 1549 5646 loco
1573 5589 1893 5661 ’fragmenta

286 5682 359 5724 ex
380 5664 558 5721 'lihro
590 5664 695 5718 isto
728 5669 961 5716 exstant.

2075 5514 2501 5608 έῖἓὲἱῖᾖξηὲ
2532 5515 3196 5608 Ξ;Ᾱ1-Η⁰Ξ,Ψ¹Ῠὲ¹¹¹¹¹.θ⁸ί
3224 5522 3390 5608 ¹¹Ξ¹Ῑυ⁸
3418 5539 3588 5608 Ol?”

2002 5583 2113 5667 culi
2133 5583 2517 5667 fragmentum.
2532 5583 3000 5667 Unicumquoque
3020 5602 3122 5657 est,
3141 5593 3289 5662 quod
3298 5583 3590 5664 sequitur,

2004 5670 2069 5710 ex
2102 5658 2552 5727 interpretatione
2592 5658 2787 5729 psalmi
2813 5658 2959 5718 xxxii.
