4006 6202
392 324 494 388 175

1376 315 1865 378 TIIEODORETI
1905 316 2242 376 EPISCOPI
2281 316 2645 376 CYRENSIS

3556 312 3656 378 176

383 446 441 492 et
470 449 638 506 super
669 431 804 488 mari
831 431 1106 494 ambulat,
1161 439 1218 484 et
1246 443 1391 482 caeco
1420 444 1452 481 a
1474 426 1762 480 nativitate
1793 425 1972 478 visum

2083 442 2175 496 ρος
2199 424 2304 478 ὑπὸ
2334 425 2547 496 Πατρδς
2570 423 2876 478 ἀνίσταται.
2905 421 2978 474 Τὸ
3008 421 3066 475 δὲ
3097 421 3278 476 eam
3299 423 3465 478 αὐτοῦ
3493 428 3658 484 πάλιν

384 528 641 598 largitur,
689 534 746 580 et
770 525 1036 578 Lazarum
1072 523 1183 593 jam
1213 526 1413 590 quarto
1446 518 1536 572 die
1566 526 1845 572 mortuum
1880 532 1972 570 re-

383 619 637 682 suscitat,
670 627 728 672 et
751 617 900 670 varia
929 614 1191 669 miracula
1217 611 1352 676 edit,
1387 620 1443 666 et
1465 619 1689 680 peccata
1718 608 1969 672 remittit,

384 721 441 766 et
465 717 796 781 potestatem
830 723 894 762 ea
923 703 1240 760 remittendi
1271 703 1365 756 dat
1388 701 1694 771 discipulis.
1721 730 1791 738 —~
1815 699 1974 768 Ejus-

383 804 523 867 dem,
557 818 619 855 ρετ
648 801 1087 870 interpretatione
1115 794 1309 867 psalmi
1337 810 1485 847 mu.
1505 794 1664 848 Venit
1691 792 1756 845 ad
1786 800 1973 860 portas

333 908 340 917 '
383 893 638 947 emlestes
661 931 675 954 ,
733 889 912 961 angeli
945 904 1072 944 eum
1117 885 1456 942 comitantur
1476 925 1492 946 ,
1527 893 1583 938 ct
1611 883 1810 937 clausa:
1842 890 1972 936 sunt

384 993 556 1054 porta:
589 983 876 1038 oculorum.
914 979 1168 1035 Nondum
1199 977 1348 1032 enim
1379 976 1446 1030 ad
1477 976 1647 1029 cmlos
1670 972 1919 1027 ascendit
1953 989 1966 1024 :

381 1091 532 1132 nunc
579 1075 818 1144 primum
863 1089 892 1126 a
943 1071 1264 1127 caelestibus
1308 1067 1680 1140 potestatibus
1722 1064 1972 1119 cernitur

384 1183 515 1222 caro
559 1165 884 1222 ascendens.
921 1163 1136 1219 Dicitur
1177 1165 1191 1181 '
1215 1176 1345 1231 ergo
1372 1157 1741 1230 potestatibus
1772 1156 1840 1209 ab
1870 1171 1971 1208 an-

383 1260 519 1330 gelis
547 1300 560 1323 ,
619 1258 715 1328 qui
761 1257 1112 1312 Servatorem
1154 1264 1209 1307 et
1244 1253 1533 1306 Dominum
1570 1255 1920 1319 praaeurrunt
1953 1262 1966 1298 :

391 1371 409 1403 τ
438 1351 707 1414 Attollite,
737 1347 1038 1419 principes,
1068 1353 1257 1416 portas
1284 1352 1494 1399 vestras
1513 1383 1526 1405 ,
1563 1349 1619 1394 et
1647 1338 1964 1402 elevamini,

382 1451 556 1513 porta:
579 1451 820 1504 aeternae,
854 1447 912 1494 et
937 1438 1191 1493 introibit
1217 1452 1314 1490 rex
1337 1435 1523 1505 gloriae
1541 1432 1608 1485 ⁸⁸.
1634 1453 1651 1483 υ

2072 515 2324 586 φανερῶς
2351 514 2498 567 ἔστιν
2534 514 2682 579 ἰδεῖν,
2706 515 2796 566 ὅτε
2827 513 2923 565 ὑπ’
2961 512 3212 582 ἀγγέλων
3241 520 3657 584 προσκυνεῖται,

2073 607 2169 658 καὶ
2204 605 2318 674 (ἹἹ)
2365 605 2650 676 θεωρεῖται
2691 605 2795 656 ὐπὸ
2825 604 3124 674 ποιμένων,
3153 606 3248 658 καὶ
3291 607 3662 676 προσδοκᾶται

2073 696 2176 750 ὐπὸ
2196 696 2441 766 Συμεὼν,
2471 699 2564 750 καὶ
2585 697 2690 750 ὑπὸ
2719 698 2918 766 Ἀννης
2946 699 3329 766 μαρτυρεῖται,
3363 701 3456 752 καὶ
3482 701 3664 770 ζητείο

2072 805 2161 840 ται
2202 787 2307 841 ὐπὸ
2357 790 2568 857 μάγων,
2616 789 2709 841 καὶ
2755 787 3081 856 σημαίνεται
3132 788 3200 841 δι’
3254 789 3513 859 ἀστέρος,
3564 793 3664 846 καὶ

2075 881 2220 950 ὕδωρ
2254 883 2309 933 ὲν
2340 881 2538 950 γάμοις
2567 875 2707 933 οἶνον
2735 880 3138 950 ἀπεργάζεται,
3169 881 3264 934 καὶ
3288 881 3529 955 θαλάττῃ
3556 885 3665 936 ὐπδ

2078 972 2199 1042 βίας
2234 972 2454 1042 ἀνέμων
2492 971 2784 1043 κινουμένῃ
2824 974 3074 1043 ἐπιτιμᾷ,
3119 974 3213 1026 καὶ
3253 974 3348 1026 ἐπὶ
3382 975 3666 1045 θαλάσσης

2077 1067 2386 1133 περιπατεῖ,
2425 1064 2519 1116 καὶ
2561 1061 2760 1130 τυφλόν
2805 1065 2869 1116 ὲκ
2896 1064 3160 1132 γεννητῆς
3199 1065 3334 1134 ὁρᾷν
3361 1068 3534 1129 ποιεῖ,
3567 1066 3667 1120 καὶ

2076 1155 2268 1226 νεκρὸν
2297 1154 2548 1225 Λάζαρον
2588 1155 2965 1224 τετραήμερον
3013 1155 3206 1225 άνιστᾷ
3229 1197 3242 1219 ,
3275 1156 3368 1209 καὶ
3413 1157 3666 1219 ποικίλας

2073 1245 2332 1316 δυνάμεις
2375 1245 2552 1308 τελεῖ,
2590 1247 2683 1298 καὶ
2724 1245 3000 1316 ἁμαρτίας
3029 1244 3219 1316 ἀφίησι
3248 1289 3262 1312 ,
3289 1248 3383 1299 καὶ
3413 1248 3667 1311 ἐξουσίαν

2071 1337 2251 1390 δίδωσι
2280 1337 2568 1408 μαθηταῖς.
2586 1366 2653 1377 ——
2675 1337 2784 1390 Τοῦ
2802 1336 2988 1390 αὑτοῦ
3010 1338 3077 1390 ἐκ
3093 1337 3198 1391 τοῦ
3221 1339 3408 1406 λόγου
3435 1339 3541 1392 τοῦ
3571 1341 3667 1404 εἰς

2070 1428 2179 1481 τὸν
2207 1428 2294 1497 κγ’
2325 1429 2590 1498 ψαλμόν.
2631 1429 2888 1499 Ἔρχεται
2917 1429 3010 1481 ἐπὶ
3035 1429 3134 1492 τὰς
3169 1430 3427 1500 οὐρανίας
3461 1430 3664 1496 πύλας,

382 1533 604 1602 ἄγγελοι
639 1531 788 1602 αὐτῴ
827 1529 1192 1591 συνοδεύουσι,
1226 1528 1321 1580 καὶ
1383 1524 1769 1594 κεκλεισμέναι
1825 1522 1962 1576 εἰσὶν
1987 1521 2042 1573 αἱ
2081 1520 2248 1573 πύλαι
2292 1521 2402 1572 τῶν
2447 1519 2714 1591 οὐρανῶν.
2765 1520 2990 1574 Οὐδέπω
3046 1521 3155 1590 γὰρ
3199 1521 3541 1592 ἀναϐέϐηκεν
3581 1523 3665 1585 εἰς

380 1623 673 1696 οὐρανούς·
720 1624 934 1695 πρῶτον
980 1620 1074 1674 νῦν
1116 1619 1367 1688 φαίνεται
1398 1619 1517 1680 ταῖς
1549 1616 1815 1685 δυνάμεσι
1844 1616 1967 1676 ταῖς
2004 1612 2286 1682 οὐρανίαις
2317 1610 2453 1681 σὰρξ
2483 1611 2870 1665 ἀναϐαίνουσα.
2941 1612 3176 1680 Λέγεται
3197 1611 3290 1666 οὖν
3319 1617 3436 1676 ταῖς
3500 1616 3667 1668 δυνά-

385 1733 541 1787 μεσιν
577 1713 682 1766 ὐπὸ
709 1712 818 1765 τῶν
848 1711 1094 1778 ἀγγέλων
1131 1709 1239 1760 τῶν
1271 1706 1680 1777 προτρεχόντων
1719 1705 1808 1756 τὸν
1881 1703 2112 1774 Σωτῆρα
2174 1704 2269 1756 καὶ
2308 1701 2535 1772 Κύριον,
2587 1703 2792 1773 ’Ἄρατε
2857 1704 3034 1768 πύλας
3085 1707 3133 1758 οἱ
3186 1705 3446 1776 ἄρχοντες
3485 1707 3664 1776 ὑμῶν,

381 1814 477 1866 καὶ
506 1808 781 1880 ὲπάρθητε
813 1805 978 1858 πύλαι
1013 1805 1222 1859 αἱώνιοι
1245 1842 1258 1866 ,
1298 1804 1391 1855 καὶ
1416 1801 1786 1854 εἰσελεύσεται
1814 1802 1842 1852 ὁ
1877 1798 2130 1869 βασιλεὺς
2163 1799 2263 1868 τῆς
2295 1799 2472 1869 δόξης.
2514 1818 2530 1849 ι

385 1924 544 1997 134
584 1923 767 1978 Sancti
811 1919 1084 1997 Eustathii
1126 1919 1351 1997 episcopi
1396 1916 1704 1970 Antiocheni
1751 1925 1798 1968 ct
1845 1931 1968 1967 con-

2080 1913 2185 1967 Τοῦ
2225 1913 2399 1982 ἁγίου
2426 1915 2766 1997 Εὑο-ταθίου
2804 1914 3142 1997 ἐπισκόπου
3174 1915 3540 1984 Ἀντιοχείας
3564 1919 3666 1970 και

1031 2016 1033 2018 -
1057 1988 1284 2057 fessoris.

450 2109 513 2163 In
556 2108 921 2177 inscriptiones
965 2102 1263 2157 titulorum.
1335 2101 1436 2154 llic
1490 2098 1657 2169 igitur
1717 2098 1974 2169 prmdixit

377 2203 499 2256 fore
541 2210 598 2254 ut
631 2199 699 2252 in
740 2199 942 2250 throno
985 2201 1176 2248 saneto
1213 2193 1453 2255 sederet,
1487 2188 1806 2261 signiﬁcans
1843 2206 1971 2244 eum

379 2296 438 2350 in
469 2293 659 2348 eodem
703 2291 905 2344 throno
941 2301 1066 2340 cum
1099 2285 1450 2340 divinissimo
1482 2283 1696 2352 Spiritu
1734 2283 1972 2336 colloca-

379 2393 497 2437 tum
535 2395 678 2440 esse,
711 2385 940 2448 propter
977 2377 1148 2430 Deum
1197 2375 1252 2428 in
1297 2375 1416 2444 ipso
1453 2373 1672 2428 assidue
1715 2373 1972 2426 habitan-

380 2485 513 2529 tem.
549 2503 618 2511 —-
653 2471 928 2540 Ejusdem,
965 2485 1028 2522 ea:
1063 2469 1304 2521 oratione
1339 2467 1401 2520 de
1434 2467 1634 2519 anima.
1661 2453 1802 2519 Ante
1842 2480 1971 2534 pas-

379 2567 592 2620 sionem
631 2562 857 2633 quidem
898 2561 1105 2629 ubique
1147 2559 1492 2629 corporalem
1537 2574 1690 2612 suam
1736 2566 1971 2612 mortem

379 2657 669 2731 praedixit,
722 2653 1055 2710 tradendum
1105 2668 1162 2707 se
1209 2652 1594 2706 sacerdotibus
1646 2652 1864 2716 dicens,
1917 2659 1974 2706 et

379 2749 564 2805 crucis
595 2747 898 2816 trophmum
936 2743 1294 2799 annuntians.
1325 2743 1455 2797 Post
1481 2742 1791 2812 passionem
1817 2757 1970 2807 vero,

379 2855 506 2894 cum
542 2838 708 2892 tertio
739 2836 828 2890 die
867 2834 1266 2889 resurrexisset
1291 2851 1320 2887 a
1347 2833 1603 2898 mortuis,
1628 2833 1774 2888 etde
1801 2834 1974 2903 ipsius

379 2930 788 2988 resurrectione
835 2927 1156 2981 dubitarent
1203 2925 1496 2995 discipuli,
1544 2940 1816 2994 apparens
1867 2925 1976 2980 illis

381 3024 437 3077 in
475 3021 670 3077 eodem
713 3033 969 3088 corpore,
1014 3031 1238 3070 carnem
1285 3023 1455 3069 totam
1499 3030 1626 3069 cum
1662 3015 1882 3069 ossibus
1915 3029 1974 3069 se

380 3116 587 3171 habere
629 3112 921 3183 proﬁtetur
955 3126 968 3162 :
1003 3108 1181 3163 oculis
1222 3122 1354 3162 vero
1394 3107 1615 3160 illorum
1661 3105 1973 3176 perfossum

379 3209 526 3263 latus
559 3205 848 3275 objiciens,
885 3203 1131 3271 ipsorum
1170 3215 1391 3268 quoque
1426 3200 1705 3254 clavorum
1741 3199 1974 3268 vestigia

381 3297 642 3354 ostendit.
675 3326 743 3334 —
772 3294 1046 3364 Ejusdem,
1076 3308 1139 3346 ex
1169 3307 1407 3345 sermone
1433 3293 1486 3344 in
1516 3289 1652 3344 illud
1683 3306 1699 3344 :
1741 3309 1757 3340 ‹
1790 3289 1976 3344 Domi-

381 3406 491 3445 nus
533 3388 741 3443 creavit
787 3403 875 3442 me
920 3386 1141 3440 initium
1177 3385 1391 3439 viarum
1438 3401 1661 3439 suarum
1692 3383 1758 3437 ⁸⁸.
1790 3404 1807 3435 ι
1856 3384 1975 3437 Non

383 3483 533 3537 enim
595 3481 734 3534 dixit
785 3479 1034 3541 Paulus,
1103 3478 1428 3532 Conformes
1492 3477 1631 3530 Filio
1680 3475 1799 3539 Dei,
1878 3475 1974 3529 sed

392 3597 410 3626 ι
437 3575 761 3631 Conlormes
783 3573 1006 3642 imagini
1042 3570 1161 3625 Filii
1188 3571 1273 3624 sui
1299 3571 1364 3634 π’,
1399 3589 1416 3620 ι
1448 3569 1594 3624 aliud
1623 3568 1828 3623 docens
1853 3583 1975 3622 esse

382 3668 614 3730 Filium,
661 3666 810 3720 aliud
863 3664 1156 3735 imaginem
1201 3664 1341 3733 ejus.
1383 3662 1520 3717 Nam
1566 3661 1760 3726 Filius,
1788 3660 1975 3715 divina

383 3768 626 3830 paterna:
662 3755 886 3809 virtutis
925 3754 1158 3823 insignia
1191 3767 1414 3823 gerens,
1447 3751 1626 3821 imago
1659 3760 1744 3803 est
1775 3750 1973 3812 Patris,

381 3854 514 3921 quia
543 3850 753 3904 similes
776 3865 841 3902 ex
872 3847 1147 3902 similibus
1175 3846 1347 3916 geniti
1383 3844 1480 3898 ﬁlii
1513 3861 1659 3899 vera:
1707 3843 1977 3913 imagines

383 3951 515 3998 sunt
548 3935 838 4006 parentum
872 3959 884 3992 :
917 3939 1082 3993 homo
1128 3953 1280 4002 vero,
1309 3953 1472 4006 quem
1510 3936 1764 4006 gestavit,
1796 3935 1976 4005 imago

383 4044 470 4090 est
511 4035 656 4097 Filii,
687 4032 960 4103 siquidem
995 4047 1063 4086 ex
1103 4030 1466 4085 dissimilibus
1509 4044 1730 4098 quoque
1769 4027 1976 4082 colori-

386 4127 494 4182 bus
554 4127 610 4180 in
669 4140 796 4180 cera
864 4121 1021 4192 135
1073 4122 1376 4193 pinguntur
1434 4119 1703 4190 imagines
1743 4135 1756 4171 :
1791 4127 1847 4172 et
1892 4117 1976 4172 liae

386 4217 611 4288 quidem
667 4231 833 4269 manu
889 4215 1232 4278 formantur,
1291 4213 1410 4267 alia:
1465 4226 1601 4266 vero
1660 4217 1855 4265 natura
1922 4219 1977 4265 et

387 4307 749 4364 similitudine
787 4307 946 4362 ﬁunt.
980 4306 1253 4360 Praeterea
1297 4304 1384 4358 lex
1425 4304 1540 4374 ipsa
1585 4302 1836 4357 veritatis
1869 4302 1977 4358 hoc

387 4401 653 4456 declarat.
690 4399 808 4453 Non
851 4399 999 4452 enim
1036 4397 1394 4465 incorporeus
1427 4395 1711 4464 sapientia:
1735 4395 1978 4464 Spiritus

389 4490 688 4546 conformis
730 4499 814 4545 est
852 4488 1134 4559 corporeis
1175 4487 1496 4542 hominibus
1534 4505 1547 4541 :
1596 4486 1692 4541 sed
1732 4487 1824 4555 qui
1878 4503 1978 4556 per

2672 1985 3066 2053 ὀμολογητοῦ.

2140 2101 2242 2164 Εἰς
2264 2098 2374 2170 (78)
2410 2098 2514 2164 τὰς
2538 2098 2868 2168 ἐπιγραφὰς
2894 2091 3003 2169 τῆς
3032 2103 3503 2170 στηλοῃοαρίας.
3553 2102 3666 2156 Ἐν-

2073 2191 2265 2243 τεῦθεν
2309 2191 2487 2244 τοίνυν
2535 2191 2626 2243 ἐπὶ
2660 2190 2851 2262 θρόνου
2905 2191 3255 2263 προύγραφεν
3295 2195 3454 2246 αὐτὸν
3499 2195 3664 2262 ἁγίου

2073 2280 2442 2346 καθέζεσθαι,
2487 2280 2661 2350 δηλῶν
2713 2282 2795 2334 ὅτι
2839 2281 3124 2353 σύνθρονος
3170 2284 3540 2338 ἀποδέδεικται
3582 2286 3666 2356 τῷ

2075 2372 2334 2442 θειοτάτῳ
2373 2374 2651 2445 Πνεύματι
2679 2413 2692 2436 ,
2742 2373 2830 2425 διὰ
2867 2374 2960 2426 τὸν
2991 2373 3245 2427 οἰκοῦντα
3271 2375 3380 2447 (79)
3421 2377 3554 2430 Θεὸν
3604 2381 3668 2431 ὲν

2074 2463 2219 2535 αὐτῴ
2254 2464 2536 2533 διηνεκῶς.
2565 2495 2631 2504 ——-
2659 2464 2772 2519 Τοῦ
2797 2466 2984 2520 αὑτοῦ
3006 2508 3019 2529 ,
3053 2467 3121 2520 ἐκ
3157 2469 3263 2522 τοῦ
3290 2470 3416 2537 περὶ
3452 2470 3667 2539 ψυχῆς

2073 2557 2279 2626 λόγου.
2311 2557 2424 2627 Πρὸ
2449 2557 2545 2626 μὲν
2576 2558 2670 2611 τοῦ
2703 2558 2909 2622 πάθους
2937 2560 3196 2612 ἑκάστοτε
3220 2559 3310 2612 τὸν
3347 2563 3667 2631 σωματικὸν

2074 2648 2542 2719 αὐτοῦῦτρούλεγε
2585 2650 2836 2717 θάνατον,
2887 2654 2999 2714 τοῖς
3033 2653 3177 2721 ἀμφὶ
3210 2654 3336 2716 τούς
3369 2654 3666 2726 ἀρχιερέας

2073 2741 2462 2811 ἐκδοθήσεσθαι
2497 2743 2742 2810 φάσκων,
2770 2744 2866 2796 καὶ
2897 2742 2958 2796 τὸ
2992 2743 3083 2795 τοῦ
3128 2745 3361 2815 σταυροῦ
3397 2747 3668 2818 τρόπαιον

2073 2831 2454 2901 ἀπαγγέλλων.
2504 2831 2663 2886 Μετὰ
2694 2832 2750 2886 δὲ
2797 2831 2859 2885 τὸ
2907 2832 3114 2896 πάθος,
3151 2835 3391 2903 τριταῖος
3443 2837 3506 2888 ἐκ
3553 2837 3668 2890 τῶν

2075 2925 2283 2995 νεκρῶν
2320 2925 2581 2991 ἀναστὰς,
2619 2924 3001 2988 ὲνδοιαζὸντων
3031 2926 3194 2979 αὐτὸν
3224 2928 3524 3000 ὲγηγέρθαι
3555 2931 3668 2984 τῶν

2079 3017 2357 3088 μαθητῶν,
2386 3019 2672 3087 ἐπιφανεὶς
2694 3019 2880 3081 αὐτοῖς
2901 3018 3053 3089 αὐτῷ
3079 3017 3314 3088 σώματι,
3351 3020 3528 3092 σάρκα
3561 3022 3668 3091 μὲν

2077 3111 2295 3163 ἅπασαν
2351 3110 2445 3163 σὺν
2493 3111 2698 3174 ὀστέοις
2745 3111 2889 3180 ἔχειν
2939 3111 3195 3181 ὁμολογεῖ
3225 3113 3376 3183 (80),
3431 3115 3555 3179 ταῖς
3603 3116 3669 3168 δὲ

2075 3202 2231 3271 ὂψεσι
2260 3202 2464 3256 τούτων
2510 3202 2609 3264 τὰς
2651 3202 2999 3275 τετρωμένας
3033 3203 3351 3258 ὐποδάλλων
3389 3205 3667 3278 πλευράς,

2077 3293 2318 3354 καὶτοὺς
2363 3292 2566 3356 τύπους
2595 3293 2774 3344 αὐτῶν
2799 3293 2908 3360 (81)
2955 3293 3297 3347 ὐποδεικνύει
3345 3295 3451 3348 τῶν
3491 3295 3666 3364 ἥλων.

2076 3413 2143 3424 -
2175 3384 2286 3438 Τοῦ
2330 3384 2516 3439 αὐτοῦ
2551 3385 2618 3437 ἐκ
2664 3385 2768 3438 τοῦ
2794 3387 2980 3453 ,λόγου
3010 3386 3115 3439 τοῦ
3141 3388 3228 3451 εἰς
3260 3385 3360 3449 τὸ,
3407 3405 3426 3438 ι
3460 3387 3672 3458 Κύριος

2077 3475 2259 3529 ἑκτισέ
2293 3495 2358 3547 με
2389 3477 2564 3548 ἀρχὴν
2591 3477 2724 3530 ὁδῶν
2752 3475 2939 3530 αὐτοῦ.
2990 3496 3006 3527 ι
3043 3479 3116 3530 Οὐ
3147 3479 3254 3549 γὰρ
3283 3473 3434 3530 εἶπεν
3461 3480 3488 3532 ὁ
3520 3479 3673 3532 Παῦ-

2076 3569 2186 3634 λος,
2241 3571 2606 3641 Συμμόρφους
2623 3569 2717 3622 τοῦ
2745 3569 2879 3622 Υίοῦ
2934 3569 3026 3622 τοῦ
3078 3571 3236 3634 Θεοῦ,
3273 3573 3426 3635 ἀλλὰ,
3463 3592 3480 3623 r
3518 3573 3672 3643 Συμ-

2081 3662 2322 3732 μόρφους
2358 3661 2457 3729 τῆς
2492 3663 2699 3724 εἰκόνος
2727 3661 2820 3714 τοῦ
2853 3661 2984 3714 Υἱοῦ
3036 3663 3223 3726 αὐτοῦ,
3266 3683 3280 3713 ι
3329 3663 3455 3718 ἄλλο
3483 3665 3581 3734 μέν
3610 3683 3669 3719 τι

2077 3751 2338 3805 δεικνύων
2368 3751 2458 3806 τὸν
2485 3752 2612 3804 Υἱέιν
2654 3749 2793 3806 εἶναι
2818 3791 2832 3816 ,
2873 3752 3002 3806 ἄλλο
3027 3753 3082 3805 δὲ
3120 3754 3220 3826 τὴν
3248 3757 3431 3808 εἰκόνα
3475 3756 3668 3812 αὑτοῦ.

2089 3846 2148 3900 '0
2183 3845 2279 3917 μὲν
2309 3846 2419 3917 γὰρ
2456 3845 2604 3909 Υἱὸς,
2633 3845 2701 3898 τὰ
2726 3845 2845 3899 θεῖα
2877 3847 2974 3917 τῆς
3003 3847 3262 3917 πατρῴας
3290 3850 3492 3920 ἀρετῆς
3521 3867 3672 3917 γνω-

2081 3939 2321 4011 ρίσματα
2349 3938 2552 4010 φέρων,
2587 3938 2751 3991 εἰκῶν
2792 3941 2907 3992 ἐστι
2954 3940 3046 3992 τοῦ
3082 3941 3322 4013 Πατρός·
3358 3943 3546 4014 ἐπειδὴ
3570 3943 3671 3996 καὶ

2078 4031 2252 4101 ὅμοιοι
2293 4029 2352 4094 ἐξ
2383 4031 2587 4101 ὁμοίων
2630 4030 2993 4101 γεννώμενοι,
3030 4033 3237 4096 εἰκόνες
3273 4035 3320 4085 οἰ
3355 4034 3672 4102 τικτόμενα

2080 4121 2363 4190 φαίνονται
2392 4121 2500 4173 τῶν
2536 4121 2876 4193 γεννητόρων
2912 4121 3152 4193 ἀληθεῖς.
3200 4124 3258 4176 '0
3300 4123 3355 4176 δὲ
3380 4124 3671 4194 ἄνθρωπος

2077 4213 2136 4266 ὃν
2167 4213 2448 4284 ὲφόρεσεν,
2493 4212 2656 4266 εἰκὼν
2708 4217 2822 4267 ἐστι
2849 4215 2942 4268 τοῦ
2975 4215 3105 4268 Υἰοῦ
3131 4257 3145 4280 ,
3187 4216 3280 4276 τοῦ
3311 4216 3422 4287 (82)
3468 4217 3560 4270 καὶ
3604 4218 3670 4284 ἐξ

2079 4302 2350 4372 ἀνομοίων
2364 4320 2432 4372 κη
2443 4305 2833 4376 ρογραφεῖσθαι
2854 4306 3165 4376 χρωμάτων
3187 4307 3423 4370 εἰκόνας·
3445 4308 3536 4360 καὶ
3565 4309 3673 4372 τὰς

2084 4395 2181 4467 μὲν
2235 4391 2375 4448 εἶναι
2427 4395 2573 4450 θέσει
2621 4397 3034 4468 χειροτεύκτους
3063 4441 3076 4460 ,
3127 4399 3226 4463 τὰς
3271 4399 3326 4454 δὲ
3373 4400 3530 4470 φύσει
3569 4400 3669 4453 καὶ

2078 4486 2354 4557 ὁμοιότητι
2394 4488 2786 4559 γεγενημένας.
2833 4489 3042 4553 ’Λλλως
3073 4507 3132 4543 τε
3179 4491 3270 4542 καὶ
3310 4490 3470 4553 αὐτὸς
3499 4492 3527 4543 ὁ
3567 4490 3671 4559 τῆς

389 4581 656 4652 Spiritum
713 4580 980 4633 formatus
1019 4587 1103 4632 est
1150 4577 1316 4632 homo
1364 4578 1672 4641 character,
1711 4577 1806 4647 qui
1855 4577 1973 4632 aliis

2083 4576 2340 4648 ἀληθείας
2368 4578 2512 4632 τοῦθ’
2545 4579 2876 4651 ὑπαγορεύει
2908 4580 3130 4651 θεσμός.
3181 4582 3255 4635 Οὐ
3294 4581 3402 4653 γὰρ
3433 4582 3491 4634 τὸ
3519 4581 3666 4634 ἀσώ-

389 4673 648 4728 omnibus
700 4671 854 4741 paria
905 4685 1140 4724 numero
1185 4669 1435 4724 membra
1480 4670 1648 4740 gerit,
1701 4679 1758 4724 et
1809 4670 1975 4724 simili

391 4769 565 4821 forma
591 4763 826 4819 vestitus
853 4769 955 4816 est.
978 4793 1048 4800 —
1073 4761 1344 4831 Ejusdem,
1375 4777 1438 4814 ex
1483 4761 1667 4815 eadem
1713 4763 1970 4816 oratione.

393 4858 548 4923 Quod
587 4869 766 4911 autem
805 4871 1006 4925 corpus
1039 4853 1187 4908 dicat
1221 4855 1502 4908 conforme
1542 4854 1798 4908 humanis
1830 4870 1973 4920 esse,

394 4951 639 5017 apertius
667 4965 768 5002 uos
801 4949 966 5002 docet
999 4947 1248 5001 scribens
1268 4946 1332 5000 ad
1360 4946 1740 5016 Philippeuses
1768 4965 1779 5000 :
1817 4967 1832 4998 ι
1863 4948 1974 5001 No-

393 5053 504 5093 stra
539 5040 909 5100 conversatio,
938 5038 1136 5106 inquit,
1165 5037 1218 5090 in
1244 5037 1385 5090 curio
1408 5046 1512 5097 est,
1545 5054 1609 5090 ex
1635 5055 1744 5106 quo
1772 5047 1826 5091 et
1854 5039 1975 5093 Sal-

397 5141 641 5185 i'atorem
685 5138 1065 5200 exspectamus
1116 5128 1408 5182 Dominum
1439 5128 1627 5181 Jesum
1669 5129 1973 5194 Christum,

467 5285 514 5315 ⁸ο
541 5285 684 5340 Psal.
725 5301 873 5347 χχιιι,
901 5286 952 5338 7.
1031 5284 1073 5315 ⁸¹
1102 5283 1262 5338 Prov.
1311 5298 1426 5347 vin,
1455 5282 1544 5335 22.

470 5401 580 5469 (77)
617 5403 709 5454 καὶ
740 5400 900 5471 θεωρ.
931 5400 1034 5452 ὑπὸ
1065 5417 1220 5467 ποιμ.
1258 5398 1384 5452 Πωο
1413 5415 1480 5452 an
1514 5399 1679 5471 hujus
1706 5399 1812 5455 loci
1847 5400 1978 5467 sint,

398 5471 639 5527 dubitari
673 5469 869 5538 potest.
909 5471 1149 5523 Abt-rant.
1174 5485 1202 5523 a
1233 5471 1486 5523 versione
1519 5469 1762 5525 Herveti.

473 5542 694 5613 (78)“:1;
717 5557 772 5591 κ.
807 5557 866 5613 τἑ
886 5540 935 5590 λ.
973 5541 1136 5613 Plura
1158 5540 1324 5613 hujus
1348 5540 1532 5613 operis
1557 5541 1858 5611 fragmenta
1883 5557 1982 5594 ex-

400 5609 818 5683 hibctdialogus
839 5610 892 5683 δ,
918 5609 1011 5683 sed
1037 5609 1140 5663 sub
1178 5609 1338 5664 titulo
1355 5611 1512 5679 λόγου
1537 5613 1615 5674 εἰς
1634 5609 1733 5675 τὰς
1755 5615 1982 5683 ἐπιγρα-

407 5683 510 5753 φὰς
533 5681 659 5753 τῶνΔ
678 5679 1025 5753 ἀναβαθμῶν.

480 5753 589 5821 (Ἳ9)
621 5751 724 5804 οἰκ.
774 5749 930 5820 Apud
981 5748 1193 5803 Fabric.
1234 5748 1478 5804 Biblioth.
1539 5751 1654 5820 Gr.,
1695 5752 1803 5810 vol.
1841 5752 1977 5819 VIII,

2088 4687 2257 4739 ματον
2287 4671 2385 4739 τῆς
2413 4671 2600 4739 σοφίας
2647 4671 2864 4743 πνεῦμα
2912 4672 3232 4744 σύμμορφον
3275 4677 3388 4738 τοῖς
3438 4691 3673 4742 σωματι-

2085 4765 2201 4825 κοῖς
2237 4761 2544 4832 ἀνθρῶποις
2575 4763 2743 4829 ἐστὶν,
2779 4764 2889 4816 ἀλλ’
2923 4767 2950 4817 ὁ
2990 4765 3068 4836 τῷ
3109 4766 3387 4834 Πνεύματι
3420 4783 3673 4836 σωματο-

2086 4856 2328 4926 ποιηθεὶς
2361 4854 2646 4926 ἄνορωπος
2689 4856 2977 4928 χαρακτὴρ
2999 4898 3012 4921 ,
3039 4858 3067 4909 ὁ
3099 4861 3210 4920 τοῖς
3250 4857 3431 4920 ἄλλοις
3463 4858 3670 4911 ἆπασιν

2088 4947 2350 5017 ἰσάριθμα
2380 4946 2517 5018 μέλη
2554 4947 2978 5020 φορῶν,καίτὴν
3005 4949 3196 5019 ὁμοίαν
3229 4951 3479 5012 ἑκάστοις
3507 4966 3672 5018 περι-

2085 5038 2419 5108 ϐεϐλημένος
2493 5039 2657 5092 ἰδέαν.
2684 5070 2752 5078 -
2783 5039 2891 5093 Τοῦ
2937 5041 3158 5102 αὐτοῦ,
3226 5041 3293 5094 ἐκ
3332 5041 3434 5094 τοῦ
3479 5041 3672 5095 αὑτοῦ

2084 5131 2291 5198 λόγου.
2337 5131 2462 5183 ’Ὁτι
2501 5131 2557 5184 δὲ
2595 5131 2655 5184 τό
2687 5131 2847 5202 σῶμα
2892 5123 3040 5200 λέγει
3079 5133 3403 5205 σύμμορφον
3435 5137 3547 5197 τοῖς
3579 5133 3674 5185 ἀν-

1623 5282 1670 5313 ⁸⁸
1702 5283 1861 5337 Rom.
1898 5299 2012 5349 \‘lll,
2049 5284 2138 5340 29.

2081 5417 2136 5471 p.
2178 5402 2296 5474 183,
2333 5404 2435 5474 leg.
2477 5404 2806 5460 ἐνοικοῦντα.

2154 5473 2264 5546 (80)
2303 5473 2406 5543 ὀμ(
2432 5475 2577 5529 Loco
2605 5477 2716 5545 jam
2755 5476 2847 5528 rit.
2885 5484 2968 5529 est
3004 5473 3291 5546 ὡμολόγει.

2153 5543 2265 5621 (81.)
2303 5547 2422 5621 αὐτ.
2480 5546 2580 5599 Ed.
2603 5543 2779 5621 giipm.
2817 5555 2873 5600 et
2908 5543 3065 5616 Lips;
3115 5548 3300 5601 αὑτοῦ.
3335 5549 3412 5604 Ita
3449 5565 3675 5621 quoque

2079 5611 2296 5686 Fabric.
2327 5615 2380 5686 L7
2401 5631 2473 5680 c.,
2502 5633 2557 5686 p.
2597 5617 2715 5670 188.

2079 5684 2392 5822 ρυξὲὲῶοὖ
2450 5684 2519 5740 κῖ
2566 5705 2615 5739 τ.
2685 5685 2734 5738 λ.
2772 5686 3055 5745 Excidisse
3119 5688 3339 5745 videtur
3400 5691 3676 5761 particula
