  <div class='ocr_page' id='page_1' title='image "/cluster/home/n/w/nwhite01/storage/ocr_20150623/83/hvd.32044073502072/094.png"; bbox 0 0 4006 6202; ppageno 0'>
   <div class='ocr_carea' id='block_1_1' title="bbox 286 341 397 407">
    <p class='ocr_par' dir='ltr' id='par_1_1' title="bbox 286 341 397 407">
     <span class='ocr_line' id='line_1_1' title="bbox 286 341 397 407; baseline 0.009 -1"><span class='ocrx_word' id='word_1_1' title='bbox 286 341 397 407; x_wconf 75' lang='grc'><strong>177</strong></span> 
     </span>
    </p>
   </div>
   <div class='ocr_carea' id='block_1_2' title="bbox 1330 347 2510 414">
    <p class='ocr_par' dir='ltr' id='par_1_2' title="bbox 1330 347 2510 414">
     <span class='ocr_line' id='line_1_2' title="bbox 1330 347 2510 414; baseline 0.006 -7"><span class='ocrx_word' id='word_1_2' title='bbox 1330 347 1745 409; x_wconf 76' lang='lat' dir='ltr'><strong>‘DIALOGUS</strong></span> <span class='ocrx_word' id='word_1_3' title='bbox 1783 349 1864 408; x_wconf 90' lang='lat' dir='ltr'><strong>II.</strong></span> <span class='ocrx_word' id='word_1_4' title='bbox 1905 373 1975 383; x_wconf 90' lang='grc'><strong><em>-</em></strong></span> <span class='ocrx_word' id='word_1_5' title='bbox 2013 349 2510 414; x_wconf 79' lang='lat' dir='ltr'><strong>INCONFUSUS.</strong></span> 
     </span>
    </p>
   </div>
   <div class='ocr_carea' id='block_1_3' title="bbox 3439 352 3585 425">
    <p class='ocr_par' dir='ltr' id='par_1_3' title="bbox 3439 352 3585 425">
     <span class='ocr_line' id='line_1_3' title="bbox 3439 352 3585 425; baseline -0.041 0"><span class='ocrx_word' id='word_1_6' title='bbox 3439 418 3446 425; x_wconf 88' lang='lat'><strong>.</strong></span> <span class='ocrx_word' id='word_1_7' title='bbox 3462 352 3585 419; x_wconf 16' lang='lat'><strong>173&#39;.</strong></span> 
     </span>
    </p>
   </div>
   <div class='ocr_carea' id='block_1_4' title="bbox 286 446 1883 533">
    <p class='ocr_par' dir='ltr' id='par_1_4' title="bbox 286 446 1883 527">
     <span class='ocr_line' id='line_1_4' title="bbox 286 446 1883 527; baseline 0.003 -19"><span class='ocrx_word' id='word_1_8' title='bbox 286 453 587 524; x_wconf 83' lang='grc' dir='ltr'>θρωπίνοις</span> <span class='ocrx_word' id='word_1_9' title='bbox 618 446 791 515; x_wconf 73' lang='grc' dir='ltr'>εἶναι,</span> <span class='ocrx_word' id='word_1_10' title='bbox 834 453 1171 527; x_wconf 77' lang='grc' dir='ltr'>σαφέστερον</span> <span class='ocrx_word' id='word_1_11' title='bbox 1219 457 1367 527; x_wconf 78' lang='grc' dir='ltr'>ἡμᾶς</span> <span class='ocrx_word' id='word_1_12' title='bbox 1405 457 1647 511; x_wconf 73' lang='grc' dir='ltr'><strong>διδάσκει</strong></span> <span class='ocrx_word' id='word_1_13' title='bbox 1694 458 1883 512; x_wconf 82' lang='grc' dir='ltr'>Φιλιπ-</span> 
     </span>
    </p>
   </div>
   <div class='ocr_carea' id='block_1_5' title="bbox 1986 446 3569 533">
    <p class='ocr_par' dir='ltr' id='par_1_5' title="bbox 1986 460 3569 533">
     <span class='ocr_line' id='line_1_5' title="bbox 1986 460 3569 533; baseline 0.002 -20"><span class='ocrx_word' id='word_1_14' title='bbox 1986 460 2077 530; x_wconf 87' lang='lat' dir='ltr'><strong>qui</strong></span> <span class='ocrx_word' id='word_1_15' title='bbox 2114 462 2526 533; x_wconf 79' lang='lat' dir='ltr'><strong>transﬂgurabit</strong></span> <span class='ocrx_word' id='word_1_16' title='bbox 2562 478 2767 533; x_wconf 87' lang='lat' dir='ltr'><strong>corpus</strong></span> <span class='ocrx_word' id='word_1_17' title='bbox 2795 461 3126 518; x_wconf 73' lang='lat' dir='ltr'><strong>humilitatis</strong></span> <span class='ocrx_word' id='word_1_18' title='bbox 3154 472 3374 526; x_wconf 55' lang='lat' dir='ltr'><strong>nostrae,</strong></span> <span class='ocrx_word' id='word_1_19' title='bbox 3402 471 3465 516; x_wconf 87' lang='lat' dir='ltr'><strong>ut</strong></span> <span class='ocrx_word' id='word_1_20' title='bbox 3495 463 3569 517; x_wconf 87' lang='lat' dir='ltr'><strong>sit</strong></span> 
     </span>
    </p>
   </div>
   <div class='ocr_carea' id='block_1_6' title="bbox 292 544 1882 621">
    <p class='ocr_par' dir='ltr' id='par_1_6' title="bbox 292 544 1882 621">
     <span class='ocr_line' id='line_1_6' title="bbox 292 544 1882 621; baseline 0.002 -23"><span class='ocrx_word' id='word_1_21' title='bbox 292 546 512 617; x_wconf 83' lang='grc' dir='ltr'>πησίοις</span> <span class='ocrx_word' id='word_1_22' title='bbox 551 544 903 598; x_wconf 70' lang='grc' dir='ltr'><strong>ἐπιστέλλων·</strong></span> <span class='ocrx_word' id='word_1_23' title='bbox 945 564 965 596; x_wconf 72' lang='grc' dir='ltr'><strong>ι</strong></span> <span class='ocrx_word' id='word_1_24' title='bbox 1014 546 1204 617; x_wconf 80' lang='grc' dir='ltr'><strong>Ἥμῶν</strong></span> <span class='ocrx_word' id='word_1_25' title='bbox 1232 548 1294 602; x_wconf 76' lang='grc' dir='ltr'>τὸ</span> <span class='ocrx_word' id='word_1_26' title='bbox 1339 548 1663 620; x_wconf 85' lang='grc' dir='ltr'>πολίτευμα,</span> <span class='ocrx_word' id='word_1_27' title='bbox 1696 551 1882 621; x_wconf 77' lang='grc' dir='ltr'>φησὶν,</span> 
     </span>
    </p>
   </div>
   <div class='ocr_carea' id='block_1_7' title="bbox 291 632 1887 715">
    <p class='ocr_par' dir='ltr' id='par_1_7' title="bbox 291 632 1887 715">
     <span class='ocr_line' id='line_1_7' title="bbox 291 632 1887 715; baseline 0.004 -25"><span class='ocrx_word' id='word_1_28' title='bbox 291 640 352 690; x_wconf 84' lang='grc' dir='ltr'>ἐν</span> <span class='ocrx_word' id='word_1_29' title='bbox 382 638 635 709; x_wconf 74' lang='grc' dir='ltr'>οὐρανοῖς</span> <span class='ocrx_word' id='word_1_30' title='bbox 683 636 948 707; x_wconf 81' lang='grc' dir='ltr'>ὑπάρχει,</span> <span class='ocrx_word' id='word_1_31' title='bbox 985 636 1046 703; x_wconf 75' lang='grc' dir='ltr'>ἐξ</span> <span class='ocrx_word' id='word_1_32' title='bbox 1075 632 1151 692; x_wconf 82' lang='grc' dir='ltr'><strong>ὧν</strong></span> <span class='ocrx_word' id='word_1_33' title='bbox 1181 641 1278 695; x_wconf 71' lang='grc' dir='ltr'><strong>καὶ</strong></span> <span class='ocrx_word' id='word_1_34' title='bbox 1310 642 1541 713; x_wconf 77' lang='grc' dir='ltr'><strong>Σωτῆρα</strong></span> <span class='ocrx_word' id='word_1_35' title='bbox 1586 643 1887 715; x_wconf 77' lang='grc' dir='ltr'>ἀπεκδεχό-</span> 
     </span>
    </p>
   </div>
   <div class='ocr_carea' id='block_1_8' title="bbox 291 726 1887 804">
    <p class='ocr_par' dir='ltr' id='par_1_8' title="bbox 291 726 1887 804">
     <span class='ocr_line' id='line_1_8' title="bbox 291 726 1887 804; baseline 0.005 -25"><span class='ocrx_word' id='word_1_36' title='bbox 291 726 434 798; x_wconf 85' lang='grc' dir='ltr'>μεθα</span> <span class='ocrx_word' id='word_1_37' title='bbox 465 726 672 799; x_wconf 80' lang='grc' dir='ltr'><strong>Κύριον</strong></span> <span class='ocrx_word' id='word_1_38' title='bbox 710 728 921 798; x_wconf 79' lang='grc' dir='ltr'><strong>Ἰησοῦν</strong></span> <span class='ocrx_word' id='word_1_39' title='bbox 950 730 1205 801; x_wconf 82' lang='grc' dir='ltr'>Χριστὸν.</span> <span class='ocrx_word' id='word_1_40' title='bbox 1241 731 1300 794; x_wconf 86' lang='grc' dir='ltr'>ὃς</span> <span class='ocrx_word' id='word_1_41' title='bbox 1330 734 1800 804; x_wconf 77' lang='grc' dir='ltr'><strong>μετασχηματίσει</strong></span> <span class='ocrx_word' id='word_1_42' title='bbox 1827 734 1887 788; x_wconf 70' lang='grc' dir='ltr'><strong>τὸ</strong></span> 
     </span>
    </p>
   </div>
   <div class='ocr_carea' id='block_1_9' title="bbox 290 808 1887 892">
    <p class='ocr_par' dir='ltr' id='par_1_9' title="bbox 290 808 1887 892">
     <span class='ocr_line' id='line_1_9' title="bbox 290 808 1887 892; baseline 0.006 -24"><span class='ocrx_word' id='word_1_43' title='bbox 290 818 453 885; x_wconf 80' lang='grc' dir='ltr'>σῶμα</span> <span class='ocrx_word' id='word_1_44' title='bbox 481 818 583 887; x_wconf 81' lang='grc' dir='ltr'>τῆς</span> <span class='ocrx_word' id='word_1_45' title='bbox 634 819 1020 883; x_wconf 77' lang='grc' dir='ltr'><strong>ταπεινώσεως</strong></span> <span class='ocrx_word' id='word_1_46' title='bbox 1045 819 1227 890; x_wconf 86' lang='grc' dir='ltr'>ἡμῶν,</span> <span class='ocrx_word' id='word_1_47' title='bbox 1263 823 1343 886; x_wconf 86' lang='grc' dir='ltr'><strong>είς</strong></span> <span class='ocrx_word' id='word_1_48' title='bbox 1370 822 1431 875; x_wconf 79' lang='grc' dir='ltr'>τὸ</span> <span class='ocrx_word' id='word_1_49' title='bbox 1465 808 1719 892; x_wconf 82' lang='grc' dir='ltr'>γενέσθαι</span> <span class='ocrx_word' id='word_1_50' title='bbox 1755 825 1887 878; x_wconf 77' lang='grc' dir='ltr'>αὐτὸ</span> 
     </span>
    </p>
   </div>
   <div class='ocr_carea' id='block_1_10' title="bbox 289 906 1889 981">
    <p class='ocr_par' dir='ltr' id='par_1_10' title="bbox 289 906 1889 981">
     <span class='ocr_line' id='line_1_10' title="bbox 289 906 1889 981; baseline 0.005 -21"><span class='ocrx_word' id='word_1_51' title='bbox 289 906 623 979; x_wconf 71' lang='grc' dir='ltr'>σύμμορςρον</span> <span class='ocrx_word' id='word_1_52' title='bbox 666 908 744 979; x_wconf 84' lang='grc' dir='ltr'>τῷ</span> <span class='ocrx_word' id='word_1_53' title='bbox 781 908 996 980; x_wconf 87' lang='grc' dir='ltr'>σώματι</span> <span class='ocrx_word' id='word_1_54' title='bbox 1023 912 1123 981; x_wconf 83' lang='grc' dir='ltr'><strong>τῆς</strong></span> <span class='ocrx_word' id='word_1_55' title='bbox 1158 911 1315 981; x_wconf 80' lang='grc' dir='ltr'><strong>δόξης</strong></span> <span class='ocrx_word' id='word_1_56' title='bbox 1350 913 1537 967; x_wconf 67' lang='grc' dir='ltr'>αὑτοῦ.</span> <span class='ocrx_word' id='word_1_57' title='bbox 1579 933 1597 966; x_wconf 80' lang='grc' dir='ltr'><strong>ι</strong></span> <span class='ocrx_word' id='word_1_58' title='bbox 1640 915 1699 968; x_wconf 87' lang='grc' dir='ltr'>Εἰ</span> <span class='ocrx_word' id='word_1_59' title='bbox 1729 914 1785 968; x_wconf 81' lang='grc' dir='ltr'>δὲ</span> <span class='ocrx_word' id='word_1_60' title='bbox 1827 915 1889 969; x_wconf 77' lang='grc' dir='ltr'>τὸ</span> 
     </span>
    </p>
   </div>
   <div class='ocr_carea' id='block_1_11' title="bbox 286 1001 1882 1077">
    <p class='ocr_par' dir='ltr' id='par_1_11' title="bbox 286 1001 1882 1077">
     <span class='ocr_line' id='line_1_11' title="bbox 286 1001 1882 1077; baseline 0.004 -25"><span class='ocrx_word' id='word_1_61' title='bbox 286 1001 551 1054; x_wconf 75' lang='grc' dir='ltr'>ταπεινὸν</span> <span class='ocrx_word' id='word_1_62' title='bbox 605 1003 1101 1074; x_wconf 71' lang='grc' dir='ltr'><strong>μετασχηματίζων</strong></span> <span class='ocrx_word' id='word_1_63' title='bbox 1160 1003 1268 1057; x_wconf 81' lang='grc' dir='ltr'>τῶν</span> <span class='ocrx_word' id='word_1_64' title='bbox 1333 1005 1638 1076; x_wconf 84' lang='grc' dir='ltr'>ἀνθρώπων</span> <span class='ocrx_word' id='word_1_65' title='bbox 1690 1004 1882 1077; x_wconf 84' lang='grc' dir='ltr'>σῶμα,</span> 
     </span>
    </p>
   </div>
   <div class='ocr_carea' id='block_1_12' title="bbox 291 1090 1887 1164">
    <p class='ocr_par' dir='ltr' id='par_1_12' title="bbox 291 1090 1887 1164">
     <span class='ocr_line' id='line_1_12' title="bbox 291 1090 1887 1164; baseline 0.003 -20"><span class='ocrx_word' id='word_1_66' title='bbox 291 1090 625 1162; x_wconf 73' lang='grc' dir='ltr'><strong>σύμμορφον</strong></span> <span class='ocrx_word' id='word_1_67' title='bbox 662 1091 741 1162; x_wconf 82' lang='grc' dir='ltr'><strong>τῷ</strong></span> <span class='ocrx_word' id='word_1_68' title='bbox 795 1092 910 1163; x_wconf 77' lang='grc' dir='ltr'>ἰδίῳ</span> <span class='ocrx_word' id='word_1_69' title='bbox 966 1092 1180 1164; x_wconf 80' lang='grc' dir='ltr'>σώματι</span> <span class='ocrx_word' id='word_1_70' title='bbox 1227 1095 1666 1161; x_wconf 79' lang='grc' dir='ltr'><strong>κατασκευάζει,</strong></span> <span class='ocrx_word' id='word_1_71' title='bbox 1719 1096 1887 1159; x_wconf 70' lang='grc' dir='ltr'>ἕωλος</span> 
     </span>
    </p>
   </div>
   <div class='ocr_carea' id='block_1_13' title="bbox 288 1183 1888 1257">
    <p class='ocr_par' dir='ltr' id='par_1_13' title="bbox 288 1183 1888 1257">
     <span class='ocr_line' id='line_1_13' title="bbox 288 1183 1888 1257; baseline 0.003 -21"><span class='ocrx_word' id='word_1_72' title='bbox 288 1183 638 1254; x_wconf 70' lang='grc' dir='ltr'><strong>πανταχόθεν</strong></span> <span class='ocrx_word' id='word_1_73' title='bbox 683 1184 1065 1237; x_wconf 77' lang='grc' dir='ltr'>ἀποδέδεικται</span> <span class='ocrx_word' id='word_1_74' title='bbox 1099 1187 1133 1256; x_wconf 77' lang='grc' dir='ltr'><strong>η</strong></span> <span class='ocrx_word' id='word_1_75' title='bbox 1167 1185 1275 1241; x_wconf 83' lang='grc' dir='ltr'><strong>τῶν</strong></span> <span class='ocrx_word' id='word_1_76' title='bbox 1314 1186 1575 1241; x_wconf 76' lang='grc' dir='ltr'>ἐναντίων</span> <span class='ocrx_word' id='word_1_77' title='bbox 1624 1204 1888 1257; x_wconf 83' lang='grc' dir='ltr'>συκοφαν-</span> 
     </span>
    </p>
   </div>
   <div class='ocr_carea' id='block_1_14' title="bbox 289 1263 1888 1350">
    <p class='ocr_par' dir='ltr' id='par_1_14' title="bbox 289 1263 1888 1350">
     <span class='ocr_line' id='line_1_14' title="bbox 289 1263 1888 1350; baseline 0.004 -23"><span class='ocrx_word' id='word_1_78' title='bbox 289 1275 404 1329; x_wconf 83' lang='grc' dir='ltr'>τία.</span> <span class='ocrx_word' id='word_1_79' title='bbox 436 1304 511 1315; x_wconf 87' lang='lat'><strong>—-</strong></span> <span class='ocrx_word' id='word_1_80' title='bbox 564 1276 673 1331; x_wconf 85' lang='grc' dir='ltr'><strong>Τοῦ</strong></span> <span class='ocrx_word' id='word_1_81' title='bbox 714 1277 934 1341; x_wconf 80' lang='grc' dir='ltr'>αὐτοῦ,</span> <span class='ocrx_word' id='word_1_82' title='bbox 990 1278 1060 1334; x_wconf 80' lang='grc' dir='ltr'>ἐκ</span> <span class='ocrx_word' id='word_1_83' title='bbox 1103 1278 1209 1333; x_wconf 84' lang='grc' dir='ltr'>τοῦ</span> <span class='ocrx_word' id='word_1_84' title='bbox 1255 1281 1443 1335; x_wconf 82' lang='grc' dir='ltr'>αὐτοῦ</span> <span class='ocrx_word' id='word_1_85' title='bbox 1481 1281 1688 1350; x_wconf 70' lang='grc' dir='ltr'>λόγου.</span> <span class='ocrx_word' id='word_1_86' title='bbox 1744 1263 1888 1334; x_wconf 78' lang='grc' dir='ltr'>Ἀλλ’</span> 
     </span>
    </p>
   </div>
   <div class='ocr_carea' id='block_1_15' title="bbox 288 1363 1885 1444">
    <p class='ocr_par' dir='ltr' id='par_1_15' title="bbox 288 1363 1885 1444">
     <span class='ocr_line' id='line_1_15' title="bbox 288 1363 1885 1444; baseline 0.004 -26"><span class='ocrx_word' id='word_1_87' title='bbox 288 1363 482 1438; x_wconf 83' lang='grc' dir='ltr'>ὥσπερ</span> <span class='ocrx_word' id='word_1_88' title='bbox 519 1368 584 1420; x_wconf 84' lang='grc' dir='ltr'>ὲκ</span> <span class='ocrx_word' id='word_1_89' title='bbox 614 1367 715 1436; x_wconf 80' lang='grc' dir='ltr'>τῆς</span> <span class='ocrx_word' id='word_1_90' title='bbox 744 1367 1021 1439; x_wconf 82' lang='grc' dir='ltr'>Παρθένου</span> <span class='ocrx_word' id='word_1_91' title='bbox 1053 1369 1267 1440; x_wconf 80' lang='grc' dir='ltr'><strong>τεχθεὶς</strong></span> <span class='ocrx_word' id='word_1_92' title='bbox 1294 1372 1323 1424; x_wconf 91' lang='lat'><strong>6</strong></span> <span class='ocrx_word' id='word_1_93' title='bbox 1353 1370 1642 1444; x_wconf 79' lang='grc' dir='ltr'>ἄνθρωπος</span> <span class='ocrx_word' id='word_1_94' title='bbox 1687 1373 1753 1427; x_wconf 81' lang='grc' dir='ltr'>ἐκ</span> <span class='ocrx_word' id='word_1_95' title='bbox 1783 1389 1885 1442; x_wconf 89' lang='grc' dir='ltr'>γυ-</span> 
     </span>
    </p>
   </div>
   <div class='ocr_carea' id='block_1_16' title="bbox 291 1455 1886 1534">
    <p class='ocr_par' dir='ltr' id='par_1_16' title="bbox 291 1455 1886 1534">
     <span class='ocr_line' id='line_1_16' title="bbox 291 1455 1886 1534; baseline 0.006 -27"><span class='ocrx_word' id='word_1_96' title='bbox 291 1455 479 1519; x_wconf 81' lang='grc' dir='ltr'>ναικὸς</span> <span class='ocrx_word' id='word_1_97' title='bbox 524 1456 743 1525; x_wconf 84' lang='grc' dir='ltr'>λέγεται</span> <span class='ocrx_word' id='word_1_98' title='bbox 787 1458 1107 1527; x_wconf 83' lang='grc' dir='ltr'>γεγονέναι,</span> <span class='ocrx_word' id='word_1_99' title='bbox 1138 1459 1281 1515; x_wconf 82' lang='grc' dir='ltr'>οὕτω</span> <span class='ocrx_word' id='word_1_100' title='bbox 1325 1461 1391 1534; x_wconf 85' lang='grc' dir='ltr'>δὴ</span> <span class='ocrx_word' id='word_1_101' title='bbox 1440 1463 1535 1516; x_wconf 71' lang='grc' dir='ltr'><strong>καὶ</strong></span> <span class='ocrx_word' id='word_1_102' title='bbox 1577 1463 1682 1517; x_wconf 82' lang='grc' dir='ltr'><strong>ὑπὸ</strong></span> <span class='ocrx_word' id='word_1_103' title='bbox 1722 1463 1886 1533; x_wconf 89' lang='grc' dir='ltr'>νόμον</span> 
     </span>
    </p>
   </div>
   <div class='ocr_carea' id='block_1_17' title="bbox 290 1552 1883 1628">
    <p class='ocr_par' dir='ltr' id='par_1_17' title="bbox 290 1552 1883 1628">
     <span class='ocr_line' id='line_1_17' title="bbox 290 1552 1883 1628; baseline 0.004 -24"><span class='ocrx_word' id='word_1_104' title='bbox 290 1552 624 1622; x_wconf 78' lang='grc' dir='ltr'>γεγενῆσθαι</span> <span class='ocrx_word' id='word_1_105' title='bbox 666 1554 939 1624; x_wconf 77' lang='grc' dir='ltr'><strong>γράφεται</strong></span> <span class='ocrx_word' id='word_1_106' title='bbox 981 1554 1061 1627; x_wconf 82' lang='grc' dir='ltr'>τῷ</span> <span class='ocrx_word' id='word_1_107' title='bbox 1098 1555 1186 1610; x_wconf 86' lang='grc' dir='ltr'>διὰ</span> <span class='ocrx_word' id='word_1_108' title='bbox 1223 1557 1331 1611; x_wconf 79' lang='grc' dir='ltr'><strong>τῶν</strong></span> <span class='ocrx_word' id='word_1_109' title='bbox 1367 1557 1609 1628; x_wconf 83' lang='grc' dir='ltr'>νομικῶν</span> <span class='ocrx_word' id='word_1_110' title='bbox 1651 1556 1763 1610; x_wconf 78' lang='grc' dir='ltr'>ἐσθ’</span> <span class='ocrx_word' id='word_1_111' title='bbox 1795 1558 1883 1612; x_wconf 83' lang='grc' dir='ltr'>ὅτε</span> 
     </span>
    </p>
   </div>
   <div class='ocr_carea' id='block_1_18' title="bbox 292 1642 1885 1720">
    <p class='ocr_par' dir='ltr' id='par_1_18' title="bbox 292 1642 1885 1720">
     <span class='ocr_line' id='line_1_18' title="bbox 292 1642 1885 1720; baseline 0.006 -26"><span class='ocrx_word' id='word_1_112' title='bbox 292 1642 513 1713; x_wconf 73' lang='grc' dir='ltr'>βαδίσαι</span> <span class='ocrx_word' id='word_1_113' title='bbox 533 1646 889 1716; x_wconf 78' lang='grc' dir='ltr'>μηνυμάτων.</span> <span class='ocrx_word' id='word_1_114' title='bbox 928 1646 1124 1701; x_wconf 80' lang='grc' dir='ltr'>Ὁπότε</span> <span class='ocrx_word' id='word_1_115' title='bbox 1151 1647 1387 1720; x_wconf 86' lang='grc' dir='ltr'>μάλιστα</span> <span class='ocrx_word' id='word_1_116' title='bbox 1408 1649 1573 1703; x_wconf 87' lang='grc' dir='ltr'>παῖδα</span> <span class='ocrx_word' id='word_1_117' title='bbox 1599 1650 1697 1720; x_wconf 80' lang='grc' dir='ltr'><strong>μὲν</strong></span> <span class='ocrx_word' id='word_1_118' title='bbox 1721 1650 1885 1705; x_wconf 71' lang='grc' dir='ltr'>αὑτὸν</span> 
     </span>
    </p>
   </div>
   <div class='ocr_carea' id='block_1_19' title="bbox 288 1733 1884 1813">
    <p class='ocr_par' dir='ltr' id='par_1_19' title="bbox 288 1733 1884 1813">
     <span class='ocr_line' id='line_1_19' title="bbox 288 1733 1884 1813; baseline 0.006 -27"><span class='ocrx_word' id='word_1_119' title='bbox 288 1733 420 1787; x_wconf 77' lang='grc' dir='ltr'>ὄντα</span> <span class='ocrx_word' id='word_1_120' title='bbox 466 1736 817 1807; x_wconf 79' lang='grc' dir='ltr'>ὁκταήμερον</span> <span class='ocrx_word' id='word_1_121' title='bbox 861 1737 1161 1810; x_wconf 78' lang='grc' dir='ltr'>προθύμως</span> <span class='ocrx_word' id='word_1_122' title='bbox 1208 1739 1259 1794; x_wconf 77' lang='lat' dir='ltr'><strong>oi</strong></span> <span class='ocrx_word' id='word_1_123' title='bbox 1302 1742 1483 1809; x_wconf 81' lang='grc' dir='ltr'>γονεῖς</span> <span class='ocrx_word' id='word_1_124' title='bbox 1530 1741 1884 1813; x_wconf 80' lang='grc' dir='ltr'>περιτέμνειν</span> 
     </span>
    </p>
   </div>
   <div class='ocr_carea' id='block_1_20' title="bbox 1989 550 3569 626">
    <p class='ocr_par' dir='ltr' id='par_1_20' title="bbox 1989 550 3569 626">
     <span class='ocr_line' id='line_1_20' title="bbox 1989 550 3569 626; baseline 0.002 -22"><span class='ocrx_word' id='word_1_125' title='bbox 1989 551 2165 622; x_wconf 88' lang='lat' dir='ltr'><strong>ipsum</strong></span> <span class='ocrx_word' id='word_1_126' title='bbox 2208 553 2490 609; x_wconf 81' lang='lat' dir='ltr'><strong>conforme</strong></span> <span class='ocrx_word' id='word_1_127' title='bbox 2535 556 2752 625; x_wconf 87' lang='lat' dir='ltr'><strong>corpori</strong></span> <span class='ocrx_word' id='word_1_128' title='bbox 2792 550 3494 626; x_wconf 66' lang='lat' dir='ltr'><strong>gloriaaipsius“.i&#39;Quod</strong></span> <span class='ocrx_word' id='word_1_129' title='bbox 3520 553 3569 607; x_wconf 91' lang='lat' dir='ltr'><strong>si</strong></span> 
     </span>
    </p>
   </div>
   <div class='ocr_carea' id='block_1_21' title="bbox 1987 642 3568 717">
    <p class='ocr_par' dir='ltr' id='par_1_21' title="bbox 1987 642 3568 717">
     <span class='ocr_line' id='line_1_21' title="bbox 1987 642 3568 717; baseline 0.001 -20"><span class='ocrx_word' id='word_1_130' title='bbox 1987 643 2197 699; x_wconf 84' lang='lat' dir='ltr'><strong>humile</strong></span> <span class='ocrx_word' id='word_1_131' title='bbox 2253 661 2455 716; x_wconf 89' lang='lat' dir='ltr'><strong>corpus</strong></span> <span class='ocrx_word' id='word_1_132' title='bbox 2502 646 2787 702; x_wconf 85' lang='lat' dir='ltr'><strong>hominum</strong></span> <span class='ocrx_word' id='word_1_133' title='bbox 2842 646 3236 717; x_wconf 79' lang='lat' dir='ltr'><strong>transﬁgurans</strong></span> <span class='ocrx_word' id='word_1_134' title='bbox 3285 642 3568 699; x_wconf 81' lang='lat' dir='ltr'><strong>conformo</strong></span> 
     </span>
    </p>
   </div>
   <div class='ocr_carea' id='block_1_22' title="bbox 1988 737 3567 811">
    <p class='ocr_par' dir='ltr' id='par_1_22' title="bbox 1988 737 3567 811">
     <span class='ocr_line' id='line_1_22' title="bbox 1988 737 3567 811; baseline 0.001 -20"><span class='ocrx_word' id='word_1_135' title='bbox 1988 738 2212 808; x_wconf 89' lang='lat' dir='ltr'><strong>proprio</strong></span> <span class='ocrx_word' id='word_1_136' title='bbox 2257 739 2475 809; x_wconf 84' lang='lat' dir='ltr'><strong>corpori</strong></span> <span class='ocrx_word' id='word_1_137' title='bbox 2521 739 2707 805; x_wconf 71' lang='lat' dir='ltr'><strong>edicit,</strong></span> <span class='ocrx_word' id='word_1_138' title='bbox 2744 756 2884 795; x_wconf 87' lang='lat' dir='ltr'><strong>vana</strong></span> <span class='ocrx_word' id='word_1_139' title='bbox 2926 755 3152 811; x_wconf 87' lang='lat' dir='ltr'><strong>prorsus</strong></span> <span class='ocrx_word' id='word_1_140' title='bbox 3193 737 3567 793; x_wconf 80' lang='lat' dir='ltr'><strong>demonstrata</strong></span> 
     </span>
    </p>
   </div>
   <div class='ocr_carea' id='block_1_23' title="bbox 1987 830 3570 903">
    <p class='ocr_par' dir='ltr' id='par_1_23' title="bbox 1987 830 3570 903">
     <span class='ocr_line' id='line_1_23' title="bbox 1987 830 3570 903; baseline -0.002 -19"><span class='ocrx_word' id='word_1_141' title='bbox 1987 840 2072 885; x_wconf 90' lang='lat' dir='ltr'><strong>est</strong></span> <span class='ocrx_word' id='word_1_142' title='bbox 2099 832 2538 887; x_wconf 83' lang='lat' dir='ltr'><strong>adversariorum</strong></span> <span class='ocrx_word' id='word_1_143' title='bbox 2573 834 2868 888; x_wconf 87' lang='lat' dir='ltr'><strong>calumnia.</strong></span> <span class='ocrx_word' id='word_1_144' title='bbox 2896 863 2967 873; x_wconf 90' lang='lat'><strong>-—</strong></span> <span class='ocrx_word' id='word_1_145' title='bbox 2987 832 3265 903; x_wconf 79' lang='lat' dir='ltr'><strong>Ejusdem,</strong></span> <span class='ocrx_word' id='word_1_146' title='bbox 3300 847 3363 885; x_wconf 78' lang='lat' dir='ltr'><strong>ea:</strong></span> <span class='ocrx_word' id='word_1_147' title='bbox 3384 830 3570 883; x_wconf 81' lang='lat' dir='ltr'><strong>eadem</strong></span> 
     </span>
    </p>
   </div>
   <div class='ocr_carea' id='block_1_24' title="bbox 1989 923 3568 995">
    <p class='ocr_par' dir='ltr' id='par_1_24' title="bbox 1989 923 3568 995">
     <span class='ocr_line' id='line_1_24' title="bbox 1989 923 3568 995; baseline 0.001 -20"><span class='ocrx_word' id='word_1_148' title='bbox 1989 924 2246 977; x_wconf 85' lang='lat' dir='ltr'><strong>oratione.</strong></span> <span class='ocrx_word' id='word_1_149' title='bbox 2271 923 2378 978; x_wconf 85' lang='lat' dir='ltr'><strong>Sed</strong></span> <span class='ocrx_word' id='word_1_150' title='bbox 2394 926 2857 994; x_wconf 86' lang='lat' dir='ltr'><strong>quemadmodum</strong></span> <span class='ocrx_word' id='word_1_151' title='bbox 2888 943 2953 980; x_wconf 79' lang='lat' dir='ltr'><strong>ex</strong></span> <span class='ocrx_word' id='word_1_152' title='bbox 2974 925 3197 995; x_wconf 75' lang='lat' dir='ltr'><strong>Virgine</strong></span> <span class='ocrx_word' id='word_1_153' title='bbox 3210 934 3372 981; x_wconf 86' lang='lat' dir='ltr'><strong>natus</strong></span> <span class='ocrx_word' id='word_1_154' title='bbox 3404 923 3568 977; x_wconf 88' lang='lat' dir='ltr'><strong>homo</strong></span> 
     </span>
    </p>
   </div>
   <div class='ocr_carea' id='block_1_25' title="bbox 1988 1014 3569 1084">
    <p class='ocr_par' dir='ltr' id='par_1_25' title="bbox 1988 1014 3569 1084">
     <span class='ocr_line' id='line_1_25' title="bbox 1988 1014 3569 1084; baseline 0.002 -17"><span class='ocrx_word' id='word_1_155' title='bbox 1988 1028 2055 1067; x_wconf 83' lang='lat' dir='ltr'><strong>ex</strong></span> <span class='ocrx_word' id='word_1_156' title='bbox 2084 1014 2322 1069; x_wconf 89' lang='lat' dir='ltr'><strong>muliere</strong></span> <span class='ocrx_word' id='word_1_157' title='bbox 2339 1014 2538 1072; x_wconf 87' lang='lat' dir='ltr'><strong>dicitur</strong></span> <span class='ocrx_word' id='word_1_158' title='bbox 2553 1017 2859 1074; x_wconf 80' lang='lat' dir='ltr'><strong>factusesse</strong></span> <span class='ocrx_word' id='word_1_159' title='bbox 2873 1037 2885 1073; x_wconf 88' lang='lat'><strong>:</strong></span> <span class='ocrx_word' id='word_1_160' title='bbox 2900 1018 3045 1074; x_wconf 65' lang='lat' dir='ltr'><strong>“ita</strong></span> <span class='ocrx_word' id='word_1_161' title='bbox 3059 1024 3114 1071; x_wconf 89' lang='lat' dir='ltr'><strong>et</strong></span> <span class='ocrx_word' id='word_1_162' title='bbox 3134 1017 3237 1070; x_wconf 87' lang='lat' dir='ltr'><strong>sub</strong></span> <span class='ocrx_word' id='word_1_163' title='bbox 3258 1016 3376 1084; x_wconf 89' lang='lat' dir='ltr'><strong>lege</strong></span> <span class='ocrx_word' id='word_1_164' title='bbox 3394 1014 3569 1070; x_wconf 77' lang='lat' dir='ltr'><strong>factus</strong></span> 
     </span>
    </p>
   </div>
   <div class='ocr_carea' id='block_1_26' title="bbox 1989 1104 3569 1176">
    <p class='ocr_par' dir='ltr' id='par_1_26' title="bbox 1989 1104 3569 1176">
     <span class='ocr_line' id='line_1_26' title="bbox 1989 1104 3569 1176; baseline 0.001 -17"><span class='ocrx_word' id='word_1_165' title='bbox 1989 1104 2345 1169; x_wconf 89' lang='lat' dir='ltr'><strong>essedicitur,</strong></span> <span class='ocrx_word' id='word_1_166' title='bbox 2363 1105 2490 1174; x_wconf 92' lang='lat' dir='ltr'><strong>quia</strong></span> <span class='ocrx_word' id='word_1_167' title='bbox 2517 1119 2615 1175; x_wconf 89' lang='lat' dir='ltr'><strong>per</strong></span> <span class='ocrx_word' id='word_1_168' title='bbox 2634 1106 3167 1176; x_wconf 86' lang='lat' dir='ltr'><strong>legaliaquandoque</strong></span> <span class='ocrx_word' id='word_1_169' title='bbox 3189 1115 3459 1175; x_wconf 65' lang='lat' dir='ltr'><strong>praecepta</strong></span> <span class='ocrx_word' id='word_1_170' title='bbox 3485 1104 3569 1160; x_wconf 83' lang='lat' dir='ltr'><strong>in-</strong></span> 
     </span>
    </p>
   </div>
   <div class='ocr_carea' id='block_1_27' title="bbox 1990 1197 3571 1268">
    <p class='ocr_par' dir='ltr' id='par_1_27' title="bbox 1990 1197 3571 1268">
     <span class='ocr_line' id='line_1_27' title="bbox 1990 1197 3571 1268; baseline -0.001 -16"><span class='ocrx_word' id='word_1_171' title='bbox 1990 1198 2251 1262; x_wconf 88' lang='lat' dir='ltr'><strong>cessit,ut</strong></span> <span class='ocrx_word' id='word_1_172' title='bbox 2272 1213 2398 1252; x_wconf 89' lang='lat' dir='ltr'><strong>cum</strong></span> <span class='ocrx_word' id='word_1_173' title='bbox 2419 1197 2682 1253; x_wconf 83' lang='lat' dir='ltr'><strong>infantem</strong></span> <span class='ocrx_word' id='word_1_174' title='bbox 2709 1198 2888 1268; x_wconf 90' lang='lat' dir='ltr'><strong>ipsum</strong></span> <span class='ocrx_word' id='word_1_175' title='bbox 2905 1207 3031 1252; x_wconf 88' lang='lat' dir='ltr'><strong>octo</strong></span> <span class='ocrx_word' id='word_1_176' title='bbox 3065 1198 3281 1252; x_wconf 89' lang='lat' dir='ltr'><strong>dierum</strong></span> <span class='ocrx_word' id='word_1_177' title='bbox 3309 1205 3571 1268; x_wconf 77' lang='lat' dir='ltr'><strong>parentes</strong></span> 
     </span>
    </p>
   </div>
   <div class='ocr_carea' id='block_1_28' title="bbox 1989 1287 3572 1358">
    <p class='ocr_par' dir='ltr' id='par_1_28' title="bbox 1989 1287 3572 1358">
     <span class='ocr_line' id='line_1_28' title="bbox 1989 1287 3572 1358; baseline -0.001 -15"><span class='ocrx_word' id='word_1_178' title='bbox 1989 1288 2384 1344; x_wconf 86' lang='lat' dir='ltr'><strong>circumcidere</strong></span> <span class='ocrx_word' id='word_1_179' title='bbox 2396 1298 2651 1358; x_wconf 86' lang='lat' dir='ltr'><strong>prompto</strong></span> <span class='ocrx_word' id='word_1_180' title='bbox 2668 1288 2852 1344; x_wconf 85' lang='lat' dir='ltr'><strong>studio</strong></span> <span class='ocrx_word' id='word_1_181' title='bbox 2869 1289 3219 1353; x_wconf 72' lang='lat' dir='ltr'><strong>festinarunt,</strong></span> <span class='ocrx_word' id='word_1_182' title='bbox 3236 1288 3380 1344; x_wconf 90' lang='lat' dir='ltr'><strong>sicut</strong></span> <span class='ocrx_word' id='word_1_183' title='bbox 3394 1287 3572 1342; x_wconf 86' lang='lat' dir='ltr'><strong>Lucas</strong></span> 
     </span>
    </p>
   </div>
   <div class='ocr_carea' id='block_1_29' title="bbox 1987 1379 3571 1452">
    <p class='ocr_par' dir='ltr' id='par_1_29' title="bbox 1987 1379 3571 1452">
     <span class='ocr_line' id='line_1_29' title="bbox 1987 1379 3571 1452; baseline -0.001 -17"><span class='ocrx_word' id='word_1_184' title='bbox 1987 1380 2321 1452; x_wconf 83' lang='lat' dir='ltr'><strong>evangelista</strong></span> <span class='ocrx_word' id='word_1_185' title='bbox 2335 1380 2501 1435; x_wconf 88' lang='lat' dir='ltr'><strong>tradit</strong></span> <span class='ocrx_word' id='word_1_186' title='bbox 2516 1399 2528 1434; x_wconf 92' lang='lat'>:</span> <span class='ocrx_word' id='word_1_187' title='bbox 2543 1400 2560 1431; x_wconf 71' lang='grc' dir='ltr'><strong>ι</strong></span> <span class='ocrx_word' id='word_1_188' title='bbox 2589 1381 2955 1437; x_wconf 84' lang='lat' dir='ltr'><strong>Posteaetiam</strong></span> <span class='ocrx_word' id='word_1_189' title='bbox 2979 1380 3032 1435; x_wconf 91' lang='lat' dir='ltr'><strong>in</strong></span> <span class='ocrx_word' id='word_1_190' title='bbox 3046 1380 3308 1451; x_wconf 87' lang='lat' dir='ltr'><strong>templum</strong></span> <span class='ocrx_word' id='word_1_191' title='bbox 3327 1379 3571 1434; x_wconf 76' lang='lat' dir='ltr'><strong>adduxe-</strong></span> 
     </span>
    </p>
   </div>
   <div class='ocr_carea' id='block_1_30' title="bbox 1988 1470 3581 1542">
    <p class='ocr_par' dir='ltr' id='par_1_30' title="bbox 1988 1470 3581 1542">
     <span class='ocr_line' id='line_1_30' title="bbox 1988 1470 3581 1542; baseline -0.001 -16"><span class='ocrx_word' id='word_1_192' title='bbox 1988 1480 2138 1537; x_wconf 90' lang='lat' dir='ltr'><strong>runt,</strong></span> <span class='ocrx_word' id='word_1_193' title='bbox 2153 1480 2213 1526; x_wconf 88' lang='lat' dir='ltr'><strong>ut</strong></span> <span class='ocrx_word' id='word_1_194' title='bbox 2235 1473 2495 1528; x_wconf 88' lang='lat' dir='ltr'><strong>sisterent</strong></span> <span class='ocrx_word' id='word_1_195' title='bbox 2509 1488 2637 1528; x_wconf 90' lang='lat' dir='ltr'><strong>eum</strong></span> <span class='ocrx_word' id='word_1_196' title='bbox 2666 1472 2900 1528; x_wconf 90' lang='lat' dir='ltr'><strong>Domino</strong></span> <span class='ocrx_word' id='word_1_197' title='bbox 2917 1471 3318 1542; x_wconf 79' lang='lat' dir='ltr'><strong>puriﬁcationis</strong></span> <span class='ocrx_word' id='word_1_198' title='bbox 3338 1470 3581 1526; x_wconf 44' lang='lat' dir='ltr'><strong>oblatio.</strong></span> 
     </span>
    </p>
   </div>
   <div class='ocr_carea' id='block_1_31' title="bbox 1986 1563 3567 1636">
    <p class='ocr_par' dir='ltr' id='par_1_31' title="bbox 1986 1563 3567 1636">
     <span class='ocr_line' id='line_1_31' title="bbox 1986 1563 3567 1636; baseline -0.003 -16"><span class='ocrx_word' id='word_1_199' title='bbox 1986 1580 2112 1620; x_wconf 90' lang='lat' dir='ltr'><strong>nem</strong></span> <span class='ocrx_word' id='word_1_200' title='bbox 2141 1576 2488 1636; x_wconf 86' lang='lat' dir='ltr'><strong>peragentes,</strong></span> <span class='ocrx_word' id='word_1_201' title='bbox 2514 1574 2575 1620; x_wconf 96' lang='lat' dir='ltr'><strong>ut</strong></span> <span class='ocrx_word' id='word_1_202' title='bbox 2602 1565 2840 1621; x_wconf 87' lang='lat' dir='ltr'><strong>hostiam</strong></span> <span class='ocrx_word' id='word_1_203' title='bbox 2870 1565 3086 1627; x_wconf 85' lang='lat' dir='ltr'><strong>darent,</strong></span> <span class='ocrx_word' id='word_1_204' title='bbox 3125 1564 3268 1619; x_wconf 84' lang='lat' dir='ltr'><strong>sicut</strong></span> <span class='ocrx_word' id='word_1_205' title='bbox 3299 1563 3567 1632; x_wconf 86' lang='lat' dir='ltr'><strong>scriptum</strong></span> 
     </span>
    </p>
   </div>
   <div class='ocr_carea' id='block_1_32' title="bbox 1985 1653 3568 1728">
    <p class='ocr_par' dir='ltr' id='par_1_32' title="bbox 1985 1653 3568 1728">
     <span class='ocr_line' id='line_1_32' title="bbox 1985 1653 3568 1728; baseline -0.003 -15"><span class='ocrx_word' id='word_1_206' title='bbox 1985 1665 2069 1713; x_wconf 88' lang='lat' dir='ltr'><strong>est</strong></span> <span class='ocrx_word' id='word_1_207' title='bbox 2103 1655 2157 1710; x_wconf 88' lang='lat' dir='ltr'><strong>in</strong></span> <span class='ocrx_word' id='word_1_208' title='bbox 2183 1657 2302 1728; x_wconf 88' lang='lat' dir='ltr'><strong>lege</strong></span> <span class='ocrx_word' id='word_1_209' title='bbox 2313 1656 2549 1720; x_wconf 90' lang='lat' dir='ltr'><strong>Domini,</strong></span> <span class='ocrx_word' id='word_1_210' title='bbox 2568 1672 2668 1726; x_wconf 90' lang='lat' dir='ltr'><strong>par</strong></span> <span class='ocrx_word' id='word_1_211' title='bbox 2690 1664 2995 1715; x_wconf 81' lang='lat' dir='ltr'><strong>turturum.</strong></span> <span class='ocrx_word' id='word_1_212' title='bbox 3013 1662 3108 1709; x_wconf 91' lang='lat' dir='ltr'><strong>aut</strong></span> <span class='ocrx_word' id='word_1_213' title='bbox 3123 1655 3262 1710; x_wconf 90' lang='lat' dir='ltr'><strong>duos</strong></span> <span class='ocrx_word' id='word_1_214' title='bbox 3280 1653 3462 1723; x_wconf 89' lang='lat' dir='ltr'><strong>pullos</strong></span> <span class='ocrx_word' id='word_1_215' title='bbox 3476 1667 3568 1708; x_wconf 84' lang='lat' dir='ltr'><strong>co-</strong></span> 
     </span>
    </p>
   </div>
   <div class='ocr_carea' id='block_1_33' title="bbox 1987 1740 3580 1815">
    <p class='ocr_par' dir='ltr' id='par_1_33' title="bbox 1987 1740 3580 1815">
     <span class='ocr_line' id='line_1_33' title="bbox 1987 1740 3580 1815; baseline -0.002 -18"><span class='ocrx_word' id='word_1_216' title='bbox 1987 1742 2302 1797; x_wconf 89' lang='lat' dir='ltr'><strong>lumbarum</strong></span> <span class='ocrx_word' id='word_1_217' title='bbox 2314 1742 2382 1798; x_wconf 79' lang='grc'>⁸⁸.</span> <span class='ocrx_word' id='word_1_218' title='bbox 2396 1764 2413 1795; x_wconf 87' lang='grc'><strong>›</strong></span> <span class='ocrx_word' id='word_1_219' title='bbox 2433 1743 2490 1799; x_wconf 90' lang='lat' dir='ltr'><strong>Si</strong></span> <span class='ocrx_word' id='word_1_220' title='bbox 2506 1759 2638 1815; x_wconf 86' lang='lat' dir='ltr'><strong>ergo</strong></span> <span class='ocrx_word' id='word_1_221' title='bbox 2648 1743 2992 1814; x_wconf 83' lang='lat' dir='ltr'><strong>purgationis</strong></span> <span class='ocrx_word' id='word_1_222' title='bbox 3016 1758 3245 1798; x_wconf 90' lang='lat' dir='ltr'><strong>munera</strong></span> <span class='ocrx_word' id='word_1_223' title='bbox 3262 1740 3580 1796; x_wconf 87' lang='lat' dir='ltr'><strong>secundum-</strong></span> 
     </span>
    </p>
   </div>
   <div class='ocr_carea' id='block_1_34' title="bbox 285 1826 1883 1907">
    <p class='ocr_par' dir='ltr' id='par_1_34' title="bbox 285 1826 1880 1902">
     <span class='ocr_line' id='line_1_34' title="bbox 285 1826 1880 1902; baseline 0.005 -23"><span class='ocrx_word' id='word_1_224' title='bbox 285 1826 602 1895; x_wconf 68' lang='grc' dir='ltr'>ἠπείγοντο,</span> <span class='ocrx_word' id='word_1_225' title='bbox 629 1828 882 1898; x_wconf 85' lang='grc' dir='ltr'>καθάπερ</span> <span class='ocrx_word' id='word_1_226' title='bbox 901 1833 930 1884; x_wconf 98' lang='lat'><strong>6</strong></span> <span class='ocrx_word' id='word_1_227' title='bbox 955 1830 1346 1902; x_wconf 79' lang='grc' dir='ltr'>εὐαγγελιστὴς</span> <span class='ocrx_word' id='word_1_228' title='bbox 1368 1832 1616 1887; x_wconf 77' lang='grc' dir='ltr'>ἐκδίδωσι</span> <span class='ocrx_word' id='word_1_229' title='bbox 1643 1834 1880 1899; x_wconf 59' lang='grc' dir='ltr'>Λουκᾶς</span> 
     </span>
    </p>
   </div>
   <div class='ocr_carea' id='block_1_35' title="bbox 1986 1826 3572 1907">
    <p class='ocr_par' dir='ltr' id='par_1_35' title="bbox 1986 1833 3572 1907">
     <span class='ocr_line' id='line_1_35' title="bbox 1986 1833 3572 1907; baseline 0 -20"><span class='ocrx_word' id='word_1_230' title='bbox 1986 1834 2158 1905; x_wconf 85' lang='lat' dir='ltr'><strong>legem</strong></span> <span class='ocrx_word' id='word_1_231' title='bbox 2200 1851 2300 1907; x_wconf 93' lang='lat' dir='ltr'><strong>pro</strong></span> <span class='ocrx_word' id='word_1_232' title='bbox 2330 1836 2450 1905; x_wconf 89' lang='lat' dir='ltr'><strong>ipso</strong></span> <span class='ocrx_word' id='word_1_233' title='bbox 2476 1836 2658 1890; x_wconf 86' lang='lat' dir='ltr'><strong>oblata</strong></span> <span class='ocrx_word' id='word_1_234' title='bbox 2676 1844 2824 1899; x_wconf 89' lang='lat' dir='ltr'><strong>sunt,</strong></span> <span class='ocrx_word' id='word_1_235' title='bbox 2852 1845 2908 1891; x_wconf 88' lang='lat' dir='ltr'><strong>et</strong></span> <span class='ocrx_word' id='word_1_236' title='bbox 2933 1835 3111 1890; x_wconf 81' lang='lat' dir='ltr'><strong>octavi</strong></span> <span class='ocrx_word' id='word_1_237' title='bbox 3136 1834 3246 1889; x_wconf 90' lang='lat' dir='ltr'><strong>diei</strong></span> <span class='ocrx_word' id='word_1_238' title='bbox 3275 1833 3572 1889; x_wconf 59' lang='lat' dir='ltr'><strong>circumci-</strong></span> 
     </span>
    </p>
   </div>
   <div class='ocr_carea' id='block_1_36' title="bbox 290 1919 1884 1997">
    <p class='ocr_par' dir='ltr' id='par_1_36' title="bbox 290 1919 1884 1997">
     <span class='ocr_line' id='line_1_36' title="bbox 290 1919 1884 1997; baseline 0.003 -26"><span class='ocrx_word' id='word_1_239' title='bbox 290 1936 310 1967; x_wconf 76' lang='grc' dir='ltr'><strong>ι</strong></span> <span class='ocrx_word' id='word_1_240' title='bbox 351 1919 452 1982; x_wconf 83' lang='grc' dir='ltr'><strong>Εἰς</strong></span> <span class='ocrx_word' id='word_1_241' title='bbox 478 1919 538 1971; x_wconf 76' lang='grc' dir='ltr'>δὲ</span> <span class='ocrx_word' id='word_1_242' title='bbox 579 1920 640 1974; x_wconf 75' lang='grc' dir='ltr'>τὸ</span> <span class='ocrx_word' id='word_1_243' title='bbox 668 1920 812 1993; x_wconf 84' lang='grc' dir='ltr'>ίερδν</span> <span class='ocrx_word' id='word_1_244' title='bbox 839 1923 1042 1992; x_wconf 79' lang='grc' dir='ltr'>ἀνῆγον</span> <span class='ocrx_word' id='word_1_245' title='bbox 1084 1924 1377 1994; x_wconf 81' lang='grc' dir='ltr'>μετέπειτα</span> <span class='ocrx_word' id='word_1_246' title='bbox 1424 1926 1774 1996; x_wconf 83' lang='grc' dir='ltr'>παραστῆσαι</span> <span class='ocrx_word' id='word_1_247' title='bbox 1805 1926 1884 1997; x_wconf 79' lang='grc' dir='ltr'>τῷ</span> 
     </span>
    </p>
   </div>
   <div class='ocr_carea' id='block_1_37' title="bbox 283 1998 1881 2091">
    <p class='ocr_par' dir='ltr' id='par_1_37' title="bbox 283 2012 1881 2091">
     <span class='ocr_line' id='line_1_37' title="bbox 283 2012 1881 2091; baseline 0.006 -27"><span class='ocrx_word' id='word_1_248' title='bbox 283 2012 493 2083; x_wconf 80' lang='grc' dir='ltr'>Κυρίῳ</span> <span class='ocrx_word' id='word_1_249' title='bbox 516 2053 532 2072; x_wconf 82' lang='grc'><strong>,</strong></span> <span class='ocrx_word' id='word_1_250' title='bbox 558 2013 653 2078; x_wconf 69' lang='grc' dir='ltr'>τὰς</span> <span class='ocrx_word' id='word_1_251' title='bbox 682 2014 1014 2088; x_wconf 73' lang='grc' dir='ltr'>καθαρσίους</span> <span class='ocrx_word' id='word_1_252' title='bbox 1050 2019 1423 2084; x_wconf 78' lang='grc' dir='ltr'>ἐπιτελοῦντες</span> <span class='ocrx_word' id='word_1_253' title='bbox 1456 2021 1753 2091; x_wconf 73' lang='grc' dir='ltr'>ἀναφορὰς,</span> <span class='ocrx_word' id='word_1_254' title='bbox 1789 2018 1881 2074; x_wconf 75' lang='grc' dir='ltr'>τοῦ</span> 
     </span>
    </p>
   </div>
   <div class='ocr_carea' id='block_1_38' title="bbox 286 2104 1879 2184">
    <p class='ocr_par' dir='ltr' id='par_1_38' title="bbox 286 2104 1879 2184">
     <span class='ocr_line' id='line_1_38' title="bbox 286 2104 1879 2184; baseline 0.005 -26"><span class='ocrx_word' id='word_1_255' title='bbox 286 2104 480 2159; x_wconf 74' lang='grc' dir='ltr'>δοῦναι</span> <span class='ocrx_word' id='word_1_256' title='bbox 515 2104 698 2161; x_wconf 81' lang='grc' dir='ltr'>θυσίαν</span> <span class='ocrx_word' id='word_1_257' title='bbox 732 2111 874 2164; x_wconf 78' lang='grc' dir='ltr'>κατά</span> <span class='ocrx_word' id='word_1_258' title='bbox 916 2109 976 2163; x_wconf 81' lang='grc' dir='ltr'>τὸ</span> <span class='ocrx_word' id='word_1_259' title='bbox 1014 2111 1302 2182; x_wconf 71' lang='grc' dir='ltr'>εἰρημένον</span> <span class='ocrx_word' id='word_1_260' title='bbox 1338 2114 1397 2165; x_wconf 85' lang='grc' dir='ltr'><strong>ἐν</strong></span> <span class='ocrx_word' id='word_1_261' title='bbox 1442 2114 1593 2183; x_wconf 82' lang='grc' dir='ltr'>νόμῳ</span> <span class='ocrx_word' id='word_1_262' title='bbox 1634 2113 1839 2184; x_wconf 82' lang='grc' dir='ltr'>Κυρίου</span> <span class='ocrx_word' id='word_1_263' title='bbox 1863 2153 1879 2175; x_wconf 89' lang='grc'><strong>,</strong></span> 
     </span>
    </p>
   </div>
   <div class='ocr_carea' id='block_1_39' title="bbox 288 2197 1880 2277">
    <p class='ocr_par' dir='ltr' id='par_1_39' title="bbox 288 2197 1880 2277">
     <span class='ocr_line' id='line_1_39' title="bbox 288 2197 1880 2277; baseline 0.007 -28"><span class='ocrx_word' id='word_1_264' title='bbox 288 2197 489 2265; x_wconf 75' lang='grc' dir='ltr'>ζεῦγος</span> <span class='ocrx_word' id='word_1_265' title='bbox 525 2201 823 2270; x_wconf 79' lang='grc' dir='ltr'>τρυγόνων,</span> <span class='ocrx_word' id='word_1_266' title='bbox 869 2201 902 2273; x_wconf 79' lang='grc' dir='ltr'>ἢ</span> <span class='ocrx_word' id='word_1_267' title='bbox 937 2202 1031 2256; x_wconf 77' lang='grc' dir='ltr'><strong>δύο</strong></span> <span class='ocrx_word' id='word_1_268' title='bbox 1060 2206 1312 2268; x_wconf 76' lang='grc' dir='ltr'>νεοσσοὺς</span> <span class='ocrx_word' id='word_1_269' title='bbox 1346 2203 1708 2277; x_wconf 84' lang='grc' dir='ltr'>περιστερῶν.</span> <span class='ocrx_word' id='word_1_270' title='bbox 1756 2226 1772 2255; x_wconf 79' lang='grc' dir='ltr'><strong>ο</strong></span> <span class='ocrx_word' id='word_1_271' title='bbox 1818 2207 1880 2260; x_wconf 77' lang='lat' dir='ltr'><strong>Ei</strong></span> 
     </span>
    </p>
   </div>
   <div class='ocr_carea' id='block_1_40' title="bbox 284 2288 1874 2368">
    <p class='ocr_par' dir='ltr' id='par_1_40' title="bbox 284 2288 1874 2368">
     <span class='ocr_line' id='line_1_40' title="bbox 284 2288 1874 2368; baseline 0.004 -26"><span class='ocrx_word' id='word_1_272' title='bbox 284 2288 470 2343; x_wconf 78' lang='grc' dir='ltr'>τοίνυν</span> <span class='ocrx_word' id='word_1_273' title='bbox 489 2291 557 2343; x_wconf 70' lang='grc' dir='ltr'><strong>τά</strong></span> <span class='ocrx_word' id='word_1_274' title='bbox 585 2289 857 2362; x_wconf 81' lang='grc' dir='ltr'>καθάρσια</span> <span class='ocrx_word' id='word_1_275' title='bbox 879 2292 1030 2364; x_wconf 84' lang='grc' dir='ltr'>δῶρα</span> <span class='ocrx_word' id='word_1_276' title='bbox 1060 2293 1202 2348; x_wconf 83' lang='grc' dir='ltr'><strong>κατά</strong></span> <span class='ocrx_word' id='word_1_277' title='bbox 1231 2295 1323 2348; x_wconf 78' lang='grc' dir='ltr'><strong>τὸν</strong></span> <span class='ocrx_word' id='word_1_278' title='bbox 1353 2295 1517 2367; x_wconf 88' lang='grc' dir='ltr'>νόμον</span> <span class='ocrx_word' id='word_1_279' title='bbox 1546 2295 1685 2368; x_wconf 81' lang='grc' dir='ltr'>ὑπὲρ</span> <span class='ocrx_word' id='word_1_280' title='bbox 1710 2294 1874 2349; x_wconf 76' lang='grc' dir='ltr'>αὐτοῦ</span> 
     </span>
    </p>
   </div>
   <div class='ocr_carea' id='block_1_41' title="bbox 289 2382 1877 2456">
    <p class='ocr_par' dir='ltr' id='par_1_41' title="bbox 289 2382 1877 2456">
     <span class='ocr_line' id='line_1_41' title="bbox 289 2382 1877 2456; baseline 0.002 -22"><span class='ocrx_word' id='word_1_281' title='bbox 289 2382 666 2452; x_wconf 76' lang='grc' dir='ltr'>προσεφέρετο</span> <span class='ocrx_word' id='word_1_282' title='bbox 690 2423 707 2448; x_wconf 90' lang='grc'><strong>,</strong></span> <span class='ocrx_word' id='word_1_283' title='bbox 757 2384 852 2437; x_wconf 71' lang='grc' dir='ltr'>καὶ</span> <span class='ocrx_word' id='word_1_284' title='bbox 906 2384 1206 2456; x_wconf 79' lang='grc' dir='ltr'>περιτομὴν</span> <span class='ocrx_word' id='word_1_285' title='bbox 1250 2387 1591 2456; x_wconf 79' lang='grc' dir='ltr'>ὁκταήμερον</span> <span class='ocrx_word' id='word_1_286' title='bbox 1651 2386 1836 2456; x_wconf 77' lang='grc' dir='ltr'>ἐφόρει</span> <span class='ocrx_word' id='word_1_287' title='bbox 1860 2429 1877 2451; x_wconf 87' lang='grc'><strong>,</strong></span> 
     </span>
    </p>
   </div>
   <div class='ocr_carea' id='block_1_42' title="bbox 290 2473 1881 2548">
    <p class='ocr_par' dir='ltr' id='par_1_42' title="bbox 290 2473 1881 2548">
     <span class='ocr_line' id='line_1_42' title="bbox 290 2473 1881 2548; baseline 0.003 -23"><span class='ocrx_word' id='word_1_288' title='bbox 290 2473 465 2545; x_wconf 72' lang='grc' dir='ltr'>ταύτῃ</span> <span class='ocrx_word' id='word_1_289' title='bbox 490 2476 589 2527; x_wconf 76' lang='grc' dir='ltr'><strong>καὶ</strong></span> <span class='ocrx_word' id='word_1_290' title='bbox 603 2475 708 2528; x_wconf 82' lang='grc' dir='ltr'><strong>ὑπὸ</strong></span> <span class='ocrx_word' id='word_1_291' title='bbox 730 2476 893 2546; x_wconf 87' lang='grc' dir='ltr'>νόμον</span> <span class='ocrx_word' id='word_1_292' title='bbox 915 2477 1077 2531; x_wconf 73' lang='grc' dir='ltr'>αὑτὸν</span> <span class='ocrx_word' id='word_1_293' title='bbox 1102 2478 1203 2531; x_wconf 73' lang='grc' dir='ltr'><strong>οὐκ</strong></span> <span class='ocrx_word' id='word_1_294' title='bbox 1227 2478 1531 2543; x_wconf 70' lang='grc' dir='ltr'>ἀπεικότως</span> <span class='ocrx_word' id='word_1_295' title='bbox 1550 2477 1881 2548; x_wconf 83' lang='grc' dir='ltr'>γεγενῆσθαι</span> 
     </span>
    </p>
   </div>
   <div class='ocr_carea' id='block_1_43' title="bbox 288 2567 1883 2641">
    <p class='ocr_par' dir='ltr' id='par_1_43' title="bbox 288 2567 1883 2641">
     <span class='ocr_line' id='line_1_43' title="bbox 288 2567 1883 2641; baseline 0 -21"><span class='ocrx_word' id='word_1_296' title='bbox 288 2567 516 2636; x_wconf 66' lang='grc' dir='ltr'>γράφει.</span> <span class='ocrx_word' id='word_1_297' title='bbox 547 2567 687 2622; x_wconf 71' lang='grc' dir='ltr'>Οὔτε</span> <span class='ocrx_word' id='word_1_298' title='bbox 711 2568 767 2622; x_wconf 75' lang='grc' dir='ltr'>δὲ</span> <span class='ocrx_word' id='word_1_299' title='bbox 794 2572 823 2622; x_wconf 91' lang='lat'><strong>6</strong></span> <span class='ocrx_word' id='word_1_300' title='bbox 847 2570 1019 2638; x_wconf 84' lang='grc' dir='ltr'>Λόγος</span> <span class='ocrx_word' id='word_1_301' title='bbox 1039 2570 1296 2624; x_wconf 80' lang='grc' dir='ltr'>ὑπέκειτο</span> <span class='ocrx_word' id='word_1_302' title='bbox 1319 2569 1397 2641; x_wconf 80' lang='grc' dir='ltr'>τῷ</span> <span class='ocrx_word' id='word_1_303' title='bbox 1426 2571 1596 2641; x_wconf 84' lang='grc' dir='ltr'>νόμῳ,</span> <span class='ocrx_word' id='word_1_304' title='bbox 1631 2569 1883 2639; x_wconf 78' lang='grc' dir='ltr'>καθάπερ</span> 
     </span>
    </p>
   </div>
   <div class='ocr_carea' id='block_1_44' title="bbox 287 2658 1885 2731">
    <p class='ocr_par' dir='ltr' id='par_1_44' title="bbox 287 2658 1885 2731">
     <span class='ocr_line' id='line_1_44' title="bbox 287 2658 1885 2731; baseline 0 -19"><span class='ocrx_word' id='word_1_305' title='bbox 287 2658 341 2712; x_wconf 80' lang='grc' dir='ltr'>οἱ</span> <span class='ocrx_word' id='word_1_306' title='bbox 374 2661 712 2729; x_wconf 74' lang='grc' dir='ltr'>συκοφάνται</span> <span class='ocrx_word' id='word_1_307' title='bbox 740 2661 1071 2728; x_wconf 76' lang='grc' dir='ltr'>δοξάζουσιν.</span> <span class='ocrx_word' id='word_1_308' title='bbox 1113 2662 1279 2726; x_wconf 71' lang='grc' dir='ltr'>αὐτὸς</span> <span class='ocrx_word' id='word_1_309' title='bbox 1316 2661 1393 2717; x_wconf 83' lang='grc' dir='ltr'>ὣν</span> <span class='ocrx_word' id='word_1_310' title='bbox 1421 2664 1449 2716; x_wconf 91' lang='lat'><strong>6</strong></span> <span class='ocrx_word' id='word_1_311' title='bbox 1480 2662 1666 2731; x_wconf 71' lang='grc' dir='ltr'>νόμος,</span> <span class='ocrx_word' id='word_1_312' title='bbox 1700 2659 1825 2713; x_wconf 81' lang='grc' dir='ltr'>οὔτε</span> <span class='ocrx_word' id='word_1_313' title='bbox 1855 2659 1885 2711; x_wconf 88' lang='lat'><strong>6</strong></span> 
     </span>
    </p>
   </div>
   <div class='ocr_carea' id='block_1_45' title="bbox 286 2749 1886 2825">
    <p class='ocr_par' dir='ltr' id='par_1_45' title="bbox 286 2749 1886 2825">
     <span class='ocr_line' id='line_1_45' title="bbox 286 2749 1886 2825; baseline 0 -22"><span class='ocrx_word' id='word_1_314' title='bbox 286 2750 428 2815; x_wconf 75' lang='grc' dir='ltr'>θεὸς</span> <span class='ocrx_word' id='word_1_315' title='bbox 465 2752 638 2805; x_wconf 73' lang='grc' dir='ltr'>ἐδεῖτο</span> <span class='ocrx_word' id='word_1_316' title='bbox 669 2752 926 2823; x_wconf 81' lang='grc' dir='ltr'>θυμάτων</span> <span class='ocrx_word' id='word_1_317' title='bbox 957 2753 1290 2825; x_wconf 86' lang='grc' dir='ltr'>καθαρσίων,</span> <span class='ocrx_word' id='word_1_318' title='bbox 1335 2751 1509 2824; x_wconf 79' lang='grc' dir='ltr'>ἀθρόᾳ</span> <span class='ocrx_word' id='word_1_319' title='bbox 1541 2754 1673 2824; x_wconf 78' lang='grc' dir='ltr'>ῥιπῇ</span> <span class='ocrx_word' id='word_1_320' title='bbox 1714 2749 1886 2804; x_wconf 79' lang='grc' dir='ltr'>καθα·</span> 
     </span>
    </p>
   </div>
   <div class='ocr_carea' id='block_1_46' title="bbox 291 2832 1885 2914">
    <p class='ocr_par' dir='ltr' id='par_1_46' title="bbox 291 2832 1885 2914">
     <span class='ocr_line' id='line_1_46' title="bbox 291 2832 1885 2914; baseline 0.001 -21"><span class='ocrx_word' id='word_1_321' title='bbox 291 2840 464 2911; x_wconf 74' lang='grc' dir='ltr'>ρίζων</span> <span class='ocrx_word' id='word_1_322' title='bbox 504 2840 763 2906; x_wconf 70' lang='grc' dir='ltr'>ἅπαντα,</span> <span class='ocrx_word' id='word_1_323' title='bbox 796 2844 891 2897; x_wconf 76' lang='grc' dir='ltr'>καὶ</span> <span class='ocrx_word' id='word_1_324' title='bbox 930 2832 1203 2914; x_wconf 76' lang='grc' dir='ltr'>ἁγιάζων.</span> <span class='ocrx_word' id='word_1_325' title='bbox 1260 2844 1400 2897; x_wconf 80' lang='grc' dir='ltr'>Ἀλλ’</span> <span class='ocrx_word' id='word_1_326' title='bbox 1445 2845 1494 2897; x_wconf 83' lang='grc' dir='ltr'>εἰ</span> <span class='ocrx_word' id='word_1_327' title='bbox 1536 2842 1630 2897; x_wconf 76' lang='grc' dir='ltr'>καὶ</span> <span class='ocrx_word' id='word_1_328' title='bbox 1678 2845 1742 2895; x_wconf 84' lang='grc' dir='ltr'><strong>ἐκ</strong></span> <span class='ocrx_word' id='word_1_329' title='bbox 1784 2841 1885 2912; x_wconf 77' lang='grc' dir='ltr'>τῆς</span> 
     </span>
    </p>
   </div>
   <div class='ocr_carea' id='block_1_47' title="bbox 1978 1925 3569 1997">
    <p class='ocr_par' dir='ltr' id='par_1_47' title="bbox 1978 1925 3569 1997">
     <span class='ocr_line' id='line_1_47' title="bbox 1978 1925 3569 1997; baseline -0.001 -16"><span class='ocrx_word' id='word_1_330' title='bbox 1978 1925 2189 1981; x_wconf 82' lang='lat' dir='ltr'><strong>sionem</strong></span> <span class='ocrx_word' id='word_1_331' title='bbox 2211 1927 2458 1995; x_wconf 84' lang='lat' dir='ltr'><strong>pertulit,</strong></span> <span class='ocrx_word' id='word_1_332' title='bbox 2506 1927 2665 1997; x_wconf 79' lang='lat'><strong>136</strong></span> <span class='ocrx_word' id='word_1_333' title='bbox 2687 1943 2797 1981; x_wconf 92' lang='lat' dir='ltr'><strong>non</strong></span> <span class='ocrx_word' id='word_1_334' title='bbox 2814 1927 2914 1981; x_wconf 91' lang='lat' dir='ltr'><strong>abs</strong></span> <span class='ocrx_word' id='word_1_335' title='bbox 2953 1943 3012 1980; x_wconf 91' lang='lat' dir='ltr'><strong>re</strong></span> <span class='ocrx_word' id='word_1_336' title='bbox 3030 1928 3134 1981; x_wconf 89' lang='lat' dir='ltr'><strong>hac</strong></span> <span class='ocrx_word' id='word_1_337' title='bbox 3165 1926 3234 1981; x_wconf 91' lang='lat' dir='ltr'><strong>de</strong></span> <span class='ocrx_word' id='word_1_338' title='bbox 3265 1942 3430 1981; x_wconf 88' lang='lat' dir='ltr'><strong>causa</strong></span> <span class='ocrx_word' id='word_1_339' title='bbox 3463 1926 3569 1981; x_wconf 86' lang='lat' dir='ltr'><strong>sub</strong></span> 
     </span>
    </p>
   </div>
   <div class='ocr_carea' id='block_1_48' title="bbox 1978 2018 3567 2090">
    <p class='ocr_par' dir='ltr' id='par_1_48' title="bbox 1978 2018 3567 2090">
     <span class='ocr_line' id='line_1_48' title="bbox 1978 2018 3567 2090; baseline 0.001 -18"><span class='ocrx_word' id='word_1_340' title='bbox 1978 2018 2099 2089; x_wconf 86' lang='lat' dir='ltr'><strong>lege</strong></span> <span class='ocrx_word' id='word_1_341' title='bbox 2117 2018 2323 2073; x_wconf 80' lang='lat' dir='ltr'><strong>factum</strong></span> <span class='ocrx_word' id='word_1_342' title='bbox 2340 2035 2461 2074; x_wconf 89' lang='lat' dir='ltr'><strong>esse</strong></span> <span class='ocrx_word' id='word_1_343' title='bbox 2481 2020 2634 2074; x_wconf 89' lang='lat' dir='ltr'><strong>illum</strong></span> <span class='ocrx_word' id='word_1_344' title='bbox 2651 2020 2916 2090; x_wconf 87' lang='lat' dir='ltr'><strong>scriptum</strong></span> <span class='ocrx_word' id='word_1_345' title='bbox 2936 2029 3038 2075; x_wconf 89' lang='lat' dir='ltr'><strong>est.</strong></span> <span class='ocrx_word' id='word_1_346' title='bbox 3066 2021 3257 2090; x_wconf 82' lang='lat' dir='ltr'><strong>Neque</strong></span> <span class='ocrx_word' id='word_1_347' title='bbox 3274 2035 3408 2075; x_wconf 88' lang='lat' dir='ltr'><strong>vero</strong></span> <span class='ocrx_word' id='word_1_348' title='bbox 3429 2020 3567 2075; x_wconf 80' lang='lat' dir='ltr'><strong>Ver-</strong></span> 
     </span>
    </p>
   </div>
   <div class='ocr_carea' id='block_1_49' title="bbox 1979 2108 3567 2181">
    <p class='ocr_par' dir='ltr' id='par_1_49' title="bbox 1979 2108 3567 2181">
     <span class='ocr_line' id='line_1_49' title="bbox 1979 2108 3567 2181; baseline 0.002 -18"><span class='ocrx_word' id='word_1_349' title='bbox 1979 2108 2110 2163; x_wconf 88' lang='lat' dir='ltr'><strong>bum</strong></span> <span class='ocrx_word' id='word_1_350' title='bbox 2134 2109 2456 2179; x_wconf 85' lang='lat' dir='ltr'><strong>subjacebat</strong></span> <span class='ocrx_word' id='word_1_351' title='bbox 2483 2109 2611 2180; x_wconf 90' lang='lat' dir='ltr'><strong>legi,</strong></span> <span class='ocrx_word' id='word_1_352' title='bbox 2635 2120 2696 2163; x_wconf 90' lang='lat' dir='ltr'><strong>ut</strong></span> <span class='ocrx_word' id='word_1_353' title='bbox 2719 2110 3020 2179; x_wconf 90' lang='lat' dir='ltr'><strong>opinantur</strong></span> <span class='ocrx_word' id='word_1_354' title='bbox 3042 2110 3413 2181; x_wconf 65' lang='lat' dir='ltr'><strong>sycophantae,</strong></span> <span class='ocrx_word' id='word_1_355' title='bbox 3440 2125 3567 2166; x_wconf 86' lang='lat' dir='ltr'><strong>cum</strong></span> 
     </span>
    </p>
   </div>
   <div class='ocr_carea' id='block_1_50' title="bbox 1978 2200 3569 2273">
    <p class='ocr_par' dir='ltr' id='par_1_50' title="bbox 1978 2200 3569 2273">
     <span class='ocr_line' id='line_1_50' title="bbox 1978 2200 3569 2273; baseline 0.002 -19"><span class='ocrx_word' id='word_1_356' title='bbox 1978 2200 2095 2270; x_wconf 90' lang='lat' dir='ltr'><strong>ipse</strong></span> <span class='ocrx_word' id='word_1_357' title='bbox 2124 2200 2211 2255; x_wconf 77' lang='lat' dir='ltr'><strong>lex</strong></span> <span class='ocrx_word' id='word_1_358' title='bbox 2243 2201 2316 2254; x_wconf 89' lang='lat' dir='ltr'><strong>sit</strong></span> <span class='ocrx_word' id='word_1_359' title='bbox 2353 2218 2365 2253; x_wconf 92' lang='lat'><strong>:</strong></span> <span class='ocrx_word' id='word_1_360' title='bbox 2403 2216 2584 2270; x_wconf 85' lang='lat' dir='ltr'><strong>neque</strong></span> <span class='ocrx_word' id='word_1_361' title='bbox 2610 2202 2758 2256; x_wconf 89' lang='lat' dir='ltr'><strong>Deus</strong></span> <span class='ocrx_word' id='word_1_362' title='bbox 2791 2202 3075 2273; x_wconf 82' lang='lat' dir='ltr'><strong>indigebat</strong></span> <span class='ocrx_word' id='word_1_363' title='bbox 3114 2202 3400 2257; x_wconf 84' lang='lat' dir='ltr'><strong>sacriﬁciis</strong></span> <span class='ocrx_word' id='word_1_364' title='bbox 3433 2218 3569 2272; x_wconf 86' lang='lat' dir='ltr'><strong>pur-</strong></span> 
     </span>
    </p>
   </div>
   <div class='ocr_carea' id='block_1_51' title="bbox 1980 2291 3567 2364">
    <p class='ocr_par' dir='ltr' id='par_1_51' title="bbox 1980 2291 3567 2364">
     <span class='ocr_line' id='line_1_51' title="bbox 1980 2291 3567 2364; baseline 0.003 -19"><span class='ocrx_word' id='word_1_365' title='bbox 1980 2291 2257 2361; x_wconf 89' lang='lat' dir='ltr'><strong>gantibus,</strong></span> <span class='ocrx_word' id='word_1_366' title='bbox 2288 2292 2383 2361; x_wconf 91' lang='lat' dir='ltr'><strong>qui</strong></span> <span class='ocrx_word' id='word_1_367' title='bbox 2411 2292 2528 2346; x_wconf 89' lang='lat' dir='ltr'><strong>solo</strong></span> <span class='ocrx_word' id='word_1_368' title='bbox 2554 2301 2691 2347; x_wconf 90' lang='lat' dir='ltr'><strong>nutu</strong></span> <span class='ocrx_word' id='word_1_369' title='bbox 2723 2294 2908 2348; x_wconf 89' lang='lat' dir='ltr'><strong>omnia</strong></span> <span class='ocrx_word' id='word_1_370' title='bbox 2936 2302 3133 2364; x_wconf 88' lang='lat' dir='ltr'><strong>purgat</strong></span> <span class='ocrx_word' id='word_1_371' title='bbox 3160 2303 3216 2348; x_wconf 90' lang='lat' dir='ltr'><strong>et</strong></span> <span class='ocrx_word' id='word_1_372' title='bbox 3240 2293 3567 2351; x_wconf 55' lang='lat' dir='ltr'><strong>sanctificata</strong></span> 
     </span>
    </p>
   </div>
   <div class='ocr_carea' id='block_1_52' title="bbox 1983 2382 3568 2456">
    <p class='ocr_par' dir='ltr' id='par_1_52' title="bbox 1983 2382 3568 2456">
     <span class='ocr_line' id='line_1_52' title="bbox 1983 2382 3568 2456; baseline 0.001 -18"><span class='ocrx_word' id='word_1_373' title='bbox 1983 2382 2089 2438; x_wconf 86' lang='lat' dir='ltr'><strong>Sed</strong></span> <span class='ocrx_word' id='word_1_374' title='bbox 2147 2384 2403 2453; x_wconf 86' lang='lat' dir='ltr'><strong>quamvis</strong></span> <span class='ocrx_word' id='word_1_375' title='bbox 2455 2392 2799 2455; x_wconf 87' lang='lat' dir='ltr'><strong>assumptum</strong></span> <span class='ocrx_word' id='word_1_376' title='bbox 2861 2401 2931 2440; x_wconf 85' lang='lat' dir='ltr'><strong>ex</strong></span> <span class='ocrx_word' id='word_1_377' title='bbox 2983 2386 3207 2456; x_wconf 78' lang='lat' dir='ltr'><strong>Virgine</strong></span> <span class='ocrx_word' id='word_1_378' title='bbox 3266 2386 3568 2440; x_wconf 90' lang='lat' dir='ltr'><strong>humanum</strong></span> 
     </span>
    </p>
   </div>
   <div class='ocr_carea' id='block_1_53' title="bbox 1982 2472 3568 2545">
    <p class='ocr_par' dir='ltr' id='par_1_53' title="bbox 1982 2472 3568 2545">
     <span class='ocr_line' id='line_1_53' title="bbox 1982 2472 3568 2545; baseline 0.002 -19"><span class='ocrx_word' id='word_1_379' title='bbox 1982 2487 2251 2543; x_wconf 78' lang='lat' dir='ltr'><strong>organum</strong></span> <span class='ocrx_word' id='word_1_380' title='bbox 2282 2474 2536 2543; x_wconf 86' lang='lat' dir='ltr'><strong>gestavit,</strong></span> <span class='ocrx_word' id='word_1_381' title='bbox 2570 2480 2628 2528; x_wconf 90' lang='lat' dir='ltr'><strong>et</strong></span> <span class='ocrx_word' id='word_1_382' title='bbox 2660 2473 2765 2528; x_wconf 89' lang='lat' dir='ltr'><strong>sub</strong></span> <span class='ocrx_word' id='word_1_383' title='bbox 2796 2472 2914 2544; x_wconf 84' lang='lat' dir='ltr'><strong>lege</strong></span> <span class='ocrx_word' id='word_1_384' title='bbox 2948 2472 3126 2529; x_wconf 78' lang='lat' dir='ltr'><strong>factus</strong></span> <span class='ocrx_word' id='word_1_385' title='bbox 3155 2483 3261 2538; x_wconf 87' lang='lat' dir='ltr'><strong>est,</strong></span> <span class='ocrx_word' id='word_1_386' title='bbox 3290 2475 3568 2545; x_wconf 81' lang='lat' dir='ltr'><strong>primoge-</strong></span> 
     </span>
    </p>
   </div>
   <div class='ocr_carea' id='block_1_54' title="bbox 1980 2565 3569 2639">
    <p class='ocr_par' dir='ltr' id='par_1_54' title="bbox 1980 2565 3569 2639">
     <span class='ocr_line' id='line_1_54' title="bbox 1980 2565 3569 2639; baseline 0.001 -18"><span class='ocrx_word' id='word_1_387' title='bbox 1980 2566 2226 2621; x_wconf 86' lang='lat' dir='ltr'><strong>nitorum</strong></span> <span class='ocrx_word' id='word_1_388' title='bbox 2255 2565 2362 2621; x_wconf 87' lang='lat' dir='ltr'><strong>ritu</strong></span> <span class='ocrx_word' id='word_1_389' title='bbox 2390 2575 2676 2636; x_wconf 86' lang='lat' dir='ltr'><strong>purgatus,</strong></span> <span class='ocrx_word' id='word_1_390' title='bbox 2701 2581 2812 2622; x_wconf 90' lang='lat' dir='ltr'><strong>non</strong></span> <span class='ocrx_word' id='word_1_391' title='bbox 2838 2566 2987 2636; x_wconf 92' lang='lat' dir='ltr'><strong>quod</strong></span> <span class='ocrx_word' id='word_1_392' title='bbox 3017 2567 3133 2637; x_wconf 89' lang='lat' dir='ltr'><strong>ipse</strong></span> <span class='ocrx_word' id='word_1_393' title='bbox 3164 2567 3436 2639; x_wconf 86' lang='lat' dir='ltr'><strong>indigeret</strong></span> <span class='ocrx_word' id='word_1_394' title='bbox 3464 2568 3569 2622; x_wconf 85' lang='lat' dir='ltr'><strong>hoc</strong></span> 
     </span>
    </p>
   </div>
   <div class='ocr_carea' id='block_1_55' title="bbox 1982 2657 3573 2729">
    <p class='ocr_par' dir='ltr' id='par_1_55' title="bbox 1982 2657 3573 2729">
     <span class='ocr_line' id='line_1_55' title="bbox 1982 2657 3573 2729; baseline 0.001 -17"><span class='ocrx_word' id='word_1_395' title='bbox 1982 2657 2250 2723; x_wconf 87' lang='lat' dir='ltr'><strong>remedio,</strong></span> <span class='ocrx_word' id='word_1_396' title='bbox 2285 2657 2384 2712; x_wconf 89' lang='lat' dir='ltr'><strong>has</strong></span> <span class='ocrx_word' id='word_1_397' title='bbox 2410 2657 2767 2713; x_wconf 66' lang='lat' dir='ltr'><strong>caeremonias</strong></span> <span class='ocrx_word' id='word_1_398' title='bbox 2811 2657 3076 2713; x_wconf 88' lang='lat' dir='ltr'><strong>sustinuit</strong></span> <span class='ocrx_word' id='word_1_399' title='bbox 3104 2676 3117 2711; x_wconf 84' lang='lat'><strong>:</strong></span> <span class='ocrx_word' id='word_1_400' title='bbox 3146 2658 3245 2713; x_wconf 88' lang='lat' dir='ltr'><strong>sed</strong></span> <span class='ocrx_word' id='word_1_401' title='bbox 3279 2668 3341 2715; x_wconf 91' lang='lat' dir='ltr'><strong>ut</strong></span> <span class='ocrx_word' id='word_1_402' title='bbox 3372 2675 3402 2713; x_wconf 90' lang='lat' dir='ltr'><strong>a</strong></span> <span class='ocrx_word' id='word_1_403' title='bbox 3433 2658 3573 2729; x_wconf 82' lang='lat' dir='ltr'><strong>legis</strong></span> 
     </span>
    </p>
   </div>
   <div class='ocr_carea' id='block_1_56' title="bbox 1981 2748 3569 2819">
    <p class='ocr_par' dir='ltr' id='par_1_56' title="bbox 1981 2748 3569 2819">
     <span class='ocr_line' id='line_1_56' title="bbox 1981 2748 3569 2819; baseline 0 -16"><span class='ocrx_word' id='word_1_404' title='bbox 1981 2749 2252 2804; x_wconf 78' lang='lat' dir='ltr'><strong>servitute</strong></span> <span class='ocrx_word' id='word_1_405' title='bbox 2293 2748 2594 2804; x_wconf 86' lang='lat' dir='ltr'><strong>redimeret</strong></span> <span class='ocrx_word' id='word_1_406' title='bbox 2629 2762 2728 2802; x_wconf 89' lang='lat' dir='ltr'><strong>eos</strong></span> <span class='ocrx_word' id='word_1_407' title='bbox 2764 2748 2859 2819; x_wconf 89' lang='lat' dir='ltr'><strong>qui</strong></span> <span class='ocrx_word' id='word_1_408' title='bbox 2893 2749 3195 2806; x_wconf 85' lang='lat' dir='ltr'><strong>venundati</strong></span> <span class='ocrx_word' id='word_1_409' title='bbox 3234 2758 3396 2806; x_wconf 88' lang='lat' dir='ltr'><strong>erant</strong></span> <span class='ocrx_word' id='word_1_410' title='bbox 3433 2765 3569 2805; x_wconf 89' lang='lat' dir='ltr'><strong>con—</strong></span> 
     </span>
    </p>
   </div>
   <div class='ocr_carea' id='block_1_57' title="bbox 1984 2840 2661 2897">
    <p class='ocr_par' dir='ltr' id='par_1_57' title="bbox 1984 2840 2661 2897">
     <span class='ocr_line' id='line_1_57' title="bbox 1984 2840 2661 2897; baseline 0.001 -2"><span class='ocrx_word' id='word_1_411' title='bbox 1984 2840 2325 2895; x_wconf 80' lang='lat' dir='ltr'><strong>deinuationi</strong></span> <span class='ocrx_word' id='word_1_412' title='bbox 2358 2841 2661 2897; x_wconf 88' lang='lat' dir='ltr'><strong>maledicti.</strong></span> 
     </span>
    </p>
   </div>
   <div class='ocr_carea' id='block_1_58' title="bbox 288 2932 3572 3008">
    <p class='ocr_par' dir='ltr' id='par_1_58' title="bbox 288 2932 3572 3008">
     <span class='ocr_line' id='line_1_58' title="bbox 288 2932 3572 3008; baseline -0.001 -20"><span class='ocrx_word' id='word_1_413' title='bbox 288 2936 579 3005; x_wconf 71' lang='grc' dir='ltr'>Παρθένου</span> <span class='ocrx_word' id='word_1_414' title='bbox 602 2935 664 2989; x_wconf 75' lang='grc' dir='ltr'>τὸ</span> <span class='ocrx_word' id='word_1_415' title='bbox 692 2933 1034 3008; x_wconf 84' lang='grc' dir='ltr'>ἀνθρώπινον</span> <span class='ocrx_word' id='word_1_416' title='bbox 1059 2936 1293 3007; x_wconf 73' lang='grc' dir='ltr'>ὄργανον</span> <span class='ocrx_word' id='word_1_417' title='bbox 1320 2934 1604 2991; x_wconf 75' lang='grc' dir='ltr'>ἀναλαϐὼν</span> <span class='ocrx_word' id='word_1_418' title='bbox 1627 2934 1879 3003; x_wconf 63' lang='grc' dir='ltr'>ὲφόρεσε,</span> <span class='ocrx_word' id='word_1_419' title='bbox 1916 2932 2012 2986; x_wconf 74' lang='grc' dir='ltr'><strong>καὶ</strong></span> <span class='ocrx_word' id='word_1_420' title='bbox 2050 2932 2155 2985; x_wconf 73' lang='grc' dir='ltr'><strong>ὑπὸ</strong></span> <span class='ocrx_word' id='word_1_421' title='bbox 2196 2932 2361 3003; x_wconf 76' lang='grc' dir='ltr'>νόμον</span> <span class='ocrx_word' id='word_1_422' title='bbox 2387 2933 2644 3001; x_wconf 73' lang='grc' dir='ltr'>ἐγένετο,</span> <span class='ocrx_word' id='word_1_423' title='bbox 2682 2933 2824 2988; x_wconf 88' lang='grc' dir='ltr'><strong>κατά</strong></span> <span class='ocrx_word' id='word_1_424' title='bbox 2868 2933 2969 2998; x_wconf 85' lang='grc' dir='ltr'><strong>τάς</strong></span> <span class='ocrx_word' id='word_1_425' title='bbox 3033 2934 3143 2988; x_wconf 85' lang='grc' dir='ltr'>τῶν</span> <span class='ocrx_word' id='word_1_426' title='bbox 3211 2935 3572 3007; x_wconf 82' lang='grc' dir='ltr'>πρωτοτόκων</span> 
     </span>
    </p>
   </div>
   <div class='ocr_carea' id='block_1_59' title="bbox 286 3021 3574 3099">
    <p class='ocr_par' dir='ltr' id='par_1_59' title="bbox 286 3021 3574 3099">
     <span class='ocr_line' id='line_1_59' title="bbox 286 3021 3574 3099; baseline -0.002 -15"><span class='ocrx_word' id='word_1_427' title='bbox 286 3030 453 3094; x_wconf 75' lang='grc' dir='ltr'>ἀξίας</span> <span class='ocrx_word' id='word_1_428' title='bbox 486 3027 874 3099; x_wconf 79' lang='grc' dir='ltr'>καθαρισθεὶς,</span> <span class='ocrx_word' id='word_1_429' title='bbox 924 3029 1024 3082; x_wconf 79' lang='grc' dir='ltr'>οὐκ</span> <span class='ocrx_word' id='word_1_430' title='bbox 1064 3028 1227 3092; x_wconf 73' lang='grc' dir='ltr'>αὐτὸς</span> <span class='ocrx_word' id='word_1_431' title='bbox 1258 3027 1511 3097; x_wconf 87' lang='grc' dir='ltr'>δεόμενος</span> <span class='ocrx_word' id='word_1_432' title='bbox 1550 3026 1650 3096; x_wconf 84' lang='grc' dir='ltr'>τῆς</span> <span class='ocrx_word' id='word_1_433' title='bbox 1678 3022 1883 3077; x_wconf 82' lang='grc' dir='ltr'>τούτων</span> <span class='ocrx_word' id='word_1_434' title='bbox 1920 3022 2191 3093; x_wconf 81' lang='grc' dir='ltr'>χορηγίας</span> <span class='ocrx_word' id='word_1_435' title='bbox 2217 3023 2457 3093; x_wconf 79' lang='grc' dir='ltr'>ὑπέμενε</span> <span class='ocrx_word' id='word_1_436' title='bbox 2497 3022 2595 3087; x_wconf 76' lang='grc' dir='ltr'>τὰς</span> <span class='ocrx_word' id='word_1_437' title='bbox 2625 3021 2954 3094; x_wconf 88' lang='grc' dir='ltr'>θεραπείας,</span> <span class='ocrx_word' id='word_1_438' title='bbox 2988 3022 3103 3077; x_wconf 84' lang='grc' dir='ltr'>ἀλλ’</span> <span class='ocrx_word' id='word_1_439' title='bbox 3143 3024 3232 3077; x_wconf 80' lang='grc' dir='ltr'>ἴνα</span> <span class='ocrx_word' id='word_1_440' title='bbox 3309 3025 3409 3097; x_wconf 83' lang='grc' dir='ltr'>τῆς</span> <span class='ocrx_word' id='word_1_441' title='bbox 3473 3023 3574 3077; x_wconf 67' lang='grc' dir='ltr'>τοῦ</span> 
     </span>
    </p>
   </div>
   <div class='ocr_carea' id='block_1_60' title="bbox 282 3117 2197 3194">
    <p class='ocr_par' dir='ltr' id='par_1_60' title="bbox 282 3117 2197 3194">
     <span class='ocr_line' id='line_1_60' title="bbox 282 3117 2197 3194; baseline -0.003 -17"><span class='ocrx_word' id='word_1_442' title='bbox 282 3122 462 3182; x_wconf 72' lang='grc' dir='ltr'>νόμου</span> <span class='ocrx_word' id='word_1_443' title='bbox 491 3120 738 3187; x_wconf 78' lang='grc' dir='ltr'>δουλείας</span> <span class='ocrx_word' id='word_1_444' title='bbox 771 3122 1078 3194; x_wconf 74' lang='grc' dir='ltr'>ἐξαγοράσῃ</span> <span class='ocrx_word' id='word_1_445' title='bbox 1106 3122 1233 3182; x_wconf 76' lang='grc' dir='ltr'>τοὺς</span> <span class='ocrx_word' id='word_1_446' title='bbox 1258 3120 1645 3193; x_wconf 87' lang='grc' dir='ltr'>πεπραμένους</span> <span class='ocrx_word' id='word_1_447' title='bbox 1664 3121 1732 3189; x_wconf 77' lang='grc' dir='ltr'>τῇ</span> <span class='ocrx_word' id='word_1_448' title='bbox 1755 3117 1881 3191; x_wconf 81' lang='grc' dir='ltr'>δίκῃ</span> <span class='ocrx_word' id='word_1_449' title='bbox 1905 3118 2006 3187; x_wconf 81' lang='grc' dir='ltr'>τῆς</span> <span class='ocrx_word' id='word_1_450' title='bbox 2035 3118 2197 3185; x_wconf 75' lang='grc' dir='ltr'>ἀρᾶς.</span> 
     </span>
    </p>
   </div>
   <div class='ocr_carea' id='block_1_61' title="bbox 330 3222 1955 3308">
    <p class='ocr_par' dir='ltr' id='par_1_61' title="bbox 330 3222 1955 3308">
     <span class='ocr_line' id='line_1_61' title="bbox 330 3222 1955 3308; baseline -0.002 -18"><span class='ocrx_word' id='word_1_451' title='bbox 330 3238 460 3293; x_wconf 75' lang='grc' dir='ltr'><strong>Τοῦ</strong></span> <span class='ocrx_word' id='word_1_452' title='bbox 518 3237 691 3308; x_wconf 69' lang='grc' dir='ltr'>ἁγίου</span> <span class='ocrx_word' id='word_1_453' title='bbox 742 3238 1103 3292; x_wconf 79' lang='grc' dir='ltr'>Ἀθανασιου</span> <span class='ocrx_word' id='word_1_454' title='bbox 1155 3236 1495 3291; x_wconf 73' lang='grc' dir='ltr'>ἐπισκόπου</span> <span class='ocrx_word' id='word_1_455' title='bbox 1560 3234 1838 3298; x_wconf 72' lang='grc' dir='ltr'><strong>’Λλεεαν-</strong></span> <span class='ocrx_word' id='word_1_456' title='bbox 1912 3222 1955 3277; x_wconf 77' lang='lat' dir='ltr'><strong><em>C</em></strong></span> 
     </span>
    </p>
   </div>
   <div class='ocr_carea' id='block_1_62' title="bbox 981 3307 1203 3375">
    <p class='ocr_par' dir='ltr' id='par_1_62' title="bbox 981 3307 1203 3375">
     <span class='ocr_line' id='line_1_62' title="bbox 981 3307 1203 3375; baseline 0 -15"><span class='ocrx_word' id='word_1_457' title='bbox 981 3307 1203 3375; x_wconf 70' lang='grc' dir='ltr'>δρείας.</span> 
     </span>
    </p>
   </div>
   <div class='ocr_carea' id='block_1_63' title="bbox 379 3417 1881 3489">
    <p class='ocr_par' dir='ltr' id='par_1_63' title="bbox 379 3417 1881 3489">
     <span class='ocr_line' id='line_1_63' title="bbox 379 3417 1881 3489; baseline -0.003 -13"><span class='ocrx_word' id='word_1_458' title='bbox 379 3421 486 3476; x_wconf 79' lang='grc' dir='ltr'>Ἕκ</span> <span class='ocrx_word' id='word_1_459' title='bbox 516 3419 621 3475; x_wconf 84' lang='grc' dir='ltr'>τοῦ</span> <span class='ocrx_word' id='word_1_460' title='bbox 649 3420 801 3488; x_wconf 76' lang='grc' dir='ltr'>πρὸς</span> <span class='ocrx_word' id='word_1_461' title='bbox 841 3421 946 3488; x_wconf 83' lang='grc' dir='ltr'>τὰς</span> <span class='ocrx_word' id='word_1_462' title='bbox 977 3418 1239 3489; x_wconf 78' lang='grc' dir='ltr'>αἱρέσεις</span> <span class='ocrx_word' id='word_1_463' title='bbox 1265 3419 1453 3489; x_wconf 70' lang='grc' dir='ltr'>λόγου</span> <span class='ocrx_word' id='word_1_464' title='bbox 1479 3419 1561 3484; x_wconf 81' lang='grc' dir='ltr'><strong>β’.</strong></span> <span class='ocrx_word' id='word_1_465' title='bbox 1615 3417 1725 3472; x_wconf 68' lang='grc' dir='ltr'>Καὶ</span> <span class='ocrx_word' id='word_1_466' title='bbox 1768 3417 1881 3488; x_wconf 78' lang='grc'>(85)</span> 
     </span>
    </p>
   </div>
   <div class='ocr_carea' id='block_1_64' title="bbox 285 3510 1883 3585">
    <p class='ocr_par' dir='ltr' id='par_1_64' title="bbox 285 3510 1883 3585">
     <span class='ocr_line' id='line_1_64' title="bbox 285 3510 1883 3585; baseline -0.002 -18"><span class='ocrx_word' id='word_1_467' title='bbox 285 3513 493 3585; x_wconf 79' lang='grc' dir='ltr'>ὥσπερ</span> <span class='ocrx_word' id='word_1_468' title='bbox 516 3514 618 3566; x_wconf 73' lang='grc' dir='ltr'><strong>οὐκ</strong></span> <span class='ocrx_word' id='word_1_469' title='bbox 648 3512 714 3567; x_wconf 82' lang='grc' dir='ltr'>ἂν</span> <span class='ocrx_word' id='word_1_470' title='bbox 740 3512 1200 3585; x_wconf 77' lang='grc' dir='ltr'>ἠλευθερώθημεν</span> <span class='ocrx_word' id='word_1_471' title='bbox 1225 3512 1334 3566; x_wconf 82' lang='grc' dir='ltr'><strong>ἀπὸ</strong></span> <span class='ocrx_word' id='word_1_472' title='bbox 1356 3513 1454 3582; x_wconf 79' lang='grc' dir='ltr'>τῆς</span> <span class='ocrx_word' id='word_1_473' title='bbox 1481 3510 1758 3583; x_wconf 81' lang='grc' dir='ltr'>ἁμαρτίας</span> <span class='ocrx_word' id='word_1_474' title='bbox 1787 3511 1883 3564; x_wconf 78' lang='grc' dir='ltr'>καὶ</span> 
     </span>
    </p>
   </div>
   <div class='ocr_carea' id='block_1_65' title="bbox 286 3599 1878 3677">
    <p class='ocr_par' dir='ltr' id='par_1_65' title="bbox 286 3599 1878 3677">
     <span class='ocr_line' id='line_1_65' title="bbox 286 3599 1878 3677; baseline -0.004 -17"><span class='ocrx_word' id='word_1_475' title='bbox 286 3607 402 3676; x_wconf 76' lang='grc' dir='ltr'>τῆς</span> <span class='ocrx_word' id='word_1_476' title='bbox 431 3606 709 3677; x_wconf 80' lang='grc' dir='ltr'>κατάρας,</span> <span class='ocrx_word' id='word_1_477' title='bbox 743 3607 791 3659; x_wconf 87' lang='grc' dir='ltr'><strong>εί</strong></span> <span class='ocrx_word' id='word_1_478' title='bbox 824 3607 899 3677; x_wconf 77' lang='grc' dir='ltr'>μὴ</span> <span class='ocrx_word' id='word_1_479' title='bbox 934 3605 1096 3676; x_wconf 75' lang='grc' dir='ltr'>φύσει</span> <span class='ocrx_word' id='word_1_480' title='bbox 1128 3604 1266 3677; x_wconf 83' lang='grc' dir='ltr'><strong>σάρξ</strong></span> <span class='ocrx_word' id='word_1_481' title='bbox 1296 3604 1611 3677; x_wconf 84' lang='grc' dir='ltr'>ἀνθρωπίνη</span> <span class='ocrx_word' id='word_1_482' title='bbox 1649 3603 1760 3675; x_wconf 71' lang='grc'>(84)</span> <span class='ocrx_word' id='word_1_483' title='bbox 1788 3599 1878 3675; x_wconf 79' lang='grc' dir='ltr'>ἦν,</span> 
     </span>
    </p>
   </div>
   <div class='ocr_carea' id='block_1_66' title="bbox 288 3692 1884 3769">
    <p class='ocr_par' dir='ltr' id='par_1_66' title="bbox 288 3692 1884 3769">
     <span class='ocr_line' id='line_1_66' title="bbox 288 3692 1884 3769; baseline 0 -19"><span class='ocrx_word' id='word_1_484' title='bbox 288 3699 369 3769; x_wconf 75' lang='grc' dir='ltr'>ἦν</span> <span class='ocrx_word' id='word_1_485' title='bbox 408 3696 695 3750; x_wconf 78' lang='grc' dir='ltr'>ἐνεδύσατο</span> <span class='ocrx_word' id='word_1_486' title='bbox 737 3697 768 3749; x_wconf 88' lang='lat'><strong>6</strong></span> <span class='ocrx_word' id='word_1_487' title='bbox 802 3700 1007 3766; x_wconf 82' lang='grc' dir='ltr'>Λόγος·</span> <span class='ocrx_word' id='word_1_488' title='bbox 1055 3697 1210 3750; x_wconf 77' lang='grc' dir='ltr'>οὐδὲν</span> <span class='ocrx_word' id='word_1_489' title='bbox 1257 3696 1368 3769; x_wconf 82' lang='grc' dir='ltr'><strong>γάρ</strong></span> <span class='ocrx_word' id='word_1_490' title='bbox 1412 3697 1592 3753; x_wconf 83' lang='grc' dir='ltr'>κοινὸν</span> <span class='ocrx_word' id='word_1_491' title='bbox 1639 3692 1709 3768; x_wconf 80' lang='grc' dir='ltr'>ἦν</span> <span class='ocrx_word' id='word_1_492' title='bbox 1750 3698 1884 3768; x_wconf 77' lang='grc' dir='ltr'>ἡμῖν</span> 
     </span>
    </p>
   </div>
   <div class='ocr_carea' id='block_1_67' title="bbox 290 3787 1882 3863">
    <p class='ocr_par' dir='ltr' id='par_1_67' title="bbox 290 3787 1882 3863">
     <span class='ocr_line' id='line_1_67' title="bbox 290 3787 1882 3863; baseline -0.002 -19"><span class='ocrx_word' id='word_1_493' title='bbox 290 3789 440 3863; x_wconf 69' lang='grc' dir='ltr'>πρὸς</span> <span class='ocrx_word' id='word_1_494' title='bbox 472 3790 535 3843; x_wconf 76' lang='grc' dir='ltr'>τὸ</span> <span class='ocrx_word' id='word_1_495' title='bbox 563 3789 847 3862; x_wconf 80' lang='grc' dir='ltr'>ἀλλότριον</span> <span class='ocrx_word' id='word_1_496' title='bbox 873 3807 886 3821; x_wconf 88' lang='grc'><strong>·</strong></span> <span class='ocrx_word' id='word_1_497' title='bbox 930 3790 1103 3854; x_wconf 74' lang='grc' dir='ltr'>οὕτως</span> <span class='ocrx_word' id='word_1_498' title='bbox 1131 3790 1230 3843; x_wconf 77' lang='grc' dir='ltr'>οὐκ</span> <span class='ocrx_word' id='word_1_499' title='bbox 1260 3789 1329 3843; x_wconf 82' lang='grc' dir='ltr'><strong>ἂν</strong></span> <span class='ocrx_word' id='word_1_500' title='bbox 1373 3787 1697 3861; x_wconf 79' lang='grc' dir='ltr'>ὲθεοποιήθη</span> <span class='ocrx_word' id='word_1_501' title='bbox 1728 3790 1756 3842; x_wconf 91' lang='lat'><strong>6</strong></span> <span class='ocrx_word' id='word_1_502' title='bbox 1786 3789 1882 3843; x_wconf 80' lang='grc' dir='ltr'>άν-</span> 
     </span>
    </p>
   </div>
   <div class='ocr_carea' id='block_1_68' title="bbox 290 3879 1884 3957">
    <p class='ocr_par' dir='ltr' id='par_1_68' title="bbox 290 3879 1884 3957">
     <span class='ocr_line' id='line_1_68' title="bbox 290 3879 1884 3957; baseline -0.004 -19"><span class='ocrx_word' id='word_1_503' title='bbox 290 3885 523 3957; x_wconf 81' lang='grc' dir='ltr'>θρωπος</span> <span class='ocrx_word' id='word_1_504' title='bbox 550 3926 563 3947; x_wconf 91' lang='grc'><strong>,</strong></span> <span class='ocrx_word' id='word_1_505' title='bbox 600 3884 648 3936; x_wconf 85' lang='grc' dir='ltr'>εἰ</span> <span class='ocrx_word' id='word_1_506' title='bbox 681 3882 756 3954; x_wconf 76' lang='grc' dir='ltr'>μὴ</span> <span class='ocrx_word' id='word_1_507' title='bbox 787 3882 949 3950; x_wconf 80' lang='grc' dir='ltr'>φύσει</span> <span class='ocrx_word' id='word_1_508' title='bbox 985 3882 1049 3935; x_wconf 83' lang='grc' dir='ltr'>ὲκ</span> <span class='ocrx_word' id='word_1_509' title='bbox 1079 3881 1175 3934; x_wconf 77' lang='grc' dir='ltr'>τοῦ</span> <span class='ocrx_word' id='word_1_510' title='bbox 1216 3880 1427 3952; x_wconf 78' lang='grc' dir='ltr'>Πατρδς</span> <span class='ocrx_word' id='word_1_511' title='bbox 1454 3920 1469 3943; x_wconf 88' lang='grc'><strong>,</strong></span> <span class='ocrx_word' id='word_1_512' title='bbox 1502 3881 1598 3933; x_wconf 76' lang='grc' dir='ltr'>καὶ</span> <span class='ocrx_word' id='word_1_513' title='bbox 1624 3879 1884 3952; x_wconf 80' lang='grc' dir='ltr'>ἀληθινὸς</span> 
     </span>
    </p>
   </div>
   <div class='ocr_carea' id='block_1_69' title="bbox 291 3969 1880 4047">
    <p class='ocr_par' dir='ltr' id='par_1_69' title="bbox 291 3969 1880 4047">
     <span class='ocr_line' id='line_1_69' title="bbox 291 3969 1880 4047; baseline -0.004 -17"><span class='ocrx_word' id='word_1_514' title='bbox 291 3976 398 4030; x_wconf 69' lang='grc' dir='ltr'><strong>καὶ</strong></span> <span class='ocrx_word' id='word_1_515' title='bbox 432 3975 568 4038; x_wconf 74' lang='grc' dir='ltr'>ἴδιος</span> <span class='ocrx_word' id='word_1_516' title='bbox 595 3970 665 4047; x_wconf 80' lang='grc' dir='ltr'>ἦν</span> <span class='ocrx_word' id='word_1_517' title='bbox 700 3974 813 4047; x_wconf 85' lang='grc'>(85)</span> <span class='ocrx_word' id='word_1_518' title='bbox 846 3971 1014 4027; x_wconf 80' lang='grc' dir='ltr'>αὐτοῦ</span> <span class='ocrx_word' id='word_1_519' title='bbox 1052 3976 1081 4027; x_wconf 92' lang='lat'><strong>6</strong></span> <span class='ocrx_word' id='word_1_520' title='bbox 1106 3973 1297 4041; x_wconf 82' lang='grc' dir='ltr'>Λόγος,</span> <span class='ocrx_word' id='word_1_521' title='bbox 1330 3973 1359 4025; x_wconf 91' lang='lat'><strong>6</strong></span> <span class='ocrx_word' id='word_1_522' title='bbox 1388 3971 1679 4041; x_wconf 83' lang='grc' dir='ltr'>γενόμενος</span> <span class='ocrx_word' id='word_1_523' title='bbox 1720 3969 1880 4042; x_wconf 81' lang='grc' dir='ltr'>σάρξ.</span> 
     </span>
    </p>
   </div>
   <div class='ocr_carea' id='block_1_70' title="bbox 291 4063 1883 4137">
    <p class='ocr_par' dir='ltr' id='par_1_70' title="bbox 291 4063 1883 4137">
     <span class='ocr_line' id='line_1_70' title="bbox 291 4063 1883 4137; baseline -0.002 -16"><span class='ocrx_word' id='word_1_524' title='bbox 291 4068 400 4121; x_wconf 76' lang='grc' dir='ltr'>Διὰ</span> <span class='ocrx_word' id='word_1_525' title='bbox 428 4066 588 4121; x_wconf 73' lang='grc' dir='ltr'>τοῦτο</span> <span class='ocrx_word' id='word_1_526' title='bbox 620 4068 730 4137; x_wconf 80' lang='grc' dir='ltr'><strong>γάρ</strong></span> <span class='ocrx_word' id='word_1_527' title='bbox 755 4066 980 4137; x_wconf 74' lang='grc' dir='ltr'>τοιαύτη</span> <span class='ocrx_word' id='word_1_528' title='bbox 1005 4066 1228 4134; x_wconf 82' lang='grc' dir='ltr'>γέγονεν</span> <span class='ocrx_word' id='word_1_529' title='bbox 1258 4068 1290 4136; x_wconf 74' lang='grc' dir='ltr'><strong>ἡ</strong></span> <span class='ocrx_word' id='word_1_530' title='bbox 1324 4065 1589 4133; x_wconf 70' lang='grc' dir='ltr'>συνάφεια</span> <span class='ocrx_word' id='word_1_531' title='bbox 1620 4063 1757 4133; x_wconf 87' lang='grc'>(86),</span> <span class='ocrx_word' id='word_1_532' title='bbox 1795 4064 1883 4118; x_wconf 81' lang='grc' dir='ltr'>ἵνα</span> 
     </span>
    </p>
   </div>
   <div class='ocr_carea' id='block_1_71' title="bbox 291 4153 1883 4229">
    <p class='ocr_par' dir='ltr' id='par_1_71' title="bbox 291 4153 1883 4229">
     <span class='ocr_line' id='line_1_71' title="bbox 291 4153 1883 4229; baseline -0.003 -17"><span class='ocrx_word' id='word_1_533' title='bbox 291 4158 380 4229; x_wconf 81' lang='grc' dir='ltr'>τῷ</span> <span class='ocrx_word' id='word_1_534' title='bbox 412 4159 556 4212; x_wconf 82' lang='grc' dir='ltr'><strong>κατά</strong></span> <span class='ocrx_word' id='word_1_535' title='bbox 586 4158 749 4227; x_wconf 74' lang='grc' dir='ltr'>φύσιν</span> <span class='ocrx_word' id='word_1_536' title='bbox 772 4158 874 4227; x_wconf 85' lang='grc' dir='ltr'><strong>τῆς</strong></span> <span class='ocrx_word' id='word_1_537' title='bbox 901 4157 1151 4227; x_wconf 78' lang='grc' dir='ltr'>θεότητος</span> <span class='ocrx_word' id='word_1_538' title='bbox 1184 4156 1395 4228; x_wconf 63' lang='grc' dir='ltr'>συνάψῃ</span> <span class='ocrx_word' id='word_1_539' title='bbox 1425 4156 1517 4209; x_wconf 87' lang='grc' dir='ltr'><strong>τὸν</strong></span> <span class='ocrx_word' id='word_1_540' title='bbox 1546 4153 1688 4208; x_wconf 79' lang='grc' dir='ltr'>κατά</span> <span class='ocrx_word' id='word_1_541' title='bbox 1719 4154 1883 4224; x_wconf 69' lang='grc' dir='ltr'>φύσιν</span> 
     </span>
    </p>
   </div>
   <div class='ocr_carea' id='block_1_72' title="bbox 294 4247 1882 4323">
    <p class='ocr_par' dir='ltr' id='par_1_72' title="bbox 294 4247 1882 4323">
     <span class='ocr_line' id='line_1_72' title="bbox 294 4247 1882 4323; baseline -0.004 -18"><span class='ocrx_word' id='word_1_542' title='bbox 294 4251 588 4323; x_wconf 71' lang='grc' dir='ltr'>ἄνθρωπον</span> <span class='ocrx_word' id='word_1_543' title='bbox 622 4250 755 4321; x_wconf 82' lang='grc'>(87),</span> <span class='ocrx_word' id='word_1_544' title='bbox 792 4250 888 4304; x_wconf 68' lang='grc' dir='ltr'><strong>κει)⁸</strong></span> <span class='ocrx_word' id='word_1_545' title='bbox 918 4249 1109 4320; x_wconf 74' lang='grc' dir='ltr'>βεϐαία</span> <span class='ocrx_word' id='word_1_546' title='bbox 1145 4248 1429 4320; x_wconf 82' lang='grc' dir='ltr'>γένηταιὴ</span> <span class='ocrx_word' id='word_1_547' title='bbox 1463 4247 1711 4319; x_wconf 84' lang='grc' dir='ltr'>σωτηρία</span> <span class='ocrx_word' id='word_1_548' title='bbox 1737 4285 1752 4310; x_wconf 87' lang='grc'><strong>,</strong></span> <span class='ocrx_word' id='word_1_549' title='bbox 1784 4247 1882 4300; x_wconf 74' lang='grc' dir='ltr'><strong>καὶ</strong></span> 
     </span>
    </p>
   </div>
   <div class='ocr_carea' id='block_1_73' title="bbox 292 4337 1881 4415">
    <p class='ocr_par' dir='ltr' id='par_1_73' title="bbox 292 4337 1881 4415">
     <span class='ocr_line' id='line_1_73' title="bbox 292 4337 1881 4415; baseline -0.004 -17"><span class='ocrx_word' id='word_1_550' title='bbox 292 4347 332 4415; x_wconf 72' lang='grc' dir='ltr'>ἡ</span> <span class='ocrx_word' id='word_1_551' title='bbox 366 4342 684 4413; x_wconf 86' lang='grc' dir='ltr'>θεοποίησις</span> <span class='ocrx_word' id='word_1_552' title='bbox 724 4342 916 4398; x_wconf 76' lang='grc' dir='ltr'>αὐτοῦ.</span> <span class='ocrx_word' id='word_1_553' title='bbox 973 4341 1185 4397; x_wconf 78' lang='grc' dir='ltr'>Οὐκοῦν</span> <span class='ocrx_word' id='word_1_554' title='bbox 1212 4342 1261 4395; x_wconf 81' lang='grc' dir='ltr'>οἱ</span> <span class='ocrx_word' id='word_1_555' title='bbox 1314 4340 1639 4411; x_wconf 82' lang='grc' dir='ltr'>ἀρνούμενοι</span> <span class='ocrx_word' id='word_1_556' title='bbox 1687 4341 1752 4393; x_wconf 78' lang='grc' dir='ltr'>ὲκ</span> <span class='ocrx_word' id='word_1_557' title='bbox 1785 4337 1881 4393; x_wconf 81' lang='grc' dir='ltr'>τοῦ</span> 
     </span>
    </p>
   </div>
   <div class='ocr_carea' id='block_1_74' title="bbox 292 4433 1883 4511">
    <p class='ocr_par' dir='ltr' id='par_1_74' title="bbox 292 4433 1883 4511">
     <span class='ocr_line' id='line_1_74' title="bbox 292 4433 1883 4511; baseline -0.003 -19"><span class='ocrx_word' id='word_1_558' title='bbox 292 4438 517 4511; x_wconf 59' lang='grc' dir='ltr'>Πατρὶς</span> <span class='ocrx_word' id='word_1_559' title='bbox 546 4435 688 4492; x_wconf 82' lang='grc' dir='ltr'>εἶναι</span> <span class='ocrx_word' id='word_1_560' title='bbox 714 4438 896 4507; x_wconf 80' lang='grc' dir='ltr'>φύσει,</span> <span class='ocrx_word' id='word_1_561' title='bbox 931 4439 1025 4491; x_wconf 69' lang='grc' dir='ltr'>καὶ</span> <span class='ocrx_word' id='word_1_562' title='bbox 1054 4437 1185 4491; x_wconf 73' lang='grc' dir='ltr'>ἴδιον</span> <span class='ocrx_word' id='word_1_563' title='bbox 1213 4434 1314 4505; x_wconf 77' lang='grc' dir='ltr'><strong>τῆς</strong></span> <span class='ocrx_word' id='word_1_564' title='bbox 1347 4433 1535 4497; x_wconf 80' lang='grc' dir='ltr'>οὐσίας</span> <span class='ocrx_word' id='word_1_565' title='bbox 1569 4433 1682 4505; x_wconf 89' lang='lat'><strong>(88)</strong></span> <span class='ocrx_word' id='word_1_566' title='bbox 1716 4433 1883 4487; x_wconf 76' lang='grc' dir='ltr'>αὐτοῦ</span> 
     </span>
    </p>
   </div>
   <div class='ocr_carea' id='block_1_75' title="bbox 290 4524 1961 4620">
    <p class='ocr_par' dir='ltr' id='par_1_75' title="bbox 290 4524 1961 4620">
     <span class='ocr_line' id='line_1_75' title="bbox 290 4524 1961 4620; baseline -0.005 -35"><span class='ocrx_word' id='word_1_567' title='bbox 290 4532 391 4585; x_wconf 70' lang='grc' dir='ltr'><strong>τὸν</strong></span> <span class='ocrx_word' id='word_1_568' title='bbox 419 4532 571 4593; x_wconf 74' lang='grc' dir='ltr'>Υἱον,</span> <span class='ocrx_word' id='word_1_569' title='bbox 612 4530 1050 4602; x_wconf 86' lang='grc' dir='ltr'>ἀρνησάσθωσαν</span> <span class='ocrx_word' id='word_1_570' title='bbox 1091 4528 1203 4600; x_wconf 90' lang='grc'>(89)</span> <span class='ocrx_word' id='word_1_571' title='bbox 1254 4526 1348 4620; x_wconf 70' lang='grc' dir='ltr'>καὶ</span> <span class='ocrx_word' id='word_1_572' title='bbox 1401 4525 1673 4620; x_wconf 81' lang='grc' dir='ltr'>ἀληθινὴν</span> <span class='ocrx_word' id='word_1_573' title='bbox 1696 4524 1877 4620; x_wconf 78' lang='grc' dir='ltr'>σάρκα</span> <span class='ocrx_word' id='word_1_574' title='bbox 1913 4562 1961 4620; x_wconf 76' lang='lat' dir='ltr'><strong>D</strong></span> 
     </span>
    </p>
   </div>
   <div class='ocr_carea' id='block_1_76' title="bbox 291 4617 1878 4694">
    <p class='ocr_par' dir='ltr' id='par_1_76' title="bbox 291 4617 1878 4694">
     <span class='ocr_line' id='line_1_76' title="bbox 291 4617 1878 4694; baseline -0.004 -16"><span class='ocrx_word' id='word_1_575' title='bbox 291 4624 391 4678; x_wconf 73' lang='grc' dir='ltr'><strong>καὶ</strong></span> <span class='ocrx_word' id='word_1_576' title='bbox 418 4622 531 4694; x_wconf 72' lang='grc'>(90)</span> <span class='ocrx_word' id='word_1_577' title='bbox 555 4622 906 4694; x_wconf 84' lang='grc' dir='ltr'>ἀνθρωπίνην</span> <span class='ocrx_word' id='word_1_578' title='bbox 925 4620 1088 4676; x_wconf 76' lang='grc' dir='ltr'>αὐτὸν</span> <span class='ocrx_word' id='word_1_579' title='bbox 1119 4619 1401 4689; x_wconf 76' lang='grc' dir='ltr'>εἰληφέναι</span> <span class='ocrx_word' id='word_1_580' title='bbox 1426 4618 1538 4689; x_wconf 87' lang='lat'><strong>(9|)</strong></span> <span class='ocrx_word' id='word_1_581' title='bbox 1567 4619 1632 4671; x_wconf 84' lang='grc' dir='ltr'>ὲκ</span> <span class='ocrx_word' id='word_1_582' title='bbox 1660 4617 1878 4688; x_wconf 85' lang='grc' dir='ltr'>Μαρίας</span> 
     </span>
    </p>
   </div>
   <div class='ocr_carea' id='block_1_77' title="bbox 293 4710 1879 4787">
    <p class='ocr_par' dir='ltr' id='par_1_77' title="bbox 293 4710 1879 4787">
     <span class='ocr_line' id='line_1_77' title="bbox 293 4710 1879 4787; baseline -0.005 -17"><span class='ocrx_word' id='word_1_583' title='bbox 293 4718 398 4787; x_wconf 82' lang='grc' dir='ltr'>τῆς</span> <span class='ocrx_word' id='word_1_584' title='bbox 442 4716 718 4787; x_wconf 80' lang='grc' dir='ltr'>παρθένου</span> <span class='ocrx_word' id='word_1_585' title='bbox 747 4714 881 4785; x_wconf 76' lang='grc' dir='ltr'>(9Ξ).</span> <span class='ocrx_word' id='word_1_586' title='bbox 918 4714 1027 4769; x_wconf 85' lang='grc' dir='ltr'><strong>Τοῦ</strong></span> <span class='ocrx_word' id='word_1_587' title='bbox 1049 4712 1268 4774; x_wconf 80' lang='grc' dir='ltr'>αὑτοῦ,</span> <span class='ocrx_word' id='word_1_588' title='bbox 1291 4712 1360 4766; x_wconf 79' lang='grc' dir='ltr'>ἐκ</span> <span class='ocrx_word' id='word_1_589' title='bbox 1390 4710 1502 4779; x_wconf 81' lang='grc' dir='ltr'>τῆς</span> <span class='ocrx_word' id='word_1_590' title='bbox 1535 4713 1687 4779; x_wconf 78' lang='grc' dir='ltr'>πρὸς</span> <span class='ocrx_word' id='word_1_591' title='bbox 1722 4710 1879 4763; x_wconf 76' lang='grc' dir='ltr'>Ἐπί-</span> 
     </span>
    </p>
   </div>
   <div class='ocr_carea' id='block_1_78' title="bbox 293 4798 1879 4877">
    <p class='ocr_par' dir='ltr' id='par_1_78' title="bbox 293 4798 1879 4877">
     <span class='ocr_line' id='line_1_78' title="bbox 293 4798 1879 4877; baseline -0.007 -14"><span class='ocrx_word' id='word_1_592' title='bbox 293 4826 523 4877; x_wconf 56' lang='lat' dir='ltr'><strong>amtor</strong></span> <span class='ocrx_word' id='word_1_593' title='bbox 557 4806 907 4874; x_wconf 77' lang='grc' dir='ltr'>ἐπιστολῆς.</span> <span class='ocrx_word' id='word_1_594' title='bbox 941 4806 1002 4859; x_wconf 78' lang='lat' dir='ltr'><strong>Ei</strong></span> <span class='ocrx_word' id='word_1_595' title='bbox 1039 4804 1127 4859; x_wconf 75' lang='grc' dir='ltr'>διὰ</span> <span class='ocrx_word' id='word_1_596' title='bbox 1151 4803 1213 4857; x_wconf 81' lang='grc' dir='ltr'><strong>τὸ</strong></span> <span class='ocrx_word' id='word_1_597' title='bbox 1242 4798 1380 4857; x_wconf 78' lang='grc' dir='ltr'>εἶναι</span> <span class='ocrx_word' id='word_1_598' title='bbox 1408 4802 1503 4857; x_wconf 74' lang='grc' dir='ltr'><strong>καὶ</strong></span> <span class='ocrx_word' id='word_1_599' title='bbox 1527 4800 1786 4870; x_wconf 78' lang='grc' dir='ltr'>λέγεσθαι</span> <span class='ocrx_word' id='word_1_600' title='bbox 1821 4802 1879 4852; x_wconf 75' lang='grc' dir='ltr'>ἐν</span> 
     </span>
    </p>
   </div>
   <div class='ocr_carea' id='block_1_79' title="bbox 301 4889 1880 4971">
    <p class='ocr_par' dir='ltr' id='par_1_79' title="bbox 301 4889 1880 4971">
     <span class='ocr_line' id='line_1_79' title="bbox 301 4889 1880 4971; baseline -0.007 -17"><span class='ocrx_word' id='word_1_601' title='bbox 301 4903 415 4965; x_wconf 77' lang='grc' dir='ltr'>ταῖς</span> <span class='ocrx_word' id='word_1_602' title='bbox 450 4901 699 4971; x_wconf 78' lang='grc' dir='ltr'>Γραφαῖς</span> <span class='ocrx_word' id='word_1_603' title='bbox 732 4902 797 4952; x_wconf 81' lang='grc' dir='ltr'>ἐκ</span> <span class='ocrx_word' id='word_1_604' title='bbox 836 4897 1058 4969; x_wconf 86' lang='grc' dir='ltr'>Μαρίας</span> <span class='ocrx_word' id='word_1_605' title='bbox 1107 4893 1249 4949; x_wconf 80' lang='grc' dir='ltr'>εἶναι</span> <span class='ocrx_word' id='word_1_606' title='bbox 1282 4896 1376 4949; x_wconf 72' lang='grc' dir='ltr'>καὶ</span> <span class='ocrx_word' id='word_1_607' title='bbox 1427 4892 1768 4964; x_wconf 83' lang='grc' dir='ltr'>ἀνθρώπινον</span> <span class='ocrx_word' id='word_1_608' title='bbox 1819 4889 1880 4943; x_wconf 84' lang='grc' dir='ltr'>τὸ</span> 
     </span>
    </p>
   </div>
   <div class='ocr_carea' id='block_1_80' title="bbox 294 4981 1880 5063">
    <p class='ocr_par' dir='ltr' id='par_1_80' title="bbox 294 4981 1880 5063">
     <span class='ocr_line' id='line_1_80' title="bbox 294 4981 1880 5063; baseline -0.008 -15"><span class='ocrx_word' id='word_1_609' title='bbox 294 4992 459 5061; x_wconf 71' lang='grc' dir='ltr'>σῶμα</span> <span class='ocrx_word' id='word_1_610' title='bbox 488 4991 582 5046; x_wconf 78' lang='grc' dir='ltr'>τοῦ</span> <span class='ocrx_word' id='word_1_611' title='bbox 610 4991 888 5063; x_wconf 81' lang='grc' dir='ltr'>Σωτῆρος,</span> <span class='ocrx_word' id='word_1_612' title='bbox 914 4989 1228 5059; x_wconf 72' lang='grc' dir='ltr'>νομίζουσιν</span> <span class='ocrx_word' id='word_1_613' title='bbox 1248 4987 1369 5041; x_wconf 72' lang='grc' dir='ltr'>ἀντὶ</span> <span class='ocrx_word' id='word_1_614' title='bbox 1391 4984 1620 5057; x_wconf 84' lang='grc' dir='ltr'>Τριάδος</span> <span class='ocrx_word' id='word_1_615' title='bbox 1647 4981 1880 5055; x_wconf 73' lang='grc' dir='ltr'>τετράδα</span> 
     </span>
    </p>
   </div>
   <div class='ocr_carea' id='block_1_81' title="bbox 298 5072 1878 5154">
    <p class='ocr_par' dir='ltr' id='par_1_81' title="bbox 298 5072 1878 5154">
     <span class='ocr_line' id='line_1_81' title="bbox 298 5072 1878 5154; baseline -0.004 -16"><span class='ocrx_word' id='word_1_616' title='bbox 298 5084 587 5154; x_wconf 74' lang='grc' dir='ltr'>λέγεσθαι,</span> <span class='ocrx_word' id='word_1_617' title='bbox 638 5083 716 5147; x_wconf 77' lang='grc' dir='ltr'>ὡς</span> <span class='ocrx_word' id='word_1_618' title='bbox 756 5083 1075 5154; x_wconf 85' lang='grc' dir='ltr'>προσθήκης</span> <span class='ocrx_word' id='word_1_619' title='bbox 1109 5079 1403 5150; x_wconf 80' lang='grc' dir='ltr'>γινομένης</span> <span class='ocrx_word' id='word_1_620' title='bbox 1444 5077 1533 5131; x_wconf 81' lang='grc' dir='ltr'>διὰ</span> <span class='ocrx_word' id='word_1_621' title='bbox 1579 5076 1640 5129; x_wconf 79' lang='grc' dir='ltr'><strong>τὸ</strong></span> <span class='ocrx_word' id='word_1_622' title='bbox 1680 5072 1878 5144; x_wconf 82' lang='grc' dir='ltr'>σῶμα.</span> 
     </span>
    </p>
   </div>
   <div class='ocr_carea' id='block_1_82' title="bbox 2203 3231 3352 3305">
    <p class='ocr_par' dir='ltr' id='par_1_82' title="bbox 2203 3231 3352 3305">
     <span class='ocr_line' id='line_1_82' title="bbox 2203 3231 3352 3305; baseline 0.003 -18"><span class='ocrx_word' id='word_1_623' title='bbox 2203 3231 2387 3287; x_wconf 78' lang='lat' dir='ltr'><strong>Sancti</strong></span> <span class='ocrx_word' id='word_1_624' title='bbox 2414 3231 2692 3288; x_wconf 76' lang='lat' dir='ltr'><strong>Athanasii</strong></span> <span class='ocrx_word' id='word_1_625' title='bbox 2726 3234 2952 3305; x_wconf 77' lang='lat' dir='ltr'><strong>episcopi</strong></span> <span class='ocrx_word' id='word_1_626' title='bbox 2984 3233 3352 3291; x_wconf 77' lang='lat' dir='ltr'><strong>Alexandrini.</strong></span> 
     </span>
    </p>
   </div>
   <div class='ocr_carea' id='block_1_83' title="bbox 2057 3411 3570 3487">
    <p class='ocr_par' dir='ltr' id='par_1_83' title="bbox 2057 3411 3570 3487">
     <span class='ocr_line' id='line_1_83' title="bbox 2057 3411 3570 3487; baseline 0.005 -22"><span class='ocrx_word' id='word_1_627' title='bbox 2057 3411 2142 3466; x_wconf 75' lang='lat' dir='ltr'><strong>Ea:</strong></span> <span class='ocrx_word' id='word_1_628' title='bbox 2171 3412 2411 3466; x_wconf 79' lang='lat' dir='ltr'><strong>oratione</strong></span> <span class='ocrx_word' id='word_1_629' title='bbox 2444 3413 2673 3468; x_wconf 79' lang='lat' dir='ltr'><strong>secunda</strong></span> <span class='ocrx_word' id='word_1_630' title='bbox 2709 3419 2893 3468; x_wconf 84' lang='lat' dir='ltr'><strong>contra</strong></span> <span class='ocrx_word' id='word_1_631' title='bbox 2928 3414 3167 3469; x_wconf 77' lang='lat' dir='ltr'><strong>hwrescs.</strong></span> <span class='ocrx_word' id='word_1_632' title='bbox 3211 3416 3279 3470; x_wconf 87' lang='lat' dir='ltr'><strong>Et</strong></span> <span class='ocrx_word' id='word_1_633' title='bbox 3307 3417 3570 3487; x_wconf 77' lang='lat' dir='ltr'><strong>quemad-</strong></span> 
     </span>
    </p>
   </div>
   <div class='ocr_carea' id='block_1_84' title="bbox 1985 3504 3570 3574">
    <p class='ocr_par' dir='ltr' id='par_1_84' title="bbox 1985 3504 3570 3574">
     <span class='ocr_line' id='line_1_84' title="bbox 1985 3504 3570 3574; baseline 0.003 -16"><span class='ocrx_word' id='word_1_634' title='bbox 1985 3504 2209 3559; x_wconf 91' lang='lat' dir='ltr'><strong>modum</strong></span> <span class='ocrx_word' id='word_1_635' title='bbox 2247 3504 2468 3561; x_wconf 90' lang='lat' dir='ltr'><strong>liberati</strong></span> <span class='ocrx_word' id='word_1_636' title='bbox 2513 3520 2625 3559; x_wconf 92' lang='lat' dir='ltr'><strong>non</strong></span> <span class='ocrx_word' id='word_1_637' title='bbox 2661 3520 2911 3560; x_wconf 84' lang='lat' dir='ltr'><strong>essemus</strong></span> <span class='ocrx_word' id='word_1_638' title='bbox 2943 3520 2973 3559; x_wconf 91' lang='lat' dir='ltr'><strong>a</strong></span> <span class='ocrx_word' id='word_1_639' title='bbox 3007 3514 3233 3574; x_wconf 86' lang='lat' dir='ltr'><strong>peccato</strong></span> <span class='ocrx_word' id='word_1_640' title='bbox 3258 3517 3313 3562; x_wconf 91' lang='lat' dir='ltr'><strong>et</strong></span> <span class='ocrx_word' id='word_1_641' title='bbox 3341 3524 3370 3562; x_wconf 92' lang='lat' dir='ltr'><strong>a</strong></span> <span class='ocrx_word' id='word_1_642' title='bbox 3400 3511 3570 3563; x_wconf 88' lang='lat' dir='ltr'><strong>male-</strong></span> 
     </span>
    </p>
   </div>
   <div class='ocr_carea' id='block_1_85' title="bbox 1985 3596 3572 3668">
    <p class='ocr_par' dir='ltr' id='par_1_85' title="bbox 1985 3596 3572 3668">
     <span class='ocr_line' id='line_1_85' title="bbox 1985 3596 3572 3668; baseline 0.001 -17"><span class='ocrx_word' id='word_1_643' title='bbox 1985 3596 2366 3661; x_wconf 87' lang='lat' dir='ltr'><strong>dictione,nisi</strong></span> <span class='ocrx_word' id='word_1_644' title='bbox 2387 3606 2581 3655; x_wconf 84' lang='lat' dir='ltr'><strong>natura</strong></span> <span class='ocrx_word' id='word_1_645' title='bbox 2604 3613 2733 3651; x_wconf 90' lang='lat' dir='ltr'><strong>caro</strong></span> <span class='ocrx_word' id='word_1_646' title='bbox 2756 3598 2994 3650; x_wconf 87' lang='lat' dir='ltr'><strong>humana</strong></span> <span class='ocrx_word' id='word_1_647' title='bbox 3013 3598 3226 3662; x_wconf 81' lang='lat' dir='ltr'><strong>fuisset,</strong></span> <span class='ocrx_word' id='word_1_648' title='bbox 3262 3615 3427 3668; x_wconf 88' lang='lat' dir='ltr'><strong>quam</strong></span> <span class='ocrx_word' id='word_1_649' title='bbox 3441 3601 3572 3654; x_wconf 85' lang='lat' dir='ltr'><strong>Ver-</strong></span> 
     </span>
    </p>
   </div>
   <div class='ocr_carea' id='block_1_86' title="bbox 1984 3686 3560 3758">
    <p class='ocr_par' dir='ltr' id='par_1_86' title="bbox 1984 3686 3560 3758">
     <span class='ocr_line' id='line_1_86' title="bbox 1984 3686 3560 3758; baseline 0.001 -16"><span class='ocrx_word' id='word_1_650' title='bbox 1984 3688 2115 3742; x_wconf 89' lang='lat' dir='ltr'><strong>bum</strong></span> <span class='ocrx_word' id='word_1_651' title='bbox 2131 3687 2310 3742; x_wconf 88' lang='lat' dir='ltr'><strong>induit</strong></span> <span class='ocrx_word' id='word_1_652' title='bbox 2327 3686 2486 3758; x_wconf 81' lang='lat' dir='ltr'><strong>(nihil</strong></span> <span class='ocrx_word' id='word_1_653' title='bbox 2498 3687 2646 3741; x_wconf 91' lang='lat' dir='ltr'><strong>enim</strong></span> <span class='ocrx_word' id='word_1_654' title='bbox 2663 3687 2823 3741; x_wconf 89' lang='lat' dir='ltr'><strong>nobis</strong></span> <span class='ocrx_word' id='word_1_655' title='bbox 2839 3702 3129 3742; x_wconf 89' lang='lat' dir='ltr'><strong>commune</strong></span> <span class='ocrx_word' id='word_1_656' title='bbox 3151 3688 3426 3742; x_wconf 79' lang='lat' dir='ltr'><strong>foretcum</strong></span> <span class='ocrx_word' id='word_1_657' title='bbox 3442 3689 3560 3744; x_wconf 76' lang='lat' dir='ltr'><strong>alic-</strong></span> 
     </span>
    </p>
   </div>
   <div class='ocr_carea' id='block_1_87' title="bbox 1985 3776 3571 3851">
    <p class='ocr_par' dir='ltr' id='par_1_87' title="bbox 1985 3776 3571 3851">
     <span class='ocr_line' id='line_1_87' title="bbox 1985 3776 3571 3851; baseline 0.001 -18"><span class='ocrx_word' id='word_1_658' title='bbox 1985 3776 2102 3851; x_wconf 92' lang='lat' dir='ltr'><strong>no),</strong></span> <span class='ocrx_word' id='word_1_659' title='bbox 2132 3779 2206 3835; x_wconf 89' lang='lat' dir='ltr'><strong>ita</strong></span> <span class='ocrx_word' id='word_1_660' title='bbox 2234 3794 2336 3834; x_wconf 89' lang='lat' dir='ltr'><strong>nec</strong></span> <span class='ocrx_word' id='word_1_661' title='bbox 2360 3778 2527 3833; x_wconf 88' lang='lat' dir='ltr'><strong>homo</strong></span> <span class='ocrx_word' id='word_1_662' title='bbox 2549 3777 2836 3833; x_wconf 83' lang='lat' dir='ltr'><strong>deiﬁcatus</strong></span> <span class='ocrx_word' id='word_1_663' title='bbox 2856 3776 3139 3840; x_wconf 88' lang='lat' dir='ltr'><strong>esset,nisi</strong></span> <span class='ocrx_word' id='word_1_664' title='bbox 3166 3786 3363 3833; x_wconf 91' lang='lat' dir='ltr'><strong>natura</strong></span> <span class='ocrx_word' id='word_1_665' title='bbox 3389 3795 3454 3834; x_wconf 80' lang='lat' dir='ltr'><strong>ex</strong></span> <span class='ocrx_word' id='word_1_666' title='bbox 3474 3780 3571 3834; x_wconf 82' lang='lat' dir='ltr'><strong>Pa-</strong></span> 
     </span>
    </p>
   </div>
   <div class='ocr_carea' id='block_1_88' title="bbox 1988 3870 3572 3943">
    <p class='ocr_par' dir='ltr' id='par_1_88' title="bbox 1988 3870 3572 3943">
     <span class='ocr_line' id='line_1_88' title="bbox 1988 3870 3572 3943; baseline 0.001 -17"><span class='ocrx_word' id='word_1_667' title='bbox 1988 3879 2093 3937; x_wconf 87' lang='lat' dir='ltr'><strong>tre,</strong></span> <span class='ocrx_word' id='word_1_668' title='bbox 2118 3887 2426 3942; x_wconf 86' lang='lat' dir='ltr'><strong>verumque</strong></span> <span class='ocrx_word' id='word_1_669' title='bbox 2459 3870 2816 3941; x_wconf 89' lang='lat' dir='ltr'><strong>etproprium</strong></span> <span class='ocrx_word' id='word_1_670' title='bbox 2835 3870 2956 3942; x_wconf 85' lang='lat' dir='ltr'><strong>ejus</strong></span> <span class='ocrx_word' id='word_1_671' title='bbox 2980 3871 3221 3926; x_wconf 86' lang='lat' dir='ltr'><strong>Verhum</strong></span> <span class='ocrx_word' id='word_1_672' title='bbox 3242 3874 3572 3943; x_wconf 87' lang='lat' dir='ltr'><strong>esset,qued</strong></span> 
     </span>
    </p>
   </div>
   <div class='ocr_carea' id='block_1_89' title="bbox 1985 3960 3570 4033">
    <p class='ocr_par' dir='ltr' id='par_1_89' title="bbox 1985 3960 3570 4033">
     <span class='ocr_line' id='line_1_89' title="bbox 1985 3960 3570 4033; baseline 0 -15"><span class='ocrx_word' id='word_1_673' title='bbox 1985 3978 2114 4018; x_wconf 89' lang='lat' dir='ltr'><strong>caro</strong></span> <span class='ocrx_word' id='word_1_674' title='bbox 2154 3962 2358 4017; x_wconf 83' lang='lat' dir='ltr'><strong>factum</strong></span> <span class='ocrx_word' id='word_1_675' title='bbox 2387 3971 2490 4017; x_wconf 83' lang='lat' dir='ltr'><strong>est.</strong></span> <span class='ocrx_word' id='word_1_676' title='bbox 2524 3961 2654 4016; x_wconf 85' lang='lat' dir='ltr'><strong>Ideo</strong></span> <span class='ocrx_word' id='word_1_677' title='bbox 2669 3961 2816 4017; x_wconf 90' lang='lat' dir='ltr'><strong>enim</strong></span> <span class='ocrx_word' id='word_1_678' title='bbox 2850 3961 2973 4016; x_wconf 90' lang='lat' dir='ltr'><strong>talis</strong></span> <span class='ocrx_word' id='word_1_679' title='bbox 2994 3960 3136 4018; x_wconf 78' lang='lat' dir='ltr'><strong>facta</strong></span> <span class='ocrx_word' id='word_1_680' title='bbox 3157 3971 3241 4017; x_wconf 88' lang='lat' dir='ltr'><strong>est</strong></span> <span class='ocrx_word' id='word_1_681' title='bbox 3270 3961 3570 4033; x_wconf 84' lang='lat' dir='ltr'><strong>copulatio,</strong></span> 
     </span>
    </p>
   </div>
   <div class='ocr_carea' id='block_1_90' title="bbox 1984 4050 3570 4123">
    <p class='ocr_par' dir='ltr' id='par_1_90' title="bbox 1984 4050 3570 4123">
     <span class='ocr_line' id='line_1_90' title="bbox 1984 4050 3570 4123; baseline 0.003 -16"><span class='ocrx_word' id='word_1_682' title='bbox 1984 4060 2048 4107; x_wconf 91' lang='lat' dir='ltr'><strong>ut</strong></span> <span class='ocrx_word' id='word_1_683' title='bbox 2083 4053 2134 4108; x_wconf 90' lang='lat' dir='ltr'><strong>ei</strong></span> <span class='ocrx_word' id='word_1_684' title='bbox 2168 4053 2262 4123; x_wconf 88' lang='lat' dir='ltr'><strong>qui</strong></span> <span class='ocrx_word' id='word_1_685' title='bbox 2275 4061 2471 4106; x_wconf 90' lang='lat' dir='ltr'><strong>natura</strong></span> <span class='ocrx_word' id='word_1_686' title='bbox 2487 4060 2571 4106; x_wconf 87' lang='lat' dir='ltr'><strong>est</strong></span> <span class='ocrx_word' id='word_1_687' title='bbox 2586 4050 2750 4116; x_wconf 82' lang='lat' dir='ltr'><strong>Deus,</strong></span> <span class='ocrx_word' id='word_1_688' title='bbox 2772 4052 2820 4107; x_wconf 89' lang='lat' dir='ltr'><strong>is</strong></span> <span class='ocrx_word' id='word_1_689' title='bbox 2837 4052 2931 4122; x_wconf 89' lang='lat' dir='ltr'><strong>qui</strong></span> <span class='ocrx_word' id='word_1_690' title='bbox 2948 4061 3143 4107; x_wconf 89' lang='lat' dir='ltr'><strong>natura</strong></span> <span class='ocrx_word' id='word_1_691' title='bbox 3160 4063 3246 4109; x_wconf 89' lang='lat' dir='ltr'><strong>est</strong></span> <span class='ocrx_word' id='word_1_692' title='bbox 3259 4053 3423 4109; x_wconf 87' lang='lat' dir='ltr'><strong>homo</strong></span> <span class='ocrx_word' id='word_1_693' title='bbox 3442 4070 3570 4111; x_wconf 88' lang='lat' dir='ltr'><strong>con-</strong></span> 
     </span>
    </p>
   </div>
   <div class='ocr_carea' id='block_1_91' title="bbox 1979 4143 3569 4219">
    <p class='ocr_par' dir='ltr' id='par_1_91' title="bbox 1979 4143 3569 4219">
     <span class='ocr_line' id='line_1_91' title="bbox 1979 4143 3569 4219; baseline -0.001 -19"><span class='ocrx_word' id='word_1_694' title='bbox 1979 4146 2325 4219; x_wconf 73' lang='lat' dir='ltr'><strong>iungeretur,</strong></span> <span class='ocrx_word' id='word_1_695' title='bbox 2342 4144 2604 4213; x_wconf 81' lang='lat' dir='ltr'><strong>tirmaque</strong></span> <span class='ocrx_word' id='word_1_696' title='bbox 2624 4143 2781 4199; x_wconf 84' lang='lat' dir='ltr'><strong>ﬁeret</strong></span> <span class='ocrx_word' id='word_1_697' title='bbox 2798 4146 2916 4215; x_wconf 78' lang='lat' dir='ltr'><strong>ejus</strong></span> <span class='ocrx_word' id='word_1_698' title='bbox 2928 4145 3073 4199; x_wconf 87' lang='lat' dir='ltr'><strong>salus</strong></span> <span class='ocrx_word' id='word_1_699' title='bbox 3088 4154 3143 4200; x_wconf 91' lang='lat' dir='ltr'><strong>ct</strong></span> <span class='ocrx_word' id='word_1_700' title='bbox 3158 4145 3451 4200; x_wconf 85' lang='lat' dir='ltr'><strong>deiﬁcatin.</strong></span> <span class='ocrx_word' id='word_1_701' title='bbox 3467 4146 3569 4213; x_wconf 79' lang='lat' dir='ltr'><strong>Qui</strong></span> 
     </span>
    </p>
   </div>
   <div class='ocr_carea' id='block_1_92' title="bbox 1984 4236 3570 4308">
    <p class='ocr_par' dir='ltr' id='par_1_92' title="bbox 1984 4236 3570 4308">
     <span class='ocr_line' id='line_1_92' title="bbox 1984 4236 3570 4308; baseline -0.002 -14"><span class='ocrx_word' id='word_1_702' title='bbox 1984 4252 2116 4308; x_wconf 87' lang='lat' dir='ltr'><strong>ergo</strong></span> <span class='ocrx_word' id='word_1_703' title='bbox 2135 4253 2200 4293; x_wconf 80' lang='lat' dir='ltr'><strong>ex</strong></span> <span class='ocrx_word' id='word_1_704' title='bbox 2222 4238 2380 4292; x_wconf 85' lang='lat' dir='ltr'><strong>Patre</strong></span> <span class='ocrx_word' id='word_1_705' title='bbox 2397 4236 2701 4291; x_wconf 87' lang='lat' dir='ltr'><strong>secundum</strong></span> <span class='ocrx_word' id='word_1_706' title='bbox 2720 4245 2974 4290; x_wconf 82' lang='lat' dir='ltr'><strong>naturam</strong></span> <span class='ocrx_word' id='word_1_707' title='bbox 2992 4251 3115 4292; x_wconf 89' lang='lat' dir='ltr'><strong>esse</strong></span> <span class='ocrx_word' id='word_1_708' title='bbox 3135 4246 3355 4308; x_wconf 87' lang='lat' dir='ltr'><strong>negant,</strong></span> <span class='ocrx_word' id='word_1_709' title='bbox 3375 4246 3431 4293; x_wconf 89' lang='lat' dir='ltr'><strong>et</strong></span> <span class='ocrx_word' id='word_1_710' title='bbox 3447 4253 3570 4308; x_wconf 89' lang='lat' dir='ltr'><strong>pro-</strong></span> 
     </span>
    </p>
   </div>
   <div class='ocr_carea' id='block_1_93' title="bbox 1986 4327 3568 4402">
    <p class='ocr_par' dir='ltr' id='par_1_93' title="bbox 1986 4327 3568 4402">
     <span class='ocr_line' id='line_1_93' title="bbox 1986 4327 3568 4402; baseline -0.001 -18"><span class='ocrx_word' id='word_1_711' title='bbox 1986 4331 2168 4400; x_wconf 90' lang='lat' dir='ltr'><strong>prium</strong></span> <span class='ocrx_word' id='word_1_712' title='bbox 2192 4328 2512 4384; x_wconf 67' lang='lat' dir='ltr'><strong>substantiae</strong></span> <span class='ocrx_word' id='word_1_713' title='bbox 2536 4327 2711 4398; x_wconf 88' lang='lat' dir='ltr'><strong>ipsius</strong></span> <span class='ocrx_word' id='word_1_714' title='bbox 2730 4328 2951 4393; x_wconf 88' lang='lat' dir='ltr'><strong>Filium,</strong></span> <span class='ocrx_word' id='word_1_715' title='bbox 2977 4338 3179 4400; x_wconf 83' lang='lat' dir='ltr'><strong>negent</strong></span> <span class='ocrx_word' id='word_1_716' title='bbox 3200 4328 3363 4384; x_wconf 88' lang='lat' dir='ltr'><strong>etiam</strong></span> <span class='ocrx_word' id='word_1_717' title='bbox 3390 4329 3568 4402; x_wconf 88' lang='lat' dir='ltr'><strong>ipsum</strong></span> 
     </span>
    </p>
   </div>
   <div class='ocr_carea' id='block_1_94' title="bbox 1985 4408 3569 4493">
    <p class='ocr_par' dir='ltr' id='par_1_94' title="bbox 1985 4408 3569 4493">
     <span class='ocr_line' id='line_1_94' title="bbox 1985 4408 3569 4493; baseline 0.001 -16"><span class='ocrx_word' id='word_1_718' title='bbox 1985 4438 2172 4478; x_wconf 84' lang='lat' dir='ltr'><strong>veram</strong></span> <span class='ocrx_word' id='word_1_719' title='bbox 2204 4437 2429 4479; x_wconf 85' lang='lat' dir='ltr'><strong>carnem</strong></span> <span class='ocrx_word' id='word_1_720' title='bbox 2466 4428 2523 4477; x_wconf 91' lang='lat' dir='ltr'><strong>et</strong></span> <span class='ocrx_word' id='word_1_721' title='bbox 2558 4408 2857 4476; x_wconf 87' lang='lat' dir='ltr'><strong>humanam</strong></span> <span class='ocrx_word' id='word_1_722' title='bbox 2885 4438 2954 4477; x_wconf 81' lang='lat' dir='ltr'><strong>ex</strong></span> <span class='ocrx_word' id='word_1_723' title='bbox 2981 4412 3148 4477; x_wconf 84' lang='lat' dir='ltr'><strong>Maria</strong></span> <span class='ocrx_word' id='word_1_724' title='bbox 3174 4423 3388 4493; x_wconf 89' lang='lat' dir='ltr'><strong>virgine</strong></span> <span class='ocrx_word' id='word_1_725' title='bbox 3416 4439 3569 4478; x_wconf 86' lang='lat' dir='ltr'><strong>sum-</strong></span> 
     </span>
    </p>
   </div>
   <div class='ocr_carea' id='block_1_95' title="bbox 1986 4513 3568 4586">
    <p class='ocr_par' dir='ltr' id='par_1_95' title="bbox 1986 4513 3568 4586">
     <span class='ocr_line' id='line_1_95' title="bbox 1986 4513 3568 4586; baseline -0.001 -16"><span class='ocrx_word' id='word_1_726' title='bbox 1986 4514 2179 4585; x_wconf 84' lang='lat' dir='ltr'><strong>psisse.</strong></span> <span class='ocrx_word' id='word_1_727' title='bbox 2197 4545 2267 4554; x_wconf 93' lang='lat'><strong>—</strong></span> <span class='ocrx_word' id='word_1_728' title='bbox 2295 4513 2451 4584; x_wconf 76' lang='lat'><strong>137</strong></span> <span class='ocrx_word' id='word_1_729' title='bbox 2468 4513 2744 4584; x_wconf 74' lang='lat' dir='ltr'><strong>Ejusdem,</strong></span> <span class='ocrx_word' id='word_1_730' title='bbox 2764 4515 2780 4534; x_wconf 86' lang='lat'>&#39;</span> <span class='ocrx_word' id='word_1_731' title='bbox 2810 4530 2873 4569; x_wconf 77' lang='lat' dir='ltr'><strong>ea:</strong></span> <span class='ocrx_word' id='word_1_732' title='bbox 2900 4514 3121 4586; x_wconf 75' lang='lat' dir='ltr'><strong>epistola</strong></span> <span class='ocrx_word' id='word_1_733' title='bbox 3150 4516 3221 4569; x_wconf 87' lang='lat' dir='ltr'><strong>ad</strong></span> <span class='ocrx_word' id='word_1_734' title='bbox 3251 4515 3568 4586; x_wconf 81' lang='lat' dir='ltr'><strong>Epictetum,</strong></span> 
     </span>
    </p>
   </div>
   <div class='ocr_carea' id='block_1_96' title="bbox 1987 4604 3568 4678">
    <p class='ocr_par' dir='ltr' id='par_1_96' title="bbox 1987 4604 3568 4678">
     <span class='ocr_line' id='line_1_96' title="bbox 1987 4604 3568 4678; baseline -0.001 -17"><span class='ocrx_word' id='word_1_735' title='bbox 1987 4606 2043 4661; x_wconf 92' lang='lat' dir='ltr'><strong>Si</strong></span> <span class='ocrx_word' id='word_1_736' title='bbox 2076 4622 2143 4661; x_wconf 77' lang='lat' dir='ltr'><strong>ex</strong></span> <span class='ocrx_word' id='word_1_737' title='bbox 2171 4622 2239 4661; x_wconf 92' lang='lat' dir='ltr'><strong>eo</strong></span> <span class='ocrx_word' id='word_1_738' title='bbox 2269 4604 2417 4676; x_wconf 86' lang='lat' dir='ltr'><strong>quod</strong></span> <span class='ocrx_word' id='word_1_739' title='bbox 2451 4604 2521 4659; x_wconf 90' lang='lat' dir='ltr'><strong>sit</strong></span> <span class='ocrx_word' id='word_1_740' title='bbox 2551 4613 2608 4661; x_wconf 89' lang='lat' dir='ltr'><strong>et</strong></span> <span class='ocrx_word' id='word_1_741' title='bbox 2633 4605 2851 4661; x_wconf 89' lang='lat' dir='ltr'><strong>dicatur</strong></span> <span class='ocrx_word' id='word_1_742' title='bbox 2886 4606 2945 4661; x_wconf 90' lang='lat' dir='ltr'><strong>in</strong></span> <span class='ocrx_word' id='word_1_743' title='bbox 2979 4605 3281 4678; x_wconf 84' lang='lat' dir='ltr'><strong>Scripturis</strong></span> <span class='ocrx_word' id='word_1_744' title='bbox 3307 4623 3373 4662; x_wconf 81' lang='lat' dir='ltr'><strong>ex</strong></span> <span class='ocrx_word' id='word_1_745' title='bbox 3403 4606 3568 4662; x_wconf 83' lang='lat' dir='ltr'><strong>Maria</strong></span> 
     </span>
    </p>
   </div>
   <div class='ocr_carea' id='block_1_97' title="bbox 1984 4696 3570 4769">
    <p class='ocr_par' dir='ltr' id='par_1_97' title="bbox 1984 4696 3570 4769">
     <span class='ocr_line' id='line_1_97' title="bbox 1984 4696 3570 4769; baseline -0.001 -16"><span class='ocrx_word' id='word_1_746' title='bbox 1984 4714 2107 4753; x_wconf 87' lang='lat' dir='ltr'><strong>esse</strong></span> <span class='ocrx_word' id='word_1_747' title='bbox 2150 4698 2563 4768; x_wconf 87' lang='lat' dir='ltr'><strong>humanumque</strong></span> <span class='ocrx_word' id='word_1_748' title='bbox 2615 4713 2816 4767; x_wconf 91' lang='lat' dir='ltr'><strong>corpus</strong></span> <span class='ocrx_word' id='word_1_749' title='bbox 2866 4696 3198 4763; x_wconf 85' lang='lat' dir='ltr'><strong>Servatoris,</strong></span> <span class='ocrx_word' id='word_1_750' title='bbox 3238 4705 3433 4769; x_wconf 86' lang='lat' dir='ltr'><strong>putant</strong></span> <span class='ocrx_word' id='word_1_751' title='bbox 3468 4714 3570 4769; x_wconf 89' lang='lat' dir='ltr'><strong>pro</strong></span> 
     </span>
    </p>
   </div>
   <div class='ocr_carea' id='block_1_98' title="bbox 1984 4791 3614 4863">
    <p class='ocr_par' dir='ltr' id='par_1_98' title="bbox 1984 4791 3614 4863">
     <span class='ocr_line' id='line_1_98' title="bbox 1984 4791 3614 4863; baseline -0.002 -15"><span class='ocrx_word' id='word_1_752' title='bbox 1984 4792 2254 4848; x_wconf 88' lang='lat' dir='ltr'><strong>Trinitate</strong></span> <span class='ocrx_word' id='word_1_753' title='bbox 2283 4793 2392 4847; x_wconf 88' lang='lat' dir='ltr'><strong>dici</strong></span> <span class='ocrx_word' id='word_1_754' title='bbox 2424 4793 2872 4862; x_wconf 85' lang='lat' dir='ltr'><strong>quaternitatem,</strong></span> <span class='ocrx_word' id='word_1_755' title='bbox 2898 4792 3055 4863; x_wconf 91' lang='lat' dir='ltr'><strong>quasi</strong></span> <span class='ocrx_word' id='word_1_756' title='bbox 3087 4793 3403 4848; x_wconf 84' lang='lat' dir='ltr'><strong>accessione</strong></span> <span class='ocrx_word' id='word_1_757' title='bbox 3429 4791 3567 4848; x_wconf 79' lang='lat' dir='ltr'><strong>facta</strong></span> <span class='ocrx_word' id='word_1_758' title='bbox 3610 4800 3614 4804; x_wconf 74' lang='lat'>‘</span> 
     </span>
    </p>
   </div>
   <div class='ocr_carea' id='block_1_99' title="bbox 1979 4884 3568 4957">
    <p class='ocr_par' dir='ltr' id='par_1_99' title="bbox 1979 4884 3568 4957">
     <span class='ocr_line' id='line_1_99' title="bbox 1979 4884 3568 4957; baseline 0 -18"><span class='ocrx_word' id='word_1_759' title='bbox 1979 4895 2209 4957; x_wconf 86' lang='lat' dir='ltr'><strong>propter</strong></span> <span class='ocrx_word' id='word_1_760' title='bbox 2256 4900 2491 4955; x_wconf 87' lang='lat' dir='ltr'><strong>corpus.</strong></span> <span class='ocrx_word' id='word_1_761' title='bbox 2549 4884 2708 4939; x_wconf 84' lang='lat' dir='ltr'><strong>valde</strong></span> <span class='ocrx_word' id='word_1_762' title='bbox 2767 4892 2987 4948; x_wconf 89' lang='lat' dir='ltr'><strong>errant,</strong></span> <span class='ocrx_word' id='word_1_763' title='bbox 3053 4893 3362 4939; x_wconf 90' lang='lat' dir='ltr'><strong>creaturam</strong></span> <span class='ocrx_word' id='word_1_764' title='bbox 3424 4900 3568 4939; x_wconf 72' lang='lat' dir='ltr'><strong>exac-</strong></span> 
     </span>
    </p>
   </div>
   <div class='ocr_carea' id='block_1_100' title="bbox 1981 4976 3567 5049">
    <p class='ocr_par' dir='ltr' id='par_1_100' title="bbox 1981 4976 3567 5049">
     <span class='ocr_line' id='line_1_100' title="bbox 1981 4976 3567 5049; baseline 0.001 -18"><span class='ocrx_word' id='word_1_765' title='bbox 1981 4987 2213 5048; x_wconf 82' lang='lat' dir='ltr'><strong>quantes</strong></span> <span class='ocrx_word' id='word_1_766' title='bbox 2246 4976 2518 5043; x_wconf 86' lang='lat' dir='ltr'><strong>Creatori,</strong></span> <span class='ocrx_word' id='word_1_767' title='bbox 2549 4987 2605 5033; x_wconf 87' lang='lat' dir='ltr'><strong>et</strong></span> <span class='ocrx_word' id='word_1_768' title='bbox 2646 4976 2992 5033; x_wconf 87' lang='lat' dir='ltr'><strong>divinitatem</strong></span> <span class='ocrx_word' id='word_1_769' title='bbox 3030 4976 3347 5033; x_wconf 89' lang='lat' dir='ltr'><strong>accessione</strong></span> <span class='ocrx_word' id='word_1_770' title='bbox 3378 4979 3567 5049; x_wconf 87' lang='lat' dir='ltr'><strong>augeri</strong></span> 
     </span>
    </p>
   </div>
   <div class='ocr_carea' id='block_1_101' title="bbox 1982 5070 3571 5141">
    <p class='ocr_par' dir='ltr' id='par_1_101' title="bbox 1982 5070 3571 5141">
     <span class='ocr_line' id='line_1_101' title="bbox 1982 5070 3571 5141; baseline 0.002 -16"><span class='ocrx_word' id='word_1_771' title='bbox 1982 5085 2145 5141; x_wconf 88' lang='lat' dir='ltr'><strong>posse</strong></span> <span class='ocrx_word' id='word_1_772' title='bbox 2182 5071 2531 5129; x_wconf 84' lang='lat' dir='ltr'><strong>arbitrantes.</strong></span> <span class='ocrx_word' id='word_1_773' title='bbox 2583 5071 2651 5127; x_wconf 86' lang='lat' dir='ltr'><strong>Et</strong></span> <span class='ocrx_word' id='word_1_774' title='bbox 2699 5070 2989 5141; x_wconf 88' lang='lat' dir='ltr'><strong>ignorant,</strong></span> <span class='ocrx_word' id='word_1_775' title='bbox 3036 5085 3147 5123; x_wconf 88' lang='lat' dir='ltr'><strong>non</strong></span> <span class='ocrx_word' id='word_1_776' title='bbox 3192 5079 3254 5124; x_wconf 92' lang='lat' dir='ltr'><strong>ut</strong></span> <span class='ocrx_word' id='word_1_777' title='bbox 3292 5070 3571 5128; x_wconf 86' lang='lat' dir='ltr'><strong>divinitati</strong></span> 
     </span>
    </p>
   </div>
   <div class='ocr_carea' id='block_1_102' title="bbox 363 5203 2120 5289">
    <p class='ocr_par' dir='ltr' id='par_1_102' title="bbox 363 5203 2120 5289">
     <span class='ocr_line' id='line_1_102' title="bbox 363 5203 2120 5289; baseline -0.009 -16"><span class='ocrx_word' id='word_1_778' title='bbox 363 5218 412 5250; x_wconf 83' lang='grc'><strong>⁸³</strong></span> <span class='ocrx_word' id='word_1_779' title='bbox 442 5218 682 5289; x_wconf 86' lang='lat' dir='ltr'><strong>Philipp.</strong></span> <span class='ocrx_word' id='word_1_780' title='bbox 714 5233 793 5282; x_wconf 89' lang='grc' dir='ltr'>ιιι,</span> <span class='ocrx_word' id='word_1_781' title='bbox 818 5215 909 5280; x_wconf 68' lang='lat'><strong>20,</strong></span> <span class='ocrx_word' id='word_1_782' title='bbox 930 5215 1020 5270; x_wconf 72' lang='grc'><strong>21.</strong></span> <span class='ocrx_word' id='word_1_783' title='bbox 1081 5214 1128 5246; x_wconf 67' lang='grc'><strong>⁸⁸</strong></span> <span class='ocrx_word' id='word_1_784' title='bbox 1150 5213 1327 5270; x_wconf 85' lang='lat' dir='ltr'><strong>Galat.</strong></span> <span class='ocrx_word' id='word_1_785' title='bbox 1358 5227 1434 5277; x_wconf 77' lang='grc' dir='ltr'><strong>ιν,</strong></span> <span class='ocrx_word' id='word_1_786' title='bbox 1464 5211 1517 5265; x_wconf 71' lang='grc'>4.</span> <span class='ocrx_word' id='word_1_787' title='bbox 1588 5209 1635 5241; x_wconf 84' lang='grc'><strong>⁸³</strong></span> <span class='ocrx_word' id='word_1_788' title='bbox 1668 5209 1809 5263; x_wconf 88' lang='lat' dir='ltr'><strong>Luc.</strong></span> <span class='ocrx_word' id='word_1_789' title='bbox 1840 5221 1905 5272; x_wconf 88' lang='grc' dir='ltr'><strong>ιι,</strong></span> <span class='ocrx_word' id='word_1_790' title='bbox 1927 5203 2120 5259; x_wconf 60' lang='grc' dir='ltr'><strong>(ἒξ-24.</strong></span> 
     </span>
    </p>
   </div>
   <div class='ocr_carea' id='block_1_103' title="bbox 366 5324 1875 5405">
    <p class='ocr_par' dir='ltr' id='par_1_103' title="bbox 366 5324 1875 5405">
     <span class='ocr_line' id='line_1_103' title="bbox 366 5324 1875 5405; baseline -0.01 -11"><span class='ocrx_word' id='word_1_791' title='bbox 366 5335 481 5405; x_wconf 75' lang='lat'><strong>(85)</strong></span> <span class='ocrx_word' id='word_1_792' title='bbox 514 5337 625 5389; x_wconf 76' lang='lat' dir='ltr'><strong>Kal.</strong></span> <span class='ocrx_word' id='word_1_793' title='bbox 659 5333 848 5405; x_wconf 76' lang='grc' dir='ltr'>ὥσπερ</span> <span class='ocrx_word' id='word_1_794' title='bbox 878 5351 929 5387; x_wconf 86' lang='grc' dir='ltr'><strong>κ.</strong></span> <span class='ocrx_word' id='word_1_795' title='bbox 962 5332 1099 5405; x_wconf 51' lang='lat' dir='ltr'><strong>mli.</strong></span> <span class='ocrx_word' id='word_1_796' title='bbox 1135 5331 1245 5405; x_wconf 77' lang='lat' dir='ltr'><strong>llic</strong></span> <span class='ocrx_word' id='word_1_797' title='bbox 1271 5328 1427 5405; x_wconf 79' lang='lat' dir='ltr'><strong>locus</strong></span> <span class='ocrx_word' id='word_1_798' title='bbox 1456 5324 1875 5405; x_wconf 42' lang='lat' dir='ltr'><strong>cx‘statincdit.</strong></span> 
     </span>
    </p>
   </div>
   <div class='ocr_carea' id='block_1_104' title="bbox 298 5396 1880 5475">
    <p class='ocr_par' dir='ltr' id='par_1_104' title="bbox 298 5396 1880 5475">
     <span class='ocr_line' id='line_1_104' title="bbox 298 5396 1880 5475; baseline -0.009 -12"><span class='ocrx_word' id='word_1_799' title='bbox 298 5396 526 5471; x_wconf 47' lang='grc' dir='ltr'><strong>δῶρά,</strong></span> <span class='ocrx_word' id='word_1_800' title='bbox 566 5415 604 5460; x_wconf 82' lang='grc' dir='ltr'><strong>ι.</strong></span> <span class='ocrx_word' id='word_1_801' title='bbox 641 5407 684 5468; x_wconf 87' lang='grc'>1,</span> <span class='ocrx_word' id='word_1_802' title='bbox 721 5421 776 5475; x_wconf 90' lang='lat' dir='ltr'><strong>p.</strong></span> <span class='ocrx_word' id='word_1_803' title='bbox 814 5396 851 5468; x_wconf 84' lang='lat' dir='ltr'><strong>i,</strong></span> <span class='ocrx_word' id='word_1_804' title='bbox 882 5421 935 5473; x_wconf 90' lang='lat' dir='ltr'><strong>p.</strong></span> <span class='ocrx_word' id='word_1_805' title='bbox 974 5404 1098 5460; x_wconf 77' lang='lat'><strong>558.</strong></span> <span class='ocrx_word' id='word_1_806' title='bbox 1163 5400 1268 5456; x_wconf 88' lang='lat' dir='ltr'><strong>sub</strong></span> <span class='ocrx_word' id='word_1_807' title='bbox 1305 5399 1465 5454; x_wconf 65' lang='lat' dir='ltr'><strong>titulo</strong></span> <span class='ocrx_word' id='word_1_808' title='bbox 1498 5396 1764 5453; x_wconf 78' lang='lat' dir='ltr'><strong>Orationis</strong></span> <span class='ocrx_word' id='word_1_809' title='bbox 1799 5411 1880 5449; x_wconf 79' lang='lat' dir='ltr'><strong>se-</strong></span> 
     </span>
    </p>
   </div>
   <div class='ocr_carea' id='block_1_105' title="bbox 300 5477 981 5537">
    <p class='ocr_par' dir='ltr' id='par_1_105' title="bbox 300 5477 981 5537">
     <span class='ocr_line' id='line_1_105' title="bbox 300 5477 981 5537; baseline -0.006 -4"><span class='ocrx_word' id='word_1_810' title='bbox 300 5479 481 5533; x_wconf 75' lang='lat' dir='ltr'><strong>:unda:</strong></span> <span class='ocrx_word' id='word_1_811' title='bbox 512 5486 697 5532; x_wconf 84' lang='lat' dir='ltr'><strong>contra</strong></span> <span class='ocrx_word' id='word_1_812' title='bbox 732 5477 981 5537; x_wconf 64' lang='lat' dir='ltr'><strong>Arianae,</strong></span> 
     </span>
    </p>
   </div>
   <div class='ocr_carea' id='block_1_106' title="bbox 369 5539 1399 5618">
    <p class='ocr_par' dir='ltr' id='par_1_106' title="bbox 369 5539 1399 5618">
     <span class='ocr_line' id='line_1_106' title="bbox 369 5539 1399 5618; baseline -0.009 -16"><span class='ocrx_word' id='word_1_813' title='bbox 369 5547 484 5618; x_wconf 59' lang='lat'><strong>(86)</strong></span> <span class='ocrx_word' id='word_1_814' title='bbox 521 5547 669 5618; x_wconf 73' lang='lat' dir='ltr'><strong>Loco</strong></span> <span class='ocrx_word' id='word_1_815' title='bbox 697 5548 793 5602; x_wconf 89' lang='lat' dir='ltr'><strong>cit.</strong></span> <span class='ocrx_word' id='word_1_816' title='bbox 832 5546 936 5617; x_wconf 84' lang='lat' dir='ltr'><strong>leg.</strong></span> <span class='ocrx_word' id='word_1_817' title='bbox 972 5542 1041 5618; x_wconf 78' lang='grc' dir='ltr'>ἦν</span> <span class='ocrx_word' id='word_1_818' title='bbox 1062 5539 1399 5618; x_wconf 70' lang='grc' dir='ltr'>ἀνθρωπίνη.</span> 
     </span>
    </p>
   </div>
   <div class='ocr_carea' id='block_1_107' title="bbox 368 5609 1212 5682">
    <p class='ocr_par' dir='ltr' id='par_1_107' title="bbox 368 5609 1212 5682">
     <span class='ocr_line' id='line_1_107' title="bbox 368 5609 1212 5682; baseline -0.019 -1"><span class='ocrx_word' id='word_1_819' title='bbox 368 5609 483 5681; x_wconf 60' lang='grc'>(33)</span> <span class='ocrx_word' id='word_1_820' title='bbox 521 5616 668 5673; x_wconf 80' lang='lat' dir='ltr'><strong>Loco</strong></span> <span class='ocrx_word' id='word_1_821' title='bbox 702 5609 913 5679; x_wconf 53' lang='lat' dir='ltr'><strong>citato:</strong></span> <span class='ocrx_word' id='word_1_822' title='bbox 932 5609 1096 5669; x_wconf 74' lang='grc' dir='ltr'>αὑτοῦ</span> <span class='ocrx_word' id='word_1_823' title='bbox 1126 5609 1212 5682; x_wconf 63' lang='grc' dir='ltr'>ἦν.</span> 
     </span>
    </p>
   </div>
   <div class='ocr_carea' id='block_1_108' title="bbox 369 5687 873 5759">
    <p class='ocr_par' dir='ltr' id='par_1_108' title="bbox 369 5687 873 5759">
     <span class='ocr_line' id='line_1_108' title="bbox 369 5687 873 5759; baseline 0.002 -20"><span class='ocrx_word' id='word_1_824' title='bbox 369 5690 482 5759; x_wconf 71' lang='grc'>(36)</span> <span class='ocrx_word' id='word_1_825' title='bbox 520 5687 599 5742; x_wconf 78' lang='lat' dir='ltr'><strong>Ib.</strong></span> <span class='ocrx_word' id='word_1_826' title='bbox 641 5689 873 5756; x_wconf 60' lang='grc' dir='ltr'>συναφὴ.</span> 
     </span>
    </p>
   </div>
   <div class='ocr_carea' id='block_1_109' title="bbox 375 5754 1253 5827">
    <p class='ocr_par' dir='ltr' id='par_1_109' title="bbox 375 5754 1253 5827">
     <span class='ocr_line' id='line_1_109' title="bbox 375 5754 1253 5827; baseline -0.01 -12"><span class='ocrx_word' id='word_1_827' title='bbox 375 5754 486 5824; x_wconf 67' lang='grc' dir='ltr'><strong>ξεῖ)</strong></span> <span class='ocrx_word' id='word_1_828' title='bbox 513 5759 591 5813; x_wconf 78' lang='lat' dir='ltr'><strong>Ib.</strong></span> <span class='ocrx_word' id='word_1_829' title='bbox 631 5760 719 5812; x_wconf 65' lang='grc' dir='ltr'>τὸν</span> <span class='ocrx_word' id='word_1_830' title='bbox 755 5754 915 5827; x_wconf 67' lang='grc' dir='ltr'>φύσει</span> <span class='ocrx_word' id='word_1_831' title='bbox 949 5754 1253 5826; x_wconf 79' lang='grc' dir='ltr'>ἄνθρωπον.</span> 
     </span>
    </p>
   </div>
   <div class='ocr_carea' id='block_1_110' title="bbox 2060 5321 2864 5391">
    <p class='ocr_par' dir='ltr' id='par_1_110' title="bbox 2060 5321 2864 5391">
     <span class='ocr_line' id='line_1_110' title="bbox 2060 5321 2864 5391; baseline -0.001 -15"><span class='ocrx_word' id='word_1_832' title='bbox 2060 5321 2173 5389; x_wconf 85' lang='grc'>(88)</span> <span class='ocrx_word' id='word_1_833' title='bbox 2211 5322 2288 5375; x_wconf 83' lang='lat' dir='ltr'><strong>lh.</strong></span> <span class='ocrx_word' id='word_1_834' title='bbox 2329 5321 2496 5376; x_wconf 75' lang='grc' dir='ltr'>αὐτοῦ</span> <span class='ocrx_word' id='word_1_835' title='bbox 2532 5324 2629 5391; x_wconf 78' lang='grc' dir='ltr'>τῆς</span> <span class='ocrx_word' id='word_1_836' title='bbox 2659 5321 2864 5385; x_wconf 78' lang='grc' dir='ltr'>οὐσίας.</span> 
     </span>
    </p>
   </div>
   <div class='ocr_carea' id='block_1_111' title="bbox 2061 5392 2722 5463">
    <p class='ocr_par' dir='ltr' id='par_1_111' title="bbox 2061 5392 2722 5463">
     <span class='ocr_line' id='line_1_111' title="bbox 2061 5392 2722 5463; baseline -0.006 -15"><span class='ocrx_word' id='word_1_837' title='bbox 2061 5393 2172 5463; x_wconf 83' lang='grc'>(89)</span> <span class='ocrx_word' id='word_1_838' title='bbox 2210 5393 2286 5447; x_wconf 84' lang='lat' dir='ltr'><strong>Ib.</strong></span> <span class='ocrx_word' id='word_1_839' title='bbox 2327 5392 2722 5463; x_wconf 84' lang='grc' dir='ltr'>ἀρνείσθωσαν.</span> 
     </span>
    </p>
   </div>
   <div class='ocr_carea' id='block_1_112' title="bbox 2061 5462 2633 5522">
    <p class='ocr_par' dir='ltr' id='par_1_112' title="bbox 2061 5462 2633 5522">
     <span class='ocr_line' id='line_1_112' title="bbox 2061 5462 2633 5522; baseline -0.003 -6"><span class='ocrx_word' id='word_1_840' title='bbox 2061 5462 2172 5522; x_wconf 75' lang='grc' dir='ltr'><strong>(ι)ορ</strong></span> <span class='ocrx_word' id='word_1_841' title='bbox 2207 5462 2317 5515; x_wconf 86' lang='grc' dir='ltr'>καί.</span> <span class='ocrx_word' id='word_1_842' title='bbox 2352 5463 2477 5517; x_wconf 85' lang='lat' dir='ltr'><strong>Des.</strong></span> <span class='ocrx_word' id='word_1_843' title='bbox 2512 5462 2548 5516; x_wconf 86' lang='grc' dir='ltr'>Ι.</span> <span class='ocrx_word' id='word_1_844' title='bbox 2584 5476 2633 5515; x_wconf 91' lang='lat' dir='ltr'><strong>c.</strong></span> 
     </span>
    </p>
   </div>
   <div class='ocr_carea' id='block_1_113' title="bbox 2059 5531 3557 5615">
    <p class='ocr_par' dir='ltr' id='par_1_113' title="bbox 2059 5531 3557 5615">
     <span class='ocr_line' id='line_1_113' title="bbox 2059 5531 3557 5615; baseline 0.009 -34"><span class='ocrx_word' id='word_1_845' title='bbox 2059 5534 2168 5615; x_wconf 50' lang='grc'>(91)</span> <span class='ocrx_word' id='word_1_846' title='bbox 2204 5533 2363 5615; x_wconf 65' lang='lat' dir='ltr'><strong>ei).an</strong></span> <span class='ocrx_word' id='word_1_847' title='bbox 2417 5531 2794 5600; x_wconf 78' lang='lat' dir='ltr'><strong>Expunximus</strong></span> <span class='ocrx_word' id='word_1_848' title='bbox 2821 5532 2918 5605; x_wconf 78' lang='grc' dir='ltr'><strong>μὴ.</strong></span> <span class='ocrx_word' id='word_1_849' title='bbox 2954 5531 3099 5604; x_wconf 86' lang='lat' dir='ltr'><strong>quod</strong></span> <span class='ocrx_word' id='word_1_850' title='bbox 3133 5533 3465 5602; x_wconf 58' lang='lat' dir='ltr'><strong>praecedebat</strong></span> <span class='ocrx_word' id='word_1_851' title='bbox 3505 5539 3557 5595; x_wconf 71' lang='lat' dir='ltr'><strong>in</strong></span> 
     </span>
    </p>
   </div>
   <div class='ocr_carea' id='block_1_114' title="bbox 1986 5603 3163 5747">
    <p class='ocr_par' dir='ltr' id='par_1_114' title="bbox 1986 5603 3163 5747">
     <span class='ocr_line' id='line_1_114' title="bbox 1986 5603 2985 5659; baseline -0.002 0"><span class='ocrx_word' id='word_1_852' title='bbox 1986 5603 2385 5659; x_wconf 70' lang='grc' dir='ltr'>ο‹1.8ἰι-ιιιηιι‹1.</span> <span class='ocrx_word' id='word_1_853' title='bbox 2825 5603 2834 5605; x_wconf 56' lang='grc'><em>’</em></span> <span class='ocrx_word' id='word_1_854' title='bbox 2888 5603 2893 5604; x_wconf 26' lang='grc' dir='ltr'><strong>ί</strong></span> <span class='ocrx_word' id='word_1_855' title='bbox 2980 5603 2985 5604; x_wconf 26' lang='grc' dir='ltr'><strong>ί</strong></span> 
     </span>
     <span class='ocr_line' id='line_1_115' title="bbox 2058 5672 3163 5747; baseline 0.005 -22"><span class='ocrx_word' id='word_1_856' title='bbox 2058 5673 2167 5745; x_wconf 66' lang='lat'><strong>(9&#39;2)</strong></span> <span class='ocrx_word' id='word_1_857' title='bbox 2206 5673 2369 5743; x_wconf 80' lang='grc' dir='ltr'>παρθ.</span> <span class='ocrx_word' id='word_1_858' title='bbox 2404 5673 2505 5728; x_wconf 76' lang='lat' dir='ltr'><strong>Ed.</strong></span> <span class='ocrx_word' id='word_1_859' title='bbox 2544 5672 2744 5729; x_wconf 83' lang='lat' dir='ltr'><strong>Bened.</strong></span> <span class='ocrx_word' id='word_1_860' title='bbox 2785 5674 3163 5747; x_wconf 72' lang='grc' dir='ltr'>ἀειπαρθένου.</span> 
     </span>
    </p>
   </div>
  </div>
