4010 6212
411 371 510 433 179

1387 378 1872 439 THEODOBETI
1912 377 2248 438 EPISCOPI
2286 382 2650 442 CYRENSIS

3555 333 3674 444 180.

406 481 614 552 aliquid
645 480 950 550 accederet,
981 485 1219 541 Verbum
1243 503 1461 542 carnem
1487 488 1689 543 factum
1716 503 1858 554 esse,
1888 487 1982 543 sed

2110 492 2221 546 πολὺ
2240 492 2570 554 πλανῶνται,
2592 490 2653 543 τὸ
2679 489 2886 558 ποίημα
2916 487 3315 552 συνεξισοῦντες
3332 487 3408 559 τῷ
3435 496 3658 562 ποιητῇ,

409 583 470 627 ut
512 589 641 628 caro
679 585 986 646 resurgeret
1023 595 1035 630 :
1077 593 1255 648 neque
1301 589 1363 632 ut
1405 580 1603 634 melius
1640 580 1986 644 redderetur,

409 664 654 718 Verbum
685 681 752 719 ex
779 666 944 721 Maria
972 669 1263 738 processit,
1286 669 1379 723 sed
1405 678 1466 724 ut
1487 685 1659 740 genus
1687 671 1987 723 humanum

408 756 726 812 redimeret.
778 757 1066 824 Quomodo
1110 761 1280 830 igitur
1322 761 1427 815 sibi
1470 760 1822 832 persuadent,
1863 775 1988 814 cor-

409 862 533 916 pus,
570 849 717 918 quod
759 865 860 919 per
895 851 1136 904 Verbum
1179 851 1526 922 redemptum
1558 860 1643 906 est
1667 859 1722 906 et
1752 849 1991 904 viviﬁca-

409 949 548 1003 tum,
578 940 878 995 viviﬁcanti
915 942 1097 996 Verbo
1137 943 1345 1013 aliquid
1387 943 1456 997 ad
1500 942 1845 997 divinitatem
1891 939 1990 993 ad-

406 1030 735 1100 jecisse?——
764 1031 1043 1102 Ejusdem,
1097 1049 1162 1087 ea:
1213 1035 1395 1087 eadem
1446 1033 1690 1102 epistola.
1731 1030 1988 1095 Audiant,

411 1120 558 1189 quod
604 1121 650 1174 si
700 1131 952 1176 creatura
993 1131 1112 1177 erat
1154 1125 1414 1187 Verbum,
1450 1139 1561 1178 non
1613 1123 1994 1193 assumpsisset

411 1219 664 1267 creatura
683 1225 903 1284 corpus,
943 1223 1001 1268 ut
1022 1216 1155 1270 illud
1182 1216 1503 1271 viviticaret.
1536 1215 1822 1282 Quodnam
1845 1216 1990 1270 enim

414 1303 692 1358 creaturis
717 1321 746 1358 a
772 1314 1027 1361 creatura
1055 1307 1318 1361 auxilium
1348 1321 1469 1361 esse
1499 1313 1700 1376 potest,
1729 1320 1849 1375 qua:
1877 1305 1993 1374 ipsa

412 1411 634 1465 quoque
683 1398 887 1452 auxilio
940 1399 1186 1470 indiget?
1237 1398 1341 1453 Sed
1391 1398 1520 1468 quia
1566 1398 1828 1460 Verbum,
1868 1412 1992 1450 cum

413 1493 561 1539 esset
582 1494 817 1548 creator,
847 1487 963 1556 ipse
1007 1497 1386 1543 creaturarum
1421 1489 1672 1543 conditor
1717 1487 1840 1551 fuit,
1871 1487 1995 1540 ideo

414 1574 472 1627 in
502 1578 970 1633 consummstione
1012 1580 1335 1634 saeculorum
1377 1587 1686 1634 creaturam
1733 1579 1847 1648 ipse
1889 1578 1994 1632 sibi

415 1661 688 1732 adjunxit,
729 1676 784 1720 ut
831 1681 951 1720 eam
1003 1674 1262 1737 tanquam
1310 1669 1565 1723 conditor
1606 1676 1896 1723 renovaret
1933 1682 1997 1721 ac

415 1753 758 1808 reformaret.
786 1787 854 1798 --
871 1757 955 1810 Ex
973 1759 1174 1828 majore
1191 1760 1429 1812 oratione
1444 1760 1506 1811 de
1519 1759 1642 1826 ﬁde.
1665 1759 1791 1813 Haec
1813 1767 1994 1812 autem

414 1845 483 1898 de
504 1845 690 1900 verbis
729 1846 838 1900 illis
857 1848 1159 1917 adjecimus
1182 1864 1196 1900 :
1225 1866 1241 1897 ι
1268 1848 1408 1902 Sede
1425 1865 1454 1902 a
1473 1849 1714 1903 dexteris
1735 1849 1872 1902 meis
1893 1847 1959 1912 ⁸⁸,
1974 1867 1991 1898 ι

415 1936 544 2006 quia
559 1937 625 1991 de
641 1952 872 2007 corpore
889 1937 1176 1992 Dominico
1210 1939 1356 1993 dicta
1387 1947 1535 1992 sunt.
1557 1938 1611 1991 Si
1642 1939 1810 2003 enim,
1832 1958 1849 1989 ι
1873 1939 1998 1994 Co:-

415 2028 532 2081 lum
569 2035 624 2082 et
665 2036 864 2082 terram
896 2043 997 2098 ego
1032 2027 1255 2097 impleo,
1291 2028 1426 2083 dicit
1456 2029 1741 2090 Dominus,
1777 2047 1794 2078 ›
1831 2036 1892 2080 ιιι
1925 2029 2001 2081 ait

415 2119 684 2174 Jeremias
716 2119 784 2185 ⁸⁷,
810 2128 864 2175 et
896 2121 1079 2174 omnia
1111 2121 1357 2175 continet
1386 2122 1549 2186 Deus,
1576 2137 1604 2174 a
1636 2121 1788 2175 nullo
1817 2129 1998 2174 autem

419 2212 758 2278 continetur,
802 2213 855 2267 in
896 2229 1132 2283 quanam
1175 2215 1328 2268 sedet
1373 2214 1541 2268 sede?
1575 2213 1790 2283 Corpus
1835 2214 2001 2284 igitur

418 2314 523 2367 est,
563 2304 721 2374 138
755 2305 843 2358 cui
877 2304 1051 2360 dicit:
1091 2325 1108 2354 ι
1144 2305 1284 2359 Sede
1313 2320 1344 2358 a
1371 2305 1612 2360 dexteris
1650 2305 1809 2368 meis,
1850 2324 1868 2354 ι
1899 2321 1998 2358 cu-

414 2395 505 2462 jus
540 2401 596 2448 et
634 2395 808 2448 hostis
847 2395 950 2448 fuit
983 2395 1236 2450 diabolus
1266 2411 1388 2450 cum
1421 2395 1579 2449 malis
1611 2396 1995 2464 potestatibus,

418 2492 476 2538 et
506 2484 701 2549 Judaei,
733 2494 788 2540 et
815 2487 1063 2556 gentiles,
1096 2503 1194 2556 per
1223 2487 1368 2556 quod
1404 2500 1605 2556 corpus
1639 2502 1886 2540 summus
1910 2502 1997 2541 sa-

420 2576 618 2631 cerdos
641 2585 696 2632 et
722 2579 1003 2647 apostolus
1025 2580 1202 2635 fuitet
1221 2580 1525 2650 appellatus
1549 2589 1653 2641 est.
1677 2596 1776 2650 per
1802 2589 2001 2651 myste-

422 2670 563 2724 rium
601 2670 748 2740 quod
777 2671 935 2726 nobis
970 2672 1194 2728 tradidit
1225 2673 1415 2729 dicens
1446 2692 1459 2727 :
1494 2693 1511 2725 ι
1540 2674 1656 2728 lloc
1689 2681 1774 2729 est
1801 2689 2001 2744 corpus

423 2775 628 2825 meum,
655 2761 802 2830 quod
850 2778 952 2832 pro
1002 2763 1160 2818 vobis
1199 2763 1511 2836 (frangitur)
1542 2765 1607 2829 ⁸⁸,
1632 2772 1687 2819 et
1724 2783 1736 2818 :
1765 2765 2000 2834 Sanguis

424 2848 551 2901 novi
581 2849 914 2906 Testamenti
942 2851 1074 2922 (non
1093 2853 1341 2922 veteris),
1369 2855 1464 2923 qui
1494 2871 1594 2924 pro
1633 2856 1788 2910 vobis
1820 2857 1998 2910 etl‘un-

421 2939 575 2992 ditur
601 2939 665 2994 ".
701 2959 720 2992 ι
765 2941 1034 2998 Divinitas
1068 2953 1248 2999 autem
1281 2961 1383 3000 nec
1416 2961 1618 3016 corpus
1647 2963 1747 3002 nec
1779 2949 1999 3017 sangui-

421 3045 549 3084 nem
593 3031 778 3096 habet,
817 3034 913 3088 sed
959 3035 1125 3089 homo
1163 3051 1230 3090 ex
1270 3037 1436 3090 Maria
1480 3025 1794 3108 assumptus
1836 3053 2000 3092 causa

425 3121 624 3176 borum
673 3123 797 3190 fuit,
836 3125 904 3180 de
952 3143 1062 3196 quo
1108 3127 1368 3183 dixerunt
1408 3129 1642 3198 apostoli

422 3211 786 3278 Nazarenum,
814 3215 994 3268 virum
1022 3231 1053 3270 a
1083 3216 1193 3271 Deo
1225 3217 1584 3285 approbatum
1615 3218 1668 3271 in
1694 3218 1851 3285 vobis
1889 3209 1940 3272 °.
1974 3238 1992 3270 ι

424 3333 494 3341 -
529 3302 806 3373 Ejusdem,
832 3321 895 3358 ea:
944 3314 1082 3360 tomo
1128 3315 1311 3360 contra
1360 3307 1608 3362 Aricinos.
1663 3309 1730 3363 Et
1781 3308 2002 3379 quando

427 3393 562 3448 dicit
592 3413 605 3448 :
641 3415 658 3446 ι
689 3396 919 3466 Propter
941 3398 1087 3467 quod
1111 3406 1166 3453 ct
1194 3399 1340 3455 Deus
1360 3399 1518 3454 valde
1541 3400 1802 3454 exaltavit
1825 3402 2000 3466 illum,

425 3495 484 3542 et
524 3485 746 3542 donavit
790 3489 870 3542 illi
916 3504 1118 3545 nomen
1161 3490 1304 3559 quod
1336 3501 1420 3545 est
1455 3506 1622 3561 super
1657 3507 1819 3547 omne
1848 3497 1863 3513 '
1902 3510 2002 3548 no-

429 3594 552 3633 men
576 3579 643 3642 9‘,
677 3598 693 3628 ι
729 3579 796 3633 de
832 3581 1034 3650 templo
1069 3581 1316 3651 corporis
1357 3583 1478 3651 ejus
1511 3583 1774 3652 loquitur,
1799 3601 1908 3638 non
1937 3585 2004 3638 de

425 3670 732 3725 divinitate.
759 3671 880 3726 Non
912 3673 1056 3727 enim
1084 3674 1352 3728 exaltatur
1381 3675 1716 3739 Altissimus,
1747 3676 1845 3731 sed
1880 3693 2006 3732 caro

427 3762 695 3818 Altissimi
739 3765 1032 3829 exaltatur,
1067 3774 1121 3819 et
1153 3765 1305 3820 carni
1342 3765 1607 3821 Altissimi
1648 3768 1874 3823 donavit
1911 3785 2008 3824 no-

429 3868 575 3919 men,
603 3855 749 3924 quod
782 3863 864 3909 est
897 3871 1064 3924 super
1102 3871 1264 3910 omne
1299 3871 1522 3911 nomen.
1556 3857 1744 3927 Neque
1765 3859 2004 3913 Verbum

428 3943 524 3996 Dei
550 3944 706 4012 quasi
745 3961 812 3998 ex
842 3947 1015 4014 gratia
1046 3945 1149 3998 hoc
1174 3945 1415 4000 obtinuit
1439 3958 1498 4003 ut
1527 3949 1672 4003 Deus
1697 3961 2004 4015 vocaretur,

429 4034 527 4088 sed
571 4051 700 4090 caro
736 4036 856 4106 ejus
895 4051 1019 4090 cum
1063 4035 1180 4105 ipso
1217 4037 1466 4093 divinum
1511 4039 1777 4094 honorem
1811 4057 2007 4096 conse-

429 4135 556 4182 cuta
587 4134 690 4182 est.
721 4158 789 4167 ——
814 4127 1086 4198 Ejusdem,
1120 4144 1184 4181 ea;
1212 4129 1391 4183 eadem
1411 4131 1666 4183 oratione.
1697 4131 1764 4184 Et
1793 4131 2010 4200 quando

428 4219 564 4273 dicit
601 4237 614 4272 :
652 4239 669 4270 ι
701 4219 954 4274 Nondum
994 4229 1111 4274 erat
1146 4218 1383 4289 Spiritus
1417 4230 1660 4286 sanctus,
1693 4221 1820 4291 quia
1851 4223 2012 4277 Jesus

428 4311 674 4365 nondum
719 4320 837 4364 erat
883 4311 1306 4381 gloriﬁcatus",
1344 4330 1360 4361 ι
1403 4327 1625 4366 carnem
1668 4313 1840 4383 ipsius
1878 4315 2012 4369 dicit

431 4398 674 4454 nondum
710 4398 1086 4469 gloriﬁcatam.
1115 4397 1272 4467 139
1293 4398 1411 4451 Non
1435 4399 1582 4452 enim
1609 4400 1872 4455 Dominus
1898 4403 2012 4472 glo-

2089 585 2183 639 καὶ
2223 582 2578 644 ὑπονοοῦντες
2625 578 2884 633 δύνασθαι
2931 578 3029 649 τὴν
3061 578 3293 649 θεότητα
3335 581 3658 652 προσθήκην

2088 674 2404 743 λαμϐάνειν.
2451 673 2562 726 Καὶ
2607 671 2882 742 ἠγνόησαν
2943 669 3026 723 ὅτι
3082 669 3142 722 οὐ
3193 669 3283 723 διὰ
3337 671 3658 742 προσθήκην

2090 765 2340 832 θεότητος
2390 761 2581 832 γέγονε
2633 761 2768 832 σὰρξ
2809 762 2836 814 6
2892 760 3085 828 Λόγος,
3134 760 3248 813 ἀλλ’
3300 762 3388 814 ἵνα
3439 763 3471 831 ἡ
3521 762 3660 828 σὰρξ

2091 855 2335 924 ἀναστῇ·
2373 852 2493 905 οὐδὲ
2543 852 2629 905 ἵνα
2685 849 2950 920 βελτιωθῇ
2996 850 3024 901 6
3067 850 3240 917 Λόγος
3275 849 3544 920 προῆλθεν
3593 851 3659 902 ὲκ

2091 943 2332 1015 Μαρίας,
2369 943 2484 997 ἀλλ’
2515 943 2602 996 ἵνα
2642 941 2704 994 τὸ
2732 939 3073 1013 ἀνθρώπινον
3127 940 3237 1009 (9⁸5)
3269 940 3422 1008 γένος
3449 939 3660 1009 λυτρώι

2094 1053 2275 1107 σηται.
2307 1035 2430 1098 Πῶς
2467 1029 2560 1087 οῦν
2585 1032 2808 1097 οἴονται,
2840 1031 2900 1084 τὸ
2934 1031 3023 1085 διὰ
3058 1030 3152 1084 τοῦ
3182 1030 3356 1098 Λόγου
3384 1030 3662 1102 λυτρωθὲν

2095 1128 2278 1198 σῶμα,
2322 1125 2419 1179 καὶ
2452 1124 2818 1193 ζωοποιηθὲν,
2855 1123 3172 1194 προσθήκην
3206 1123 3284 1184 εἰς
3323 1121 3550 1191 θεότητα
3581 1121 3663 1190 τῷ

2095 1216 2490 1285 ζωοποιήσαντι
2517 1213 2625 1283 (94)
2661 1214 2818 1283 Λόγῳ
2852 1215 3061 1277 ποιεῖν;
3103 1244 3168 1254 -
3209 1211 3316 1266 Τοῦ
3360 1211 3565 1276 αὐτοῦ,
3592 1211 3664 1264 ἐκ

2092 1309 2203 1376 τῆς
2245 1306 2435 1375 αὐτῆς
2479 1305 2832 1371 ἐπιστολῆς.
2896 1304 3266 1357 Ἀκουέτωσαν
3323 1304 3433 1374 (95)
3481 1304 3564 1356 ὅτι
3613 1303 3664 1356 εί

2094 1398 2298 1468 κτίσμα
2329 1394 2397 1469 ἦν
2427 1399 2455 1450 6
2481 1397 2670 1466 Λόγος,
2695 1398 2757 1450 οὐ
2784 1395 3230 1466 προσελάμϐανεν
3269 1393 3333 1448 ἂν
3363 1394 3421 1447 τὸ
3444 1394 3664 1447 κτιστὸν

2097 1495 2280 1566 σῶμα,
2304 1495 2392 1548 ἵνα
2421 1494 2577 1547 τοῦτο
2608 1492 2938 1561 ζωοποιήσῃ.
2966 1489 3102 1544 Ποία
3126 1489 3236 1560 γὰρ
3267 1491 3378 1550 τοῖς
3400 1488 3665 1557 κτίσμασι

2095 1586 2248 1655 παρὰ
2285 1582 2580 1653 κτίσματός
2611 1584 2726 1634 ἐστι
2775 1579 3017 1650 βοήθεια,
3053 1579 3308 1649 δεομένου
3351 1579 3446 1630 καὶ
3492 1576 3662 1630 αὑτοῦ

2099 1675 2407 1746 σωτηρίαςς
2455 1673 2596 1726 Ἀλλ’
2639 1670 2826 1740 ἐπειδὴ
2874 1668 3096 1738 κτίστης
3129 1666 3202 1720 ὢν
3246 1668 3274 1719 ὁ
3304 1666 3471 1734 Λόγος
3504 1665 3670 1728 αὐτὸς

2097 1767 2428 1838 δημιουργὸς
2478 1764 2668 1832 γέγονε
2716 1761 2824 1815 τῶν
2872 1761 3211 1829 κτισμάτων,
3245 1757 3332 1809 διὰ
3382 1756 3540 1808 τοῦτο
3569 1756 3667 1808 καὶ

2100 1860 2191 1913 ἐπὶ
2225 1857 2504 1927 συντελείᾳ
2531 1855 2637 1907 τῶν
2663 1852 2872 1906 αἰώνων
2901 1851 2960 1904 τὸ
2980 1849 3193 1903 κτιστὸν
3219 1847 3378 1910 αὐτὸς
3407 1847 3670 1914 συνεστή-

2102 1969 2252 2014 σατο,
2307 1951 2392 2002 ἵνα
2426 1948 2586 2001 πάλιν
2624 1946 2754 1998 αὐτὸ
2806 1943 2881 2007 ὼς
2915 1943 3140 2012 κτίστης
3178 1937 3502 2008 ἀνακαινίσῃ
3529 1979 3543 1996 .
3574 1938 3670 1990 καὶ

2099 2037 2634 2108 ἀνακτίσαιδυνηθῇ.
2658 2067 2725 2077 —
2759 2035 2855 2086 Ἐκ
2878 2031 2984 2086 τοῦ
3013 2030 3147 2096 περὶ
3171 2031 3427 2094 πίστεως
3456 2028 3667 2095 λόγου,

2099 2135 2204 2189 τοῦ
2225 2132 2511 2203 μείζὶινος.
2549 2130 2730 2182 Ταῦτα
2772 2126 2880 2197 (96)
2918 2125 2973 2178 δὲ
3014 2121 3368 2193 παρεθέμεθα
3393 2118 3664 2190 περὶτοῦ,

2107 2245 2124 2274 ι
2155 2223 2338 2278 Κάθου
2367 2223 2430 2274 ἐκ
2459 2219 2647 2286 δεξιῶν
2690 2233 2814 2287 μου,
2843 2234 2860 2266 ι
2893 2215 2972 2267 ὅτι
3001 2214 3080 2274 εἰς
3113 2212 3174 2264 τὸ
3200 2208 3473 2280 κυριακὸν
3509 2209 3674 2277 σῶμα

2098 2317 2368 2370 λέλεκται.
2393 2314 2454 2366 Εἰ
2492 2312 2621 2381 γὰρ,
2651 2327 2669 2359 ι
2702 2309 2808 2361 Τὸν
2853 2304 3082 2375 οὐρανὸν
3148 2302 3244 2354 καὶ
3282 2301 3382 2370 τὴν
3421 2298 3524 2368 γῆν
3559 2297 3676 2364 ἐγὼ

2100 2405 2310 2477 πληρῶ,
2342 2401 2488 2471 λέγει
2517 2399 2740 2470 Κύριος,
2780 2415 2798 2447 ι
2830 2395 2904 2458 ῶς
2946 2409 3109 2464 φησιν
3149 2390 3454 2462 Ἱερεμίας,
3495 2389 3677 2441 πάντα

2099 2496 2154 2548 δὲ
2195 2495 2361 2565 χωρεῖ
2389 2493 2417 2544 6
2449 2490 2600 2551 Θεὸς,
2647 2488 2737 2540 ὑπ’
2767 2485 2979 2547 οὐδενὸς
3009 2484 3066 2537 δὲ
3096 2484 3355 2552 χωρεῖται
3405 2479 3538 2543 (97),
3593 2480 3678 2565 εἰς

2101 2563 2253 2640 ποῖον
2283 2563 2588 2648 καθέζεται
2630 2579 2852 2651 θρόνον;
2896 2577 2968 2628 Τὸ
3013 2575 3172 2645 σῶμα
3210 2573 3389 2625 τοίνυν
3441 2572 3587 2623 ἐστὶν
3625 2563 3676 2638 ᾧ

2099 2680 2267 2747 λέγει,
2311 2695 2330 2728 ι
2383 2674 2565 2729 Κάθου
2601 2674 2663 2725 ἐκ
2693 2669 2880 2740 δεξιῶν
2916 2685 3016 2738 μου
3061 2667 3194 2736 (98),
3239 2684 3256 2715 ι
3290 2659 3351 2718 οὗ
3381 2664 3474 2716 καὶ
3511 2661 3678 2730 γὲείο-

2100 2788 2190 2824 νεν
2225 2766 2415 2838 ἐχθρὸς
2445 2767 2474 2818 6
2501 2761 2744 2824 διάϐολος
2777 2761 2873 2812 σὺν
2914 2759 3035 2818 ταῖς
3081 2755 3356 2838 πονηραῖς
3374 2753 3674 2820 δυνάμεσι,

2101 2861 2196 2915 καὶ
2241 2835 2483 2912 ’.Ιήουδαῖοι
2509 2895 2524 2919 ,
2563 2855 2658 2908 καὶ
2694 2850 2956 2920 ’Έλληνες
3000 2845 3130 2916 (99).
3181 2845 3258 2897 Δι’
3300 2835 3361 2895 οὗ
3419 2839 3679 2910 σώματος

2101 2951 2392 3022 ἀρχιερεὺς
2423 2948 2516 3002 καὶ
2543 2942 2838 3005 ἀπόστολος
2867 2941 3059 3009 γέγονε
3091 2936 3167 3006 (Ι)
3193 2934 3289 2988 καὶ
3316 2932 3678 3022 ἐχρημάτισε,

2101 3021 2168 3098 δι’
2201 3021 2261 3096 οὗ
2299 3040 2614 3110 παρέδωκεν
2644 3037 2778 3106 ἡμῖν
2825 3029 3146 3102 μυστηρίου,
3190 3025 3388 3093 λέγων,
3439 3042 3459 3074 ι
3505 3021 3682 3110 Τοῦτό

1691 3147 1702 3182 :
1753 3148 1771 3180 ι
1815 3130 1998 3185 Jesum
2027 3145 2070 3203 C
2104 3135 2218 3190 ἐστί
2249 3152 2349 3206 μου
2381 3108 2442 3185 τὸ
2479 3131 2638 3198 σῶμα
2685 3127 2743 3180 τὸ
2791 3123 2931 3194 ὑπὲρ
2977 3119 3130 3191 ὑμῶν
3158 3118 3254 3188 (Ξ),
3285 3117 3402 3180 καὶ,
3433 3115 3506 3168 Τὸ
3535 3108 3682 3183 αἷμα

2102 3229 2202 3298 τῆς
2231 3205 2424 3295 καινῆς
2447 3222 2723 3291 Διαθήκης
2768 3216 2850 3287 (οὺ
2881 3214 2979 3283 τῆς
3012 3211 3294 3277 παλαιᾶς),
3332 3206 3391 3261 τὸ
3428 3207 3566 3276 ὑπὲρ
3595 3205 3682 3272 (5)

2103 3295 2257 3391 ὑμῶν
2311 3315 2693 3387 ἐκχυνόμενον.
2749 3327 2767 3361 ι
2805 3305 3010 3374 Θεότης
3054 3302 3112 3356 δὲ
3156 3300 3280 3391 οὔτε
3325 3298 3484 3391 σῶμα
3545 3295 3681 3349 οὔτε

2103 3388 2243 3481 α’ίμα
2274 3408 2407 3480 ἔχει,
2426 3405 2539 3460 ἀλλ’
2555 3404 2612 3456 ὃν
2640 3400 2896 3471 ἐφόρεσεν
2918 3395 2984 3448 ὲκ
3009 3390 3343 3481 τῆςᾷΜαρίας
3367 3388 3681 3481 ἄνθρωπον,

2105 3479 2277 3564 αἴτιος
2307 3479 2533 3550 τούτων
2558 3490 2754 3559 γέγονε
2781 3528 2794 3553 ,
2823 3487 2953 3558 περ).
2985 3479 3054 3539 οὗ
3081 3479 3236 3537 εἶπον
3268 3484 3315 3534 οἱ
3366 3479 3682 3533 ἀπόστολοι·

2113 3616 2130 3648 ι
2183 3591 2392 3665 Ἰησοῦν
2431 3589 2523 3643 τὸν
2555 3586 2662 3641 ἀπὸ
2691 3581 2944 3652 Ναζαρὲτ
2983 3578 3152 3649 ἄνδρα
3177 3576 3285 3629 ἀπὸ
3307 3573 3442 3627 Θεοῦ
3466 3571 3686 3665 Δἀποδε-

2105 3661 2386 3756 δειγμένον
2410 3681 2489 3744 εἰς
2530 3679 2695 3748 ὑμᾶς.
2735 3695 2753 3727 ι
2787 3703 2858 3714 ——
2901 3670 3012 3725 Τοῦ
3051 3666 3258 3731 αὑτοῦ,
3295 3665 3362 3717 ἐκ
3389 3661 3494 3717 τοῦ
3529 3663 3685 3729 πρὸς

2120 3754 2458 3846 Ἀρειανοὺς
2499 3773 2682 3840 τόμου
2715 3766 2829 3836 (4).
2867 3765 2978 3816 Καὶ
3021 3763 3109 3814 ὅτε
3162 3758 3333 3825 λέγει,
3387 3775 3404 3806 ι
3435 3754 3544 3816 Διὸ,
3585 3755 3690 3806 καὶ

2108 3874 2136 3924 6
2160 3869 2290 3931 Θεὸς
2313 3865 2474 3921 αὑτὸν
2499 3859 2844 3932 ὑπερύψιυσε.
2874 3856 2968 3909 καὶ
2995 3850 3285 3924 ἐχαρίσατο
3309 3847 3457 3916 αὒτῷ
3485 3846 3688 3914 ὄνομα,

2108 3962 2168 4015 τὸ
2197 3960 2336 4029 ὑπὲρ
2365 3958 2472 4009 πᾶν
2493 3954 2685 4022 ὄνομα,
2718 3971 2734 4001 ι
2769 3966 2836 4002 πε
2849 3948 2898 4018 ρ).
2927 3947 3002 4014 (ὅ)
3034 3941 3127 3996 τοῦ
3157 3939 3285 3993 ναοῦ
3312 3937 3404 3991 τοῦ
3434 3936 3692 4005 σώματος

2112 4049 2277 4104 αὑτοῦ
2306 4026 2478 4114 λέγει,
2514 4044 2574 4096 οὐ
2606 4040 2734 4109 περὶ
2765 4038 2864 4106 τῆς
2899 4035 3173 4102 θεότητος.
3207 4030 3284 4082 υὺ
3320 4028 3428 4098 γάρ
3457 4027 3485 4078 ὁ
3517 4026 3694 4094 ’Ὑψιο

2118 4158 2241 4204 στος
2269 4138 2536 4209 ὑψοῦται,
2566 4133 2680 4187 ἀλλ’
2725 4133 2759 4200 ἡ
2795 4127 2930 4198 σὰρξ
2966 4124 3061 4178 τοῦ
3116 4121 3372 4190 Ὑψίστου
3415 4117 3644 4186 ὑψοῦται
3675 4157 3694 4180 ,

2112 4227 2207 4280 καὶ
2235 4227 2300 4295 τῇ
2317 4206 2494 4292 ⁷σαρκὶ
2524 4219 2616 4273 τοῦ
2658 4217 2916 4286 Ὑψίστου
2942 4210 3231 4283 ἐχαρίσατο
3255 4209 3422 4277 ὄνομα
3456 4207 3514 4259 τὸ
3545 4206 3696 4276 ὑπὲρ

2113 4319 2220 4369 πᾶν
2246 4315 2436 4383 ὄνομα.
2467 4311 2576 4364 Καὶ
2594 4311 2692 4379 οὐχ
2719 4311 2746 4360 6
2774 4307 2944 4373 Λόγος
2969 4301 3062 4355 τοῦ
3084 4297 3222 4352 Θεοῦ
3254 4297 3394 4350 κατὰ
3426 4297 3497 4367 (6)
3526 4297 3696 4366 χάριν

2113 4407 2272 4460 ἔλαϐε
2293 4406 2352 4458 τὸ
2384 4401 2666 4457 καλεῖσθαι
2699 4399 2852 4462 Θεὸς,
2874 4395 2985 4449 ἀλλ’
3007 4396 3039 4464 ἡ
3065 4390 3202 4460 σὰρξ
3230 4389 3392 4442 αὑτοῦ
3419 4391 3513 4442 σὺν
3535 4389 3697 4460 αὐτῷ

432 4491 529 4545 riae
564 4490 922 4561 gloriﬁcatur,
956 4490 1050 4546 sed
1092 4505 1219 4543 caro
1247 4490 1460 4544 Domini
1497 4492 1684 4560 gloriae
1727 4493 1844 4563 ipsa
1887 4497 1999 4565 glo-

2111 4492 2458 4565 ὲθεολογήθη.
2481 4522 2552 4532 --
2588 4490 2698 4544 Τοῦ
2729 4484 2935 4549 αὑτοῦ,
2987 4485 3054 4537 ἐκ
3106 4479 3210 4534 τοῦ
3241 4480 3425 4534 altrm")
3473 4482 3693 4546 λόγου.

502 4647 548 4676 ⁸⁸
575 4646 715 4700 Psal.
753 4660 858 4706 cu,
898 4647 945 4699 1.
1011 4633 1064 4676 ’³⁷
1099 4646 1300 4700 Jerem.
1330 4661 1478 4709 χχιιι,
1501 4646 1589 4701 24.
1660 4649 1705 4681 ⁸⁸
1729 4650 1748 4704 l
1770 4649 1898 4704 Cor.
1928 4666 1999 4714 ιιι,

2182 4650 2226 4680 ⁸³
2252 4647 2442 4703 Matth.
2463 4664 2609 4711 xxvr,
2631 4645 2700 4699 ‘28
2726 4661 2740 4711 ;
2768 4645 2929 4698 Marc.
2964 4659 3074 4704 xw,
3107 4641 3198 4694 24.

354 4670 359 4675 '
503 4670 547 4676 ·”
577 4670 715 4700 ι’διιι.
753 4670 858 4706 ιλιι,
898 4670 945 4699 1.
1099 4670 1300 4700 JCI‘CIII.
1331 4670 1475 4709 xxm,

318 4755 324 4762 .
430 4716 475 4750 ’³
509 4716 744 4786 Philipp.
775 4730 833 4780 ιι,
861 4715 914 4770 9.
994 4715 1038 4746 ⁹²
1069 4716 1224 4770 Joan.
1261 4733 1352 4782 vn,
1387 4717 1475 4770 59.

507 4873 618 4948 (95)
653 4871 756 4928 Ed.
794 4871 1022 4939 Bened.,
1057 4881 1096 4926 t.
1144 4872 1186 4936 Ι,
1231 4889 1284 4948 ν.
1323 4887 1380 4936 ιι,
1441 4888 1496 4941 ρ,
1542 4868 1666 4937 908,
1704 4870 1868 4926 habet
1901 4868 2009 4921 τῶν

435 4945 535 4999 ἀνθ
545 4945 740 4999 ρώπων
749 4983 761 4995 .

509 5009 619 5080 (96)
651 5013 729 5077 τῷ
759 5011 926 5076 ζωοπ.
965 5011 1093 5077 Λόγ.
1131 5013 1208 5066 Ib.
1246 5011 1322 5078 τῷ
1355 5013 1510 5078 Λόγῳ
1541 5009 1618 5078 τῷ
1650 5011 1814 5073 ζωοπ,

511 5077 621 5150 (95)
658 5083 898 5136 Ἀκουέτ.
951 5099 1003 5133 κ.
1071 5098 1120 5134 τ.
1180 5082 1229 5133 λ.
1277 5077 1449 5136 [iunci
1479 5077 1660 5135 locum
1711 5079 1766 5133 in
1800 5087 1910 5134 tota
1943 5077 2014 5132 ad

437 5137 1008 5223 Epictetum_epistola
1032 5165 1148 5223 non;
1175 5151 1415 5223 invenio.

516 5223 628 5294 (96)
663 5217 868 5294 Ταῦτα.
904 5220 1069 5276 Sirm.
1101 5221 1211 5294 "A._
1228 5219 1351 5294 _Sed
1404 5219 1685 5294 sequimur
1719 5217 2011 5272 lectionem

440 5288 628 5346 Menti.
659 5292 714 5346 in
749 5289 965 5345 Collect.
1005 5307 1137 5344 nova
1172 5289 1306 5354 PP.,
1344 5298 1384 5342 t.
1417 5290 1482 5352 ll,
1511 5305 1566 5358 p.
1604 5288 1688 5342 15.

513 5361 623 5426 (97)
662 5378 796 5430 χωρ.
839 5360 967 5415 Loc.
1005 5361 1097 5413 cit.
1127 5375 1316 5430 prmm.
1354 5360 1436 5412 οὗ.

510 5430 621 5499 (98)
663 5427 782 5500 μου.
809 5427 1196 5500 ΔΕιιῐιιιιιιιίιιιίιε,
1227 5445 1348 5500 qua:
1383 5429 1436 5500 in
1469 5427 1557 5500 ed.
1584 5427 2015 5500 _prioriﬁscq_uc—

451 5497 645 5556 Imittur
667 5497 689 5550 ':
727 5498 832 5550 Τοῦ
863 5497 1051 5565 *αὐτοῦ
1099 5501 1164 5552 ἐκ
1199 5497 1291 5552 τοῦ
1337 5498 1502 5551 αὑτοῦ
1538 5497 1718 5563 λόγου.
1750 5499 1822 5551 Τὸ
1857 5497 2015 5565 σῶμα

439 5570 618 5622 τοίνυν
655 5568 823 5638 ἐστὶν,
855 5561 898 5635 ᾧ
931 5569 1098 5634 λέγει,
1141 5569 1322 5623 Κάθου
1377 5571 1441 5623 ἐκ
1498 5561 1686 5631 δεξιῶν
1744 5568 1867 5638 μου.
1899 5561 2017 5623 Una

441 5638 585 5694 serie
623 5637 770 5692 enim
801 5638 1045 5706 procedit
1078 5640 1272 5702 oratio,

515 5709 624 5778 (99)
659 5707 807 5778 Ἔλλ.
853 5707 1018 5778 Αμιιι]
1076 5708 1262 5760 Montt'.
1309 5709 1348 5764 l.
1404 5723 1450 5760 c.
1505 5709 1770 5777 sequitur,
1825 5708 1872 5759 οἱ
1909 5709 2016 5770 τοῖς

443 5776 682 5848 Χριστοῦ
723 5776 1077 5848 κηρύγμασιν
1111 5778 1540 5840 ἁντιπίπτοντες.

3287 4639 3332 4670 ⁹⁰
3358 4637 3480 4692 Act.
3507 4651 3565 4698 ιι,
3594 4633 3696 4687 22.

2189 4866 2264 4936 (Ι)
2291 4867 2409 4934 γὲγ.
2446 4867 2526 4930 Ib,
2554 4881 2742 4936 praem.
2782 4866 2896 4918 καί.

2191 4933 2266 5006 (‘2)
2304 4933 2478 5005 ὑμῶν.
2505 4933 2668 4990 Deest
2705 4936 2759 4989 h.
2796 4937 2833 4990 l.
2861 4933 3157 5006 κλοῖιμενονξ

2192 4999 2398 5075 (5)
2446 5007 2541 5075 ὑμ.
2594 5006 2837 5075 Utroque
2903 4999 3023 5059 loco
3080 5002 3219 5057 infra
3266 5000 3433 5056 citato
3458 5008 3541 5054 est
3569 4999 3703 5070 περὶ

2119 5077 2352 5130 πολλῶν.

2189 5145 2263 5215 (4)
2292 5147 2482 5214 τόμου.
2511 5144 2676 5208 Infra,
2717 5144 2934 5213 dialogo
2961 5143 3016 5208 3,
3043 5153 3126 5197 est
3151 5142 3331 5215 λόγου.
3381 5141 3568 5215 Exstat
3604 5138 3704 5215 hic

2119 5208 2276 5270 locus
2312 5208 2371 5268 iii
2417 5215 2504 5268 ed.
2542 5215 2767 5276 Bcned.,
2801 5223 2840 5278 ι,
2870 5208 2922 5277 ’1,
2953 5230 3005 5282 p.
3039 5229 3095 5269 ιι.
3133 5228 3185 5282 p.
3215 5208 3318 5266 872
3351 5227 3433 5280 sq.
3467 5208 3572 5282 sub
3624 5208 3702 5260 ti-

2123 5288 2259 5345 tulo,
2298 5285 2373 5337 De
2406 5286 2770 5355 incarnatione
2801 5284 2898 5355 Dei
2927 5280 3103 5355 Verbi,
3135 5280 3188 5355 ἐξ
3226 5291 3408 5355 contra
3442 5280 3697 5355 Αιῇαιιοσζ

2196 5356 2271 5424 (5)
2305 5356 2516 5424 περὶ-
2543 5351 2834 5424 θεότητος(
3011 5352 3212 5407 Bened.
3267 5353 3396 5421 περὶ
3441 5347 3536 5401 τοῦ
3565 5347 3700 5400 ναοῦ

2115 5423 2283 5492 λέγει,
2310 5425 2336 5476 ὃ
2360 5423 2476 5476 ἔστι
2507 5424 2566 5475 τὸ
2597 5423 2754 5492 σῶμα
2781 5423 2966 5476 αὑτοῦ.

2304 5484 2823 5565 κατὰ-καλεῖσθαι
2858 5492 3010 5565 Θελός.
3044 5491 3122 5545 Ita
3166 5492 3320 5565 juxta
3361 5484 3698 5565 ed._Bcn_ed.

2117 5557 2267 5618 hunc
2307 5564 2486 5616 locum
2541 5562 2850 5630 exprimere
2884 5561 3062 5614 visum
3099 5557 3200 5615 est.
3228 5560 3420 5630 Sirm.
3458 5557 3703 5630 habebat

2117 5635 2240 5687 κατ’
2273 5632 2448 5701 ἀρχὴν
2483 5625 2642 5684 ἔλαϐε
2691 5631 2752 5683 τὸ
2795 5631 3095 5694 καλεῖσθαι,
3130 5629 3331 5684 omissa
3366 5643 3498 5701 voce
3525 5625 3699 5701 Θεὸς.

2117 5695 2468 5758 Ειιιοιιιίειὶιὶιιι
2506 5716 2724 5768 quoque
2762 5700 2863 5754 fuit
2895 5703 3078 5756 versio
3112 5701 3229 5753 Lat.
3268 5714 3389 5767 qum
3424 5697 3501 5750 sic
3525 5695 3700 5768 babe-

2118 5773 2209 5828 bat
2237 5791 2249 5827 :
2279 5773 2462 5840 Neque
2493 5766 2728 5824 Verbum
2763 5771 2855 5825 Dei
2889 5770 3158 5841 principio
3193 5766 3371 5823 vocari
3401 5766 3561 5834 cu'pit
3587 5799 3602 5815 .
