4010 6212
311 317 420 384 181
1394 321 1755 383 DIALOGUS
1803 325 1843 382 11
1879 368 1892 381 .

2032 323 2538 387 INCONFUSUS.
3475 318 3591 395 te:

309 433 427 486 Καὶ
451 430 539 483 ὅτε
566 426 736 496 λέγει,
771 444 791 479 ι
826 425 994 481 Οὔπω
1016 422 1085 499 ἦν
1106 424 1331 499 Πνεῦμα
1362 427 1540 497 ἅγιον,
1566 429 1650 482 ὅτι
1685 428 1893 500 Ἰησοῦς

2006 432 2134 488 riam
2181 434 2384 503 accipit
2424 432 2729 488 ascendens
2758 446 2883 486 cum
2931 430 3024 485 illo
3067 429 3121 483 in
3168 429 3389 484 caelum.
3420 430 3579 487 Unde

310 520 527 580 οὐδέπω
571 519 872 590 ἐδοξάσθη,
912 538 932 571 ι
966 519 1065 591 τὴν
1110 520 1291 592 σάρκα
1336 518 1504 574 αὑτοῦ
1537 519 1685 589 λέγει
1724 520 1892 592 μηδέ-

2006 524 2125 579 licit
2158 542 2170 577 :
2204 524 2272 578 Et
2296 524 2535 594 Spiritus
2559 524 2872 593 adoptionis
2899 522 3144 578 nondum
3166 530 3285 575 erat
3308 521 3365 575 in
3394 521 3578 577 homi-

311 632 403 668 πω
437 613 517 682 (7)
544 610 921 676 ὣξασθεῖσαν.
966 613 1040 665 οὐ
1069 610 1179 682 γὰρ
1204 613 1233 663 6
1260 610 1465 683 Κύριος
1490 612 1591 683 τῆς
1626 609 1784 683 δόξης
1807 611 1895 666 δο-

2006 614 2178 678 libus,
2203 614 2332 683 quia
2357 614 2614 684 primitiae
2637 622 2875 685 accepta:
2897 630 2964 669 ex
2987 612 3306 668 hominibus
3331 610 3579 665 nondum

309 703 560 772 ξὰξεται,
594 702 711 757 ἀλλ’
741 704 775 775 ἡ
803 701 942 774 σὰρξ
968 700 1064 756 τοῦ
1098 703 1306 773 Κυρίου
1332 703 1433 774 τῆς
1462 703 1620 773 δόξης
1646 703 1784 774 αὐτὴ
1812 703 1892 774 (8)

2006 720 2048 761 ιι
2103 704 2304 759 etelum
2365 704 2749 759 ascenderant.
2806 705 3160 774 Quaecunque
3216 701 3386 772 igitur
3444 699 3581 755 dicit

308 794 583 866 λαμϐάνει
615 793 798 860 δόξαν,
833 794 1302 850 πναναόαίνουσα
1347 795 1495 866 αὐτῷ
1529 798 1609 860 είς
1638 796 1892 867 οὐρανόν.

2006 794 2302 865 Scriptura,
2326 795 2589 850 nimirum
2615 798 2812 868 accepit
2835 795 3020 860 Filius,
3043 803 3100 851 et
3121 791 3451 865 gloriﬁcatus
3480 800 3591 855 εει..

313 887 481 942 Ὅθεν
497 888 635 957 φἠσ)⁵
656 888 758 953 (9),
778 888 892 940 Καὶ
913 887 1132 958 πνεῦμα
1152 888 1427 952 υἱοθεσίας
1440 887 1592 942 οὔπω
1608 883 1675 957 ἦν
1704 890 1763 942 έν
1779 887 1893 971 (10)

2006 896 2228 957 propter
2248 887 2644 943 humanitatem
2672 889 2846 959 ipsius
2870 888 3025 952 dicit,
3053 902 3162 941 non
3188 893 3416 956 propter
3441 883 3589 939 divi»

308 976 658 1047 ἀνθρώποις,
685 977 820 1031 διότι
851 980 885 1049 ἡ
919 978 1190 1048 ληφθεῖσα
1219 978 1443 1050 ἀπαρχὴ
1494 978 1555 1044 ἐξ
1582 979 1891 1051 ἀνθρώπων

309 1064 427 1135 (11)
454 1064 613 1120 οὔπω
636 1061 706 1137 ἦν
736 1066 1039 1122 ἀνελθοῦσα
1067 1071 1146 1134 είς
1178 1071 1428 1143 οὐρανόν.
1459 1073 1599 1126 Ὅσα
1632 1069 1726 1129 οῦν
1749 1074 1895 1144 λέγει

307 1159 341 1227 ἠ
364 1156 483 1229 (12)
513 1157 727 1229 Γραφὴ,
745 1159 828 1214 ὅτι
851 1161 1072 1214 ἔλαϐεν
1089 1164 1123 1215 ό
1160 1162 1292 1229 Υἱὸς
1313 1163 1407 1217 καὶ
1431 1163 1736 1235 ἐδοξάσθη
1755 1167 1894 1237 (15),

304 1247 401 1301 διὰ
453 1250 555 1320 τὴν
602 1249 1004 1322 ἅνθρωπότητα
1064 1253 1231 1307 αὐτοῦ
1291 1254 1476 1323 λέγει,
1512 1256 1572 1310 οὐ
1619 1256 1719 1327 τὴν
1772 1257 1892 1311 θεόο

306 1354 451 1408 τητα
472 1340 608 1410 (16).
628 1372 699 1382 -
719 1342 827 1396 Τοῦ
856 1343 1065 1410 αὐτοῦ,
1081 1346 1149 1399 ἐκ
1167 1346 1275 1401 τοῦ
1298 1346 1486 1402 αὐτοῦ
1514 1349 1893 1418 λόγου.Ὢστε

306 1430 568 1499 ἀληθινὸς
597 1432 733 1497 Θεός
784 1436 938 1489 ἐστιν
970 1430 1129 1501 οὗτος
1160 1437 1298 1507 (15),
1336 1439 1431 1491 καὶ
1470 1439 1578 1509 πρὸ
1614 1437 1711 1493 τοῦ
1739 1438 1896 1508 γενέ-

307 1519 437 1573 σθαι
461 1522 628 1575 αὐτὸν
654 1523 963 1595 ἄνθρωπον,
990 1527 1084 1579 καὶ
1115 1528 1255 1596 μετὰ
1283 1527 1345 1581 τὸ
1373 1526 1631 1597 γενέσθαι
1664 1530 1894 1600 μεσίτην

2001 978 2253 1033 nitatem.
2287 1008 2356 1018 —-
2379 977 2654 1049 Ejusdem,
2683 996 2748 1035 ea:
2775 981 2956 1034 eadem
2990 980 3250 1033 oratione.
3277 976 3457 1033 Verus
3476 975 3582 1030 ita-e

2001 1067 2109 1140 que
2138 1070 2229 1125 hic
2254 1080 2338 1126 est
2369 1072 2534 1136 Deus,
2568 1081 2925 1141 etantequam
2954 1071 3120 1125 homo
3148 1068 3324 1129 ﬁeret,
3350 1075 3406 1121 et
3434 1072 3582 1136 post»

2002 1174 2168 1229 quam
2221 1160 2397 1216 factus
2436 1170 2522 1217 est
2569 1161 2838 1216 mediator
2875 1160 2973 1216 Dei
3017 1169 3074 1214 et
3108 1158 3394 1214 hominum
3422 1155 3587 1211 Iesus

1998 1254 2272 1320 Christus,
2317 1256 2467 1311 Patri
2514 1255 2705 1310 uuitus
2746 1255 3050 1310 secundum
3099 1253 3377 1323 spiritum,
3419 1249 3583 1304 nobis

1999 1354 2184 1402 autem
2239 1347 2543 1402 secundum
2594 1363 2857 1413 carnem,
2912 1346 3008 1416 qui
3070 1343 3389 1399 intercessit
3436 1341 3581 1393 inter

1999 1438 2173 1492 Deum
2204 1447 2260 1493 et
2299 1439 2575 1507 homines,
2614 1439 2708 1510 qui
2756 1454 2867 1493 non
2911 1438 3089 1493 solum
3133 1443 3218 1491 est
3258 1434 3445 1497 homo,
3483 1428 3582 1487 sed

1999 1528 2166 1584 etiam
2196 1530 2362 1585 Deus.

305 1610 443 1665 Θεοῦ
479 1616 576 1668 καὶ
608 1615 914 1686 ἀνθρώπων
953 1618 1160 1686 Ἰησοῦν
1189 1619 1298 1688 (16)
1332 1622 1589 1692 Χριστὸν,
1615 1624 1705 1676 τὸν
1738 1617 2020 1693 ἡνωμένον
2046 1620 2157 1691 (17)
2192 1620 2368 1694 Πατρὶ
2399 1623 2546 1676 κατὰ
2569 1623 2809 1695 πνεῦμα,
2863 1625 2996 1693 ἡμῖν
3052 1621 3109 1673 δε
3178 1617 3319 1672 κατὰ
3378 1617 3581 1684 σάρκαι

305 1708 401 1760 τὸν
428 1708 543 1779 (18)
594 1709 991 1780 μεσιτεύσαντα
1015 1710 1136 1781 Θεῷ
1181 1712 1277 1766 καὶ
1306 1713 1614 1787 ἀνθρώποις
1637 1757 1653 1781 ,
1680 1713 1772 1768 τὸν
1817 1711 1891 1782 μὴ
1935 1710 2093 1781 μόνον
2125 1712 2432 1784 ἄνθρωπον,
2463 1697 2602 1769 ἀλλὰ
2629 1715 2724 1769 καὶ
2743 1715 2876 1769 Θεόν
2899 1712 3031 1783 (19).

328 1823 445 1877 Τοῦ
475 1824 652 1891 ἁγίου
698 1824 1047 1894 Ἀμϐροσίου
1083 1826 1425 1883 ἐπισκόπου
1464 1828 1858 1885 Μεδιολάνου.
1933 1810 1973 1865 Β

397 1938 505 1992 Ἐν
553 1936 787 1993 ἐκθέσει
840 1938 1121 2005 πίστεως.
1188 1939 1619 2013 Ὀμολογοῦμεν.
1646 1942 1759 2013 (20)
1808 1940 1901 1997 τὸν

310 2029 529 2101 Κύριον
559 2030 713 2100 ἡμῶν
767 2030 978 2101 Ἰησοῦν
1026 2033 1281 2104 Χριστὸν,
1335 2033 1425 2089 τὸν
1464 2034 1595 2087 Υίὸν
1624 2033 1719 2086 τοῦ
1762 2030 1899 2086 Θεοῦ

307 2121 413 2174 τὸν
442 2121 704 2193 μονογενῆ
722 2164 736 2188 ,
768 2122 876 2193 πρὸ
907 2124 1127 2178 πάντων
1152 2125 1252 2196 μὲν
1272 2124 1380 2178 τῶν
1405 2124 1616 2179 αἰώνων
1644 2124 1900 2197 ἀνάρχως

309 2217 379 2268 ἑκ
412 2212 627 2285 Πατρὺς
664 2214 997 2285 γεννηθέντα
1030 2216 1173 2268 κατὰ
1199 2217 1298 2284 τὴν
1325 2216 1579 2287 θεότητα,
1619 2213 1706 2268 ἐπ’
1737 2213 1901 2284 ἐσχά-

310 2324 424 2361 των
447 2307 507 2360 δὲ
541 2304 653 2359 τῶν
681 2307 905 2378 ἡμερῶν
941 2309 1006 2360 ὲκ
1034 2308 1132 2377 τῆς
1173 2308 1337 2376 ἁγίας
1375 2307 1650 2378 παρθένου
1677 2305 1901 2376 Μαρίας

310 2399 408 2451 τὸν
436 2397 603 2452 αὐτὸν
626 2398 1004 2469 σαρκωθέντα,
1033 2399 1128 2452 καὶ
1161 2399 1366 2452 τέλειον
1403 2397 1495 2452 τὸν
1516 2397 1800 2468 ἄνθρωπον
1836 2397 1900 2448 ὲκ

308 2490 497 2562 ψυχῆς
525 2491 755 2562 λογικῆς
784 2491 878 2545 καὶ
909 2491 1162 2562 σώματος
1203 2490 1530 2561 ἀνειληφότα
1554 2531 1569 2556 ,
1614 2488 1901 2560 ὁμοούσιον

310 2582 398 2654 τῷ
446 2584 629 2655 Πατρὶ
659 2582 806 2636 κατὰ
839 2581 938 2654 τὴν
977 2583 1243 2651 θεότητα,
1294 2582 1392 2636 κα)⁸
1438 2579 1725 2652 ὁμοούσιον
1766 2581 1902 2651 ἡμῖν

313 2674 463 2729 κατὰ
502 2674 603 2744 τὴν
641 2673 1061 2747 ἀνθρωπότητα.
1110 2673 1215 2726 Δύο
1263 2672 1372 2743 γὰρ
1420 2671 1639 2741 φύσεων
1682 2671 1902 2724 τελείων

310 2766 514 2828 Ξνωσις
543 2766 832 2837 γεγένηται
871 2765 1182 2836 ἀφράστως.
1229 2764 1322 2818 Διὸ
1362 2764 1459 2818 ἕνα
1504 2764 1759 2836 Χριστὸν,
1805 2763 1902 2817 ἕνα

308 2856 452 2910 Υἱδν
504 2856 597 2909 τὸν
639 2856 848 2927 Κύριον
887 2857 1048 2927 ἡμῶν
1108 2856 1315 2928 Ἰησοῦν
1348 2857 1601 2929 Χριστὸν,
1637 2859 1729 2910 τὸν
1773 2855 1903 2911 Υἱδν

308 2946 416 3001 τοῦ
448 2947 587 3001 Θεοῦ
620 2947 1119 3019 καθομολογοῦμεν,
1145 2948 1345 3012 εἰδότες
1411 2949 1605 3021 ὅτιπερ
1633 2948 1903 3012 συναῖδιος

260 3080 269 3085 .
310 3039 585 3110 ὑπάρχων
617 3038 697 3110 τῷ
726 3039 922 3093 ἑαυτοῦ
955 3040 1131 3112 Πατρὶ
1169 3040 1314 3094 κατὰ
1352 3042 1450 3110 τὴν
1480 3039 1741 3111 θεότητα,
1775 3039 1900 3095 καθ’

2180 1826 2363 1884 Sancti
2393 1829 2657 1884 Ambrosii
2694 1831 2921 1900 episcopi
2964 1824 3393 1881 Mediolanensis.

2072 1942 2135 1996 In
2176 1945 2499 2015 expositione
2535 1943 2681 2012 ﬁdei.
2741 1943 3082 1997 Conﬁtemur
3134 1939 3427 1994 Dominum
3477 1952 3583 1992 no-

2001 2043 2176 2089 strum
2224 2035 2409 2090 Jesum
2466 2034 2775 2099 Christum,
2829 2034 3025 2088 Filium
3067 2032 3163 2087 Dei
3214 2030 3588 2102 unigenitum,

2001 2136 2129 2181 ante
2154 2128 2337 2181 omnia
2372 2128 2569 2181 saecula
2599 2128 2718 2182 sine
2767 2127 3041 2198 principio
3092 2142 3160 2180 ex
3206 2125 3369 2179 Patre
3422 2121 3580 2194 geni-

2002 2227 2117 2272 tum
2136 2219 2438 2272 secundum
2463 2218 2839 2272 divinitatem:
2872 2217 2925 2271 in
2951 2215 3268 2271 novissimis
3302 2229 3436 2269 vero
3459 2212 3581 2268 die-

2000 2308 2105 2363 bus
2126 2324 2193 2363 ex
2216 2316 2403 2362 saneta
2446 2307 2660 2378 virgine
2711 2307 2878 2361 Maria
2928 2306 3183 2361 eumdem
3235 2305 3586 2358 inearnatum

1998 2413 2144 2461 esse,
2178 2397 2601 2468 perfectumque
2635 2397 2914 2451 hominem
2942 2411 3008 2449 ex
3029 2395 3210 2449 anima
3246 2391 3496 2447 rationali
3527 2400 3584 2446 et

1997 2504 2230 2559 corpore
2288 2487 2677 2558 assumpsisse,
2715 2484 3242 2542 consubstantialem
3285 2483 3437 2536 Patri
3489 2498 3579 2537 se-

1997 2582 2241 2637 cundum
2257 2582 2602 2637 divinitatem
2622 2589 2678 2635 et
2695 2579 3205 2636 consubstantialem
3224 2577 3378 2632 nobis
3391 2593 3584 2634 secun-

2000 2673 2132 2728 dum
2155 2673 2575 2728 humanitatem.
2605 2673 2849 2727 Duarum
2863 2671 3011 2726 enim
3034 2667 3403 2739 perfectarum
3419 2670 3580 2717 natu-

2001 2783 2186 2822 rarum
2216 2767 2350 2821 unio
2384 2767 2525 2821 facta
2552 2776 2638 2822 est
2664 2763 3040 2820 inelfabiliter.
3080 2761 3210 2816 Ideo
3230 2774 3398 2813 unum
3419 2755 3582 2813 Chri-

2001 2868 2169 2924 stum,
2197 2876 2368 2914 unum
2389 2856 2548 2929 140
2578 2856 2778 2912 Filium
2792 2854 3087 2910 Dominum
3111 2858 3365 2906 nostrum
3390 2849 3579 2904 Jcsum

2000 2952 2281 3009 Christqu
2316 2951 2516 3006 Filium
2540 2949 2638 3004 Dei
2666 2946 3018 3023 conﬁtemur,
3040 2943 3279 3000 scientes
3309 2940 3455 3011 quod
3480 2940 3582 2994 Pa-

2002 3043 2074 3097 tri
2108 3057 2211 3097 suo
2241 3038 2545 3095 secundum
2574 3036 2919 3092 divinitatem
2954 3042 3262 3089 cereternus
3287 3028 3579 3091 exsistens,

302 3129 385 3199 ἦν
442 3130 539 3182 καί
574 3129 793 3183 πάντων
839 3131 1075 3201 ὑπάρχει
1111 3129 1464 3201 δημιουργὸς,
1505 3130 1706 3201 ἠξίωσε
1755 3131 1898 3201 μετὰ

2006 3134 2308 3192 secundum
2363 3148 2528 3202 quam
2599 3128 2847 3185 omnium
2915 3126 3080 3191 etiam
3150 3133 3234 3179 est
3290 3119 3579 3182 conditor,

302 3223 420 3290 τὴν
443 3221 847 3290 συγκατάθεσιν
874 3221 973 3293 τῆς
999 3222 1161 3290 ἁγίας
1187 3221 1491 3292 Παρθένου,
1518 3223 1680 3293 ἡνίκα
1707 3223 1897 3295 εἴρηκε

2006 3226 2257 3297 dignatus
2319 3223 2432 3287 sit,
2494 3228 2620 3292 post
2684 3227 2887 3275 sanetre
2947 3215 3192 3287 Virginis
3252 3225 3578 3273 assensum,

304 3312 458 3383 πρὸς
493 3314 587 3367 τὸν
614 3313 871 3383 ἄγγελον,
914 3331 932 3364 ι
986 3313 1119 3367 Ἰδοὺ
1154 3316 1185 3386 ἠ
1213 3313 1375 3385 δούλη
1404 3315 1634 3386 Κυρίου,
1684 3315 1899 3383 γένοιτό

309 3422 415 3474 μοι
449 3404 595 3458 κατὰ
637 3399 790 3476 ῥῆμά
832 3421 950 3469 σου,
989 3423 1008 3457 ι
1054 3406 1385 3476 ἀποῤῥήτως
1430 3404 1608 3475 ἑαυτῷ
1642 3405 1702 3469 ἐξ
1729 3406 1901 3474 αὐτῆς

302 3496 676 3565 οἰκοδομῆσαι
709 3497 857 3561 ναὸν,
888 3496 982 3549 καὶ
1003 3494 1192 3548 τοῦτον
1218 3495 1415 3549 ένῶσαι
1446 3494 1623 3566 ἑαυτῴ
1647 3495 1705 3560 ἐξ
1732 3494 1897 3566 αὐτῆς

300 3589 418 3656 τῆς
446 3585 795 3664 συλλήψεως,
823 3587 884 3639 οὐ
919 3585 1190 3638 ωναῖδιον
1219 3586 1283 3639 ἐκ
1336 3586 1435 3657 τῆς
1478 3584 1673 3640 ἑαυτοῦ
1710 3584 1902 3649 οὐσίας

305 3673 616 3743 οὐρανόθεν
640 3673 1043 3745 ἐπιφερόμενον
1071 3672 1256 3743 σῶμα,
1284 3673 1402 3727 ἀλλ’
1433 3676 1497 3727 ἐκ
1517 3674 1611 3728 τοῦ
1643 3676 1901 3746 φυράμα-

304 3783 412 3828 τος
434 3765 535 3836 τῆς
558 3765 833 3836 ἡμετέρας
852 3766 1063 3830 οὐσίας,
1084 3765 1363 3818 τουτέστιν
1393 3766 1457 3818 ὲκ
1479 3764 1577 3834 τῆς
1598 3765 1898 3837 Παρθένου,

306 3858 480 3912 τοῦτο
500 3857 739 3928 εἰληφὼς
764 3859 858 3912 καὶ
883 3858 1064 3930 ἑαυτῷ
1101 3856 1330 3920 ὲνώσας.
1368 3857 1481 3926 Οὐχ
1515 3859 1543 3910 6
1570 3856 1703 3921 Θεὸς
1730 3856 1902 3926 Λόγος

307 3960 403 4021 είς
453 3958 637 4029 σάρκα
680 3959 947 4031 τραπεὶς,
995 3957 1119 4012 οῦτε
1171 3957 1279 4029 μὴν
1327 3957 1619 4027 φάντασμα
1671 3956 1899 4026 φανείςσ

308 4058 437 4115 ἀλλ’
460 4058 745 4130 ἀτρέπτως
775 4058 869 4112 καὶ
894 4057 1265 4120 ἀναλλοιώτως
1294 4057 1393 4127 τὴν
1410 4047 1603 4121 ἑαυτοῦ
1630 4055 1902 4127 διατηρῶν

306 4157 534 4224 οὐσίαν,
560 4158 659 4229 τὴν
688 4158 944 4229 ἀπαρχὴν
988 4156 1086 4227 τῆς
1117 4156 1334 4226 φύσεως
1372 4154 1471 4225 τῆς
1518 4155 1793 4227 ἡμετέρας
1822 4158 1902 4209 εἰ-

310 4260 545 4331 ληφὼς,
592 4257 773 4326 ἑαυτῷ
799 4258 1029 4328 ἥνωσεν.
1064 4256 1178 4308 Οὐκ
1207 4254 1384 4325 ἀρχὴν
1413 4254 1442 4306 6
1473 4253 1606 4317 Θεὸς
1629 4253 1803 4322 Λόγος
1837 4254 1903 4308 ὲκ

308 4361 423 4429 τῆς
462 4359 745 4430 Παρθένου
791 4354 1030 4425 εἰληφὼς
1057 4396 1072 4420 ,
1107 4354 1246 4407 ἀλλὰ
1282 4354 1552 4417 συναῖδιος
1589 4352 1669 4424 τῷ
1706 4353 1901 4407 ἑαυτοῦ

313 4462 504 4535 Πατρὶ
557 4462 863 4532 ὑπάρχων,
908 4459 1009 4531 τὴν
1062 4459 1163 4529 τῆς
1216 4460 1433 4527 φύσεως
1482 4458 1584 4528 τῆς
1627 4456 1901 4528 ἡμετέρας
1933 4488 1979 4546 D

314 4564 585 4635 ἀπαρχὴν
612 4562 789 4633 ἑαυτῷ
820 4561 910 4615 διὰ
946 4560 1148 4631 πολλὴν
1182 4559 1497 4629 ἀγαθότητα
1536 4557 1735 4612 ἑνῶσαι
1767 4574 1901 4611 κατ-

312 4666 580 4734 ηξίωσεν,
617 4664 679 4716 οὐ
710 4662 955 4734 κραθεὶς,
992 4661 1107 4715 ἀλλ’
1132 4664 1188 4715 ὲν
1215 4660 1513 4731 ἑκατέραις
1539 4662 1658 4733 mi;
1691 4659 1901 4722 οὐσίαις

313 4762 402 4829 εἷς
436 4766 535 4818 καὶ
560 4765 591 4817 6
614 4764 779 4827 αὐτὸς
799 4763 1009 4833 φανεὶς,
1040 4762 1183 4816 κατὰ
1208 4762 1269 4815 τὸ
1297 4762 1702 4833 γεγραμμένον
1732 4782 1752 4815 ι
1796 4763 1905 4818 Λύ-

320 4855 455 4921 σατε
485 4866 579 4920 τὸν
605 4864 734 4918 ναὸν
765 4864 956 4918 τοῦτον
976 4906 990 4928 ,
1012 4864 1120 4937 ,καὶ
1148 4864 1207 4916 ὲν
1244 4864 1425 4932 τρισὶν
1462 4864 1698 4935 ἡμέραις
1725 4866 1904 4938 ἐγερῶ

317 4966 507 5020 αὐτόν.
544 4984 564 5016 ι
618 4963 818 5019 Δύεται
851 4962 959 5034 γὰρ
988 4963 1013 5014 6
1039 4962 1273 5029 Χριστὸς
1296 4961 1434 5025 Θεὸς
1466 4965 1605 5018 κατὰ
1636 4964 1734 5036 τὴν
1763 4965 1903 5037 ἐμὴν

391 5088 439 5125 υ
472 5085 610 5140 Luc.
644 5099 685 5148 ι,
718 5082 807 5138 58.
881 5081 930 5114 ’δ
964 5081 1119 5137 Joan.
1158 5096 1214 5144 ιι,
1247 5079 1330 5134 19.

514 5201 642 5274 μηδ.
805 5200 1009 5274 Bened.
1040 5198 1228 5274 μήπω.

514 5202 642 5274 μηδ.
671 5202 773 5256 Ed.
805 5202 1009 5255 Bened.
1040 5202 1228 5270 μήπω.

395 5202 475 5412 Ξέἰ
509 5273 673 5393 αὕτη.
709 5271 856 5325 Loco
882 5271 979 5325 cit.
1013 5279 1100 5325 est
1131 5267 1294 5338 αὕτη,
1329 5265 1612 5337 praemisso
1637 5274 1861 5336 puncto.

414 5343 452 5397 9
512 5359 628 5412 φησ
657 5383 671 5412 .
700 5342 825 5412 Des.
853 5340 890 5394 1.
927 5355 978 5394 c.
1177 5407 1195 5412 _
1223 5406 1234 5412 _
1500 5406 1513 5412 _
1716 5407 1754 5412 __

512 5340 827 5414 QQO‘LDCS.
853 5340 978 5414 l._c.

2001 3316 2222 3388 quando
2248 3314 2386 3370 dixit
2427 3313 2654 3383 angelo:
2692 3332 2709 3362 ι
2733 3311 2876 3365 Ecce
2910 3308 3110 3363 ancilla
3131 3308 3145 3327 ‘
3177 3302 3394 3361 Domini
3431 3317 3599 3364 sum,

2003 3407 2096 3461 fiat
2122 3405 2256 3460 mihi
2280 3402 2584 3459 secundum
2608 3400 2839 3455 verbum
2884 3410 3040 3453 tuum
3072 3396 3139 3461 ’³,
3164 3415 3181 3447 ι
3226 3391 3581 3449 ineﬂ‘abilitcr

2002 3499 2107 3555 sibi
2139 3515 2205 3553 ex
2235 3513 2299 3553 ea
2340 3484 2607 3565 templum
2649 3492 2943 3553 aedificare,
2976 3497 3032 3544 et
3070 3489 3173 3542 hoc
3206 3486 3308 3542 sibi
3341 3486 3410 3539 ab
3462 3485 3579 3554 ipsa

2001 3593 2362 3661 conceptione
2415 3590 2596 3650 unire,
2654 3603 2767 3640 non
2825 3593 3160 3638 comternum
3200 3596 3267 3635 ex
3315 3593 3413 3632 sua
3451 3576 3580 3630 sub-

2003 3685 2201 3740 stantia
2232 3682 2449 3737 cmlitus
2472 3682 2716 3735 delatum
2761 3689 2985 3745 corpus,
3021 3672 3117 3728 sed
3139 3687 3206 3725 ex
3257 3668 3579 3725 substantia

2002 3785 2204 3832 nostra:
2233 3788 2433 3836 massa,
2460 3773 2568 3826 hoc
2589 3779 2675 3824 est
2702 3766 3024 3836 exVirginc,
3065 3763 3121 3817 id
3165 3775 3477 3824 assumens,
3519 3766 3577 3812 et

2003 3869 2218 3938 sibiipsi
2262 3865 2483 3920 uniens.
2530 3863 2648 3917 Non
2674 3861 2728 3915 in
2757 3873 2978 3916 carnem
3003 3862 3249 3911 mutatus
3272 3853 3419 3908 Deus
3440 3851 3580 3906 Ver-

2004 3961 2157 4024 bum,
2185 3973 2365 4028 neque
2400 3966 2461 4011 ut
2491 3964 2768 4024 spectrum
2794 3962 3084 4020 apparens,
3113 3945 3207 4002 sed
3242 3944 3359 3999 sine
3398 3950 3579 3997 muta-

2005 4055 2154 4109 tione
2213 4059 2270 4107 et
2290 4049 2616 4106 alteratione
2638 4061 2792 4100 suam
2818 4054 3155 4097 conservans
3189 4034 3576 4093 substantiam,

2004 4153 2311 4215 assumptas
2332 4151 2541 4197 natura:
2568 4147 2770 4194 nostra:
2811 4134 3083 4206 primitias
3124 4130 3226 4185 sibi
3270 4128 3429 4182 uniit.
3459 4126 3580 4180 Non

2004 4235 2341 4311 principium
2371 4247 2597 4289 sumens
2628 4231 2772 4285 Deus
2802 4225 3043 4283 Verbum
3089 4238 3156 4277 ex
3194 4221 3442 4290 Virgine,
3479 4216 3574 4271 sed

2003 4308 2152 4385 l’atri
2177 4344 2277 4385 suo
2302 4335 2609 4381 coaeternus
2635 4320 2928 4381 exsistens,
2988 4322 3199 4370 natura:
3222 4320 3426 4367 nostras
3461 4308 3579 4378 pri—

2005 4423 2189 4477 mitias
2220 4436 2319 4490 per
2351 4418 2674 4472 immensam
2706 4412 3014 4467 bonitatem
3042 4407 3147 4463 sibi
3197 4406 3357 4460 uuirc
3385 4402 3580 4473 digna-

2009 4523 2099 4570 tus
2125 4523 2230 4575 est,
2260 4525 2371 4564 non
2400 4507 2743 4569 commistus,
2776 4502 2870 4558 sed
2906 4501 2961 4555 in
3002 4509 3234 4568 utraque
3274 4494 3583 4550 substantia

2011 4620 2158 4660 unus
2200 4603 2710 4673 etidemapparens,
2749 4596 2893 4651 sicut
2940 4593 3205 4662 scriptum
3254 4596 3369 4644 est:
3415 4606 3432 4637 ι
3458 4585 3582 4640 Sol-

2008 4695 2121 4751 vite
2162 4695 2424 4765 templum
2453 4692 2582 4753 hoc,
2605 4696 2662 4743 et
2684 4686 2737 4740 in
2775 4684 2955 4740 tribus
2981 4682 3176 4736 diebus
3219 4676 3472 4736 excitabo
3514 4675 3582 4728 il-

2010 4784 2105 4838 lud
2147 4763 2545 4836 “.DVSOIVHUI‘
2588 4775 2736 4831 enim
2782 4773 3038 4828 Christus
3080 4770 3227 4825 Deus
3277 4763 3582 4822 secundum

2012 4886 2187 4928 meam
2234 4866 2622 4928 substantiam,
2655 4877 2819 4933 quam
2872 4857 3288 4927 assumpsitzet
3338 4854 3581 4909 solutqu

2011 4963 2275 5033 templum
2311 4958 2457 5014 idem
2480 4955 2683 5012 excitat
2713 4950 3018 5010 secundum
3056 4947 3299 5003 divinam
3327 4945 3584 5001 substan-

2098 5192 2182 5262 15)
2215 5184 2328 5246 οὗτ.
2362 5191 2524 5254 lbid.,
2558 5205 2614 5260 p.
2651 5189 2773 5253 888,
2798 5196 2887 5262 est
2918 5187 3051 5250 υἱός.

2098 5258 2185 5334 16)
2230 5264 2359 5334 Ἰησ.
2397 5262 2538 5317 Ibid.
2560 5258 2765 5334 ἰη-32η).
2788 5258 3093 5334 ανθρωπον.

2099 5324 2185 5403 17)
2212 5324 2303 5387 τὸν
2336 5335 2513 5403 ἡνωμ.
2642 5329 2775 5403 τ.
2812 5324 3022 5403 Ibidem
3064 5342 3261 5403 prtem.
3288 5324 3444 5379 τοῦτο
3474 5324 3579 5394 γάρ

396 5394 629 5482 ί1δ)’ὲν.
756 5394 852 5482 ed.
887 5412 1049 5482 Rom.
1087 5416 1142 5464 et
1175 5406 1323 5476 Lips.
1356 5406 1692 5475 suppletum.
1716 5407 1901 5461 Exstat

2006 5394 2122 5482 ἔστι
2140 5394 2240 5482 ᾖα),
2264 5404 2323 5482 δν
2355 5394 2677 5482 ᾇπέστειλεν
2714 5398 2919 5468 Ἰησοῦν
2945 5394 3200 5468 Χριστόν.

323 5480 546 5555 quoque
577 5480 636 5555 in
664 5481 768 5555 ed;
782 5480 986 5555 Dened,

396 5547 511 5623 (11)
544 5551 703 5623 ἅνθρ.
727 5551 830 5623 Ed.
866 5549 1070 5605 Bened.
1107 5547 1285 5623 ἡμῶν.

396 5568 481 5623 tu
544 5568 644 5607 ανυ
691 5595 703 5607 .
727 5568 830 5606 nu.
868 5568 1070 5605 Isencu.
1107 5568 1285 5618 ημων.

395 5568 511 5694 (19.)
534 5568 816 5694 ﬂ.-pred.
844 5623 1023 5694 item.
1047 5628 1101 5674 et
1129 5619 1277 5694 Lips.
1303 5618 1636 5694 suppletum.

400 5691 513 5761 (I3)
541 5688 678 5757 ἔδοξ.
712 5691 811 5746 Ed.
842 5690 1044 5747 Bcued.
1090 5688 1397 5761 addit

398 5758 513 5827 (Ml
552 5764 668 5827 τήν.
702 5763 909 5817 lbideui
943 5778 1009 5815 ex
1047 5758 1425 5822 superioribus
1462 5759 1726 5823 repetitur
1763 5758 1868 5812 διὰ.

2076 5473 2188 5605 (18)
2224 5474 2334 5527 τόν.
2368 5472 2447 5525 Ib.
2491 5470 2586 5523 xui.
2614 5468 2805 5550 οῦτως.

2102 5545 2189 5605 l9)
2226 5544 2379 5595 Θεόν.
2407 5541 2487 5595 Ib.
2521 5547 2773 5605 sequntur
2800 5559 2805 5569 ε

2102 5536 2189 5608 lit)
2226 5544 2379 5595 Θεόν.
2407 5541 2487 5595 Ib.
2521 5540 2773 5608 sequitur
2800 5538 2891 5591 τὸν
2917 5537 3079 5608 αὐτὸν
3107 5536 3256 5590 ὄντα.

2078 5603 2191 5683 (20)
2231 5603 2630 5681 Ὁμολογοῦμεῦ
2662 5626 2715 5683 κέ
2742 5626 2788 5662 τ.
2818 5609 2881 5683 λῃ.-
2910 5607 3025 5683 Hoc
3061 5607 3431 5683 fragmentum
3464 5603 3588 5659 edi:

2005 5673 2137 5738 tioui
2167 5673 2651 5739 sureiuserueruut
2684 5679 3047 5744 Beuetlictiui,
3072 5686 3107 5731 t.
3132 5673 3194 5742 Il,
3237 5699 3269 5754 ρ
3292 5683 3411 5736 .729
3434 5700 3584 5750 δυψι,
