4010 6212
428 311 528 374 183

1423 313 1912 374 THEODORETI
1951 317 2289 378 EPISCOPI
2327 320 2692 379 CYRENSIS
3589 313 3689 382 183.

422 421 574 478 tiam.
619 414 922 471 secundum
965 431 1128 486 quam
1181 423 1236 470 et
1273 418 1521 471 omnium
1577 427 1663 472 est
1721 418 1996 473 conditor.

2119 425 2293 476 >ὺσίαν
2319 424 2386 494 ἢν
2419 423 2682 487 ἀνέλαϐε,
2727 423 2822 478 καὶ
2863 423 3153 494 λελυμένον
3187 423 3388 494 ἐγείρει
3434 426 3524 479 τὸν
3558 430 3687 481 ναὸν

421 511 709 577 Nunquam
737 516 860 576 post
906 507 1189 572 unionem,
1237 523 1402 578 quam
1450 509 1559 564 sibi
1595 525 1663 563 ex
1701 509 1818 579 ipsa
1861 525 1998 564 con-

420 600 672 670 ceptione
701 599 860 654 unire
881 599 1138 670 dignatus
1171 607 1275 664 est,
1311 599 1398 654 vel
1437 614 1468 652 a
1523 615 1624 654 suo
1681 599 1884 669 templo
1915 615 2002 654 re-

417 693 640 755 cedens,
676 692 763 744 vel
813 700 1041 760 propter
1080 690 1418 745 ineffabilem
1465 691 1859 761 benignitatem
1901 707 2000 745 va-

418 785 537 836 lens
552 783 831 836 recedere.
855 783 964 838 Sed
985 783 1130 837 idem
1147 791 1233 838 est
1252 783 1597 852 passibiliset
1614 783 1966 853 impassibilis
1984 798 1999 836 :

420 871 697 940 passibilis
725 873 1030 926 secundum
1061 872 1485 936 humanitatem,
1532 871 1887 941 impassibilis
1911 888 2004 928 se-

427 961 668 1016 cundum
703 960 1072 1017 divinitatem.
1112 962 1307 1017 Videte
1339 963 1488 1016 enim
1509 979 1523 1027 ;
1544 963 1726 1018 videte
1744 979 1851 1028 me,
1875 962 2004 1033 quia

425 1053 578 1126 141,
623 1069 726 1125 ego
759 1071 902 1118 sum,
941 1064 997 1108 et
1044 1071 1154 1109 non
1202 1064 1408 1110 mutor.
1462 1055 1808 1110 ltesuscitato
1838 1055 2008 1126 igitur

423 1147 626 1215 templo
648 1161 749 1201 suo
765 1147 915 1202 Deus
941 1146 1204 1210 Verbum,
1249 1157 1308 1202 et
1347 1147 1403 1200 in
1431 1147 1551 1216 ipso
1568 1155 1782 1201 natura:
1805 1156 2006 1202 nostra:

424 1235 833 1292 resurrectione
868 1252 931 1292 ac
952 1238 1308 1292 renovatione
1322 1237 1584 1307 perfecta,
1607 1237 1751 1292 hanc
1764 1237 2008 1307 discipu-

423 1329 491 1382 lis
515 1328 632 1382 suis
648 1329 949 1384 ostendens
1000 1329 1258 1385 dicebat:
1301 1349 1318 1380 ι
1342 1329 1566 1398 Palpate
1596 1345 1682 1384 me
1710 1338 1767 1382 et
1799 1329 2003 1393 videte,

422 1436 550 1474 nam
574 1421 807 1491 spiritus
833 1438 1055 1476 carnem
1085 1433 1141 1476 et
1161 1437 1286 1476 ossa
1309 1421 1625 1486 non,habet,
1643 1422 1788 1476 sicut
1808 1422 2008 1476 videtis

422 1529 509 1567 me
529 1511 661 1584 (non
680 1513 940 1583 esse,sed)
963 1514 1166 1568 habere
1184 1513 1302 1545 ποθ’
1325 1531 1338 1578 ;
1373 1531 1392 1565 ι
1416 1520 1545 1567 utet
1567 1513 1860 1568 habentem
1879 1522 1936 1568 et
1953 1513 2007 1568 id

421 1605 568 1674 quod
583 1605 820 1659 habetur
848 1605 1232 1670 considerans,
1256 1621 1366 1660 non
1385 1605 1724 1670 mistionem,
1742 1621 1856 1659 non
1876 1620 2010 1660 con-

425 1697 755 1761 versionem,
771 1713 872 1751 nec
885 1697 1290 1762 alterationem,
1310 1696 1406 1752 sed
1424 1697 1686 1751 unionem
1708 1696 1905 1752 factam
1929 1696 2011 1750 in-

2102 516 2130 566 6
2163 514 2325 576 αῦτδς
2357 514 2498 567 κατὰ
2527 515 2628 586 τὴν
2671 514 2823 568 θείαν
2856 515 3065 579 οὐσίαν,
3101 514 3223 568 καθ’
3255 515 3321 586 ἢν
3342 517 3438 570 καὶ
3469 517 3688 571 πάντων

2105 605 2340 675 ὑπάρχει
2366 605 2720 676 δημιουργός.
2763 606 3034 659 Οὐδέποτε
3081 605 3223 676 μετά
3249 604 3349 676 τὴν
3377 606 3591 668 ἕνωσιν,
3619 609 3686 678 ἢν

2105 693 2162 760 ἐξ
2187 695 2358 763 αὐτῆς
2387 698 2486 765 τῆς
2521 695 2840 766 συλλήψεως
2873 695 3051 766 ἐαυτῷ
3079 695 3279 749 ὲνῶσαι
3321 696 3682 765 κατηξίωσεν,

2105 784 2137 854 ἦ
2168 786 2415 850 ἀποστὰς
2457 786 2552 841 τοῦ
2586 789 2790 840 οἰκείου
2835 787 2965 842 ναοῦ
2989 830 3004 854 ,
3037 788 3070 858 ἢ
3112 788 3418 857 ἀποστῆναι
3457 789 3546 842 διὰ
3587 789 3687 861 τὴν

2104 876 2310 944 ἄφατον
2338 877 2745 949 φιλανθρωπίαν
2764 879 3082 949 δυνάμενος.
3124 877 3263 934 Ἀλλ’
3291 879 3440 932 ἐστιν
3464 881 3493 933 ὁ
3522 880 3682 945 αὐτὸς

2108 969 2352 1039 παθητὸς
2389 969 2484 1023 καὶ
2513 971 2730 1041 ἀπαθής
2754 987 2768 1002 ο
2808 970 3052 1041 παθητὸς
3083 970 3226 1024 κατά
3265 971 3362 1042 τὴν
3397 970 3686 1042 ἀνθρωπό-

2105 1076 2264 1128 τητα,
2302 1059 2519 1131 ἀπαθὴς
2549 1060 2692 1113 κατά
2717 1061 2816 1132 τὴν
2843 1061 3094 1130 θεότητα.
3157 1061 3325 1114 Ἴδετε
3382 1063 3511 1133 γὰρ,
3545 1063 3687 1115 ίδετέ

2111 1168 2199 1220 με,
2243 1151 2328 1204 ὅτι
2367 1150 2478 1219 ἐγώ
2512 1154 2648 1221 εἰμι,
2677 1152 2771 1204 καὶ
2797 1153 2896 1205 οὐκ
2937 1152 3254 1222 ὴλλοίωμαι.
3298 1153 3548 1224 Ἐγείρας
3576 1171 3686 1207 τοι·

2109 1242 2314 1312 γαροῦν
2351 1243 2443 1296 τὸν
2477 1244 2674 1297 ἑαυτοῦ
2705 1245 2830 1298 ναὸν
2863 1245 2892 1296 ὁ
2922 1246 3055 1308 Θεὸς
3084 1246 3278 1313 Λόγος,
3314 1246 3411 1298 καὶ
3451 1249 3509 1298 ὲν
3538 1245 3688 1316 αὐτῷ

2110 1335 2207 1404 τῆς
2252 1334 2467 1402 φύσεως
2511 1335 2668 1407 ἡμῶν
2714 1337 3016 1390 ἀνάστασιν
3050 1337 3142 1390 καὶ
3190 1337 3490 1390 ἀνανέωσιν
3520 1340 3688 1409 ἔργαο

2112 1427 2378 1496 σάμενος,
2412 1431 2508 1481 καὶ⁹
2545 1428 2750 1499 ταύτην
2783 1433 2897 1492 τοῖς
2929 1429 3121 1482 ἑαυτοῦ
3157 1430 3426 1500 μαθηταῖς
3469 1430 3648 1494 δείξας
3670 1471 3685 1492 ,

2111 1517 2302 1586 ἔλεγε,
2339 1539 2357 1570 ι
2412 1519 2788 1591 Ψηλαφὴσατέ
2839 1538 2938 1592 με,
2992 1522 3086 1574 καὶ
3118 1521 3289 1584 ἴδετε,
3341 1523 3424 1574 ὅτι
3475 1522 3690 1592 πνεῦμα

2113 1609 2293 1680 σάρκα
2332 1611 2426 1662 καὶ
2469 1610 2635 1663 ὀστέα
2674 1611 2775 1664 οῦκ
2828 1611 2940 1680 ἔχει
2965 1653 2978 1674 ,
3013 1610 3196 1675 καθὼς
3236 1613 3336 1680 ἐμὲ
3397 1612 3688 1680 θεωρεῖτε,

2111 1679 2212 1752 οὐκ
2250 1699 2403 1763 ὄντα,
2449 1700 2564 1753 ἀλλ’
2599 1700 2828 1770 ἔχοντα·
2929 1702 3018 1754 ἵνα
3063 1702 3157 1754 καὶ
3199 1679 3298 1756 τδῦ
3339 1701 3552 1772 ἔχοντα,
3597 1704 3692 1755 καὶ

425 1789 664 1859 telligas.
695 1789 826 1844 Ideo
851 1798 907 1843 et
929 1789 1161 1859 vestigia
1187 1790 1494 1853 clavorum,
1529 1798 1583 1843 et
1610 1789 1816 1843 lancea:
1838 1787 2009 1842 ictum

2119 1791 2176 1844 τὸ
2205 1791 2320 1861 (25)
2357 1792 2616 1863 ἐχόμενον
2640 1794 3005 1862 κατανοήσας,
3037 1794 3097 1847 οὒ
3120 1795 3340 1864 κρᾶσιν.
3371 1795 3430 1846 οὐ
3459 1795 3688 1863 τροπὴν,

424 1879 753 1933 monstravit
769 1881 837 1944 ’⁷,
866 1889 1116 1934 ctcoram
1135 1880 1422 1950 discipulis
1443 1879 1685 1936 comedit
1707 1879 1838 1942 “,ut
1859 1877 2008 1931 omni

424 1971 634 2024 ratione
657 1978 869 2024 naturae
897 1979 1102 2024 nostrae
1145 1971 1611 2026 resurrectionem
1644 1969 1698 2022 in
1749 1985 1806 2024 se
1837 1983 2007 2022 reno-

423 2066 602 2111 vatam
625 2057 731 2111 illis
757 2059 1670 2127 pcrsuaderet.Etcumsccundum
1690 2058 1904 2113 beatam
1929 2058 2008 2112 di-

423 2151 672 2206 vinitatis
701 2151 1068 2205 substantiam
1096 2151 1424 2205 mutationis
1453 2160 1508 2205 et
1538 2151 1882 2206 alterationis
1913 2166 2008 2204 ex-

425 2260 571 2314 pers,
612 2244 990 2314 impassibilis,
1048 2244 1403 2308 immortalis,
1460 2245 1607 2298 nulla
1653 2260 1712 2297 re
1759 2242 2012 2312 indigens

425 2345 592 2397 esset,
613 2337 900 2407 passiones
919 2351 1114 2390 omnes
1140 2337 1346 2405 templo
1374 2350 1475 2389 suo
1507 2335 1702 2388 inferri
1735 2333 2007 2404 permisit,

426 2436 482 2480 et
508 2427 613 2482 hoc
643 2428 869 2498 propria
917 2428 1165 2498 potentia
1188 2427 1473 2488 excitavit,
1502 2437 1559 2480 et
1605 2443 1704 2496 per
1738 2427 2006 2496 templum

429 2536 589 2574 suum
627 2521 927 2590 perfectam
968 2529 1177 2575 natura:
1234 2513 1465 2574 nostrae'
1489 2519 1903 2573 renovationcm
1933 2518 2012 2572 ef-

428 2611 578 2665 fecit.
606 2611 715 2666 Eos
761 2627 894 2666 vero
919 2611 1013 2681 qui
1059 2611 1252 2665 dicunt
1306 2610 1517 2665 nudum
1563 2610 1840 2664 hominem
1889 2626 2010 2665 esse

427 2703 731 2767 Christum,
763 2705 849 2758 vel
898 2703 1136 2774 passioni
1181 2703 1482 2758 obnoxium
1516 2703 1692 2757 Deum
1744 2703 2008 2766 Verbum,

428 2796 615 2850 autin
664 2812 885 2850 carnem
941 2811 1293 2859 conversum,
1342 2796 1426 2849 vel
1477 2795 2010 2850 consubstantiatmn

430 2903 634 2958 corpus
680 2888 962 2954 habuisse,
1031 2888 1114 2942 vel
1149 2888 1218 2942 de
1285 2889 1427 2942 coelo
1475 2887 1530 2940 id
1583 2887 1870 2951 detulisse,
1919 2894 2013 2940 aut

429 2981 758 3051 phantasma
783 2996 904 3034 esse
939 2995 954 3032 :
984 2981 1066 3034 vel
1119 2981 1212 3050 qui
1277 2980 1567 3034 mortalem
1619 2978 1810 3033 dicunt
1838 2979 2009 3032 Deum

432 3073 675 3127 Verbum
709 3074 849 3143 opus
869 3073 1130 3142 habuisse
1155 3081 1216 3126 ut
1245 3088 1275 3126 a
1308 3073 1469 3126 Patre
1515 3071 1899 3132 suscitaretur,
1926 3069 2010 3123 vel

434 3161 794 3216 inanimatum
822 3178 1024 3232 corpus
1051 3162 1376 3232 sumpsisse,
1409 3161 1494 3215 vel
1525 3160 1644 3214 sine
1688 3169 1872 3214 mente
1919 3159 2014 3213 ho-

435 3254 761 3319 minem,vel
789 3253 928 3308 duas
949 3253 1156 3308 Christi
1179 3261 1404 3308 naturas
1435 3269 1534 3324 per
1570 3251 2017 3307 commistionem

433 3347 693 3402 confusas
719 3362 885 3400 unam
921 3354 1176 3400 naturam
1227 3345 1400 3401 factas
1449 3361 1609 3401 esse:
1645 3355 1702 3400 et
1759 3344 1852 3414 qui
1908 3359 2018 3397 non

435 3442 774 3498 conﬁtentur
825 3441 878 3495 in
931 3440 1166 3494 Domino
1211 3446 1404 3494 nostro
1449 3437 1576 3492 Jcsu
1621 3437 1843 3492 Christo
1883 3436 2021 3490 duas

433 3549 557 3589 esse
605 3542 833 3587 naturas
880 3530 1218 3593 ἰιιροηίιιεαε,
1271 3545 1436 3583 unam
1487 3537 1670 3583 autem
1706 3543 2017 3597 personam,

441 3625 599 3697 142
617 3633 893 3694 quatenus
923 3637 1066 3677 unus
1097 3631 1180 3676 est
1201 3620 1478 3685 Christus,
1517 3637 1660 3674 unus
1689 3619 1880 3684 Filius,
1924 3635 2020 3674 eos

435 3718 785 3772 anathemate
815 3715 942 3769 ferit
969 3715 1239 3769 catholica
1266 3721 1322 3768 et
1350 3712 1652 3782 apostolica
1682 3711 2023 3767 Ecclesia.—

439 3810 692 3881 Ejusdem
724 3810 789 3863 9’.
819 3809 961 3877 Ergo
982 3809 1026 3862 si
1057 3822 1185 3862 caro
1219 3805 1332 3875 (21)
1354 3805 1604 3860 omnium
1631 3804 1767 3858 etin
1798 3805 2021 3860 Christo

439 3899 715 3968 subiacuit
741 3897 978 3967 injuriae,
1005 3895 1284 3964 quomodo
1324 3895 1491 3948 unius
1531 3895 1682 3948 illam
1721 3910 1847 3948 cum
1877 3895 2021 3948 divi-

439 3991 611 4044 nitate
637 3989 825 4044 dicitis
872 4003 994 4042 csse
1042 3985 1402 4040 substantiae?
1438 3985 1494 4039 Si
1523 3986 1669 4039 enim
1699 3986 1862 4040 unius
1895 3987 2024 4040 sub-

440 4081 655 4136 stantim
683 4080 922 4134 Verbum
955 4089 1010 4133 et
1041 4094 1191 4141 caro,
1227 4093 1348 4147 qtae
1395 4077 1464 4132 de
1499 4086 1645 4132 terra
1699 4078 1866 4134 habet
1918 4096 2018 4134 na-

443 4191 642 4237 .uram,
670 4190 770 4228 cur
817 4173 1066 4245 11011029.)
1104 4171 1268 4226 unius
1320 4172 1644 4227 substantia:
1697 4182 2020 4227 asseranlur

439 4267 683 4320 Verbum
721 4277 886 4336 atque
931 4267 1135 4323 anima,
1189 4280 1354 4334 quam
1407 4264 1708 4334 perfectam
1764 4264 2021 4334 (natum)

440 4356 687 4426 suscepit
739 4354 1266 4426 (humanm)?Unius
1315 4363 1499 4408 autem
1553 4354 1872 4408 substantiae
1910 4355 2020 4425 (‘25)

439 4455 524 4501 cst
547 4446 790 4501 Verbum
817 4459 942 4499 cum
972 4445 1103 4508 Deo,
1138 4443 1443 4498 secundum
1479 4443 1770 4497 Paternam
1815 4443 2023 4513 profes-

441 4541 674 4603 sionem,
705 4548 760 4593 et
797 4537 970 4607 ipsius
1005 4537 1116 4608 (‘24)
1146 4537 1361 4591 Domini
1387 4536 1771 4600 assertionem,
1805 4535 1898 4605 qui
1923 4537 2018 4590 ait:

450 4654 466 4682 ι
493 4633 606 4704 Ego
639 4642 697 4687 et
721 4631 882 4684 Pater
925 4645 1097 4683 unum
1145 4644 1338 4682 sumus
1361 4629 1400 4683 ¹.
1430 4647 1447 4679 ι
1494 4627 1672 4684 Unius
1701 4643 1834 4698 ergo
1889 4629 2022 4681 sub-

443 4728 659 4782 stantiae
689 4726 852 4780 Pater
875 4738 1000 4777 cum
1031 4721 1298 4792 (terreno)
1313 4735 1546 4790 corpore
1582 4721 1932 4790 praedicatur.
1961 4721 2028 4776 Et

443 4819 624 4874 adhuc
648 4814 1014 4886 indignamini
1038 4813 1278 4878 Arianis,
1319 4814 1450 4884 quia
1481 4813 1540 4868 hi
1589 4813 1781 4867 dicunt
1828 4813 2028 4867 Filium

444 4911 540 4966 Dei
569 4919 880 4964 creaturam
911 4923 1054 4970 esse,
1083 4921 1208 4960 cum
1256 4905 1359 4975 ipsi
1391 4905 1590 4960 dicatis
1622 4905 1841 4960 Patrem
1868 4905 2034 4960 unius

513 5065 632 5096 ’⁵⁸⁸³⁸
658 5064 791 5119 Luc.
827 5082 970 5125 xxw,
999 5064 1088 5116 39.
1163 5063 1206 5091 ⁹⁷
1233 5061 1388 5116 103".
1426 5075 1512 5124 Χκν
1539 5060 1629 5113 Ἧι

443 5151 634 5199 rram.,
665 5150 713 5188 c.
751 5136 801 5190 6.
882 5139 897 5168 ¹
924 5137 1081 5190 Joan.
1123 5149 1174 5192 χ,
1202 5131 1288 5184 50.

517 5249 628 5320 (2|)
665 5250 918 5303 omnium.
965 5249 1131 5320 Sirio.
1167 5249 1329 5320 omni.
1356 5247 1479 5320 Sed
1519 5247 1806 5320 sequimur
1831 5245 2024 5320 lectio-

443 5315 784 5389 ncm,'quam
807 5321 1046 5372 editores
1088 5318 1452 5381 Benedictini,
1491 5327 1528 5372 t.
1573 5315 1637 5380 11,
1673 5333 1726 5386 p.
1755 5315 1878 5377 716,
1907 5317 2025 5389 plu-

448 5387 709 5442 rimorum
735 5406 866 5442 msc.
895 5390 1154 5457 suffragio
1175 5390 1354 5442 ornari
1384 5397 1674 5452 testantur,
1706 5402 1828 5456 quae
1859 5387 2022 5439 etiam

449 5461 619 5514 textui
653 5459 839 5513 Grreco
873 5461 1074 5528 optime
1111 5460 1422 5528 respondet.

521 5529 630 5600 (‘22)
657 5546 752 5582 cur
791 5527 1233 5584 uouL—Verbmu.
1287 5530 1491 5585 Bencd.
1515 5530 1550 5583 1.
1597 5545 1646 5583 c.
1676 5547 1687 5580 :
1718 5544 1814 5581 cur
1861 5527 2024 5581 unius

446 5601 766 5655 substantize
801 5610 1075 5652 asseratur
1098 5601 1362 5653 Verbum.

527 5673 637 5740 (ΞΒ)
672 5673 995 5724 sabatantim.
1029 5671 1238 5722 Mallem
1267 5680 1491 5730 πεπτω-αῖ,
1521 5671 1622 5723 ηἰεί
1654 5669 1854 5724 Benetl.
1893 5685 2026 5722 con-

450 5744 710 5803 servirent
751 5743 801 5794 in
831 5741 1063 5794 ιίτςιὶοηρ
1100 5755 1261 5809 quam
1290 5749 1469 5792 textus
1503 5741 1742 5794 exhibet.

1708 5058 1754 5092 ³⁸
1792 5061 1925 5115 Luc.
1967 5076 2110 5124 xxxv,
2137 5061 2198 5114 Η
2233 5076 2409 5130 scqq.;
2445 5061 2602 5115 Joan.
2633 5077 2741 5125 XXI,
2782 5060 2847 5114 l2
2870 5076 3024 5130 seqq.

2112 1883 2212 1935 οὐκ
2261 1883 2570 1948 ἀλλοίωσιν,
2621 1884 2734 1937 ἀλλ’
2789 1885 2988 1938 ἕνωσιν
3035 1885 3414 1956 γεγενημένην
3466 1885 3686 1947 ὲπίδοις.

2113 1974 2211 2026 Διὰ
2240 1972 2398 2026 τοῦτο
2423 1974 2516 2026 καὶ
2541 1976 2667 2038 τοὺς
2690 1973 2894 2038 τύπους
2925 1974 3032 2027 τῶν
3055 1974 3221 2044 ἥλων,
3251 1977 3345 2027 καὶ
3370 1975 3469 2044 τῆς
3493 1974 3692 2043 λόγχης

2111 2068 2211 2139 τὴν
2241 2066 2389 2131 νύξιν
2419 2065 2682 2132 ἐπέδειξε,
2718 2069 2812 2120 καὶ
2839 2065 3147 2137 ἔμπροσθεν
3178 2065 3435 2134 μαθητῶν
3465 2066 3692 2134 ἔφαγεν,

2113 2161 2200 2213 ἵνα
2235 2159 2322 2212 διὰ
2347 2159 2563 2213 πάντων
2593 2159 2691 2227 τὴν
2715 2159 3011 2212 ἀνάστασιν
3040 2157 3140 2228 τῆς
3167 2157 3442 2228 ἡμετέρας
3480 2155 3696 2224 φύσεως

2113 2252 2171 2304 ὲν
2198 2249 2343 2320 αὑτῷ
2389 2248 2785 2302 ἀνανεωθεῖσαν
2828 2246 3168 2316 πιστώσηται
3201 2245 3415 2308 αὐτούς.
3460 2245 3568 2298 Καὶ
3614 2245 3696 2297 ὃτι

2114 2341 2253 2395 κατά
2286 2341 2384 2411 τὴν
2423 2342 2705 2412 μακαρίαν
2743 2340 2844 2410 τῆς
2878 2340 3134 2410 θεότητος
3167 2338 3357 2392 οὐσίαν
3391 2339 3694 2408 ἄτρεπτος,

2115 2435 2474 2495 ἀναλλοίωτος
2495 2475 2508 2497 ,
2535 2433 2774 2503 ἀπαθὴς,
2812 2432 3103 2495 ἀθάνατος,
3133 2430 3385 2501 ἀνενδεὴς
3414 2429 3696 2490 διατελῶν,

2115 2522 2294 2579 πάντα
2329 2525 2398 2576 τὰ
2434 2524 2580 2594 πάιοη
2626 2526 2776 2577 εἴασε
2818 2524 2960 2577 κατὰ
3009 2522 3361 2593 συγχώρησιν
3392 2522 3468 2592 τῷ
3509 2521 3697 2590 οἰκείῳ

2115 2618 2471 2688 ἐπενεχθῆναι
2527 2617 2640 2687 ναῷ
2667 2657 2681 2680 ,
2717 2616 2813 2669 καὶ
2855 2616 3042 2669 τοῦτον
3209 2615 3387 2686 οἰκείᾳ
3432 2615 3698 2686 ἀνέστησε

2113 2708 2364 2778 δυνάμει,
2395 2707 2484 2759 διά
2523 2724 2583 2759 τε
2621 2707 2716 2760 τοῦ
2756 2706 2961 2760 οἰκείου
3011 2705 3139 2759 ναοῦ
3185 2706 3402 2759 τελείαν
3437 2707 3536 2776 τὴν
3567 2707 3701 2759 ἀνα-

2114 2802 2306 2854 νέωσιν
2327 2801 2424 2869 τῆς
2447 2799 2723 2871 ἡμετέρας
2746 2799 3105 2869 ἐξειργάσατο
3141 2797 3378 2866 φύσεως.
3415 2798 3549 2860 Τοὺς
3578 2797 3694 2866 (26)

2114 2891 2170 2944 δὲ
2200 2892 2459 2960 λέγοντας
2489 2891 2641 2959 ψιλὸν
2663 2889 2950 2960 ἄνθρωπον
2987 2889 3078 2941 τὸν
3103 2887 3358 2960 Χριστὸν,
3386 2886 3419 2957 ἢ
3457 2887 3698 2956 παθητὸν

2115 2986 2205 3038 τὸν
2232 2986 2365 3039 Θεὸν
2399 2985 2571 3053 Λόγον
2594 3025 2608 3049 ,
2649 2983 2681 3053 ἦ
2727 2985 2805 3046 εἰς
2851 2983 3031 3055 σάρκα
3062 2981 3340 3054 τραπέντα
3364 3022 3379 3046 ,
3421 2980 3456 3050 ἦ
3507 2997 3699 3034 συνουο

2121 3075 2387 3146 σιωμένον
2441 3073 2734 3145 ἐσχηκέναι
2781 3072 2841 3125 τὸ
2887 3073 3077 3143 σῶμα,
3131 3072 3164 3142 ἢ
3208 3071 3500 3142 οὐρανόθεν
3544 3053 3740 3122 τοῦτο’

2120 3166 2499 3236 κεκομικέναι,
2548 3165 2580 3235 ἦ
2619 3164 2914 3234 φάντασμα
2944 3159 3085 3216 εἶναι
3109 3164 3181 3234 ,ἢ
3216 3162 3410 3231 θνητὸν
3447 3161 3704 3230 λέγοντας

2119 3259 2209 3314 τὸν
2236 3259 2369 3312 Θεὸν
2395 3258 2566 3325 Λόγον
2591 3257 2876 3327 δεδεῆσθαι
2908 3257 3007 3326 τῆς
3037 3256 3188 3326 παρά
3207 3255 3300 3308 τοῦ
3332 3257 3542 3326 Πατρὸς
3568 3257 3703 3307 ἀνα-

2121 3353 2403 3415 στάσεως,
2453 3350 2716 3421 ἦᾶψυχον
2756 3349 2816 3402 τὸ
2860 3348 3021 3419 σῶμα
3051 3349 3440 3419 ἀνειληφέναι,
3478 3346 3510 3416 ἢ
3541 3346 3704 3399 ἄνουν

2121 3443 2428 3516 ἄνθρωπον,
2455 3441 2488 3511 ἢ
2524 3442 2621 3503 τὰς
2644 3441 2737 3493 δύο
2769 3440 2962 3510 φύσεις
2995 3439 3091 3492 τοῦ
3127 3437 3366 3510 Χριστοῦ
3399 3437 3542 3490 κατά
3566 3436 3703 3489 ἀνάο

2121 3552 2320 3606 κρασιν
2360 3532 2726 3602 συγχυθείσας
2763 3531 2892 3600 μίαν
2938 3531 3268 3600 γεγενῆσθαι
3303 3528 3484 3598 φύσιν,
3514 3527 3606 3581 καὶ
3629 3527 3705 3599 μὴ

2122 3622 2526 3696 ὁμολογοῦντας
2551 3623 2632 3685 εἰς
2673 3620 2876 3692 Κύριον
2905 3623 2938 3692 ἡ
2950 3622 3067 3690 μῶν
3104 3619 3314 3690 Ἰησοῦν
3344 3618 3580 3690 Χριστὸν
3610 3617 3706 3670 δύο

2123 3717 2314 3787 φύσεις
2348 3711 2486 3768 εἶναι
2519 3712 2882 3784 ἀσυγχύτους.
2914 3712 2972 3765 ἓν
3011 3712 3069 3764 δὲ
3104 3711 3416 3783 πρόσωπον,
3466 3709 3598 3763 καθὸ
3624 3703 3706 3772 εἷς

2122 3810 2380 3882 Χριστὸς,
2410 3807 2490 3871 εἷς
2509 3807 2656 3870 Υἱὸς,
2687 3807 2912 3868 τούτους
2941 3805 3328 3875 ἀναθεματίζει
3356 3807 3388 3874 ὴ
3417 3804 3705 3873 καθολικὴ,

2124 3902 2218 3955 καὶ
2256 3897 2585 3969 ἁποστολικὴ
2624 3897 2942 3969 Ἐκκλησία.
2968 3897 3155 3951 -Τοῦ
3185 3895 3392 3951 αὑτοῦ.
3425 3893 3634 3950 Οὐκοῦν
3657 3897 3706 3948 εί

2125 3995 2157 4064 ή
2187 3994 2296 4046 τῶν
2322 3992 2538 4046 πάντων
2567 3990 2723 4061 σὰρξ,
2757 3992 2813 4043 ἐν
2847 3988 3068 4060 Χριστῷ
3089 3988 3456 4059 ὑποϐέϐληται
3489 3987 3704 4058 ῦὸρεσι,

2127 4080 2245 4144 πῶς
2282 4080 2421 4149 μετά
2452 4080 2550 4149 τῆς
2575 4078 2826 4146 θεότητος
2864 4079 2993 4148 μιᾶς
3035 4075 3181 4133 εἶναι
3223 4079 3574 4140 ὑποστάσεως
3616 4093 3708 4130 voc

2130 4172 2378 4241 μίζεται;
2425 4172 2486 4223 Εἰ
2536 4169 2645 4240 γάρ
2693 4172 2824 4240 μιᾶς
2861 4170 3217 4234 ὑποστάσεως
3251 4173 3278 4223 ὁ
3309 4171 3481 4238 Λόγος
3527 4168 3622 4222 καὶ⁵
3672 4170 3707 4239 ἡ

2129 4262 2265 4332 σὰρξ
2295 4264 2328 4331 ἠ
2364 4262 2471 4315 ἀπὸ
2518 4265 2613 4330 γῆς
2646 4261 2744 4332 τὴν
2777 4263 2940 4328 φύσιν
2981 4262 3218 4332 ἔχουσα,
3265 4264 3394 4332 μιᾶς
3432 4263 3539 4331 ἄρα
3574 4261 3707 4314 ὑπο-

2129 4354 2369 4414 στάσεως
2397 4353 2425 4403 ὁ
2463 4352 2634 4420 Λόγος
2674 4353 2768 4404 καὶ⁵
2803 4354 2835 4422 η
2870 4351 3048 4423 ψυχὴ,
3090 4355 3156 4424 ἢν
3193 4354 3407 4405 τελείαν
3456 4351 3710 4407 ἀνέλαϐε.

2129 4447 2272 4508 Μιᾶς
2309 4443 2414 4515 γὰρ
2442 4443 2658 4512 φύσεώς
2698 4445 2844 4497 ἐστιν
2872 4444 2900 4496 ὁ
2927 4446 3098 4512 Λόγος
3133 4447 3270 4516 μετά
3298 4445 3391 4498 τοῦ
3424 4444 3582 4507 Θεοῦ,
3616 4445 3712 4497 καὶ

2128 4539 2270 4591 κατά
2307 4542 2406 4607 τὴν
2429 4537 2519 4589 τοῦ
2549 4536 2778 4605 Πατρὸς.
2811 4537 2903 4589 καὶ
2936 4536 3102 4590 αὑτοῦ
3132 4537 3227 4590 τοῦ
3261 4536 3388 4590 Υἱοῦ
3417 4535 3712 4606 ὁμολογίαν

2127 4629 2226 4700 τὴν
2281 4630 2588 4698 λέγουσαν,
2643 4647 2662 4679 ι
2714 4629 2856 4697 Ἐγὼ
2899 4630 2992 4683 καὶ
3029 4631 3058 4682 ὁ
3103 4628 3292 4698 Πατὴρ
3329 4628 3389 4680 ἓν
3436 4631 3640 4696 ἐσμεν·
3687 4646 3706 4677 ι

2128 4723 2326 4775 οὐκοῦν
2357 4723 2451 4774 καὶ
2480 4723 2508 4774 ὁ
2543 4722 2733 4792 Πατὴρ
2763 4723 2861 4792 τῆς
2889 4723 3059 4791 αὐτῆς
3088 4722 3276 4785 οὐσίας
3309 4723 3451 4792 μετὰ
3478 4721 3571 4775 τοῦ
3601 4721 3711 4774 σὼ-

2135 4831 2303 4884 ματος
2331 4813 2537 4882 ὀφείλει
2565 4814 2904 4884 νομίζεσθαι.
2936 4815 3044 4868 Καὶ
3069 4815 3121 4867 τί
3146 4815 3226 4868 ἔτι
3253 4817 3368 4877 τοῖς
3410 4815 3714 4886 ’Λρειανοῖς

2130 4907 2346 4977 χολᾶτε,
2373 4908 2484 4969 τοῖς
2508 4905 2729 4974 λέγουσι
2751 4906 2842 4958 τὸν
2865 4906 2995 4958 Υἱὸν
3023 4905 3279 4974 τοῦ-Θεοῦ
3303 4905 3512 4976 κτίσμα
3544 4900 3711 4971 εἶναι,

3131 5060 3176 5092 θ’
3210 5059 3288 5115 De
3325 5059 3594 5114 incarnat.
3623 5074 3714 5115 sa-

2213 5244 2320 5314 (:24)
2353 5244 2583 5298 Domini.
2631 5243 2781 5299 Hanc
2819 5261 3037 5315 quoque
3072 5245 3366 5300 lectionem
3402 5242 3570 5297 habet
3592 5240 3710 5296 edi-

2134 5318 2214 5371 tio
2238 5315 2439 5370 Bencd.
2463 5316 2580 5369 Non
2616 5315 2772 5369 licuit
2795 5316 2977 5384 itaque
3005 5316 3252 5370 scribere
3283 5315 3427 5377 Filii,
3446 5329 3572 5368 cum
3596 5321 3710 5366 tex-

2135 5397 2248 5441 tum
2277 5403 2306 5440 e
2335 5385 2582 5440 versione
2607 5386 2900 5440 etiiendare
2932 5386 3084 5440 nefas
3104 5387 3195 5441 sit.

2207 5456 2422 5578 (‘25):6.
2456 5456 2619 5510 Sirm.
2656 5456 2894 5510 habebat
2946 5456 3055 5509 τόν.
3094 5457 3199 5512 Sed
3251 5455 3543 5527 legendum
3594 5468 3719 5508 esse

2211 5538 2265 5578 to
2298 5544 2328 5578 τ
2365 5566 2377 5578 .

2172 5538 2265 5582 ιιιο
2298 5538 2377 5579 το.

2131 5543 2480 5666 Ρυίὲϐίοτοὺς
2501 5625 2572 5636 —-
2600 5597 2762 5649 ἀποσ.
2792 5596 3074 5666 ἐκκλησία.
3110 5597 3234 5652 Ihec
3263 5594 3554 5664 fragmcnti
3590 5608 3724 5663 pars

2133 5677 2308 5722 exstat
2330 5665 2494 5738 etiam
2519 5667 2660 5735 apud
2690 5665 3347 5738 LeonemByzantimuu,
3377 5675 3436 5719 ut
3461 5667 3573 5736 jam
3603 5678 3721 5720 [113--

2135 5747 2374 5794 nucrunt
2409 5736 2648 5792 editores
2683 5737 2883 5792 Bcncd.
2911 5738 2946 5791 ι.
2985 5736 3032 5793 ςζ
