4010 6212
330 326 445 391 185
1432 334 1813 398 DIALOGUS
1852 336 1911 397 ll

2015 362 2044 373 -
2069 339 2570 407 INCONFUSUS.
3504 346 3609 413 186

326 436 488 490 αὐτοὶ
545 433 805 502 λέγοντες
846 435 939 491 τὸν
972 435 1198 510 Πατέρα
1239 439 1371 509 μιᾶς
1426 435 1570 494 εῖναι
1626 442 1768 511 μετὰ
1807 442 1911 496 τῶν

2020 461 2147 501 cum
2197 450 2467 505 creaturis
2520 466 2646 506 esse
2689 451 3050 508 substantiae?
3079 483 3151 494 --
3179 451 3432 524 Ejusdem
3467 459 3605 528 (56),

328 527 649 596 κτισμάτων
669 528 894 592 οὐσίας-ε
941 559 1013 570 -
1048 530 1159 584 Τοῦ
1207 531 1395 585 αὑτοῦ
1444 532 1515 586 ἐκ
1579 532 1689 600 τῆς
1749 535 1903 602 πρὸς

325 616 671 684 Γρατιανὸν
742 619 854 672 τὸν
884 620 1151 683 βασιλέα
1187 622 1541 692 ἐπιστολῆς.
1587 624 1919 692 Φυλάξωμεν

323 706 595 776 διαίρεσιν
626 708 739 779 (9.7)
767 707 1022 780 Θεότητος
1043 713 1139 765 καὶ
1159 713 1383 783 σαρκός.
1407 709 1502 777 Εἷς
1520 714 1635 785 (28)
1654 718 1765 779 τοῖς
1791 718 1919 771 ἑκα-

325 800 512 869 τέροις
544 801 907 872 ἀποκρίνεται
932 804 1107 868 όΥἱδς
1130 806 1225 859 τοῦ
1250 805 1410 873 Θεοῦ,
1442 808 1632 879 ἐπειδὴ
1670 811 1729 862 ὲν
1768 808 1919 881 αύτῷ

324 891 598 961 ἑκάτεραι
638 893 836 962 φύσεις
878 896 1038 950 εἰσίν.
1091 897 1153 951 Ὀ
1199 898 1363 963 αὐτὸς
1419 898 1608 963 λαλεῖ,
1654 902 1772 955 ἀλλ’
1820 901 1918 973 οὐχ

328 983 417 1036 ὲν).
450 983 567 1054 (29)
611 985 881 1047 πάντοτε,
922 986 1040 1040 ἀλλ’
1074 989 1251 1059 ἑτέρω
1287 990 1498 1062 τρόπῳ.
1536 992 1781 1064 Πρόσεχε
1822 995 1921 1047 αὑ-

325 1075 423 1127 τὸν
456 1076 592 1145 (50),
622 1076 720 1129 νῦν
753 1078 856 1147 μὲν
894 1078 1053 1145 δόξαν
1076 1079 1470 1153 φθεγγόμενον,
1501 1081 1596 1138 νῦν
1620 1084 1677 1137 δὲ
1709 1084 1919 1157 ἀνθρώο

326 1186 463 1222 πινα
508 1170 681 1240 πάθη.
744 1170 835 1233 Ὦς
880 1170 1013 1234 Θεὸς
1058 1170 1212 1225 λαλεῖ
1247 1173 1316 1227 τὰ
1351 1173 1501 1240 θεῖα,
1549 1175 1848 1249 ἆπίιδήπερ
1888 1178 1917 1229 ὁ

324 1262 501 1328 Δόγος
532 1262 678 1314 ἐστίν
705 1281 718 1293 ·
764 1262 843 1326 ὡς
873 1262 1160 1335 ἄνθρωπος
1192 1263 1340 1334 λέγει
1374 1265 1442 1319 τὰ
1468 1267 1703 1322 ταπεινὰ
1729 1310 1744 1334 ,
1773 1271 1919 1322 ἐπει-

321 1352 576 1424 δήπερὲν
592 1356 658 1424 τῇ
683 1355 789 1425 ἐμῇ
814 1355 1112 1409 ὑποστάσει
1140 1356 1293 1410 λαλεῖ
1318 1357 1531 1426 (3|).——
1567 1358 1679 1413 Τοῦ
1699 1358 1913 1423 αὐτοῦ,

317 1445 392 1499 ἐκ
435 1447 545 1499 τοῦ
566 1446 757 1501 αὐτοῦ
797 1449 1010 1518 λόγου.
1054 1448 1220 1504 ὐθεν
1248 1452 1425 1504 έκεῖνο
1449 1450 1510 1504 τὸ
1543 1451 1911 1520 ἀναγνωσθὲν,

318 1538 400 1602 ὡς
449 1540 479 1592 ό
506 1540 714 1610 Κύριος
745 1540 850 1610 τῆς
874 1541 1034 1613 δόξης
1083 1542 1446 1614 ἐσταύρωται,
1483 1543 1558 1615 μὴ
1605 1546 1670 1615 τῇ
1717 1544 1913 1598 ἑαυτοῦ

317 1630 449 1703 δόξῃ
498 1632 886 1703 σταυρωθέντα
942 1634 1276 1705 νομίσωμεν.
1337 1635 1477 1689 Ἀλλ’
1524 1636 1712 1707 ἐπειδὴ
1759 1630 1914 1700 οὗτος

319 1721 458 1786 Θεός
480 1740 543 1776 τε
569 1724 665 1777 καὶ
693 1724 1010 1796 ἄνθρωπος,
1063 1726 1206 1780 κατὰ
1232 1726 1334 1797 μὲν
1362 1727 1462 1796 τὴν
1484 1726 1717 1798 θεότητα
1751 1725 1907 1792 Θεὸς,

316 1814 469 1867 κατὰ
497 1814 554 1868 δὲ
579 1816 680 1888 τὴν
699 1816 1005 1888 πρόσληψιν
1025 1819 1125 1888 τῆς
1154 1820 1357 1890 σαρκὸς
1379 1821 1667 1892 ἄνθρωπος
1701 1822 1911 1892 Ἰησοῦς

316 1904 564 1975 Χριστὸς
586 1947 601 1970 ,
648 1908 676 1960 ό
713 1907 921 1981 Κύριος
954 1911 1053 1980 τῆς
1081 1910 1238 1983 δόξης
1266 1913 1643 1983 ἐσταυρῶσθαι
1671 1914 1907 1983 λέγεται.

318 1997 442 2050 Καὶ
474 1998 582 2071 γὰρ
600 1998 869 2072 ἑκατέρας
902 2003 1125 2073 μετέχει
1143 2003 1379 2070 φύσεως,
1403 2006 1684 2060 τουτέστιν
1708 2006 1914 2079 ἀνθρω-

319 2089 501 2159 πίνης
530 2090 621 2143 καὶ
652 2091 820 2154 Θείας.
857 2093 946 2145 Ἐν
973 2096 1040 2164 τῇ
1074 2093 1169 2147 τοῦ
1198 2093 1492 2165 ἀνθρώπου
1519 2098 1629 2167 γὰρ
1650 2098 1813 2165 φύσει
1850 2096 1913 2150 τὺ

320 2179 501 2241 πάθος
553 2180 878 2249 ὑπέμεινεν,
926 2182 1014 2235 ἵνα
1060 2183 1386 2255 ἀδιαιρέτως
1426 2185 1521 2238 καὶ
1558 2186 1764 2254 Κύριος
1808 2186 1912 2256 τῆς

311 2267 499 2340 δόξης,
525 2272 622 2324 καὶ
651 2272 771 2336 Υἱὸς
801 2273 1088 2343 ἀνθρώπου
1117 2270 1259 2328 εἶναι
1287 2274 1514 2344 λέγηται
1536 2278 1565 2329 ό
1586 2275 1796 2340 παθὼν,
1821 2294 1913 2330 κα-

316 2360 432 2424 Θὼς
453 2363 792 2434 γέγραπται,
826 2383 845 2416 ι
892 2366 951 2419 ὐ
983 2368 1047 2419 ὲκ
1084 2367 1178 2421 τοῦ
1210 2366 1442 2439 ούρανοῦ
1474 2369 1738 2433 καταδάς.
1782 2388 1800 2421 ι
1841 2400 1913 2412 --

326 2452 585 2522 ὀμοίως
627 2456 697 2509 ἐκ
734 2458 842 2527 (52)
877 2448 987 2511 τοῦ
1016 2459 1225 2513 αὑτοῦ.
1267 2461 1591 2528 Σιγάτωσαν
1637 2462 1759 2532 (55)
1801 2478 1913 2523 τοι-

312 2545 534 2617 γαροῦν
570 2549 626 2601 αἱ
654 2549 783 2621 περὶ
807 2550 915 2604 τῶν
954 2550 1130 2619 λόγων
1161 2551 1387 2621 μάταιαι
1409 2550 1691 2623 ζητήσεις.
1710 2552 1774 2605 Ἦ
1802 2552 1911 2622 γὰρ

314 2638 575 2708 βασιλεία
603 2641 699 2694 τοῦ
732 2642 891 2707 θεοῦ,
918 2643 1103 2707 καθὼς
1131 2643 1470 2716 γέγραπται,
1494 2644 1595 2697 οὐκ
1616 2645 1674 2697 ἐν
1699 2643 1910 2707 πειθοῖς

315 2727 500 2797 λόγων
531 2734 693 2797 ἐστὶν,
726 2735 840 2788 ἀλλ’
869 2737 927 2788 ὲν
955 2736 1224 2801 ἀποδείξει
1260 2737 1561 2808 δυνάμεως.
1586 2736 1912 2808 Φυλάξωμεν

312 2820 424 2892 τὴν
467 2822 733 2893 διαφορὰν
775 2824 873 2895 τῆς
900 2824 1100 2896 σαρκὸς
1132 2826 1346 2897 καὶτῆς
1370 2826 1641 2898 Θεότητος.
1671 2822 1769 2890 Εἲς
1801 2826 1911 2897 γὰρ

310 2913 462 2967 Θεοῦ
486 2914 631 2978 Υἱὸς,
655 2912 734 2979 εἷς,
760 2917 999 2987 ἑκά-τερα
1019 2916 1193 2984 λαλεῖ,
1219 2918 1521 2989 ἐπειδήπερ
1553 2918 1790 2989 ἑκατέρα
1811 2917 1912 2986 φύ-

315 3024 418 3071 σις
445 3009 596 3061 ἐστὶν
627 3012 686 3062 ἐν
713 3009 884 3080 αύτῷ.
903 3010 1044 3063 Ἀλλ’
1075 3011 1123 3063 εἰ
1157 3011 1253 3064 καὶ
1290 3010 1456 3074 αὑτὸς
1478 3010 1661 3071 λαλεῖ,
1708 3011 1806 3081 οὐχ
1830 3010 1910 3064 ἑνὶ

2025 553 2091 592 ea:
2124 539 2348 610 cpistola
2383 542 2455 595 ad
2487 542 2807 598 Gratianum
2840 545 3213 616 imperatorem
3237 548 3277 599 ³.
3312 546 3605 605 Servemus

2021 631 2437 689 distinctionem
2457 636 2764 692 divinitatis
2783 647 2840 693 et
2861 640 3065 694 carnis.
3098 639 3254 697 Unus
3284 640 3340 694 in
3368 648 3604 712 utraque

2024 723 2138 795 (37)
2167 726 2414 797 loquitur
2441 728 2535 783 Dei
2562 728 2757 793 Filius,
2777 731 2908 800 quia
2928 731 2984 786 in
3006 732 3204 787 eodem
3224 731 3337 804 (38)
3366 742 3604 803 utraque

2020 826 2219 873 natura
2235 826 2338 873 est.
2372 818 2528 891 143
2550 819 2619 874 Et
2647 819 2692 875 si
2715 819 2861 875 idem
2890 820 3160 891 loquitur.
3190 835 3300 875 non
3320 835 3433 875 uno
3460 836 3606 875 sem-

2019 923 2121 978 per
2139 909 2386 979 loquitur
2410 912 2596 968 modo.
2630 913 2860 968 Intende
2878 914 2934 967 in
2960 929 3028 968 eo
3049 913 3161 985 (39)
3187 928 3335 969 nunc
3368 914 3603 985 gloriam

2019 998 2139 1066 Dei,
2160 1017 2310 1056 nunc
2335 1003 2577 1060 hominis
2599 1006 2918 1075 passiones:
2943 1007 3099 1076 quasi
3120 1005 3230 1079 (.40)
3260 1005 3406 1061 Deus
3426 1006 3604 1076 loqui-

2021 1102 2114 1149 tur
2139 1112 2263 1167 qua:
2291 1105 2420 1152 sunt
2446 1098 2655 1163 divina,
2685 1100 2814 1169 quia
2832 1098 3074 1156 Verbum
3097 1109 3214 1155 est:
3250 1100 3405 1170 quasi
3435 1101 3603 1156 homo

2016 1187 2153 1242 dicit
2184 1204 2306 1259 quae
2328 1199 2460 1246 sunt
2482 1191 2720 1246 humana
2753 1190 2888 1263 (Η),
2917 1192 3046 1261 quia
3082 1191 3136 1247 in
3191 1207 3313 1246 mea
3338 1192 3600 1247 substan-

2019 1276 2094 1330 tia
2132 1277 2481 1347 loquebatur.
2512 1278 2883 1351 —Ejusdem,
2920 1297 2983 1333 ea:
3007 1280 3186 1334 eodem
3223 1280 3410 1333 libro’.
3445 1278 3601 1335 Unde

2018 1368 2151 1424 illud
2188 1369 2297 1441 (42)
2351 1370 2498 1441 quod
2535 1371 2737 1426 lectum
2762 1379 2848 1428 est
2878 1372 2921 1437 ⁸,
2963 1371 3257 1427 Dominum
3296 1371 3599 1443 maiestatis

2015 1462 2339 1516 cruciﬁxum
2373 1478 2514 1528 esse,
2555 1479 2665 1517 non
2699 1463 2857 1533 quasi
2887 1464 2942 1518 in
2974 1464 3261 1534 majestate
3278 1478 3376 1518 sua
3410 1461 3598 1518 cruci-

2015 1552 2182 1607 ﬁxum
2208 1563 2485 1625 putemus,
2514 1556 2610 1609 sed
2644 1556 2771 1625 quia
2813 1555 2959 1610 idem
3005 1556 3172 1619 Deus,
3208 1555 3355 1610 idem
3400 1556 3589 1617 homo,

2012 1661 2114 1716 per
2139 1646 2485 1702 divinitatem
2509 1648 2673 1713 Deus,
2708 1663 2807 1718 per
2831 1649 3239 1719 susceptionem
3282 1648 3471 1702 carnis
3492 1647 3596 1703 ho-

2014 1754 2106 1792 mo
2163 1738 2323 1794 Jesus
2363 1738 2656 1805 Christus,
2699 1741 2966 1795 Dominus
3015 1740 3320 1811 maiestatis
3384 1738 3595 1794 dicitur

2013 1829 2330 1891 cruciﬁxus,
2380 1830 2508 1899 quia
2540 1845 2769 1884 consors
2817 1832 3111 1900 utriusque
3158 1838 3387 1893 naturae,
3418 1828 3470 1883 id
3509 1824 3632 1883 est'

2011 1918 2271 1973 humanae
2313 1922 2514 1988 atque'
2546 1919 2768 1984 divina}.
2799 1921 2854 1974 in
2895 1929 3093 1975 natura
3139 1920 3381 1974 hominis
3422 1919 3596 1976 subiit

2012 2010 2360 2081 passionem:
2410 2019 2470 2064 ut
2530 2010 2829 2066 indiscrete
2867 2019 2924 2065 et
2980 2011 3245 2066 Dominus
3289 2010 3595 2081 maiestatis

2011 2103 2231 2157 dicatur
2251 2118 2374 2157 esse
2408 2102 2501 2173 qui
2528 2118 2722 2172 passus
2755 2114 2860 2167 est,
2887 2111 2944 2158 et
2966 2102 3113 2158 illius
3145 2102 3407 2166 hominis,
3450 2102 3597 2157 sicut

2012 2189 2281 2258 scriptum
2303 2198 2417 2244 est:
2458 2209 2477 2240 ι
2500 2189 2605 2257 Qui
2642 2190 2933 2245 descendit
2957 2191 3026 2245 dc
3048 2191 3190 2246 caelo
3220 2192 3261 2244 '.
3289 2209 3307 2241 ι
3338 2220 3409 2235 ς-
3432 2189 3591 2258 Item,

2012 2294 2078 2332 ea:
2124 2279 2305 2332 eodem
2335 2280 2376 2333 ⁸.
2430 2278 2641 2334 Sileant
2686 2280 2855 2349 igitur
2898 2280 3091 2335 inanes
3137 2279 3206 2334 de
3240 2280 3595 2335 sermonibus

2011 2371 2365 2441 qumstiones,
2398 2372 2528 2441 quia
2556 2387 2787 2441 regnum
2823 2371 2943 2438 Dei,
2978 2373 3121 2428 sicut
3147 2373 3416 2443 scriptum
3436 2380 3521 2427 est
3548 2374 3591 2439 ⁷,

2009 2477 2123 2517 non
2148 2463 2205 2516 in
2235 2463 2764 2533 persuasioneverbi
2788 2474 2894 2528 est,
2919 2464 3014 2519 sed
3048 2465 3103 2519 iu
3132 2465 3455 2531 ostensione
3478 2465 3596 2519 vir-

2013 2554 2168 2609 tutis.
2191 2552 2488 2607 Servemus
2505 2552 2921 2608 distinctionem
2947 2554 3257 2609 divinitatis
3294 2563 3352 2610 et
3388 2555 3589 2611 carnis.

2017 2645 2177 2718 144
2212 2644 2368 2701 Unus
2393 2646 2449 2699 in
2474 2653 2709 2715 utraque
2739 2646 2986 2716 loquitur
3017 2646 3113 2700 Dei
3139 2646 3333 2707 Filius.
3367 2646 3499 2716 quia
3535 2646 3591 2701 in

2010 2733 2205 2787 eodem
2241 2741 2474 2803 utraque
2503 2742 2699 2789 natura
2729 2743 2831 2789 est.
2862 2734 2978 2789 Etsi
3009 2735 3155 2790 idem
3176 2735 3445 2806 loquitur,
3477 2751 3591 2791 non

2012 2839 2126 2879 uno
2159 2840 2378 2894 semper
2432 2825 2679 2895 loquitur
2737 2826 2924 2880 modo.
2974 2826 3204 2882 Intende
3238 2827 3293 2880 in
3338 2842 3407 2881 eo
3442 2843 3593 2884 nunc

2011 2914 2242 2987 gloriam
2274 2916 2391 2980 Dei,
2433 2931 2584 2970 nunc
2612 2916 2857 2971 hominis
2903 2916 3209 2986 passiones.
3245 2915 3410 2983 Quasi
3445 2917 3592 2971 Deus

2011 3006 2259 3077 loquitur
2286 3022 2408 3076 qua:
2436 3016 2565 3062 sunt
2593 3006 2803 3071 divina,
2829 3006 2958 3077 quia
2988 3007 3233 3062 Verbum
3287 3015 3398 3060 est:
3432 3006 3589 3075 quasi

312 3100 516 3168 μέντοι
545 3117 609 3169 γε
644 3101 879 3155 πάντοτε
910 3102 1098 3174 τρόπῳ
1127 3102 1299 3157 λαλεῖ.
1348 3104 1518 3174 Ὀρᾷς
1550 3103 1659 3175 γὰρ
1681 3104 1738 3155 ὲν
1760 3102 1909 3173 αύτῷ

2015 3099 2177 3155 homo
2200 3098 2335 3153 dicit
2363 3113 2429 3153 ea
2466 3114 2589 3169 qua:
2621 3106 2751 3153 sunt
2772 3098 3034 3160 humana,
3062 3098 3192 3169 quia
3226 3097 3283 3152 in
3318 3097 3423 3151 hac
3454 3096 3590 3151 sub-

306 3188 423 3242 νῦν
455 3190 556 3259 μὲν
580 3190 734 3255 δόξαν
765 3190 926 3254 Θεοῦ,
946 3191 1041 3243 νῦν
1071 3191 1128 3245 δὲ
1159 3192 1300 3264 πάθη
1332 3192 1623 3263 ἀνθρώπου
1650 3192 1786 3263 (54).
1820 3193 1908 3257 Ὠς

302 3280 460 3343 Θεὸς
494 3280 645 3333 λαλεῖ
666 3281 736 3334 τὰ
773 3282 915 3344 θεῖα,
945 3282 1242 3355 ἐπειδήπερ
1273 3283 1475 3352 Λόγος’
1508 3283 1585 3346 ὡς
1621 3282 1908 3355 ἄνθρωπος

309 3370 483 3425 λαλεῖ
509 3371 578 3425 τὰ
610 3370 954 3445 ἀνθρώπινα,
994 3373 1296 3445 ἐπειδήπερ
1341 3376 1399 3427 ὲν
1417 3373 1591 3444 ταύτῃ
1627 3374 1807 3428 ἐλάλει
1836 3376 1905 3445 τῇ

313 3463 514 3535 φύσει.
535 3496 600 3506 --
621 3465 730 3520 Τοῦ
750 3466 958 3530 αὐτοῦ,
976 3466 1046 3521 ἐκ
1070 3465 1377 3535 τοῦλόγου
1403 3465 1511 3520 τοῦ
1536 3465 1673 3533 περὶ
1694 3464 1805 3534 τῆς
1818 3465 1910 3520 ἐν·

308 3553 769 3622 ανθρωπήσεως
790 3554 898 3609 τοῦ
927 3557 1151 3625 Κυρίου
1186 3556 1337 3611 κατὰ
1369 3553 1905 3625 Ἀπολιναριστῶν.

328 3645 482 3698 Ἀλλ’
520 3648 577 3697 ὲν
608 3647 718 3717 ὅσῳ
742 3647 964 3711 τούτους
990 3647 1312 3718 ἐλέγχομεν,
1339 3649 1656 3720 ἁνεφύησαν
1704 3649 1909 3720 ἕτεροι,

314 3738 582 3805 λέγοντες
624 3740 685 3792 τό
724 3756 783 3793 τε
813 3739 972 3811 σῶμα
1013 3740 1108 3794 τοῦ
1138 3740 1379 3813 Χριστοῦ
1408 3741 1502 3795 καὶ
1544 3742 1644 3812 τὴν
1678 3741 1911 3812 Θεότητα

318 3830 463 3899 μιᾶς
491 3829 706 3900 φύσεως
729 3827 1068 3896 εἷναι.Ποϊος
1095 3832 1229 3905 ᾅδης
1254 3834 1354 3905 τὴν
1375 3832 1642 3904 τοσαύτην
1664 3832 1908 3903 βλασφη-

318 3919 465 3991 μίαν
494 3920 754 3991 ὲρεύξατο
782 3923 894 3994 (35)
920 3941 934 3987 ;
979 3923 1034 3977 Ἀ
1044 3925 1246 3995 petatve".
1270 3925 1380 3994 γὰρ
1408 3924 1508 3996 ἤδη
1549 3924 1912 3994 τυγχάνουσιν

316 4014 703 4087 ἁνεκτότεροι,
737 4010 815 4071 ὧν
837 4018 871 4088 ἡ
917 4017 1150 4073 ἀπιστία
1174 4016 1263 4071 διὰ
1292 4017 1517 4082 τούτους
1540 4018 1907 4089 κρατύνεται,

399 4156 421 4186 ⁸
444 4156 525 4210 De
549 4154 674 4219 ﬁde,
712 4156 807 4212 lib.
842 4172 902 4221 ιι,
928 4170 978 4210 c.
1007 4156 1060 4212 9.
1135 4155 1156 4187 ³
1192 4155 1356 4219 lbid.,
1386 4171 1435 4210 c.
1462 4156 1514 4209 7.
1580 4155 1600 4188 ⁸
1628 4156 1650 4211 l
1678 4154 1805 4211 Cor.
1842 4171 1903 4222 ιι,

2070 4156 2090 4187 ⁸
2114 4155 2272 4211 Joau.
2311 4170 2389 4221 ιιι,
2426 4154 2516 4209 15.
2589 4154 2610 4185 ⁸
2641 4155 2718 4209 De
2756 4153 3293 4225 ﬁde,lib.u,cap.9.

317 4241 389 4291 ιι,
418 4226 475 4281 4.
552 4226 574 4257 ⁸
603 4227 678 4280 De
704 4227 913 4281 incarn.
947 4241 1202 4293 sacram,
1238 4241 1287 4280 c.
1321 4226 1375 4281 6.
1451 4227 1472 4258 ’
1500 4225 1633 4282 ibid.

400 4358 518 4432 (27)
551 4360 697 4428 διαέρ
748 4359 851 4413 Ed.
891 4360 1048 4413 Rom.
1085 4366 1142 4413 et
1173 4358 1322 4428 Lips.
1355 4358 1412 4411 h.
1442 4358 1481 4412 l.
1517 4358 1683 4413 babet
1705 4357 1913 4429 διαιρέ-

318 4449 490 4491 σεως.

399 4499 516 4582 (28)
544 4496 642 4564 εἷς.
678 4498 780 4554 Ed.
824 4498 982 4582 Rom.
1016 4507 1074 4553 et
1120 4500 1272 4582 Lips.
1322 4497 1484 4582 s!._ln
1538 4506 1769 4582 utraque
1806 4496 1911 4552 ista
1942 4569 1981 4582 ﬁ
2013 4498 2098 4582 _De

2009 3190 2208 3245 stantia
2252 3190 2933 3262 loquebatur.—Ejusdem
2952 3188 2996 3256 ⁸,
3031 3208 3095 3245 ex
3128 3189 3263 3245 libro
3297 3190 3361 3243 de
3411 3192 3591 3243 incar-

2010 3284 2231 3337 natione
2264 3283 2477 3337 Domini
2508 3292 2695 3338 contra
2729 3283 3166 3354 Apollinaristas.
3188 3282 3294 3338 Sed
3327 3282 3457 3336 dum
3488 3282 3591 3336 hos

2011 3375 2417 3446 redarguimus,
2454 3384 2748 3446 emergunt
2771 3376 2887 3438 alii,
2910 3376 3006 3445 qui
3032 3390 3254 3431 carnem
3286 3372 3503 3429 Domini
3533 3377 3591 3427 et

2010 3468 2356 3523 divinitatem
2387 3467 2581 3522 dicunt
2600 3467 2766 3522 unius
2790 3483 2912 3522 esse
2939 3476 3171 3521 naturae.
3215 3466 3345 3532 Quae
3376 3472 3588 3521 tantum

2011 3560 2357 3629 sacrilegium
2379 3559 2592 3613 inferna
2617 3560 2987 3613 vomuerunt?
3016 3559 3138 3614 iam
3186 3557 3592 3613 tolerabiliores

2012 3657 2141 3704 sunt
2163 3649 2375 3712 Ariani,
2405 3663 2638 3717 quorum
2674 3662 2771 3716 per
2803 3647 2938 3701 istos
2974 3647 3220 3717 perﬁdia:
3258 3647 3428 3700 robur
3459 3644 3590 3698 ado-

2011 3741 2192 3805 lescit,
2221 3747 2283 3794 ut
2313 3740 2522 3809 majore
2566 3738 2925 3793 contentione
2971 3746 3223 3792 asserunt
3257 3739 3496 3800 Patrem,
3532 3743 3591 3790 et

2016 3834 2244 3898 Filium,
2271 3839 2328 3887 et
2358 3830 2628 3902 Spiritum
2662 3841 2913 3887 sanctum
2954 3831 3122 3885 unius
3157 3847 3267 3886 non
3308 3846 3429 3886 esse
3454 3828 3588 3885 sub-

2014 3924 2263 3987 stantite;
2297 3923 2427 3993 quia
2471 3922 2561 3977 isti
2609 3921 2954 3978 divinitatem
2992 3923 3207 3977 Domini
3268 3933 3324 3977 et
3368 3934 3590 3977 carnem

2014 4016 2341 4073 substantias
2369 4014 2536 4069 unius
2561 4014 2749 4071 dicere
2773 4023 3148 4071 tentaverunt.
3166 4046 3236 4056 —
3252 4014 3507 4087 Ejusdem
3540 4011 3587 4079 ’,

3367 4153 3432 4208 Ἰ
3459 4151 3586 4208 Cor.

2092 4357 2202 4427 (55)
2348 4359 2588 4430 Utraque
2605 4359 2776 4414 editio
2807 4358 3093 4428 ἠρεύξατο.

2094 4429 2204 4553 (31:)
2233 4427 2332 4483 llic
2364 4427 2519 4485 locus
2553 4431 2608 4483 in
2646 4430 2781 4485 edit.
2812 4427 2978 4485 Sirm.
3017 4429 3088 4483 ita
3125 4428 3389 4498 allegatus
3419 4440 3543 4485 erat
3570 4449 3583 4485 :

2094 4500 2157 4553 τῆ
2200 4517 2245 4553 e.
2274 4501 2369 4553 lib.
2403 4516 2452 4553 c.
2479 4501 2529 4553 4.
2557 4501 2743 4553 Exstat
2764 4516 2830 4553 eo
2851 4515 3011 4553 auem
3050 4498 3188 4552 infra
3223 4501 3583 4553 exoressimus

2122 4498 2245 4567 ﬁde,
2274 4501 2369 4554 lib.
2403 4516 2452 4555 (τ.
2479 4501 2529 4554 4.
2557 4501 2743 4554 Exstat
2764 4516 2830 4554 eo
2851 4515 3011 4568 quem
3050 4498 3188 4552 infra
3223 4501 3590 4568 expressimus

315 4569 571 4627 editione
598 4586 709 4624 non
740 4570 1033 4640 apponitur
1055 4581 1316 4639 punctum
1346 4569 1413 4623 ad
1443 4569 1756 4640 praecedens
1781 4585 1911 4638 σαρ-
1942 4569 1985 4626 ῐ)
2013 4571 2156 4631 loco,
2186 4578 2225 4625 t.
2259 4570 2324 4633 ll,
2370 4570 2458 4625 ed.
2498 4571 2702 4625 Bened.
2745 4587 2798 4640 p.
2837 4570 2961 4631 485,
2990 4585 3160 4639 segm.
3201 4569 3287 4640 77.
3316 4569 3588 4638 lntegrum

317 4646 443 4705 κίς,
480 4656 583 4696 nec
609 4638 811 4695 deinde
834 4639 901 4693 ad
933 4638 1124 4707 φύσεις
1154 4642 1312 4703 εἰσὶν,
1344 4640 1438 4694 sed
1479 4654 1583 4692 una
1613 4639 1756 4693 serie
1779 4653 1910 4708 pro-

317 4712 584 4783 greditur
618 4711 801 4783 oratio
832 4725 1008 4783 usque
1041 4710 1107 4764 ad
1142 4711 1170 4763 ό
1201 4710 1362 4783 αὐτὸς
1394 4709 1566 4766 λαλεῖ,
1596 4709 1709 4783 ubi
1764 4724 1910 4783 pun-

315 4778 481 4837 ctum
516 4782 763 4852 ponitur,
811 4788 867 4833 et
901 4778 969 4832 ad
1007 4795 1249 4852 sequens
1262 4850 1269 4852 ξ
1291 4779 1545 4852 πάντοτε.
1579 4778 1755 4832 Aliam
1787 4778 1909 4852 dis-

316 4848 637 4908 tinctionen
687 4858 911 4906 secutus
941 4858 1026 4905 est
1057 4848 1344 4921 Strigelius
1374 4850 1430 4904 in
1459 4848 1911 4918 interpretatione

318 4939 427 4978 sua
459 4923 673 4977 Latina.

401 4994 513 5075 (29)
548 4993 646 5045 ὲνξ.
684 4991 785 5075 E_d.
810 4991 968 5075 lium.
991 4990 1215 5075 etLips.
1249 4990 1399 5060 ἡμῖν.
1429 4988 1613 5045 Graeca
1646 4988 1703 5043 h.
1730 4988 1768 5043 Ι.
1795 5004 1907 5044 non

321 5060 462 5120 satis
492 5061 828 5132 respondent
856 5061 1027 5116 textui
1057 5060 1271 5132 Latino.

398 5134 514 5203 (ὅθ)
563 5127 680 5186 ἀλλ’
711 5132 792 5203 ἑτ.
823 5148 912 5203 τρ.
948 5147 1044 5203 πρ.
1086 5130 1266 5185 αὐτόν.
1307 5129 1454 5203 Edit.
1483 5129 1642 5184 Rom.
1672 5136 1729 5183 et
1753 5127 1903 5200 Lips.

325 5201 442 5257 ἀλλ’
475 5201 633 5266 ἔστω,
657 5202 848 5274 τρόπῳ
865 5201 1111 5274 ήπρότεγε
1146 5201 1374 5274 σεαυτῷ.

398 5274 513 5344 (3|)
554 5273 630 5336 ὼς
662 5266 731 5344 -ἑς
753 5266 936 5344 om;
963 5266 1130 5344 λαλεῖ.
1166 5266 1290 5325 llzec
1327 5266 1468 5325 satis
1514 5269 1732 5325 diversa
1778 5281 1908 5325 sunt

326 5341 504 5399 abiis
549 5341 896 5412 quaaideintle
920 5341 1057 5412 infra
1085 5341 1359 5412 leguntur.

405 5414 520 5475 (δί)
552 5409 634 5467 ἐκ.
669 5411 1045 5481 Supplendum
1077 5409 1199 5463 fuit.

397 5485 516 5554 (53)
546 5480 864 5551 Σιγὰτιιὶσαν
883 5513 954 5522 -
973 5481 1299 5555 δυνάιριειιις.Δ
1329 5480 1456 5535 llaec
1496 5490 1626 5535 sunt
1675 5498 1738 5537 ea
1788 5501 1910 5555 qua:

322 5551 533 5611 omissa
562 5563 713 5608 erant
747 5555 802 5608 in
842 5551 1396 5623 superioribuerum
1421 5562 1747 5621 sequuntur,
1808 5551 1909 5623 Epu-

325 5627 586 5694 λάξωμεν
621 5641 675 5677 κ.
708 5641 763 5677 τ.
798 5624 848 5677 λ.
888 5621 1012 5678 cum
1053 5631 1202 5677 textu
1239 5621 1433 5676 Latino
1475 5638 1585 5676 non
1611 5630 1744 5680 satis
1779 5621 1909 5681 con-

326 5697 586 5751 veniunt.

401 5767 513 5838 (34)
542 5764 698 5820 ἀν’)ο.
738 5764 837 5820 Ed.
867 5765 1024 5820 Rom.
1051 5772 1106 5820 ct
1130 5762 1278 5835 Lips.
1302 5762 1620 5835 ἀνθρώπων.

2008 4655 2140 4695 vero
2170 4641 2348 4695 locum
2383 4641 2507 4694 vide
2541 4657 2661 4710 pag.
2695 4638 2834 4709 seq.
2872 4640 2963 4693 ubi
2985 4638 3170 4694 Graeca
3208 4638 3589 4709 interpretatio

2007 4710 2194 4765 multis
2220 4711 2398 4765 modis
2421 4713 2490 4765 ab
2512 4711 2617 4764 hoc
2644 4712 2764 4765 loco
2787 4710 2990 4765 diil‘ert.

2080 4780 2191 4849 ('57)
2219 4778 2495 4850 Loquitur.
2526 4781 2737 4834 Mallem
2780 4779 3054 4849 respondet
3109 4778 3192 4839 (ut
3232 4778 3588 4850 habetAStri-

2006 4850 2225 4973 genus).
2263 4848 2315 4903 si
2338 4850 2528 4904 liceret
2572 4859 2779 4904 textum
2810 4848 2875 4903 ex
2913 4850 3365 4918 interpretatione
3394 4848 3583 4904 (ἔτ-αισα

2006 4936 2163 4973 emen
2206 4935 2321 4973 are.
2343 4920 2488 4973 quod
2512 4920 2645 4973 mihi
2677 4935 2786 4973 non
2810 4935 2987 4973 sumo.

2006 4920 2321 4981 emendare,
2343 4920 2488 4988 quod
2512 4920 2645 4974 mihi
2677 4935 2786 4973 non
2810 4935 2987 4973 sumo.

2087 4987 2453 5060 (38)7Eodém.
2491 4988 2868 5060 Supplendum
2897 4990 3003 5043 hoc
3031 4987 3155 5041 fuit.
3188 4987 3378 5043 Exstat
3420 4987 3584 5053 infra,

2014 5061 2125 5116 imo
2153 5059 2318 5114 etiam
2348 5059 2402 5113 in
2429 5060 2563 5114 edit.
2598 5060 2873 5114 Benedict.

2085 5128 2198 5201 (39)
2228 5131 2293 5201 in,
2317 5146 2395 5183 eo.
2428 5129 2825 5201 (Supplevimus
2857 5130 2973 5183 lucc
3020 5128 3209 5193 verba,
3258 5144 3380 5199 quae
3416 5129 3585 5184 etiam

2014 5200 2185 5262 infra,
2202 5208 2258 5255 et
2283 5200 2337 5254 in
2376 5200 2465 5255 ed.
2496 5200 2698 5255 Bened.
2725 5207 2958 5253 exstant.

2085 5269 2194 5342 (40)
2227 5272 2400 5335 quasi.
2434 5271 2938 5342 Delevimusquia,
2986 5268 3130 5342 quod
3167 5269 3221 5323 in
3249 5268 3383 5323 edit.
3412 5268 3579 5342 Sirm.

2006 5338 2369 5412 praecedebat,
2406 5341 2503 5396 sed
2556 5355 2733 5412 neque
2762 5338 2818 5394 in
2866 5347 3013 5394 textu
3065 5338 3287 5402 Graeco,
3319 5354 3497 5409 neque
3525 5339 3581 5392 in

2010 5413 2146 5467 edit.
2180 5412 2380 5468 Bened.
2413 5419 2607 5466 exstat.

2086 5483 2196 5553 (41)
2228 5481 2584 5553 humauaJta
2612 5495 2832 5553 quoque
2849 5479 2947 5553 ed.
2988 5479 3027 5534 l.
3064 5496 3111 5533 c.
3143 5479 3261 5553 Non
3296 5480 3457 5553 licuit
3484 5479 3583 5532 ita-

2012 5549 2119 5623 quo
2150 5554 2450 5623 rescribere
2480 5549 2719 5623 humilia,
2760 5550 3001 5623 (ῥισὶ-ιιοο
3026 5551 3196 5623 magis
3226 5549 3579 5623 responderet

2010 5619 2130 5677 voci
2170 5621 2418 5678 ταπεινὰ.
2445 5638 2543 5689 pro
2570 5637 2676 5689 qua
2707 5619 2844 5691 inira
2875 5621 3072 5691 legitur
3101 5620 3436 5691 ἀνθρώπινα.

2085 5694 2195 5761 (32)
2231 5692 2376 5746 Unde
2420 5686 2728 5749 illum—elo.
2753 5686 3014 5745 (Ionii-ad
3052 5692 3105 5745 h.
3156 5686 3486 5745 [Scholion
3522 5686 3576 5744 in

2004 5764 2138 5820 edit.
2168 5762 2443 5818 Bcncdit‘t.
2481 5772 2522 5817 t.
2556 5762 2618 5823 ΙΙ,
2650 5779 2703 5831 ιι,
2740 5762 2860 5815 Mil.
