4010 6212
433 277 533 342 187

1424 277 1914 338 THEODORETI
1957 274 2294 335 EPISCOPI
2331 273 2698 335 CYRENSIS

3595 269 3698 339 138

430 390 498 444 Ει
530 389 619 442 hic
653 386 790 442 mihi
825 387 1144 458 frequenter
1184 387 1389 442 Nieami
1443 386 1663 442 concilii
1701 394 1995 442 tractatum

2105 382 2240 436 ὥστε
2273 383 2481 455 μείζονι
2507 383 2620 453 (49)
2659 378 2966 452 φιλονεικίᾳ
3002 377 3247 450 Πατέρα,
3289 378 3385 434 καὶ
3407 378 3558 446 Υίδν,
3601 383 3696 436 καὶ

429 496 489 535 se
525 491 711 536 tenere
741 488 1156 535 commemorat.
1187 479 1294 534 Sed
1327 479 1381 532 in
1422 479 1518 532 illo
1542 487 1777 532 tractatu
1821 487 2008 548 patres

430 573 630 638 nostri,
655 588 766 625 non
799 587 1044 636 carnem,
1082 571 1178 627 sed
1212 571 1308 626 Dei
1356 571 1621 634 Verbum,
1657 569 1824 625 unius
1873 572 2010 626 sub-

429 662 644 718 stantiae
677 678 804 717 cum
837 664 998 717 Patre
1022 678 1144 718 esse
1183 663 1482 726 dixerunt;
1516 670 1572 716 et
1598 661 1843 717 Verbum
1880 663 2006 732 qui-

428 753 555 806 dem
574 769 642 807 ex
679 762 905 822 paterna
931 754 1268 824 processisse
1295 752 1629 815 substantia,
1647 767 1869 807 carnem
1903 770 2005 808 au-

366 897 371 904 .
429 855 540 898 tem
564 860 632 900 ex
655 845 877 916 Virgine
913 862 1036 901 esse
1066 845 1306 902 confessi
1333 854 1482 900 sunt.
1519 845 1811 911 Quomodo
1838 847 2008 918 igitur

427 937 634 991 Nicaani
657 938 877 992 concilii
897 953 1098 992 nomen
1121 937 1464 1001 obtenditur,
1489 945 1546 992 et
1571 953 1713 991 nova
1730 938 2005 994 inducun-

431 1034 522 1078 tur
551 1041 673 1094 quaa
693 1042 975 1096 nunquam
1002 1027 1174 1082 nostri
1211 1042 1436 1081 sensere
1460 1027 1732 1097 majores?
1751 1057 1822 1067 —
1846 1028 2006 1099 Ejus—

428 1115 546 1167 dem
574 1115 638 1182 ιο,
671 1123 856 1168 contra
886 1103 1448 1186 Apollinarium.'Noli
1482 1114 1638 1186 145
1667 1114 1834 1185 igitur
1863 1113 2001 1187 (45),

426 1215 484 1260 et
519 1216 601 1272 tu,
629 1209 931 1262 secundum
972 1215 1225 1262 naturam
1279 1207 1650 1276 interpretari,
1686 1206 1834 1276 quod
1867 1222 2006 1275 pra:-

385 1369 388 1372 _
429 1303 514 1348 ter
563 1294 873 1350 divinitatis
931 1305 1182 1350 naturam
1241 1303 1342 1350 est.
1402 1295 1538 1349 Nam
1576 1296 1679 1350 etsi
1735 1295 1931 1350 eredas
1970 1311 2000 1349 a

425 1385 647 1442 Christo
669 1403 852 1442 veram
885 1386 995 1459 (44)
1028 1403 1249 1441 carnem
1269 1403 1390 1442 esse
1425 1396 1758 1456 susceptam,
1783 1399 1839 1442 et
1863 1387 2000 1442 oll‘c-

427 1493 517 1532 ras
544 1478 1019 1549 tranﬁgurandum
1053 1495 1256 1549 corpus
1283 1478 1393 1549 (45)
1422 1474 1710 1542 altaribus,
1739 1494 1848 1532 non
1884 1478 2001 1533 dis-

426 1569 643 1639 tinguas
698 1580 881 1625 tamen
924 1580 1178 1624 naturam
1225 1570 1531 1624 divinitatis
1559 1578 1614 1624 et
1643 1570 1914 1640 corporis,
1945 1578 2002 1624 et

409 1656 525 1710 -tibi
558 1657 793 1711 dicitur:
835 1678 852 1708 ‹
879 1658 934 1713 Si
960 1668 1107 1714 recte
1135 1659 1356 1723 offeras,
1380 1673 1490 1712 non
1530 1668 1678 1714 recte
1707 1667 1890 1714 autem
1917 1660 2001 1714 di-

423 1749 601 1814 vidas,
627 1752 889 1820 peccasti,
917 1753 1214 1821 quiesce.“
1239 1752 1375 1821 (46).
1404 1772 1421 1803 ι
1458 1752 1648 1807 Divide
1690 1753 1838 1806 enim
1887 1752 2000 1824 (47)
2039 1747 2077 1802 Β

422 1842 571 1911 quod
597 1858 806 1908 meum,
831 1843 1017 1898 divide
1042 1843 1190 1913 quod
1216 1860 1377 1898 suum
1407 1845 1572 1900 Verbi
1589 1853 1693 1899 est.
1723 1845 1838 1915 Ego
1853 1845 2002 1915 quod

420 1943 542 1988 erat
576 1933 727 1988 illius
753 1938 874 1988 non
895 1934 1260 1999 habebam,et
1288 1934 1379 1989 ille
1401 1934 1549 2004 quod
1581 1950 1766 1990 meum
1794 1945 2002 1990 estnon

423 2021 686 2076 habebat.
719 2021 974 2091 Suscepit
1004 2023 1152 2092 quod
1203 2038 1388 2077 meum
1438 2031 1544 2088 est,
1594 2032 1655 2078 ut
1686 2025 2002 2095 impertiret

420 2114 567 2184 quod
595 2131 755 2169 suum
797 2122 901 2169 est.
941 2114 1193 2184 Suscepit
1222 2130 1334 2169 non
1380 2126 1440 2169 ut
1463 2116 1849 2182 confunderet,
1903 2116 2001 2172 sed

420 2214 482 2259 ut
508 2205 1127 2274 repleret.—Ejusdem,
1157 2215 1272 2276 post
1293 2207 1542 2277 pauca".
1580 2208 1843 2262 Desinant
1868 2223 2000 2278 ergo

419 2295 604 2349 dicere
659 2304 914 2348 naturam
964 2294 1129 2349 Verbi
1177 2295 1232 2349 in
1295 2297 1546 2364 corporis
1593 2306 1845 2351 naturam
1877 2314 1999 2354 esse

419 2394 706 2450 mutatam,
739 2404 807 2444 ne
837 2389 958 2458 pari
1005 2388 1468 2458 interpretatione
1517 2388 1770 2443 videatur
1797 2398 1996 2444 natura

418 2478 587 2533 Verbi
618 2479 672 2534 in
709 2481 1022 2550 contagium
1056 2488 1264 2534 mutata
1283 2481 1513 2550 peccati.
1542 2479 1708 2534 Aliud
1735 2488 1819 2534 est
1842 2481 1992 2535 enim

418 2569 564 2639 quod
593 2569 908 2640 assumpsit,
932 2578 987 2625 et
1006 2570 1153 2625 aliud
1173 2571 1320 2640 quod
1342 2581 1680 2640 assumptum
1706 2573 1999 2628 est.Virtus

417 2658 570 2714 venit
599 2659 655 2713 in
682 2660 983 2730 Virginem,
1016 2661 1161 2715 sicut
1194 2669 1251 2715 et
1295 2661 1522 2731 angelus
1551 2660 1617 2715 ad
1657 2677 1778 2716 eam
1818 2661 1993 2716 dixit:

424 2769 440 2798 ι
466 2751 604 2816 Quia
631 2750 810 2806 virtus
838 2751 1108 2806 Altissimi
1142 2751 1501 2806 obumbrabit
1533 2761 1586 2806 te
1623 2753 1684 2806 ¹³.
1713 2772 1730 2802 ι
1757 2751 1864 2807 Sed
1893 2769 1994 2806 na-

416 2849 532 2892 tum
559 2849 646 2895 est
668 2856 870 2911 corpus
897 2856 966 2896 ex
994 2841 1246 2912 Virgine:
1275 2851 1333 2896 et
1359 2842 1483 2896 ideo
1507 2843 1748 2897 cmlestis
1769 2843 1994 2912 quidem

415 2931 728 2997 descensio,
754 2934 849 2988 sed
892 2935 1132 2988 humana
1154 2935 1444 3004 conceptio
1466 2945 1570 2989 est.
1598 2935 1714 2989 Non
1743 2951 1874 3006 ergo
1899 2951 1994 2991 ea-

414 3023 538 3077 dem
552 3024 735 3080 carnis
754 3026 934 3094 potuit
967 3041 1090 3081 esse
1113 3025 1536 3095 divinitatisque
1561 3036 1778 3081 natura.

2112 475 2266 542 ἆγιον
2325 475 2549 544 Πνεῦμα
2589 474 2718 544 μιᾶς
2769 471 2958 534 οὐσίας
2998 471 3072 540 μὴ
3121 470 3338 538 λέγειν·
3389 471 3696 544 ἐπειδήπερ

2109 563 2256 621 οὗτοι
2285 567 2384 638 τὴν
2413 567 2644 637 θεότητα
2674 564 2768 618 τοῦ
2799 563 3006 636 Κυρίου
3031 604 3044 628 ,
3069 564 3164 617 καὶ
3198 563 3298 635 τὴν
3326 565 3528 634 σάρκα,
3564 566 3696 636 μιᾶς

2109 658 2326 728 φύσεως
2357 659 2531 710 εἰπεῖν
2564 656 2950 728 ἐπεχείρησαν.
2981 689 3050 698 -
3083 656 3194 711 Τοῦ
3220 657 3428 710 αὑτοῦ.
3467 659 3578 711 Καὶ
3604 649 3696 711 οὗ-

2108 769 2198 814 τος
2236 751 2293 803 δέ
2318 760 2416 822 ’μοι
2461 748 2702 820 συνεχῶς
2744 750 2844 818 τῆς
2880 752 2939 802 ὲν
2985 747 3192 818 Νικαίᾳ
3229 749 3448 802 συνόδου
3497 747 3696 802 ἑαυτὸν

2112 843 2362 912 κατέχειν
2387 841 2486 913 τὴν
2513 840 2728 894 ἔκθεσιν
2753 839 2894 910 (50)·
2919 839 3035 892 ἀλλ’
3060 840 3119 892 ὲν
3150 839 3332 910 ἐκείνῃ
3357 842 3422 909 τῇ
3448 838 3694 904 ἐξετάσει

2108 935 2156 987 οί
2190 933 2452 1004 ἡμέτεροι
2510 932 2756 1002 Πατέρες
2780 973 2794 996 ,
2821 931 2944 1000 οὐχ).
2975 929 3075 1002 τὴν
3124 930 3305 1002 σάρκα
3325 970 3340 994 ,
3373 929 3465 982 τὸν
3497 929 3554 982 δὲ
3592 930 3692 983 τοῦ

2109 1025 2243 1079 Θεοῦ
2277 1025 2468 1093 Λόγον,
2505 1025 2567 1077 ὲκ
2601 1025 2730 1093 μιᾶς
2761 1024 2857 1076 σὺν
2889 1023 3003 1088 (51)
3042 1021 3120 1092 τῷ
3143 1023 3317 1094 Πατρὶ
3343 1021 3530 1084 οὐσίας
3549 1016 3690 1074 εἴναι

2107 1119 2382 1189 εἰρήκασι.
2431 1117 2540 1170 Καὶ
2579 1116 2671 1168 τὸν
2719 1116 2818 1186 μὲν
2863 1115 3034 1182 Λόγον
3075 1115 3139 1166 ὲκ
3187 1113 3288 1182 τῆς
3337 1112 3432 1165 τοῦ
3475 1113 3694 1185 [ἰατρὸς

2107 1207 2571 1280 προσεληλυθέναι
2605 1206 2726 1275 (52)
2756 1205 2946 1268 οὐσίας
2972 1247 2988 1271 ,
3032 1205 3132 1274 τὴν
3170 1205 3227 1257 δὲ
3267 1205 3444 1274 σάρκα
3485 1207 3548 1257 ὲκ
3590 1205 3692 1273 τῆς

2107 1300 2384 1372 Παρθένου
2406 1302 2698 1369 τυγχάνειν
2718 1297 3126 1368 ῶμολογήκασι.
3157 1296 3256 1349 Διὰ
3279 1296 3330 1349 τί
3356 1296 3534 1349 τοίνυν
3557 1297 3692 1365 ἡμῖν

2104 1392 2166 1445 τὸ
2192 1392 2292 1461 μὲν
2320 1391 2418 1460 τῆς
2446 1391 2504 1442 ὲν
2536 1389 2742 1460 Νικαίᾳ
2771 1389 3150 1459 προτείνουσιν
3179 1387 3369 1457 ὄνομα,
3401 1387 3691 1455 εἰσάγουσι

2104 1483 2163 1537 δὲ
2199 1481 2404 1546 καινὰ,
2454 1481 2550 1534 καὶ
2587 1480 2732 1551 ειπερ
2775 1480 2876 1532 οὐκ
2931 1479 3274 1548 ὲνεθύμησαν
3331 1478 3382 1530 οί
3429 1478 3694 1548 ἡμέτεροι

2105 1576 2358 1647 πρόγονοι
2380 1591 2394 1640 ;
2429 1604 2499 1614 -
2523 1573 2634 1627 Τοῦ
2656 1572 2863 1634 αὐτοῦ,
2883 1570 3031 1624 κατὰ
3065 1570 3506 1638 Ἀπολιναρίου.
3529 1570 3691 1638 Μήτε

2107 1667 2172 1720 σὺ
2214 1665 2334 1719 θέλε
2385 1665 2496 1737 (55)
2549 1665 2723 1717 τοίνυν
2756 1663 2899 1716 κατὰ
2943 1661 3104 1731 φύσιν
3151 1660 3266 1713 ἴσον
3299 1660 3398 1729 τῆς
3429 1659 3691 1728 θεότητος

2103 1753 2329 1810 εἶναιτὸ
2355 1755 2533 1826 σῶμα.
2581 1755 2702 1808 Κᾶν
2749 1753 2858 1824 γάρ
2890 1752 3192 1822 πιστεύσῃς
3218 1749 3294 1813 ὡς
3345 1749 3546 1818 ἀληθὲς
3597 1750 3686 1819 εἴη

2107 1848 2167 1903 τὸ
2211 1848 2372 1917 σῶμα
2414 1846 2510 1901 τοῦ
2555 1845 2817 1916 Χριστοῦ,
2852 1845 2946 1897 καὶ
2975 1841 3356 1912 προσκομίσης
3391 1839 3470 1910 τῷ
3502 1840 3692 1894 θυσια-

2104 1939 2316 2010 στηρίῳ
2347 1938 2485 2008 πρὸς
2519 1936 2898 2008 μεταποίησιν,
2933 1935 3008 2006 μὴ
3037 1931 3314 2004 διαστίξῃς
3352 1932 3409 1984 δὲ
3449 1930 3546 2002 τὴν
3590 1929 3686 1984 τοῦ

2105 2028 2355 2100 σώματος
2386 2030 2480 2082 καὶ
2524 2029 2623 2098 τῆς
2651 2027 2905 2098 θεότησος
2935 2026 3118 2094 φύσιν,
3153 2023 3388 2094 ἐροῦμεν
3439 2022 3533 2076 καὶ
3579 2022 3686 2086 σοὶ,

2115 2139 2134 2171 ι
2164 2121 2292 2174 Ἐὰν
2322 2119 2497 2191 ὀρθῶς
2520 2118 2915 2188 προσενέγκῃς,
2932 2115 3172 2188 όρθῶςδὲ
3193 2113 3479 2185 μὴδιέλῃς,
3497 2114 3690 2183 ἦμαρ-

2099 2229 2212 2274 τες,
2253 2210 2550 2281 ὴσύχασον.
2591 2229 2612 2264 ι
2650 2209 2800 2263 Δίελε
2833 2209 2943 2279 γάρ
2958 2208 3082 2274 τόγε
3102 2206 3344 2276 ὑπάρχον
3369 2204 3544 2275 ἡμῶν,
3588 2204 3691 2257 καὶ

2099 2304 2236 2369 ὅπερ
2266 2304 2464 2356 οἰκεῖον
2495 2301 2587 2355 τοῦ
2621 2302 2817 2369 Λόγου.
2857 2299 3066 2353 Οὐκοῦν
3095 2297 3208 2366 ἐγὼ
3240 2297 3341 2366 μὲν
3389 2297 3493 2349 οὐκ
3531 2290 3690 2365 εἶχον

2099 2396 2237 2466 ὅπερ
2285 2395 2528 2465 ὑπῆρχεν
2585 2391 2787 2445 αὐτοῦ’
2841 2389 3050 2453 ἐκεῖνος
3100 2389 3156 2442 δὲ
3207 2388 3308 2441 οὐκ
3357 2381 3503 2456 εἶχεν
3546 2385 3691 2455 ὅπερ

2101 2487 2346 2556 ὑπῆρχεν
2371 2485 2522 2555 ἐμόν.
2549 2485 2660 2538 Καὶ
2684 2482 2872 2536 ἔλαϐεν
2893 2483 3031 2549 ὅπερ
3061 2481 3305 2550 ὑπῆρχεν
3331 2477 3486 2547 ὲμὺν,
3513 2491 3686 2546 μετα-

2098 2577 2284 2630 δώσων
2305 2575 2414 2630 τῶν
2426 2575 2641 2629 οἰκείων
2665 2576 2817 2645 ἡμῖν·
2846 2569 3112 2625 καὶτοῦτο
3140 2569 3276 2640 πρὸς
3296 2567 3689 2638 ἀναπλήρωσιν

2096 2670 2158 2722 οὐ
2199 2669 2460 2738 σύγχυσιν
2488 2665 2794 2730 ἀνεδέξατο.
2844 2695 2916 2704 -
2953 2664 3061 2717 Τοῦ
3095 2661 3302 2723 αὐτοῦ,
3327 2661 3456 2729 μετ’
3483 2659 3686 2728 ὀλίγα.

2098 2757 2508 2811 Παυσάσθωσαν
2547 2755 2729 2810 τοίνυν
2771 2757 2820 2809 οί
2867 2754 3118 2823 λέγοντες
3169 2751 3246 2815 ὡς
3278 2752 3312 2821 ἡ
3357 2748 3452 2803 τοῦ
3502 2749 3684 2816 Λόγου

2097 2848 2258 2918 φύσις
2301 2849 2378 2910 είς
2411 2847 2614 2918 σαρκὸς
2654 2844 3051 2917 μεταϐέϐληται
3085 2843 3275 2914 φύσιν·
3317 2841 3405 2894 ἴνα
3453 2843 3527 2912 μὴ
3551 2841 3684 2912 δόξῃ

2099 2937 2501 3009 μεταδληθεῖσα
2529 2936 2672 2989 κατὰ
2695 2936 2792 3005 τὴν
2823 2935 2992 3004 αὐτὴν
3025 2933 3324 3005 ἑρμηνείαν
3351 2931 3684 3002 γεγενῆσθαι

2097 3030 2192 3081 καὶ
2215 3029 2248 3097 ἡ
2271 3027 2365 3079 τοῦ
2409 3027 2584 3095 Λόγου
2614 3025 2774 3095 φύσις
2816 3027 2925 3088 τοῖς
2967 3023 3060 3078 τοῦ
3091 3023 3346 3094 σώματος
3391 3022 3684 3093 παθήμασι

415 3113 729 3184 σύμφθορος
781 3117 921 3184 (5ί).
973 3117 1205 3186 Ἕτερον
1254 3117 1366 3188 γάρ
1419 3120 1534 3170 ἐστι
1565 3119 1626 3170 τὸ
1667 3118 1995 3189 προσλαϐὸν,
2037 3121 2132 3173 καὶ
2161 3119 2349 3190 ἔτερόν
2393 3121 2509 3171 ἐστι
2539 3119 2599 3171 τὸ
2637 3116 3004 3187 προσληφθέν.
3043 3115 3283 3186 Δύναμις
3353 3109 3514 3185 ἦλθεν
3585 3115 3682 3166 ἐπὶ

413 3207 514 3276 τὴν
541 3205 855 3276 Παρθένον,
879 3208 955 3271 ὡς
982 3209 1010 3260 ό
1035 3207 1269 3276 ἄγγελος
1291 3208 1430 3279 πρὸς
1462 3210 1634 3280 αὐτὴν
1663 3209 1832 3277 λέγει,
1899 3230 1917 3262 ι
1949 3211 2073 3264 Ὀτι
2109 3211 2338 3281 δύναμις
2403 3210 2659 3279 Ὑψίστου
2705 3208 3016 3262 ἐπισκιάσει
3057 3225 3160 3260 σοι.
3215 3225 3232 3259 ι
3293 3207 3435 3259 Ἀλλ’
3471 3207 3534 3258 ἐκ
3583 3205 3684 3258 τοῦ

417 3299 668 3367 σώματος
687 3296 755 3372 ἦν
779 3303 877 3370 τῆς
906 3303 1183 3373 Παρθένου
1223 3303 1284 3356 τὸ
1308 3304 1500 3373 τεχθέν
1525 3320 1540 3335 °
1565 3304 1660 3358 καὶ
1697 3304 1784 3358 διὰ
1814 3305 1992 3371 τοῦτο,
2033 3305 2154 3359 θεία
2193 3307 2292 3376 μὲν
2363 3308 2396 3376 ἡ
2442 3303 2747 3366 κατάϐασις
2793 3302 2932 3371 (55),
2969 3303 3004 3371 η
3037 3301 3094 3353 δὲ
3142 3298 3405 3371 σύλληψις
3471 3297 3685 3370 ἀνθρω-

415 3387 566 3460 πίνη.
599 3389 712 3442 Οὐκ
736 3389 874 3460 αὐτὴ
904 3385 996 3444 οῦν
1025 3389 1259 3457 ἠδύνατο
1277 3391 1372 3443 τοῦ
1395 3407 1455 3443 τε
1495 3391 1607 3462 (56)
1633 3391 1886 3462 σώματος
1911 3393 2147 3465 πνεῦμα,
2187 3395 2281 3447 καὶ
2306 3395 2403 3465 τῆς
2434 3393 2686 3462 θεότητος
2720 3390 2901 3460 φύσις.

698 3521 882 3578 Sancti
927 3525 1116 3580 Basilii
1159 3528 1384 3598 episwpi
1428 3525 1705 3582 Cwsarew.

490 3654 571 3711 Ex
590 3659 828 3713 oratione
862 3660 972 3731 (48)
1006 3662 1070 3714 de
1093 3665 1395 3732 gratiarum
1425 3665 1648 3718 actione.
1670 3663 1850 3730 Quare
1870 3680 1996 3720 cum

415 3749 655 3804 amicum
699 3751 953 3823 lacrymis
997 3765 1325 3823 prosecutus
1363 3765 1466 3822 est,
1507 3766 1722 3811 naturae
1744 3757 1998 3812 humanae

415 3839 734 3894 societatem
765 3841 878 3910 ipse
899 3841 1160 3904 ostendit,
1185 3852 1357 3897 etnos
1379 3845 1446 3898 ab
1462 3861 1688 3900 excessu
1712 3845 1766 3898 in
1789 3854 1998 3899 utram-

417 3944 524 3997 que
562 3938 774 3998 partem
813 3931 1087 3996 liberavit,
1127 3947 1229 3987 nec
1271 3934 1493 3988 mollius
1520 3935 1692 4005 frangi
1726 3935 1992 3996 adversis,

415 4033 520 4073 nec
570 4020 687 4075 sine
734 4037 896 4076 sensu
933 4023 1167 4077 tristium
1195 4039 1316 4078 esse
1343 4024 1686 4092 permittens.
1719 4025 1996 4091 Quemad-

417 4111 643 4166 modum
677 4114 843 4182 igitur
874 4115 1072 4168 esuriit
1096 4116 1360 4169 Dominus
1387 4116 1562 4170 solido
1592 4117 1716 4172 cibo
1757 4117 1861 4186 ipsi
1899 4118 1998 4172 ab-

418 4210 657 4272 sumpto,
679 4213 734 4258 et
755 4205 894 4259 sitiit
915 4206 1242 4261 bumiditate
1268 4205 1428 4278 146
1457 4208 1514 4262 in
1533 4223 1764 4278 corpore
1788 4208 1998 4262 exhau-

493 4378 538 4410 ¹⁶
569 4379 645 4434 Dc
673 4379 879 4436 inearn.
927 4397 1250 4447 sacram.,c.
1285 4385 1339 4439 4.

492 4561 605 4644 μδ)
633 4562 940 4644 Νοίὶᾼίςιξηιτ
956 4593 1023 4644 :-
1047 4564 1207 4644 divin_.
1244 4576 1494 4644 naturam
1513 4568 1755 4644 est._ll:ec
1770 4571 1991 4639 quidem

419 4635 488 4688 ab
507 4633 1157 4705 intcrpretationegGrmca
1185 4635 1325 4689 haud
1352 4652 1542 4705 parum
1579 4633 1862 4704 dill'erunt,
1890 4657 1990 4694 no-

420 4705 624 4757 luimus
649 4715 829 4778 aut_em
881 4703 1192 4778 quidquam
1212 4703 1446 4778 mutare,
1482 4708 1608 4778 quia
1651 4710 1838 4764 Latina
1863 4727 1987 4764 cum

419 4783 569 4826 textu
603 4773 694 4827 ed.
724 4773 999 4828 Benedict.
1024 4776 1362 4832 exactissime
1387 4773 1737 4834 conveniunt.

493 4843 829 4920 (inperant.
871 4844 1166 4920 inserenda
1217 4847 1318 4901 fuit
1360 4848 1475 4903 haec
1506 4866 1631 4914 vox,
1672 4865 1793 4920 quae
1821 4851 1983 4904 etiam

421 4921 596 4966 exstat
621 4913 675 4965 iu
707 4914 839 4967 edit.
871 4913 1072 4967 Bened.

497 4980 615 5052 (ῤ5)
637 4981 876 5052 transﬁg.
912 4999 1116 5052 corpus.
1153 4984 1430 5050 Miramur,
1456 4989 1524 5042 ab
1563 4989 1864 5044 editoribus
1893 4989 1994 5043 Be-

423 5049 662 5129 nednin
715 5049 1079 5129 scholiohuic
1116 5054 1236 5129 loco
1264 5057 1325 5123 (t.
1371 5049 1434 5118 ll,
1468 5073 1521 5126 p.
1570 5058 1692 5129 709)
1723 5061 1990 5128 subjecto,

687 5122 829 5211 serio
858 5121 1096 5211 defendi,
1121 5119 1547 5211 Nostrumnpurn
1571 5119 1685 5182 haec
1714 5119 1991 5211 allegaret,

425 5189 663 5266 voluisse
677 5191 912 5266 dogmati
929 5192 1412 5266 detranssubstaut
1425 5197 1620 5251 iatione
1644 5189 1990 5266 patrocinari.

426 5257 533 5313 Sed
569 5259 646 5331 de;
679 5261 782 5315 hac
827 5263 1126 5331 quzestione
1185 5265 1363 5331 aptior
1415 5267 1519 5320 crit
1581 5257 1797 5322 dicendi
1843 5270 1996 5322 locus

427 5337 573 5380 tomo
605 5329 669 5390 V,
704 5331 746 5383 si
791 5329 859 5385 de
910 5330 1014 5385 [ide
1053 5329 1382 5389 Theodoreti
1438 5346 1628 5392 contra
1671 5337 1993 5392 Garnerium

427 5397 850 5465 disputabimus.

499 5466 609 5589 (iiﬁl)
645 5469 863 5589 qcuiesce.
895 5472 1060 5526 Abest
1089 5489 1118 5525 a
1147 5483 1294 5528 textu
1329 5475 1597 5533 Ambrosii
1623 5478 1675 5534 in
1713 5477 1844 5533 edit.
1899 5477 1996 5533 Bc~

499 5557 556 5589 ξι.
609 5575 624 5588 σ
693 5578 705 5589 .

429 5551 556 5591 neu.
586 5551 624 5589 I.
657 5553 705 5590 (Σ.

527 5607 615 5672 47)
649 5608 806 5660 enim.
843 5609 1048 5664 Pariter
1079 5611 1247 5664 abest.
1285 5615 1318 5664 l.
1352 5631 1398 5666 (δ,

527 5676 613 5745 48)
651 5676 917 5746 Oratione,
953 5697 1044 5734 seu
1084 5682 1261 5749 potius
1290 5684 1532 5738 llmuilia.

2017 3517 2060 3574 δ
2152 3530 2263 3586 Τοῦ
2294 3531 2464 3599 ἁγίου
2505 3529 2828 3583 Βασιλείου
2866 3529 3203 3583 ἐπισκόπου
3233 3528 3607 3593 Καισαρείας.

2184 3663 2286 3716 Ἐκ
2324 3661 2430 3716 τοῦ
2464 3661 2594 3729 περὶ
2621 3662 3008 3731 εὐχαριστίας
3043 3662 3251 3732 λόγου.
3281 3662 3478 3732 Διόπερ
3499 3661 3686 3716 ἐπιδα-

2103 3751 2314 3822 κρύσας
2340 3751 2418 3822 τῷ
2440 3753 2599 3823 φίλῳ,
2632 3753 2795 3816 αὐτός
2823 3769 2886 3820 γε
2911 3751 3011 3822 τὴν
3043 3751 3325 3804 κοινωνίαν
3355 3752 3453 3821 τῆς
3477 3750 3687 3821 ἀνθρωο

2105 3842 2267 3911 πίνης
2310 3840 2426 3910 (57)
2473 3840 2688 3909 φύσεως
2735 3840 3068 3906 ἐπεδείξατο,
3111 3839 3206 3891 καὶ
3243 3841 3390 3909 ἡμᾶς
3429 3839 3536 3891 τῶν
3591 3840 3685 3908 ἐφ’

2103 3933 2344 4003 ἑκάτερα
2385 3933 2702 4006 ὑπερϐολῶν
2741 3930 3119 4002 ἠλευθέρωσε·
3165 3931 3302 4000 μήτε
3354 3930 3682 4000 καταμαλά-

2104 4025 2352 4088 κίζεσθαι
2389 4027 2523 4095 πρὸς
2546 4024 2612 4077 τὰ
2651 4023 2818 4091 πάθη,
2850 4024 2984 4094 μήτε
3023 4021 3363 4092 ἀναισθήτως
3393 4021 3534 4091 ἔχειν
3570 4022 3684 4076 τῶν

2104 4115 2368 4186 λυπηρῶν
2401 4116 2732 4186 ἐπιτρέπων.
2769 4115 2856 4176 Ὠς
2887 4109 2979 4166 οὖν
3016 4113 3338 4179 κατεδέξατο
3359 4115 3455 4182 τὴν
3488 4116 3684 4165 πεῖναν

2105 4208 2134 4259 ό
2164 4209 2390 4278 Κύριος,
2411 4209 2512 4278 τῆς
2541 4208 2764 4277 στερεάς
2787 4205 2993 4276 τροφῆς
3013 4204 3462 4276 διαπνευσθείσῃς
3492 4204 3680 4274 αὐτῷ,

1443 4386 1483 4416 ¹¹
1518 4384 1667 4446 Gen.
1692 4402 1764 4452 tv,
1804 4388 1856 4442 7.
1936 4387 1977 4417 "

2111 4386 2322 4442 incarn.
2349 4401 2677 4451 sacram..c.
2713 4385 2766 4441 6.
2845 4387 2888 4419 ⁸³
2922 4387 3054 4442 Luc.
3091 4404 3127 4451 ι,
3163 4387 3250 4440 55.

2171 4569 2282 4640 (49)
2315 4571 2556 4639 Utraque
2588 4569 2776 4640 editio,
2808 4566 3008 4640 μείζων
3041 4565 3355 4640 φιλονεικία.

2169 4637 2282 4704 (50)
2319 4637 2552 4693 ἔκθεσιν.
2586 4639 2866 4693 Excidisse
2890 4639 3112 4692 videtur
3133 4637 3381 4692 verbum.

2168 4709 2281 4780 (51)
2317 4710 2433 4764 σύν.
2478 4709 2596 4780 Ed:
2622 4709 2868 4780 Ronnet
2896 4709 3044 4778 Lips.
3083 4709 3159 4780 ὲν.

2094 4777 2280 4902 01
2309 4781 2533 4850 προσελ.
2581 4779 2895 4849 Legendum
2929 4777 3050 4834 esse
3083 4777 3303 4832 videtur
3354 4777 3665 4849 προεληλυ-

2129 4868 2262 4903 έναι.

2168 4921 2280 4990 (53)
2307 4919 2407 4973 Ed.
2441 4919 2599 4990 Romi.
2630 4917 2856 4990 etALips.
2886 4917 3064 4990 τοίνυν
3094 4916 3234 4970 θέλε.

2171 4986 2411 5060 (διλκαὶ
2433 5019 2503 5028 -
2525 4987 2852 5060 σύμφθορος.
2902 4986 3027 5060 Haec
3061 5003 3092 5040 a
3122 4996 3271 5060 textu
3311 4986 3504 5060 Latino
3540 4987 3677 5060 satis

2098 5057 2226 5113 sunt
2263 5057 2495 5114 diversa.
2529 5058 2643 5112 Nec
2675 5057 2856 5112 minus
2888 5057 3054 5112 verba
3093 5057 3278 5110 ultima
3325 5058 3440 5111 ἀλλ’
3484 5060 3549 5111 ὲκ
3580 5057 3678 5112 τοῦ

2101 5130 2349 5198 σώματος
2383 5145 2436 5182 κ.
2471 5146 2520 5182 τ.
2554 5128 2604 5180 λ.

2173 5194 2282 5268 (55)
2320 5198 2637 5268 κατάϐασις.
2690 5195 2878 5268 Qualis
2914 5194 3076 5268 fuerit
3112 5195 3211 5268 hic
3231 5195 3546 5268 descensus,
3580 5213 3681 5249 cx-

2099 5265 2321 5338 ponitur
2355 5285 2400 5338 a7
2417 5267 2613 5338 Nostro
2627 5266 2719 5338 _ad_
2739 5266 2878 5334 Eph.
2916 5265 3298 5338 tv_,_10.Vid:t.
3337 5267 3426 5338 l_ll,
3467 5284 3518 5336 p.
3548 5268 3674 5338 424.

2173 5340 2283 5409 (56)
2321 5337 2413 5409 τοῦ
2446 5354 2526 5388 τε.
2564 5335 2662 5390 Ed.
2693 5336 2850 5409 Boni.
2877 5345 2931 5409 et
2967 5335 3109 5409 Lips.
3145 5335 3321 5409 τοῦτο.
3351 5336 3410 5389 ln
3449 5335 3680 5409 reliquis

2097 5405 2370 5462 consentit
2394 5415 2624 5475 utraque
2659 5405 2848 5460 editio.
2877 5405 2983 5458 Sed
3019 5405 3267 5473 suspicor
3302 5405 3449 5460 hunc
3495 5405 3676 5475 locutu

2096 5478 2151 5532 iu
2186 5477 2382 5532 mendo
2415 5473 2634 5538 cubare,
2659 5484 2714 5529 et
2749 5475 3039 5544 legendum
3092 5490 3235 5538 esse,
3271 5477 3370 5527 οὐκ
3403 5477 3522 5530 αὐτ⁸
3582 5473 3679 5527 οὖν

2098 5550 2130 5597 ἠ
2166 5549 2392 5597 δύναμις
2433 5546 2526 5597 τοῦ
2573 5561 2629 5597 τε
2661 5545 2910 5597 σώματοε
2969 5544 3184 5597 πνεῦμα
3223 5545 3318 5597 καὶ
3368 5547 3466 5597 τῆς
3507 5495 3674 5597 ⁷ίλεότ.

2098 5550 2130 5616 ἠ
2166 5549 2392 5616 δύναμις
2433 5546 2526 5598 τοῦ
2573 5561 2629 5598 τε
2661 5545 2910 5614 σώματος
2969 5544 3184 5613 πνεῦμα
3223 5545 3318 5597 καὶ
3368 5547 3466 5614 τῆς
3525 5544 3674 5597 θεότ.

2116 5636 2168 5670 P'J
2181 5637 2277 5670 τις.

2116 5636 2277 5670 ὐσις.

2098 5635 2134 5683 ῳ
2171 5689 2279 5759 (37)
2319 5686 2470 5758 ἁνθρ.
2503 5686 2598 5739 Eli.
2636 5685 2860 5750 Bt‘llt‘tl.,
2891 5695 2926 5736 t.
2967 5685 3032 5750 ll,
3063 5701 3114 5754 p.
3154 5685 3242 5751 ΞΣ),
3273 5686 3638 5757 ἀνθρωπείας.
