4010 6212
352 335 464 403 18‘)

1450 331 1831 393 DIALOGUS
1856 333 1938 393 II.
1972 357 2044 368 -
2076 332 2570 397 INCONFUSUS.

3517 324 3620 402 190

345 448 443 503 καὶ
465 444 564 515 τὴν
591 442 754 514 δίψαν
787 441 1129 517 προσήκατο,
1165 443 1263 509 τῆς
1304 443 1601 515 ὑγρότητος
1641 443 1928 499 ἀναλωθεί-

2042 453 2150 535 sta,
2176 455 2233 501 et
2265 446 2594 518 defatigatus
2620 454 2704 503 est
2742 449 2926 503 nervis
2950 464 3013 503 ac
3034 446 3299 501 musculis
3320 462 3385 501 ex
3419 447 3618 507 itinere

349 554 453 608 σης
471 536 573 606 τῆς
596 534 656 587 ἐν
683 533 764 605 τῷ
797 533 1047 605 σώματι·
1082 532 1178 587 καὶ
1207 533 1494 600 ἐκοπίασε,
1518 533 1629 587 τῶν
1664 533 1815 604 μυῶν
1835 534 1931 587 ml.

342 628 457 681 τῶν
486 626 696 699 νεύρων
723 626 789 679 ὲκ
819 625 922 695 τῆς
942 624 1255 695 ὁδοιπορίας
1271 624 1690 697 ὑπερταθέντων
1710 641 1726 656 ο
1748 625 1810 679 οὐ
1831 625 1931 696 τῆς

346 720 610 790 θεότητος
641 716 722 788 τῷ
744 718 981 788 καμάτῳ
1008 716 1337 789 πιεζομένης
1360 717 1496 787 (58),
1526 717 1665 770 ἀλλά
1692 717 1785 771 τοῦ
1822 716 1932 771 σώ-

350 827 523 882 ματος
550 808 623 862 τά
652 810 718 861 ὲκ
764 809 863 879 τῆς
907 807 1121 878 φύσεως
1157 807 1629 863 ἐπακολουθοῦντα
1671 808 1932 880 συμπτώ-

348 916 502 970 ματα
542 898 837 971 δεχομένου
858 914 873 928 ·
917 898 1061 953 οὕτω
1100 899 1197 953 καὶ
1231 899 1292 952 τὸ
1323 899 1558 972 δάκρυον
1589 901 1925 973 προσήκατο,

343 990 409 1043 τὸ
442 990 677 1059 φυσικὸν
703 992 769 1061 τῇ
802 989 969 1060 σαρκὶ
995 989 1337 1058 ἐπιγίνεσθαι
1370 990 1686 1063 σύμπτωμα
1713 1008 1932 1062 συγχω-

346 1081 463 1152 ρῶν
480 1081 616 1152 (59).
630 1110 701 1121 —
720 1081 833 1135 Τοῦ
852 1081 1061 1142 αὑτοῦ,
1076 1083 1164 1147 εις
1187 1081 1255 1135 τό
1281 1082 1429 1137 κατὰ
1448 1084 1770 1153 Εὑνομίου.
1788 1081 1931 1152 Ἐγὼ

344 1172 462 1243 γὰρ
501 1173 600 1228 καὶ
634 1173 697 1225 τὸ
725 1175 785 1226 ἐν
830 1175 1013 1244 μορφῇ
1041 1171 1179 1226 Θεοῦ
1205 1173 1493 1246 ὑπάρχειν,
1524 1176 1640 1229 ῐσον
1668 1175 1929 1229 δύνασθαι

342 1261 428 1333 τῷ
470 1263 528 1315 ἐν
567 1260 727 1333 οὐσίᾳ
774 1262 911 1315 Θεοῦ
963 1262 1076 1333 (60)
1111 1263 1378 1335 ὑπάρχειν
1408 1265 1571 1335 φημί.
1613 1265 1702 1329 Ὧς
1729 1265 1840 1339 γάρ
1867 1266 1929 1319 τὸ

346 1352 573 1425 μορφὴν
603 1353 954 1424 ἀνειληφέναι
983 1353 1196 1418 δούλου,
1226 1358 1283 1409 ὲν
1309 1357 1375 1427 τῇ
1407 1356 1566 1427 οὐσίᾳ.
1591 1357 1691 1427 τῆς
1715 1356 1928 1429 ἀνθρω-

2030 535 2263 590 nimium
2311 538 2589 603 extensis;
2629 553 2740 592 non
2772 554 3034 608 oppressa
3073 536 3263 592 labore
3307 537 3616 603 divinitate,

2032 626 2128 681 sed
2171 641 2402 696 corpore
2445 642 2567 696 quae
2612 627 2785 697 ipsius
2834 637 3086 682 naturam
3135 628 3386 683 comitari
3443 632 3622 684 solent

2032 716 2338 772 accidentia
2362 719 2668 774 sustinente
2695 738 2708 772 :
2736 720 2809 775 ita
2830 736 3050 791 quoque
3077 721 3299 777 admisit
3325 722 3616 793 lacrymas,

2035 808 2362 876 permittens
2384 818 2446 863 ut
2488 810 2640 864 carni
2666 811 2943 866 accideret
2970 812 3115 882 quod
3138 813 3186 866 ei
3216 814 3620 867 eratnaturale.

2032 896 2393 969 —-Ejusdem,
2420 907 2605 954 contra
2634 900 2978 956 Eunomium.
3001 903 3113 973 Ego
3145 902 3315 967 enim,
3354 904 3410 956 in
3448 904 3621 958 forma

2040 989 2140 1045 Dei
2206 1006 2327 1047 esse
2392 992 2537 1047 idem
2591 1010 2713 1049 esse
2765 996 2873 1059 aio,
2916 1011 2979 1050 ac
3042 996 3095 1050 in
3160 997 3468 1051 substantia
3521 998 3621 1054 Dei

2033 1095 2177 1137 esse.
2235 1081 2390 1137 Sicut
2440 1084 2588 1139 enim
2657 1085 2889 1139 formam
2951 1085 3092 1140 servi
3148 1087 3521 1157 accepisse“,
3564 1089 3621 1144 in

2034 1173 2289 1229 humanae
2321 1182 2532 1230 naturae
2570 1176 2876 1231 substantia
2911 1178 3202 1231 Dominum
3236 1177 3407 1233 fuisse
3448 1178 3620 1249 signi-

2034 1266 2163 1321 ficat
2194 1284 2207 1319 :
2242 1267 2317 1321 ita
2363 1268 2407 1322 si
2439 1267 2562 1337 quis
2590 1268 2725 1322 dicit
2776 1267 2835 1322 in
2889 1268 3064 1322 forma
3111 1269 3208 1324 Dei
3240 1285 3382 1335 esse,
3422 1271 3622 1327 divina:

2033 1366 2246 1415 natura:
2270 1358 2661 1427 proprietatem
2685 1358 2790 1428 ipsi
2814 1359 3089 1413 attribuit.

345 1448 588 1519 πότητος
618 1448 714 1502 τὸν
748 1447 952 1520 Κύριον
974 1449 1132 1521 ἡμῶν
1168 1451 1497 1522 γεγενῆσθαι
1536 1452 1811 1523 σημαίνει,
1880 1451 2055 1518 οὕτως
2087 1453 2262 1522 λέγων
2291 1452 2404 1518 (61)
2466 1455 2525 1506 ὲν
2577 1456 2759 1526 μορφῇ
2796 1454 2936 1508 Θεοῦ
2983 1456 3274 1527 ὑπάρχειν,
3326 1456 3430 1528 τῆς
3469 1454 3622 1520 θείας

340 1541 536 1605 οὐσίας
563 1540 865 1612 παρίστησι
892 1540 1008 1612 (62)
1035 1540 1135 1613 τὴν
1166 1542 1428 1613 ἰδιότητα.

443 1659 560 1713 Τοῦ
580 1658 756 1729 ἁγίου
780 1659 1116 1729 Γρηγορίιψ
1152 1660 1487 1717 ἐπισκόπου
1515 1663 1856 1726 Natam-(027.

2180 1661 2335 1734 147
2385 1661 2571 1721 Sancti
2603 1661 2840 1736 Gregorii
2874 1664 3099 1734 episcopi
3132 1662 3476 1717 Nazianzeni.

433 1772 532 1826 Ἐκ
550 1772 660 1827 τοῦ
686 1774 877 1842 λόγου
896 1772 1006 1827 τοῦ
1033 1776 1120 1841 εις
1144 1774 1256 1846 (65)
1287 1775 1402 1844 τὴν
1427 1776 1576 1832 νέαν
1600 1777 1926 1847 Κιφιακήν.

2104 1775 2189 1829 Ex
2216 1780 2454 1832 oratione
2482 1780 2546 1832 de
2575 1797 2709 1833 noua
2734 1778 3046 1831 .Dominica.
3082 1775 3393 1831 Venturum
3427 1790 3622 1831 rursus

342 1864 550 1930 Ἥξειν
593 1864 709 1936 (64)
745 1865 910 1919 πάλιν
957 1866 1097 1937 μετά
1137 1868 1239 1939 τῆς
1264 1868 1477 1934 ἐνδόξου
1517 1871 1684 1925 αὐτοῦ
1725 1888 1929 1944 παρου-

349 1956 509 2020 σίας,
556 1957 807 2028 κρίνοντα
859 1957 1068 2024 ζῶντας
1129 1962 1227 2014 καὶ
1273 1960 1523 2032 νεκρούς.
1574 1962 1772 2016 Οὐκέτι
1829 1963 1929 2033 μὲν

345 2047 560 2117 σάρκα,
597 2048 694 2101 οὐκ
742 2046 1035 2118 ἀσώματον
1071 2050 1150 2116 δὲ,
1193 2046 1277 2116 οἷς
1307 2052 1417 2124 (65)
1444 2054 1608 2117 αὐτὸς
1630 2049 1771 2107 οίδεν
1798 2054 1930 2125 ἀλη-

338 2138 463 2203 θῶς
495 2140 899 2213 θεοειδεστέρου
949 2142 1222 2214 σώματος,
1253 2144 1343 2197 ἵνα
1387 2145 1483 2198 καὶ
1517 2144 1655 2215 ὀφθῇ
1685 2144 1791 2198 ὑπὸ
1817 2144 1927 2197 τῶν

343 2231 819 2302 ἑκκεντησάντων,
870 2232 965 2286 καὶ
1026 2235 1185 2306 μείνῃ
1252 2233 1385 2298 Θεὸς
1439 2234 1544 2301 ἔξω
1594 2234 1922 2306 παχύτητος.

340 2352 418 2365 -—
452 2323 571 2378 Τοῦ
622 2324 811 2379 αὑτοῦ
826 2363 860 2396 ,ι
908 2325 976 2380 ἐκ
1016 2325 1128 2394 τῆς
1155 2326 1305 2394 πρὸς
1336 2327 1929 2394 Κληδόνων-ἐπιστο-

338 2414 467 2483 λῆς
512 2413 648 2481 (66).
688 2414 890 2479 θύσεις
941 2416 1042 2484 μὲν
1075 2415 1185 2488 γὰρ
1211 2417 1307 2469 δύο
1336 2416 1469 2479 Θεὸς
1516 2418 1610 2471 καὶ
1642 2417 1928 2489 ἄνθρωπος

336 2508 474 2560 ἐπεὶ
509 2509 610 2561 καὶ
635 2508 782 2581 ψυχὴ
808 2508 907 2563 καὶ
941 2509 1135 2580 σῶμασ
1168 2508 1275 2562 υἱοὶ
1298 2508 1355 2562 δὲ
1394 2510 1457 2563 οὐ
1491 2509 1584 2563 δύο
1622 2510 1755 2581 (67).
1791 2510 1926 2564 Οὐδὲ

336 2599 461 2669 γὰρ
506 2599 745 2654 ἐνταῦθα
781 2600 874 2653 δύο
901 2600 1203 2672 ἄνθρωποι,
1234 2602 1284 2655 εἰ
1325 2601 1420 2655 καὶ
1459 2600 1632 2666 οὓτως
1658 2604 1687 2656 ό
1714 2602 1927 2667 Παῦλος

335 2690 514 2743 καλεῖ
562 2690 672 2761 (68)
712 2692 774 2745 τὸ
808 2693 959 2755 ἐντὸς
992 2691 1089 2745 τοῦ
1141 2691 1466 2764 ἀνθρώπου,
1513 2694 1605 2747 καὶ
1647 2695 1709 2747 τὸ
1748 2694 1921 2759 ἐκτός.

336 2781 465 2832 Καὶ
497 2783 548 2834 εί
582 2781 665 2834 δεῖ
684 2782 971 2851 συντόμως
1006 2784 1204 2846 εἰπεῖν,
1231 2782 1360 2836 ἀλλο
1381 2783 1481 2851 μὲν
1506 2783 1602 2837 καὶ
1624 2784 1753 2839 άλλο
1772 2785 1841 2838 τὰ
1865 2785 1926 2851 ἐξ

332 2865 428 2926 ὧν
461 2873 490 2925 ό
530 2872 742 2943 Σωτὴρ,
788 2873 914 2926 ἐπεὶ
966 2872 1041 2945 μὴ
1081 2872 1281 2926 ταύτὸν
1311 2872 1402 2927 τὸν
1433 2874 1627 2945 όρατὸν
1658 2875 1737 2945 τῷ
1761 2875 1927 2944 ἀορά-

333 2982 433 3034 τῳ
459 2964 595 3035 (69),
633 2966 728 3019 καὶ
755 2964 816 3019 τὸ
854 2964 1086 3036 ἄχρονον
1114 2965 1194 3037 τῷ
1239 2966 1344 3020 ὑπὸ
1372 2967 1563 3037 χρόνον
1587 2982 1601 2996 ·
1639 2968 1740 3021 οὐκ
1768 2966 1925 3033 ἀλλος

331 3056 405 3110 δὲ
443 3057 541 3109 καὶ
568 3056 745 3121 ἄλλος,
779 3057 854 3129 μὴ
879 3058 1099 3126 γένοιτο.
1125 3088 1194 3100 -
1226 3059 1337 3113 Τοῦ
1353 3059 1561 3125 αὐτοῦ,
1582 3059 1651 3114 ἐκ
1680 3060 1791 3131 (70)
1815 3061 1925 3127 τῆς

2033 1880 2159 1922 cum
2208 1869 2444 1939 gloriosa
2486 1886 2584 1924 sua
2618 1866 2934 1940 praesentia,
2975 1866 3353 1937 iudicaturum
3385 1866 3541 1921 vivos
3565 1875 3621 1923 et

2032 1967 2281 2015 mortuos
2315 1963 2379 2025 ⁸⁸,
2405 1977 2515 2015 non
2537 1960 2773 2031 amplius
2794 1958 3019 2029 quidem
3044 1972 3288 2021 carnem,
3313 1972 3418 2012 nec
3438 1966 3620 2012 tamen

2033 2050 2442 2122 incorporeum,
2493 2051 2771 2107 diviniore
2820 2065 3070 2121 prorsus,
3114 2047 3257 2102 sicut
3296 2048 3413 2118 ipse
3442 2049 3617 2114 novit,

2033 2144 2282 2212 corporis
2310 2144 2513 2213 specie,
2548 2151 2609 2198 ut
2633 2150 2688 2197 et
2712 2141 3085 2210 conspiciatur
3109 2141 3178 2194 ab
3208 2140 3277 2195 iis
3308 2140 3403 2209 qui
3438 2156 3620 2211 pupu-

2032 2243 2233 2304 gerunt
2259 2249 2387 2289 eum
2424 2235 2488 2299 ¹⁶,
2523 2242 2580 2289 et
2602 2240 2824 2288 maneat
2851 2233 2996 2287 Deus
3021 2232 3291 2288 crassitiei
3314 2248 3611 2305 expers.—

2032 2327 2310 2398 Ejusdem,
2336 2343 2399 2380 ea:
2421 2326 2641 2397 epistola
2671 2326 2741 2380 ad
2765 2323 3099 2380 Cledonium.
3135 2324 3356 2379 Naturae
3394 2324 3618 2394 quidem

2032 2420 2179 2484 duae,
2201 2419 2349 2473 Deus
2381 2428 2439 2474 et
2465 2419 2654 2481 homo,
2696 2417 2826 2487 quia
2860 2424 2918 2471 et
2949 2416 3130 2470 anima
3155 2425 3212 2470 et
3245 2431 3446 2486 corpus
3474 2434 3487 2469 :
3518 2415 3617 2471 lilii

2029 2528 2166 2568 vero
2213 2526 2567 2582 nequaquam
2612 2509 2744 2564 duo.
2777 2510 2969 2579 Neque
3012 2509 3160 2564 enim
3208 2508 3300 2562 hic
3339 2508 3452 2561 duo
3490 2517 3615 2562 sunt

2031 2603 2308 2665 homines,
2343 2605 2357 2622 '
2384 2602 2604 2657 etiamsi
2640 2601 2845 2655 Paulus
2871 2600 2953 2655 sic
2981 2599 3250 2670 loquitur,
3278 2614 3403 2653 eum
3427 2599 3615 2668 appel-

2032 2696 2112 2752 lat
2157 2695 2480 2751 interiorem
2533 2693 2816 2748 hominem
2863 2701 2920 2749 et
2966 2691 3395 2747 exteriorem".
3421 2690 3522 2756 Ac,
3559 2698 3615 2743 ut

2031 2785 2348 2840 summatim
2374 2783 2576 2847 dicam,
2602 2782 2751 2838 aliud
2787 2782 3012 2852 quidem
3049 2791 3106 2838 et
3132 2781 3282 2836 aliud
3306 2788 3517 2835 suntea
3550 2795 3614 2835 ex

2031 2875 2235 2946 quibus
2284 2874 2572 2939 Salvator;
2615 2872 2747 2943 quia
2786 2888 2898 2927 non
2928 2872 3074 2927 idem
3107 2881 3193 2927 est
3216 2872 3456 2937 visibile,
3489 2887 3615 2927 cum

2032 2966 2321 3032 invisibili,
2344 2975 2402 3022 et
2432 2964 2698 3035 temporis
2716 2980 2914 3035 expers
2945 2979 3069 3019 cum
3098 2974 3473 3033 temperance.
3498 2964 3614 3018 Non

2030 3065 2117 3113 est
2135 3067 2317 3114 tamen
2340 3057 2503 3121 alius,
2527 3066 2585 3111 et
2611 3056 2774 3122 alius,
2799 3056 2974 3111 absit!
2998 3086 3057 3096 -
3073 3054 3351 3125 Ejusdem,
3369 3070 3433 3108 ea:
3452 3057 3616 3126 priori

336 3149 506 3217 πρὸς
532 3148 869 3216 Κληδόνων
905 3146 1198 3218 προτέρας
1233 3149 1546 3217 ἐκθέσεως.
1583 3152 1651 3204 El
1671 3168 1756 3216 τις
1795 3154 1928 3206 ἀπο-

2032 3145 2359 3220 expositione
2395 3149 2467 3203 ad
2499 3147 2831 3204 Cledonium.
2870 3146 2927 3202 Si
2962 3146 3092 3217 quis
3117 3146 3425 3216 depositam
3466 3163 3618 3204 nunc

332 3239 628 3294 τεθεῖσθαι
680 3239 777 3293 νῦν
818 3241 918 3312 τὴν
959 3240 1142 3312 σάρκα
1185 3240 1333 3311 λέγει
1380 3242 1515 3311 (71),
1558 3243 1653 3296 καὶ
1711 3244 1925 3315 γυμνὴν

336 3326 494 3383 εἶναι
546 3329 645 3400 τὴν
709 3328 942 3401 θεότητα
999 3328 1275 3400 σώματος,
1322 3328 1459 3383 ἀλλά
1517 3329 1593 3400 μὴ
1647 3330 1784 3399 μετὰ
1829 3331 1924 3384 τοῦ

336 3420 787 3492 προσλήμματος
816 3421 911 3475 καὶ
939 3416 1099 3486 εἶναι,
1130 3421 1227 3474 καὶ
1261 3420 1435 3491 ἥξειν,
1466 3421 1541 3491 μὴ
1578 3421 1677 3475 ἴδοι
1710 3422 1809 3493 τὴν
1837 3423 1925 3476 δό-

335 3513 449 3577 ξαν
479 3511 584 3579 τῆς
632 3511 954 3583 παρουσίας.
997 3509 1109 3564 Ποῦ
1179 3510 1289 3582 γὰρ
1328 3510 1390 3564 τὸ
1419 3511 1579 3581 σῶμα
1613 3511 1727 3575 νῦν,
1778 3514 1826 3565 εί
1850 3512 1925 3584 μὴ

340 3601 495 3673 μετά
528 3600 624 3654 τοῦ
662 3601 1092 3672 προσλαϐόντος
1128 3603 1203 3656 Οὐ
1243 3606 1353 3673 γὰρ
1380 3601 1446 3674 δὴ
1484 3603 1626 3658 κατά
1652 3604 1778 3667 τοὺς
1802 3605 1924 3657 Μα-

336 3694 575 3762 νεχαίων
602 3693 801 3764 λήρους
830 3691 909 3763 τῷ
949 3693 1087 3764 ἡλίῳ
1117 3693 1545 3757 ἑναποτέθειται,
1586 3694 1674 3747 ἵνα
1719 3694 1923 3767 τιμηθῇ

332 3786 436 3839 διὰ
460 3786 562 3854 τῆς
597 3785 910 3857 ἀτιμίαςοῆ
942 3788 1021 3848 είς
1047 3786 1138 3839 τὸν
1172 3786 1311 3857 ἀέρα
1350 3787 1513 3857 ὲχέθη
1553 3789 1648 3841 καὶ
1684 3787 1920 3858 διελύθη,

335 3880 424 3941 ὡς
467 3877 655 3948 φωνῆς
697 3876 883 3947 φύσις,
929 3878 1025 3931 κα)⁵
1060 3877 1231 3948 ὀδμῆς
1272 3878 1448 3949 ῥύσις,
1500 3878 1594 3931 καὶ
1638 3879 1925 3949 ἀστραπῆς

334 3971 550 4042 δρόμος
574 3970 671 4040 οὐχ
704 3969 1023 4040 ἱσταμένης.
1065 3968 1176 4023 Ποῦ
1207 3969 1264 4023 δὲ
1318 3969 1413 4023 καὶ
1450 3969 1561 4037 (72)
1589 3969 1652 4021 τὸ
1673 3969 1926 4039 ψηλαφη-

338 4062 517 4131 θῆναι
543 4061 657 4130 (75)
693 4061 832 4131 μετά
853 4061 951 4133 τὴν
969 4060 1288 4125 ἀνάστασιν,
1321 4062 1378 4115 ἐν
1410 4061 1521 4131 (74)
1552 4056 1586 4136 ᾖ
1625 4061 1925 4132 ὀφθήσεταί

334 4170 483 4207 ποτε
528 4153 633 4206 ὑπὸ
659 4160 770 4206 τῶν
807 4152 1288 4221 ὲκκεντησάντων;
1326 4152 1522 4223 θεότης
1558 4154 1615 4208 δὲ
1653 4154 1764 4223 (75)
1800 4154 1926 4208 καθ’

336 4245 550 4314 ἑαυτὴν
605 4244 856 4314 ἀόρατος.
889 4273 960 4283 —
991 4243 1102 4297 Τοῦ
1126 4242 1334 4307 αὑτοῦ,
1370 4243 1439 4296 ἐκ
1468 4243 1572 4298 τοῦ
1619 4243 1750 4312 περὶ
1786 4244 1924 4299 Υἱοῦ

333 4336 536 4404 ,λόγου
567 4333 872 4401 δευτέρου.
911 4333 1000 4397 Ὠς
1027 4333 1127 4402 μὲν
1153 4333 1263 4404 γὰρ
1298 4333 1491 4401 Λόγος,
1522 4333 1646 4387 οῦτε
1686 4334 1925 4403 ὑπήκοος

333 4418 434 4494 ἦν,
465 4421 581 4476 οὐτ’
603 4424 837 4495 ἀνήκοος
856 4436 872 4452 ⁸
905 4420 1012 4474 τῶν
1037 4421 1148 4491 γὰρ
1170 4421 1273 4474 ὑπὸ
1293 4423 1452 4492 χεῖρα
1476 4421 1671 4484 ταῦτα,
1703 4422 1925 4476 καὶτῶν

416 4587 463 4619 ³⁸
486 4585 722 4655 Philipp.
749 4600 807 4648 tt,
835 4585 887 4639 6.
969 4583 1011 4616 "
1035 4587 1200 4652 Acta,
1242 4588 1330 4640 ll.

1433 4584 1476 4616 ¹⁶
1503 4585 1669 4640 Zaeh.
1725 4603 1818 4651 ιη,
1861 4584 1945 4640 10.

2027 3256 2251 3297 carnem
2282 3241 2438 3306 dicit,
2484 3247 2541 3296 et
2567 3240 2772 3295 nudam
2803 3255 2924 3295 esse
2962 3240 3309 3295 divinitatem
3339 3240 3460 3293 sine
3488 3253 3604 3292 cor-

2026 3346 2185 3400 pore,
2232 3346 2345 3385 non
2400 3337 2585 3385 autem
2625 3345 2750 3384 cum
2796 3337 3075 3400 assumpta
3109 3339 3265 3400 parte
3310 3337 3368 3383 et
3405 3344 3526 3384 esse
3557 3336 3609 3383 Cl

2025 3433 2312 3478 venturam
2349 3437 2492 3487 esse,
2534 3422 2808 3478 adventus
2844 3423 2969 3493 ejus
2996 3423 3228 3493 gloriam
3254 3437 3365 3478 non
3397 3430 3611 3477 cernat.

2026 3513 2132 3568 Ubi
2158 3514 2308 3568 enim
2333 3529 2484 3569 nunc
2515 3521 2601 3569 est
2624 3529 2844 3583 corpus.
2882 3514 2988 3567 nisi
3010 3529 3134 3568 cum
3165 3529 3233 3568 eo
3263 3513 3359 3583 qui
3394 3527 3603 3567 assum-

2026 3604 2177 3673 psit?
2199 3604 2318 3657 Non
2335 3605 2482 3658 enim
2507 3605 2810 3658 secundum
2828 3620 3001 3673 nugas
3021 3604 3444 3657 Manichaeorum
3467 3602 3610 3671 apud

2027 3699 2196 3753 solem
2216 3705 2302 3753 est
2319 3697 2654 3766 depositum,
2679 3705 2742 3749 ut
2762 3697 3066 3750 honoretur
3085 3711 3184 3764 per
3200 3693 3612 3757 contumeliam,

2026 3798 2124 3844 aut
2175 3788 2336 3860 148
2385 3786 2442 3842 in
2473 3802 2657 3842 aerem
2703 3786 2965 3842 diﬂ‘usnm
3000 3796 3058 3842 et
3080 3786 3383 3841 resolutum
3414 3795 3519 3850 est,
3553 3799 3611 3847 ut

2025 3880 2179 3935 vocis
2229 3886 2448 3944 natura,
2492 3887 2550 3934 et
2598 3878 2785 3933 odoris
2830 3877 3021 3943 ﬂuxio,
3055 3886 3112 3933 et
3155 3877 3388 3948 fulguris
3417 3892 3609 3934 cursus

2027 3971 2256 4027 minime
2311 3970 2683 4026 subsistentia.
2734 3968 2839 4043 Ubi
2891 3985 3028 4025 vero
3079 3970 3442 4025 eontrectatio
3492 3983 3609 4039 post

2025 4062 2511 4127 resurrectionem,
2570 4062 2626 4116 in
2657 4077 2764 4130 qua
2798 4061 3172 4131 conspicietur
3219 4061 3516 4131 aliquando
3535 4062 3604 4121 ab

2026 4153 2097 4209 iis
2120 4154 2214 4224 qui
2244 4170 2371 4208 eum
2398 4152 2745 4209 conﬁxerunt
2770 4152 2793 4205 ?
2815 4152 2950 4206 Nam
2985 4152 3248 4206 divinitas
3288 4168 3389 4223 per
3427 4167 3486 4206 se
3530 4161 3615 4208 est

2028 4244 2344 4299 invisibilis.
2361 4275 2430 4285 -—
2447 4242 2723 4314 Ejusdem,
2749 4257 2813 4295 ea:
2836 4241 3068 4295 secunda
3084 4243 3325 4296 oratione
3358 4241 3421 4293 de
3455 4239 3614 4296 Filio.

2027 4336 2313 4403 Quatenus
2345 4335 2491 4389 enim
2529 4336 2789 4399 Verbum,
2823 4350 3003 4404 neque
3035 4334 3301 4389 obediens
3334 4340 3472 4395 erat,
3512 4348 3610 4387 ne-

2032 4441 2141 4495 que
2169 4425 2514 4480 inobediens.
2551 4425 2677 4480 Haec
2700 4426 2846 4481 enim
2881 4440 3073 4480 eorum
3105 4425 3199 4496 qui
3231 4422 3439 4479 subditi
3467 4431 3595 4477 sunt

2024 4588 2065 4618 "
2102 4587 2148 4641 Il
2198 4585 2325 4642 Cor.
2382 4603 2456 4651 IV,
2501 4586 2599 4654 16;
2626 4585 2828 4655 Ephes.
2857 4601 2935 4650 ιιι,
2975 4586 3061 4641 16.

414 4768 533 4908 (58)
573 4767 716 4832 πιεζ.
746 4768 848 4823 Ed.
875 4768 1105 4833 Bened.,
1140 4777 1181 4823 t.
1206 4768 1273 4831 11,
1298 4784 1353 4838 p.
1377 4768 1468 4831 59,
1504 4768 1909 4839 δαμαζομένης.

438 4840 527 4905 359)
555 4837 781 4891 οῦτω-
800 4856 957 4907 συγχ.
987 4838 1111 4894 time
1142 4838 1377 4908 adjicere
1400 4839 1577 4894 visum
1616 4846 1719 4905 est,
1755 4854 1825 4899 ne
1859 4839 1915 4894 in

2092 4767 2213 4891 (6‘6)l
2241 4767 2548 4837 ἐπιστολῆς.
2587 4766 2807 4821 Scilicet
2851 4782 2918 4822 ex
2953 4769 3128 4839 prima
3174 4768 3241 4822 ad
3280 4765 3607 4824 Cledonium

2029 4852 2300 4908 eptsoa._
2394 4904 2421 4908 ᾧ
2540 4905 2549 4908 _
2916 4906 2925 4908 _
2996 4905 3005 4908 _
3134 4905 3165 4908 μ
3266 4907 3277 4908 7

438 4840 527 4910 59)
555 4837 781 4910 οῦτω-
800 4856 957 4907 συγχ.
987 4837 1377 4910 ιίωοοόῇίοεῐε
1400 4837 1585 4894 visum
1616 4837 1730 4905 est,
1755 4854 1825 4899 ne
1859 4839 1915 4894 in

338 4909 526 4964 medio
556 4908 971 4977 abrumperetur
1001 4909 1192 4963 oratio.

416 4977 530 5117 (60)
568 4978 633 5032 Ει
669 4979 826 5033 Rom.
862 4986 917 5031 et
952 4978 1098 5048 Lips.
1135 4977 1270 5046 Θεῷ.
1296 4978 1474 5033 Minus
1496 4989 1666 5033 recte.

416 5048 499 5116 (6|
562 5046 678 5104 οὔτ.
711 5048 828 5116 λέγ.
855 5047 999 5102 Edit.
1043 5048 1269 5114 Bened.,
1310 5055 1348 5102 t.
1374 5048 1417 5109 l,
1452 5063 1507 5117 p.
1533 5049 1662 5116 230,

340 5046 532 5171 κιξϐι)
562 5046 678 5104 οὔτ.
711 5048 828 5116 λέγ.
855 5046 1269 5114 ΕάἰιῘΒοιιθὰη
1310 5055 1348 5102 ι.
1374 5048 1417 5109 I,
1452 5063 1507 5119 p.
1533 5049 1662 5116 230,
1697 5048 1839 5103 οῦτω
1867 5048 1925 5102 δὲ

412 5187 526 5257 (62)
565 5185 756 5256 παρίσ.
790 5185 937 5241 Loco
978 5186 1068 5257 cit.
1107 5186 1357 5257 sequ-itur
1389 5186 1627 5249 πάντως.

414 5254 526 5325 (65)
565 5254 671 5310 εἰσ.
703 5273 753 5310 τ.
780 5272 826 5307 ν.
852 5257 993 5327 Κυρ.
1018 5254 1112 5313 Vel
1157 5254 1339 5326 potius
1360 5258 1437 5320 εἰς
1469 5257 1528 5309 τὸ
1556 5257 1711 5325 ἅγιον
1740 5258 1931 5327 βάπτι-

342 5343 481 5392 σμα.
542 5327 601 5380 In
658 5327 763 5397 bac
817 5326 962 5397 enim
1010 5327 1277 5397 oratione,
1336 5342 1458 5397 quae
1515 5336 1600 5380 est
1632 5328 1937 5397 quadrage-

341 5396 501 5455 sima,
529 5411 638 5449 non
676 5396 730 5449 in
785 5412 851 5450 ea
906 5395 982 5450 De
1014 5414 1146 5463 nona
1179 5396 1475 5459 Dominica,
1510 5412 1631 5465 quae
1652 5395 1749 5452 est
1787 5395 1924 5466 qua-

342 5465 876 5590 dragesinégitertia,
913 5476 1089 5521 exstat
1123 5467 1212 5521 hic
1244 5468 1420 5530 locus,
1486 5474 1524 5519 ι.
1585 5467 1626 5532 l,
1663 5465 1925 5522 editJPa-

345 5550 466 5590 nr...
502 5551 557 5590 υ.
696 5578 708 5589 .

345 5550 466 5595 πε..
502 5551 557 5603 p.
586 5550 708 5590 ou.

418 5605 474 5673 (6
488 5602 529 5674 ι)
570 5605 758 5669 Ἥξειν
789 5622 843 5658 κ.
872 5622 920 5660 τ.
954 5605 1005 5659 λ.
1041 5602 1168 5661 Haec
1204 5605 1484 5661 cohaerent
1519 5622 1644 5661 cum
1678 5605 1922 5674 πίστευε,
1986 5669 1990 5673 4

346 5674 490 5742 quod
525 5675 774 5744 praecedit
789 5716 801 5728 .

418 5739 543 5812 (65)
568 5739 647 5810 οἷς
666 5777 732 5785 -—
756 5744 914 5815 άληθ.
940 5745 1037 5801 Ed.
1079 5745 1250 5801 Paris.
1289 5740 1369 5811 οἷς
1398 5746 1556 5811 αὐτὸς
1585 5744 1691 5801 οἶδε
1723 5746 1920 5817 λόγοις.

2021 4838 2271 4892 epistola.

2002 4853 2355 4978 ἐρὶῗὶῗιθέύο.
2388 4904 2649 4976 Sequim-
2681 4905 2799 4960 οὐδὲ
2827 4904 2958 4972 θεοὶ,
2992 4905 3048 4960 in
3082 4905 3216 4961 edit.
3252 4907 3451 4973 Paris.,
3491 4917 3531 4964 t.
3568 4917 3611 4977 Ι.

2020 4979 2712 5186 ltiges.
2740 5046 3160 5187 ξξξξηξξιέεεξξν
3197 5045 3259 5099 τδ

2183 5143 2210 5168 υ
2607 5158 2621 5169 υ
2687 5134 2712 5178 ς
2734 5138 2742 5148 ’
3154 5155 3169 5170 ο

2183 5138 2313 5168 υπου
2346 5138 2439 5170 και
2469 5138 2529 5169 το
2557 5138 2712 5178 εκτος
2734 5138 3169 5178 προσηγορευσε.

2127 5183 2214 5254 69)
2249 5186 2387 5241 Ibid.
2426 5186 2486 5240 τδ
2514 5186 2743 5253 ἀόρατον
2769 5183 2845 5254 τῷ
2875 5183 3078 5255 ὁρατῷ.

2128 5256 2216 5327 70)
2255 5259 2318 5309 ἐκ
2351 5284 2421 5296 -—-
2451 5256 2739 5319 ἐκθέσεως.
2773 5255 2850 5310 Ex
2885 5254 3077 5327 eadem
3123 5254 3373 5327 epistola,
3408 5270 3474 5311 ex
3500 5271 3603 5326 qua

2032 5325 2369 5398 prior’locus
2393 5327 2712 5398 desumptus
2725 5334 2862 5398 erat.
2892 5325 2953 5379 ln
2978 5325 3167 5380 eadem
3185 5325 3379 5396 pagina
3408 5325 3602 5383 exstat.

2097 5397 2207 5465 (7|)
2241 5397 2357 5463 λέγ.
2396 5396 2496 5450 Ed.
2531 5395 2703 5449 Paris.
2740 5395 2909 5465 λέγοι.

2099 5465 2210 5590 (ἹΞ)
2247 5465 2359 5559 καί.
2392 5466 2518 5519 Des.
2556 5465 2591 5518 Ι.
2622 5479 2670 5546 c_.

2124 5539 2189 5590 7o
2236 5535 2363 5590 ιντῖλ.
2401 5535 2480 5589 Ib.
2518 5550 2668 5590 senui

2124 5532 2210 5606 75)
2236 5535 2363 5606 clm):
2401 5534 2764 5606 I_b.use_quitur
2787 5532 2968 5606 αὐτόν.

2101 5597 2212 5677 (74)
2335 5598 2531 5677 ᾗᾈὸειςθ.
2570 5597 2647 5659 Ib.
2685 5606 2717 5677 ἢ
2747 5602 3104 5676 ὀφθήσεσθαι.

2102 5674 2211 5747 (75)
2249 5675 2324 5729 δέ.
2343 5674 2428 5731 ιιι.
2468 5674 2595 5745 γάρ.
