4010 6212
411 275 509 342 191

1400 272 1886 334 THEODORETI
1925 268 2262 330 EPISCOPI
2301 264 2666 327 CYRENSIS

3559 254 3656 320 192

409 403 466 449 ct
500 389 825 447 inferiores:
865 391 995 445 illud
1036 391 1258 460 quidem
1299 390 1438 444 bene
1489 398 1846 454 moratorum,
1874 389 1980 442 hoc

2103 387 2353 458 ῑευτέρων
2373 402 2385 414 ’
2415 384 2474 438 τὸ
2503 383 2601 453 μὲν
2634 379 2742 433 τῶν
2779 373 3326 448 εὐγνωμονεστέρων,
3367 369 3428 422 τὸ
3457 368 3514 421 δέ
3547 365 3659 420 τῶν

409 501 540 542 vero
556 499 768 555 poenam
788 483 1135 537 merentium.
1155 482 1343 548 Quoad
1359 483 1499 537 servi
1522 491 1702 536 autem
1728 481 1978 543 formam,

410 576 786 633 accommodat
825 590 883 628 se
924 574 1227 639 conservis,
1272 584 1328 630 et
1368 575 1599 628 alienam
1641 574 1868 628 formam
1901 572 1983 625 in-

409 669 550 731 duit,
585 674 758 722 totum
809 666 862 720 in
908 666 1088 734 seipso
1131 681 1217 719 me
1255 665 1441 720 ferens
1461 681 1585 720 cum
1621 664 1979 737 (infirmitati-

409 757 531 827 bus)
564 758 718 821 meis,
747 757 882 811 utin
911 757 1092 826 seipso
1124 757 1374 810 absumat
1415 757 1560 826 quod
1591 756 1835 810 deterius
1875 765 1979 819 est,

407 848 553 903 sicut
577 862 758 901 ceram
789 847 951 917 ignis,
1005 855 1100 900 aut
1129 848 1210 901 sol
1241 863 1500 916 vaporem
1531 856 1710 902 terrae.
1730 877 1797 885 —
1816 846 1981 916 Ejus-

411 939 550 1002 dem,
588 955 650 992 ea:
683 941 925 993 oratione
957 939 1010 991 in
1059 937 1252 992 Christi
1288 941 1638 996 nativitatem.
1691 940 1982 1006 Postquam

412 1029 578 1100 igitur
599 1030 802 1099 prodiit
829 1045 896 1084 ex
919 1029 1140 1098 Virgine
1170 1044 1294 1082 cum
1317 1030 1690 1101 assumptione
1722 1043 1890 1082 unum
1917 1042 1983 1080 ex

411 1122 628 1176 duobus
682 1122 784 1176 sibi
831 1121 1143 1185 contrariis,
1188 1136 1350 1175 carne
1394 1129 1450 1175 et
1487 1121 1704 1190 spiritu,
1747 1132 1983 1188 quorum

410 1216 642 1270 alterum
690 1218 742 1270 in
776 1218 944 1270 Deum
976 1226 1316 1286 assumptum
1343 1224 1461 1282 cst;
1494 1217 1726 1271 alterum
1754 1215 1983 1285 gratiam

412 1307 1375 1378 cxhibuitdivinitatis.—-Ejusdem,
1416 1317 1528 1379 post
1565 1325 1754 1378 pauca.
1791 1306 1986 1360 Missus

414 1408 496 1452 est
524 1399 768 1468 quidem,
795 1402 888 1455 sed
921 1413 980 1456 ut
1019 1403 1202 1457 homo.
1253 1403 1460 1472 Duplex
1504 1402 1649 1456 enim
1697 1409 1816 1455 erat
1867 1401 1986 1469 ejus

416 1496 628 1541 natura.
665 1489 820 1544 Nunc
849 1499 997 1545 certe
1033 1500 1088 1545 et
1111 1491 1438 1564 defatigatus
1464 1501 1568 1555 est,
1601 1499 1655 1545 et
1687 1488 1899 1552 esuriit,
1929 1497 1986 1542 et

418 1580 576 1644 sitiil,
615 1589 670 1634 et
711 1597 912 1652 angore
950 1584 1178 1638 affectus
1199 1597 1301 1648 est,
1333 1595 1389 1640 et
1421 1585 1688 1654 Iacrymas
1714 1582 1856 1636 fudit
1885 1582 1987 1635 hu-

413 1669 559 1720 mani
607 1669 855 1738 corporis
909 1671 1425 1742 Icge.——-Ejusdem,
1462 1674 1516 1725 in
1555 1670 1714 1742 149
1747 1671 1986 1724 oratione

413 1762 642 1814 secunda
685 1762 747 1814 de
794 1761 947 1816 Filio.
997 1765 1141 1818 Deus
1175 1775 1356 1818 autem
1393 1763 1608 1817 dicetur
1648 1779 1756 1815 non
1795 1761 1984 1825 Verbi,

413 1851 507 1904 sed
549 1851 780 1906 visibilis
815 1861 1046 1907 naturae.
1080 1854 1364 1919 Quomodo
1399 1854 1546 1908 enim
1584 1861 1730 1906 esset
1769 1852 1992 1921 proprie

415 1944 511 1998 Dei
559 1944 747 1998 Deus?
781 1943 935 1999 Sicut
972 1955 1028 2000 ct
1078 1946 1240 1999 Pater
1275 1961 1384 1999 non
1424 1945 1544 2014 ejus
1573 1944 1718 2012 quod
1753 1943 1991 2008 videtur,

415 2036 508 2089 sed
559 2035 743 2090 Verbi.
798 2037 928 2090 Erat
959 2037 1106 2090 enim
1138 2036 1359 2105 duplex.
1385 2036 1567 2101 Quare
1601 2035 1835 2089 alterum
1869 2035 1994 2103 qui-

415 2122 538 2177 dem
574 2123 792 2192 proprie
826 2124 880 2177 in
911 2125 1198 2187 ambobus,
1225 2125 1457 2177 alterum
1488 2138 1596 2176 non
1630 2123 1872 2192 proprie,
1898 2138 1994 2176 seu

417 2216 689 2268 contrarie
725 2222 976 2282 respectu
1006 2214 1202 2268 nostri.
1231 2214 1429 2267 Noster
1457 2213 1603 2267 enim
1627 2213 1847 2282 proprie
1867 2213 1995 2280 qui-

417 2303 540 2358 dem
589 2304 733 2357 Deus
771 2316 875 2367 est,
910 2305 1002 2359 sed
1040 2321 1147 2359 non
1181 2304 1405 2374 proprie
1445 2311 1620 2373 pater.
1644 2304 1746 2357 'Et
1775 2304 1880 2358 hoc
1913 2312 1999 2359 est

419 2395 565 2466 quod
602 2412 789 2451 errare
835 2397 964 2452 facit
992 2399 1299 2460 lizereticos,
1335 2395 1620 2450 nominum
1655 2396 1994 2466 conjunctio.

421 2488 648 2558 Signum
672 2497 854 2542 autem
891 2489 995 2543 hoc
1021 2497 1124 2553 est,
1161 2489 1305 2559 quod
1328 2488 1550 2558 quando
1578 2495 1786 2542 naturae
1812 2496 1996 2542 mente

420 2590 476 2635 et
515 2581 846 2651 cogitatione
887 2581 1324 2652 distinguuntur,
1353 2581 1518 2635 etiam
1554 2581 1775 2634 nomina
1803 2580 2001 2634 distin-

421 2680 675 2742 guantur.
708 2674 938 2728 Paulum
964 2669 1149 2729 audite
1167 2675 1441 2729 dicentem
1466 2692 1510 2726 τι
1535 2674 1602 2729 Ut
1621 2674 1762 2728 Deus
1780 2673 1997 2726 Domini

422 2764 594 2818 nostri
607 2763 733 2818 Jesu
747 2765 970 2829 Christi,
986 2767 1147 2819 Pater
1167 2765 1353 2836 gloriae
1367 2765 1503 2818 ¹⁸·¹⁹.
1517 2785 1536 2815 ι
1557 2763 1758 2819 Christi
1777 2763 2000 2834 quidem

422 2855 588 2919 Deus,
621 2855 806 2923 gloria:
830 2867 1011 2911 autem
1037 2859 1216 2912 Pater.
1252 2856 1362 2910 Etsi
1387 2856 1532 2910 enim
1569 2864 1802 2924 utraque
1829 2869 2001 2908 unum

424 2955 572 3009 sunt,
595 2955 772 3002 tamen
792 2964 897 3002 non
914 2959 1130 3012 natura,
1149 2948 1242 3003 sed
1263 2948 1645 3017 conjunctione
1659 2963 1828 3000 unum
1853 2955 1999 3001 sunt.

2085 478 2251 542 ἀξίων
2274 475 2511 540 κρίσεως
2538 472 2672 542 (76).
2711 470 2800 532 Ὠς
2843 467 2897 519 δὲ
2924 465 3111 518 δούλου
3146 459 3348 534 μορφὴ,
3385 473 3661 527 συγκατα-

2084 567 2264 620 6αίνει
2307 566 2419 626 τοῖς
2471 558 2782 631 ὁμοδούλοις
2818 557 2953 626 (77),
2987 554 3081 606 καὶ
3135 549 3438 623 μορφοῦται
3468 546 3527 599 τὸ
3562 542 3663 598 ἀλ-

2082 657 2316 726 λότριον,
2355 655 2474 706 ὅλον
2516 653 2576 704 ἐν
2625 648 2805 718 ἐαυτῷ
2853 646 3034 715 φέρων
3088 645 3199 715 (78)
3240 641 3340 710 ἐμὲ
3375 636 3510 710 μετὰ
3549 634 3661 726 των

2084 725 2255 820 ἐμῶν,
2293 746 2380 798 ἵνα
2410 746 2468 796 ἐν
2506 742 2682 813 ἐαυτῷ
2725 741 3011 807 δαπανήσῃ
3055 736 3115 789 τὸ
3149 735 3350 804 χεῖρον,
3377 730 3453 791 ὡς
3490 725 3662 796 κηρὸν

2085 840 2216 911 πῦρ,
2246 840 2280 910 ἡ
2303 838 2376 900 ὼς
2408 835 2608 906 ἀτμίδα
2635 834 2738 902 γῆς
2775 831 2946 902 ἥλιος.
2968 859 3034 870 -—
3071 826 3181 880 Τοῦ
3211 822 3420 883 αὐτοῦ,
3455 821 3523 873 ἐκ
3552 816 3664 872 τοῦ

2083 933 2271 1001 λόγου
2305 928 2413 983 τοῦ
2455 929 2542 994 εὶς
2584 927 2655 978 τὰ
2704 921 3019 992 Θεοφάνδα.
3086 914 3306 985 Ἐπειδὴ
3331 913 3442 982 (79)
3480 911 3666 963 τοίνυν

2087 1021 2357 1093 προῆλθεν
2384 1019 2448 1072 ἐκ
2488 1017 2587 1086 τῆς
2621 1014 2900 1086 Παρθένου
2936 1009 3074 1079 μετὰ
3101 1009 3198 1078 τῆς
3219 1002 3586 1093 προσλήψεως
3600 1001 3665 1050 ἐκ

2085 1118 2178 1171 δύο
2207 1117 2312 1170 τῶν
2339 1116 2546 1177 ἑαυτοῖς
2576 1109 2833 1164 ἐναντίων
2865 1106 3063 1177 σαρκὸς
3082 1103 3176 1156 καὶ
3202 1098 3532 1168 πνεύματος.
3560 1087 3666 1145 Ὧν

2085 1210 2146 1262 τὸ
2195 1207 2293 1279 μὲν
2321 1205 2502 1261 αὐτῶν
2533 1206 2610 1266 είς
2640 1201 2731 1254 τὸν
2761 1198 2894 1253 Θεὸν
2941 1191 3358 1265 προσειλῆφθαι,
3388 1187 3448 1240 τὸ
3478 1185 3535 1239 δὲ
3561 1181 3664 1279 τὴν

2086 1273 2244 1372 χάριν
2267 1299 2585 1369 παρέσχηκε
2615 1295 2712 1362 τῆς
2736 1291 3009 1359 θεότητος.
3041 1317 3110 1327 ——
3151 1283 3258 1338 Τοῦ
3287 1279 3519 1372 αὐτοῦζ
3533 1273 3664 1372 git"

2087 1365 2316 1458 έλίτον.
2336 1365 2642 1455 ’Ἀπεστάλη
2660 1384 2778 1452 μὲν,
2795 1378 2909 1432 ἀλλ’
2935 1377 3010 1439 ὡς
3023 1374 3118 1430 ἄνθ
3129 1389 3328 1444 ρωπος.
3353 1367 3526 1437 Διπλῆ
3549 1365 3664 1458 (80)

2087 1455 2205 1550 γὰρ.
2249 1475 2317 1550 ἦν
2366 1479 2399 1547 ἡ
2452 1476 2612 1544 φύσις
2662 1471 2850 1536 αὑτοῦ,
2897 1468 3090 1540 ἀμέλει
3141 1482 3222 1517 τοι
3278 1460 3531 1516 ἐντεῦθεν
3568 1455 3666 1511 καὶ

2089 1572 2372 1632 ἐκοπίασε,
2403 1569 2497 1622 κα)
2525 1567 2798 1636 ἐπείνησε,
2833 1563 2928 1616 καὶ
2959 1559 3205 1629 ἐδίψησε,
3231 1556 3326 1610 καὶ
3362 1552 3665 1623 ἠγωνίασε,

2091 1665 2184 1716 καὶ
2234 1661 2534 1740 ἐδάκρυσεν
2572 1657 2706 1727 (81),
2742 1655 3083 1726 ἀνθρωπίνου
3116 1648 3366 1740 σώματος
3399 1644 3569 1740 νόμω.
3593 1669 3666 1740 -_-

2104 1753 2212 1807 Τοῦ
2229 1751 2436 1816 αὑτοῦ,
2457 1735 2528 1802 ἐν
2559 1747 2671 1820 (82)
2700 1747 2779 1812 τῷ
2799 1745 3055 1812 δευτέρῳ
3078 1744 3239 1810 ,λόγῳ
3252 1737 3332 1803 τῷ
3360 1737 3491 1804 περὶ
3507 1735 3663 1789 Υίοῦ.

2093 1845 2227 1906 Θεὸς
2255 1843 2312 1895 δέ
2341 1841 2553 1908 λέγοιτο
2575 1839 2660 1902 ἂν,
2693 1839 2754 1892 οὐ
2786 1836 2879 1890 τοῦ
2911 1835 3108 1902 Λόγου,
3147 1830 3239 1883 τοῦ
3279 1827 3557 1898 ὁρωμένου
3585 1825 3665 1878 δέ.

2095 1934 2220 1995 Πῶς
2244 1932 2353 2003 γὰρ
2377 1931 2442 1985 ἂν
2481 1931 2566 2000 εἴη
2597 1929 2692 1982 τοῦ
2731 1927 2934 1997 κυρίως
2971 1923 3104 1978 Θεοῦ
3127 1922 3288 1984 Θεός;
3329 1920 3545 1987 Ὥσπερ
3574 1917 3668 1969 καὶ

2096 2025 2310 2094 Πατὴρ,
2339 2023 2400 2075 οῦ
2436 2022 2530 2076 τοῦ
2561 2021 2865 2090 ὁρωμένου,
2897 2016 2992 2071 τοῦ
3021 2015 3197 2082 Λόγου
3219 2013 3297 2064 δέ.
3330 2011 3440 2064 Καὶ
3465 2009 3573 2076 γὰρ

2095 2092 2335 2174 διπλοῦς.
2366 2113 2531 2163 Ὥστε
2561 2109 2621 2160 τὸ
2656 2108 2752 2178 μὲν
2793 2105 2997 2176 κυρίως
3033 2101 3118 2155 ἐπ’
3157 2099 3381 2167 ἀμφοῖν,
3423 2095 3483 2146 τὸ
3515 2094 3572 2146 δὲ
3605 2092 3667 2178 οὺ

2097 2201 2326 2273 κυρίως,
2367 2199 2481 2252 ἀλλ’
2509 2197 2622 2265 (85)
2651 2177 2906 2253 ἐναντίως
2945 2193 2978 2260 ἡ
3009 2189 3093 2258 ἐφ’
3126 2187 3283 2257 ἡμῶν
3311 2185 3442 2250 ἕξει.
3479 2177 3672 2273 Ἠμῷν

2097 2271 2207 2364 γὰρ
2253 2291 2460 2362 κυρίως
2503 2289 2600 2359 μὲν
2651 2286 2782 2349 Θεὸς
2815 2284 2948 2354 (84),
3003 2283 3063 2334 οῦ
3108 2278 3310 2348 κυρίως
3359 2275 3415 2328 δέ
3464 2271 3669 2364 πατήρ.

2098 2361 2209 2439 Kal
2262 2361 2370 2455 (85)
2401 2382 2558 2434 τοῦτό
2603 2381 2749 2430 ἐστιν
2791 2377 2819 2428 ὃ
2867 2376 3014 2427 ποιεῖ
3055 2373 3166 2433 τοῖς
3220 2367 3516 2438 αίρετικοῖς
3570 2361 3675 2455 τὴν

2100 2453 2331 2544 πλάνην,
2372 2476 2406 2544 ἡ
2428 2474 2538 2526 τῶν
2567 2469 2848 2540 ὀνομάτων
2869 2464 3142 2529 ἐπίζευξις
3176 2461 3306 2529 (86).
3332 2459 3565 2526 Σημεῖον
3593 2453 3670 2512 δέ.

2100 2570 2175 2632 ὼς
2206 2569 2317 2638 (87)
2349 2565 2512 2636 ἡνίκα
2549 2565 2604 2616 αἱ
2649 2561 2840 2630 φύσεις
2881 2558 3186 2612 διίστανται
3223 2553 3344 2613 ταῖς
3382 2545 3671 2607 ἐπινοίαις,

2104 2660 2486 2727 συνδιαιρεῖται
2507 2655 2576 2708 τὰ
2610 2655 2720 2724 (88;
2753 2652 3012 2722 ὀνόματα.
3045 2645 3258 2700 Παύλου
3288 2642 3396 2712 (89)
3426 2640 3678 2704 λέγοντος

2101 2751 2328 2806 ἀκούετε
2351 2749 2484 2821 (90),
2505 2749 2656 2800 ι”ινα
2690 2747 2718 2797 ὁ
2742 2744 2876 2806 Θεὸς
2926 2740 3020 2794 τοῦ
3050 2738 3256 2809 Κυρίου
3289 2733 3445 2804 ἡμῶν
3498 2728 3677 2797 Ἰησοῦ

2103 2843 2360 2916 Χριστοῦ,
2380 2844 2406 2895 ὁ
2425 2839 2611 2911 Πατὴρ
2638 2838 2738 2906 τῆς
2760 2835 2917 2904 δόξης
2936 2851 2948 2864 ο
2978 2829 3245 2902 »Χριστοῦ
3265 2827 3378 2890 (91)
3405 2824 3502 2896 μὲν
3519 2821 3676 2916 Θεὸς.

2104 2912 2203 3006 τῆς
2235 2935 2291 2986 δὲ
2313 2933 2469 3002 δόξης
2498 2931 2708 3000 Πατήρ.
2747 2927 2804 2978 Ei
2835 2925 2942 2995 γὰρ
2973 2923 3065 2975 καὶ
3095 2922 3154 2974 τὸ
3189 2919 3303 2989 (92)
3334 2912 3680 2982 συναμφότε-

425 3037 564 3103 Quid
617 3039 703 3091 his
756 3047 937 3107 potest
991 3055 1111 3094 esse
1163 3007 1410 3092 clarius'?
1447 3036 1709 3102 Quintum
1767 3037 1996 3098 dicatur,

2109 3047 2198 3101 ρον
2227 3028 2304 3093 ἓν,
2339 3026 2452 3079 ἁλλ’
2473 3025 2532 3077 οὑ
2565 3027 2631 3094 τῇ
2657 3023 2816 3091 φύσει
2849 3021 2983 3092 (9⁸5),
3011 3021 3076 3087 τῇ
3113 3017 3168 3068 δὲ
3202 3011 3428 3077 συνόδῳ.
3461 3007 3684 3060 Τούτων

2787 3111 2797 3116 -
3041 3107 3112 3116 ,,,
3322 3101 3339 3116 ,
3432 3100 3443 3116 ,
3486 3099 3511 3116 Λ
3625 3097 3676 3116 μ,

427 3131 571 3198 quod
608 3135 875 3200 acceperit
915 3132 1028 3200 ipse
1052 3130 1240 3194 vitam,
1267 3138 1360 3183 aut
1384 3130 1674 3199 judicium,
1707 3138 1802 3182 aut
1826 3129 2002 3183 hzere-

429 3221 654 3275 ditatem
678 3223 944 3292 gentium,
984 3232 1077 3277 aut
1107 3229 1428 3290 potestatem
1468 3221 1647 3274 omnis
1676 3220 1877 3283 carnis,
1909 3227 2004 3273 aut

428 3311 677 3379 gloriam,
710 3321 802 3366 aut
833 3312 1153 3382 discipulos,
1184 3321 1279 3365 aut
1304 3313 1408 3366 alia
1450 3311 1505 3366 id
1555 3327 1745 3382 genus.
1795 3312 1862 3364 Et
1888 3311 2003 3365 haec

427 3409 561 3455 sunt
607 3401 980 3457 humanitatis.
1014 3433 1084 3442 -
1116 3402 1386 3472 Ejusdem,
1423 3419 1484 3456 ex
1518 3402 1699 3455 eadem
1737 3403 1995 3455 oratione.

435 3507 459 3542 σ
482 3493 630 3548 Unus
646 3495 790 3548 enim
814 3495 974 3558 Deus,
998 3510 1142 3548 unus
1158 3494 1428 3548 mediator
1445 3494 1538 3549 Dei
1563 3494 1719 3564 150
1745 3502 1799 3546 et
1824 3493 1998 3547 homi-

431 3599 585 3648 num,
608 3585 770 3639 homo
791 3585 1044 3640 Christus
1065 3586 1301 3640 Iesus".
1318 3607 1334 3636 ι
1361 3585 1555 3639 Adhuc
1577 3586 1725 3640 enim
1753 3593 1814 3639 ut
1837 3585 2003 3638 homo

432 3691 532 3746 pro
572 3692 689 3730 mea
715 3678 888 3731 salute
919 3678 1226 3740 intercedit,
1281 3678 1406 3746 quia
1463 3687 1546 3732 est
1591 3693 1706 3735 cum
1775 3692 2005 3745 corpore

431 3767 575 3834 quod
605 3768 918 3837 assumpsit,
939 3767 1114 3822 donec
1146 3783 1233 3821 me
1259 3766 1421 3820 faciat
1461 3766 1653 3833 Deum,
1681 3767 1884 3822 virtute
1918 3769 2004 3822 in-

508 3926 620 3958 "M’
655 3926 857 3995 Ephes.
885 3943 922 3991 ι,
958 3927 1042 3979 17.
1122 3927 1166 3958 ³ο
1197 3926 1220 3981 I
1253 3926 1392 3980 Tim.
1427 3943 1485 3992 ιι,
1520 3927 1574 3981 5.

507 4082 618 4151 (76)
653 4081 796 4149 κρίσ.
831 4079 981 4151 Εᾱίι.
1019 4078 1191 4151 Paris.
1217 4079 1338 4151 t._I_,
1374 4093 1431 4151 ι).
1472 4075 1593 4140 580,
1622 4077 1913 4151 κολάσεως.

508 4146 617 4218 (77)
653 4146 803 4218 ὁμοδ.
828 4150 906 4203 Ib.
933 4149 1180 4218 sequitur
1204 4149 1295 4201 καὶ
1314 4146 1539 4213 δοῦλοις,
1577 4146 1762 4201 addito
1780 4154 2003 4216 puncto.

508 4221 618 4289 (78)
656 4221 734 4274 Ib.
773 4219 869 4288 ἐμὲ
895 4221 1094 4289 φέρων.

510 4230 598 4286 (78
657 4230 734 4274 Ib.
773 4230 869 4288 εμὲ
895 4230 1094 4289 φέρων.

510 4230 638 4414 (792J
669 4289 886 4370 ᾚπειδὴ
919 4319 989 4328 -
1025 4289 1296 4361 θεότητος.
1359 4287 1450 4342 Sic
1494 4287 1678 4358 potius
1708 4285 1908 4356 legitur
1951 4285 2007 4338 in

512 4362 571 4414 it.
642 4375 770 4413 arts.
809 4367 850 4410 t.
889 4358 930 4414 1.
969 4373 1022 4414 D.
1059 4359 1160 4412 6‘20
1199 4373 1212 4409 :
1249 4357 1532 4414 Προελθὼν
1559 4357 1615 4410 δέ
1675 4357 1806 4414 Θεὸς
1867 4355 2004 4414 μετὰ

437 4355 571 4416 edit.
600 4355 770 4414 Paris.
809 4367 850 4410 t.
876 4355 930 4421 VI,
969 4373 1022 4426 p.
1059 4358 1160 4412 6‘20
1199 4373 1212 4409 :
1249 4355 1532 4426 Προελθὼν
1559 4357 1615 4410 δέ
1675 4355 1828 4426 Θεὸς
1867 4355 2004 4423 μετὰ

437 4431 538 4498 τῆς
561 4427 944 4499 προσλήψεως,
969 4425 1036 4499 ςέν
1055 4430 1115 4499 ἐκ
1144 4425 1361 4499 δρύοτῶν
1387 4426 1645 4499 ἐναντίων
1675 4425 1875 4499 σαρκὸς
1909 4427 2004 4477 καὶ

439 4491 776 4566 πνεῦμἀτοςξ
796 4491 912 4548 ’Ὧν
936 4495 995 4547 τὸ
1029 4496 1127 4566 μέν
1165 4495 1384 4554 ἐθέωσε,
1409 4497 1469 4549 τὸ
1495 4497 1550 4548 δὲ
1579 4491 1807 4566 tamen.

2037 4401 2078 4454 ι)
2108 4401 2331 4476 mittunt
2357 4401 2466 4470 καί.

2107 3097 2160 3171 τί
2191 3117 2256 3170 ἂν
2295 3117 2509 3184 γένοιτο
2549 3111 3006 3183 γνωριμώτερονς
3041 3107 3298 3174 Πέμπτον
3322 3099 3584 3168 λεγέσθω,
3619 3097 3684 3148 τὸ

2109 3209 2404 3280 λαμϐάνειν
2458 3208 2619 3259 αὐτὸν
2669 3204 2833 3269 ζωὴν,
2898 3199 3168 3271 ἢκρίσιν,
3221 3197 3254 3266 ἢ
3317 3189 3684 3262 κληρονομίαν

2109 3299 2301 3363 ἐθνῶν,
2331 3299 2364 3368 ἢ
2398 3297 2646 3362 ἐξουσίαν
2695 3296 2874 3366 πάσης
2905 3291 3126 3362 σαρκὸς,
3157 3290 3190 3358 ἢ
3225 3286 3406 3350 δόξαν,
3433 3285 3466 3354 ἢ
3516 3280 3685 3352 μαθη-

2110 3393 2230 3455 τὰς,
2259 3392 2290 3462 ἧ
2319 3395 2417 3445 ὅσα
2452 3391 2691 3458 λέγεται,
2731 3389 2836 3441 Καὶ
2861 3384 3032 3438 ταῦτα
3063 3383 3118 3449 (9
3132 3381 3175 3450 ί)
3209 3379 3305 3449 τῆς
3330 3374 3686 3447 ἀνθρωπὸτη-

2106 3503 2217 3547 τος.
2241 3516 2312 3524 ›-
2338 3483 2446 3537 Τοῦ
2475 3481 2681 3543 αὑτοῦ,
2726 3480 2792 3530 ἐκ
2816 3476 2920 3529 τοῦ
2947 3475 3131 3528 αὐτοῦ
3159 3472 3365 3537 λόγου.
3403 3487 3421 3518 ι
3457 3463 3550 3527 Εἷς
3573 3465 3687 3532 γὰρ

2109 3579 2259 3642 Θεὸς.
2296 3573 2376 3640 εἷς
2415 3577 2509 3629 καὶ
2543 3573 2767 3645 μεσίτης
2802 3568 2938 3623 Θεοῦ
2971 3568 3065 3620 καὶ
3116 3562 3437 3636 ἀνθρώπων,
3473 3557 3686 3627 ἄνθρω-

2110 3693 2210 3736 πος
2234 3668 2466 3742 Χριστὸς
2482 3665 2689 3737 Ἰησοῦς
2721 3663 2852 3733 (95).
2872 3679 2890 3712 ι
2918 3655 3220 3730 Πρεσῦεύει
3243 3652 3442 3722 γὰρὲτι
3468 3649 3541 3712 ὡς
3562 3649 3683 3742 (96)

2111 3766 2397 3836 ἄνθρωπος
2441 3759 2535 3812 κα).
2575 3755 2672 3810 νῦν
2705 3754 2846 3825 ὑπὲρ
2887 3752 2988 3821 τῆς
3029 3751 3168 3820 ἐμῆς
3206 3744 3502 3816 σωτηρίας.
3557 3741 3685 3791 ὐτι

2114 4072 2205 4127 hic
2239 4079 2448 4132 tenent,
2486 4069 2625 4123 loco.

2158 4141 2297 4222 J88)
2332 4129 2476 4222 ἐπίζ.
2533 4139 2677 4222 E_dit.
2711 4135 2914 4222 _Paris.
2965 4133 3134 4196 adiit,
3196 4129 3686 4199 ἐπαλλαττομένων

2114 4207 2225 4264 τῶν
2251 4210 2528 4279 ὀνομάτων
2556 4209 2642 4262 διὰ
2673 4211 2772 4277 τὴν
2803 4207 3124 4279 σύγκρασιν.

2190 4279 2299 4348 (87)
2338 4272 2412 4342 ὥς
2545 4279 2598 4330 αἱ
2629 4272 2860 4360 cp._Ibid.
2889 4272 3049 4343 ἡνίκα
3078 4272 3288 4338 φύσεις.
3407 4341 3418 4351 α

2190 4352 2298 4402 (88)
2337 4350 2421 4402 τά.
2505 4348 2558 4402 d.
2593 4349 2765 4402 Paris.
2801 4362 2904 4402 nec
2942 4360 3050 4397 non
3075 4344 3233 4396 Rom.
3270 4349 3324 4395 ct
3362 4340 3418 4393 Li

2188 4340 2298 4421 (88)
2337 4340 2558 4421 1&._Ed.
2593 4340 2765 4403 Paris.
2801 4340 2920 4402 ιιεο
2942 4360 3050 4397 non
3075 4344 3233 4396 Rom.
3270 4349 3324 4395 et
3362 4340 3507 4409 Lips.
3543 4354 3686 4408 prte-

2154 4492 2292 4572 _(89)
2324 4491 2406 4572 II.‘
2427 4487 2542 4572 λέγ.
2573 4488 2662 4541 ἁκ.
2692 4488 2792 4542 Ed.
2821 4488 2977 4541 Rom.
3018 4492 3072 4536 ct
3099 4482 3247 4551 Lips.
3277 4478 3381 4532 Τοῦ
3414 4475 3582 4530 αὑτοῦ
3623 4478 3686 4528 ἐν

513 4557 622 4650 (s0)
659 4557 900 4650 saw.
937 4583 985 4650 τΣ
1023 4557 1072 4618 λ.
1096 4566 1175 4618 Ib.
1222 4581 1288 4650 ι)ἒ
1312 4566 1435 4628 621,
1471 4566 1576 4636 leg.
1639 4557 1858 4626 διπλοῦς
1899 4562 1996 4633 γὰρ

2107 4557 2359 4630 τῷαύτῷ
2388 4557 2552 4626 λόγῳ.

2186 4630 2293 4650 ΙΠΠΧ
2338 4631 2399 4650 οὶ--
2457 4627 2532 4650 DJ

437 4635 694 4710 ἦεν-ἐπε)-
712 4635 1084 4710 καξιέκοπίασε
1116 4652 1167 4686 κ.
1193 4651 1242 4688 τ.

535 4707 624 4772 81)
657 4707 736 4760 Ib.
777 4706 816 4758 Ι.
855 4721 904 4758 c.
930 4704 1195 4774 ἐδάκρυσε
1229 4705 1375 4774 νόμῳ
1407 4703 1676 4774 σώματος.

535 4708 624 4772 81)
657 4708 736 4760 Ib.
777 4708 816 4758 I.
855 4721 904 4758 c.
931 4708 1195 4774 ἐδάκρυσε
1229 4708 1375 4774 νόμῳ
1407 4708 1676 4774 σώματος.

513 4708 621 4848 (82)
656 4778 715 4848 ἐν
737 4807 806 4814 -
838 4773 1078 4848 utoﬁzlta
1115 4775 1449 4848 restituimus
1500 4774 1785 4848 lectionem
1826 4789 2008 4848 veram

437 4843 662 4900 exedit.
700 4847 858 4899 Rom.
885 4853 938 4897 et
971 4844 1116 4913 Lips.
1138 4844 1445 4914 Perpernm
1478 4845 1612 4898 edit.
1647 4844 1810 4897 Sirm.
1845 4843 2012 4896 hahe-

441 4918 534 4970 bat
569 4919 624 4965 ἐν
652 4916 728 4982 τῷ
758 4913 904 4983 αὑτῷ
938 4912 1099 4982 λόγῳ.
1134 4912 1228 4966 llic
1264 4912 1276 4914 ἡ
1307 4916 1460 4983 locus
1494 4915 1636 4983 cnim
1690 4923 1743 4966 et
1779 4923 2011 4983 uterque

445 4985 724 5053 proximus
755 4982 968 5053 exstant
1031 4982 1378 5053 inﬂsecunda
1411 4992 1574 5053 erat.
1603 4982 1856 5053 deiFilio.
1900 4990 1936 5035 t.
1966 4982 2009 5041 I,

445 5051 576 5109 edit.
630 5053 892 5122 Paris.ﬂp.
921 5052 1058 5122 _582,
1093 5052 1195 5106 587
1250 5060 1305 5105 et
1349 5051 1486 5122 7588.
1545 5052 1696 5117 Quod
1741 5053 2010 5120 reliquum

442 5131 548 5185 est,
586 5137 710 5178 cum
744 5120 873 5175 edit.
913 5120 1074 5175 Sirm.
1114 5121 1386 5174 consentit
1412 5122 1582 5176 Paris.
1623 5123 1796 5189 quoad
1821 5123 2014 5174 verbo—

445 5207 566 5245 rum
605 5191 854 5246 ordinem
903 5199 958 5244 et
997 5192 1254 5261 positum,
1302 5191 1393 5259 qui
1425 5191 1487 5261 7h.
1526 5192 1562 5243 l.
1617 5191 1802 5244 multis
1839 5190 2014 5261 modis

444 5261 628 5385 ggl'ert
663 5262 715 5316 in
752 5261 882 5315 edit.
911 5260 1066 5316 Rom.
1111 5269 1167 5314 et
1198 5260 1345 5332 Lips.
1389 5260 1510 5314 Vid.
1557 5275 1793 5329 sequens
1839 5260 2010 5314 schol.

522 5399 631 5466 (8'5)
663 5399 774 5450 ἀλλ’
798 5399 1012 5469 -ῖέξει,
1049 5400 1338 5454 Ed.Paris.
1376 5400 1627 5461 ἐναντίως
1656 5400 1688 5468 ἢ
1836 5397 2010 5469 ἡμῶν.

525 5470 633 5530 (84)
668 5469 818 5528 Θεός.
854 5467 952 5520 Ed.
980 5470 1148 5522 Paris.
1186 5471 1331 5523 addit
1357 5471 1384 5522 ὁ
1407 5471 1556 5531 Θεὸς.

527 5538 635 5606 (85)
665 5538 758 5590 καὶ
783 5567 848 5574 -
872 5538 1090 5606 συνόδῳ.
1149 5537 1271 5590 llzec
1315 5540 1367 5592 in
1402 5540 1534 5593 edit.
1578 5539 1734 5593 Rom.
1773 5549 1827 5592 et
1865 5539 2011 5606 Lips.

450 5605 994 5677 prmmittunturillis
1037 5621 1156 5673 quae
1189 5606 1243 5658 h.
1304 5609 1339 5661 1.
1393 5609 1729 5677 ῃταιρεάιιιιι,
1785 5605 2016 5670 Θεὸςδὲ

455 5678 659 5744 λέγοιτο
694 5693 745 5730 κ.
775 5692 822 5728 τ.
857 5675 905 5727 λ.
947 5676 1250 5728 Recurrunt
1275 5675 1448 5731 tamen
1475 5678 1669 5731 deinde
1696 5695 1816 5734 suo.
1857 5693 2013 5746 quem

2183 4630 2295 4700 (90)
2332 4631 2423 4680 ὰκ.
2455 4627 2764 4700 ΕάκΡξιτίξ.
2789 4626 3042 4700 ᾇκρυσον.

2182 4684 2291 4769 (91)
2323 4700 2426 4769 Χρ.
2457 4715 2512 4766 μ.
2546 4697 2696 4758 Θεός.
2727 4695 2825 4750 Ed.
2857 4695 3010 4748 Rom.
3038 4700 3094 4745 ct
3129 4691 3273 4760 Lips.
3309 4687 3440 4748 Θεὸς
3471 4685 3569 4756 μὲν
3589 4684 3684 4738 τοῦ

2111 4772 2154 4824 Χ
2166 4768 2368 4840 ριστοῦ.

2185 4839 2294 4907 (9‘2)
2321 4839 2400 4892 Ib.
2427 4837 2495 4890 τὰ
2535 4853 2665 4907 συνα
2678 4834 2937 4904 μφὸτερα.

2185 4897 2295 4979 (95)
2316 4907 2506 4979 φύσει.
2537 4905 2617 4960 Ad
2644 4897 2785 4979 hanc
2819 4897 3026 4962 vocem,
3056 4915 3163 4952 non
3199 4897 3264 4951 ad
3301 4911 3537 4979 sequens
3564 4912 3688 4977 συν»-

2112 4965 2214 5045 όδῴ
2250 4965 2350 5032 Ed:
2388 4977 2562 5031 Paris.
2621 4976 2773 5045 ponit
2801 4981 3095 5045 punctum,
3136 4965 3537 5045 ct_comma_ad
3563 4965 3688 5045 τού-

2112 5031 2220 5100 των
2251 5031 2377 5118 post
2410 5031 2637 5118 συνόᾷῳῖ
2656 5046 2715 5099 1n
2749 5031 2882 5096 edit.
2922 5031 3160 5094 Bonnet
3195 5038 3340 5118 Lips.
3373 5036 3464 5118 ubi
3504 5036 3684 5115 prima

2115 5119 2231 5172 vice
2255 5106 2414 5186 'hazc
2449 5106 2613 5170 verba
2637 5120 2880 5186 exstapt,
2899 5119 3160 5186 puncth
3196 5108 3261 5162 ad
3284 5107 3499 5186 -συνρδω
3521 5106 3680 5186 poni-

2116 5198 2225 5249 tur,
2260 5185 2458 5240 deinde
2500 5185 2746 5254 sequitur
2780 5175 2916 5254 T06:
2933 5179 3095 5231 αὑτοῦ
3144 5181 3221 5254 ἐν-
3242 5177 3317 5244 τῷ
3350 5175 3495 5243 αὐτῷ
3521 5175 3688 5254 λογῳ.

2115 5244 2244 5318 θεδξ
2277 5257 2332 5308 δὲ
2367 5244 2593 5322 λέγοιτᾶ
2625 5271 2679 5306 κ.
2708 5269 2758 5305 τ.
2797 5252 2846 5306 λ.
2883 5251 3096 5310 Postea,
3133 5249 3222 5322 ubi
3261 5244 3688 5322 recurruntth

2116 5315 2300 5388 verba,
2334 5315 2593 5394 punctum
2627 5323 2692 5377 ad
2751 5322 2929 5390 φύσει,
2968 5335 3074 5373 non
3101 5318 3168 5371 ad
3208 5315 3407 5385 συνόδῳ
3442 5315 3688 5384 ponitur,

2119 5408 2176 5450 ut
2201 5398 2251 5450 in
2278 5397 2366 5450 cd.
2394 5395 2598 5467 Paris._
2623 5463 2636 5467 _
2697 5462 2728 5467 _
2803 5461 2812 5467 _
2962 5457 2984 5467 _

2191 5467 2300 5530 (91)
2337 5465 2526 5516 ταῦτα.
2561 5463 2657 5516 Ed.
2697 5461 2865 5514 Paris.
2895 5461 3070 5510 τοῦτο.

2191 5522 2298 5601 (oss)
2338 5535 2434 5588 Ed.
2462 5534 2628 5587 Paris.
2671 5542 2708 5584 ι.
2736 5532 2777 5587 l.
2816 5547 2869 5599 ι).
2900 5530 3022 5601 587,
3051 5526 3273 5601 ᾖῐηρηρς
3295 5522 3542 5595 Χριστός.

2191 5597 2300 5675 (96)
2337 5605 2469 5658 Ibid.
2497 5605 2531 5655 I.
2573 5620 2618 5654 ι’.
2659 5602 2760 5669 leg.
2799 5597 2889 5653 καὶ
2913 5597 3006 5650 νῦν
3036 5598 3108 5660 ὡς
3137 5597 3438 5665 ἄνθρωπος.
