4010 6212
310 271 422 340 193
1410 266 1787 329 DIALOGUS
1826 267 1850 325 Ι
1859 267 1881 325 ι

1989 289 2007 298 -
2040 262 2534 325 INCONFUSUS.
3456 258 3559 327 194

311 383 454 454 μετὰ
486 380 580 434 τοῦ
615 377 871 450 σώματός
911 379 1059 433 ἔστιν
1093 377 1122 432 6
1160 378 1271 450 (97)
1306 379 1661 450 προσέλαϐεν,
1692 378 1796 439 ἕως
1817 376 1884 430 ἂν

1989 376 2341 440 carnationis,
2372 372 2584 429 etiamsi
2611 386 2722 428 non
2741 372 2979 443 amplius
3001 375 3305 429 secundum
3337 390 3559 433 carnem

304 474 408 544 ἐμὲ
425 473 628 544 ποιήσῃ
645 472 799 535 Θεὸν,
815 474 882 542 τῇ
899 470 1126 540 δυνάμει
1148 470 1246 541 τῆς
1263 471 1730 541 ὲνανθρωπήσεως
1748 467 1882 539 (98),

1989 477 2333 538 agnoscatur,
2379 465 2627 522 carnales
2672 465 2798 521 dico
2844 465 3187 530 affectiones,
3211 477 3268 521 et
3288 467 3405 522 sine
3430 484 3562 538 pec.

308 564 413 619 κᾶν
464 564 664 636 μηκέτι
718 563 862 616 κατὰ
907 562 1089 633 σάρκα
1136 562 1492 632 γινώσκηται,
1544 562 1614 615 τὰ
1647 560 1886 632 σαρκικὰ

1989 565 2110 612 cato
2149 567 2355 613 nostro.
2375 556 2734 627 ——Ejusdem,
2771 573 2835 610 ea:
2856 557 3039 611 eadem
3073 559 3333 612 oratione.
3367 558 3562 615 Annon

303 655 452 723 λέγω
490 654 662 725 πάθη,
695 654 791 706 κα).
822 655 991 726 χωρὶς
1022 653 1122 723 τῆς
1162 653 1440 724 ἁμαρτίας
1468 653 1566 723 τῆς
1598 653 1709 720 (99)
1745 652 1886 721 ἠμε-

1989 647 2247 701 omnibus
2272 645 2645 709 manifestum,
2667 646 2814 715 quod
2836 648 3115 717 cognoscit
3139 656 3200 701 ut
3221 648 3386 711 Deus,
3411 648 3564 719 igno-

301 747 571 817 τέρας.-
606 745 717 801 Τοῦ
746 744 955 809 αὑτοῦ,
988 744 1055 797 ἐκ
1084 744 1190 798 τοῦ
1211 743 1398 798 αὐτοῦ
1422 732 1705 812 λόγουξἮ
1723 743 1887 793 πᾶσιν

1989 754 2113 794 rare
2137 746 2321 793 autem
2353 753 2411 792 se
2435 737 2590 803 dicit,
2615 748 2674 793 ut
2706 740 2890 803 homo,
2919 738 2964 792 si
2983 740 3116 808 quis
3139 739 3193 793 id
3224 740 3368 809 quod
3398 756 3563 810 appa-

302 833 550 905 εὔδηλον,
581 834 666 887 ὅτι
707 833 967 901 γινώσκει
1000 831 1100 902 μὲν
1148 832 1224 894 ὡς
1276 830 1431 894 Θεὸς.
1476 831 1663 898 ἀγνοεῖ
1703 828 1780 899 (1)
1824 829 1882 882 δὲ

302 925 496 995 φησὶν,
527 923 606 987 ὡς
635 922 942 995 ἄνθρωπος,
985 923 1082 976 ὲάν
1115 922 1292 993 (ἓλτις
1326 920 1386 975 τὸ
1424 920 1746 990 φαινόμενον
1773 936 1882 990 χω-

304 1018 436 1087 ρίσῃ
464 1013 563 1068 τοῦ
597 998 912 1085 νοουμένου.
948 1013 1021 1065 Τὸ
1057 1014 1165 1085 γὰρ
1190 1012 1456 1066 ἁπόλυτον
1495 1007 1635 1065 εἶναι
1668 1011 1765 1080 τὴν
1804 1011 1879 1080 (5)

300 1108 397 1161 τοῦ
428 1106 556 1160 Υίοῦ
591 1106 981 1179 προσηγορίαν,
1006 1106 1098 1159 καὶ
1118 1105 1368 1174 ἄσχετον,
1398 1104 1457 1157 οὑ
1484 1101 1881 1174 προσκειμένου

300 1198 381 1270 τῷ
400 1197 517 1269 Υίῷ
542 1197 635 1251 τοῦ
665 1198 807 1260 τίνος
836 1198 933 1267 (ιι),
958 1195 1161 1266 ταύτην
1178 1196 1361 1249 δίδωσι
1390 1193 1464 1267 (5)
1486 1195 1584 1265 τὴν
1606 1193 1879 1248 ὑπόνοιαν.

1989 838 2075 883 ret
2103 836 2322 898 separat
2354 828 2423 883 ab
2452 844 2518 883 eo
2545 828 2691 899 quod
2738 830 3099 900 intelligitur?
3129 829 3283 897 Quod
3312 832 3460 885 enim
3491 831 3562 884 sit

1985 921 2237 977 absoluta
2257 919 2380 975 Filii
2402 921 2714 990 appellatio,
2737 930 2792 975 et
2811 921 2928 975 sine
2953 922 3238 987 relatione,
3271 938 3383 976 non
3410 922 3559 993 adje-

1987 1017 2075 1064 cto
2109 1011 2266 1079 cujus
2306 1009 2398 1072 sit,
2443 1025 2628 1064 ansam
2655 1010 2862 1079 praebet
2884 1012 2987 1064 hoc
3009 1010 3378 1065 existimandi.
3411 1011 3562 1065 Ilanc

1988 1098 2171 1167 itaque
2194 1098 2558 1168 ignorantiam
2584 1100 2755 1169 magis
2777 1100 2867 1169 pio
2892 1116 3054 1155 sensu
3081 1101 3431 1170 accipientes,
3452 1101 3559 1155 hu-

1988 1190 2257 1255 manitati,
2279 1206 2388 1244 non
2411 1189 2706 1255 divinitati,
2739 1191 3117 1245 ascribendam
3146 1192 3419 1247 ducimus.

301 1295 472 1347 Ὥστε
508 1294 607 1364 τὴν
672 1291 897 1360 ἄγνοιαν
937 1291 1340 1363 ὑπολαμϐάνειν
1382 1290 1474 1344 ἐπὶ
1509 1289 1571 1342 τὸ
1638 1287 2042 1357 εὐσεϐέστερον,
2073 1285 2153 1357 τῷ
2196 1285 2542 1356 ἀνθρωπίνῳ,
2584 1286 2658 1356 μὴ
2721 1287 2795 1356 (6)
2834 1286 2911 1357 τῷ
2955 1287 3093 1358 Θεῷ,
3139 1287 3344 1359 ταύτην
3412 1287 3560 1355 λογί-

302 1394 495 1460 ζομεν.

421 1505 533 1561 Τοῦ
557 1504 733 1574 ἁγίου
761 1503 1095 1572 Γρηγορίου
1138 1501 1474 1557 ἐπισκόπου
1501 1500 1775 1568 Νύσσης.

373 1615 476 1666 Ἔχ
511 1610 621 1664 τοῦ
654 1609 1061 1679 κατηχητικοῦ
1083 1610 1294 1680 λόγου.
1330 1609 1440 1664 Κα)⁸
1474 1608 1557 1674 τίς
1588 1607 1746 1663 τοῦτό
1777 1623 1882 1677 φη-

2304 1491 2487 1548 Sancti
2522 1493 2756 1565 Gregorii
2789 1495 3014 1565 episcopi
3044 1496 3245 1567 Nysam.

2062 1606 2145 1662 Ex
2189 1607 2429 1661 oratione
2461 1609 2790 1661 catechetica.
2828 1609 2894 1662 Et
2927 1609 3052 1677 quis
3082 1611 3190 1665 hoc
3223 1610 3357 1667 dicit
3414 1613 3561 1682 quod

303 1720 415 1765 σιν,
440 1703 528 1756 ὅτι
552 1704 618 1772 τῇ
648 1704 963 1772 περιγραφῇ
991 1702 1092 1772 τῆς
1126 1702 1349 1774 σαρκὸς,
1396 1700 1648 1770 καθάπερ
1677 1699 1885 1769 ἀγγείῳ

1989 1696 2503 1767 circumscriptione
2522 1696 2726 1760 carnis,
2756 1706 3016 1767 tanquam
3040 1715 3166 1755 vase
3193 1701 3452 1770 quodam,
3474 1703 3559 1758 di-

297 1794 432 1858 τινὶ,
458 1793 521 1846 τὸ
550 1793 629 1863 (7)
659 1792 888 1864 ἄπειρον
919 1792 1016 1863 τῆς
1058 1792 1306 1865 θεότητος
1349 1793 1426 1863 (8)
1463 1792 1880 1864 περιείληπται;

303 1883 424 1938 Τοῦ
456 1883 664 1949 αὑτοῦ,
692 1884 761 1936 ἐκ
788 1883 894 1937 τοῦ
932 1883 1117 1939 αὐτοῦ
1143 1884 1351 1952 λόγου.
1401 1884 1466 1937 Εἰ
1506 1883 1563 1937 δὲ
1594 1881 1882 1953 ανθρώπου

293 1973 479 2045 ψυχὴ.
509 1974 648 2027 κατὰ
675 1973 771 2044 τὴν
806 1973 906 2042 τῆς
935 1972 1151 2042 φύσεως
1184 1974 1431 2042 ἀνάγκην
1466 1974 1883 2044 συγκεκραμένη

297 2065 385 2134 τῷ
417 2062 650 2134 σώματι,
686 2064 966 2133 πανταχοῦ
994 2065 1115 2117 κατ’
1150 2063 1403 2130 ἐξουσίαν
1430 2063 1641 2131 γίνεται
1673 2064 1773 2134 (9).
1801 2063 1886 2127 τίς

297 2156 524 2225 ἀνάγκη
560 2157 671 2226 (10)
688 2157 753 2226 τῇ
786 2154 946 2225 φύσει
969 2158 1066 2226 τῆς
1092 2156 1297 2226 σαρκὸς
1329 2154 1427 2225 τὴν
1457 2153 1687 2225 θεότητα
1708 2154 1886 2223 λέγειν

299 2246 828 2319 ἐμπεριείργεσθαις
858 2277 926 2284 -
955 2247 1066 2302 Τοῦ
1087 2248 1297 2313 αὑτοῦ,
1326 2249 1395 2302 ἐκ
1419 2248 1527 2302 τοῦ
1566 2247 1753 2302 αὑτοῦ
1784 2245 1888 2300 λό-

297 2355 437 2408 γου.
470 2338 539 2390 Τί
559 2336 761 2389 κωλύει
785 2336 936 2400 θείας
977 2336 1193 2405 φύσεως
1226 2338 1417 2391 ἕνωσίν
1447 2354 1569 2391 τινα
1596 2337 1694 2390 καὶ
1715 2351 1885 2405 προσ-

298 2428 572 2499 εγγισμὺν
603 2428 979 2499 γνωρίσαντας
1003 2429 1113 2496 (11)
1149 2428 1285 2497 πρὸς
1316 2427 1377 2481 τὸ
1405 2426 1764 2499 ἀνθρώπινον,
1786 2425 1886 2497 τὴν

299 2518 595 2588 θεοπρεπῆ
624 2517 867 2570 διάνοιαν
914 2517 1007 2570 καὶ
1051 2518 1109 2568 ὲν
1133 2516 1211 2586 τῷ
1255 2516 1647 2588 προσεγγισμῷ
1690 2514 1888 2569 διασώ-

300 2608 510 2661 σασθαι
540 2608 679 2678 (12),
711 2605 892 2676 πάσης
926 2606 1273 2676 περιγραφῆς
1311 2606 1466 2669 ἐκτὸς
1494 2601 1633 2659 εἶναι
1661 2604 1722 2658 τὸ
1744 2604 1887 2658 θεῖον

299 2698 786 2769 πιστεύονταςμῖ»)
814 2697 914 2750 κᾶν
933 2698 983 2763 (1
1000 2697 1046 2764 1)
1066 2699 1123 2748 ὲν
1146 2694 1498 2770 ἀνθρώποιςῇ
1521 2715 1537 2761 ;
1564 2728 1630 2737 -
1653 2696 1764 2751 Τοῦ
1778 2698 1886 2750 αὺ-

299 2791 440 2854 τοῦ,
464 2790 535 2843 ἐκ
576 2788 680 2843 τοῦ
704 2788 852 2841 κατὰ
867 2787 1167 2856 Εὐνομίου
1195 2788 1403 2857 λόγου.
1431 2789 1492 2841 Et
1517 2792 1531 2853 (
1542 2788 1629 2858 15)
1662 2787 1718 2841 δὲ
1740 2789 1768 2841 6
1791 2788 1888 2858 μὲν

302 2885 373 2937 lx
400 2882 504 2950 τῆς
555 2879 775 2949 Μαρίας
804 2876 1054 2945 ἀδελφοῖς
1086 2876 1415 2947 διαλέγεται,
1444 2881 1472 2932 6
1498 2878 1556 2932 δὲ
1593 2880 1890 2949 μονογενὴς

303 2971 585 3040 ἀδελφοὺς
608 2968 709 3021 οὑκ
740 2967 885 3038 ἔχει’
915 2966 1034 3030 πῶς
1053 2966 1162 3038 γὰρ
1184 2971 1242 3021 ἐν
1262 2968 1507 3037 ἀδελφοῖς
1525 2968 1587 3022 τὸ
1606 2968 1891 3040 μονογενὲς

300 3058 647 3124 διεσώζετο;
677 3056 786 3109 Καὶ
812 3057 840 3109 6
877 3053 1072 3121 εἰπὼν,
1105 3074 1124 3106 ι
1166 3054 1388 3125 Πνεῦμα
1416 3056 1445 3107 6
1475 3055 1606 3119 Θεὸς
1626 3096 1640 3119 ,
1686 3074 1704 3107 ι
1757 3056 1890 3125 φησὶ

305 3153 452 3223 πρὸς
499 3152 625 3212 τοὺς
674 3148 920 3220 μαθητὰς
949 3149 978 3200 6
1012 3147 1195 3211 αὐτὸς,
1248 3166 1266 3198 ι
1300 3146 1671 3218 Ψηλαφήσατέ
1726 3165 1815 3218 με,
1865 3166 1884 3198 ι

305 3242 403 3296 ἵνα
456 3239 607 3310 δείξῃ
655 3239 740 3291 ὅτι
769 3237 1065 3307 ψηλαφητὴ
1101 3238 1299 3308 μόνηή
1344 3237 1660 3307 ἀνθρωπεία
1706 3234 1888 3305 φύσις,

307 3330 521 3397 ἀναφὲς
562 3327 616 3381 δὲ
668 3327 726 3379 τὸ
764 3327 925 3380 θεῖον.
977 3327 1088 3379 Καὶ
1139 3327 1167 3379 6
1212 3326 1401 3392 εἰπὼν,
1443 3344 1461 3377 ι
1500 3325 1831 3398 Ιίορειίομαι,
1866 3343 1885 3377 ο

304 3421 551 3488 «τοπικὴν
608 3419 957 3489 διασημαίνει
1003 3417 1370 3488 μετάστασιν·
1418 3420 1446 3472 6
1492 3418 1547 3471 δὲ
1591 3417 1660 3471 τὰ
1713 3419 1893 3470 πάντα

308 3507 789 3583 ἐμπεριειληφὼς,
832 3510 891 3561 ἐν
927 3501 992 3576 ᾧ,
1039 3505 1221 3570 καθώς
1270 3525 1433 3578 φησιν
1480 3509 1508 3561 6
1549 3506 1889 3572 Ἀπόστολος,

311 3598 552 3667 ἐκτίσθη
583 3600 781 3662 πάντα,
814 3599 908 3651 καὶ
943 3599 999 3650 ὲν
1039 3597 1188 3667 αὑτῷ
1219 3598 1287 3650 τὰ
1331 3598 1509 3651 πάντα
1539 3597 1889 3668 συνέστηκεν,

306 3690 476 3745 οὐδὲν
512 3692 574 3742 ὲν
607 3692 719 3753 τοῖς
752 3686 903 3742 οὖσιν
936 3689 1041 3753 ἔξω
1078 3688 1243 3744 αὑτοῦ
1273 3689 1404 3760 ἔχει,
1438 3689 1466 3742 ὃ
1495 3690 1635 3744 κατὰ
1661 3708 1779 3743 τινα
1811 3689 1895 3742 κί-

307 3797 475 3852 νησιν
492 3781 528 3849 ἢ
552 3778 930 3850 μεταχώρησιν
954 3780 1195 3849 γένηται.
1230 3811 1296 3819 -
1320 3781 1430 3833 Τοῦ
1464 3781 1672 3848 αὐτοῦ,
1691 3781 1757 3834 ἐκ
1785 3780 1892 3834 τοῦ

306 3870 506 3925 αὐτοῦ
540 3871 747 3940 λόγου.
799 3871 877 3941 Τῇ
904 3869 1055 3942 δεξιᾷ
1081 3867 1173 3925 οὖν
1215 3870 1309 3924 τοῦ
1342 3870 1475 3924 Θεοῦ
1505 3871 1756 3941 ὑψωθείς.
1797 3872 1893 3936 Τίς

303 3961 409 4018 οὖν
444 3961 636 4033 ὑψώθη
663 3979 679 4027 ;
705 3965 732 4016 6
759 3964 1009 4027 ταπεινὸς
1042 3963 1175 4034 (16),
1206 3963 1239 4033 ἢ
1267 3965 1296 4016 6
1324 3962 1584 4033 ὑψιστοςς
1612 3964 1663 4017 τί
1693 3964 1749 4018 δὲ
1780 3966 1891 4035 (17)

300 4054 367 4105 τὸ
398 4052 688 4115 ταπεινὸν,
724 4054 772 4105 εί
810 4052 884 4123 μὴ
906 4052 967 4106 τδ
995 4052 1334 4124 ἀνθρώπινον
1361 4070 1376 4117 ;
1407 4053 1472 4106 Τί
1502 4053 1558 4107 δὲ
1586 4053 1714 4108 ἄλλο
1744 4058 1895 4127 παρὰ

300 4144 369 4196 τὸ
396 4142 551 4196 θεῖόν
579 4144 725 4196 ἔστιν
745 4145 773 4196 6
796 4143 1061 4213 ’Υψιστος
1087 4161 1103 4206 ;
1143 4143 1303 4199 Ἀλλά
1330 4146 1436 4216 μὴν
1460 4146 1488 4198 6
1512 4145 1644 4210 Θεὸς
1676 4146 1894 4219 ὑψωθῆ-

242 4226 251 4237 ’
299 4252 397 4288 ναι
437 4234 500 4286 οὐ
534 4233 708 4287 δεῖται
734 4235 871 4307 (18),
906 4231 1170 4304 ’Υψιστος
1192 4235 1267 4290 ὥν
1287 4253 1301 4266 ’
1325 4235 1387 4289 τὸ
1415 4235 1756 4309 ἀνθρώπινον
1784 4238 1892 4311 (19)

1982 1787 2230 1844 vinitatis
2246 1786 2586 1842 immensitas
2600 1788 3477 1862 comprehendatur?-—Ejusdem,
3499 1809 3564 1849 ea:

1984 1879 2169 1934 eadem
2203 1880 2461 1933 oratione.
2482 1878 2540 1933 Si
2570 1879 2813 1934 hominis
2845 1881 3046 1943 anima.
3082 1892 3292 1938 natura:
3319 1886 3563 1941 necessi-~

1983 1981 2096 2026 tate
2122 1971 2341 2041 corpori
2382 1972 2657 2040 copulata,
2682 1971 2855 2026 libere
2889 1982 3139 2028 versatur
3170 1974 3394 2045 ubique,
3429 1976 3563 2047 quid

1985 2064 2133 2134 cogit
2176 2079 2280 2118 nos
2333 2050 2519 2118 dicere
2568 2063 2624 2117 in
2669 2071 2867 2119 natura
2895 2065 3079 2119 carnis
3103 2065 3445 2122 divinitatem
3477 2068 3563 2122 ἰη-

1985 2155 2134 2210 cludi
2161 2153 2562 2224 ?—Ejusdem,
2597 2169 2660 2207 ea:
2694 2153 2875 2207 eadem
2910 2156 3166 2209 oratione.
3210 2155 3350 2221 Quid
3385 2157 3567 2212 obstat

1985 2248 2283 2316 quominus
2336 2244 2537 2299 divina:
2574 2244 2726 2314 151
2754 2253 2965 2299 natura:
2989 2246 3248 2301 unionem
3272 2248 3565 2317 quamdam

1986 2351 2112 2392 cum
2145 2336 2385 2390 humana
2437 2334 2956 2403 copulationemque
2988 2344 3363 2405 agnoscentes,
3399 2336 3567 2392 etiam

1987 2429 2044 2484 in
2067 2444 2131 2483 ea
2153 2428 2505 2497 copulatione
2550 2427 2663 2481 Deo
2720 2426 2941 2496 dignam
2989 2427 3377 2496 cogitationem
3430 2429 3568 2482 reti-

1986 2526 2174 2583 neant,
2206 2518 2552 2572 divinitatem
2581 2524 2735 2572 extra
2763 2531 2983 2570 omnem
3000 2515 3567 2587 circumscriptionem

1986 2625 2109 2666 esse
2134 2609 2446 2671 credentes,
2468 2608 2724 2677 quamvis
2746 2608 2801 2662 in
2822 2606 3140 2662 hominibus
3168 2607 3281 2661 sit?
3308 2638 3379 2647 -—
3409 2607 3575 2679 Ejus-

1988 2702 2127 2766 dem,
2151 2718 2215 2756 ea;
2249 2701 2491 2755 oratione
2527 2700 2597 2753 ad
2633 2700 2978 2755 Eunomium.
3022 2698 3080 2754 Si
3126 2708 3310 2754 autem
3360 2702 3376 2723 ‘
3426 2701 3572 2756 filius

1994 2795 2178 2850 Maria!
2209 2808 2335 2849 cum
2367 2793 2631 2847 fratribus
2681 2792 3035 2862 colloquitur,
3084 2792 3411 2862 Unigenitus
3437 2808 3575 2847 vero

1990 2884 2192 2941 fratres
2211 2899 2322 2939 non
2346 2884 2514 2939 habet
2543 2902 2557 2937 :
2582 2883 2861 2953 quomodo
2882 2882 3029 2937 enim
3055 2881 3199 2938 inter
3223 2882 3422 2938 fratres
3437 2883 3571 2938 Uni-

1990 2975 2161 3047 geniti
2194 2991 2395 3030 nomen
2430 2976 2890 3031 conservaretur?
2911 2976 2980 3030 Et
3002 2973 3095 3046 qui
3126 2973 3302 3029 dixit:
3336 2993 3354 3027 ι
3393 2974 3573 3044 Spiri-

1991 3077 2082 3123 tus
2101 3077 2188 3123 est
2219 3068 2450 3133 Deus“,
2489 3086 2508 3119 ›
2548 3066 2693 3122 idem
2723 3067 2792 3121 ad
2826 3067 3127 3137 discipulos
3154 3066 3262 3120 ait:
3305 3086 3322 3117 ι
3354 3065 3575 3135 Palpate

1991 3172 2079 3213 me
2106 3161 2173 3223 “,
2212 3178 2231 3210 ι
2273 3168 2336 3213 ut
2383 3158 2705 3213 ostenderet
2753 3158 2923 3213 solam
2974 3157 3268 3212 humanam
3324 3167 3575 3212 naturam

1991 3247 2140 3318 tangi
2161 3263 2343 3318 posse,
2379 3247 2621 3302 divinam
2650 3261 2784 3302 vero
2814 3246 2959 3317 tangi
2991 3262 3106 3301 non
3147 3262 3328 3317 posse.
3370 3247 3439 3301 Et
3479 3245 3576 3315 qui

1993 3339 2132 3394 dixit
2161 3357 2175 3392 :
2210 3358 2228 3390 ι
2261 3338 2412 3394 Yado
2444 3339 2511 3405 ²⁸,
2543 3358 2561 3390 ι
2606 3339 2834 3393 localem
2858 3338 3130 3409 significat
3154 3337 3531 3410 migrationem
3560 3355 3574 3391 :

1992 3431 2088 3500 qui
2132 3447 2268 3485 vero
2316 3430 2501 3486 omnia
2551 3428 2992 3499 comprehendit,
3035 3429 3089 3483 in
3120 3444 3249 3498 quo,
3275 3427 3574 3483 sicutdixit

1992 3518 2300 3589 Apostolus
2323 3523 2388 3582 “,
2421 3520 2642 3576 condita
2675 3529 2804 3574 sunt
2829 3520 3034 3583 omnia,
3065 3527 3122 3573 et
3153 3520 3206 3572 in
3250 3519 3368 3588 ipso
3394 3518 3575 3572 consi-

1993 3621 2149 3667 stunt
2171 3612 2375 3675 omnia,
2405 3612 2542 3665 nihil
2565 3610 2811 3665 omnium
2847 3626 3031 3664 rerum
3076 3596 3232 3665 extra
3282 3624 3342 3663 se
3387 3609 3576 3671 habet,

1993 3702 2063 3757 ad
2110 3701 2254 3771 quod
2289 3711 2439 3755 motu
2466 3702 2654 3770 aliquo
2678 3704 2940 3755 transitus
2964 3700 3083 3754 fieri
3113 3699 3307 3769 possit.
3328 3730 3384 3741 -
3409 3698 3575 3769 Ejus-
3602 3705 3607 3708 ’

1994 3793 2135 3858 dem,
2178 3808 2242 3846 ea:
2281 3791 2464 3845 eadem
2502 3791 2759 3846 oratione.
2799 3792 3031 3847 Dextera
3069 3789 3163 3845 Dei
3215 3789 3486 3845 cxaltatus
3508 3789 3578 3846 ’³.

1996 3882 2131 3949 Quis
2168 3897 2302 3954 ergo
2338 3883 2613 3937 exaltatus
2639 3882 2766 3937 est?
2797 3881 3093 3951 humilisne
3119 3896 3187 3935 an
3221 3878 3578 3936 Altissimus?

1995 3975 2136 4042 Quid
2162 3983 2246 4029 est
2273 3983 2455 4029 autem
2494 3973 2724 4037 humile,
2761 3971 2867 4026 nisi
2898 3972 3256 4028 humanitas?
3282 3971 3411 4041 quid
3428 3970 3577 4026 aliud

1995 4075 2194 4137 praeter
2216 4065 2388 4120 Deum
2411 4074 2498 4121 est
2518 4063 2878 4119 Altissimus?
2899 4063 3065 4133 Atqui
3086 4064 3232 4118 Deus
3245 4062 3577 4118 exaltatione

1994 4172 2106 4211 non
2158 4154 2387 4226 indiget,
2442 4170 2568 4209 cum
2605 4154 2678 4209 sit
2707 4153 3043 4210 Altissimus.
3079 4153 3386 4207 Humanam
3413 4151 3578 4221 igitur

1994 4255 2252 4301 naturam
2284 4245 2579 4300 exaltatam
2621 4244 2793 4299 fuisse
2821 4243 2958 4299 dicit
3000 4242 3296 4313 Apostolus
3322 4259 3336 4294 :
3367 4240 3577 4295 exalta-

302 4325 426 4397 ἄρα
445 4327 473 4378 6
493 4326 817 4389 Ἀπόστολος
835 4326 1115 4397 ὑψωθῆναι
1137 4326 1248 4398 (20)
1267 4327 1436 4397 λέγει.
1454 4329 1763 4402 ’Υψωθῆναι
1782 4331 1887 4403 (21)

2001 4346 2112 4391 tam
2157 4352 2312 4403 vero,
2354 4351 2422 4392 eo
2455 4336 2601 4405 quod
2644 4335 2910 4390 Dominus
2949 4342 3007 4389 et
3037 4333 3290 4388 Christus
3315 4330 3456 4386 facta
3482 4328 3576 4383 sit.

299 4417 365 4471 δὲ
398 4417 494 4471 διὰ
532 4416 597 4470 τὸ
630 4417 744 4488 (‘22)
801 4418 1004 4490 Κύριος
1052 4419 1148 4473 καὶ
1182 4420 1419 4489 Χριστὸς
1457 4420 1711 4488 γενέσθαι
1754 4422 1889 4494 (25).

1998 4427 2120 4483 Non
2140 4443 2272 4498 ergo
2306 4436 2566 4483 aeternam
2602 4426 2817 4481 Domini
2856 4423 3230 4480 exsistentiam
3254 4422 3359 4478 hoc
3381 4419 3576 4484 verbo,

378 4556 430 4588 ³⁸
456 4555 617 4612 Joan.
651 4571 725 4623 ιγ,
747 4555 836 4610 24.
913 4558 959 4589 ’ί
988 4555 1123 4611 Luc.
1150 4570 1295 4621 xxiv,
1320 4554 1411 4613 59.
1489 4557 1537 4589 ⁸³
1563 4557 1719 4614 Joan.
1752 4575 1864 4628 xxv,

2063 4565 2109 4598 ”
2130 4562 2339 4621 Coloss.
2364 4579 2404 4631 ι,
2444 4564 2528 4619 16.
2608 4563 2653 4595 ’⁵
2676 4562 2799 4617 Act.
2838 4576 2896 4626 ιι,
2921 4547 3011 4615 55.

409 4689 503 4754 an
534 4690 583 4742 ε.
611 4688 712 4743 Ed.
739 4687 909 4751 Paris,
933 4695 975 4742 t.
1005 4689 1048 4750 ι,
1078 4704 1134 4758 ρ.
1165 4688 1269 4744 587
1292 4681 1376 4743 οὗ.

408 4758 503 4825 98)
538 4757 717 4811 ὲνανθ.
744 4757 823 4828 Ib.
852 4757 1276 4828 ἀνθρωπῆσεως.

414 4829 510 4899 99)
553 4844 603 4881 τ.
639 4830 736 4899 ημ.
768 4827 848 4899 II).
882 4827 1153 4899 ἡμετέρα.

418 4897 474 5033 ιζ
508 4898 632 4981 ἀγν.
663 4897 763 4978 Ed.
792 4897 965 4952 Paris.
994 4905 1033 4951 t.
1073 4898 1116 4961 I,
1152 4912 1206 4966 ι).
1236 4898 1361 4964 588,
1396 4900 1562 4956 habet
1599 4901 1832 4971 ἀγνοεῖν.

418 4968 455 5021 Ξ
508 4969 623 5021 ξαν.
656 4966 791 5021 Ibid.
825 4967 911 5019 ἄν.

413 4966 474 5021 2)
508 4969 623 5021 ἐὰν.
656 4966 791 5021 Ibid.
825 4967 911 5019 ἄν.

389 5036 475 5103 (3)
498 5038 618 5106 τήν.
650 5036 785 5090 Ibid.
812 5036 1037 5106 ponitur
1071 5044 1194 5105 post
1215 5037 1352 5092 υἱοῦ.

412 5107 474 5166 4)
498 5105 581 5160 Ib.
614 5105 775 5166 τινός.
815 5105 839 5123 θ’

415 5111 452 5161 4
498 5111 581 5160 Ib.
614 5111 775 5166 τινός.
828 5116 839 5123 ’

415 5111 476 5243 5)
506 5176 711 5229 δίδωσι.
744 5176 823 5230 11).
858 5190 1045 5244 praem.
1068 5176 1240 5245 (ἡμῖν.

413 5248 471 5314 6)
505 5246 582 5317 μὴ
614 5263 666 5300 κ,
689 5261 739 5299 τ.
769 5246 818 5298 λ.
853 5243 990 5299 Ibid.
1021 5243 1198 5315 μήτῷ
1221 5246 1346 5318 θείῳ
1378 5249 1580 5322 ταύτην
1608 5251 1893 5323 λογιζομέο

310 5332 470 5378 vos;

358 5384 901 5471 '(7)~16A—-'r:eptati..
926 5384 1034 5471 Ed:
1060 5388 1237 5471 'Panris.
1279 5396 1319 5441 t.
1356 5389 1445 5454 Ill,
1474 5405 1528 5459 p.
1557 5391 1645 5458 65,
1679 5395 1711 5463 ή
1736 5394 1891 5447 ἀπει-

320 5454 417 5527 ςία
448 5456 544 5524 τῆς
574 5454 822 5519 θεότητος
857 5456 1214 5525 περιελήφθη.
1475 5454 1487 5459 ⁷

692 5524 793 5605 bid.
831 5524 991 5577 Rom.
1027 5535 1083 5580 et
1102 5525 1250 5598 Lips.
1286 5529 1503 5600 σαρκός.

415 5597 469 5662 9)
502 5594 639 5650 Ibid.
674 5594 937 5659 γίγνεται.

421 5665 500 5738 10)
537 5665 623 5721 αν.
657 5664 791 5719 Ibid.
830 5679 1016 5734 praem.
1047 5667 1104 5736 ἡ.

2118 4695 2201 4766 11)
2237 4714 2405 4767 γνῳρ,
2433 4696 2576 4767 Ibid.
2606 4711 2675 4767 ι).
2698 4694 2788 4760 66,
2825 4692 3279 4762 κατανοήσαντας.

2113 4764 2194 4827 12)
2229 4764 2366 4821 Ibid;
2392 4764 2767 4827 διασώζεσθαι.

2108 4828 2189 4893 15)
2219 4853 2364 4890 πιστ.
2395 4835 2493 4891 Ed.
2521 4835 2677 4889 Rom.
2704 4841 2761 4887 et
2793 4830 2941 4893 Lips.
2970 4828 3330 4893 πιστεύοντες.

2103 4896 2189 4970 16)
2220 4906 2318 4961 Ed.
2358 4906 2529 4961 Paris.
2568 4903 2670 4957 κᾶν
2704 4907 2762 4955 ὲν
2783 4896 3055 4970 ἀνθρώπῳ
3086 4896 3173 4969 ἦν.

2101 4967 2185 5031 15)
2224 4977 2283 5029 Εἰ
2311 4976 2368 5028 δὲ
2398 4994 2451 5029 κ.
2480 4993 2530 5030 τ.
2559 4974 2608 5027 λ.
2637 4973 2733 5028 His
2755 4967 3173 5027 simil—limavide
3194 4970 3247 5023 in
3282 4976 3422 5024 orat.
3446 4967 3483 5023 ‘2
3521 4974 3578 5029 ct

2006 5045 2040 5098 3
2074 5037 2271 5101 Contra
2298 5048 2552 5109 Eunom.,
2590 5053 2629 5098 t.
2658 5043 2824 5109 Il,ed.
2852 5041 3023 5096 Paris.
3051 5056 3103 5109 p.
3137 5040 3242 5095 155
3257 5051 3312 5095 et
3344 5037 3467 5096 515.

2107 5115 2192 5183 16)
2227 5132 2359 5169 ταπ.
2392 5115 2493 5169 Ed.
2530 5114 2704 5169 Paris.
2731 5128 2787 5183 p.
2816 5112 2942 5183 585,
2976 5110 3126 5165 addit
3150 5109 3225 5163 δέ.

2104 5180 2189 5254 17)
2215 5186 2355 5239 τί-
2374 5180 2749 5254 ἁνθρώπινονξ
2766 5182 2890 5237 Des.
2929 5180 2967 5235 I.
2996 5196 3045 5235 c.

2105 5254 2187 5311 I8)
2220 5254 2358 5311 Ibid.
2395 5254 2592 5308 δέεται.

2102 5320 2186 5394 19)
2222 5325 2301 5379 11).
2342 5324 2449 5394 ἄρα
2477 5324 2538 5376 τὸ
2574 5320 2927 5394 ἀνθρώπινον.

2091 5342 2186 5462 iiii
2209 5342 2301 5448 ιἰῗί
2326 5342 2593 5462 officii:

2090 5465 2151 5517 ει
2163 5462 2181 5530 )
2220 5464 2353 5517 Ibid.
2394 5462 2601 5533 ὑψώθη.

2075 5531 2187 5599 (22)
2220 5532 2357 5586 Ibid.
2387 5531 2499 5584 τοῦ.

2075 5592 2187 5669 (25)
2222 5618 2338 5669 γεν.
2394 5599 2531 5654 Ibid.
2589 5600 2856 5669 sequitur,
2918 5598 3004 5653 διὰ
3063 5596 3220 5654 τοῦτο
3247 5596 3303 5653 δὲ
3335 5594 3473 5670 μετὰ
3510 5592 3574 5655 τὸ

2002 5671 2172 5735 πάθος
2193 5671 2426 5739 ἐγένετο.
