4010 6212
443 282 548 347 195

1454 280 1945 341 TIIEODORETI
1986 281 2323 367 EPISCOPI
2366 282 2731 342 CYRENSIS

3620 279 3712 347 196

439 400 582 469 fecit,
611 397 857 469 designat
890 396 1206 467 Apostolus,
1235 394 1391 465 152
1419 396 1513 449 sed
1540 394 1765 447 humilis
1788 394 1842 446 in
1862 394 2035 447 altum

2142 394 2350 449 Οὐκοῦν
2391 396 2451 448 οὐ
2492 396 2593 466 τὴν
2639 393 2969 465 προαιάωιον
3005 392 3240 464 ὓπαρξιν
3265 391 3358 445 τοῦ
3398 394 3603 465 Κυρίου
3634 396 3715 452 διὰ

440 488 803 551 evectionem,
827 504 948 557 qua:
975 503 1005 541 a
1032 486 1274 541 dexteris
1294 486 1392 539 Dei
1417 484 1559 539 facta
1579 492 1681 538 est.
1707 484 2030 538 Declaratur

437 580 585 634 enim
616 593 717 648 per
745 578 851 632 hoc
881 578 1110 631 verbum
1144 576 1365 646 pietatis
1384 575 1728 647 mysterium.
1755 573 1859 640 Qui
1880 574 2029 628 enim

437 670 597 732 dixit,
651 688 673 720 ‹
707 669 931 724 dextera
976 668 1071 723 Dei
1112 669 1405 731 exaltatus,
1450 686 1467 717 ›
1498 681 1753 720 arcanam
1783 666 2031 736 mysterii

437 763 913 831 dispensationem
946 770 1135 831 aperte
1171 760 1449 829 patefacit,
1481 758 1627 827 quod
1652 758 1880 812 dextera
1911 758 2030 822 Dei,

437 869 559 922 quae
601 853 787 907 omnia
825 852 1095 917 condidit,
1136 866 1258 921 qua:
1297 858 1380 904 est
1414 850 1701 913 Dominus,
1742 865 1840 917 per
1869 864 2034 918 quem

439 947 624 1000 omnia
661 946 801 1000 facta
828 956 976 1009 sunt,
1007 954 1062 999 et
1096 945 1215 999 sine
1251 959 1360 1012 quo
1388 943 1527 996 nihil
1564 941 1817 997 subsistit
1840 956 2035 995 eorum

440 1049 563 1101 qua:
598 1033 737 1088 facta
766 1042 914 1099 sunt,
947 1034 1062 1103 ipsa
1103 1032 1381 1087 hominem
1423 1030 1528 1085 sibi
1577 1030 1795 1083 unitum
1828 1032 1883 1083 in
1904 1044 2034 1099 pro-

443 1122 619 1191 priam
657 1124 947 1177 sustulerit
978 1121 1378 1176 sublimitatem
1413 1136 1512 1190 per
1537 1120 1817 1173 unionem.

2136 486 2229 539 τοῦ
2286 487 2542 553 ἐποίησε
2590 486 2832 557 ῥήματος
2890 485 3222 555 παρίστησιν
3276 487 3303 538 6
3363 484 3711 547 Ἀπόστολοςο

2138 577 2274 631 ἀλλὰ
2297 579 2397 648 τὴν
2418 577 2512 630 τοῦ
2540 577 2798 630 ταπεινοῦ
2834 576 2973 646 πρὸς
3006 577 3066 628 τὸ
3100 575 3305 646 ὑψηλὸν
3336 577 3714 646 μεταποίησιν,

2138 669 2239 738 τὴν
2270 668 2380 739 (‘24)
2423 670 2485 721 ὲκ
2524 667 2714 733 δεξιῶν
2742 668 2836 720 τοῦ
2871 667 3008 719 Θεοῦ
3052 666 3450 737 γεγενημένην.
3479 669 3716 737 Σαφηνί-

2141 758 2294 824 ξεται
2321 758 2430 829 γὰρ
2456 759 2568 829 (9.5)
2599 759 2685 813 διά
2718 759 2914 811 τούτου
2949 758 3045 811 τοῦ
3084 760 3333 829 ῥήματος
3359 758 3418 811 τὸ
3449 759 3547 828 τῆς
3571 759 3720 811 εὐσε-

2137 853 2290 915 6είας
2322 853 2639 923 μυστήριον.
2679 853 2738 905 'U
2771 852 2879 921 γὰρ
2902 852 3093 915 εἰπὼν,
3124 870 3143 902 ι
3178 852 3256 921 Τῇ
3281 850 3431 921 δεξιᾷ
3455 849 3548 903 τοῦ
3588 851 3716 904 Θεοῦ

2139 943 2397 1013 ὑψωθεὶς,
2433 961 2452 995 ι
2498 942 2747 1012 φανερῶς
2796 941 3133 995 ὲκκαλύπτει
3169 943 3277 1013 τὴν,
3296 944 3605 1014 ἀπόρρητον
3629 943 3715 995 τοῦ

2142 1036 2441 1108 μυστηρίου
2489 1035 2602 1104 (26)
2636 1035 2970 1104 οἰκονομίαν,
3021 1035 3102 1087 ὃτι
3132 1035 3165 1104 ἡ
3192 1033 3340 1099 δεξιά
3373 1035 3465 1087 τοῦ
3494 1036 3651 1099 Θεοῦ,
3686 1038 3715 1106 ἡ

2140 1123 2401 1192 ποιητικὴ
2445 1120 2553 1172 τῶν
2586 1118 2696 1189 (27)
2731 1118 2901 1172 ὄντων
2936 1118 3175 1183 πάντων,
3223 1120 3343 1189 ἥτις
3369 1121 3517 1172 ἐστὶν
3548 1123 3575 1173 6
3610 1118 3715 1173 K6-

447 1232 587 1286 ριος,
628 1215 695 1267 δι’
731 1208 791 1265 οὗ
824 1216 893 1266 τά
927 1214 1104 1267 πάντα
1139 1214 1376 1282 ἐγένετο,
1446 1214 1541 1266 καὶ
1599 1208 1659 1267 οὗ
1695 1214 1862 1284 χωρὶς
1899 1212 2108 1285 ὑπέστη
2147 1215 2260 1268 τῶν
2292 1214 2595 1284 γεγονότων
2644 1212 2755 1283 (28)
2786 1212 2957 1277 οὐδὲν,
2996 1210 3135 1281 αὕτη
3183 1212 3292 1284 (29)
3321 1214 3414 1266 τὸν
3455 1214 3716 1268 ὲνωθέντα

446 1306 585 1376 πρὸς
621 1304 789 1375 αὐτὴν
827 1304 1117 1374 ἄνθρωπον
1166 1305 1245 1366 εἰς
1288 1303 1348 1355 τὸ
1405 1303 1536 1356 ἴδιον
1585 1304 1862 1373 ἀνήγαγεν
1916 1304 2028 1374 ('50)
2070 1303 2204 1372 ὕψος
2239 1305 2327 1359 διά
2353 1306 2452 1374 τῆς
2481 1304 2730 1368 ἐνώσεως
2757 1304 2895 1375 (51).

698 1448 699 1451 η
729 1415 912 1471 Sancti
938 1416 1285 1487 Amphilocltii
1313 1418 1535 1487 episcopi
1562 1416 1747 1470 Ιεοηὶἱ.

523 1532 601 1586 Ea:
646 1533 886 1585 oratione
932 1533 987 1584 in
1032 1530 1166 1584 illud
1212 1546 1230 1584 :
1279 1549 1297 1580 ‹
1332 1530 1495 1583 Pater
1541 1546 1683 1582 meus
1729 1531 1903 1600 major
1956 1548 2036 1585 me

450 1634 528 1679 est
556 1626 622 1678 ’⁸.
663 1644 680 1676 ι
728 1626 988 1679 Discerue
1025 1625 1286 1692 deinceps
1326 1631 1569 1685 naturas,
1607 1638 1771 1675 unam
1802 1623 1919 1687 Dei,
1954 1623 2033 1677 al—

2208 1419 2318 1472 Τοῦ
2348 1420 2522 1489 ἁγίου
2564 1418 2951 1489 Ἀμφιλοχίου
2981 1418 3319 1471 ἐπισκόπου
3372 1418 3648 1475 Ἰκονίου.

2224 1531 2324 1585 Ἐκ
2356 1532 2461 1585 τοῦ
2486 1533 2672 1600 λόγου
2696 1531 2802 1585 τοῦ
2826 1533 2913 1595 εἰς
2941 1532 3061 1594 τὸ,‹
3087 1532 3139 1583 Ὀ
3165 1531 3718 1601 Πατήρμουμείζων

2136 1624 2256 1692 μού
2284 1624 2474 1677 ἐστιν.
2504 1643 2521 1674 ι
2546 1624 2833 1694 Διάκρινον
2856 1624 2967 1691 (52)
2992 1622 3176 1675 λοιπὸν
3198 1623 3297 1686 τὰς
3318 1624 3529 1692 φύσεις,
3549 1626 3647 1694 τήν
3663 1643 3719 1678 τε

447 1725 618 1771 teram
654 1717 914 1770 hominis.
949 1717 1137 1785 Neque
1171 1716 1319 1770 enim
1347 1730 1414 1768 ex
1446 1715 1558 1768 Deo
1589 1715 1848 1770 excideris
1874 1716 2038 1770 homo

2142 1714 2236 1769 τοῦ
2270 1714 2429 1777 Θεοῦ,
2445 1715 2547 1784 τήν
2564 1732 2620 1767 τε
2637 1714 2732 1767 τοῦ
2746 1714 2842 1767 ἀνθ
2854 1713 3058 1784 ρώπου.
3083 1711 3219 1766 Οὔτε
3240 1714 3310 1781 γά
3319 1733 3347 1785 ρ
3360 1715 3502 1767 κατά
3518 1716 3721 1768 ἔκπτω-

445 1808 623 1864 factus
655 1818 739 1863 est
762 1850 775 1873 ,
821 1824 1001 1877 neque
1049 1808 1382 1877 proficiens,
1434 1820 1499 1859 ex
1536 1806 1758 1861 homine
1786 1808 2043 1862 Deus.—

447 1902 733 1973 Ejusdem,
770 1918 832 1955 ea:
864 1903 1104 1955 oratione
1144 1901 1198 1953 in
1243 1899 1379 1954 illud
1414 1916 1430 1953 :
1469 1918 1487 1948 ‹
1529 1898 1646 1953 Νοη
1682 1908 1847 1969 potest
1872 1898 2040 1951 Filius

446 1994 735 2064 quidquam
778 1993 951 2063 facere
994 2008 1056 2045 ea:
1097 1994 1266 2062 seipso
1315 1994 1381 2046 ’⁷.
1438 2013 1456 2044 ι
1502 1994 1630 2046 Post
1674 1990 2039 2045 resurrectio-

446 2099 572 2138 nem
620 2085 768 2137 enim
816 2083 1083 2137 Dominus
1133 2092 1431 2153 utrumque
1480 2068 1756 2146 ostendit,
1796 2093 1853 2137 et
1892 2081 2039 2151 quod

445 2191 648 2244 corpus
678 2189 791 2227 non
821 2173 891 2227 sit
926 2174 1051 2237 tale,
1082 2181 1139 2227 et
1173 2174 1319 2242 quod
1351 2174 1406 2227 id
1439 2173 1618 2243 ipsum
1654 2172 2035 2227 resurrexerit.

446 2267 654 2335 Repete
685 2265 951 2319 memoria
983 2265 1291 2318 historiam.
1324 2265 1495 2319 Erant
1523 2264 1779 2333 discipuli
1810 2279 2040 2334 congre-

446 2359 556 2430 gati
585 2367 708 2427 post
729 2358 1040 2426 passionem
1066 2366 1122 2411 et
1155 2357 1640 2419 resurrectionem,
1666 2365 1868 2410 etcum
1892 2356 2039 2412 fores

446 2457 632 2505 essent
670 2451 869 2504 clausae
902 2448 969 2514 ’⁸,
1015 2450 1168 2504 stetit
1208 2449 1264 2503 in
1299 2448 1482 2503 medio
1521 2464 1715 2503 eorum
1751 2450 2035 2515 Dominus,

446 2542 594 2612 quod
618 2551 745 2597 ante
771 2542 1081 2612 passionem
1104 2557 1388 2611 nunquam
1411 2540 1636 2595 fecerat.
1664 2541 1747 2596 An
1770 2557 1899 2596 vero
1928 2558 2037 2597 non

448 2643 665 2705 poterat
692 2634 947 2690 Christus
980 2633 1086 2688 hoc
1127 2642 1183 2688 et
1212 2642 1371 2687 antea
1403 2633 1618 2688 facere?
1652 2632 1807 2703 153
1841 2632 2038 2688 Omnia

446 2729 595 2784 enim
648 2730 758 2783 Deo
803 2729 820 2748 ‘
858 2726 1141 2798 possibilia
1187 2734 1335 2781 sunt.
1390 2726 1497 2781 Sed
1545 2735 1672 2781 ante
1724 2727 2035 2796 passionem

447 2834 557 2875 non
608 2819 768 2884 fecit,
817 2836 887 2874 ne
930 2820 1198 2875 visionem
1243 2834 1365 2873 esse
1412 2818 1899 2888 dispensationem,
1950 2822 2033 2876 vel

447 2913 761 2982 opinionem
790 2911 1091 2975 existimes,
1125 2926 1262 2966 neve
1297 2910 1635 2980 spiritualem
1676 2923 1836 2982 putes
1870 2912 2035 2968 Chri-

446 3007 516 3061 sti
549 3021 800 3066 carnem,
834 3019 938 3058 nec
982 3019 1012 3058 e
1046 3004 1201 3058 cmlis
1241 3002 1625 3068 descendisse,
1671 3020 1774 3059 nec
1805 3004 2033 3059 alterius

446 3113 568 3153 esse
613 3096 965 3158 substantiae,
998 3104 1054 3149 et
1099 3111 1128 3148 a
1176 3104 1363 3149 nostra
1410 3110 1575 3149 carne
1613 3095 1861 3149 diversae.
1912 3096 2037 3151 Iltec

448 3189 595 3242 enim
625 3188 805 3240 omnia
836 3186 1058 3255 quidam
1093 3185 1197 3240 sibi
1229 3186 1412 3239 animo
1443 3185 1727 3255 ﬁngentes,
1763 3182 1817 3239 et
1851 3187 2038 3240 Domi-

450 3296 581 3335 num
614 3295 711 3349 per
750 3279 866 3332 hzec
900 3294 957 3333 se
1008 3278 1280 3332 honorare
1312 3278 1667 3343 arbitrantes,
1704 3295 1814 3332 non
1850 3295 2038 3333 recor-

448 3371 652 3425 dantur
682 3386 739 3424 se
774 3380 1037 3439 przetextu
1071 3370 1369 3439 gratiarum
1427 3369 1663 3424 actionis
1708 3372 2040 3427 contumelia

452 3462 629 3531 ipsum
666 3460 912 3525 allicere,
962 3468 1019 3513 et
1063 3460 1354 3514 veritatem
1399 3459 1672 3514 mendacii
1727 3475 1987 3515 accusare
2023 3478 2037 3514 :

450 3563 511 3608 ut
543 3554 790 3609 omittam
829 3554 975 3623 quod
1009 3553 1357 3607 mendacium
1388 3552 1459 3606 sit
1490 3567 1520 3606 a
1572 3552 1781 3606 ratione
1812 3568 2043 3622 prorsus

448 3649 711 3704 alienum.
763 3647 819 3700 Si
863 3645 1011 3700 enim
1047 3644 1196 3700 aliud
1231 3645 1529 3713 assumpsit
1557 3659 1778 3713 corpus,
1811 3644 1943 3713 quid
1973 3645 2040 3699 ad

422 3732 425 3737 λ
449 3755 631 3795 meum
654 3736 869 3799 attinet,
903 3736 1051 3807 quod
1078 3737 1252 3790 salute
1278 3735 1525 3806 indiget?
1551 3734 1607 3789 Si
1630 3750 1850 3789 carnem
1879 3750 1908 3788 e
1933 3750 2043 3790 caa-

449 3831 518 3884 Iis
550 3829 845 3893 transtulit,
880 3828 1013 3898 quid
1042 3827 1109 3882 ad
1140 3843 1366 3881 carnem
1404 3842 1601 3890 meam,
1635 3842 1758 3895 quae
1786 3841 1851 3880 ex
1897 3835 2042 3881 terra

450 3918 1168 3991 sumptaest?—Ejusdem,
1189 3934 1253 3971 ea:
1282 3918 1468 3971 eadem
1498 3920 1757 3972 oratione.
1779 3919 2039 3988 Propter-

447 4031 514 4071 ea
541 4015 708 4085 igitur
735 4029 843 4067 non
891 4020 1016 4065 ante
1063 4009 1395 4079 passionem,
1427 4008 1523 4062 sed
1555 4018 1677 4077 post
1706 4009 2039 4079 passionem,

446 4108 629 4180 ianuis
661 4106 881 4167 clausis,
914 4105 1066 4157 stetit
1107 4102 1371 4155 Dominus
1414 4100 1469 4154 in
1514 4100 1695 4155 medio
1737 4100 2041 4171 discipulo-

450 4210 606 4257 rum,
643 4201 704 4246 ut
754 4192 897 4245 scias
928 4190 1043 4244 fore
1085 4197 1145 4243 ut
1177 4188 1343 4242 etiam
1386 4189 1620 4243 animale
1655 4204 1856 4259 corpus
1884 4198 2041 4244 tuum

449 4287 778 4341 seminatum
827 4291 1077 4353 resurgat
1125 4296 1328 4351 corpus
1374 4279 1681 4350 spirituale.
1728 4284 1808 4338 Ne
1858 4292 2041 4339 autem

2146 1824 2231 1859 σιν
2249 1808 2313 1859 ὲκ
2336 1805 2470 1859 Θεοῦ
2496 1807 2717 1874 γέγονεν
2737 1805 2834 1857 ἄνθ
2844 1821 3047 1874 ρωπος,
3062 1804 3183 1857 οὐτε
3203 1806 3345 1858 κατά
3364 1808 3645 1876 προκοπὴν
3661 1806 3720 1872 ἐξ

2144 1897 2433 1969 ἀνθρώπου
2452 1897 2606 1961 Θεός.
2641 1928 2709 1940 ——
2748 1898 2860 1951 Τοῦ
2885 1898 3094 1958 αὐτοῦ,
3114 1899 3181 1951 ἑκ
3204 1899 3309 1952 τοῦ
3327 1901 3514 1968 λόγου
3535 1902 3618 1964 εἰς
3633 1900 3717 1963 τὸ,

2150 2009 2167 2041 ι
2187 1991 2269 2044 Οὐ
2295 1989 2591 2044 δύναταιό
2618 1990 2749 2056 Υἱὸς
2773 1990 2963 2043 ποιεῖν
2977 1991 3077 2059 ἀφ’
3107 1990 3324 2044 ἑαυτοῦ
3352 1991 3550 2045 οὐδέν.
3572 1992 3721 2046 Μετὰ

2142 2083 2250 2153 γὰρ
2272 2083 2371 2152 τὴν
2388 2083 2686 2137 ἀνάστασιν
2702 2085 2729 2136 ὁ
2750 2082 2957 2154 Κύριος
2976 2083 3044 2136 τὰ
3065 2082 3446 2153 συναμφότερα
3458 2083 3717 2146 δείκνυσι,

2142 2175 2238 2229 κα)¹
2268 2176 2349 2227 ὅτι
2394 2176 2454 2227 οὐ
2486 2174 2727 2228 τοιοῦτον
2757 2175 2817 2228 τὸ
2852 2175 3033 2244 σῶμα,
3060 2175 3155 2227 καὶ
3182 2176 3264 2228 ὅτι
3300 2175 3459 2228 τοῦτο
3500 2177 3722 2229 ἀνιστά-

2145 2285 2324 2338 μενον.
2354 2267 2763 2338 Ἀναμνήσθητι
2794 2268 2890 2338 τῆς
2920 2261 3379 2338 ἱστορίας.Ἦσαν
3404 2269 3451 2319 οἱ
3485 2266 3723 2338 μαθηταὶ

2143 2359 2549 2428 συνειλεγμένοι
2573 2358 2712 2430 μετά
2742 2359 2803 2412 τὸ
2832 2359 3003 2422 πάθος
3031 2360 3126 2412 καὶ
3155 2359 3253 2430 τὴν
3276 2360 3593 2423 ἀνάστασιν,
3630 2360 3723 2411 καὶ

2138 2453 2248 2506 τῶν
2268 2452 2449 2523 θυρῶν
2478 2451 2882 2523 κεκλεισμένων
2906 2452 3034 2522 ἔστη
3068 2452 3232 2521 μέσος
3253 2452 3430 2504 αὐτῶν
3451 2453 3478 2504 6
3496 2453 3721 2519 Κύριος.

2141 2544 2409 2598 Οὐδέποτε
2441 2543 2600 2597 τοῦτο
2642 2544 2751 2614 πρὸ
2793 2542 2887 2596 τοῦ
2938 2543 3147 2606 πάθους
3190 2542 3434 2612 ἐποίησε.
3480 2544 3571 2612 Μὴ
3614 2545 3723 2612 γάρ

2139 2636 2239 2689 οὐκ
2266 2635 2523 2705 ἠδύνατο
2559 2638 2586 2688 6
2628 2634 2864 2706 Χριστὸς
2916 2636 3013 2688 καὶ
3057 2636 3228 2688 πάλαι
3273 2635 3430 2688 τοῦτο
3467 2636 3687 2705 ποιῆσαι
3702 2654 3719 2704 ;

2140 2726 2316 2779 πάντα
2335 2724 2444 2795 γὰρ
2467 2724 2544 2795 τῷ
2560 2724 2679 2795 Θεῷ
2701 2724 2921 2778 δυνατά.
2959 2724 3098 2776 Ἀλλ’
3126 2725 3224 2777 οὐκ
3248 2726 3470 2795 ἐποίησε
3500 2728 3605 2798 πρὸ
3627 2728 3720 2781 τοῦ

2138 2814 2367 2879 πάθους,
2400 2815 2485 2868 ἴνα
2514 2812 2589 2884 μὴ
2620 2814 2848 2885 νομίσῃς
2871 2815 3168 2883 φαντασίαν
3205 2816 3301 2886 τὴν
3334 2818 3719 2891 οἰκονομίαν,ἦ

2135 2906 2377 2976 δόκησιν,
2424 2906 2561 2977 μηδὲ
2606 2906 2982 2977 πνευματικὴν
3016 2907 3207 2977 οἰηθῇς
3235 2908 3326 2960 τοῦ
3361 2910 3595 2979 Χριστοῦ
3627 2910 3723 2981 τὴν

2140 2999 2482 3071 σάρκα,μηδὲ
2505 2997 2564 3063 ἐξ
2588 2998 2832 3069 οὐρανῶν
2854 2999 3240 3063 κατελθοῦσαν,
3261 3001 3395 3070 μηδὲ
3416 3002 3724 3074 ὲτερούσιον

2139 3092 2206 3159 τῇ
2241 3090 2488 3160 ἡμετέρᾳ
2528 3090 2712 3161 σαρκί.
2748 3089 2932 3143 Ταῦτα
2970 3089 3077 3161 γὰρ
3119 3092 3295 3144 πάντα
3341 3092 3485 3155 τινὲς
3521 3110 3726 3161 φαντα-

2144 3184 2382 3251 σθέντες,
2409 3183 2504 3237 καὶ
2532 3182 2817 3254 σεμνύνειν
2831 3181 3146 3253 νομίζοντες
3170 3183 3255 3236 διὰ
3272 3183 3477 3237 τούτων
3507 3185 3597 3238 τὸν
3615 3186 3727 3238 Κύ-

2144 3295 2291 3350 ριον⁹
2348 3277 2607 3348 λελήθασι
2663 3279 2802 3346 σφᾶς
2850 3278 3047 3341 αὐτοὺς
3096 3277 3184 3330 διὰ
3222 3282 3320 3347 τῆς
3377 3279 3729 3349 εὐχαριστίας

2145 3370 2615 3441 βλασφημοῦντες,
2651 3370 2746 3423 καὶ
2777 3369 2972 3439 ψεῦδος
2998 3370 3434 3440 κατηγοροῦντες
3462 3371 3561 3439 τῆς
3593 3372 3730 3440 άλη-

2144 3463 2312 3526 θείας,
2363 3462 2500 3535 πρὸς
2545 3463 2605 3515 τὸ
2657 3463 2752 3514 καὶ
2804 3461 3151 3514 παντάπασιν
3204 3462 3396 3529 ἄλογον
3428 3462 3487 3514 τὸ
3532 3462 3731 3532 ψεῦδος

2142 3555 2450 3625 τυγχάνειν.
2499 3554 2561 3606 Εἰ
2602 3553 2709 3621 γάρ
2765 3553 2950 3622 ἓτερον
2997 3551 3223 3605 ἀνέλαϐε
3262 3553 3440 3623 σῶμα,
3487 3555 3539 3607 τί
3591 3556 3732 3625 πρὸς

2142 3647 2202 3700 τὸ
2235 3646 2366 3715 ἐμὸν
2391 3646 2453 3697 τὸ
2484 3645 2583 3713 τῆς
2620 3644 2894 3715 σωτηρίας
2923 3644 3212 3715 δεόμενονς
3263 3646 3324 3697 Εἰ
3382 3645 3439 3709 ἐξ
3481 3647 3732 3717 οὐρανῶν

2143 3739 2422 3807 κατήγαγε
2474 3737 2675 3810 σάρκα,
2726 3736 2777 3789 τί
2822 3737 2961 3806 «pb;
3005 3736 3104 3808 τὴν
3132 3738 3271 3806 ἐμὴν
3313 3738 3491 3807 σάρκα
3522 3739 3625 3807 τὴν
3664 3742 3731 3792 ἐκ

2143 3830 2241 3899 τῆς
2272 3831 2374 3898 γῆς
2407 3828 2742 3898 είλημμένην
2768 3844 2781 3892 ;
2831 3857 2903 3867 —
2932 3827 3043 3881 Τοῦ
3072 3827 3280 3889 αὑτοῦ,
3307 3827 3374 3880 ἑκ
3410 3826 3514 3880 τοῦ
3538 3829 3732 3883 αὑτοῦ

2142 3924 2349 3992 λόγου.
2376 3921 2476 3975 Διά
2505 3920 2678 3975 ταῦτα
2710 3922 2807 3991 μὲν
2830 3916 2953 3984 οὖν,
2991 3920 3052 3972 οὐ
3082 3920 3187 3991 πρὸ
3220 3920 3312 3973 τοῦ
3341 3920 3565 3983 πάθους,
3594 3922 3733 3976 ἀλλά

2148 4013 2287 4085 μετά
2316 4013 2377 4066 τὸ
2404 4012 2607 4077 πάθος,
2647 4014 2755 4065 τῶν
2790 4012 2970 4083 θυρῶν
2999 4012 3398 4082 κεκλεισμένων
3447 4012 3577 4081 ἐστ-η
3619 4014 3734 4065 τῶν

2147 4104 2404 4176 μαθητῶν
2436 4105 2600 4176 μέσος
2636 4107 2664 4157 6
2709 4105 2933 4175 Κύριος,
2969 4104 3056 4157 ἵνα
3085 4104 3247 4174 γνῷς,
3284 4106 3365 4157 ὅτι
3395 4105 3491 4157 καὶ
3531 4105 3626 4157 σοῦ
3670 4107 3739 4160 τὸ

2142 4194 2370 4266 ψυχικὸν
2404 4197 2564 4267 σῶμα
2608 4196 2816 4269 σπαρὲν
2847 4197 3115 4267 ἐγείρεται
3150 4196 3308 4267 σῶμα
3334 4200 3733 4267 πνευματικόν.
3779 4209 3799 4231 ⁸

2146 4289 2266 4343 Ἵνα
2295 4289 2353 4342 δὲ
2399 4288 2474 4360 μὴ
2510 4289 2672 4342 πάλιν
2706 4290 2832 4343 ἄλλο
2867 4290 3094 4363 νομίσῃς
3135 4285 3273 4343 εἶναι
3332 4289 3393 4342 τὸ
3434 4292 3743 4361 ἀνιστάμε-

448 4396 643 4435 rursus
666 4379 812 4434 aliud
834 4394 955 4432 esse
977 4385 1138 4447 putes
1160 4374 1292 4428 illud
1311 4373 1457 4443 quod
1482 4376 1808 4442 resurrexit,
1830 4376 2038 4433 Thoma

2145 4397 2254 4445 vov,
2288 4379 2382 4434 τοῦ
2432 4380 2605 4451 Θωμᾶ
2636 4380 2772 4455 πρὸς
2819 4381 2917 4453 τὴν
2964 4382 3260 4435 ἀνάστασιν
3298 4384 3737 4450 ἁπιστήσαντος.

448 4471 913 4527 resurrectionem
962 4484 1071 4521 non
1121 4466 1401 4530 credente,
1444 4466 1688 4520 ostendit
1728 4467 1778 4522 ei
1814 4469 2043 4539 vestigia

447 4566 730 4619 clavorum
759 4570 815 4616 et
835 4562 1149 4615 vulnerum.
1178 4558 1261 4613 An
1290 4573 1420 4612 vero
1448 4558 1689 4629 seipsum
1719 4576 1913 4616 sanare
1932 4578 2045 4617 non

446 4664 684 4728 poterat,
711 4664 765 4709 et
786 4653 1008 4723 quidem
1040 4660 1163 4722 post
1204 4651 1690 4715 resurrectionem,
1721 4652 1816 4722 qui
1852 4667 2045 4707 omnes

446 4748 610 4801 etiam
642 4756 768 4801 ante
804 4742 1268 4797 resurrectionem
1313 4743 1633 4796 sanaverat?
1668 4743 1775 4797 Sed
1807 4758 1906 4814 per
1938 4744 2043 4798 hoc

448 4837 693 4907 quidem,
722 4834 869 4907 quod
911 4834 1189 4888 clavorum
1221 4832 1452 4902 vestigia
1496 4834 1824 4900 ostenderit,
1860 4835 2043 4905 ipsum

451 4931 586 4984 illud
616 4928 860 4999 (corpus)
888 4944 1009 4982 esse
1040 4925 1239 4996 probat
1266 4942 1278 4977 :
1305 4940 1404 4994 per
1433 4927 1579 4980 istud
1606 4943 1759 4992 vero,
1793 4929 1940 4999 quod
1960 4930 2044 5001 ja-

452 5018 579 5074 nuis
607 5019 808 5073 clausis
849 5019 1128 5089 ingressus
1171 5014 1276 5078 sit,
1328 5018 1569 5071 ostendit
1605 5020 1709 5074 tale
1744 5036 1852 5074 non
1887 5037 2040 5087 esse;

522 5174 568 5206 “
602 5173 759 5229 Joan.
795 5190 904 5239 XIV,
932 5174 1020 5230 28.
1098 5175 1143 5205 ²⁷
1170 5173 1329 5228 Joan.
1365 5190 1419 5237 v,
1450 5174 1535 5229 I9.
1612 5175 1657 5205 "
1679 5175 1835 5231 Joan.
1866 5194 1954 5240 xx,
1988 5178 2071 5232 19.

545 5317 635 5385 24)
666 5333 715 5369 τ.
747 5318 810 5370 ἐκ
834 5317 943 5383 δεξ.
966 5318 1104 5372 Ibid.
1129 5318 1214 5371 διά
1242 5318 1341 5387 τῆς
1362 5317 1566 5385 δεξιᾶς.

674 5386 802 5458 γάρ.
829 5388 907 5459 Ib.
937 5390 1185 5459 sequitur
1212 5386 1324 5443 καί.

546 5457 636 5530 26)
677 5457 943 5530 μυστκιῐσ
996 5457 1084 5530 ed.
1118 5461 1273 5514 Rom.
1299 5470 1353 5515 et
1380 5460 1525 5530 Lips.
1552 5458 1811 5513 Eamdem
1846 5460 2036 5515 lectio-

452 5541 579 5601 nem
610 5524 730 5601 h._l.
762 5526 927 5601 habet
950 5528 1038 5601 e_d.
1068 5530 1241 5585 Paris.
1294 5524 1655 5586 Discessimus
1688 5531 1871 5601 itaque
1894 5547 1923 5584 a
1958 5532 2035 5585 le-

454 5597 632 5652 ctione
658 5594 821 5649 Sirm.
865 5597 1019 5649 Θεοῦ.

527 5666 637 5737 (ΞἾ)
676 5664 775 5737 Ed.
807 5666 976 5719 Paris.
1011 5667 1227 5720 πάντων
1278 5671 1383 5725 τῶν
1420 5672 1612 5727 ἰντων.
1644 5671 1743 5725 Ed.
1776 5672 1939 5727 Rom.
1976 5682 2033 5727 et

455 5735 482 5791 Ι.
500 5734 601 5809 ips.
619 5734 746 5790 ’τῶν
771 5737 937 5790 ῦντων
970 5737 1202 5791 πάντων.

2135 4474 2408 4527 δείκνυσιν
2461 4473 2614 4545 αὐτῷ
2656 4476 2783 4538 τούς
2816 4474 3025 4539 τύπους
3081 4474 3191 4528 τῶν
3235 4474 3400 4545 ἥλων,
3454 4474 3742 4528 δείκνυσιν

2136 4564 2287 4635 αὐτῷ
2319 4565 2427 4618 τῶν
2452 4567 2783 4637 τραυμάτων
2812 4566 2881 4619 τά
2916 4567 3058 4637 ἴχνη.
3089 4560 3217 4637 'Ap’
3257 4567 3358 4619 οὐκ
3389 4567 3573 4635 ἴσχυεν
3603 4567 3743 4618 ἐαυ-

2136 4657 2227 4711 τὸν
2280 4657 2554 4723 ἰάσασθαι,
2590 4657 2883 4711 καὶταῦτα
2923 4657 3059 4727 μετὰ
3100 4658 3423 4719 ἀνάστασιν,
3456 4661 3485 4711 ὁ
3516 4658 3743 4722 πάντας

2138 4750 2233 4803 καὶ
2287 4750 2394 4818 πρὸ
2448 4750 2548 4819 τῆς
2587 4750 2938 4813 ἀναστάσεως
2966 4751 3293 4820 ἰασάμενος;
3340 4750 3499 4803 Ἀλλά
3545 4750 3615 4802 δι’
3655 4746 3744 4804 ὢν

2140 4840 2242 4910 μὲν
2290 4840 2419 4903 τούς
2466 4840 2671 4905 τύπους
2703 4840 2812 4894 τῶν
2862 4842 3009 4911 ἥλων
3050 4842 3310 4907 δείκνυσι,
3364 4843 3744 4914 παραδίδωσιν

2137 4930 2218 4983 ὅτι
2248 4930 2430 4984 τοῦτο·
2466 4932 2532 4985 δι’
2578 4925 2652 4985 ὧν
2670 4932 2725 4984 δὲ
2750 4932 3153 5002 κεκλεισμένων
3173 4932 3281 4986 τῶν
3305 4933 3485 5003 θυρῶν
3512 4935 3743 5000 εἴσεισι,

2137 5022 2409 5076 δείκνυσιν
2462 5024 2544 5078 ὅτι
2582 5025 2642 5077 οὐ
2686 5024 2919 5079 τοιοῦτο.
2967 5024 3138 5079 Τοῦτο
3184 5026 3302 5095 μὲν,
3342 5027 3426 5078 ἵνα
3463 5025 3742 5097 πληρώσῃ

2234 5320 2323 5391 28)
2353 5339 2474 5391 γεγ.
2508 5324 2608 5378 Ed.
2643 5324 2821 5380 Paris.
2864 5325 3053 5379 ὄντων.

2354 5393 2434 5465 Ib.
2460 5396 2627 5465 καύτή.

2357 5464 2502 5538 Ibid.
2529 5462 2663 5534 ὕψος
2695 5467 2958 5538 ἀνήγαγε.

2359 5536 2447 5607 ἐν.
2466 5535 2545 5590 Ib.
2573 5533 2945 5607 ἀνακράσεως.

2215 5604 2552 5675 (52)Διάκρ.
2602 5624 2656 5659 κ.
2712 5602 2761 5659 τ.
2814 5608 2869 5661 λ.
2924 5605 3190 5661 Eumdem
3247 5606 3449 5663 locum.
3475 5602 3581 5661 etsi
3606 5617 3747 5660 cum

2140 5674 2323 5743 aliqua
2350 5677 2610 5731 varietate
2638 5678 2909 5741 lectionis,
2943 5678 3064 5733 vide
3090 5692 3275 5746 supra,
3312 5692 3366 5747 p.
3404 5676 3493 5731 66.

2306 5320 2326 5601 ἓ
