4010 6212
287 281 391 346 197

1403 283 1784 344 DIALOGUS
1810 284 1891 343 II.
1927 310 1995 319 --
2026 286 2525 351 INCONFUSUS.
3460 291 3566 360 :98

282 398 379 450 τὸν
407 395 607 466 τρόπον
645 392 744 464 τῆς
778 392 1116 462 οἰκονομίας,
1157 391 1378 462 ὲγεὶρας
1409 391 1498 446 τὸν
1531 392 1875 463 νενεκρωμέ-

1983 394 2162 465 ipsum
2202 398 2448 468 quidem,
2484 408 2545 453 ut
2580 397 3010 470 dispensationis
3052 414 3254 454 munus
3288 400 3564 471 impleret.

280 504 395 543 νον
442 489 505 541 οὐ
554 484 802 539 τοιοῦτον
850 482 930 547 δὲ,
967 482 1053 536 ἵνα
1092 481 1168 553 μὴ
1202 482 1363 537 πάλιν
1388 482 1637 552 ὐποπέσῃ
1678 481 1875 552 φθορᾷ,

287 577 423 649 μηδὲ
447 576 615 629 πάλιν
644 575 854 644 ὑποστῇ
891 572 1143 626 θάνατον.

288 781 399 839 Τοῦ
412 781 717 852 μακαρίου
753 776 1191 901 Θεοφίλὲἕεέἑῗ)
1218 777 1561 831 ἐπισκόπου
1595 775 1874 840 Ἀλεξαν-

812 910 817 917 _
962 864 1189 916 ορειας.

334 966 435 1018 Ἐιι
453 963 578 1018 τῶν
593 960 742 1017 κατὰ
756 959 1114 1030 Ὠριτένους.
1131 953 1269 1012 Οὔτε
1282 960 1383 1030 τῆς
1394 961 1428 1031 ἡ
1437 959 1562 1029 μετέ
1571 976 1668 1030 ρας
1680 959 1709 1010 6
1715 957 1880 1029 μοιώ-

283 1071 445 1119 σεως,
470 1053 613 1124 πρὸς
648 1052 716 1124 ἢν
752 1048 1175 1119 κεκοινώνηκεν,
1198 1047 1277 1111 εἰς
1307 1048 1561 1119 θεότητος
1591 1047 1755 1116 φύσιν
1781 1064 1880 1117 με-

277 1145 719 1215 ταὸαλλομένης,
749 1141 876 1194 οὗτε
899 1143 998 1211 τῆς
1030 1138 1286 1208 θεότητος
1335 1136 1500 1191 αὑτοῦ
1531 1136 1877 1207 τρεπομένης

279 1241 357 1302 εἰς
373 1236 476 1307 τὴν
495 1233 774 1307 ἡμετέραν
797 1231 1079 1302 ὁμοίωσιν.
1105 1229 1277 1282 Μένει
1299 1228 1409 1298 γὰρ
1438 1227 1466 1280 ὃ
1486 1223 1553 1299 ἦν
1576 1227 1672 1280 ἀπ’
1701 1227 1877 1299 ἀρχῆς

278 1328 434 1391 856;-
455 1327 608 1397 μένει
628 1324 719 1376 καὶ
740 1324 841 1392 τὴν
874 1320 1031 1392 ἡμῶν
1049 1321 1106 1374 ὲν
1128 1319 1305 1391 ἑαυτῷ
1327 1317 1762 1390 παρασκευάζων
1780 1319 1879 1372 ῦπ-

278 1415 649 1491 αρξιν.-Τοῦ
662 1413 874 1479 αὑτοῦ,
885 1413 953 1466 ἐκ
970 1410 1079 1480 τῆς
1098 1411 1290 1480 αὐτῆς
1306 1411 1875 1481 πραγματείας.Ἀλλ’

278 1512 340 1563 οὐ
364 1513 477 1581 γὰρ
506 1509 607 1579 οὐχ
634 1504 922 1578 ἡσυχάζων
948 1503 1112 1556 πάλιν
1126 1501 1495 1573 βλασφημεῖς,
1524 1503 1876 1572 συκοφαντῶν

277 1603 371 1656 τὸν
400 1601 532 1654 Υἱὸν
556 1598 651 1653 τοῦ
677 1597 836 1662 Θεοῦ,
860 1595 957 1649 καὶ
984 1595 1161 1663 λέγων
1191 1595 1375 1658 αὐτοῖς
1398 1595 1641 1667 ῥήμασιν
1679 1595 1874 1661 οὕτως’

279 1696 456 1747 Ὥτπε
464 1711 498 1765 ρ
519 1695 549 1746 6
570 1690 697 1754 Υἱὸς
719 1689 813 1742 καὶ
827 1688 1016 1758 Πατὴρ
1031 1687 1090 1740 ἒν
1113 1688 1274 1751 εἰσιν,
1293 1685 1437 1740 οὕτω
1457 1686 1552 1740 καὶ
1570 1687 1636 1757 ἢν
1652 1686 1873 1758 εῐληφεν

274 1791 303 1843 6
332 1757 695 1855 Υἱὸς-ψυχὴν,
731 1782 827 1835 καὶ
859 1781 1044 1843 αὐτὸς,
1072 1778 1132 1832 ’ἐν
1165 1780 1325 1832 εισιν⁶
1357 1777 1567 1847 ἀγνοῶν
1597 1779 1679 1832 ὅτι
1710 1781 1739 1832 6
1760 1757 1870 1850 μὲν
1903 1757 1945 1812 Β

272 1881 407 1944 Υἱὸς
423 1879 524 1933 καὶ
542 1880 571 1930 6
595 1876 784 1947 Πατὴρ
802 1873 863 1927 ’ἐν
883 1874 989 1927 εἱσι
1011 1872 1102 1926 διὰ
1122 1870 1220 1943 τὴν
1241 1870 1371 1942 μίαν
1398 1870 1610 1936 οὐσίαν,
1640 1871 1736 1924 καὶ
1770 1870 1869 1943 τὴν

270 1973 456 2041 αὐτὴν
468 1969 713 2041 θεότηταο
729 1969 764 2037 ἡ
782 1966 840 2019 δὲ
859 1965 1008 2035 ψυχὴ
1024 1964 1120 2017 καὶ
1134 1963 1164 2015 6
1181 1961 1323 2027 Υἱὸς,
1344 1963 1505 2032 ἑτέρα
1527 1964 1661 2034 πρὸς
1677 1962 1870 2034 ἑτέραν

272 2064 433 2117 ἐστὶν
473 2061 628 2115 οὐσία
673 2076 735 2112 τε
780 2059 875 2111 καὶ
917 2057 1098 2127 φύσις.
1139 2056 1204 2109 Εἰ
1244 2054 1353 2126 γὰρ
1391 2053 1578 2125 ὥσπερ
1615 2055 1643 2105 6
1679 2054 1870 2126 Πατὴρ

273 2157 371 2212 καὶ
421 2154 454 2207 6
500 2154 629 2217 Υἱὸς
660 2153 720 2206 ἓν
756 2152 916 2214 εἰσιν,
952 2148 1096 2203 οὕτω
1132 2148 1227 2202 καὶ
1253 2150 1287 2219 ἡ
1315 2146 1461 2218 ψυχὴ
1489 2146 1583 2199 τοῦ
1614 2145 1743 2199 Υἱοῦ
1775 2147 1870 2200 καὶ

272 2253 303 2304 6
340 2248 476 2311 Tib;
513 2248 574 2301 ἓν
619 2247 778 2310 εἰσιν,
811 2243 966 2296 ἔσται
1016 2241 1121 2294 καὶ
1161 2242 1189 2293 6
1214 2237 1402 2310 Πατὴρ
1427 2239 1523 2291 xui.
1548 2239 1581 2309 ἡ
1610 2236 1756 2307 ψυχὴ
1787 2235 1866 2302 ἓν,

273 2343 372 2396 καὶ
407 2340 557 2405 λέξει
587 2336 720 2390 ποτὲ
773 2335 869 2389 καὶ
919 2335 955 2404 ἡ
1010 2329 1159 2403 ψυχὴ
1208 2329 1302 2383 τοῦ
1347 2328 1496 2382 Υἱοῦ·
1542 2346 1561 2379 ι
1606 2327 1664 2381 '0
1692 2328 1870 2397 ἑωρα-

272 2431 392 2494 κὼς
456 2431 585 2501 ἐμὲ,
651 2428 866 2498 ἑώρακε
923 2426 1016 2478 τὸν
1074 2423 1315 2495 Πατέρα.
1363 2440 1383 2474 ι
1435 2419 1575 2474 Ἀλλ’
1606 2418 1708 2473 οὐκ
1753 2419 1870 2473 ἐστι

273 2522 459 2585 τοῦτο,
494 2519 574 2591 μὴ
601 2520 832 2587 γένοιτο.
863 2518 922 2570 ’0
948 2518 1057 2588 γὰρ
1080 2515 1207 2578 Υἱὸς
1236 2516 1331 2568 καὶ
1350 2513 1379 2565 6
1405 2513 1595 2584 Πατὴρ
1617 2511 1694 2577 ἐν,
1719 2512 1870 2565 ἒπει-

273 2614 343 2685 δὴ
382 2614 462 2684 μὴ
500 2613 750 2681 διάφοροι
790 2609 1108 2679 ποιότητεςο
1145 2609 1179 2679 ἡ
1230 2606 1287 2660 δὲ
1339 2605 1488 2677 ψυχὴ
1523 2605 1620 2659 καὶ
1649 2606 1678 2657 6
1717 2604 1867 2669 Υἱὸς,

272 2706 378 2759 καὶ
402 2707 469 2775 τῇ
503 2703 684 2773 φύσει,
724 2702 818 2754 καὶ
848 2703 916 2772 τῇ
950 2700 1110 2771 οὐσίᾳ
1136 2700 1345 2772 ἕτερον,
1382 2697 1573 2769 ἐπειδὴ
1606 2697 1701 2752 καὶ
1731 2695 1869 2768 αὐτὴ

272 2798 346 2852 δι’
415 2795 582 2850 αὑτοῦ
618 2795 841 2863 γέγονεν
891 2792 1179 2864 ὀμοούσιος
1237 2793 1369 2863 ἡμῖν
1425 2791 1771 2863 ὑπάρχουσα.
1806 2789 1868 2842 El

274 2888 395 2960 γὰρ
423 2881 469 2955 ᾧ
515 2886 705 2956 τρόπῳ
737 2885 766 2936 6
804 2884 996 2955 Πατὴρ
1030 2882 1124 2936 καὶ
1152 2884 1181 2935 6
1229 2881 1359 2944 Υἱός
1402 2882 1541 2935 εἰσιν
1578 2880 1656 2946 ἓν,
1696 2879 1870 2951 τούτῳ

274 2980 357 3049 τῷ
400 2978 590 3048 τρόπῳ
616 2976 713 3029 καὶ
756 2977 789 3045 ἡ
824 2975 970 3045 ψυχὴ
1005 2975 1098 3028 καὶ
1131 2975 1160 3026 6
1201 2974 1331 3041 Υἱὸς
1359 2973 1418 3026 ἒν
1446 2975 1574 3038 εἱσι,
1605 2974 1746 3028 κατὰ
1779 2975 1869 3028 τὸν

1980 503 2183 559 corpus
2216 500 2495 546 mortuum
2528 490 2928 557 resuscitando,
2972 506 3082 546 non
3119 491 3223 545 tale
3261 501 3464 554 autem,
3496 510 3564 546 ne

1979 596 2175 637 rursus
2194 583 2492 638 obnoxium
2508 592 2655 639 esset
2675 582 3040 657 corruptioni,
3059 599 3163 639 nec
3185 584 3383 639 iterum
3402 586 3564 638 morti

1978 674 2381 729 succumberet.

2124 785 2282 859 154
2318 786 2471 842 Beati
2497 786 2765 858 Theophili
2795 787 3021 858 episcopi
3060 786 3417 860 Alexandria.

2048 961 2134 1015 Ea:
2158 963 2223 1016 iis
2253 979 2369 1033 quae
2393 965 2603 1035 scripsit
2632 965 2886 1020 adversus
2911 963 3213 1036 Origenem.
3240 965 3351 1019 Nec
3369 965 3563 1020 simili-

1978 1052 2169 1108 tudine
2206 1062 2415 1119 nostra,
2440 1071 2603 1125 quam
2637 1057 2956 1127 assumpsit,
2981 1057 3037 1111 in
3072 1056 3375 1111 divinitatis
3405 1070 3564 1111 natu-

1978 1145 2095 1200 ram
2135 1154 2366 1212 mutata,
2396 1162 2500 1202 nec
2534 1147 2822 1203 divinitate
2852 1148 3025 1218 ipsius
3055 1148 3110 1203 in
3141 1148 3560 1204 similitudinem

1976 1247 2220 1292 nostram
2245 1253 2529 1294 conversa.
2557 1239 2737 1295 Manet
2764 1240 2936 1305 enim,
2964 1240 3110 1310 quod
3142 1240 3211 1294 ab
3238 1240 3396 1294 initio
3419 1251 3559 1303 erat,

1976 1329 2122 1384 Deus
2153 1347 2165 1383 :
2191 1339 2376 1385 manet
2396 1330 2584 1396 etiam,
2609 1339 2852 1386 nostram
2877 1331 2933 1385 in
2959 1332 3140 1402 seipso
3166 1332 3411 1386 retinens
3433 1330 3564 1385 sub-

1977 1417 2254 1472 stantiam.
2276 1449 2347 1458 —-
2368 1419 2642 1489 Ejusdem,
2677 1436 2741 1473 ea:
2783 1420 2964 1473 eodem
2998 1436 3171 1491 opere.
3199 1418 3270 1474 At
3296 1434 3428 1474 vero
3450 1434 3559 1473 non

1977 1509 2236 1565 desinens
2254 1510 2452 1565 iterum
2471 1511 2838 1582 blasphemas,
2857 1511 3055 1566 Filium
3077 1511 3174 1565 Dei
3196 1510 3557 1575 calumniam,

1977 1607 2034 1654 et
2070 1599 2156 1654 his
2180 1600 2366 1656 verbis
2398 1609 2560 1657 utens
2599 1621 2611 1654 :
2659 1600 3133 1668 Quemadmodum
3180 1601 3355 1655 Filius
3384 1608 3438 1653 et
3459 1600 3561 1654 Pa-
3612 1626 3615 1631 ι

1979 1700 2064 1746 ter
2080 1708 2249 1747 unum
2281 1703 2430 1759 sunt,
2456 1694 2536 1750 sic
2571 1703 2627 1749 et
2663 1696 2845 1749 anima
2876 1708 3041 1763 quam
3068 1691 3361 1762 assumpsit
3390 1691 3561 1746 Filius

1972 1791 2029 1837 ct
2050 1783 2166 1852 ipse
2193 1800 2364 1838 unum
2391 1793 2519 1838 sunt
2550 1802 2564 1838 ι
2600 1785 2855 1839 nesciens
2878 1784 3025 1854 quod
3051 1783 3222 1837 Filius
3247 1782 3469 1853 quidem
3502 1792 3558 1837 et

1971 1875 2133 1930 Pater
2165 1891 2336 1930 unum
2379 1875 2490 1930 sint
2532 1884 2761 1947 propter
2814 1890 2979 1928 unam
3012 1876 3027 1894 ⁴
3066 1875 3451 1939 substantiam,
3501 1885 3559 1929 et

1970 1967 2220 2023 eamdem
2251 1967 2599 2022 divinitatem
2627 1985 2640 2021 ε
2667 1967 2849 2022 anima
2878 1974 3061 2020 autem
3088 1974 3143 2020 et
3183 1966 3355 2021 Filius
3376 1966 3561 2021 diver-

1970 2074 2087 2114 sam
2145 2059 2291 2114 inter
2341 2074 2400 2113 se
2455 2057 2816 2113 substantiam
2880 2057 3119 2111 habeant
3170 2066 3225 2112 et
3276 2066 3555 2111 naturam.

1972 2152 2029 2207 Si
2072 2152 2222 2206 enim
2266 2144 2421 2206 sicut
2456 2150 2619 2205 Pater
2646 2158 2703 2204 et
2748 2150 2920 2204 Filius
2954 2165 3126 2203 unum
3175 2156 3336 2207 sunt.
3376 2148 3457 2203 sic
3499 2157 3557 2203 et

1969 2244 2150 2298 anima
2177 2242 2298 2297 Filii
2331 2250 2387 2297 et
2417 2241 2591 2296 Filius
2617 2257 2789 2296 unum
2830 2250 2979 2305 sunt,
3012 2250 3177 2295 erunt
3207 2250 3262 2295 et
3303 2243 3465 2296 Pater
3496 2251 3558 2297 et

1970 2335 2151 2390 anima
2175 2350 2366 2400 unum,
2392 2341 2446 2389 et
2471 2333 2618 2390 dicet
2641 2333 2937 2404 aliquando
2965 2333 3129 2388 etiam
3168 2332 3289 2387 Filii
3325 2333 3504 2388 anima
3537 2351 3553 2389 :

1978 2445 1996 2478 ι
2030 2426 2134 2493 Qui
2156 2426 2296 2481 vidit
2321 2442 2429 2493 me,
2459 2426 2599 2481 vidit
2629 2427 2848 2481 Patrem
2885 2428 2951 2481 “’.
3003 2445 3023 2477 ι
3053 2425 3161 2482 Sed
3202 2442 3312 2480 non
3345 2427 3419 2481 ita
3447 2436 3552 2489 est,

1969 2517 2151 2574 absit!
2190 2518 2326 2573 Nam
2368 2518 2538 2600 Filius
2568 2526 2623 2573 et
2670 2519 2833 2573 Pater
2873 2534 3043 2574 unum
3093 2526 3241 2583 sunt,
3287 2518 3415 2589 quia
3442 2534 3553 2575 non

1971 2619 2100 2665 sunt
2163 2609 2394 2665 diversae
2436 2611 2732 2681 qualitates
2779 2630 2791 2666 :
2834 2612 3017 2667 anima
3063 2626 3197 2666 vero
3249 2619 3306 2666 et
3348 2611 3555 2675 Filius,

1970 2711 2026 2759 et
2067 2712 2265 2758 natura
2319 2712 2375 2758 et
2418 2702 2726 2758 substantia
2780 2703 3079 2768 dilIerunt,
3138 2703 3268 2773 quia
3325 2709 3383 2757 et
3440 2701 3557 2772 ipsa

1971 2810 2190 2866 quoque
2247 2810 2347 2865 per
2402 2809 2528 2850 eum
2593 2795 2733 2850 facta
2798 2804 2915 2860 est,
2967 2794 3215 2850 eamdem
3267 2793 3556 2849 nobiscum

1972 2886 2182 2942 habens
2207 2886 2592 2942 substantiam.
2626 2886 2683 2941 Si
2710 2886 2880 2953 enim,
2910 2886 3370 2957 quemadmodum
3395 2886 3558 2941 Pater

1971 2987 2029 3034 et
2052 2979 2223 3034 Filius
2244 2994 2414 3033 unum
2434 2987 2582 3044 sunt,
2612 2979 2693 3033 sic
2716 2980 2898 3033 anima
2922 2987 2976 3035 et
3006 2980 3177 3033 Filius
3207 2994 3378 3033 unum
3406 2988 3555 3041 sunt,

286 3071 607 3144 Ὦριγὲνην,
661 3068 814 3120 ἔσται
859 3066 955 3119 καὶ
987 3067 1019 3136 ἡ
1056 3065 1224 3137 ψυχὴ,
1263 3066 1339 3130 ὡς
1369 3068 1398 3119 6
1427 3066 1573 3130 Υἱὸς,
1614 3066 1868 3136 ἀπαύγα-

1979 3080 2034 3125 ιιῐ
2061 3070 2181 3124 vult
2206 3068 2490 3140 Origenes,
2519 3070 2625 3124 erit
2650 3079 2705 3124 et
2737 3070 2940 3135 anima,
2977 3070 3118 3124 sicut
3146 3070 3335 3133 Filius,
3377 3070 3560 3139 splen-

279 3179 402 3233 αμα
434 3162 538 3232 τῆς
564 3159 721 3230 δῦξης
743 3158 837 3213 τοῦ
870 3158 1026 3225 Θεοῦ,
1061 3158 1158 3212 καὶ
1188 3161 1477 3231 χαρακτὴρ
1504 3159 1602 3230 τῆς
1631 3159 1872 3214 ὑποστά-

277 3271 427 3317 σεως
465 3252 658 3307 αὐτοῦ.
701 3250 863 3305 Ἀλλὰ
920 3250 1026 3322 μὴν
1080 3249 1338 3303 ἀδύνατον
1390 3249 1568 3303 τοῦτο’
1611 3250 1874 3305 ἀδύνατον

272 3348 393 3418 ἄρα
427 3347 524 3398 καὶ
551 3343 644 3396 τὸν
665 3343 792 3398 Υίὸν
829 3343 922 3396 καὶ
963 3342 1064 3413 τὴν
1090 3341 1268 3413 ψυχὴν
1309 3342 1473 3396 αὐτοῦ
1501 3342 1555 3396 ἓν
1584 3338 1744 3405 εἶναι,
1778 3360 1876 3396 κα-

273 3441 468 3511 θάπερ
499 3438 663 3501 αὐτὸς
713 3436 807 3490 καὶ
853 3439 883 3490 ὁ
921 3435 1109 3507 Πατὴρ
1152 3435 1212 3488 ἓν
1263 3437 1389 3489 εἱσι.
1428 3436 1536 3490 Καὶ
1572 3435 1625 3488 τί
1659 3436 1875 3504 ποιήσει

272 3537 453 3591 πάλιν
491 3532 673 3603 ἑαυτῷ
725 3530 1105 3604 περιπεπτων;
1162 3531 1200 3584 Γ
1208 3530 1367 3600 ράφει
1417 3530 1523 3602 γὰρ
1558 3529 1750 3588 οὕτως.
1798 3530 1874 3583 Οὐ

272 3627 458 3697 δήπου
488 3623 603 3694 γὰρ
626 3625 661 3694 ἡ
686 3622 1069 3694 τεταραγμένη
1112 3624 1206 3674 καὶ
1228 3620 1526 3690 περίλυπος
1555 3616 1691 3673 οὖσα
1728 3618 1876 3689 ψυχὴ

273 3722 307 3772 6
340 3715 663 3785 Μονογενὴς
685 3716 780 3768 καὶ
810 3714 1152 3785 πρωτότοκος
1179 3713 1360 3784 πάσης
1386 3711 1617 3776 κτίσεως
1642 3711 1875 3782 ἐτύγχαο

275 3828 375 3865 νεν
416 3804 577 3863 οὖσα.
639 3808 696 3859 '0
720 3805 831 3877 γὰρ
856 3805 988 3869 Θεὸς
1016 3805 1208 3873 Λόγος,
1235 3804 1312 3867 ὼς
1337 3802 1601 3874 κρείττων
1637 3803 1736 3873 τῆς
1774 3804 1877 3872 ψυ-

279 3904 390 3972 χῆς
422 3898 733 3967 τυγχάνων,
765 3896 926 3959 αὐτὸς
963 3894 1134 3959 ὀΥἱός
1165 3912 1351 3966 φησιν,
1388 3914 1407 3947 ‹
1452 3895 1733 3959 Ἐξουσίαν
1767 3893 1877 3963 ἔχω

280 3990 461 4042 θεῖναι
518 3985 710 4055 αὐτὴν,
733 3985 828 4039 καὶ
874 3984 1124 4050 ἐξουσίαν
1158 3984 1265 4054 ἔχω
1293 3983 1476 4037 λαϐεῖν
1526 3984 1719 4051 αὑτήν.
1755 4002 1775 4036 ο
1813 3984 1877 4037 El

278 4079 468 4134 τοίνυν
485 4079 750 4149 κρείττων
774 4077 921 4129 ἐστὶν
942 4078 969 4129 6
993 4076 1119 4139 Υἱὸς
1139 4077 1239 4147 τῆς
1261 4075 1455 4129 ἑαυτοῦ
1474 4073 1674 4146 ψυχῆς,
1688 4074 1878 4146 ὥσπερ

280 4168 380 4225 οὖν
403 4172 500 4224 καὶ
522 4170 786 4240 κρείττων
812 4167 1179 4239 ὡμολόγηται,
1198 4165 1315 4230 πῶς
1346 4166 1544 4238 ἡψυχὴ
1569 4167 1756 4220 τούτου
1789 4168 1879 4221 ἴσα

283 4261 430 4332 Θεῷ,
455 4260 557 4315 καὶ
588 4263 647 4313 ὲν
696 4262 877 4331 μορφῇ
922 4259 1118 4324 aii-toﬁ;
1168 4257 1346 4328 Αὐτὴν
1369 4257 1478 4329 γάρ
1520 4252 1660 4310 εἶναί
1696 4274 1879 4328 φαμεν

1976 3160 2078 3216 dor
2112 3151 2298 3232 gloria:
2330 3161 2447 3224 Dei,
2479 3169 2535 3216 et
2571 3161 2855 3217 character
2883 3162 3201 3216 substantiae
3238 3161 3427 3232 ipsius.
3466 3162 3559 3215 At-

1976 3253 2069 3323 qui
2095 3253 2200 3308 hoc
2227 3252 2343 3308 fieri
2367 3253 2579 3323 nequit.
2610 3253 2952 3323 lmpossibile
2975 3264 3060 3308 est
3088 3252 3277 3323 igitur,
3306 3261 3363 3306 ut
3391 3253 3561 3307 Filius

1974 3354 2031 3400 et
2054 3346 2173 3415 ejus
2198 3345 2378 3399 anima
2407 3360 2577 3398 unum
2616 3345 2745 3408 sint,
2778 3343 2921 3399 sicut
2950 3345 3065 3415 ipse
3106 3352 3160 3399 et
3200 3344 3361 3398 Pater
3389 3360 3557 3399 unum

1977 3447 2123 3493 sunt.
2158 3437 2314 3508 155
2354 3438 2422 3492 Et
2464 3436 2597 3507 quid
2643 3437 2808 3491 faciet
2861 3452 3053 3491 rursus
3098 3436 3203 3490 sibi
3249 3435 3353 3506 ipsi
3396 3452 3561 3506 repu-

1975 3531 2184 3600 gnans?
2210 3530 2301 3584 Sic
2317 3530 2464 3583 enim
2489 3529 2683 3584 scribit
2711 3547 2722 3582 :
2752 3528 3105 3598 Nequaquam
3141 3529 3359 3583 turbata
3384 3537 3440 3581 et
3462 3531 3560 3582 tri-

1977 3620 2077 3676 stis
2109 3620 2289 3673 anima
2315 3620 2641 3688 Unigenitus
2683 3627 2820 3682 erat,
2859 3626 2915 3672 et
2944 3619 3351 3689 Primogenitus
3380 3620 3560 3673 cumis

1977 3721 2245 3770 creatura:
2274 3712 2340 3763 ³⁰.
2368 3711 2503 3765 Nam
2535 3712 2679 3764 Deus
2706 3709 2968 3773 Verbum,
2998 3718 3058 3763 ut
3092 3711 3274 3764 anima
3299 3719 3560 3780 praestan-

1978 3807 2108 3871 tior,
2150 3805 2266 3874 ipse
2300 3803 2472 3858 Filius
2514 3804 2591 3856 ait
2634 3819 2648 3855 :
2683 3821 2700 3853 ι
2739 3802 3066 3856 Potestatem
3099 3801 3276 3856 habeo
3319 3802 3556 3872 ponendi

1977 3912 2121 3961 eam,
2165 3904 2221 3951 et
2262 3903 2585 3966 potestatem
2636 3894 2811 3949 habeo
2838 3895 3152 3949 assumendi
3197 3910 3317 3948 eam
3356 3895 3419 3949 ".
3453 3913 3470 3945 ι
3501 3894 3558 3949 Si

1978 3989 2144 4060 igitur
2171 3987 2341 4043 Filius
2364 3991 2713 4057 prazstantior
2739 3995 2823 4041 est
2869 3987 3051 4041 anima
3084 4003 3202 4043 sua.
3236 3987 3377 4041 sicut
3416 4003 3559 4057 pra:-

1980 4081 2301 4137 stantiorem
2325 4095 2445 4135 esse
2469 4079 2525 4133 in
2546 4079 2796 4134 confesso
2817 4087 2921 4143 est,
2944 4079 3220 4149 quomodo
3240 4080 3359 4150 ejus
3382 4080 3561 4135 anima

1977 4174 2204 4245 aequalis
2224 4182 2307 4229 est
2331 4174 2465 4237 Deo,
2485 4179 2539 4226 et
2565 4172 2618 4226 in
2643 4172 2819 4226 forma
2845 4172 3051 4241 ipsius?
3071 4172 3245 4241 Ipsam
3271 4173 3417 4226 enim
3440 4188 3561 4227 esse

1980 4267 2239 4328 dicimus,
2270 4281 2392 4335 quae
2436 4265 2670 4334 seipsam
2704 4264 3027 4326 exinanivit,
3063 4272 3119 4319 ct
3152 4265 3297 4319 servi
3329 4264 3559 4319 formam
3598 4286 3603 4290 -

282 4357 390 4426 τὴν
413 4352 532 4424 (34)
556 4350 874 4405 κενώσασαν
895 4350 1113 4422 ἑαυτὴν,
1136 4351 1230 4402 καὶ
1246 4350 1458 4421 μορφὴν
1481 4349 1669 4403 δούλου
1685 4348 1875 4405 λαϐοῦ-

1980 4361 2191 4431 accepit
2225 4360 2290 4414 “.
2325 4359 2505 4425 Quare
2538 4357 2842 4429 (Origenes)
2875 4372 3068 4412 omnes
3105 4358 3242 4412 alios
3280 4358 3563 4413 haereticos

288 4463 414 4501 σαν.
433 4446 568 4509 Ταῖς
588 4446 690 4498 ὺπε
700 4445 911 4516 ρδολαῖς
929 4443 1036 4497 τῶν
1064 4442 1324 4496 ἀσεϐειῶν
1347 4442 1741 4513 ἐπισημότερος
1769 4440 1875 4495 τῶν

1983 4453 2264 4523 impietate
2303 4460 2544 4520 superat,
2575 4457 2637 4503 ut
2675 4449 3191 4504 demonstravimus.
3227 4449 3283 4504 Si
3311 4436 3463 4504 enim
3508 4449 3561 4503 in

286 4538 470 4592 ωλων
490 4536 785 4607 αἱρετικῶν
814 4536 1047 4604 ἐγένετο,
1073 4533 1147 4596 ὥς
1177 4532 1661 4604 ἐπεσημηνάμεθα.
1691 4534 1750 4586 Εἰ
1769 4533 1878 4606 γάρ

287 4629 349 4680 ἐν
384 4627 570 4697 μορφῇ
612 4623 748 4677 Θεοῦ
781 4624 1015 4693 ὑπάρχει
1051 4624 1080 4674 ὁ
1105 4623 1295 4689 Λόγος,
1321 4621 1413 4675 καὶ
1440 4621 1530 4675 ῐσα
1562 4621 1681 4692 Θεῷ
1709 4623 1875 4685 ἐστιν,

290 4721 352 4771 ἐν
402 4719 588 4788 μορφῇ
640 4715 698 4769 δὲ
753 4715 886 4768 Θεοῦ
915 4714 1179 4787 ὑπάρχειν
1202 4715 1295 4767 καὶ
1311 4712 1400 4767 ἴσα
1424 4711 1544 4778 Θεῷ
1568 4715 1667 4785 τὴν
1701 4713 1879 4785 ψυχὴν

293 4810 393 4863 τοῦ
417 4808 672 4879 Σωτῆρος
694 4808 884 4872 οἴεται,
915 4806 1192 4876 τολμήσας
1218 4804 1361 4858 οὕτω
1393 4804 1624 4874 γράψαι,
1661 4804 1779 4868 πῶς
1820 4805 1882 4858 τὸ

302 4904 419 4955 iam:
451 4901 696 4969 κρεῖττόν
726 4902 876 4963 ἔστη
909 4899 991 4951 Τὰ
1013 4897 1119 4969 γὰρ
1141 4897 1519 4968 ὑποϐεϐηκότα
1568 4896 1667 4969 τὴν
1724 4897 1885 4967 φύσιν

298 4991 412 5046 τῶν
429 4992 569 5062 ὑπὲρ
592 4992 730 5046 αὐτὰ
755 4994 999 5063 κρεῖττον
1037 4992 1325 5062 μαρτυρεῖ.

308 5106 424 5161 Τοῦ
463 5106 636 5175 ἁγίου
696 5105 969 5161 Ἰωάννου
1000 5104 1105 5160 τοῦ
1146 5103 1600 5173 Χρυσοστόμου,
1633 5103 1878 5157 ἐπισκό-

653 5191 776 5229 που
807 5175 1523 5239 Κωνσταντινουπὸνιεως.

395 5267 534 5323 Ἀπὸ
571 5269 758 5339 λόγου
808 5268 879 5322 ἐν
926 5266 1001 5335 τῇ
1050 5268 1280 5337 μεγάλη
1326 5265 1626 5334 ἐκκλησίᾳ
1664 5264 1883 5334 ῥηθέν-

380 5405 428 5437 ²⁹
451 5404 603 5460 Joan.
632 5420 744 5469 ειν,
780 5404 832 5459 9.
914 5404 958 5436 ³⁸
983 5404 1191 5459 Coloss.
1232 5419 1271 5467 ι,
1299 5402 1384 5457 l5.
1463 5402 1506 5433 ³⁸
1534 5402 1691 5458 Joan.
1731 5418 1786 5468 ι,
1814 5403 1902 5458 18.

313 5596 328 5609 .
387 5524 687 5611 {33).Alilud
737 5525 908 5611 liujus
947 5522 1232 5594 scriptoris
1280 5520 1646 5591 fragmentum
1703 5530 1882 5575 exstat

313 5596 469 5656 imm,
506 5596 557 5649 in
583 5596 713 5650 dial.

391 5665 496 5733 (3i)
529 5666 647 5735 τήν.
674 5665 775 5719 Ed.
816 5663 973 5735 ltum.
1022 5671 1077 5716 et
1114 5661 1258 5731 Lips.
1298 5661 1635 5735 [immittunt
1666 5660 1746 5723 ὃς.
1782 5660 1879 5735 sed

321 5731 493 5792 minus
516 5731 673 5791 bene.
721 5734 955 5805 Strigelii
993 5734 1368 5802 interpretatio
1405 5750 1417 5785 :
1455 5751 1470 5781 ι
1518 5731 1691 5802 Ipsam
1737 5732 1883 5785 enim

1983 4546 2156 4601 forma
2188 4544 2285 4599 Dei
2314 4553 2400 4597 est
2425 4542 2688 4604 Verbum,
2714 4550 2770 4597 et
2794 4543 2906 4596 Deo
2934 4550 3016 4596 est
3038 4542 3266 4611 aequale,
3300 4542 3355 4595 in
3389 4541 3561 4595 forma

1984 4651 2115 4691 vero
2146 4634 2239 4689 Dei
2267 4649 2409 4699 esse,
2444 4641 2500 4687 et
2526 4632 2792 4702 aequalem
2826 4647 2946 4686 esse
2970 4632 3083 4686 Deo
3114 4632 3351 4686 animam
3380 4631 3565 4686 Salva-

1986 4726 2120 4782 toris
2150 4733 2335 4797 putat,
2371 4724 2466 4794 qui
2517 4723 2597 4779 sic
2643 4722 2888 4777 scribere
2920 4737 3088 4776 ausus
3132 4731 3244 4786 est,
3289 4721 3564 4792 quomodo

1981 4818 2128 4889 quod
2160 4825 2246 4872 est
2270 4815 2477 4884 aequale
2503 4812 2856 4883 praestantius
2883 4812 3000 4867 est?
3022 4811 3154 4878 Quae
3189 4811 3335 4866 enim
3370 4819 3564 4864 natura

1982 4909 2241 4964 inferiora
2273 4915 2422 4969 sunt,
2444 4921 2635 4960 eorum
2661 4920 2782 4974 quae
2811 4919 2975 4974 supra
3009 4903 3122 4974 ipsa
3150 4912 3276 4958 sunt
3304 4910 3566 4972 praestau—

1984 5000 2116 5054 tiam
2152 5004 2445 5053 testantur.

2055 5106 2239 5163 Sancti
2273 5090 2496 5162 Joannis
2536 5106 2913 5230 Climsosltfimi.
2935 5103 3157 5176 episcopi
3197 5099 3496 5156 Constanti-

2617 5194 2752 5230 ηουο
2779 5194 2793 5230 ι
2822 5192 2932 5230 am.
3119 5222 3125 5228 .

2617 5192 2932 5247 nopoutam.

2061 5270 2145 5325 Ea:
2189 5271 2427 5325 oratione
2468 5286 2627 5340 quam
2672 5271 2726 5324 in
2764 5284 2960 5339 magna
2992 5263 3207 5320 ecclesia
3252 5264 3453 5320 habuit.
3490 5264 3566 5321 Ac

1978 5404 2022 5436 ³²
2050 5406 2283 5476 Philipp.
2314 5422 2373 5470 ιι,
2416 5406 2468 5458 ‘7.
2524 5400 2528 5405 “

1985 5537 2105 5577 esse
2140 5523 2372 5577 dicimus
2405 5512 2642 5575 formam'
2694 5521 2835 5575 servi
2889 5537 2919 5576 a
2952 5521 3092 5576 Filio
3144 5530 3499 5590 assumptam,
3542 5540 3560 5570 ι

1988 5593 2148 5714 alliam
2188 5594 2371 5661 prodit
2418 5592 2730 5655 lectionem,
2769 5592 2871 5646 nisi
2904 5608 2971 5647 ex
3004 5591 3221 5661 ingenio
3252 5589 3343 5646 sit,
3378 5604 3563 5644 emen-

2030 5675 2134 5718 aia.
