4010 6212
463 312 568 379 139

1465 307 1950 368 TIIEODORETI
1989 305 2326 365 EPISCOPI
2366 304 2732 365 CYRENSIS

3614 305 3712 372 200

461 423 724 480 Dominus
758 419 978 490 quidem
1011 428 1135 473 tuus
1165 418 1220 472 in
1250 417 1446 472 cmlum
1478 416 1675 471 extulit
1700 416 1977 470 hominem
2022 431 2034 466 :

2144 431 2260 478 τος.
2300 415 2408 468 Καὶ
2438 417 2465 467 ὁ
2506 413 2607 484 μὲν
2655 412 2934 481 Δεσπότης
2971 429 3063 464 σου
3083 413 3159 476 είς
3183 413 3409 482 οὐρανὸν
3439 417 3713 488 ἀνήγαγεν

463 529 522 571 ιιι
549 523 732 568 autem
767 528 870 565 nec
903 511 1083 564 lorum
1106 509 1210 579 ipsi
1238 508 1513 563 concedis.
1541 508 1646 562 Sed
1671 507 1804 576 quid
1833 507 1955 561 dico
1979 506 2036 559 in

462 606 694 663 cmlum?
730 605 784 658 in
824 603 987 673 regali
1024 602 1221 656 throno
1252 601 1539 655 collocavit
1565 619 1578 652 :
1609 608 1667 653 tu
1701 614 1831 653 vero
1869 597 2037 652 etiam

461 713 529 751 ex
565 697 702 750 urbe
753 695 905 748 illum
947 693 1582 762 expellis—Ejusdem,
1624 693 1678 744 in
1723 692 2038 761 principium

461 789 656 858 psalmi
684 803 788 840 xu.
823 787 941 839 Non
979 795 1155 839 cessat
1182 785 1382 838 Paulus
1414 785 1469 838 in
1502 783 1830 837 hodiernum
1866 797 2038 850 usque

461 879 608 933 diem
645 881 660 898 '
691 877 876 931 dicere
912 893 924 928 :
957 895 974 926 ι
1014 877 1118 929 Pro
1155 874 1375 930 Christo
1422 875 1691 945 legatione
1725 873 2036 942 fungimur,

461 979 721 1038 tanquam
756 969 866 1021 Deo
895 967 1219 1021 exhortante
1264 983 1364 1035 per
1384 982 1504 1028 nos,
1544 967 1898 1020 obsecramus
1942 980 2041 1035 pro

467 1061 630 1131 156
657 1059 880 1114 Christo
899 1100 912 1121 ,
937 1059 1365 1113 reconciliamini
1413 1061 1523 1113 Deo
1559 1060 1624 1114 ³³.
1646 1059 1756 1113 Nec
1789 1075 1918 1112 vero
1949 1057 2043 1111 hic

462 1151 706 1208 substitit
730 1168 744 1205 :
770 1151 866 1206 sed
891 1159 947 1204 et
975 1151 1041 1205 de
1071 1160 1160 1204 tua
1187 1159 1380 1204 natura
1403 1148 1637 1218 sumptis
1658 1148 1936 1218 primitiis,
1959 1163 2043 1203 se-

465 1245 592 1299 dem
623 1244 909 1312 oecupavit
941 1257 1107 1311 supra
1132 1257 1349 1294 omnem
1385 1240 1772 1310 principatum,
1808 1248 1863 1293 et
1886 1248 2043 1308 pote-

465 1346 693 1399 statem,
724 1345 780 1391 et
825 1336 1081 1389 virtutem
1102 1374 1116 1395 ,
1149 1342 1204 1387 et
1253 1349 1415 1386 omne
1463 1348 1662 1386 nomen
1692 1331 1838 1400 quod
1869 1331 2046 1385 nomi-

465 1434 648 1488 natur,
675 1440 782 1478 non
815 1424 991 1477 solum
1029 1422 1082 1475 in
1109 1423 1213 1475 hoc
1239 1422 1458 1484 saeculo,
1481 1436 1670 1474 verum
1699 1421 1862 1474 etiam
1888 1420 1942 1473 in
1963 1419 2046 1474 lu-

465 1525 594 1570 turo
625 1517 689 1568 ³⁸.
726 1513 866 1581 Quid
894 1514 1021 1567 huic
1049 1513 1245 1566 honori
1275 1513 1580 1581 comparari
1601 1512 1821 1580 potest?
1850 1512 2046 1565 Primi-

464 1607 554 1661 tias
583 1606 799 1676 generis
843 1605 1036 1667 nostri,
1066 1603 1212 1672 quod
1245 1603 1300 1657 in
1344 1612 1451 1656 tam
1499 1602 1687 1657 multis
1713 1601 1964 1664 oll‘endit,
1993 1610 2050 1656 et

466 1695 764 1766 ignominia
803 1695 1056 1748 allectum
1083 1702 1185 1756 est,
1214 1694 1270 1746 in
1299 1702 1447 1747 tanta
1473 1692 1809 1746 sublimitate
1833 1691 2044 1753 sedent,

465 1795 726 1854 tantoque
755 1786 963 1838 honore
989 1784 1267 1836 fruuntur.
1291 1813 1358 1821 —
1383 1783 1660 1851 Ejusdem,
1702 1783 1765 1834 de
1794 1782 2044 1834 divisione

467 1876 790 1947 linguarum.
835 1875 1019 1944 Cogita
1065 1874 1211 1926 enim
1248 1873 1406 1942 quale
1451 1873 1523 1926 sit
1570 1872 1758 1926 videre
1790 1881 2044 1926 naturam

465 1974 710 2022 nostram
735 1981 897 2034 supra
927 1963 1226 2018 Cherubim
1248 1961 1396 2026 vehi,
1421 1970 1477 2017 et
1497 1977 1712 2016 onmem
1744 1963 2045 2032 angelicam

397 2115 408 2122 ,
465 2066 790 2128 potestatem
846 2055 1025 2110 eidem
1097 2053 1485 2108 circumfusam
1548 2069 1688 2108 esse.
1748 2053 2047 2108 Considera

468 2149 628 2202 etiam
662 2147 813 2201 Pauli
853 2146 1194 2215 sapientiam,
1222 2154 1356 2214 quot
1396 2145 1616 2198 nomina
1647 2146 1957 2214 conquirat,
1987 2153 2048 2199 ut

464 2235 669 2292 Christi
694 2253 820 2306 erga
849 2251 947 2288 nos
967 2250 1206 2288 amorem
1231 2235 1486 2289 ostendat
1513 2235 1576 2286 ³⁸.
1606 2235 1724 2287 Non
1747 2235 1894 2287 enim
1918 2235 2048 2288 sim-

466 2327 683 2396 pliciter
724 2326 862 2378 dixit
902 2328 1155 2396 gratiam,
1184 2341 1286 2380 nec
1317 2325 1637 2394 simpliciter
1679 2325 1912 2390 divitias,
1949 2325 2046 2379 sed

466 2419 748 2472 eminentes
796 2417 1002 2470 divitias
1035 2418 1222 2487 gratia:
1252 2419 1306 2469 in
1345 2416 2046 2487 bonitate.—Ejusdem,ex

467 2511 705 2563 oratione
738 2510 1058 2579 dogmatiea,
1099 2511 1236 2579 quod
1270 2509 1540 2562 humiliter
1573 2511 1711 2563 dicta
1743 2520 1790 2562 et
1825 2511 1966 2579 facta
2011 2527 2045 2562 a

465 2601 693 2662 Christo,
747 2618 851 2653 non
896 2610 1109 2671 propter
1145 2601 1552 2655 imbecillitatem
1611 2604 1856 2671 potentia:
1905 2603 2043 2656 dicta

466 2700 515 2746 et
548 2693 688 2761 facta
713 2693 837 2755 sint,
887 2692 974 2745 sed
1019 2700 1231 2761 propter
1280 2693 1456 2746 varias
1514 2693 1917 2763 dispensationis
1956 2711 2046 2747 ra-

467 2785 648 2838 tiones.
679 2785 743 2838 Et
768 2792 888 2853 post
915 2785 1396 2845 resurrectionem,
1433 2784 1776 2838 incredulum
1799 2785 2043 2853 discipu-

465 2877 579 2931 lum
608 2876 820 2939 videns,
852 2891 962 2928 non
1005 2875 1276 2929 recusavit
1317 2874 1414 2944 ipsi
1447 2883 1502 2928 et
1530 2875 1756 2930 vulnera
1785 2885 1840 2928 et
1865 2877 2045 2930 clavo-

467 2985 588 3023 rum
633 2966 859 3036 vestigia
902 2966 1213 3031 ostendere,
1246 2974 1301 3020 et
1347 2982 1541 3020 manus
1584 2966 1858 3020 contactui
1900 2967 2044 3021 cica-

2138 503 2422 574 ἄνθρωπον
2455 544 2470 568 ,
2547 506 2614 558 σὺ
2665 504 2721 556 δὲ
2805 502 2929 555 οὕτε
2988 503 3194 572 ἀγορᾶς
3262 505 3411 576 αὐτῷ
3497 510 3717 576 μεταδί-

2137 593 2264 656 δως.
2346 595 2454 647 Kal.
2540 595 2592 646 τί
2660 593 2805 661 λέγω
2877 595 2957 656 εἰς
3023 593 3308 662 οὐρανόν;
3370 597 3450 658 είς
3529 596 3720 667 θρόνον

2138 684 2359 738 ἐκάθισε
2427 684 2704 754 βασιλικὸν
2738 726 2752 749 ,
2844 684 2908 736 σὺ
2997 683 3054 736 δὲ
3147 686 3242 737 καὶ
3329 685 3430 754 τῆς
3510 687 3716 752 πόλεως

2139 773 2460 837 ἐξελαύνεις.
2488 804 2552 814 --
2599 773 2713 826 Τοῦ
2747 772 2955 835 αὐτοῦ,
2986 775 3073 839 εις
3108 773 3223 841 τὴν
3259 773 3459 842 ἀρχὴν
3489 775 3596 828 τοῦ
3619 765 3716 844 μα’

2139 864 2406 943 ψαλμοῦ.
2477 865 2551 916 Οὐ
2623 864 2854 916 παύεται
2923 863 3134 926 Παῦλος
3207 864 3368 934 μέχρι
3445 867 3544 931 τῆς
3625 868 3720 936 σήο

2145 972 2308 1026 μερον
2337 954 2532 1024 λέγων,
2568 973 2586 1006 ι
2637 955 2809 1024 Ὑπὲρ
2839 955 3074 1024 Χριστοῦ
3093 955 3489 1026 πρεσϐεύομεν,
3519 957 3595 1019 ὼς
3624 956 3718 1009 τοῦ

2141 1047 2273 1099 Θεοῦ
2301 1046 2745 1118 παρακαλοῦντος
2765 1047 2832 1099 δι’
2849 1047 3155 1116 ἠμῶνβῦ),
3178 1047 3409 1117 δεόμεθα
3437 1050 3577 1118 ὑπὲρ
3595 1050 3724 1120 Χρι-

2145 1139 2292 1201 στοῦ,
2329 1139 2704 1208 καταλλάγητε
2719 1139 2794 1207 τῷ
2816 1138 2952 1208 Θεῷ.
2980 1158 2996 1189 ι
3022 1141 3130 1192 Καὶ
3160 1139 3279 1191 οὐδὲ
3302 1138 3534 1192 ὲνταῦοα
3566 1141 3718 1209 ἔστη,

2144 1230 2278 1282 ἀλλὰ
2309 1231 2400 1284 καὶ
2428 1231 2536 1284 ἀπὸ
2566 1230 2666 1298 τῆς
2708 1230 2922 1302 φύσεως
2959 1231 3057 1298 τῆς
3093 1234 3192 1300 σῆς
3235 1231 3414 1283 λαϐὼν
3445 1232 3720 1303 ἀπαρχὴν,

2145 1322 2397 1376 ἐκάθισεν
2427 1322 2540 1375 ἄνω
2569 1322 2749 1391 πάσης
2795 1321 2991 1391 ἀρχῆς,
3030 1323 3121 1374 καὶ
3182 1321 3451 1387 ἐξουσίας,
3487 1325 3583 1378 καὶ
3630 1325 3724 1376 δυ-

2145 1413 2381 1484 νάμεως,
2414 1415 2506 1466 καὶ
2536 1413 2736 1476 παντὸς
2769 1414 3028 1484 ὀνόματος
3059 1414 3460 1482 ὀνομαζομένου
3481 1453 3494 1476 ,
3527 1415 3588 1467 οὑ
3624 1415 3722 1484 μό-

2146 1523 2235 1558 νον
2263 1507 2320 1557 ὲν
2345 1505 2422 1576 τῷ
2454 1505 2607 1558 αἰῶνι
2662 1505 2857 1574 τούτῳ,
2906 1504 3041 1557 ἀλλά
3085 1505 3180 1556 καὶ
3227 1506 3284 1558 ὲν
3329 1505 3404 1574 τῷ
3448 1505 3721 1574 μέλλοντι.

2149 1598 2214 1650 Τί
2257 1597 2366 1668 (56)
2397 1597 2600 1668 ταύτης
2641 1598 2754 1650 ἴσον
2783 1598 2978 1665 γένοιτ’
3027 1596 3092 1650 ἀν
3127 1597 3226 1666 τῆς
3266 1597 3428 1667 τιμῆς
3465 1599 3616 1667 (57);
3656 1599 3722 1651 Ἠ

2149 1689 2374 1760 ἀπαρχὴ
2405 1690 2495 1742 τοῦ
2525 1691 2713 1756 γένους
2741 1689 2917 1759 ἡμῶν,
2949 1687 3042 1740 τοῦ
3081 1689 3313 1741 τοσαῦτα
3345 1705 3721 1758 προσκεκρου-

2149 1781 2324 1842 κότος,
2343 1780 2436 1833 τοῦ
2455 1781 2821 1850 ἠτιμωμένου,
2844 1781 2900 1831 ἐν
2919 1779 3042 1847 ὕψει
3062 1780 3298 1848 τοσούτῳ
3327 1780 3559 1848 κάθηται
3582 1779 3719 1846 (⁸58),

2147 1872 2242 1924 καὶ
2273 1872 2540 1942 τοσαύτης
2593 1871 2854 1925 ἀπολαύει
2891 1871 3000 1940 (59)
3043 1874 3226 1940 τιμῆς.
3251 1899 3320 1911 —-
3357 1869 3467 1923 Τοῦ
3510 1869 3718 1932 αὑτοῦ,

2147 1964 2277 2032 περὶ
2301 1963 2408 2031 τῆς
2429 1963 2726 2032 γλωσσῶν
2753 1964 3114 2032 διαιρέσεως.
3154 1963 3433 2032 Ἐννόησον
3463 1963 3591 2032 γὰρ,
3609 1957 3724 2014 οἷον

2146 2055 2292 2109 ἔστιν
2332 2056 2456 2109 ἰδεῖν
2484 2058 2581 2125 τὴν
2628 2055 2902 2124 ἡμετέραν
2947 2053 3106 2123 φύσιν
3151 2053 3242 2105 ἐπὶ
3299 2051 3392 2104 τοῦ
3440 2051 3731 2121 Χερουϐὶμ

2145 2147 2464 2217 ὀχουμένην,
2499 2147 2594 2200 καὶ
2633 2147 2812 2199 πᾶσαν
2843 2147 2980 2215 αὐτῇ
3029 2144 3127 2215 τὴν
3167 2143 3464 2213 ἀγγελικὴν
3493 2159 3727 2210 περικε-

2145 2239 2386 2308 χυμένην
2439 2237 2685 2308 δύναμιν.
2742 2237 2940 2290 Σκόπει
2986 2236 3041 2288 δὲ
3095 2237 3187 2288 καὶ
3234 2234 3444 2288 ῖιαύλου
3485 2233 3727 2302 σοφίαν,

2147 2331 2288 2395 πόσα
2315 2330 2553 2399 ὀνόματα
2599 2330 2866 2398 ἐπιζητεῖ,
2898 2327 3041 2380 ὥστε
3071 2327 3420 2396 παραστῆσαι
3455 2324 3547 2376 τοῦ
3583 2326 3728 2392 Χρι-

2149 2422 2272 2476 στοῦ
2307 2422 2403 2492 τὴν
2444 2421 2876 2492 φιλανθρωπίαν.
2917 2420 2991 2472 Οὐ
3053 2418 3160 2489 γὰρ
3197 2414 3347 2470 εἶπεν
3379 2415 3566 2478 ἁπλῶς
3607 2414 3734 2482 τὴν·

2146 2513 2343 2582 χάριν,
2374 2514 2492 2566 οὐδὲ
2530 2514 2634 2566 τὸν
2677 2512 2941 2565 πλοῦτον
2984 2509 3190 2571 ἁπλῶς,
3223 2506 3360 2559 ἀλλὰ
3406 2507 3511 2558 τὸν
3539 2507 3728 2571 tim-:1).

2147 2605 2448 2659 ϐάλλοντα
2495 2604 2762 2658 πλοῦτον
2801 2603 2910 2669 τῆς
2952 2602 3189 2669 χάριτος
3227 2599 3296 2652 ἐν
3337 2597 3727 2666 χρηστότητι.

2145 2727 2214 2737 --
2241 2697 2348 2750 Τοῦ
2379 2696 2588 2759 αὐτοῦ,
2620 2695 2739 2749 ἀπὸ
2767 2693 3252 2765 (40)δοῃιατικοῦ
3297 2693 3503 2759 λόγου,
3535 2689 3622 2740 ὅτι
3652 2687 3732 2740 τὰ

2145 2787 2436 2852 ταπεινῶς
2485 2786 2766 2855 εἰρημένα
2825 2786 2922 2838 καὶ
2979 2785 3339 2854 γεγενημένα
3385 2781 3542 2849 παρὰ
3588 2781 3734 2846 Χρι-

2144 2879 2331 2941 στοῦ,
2378 2881 2450 2932 οὐ
2484 2879 2557 2932 δι’
2609 2878 2930 2932 ἀσθένειαν
2991 2874 3295 2943 δυνάμεως
3327 2874 3555 2941 ἐγίνετο
3609 2872 3731 2941 (Η)

2144 2971 2242 3025 καὶ
2272 2971 2530 3038 ἐλέγετο,
2560 2970 2718 3024 ἀλλὰ
2745 2968 2819 3022 δι’
2852 2967 3192 3036 οἰκονομίας
3224 2965 3563 3033 διαφόρους.
3614 2963 3733 3014 Καὶ

469 3059 632 3114 trices
659 3057 954 3126 subjicere,
984 3064 1038 3111 et
1067 3056 1202 3110 dixit
1243 3075 1255 3108 :
1290 3076 1307 3107 ‹
1341 3055 1618 3120 Scrutare,
1649 3065 1704 3110 et
1742 3056 1886 3119 vide,
1913 3057 2041 3126 quia

2152 3061 2294 3134 μετὰ
2323 3062 2418 3132 τὴν
2449 3061 2764 3126 ἀνάστασιν,
2797 3059 2889 3112 τὸν
2931 3057 3179 3129 μαθητὴν
3211 3055 3332 3109 ἰδὼν
3363 3053 3731 3116 ἀπιστοῦντα,

466 3151 692 3221 spiritus
721 3164 938 3203 carnem
972 3156 1028 3202 et
1051 3163 1173 3202 ossa
1197 3163 1304 3200 non
1337 3147 1502 3201 habet
1528 3147 1591 3201 ³⁸.
1626 3167 1642 3198 ι
1669 3147 1737 3201 Et
1772 3147 1894 3201 ideo
1936 3163 2046 3200 non

467 3241 722 3314 perfecta:
740 3240 912 3295 aetatis
934 3240 1208 3293 hominem
1225 3239 1294 3292 ab
1316 3239 1472 3292 initio
1490 3239 1751 3308 suscepit,
1771 3239 1865 3292 sed
1887 3238 2048 3292 susti-

469 3335 656 3389 nuitct
673 3332 907 3402 concipi,
929 3330 1083 3400 157
1096 3339 1150 3383 et
1167 3330 1336 3388 nasci.
1354 3331 1563 3383 etlaete
1590 3329 1878 3393 nutriri,et
1896 3337 2048 3385 tanto

470 3434 715 3496 tempore
737 3426 792 3478 in
814 3434 956 3478 terra
972 3424 1199 3488 versari,
1222 3431 1281 3476 ut
1299 3431 1354 3476 et
1385 3423 1648 3492 temporis
1663 3422 2044 3487 diuturnitate,

471 3526 527 3572 et
553 3517 676 3570 aliis
694 3515 972 3577 omnibus,
999 3514 1102 3566 hoc
1124 3512 1300 3584 ipsum
1324 3513 2042 3585 conﬁrmaret-.-—Ejusdem,

470 3609 716 3662 adversus
753 3624 836 3660 eos
898 3607 987 3674 qui
1019 3605 1200 3658 dicunt
1243 3591 1506 3660 dairnones
1547 3623 1626 3659 res
1658 3609 1918 3661 humanas
1945 3625 2044 3679 gu-

467 3700 706 3752 bernare.
734 3697 878 3752 Nihil
902 3706 1020 3752 erat
1046 3697 1268 3752 homine
1288 3696 1470 3760 vilius,
1496 3709 1552 3751 et
1582 3699 1718 3752 nihil
1751 3699 2046 3769 gloriosius

468 3791 690 3848 homine
722 3791 923 3846 factum
955 3799 1055 3844 est.
1086 3789 1135 3843 ls
1170 3797 1289 3842 erat
1312 3797 1589 3858 postrema
1618 3805 1744 3858 pars
1776 3802 2044 3847 creatura:

468 3882 750 3937 rationalis
773 3899 785 3936 :
823 3881 916 3934 sed
951 3879 1118 3949 pedes
1139 3888 1301 3947 caput
1321 3879 1447 3932 laeti
1475 3887 1623 3941 sunt,
1650 3888 1706 3934 et
1727 3881 1781 3933 in
1807 3883 2042 3951 regalem

467 3976 651 4030 sedem
703 3973 879 4029 evecti
937 3978 1065 4024 sunt
1089 3986 1189 4039 per
1227 3970 1518 4038 primitias.
1572 3972 2040 4036 Quemadmodum

467 4067 614 4122 enim
638 4067 801 4121 homo
830 4066 1101 4135 quispiam
1142 4064 1386 4118 liberalis
1415 4075 1468 4117 et
1509 4065 1850 4134 magniﬁcus,
1901 4085 2040 4122 nau-

466 4159 677 4229 fragum
709 4157 945 4226 aliquem
973 4170 1222 4217 cernens,
1253 4155 1346 4224 qui
1373 4155 1463 4208 vix
1508 4155 1717 4209 nudum
1765 4172 1966 4229 corpus
2009 4176 2040 4214 e

465 4249 727 4304 ﬂuctibus
752 4249 1001 4312 servarit,
1039 4245 1251 4315 supinis
1287 4259 1412 4298 cum
1449 4247 1705 4301 manibus
1736 4249 1961 4318 excipit,
1985 4258 2041 4304 et

467 4344 753 4414 splendida
782 4350 930 4397 veste
959 4350 1138 4405 ornat,
1172 4349 1227 4394 et
1264 4339 1319 4392 in
1361 4355 1576 4394 summo
1606 4342 1780 4410 gradu
1811 4344 2039 4398 honoris

2149 3157 2210 3208 οὐ
2248 3155 2603 3226 παρῃτήσατο
2633 3153 2782 3224 αὺτῴ
2817 3152 2912 3205 καὶ
2941 3150 3230 3223 τραύματα
3264 3149 3357 3201 καὶ
3382 3147 3550 3199 τύπον
3575 3145 3737 3215 ἥλων

2149 3244 2444 3310 ἐπιδεῖξαι,
2481 3245 2575 3299 καὶ
2634 3243 2813 3315 χειρὸς
2852 3244 2963 3312 ἀφῇ
3002 3243 3102 3305 τὰς
3149 3238 3375 3299 ὠτειλὰς
3411 3235 3732 3298 ὑποϐαλεῖν,

2149 3339 2243 3392 καὶ
2278 3333 2430 3391 εἶπεν
2479 3337 2614 3406 (42),
2655 3355 2673 3387 ι
2727 3334 3071 3406 Ἐρεύνησον,
3109 3333 3203 3386 καὶ
3236 3333 3345 3398 ίδε,
3377 3331 3458 3382 ὅτι
3503 3327 3733 3397 πνεῦμα

2150 3431 2328 3502 σάρκα
2361 3431 2454 3484 καὶ
2482 3427 2644 3482 ὀστέα
2679 3428 2780 3481 οὐκ
2827 3427 2961 3496 ἔχει.
2993 3445 3012 3476 ι
3045 3425 3144 3478 Διά
3176 3422 3334 3475 τοῦτο
3377 3419 3501 3473 οὔτε
3527 3418 3588 3482 ἐξ
3620 3419 3733 3487 ἀρ-

2147 3521 2247 3594 χῆς
2301 3519 2513 3582 τελείας
2559 3517 2775 3588 ἡλικίας
2826 3515 2916 3568 τὸν
2967 3513 3250 3584 ἄνθρωπον
3293 3508 3572 3568 ἀνέλαϐεν,
3606 3505 3734 3560 ἀλλ’

2147 3611 2408 3682 ἠνέσχετο
2453 3609 2545 3662 καὶ
2583 3607 2970 3676 συλληφθῆναι,
3028 3605 3121 3657 καὶ
3160 3604 3440 3674 τεχθῆναι,
3487 3605 3581 3657 καὶ
3625 3621 3737 3671 γα-

2148 3699 2672 3773 λακτοτροφηθῆναι.
2701 3697 2810 3752 ’καὶ
2853 3695 3104 3751 τοσοῦτον
3152 3695 3341 3766 χρόνον
3372 3695 3463 3748 ἐπὶ
3489 3695 3587 3766 τῆς
3621 3696 3736 3766 γῆς

2145 3793 2444 3863 διατρίψαι,
2501 3793 2590 3846 ἵνα
2631 3791 2725 3844 καὶ
2753 3790 2832 3860 τῷ
2891 3791 3055 3860 μήκει
3090 3788 3184 3841 τοῦ
3232 3788 3444 3858 χρόνου,
3483 3788 3577 3840 καὶ
3609 3789 3737 3850 τοῖς

2144 3885 2321 3948 ἄλλοις
2339 3884 2508 3937 ἆπασι
2541 3881 2652 3949 (43)
2684 3879 2840 3933 τοῦτο
2870 3879 3001 3932 αὐτὸ
3035 3877 3467 3947 πιστώσηται.-
3486 3873 3594 3928 Τοῦ
3617 3877 3733 3928 αὺ-

2141 3977 2270 4038 τοῦ.
2295 3975 2442 4043 πρὸς
2474 3974 2614 4038 τοὺς
2627 3972 2938 4041 λέγοντας,
2963 3970 3048 4024 ὅτι
3068 3971 3348 4038 δαίμονες
3366 3967 3437 4020 τὰ
3459 3966 3576 4020 τῶν
3607 3965 3731 4036 (44)

2142 4069 2468 4135 ἀνθρώπων
2506 4065 2865 4118 διοικοῦσιν.
2905 4063 3072 4116 Οὐδὲν
3117 4058 3184 4134 ἦν
3205 4061 3583 4129 εὐτελέστερον
3626 4059 3731 4111 ἀνο

2143 4159 2388 4230 θρὼπου,
2415 4159 2508 4210 καὶ
2543 4155 2696 4209 οὐδὲν
2736 4155 2927 4222 γέγονε
2953 4153 3275 4224 τιμιώτερον
3297 4148 3609 4220 ἀνθρώπου.
3648 4149 3733 4200 Τὸ

2141 4250 2369 4320 ἔσχατον
2401 4249 2563 4318 μέρος
2591 4247 2690 4316 τῆς
2719 4244 2946 4313 λογικῆς
2975 4244 3203 4304 κτίσεως
3235 4237 3388 4301 οὗτος
3431 4234 3518 4308 ἦν.
3578 4235 3730 4288 Ἀλλ’

2142 4344 2191 4396 οἱ
2226 4342 2382 4403 πόδες
2414 4339 2658 4407 ἐγένοντο
2687 4335 2916 4406 κεφαλὴ,
2947 4335 3038 4387 καὶ
3073 4335 3151 4396 εἰς
3180 4333 3270 4385 τὸν
3303 4331 3488 4401 θρόνον
3528 4327 3730 4394 ἀνηνὲα

467 4437 732 4491 collocat:
767 4436 841 4490 ita
873 4436 1012 4488 Deus
1043 4449 1168 4504 erga
1206 4442 1455 4486 naturam
1496 4443 1735 4488 nostram
1766 4452 1823 4490 se
1851 4438 2036 4508 gessit.

2145 4436 2354 4507 χθησαν
2405 4434 2496 4486 τὸν
2551 4429 2826 4501 βασιλικὸν
2869 4427 2957 4480 διὰ
3000 4428 3097 4496 τῆς
3141 4424 3415 4494 ἀπαρχῆς.
3453 4422 3731 4490 Καθάπερ

465 4537 642 4592 Ilomo
692 4551 813 4605 qua:
854 4535 1090 4588 habebat
1115 4533 1297 4587 omnia
1337 4529 1666 4601 perdiderat,
1702 4529 2036 4593 libertatem,

466 4627 922 4685 consuetudinem
955 4641 1080 4680 cum
1099 4625 1234 4687 Deo,
1261 4621 1746 4678 commorationem
1793 4621 1847 4673 in
1878 4635 2039 4690 para—

465 4719 608 4782 diso,
629 4720 798 4774 vitam
825 4716 1152 4772 calamitatis
1172 4721 1475 4783 expertem,
1503 4714 1518 4731 '
1542 4719 1594 4765 et
1615 4709 1770 4781 quasi
1806 4725 1872 4764 ex
1907 4725 2042 4762 nau-

466 4811 641 4882 fragio
661 4810 864 4874 nudus,
893 4809 973 4864 sic
1003 4808 1154 4862 illine
1177 4812 1512 4859 excesserat.
1551 4803 1656 4857 Sed
1690 4803 1835 4857 Deus
1887 4801 2038 4856 illum

466 4905 746 4976 excipiens
773 4903 959 4959 statim
995 4901 1234 4966 vestivit,
1261 4907 1315 4954 et
1358 4899 1618 4970 paulatim
1660 4912 1826 4951 manu
1861 4896 2039 4951 dedu-

541 5080 584 5114 ³³
607 5080 652 5136 Il
675 5079 871 5134 Cor.v.
903 5078 992 5132 20.
1069 5077 1115 5108 ⁸⁸
1149 5075 1384 5145 Philipp.
1413 5091 1470 5138 ll,
1503 5074 1556 5128 9.
1633 5073 1676 5105 ⁸⁵
1703 5073 1907 5142 Ephes.
1939 5087 1977 5134 ι,
2002 5070 2091 5124 ει.

536 5238 653 5310 (55)
687 5238 837 5310 δεόμ.
901 5238 995 5292 ὑπ.
1043 5238 1145 5307 Χρ.
1209 5235 1334 5289 Des.
1397 5233 1451 5286 in
1485 5231 1574 5286 ed.
1641 5229 1851 5293 Savilii,
1893 5237 1934 5283 t.
1991 5228 2036 5292 I,

469 5312 738 5448 μᾶίςῗτι
773 5377 977 5448 ταύτης
1027 5394 1080 5429 κ.
1119 5393 1171 5428 τ.
1216 5373 1264 5425 λ.
1312 5373 1457 5428 Loco
1501 5372 1593 5427 cit.
1632 5370 2038 5440 praemittuntur

468 5449 800 5588 Ποὲἶθιῖξίμ.
830 5515 966 5570 Ibid.
1003 5515 1247 5588 sequitur
1279 5514 1424 5574 ὅταν,
1455 5510 1616 5588 signo
1653 5507 2036 5579 interrogatio-

467 5582 557 5645 nis
582 5582 647 5641 ad
684 5582 847 5654 τιμῆς
881 5594 1003 5654 post
1039 5582 1318 5646 ἀπολαύει,
1353 5582 1550 5653 posito.

540 5657 648 5724 (58)
693 5656 776 5710 Ib.
811 5655 1124 5724 καθέζηται.

537 5727 644 5792 (59)
678 5725 815 5781 Ibid.
850 5723 1119 5791 ἀπολαύῃ.

2144 4529 2253 4599 γὰρ
2281 4509 2567 4598 ἄνθρωπος
2596 4521 2876 4591 φιλότιμός
2922 4536 3004 4580 τις
3031 4517 3125 4570 καὶ
3159 4513 3550 4586 μεγαλόδωρος,
3598 4509 3730 4562 ἰδών

2140 4637 2262 4674 τινα
2285 4621 2349 4672 ὲκ
2368 4615 2627 4684 ναυαγίου
2659 4611 3009 4682 διαφυγόντα,
3043 4609 3137 4661 καὶ
3187 4605 3248 4658 τὸ
3305 4603 3464 4674 σῶμα
3513 4601 3729 4670 γυμνὸν

2141 4709 2246 4764 ὑπὸ
2288 4707 2399 4780 (65)
2441 4706 2550 4758 τῶν
2598 4703 2856 4774 κυμάτων
2911 4698 3174 4753 διασῶσαι
3208 4693 3502 4764 δυνηθέντα
3535 4694 3727 4762 μόνον,

2139 4799 2433 4870 δεξάμενος
2485 4795 2704 4858 ὑπτίαις
2749 4795 2867 4855 ταῖς
2912 4790 3089 4862 χερσὶ,
3134 4787 3367 4858 λαμπρᾷ
3397 4784 3531 4851 ’,(46)
3563 4799 3729 4852 περι-

2142 4891 2328 4945 ϐάλλει
2357 4893 2424 4960 τῇ
2459 4887 2640 4959 στολῇ,
2672 4886 2765 4939 καὶ
2789 4884 2924 4954 πρδς
2944 4881 3110 4952 τιμὴν
3136 4880 3258 4946 ἄγει
3289 4877 3401 4945 (47)
3431 4877 3570 4928 ivi»:
3585 4876 3722 4926 itm-

2169 5068 2213 5099 ⁸⁸
2237 5069 2394 5122 .loan.
2425 5082 2511 5128 xx,
2541 5065 2631 5118 27.

2240 5225 2329 5290 40)
2365 5226 2522 5296 δογμ.
2563 5224 2890 5296 \’iil.__sup_ra_
2917 5236 2974 5296 p.
3003 5218 3096 5296 68,
3327 5213 3414 5268 88.

2243 5285 2629 5362 41)ὲγ.”κ.ὲλ.
2673 5285 2953 5348 νίάςίυίιῐ.
2994 5287 3168 5343 schol.
3205 5285 3295 5340 νο.

2217 5367 2326 5430 (42)
2365 5363 2476 5419 εἷπ.
2507 5364 2606 5418 Ed.
2639 5364 2844 5424 Savilii,
2883 5363 3076 5414 εἰπεῖν.

2239 5436 2328 5502 45)
2353 5436 2431 5488 Ib.
2477 5434 2678 5486 ἅπασιν
2714 5434 2844 5484 αὐτὸ
2880 5430 3060 5483 τοῦτο.

2239 5501 2327 5570 44)
2363 5521 2412 5558 τ.
2449 5503 2605 5573 ἁνθρ.
2647 5503 2745 5573 Ib.“
2769 5501 3106 5573 ἀνθρώπινα.

2369 5573 2506 5626 Ibid.
2539 5570 2646 5625 ἀπὸ
2679 5571 2788 5624 τῶν
2824 5570 3105 5640 κυμάτων.

2241 5637 2330 5712 46)
2369 5643 2446 5696 lh.
2481 5643 2736 5712 λαμπρὰν
2778 5637 3047 5710 περιϐάλῃ
3079 5637 3293 5710 στολήν.

2244 5716 2331 5786 47)
2365 5713 2504 5768 Ibid.
2537 5715 2740 5787 ἀγάγῃ.
