4010 6212
395 317 508 377 2ιῖῖί

1392 309 1875 371 THEODORETI
1916 308 2250 370 EPISCOPI
2289 308 2651 369 CYRENSIS

3553 270 3657 372 an;

409 425 683 479 cor-diam:
718 423 792 476 ita
831 431 884 475 et
918 420 1172 476 Christus
1198 419 1347 476 fecit.
1389 420 1564 474 Iratus
1595 420 1757 474 nobis
1779 427 1899 474 erat
1923 427 1983 474 ut

2117 418 2182 481 ὰς
2215 420 2425 489 χεῖρας,
2461 416 2797 487 ἑκατέρωθεν
2830 415 3010 467 λαϐὼν
3055 416 3358 485 συνάψειεν·
3389 416 3532 471 οὕτω
3566 425 3661 478 καὶ

411 517 576 576 Deus.
599 523 654 567 et
685 529 785 568 nos
820 512 970 566 illius
1005 513 1138 566 iram
1159 509 1665 574 contenmebamus,
1684 509 1983 580 benignum

410 604 699 659 Dominum
749 611 1102 656 aversantes:
1135 613 1192 654 et
1242 599 1485 653 medium
1529 614 1588 652 se
1628 599 1986 667 interponens

407 695 682 757 Christus,
711 702 1000 760 utramque
1033 698 1284 744 naturam
1319 689 1374 742 in
1399 689 1630 758 gratiam
1660 686 1900 754 reduxit,
1931 695 1989 742 et

412 781 626 858 poenam
661 801 690 837 a
722 785 881 837 Patre
928 781 1087 835 nobis
1137 779 1514 833 imminentem
1552 779 1666 848 ipse
1702 779 1983 832 sustinuit.

410 909 477 919 --
513 877 781 948 Ejusdem,
816 891 878 928 ea:
904 875 1083 929 eadem
1123 874 1383 926 oratione.
1432 871 1642 926 Obtulit
1675 871 1840 940 igitur
1886 885 1987 924 na-

412 979 546 1023 tura:
579 975 777 1021 nostra:
821 965 1092 1035 primitias
1141 963 1306 1026 Patri,
1348 969 1403 1016 et
1452 961 1654 1015 donum
1682 962 1843 1015 Pater
1872 961 1990 1030 ipse

411 1061 716 1116 admiratus
763 1068 868 1122 est,
917 1067 1032 1112 tum
1091 1063 1317 1126 propter
1370 1069 1638 1109 summam
1704 1053 1991 1108 oﬂ'erentis

411 1142 876 1222 dignitatemJum
897 1159 1122 1218 propter
1134 1146 1300 1202 oblati
1319 1145 1562 1199 muneris
1578 1143 1832 1198 eximiam
1855 1159 1992 1213 prae-

411 1243 690 1299 stantiam.
717 1242 832 1295 lloc
855 1240 1000 1296 enim
1033 1239 1285 1293 manibus
1319 1237 1434 1292 suis
1459 1238 1693 1306 excepit,
1724 1247 1780 1292 et
1805 1237 1991 1292 throni

413 1333 499 1388 sui
530 1332 804 1402 particeps
838 1330 996 1400 160
1042 1328 1192 1391 fecit,
1221 1327 1470 1395 adeoque
1511 1326 1566 1380 iu
1603 1327 1845 1382 dextera:
1879 1341 1993 1382 sua:

417 1433 568 1495 parte
601 1421 908 1477 collocavit.
934 1421 1308 1490 Agnoscamus
1343 1418 1506 1488 igitur
1530 1417 1656 1486 quis
1681 1419 1771 1472 ille
1798 1418 1870 1472 sit
1897 1417 1993 1487 qui

416 1515 625 1570 audiit:
659 1533 676 1563 ‹
714 1513 854 1568 Sede
881 1528 910 1565 a
936 1511 1178 1565 dexteris
1208 1510 1424 1571 meis“,
1473 1529 1491 1560 ι
1523 1517 1581 1563 et
1613 1525 1734 1578 qua;
1782 1509 1871 1563 illa
1899 1525 1995 1563 na-

419 1619 561 1671 tura,
627 1607 716 1661 cui
774 1605 946 1660 dixit:
1005 1604 1216 1658 «Terra
1239 1618 1320 1666 es,
1367 1610 1423 1656 et
1469 1603 1524 1656 in
1556 1612 1759 1657 terram
1808 1618 1996 1656 rever-

419 1700 553 1755 teris
567 1698 632 1752 ”.
669 1715 688 1748 ι
713 1695 1078 1766 -—-Ejusdem,
1095 1698 1413 1765 poslgpauca.
1433 1694 1550 1760 Qua
1564 1702 1686 1748 utar
1720 1694 1992 1756 oratione,

2087 511 2246 572 αὑτὸς
2271 510 2514 579 ἐποίησε,
2548 511 2646 579 τὴν
2689 507 2924 560 παλαιὰν
2951 510 3018 578 τῇ
3052 511 3209 578 καινῇ
3235 510 3541 573 συνάπτων,
3565 512 3666 584 τὴν

2086 602 2238 654 θείαν
2263 601 2422 670 φύσιν
2453 603 2518 670 τῇ
2547 599 2884 671 ἀνθρωπίνῃ,
2909 599 2977 651 τά
3007 598 3173 652 αὑτοῦ
3203 603 3316 664 τοῖς
3347 602 3663 672 ἡμετέροις,

2085 723 2157 736 -—
2183 692 2291 746 Τοῦ
2305 691 2514 756 αὑτοῦ,
2528 693 2612 755 εἰς
2643 689 2758 756 τὴν
2773 688 3088 756 ἀνάληψιν
3102 689 3207 742 τοῦ
3218 691 3495 758 Χριστοῦ.
3515 693 3668 745 Καθ-
3713 686 3726 758 ί

2089 786 2230 856 άπερ
2276 783 2390 852 (58)
2436 782 2544 853 γὰρ
2567 781 2659 834 δύο
2682 780 2840 834 τινῶν
2877 781 3152 850 ἁψιμαχίᾳ
3171 782 3518 846 διαστάντων,
3546 783 3670 836 ἓτε-

2092 877 2182 948 ρὸς
2211 894 2292 939 τις
2324 877 2381 928 ἐν
2420 874 2570 945 μέσῳ
2596 872 2946 944 παρεντεθεὶς
2979 871 3096 924 λύει
3117 873 3215 944 τὴν
3245 873 3354 926 τῶν
3379 873 3670 944 ἐριζόντων

2095 939 2274 1039 μάχην
2313 984 2370 1018 τε
2407 939 2500 1019 καὶ
2529 939 2817 1034 διχόνοιαν·
2854 962 2997 1016 οὑτω
3028 963 3123 1016 καὶ
3216 939 3447 1036 Χριστος
3483 963 3673 1032 ἐποίη-

2095 1078 2205 1114 σεν.
2251 1057 2528 1129 Ὠργίζετο
2557 1058 2688 1128 ἡμῖν
2725 1056 2801 1116 ὡς
2830 1055 2982 1118 Θεὸς,
3026 1056 3138 1124 (59)
3161 1058 3320 1126 ἡμεῖς
3352 1056 3409 1108 δὲ
3435 1056 3532 1126 τῆς
3569 1057 3673 1109 αύ-

2091 1153 2185 1207 τοῦ
2223 1149 2662 1222 κατεφρονοῦμεν
2713 1148 2902 1220 ὀργῆς,
2933 1149 3024 1202 τὸν
3053 1147 3433 1218 φιλάνθρωπον
3468 1149 3675 1200 Δεσπό-

2096 1262 2201 1314 την
2238 1243 2730 1314 ἀποστρεφόμενοι·
2785 1241 2882 1294 καὶ
2918 1241 3082 1311 μέσον
3131 1240 3323 1293 ἑαυτὸν
3371 1239 3678 1311 ἐμϐαλὼνὸ

2094 1338 2350 1408 Χριστὸς,
2377 1335 2647 1404 ἑκατέραν
2697 1331 2858 1402 φύσιν
2891 1334 2968 1396 εἰς
3005 1332 3186 1401 φιλίαν
3237 1332 3535 1401 συνήγαγε,
3579 1331 3677 1384 καὶ

2094 1426 2193 1496 τὴν
2217 1425 2369 1496 παρὰ
2395 1423 2489 1478 τοῦ
2521 1423 2734 1494 Πατρὸς
2759 1423 3117 1492 ἐπικειμένην
3150 1422 3282 1492 ἡμῖν
3311 1422 3471 1484 αὐτὸς
3504 1439 3678 1491 τιμω-

2101 1519 2221 1589 ρίαν
2235 1516 2546 1586 ὑπέμεινεν.
2574 1545 2646 1556 -
2670 1513 2779 1568 Τοῦ
2807 1513 3096 1577 αὑτοῦ,ὲκ
3129 1513 3234 1565 τοῦ
3249 1513 3435 1567 αὑτοῦ
3464 1514 3674 1581 λόγου.

2096 1611 2448 1681 Προσήνεγκε
2483 1608 2597 1678 (60)
2637 1606 2818 1660 τοίνυν
2858 1606 2956 1668 τὰς
2982 1605 3237 1676 ἀπαρχὰς
3267 1605 3368 1674 τῆς
3399 1605 3678 1675 ἡμετέρας

2100 1703 2315 1772 φύσεως
2345 1700 2424 1771 τῷ
2458 1700 2667 1769 Ila-cpt,
2725 1698 2820 1752 καὶ
2870 1697 2932 1750 τὸ
2984 1697 3155 1768 δῶρον
3201 1694 3364 1758 αὐτὸς
3415 1697 3444 1748 ὁ
3487 1696 3677 1768 Πατὴρ

416 1787 620 1858 quibus
639 1784 825 1839 verbis
853 1784 1100 1853 eloquar,
1138 1783 1345 1837 nescio.
1397 1781 1601 1835 Natura
1635 1782 1864 1847 caduca,
1895 1799 1995 1836 na-

2114 1789 2396 1860 ιθαύμασε,
2423 1789 2512 1842 διά
2541 1805 2605 1855 γε
2634 1788 2731 1858 τὴν
2763 1785 3030 1856 τοσαύτην
3062 1785 3216 1849 ἀξίαν
3247 1784 3340 1837 τοῦ
3382 1787 3679 1855 προσκομί-

419 1891 541 1934 tura
568 1878 693 1932 vilis
721 1883 778 1932 et
814 1877 1048 1946 abjecta,
1080 1890 1201 1944 quae
1224 1874 1469 1928 omnium
1499 1873 1685 1928 inﬁma
1717 1874 1992 1930 declarata

417 1975 555 2034 erat,
587 1966 770 2022 omnia
794 1966 946 2031 vicit,
981 1965 1163 2019 omnia
1197 1964 1495 2033 superavit.
1523 1964 1696 2018 Hodie
1735 1980 1857 2034 quae
1899 1981 1994 2020 su-

424 2061 611 2132 perior
633 2059 891 2114 omnibus
913 2065 1060 2113 esset
1075 2057 1235 2128 digna
1254 2056 1440 2110 habita
1461 2063 1546 2110 est
1567 2074 1580 2109 :
1605 2056 1771 2111 hodie
1787 2057 2000 2127 accepit

419 2152 568 2224 quod
595 2151 690 2206 diu
706 2149 1092 2220 expetiverunt
1120 2147 1299 2218 angeli
1323 2164 1336 2201 :
1369 2147 1533 2202 hodie
1561 2148 1870 2217 archangeli
1907 2164 1996 2202 re-

421 2260 540 2299 rum
570 2243 666 2298 diu
697 2240 1130 2295 desideratarum
1157 2246 1492 2308 Spectatores
1526 2254 1647 2294 esse
1673 2249 1992 2309 potuerunt.

422 2343 476 2389 et
507 2342 760 2389 naturam
785 2339 1030 2386 nostram
1062 2330 1118 2384 in
1155 2329 1356 2384 throno
1386 2329 1538 2400 regio
1567 2330 1996 2388 immortalitatis

421 2423 593 2494 gloria
634 2421 934 2493 fulgentem
965 2419 1322 2488 contemplati
1347 2427 1496 2472 sunt.

2099 1899 2313 1945 σαντος,
2343 1880 2438 1934 καὶ
2467 1880 2558 1933 τοῦ
2593 1877 3046 1950 προσενεχθέντος
3069 1876 3129 1929 τὸ
3159 1875 3408 1946 ἄμωμον.
3439 1877 3547 1928 Καὶ
3568 1878 3675 1949 γὰρ

2098 1975 2330 2035 οἰκείαις
2360 1971 2581 2038 ἐδέξατο
2609 1969 2767 2023 τοῦτο
2788 1969 2966 2039 χερσὶ,
2997 1965 3092 2020 καὶ
3121 1964 3214 2019 τοῦ
3239 1964 3428 2033 θρόνου
3455 1963 3680 2034 μέτοχον

2098 2059 2236 2118 εῖναι
2257 2061 2351 2116 τοῦ
2383 2060 2582 2114 οἰκείου
2602 2059 2900 2127 πεποίηκε.
2939 2058 3050 2110 Kal.
3078 2057 3140 2110 τὸ
3169 2055 3352 2119 πλέον,
3391 2057 3448 2108 ἐν
3475 2053 3553 2123 τῷ
3581 2053 3679 2122 τῆς

2098 2151 2295 2208 ἑαυτοῦ
2324 2151 2504 2215 δεξιᾶς
2549 2149 2680 2203 αὑτὸ
2722 2149 2875 2221 μέρει
2919 2148 3264 2218 καθίδρυσεν.
3307 2143 3512 2197 Οὐκοῦν
3553 2145 3682 2196 ἐπι-

2099 2245 2339 2316 γνῶμεν,
2359 2244 2441 2306 τίς
2457 2246 2664 2308 ἐκεῖνος
2687 2245 2717 2297 ὁ
2738 2241 2977 2303 ἀκούσας
2993 2239 3112 2293 ἐστὶ
3151 2257 3170 2290 ι
3196 2235 3380 2291 Κάθου
3403 2237 3466 2288 ἐκ
3493 2233 3685 2298 δεξιῶν

2103 2353 2260 2408 μου·›
2291 2335 2374 2400 τίς
2403 2331 2472 2406 ἦν
2491 2336 2525 2406 ἡ
2553 2334 2714 2404 φύσις
2742 2331 3098 2402 ἐκείνη,πρὸς
3119 2323 3337 2402 ἣνεῖπε,
3376 2347 3394 2380 ι
3415 2328 3492 2398 Γῆ
3515 2323 3564 2380 εἷ
3591 2329 3686 2380 καὶ

2101 2429 2182 2492 εἰς
2227 2427 2331 2496 γῆν
2405 2425 2703 2497 ἀπελεύσῃ.
2736 2443 2755 2478 ι
2799 2455 2870 2465 --
2906 2425 3017 2478 Τοῦ
3063 2419 3272 2483 αὑτοῦ,
3320 2420 3446 2489 μετ’
3486 2418 3681 2487 ὀλίγα.

423 2513 566 2583 Ποίῳ
591 2511 996 2584 ιδυχρήσομαι
1025 2509 1190 2579 λόγῳ,
1218 2509 1390 2572 ποίοις
1415 2508 1718 2580 φθέγξομαι
1747 2513 2008 2583 ῥήμασιν,
2040 2516 2239 2586 ἀγνοῶ.
2258 2519 2321 2572 Ἦ
2344 2519 2506 2587 φύσις
2533 2520 2567 2589 ἡ
2593 2517 2790 2587 σαθρὰ,
2820 2517 2853 2587 ἡ
2883 2516 3042 2586 φύσις
3068 2516 3102 2585 ἡ
3136 2512 3376 2583 εὐτελὴς,
3402 2514 3438 2583 ἡ
3470 2513 3686 2565 πάντων

420 2606 662 2660 ἐλάσσων
717 2601 1122 2671 ἀποδειχθεῖσα,
1180 2599 1359 2654 πάντα
1388 2591 1691 2669 νενίκηῖιεν,
1733 2606 2069 2676 ὑπερέϐαλεν
2111 2611 2347 2667 ἅπαντα.
2371 2613 2622 2684 Σήμερον
2648 2610 2896 2679 ἀνωτέρα
2915 2607 3166 2677 γενέσθαι
3197 2607 3413 2661 πάντων
3439 2603 3688 2674 ἠξίωται,

427 2701 662 2769 σήμερον
695 2694 967 2748 ἀπέλαϐεν
1000 2694 1138 2764 ὅπερ
1175 2693 1267 2747 ἐπὶ
1309 2694 1498 2764 χρόνον
1531 2696 1698 2750 πολὺν
1723 2698 2082 2772 ἐπεθύμησαν
2113 2703 2354 2772 ἄγγελοι,
2385 2706 2628 2776 σήμερον
2664 2701 2993 2776 ἀρχάγγελοι
3020 2701 3129 2754 τῶν
3162 2700 3254 2752 ἐπὶ⁷
3304 2698 3439 2752 πολὺ
3488 2697 3688 2752 ποθου-

427 2789 601 2855 μένων
631 2785 818 2838 θεαταὶ
854 2782 1109 2853 γενέσθαι
1147 2781 1480 2853 δεδύνηνται,
1518 2787 1609 2838 καὶ
1647 2787 1744 2858 τὴν
1768 2787 1929 2856 φύσιν
1956 2789 2054 2862 τὴν
2099 2792 2256 2864 ἡμῶν
2282 2795 2341 2847 ἐν
2367 2793 2445 2865 τῷ
2484 2794 2659 2865 θρόνῳ
2689 2792 2783 2846 τοῦ
2811 2790 3076 2861 βασιλέως
3112 2791 3180 2860 τῇ
3215 2787 3344 2860 δόξῃ
3365 2787 3465 2855 τῆς
3487 2784 3694 2840 ἀθανα⁶

427 2879 544 2943 σίας
580 2877 966 2947 ἐκλάμπουσαν
1000 2875 1356 2941 κατενόησαν.

459 2994 641 3052 Sancti
680 2993 923 3048 Flaviani
960 2991 1185 3114 episcryii
1227 2991 1558 3056 Antioclteni,
1590 3007 1652 3044 ea:
1684 2989 1974 3061 Evangelia

945 3078 1104 3114 secun
1145 3079 1233 3114 um
1260 3061 1478 3114 Lucam.

945 3061 1233 3115 secundum
1260 3061 1478 3122 Lucam.

499 3156 558 3211 In
601 3154 859 3210 omnibus
886 3153 1048 3207 nobis
1093 3153 1357 3208 Dominus
1385 3154 1606 3222 pietatis
1631 3153 2006 3208 characterem
2037 3181 2082 3242 ο

428 3251 713 3315 describit,
737 3258 792 3303 et
821 3247 1000 3302 varias
1028 3256 1239 3301 naturae
1270 3254 1472 3302 nostra:
1503 3244 1572 3299 ad
1604 3244 1842 3299 salutem
1889 3244 2012 3299 vias

429 3342 692 3404 ostendit,
728 3340 1000 3395 etmultas
1027 3353 1229 3407 easque
1265 3336 1550 3394 evidentes
1601 3335 1763 3390 nobis
1809 3335 2016 3406 praebet

431 3432 932 3488 demonstrationes
946 3429 1248 3499 corporalis
1267 3429 1537 3482 adventus
1560 3427 1668 3491 sui.
1699 3435 1755 3482 et
1778 3441 2014 3496 operan-

435 3527 503 3580 tis
526 3540 625 3594 per
656 3539 858 3592 corpus
879 3522 1206 3577 divinitatis.
1249 3525 1263 3541 ‘
1288 3521 1364 3576 De
1388 3531 1621 3590 utraque
1646 3519 1793 3576 enim
1819 3527 2015 3576 natura

432 3615 698 3670 certiores
743 3612 924 3668 facere
959 3627 1060 3666 nos
1089 3612 1284 3666 voluit.
1317 3642 1386 3650 —
1438 3610 1716 3681 Ejusdem,
1740 3611 1795 3662 in
1846 3608 2013 3662 Theo-

434 3707 654 3778 phania.
693 3725 710 3756 ι
743 3705 878 3771 Quis
928 3720 1056 3759 vere
1099 3706 1394 3773 eloquetur
1447 3705 1722 3774 potentias
1771 3703 2012 3768 Domini,

433 3799 652 3854 auditas
702 3797 866 3851 faciet
924 3811 1116 3850 onmes
1165 3795 1510 3851 laudationes
1570 3797 1690 3865 ejus
1712 3795 1849 3848 ⁸⁸ἳ»
1883 3793 2018 3860 Quis

435 3890 686 3944 oratione
721 3888 975 3943 beneficii
1007 3903 1137 3958 erga
1170 3903 1272 3941 nos
1316 3887 1748 3956 magnitudinem
1772 3888 2014 3956 explica-

439 3978 555 4053 bit?
601 3978 849 4032 Humana
891 3984 1085 4030 natura
1121 3975 1397 4030 divinitati
1428 3976 1800 4046 coniungitur,
1858 3979 2010 4048 161

437 4070 588 4124 salva
614 4077 868 4125 manente
895 4067 948 4122 in
972 4081 1031 4121 se
1051 4075 1284 4136 utraque
1316 4074 1537 4120 natura.

742 4355 929 4428 συνίΗί
963 4357 1185 4428 episcopi
1213 4356 1694 4426 Hierosolymitani.

476 4447 560 4504 Ea:
594 4449 905 4503 cateclzetica
951 4449 1190 4502 oratione
1225 4464 1294 4508 tv,
1331 4447 1395 4500 de
1429 4447 1603 4500 decem
1637 4447 1985 4517 dogmatibus.

865 4644 942 4699 De
961 4647 1235 4701 nativitate
1272 4661 1335 4699 ea:
1374 4645 1600 4717 Virgine.

517 4735 696 4792 Crede
719 4738 1066 4808 autemquod
1094 4738 1407 4808 unigenitus
1435 4739 1525 4793 hic
1556 4738 1650 4793 Dei
1696 4739 1867 4795 Filius
1901 4756 2028 4810 pro-

449 4837 570 4898 pter
589 4839 808 4898 peccata
828 4839 1015 4884 nostra
1033 4830 1102 4884 de
1121 4830 1342 4885 cmlisin
1359 4839 1558 4884 terram
1575 4830 1942 4896 descenderit,
1957 4834 2031 4886 si-

449 4920 565 4974 mili
595 4921 725 4974 huic
753 4929 955 4974 nostrre
973 4920 1185 4974 ratione
1209 4921 1526 4990 passionum
1546 4929 1798 4990 suscepta
1833 4921 2029 4977 huma-

521 5055 562 5086 “
601 5054 741 5109 Psal.
780 5070 886 5120 etx,
913 5057 964 5110 -1,
1042 5055 1084 5086 δ’
1111 5053 1246 5109 Gen.
1277 5071 1355 5118 Ill,
1384 5054 1470 5108 19.
1547 5054 1592 5085 ⁸³
1616 5055 1757 5109 Psal.
1784 5073 1870 5120 cv,
1897 5057 1952 5110 Ξ.

523 5172 930 5254 (58)-Καθὰπερ
966 5191 1019 5226 κ.
1053 5174 1196 5254 τ.“λ.
1232 5171 1330 5227 Hic
1367 5174 1542 5254 locus,
1585 5183 1648 5254 et
1673 5190 1794 5254 qua:
1823 5175 2022 5254 deinde

449 5260 516 5296 ex
549 5245 740 5299 eadem
771 5244 1014 5298 oratione
1045 5261 1074 5297 a
1108 5244 1306 5298 Nostro
1331 5244 1491 5297 allata
1527 5251 1676 5313 sunt,
1711 5245 1872 5313 plane
1901 5245 2023 5299 aliis

455 5314 633 5384 verbis
660 5316 916 5384 leguntur
955 5314 1010 5367 in
1047 5313 1176 5384 edit.
1206 5313 1411 5375 Savilii,
1448 5320 1489 5384 ι.
1530 5312 1594 5376 V,
1631 5329 1684 5382 p.
1715 5312 1840 5369 597.

523 5383 634 5455 (59)
660 5383 735 5455 ᾡς
760 5383 909 5446 Θεός.
937 5384 1126 5455 Apud.
1151 5383 1505 5455 Chrysost._l.
1541 5397 1591 5435 c.
1614 5392 1706 5455 est
1738 5384 1770 5455 ό
1793 5383 1943 5447 Θεός.

449 5521 464 5575 1
524 5452 648 5576 (ϋοὶ
676 5454 911 5576 ῐὲςέσήν.
945 5471 998 5507 κ.
1034 5473 1083 5508 τ.
1117 5453 1165 5508 λ.
1201 5452 1324 5510 nec
1359 5452 1546 5508 itidem
1579 5452 1738 5509 aliter
1760 5453 2021 5526 leguntur

476 5560 488 5575 .
527 5537 574 5576 c.
656 5563 670 5576 .
805 5560 818 5574 .

476 5560 488 5575 .
527 5537 574 5576 c.
615 5538 670 5592 p.
695 5537 818 5576 aus.

523 5590 816 5716 ($32,.HOEQ)
839 5608 892 5644 κ.
915 5609 964 5646 τ.
995 5590 1045 5646 λ.
1075 5593 1209 5649 Vide
1240 5593 1308 5649 ad
1343 5594 1398 5647 h.
1434 5593 1473 5649 l.
1510 5593 1643 5650 edit.
1686 5593 1872 5651 Savilii
1898 5595 1938 5649 l.
1967 5609 2019 5651 c.

527 5733 632 5806 (42.9.)
680 5733 773 5786 ‘Er.
795 5731 888 5786 τοῦ
923 5749 976 5788 κ.
1003 5749 1052 5788 τ.
1081 5731 1132 5788 λ.
1170 5731 1399 5790 Unicum
1442 5743 1526 5790 est
1559 5735 1723 5808 hujus
1746 5750 2026 5792 commen-

2121 2990 2232 3047 Τοῦ
2265 2991 2438 3062 ἁγίου
2461 2991 2801 3046 Φλαϐιανοῦ
2829 2990 3166 3062 ἐπισκόπου
3203 2991 3589 3062 Ἀντιοχείας,
3622 2988 3694 3042 ἐκ

2352 3061 2460 3116 τοῦ
2489 3062 2600 3133 (69.)
2631 3062 2782 3115 κατὰ
2809 3059 3048 3115 Λουκᾶν
3074 3061 3462 3131 Εὑαγγελίου.

2195 3153 2287 3206 Ἐν
2314 3154 2480 3206 πᾶσιν
2513 3153 2646 3223 ἡμῖν
2679 3153 2709 3204 ό
2757 3151 2964 3224 Κύριος
2995 3152 3306 3221 ὑπογράφει
3339 3151 3432 3203 τὸν
3468 3151 3572 3220 τῆς
3599 3150 3690 3204 εύ-

2118 3245 2336 3308 σεὸείας
2380 3243 2730 3314 χαρακτῆρα,
2784 3243 2879 3297 καὶ
2929 3243 3202 3314 διαφόρως
3252 3241 3594 3295 ὑποδείκνυσι
3624 3245 3694 3312 τῇ

2115 3333 2363 3405 ἡμετέρᾳ
2392 3333 2552 3404 φύσει
2587 3332 2683 3397 τὰς
2716 3333 2816 3403 τῆς
2843 3332 3117 3402 σωτηρίας
3146 3332 3296 3396 ὁδούς
3318 3350 3333 3363 θ
3364 3333 3458 3385 καὶ
3495 3332 3696 3396 πολλὰς

2115 3427 2250 3496 ἡμῖν
2284 3426 2378 3478 καὶ
2414 3427 2663 3496 ἐναργεῖς
2687 3424 2994 3490 ἀποδείξεις
3025 3424 3256 3495 παρέχει
3285 3423 3385 3492 τῆς
3411 3441 3471 3476 τε
3504 3441 3698 3494 σωμαο

2115 3517 2274 3586 τικῆς
2307 3515 2472 3568 αὑτοῦ
2523 3517 2944 3584 ὲπιφοιτὴσεως,
2993 3515 3091 3568 καὶ
3139 3519 3237 3586 τῆς
3291 3514 3380 3568 διὰ
3444 3513 3698 3584 σώματος

2117 3607 2455 3677 ἐνεργούσης
2489 3607 2765 3676 θεότητος.
2810 3607 3153 3678 Ἀμφοτέρας
3199 3605 3309 3675 γὰρ
3343 3604 3506 3660 αὑτοῦ
3541 3605 3702 3658 ἐϐού-

2112 3700 2238 3751 λετο
2269 3696 2647 3750 πιστώσασθαι
2661 3698 2759 3760 τὰς
2790 3697 3092 3766 φύσεις.-
3119 3698 3229 3753 Τοῦ
3255 3697 3461 3763 αὐτοῦ,
3499 3698 3587 3762 είς
3629 3697 3702 3754 τὰ

2117 3787 2412 3857 Θεοφάνια
2453 3789 2586 3859 (65).
2629 3807 2647 3839 ι
2689 3789 2784 3852 Τίς
2809 3790 2885 3854 ὡς
2919 3790 3135 3860 άληθῶς
3165 3790 3387 3863 λαλήσει
3412 3791 3510 3854 τὰς
3541 3791 3702 3845 δυνα-

2123 3879 2306 3943 στείας
2333 3880 2428 3933 τοῦ
2481 3881 2709 3951 Κυρίου,
2743 3881 3016 3946 ἀκουστὰς
3045 3884 3260 3953 ποιήσει
3286 3882 3467 3946 πάσας
3486 3883 3587 3945 τὰς
3615 3885 3702 3937 αἱ-

2115 3971 2295 4036 νέσεις
2336 3970 2543 4036 αὐτοῦς
2571 3992 2588 4024 ι
2643 3972 2739 4035 Τίς
2780 3972 2846 4025 ἂν
2888 3972 3032 4043 λόγῳ
3076 3974 3449 4044 παραστήσειε
3493 3974 3593 4044 τῆς
3621 3976 3701 4039 είς

2115 4065 2268 4136 ἡμᾶς
2321 4063 2642 4136 εὐεργεσίας
2678 4064 2740 4117 τὸ
2793 4064 3088 4134 μέγεθοςς,
3133 4064 3476 4135 Ἀνθρωπεία
3536 4064 3703 4133 φύσις

2117 4156 2332 4226 θεότητι
2370 4155 2724 4218 συνάπτεται,
2761 4153 3030 4224 μενούσης
3063 4154 3148 4222 ἐφ’
3187 4153 3390 4223 ἑαυτῆς
3434 4154 3707 4224 ἑκατέρας

2116 4249 2214 4319 τῆς
2243 4245 2480 4315 φύσεως.

2328 4360 2628 4427 Κυρίλλου
2658 4360 2994 4416 ἐπισκόπου
3035 4360 3488 4428 ’Ῑεροονολύμοηκ

2200 4453 2294 4504 Ἐκ
2321 4451 2426 4504 τοῦ
2448 4451 2850 4519 κατηχητικοῦ
2871 4450 3154 4520 τετάρτου
3190 4451 3399 4520 λόγου,
3426 4450 3558 4517 περὶ
3589 4448 3706 4517 (64)

2578 4540 2696 4594 τῶν
2725 4541 2868 4595 δέκα
2891 4541 3199 4612 δογμάτων

2368 4654 2504 4723 Περὶ
2536 4652 2642 4722 τῆς
2671 4653 2739 4709 ἐκ
2777 4656 3078 4723 Παρθένου
3107 4654 3472 4726 γεννήσεως.

2196 4743 2423 4796 Πίστευέ
2460 4745 2536 4808 δὲ,
2567 4747 2651 4799 ὃτι
2700 4738 2856 4810 οὗτος
2883 4749 2912 4799 ὁ
2947 4746 3242 4817 μονογενὴς
3266 4745 3393 4808 Υἱὸς
3421 4744 3516 4798 τοῦ
3545 4744 3711 4806 Θεοῦ,

2126 4835 2214 4888 διὰ
2242 4835 2340 4898 τὰς
2374 4836 2649 4908 ἁμαρτίας
2701 4838 2880 4908 ἡμῶν,
2918 4838 2977 4902 ἐξ
3005 4837 3252 4908 ούρανῶν
3299 4837 3572 4910 κατῆλθεν
3613 4838 3712 4891 ἐπὶ

2131 4927 2229 4997 τὴν
2262 4928 2366 4998 γῆν
2402 4927 2536 4998 (65),
2560 4930 2661 4999 τὴν
2690 4930 2997 4998 ὁμοιοπαθῆ
3022 4929 3229 5000 ταύτην
3260 4931 3393 4999 ἡμῖν
3419 4927 3713 4982 ἀναλαϐὼν
3757 4992 3760 4995 τ

2130 5182 2250 5235 tarii
2293 5181 2658 5252 fragmentum
2689 5198 2720 5237 a
2759 5183 3105 5239 Theodoreto
3137 5193 3437 5240 servatum.

2202 5251 2313 5325 (65)
2350 5251 2441 5325 Εἷς
2469 5254 2538 5306 τὰ
2569 5253 2729 5319 Θεοφ.
2759 5252 2932 5324 Hujus
2966 5270 3189 5325 quoque
3213 5255 3449 5310 humilia:
3484 5254 3717 5311 unicum

2129 5329 2212 5376 est
2237 5321 2340 5377 hec
2365 5321 2750 5392 fragmentum.

2195 5392 2306 5474 (64)
2339 5391 2718 5474 περί-δογμ.
2857 5401 2940 5448 est
2974 5394 3142 5474 totius
3173 5394 3527 5474 calecheseos
3565 5409 3631 5474 |v_
3645 5393 3717 5474 tif

2121 5461 2300 5535 tulus;
2333 5461 2426 5531 qui
2443 5477 2589 5535 ‘vero
2632 5461 2904 5532 sequitur,
2933 5467 3073 5535 περι
3099 5466 3496 5535 -γεννὴσεως
3540 5464 3722 5522 refert

2121 5547 2180 5586 se
2206 5531 2294 5604 ad
2324 5531 2643 5604 sectionem,
2679 5531 2895 5604 egique
2931 5531 3212 5604 hic'ilocus’
3240 5531 3718 5604 est'dcsumptus.

2123 5603 2218 5674 qui
2242 5610 2422 5674 exstat
2459 5602 2512 5674 in
2546 5603 2680 5674 edit.
2709 5603 2906 5674 Thom.
2932 5603 3138 5674 iMilles,
3184 5618 3239 5674 p.
3279 5604 3338 5659 5i
3381 5617 3501 5674 seq.

2201 5671 2311 5744 (65)
2347 5689 2397 5727 τ.
2435 5673 2560 5743 γῆν.
2593 5671 2694 5727 Ed.
2729 5672 2860 5727 Mill.
2893 5673 2993 5744 τῆς
3016 5675 3138 5746 γῆς.
