4010 6212
321 315 440 382 235

1385 315 1764 378 DIALOGUS
1805 311 1887 375 11.
1915 337 1984 347 -·-
2021 314 2514 376 INCONFUSUS.

3476 307 3581 374 206

323 422 748 496 ἁνθρωπότητα,
787 421 885 476 καὶ
910 420 1192 494 γεννηθεὶς
1229 422 1288 489 ἐξ
1317 423 1479 491 ἁγίας
1499 419 1777 491 Παρθένου
1811 417 1904 471 καὶ

2026 436 2078 475 ιιι
2102 430 2321 484 natura,
2349 430 2618 489 natusque
2653 417 2727 475 sit
2749 434 2816 473 ex
2855 425 3044 473 sancta
3069 417 3289 488 Virgine
3312 425 3370 471 et
3396 431 3586 474 sancto

325 515 490 585 ἁγίου
545 512 889 584 Πνεῦματος,
936 512 998 567 οὐ
1051 513 1272 585 δοκήσει
1323 513 1419 566 καὶ
1484 509 1757 580 φαντασίᾳ
1811 508 1910 579 τῆς

325 608 799 678 ὲνανθρωπήσεως
843 606 1146 676 γενομένης
1173 605 1307 676 (66),
1349 603 1484 658 ἀλλὰ
1535 605 1600 673 τῇ
1644 599 1906 670 ἀληθείαο

324 701 438 754 οὐδ’
466 699 658 769 ὥσπερ
686 697 775 751 διὰ
800 697 1042 768 σωλῆνος
1069 697 1294 751 διελθὼν
1325 697 1425 767 τῆς
1454 695 1754 765 Παρθένου,
1773 692 1909 746 ἀλλὰ

327 790 638 862 σαρκωθεὶς
678 781 892 858 άληθῶς
940 789 1050 858 (67)
1079 788 1138 853 ἐξ
1167 788 1356 859 αὐτῆς,
1398 784 1588 858 φαγὼν
1625 783 1700 846 ὼς
1750 783 1911 852 ἡμεῖς

325 882 572 952 άληθῶς,
612 882 708 933 καὶ
732 881 846 952 (68)
889 879 1428 950 γαλακτοτροφηθεὶς
1474 875 1692 948 άληθῶς
1725 872 1784 937 ἐξ
1815 872 1912 925 αὑ-

324 974 448 1043 τῆς.
483 974 548 1024 Εἰ
577 971 684 1043 γὰρ
716 973 992 1039 φαντασία
1029 971 1140 1040 (69)
1171 966 1739 1041 ἦνὴὲνανθρώπησις,
1777 963 1912 1033 φάν-

324 1082 523 1135 τασμα
552 1065 646 1117 καὶ
673 1065 706 1134 ἡ
740 1063 1007 1134 σωτηρία.
1035 1063 1268 1126 Διπλοῦς
1284 1059 1351 1133 ἦν
1379 1065 1407 1116 ὁ
1434 1060 1689 1132 Χριστὸς,
1708 1057 1916 1128 ἄνθρω·

326 1173 435 1220 πος
469 1156 592 1226 μὲν,
629 1156 689 1208 τὸ
719 1156 1064 1225 φαινόμενον,
1093 1155 1225 1218 Θεὸς
1258 1156 1334 1219 δὲ,
1361 1154 1423 1207 τὸ
1451 1154 1524 1225 μὴ
1555 1147 1936 1222 φαινόμενον”

326 1248 531 1300 ἐσθίων
581 1247 698 1317 μὲν,
740 1247 818 1308 ὡς
862 1246 1168 1318 ἄνθρωπος,
1212 1245 1428 1318 ἀληθῶς
1461 1247 1536 1309 ὡς
1574 1245 1767 1316 ἡμεῖς’
1801 1236 1915 1310 εἶχε

326 1339 443 1410 γάρ
470 1339 568 1409 τῆς
603 1337 803 1407 σαρκὸς
828 1338 892 1390 τὸ
915 1339 1242 1408 ὁμοιοπαθὲς
1271 1339 1348 1402 ὡς
1391 1339 1553 1410 ἡμεῖς
1575 1353 1586 1366 ⁸
1615 1335 1830 1405 τρέφων
1861 1332 1914 1384 δὲ

329 1435 399 1485 ὲκ
453 1431 618 1483 πέντε
670 1431 850 1499 ἄρτων
900 1432 1024 1494 τοὺς
1080 1431 1572 1504 πεντακισχιλίους,
1631 1427 1706 1490 ὡς
1759 1424 1914 1486 Θεὸς

332 1517 699 1587 ἀποθνήσκων
759 1518 858 1586 μὲν
915 1517 990 1582 ὡς
1051 1517 1608 1589 ἄνθρωπος’ὰληθῶς·
1638 1513 1828 1584 νεκρὸν
1860 1510 1917 1563 δὲ

327 1610 532 1679 τετραή
543 1625 607 1678 με
615 1625 708 1678 ρον
725 1608 952 1678 ἐγείρων
971 1609 1043 1674 ὡς
1064 1610 1213 1673 Θεὸς⁸
1254 1609 1530 1664 καθεύδων
1555 1610 1634 1673 είς
1653 1607 1715 1661 τὸ
1736 1605 1918 1658 πλοῖον

326 1699 410 1764 ὡς
438 1699 726 1770 ἅνθρωπος
766 1699 909 1770 (70),
954 1702 1049 1755 καὶ
1085 1703 1402 1774 περιπατῶν
1434 1701 1527 1756 ἐπὶ
1565 1701 1674 1754 τῶν
1710 1698 1916 1752 ὑδάτων

324 1792 410 1858 ὡς
437 1795 591 1858 Θεός.

574 1908 885 1978 Ἀντιόχου
917 1907 1254 1962 ἐπισκόπου
1288 1905 1710 1978 Πτολεμαΐδος.

411 2020 511 2092 Hi;
542 2021 646 2091 (71)
680 2022 917 2092 συγχέῃς
970 2020 1068 2084 τὰς
1135 2020 1345 2090 φύσεις,
1380 2020 1475 2074 καὶ
1511 2021 1574 2073 οὐ
1624 2018 1920 2089 ναρκήσεις

333 2115 477 2185 περὶ
504 2114 603 2185 την
628 2114 967 2185 οἰκονομίαν.

338 2230 456 2286 Τοῦ
502 2230 677 2299 ἁγίου
721 2230 999 2299 'Uaplov.
1033 2230 1368 2284 ἐπισκόπου
1397 2227 1494 2282 καί
1528 2224 1917 2297 ὀμολογητοῦ,

655 2301 727 2354 ἐν
753 2300 834 2366 τῷ
866 2301 998 2368 περὶ
1030 2302 1287 2366 πίστεως
1316 2303 1361 2354 θ’
1400 2301 1582 2368 λόγῳ.

409 2411 529 2464 Οὐκ
561 2407 705 2466 οἶδεν
742 2413 913 2476 ὅντως
959 2413 1056 2484 τὴν
1080 2412 1274 2466 ἑαυτοῦ
1305 2412 1474 2483 ζωὴν,
1503 2411 1562 2474 ὃς
1595 2407 1802 2481 Ἰησοῦν
1829 2409 1922 2462 τὸν

331 2503 577 2574 Χριστὸν
601 2505 678 2568 ὡς
699 2504 872 2575 άληθῆ
899 2504 1057 2565 Θεὸν,
1094 2504 1268 2569 οὕτως
1303 2505 1395 2558 καὶ
1431 2503 1606 2575 ἀληθῆ
1632 2503 1921 2574 ἄνθρωπον

330 2595 442 2648 οὐκ
482 2596 792 2649 ἐπίσταται.
827 2596 934 2648 Τοῦ
965 2597 1075 2667 γὰρ
1109 2596 1276 2650 αὐτοῦ
1325 2595 1573 2649 κινδύνου
1596 2593 1658 2647 τὸ
1684 2595 1919 2665 πρᾶγμα

332 2689 623 2757 τυγχάνει,
647 2689 743 2742 ἐὰν
772 2689 1004 2760 Χριστὸν
1027 2689 1256 2762 Ἰησοῦν,
1291 2687 1324 2761 ἣ
1354 2690 1468 2762 (75)
1507 2689 1735 2759 Πνεῦμα
1760 2689 1918 2752 Θεὸν,

333 2780 374 2852 ἢ
407 2781 588 2852 σάρκα
616 2781 710 2834 τοῦ
732 2783 1000 2852 ἡμετέρου
1028 2781 1398 2855 ἀρνησὼμεθα
1419 2781 1922 2852 σώματος.ι⁶Ἀπας

332 2871 659 2942 τοιγαροῦν,
688 2871 750 2934 ὃς
781 2872 846 2924 ἂν
873 2872 1184 2945 ὁμολογήσῃ
1227 2889 1295 2942 με
1335 2872 1646 2942 ἔμπροσθεν
1673 2870 1782 2924 τῶν
1827 2872 1922 2925 άν-

331 2964 604 3036 θρὼπων,
658 2963 815 3031 κάγὼ
853 2965 1178 3036 ὁμολογήσω
1245 2965 1408 3018 αὐτὸν
1459 2963 1770 3034 ἔμπροσθεν
1827 2961 1920 3016 τοῦ

333 3056 563 3127 Πατρός
593 3074 693 3127 μου
731 3055 827 3110 τοῦ
871 3059 929 3108 ὲν
956 3058 1071 3120 τοῖς
1114 3057 1392 3128 οὐρανοῖς·
1421 3055 1480 3120 ὸς
1505 3056 1548 3108 δ’
1573 3055 1638 3109 ἂν
1669 3055 1920 3124 ἀπαρνή-

335 3148 512 3219 σηταί
552 3165 618 3218 με
652 3148 960 3218 ἔμπροσθεν
991 3148 1100 3202 τῶν
1132 3147 1453 3219 ἀνθρώπων,
1483 3145 1640 3216 κάγὼ
1689 3147 1920 3216 ἀρνήσο-

338 3257 446 3310 μαι
485 3239 648 3292 αὑτὸν
685 3237 995 3309 ἔμπροσθεν
1028 3237 1122 3291 τοῦ
1164 3238 1377 3308 Πατρός
1417 3256 1519 3309 μου
1542 3237 1635 3291 τοῦ
1673 3238 1730 3290 ὲν
1759 3236 1923 3307 ούρα-

333 3331 474 3390 νοίς.
493 3347 512 3378 ι
541 3326 725 3382 Ταῦτα
751 3328 780 3379 ὀ
809 3327 982 3394 Λόγος
1013 3327 1150 3397 σὰρξ
1175 3328 1470 3399 γενόμενος
1499 3329 1673 3396 ἔλεγε,
1711 3327 1804 3380 καὶ
1831 3327 1924 3380 ἇν-

336 3419 569 3490 ορωπος
604 3417 809 3486 Ἰησοῦς
842 3417 1078 3488 Χριστὸς
1105 3418 1134 3470 ὁ
1164 3420 1370 3489 Κύριος
1412 3419 1510 3489 τῆς
1550 3418 1710 3488 δόξης
1749 3417 1924 3470 ἐδίδα-

336 3528 471 3574 σκε,
498 3510 637 3580 πρὸς
654 3510 750 3581 τὴν
766 3512 862 3581 τῆς
879 3511 1204 3582 Ἐκκλησίας
1227 3510 1499 3581 σωτηρίαν
1524 3509 1746 3581 μεσίτης
1765 3510 1924 3575 αὐτὸς

337 3602 612 3671 ὑπάρχων
643 3601 701 3654 ὲν
731 3601 879 3671 αὐτῷ
910 3601 988 3673 τῷ
1019 3601 1327 3672 μυστηρίῳ,
1367 3601 1435 3654 δι’
1462 3595 1634 3673 οὗπερ
1665 3601 1784 3673 Θεῷ
1831 3602 1926 3655 καὶ

335 3692 662 3764 ἀνθρώποις
697 3693 1066 3762 ἐμεσίτευσεν.
1097 3685 1192 3756 Εἷς
1237 3691 1521 3762 τυγχάνων
1557 3692 1618 3745 τὸ
1648 3692 1926 3762 συναμφό-

337 3801 530 3855 τερον,
562 3787 626 3837 ὲκ
655 3784 763 3837 τῶν
802 3783 1105 3838 ὲνωθεισῶν
1133 3785 1212 3846 είς
1243 3784 1372 3838 αὐτὸ
1407 3783 1565 3837 τοῦτο
1608 3784 1665 3837 δὲ
1709 3783 1925 3852 φύσεων

335 3875 407 3929 ιν
433 3874 532 3926 καὶ
567 3873 760 3926 ταύτὸν
787 3873 854 3926 δι’
885 3874 1150 3944 ἑκατέρας
1195 3873 1410 3942 φύσεως
1439 3873 1536 3927 ῶν.
1565 3875 1714 3946 Πλὴν
1748 3876 1926 3940 οὕτως

336 3963 424 4026 ὡς
459 3965 520 4016 ἐν
553 3961 798 4033 ἑκατέρῳ
847 3960 1146 4032 μηδετέρου
1201 3961 1477 4032 χηρεύειν,
1521 3961 1597 4031 μή
1629 3978 1745 4024 πως
1783 3959 1925 4013 παύ-

337 4070 513 4124 σηται
540 4053 670 4116 Θεὸς
699 4048 836 4106 εἶναι
880 4053 1196 4123 τικτὸμενος
1226 4051 1321 4105 ἄνθ
1333 4068 1532 4123 ρωπος,
1578 4051 1606 4121 ἢ
1647 4052 1806 4104 πάλιν
1835 4051 1928 4105 ἄν·

334 4149 566 4220 ορωπος
593 4148 715 4218 ούχὶ
745 4147 822 4219 τῷ
858 4147 1127 4218 διαμένειν
1152 4147 1306 4210 Θεὸς.
1351 4145 1580 4210 Οὺκοῦν,
1625 4145 1785 4200 τοῦτο
1828 4149 1927 4218 τῆς

337 4243 406 4296 ιν
436 4241 746 4311 ἀνθρώποις
773 4239 1004 4311 ἀληθοῦς
1054 4239 1292 4302 πίστεως
1326 4237 1388 4292 τὸ
1422 4239 1714 4310 μακάριον,
1749 4237 1809 4292 τὸ
1834 4239 1926 4293 τὸν

339 4334 448 4404 μὲν
481 4333 616 4385 Θεὸν
652 4334 746 4386 καί
780 4331 1066 4402 ἄνθρωπον
1105 4331 1418 4400 κηρύττειν,
1477 4330 1576 4401 τὴν
1631 4330 1690 4383 δὲ
1745 4331 1927 4400 σάρκα

339 4424 442 4477 καὶ
472 4422 647 4489 Λόγον
673 4421 975 4492 ὁμολογεῖν,
1023 4420 1119 4474 καὶ
1142 4420 1234 4474 τὸν
1270 4420 1368 4488 μὲν
1406 4419 1538 4472 Θεὸν
1567 4419 1788 4483 εἰδέναι,
1839 4421 1920 4474 ὅτι

337 4516 442 4569 καὶ
497 4513 782 4584 ἄνθρωπος
829 4513 937 4583 εἴη,
971 4511 1067 4566 καὶ
1103 4511 1201 4582 τὴν
1241 4512 1419 4582 σάρκα
1453 4511 1528 4582 μὴ
1575 4513 1810 4580 ἀγνοεῖν,
1840 4513 1926 4565 ὅτι

341 4605 446 4658 καὶ
477 4605 650 4670 Λόγος
677 4605 842 4658 ἐστίν.
877 4633 949 4643 -
969 4602 1081 4656 Τοῦ
1115 4602 1324 4666 αὑτοῦ,
1355 4603 1426 4655 ἐν
1456 4601 1534 4668 τῷ
1558 4603 1720 4669 αὐτῷ
1746 4605 1925 4673 λόγῳ.

351 4697 457 4750 Ἕκ
493 4695 771 4767 Παρθένου
816 4695 994 4749 τοίνυν
1043 4692 1255 4764 τεχθεὶς
1305 4694 1592 4766 ἄνθρωπος
1631 4698 1661 4749 ὁ
1697 4712 1928 4765 μονογε-

338 4789 448 4856 νὴς
485 4788 642 4853 Θεὸς,
692 4789 785 4842 καὶ
837 4789 980 4842 κατὰ
1010 4789 1107 4861 τὴν
1151 4788 1545 4859 συμπλήρωσιν
1587 4787 1682 4840 τοῦ
1729 4787 1926 4859 καιροῦ

343 4879 563 4950 μέλλων
601 4879 762 4943 αὐτὸς
805 4880 983 4951 ἐαυτῷ
1019 4881 1116 4951 τὴν
1161 4881 1255 4935 τοῦ
1291 4879 1579 4950 ἀνθρώπου
1641 4881 1924 4950 προκοπὴν

341 4973 430 5034 αις
462 4971 598 5024 Θεὸν
641 4973 1073 5042 ἀπεργάζεσθαι,
1102 4973 1308 5041 ταύτην
1354 4972 1452 5043 τὴν
1484 4972 1638 5035 τάξιν
1686 4973 1744 5024 ἐν
1789 4975 1923 5026 πᾶσι

344 5065 461 5126 tot;
506 5064 878 5132 εύαγγελικοῖς
927 5065 1104 5132 λόγοις
1153 5065 1435 5134 ἐφύλαξεν,
1481 5067 1568 5118 ἵνα
1611 5065 1803 5117 ἑαυτὸν
1829 5065 1924 5118 καὶ

2013 513 2243 583 Spiritu,
2277 513 2652 567 incarnatione
2676 528 2786 566 non
2823 527 2922 582 per
2955 511 3271 580 opinionem
3321 519 3376 566 et
3409 511 3586 581 phan—

2013 604 2225 668 tasiam,
2275 604 2371 658 sed
2410 619 2600 658 revera
2633 604 2806 658 facta:
2833 619 3010 672 neque
3041 613 3297 672 tanquam
3353 619 3453 673 per
3501 619 3591 657 ca-

2013 695 2192 749 nalem
2214 695 2484 749 transiens
2513 709 2612 764 per
2649 695 2948 765 Virginem,
2983 695 3079 748 sed
3105 712 3172 748 ex
3197 695 3310 764 ipsa
3344 709 3472 749 sere
3503 695 3589 748 in-

2014 796 2306 853 carnatus;
2341 787 2436 856 qui
2479 802 2608 842 vere
2655 787 2798 842 sicut
2827 798 2880 841 et
2915 802 3016 842 nos
3056 787 3316 850 comedit,
3347 798 3401 842 et
3451 787 3591 841 lacte

2014 877 2084 932 ab
2112 893 2176 932 ea
2210 893 2340 932 vere
2375 877 2619 932 nutritus
2655 887 2760 933 est.
2808 878 2864 932 Si
2919 877 3067 931 enim
3103 877 3388 947 phantasia
3442 885 3591 930 esset

2018 970 2642 1041 incarnatio,spectrum
2679 986 2894 1041 quoque
2933 979 3081 1025 esset
3135 972 3303 1025 salus.
3347 969 3592 1038 Duplicis

2016 1060 2200 1130 itaque
2222 1069 2432 1116 natura:
2460 1062 2562 1116 fuit
2578 1061 2866 1117 Christus:
2900 1063 3066 1116 homo
3082 1063 3302 1132 quidem
3319 1070 3593 1132 quatenus

2015 1152 2368 1218 cernebatur,
2408 1154 2554 1208 Deus
2593 1164 2776 1208 autem
2810 1162 3084 1224 quatenus
3118 1170 3224 1208 non
3249 1153 3588 1223 apparebat;

2017 1242 2309 1296 comedens
2329 1243 2574 1311 quidem,
2605 1251 2666 1297 ut
2691 1245 2878 1308 homo,
2917 1260 3046 1298 vere
3071 1245 3215 1298 sicut
3243 1258 3346 1297 nos
3397 1243 3590 1315 (habe-

2019 1335 2110 1388 bat
2139 1335 2287 1388 enim
2313 1337 2496 1390 carnis
2541 1336 2859 1390 affectiones
2898 1338 3104 1391 nostris
3135 1335 3385 1404 similes),
3426 1335 3594 1404 quin-

2018 1438 2124 1492 que
2170 1433 2353 1478 autem
2412 1427 2648 1495 panibus
2687 1429 2930 1498 quinque
2975 1429 3146 1482 millia
3192 1427 3492 1498 pascens“
3532 1435 3596 1479 ut

2018 1514 2204 1581 Deus;
2257 1517 2497 1571 moriens
2530 1518 2750 1587 quidem
2791 1534 2920 1573 vere
2963 1527 3024 1574 ut
3074 1519 3260 1584 homo,
3314 1527 3594 1572 mortuum

2018 1620 2151 1658 vero
2175 1606 2602 1674 quatriduanum
2657 1609 2927 1664 suscitans
2951 1610 2994 1640 "
3025 1618 3084 1664 ut
3108 1610 3285 1674 Deus;
3317 1609 3598 1663 dormiens

2023 1696 2077 1750 in
2102 1697 2224 1751 navi
2267 1706 2328 1750 ut
2353 1698 2540 1763 homo,
2572 1707 2626 1753 et
2652 1699 2938 1753 ambulans
2961 1715 3059 1769 per
3081 1715 3251 1769 aquas
3273 1699 3318 1730 “
3347 1708 3407 1754 ut
3430 1700 3593 1754 Deus.

2263 1899 2421 1971 162
2457 1901 2699 1956 Antiochi
2734 1904 2958 1972 episcopi
2991 1901 3353 1957 Ptolemaidis.

2086 2018 2207 2074 Noli
2251 2021 2590 2080 confundere
2635 2035 2880 2086 naturas.
2908 2034 2967 2082 et
3013 2043 3122 2082 non
3156 2027 3402 2098 torpebis
3452 2029 3600 2085 circa

2019 2110 2505 2182 diSpensationcm.

2019 2221 2203 2278 Sancti
2247 2225 2446 2280 Hilarii
2483 2227 2707 2298 episcopi
2746 2237 2794 2281 et
2830 2230 3145 2299 confessoris
3177 2234 3232 2285 in
3276 2230 3412 2286 libro
3462 2249 3600 2287 nono

2711 2299 2776 2352 de
2803 2299 2928 2368 ﬁde.

2089 2408 2275 2464 Nescit
2304 2410 2465 2482 plane
2508 2411 2621 2483 (72)
2655 2412 2824 2467 vitam
2849 2428 3029 2478 suam,
3063 2413 3243 2469 nescit
3277 2415 3372 2484 qui
3413 2416 3601 2471 Iesum

2019 2498 2298 2556 Christum
2343 2511 2404 2555 ut
2451 2504 2870 2569 verum-Deum,
2897 2505 2970 2558 ita
3011 2515 3068 2561 et
3104 2521 3295 2560 verum
3325 2506 3602 2563 hominem

2023 2587 2256 2659 ignorat.
2322 2589 2390 2644 Et
2445 2591 2692 2662 ejusdem
2739 2591 2970 2662 periculi
3009 2608 3098 2648 res
3135 2603 3240 2659 est,
3303 2593 3582 2650 Christum

2019 2681 2229 2746 Jesum,
2285 2683 2372 2738 vel
2432 2682 2700 2754 Spiritum
2749 2683 2944 2749 Deum,
2991 2686 3078 2740 vel
3133 2700 3357 2742 carnem
3427 2689 3601 2744 nostri

2021 2771 2269 2840 corporis
2331 2773 2624 2843 denegare.
2676 2791 2697 2825 ι
2757 2774 2984 2830 Omnem
3049 2792 3202 2848 ergo,
3263 2779 3463 2848 inquit,
3508 2781 3604 2850 qui

2021 2862 2374 2918 conﬁtebitur
2455 2880 2542 2919 me
2617 2880 2798 2920 coram
2883 2865 3220 2932 hominibus,
3298 2872 3604 2926 conﬁtebor

2021 2952 2186 3007 etiam
2205 2968 2390 3007 coram
2418 2954 2577 3009 Patre
2622 2970 2765 3019 meo,
2795 2955 2996 3026 quiest
3022 2957 3078 3011 in
3130 2959 3308 3015 caelis.
3365 2960 3466 3028 Qui
3503 2979 3604 3016 au-

2024 3049 2134 3098 tem
2169 3043 2524 3114 abnegaverit
2553 3047 2570 3065 ⁴
2597 3061 2682 3100 me
2712 3062 2896 3101 coram
2923 3048 3260 3116 hominibus,
3281 3066 3412 3107 eum
3437 3055 3604 3109 etiam

2025 3134 2307 3205 abnegabo
2356 3149 2540 3190 coram
2583 3137 2741 3192 Patre
2791 3153 2934 3201 meo,
2960 3140 3054 3210 qui
3083 3150 3168 3195 est
3210 3141 3266 3196 in
3291 3144 3446 3200 caelis
3477 3146 3543 3199 ".
3579 3166 3597 3198 ν

2024 3225 2265 3279 Verbum
2301 3241 2430 3280 caro
2487 3225 2691 3281 factum
2755 3228 3105 3297 loquebatur,
3130 3242 3187 3285 et
3236 3231 3401 3288 homo
3433 3228 3606 3298 'Jesus

2023 3315 2279 3371 Christus
2296 3318 2560 3372 Dominus
2575 3319 2877 3388 majestatis
2913 3320 3166 3387 docebat,
3192 3323 3462 3380 mediator
3489 3325 3606 3397 ipse

2025 3407 2081 3462 in
2111 3423 2169 3462 se
2197 3407 2264 3462 ad
2307 3410 2538 3465 salutem
2567 3411 2824 3467 Ecclesia:
2848 3413 3205 3480 constitutus,
3239 3424 3298 3469 et
3348 3416 3443 3472 illo
3485 3419 3606 3489 ipso

2026 3501 2170 3555 inter
2221 3503 2393 3556 Deum
2439 3510 2498 3557 et
2559 3503 2810 3558 homines
2865 3505 3188 3560 mediatoris
3260 3520 3606 3564 sacramento

2026 3603 2323 3662 utrumque
2339 3609 2485 3647 unus
2501 3594 2793 3657 exsistens,
2817 3593 2948 3647 dum
2975 3595 3093 3663 ipse
3113 3612 3181 3651 ex
3196 3599 3369 3652 unitis
3416 3600 3471 3653 in
3518 3601 3605 3653 id-

2027 3684 2206 3756 ipsum
2232 3683 2450 3738 naturis
2485 3691 2696 3738 naturae
2719 3684 3009 3752 utriusque
3037 3701 3124 3739 res
3145 3687 3338 3742 eadem
3379 3698 3497 3744 est:
3531 3691 3603 3746 ita

2029 3784 2208 3830 tamen
2241 3782 2302 3828 ut
2324 3782 2523 3829 neutro
2551 3781 2765 3828 careret
2803 3774 2859 3828 in
2902 3783 3159 3845 utroque,
3188 3792 3258 3831 ne
3289 3777 3430 3835 forte
3459 3781 3605 3836 Deus

2026 3882 2147 3922 esse
2187 3866 2355 3921 homo
2393 3865 2672 3920 nascendo
2721 3866 3022 3933 desineret,
3068 3877 3126 3924 et
3175 3869 3340 3925 homo
3389 3888 3601 3938 rursus,

2027 3959 2174 4012 Deus
2201 3955 2472 4010 manendo
2511 3971 2621 4012 non
2644 3968 2805 4011 esset.
2834 3957 2959 4012 Haec
2988 3958 3173 4028 itaque
3204 3960 3456 4016 humanae
3471 3963 3602 4017 bea-

2031 4047 2282 4103 titudinis
2324 4046 2460 4101 ﬁdes
2482 4062 2613 4101 vera
2641 4056 2745 4112 est,
2793 4049 2966 4102 Deum
3000 4056 3056 4104 et
3100 4050 3380 4106 hominem
3402 4054 3603 4122 μιξεάί-

2027 4156 2172 4204 earc,
2228 4140 2469 4195 Verbum
2520 4148 2577 4194 et
2627 4156 2850 4195 carnem
2903 4141 3177 4208 conﬁteri,
3207 4159 3387 4214 neque
3432 4145 3602 4200 Deum

2027 4233 2242 4289 nescire
2260 4232 2405 4301 quod
2431 4232 2597 4289 homo
2611 4231 2701 4293 sit,
2727 4233 2882 4304 163
2905 4250 3081 4303 neque
3103 4251 3326 4291 carnem
3353 4237 3605 4308 ignorare

2027 4327 2173 4397 quod
2199 4327 2439 4382 Verbum
2474 4327 2641 4381 sit.—-—
2655 4326 2930 4396 Ejusdem,
2959 4329 3014 4380 in"
3039 4328 3219 4382 eodem
3248 4329 3401 4384 libro.
3435 4331 3606 4388 Natus

1956 4457 1999 4511 ο
2029 4421 2196 4491 igitur
2224 4419 2541 4490 unigenitus
2574 4419 2718 4474 Deus
2747 4434 2815 4474 ex
2851 4419 3069 4488 Virgine
3106 4420 3292 4486 homo,
3318 4431 3374 4477 et
3405 4438 3604 4478 secun-

2028 4514 2158 4568 dum
2184 4512 2582 4583 plenitudinem
2614 4520 2922 4580 temporum
2974 4511 3028 4566 in
3081 4514 3378 4584 semetipso
3407 4531 3605 4584 prove—

2026 4613 2220 4661 cturus
2246 4605 2298 4660 in
2325 4605 2494 4659 Deum
2527 4603 2828 4664 hominem,
2858 4603 3006 4658 hunc
3027 4619 3126 4674 per
3150 4606 3334 4660 omnia
3374 4622 3605 4678 evange-

2025 4697 2116 4751 lici
2140 4696 2411 4751 sermonis
2439 4695 2664 4749 modqu
2686 4695 2886 4759 tenuit,
2911 4707 2972 4748 ut
3002 4711 3061 4756 se
3088 4697 3285 4752 Filium
3333 4697 3428 4752 Dei
3456 4699 3603 4752 credi

2026 4789 2272 4851 doceret,
2305 4795 2362 4842 et
2388 4787 2631 4840 hominis
2681 4786 2876 4840 Filium
2929 4789 3212 4856 praedicari
3263 4789 3603 4849 admoneret.

2030 4881 2249 4934 locutus
2276 4886 2332 4933 et
2365 4893 2564 4947 gerens
2602 4875 2768 4930 homo
2793 4877 3049 4931 universa
3080 4894 3202 4947 quae
3229 4879 3323 4932 Dei
3355 4888 3506 4943 sunt,
3525 4880 3606 4932 lo-

2032 4985 2208 5042 quens
2231 4969 2430 5024 deinde
2456 4976 2512 5023 et
2542 4983 2738 5037 gerens
2781 4968 2928 5022 Deus
2979 4969 3235 5023 universa
3260 4987 3381 5040 qua:
3426 4971 3606 5025 homi~

2031 5066 2118 5120 nis
2150 5071 2303 5120 sunt:
2336 5061 2409 5116 ita
2461 5070 2642 5116 tamen
2677 5068 2739 5115 ut
2767 5061 2823 5115 in
2851 5061 2970 5131 ipso
3005 5061 3098 5115 illo
3123 5062 3409 5134 utriusque
3443 5080 3605 5134 gene-

433 5216 477 5250 “
497 5218 632 5273 Luc.
657 5212 808 5283 xxxv;
841 5216 998 5272 Joan.
1033 5234 1105 5283 vr,
1137 5218 1221 5273 11.
1297 5217 1342 5250 ⁸⁸
1365 5219 1522 5274 Joan.
1553 5235 1625 5284 ιιι,
1654 5218 1742 5273 45.
1819 5219 1864 5250 ⁸⁸
1892 5218 1920 5273 b

2026 5218 2078 5273 h.
2102 5235 2199 5284 vn,
2229 5217 2328 5283 ΞΜ,
2368 5217 2524 5272 Joan.
2552 5231 2626 5281 vr,
2658 5214 2743 5269 l9.
2802 5213 2844 5244 ⁸⁵
2875 5212 3066 5267 Matth.
3099 5231 3152 5280 x,
3181 5215 3269 5279 32,
3302 5215 3391 5269 '55.

427 5374 540 5445 (66)
565 5393 682 5443 γεν.
712 5374 814 5446 Ed.
845 5374 980 5446 Mill.
1016 5375 1363 5446 γειναμένης.

437 5443 538 5516 6⁸1
565 5446 707 5501 Ibid.
754 5445 829 5516 £5
846 5443 1018 5514 αὐτῆς
1041 5443 1280 5516 άληθῶς.

565 5518 658 5570 καὶ
679 5546 749 5560 -
785 5515 847 5582 ἐξ
877 5517 1067 5588 αὐτῆς.

345 5588 583 5656 ἀληθῶς.

417 5657 532 5799 (69)
558 5656 697 5711 Ibid.
728 5657 1042 5726 φάντασμα.

417 5730 511 5799 (70
563 5729 636 5792 ὡς
663 5728 820 5799 ἄνθρ.
852 5727 990 5786 Ibid.
1019 5744 1042 5799 ι

439 5731 511 5783 70

1149 5515 1261 5571 bid.
1312 5515 1406 5570 καὶ
1451 5513 1589 5568 πιὼν
1626 5513 1702 5580 ὡς
1757 5515 1920 5586 ἡμεῖς

563 5729 636 5792 ὡς
663 5723 820 5799 άνθρ.
852 5723 990 5786 Ibid.
1019 5727 1365 5799 prtemittitur
1392 5723 1630 5797 ἀληθῶς.

2099 5373 2211 5442 (71)
2240 5373 2329 5442 Μή
2357 5388 2412 5442 κ.
2442 5387 2510 5442 (τ.
2538 5369 2626 5442 jx.
2666 5367 2900 5442 Unicum
2941 5369 3106 5438 hujus
3135 5371 3420 5440 scriptoris
3462 5370 3613 5440 frag-.

2025 5438 2272 5496 mentum
2311 5438 2366 5494 in
2401 5440 2485 5494 his
2522 5438 2749 5508 dialogis
2783 5448 3078 5508 servatum.

2097 5514 2208 5594 (7'2)
2245 5511 2418 5594 Nescit
2453 5507 2997 5594 plovie,‘etc.'§rzeca
3043 5527 3151 5594 non
3190 5511 3319 5594 satis
3349 5527 3480 5594 “cum
3507 5511 3604 5594 isa-

2024 5577 2150 5636 linis
2178 5577 2524 5635 consentiunt
2563 5579 2615 5632 in
2652 5579 2757 5632 hoc
2786 5577 3062 5635 Ililariano
3088 5582 3225 5643 loco,
3261 5582 3363 5636 Sed
3389 5581 3604 5636 dubita-

2023 5653 2201 5707 vimus
2236 5651 2526 5718 quidquam
2561 5658 2792 5704 mutare.

2101 5667 2201 5704 nus
2274 5667 2526 5718 umquam
2561 5667 2792 5704 mumre.

2101 5722 2212 5795 (73)
2329 5721 2403 5774 Ita
2444 5719 2734 5789 legendum
2768 5729 2922 5789 puto,
2954 5719 3117 5800 Sirrp.
3161 5721 3274 5776 καί.
