4010 6212
368 341 465 407 ειι

1356 353 1841 417 TIIEODORETI
1881 360 2218 422 EPISCOPI
2257 363 2621 424 CYRENSIS

3532 362 3644 429 212

364 471 483 510 ram
510 453 900 521 humanitatis,
951 458 1286 514 cernebatur
1337 464 1640 518 secundum
1697 484 1944 535 carnem,

2053 470 2149 539 τὴν
2183 471 2383 541 σάρκα,
2417 472 2650 545 ἀόρατος
2684 472 2827 526 κατὰ
2878 473 2939 526 τὸ
2975 454 3226 545 πνεῦμα·
3262 479 3634 551 κρατούμενος

364 563 475 602 non
497 546 829 601 cernebatur
854 550 1160 604 secundum
1191 553 1452 621 spiritum
1487 574 1500 622 ;
1555 560 1946 615 continebatur

365 637 673 692 secundum
712 653 936 707 corpus,
962 641 1235 696 contineri
1259 658 1366 697 non
1400 654 1615 715 poterat
1640 650 1943 704 secundum

363 728 440 782 Ve
446 727 507 781 rb
515 744 544 779 a
554 743 604 780 ιιι
615 768 627 780 .

362 842 524 895 Attici
568 842 795 898 eviscooi
849 840 1450 918 Constantinopolitani,
1494 863 1556 902 ea:
1600 848 1823 918 epistola
1875 849 1946 903 ad

967 913 1012 967 E
1018 934 1047 967 ιι
1053 932 1110 984 ps
1115 913 1229 986 yclii
1235 933 1263 967 ιι
1272 933 1319 969 m
1329 959 1341 970 .

440 1025 580 1092 Quid
610 1043 738 1097 ergo
765 1027 945 1083 facere
966 1025 986 1045 ⁶
1004 1030 1251 1099 oportuit
1293 1030 1763 1101 sapientissimum
1786 1034 1808 1087 ?
1835 1034 1943 1089 As-

363 1129 597 1189 sumptze
642 1120 827 1174 carnis
883 1121 1224 1184 interventu,
1276 1130 1332 1176 et
1388 1122 1483 1176 Dei
1518 1123 1682 1178 Verbi
1738 1126 1944 1179 unione

363 1227 488 1264 cum
522 1212 743 1266 homine
777 1229 844 1266 ex
879 1213 1046 1267 Maria
1094 1222 1246 1279 nato,
1279 1214 1339 1268 lit
1397 1224 1717 1284 utrumque,
1754 1225 1814 1269 ut
1848 1216 1942 1285 qui

363 1318 434 1359 ex
468 1315 702 1374 utroque
738 1305 926 1360 unitus
957 1315 1075 1360 erat
1107 1306 1381 1372 Christus,
1410 1305 1701 1361 divinitate
1752 1307 1943 1377 dispo-

361 1411 522 1459 nens,
562 1396 616 1449 in
638 1412 736 1450 sua
758 1397 1113 1466 impassibilis
1133 1406 1345 1452 natura:
1373 1406 1625 1453 maneret
1650 1398 1941 1469 dignitate,

361 1486 417 1541 cl
450 1504 615 1542 carne
650 1490 1019 1558 congrediens
1040 1506 1166 1545 cum
1199 1500 1401 1555 morte,
1439 1491 1605 1546 simul
1655 1499 1944 1562 cognatam

362 1579 549 1634 carnis
575 1589 827 1633 naturam
852 1581 1079 1636 doceret
1103 1594 1339 1639 mortem
1376 1600 1474 1655 per
1535 1592 1772 1639 mortem
1807 1600 1943 1639 con-

366 1683 632 1737 temnere,
671 1674 835 1729 simul
869 1678 1039 1732 etiam
1062 1679 1190 1734 novi
1226 1679 1709 1751 Testamentijura
1767 1688 1944 1736 morte

366 1778 465 1817 sua
486 1763 861 1821 conﬁrmanct.

361 1961 549 2034 Cyrilli
568 1965 793 2037 episcopi
828 1966 1213 2050 Alexandrini,
1250 1985 1315 2023 ex
1353 1969 1579 2040 epistota
1642 1969 1712 2024 ad
1754 1970 1946 2026 Nesto-

1068 2056 1226 2094 ηιιιιι.

432 2150 499 2204 Ει
540 2150 687 2220 quod
734 2149 967 2206 diversa:
1010 2149 1237 2221 quidem
1288 2154 1398 2207 sint
1445 2163 1677 2220 natura},
1713 2171 1835 2225 qua:
1884 2155 1940 2209 in

357 2257 548 2296 veram
577 2243 843 2297 unitatem
866 2244 1214 2308 coaluerunt,
1241 2261 1384 2300 unus
1408 2255 1590 2301 tamen
1616 2262 1684 2301 ex
1710 2255 1942 2317 utraque

361 2332 507 2387 Deus
544 2349 609 2388 ac
640 2334 834 2401 Filius,
870 2350 980 2389 non.
1015 2335 1232 2390 sublata
1271 2346 1590 2391 naturarum
1628 2338 1942 2393 diderentia

360 2434 587 2495 propter
612 2427 1263 2500 unionem—Ejusdem,
1300 2447 1363 2484 ea:
1394 2431 1616 2502 epistola
1649 2434 1811 2502 168
1848 2433 1945 2487 ad-

362 2534 536 2572 versus
554 2518 869 2575 Orientales.
888 2523 1129 2576 Duarum
1149 2524 1296 2597 enim
1316 2532 1635 2578 naturarum
1656 2525 1788 2580 unio
1801 2525 1943 2579 facta

360 2617 483 2663 cst:
542 2611 673 2666 ideo
723 2629 892 2667 unum
947 2612 1250 2679 Christum,
1295 2630 1465 2668 unum
1504 2615 1726 2681 Filium,
1769 2631 1942 2669 unum

362 2702 654 2759 Dominum
703 2705 1053 2762 conﬁtemur.
1102 2706 1418 2762 Secundum
1455 2707 1597 2762 hanc
1643 2706 1944 2762 inconfusa:

363 2791 584 2846 unionis
626 2793 1063 2865 intelligentiam,
1100 2796 1432 2850 conﬁtemur
1472 2806 1718 2851 sanctam
1756 2797 1942 2867 Virgi-

363 2899 489 2939 nem
516 2900 637 2940 esse
663 2886 973 2956 Deiparam,
1007 2887 1155 2957 quod
1188 2889 1286 2943 Dei
1326 2889 1567 2943 Verbum
1597 2888 1940 2942 incarnatum

363 2985 420 3030 et
442 2976 606 3032 homo
642 2978 865 3043 factum,
896 2989 953 3035 et
980 2995 1045 3034 ex
1083 2981 1199 3049 ipsa
1246 2981 1612 3051 conceptione
1652 2981 1760 3034 sibi
1806 2991 1943 3035 tem-

365 3070 514 3139 plum
530 3086 597 3125 εκ
616 3087 681 3126 ea
702 3081 977 3142 sumptum
1002 3075 1227 3128 unierit.
1251 3106 1315 3114 —-
1332 3074 1604 3144 Ejusdem.
1623 3074 1777 3129 Unus
1792 3074 1939 3128 enim

2050 564 2189 618 κατά
2212 564 2271 617 τὸ
2303 564 2483 635 σῶμα,
2515 565 2824 637 ἀκράτητος
2847 566 2989 622 κατὰ
3024 568 3117 623 τὸν
3145 570 3343 637 Λόγον.

2059 848 2384 923 Ἄττικοῦη
2442 849 2783 923 ἐπισκόπου
2879 847 3582 923 Κωνσταντινουπόλέως
3613 896 3633 923 ,

2208 919 2277 972 ἐκ
2310 917 2422 987 τῆς
2455 920 2568 991 (85)
2603 922 2753 989 πρὸς
2781 924 3097 993 Εὐψύχιον
3118 925 3473 995 ἐπιστολῆς.

2118 1031 2184 1084 Τί
2208 1031 2386 1085 τοίνυν
2418 1034 2585 1105 ἐχρῆν
2611 1035 2702 1088 τὸν
2729 1037 3004 1106 πάνσοφον
3051 1039 3584 1110 πραγματεύσασθαι
3614 1056 3632 1105 ;

2046 1125 2314 1196 Μεσιτείᾳ
2343 1126 2444 1194 τῆς
2472 1127 2912 1198 προσληφθείσης
2948 1110 3171 1202 σαρκός,
3200 1133 3295 1186 καὶ
3324 1132 3516 1186 ἑνώσει
3536 1134 3634 1187 τοῦ
3662 1130 3665 1131 ν

2046 1213 2183 1267 Θεοῦ
2216 1214 2390 1282 Λόγου
2418 1214 2552 1286 πρὸς
2580 1215 2672 1268 τὸν
2706 1218 2769 1268 ὲκ
2796 1217 3015 1289 Μαρίας
3044 1219 3351 1290 ἄνθρωπον,
3392 1220 3634 1291 ἑκάτερα

2046 1306 2292 1373 γίνεται,
2337 1305 2478 1358 ὥστε
2533 1307 2626 1359 τὸν
2681 1306 2741 1372 ἐξ
2792 1308 2995 1377 ἀμφοῖν
3044 1309 3322 1381 ἡνωμένον
3371 1310 3632 1382 Χριστὸν,

2047 1397 2263 1467 θεότητι
2289 1396 2389 1468 μὲν
2419 1397 2810 1468 διατιθέμενον,
2846 1402 2940 1454 ὲπὶ
2966 1401 3059 1454 τοῦ
3092 1401 3296 1455 οἰκείου
3328 1405 3506 1471 μεῖναι
3528 1402 3632 1472 τῆς

2046 1488 2293 1552 ἀπαθοῦς
2324 1488 2539 1558 φύσεως
2574 1489 2906 1561 ἀξιώματος,
2940 1495 3106 1563 σαρκὶ
3126 1494 3181 1546 δὲ
3209 1493 3426 1561 θανάτῳ
3457 1510 3632 1563 προσ-

2045 1574 2405 1645 ομιλήσαντα,
2446 1576 2583 1647 ὁμοῦ
2638 1579 2736 1647 μὲν
2787 1579 3065 1646 ἀποδεῖξαι
3119 1584 3188 1651 τῇ
3238 1580 3494 1651 ὁμοφύλῳ
3529 1582 3634 1652 τῆς

2049 1668 2253 1739 σαρκὸς
2277 1667 2436 1737 φύσει
2464 1668 2562 1739 τὴν
2587 1670 2726 1724 κατά
2748 1670 2842 1723 τοῦ
2875 1671 3108 1725 θανάτου
3142 1673 3232 1727 διά
3270 1673 3364 1727 τοῦ
3392 1672 3629 1728 θανάτου

2046 1760 2371 1832 ὑπεροψίαν,
2417 1761 2553 1831 ὁμοῦ
2596 1762 2654 1815 δὲ
2706 1762 3069 1835 κρατύνεσθαι
3127 1768 3192 1836 τῇ
3249 1765 3474 1835 τελευτῇ
3529 1764 3633 1835 τῆς

1975 1826 2015 1885 Β
2037 1826 2246 1923 καινῆς
2276 1826 2553 1925 Διαθήκης
2582 1853 2651 1907 τά
2678 1826 2886 1909 δίκαια.

2048 1968 2374 2038 Κυρίλλου,
2402 1967 2742 2040 ἐπισκόπου
2776 1966 3251 2040 Ἀλεξανδρείας.
3282 1968 3350 2022 ἐκ
3378 1967 3493 2040 (86)
3520 1967 3633 2037 τῆς

2383 2037 2535 2104 πρὸς
2571 2036 2902 2106 Νεστόριον
2931 2038 3283 2109 ἐπιστολῆς.

2116 2152 2229 2207 Καὶ
2252 2152 2334 2204 ὅτι
2362 2150 2612 2219 διάφοροι
2641 2151 2741 2221 μὲν
2784 2151 2841 2204 αἱ
2869 2149 3006 2222 πρὸς
3058 2150 3289 2220 ἑνότητα
3344 2150 3445 2220 τὴν
3494 2149 3632 2219 ἀλη-

2047 2245 2200 2315 θινὴν
2247 2243 2797 2317 συνενεχθεῖσαιτ(87)
2834 2244 3048 2314 φύσεις,
3096 2238 3177 2307 εἷς
3218 2244 3263 2296 δ’
3313 2243 3373 2311 ἑξ
3425 2243 3630 2312 ἀμφοῖν

2043 2339 2177 2402 Θεὸς
2217 2338 2312 2392 καὶ
2339 2338 2472 2400 Υἱὸς
2506 2336 2641 2406 (88).
2672 2338 2771 2406 οὑχ
2801 2336 2877 2400 ὼς
2907 2337 3005 2406 τῆς
3036 2335 3144 2389 τῶν
3179 2335 3396 2403 φύσεων
3441 2335 3632 2401 διαφο-

2047 2432 2146 2504 ρᾶς
2173 2430 2528 2503 ἀνῃρημένης
2551 2428 2639 2482 διά
2653 2428 2751 2500 τὴν
2770 2429 3070 2483 ἒνωσιν.-
3090 2426 3199 2482 Τοῦ
3210 2427 3420 2491 αὑτοῦ,
3435 2426 3502 2479 ἐκ
3517 2425 3629 2495 (89)

2044 2524 2155 2592 τῆς
2194 2524 2346 2591 πρὸς
2378 2522 2520 2589 τοὺς
2552 2521 2949 2588 ἀκατολικοὺς
2979 2519 3334 2587 ἐπιστολῆς.
3382 2520 3487 2572 Δύο
3518 2517 3631 2589 γάρ

2044 2616 2261 2685 φύσεων
2289 2614 2484 2676 ἓνωσις
2509 2613 2722 2682 γέγονε·
2749 2612 2831 2666 διὸ
2875 2612 2973 2667 ἕνα
3021 2611 3277 2684 Χριστὸν,
3325 2611 3423 2664 ἕνα
3472 2609 3626 2673 Υἱὸν,

2042 2706 2139 2761 ἕνα
2196 2704 2401 2777 Κύριον
2457 2702 2848 2773 ὁμολογοῦμεν.
2890 2701 3047 2755 Κατά
3103 2700 3309 2772 ταύτην
3366 2700 3467 2773 τὴν
3528 2699 3629 2770 τῆς

2042 2795 2353 2867 ἀσυγχύτου
2388 2794 2635 2858 ὲνώσεως
2665 2794 2895 2856 ἔννοιαν,
2932 2791 3304 2863 ὁμολογοῦμεν
3335 2791 3434 2861 τὴν
3462 2788 3629 2859 ἀγίαν

2044 2887 2324 2959 Παρθένον
2356 2885 2641 2950 Θεοτόκον,
2672 2883 2763 2938 διὰ
2794 2884 2886 2936 τὸν
2907 2883 3000 2936 τοῦ
3028 2882 3163 2937 Θεοῦ
3202 2884 3374 2952 Λόγον
3407 2900 3627 2955 σαρκω-

2044 2980 2204 3050 θῆναι
2235 2980 2328 3031 καὶ
2354 2977 2791 3049 ὲνανθρωπῆσαι,
2836 2975 2931 3029 καὶ
2978 2976 3037 3040 ἐξ
3084 2975 3256 3045 αὑτῆς
3292 2977 3396 3045 τῆς
3429 2975 3629 3046 συλλὴ-

2043 3072 2188 3142 ψεως
2226 3070 2425 3125 ὲνῶσαι
2462 3068 2640 3139 ἐαυτῷ
2692 3068 2784 3121 τὸν
2819 3068 2877 3134 ἐξ
2929 3067 3099 3135 αὑτῆς
3156 3066 3431 3135 ληφθέντα
3474 3066 3627 3121 ναόν.

365 3160 629 3216 Dominus
650 3162 820 3218 .Jesus
843 3162 1115 3227 Christus,
1135 3164 1351 3218 etiamsi
1379 3180 1488 3218 non
1520 3164 1794 3235 ignoretur
1832 3163 1941 3217 dif-

2053 3194 2119 3205 —
2152 3164 2260 3218 Τοῦ
2288 3161 2495 3216 αὑτοῦ.
2516 3153 2610 3222 Εἷς
2632 3159 2741 3231 γάρ
2762 3159 2966 3231 Κύριος
3001 3158 3206 3229 Ἰησοῦς
3230 3158 3486 3251 Χριστος,
3525 3157 3630 3211 κᾶν

366 3252 595 3307 ferentia
621 3263 967 3319 naturarum,
999 3271 1065 3309 ex
1099 3256 1302 3326 quibus
1324 3255 1521 3310 factam
1544 3256 1778 3310 dicimus
1802 3256 1942 3310 inef-

366 3343 586 3401 fabilem
622 3345 1270 3417 unionem.—Ejnsdem.
1313 3347 1625 3401 Laudantes
1657 3347 1843 3417 igitur,
1883 3356 1944 3400 ut

365 3434 503 3499 dixi,
533 3433 757 3489 modum
794 3436 1212 3501 incarnationis,
1246 3437 1498 3493 videmus
1536 3437 1674 3492 duas
1720 3446 1945 3492 naturas

366 3524 512 3578 inter
536 3539 595 3579 se
633 3527 958 3583 convenisse
995 3528 1199 3583 unione
1248 3528 1623 3599 inscparabili,
1660 3528 1779 3583 sine
1813 3543 1947 3583 con-

365 3616 602 3680 fusione,
641 3624 696 3672 ot
734 3618 854 3673 sine
886 3619 1181 3675 divisione.
1220 3619 1361 3676 Caro
1394 3620 1542 3675 enim
1585 3635 1714 3675 caro
1747 3628 1851 3685 est,
1889 3630 1946 3675 et

368 3725 474 3763 non
514 3708 792 3775 divinitas,
835 3710 1052 3767 etiamsi
1088 3712 1185 3767 Dei
1217 3726 1347 3767 caro
1372 3710 1516 3767 facta
1554 3712 1627 3767 sit
1677 3710 1945 3767 Similiter

362 3801 527 3855 etiam
561 3800 799 3855 Verbum
834 3811 939 3867 est,
976 3810 1033 3857 et
1061 3817 1172 3856 non
1200 3818 1351 3867 caro,
1394 3802 1612 3858 etiamsi
1663 3802 1943 3872 propriam

361 3890 469 3947 sibi
499 3908 722 3948 carnem
744 3893 937 3949 fecerit
956 3910 1055 3965 per
1080 3894 1565 3964 dispensationem.
1584 3894 1943 3965 -Ejusdem,

364 4001 418 4039 in
456 3988 775 4056 expositione
808 3986 1060 4058 Epistolaa
1091 3987 1160 4041 ad
1181 3987 1444 4043 Ilebrwos.
1497 3987 1612 4043 Etsi
1654 3988 1802 4042 enim
1858 3987 1946 4042 di-

366 4092 540 4132 versa:
577 4093 644 4132 ac
676 4079 821 4133 inter
854 4095 915 4135 se
950 4078 1247 4149 inaaquales
1294 4080 1673 4151 intelligantur
1702 4079 1770 4133 ad
1821 4079 1946 4132 uni-

368 4177 535 4224 tatem
562 4178 771 4226 natura:
811 4173 1180 4236 concurrisse,
1214 4172 1420 4238 carnis,
1456 4172 1699 4242 inquam,
1738 4182 1794 4227 et
1823 4171 1945 4237 Dei,

368 4278 510 4315 unus
528 4270 711 4319 tamen
728 4262 910 4319 factus
930 4273 1015 4319 est
1038 4264 1133 4334 qui
1156 4280 1224 4320 ex
1246 4264 1495 4334 utrisque
1517 4272 1735 4319 constat
1753 4264 1943 4319 Filius.

365 4353 723 4423 -—-Ejusdem,
774 4355 829 4409 in
866 4357 1188 4427 expositione
1246 4358 1479 4428 ejusdem
1515 4356 1789 4426 Epistolaz.
1831 4357 1947 4412 Etsi

366 4446 583 4501 dicatur
616 4447 957 4519 unigenitum
993 4450 1090 4504 Dei
1133 4450 1373 4505 Verbum
1404 4451 1553 4505 carni
1585 4450 1949 4520 personaliter

2045 3258 2079 3327 ἠ
2122 3256 2231 3309 τῶν
2257 3252 2472 3322 φύσεων
2528 3251 2603 3323 μὴ
2660 3252 2920 3322 ἀγνοῆται
2979 3250 3235 3321 διαφορὰ,
3294 3251 3353 3315 ἐξ
3401 3243 3477 3303 ὧν
3528 3249 3631 3322 τὴν

2046 3347 2363 3418 ἀπόρρητον
2392 3344 2587 3397 ἕνωσιν
2612 3343 2928 3415 πεπρᾶχθαι
2953 3343 3158 3413 φαμέν.
3186 3374 3256 3382 —
3282 3342 3393 3396 Τοῦ
3415 3341 3628 3396 αὐτοῦ.

2046 3438 2334 3501 Αἰνοῦντες
2360 3438 2560 3502 τοίνυν,
2603 3437 2677 3500 ὼς
2709 3436 2866 3505 ἐρην,
2896 3438 2994 3506 τῆς
3038 3435 3507 3506 ὲνανθρωπήσεως
3537 3435 3632 3487 τὸν

2045 3530 2267 3602 τρόπον,
2290 3528 2505 3599 ὁρῶμεν
2554 3528 2634 3580 ὅτι
2686 3527 2779 3580 δύο
2826 3526 3016 3595 φύσεις
3061 3525 3320 3597 συνῆλθον
3369 3524 3632 3596 ἀλλήλαις

2046 3622 2169 3678 καθ’
2193 3622 2389 3675 ἕνωσιν
2418 3621 2787 3675 ἀδιάσπαστον
2814 3619 3138 3690 ἀσυγχύτως
3159 3620 3253 3672 καί
3277 3618 3629 3689 ἀδιαιρέτως.

2056 3714 2123 3766 Ἢ
2152 3712 2261 3782 γάρ
2294 3711 2432 3782 σὰρξ
2467 3710 2603 3781 σάρξ
2637 3712 2774 3773 εστι,
2824 3709 2921 3763 καὶ
2949 3709 3008 3762 οὑ
3059 3706 3250 3780 θεότης
3295 3725 3402 3772 τις,
3445 3708 3495 3760 εί
3534 3712 3633 3761 καὶ

2046 3803 2237 3873 γέγονε
2269 3801 2405 3855 Θεοῦ
2460 3800 2620 3872 σάρξ.
2662 3800 2897 3871 Ὁμοίως
2949 3801 3006 3855 δὲ
3054 3801 3148 3854 καὶ
3196 3803 3224 3854 ὁ
3273 3800 3448 3868 Λόγος
3496 3800 3633 3865 Θεός

2049 3898 2189 3958 ἐστι,
2223 3895 2318 3948 καὶ
2349 3896 2411 3947 οὑ
2443 3893 2603 3967 σάρξ,
2630 3894 2679 3945 εί
2705 3894 2800 3946 καὶ
2828 3893 2964 3946 ίδίαν
2992 3894 3285 3963 ἐποιήσατο
3317 3891 3417 3963 τὴν
3449 3891 3634 3963 σάρκα

2047 3987 2425 4059 οἰκονομικῶς.
2456 4018 2527 4029 -
2561 3987 2674 4042 Τοῦ
2711 3987 2901 4041 αὐτοῦ
2926 3990 3014 4053 εἰς
3037 3986 3149 4055 (90)
3171 3984 3494 4054 ἑρμηνείαν
3517 3982 3629 4050 τῆς

2048 4081 2203 4151 πρὸς
2249 4081 2557 4149 Ἐϐραίους
2608 4079 2960 4153 ἐπιστολῆς.
3023 4078 3085 4130 Et
3137 4076 3248 4147 γάρ
3282 4076 3376 4129 καὶ
3428 4078 3633 4127 νοοῖντο

2048 4173 2316 4243 διάφοροι,
2352 4172 2444 4223 καὶ
2467 4170 2725 4240 ἀλλήλαις
2746 4169 2942 4231 ἄνισοι,
2982 4170 3091 4221 τῶν
3121 4170 3203 4230 εἰς
3234 4169 3461 4238 ἑνότητα
3504 4184 3632 4219 συν-

2048 4264 2466 4336 δεδραμηκότων
2493 4265 2547 4316 αἱ
2597 4262 2807 4332 φύσεις,
2841 4262 3040 4333 σαρκὸς
3072 4262 3129 4314 δὲ
3154 4261 3300 4330 λέγω
3328 4262 3423 4313 καὶ
3469 4259 3630 4325 Θεοῦ,

2049 4357 2166 4411 ἀλλ’
2183 4354 2274 4410 οῦν
2292 4351 2372 4419 εἷς
2388 4356 2682 4425 γενόμενος
2696 4357 2722 4408 ό
2740 4354 2799 4420 ἐξ
2816 4355 3018 4425 ἀμφοῖν
3036 4355 3184 4418 Υἱός.
3203 4384 3273 4394 -
3291 4354 3400 4408 Τοῦ
3417 4352 3630 4418 αὑτοῦ,

2049 4448 2137 4513 εις
2172 4447 2288 4514 τὴν
2317 4447 2640 4515 ἑρμηνείαν
2668 4443 2776 4513 τῆς
2810 4445 3001 4512 αὐτῆς
3033 4443 3386 4509 ἐπιστολῆς.
3434 4443 3551 4497 Κάν
3584 4445 3635 4496 εί

366 4540 382 4555 ⁸
419 4537 653 4603 unitum,
692 4555 803 4593 nou
848 4539 1084 4593 dicimus
1134 4548 1318 4595 tamen
1368 4550 1689 4596 naturarum
1716 4542 1859 4596 inter
1884 4557 1943 4597 se

2053 4540 2257 4608 λέγοιτο
2287 4538 2449 4608 τυχόν
2479 4537 2720 4608 ἡνῶσθαι
2752 4538 2915 4607 σαρκὶ
2941 4535 3063 4588 καθ’
3087 4537 3383 4589 ὑπόστασιν
3408 4537 3437 4588 ό
3474 4552 3630 4603 μονο-

367 4629 562 4682 factam
590 4644 709 4684 esse
728 4630 892 4683 ullam
913 4630 1313 4697 confusionem,
1333 4632 1427 4687 sed
1448 4641 1738 4702 utramque
1760 4632 1946 4702 potius

369 4720 422 4774 id
465 4737 586 4775 esse
638 4720 785 4791 quod
833 4722 1314 4793 est.—Ejusdem,
1374 4740 1438 4778 ea:
1471 4723 1715 4780 Scholiis.
1772 4726 1947 4781 Homo

368 4809 683 4865 nominatus
724 4820 827 4874 est,
868 4826 993 4867 cum
1025 4814 1096 4867 sit
1122 4823 1319 4868 natura
1346 4816 1511 4881 Deus,
1549 4816 1697 4886 quod
1726 4832 1793 4871 ex
1818 4816 1948 4870 Vir-

367 4901 493 4969 gine
540 4910 728 4956 natum
752 4912 838 4959 est
866 4904 962 4959 Dei
996 4906 1171 4960 Patris
1203 4907 1466 4972 Verbum,
1498 4910 1758 4977 quoniam
1790 4908 1947 4963 simi-

369 4992 494 5045 liter
517 5008 581 5045 ac
612 5010 710 5047 nos
744 4997 995 5066 sanguini
1033 4998 1459 5052 communicavit
1493 5008 1549 5053 et
1578 5001 1817 5055 carni“.
1859 5000 1949 5056 Sic

370 5083 516 5135 enim
548 5083 603 5138 in
634 5085 795 5140 terris
817 5088 1089 5157 apparuit,
1123 5088 1283 5159 169
1306 5106 1416 5143 non
1440 5090 1698 5147 amittens
1720 5092 1774 5147 id
1801 5092 1949 5163 quod

370 5184 508 5239 crat,
541 5174 638 5230 scd
695 5191 984 5235 assumens
1024 5179 1384 5235 humanitatis
1430 5189 1684 5238 naturam
1740 5184 1798 5238 in
1853 5200 1952 5239 sua

443 5336 487 5367 “
520 5335 685 5390 Ilcbr.
720 5354 753 5391 ιι
812 5338 897 5393 Μ.

448 5468 557 5543 (85)
599 5470 664 5543 εκ
695 5470 793 5543 τῇς
826 5488 880 5524 κ.
904 5489 961 5543 τ.
995 5482 1042 5525 Α.
1090 5472 1317 5528 Unicum
1366 5469 1730 5542 fragmentum
1775 5470 1941 5543 hujus

375 5540 658 5609 scriptoris
679 5554 709 5593 a
733 5539 1079 5596 Theodoreto
1107 5551 1401 5596 servatum.

448 5608 563 5682 (86)
591 5610 654 5662 ὲκ
672 5610 1159 5682 τ--ὲπιστολζμηξεε
1215 5622 1300 5667 εει
1352 5619 1547 5680 quarta
1597 5612 1850 5682 epistola,
1887 5612 1940 5666 in

372 5682 505 5737 edit.
536 5680 621 5735 Jo.
655 5680 900 5751 Auberti,
930 5688 969 5733 t.
999 5680 1063 5751 V,
1102 5696 1155 5749 p.
1191 5698 1247 5741 ιι,
1279 5698 1334 5751 p.
1370 5682 1459 5735 25.

444 5752 558 5819 (87)
598 5768 773 5804 συνεν.
808 5749 952 5803 Loco
978 5750 1071 5803 cit.
1100 5759 1181 5804 est
1210 5749 1577 5819 συναχθεῖσαι.

450 5820 560 5895 (88)
594 5822 669 5877 Ib.
702 5820 777 5885 ἐξ.
808 5820 1128 5891 ἀμφοτέρων
1155 5821 1390 5891 Χριστὸς
1417 5822 1508 5873 καὶ
1536 5823 1681 5886 Υἱός.

2048 4631 2212 4701 γενὴς
2244 4630 2338 4683 τοῦ
2374 4628 2511 4681 Θεοῦ
2562 4629 2754 4697 Λόγος,
2799 4629 2898 4680 οὐκ
2944 4626 3209 4698 ἀνάχυσιν
3248 4644 3372 4680 τινα
3404 4627 3505 4695 τὴν
3552 4629 3636 4689 είς

2047 4726 2283 4797 ἀλλήλας
2313 4721 2423 4777 τῶν
2470 4722 2687 4791 φύσεων
2742 4720 3057 4792 πεπράχθαι
3112 4720 3311 4788 φαμὲν,
3365 4718 3530 4789 οὔσης
3574 4718 3636 4771 δὲ

2052 4819 2254 4889 μᾶλλον
2289 4817 2555 4889 ἑκατέρας
2580 4816 2727 4870 τοῦθ’
2750 4818 2887 4886 ὅπερ
2918 4815 3161 4868 ὲστίν.--
3188 4813 3303 4868 Τοῦ
3326 4812 3538 4877 αὑτοῦ,
3563 4812 3636 4866 ἐκ

2050 4911 2155 4965 τοῦ
2188 4909 2307 4963 ἀπὸ
2339 4907 2457 4962 τῶν
2484 4908 2775 4978 Σχολίων.
2808 4906 3129 4975 Ἀνθρωπος
3156 4904 3269 4972 (91)
3292 4904 3636 4973 ὠνόμασται,

2052 5002 2230 5057 καίτοι
2253 5000 2394 5054 κατά
2419 5000 2579 5070 φύσιν
2604 4999 2867 5070 ὑπάρχων
2888 4997 3039 5062 Θεὸς,
3068 4999 3095 5051 ὁ
3122 4999 3185 5050 ἐκ
3206 4995 3485 5066 Παρθένου
3519 4995 3633 5066 (92)

2051 5094 2264 5167 Πατρὺς
2298 5094 2491 5161 Λόγος,
2518 5092 2593 5156 ὡς
2627 5089 2981 5163 μετεσχηκὼς
3001 5090 3233 5160 αἵματος
3282 5088 3379 5141 καὶ
3428 5088 3640 5156 σαρκὸς

2054 5185 2453 5259 παραπλησίως
2482 5185 2636 5255 ἡμῖν.
2674 5180 2852 5253 Ὠφθη
2882 5180 2993 5252 γάρ
3035 5178 3179 5234 οὕτω
3206 5180 3319 5243 τοῖς
3363 5178 3457 5231 ἐπὶ
3501 5177 3634 5248 γῆς,

2120 5470 2231 5539 (89)
2264 5473 2613 5527 ὲκ-ὲπιστ.
2668 5471 2859 5525 Exstat
2891 5470 2944 5524 in
3003 5469 3138 5524 edit.
3173 5467 3424 5533 Auberti,
3462 5478 3499 5522 t.
3544 5470 3635 5533 Vl,

2048 5556 2103 5612 ρο
2140 5542 2243 5612 157
2264 5556 2379 5612 sca-

2124 5610 2232 5679 (90)
2267 5610 2351 5671 είς
2386 5630 2439 5663 κ.
2467 5629 2517 5665 τ.
2550 5611 2600 5664 λ.
2633 5610 2915 5665 lntercidit
2943 5610 3046 5664 iste
3072 5610 3232 5664 liber.

2125 5611 2211 5679 (90
2267 5610 2351 5671 εἰς
2386 5630 2439 5663 κ.
2467 5629 2517 5665 τ.
2550 5611 2600 5664 λ.
2633 5610 2915 5665 lntercidit
2943 5610 3046 5664 iste
3072 5610 3232 5664 liber.

2125 5610 2235 5749 (9|)
2276 5681 2594 5749 Ἀνθρωπος
2620 5698 2672 5734 κ.
2709 5698 2759 5732 τ.
2788 5682 2835 5733 λ.
2882 5680 2981 5734 llic
3023 5681 3177 5736 locus
3208 5686 3383 5736 exstat
3414 5679 3469 5734 in
3499 5678 3638 5735 edit.

2055 5750 2302 5813 Auberti,
2333 5759 2370 5804 t.
2396 5752 2546 5822 δίη).
2581 5768 2618 5813 ι,
2648 5767 2702 5820 p.
2737 5751 2857 5805 780.

2130 5822 2240 5893 (92)
2274 5819 2441 5893 παρθῖ
2471 5821 2619 5878 Loco
2650 5819 2743 5877 cit.
2768 5832 2850 5879 est
2876 5819 3034 5878 Θεοῦ.
