4010 6212
343 275 459 341 213

1385 301 1764 366 DIAI.OGUS
1801 306 1884 367 II.
1923 333 1996 343 —
2033 269 2527 372 INEONFUSUS.

3495 303 3604 367 214

344 390 442 489 καὶ
470 390 532 442 οὐ
554 390 758 489 ⁸μεθείς
787 394 925 467 ὅπερ
968 387 1061 466 ἦν,
1095 399 1209 456 ἀλλ’
1243 405 1300 459 ἐν
1329 408 1632 480 προσλήψει
1681 412 1922 482 γεγονὼς

2042 419 2233 474 'atione
2261 416 2952 489 perfectam—Ejusdem,
3002 417 3066 471 de
3107 417 3474 471 incarnatione
3531 419 3598 471 δ’.

341 484 444 552 τῆς
476 484 596 537 καθ’
617 487 765 555 ἡμᾶς
788 489 1224 563 ἀνθρωπότητος,
1265 496 1487 563 τελείως
1515 500 1746 573 ἐχούσης
1788 504 1930 558 κατὰ

341 573 438 625 τὸν
495 575 628 629 ι’διον
663 577 838 644 λόγον.
871 611 943 621 --
993 584 1105 639 Τοῦ
1153 588 1366 655 αὐτοῦ,
1423 591 1552 660 περὶ
1605 591 1714 660 τῆς
1752 593 1930 649 ἐναν-

341 662 709 730 θρωπήσεως
723 667 860 738 (93).
878 663 1077 728 Εἶςοῦν
1091 674 1200 746 (94)
1218 675 1326 748 ἄρα
1342 680 1458 732 ἐστὶ
1481 680 1594 752 (95)
1606 684 1700 736 xci.
1716 684 1823 755 πρὸ
1834 685 1929 756 τῆς

342 759 819 831 ὲνανθρωπήσεως
845 763 978 828 Θεὸς
1021 768 1274 839 ἀληθινὸς
1305 773 1442 844 (96),
1495 775 1590 828 καὶ
1634 777 1694 830 ὲν
1723 778 1932 850 ἀνθρω-

345 850 546 920 πότητι
590 855 920 926 μεμενηκὼς
951 859 1091 929 ὅπερ
1135 856 1226 932 ἦν,
1274 866 1371 918 καὶ
1416 864 1552 932 ἐστι,
1609 869 1704 922 καὶ
1755 869 1925 924 ἔσται.

342 943 423 995 Οὐ
472 943 775 1016 διαιρετέον
807 949 918 1018 (97)
950 948 1044 1004 οὖν
1065 953 1174 1022 ἄρα
1210 955 1303 1009 τὸν
1334 957 1430 1011 ἕνα
1481 959 1702 1031 Κύριον⁹
1726 962 1932 1032 Ἰησοῦν

343 1035 716 1108 Χριστὸνηείς
749 1039 1037 1114 ἄνθρωπον
1063 1045 1245 1110 ίδικῶς
1290 1049 1424 1122 (98),
1453 1051 1548 1106 καὶ
1570 1054 1649 1116 είς
1676 1053 1807 1106 Θεὸν
1837 1054 1933 1107 ίδιο

342 1125 488 1215 κέῦς·
545 1127 662 1180 ἀλλ’
723 1130 821 1184 ἕνα
874 1134 971 1187 καὶ
1042 1135 1133 1190 τὸν
1202 1139 1364 1193 αὐτὸν
1425 1143 1659 1214 Χριστὸν
1729 1145 1933 1215 Ἰησοῦν

343 1209 491 1268 εἷναί
515 1235 694 1290 φαμεν
706 1222 841 1291 (99).
853 1225 954 1294 τὴν
967 1226 1076 1279 τῶν
1096 1228 1308 1296 φύσεων
1323 1209 1523 1296 εἰδότες
1537 1209 1823 1308 διαφορὰν,
1839 1239 1932 1292 καὶ

344 1310 693 1380 ἀσυγχύτους
717 1315 974 1384 ἀλλήλαις
999 1318 1384 1392 διατηροῦντες
1417 1326 1698 1396 (1)αὐτάς.
1732 1357 1806 1368 -
1823 1329 1933 1384 Τοῦ

347 1402 562 1466 αὐτοῦ,
587 1406 739 1472 μετὰ
772 1405 844 1460 τὰ
873 1408 1054 1464 ἄλλα,
1087 1411 1307 1467 Νοεῖται
1339 1415 1414 1487 (2)
1445 1417 1554 1485 γὰρ
1599 1419 1814 1484 πάντως
1860 1421 1936 1484 ὡς

349 1493 540 1563 ἕτερον
571 1497 633 1548 ὲν
662 1498 834 1569 ἑτέρῳ
864 1501 926 1555 τὸ
959 1505 1270 1572 κατοικοῦν,
1299 1509 1598 1575 τουτέστιν,
1627 1513 1660 1581 ὴ
1686 1512 1805 1565 θεία
1834 1514 1936 1581 φύ-

353 1602 449 1676 σις
485 1588 544 1641 ἐν
595 1589 999 1664 ἁνθρωπότητι,
1061 1601 1156 1651 καὶ
1212 1599 1273 1652 οὐ
1335 1602 1583 1658 παθοῦσα
1642 1604 1932 1676 (puppem?)

2030 507 2184 566 Unus
2212 508 2378 580 igitur
2408 518 2572 565 estet
2613 519 2740 566 ante
2763 510 3196 566 incarnationem
3236 510 3380 564 Deus
3418 525 3602 568 verus.

2031 609 2089 656 et
2116 600 2211 670 qui
2233 601 2290 654 in
2325 601 2665 658 humanitate
2715 602 2914 657 mansit
2949 602 3002 656 id
3041 601 3190 672 quod
3223 609 3364 665 erat,
3399 609 3456 655 et
3498 610 3603 664 est,

2030 703 2087 750 et
2109 695 2236 750 erit.
2273 695 2393 750 Non
2427 696 2853 752 discernendum
2892 695 3060 768 igitur
3099 709 3270 751 unum
3310 691 3604 748 Dominum

2030 786 2218 842 Jesum
2243 786 2547 853 Christum,
2585 789 2640 843 in
2665 788 2941 843 hominem
2973 803 3242 851 seorsum,
3270 793 3328 840 et
3360 799 3606 840 seorsum

2033 877 2090 932 in
2136 878 2308 933 Deum
2339 896 2352 932 :
2385 879 2482 934 sed
2515 895 2682 933 unum
2709 879 3072 948 eumdemque
3099 877 3379 934 Christum
3419 876 3606 932 Iesum

2032 984 2154 1024 esse
2192 969 2448 1036 dicimus,
2487 986 2600 1026 non
2641 971 2955 1042 ignorantes
2982 968 3349 1024 differentiam
3379 976 3602 1021 natura-

2033 1077 2177 1128 rum,
2214 1061 2311 1116 sed
2339 1077 2433 1117 eas
2467 1061 2612 1117 inter
2634 1078 2692 1118 se
2716 1062 3032 1117 inconfusas
3048 1057 3608 1127 servantes—Ejus-

2033 1153 2172 1218 dem,
2209 1160 2324 1224 post
2355 1151 2466 1208 alia
2498 1154 2565 1210 ⁸⁸.
2601 1154 2931 1226 lntelligitur
2961 1153 3110 1210 enim
3141 1161 3314 1218 certe,
3352 1161 3607 1219 tanquam

2034 1241 2181 1296 aliud
2213 1243 2270 1296 in
2304 1243 2416 1298 alio
2437 1243 2710 1310 habitare,
2737 1243 2793 1298 id
2827 1252 2929 1307 est,
2962 1243 3150 1298 divina
3178 1250 3375 1297 natura
3413 1240 3469 1294 in
3509 1239 3612 1292 hu-

2034 1333 2316 1398 manitate,
2352 1349 2462 1389 non
2485 1349 2744 1404 perpessa
2768 1334 3228 1398 commistionem,
3255 1341 3351 1386 aut
3373 1329 3580 1385 transfu
3597 1357 3612 1367 -

2035 1423 2267 1488 sionem,
2293 1431 2388 1478 aut
2415 1425 2846 1490 translationem,
2870 1434 2931 1480 ut
2954 1433 3102 1481 esset
3133 1423 3281 1492 quod
3311 1437 3418 1476 non
3468 1430 3606 1473 erat.

2035 1509 2315 1582 Quidquid
2357 1513 2504 1567 enim
2534 1514 2780 1569 habitare
2816 1516 2871 1568 in
2901 1513 3010 1568 alio
3039 1513 3263 1576 dicitur,
3288 1522 3398 1565 non
3432 1509 3610 1578 ipsum

2039 1599 2098 1654 ﬁt
2143 1602 2274 1667 tale,
2313 1601 2474 1671 quale
2503 1610 2590 1658 est
2621 1601 2676 1656 id
2707 1602 2761 1656 in
2794 1619 2904 1672 quo
2928 1602 3218 1665 inhabitat,
3246 1599 3344 1654 sed
3373 1597 3519 1652 aliud
3554 1598 3610 1651 in

350 1674 619 1764 άνάχυσίν
646 1696 786 1743 τινα,
818 1682 913 1734 καὶ
949 1685 1298 1754 μετάστασιν,
1332 1688 1430 1759 τὴν
1455 1691 1534 1753 εἰς
1565 1691 1701 1761 ὅπερ
1721 1674 1806 1762 (ὅ)
1836 1674 1936 1745 οὐκ

2042 1693 2148 1746 alio
2175 1693 2357 1762 potius
2389 1693 2735 1764 intelligitur.
2771 1693 2842 1748 At
2873 1709 3006 1749 vero
3035 1693 3090 1748 in
3136 1691 3305 1748 Verbi
3336 1697 3533 1744 natura
3557 1695 3612 1742 et

347 1761 442 1834 ἦν.
482 1768 556 1819 Τὸ
585 1767 694 1840 γὰρ
729 1753 958 1826 ἐνοικεῖν
990 1775 1066 1844 (4)
1100 1776 1271 1848 ἑτέρῳ
1301 1753 1612 1849 λεγόμενον,
1656 1753 1755 1836 οὐκ
1789 1753 1933 1836 ἀὐτὸ

2042 1783 2416 1849 humanitatis,
2456 1753 2626 1838 solani
2665 1784 2826 1839 nobis
2859 1784 3224 1839 dillerentiam
3250 1781 3502 1852 designat
3525 1779 3612 1835 di-

347 1857 578 1926 γέγονεν
603 1860 743 1931 ὅπερ
780 1863 898 1916 ἐστὶ
925 1864 1001 1935 (5)
1023 1867 1182 1922 τοῦτο
1224 1870 1282 1922 ὲν
1317 1863 1362 1938 ᾧ
1413 1874 1682 1939 κατοικεῖ,
1729 1875 1932 1927 νοεῖται

2042 1873 2269 1929 versitas
2310 1883 2630 1929 naturarum
2662 1892 2676 1929 :
2723 1891 2867 1930 unus
2898 1876 3046 1930 enim
3083 1891 3149 1930 ex
3191 1883 3424 1943 utraque
3451 1871 3612 1928 Chri-

349 1949 419 2001 δὲ
449 1951 644 2019 μᾶλλον
669 1954 858 2024 ἕτερον
911 1958 969 2010 ἐν
1018 1959 1208 2030 ἑτέρῳ.
1251 1961 1339 2014 Ἐν
1367 1961 1424 2014 δέ
1453 1979 1516 2031 γε
1547 1965 1612 2033 τῇ
1653 1963 1814 2033 φύσει
1838 1963 1932 2018 τοῦ

2042 1974 2158 2020 stus
2185 1965 2527 2036 intelligitur.
2567 1967 2711 2037 Ergo
2752 1966 3156 2031 inconfusione,
3206 1974 3267 2020 ut
3303 1974 3431 2020 ante
3477 1963 3612 2026 dixi,

351 2041 560 2110 Λόγου,
591 2046 679 2098 καὶ
708 2045 807 2116 τῆς
836 2048 1278 2120 ἀνθρωπότητος,
1318 2054 1486 2125 μόνην
1513 2055 1647 2125 ἡμῖν
1683 2054 1935 2125 σημαίνει

2042 2067 2271 2124 servata,
2304 2058 2640 2115 inhabitasse
2672 2060 2749 2115 ait
2780 2060 3020 2115 Verbum
3049 2060 3105 2114 in
3129 2059 3305 2114 nobis.
3334 2057 3448 2113 Scit
3467 2056 3614 2111 enim

346 2131 620 2204 διαφοράν
646 2135 755 2189 τῶν
784 2137 1003 2205 φύσεων
1047 2141 1111 2194 τὸ
1152 2141 1410 2212 διάφορον
1443 2141 1540 2215 (6).
1581 2139 1675 2208 Εἷς
1719 2144 1829 2216 γὰρ
1873 2147 1931 2214 ἐξ

2042 2166 2206 2205 unum
2243 2165 2364 2206 esse
2393 2149 2592 2205 Filium
2641 2150 2984 2222 unigenitum
3031 2166 3253 2206 carnem
3304 2149 3509 2204 factum
3556 2156 3613 2203 et

349 2223 558 2292 ἀμφοῖν
604 2229 808 2282 νοεῖται
853 2231 1108 2300 Χριστός.
1149 2232 1358 2288 Οὐκοῦν
1405 2234 1468 2289 τὸ
1518 2235 1823 2306 ἁσύγχυτον
1871 2233 1931 2291 εὖ

2034 2241 2335 2296 hominem.

353 2316 504 2384 μάλα
541 2320 881 2391 τετηρηκὼς,
938 2325 1104 2395 φησιν
1151 2326 1212 2380 ὲν
1257 2328 1388 2398 ἡμῖν
1439 2328 1814 2400 ὲσκηνωκέναι
1849 2331 1939 2383 τὸν
1973 2333 2166 2400 Λόγον.
2198 2333 2337 2388 Ἕνα
2405 2333 2514 2406 γὰρ
2543 2333 2673 2389 Υίὸν
2697 2326 2807 2388 οἵδε
2867 2332 3154 2404 μονογενῆ,
3197 2331 3288 2386 τὸν
3311 2330 3491 2402 σάρκα
3517 2345 3611 2398 γε‹

349 2407 580 2479 νόμενον
607 2413 702 2466 καὶ
734 2413 1234 2487 ὲνανθρωπήσαντα

435 2505 728 2572 ’Δκήκοας,
756 2499 802 2558 ὧ
825 2506 1014 2574 ἀγαθὲ,
1035 2507 1145 2562 τῶν
1183 2511 1434 2582 μεγάλων
1467 2514 1568 2584 τῆς
1607 2511 1929 2582 οἰκουμένης

349 2597 684 2665 φωστήρων,
723 2597 814 2650 καὶ
841 2597 940 2662 τὰς
979 2599 1079 2671 τῆς
1119 2601 1470 2668 διδασκαλίας
1499 2607 1728 2669 ἀκτῖνας
1758 2604 1930 2674 ἐώρα-

352 2701 480 2748 κας·
514 2687 608 2738 καὶ
640 2687 970 2758 μεμάθηκας
991 2691 1258 2760 ἀκριϐῶς,
1289 2694 1366 2758 ὡς
1397 2695 1459 2748 οὐ
1487 2695 1646 2766 μόνον
1676 2696 1814 2767 μετά
1841 2696 1934 2749 τὸν

348 2775 536 2842 τόκον,
566 2775 704 2830 ἀλλὰ
744 2779 840 2831 καὶ
871 2781 1009 2849 μετὰ
1032 2782 1094 2835 τὸ
1122 2785 1391 2855 σωτήριον
1449 2786 1641 2850 πάθος,
1693 2787 1790 2841 καὶ
1835 2787 1936 2858 τὴν

350 2867 674 2932 ἀνάστασιν,
694 2869 786 2922 καὶ
814 2871 914 2942 τὴν
932 2873 1219 2945 ἀνάληψιν,
1236 2877 1334 2946 τὴν
1359 2877 1553 2932 ἕνωσιν
1568 2880 1665 2949 τῆς
1687 2878 1937 2949 θεότητος

350 2959 451 3012 καὶ
478 2959 576 3029 τῆς
605 2959 1025 3033 ἀνθρωπότητος
1051 2967 1357 3038 ἀσύγχυτον
1382 2969 1610 3038 ἔδειξαν.

2101 2511 2395 2577 Audivisti,
2430 2529 2464 2570 ο
2493 2513 2660 2578 bone,
2707 2528 2902 2584 magna
2937 2511 3092 2568 orbis
3132 2509 3361 2572 lumina.
3392 2517 3449 2564 et
3486 2509 3616 2565 doc.

2038 2605 2196 2660 trinae
2242 2606 2402 2676 170
2439 2606 2625 2662 radios
2657 2605 3011 2675 conspexisti,
3045 2613 3102 2660 et
3155 2602 3397 2658 didicisti
3441 2617 3605 2656 accu-

2038 2705 2155 2751 rate
2198 2695 2347 2764 quod
2390 2711 2498 2751 non
2544 2697 2725 2751 solum
2759 2704 2884 2766 post
2934 2695 3300 2759 nativitatem,
3326 2693 3423 2746 sed
3451 2692 3614 2747 etiam

2040 2796 2163 2857 post
2195 2787 2531 2843 salutiferam
2576 2789 2905 2858 passionem,
2939 2796 2996 2842 et
3041 2784 3524 2848 resurrectionem,
3561 2790 3618 2838 et

2041 2878 2439 2943 ascensionem,
2474 2878 2817 2934 inconfusam
2846 2878 3151 2933 divinitatis
3176 2886 3233 2932 et
3260 2873 3617 2930 humanitatis

2044 2969 2303 3024 unionem
2326 2967 2777 3024 demonstrarint.

425 3051 788 3168 ιΟὐκ
835 3052 993 3126 ῷμην
1051 3035 1249 3124 αὐτοῦς
1309 3035 1536 3133 διαιρεῖν
1592 3035 1693 3128 τὰς
1748 3064 1936 3133 φύσεις

2117 3047 2326 3113 ERAN.
2382 3059 2501 3113 Non
2545 3058 2804 3128 putabam
2859 3073 2956 3112 eos
3005 3055 3342 3126 distinguere
3396 3059 3618 3107 naturas

2043 3157 2162 3168 __-_.
2208 3149 2458 3168 --δςΑ---η
2553 3148 2639 3168 --Δ
2692 3147 3089 3168 j!_.2-_-.!___-_.
3136 3161 3301 3168 _.......-
3348 3142 3614 3168 ἕλη-λεια...

355 3141 500 3211 μετά
526 3141 625 3214 τὴν
653 3143 870 3210 ἕνωσιν,
900 3146 1100 3218 πολλὴν
1145 3149 1201 3203 δὲ
1235 3148 1393 3210 εῦρον
1441 3153 1758 3224 διαιρέσεως
1802 3157 1936 3224 άμε-

2043 3157 2167 3219 post
2207 3149 2486 3211 unionem.
2546 3148 2642 3204 sed
2685 3147 3094 3204 distinctionem
3136 3161 3305 3217 prope
3348 3142 3616 3198 inﬁnitam

353 3239 540 3306 τρίαν.

429 3327 583 3382 ΟΡΘ.
625 3328 870 3385 Μανικόν
906 3332 1022 3384 ἐστι
1067 3333 1162 3387 καὶ
1215 3334 1392 3406 θρασὺ
1453 3336 1593 3390 κατὰ
1651 3337 1762 3392 τῶν
1818 3355 1942 3408 γεν-

355 3417 528 3472 ναίων
558 3419 787 3475 ἐκείνων
817 3423 913 3476 καὶ
938 3423 1038 3494 τῆς
1066 3425 1304 3490 πίστεως
1331 3427 1601 3500 ἀριστέων
1632 3429 1735 3502 τὴν
1762 3430 1939 3500 γλῶτ-

351 3520 456 3556 ταν
479 3508 672 3562 κινεῖν.
709 3506 830 3562 Ἷνα
851 3509 908 3563 δὲ
931 3511 1075 3580 γνῷς
1114 3513 1190 3577 ὡς
1226 3515 1322 3568 καὶ
1355 3517 1727 3590 Ἀπολινάριος
1771 3519 1940 3590 ἀσύγ-

353 3613 525 3664 χυτον
560 3595 707 3665 λέγει
753 3601 1082 3672 γεγενῆσθαι
1135 3605 1234 3674 τὴν
1275 3606 1493 3672 ἕνωσιν,
1545 3611 1818 3682 προσοίσω
1857 3629 1940 3668 σοι

355 3683 453 3735 καὶ
500 3684 603 3748 τὰς
658 3685 848 3741 τούτου
899 3691 1102 3758 φωνάς.
1141 3694 1408 3751 ’Ἄκουσον
1436 3698 1616 3753 τοίνυν
1654 3701 1819 3756 αὑτοῦ
1853 3703 1941 3757 λὲο

354 3791 571 3842 γοντος.

368 3885 820 3955 Ἀπολιναρίου,
851 3888 923 3943 ἐκ
967 3890 1076 3946 τοῦ
1128 3894 1281 3949 κατὰ
1317 3895 1646 3964 κεφάλαιον
1670 3901 1938 3965 βιϐλίου.

436 3998 688 4053 Ἑνοῦται
719 3999 827 4074 ἄρα
865 4002 935 4056 τὰ
983 4003 1080 4057 τοῦ
1128 4005 1266 4059 Θεοῦ
1297 4009 1393 4062 καὶ
1421 4009 1515 4063 τοῦ
1548 4010 1819 4084 σώματος,
1845 4016 1940 4086 δη-

356 4092 627 4162 μιουργὸς
668 4095 1068 4168 προσκυνητὺς,
1102 4097 1265 4168 σοφία
1297 4101 1392 4152 καὶ
1421 4100 1654 4174 δύναμις
1684 4105 1943 4178 ὑπάρχων

352 4183 600 4249 αἰώνιος·
622 4186 730 4238 ἀπὸ
751 4185 1004 4258 θεότητος
1026 4188 1218 4244 ταῦτα’
1239 4191 1354 4256 υἱὸς
1376 4193 1594 4265 Μαρίας
1611 4197 1697 4249 ἐπ’
1713 4198 1942 4269 ἐσχάτου

353 4277 558 4346 χρόνον
585 4276 821 4347 τεχθεὶς,
852 4281 1176 4352 προσκυνῶν
1209 4282 1361 4350 Θεὸν,
1393 4286 1556 4360 σοφίᾳ
1595 4289 1940 4359 προκόπτων,

352 4369 589 4438 δυνάμει
619 4368 1072 4440 κραταιούμενοςο
1102 4371 1275 4426 ταῦτα
1304 4374 1412 4428 άπδ
1445 4375 1714 4448 σώματος.
1746 4381 1820 4434 Τὸ
1846 4382 1942 4453 μὲν

2043 3237 2405 3308 deprehendi.

2113 3326 2324 3384 ORTl-l.
2370 3327 2661 3383 Furiosum
2715 3335 2770 3382 et
2823 3325 3179 3382 temerarium
3225 3333 3310 3380 est
3357 3323 3619 3379 adversus

2043 3421 2287 3491 insignes
2318 3420 2442 3476 illos
2473 3419 2620 3474 viros
2643 3419 2880 3488 ﬁdeique
2905 3418 3075 3473 duces
3105 3417 3349 3487 linguam
3373 3430 3616 3470 movere.

2045 3513 2112 3569 Ut
2140 3522 2322 3567 autem
2352 3511 2494 3566 scias
2520 3509 2685 3565 etiam
2723 3507 3121 3578 Apollinarium
3161 3505 3506 3562 inconfusam
3540 3503 3621 3558 di-

2043 3619 2168 3658 cere
2200 3603 2396 3661 factam
2440 3601 2608 3656 fuisse
2649 3600 2934 3663 unionem,
2975 3602 2991 3617 '
3033 3599 3199 3667 hujus
3246 3611 3467 3665 quoque
3519 3594 3619 3649 tibi

2043 3693 2210 3750 verba
2235 3707 2556 3763 proponam.
2590 3690 2732 3744 Audi
2771 3689 2937 3759 igitur
2969 3687 3146 3756 ipsum
3174 3687 3510 3756 loquentem.

2321 3900 2658 3974 Apollinei-ii,
2681 3917 2741 3955 ea-
2764 3899 2894 3954 libro
2931 3897 3340 3968 compendiario.

2114 4017 2391 4074 Uniuntur
2411 4029 2542 4084 ergo
2571 4013 2718 4068 Deus
2745 4021 2802 4066 et
2826 4025 3049 4080 corpus,
3076 4004 3388 4063 adorandus
3415 3999 3600 4073 opifex

2043 4111 2136 4181 qui
2172 4117 2256 4164 est
2301 4105 2570 4176 sapientia
2595 4110 2651 4159 et
2670 4101 2918 4172 potentia
2953 4108 3158 4154 aeterna
3184 4114 3199 4152 :
3228 4097 3346 4150 haec
3383 4109 3447 4148 ex
3479 4090 3622 4146 divi-

2044 4203 2258 4268 nitate;
2303 4199 2449 4254 ﬁlius
2504 4195 2688 4251 Mariae
2736 4194 2792 4249 in
2837 4192 3138 4247 novissimo
3167 4198 3412 4259 tempore
3436 4191 3620 4246 natus,

2044 4296 2280 4350 adorans
2306 4293 2502 4356 Deum,
2534 4287 2804 4359 sapientia
2833 4284 3146 4355 proficiens,
3177 4289 3234 4335 et
3262 4279 3465 4334 virtute
3494 4291 3623 4331 con-

2047 4379 2340 4434 firmatus:
2386 4377 2503 4431 haec
2560 4391 2627 4431 ex
2681 4388 2934 4444 corpore.
2991 4371 3183 4426 Passio
3238 4367 3460 4439 quidem
3525 4379 3625 4436 pro

355 4459 504 4528 ὑπὲρ
559 4459 836 4531 ἁμαρτίας
888 4461 1080 4527 πάθος,
1139 4466 1234 4517 καὶ
1285 4467 1318 4537 ἠ
1378 4469 1594 4538 κατάρα
1645 4472 1936 4542 προῆλθεν,

2043 4475 2290 4536 peccato,
2337 4473 2395 4520 et
2443 4463 2794 4518 maledictum
2849 4461 3138 4531 processit,
3169 4474 3274 4513 nec
3299 4454 3622 4527 pmteribit,

345 4549 482 4602 οὐδὲ
512 4550 927 4620 παρελεύσεται,
968 4552 1087 4607 οὐδὲ
1119 4555 1201 4618 είς
1247 4555 1538 4627 ἀσώματον
1591 4561 1936 4633 μεταϐληθῆ-

353 4652 628 4690 σεται.-
659 4640 773 4694 Kal
823 4637 997 4708 αὖθις
1042 4646 1198 4713 μετὰ
1251 4645 1505 4714 βραχέα.
1544 4650 1608 4702 0i.
1663 4651 1941 4724 ἄνθρωποι

350 4727 472 4791 τοῖς
504 4728 720 4797 ἀλόγοις
747 4730 908 4796 ζώοις
939 4733 1220 4804 ὁμοούσιοι
1246 4734 1388 4788 κατὰ
1416 4735 1476 4788 τὸ
1506 4737 1667 4808 σῶμα
1709 4738 1772 4793 τὸ
1813 4740 1939 4794 ἄλο-

353 4837 479 4889 γον,
513 4820 837 4894 ὲτεροούσιοι
883 4824 942 4878 δὲ
989 4826 1126 4880 καθὸ
1157 4826 1385 4896 λογικοί.
1423 4826 1580 4882 Οῦτω
1626 4831 1768 4886 καὶὸ
1811 4831 1944 4898 Θεὸς

353 4913 673 4986 ἀνθρώποις
699 4917 984 4988 όμοούσιος
1002 4917 1077 4975 ὣν
1097 4922 1237 4975 κατὰ
1254 4921 1352 4994 τὴν
1371 4919 1570 4992 σάρκα.
1601 4923 1942 4996 ἐτεροούσιός

438 5072 490 5106 ⁸⁸
512 5072 697 5128 Schol.
739 5089 789 5128 e.
821 5074 906 5129 13.
981 5075 1030 5108 ⁸³
1065 5074 1249 5131 Schol.
1283 5091 1332 5131 c.
1357 5076 1447 5132 25.

430 5227 546 5297 (95)
577 5227 707 5309 περὶ
731 5246 785 5283 τ.
815 5229 1032 5309 ὲνανθρ.
1081 5230 1228 5286 Idem
1269 5244 1354 5286 est
1379 5231 1520 5288 liber
1556 5231 1649 5302 qui
1690 5229 1936 5287 Scholio-

355 5315 486 5371 rum
522 5298 746 5371 nomine
766 5298 927 5354 modo
950 5298 1211 5371 allegatus
1235 5310 1370 5357 erat.

433 5368 549 5442 (9s)
584 5364 709 5442 ρῦν.
740 5371 866 5442 Des.
899 5371 938 5424 1.
970 5387 1019 5425 c.
1056 5364 1110 5442 ᾖ.
1131 5373 1252 5426 787.

431 5440 549 5505 (95)
580 5441 660 5494 Ib.
697 5441 846 5492 ἐστὶν
867 5442 914 5494 ὁ.

434 5510 549 5584 (ξλῳ
583 5511 666 5584 ᾀλ.
702 5510 814 5584 Ed;
828 5512 1068 5584 Bomgct
1098 5512 1246 5584 Lips.
1275 5511 1503 5584 ἀληθής.

431 5579 550 5714 (97)
576 5580 745 5651 διαιρ.
775 5581 874 5635 Ed.
900 5582 1121 5663 A~uberti
1148 5579 1183 5635 Ι.
1213 5600 1262 5635 c.
1290 5579 1608 5656 διοριστέον.

460 5645 530 5703 98
591 5651 669 5705 lb.
700 5652 781 5714 εἰς
807 5651 991 5713 ἰδικως
1031 5652 1331 5714 ἄνθρωπον.

591 5651 669 5721 ιι».
697 5645 781 5714 εἰς
807 5651 991 5713 ἰδικῶς
1031 5652 1331 5721 ἄνθρωπον.

429 5719 548 5793 (99)
580 5720 658 5775 Ib.
709 5721 916 5792 Ἰησοῦν
950 5719 1182 5793 Χριστδν
1217 5723 1395 5794 φαμὲν
1425 5719 1585 5779 εἶναι.

2043 4573 2146 4612 nec
2200 4555 2255 4612 in
2293 4557 2677 4626 incorporeum
2734 4551 3227 4608 mutabitur.—Et
3267 4565 3472 4613 rursus,
3511 4556 3624 4618 post

2041 4666 2232 4719 pauca.
2266 4648 2526 4703 Homines
2555 4645 2736 4702 brutis
2759 4645 3090 4702 animalibus
3129 4638 3624 4698 consubstantiales

2041 4747 2171 4795 sunt
2215 4739 2521 4794 secundum
2575 4754 2778 4808 corpus
2824 4737 3055 4792 rationis
3109 4748 3347 4805 expers:
3398 4729 3625 4786 alterius

2043 4841 2227 4887 autem
2259 4841 2389 4886 sunt
2422 4831 2765 4896 substantiae,
2793 4837 3067 4900 quatenus
3095 4827 3308 4884 ratione
3333 4833 3463 4880 sunt
3481 4834 3622 4892 pra-

2045 4925 2167 4980 diti.
2183 4925 2274 4981 Sic
2291 4923 2458 4980 etlam
2475 4925 2641 4990 Deus,
2659 4939 2782 4980 cum
2803 4921 3122 4978 hominibus
3137 4911 3624 4976 consubstantialis

2218 5232 2357 5285 διατ.
2390 5231 2468 5289 lb.
2502 5232 2810 5304 τηροῦντες.

2138 5299 2192 5364 2)
2225 5303 2443 5356 Νοεῖται
2469 5319 2522 5355 κ.
2551 5299 2603 5357 τ’.
2633 5305 2682 5356 λ.
2709 5302 2908 5356 Iisdem
2944 5301 3130 5358 verbis
3161 5301 3278 5356 haec
3303 5300 3488 5357 Graace
3514 5299 3624 5364 (re-

2044 5371 2194 5442 liqna
2218 5373 2433 5442 Latine)
2464 5373 2722 5441 leguntur
2746 5373 2800 5426 in
2826 5373 2958 5427 edit.
2990 5373 3238 5438 Auberti,
3263 5373 3300 5426 l.
3330 5387 3380 5426 c.
3412 5388 3468 5442 p.
3497 5371 3621 5424 τθι.

2045 5442 2151 5498 Sed
2180 5443 2270 5497 ed.
2303 5444 2461 5496 Rom.
2496 5451 2551 5497 et
2576 5442 2722 5511 Lips.
2745 5443 2948 5497 habent
2971 5444 3098 5497 νόει.

2225 5530 2274 5565 τ.
2311 5513 2390 5574 είς
2420 5513 2509 5584 ᾇπ.
2549 5509 2655 5584 Ed.
2679 5512 2834 5567 60m.
2862 5525 2914 5568 ei
2943 5513 3092 5584 Lips.
3125 5509 3212 5584 ἦν,
3247 5513 3405 5583 ὅπερ.

2120 5581 2196 5650 (ι)
2237 5584 2403 5635 ὲνοικ.
2439 5581 2518 5636 Ib.
2554 5583 2744 5635 οἰκεῖν.

2123 5652 2200 5722 (5)
2232 5653 2346 5704 ἐστ.
2365 5669 2427 5722 τ.
2465 5652 2705 5722 Utraque
2737 5652 2928 5716 editio,
2969 5653 3138 5706 ἐστίν.

2121 5719 2199 5793 (6)
2226 5739 2276 5776 τ.
2307 5721 2432 5792 φύσ.
2473 5722 2533 5777 τὸ
2559 5719 2702 5792 atat-,9.
2743 5723 2866 5780 Des.
2897 5724 2950 5778 'rn
2975 5731 3207 5794 utraque
3238 5721 3379 5777 edit.
3456 5794 3461 5800 _
