4010 6212
402 326 510 396 215

1387 338 1869 401 THEODORETI
1908 339 2246 400 EPISCOPI
2283 341 2646 402 CYRENSIS

3549 329 3653 396 216

403 442 474 498 sit
508 440 812 498 secundum
850 459 1093 512 carnem,
1127 446 1358 505 alterius
1385 459 1470 504 est
1497 452 1819 507 substantiae
1841 468 1975 522 qua-

2082 453 2200 505 ὲστι
2226 452 2361 506 καθὸ
2390 452 2563 521 Λόγος
2606 449 2700 504 καὶ
2745 448 3050 518 ἄνθρωπος.
3073 477 3142 488 —~
3176 444 3283 501 Καὶ
3315 443 3549 514 ἑτέρωθι
3586 445 3653 496 δὲ

405 543 566 587 tenus
612 533 853 590 Verbum
907 545 965 592 et
992 538 1156 594 homo
1202 541 1471 596 est.-—Et
1529 543 1658 597 alibi
1705 545 1779 598 sic
1829 545 1974 598 dicit.

407 624 453 678 Μ
461 624 684 679 istarum
701 633 883 681 rerum
901 629 1194 698 qualitates
1205 633 1648 698 commiscentur,
1665 650 1772 688 non
1803 635 1976 689 inter-

404 726 559 770 eunt.
607 716 728 782 Quo
766 719 825 771 fit
858 730 918 775 ut
962 725 1224 777 nonnulla
1262 739 1293 778 a
1319 725 1496 779 mistis
1528 735 1872 794 separentur,
1917 735 1980 780 ut

405 807 594 860 vinum
634 809 704 862 ab
746 825 908 878 aqua.
954 813 1066 868 Nec
1103 815 1411 869 eommistio
1437 829 1562 870 cum
1588 831 1834 886 corpore,
1877 833 1979 872 nec

406 899 680 965 qual-isest
695 915 986 971 corporum
1013 919 1137 958 eum
1179 907 1522 974 corporibus,
1557 907 1653 962 sed
1697 919 1978 978 segregata

2083 542 2238 596 οὕτω
2309 543 2481 612 φησί.
2553 542 2674 595 Τῶν
2740 541 3185 610 συγκιρναμὲνων
3253 539 3309 591 αἱ
3371 537 3654 604 ποιᾶτητες

2083 634 2438 706 κεράννυνται
2481 674 2496 698 ,
2567 635 2666 686 οὐκ
2728 633 3077 687 ἀπόλλυνται.
3144 631 3307 682 Ὥστε
3375 628 3500 681 τινὰ
3564 628 3653 680 καὶ

2083 725 2382 779 διίστανται
2411 725 2518 778 ἀπὸ
2551 725 2660 777 τῶν
2685 723 3182 794 συγκερασθέντων,
3221 720 3477 791 nam?
3515 714 3648 780 οἶνος

2085 817 2194 870 ἀπὸ
2223 815 2432 880 ὓδατος.
2488 817 2621 869 Οὐδὲ
2656 816 2790 885 πρὸς
2827 815 2986 883 σῶμα
3020 813 3343 881 σύγκρασις,
3392 811 3514 864 οὐδὲ
3569 811 3651 863 οἵα

2086 908 2356 978 σωμάτων
2388 907 2526 978 πρὸς
2553 896 2800 976 σώματαο
2835 905 2952 958 ἀλλ’
2979 904 3179 974 ἔχουσα
3209 904 3303 955 καὶ
3334 901 3395 956 τὸ
3431 902 3651 972 ἀμιγὲς,

405 988 475 1041 ab
495 986 647 1058 l7]
676 993 824 1045 omni
849 993 1126 1060 mistione,
1161 996 1232 1050 ita
1280 1006 1366 1061 ut,
1398 997 1540 1052 sicut
1586 1013 1676 1052 res
1717 1001 1975 1068 postulat,

2083 997 2223 1052 ὥστε
2256 1000 2349 1052 καὶ
2395 999 2532 1068 πρὸς
2569 999 2628 1052 τὸ
2661 998 2778 1050 δέον
2811 997 3067 1050 ἑκάστοτε
3114 995 3216 1065 τὴν
3263 994 3358 1064 τῆς
3401 994 3653 1063 θεότητος

406 1094 626 1148 semper
667 1080 974 1138 divinitatis
1011 1087 1260 1155 operatio
1299 1087 1385 1142 vel
1425 1088 1539 1142 sola
1578 1089 1669 1153 sit,
1704 1090 1790 1143 vel
1825 1090 1975 1144 carni

2083 1092 2382 1160 ἐνέργειαν,
2412 1092 2444 1160 ἢ
2485 1091 2728 1155 ξδιάζειν,
2757 1090 2788 1159 ἥ
2823 1088 3237 1158 ἐπιμίγνυσθαι,
3263 1085 3405 1138 καθὰ
3432 1085 3653 1154 γέγονεν

405 1169 681 1239 adjuncta,
703 1176 1169 1242 quemadmodum
1205 1177 1406 1232 factum
1437 1189 1522 1233 est
1555 1179 1608 1232 in
1636 1180 1843 1251 jejunio
1868 1183 1979 1236 Do-

408 1258 565 1314 mini.
622 1259 868 1317 Admista
920 1266 1069 1318 enim
1121 1266 1428 1334 divinitate,
1469 1269 1616 1338 quod
1664 1280 1728 1324 ea
1774 1271 1980 1327 nullius

404 1357 582 1416 egeat,
624 1353 918 1408 arcebatur
958 1355 1324 1413 fames:ch
1361 1371 1546 1414 autem
1584 1376 1693 1415 non
1731 1376 1976 1432 oppone-

408 1452 487 1494 ret
518 1441 834 1512 indigentia:
861 1461 1014 1501 suam
1043 1451 1247 1503 nullius
1272 1451 1346 1505 rei
1380 1452 1754 1521 indigentiam,
1791 1462 1977 1509 exorta

401 1539 487 1584 cst
527 1531 698 1588 fames
742 1535 810 1589 ad
857 1535 1061 1592 diaboli
1103 1540 1555 1598 destructionem.
1614 1543 1820 1610 Quodsi
1853 1561 1976 1600 cor—

403 1636 598 1689 porum
638 1624 826 1680 mistio
855 1643 1202 1698 nequaquam
1246 1640 1455 1686 mutata
1494 1643 1596 1698 est,
1626 1642 1832 1703 quanto
1866 1649 1980 1688 ma-

343 1705 348 1711 ’
401 1712 486 1783 gis
508 1713 849 1771 divinitatis?
866 1750 938 1760 —
957 1719 1026 1774 Et
1049 1721 1104 1773 in
1129 1721 1366 1776 aﬂa‘loro
1394 1725 1502 1778 lucc
1526 1725 1667 1778 dicit.
1707 1724 1762 1779 Si
1793 1724 1978 1797 (ignis)

2084 1183 2177 1234 ἐπὶ
2207 1181 2308 1247 τῆς
2336 1180 2588 1249 νηστείας
2634 1179 2728 1233 τοῦ
2778 1179 3006 1250 Κυρίου.
3042 1177 3508 1245 Ἐπιμιγνυμένης
3557 1174 3656 1242 μὲν

2083 1271 2181 1340 τῆς
2210 1269 2463 1339 θεότητος
2498 1269 2637 1321 κατὰ
2663 1268 2724 1321 τὸ
2762 1267 3079 1337 ἀπροσδεὲς,
3110 1268 3142 1335 ἡ
3178 1267 3334 1316 πεῖνα
3362 1263 3651 1317 ἐκωλύετοδ

2083 1367 2182 1419 οὐκ
2214 1364 2524 1433 ἁντιθείσης
2565 1363 2621 1415 δὲ
2674 1365 2738 1434 τῇ
2793 1361 2969 1432 ἐνδείᾳ
2994 1361 3055 1413 τὸ
3083 1358 3399 1428 ἀπροσδεὲς,
3424 1359 3458 1428 ἡ
3494 1359 3652 1409 πεῖνα

2083 1457 2317 1526 ἐγένετο,
2349 1455 2482 1525 πρὸς
2506 1453 2604 1524 τὴν
2627 1453 2720 1506 τοῦ
2748 1451 2995 1504 διαϐόλου
3021 1450 3336 1504 κατάλυσιν.
3370 1449 3431 1500 Et
3463 1448 3519 1500 δὲ
3546 1446 3653 1500 τῶν

2087 1546 2354 1616 σωμάτων
2384 1545 2418 1614 ἡ
2471 1542 2615 1613 μίξις
2663 1542 2764 1595 οὐκ
2813 1541 3046 1610 ἠλλάγη,
3079 1540 3232 1609 πόσῳ
3267 1537 3467 1607 μᾶλλον
3495 1539 3528 1606 ἡ
3554 1536 3654 1606 τῆς

2085 1633 2364 1704 θεότητοςς
2398 1662 2468 1672 -—
2493 1631 2598 1686 Καὶ
2625 1631 2694 1682 ἐν
2722 1629 2898 1697 ἑτέρῳ
2924 1629 2989 1682 δὲ
3023 1625 3412 1695 κωρίῳταῦτά
3440 1641 3648 1693 φησιν.

2085 1728 2146 1780 ΕΞ
2179 1728 2212 1796 ἡ
2253 1725 2386 1794 πρὸς
2420 1724 2635 1793 σέδηρον
2657 1722 2978 1789 ἀνάκρασις,
3022 1713 3130 1789 πῦρ
3159 1716 3522 1770 ἀποδεικνῦσα
3553 1715 3651 1768 αὐ-

402 1816 528 1857 cum
571 1804 720 1860 ferro
765 1809 1098 1876 commistio,
1133 1826 1257 1880 quae
1303 1808 1512 1867 ferrum
1571 1813 1749 1884 ipsum
1797 1815 1975 1886 ignem

2078 1819 2172 1873 τὸν
2198 1817 2274 1886 (7)
2309 1816 2544 1888 σίδηρον,
2584 1813 2659 1876 ὡς
2708 1812 2805 1865 καὶ
2859 1811 2927 1864 τὰ
2969 1810 3138 1879 πυρὸς
3187 1805 3538 1877 ἐργάζεσθαι,
3591 1804 3651 1856 οὐ

401 1892 554 1962 facit,
591 1895 665 1950 ita
705 1905 763 1952 ut
789 1913 854 1954 ea
881 1899 1046 1955 faciat
1076 1917 1199 1971 quae
1231 1902 1373 1974 ignis
1397 1913 1545 1969 sunt,
1573 1906 1694 1975 ejus
1728 1915 1979 1962 naturam

398 1998 512 2038 non
560 1995 768 2053 mutat;
823 2003 928 2044 nec
967 1990 1064 2044 Dei
1110 2006 1236 2046 eum
1275 2007 1506 2063 corpore
1555 1995 1712 2062 unio,
1748 1998 1981 2052 mutatio

397 2079 651 2148 corporis
676 2088 779 2145 est,
804 2083 1017 2136 etiamsi
1051 2097 1255 2154 corpus
1284 2086 1499 2140 divinas
1523 2088 1762 2156 praebeat
1791 2105 1982 2159 opera-

399 2169 580 2224 tiones
620 2169 691 2224 iis
723 2172 817 2240 qui
857 2173 1124 2243 attingere
1158 2185 1409 2244 possunt.
1441 2209 1510 2217 —
1540 2179 1634 2234 His
1670 2183 1852 2235 statim
1885 2183 1980 2236 ad-

396 2261 594 2332 iungit.
637 2262 695 2317 Si
721 2264 886 2319 bomo
912 2265 1079 2320 habet
1108 2268 1349 2322 animam
1389 2276 1445 2323 et
1485 2285 1707 2340 corpus,
1731 2281 1981 2326 manent-

399 2367 510 2421 que
536 2352 627 2406 illa
654 2353 710 2407 in
745 2356 974 2422 unione,
1008 2359 1182 2411 multo
1209 2359 1383 2429 magis
1405 2351 1680 2426 Christus,
1717 2361 1976 2418 divinita-

400 2452 512 2498 tem
561 2444 774 2499 habens
813 2462 939 2501 cum
986 2463 1242 2519 corpore,
1280 2459 1511 2521 utraque
1551 2453 1718 2508 habet
1760 2470 1977 2524 perma-

398 2535 587 2590 nentia
643 2541 699 2590 et
757 2537 1064 2594 inconfusa.
1117 2571 1188 2582 --
1236 2542 1308 2596 Et
1363 2561 1570 2609 rursus,
1623 2557 1735 2616 post
1784 2564 1975 2617 pauca.

398 2628 682 2697 Particcps
721 2629 869 2683 enim
911 2640 1014 2695 est,
1045 2633 1225 2702 quoad
1267 2651 1462 2706 capere
1498 2647 1698 2706 potest,
1740 2639 1977 2696 humana

397 2727 598 2774 natura
644 2722 664 2742 ‘
709 2720 911 2778 divinze
962 2725 1335 2794 operationis;
1383 2728 1488 2783 alia
1542 2739 1725 2784 autem
1778 2740 1881 2796 est,
1917 2741 1978 2787 ut

400 2808 629 2865 minima
675 2813 890 2893 ratione
944 2816 1194 2873 maxima:
1227 2836 1239 2872 :
1275 2827 1332 2873 et
1381 2833 1573 2874 servus
1625 2831 1709 2876 est
1753 2824 1976 2893 quidem

401 2901 568 2958 homo
615 2905 733 2967 Dei,
767 2891 912 2962 Deus
959 2917 1146 2962 autem
1191 2925 1384 2964 servus
1430 2928 1538 2966 non
1583 2921 1666 2967 est
1712 2914 1973 2984 hominis,

397 3013 504 3053 nec
526 3014 678 3054 suus.
719 3001 788 3055 Et
823 3001 911 3056 ille
942 3003 1164 3072 quidem
1191 3013 1442 3058 creatura
1471 3014 1551 3059 est
1584 3004 1701 3071 Dei,
1731 3005 1822 3061 hic
1845 3023 1977 3062 vero

398 3103 502 3144 nec
546 3087 808 3154 hominis,
843 3106 947 3145 nec
997 3089 1080 3145 sui
1134 3090 1308 3160 ipsius
1347 3100 1432 3146 est
1478 3101 1751 3146 creatura.
1790 3125 1860 3133 —
1905 3095 1972 3148 Et

398 3180 562 3252 paulo
594 3190 732 3252 post.
770 3181 826 3237 Si
856 3183 980 3252 quis
1014 3182 1316 3237 secundum
1351 3183 1694 3238 divinitatem
1719 3185 1787 3239 de
1820 3186 1976 3240 Chri-

398 3281 488 3326 sto
519 3272 719 3342 aecipit
753 3273 887 3327 illud
929 3291 944 3327 :
985 3293 1003 3324 c
1038 3273 1170 3340 Quae
1204 3274 1354 3329 videt
1384 3275 1600 3329 Patrem
1645 3275 1889 3347 (facere),
1920 3283 1976 3331 et

399 3366 516 3434 ipse
542 3363 672 3418 facit
700 3363 767 3429 5‘,
798 3384 814 3415 ι
853 3371 907 3418 et
933 3381 1042 3419 non
1070 3366 1370 3420 secundum
1402 3382 1643 3431 carnem,
1669 3367 1972 3422 secundum

398 3472 563 3526 quam
613 3456 798 3511 diﬂert
849 3456 1166 3512 incarnatus
1203 3473 1234 3512 a
1282 3458 1441 3513 Patre
1501 3474 1611 3512 non
1669 3459 1973 3526 incarnato,

399 3546 597 3601 dividit
638 3548 774 3603 duas
815 3549 1166 3618 operationes
1198 3549 1412 3604 divinas
1442 3568 1455 3603 :
1487 3558 1542 3603 at
1571 3565 1679 3604 non
1714 3551 1975 3606 dividun-

399 3649 534 3693 tur:
569 3655 676 3692 non
719 3638 854 3694 dicit
897 3655 1030 3708 ergo
1070 3639 1438 3694 divinitatem.
1470 3670 1537 3680 -ο
1576 3641 1732 3710 1'72
1777 3639 1976 3695 Deinde

397 3746 580 3784 rursus
603 3732 711 3784 hinc
734 3747 937 3802 quoque
961 3733 1149 3802 posuit.
1175 3730 1647 3798 Quemadmodum
1674 3732 1839 3787 homo
1864 3749 1974 3788 non

397 3828 482 3874 est
525 3819 752 3873 rationis
795 3835 1010 3889 expers,
1052 3831 1279 3890 propter
1313 3823 1756 3892 eonjunctionem
1803 3823 1977 3891 partis

399 3910 614 3964 ratione
665 3910 906 3978 praedita:
961 3925 1086 3964 cum
1131 3925 1196 3964 ea
1241 3927 1362 3979 qua:
1411 3911 1622 3966 ratione
1662 3921 1810 3967 caret
1845 3929 1858 3965 :
1900 3913 1974 3966 ita

397 4015 504 4056 nec
527 4000 776 4055 Salvator
805 4008 890 4056 est
918 4011 1194 4066 creatura,
1235 4003 1366 4057 licet
1400 4003 1642 4058 incrcato
1674 4005 1787 4058 Deo
1823 4021 1977 4060 crea-

399 4101 522 4146 tura
544 4092 615 4147 sit
641 4092 917 4164 adjuncta.
941 4123 1012 4133 ——
1030 4092 1121 4148 His
1149 4111 1355 4165 quoque
1386 4103 1434 4148 et
1465 4093 1561 4150 ίιια
1588 4097 1790 4166 adjicit.
1817 4097 1973 4163 Quod

397 4185 502 4241 sub
528 4195 808 4256 aspectum
831 4201 942 4241 non
966 4186 1131 4252 cadit,
1160 4196 1216 4242 et
1245 4187 1560 4257 copulatum
1585 4197 1670 4244 est
1693 4204 1820 4243 cum
1850 4205 1974 4244 cor-—

397 4293 532 4349 pore
559 4278 704 4349 quod
742 4288 827 4335 est
855 4281 1208 4350 aspectabile,
1243 4296 1306 4335 ac
1337 4298 1434 4350 per
1475 4281 1580 4336 hoc
1613 4282 1972 4352 conspicitur,

397 4379 584 4426 manet
627 4371 986 4427 nihilominus
1036 4373 1340 4434 invisibile;
1396 4382 1581 4428 manet
1623 4390 1756 4428 vero
1805 4375 1972 4429 etiam

2082 1907 2344 1979 μετέϐαλε
2373 1907 2474 1978 τὴν
2509 1905 2672 1975 φύσιν
2706 1903 2892 1963 αὐτοῦ,
2926 1902 3046 1954 οὐδὲ
3074 1903 3108 1970 ἡ
3140 1898 3234 1952 τοῦ
3264 1897 3401 1951 Θεοῦ
3427 1897 3565 1968 πρὸς
3593 1895 3652 1948 τὸ

2081 2001 2238 2071 σῶμα
2262 2000 2452 2062 ἓνωσις
2488 1995 2757 2068 μεταϐολὴ
2815 1993 3066 2064 σώματός
3111 1994 3280 2055 ἐστιν,
3329 1990 3511 2043 καίτοι
3557 1985 3652 2040 τοῦ

2081 2090 2330 2162 σώματος
2384 2089 2483 2152 τὰς
2548 2088 2700 2150 θείας
2762 2085 3043 2156 ἐνεργείαις
3112 2083 3486 2153 παρεχομένου
3540 2081 3650 2140 τοῖς

2079 2183 2391 2250 ἐφάψασθαι
2433 2179 2868 2249 δυναμένοις.--
2909 2179 3144 2241 Τούτοις
3167 2173 3348 2240 εὐθὺς
3403 2184 3652 2227 συνεπι-

2079 2274 2392 2330 συνάπτει.
2428 2273 2489 2325 Ei
2515 2272 2798 2341 ἅνθρωπος
2826 2271 2917 2322 καὶ
2943 2269 3120 2339 ψυχὴν
3167 2268 3277 2336 ἔχει
3322 2266 3416 2317 καὶ
3467 2263 3649 2333 σῶμα,

2078 2365 2172 2418 καὶ
2204 2363 2547 2434 μέιιειταῦτα
2581 2364 2638 2413 ἐν
2663 2360 2872 2430 ἐνὸτητι
2922 2359 3074 2411 ὄντα·
3129 2355 3308 2426 πολλῷ
3369 2354 3572 2424 μᾶλλον
3621 2355 3653 2406 6

2077 2455 2312 2526 Χριστὸς
2341 2453 2568 2522 θεότητα
2591 2451 2728 2521 ἔχων
2766 2449 2903 2519 μετὰ
2933 2447 3204 2518 σώματος,
3253 2444 3368 2517 ἔχει
3411 2446 3651 2514 ἑκάτερα

2076 2544 2400 2615 διαμένοντα
2431 2543 2524 2595 καὶ
2578 2543 2653 2612 μὴ
2700 2541 3059 2611 συγχεόμενα.
3083 2569 3153 2579 --
3178 2537 3288 2594 Καὶ
3316 2537 3444 2607 μετ’
3475 2539 3651 2605 ὀλίγα

2078 2635 2529 2704 πάλιν.Μετέχει
2559 2633 2657 2704 μὲν
2679 2633 2835 2703 γὰρὴ
2859 2631 3172 2702 ἀνθρωπίνη
3193 2629 3294 2699 τῆς
3319 2628 3466 2692 θείας
3493 2630 3651 2697 ὲνερο

2076 2727 2251 2796 τείας,
2280 2727 2511 2780 καθόσον
2547 2728 2868 2792 ἐφικνεῖται·
2899 2723 3060 2794 ἑτέρα
3085 2722 3141 2776 δέ
3171 2724 3317 2774 ἐστιν
3361 2721 3438 2783 ὡς
3470 2719 3648 2788 ἐλαχί-

2079 2829 2178 2890 στη
2238 2819 2519 2889 μεγίστης.
2561 2818 2669 2869 Καὶ
2700 2815 2884 2878 δοῦλος
2919 2815 3018 2886 μὲν
3043 2813 3328 2882 ἄνθρωπος
3364 2811 3457 2864 τοῦ
3491 2809 3646 2870 Θεοῦ,

2076 2917 2103 2968 ὁ
2131 2913 2186 2966 δὲ
2213 2913 2345 2975 Θεὸς
2366 2912 2428 2963 οὐ
2461 2911 2646 2972 δοῦλος
2675 2907 2769 2961 τοῦ
2801 2907 3111 2973 ἀνθρώπου,
3137 2907 3254 2959 οὐδὲ
3281 2904 3495 2959 ἑαυτοῦ.
3540 2905 3651 2957 Καὶ

2076 3007 2105 3059 ὁ
2136 3006 2234 3074 μὲν
2270 3005 2480 3074 ποίημα
2505 3002 2597 3055 τοῦ
2625 3001 2783 3065 Θεοῦ,
2807 3003 2838 3054 ὁ
2858 3002 2914 3054 δὲ
2946 3000 3068 3054 οὗτε
3098 2999 3383 3070 ἀνθρώπου
3415 2999 3648 3067 ποίημα,

2076 3097 2197 3150 οὐδὲ
2215 3094 2629 3149 coetui—Kal.
2650 3095 2776 3161 μετ’
2800 3094 2994 3162 ὀλίγα.
3028 3093 3089 3145 Et
3119 3091 3260 3144 κατὰ
3292 3089 3522 3153 Oed-mra
3559 3090 3652 3141 ἐπὶ

2077 3187 2314 3259 Χριστοῦ
2342 3187 2607 3256 λαμϐάνει
2638 3203 2723 3248 τις
2743 3185 2826 3249 τὸ,
2861 3187 2962 3237 «Ἃ
2992 3185 3178 3253 βλέπει
3207 3182 3297 3236 τὸν
3325 3181 3542 3251 Πατέρα
3571 3183 3648 3247 (8)

2076 3281 2170 3334 καὶ
2221 3279 2384 3342 αὐτὸς
2444 3281 2608 3343 ποιεῖ,
2641 3297 2661 3330 ›
2728 3278 2822 3332 καὶ
2874 3278 2947 3348 μὴ
2996 3278 3137 3331 κατὰ
3193 3278 3371 3347 σάρκα
3422 3275 3540 3329 καθ’
3583 3277 3652 3345 ἢν

2079 3373 2319 3437 triaque
2350 3372 2653 3444 σαρκωθεὶς
2703 3371 2852 3442 παρᾶ
2881 3371 2973 3424 τὸν
3001 3371 3076 3440 μὴ
3127 3368 3481 3440 σαρκωθέντα
3530 3369 3649 3420 Πασ-

2075 3466 2230 3538 τὲρα,
2259 3465 2459 3532 διαιρεῖ
2491 3465 2585 3518 δύο
2617 3463 2767 3527 θείας
2811 3463 3110 3535 ἐνεργείας·
3138 3462 3196 3514 οὐ
3244 3461 3532 3532 διαιρεῖται
3568 3460 3650 3512 δέ·

2075 3558 2176 3610 οὐκ
2234 3558 2338 3625 ἄρα
2379 3555 2606 3623 θεότητα
2639 3554 2892 3620 λέγει.-
2926 3550 3048 3607 Εἶτ’
3096 3550 3270 3619 αὖθις
3327 3553 3423 3606 καὶ
3462 3553 3653 3607 ταῦτα

2076 3648 2355 3702 τέθεικεν.
2396 3647 2606 3714 Ὥσπερ
2637 3649 2664 3699 ὁ
2696 3646 2981 3716 ἄνθρωπος
3017 3647 3117 3698 οὐκ
3161 3645 3351 3712 ἄλογος
3387 3661 3653 3716 προσκει-

2080 3739 2239 3808 μένου
2270 3735 2364 3789 τοῦ
2399 3734 2618 3803 λογικοῦ
2649 3733 2726 3803 τῷ
2764 3735 2965 3804 ἀλόγῳ,
3013 3734 3186 3796 οὕτως
3230 3731 3348 3786 οὐδὲ
3391 3735 3419 3786 ὁ
3459 3732 3656 3804 Σωτὴρ

2077 3829 2280 3897 κτίσμα
2313 3824 2714 3897 προσκειμένου
2746 3824 2823 3893 τῷ
2851 3826 3093 3894 ἀκτίστῳ
3133 3823 3253 3893 Θεῷ
3287 3823 3381 3876 τοῦ
3414 3823 3653 3892 κτίσμα-

2075 3937 2186 3983 τος.
2221 3947 2290 3959 --
2310 3917 2545 3979 Τούτοις
2558 3915 2651 3968 καὶ
2682 3915 2870 3968 ταῦτα
2885 3912 3299 3968 ἐπισυνάπτει.
3325 3915 3397 3966 Τὸ
3419 3913 3656 3983 ἀόρατον

2076 4013 2170 4066 καὶ
2218 4007 2468 4062 συντεθὲν
2527 4007 2662 4075 πρὸς
2714 4006 2876 4078 σῶμα
2925 4006 3139 4076 ὁρατὸν,
3179 4007 3270 4058 καὶ
3322 4005 3408 4058 διὰ
3458 4007 3656 4059 τούτου

2077 4099 2373 4170 θεωρηθὲν,
2401 4097 2554 4166 μένει
2582 4096 2678 4148 καὶ
2707 4094 2958 4166 ἀόρατον·
2997 4094 3148 4164 μένει
3189 4094 3246 4146 δὲ
3289 4095 3384 4147 καὶ
3417 4094 3656 4150 ἀσύνθει-

2073 4209 2188 4255 τον,
2219 4188 2356 4243 καθὸ
2402 4189 2462 4241 οὐ
2501 4186 2982 4257 συμπεριορίζεται
3009 4185 3088 4256 τῷ
3139 4184 3372 4255 σώματι.
3431 4187 3541 4242 Καὶ
3594 4189 3660 4240 τὸ

2078 4282 2256 4352 σῶμα,
2287 4279 2445 4350 μένον
2470 4278 2562 4331 ἐπὶ
2585 4276 2679 4330 τοῦ
2705 4277 2836 4330 ἰδίου
2866 4274 3087 4346 μέτρου,
3120 4276 3529 4347 προσλαμϐάνει
3553 4275 3667 4344 τὴν

2077 4375 2211 4445 πρὸς
2270 4373 2402 4426 Θεὸν
2458 4370 2652 4424 ἕνωσιν
2709 4369 2850 4423 κατὰ
2893 4368 2954 4421 τὸ
3001 4367 3401 4431 ζωοποιεῐσθαι,
3437 4366 3564 4420 οὔτε
3593 4368 3666 4421 τὸ

397 4463 842 4533 incompositum,
868 4474 1142 4534 quatenus
1169 4481 1278 4518 non
1307 4481 1415 4520 una
1442 4481 1566 4519 cum
1593 4480 1824 4534 corpore
1859 4467 1970 4521 cir-

2078 4467 2504 4536 ζωοποιούμενον
2554 4465 2824 4528 ζωοποιεῖ.
2857 4493 2926 4502 ——
2954 4461 3062 4514 Καὶ
3089 4461 3216 4530 μετ’
3261 4461 3360 4514 6.1!
3370 4475 3436 4527 γα
3465 4458 3664 4512 πάλιν

395 4555 807 4608 comscribitur.
845 4555 910 4607 Et
954 4569 1157 4624 corpus
1200 4556 1252 4609 in
1288 4570 1386 4610 sua
1426 4571 1653 4611 manens
1690 4572 1972 4624 mensura,

2078 4561 2262 4626 οὕτως
2293 4559 2555 4626 εἴρηκεν.
2592 4557 2652 4608 Εἰ
2689 4555 2822 4626 μηδὲ
2859 4554 2932 4624 (9)
2981 4554 3013 4622 ἡ
3068 4553 3244 4623 ψυχῆς
3299 4553 3436 4620 πρὸς
3490 4550 3663 4620 σῶμα

395 4643 656 4696 unionem
705 4658 830 4696 eum
875 4643 988 4696 Deo
1029 4642 1282 4712 suscipit,
1327 4653 1382 4698 et
1430 4644 1760 4711 vivitieatur,
1796 4662 1975 4716 neque

2078 4654 2292 4724 κρᾶσις,
2326 4648 2503 4703 καίτοι
2532 4648 2590 4713 ἐξ
2627 4648 2802 4717 ἀρχῆς
2844 4646 2982 4702 κατὰ
3024 4645 3302 4714 συμφυΐαν
3331 4641 3485 4703 οὖσα,
3519 4646 3662 4714 ὁρας

393 4733 730 4788 vivillcatum
754 4733 1012 4789 vivificat.
1031 4765 1100 4773 ——
1120 4734 1186 4788 Et
1209 4736 1370 4805 paulo
1393 4747 1504 4807 post
1522 4738 1596 4791 sic
1618 4739 1806 4793 iterum
1829 4739 1972 4794 dicit.

396 4827 453 4882 Si
486 4843 587 4882 nec
615 4828 813 4882 aning
844 4843 968 4883 cum
997 4842 1227 4896 corpore
1264 4830 1600 4900 eonjunctio,
1629 4831 1882 4900 quamvis
1907 4831 1976 4886 ab

395 4918 555 4972 initio
595 4935 703 4973 una
734 4921 1059 4983 coaluerint.
1095 4921 1224 4976 facit
1269 4933 1329 4978 ut
1372 4922 1462 4976 illa
1502 4931 1729 4992 propter
1767 4939 1969 4994 corpus

395 5009 469 5062 sit
515 5009 765 5074 visibilis,
809 5027 986 5082 neque
1030 5022 1090 5065 ut
1129 5012 1264 5065 alias
1311 5013 1558 5081 corporis
1603 5014 1970 5083 proprietates

396 5100 609 5165 induat,
639 5101 712 5155 ita
751 5111 810 5156 ut
839 5104 1012 5158 secari
1042 5119 1105 5158 ac
1146 5103 1318 5157 minui
1354 5104 1528 5173 possit
1571 5121 1586 5157 :
1621 5115 1826 5175 quanto
1859 5121 1973 5158 ma-

393 5195 475 5264 gis
512 5195 675 5258 Deus,
707 5195 800 5263 qui
838 5196 1086 5250 eamdem
1128 5211 1254 5250 eum
1300 5210 1531 5266 corpore
1573 5205 1827 5250 naturam
1861 5213 1970 5252 non

393 5282 579 5342 habet.
620 5283 837 5353 corpori
887 5285 1074 5340 nnitur
1115 5285 1558 5341 iminutabiliter!
1596 5284 1750 5351 Quod
1786 5285 1830 5340 si
1867 5287 1970 5340 bo-

395 5375 561 5428 minis
590 5390 791 5445 corpus
829 5387 1012 5432 manet
1052 5377 1109 5432 in
1145 5381 1365 5448 propria
1406 5386 1623 5444 natura,
1653 5379 1817 5450 idque
1855 5380 1972 5435 ani-

464 5527 511 5559 “
540 5527 695 5583 Joan.
724 5544 776 5590 ν,
814 5530 894 5584 19.

464 5686 540 5760 (7)
568 5685 1092 5764 a515‘l;l£tl..-iit')ln.'
1114 5693 1168 5764 et
1196 5683 1337 5751 Lips.
1362 5680 1437 5764 αξ
1457 5684 1565 5740 τόν.

462 5754 540 5827 (ὅ)
576 5758 706 5810 ﬂat.
741 5755 1019 5810 Excidisse
1043 5754 1262 5807 videtur
1287 5754 1562 5809 ποιοῦντα.

2072 4744 2170 4814 τὴν
2196 4743 2363 4812 αὐτὴν
2391 4740 2480 4795 διὰ
2505 4740 2566 4793 τὸ
2599 4739 2756 4806 σῶμα
2786 4740 2946 4800 ποιεῖ,
2993 4736 3122 4806 μηδὲ
3155 4738 3235 4800 εἰς
3266 4737 3334 4789 τὰ
3380 4735 3514 4790 ἄλλα
3559 4733 3664 4788 τοῦ

2078 4835 2328 4904 σώματος
2351 4831 2618 4902 ἰδιώματα
2648 4827 2996 4899 μεταϐάλλει,
3027 4825 3168 4878 ὥστε
3210 4825 3303 4878 καὶ
3332 4824 3658 4892 τέμνεσθαι.

2077 4926 2171 4980 καὶ
2193 4922 2569 4978 ὲλαττοῦσοαυ
2594 4921 2744 4988 πόσῳ
2777 4919 2978 4988 μᾶλλον
3001 4919 3028 4969 ὁ
3061 4917 3134 4987 μὴ
3163 4915 3375 4986 σώματι
3400 4914 3667 4985 συμφυὴς

2076 5019 2104 5068 ὁ
2136 5015 2266 5078 Θεὸς
2295 5013 2642 5084 ἁμελετήτως
2675 5011 2886 5062 ἑνοῦται
2949 5008 3084 5078 πρὸς
3135 5006 3324 5074 σῶμα;
3363 5008 3473 5059 Καὶ
3515 5008 3566 5058 εἰ
3600 5007 3668 5059 τὸ

2074 5105 2234 5176 σῶμα
2262 5105 2355 5157 τοῦ
2392 5102 2677 5174 ἀνθρώπου
2721 5100 2814 5152 ἐπὶ
2857 5099 2958 5167 τῆς
3015 5098 3151 5160 ἰδίας
3203 5097 3418 5164 φύσεως
3477 5096 3663 5166 μένει,

2073 5195 2167 5249 καὶ
2200 5194 2358 5247 τοῦτό
2387 5210 2450 5260 γε
2489 5191 2860 5262 ὲψυχωμένον,
2896 5188 3016 5242 οὐδὲ
3056 5188 3149 5240 ἐπὶ
3183 5188 3277 5240 τοῦ
3322 5187 3561 5253 Χριστοῦ
3600 5187 3694 5240 τὸ-

2074 5287 2232 5358 σῶμα
2273 5290 2306 5358 ἡ
2346 5286 2646 5354 σύγκρασις
2701 5285 2838 5354 μήτε
2897 5279 3193 5352 μετέϐαλεν
3250 5280 3327 5342 ὡς
3382 5278 3455 5349 μὴ
3511 5274 3668 5333 εἶναι

2075 5381 2254 5452 σῶμα.
2281 5379 2459 5433 -Καὶ
2473 5377 2622 5449 μετὰ
2647 5375 2906 5430 πλεῖστα
2935 5373 3121 5446 πάλιν
3148 5373 3334 5428 ταῦτα
3365 5372 3667 5430 τέθεικεν.

2152 5686 2226 5757 (9)
2261 5688 2411 5760 μηδὲ.
2436 5689 2578 5744 Εάὶι.
2615 5689 2768 5744 Rom.
2797 5696 2852 5743 et
2875 5686 3022 5756 Lips.
3049 5685 3126 5755 μὴ
3150 5684 3277 5737 δεῖν.
