4010 6212
280 286 393 352 21⁷7
1344 308 1723 373 ῡιιιοουε
1760 312 1842 371 II.

1947 336 1954 345 ν
1994 312 2487 383 INCONFUSUS.
3435 327 3544 394 218

282 397 360 451 "'0
385 397 679 508 ιξυκῆνηκαὶ
708 400 873 508 Ϋῶμῗ
894 404 1177 508 ὀμΫλοτῶν
1203 409 1278 476 ὡς
1306 411 1365 467 ἓν
1393 414 1500 469 ὑπὸ
1519 416 1620 485 τῆς
1644 417 1852 489 Γραφῆς

1968 429 2196 490 metum,
2216 441 2393 496 neque
2414 429 2470 483 in
2490 427 2709 485 Christo
2729 430 3041 487 commistio
3064 434 3296 489 mutavit
3315 451 3538 508 corpus,

281 489 881 594 amplo-radentem};
912 497 1163 567 μάχεται,
1213 503 1314 575 τὴν
1358 505 1616 579 τοιαύτην
1667 507 1852 562 ἓνωσιι

1970 519 2030 565 ιιι
2071 489 2187 568 non
2221 489 2551 587 sit-corpus.
2582 545 2650 559 --
2682 519 2753 574 Et
2782 531 2898 592 post
2937 521 3170 594 plurima
3207 525 3315 579 haec
3357 489 3539 584 ruit-su;

280 580 378 632 τοῦ
405 580 745 690 ὶπρὸς
758 584 932 687 prima
960 591 1264 666 μεταϐολὴν
1293 590 1435 650 εἶναι
1458 598 1703 667 φάσκων,
1727 600 1852 654 ταύ-

1964 607 2154 673 posuit.
2186 606 2289 673 Qui
2322 610 2570 665 animam
2615 622 2673 668 et
2713 580 2915 685 corpus
2937 580 3251 673 'conﬁtetur
3280 627 3539 690 tanquam

278 671 627 781 Ἶνρὺδὲέπὶ,
845 678 1252 781 θεωρουμένην.
1272 688 1655 745 -Ἀκουσον
1676 691 1852 746 αὐτοὶ

1962 671 2136 751 unum
2165 714 2195 752 a
2212 671 2507 771 'Seriptura
2535 705 2724 771 statui,
2751 671 2936 762 secum
2969 671 3086 779 ipse
3109 671 3538 781 pugnandi—lem

279 761 472 814 πάλιν
495 760 828 833 διαρῤήδην
850 769 1148 839 βοῶντος.
1181 774 1246 829 El
1272 778 1321 831 οἱ
1360 779 1435 850 μὴ
1460 779 1715 849 λέγοντες
1749 800 1859 836 πα-

280 851 547 920 ραμένειν
576 852 675 924 τὴν
714 855 893 926 σάρκα
923 859 1022 913 τοῦ
1062 862 1270 933 Κυρίου
1297 866 1638 933 δυσσεϐοῦσι,
1682 870 1863 942 πολλῷ

277 943 487 1039 μᾶλλον
545 940 596 997 οἱ
637 946 773 1017 μηδὲ
830 950 934 1020 τὴν
993 953 1168 1025 ἀρχὴν
1218 960 1604 1039 σεσαρκῶσθαι
1667 940 1860 1034 ὁμολο-

274 1035 531 1103 γοῦντες.
546 1065 621 1079 -
639 1041 749 1094 Kal
779 1041 849 1096 ἐν
861 1042 942 1110 τῷ
956 1047 1090 1114 περὶ
1105 1035 1465 1119 σαρκώσειυς
1474 1055 1716 1123 λογίδίῳ
1748 1056 1858 1112 πά-

272 1130 583 1187 λινταῦτα
609 1133 886 1204 γέγραφε.
919 1137 993 1190 Τὸ
1029 1140 1128 1210 μὲν
1148 1136 1264 1208 οὖν,
1298 1162 1317 1195 ι
1347 1144 1530 1198 Κάθου
1558 1145 1624 1199 ὲκ
1671 1146 1860 1213 δεξιῶν

276 1236 409 1291 μου,
443 1239 464 1269 ι
497 1223 574 1286 ὡς
600 1225 737 1295 πρὸς
758 1226 1048 1297 ἄνθρωπον
1074 1230 1245 1300 λέγει’
1276 1234 1338 1286 οὐ
1367 1234 1478 1306 γὰρ
1499 1236 1580 1305 τῷ
1604 1236 1693 1289 ἀεὶ
1721 1236 1856 1290 καθ-

272 1312 467 1383 ημένῳ
496 1315 591 1368 ἐπὶ
612 1316 802 1385 θρόνου
834 1319 1016 1391 δόξης,
1046 1321 1182 1376 καθὸ
1227 1323 1361 1390 Θεὸς
1407 1325 1599 1395 Λόγος,
1639 1326 1857 1399 εἴρηται

275 1404 418 1474 μετὰ
444 1407 546 1479 τὴν
595 1407 780 1464 ἄνοδον
821 1411 922 1483 τὴν
970 1413 1035 1465 ὲκ
1060 1413 1210 1485 ,γῆς’
1235 1416 1373 1471 ἀλλὰ
1419 1416 1496 1486 τῷ
1524 1418 1620 1472 νῦν
1651 1421 1733 1484 εἰς
1758 1420 1857 1492 τὴν

271 1500 603 1570 ἐπουράνιον
638 1500 907 1570 aeneam
940 1504 1099 1570 δόξαν
1153 1508 1289 1562 καθὸ
1339 1511 1644 1582 ἄνθρωπος,
1700 1513 1777 1578 ὡς
1802 1515 1856 1568 οἱ

268 1590 563 1647 ἀπόστολοι
610 1591 878 1675 λέγουσιν·
915 1613 935 1647 ι
970 1596 1045 1650 Οὐ
1070 1598 1181 1670 γὰρ
1209 1602 1376 1656 Δαϐὶδ
1412 1604 1580 1676 ἀνέϐη
1612 1608 1696 1671 εις
1727 1607 1853 1670 τοὺς

268 1680 561 1752 οὐρανούς·
586 1683 735 1751 λέγει
772 1684 829 1738 δὲ
854 1686 1038 1750 αὐτὸς,
1071 1684 1240 1743 Εἶπεν
1264 1693 1291 1744 ὁ
1320 1692 1524 1765 Κύριος
1550 1696 1627 1766 τῷ
1662 1697 1851 1767 Κυρίῳ

272 1786 405 1839 μου,
435 1771 621 1827 Κάθου
661 1775 725 1827 ὲκ
769 1774 958 1842 δεξιῶν
1013 1795 1135 1849 μου.
1168 1799 1186 1831 ι
1238 1756 1611 1853 ’Λνθριίῦπινον
1640 1756 1764 1856 μὲν·
1790 1756 1851 1840 τδ
1885 1756 1925 1811 Β

267 1860 627 1934 πρόσταγμα,
686 1866 864 1938 ἀρχὴν
912 1871 979 1939 τῇ
1031 1870 1267 1942 καθέδρᾳ
1312 1873 1508 1928 διδοῦν·
1535 1875 1676 1929 θεῖον
1703 1877 1761 1930 δὲ
1790 1878 1853 1930 τὸ

262 1952 501 2022 ἀξίωμα
549 1956 609 2007 τὸ
663 1956 1042 2028 συγκαθῆσθαι
1095 1960 1234 2032 Θεῷ,
1284 1956 1331 2031 ᾧ
1360 1964 1766 2037 λειτουργοῦσιν
1796 1971 1850 2022 αἱ

265 2043 455 2112 χίλιαι
488 2044 736 2114 χιλιάδες,
769 2048 867 2102 καὶ
901 2052 1352 2121 παραστήκουσιν
1403 2057 1458 2108 αἱ
1515 2056 1706 2126 μύριαι
1749 2077 1851 2128 μυ-

266 2132 485 2205 ριάδες.
502 2135 685 2190 -Καὶ
712 2137 839 2207 μετ’
864 2138 1061 2208 ὀλίγα.
1092 2142 1168 2194 Οὐ
1189 2142 1297 2213 γὰρ
1321 2142 1527 2215 ὠςΘεῷ
1557 2147 1851 2202 ὑποτάσσει

260 2224 402 2287 τοὺς
457 2222 706 2297 ἐχθροὺς,
756 2225 973 2293 ἀλλ’ὡς
1028 2229 1321 2304 ἀνθρώπῳ’
1350 2233 1490 2288 ὥστε
1545 2237 1638 2291 τὸν
1687 2240 1850 2292 αὐτὸν

260 2308 417 2367 εἶναι
452 2315 550 2368 καὶ
578 2315 711 2369 Θεὸν
747 2315 1042 2388 δρώμενον,
1075 2323 1169 2374 καὶ
1200 2323 1505 2395 ἄνθρωπον.
1534 2327 1655 2381 Ὀτι
1686 2328 1742 2382 δὲ
1773 2330 1850 2393 ὡς

259 2406 549 2479 ἀνθρώπῳ
574 2409 792 2477 λέγεται
817 2410 899 2475 τὸ,
937 2430 957 2463 ι
994 2413 1139 2479 Ἕως
1165 2415 1243 2468 θῶ
1289 2418 1417 2482 τοὺς
1468 2418 1699 2490 ἐχθρούς
1754 2403 1847 2475 σου

257 2500 565 2554 ὕτοοπὸδιον
588 2500 698 2555 τῶν
735 2502 911 2557 ποδῶν
940 2521 1057 2573 σου,
1095 2525 1115 2559 ι
1152 2507 1391 2564 διδάσκει
1436 2511 1670 2579 Παῦλος,
1707 2514 1841 2569 εδιον

256 2595 438 2650 αὐτοῦ
470 2596 534 2649 τὸ
565 2597 895 2669 κατόρθωμα
923 2599 1119 2667 λέγων,
1156 2603 1300 2658 κατὰ
1323 2605 1384 2658 τὸ
1415 2606 1595 2661 θεῖκὸν
1624 2607 1843 2681 δηλαδή·

264 2706 288 2738 ι
330 2687 497 2740 Κατὰ
518 2689 619 2756 τὴν
646 2690 927 2759 ἐνεργείας
948 2693 1132 2760 φύσιν,
1155 2694 1294 2748 κατά
1315 2697 1375 2750 τὸ
1397 2696 1655 2751 δύνασθαι
1684 2701 1847 2755 αὑτὸν

255 2779 369 2831 καὶ
398 2779 664 2844 ὑποτάξαι
697 2781 878 2853 ἑαυτῷ
927 2785 1124 2846 πάντα,
1161 2805 1180 2838 ι
1223 2788 1366 2859 Ὅρα
1417 2789 1738 2861 άχωρίστως
1787 2793 1848 2846 ὲν

255 2869 348 2941 τῷ
383 2870 465 2925 ἐνὶ
505 2872 780 2945 προσώπῳ
806 2875 1036 2941 θεότητα
1064 2880 1161 2932 καὶ
1184 2880 1602 2953 ἀνθρωπὸτητα.
1640 2915 1712 2928 -ι
1734 2886 1846 2940 Καὶ

251 2962 416 3032 μετὰ
440 2963 699 3048 βραχέα.
740 2983 760 3017 ι
788 2967 1019 3033 Δόξασὸν
1052 2987 1119 3040 με
1159 2973 1224 3025 σὺ
1250 2973 1385 3043 (i0),
1438 2976 1589 3046 παρὰ
1636 2977 1846 3048 σεαυτῷ

255 3055 333 3122 τῇ
592 3051 736 3125 εἶχον
760 3056 868 3125 πρὸ
887 3058 979 3111 τοῦ
1007 3060 1097 3111 τὸν
1121 3061 1325 3133 κόσμον
1349 3060 1490 3119 εἷναι
1519 3068 1669 3140 παρὰ
1702 3046 1837 3122 σοί.ι

255 3142 340 3195 τὸ
532 3122 675 3214 Ἴ
700 3122 988 3213 δόξασαν,
1047 3149 1123 3213 ὡς
1171 3122 1456 3223 ἄνθρωπος
1488 3122 1656 3225 λέγει·
1693 3157 1755 3210 τὸ
1785 3157 1843 3210 δὲ
1869 3122 1912 3181 C

255 3232 413 3303 ἔχειν
455 3234 563 3306 πρὸ
596 3233 792 3300 αἰῶνος
834 3236 934 3310 τὴν
966 3238 1123 3305 δόξαν
1156 3240 1232 3305 ὡς
1276 3242 1406 3308 Θεὸς
1445 3247 1839 3304 ἀποκαλύπτει.

254 3326 447 3380 -Καὶ
483 3322 658 3393 αὖθις
685 3328 817 3397 μετ’
847 3329 1041 3399 ὀλίγα.
1060 3332 1199 3385 Ἀλλ’
1221 3335 1378 3411 ἡμεῖς
1405 3336 1842 3406 μὴταπεινωθῶ-

261 3434 371 3486 μεν
401 3418 668 3485 ταπεινὴν
711 3419 1051 3491 ἡγησάμενοι
1084 3424 1185 3493 τὴν
1220 3425 1312 3477 τοῦ
1376 3426 1499 3479 Υἱοῦ
1562 3428 1656 3481 τοῦ
1708 3429 1841 3483 Θεοῦ

257 3507 663 3577 προσκύνησιν,
697 3512 791 3563 καὶ
818 3512 956 3580 μετὰ
982 3513 1083 3583 τῆς
1120 3515 1467 3589 ἀνθρωπίνης
1502 3519 1841 3589 ὁμοιώσεῳς,

257 3597 480 3661 ἀλλ’ὡς
524 3616 648 3652 τινα
679 3600 900 3671 βασιλέα
959 3605 1053 3658 καὶ
1082 3607 1137 3658 ἐν
1167 3608 1374 3661 εὐτελεῖ
1401 3611 1635 3678 φανέντα
1681 3612 1840 3684 στολῇ

261 3694 335 3759 τῇ
372 3689 627 3761 βασιλικῇ
651 3691 777 3764 δόξῃ
810 3694 1143 3761 δοξάζοντες,
1189 3699 1281 3752 καὶ
1324 3701 1558 3770 μάλιστα
1610 3703 1845 3773 ὁρῶντες

258 3781 359 3833 καὶ
376 3783 513 3835 αὐτὸ
533 3782 598 3835 τὸ
622 3783 824 3855 ἔνδυμα
872 3785 1150 3853 δοξασθὲν,
1206 3790 1281 3854 ὡς
1332 3793 1572 3865 ἥρμοττε
1616 3785 1842 3865 σώματι

256 3872 398 3925 Θεοῦ
422 3875 522 3926 καὶ
551 3874 766 3946 Σωτῆρι
799 3876 1025 3947 κόσμου,
1060 3881 1154 3932 καὶ
1185 3881 1473 3954 ,σπέρματι
1517 3883 1663 3954 ζωῆς
1707 3888 1845 3941 αἰω-

258 3966 398 4027 νὶου,
433 3965 532 4017 καὶ
565 3966 782 4039 ὀργάνῳ
813 3968 973 4023 θείων
997 3972 1307 4043 ἐνεργειῶν,
1344 3975 1439 4027 καὶ
1488 3975 1693 4048 λυτικῷ
1745 3996 1844 4033 κα-

258 4057 382 4118 κξας
415 4056 662 4128 ἁπάσης,
694 4059 789 4111 καὶ
809 4059 1039 4116 θανάτου
1073 4063 1462 4135 καθαιρετικῷ,
1486 4068 1579 4120 καὶ
1606 4070 1844 4124 ἀναστά-

259 4163 399 4209 σεως
428 4148 685 4218 άρχηγῷ.
717 4150 780 4203 El
804 4150 915 4221 γάρ
959 4153 1056 4206 καὶ⁵
1093 4153 1192 4223 τὴν
1241 4155 1402 4225 φύσιν
1434 4155 1492 4224 ἐξ
1540 4158 1843 4229 ἀνθρώπιον

257 4234 442 4307 ἔσχεν,
468 4238 609 4292 άλλὰ
630 4241 731 4309 τὴν
761 4239 904 4311 ζωὴν
934 4244 1021 4296 ὲκ
1046 4244 1203 4312 Θεοῦ,
1225 4247 1318 4300 καὶ
1362 4248 1462 4319 τὴν
1511 4248 1738 4320 δύναμιν
1781 4252 1841 4320 ἐξ

254 4328 513 4398 οὐρανοῦ,
574 4332 668 4386 καὶ
700 4332 799 4403 τὴν
845 4333 1044 4405 ἀρετὴν
1081 4333 1333 4390 θείαν.-
1356 4337 1465 4393 Καὶ
1480 4339 1609 4409 μετ’
1642 4340 1838 4409 ὀλίγα.

1962 788 2129 843 Verbi
2167 805 2292 845 cum
2337 808 2567 864 corpore
2605 799 2863 855 unionem
2904 802 3264 858 mutationem
3301 819 3421 860 esse
3450 804 3538 860 di-

1961 894 2111 945 cens,
2147 898 2269 951 qua:
2312 899 2417 941 nec
2464 887 2521 942 in
2564 890 2747 945 anima
2787 894 3313 950 cernitur.—Audi
3354 914 3539 951 rursus

1958 971 2132 1042 ipsum
2166 974 2359 1031 diserte
2399 977 2739 1037 clamantem.
2767 982 2824 1038 Si
2857 984 3011 1055 impii
3044 996 3191 1053 sunt,
3221 989 3314 1058 qui
3344 988 3541 1045 dicunt

1959 1080 2182 1121 carnem
2214 1068 2430 1124 Domini
2460 1087 2569 1127 non
2596 1090 2838 1139 manere,
2873 1078 3048 1133 multo
3082 1080 3252 1149 magis
3288 1080 3381 1150 qui
3420 1098 3538 1136 om-

1960 1155 2094 1210 nino
2134 1156 2477 1215 incarnatum
2506 1160 2675 1219 fuisse
2708 1174 2930 1235 negant.
2969 1196 3041 1207 -—-
3068 1166 3138 1220 Et
3173 1169 3228 1220 in
3267 1167 3439 1223 libello
3471 1169 3537 1223 de

1957 1246 2323 1302 incarnatione
2357 1251 2548 1307 iterum
2588 1255 2696 1309 haec
2726 1256 2952 1326 scripsit.
2992 1256 3134 1311 Illud
3165 1271 3313 1328 ergo,
3375 1259 3534 1331 173

1964 1361 1985 1392 ε
2011 1340 2154 1397 Sede
2185 1356 2215 1395 a
2245 1339 2488 1399 dexteris
2516 1344 2654 1400 meis
2675 1346 2744 1411 ⁸⁸,
2779 1362 2798 1398 ι
2831 1353 3088 1415 tanquam
3121 1347 3330 1402 homini
3355 1349 3490 1403 dicit
3516 1366 3532 1403 :

1958 1446 2136 1501 neque
2178 1433 2325 1487 enim
2366 1432 2417 1486 ei
2463 1433 2556 1503 qui
2606 1449 2824 1504 semper
2851 1439 2869 1455 '
2898 1436 3053 1491 sedet
3096 1436 3150 1490 in
3179 1437 3376 1492 throno
3413 1439 3532 1509 glo-

1956 1523 2070 1586 riae,
2097 1531 2369 1592 quatenus
2394 1525 2540 1580 Deus
2569 1524 2829 1590 Verbum,
2854 1525 3062 1581 dictum
3093 1538 3175 1582 est
3198 1536 3320 1597 post
3344 1544 3534 1583 ascen-

1954 1611 2165 1673 sionem
2204 1626 2237 1665 ο
2273 1620 2456 1667 terra:
2486 1614 2580 1668 sed
2613 1615 2664 1669 ei
2694 1615 2789 1685 qui
2829 1631 2977 1671 nunc
3012 1615 3067 1670 in
3106 1618 3385 1672 cwlestem
3418 1618 3533 1687 glo-

1956 1704 2092 1757 riam
2150 1703 2255 1759 fuit
2311 1707 2581 1761 exaltatus
2638 1716 2911 1776 quatenus
2968 1709 3167 1774 homo,
3216 1717 3275 1762 ut
3337 1709 3532 1765 dicunt

1954 1794 2184 1863 apostoli
2219 1812 2232 1847 :
2270 1814 2288 1844 ι
2319 1795 2440 1849 Non
2483 1797 2631 1850 enim
2676 1797 2842 1852 David
2884 1799 3136 1853 ascendit
3180 1798 3237 1852 in
3279 1802 3528 1866 coaluit);

1952 1885 2088 1939 dicit
2101 1892 2285 1940 autem
2310 1885 2458 1954 ipse:
2480 1887 2625 1941 Dixit
2644 1888 2908 1944 Dominus
2932 1889 3167 1943 Domino
3190 1905 3315 1944 meo
3340 1908 3352 1943 :
3388 1886 3531 1946 Sede

1952 1991 1982 2030 a
2021 1976 2264 2031 dexteris
2313 1977 2453 2031 meis
2482 1978 2548 2031 ⁸⁸.
2592 1997 2609 2030 ι
2666 1978 2748 2033 Ad
2800 1979 3080 2034 hominem
3134 1980 3374 2050 pertinet
3425 1981 3532 2036 hoc

1951 2068 2293 2129 mandatum,
2331 2068 2563 2123 sessioni
2597 2069 2734 2123 dans
2765 2069 3100 2139 principium
3134 2086 3148 2123 :
3178 2068 3361 2122 divina
3396 2084 3530 2124 vero

1950 2169 2037 2214 est
2086 2160 2325 2230 dignitas
2371 2176 2495 2215 cum
2548 2160 2658 2214 Deo
2708 2160 3024 2226 considere,
3075 2160 3162 2214 cui
3215 2160 3530 2215 ministrant

1950 2251 2120 2305 millia
2150 2252 2404 2315 millium,
2428 2261 2485 2306 et
2503 2251 2768 2306 assistunt
2792 2251 2977 2307 decies
3004 2261 3236 2306 centena
3263 2252 3431 2306 millia
3456 2252 3527 2307 ".

1946 2372 2018 2382 ——
2045 2341 2114 2396 Et
2144 2340 2307 2412 paulo
2341 2350 2476 2411 post.
2505 2342 2625 2396 Non
2666 2343 2814 2397 enim
2843 2350 2904 2396 ιιι
2934 2343 3045 2397 Deo
3079 2342 3302 2412 subjicit
3339 2342 3528 2396 inimi-

1947 2447 2062 2496 cos,
2087 2432 2182 2487 sed
2214 2441 2276 2488 ut
2302 2432 2535 2498 homini,
2565 2434 2645 2488 sic
2668 2443 2848 2489 tamen
2882 2442 2944 2488 ut
2982 2433 3127 2489 idem
3159 2435 3231 2489 sit
3257 2434 3402 2488 Deus
3429 2432 3526 2503 qui

1947 2524 2310 2593 conspicitur,
2341 2532 2395 2580 et
2430 2525 2617 2580 homo.
2649 2525 2803 2591 Quod
2840 2535 3023 2580 autem
3053 2534 3113 2579 ut
3137 2524 3346 2579 homini
3377 2524 3529 2580 dica-

1948 2624 2059 2681 tur,
2089 2636 2107 2667 ι
2138 2616 2319 2673 donec
2343 2632 2539 2687 ponam
2568 2618 2822 2673 inimicos
2848 2626 2970 2673 tuos
2999 2618 3298 2673 scabellum
3322 2617 3525 2687 pedum

1948 2714 2166 2761 tuorum
2197 2706 2268 2771 ⁸⁸,
2299 2728 2317 2759 ι
2351 2707 2513 2763 docet
2550 2709 2775 2774 Paulus,
2816 2710 3098 2779 proprium
3140 2711 3260 2781 ejus
3296 2708 3524 2773 factum,

1941 2798 2097 2867 juxta
2142 2797 2488 2855 divinitatem
2538 2800 2777 2866 scilicet,
2830 2816 3319 2856 commemorans:
3372 2819 3390 2852 ι
3430 2801 3528 2857 Sc-

1946 2890 2190 2945 cundum
2250 2898 2502 2946 naturam
2559 2893 2929 2963 operationis,
2982 2909 3090 2963 qua
3136 2893 3301 2948 etiam
3351 2893 3528 2962 possit

1946 2979 2217 3049 subjicere
2243 2979 2350 3034 sibi
2375 2981 2558 3035 omnia
2581 2983 2646 3038 ".
2682 3000 2701 3032 ι
2741 2982 2879 3038 Vide
2907 2982 3299 3053 inseparabiles
3331 2982 3386 3037 in
3417 2999 3527 3038 una

1944 3086 2180 3142 persona
2221 3071 2566 3127 divinitatem
2611 3079 2666 3128 et
2714 3073 3132 3129 humanitatem.
3185 3104 3256 3114 -—
3293 3073 3363 3129 Et
3410 3082 3527 3146 post

1946 3177 2137 3231 pauca.
2173 3179 2191 3212 ι
2212 3160 2468 3216 Gloriﬁca
2498 3177 2606 3228 me,
2642 3169 2700 3217 tu
2734 3161 2961 3234 (Pater),
2993 3163 3136 3234 apud
3174 3163 3524 3235 temetipsum

1945 3253 2195 3317 claritate
2240 3270 2408 3325 quam
2461 3255 2651 3320 habui,
2700 3255 3020 3327 priusquam
3072 3255 3313 3310 mundus
3355 3266 3523 3315 esset.

1900 3394 1909 3404 ,
1944 3344 2093 3413 apud
2133 3352 2186 3407 te
2219 3345 2287 3405 οξ.
2320 3363 2340 3396 ι
2394 3346 2635 3401 Verbum
2692 3345 2841 3401 enim
2864 3418 2869 3425 δ
2896 3345 3159 3417 gloriﬁca,
3197 3354 3425 3415 usurpat
3463 3353 3527 3401 ut

1943 3433 2110 3488 homo
2149 3452 2163 3488 :
2202 3434 2429 3504 gloriam
2472 3442 2655 3489 autem
2700 3442 2828 3489 ante
2869 3435 3067 3489 saecula
3111 3448 3171 3488 se
3213 3432 3421 3487 habere
3464 3441 3525 3487 ut

1943 3524 2115 3579 Deum
2159 3524 2419 3580 declarat.
2459 3556 2530 3565 —
2555 3525 2625 3579 Et
2660 3526 2852 3578 iterum
2886 3533 2998 3595 post
3035 3542 3226 3596 pauca.
3254 3525 3366 3580 Nos
3390 3540 3525 3579 vero

1943 3628 2053 3667 non
2083 3613 2405 3683 ahjiciamus
2435 3613 2651 3668 animos
2682 3613 2951 3683 abjectam
2981 3622 3240 3682 putantes
3267 3614 3391 3667 Filii
3424 3613 3523 3667 Dei
3616 3614 3627 3625 '

1943 3707 2344 3770 adorationem,
2378 3705 2544 3761 etiam
2587 3706 2645 3759 in
2689 3705 2929 3759 humana
2975 3704 3337 3759 similitudine
3371 3722 3384 3757 :
3427 3704 3523 3759 scd

1942 3808 2204 3869 tanquam
2246 3813 2429 3866 regem
2474 3797 2710 3865 aliquem
2754 3797 2919 3852 etiam
2961 3796 3018 3850 in
3056 3795 3151 3850 vili
3181 3805 3335 3852 veste
3371 3796 3525 3866 regio

1942 3891 2153 3946 honore
2198 3890 2515 3954 allicientes,
2564 3889 2797 3945 maxime
2840 3903 2966 3943 cum
3014 3886 3301 3944 videamus
3342 3887 3523 3957 ipsum

1943 3999 2163 4054 quoque
2203 3983 2585 4037 indumentum
2625 3980 3010 4052 gloriﬁcatum,
3050 3980 3196 4036 sicut
3225 3980 3523 4036 convenie-

1943 4075 2036 4130 bat
2069 4073 2286 4143 eorpori
2328 4072 2446 4136 Dei,
2477 4079 2533 4126 et
2561 4070 2829 4127 Salvatori
2869 4072 3083 4137 mundi,
3132 4069 3292 4142 174
3330 4081 3386 4126 et
3432 4086 3523 4126 se-

1943 4164 2080 4219 mini
2112 4164 2238 4219 vitte
2266 4170 2506 4226 teter-nte,
2531 4170 2589 4216 et
2632 4161 2945 4216 divinarum
2992 4160 3271 4215 actionum
3308 4159 3523 4215 instru-

1942 4263 2151 4316 mento.
2181 4263 2239 4309 et
2264 4253 2523 4308 vitiorum
2565 4252 2812 4307 omnium
2853 4252 3208 4315 destructori,
3236 4260 3290 4305 et
3327 4249 3525 4305 mortis

1940 4346 2309 4418 peremptori,
2350 4352 2409 4399 et
2454 4343 2881 4400 resurrectionis
2919 4343 3176 4413 principi.
3217 4343 3333 4397 Etsi
3371 4342 3521 4396 enim

260 4420 425 4474 Ὅθεν
455 4422 621 4493 ἡμεῖς
649 4422 712 4476 τὸ
737 4423 895 4494 σῶμα
924 4427 1355 4498 προσκυνοῦμεν.
1384 4427 1461 4491 ὠς
1506 4428 1598 4484 τὸν
1642 4432 1835 4502 Λόγον,

1947 4448 2195 4496 naturam
2231 4437 2427 4493 habuit
2454 4452 2521 4492 ex
2554 4435 2893 4501 hominibus,
2920 4442 3105 4490 tamen
3129 4434 3295 4489 vitam
3327 4431 3523 4487 habuit

252 4512 355 4566 τοῦ
382 4515 635 4585 σώματος
660 4516 981 4587 μετέχομεν,
1011 4518 1088 4581 ὡς
1114 4517 1210 4572 τοῦ
1242 4519 1575 4589 πνεύματος.

1942 4544 2012 4585 ex
2046 4530 2180 4593 Deo,
2203 4537 2261 4584 et
2284 4529 2582 4598 potentiam
2609 4542 2641 4581 e
2669 4526 2830 4591 cmlo,
2858 4524 3211 4596 divinamque
3234 4525 3520 4579 virtutem.

256 4632 334 4643 ~—
355 4601 424 4659 Et
462 4613 576 4676 post
613 4623 804 4677 pauca.
837 4607 965 4663 ideo
999 4623 1101 4663 nos
1135 4623 1337 4681 corpus
1372 4610 1686 4678 adoramus,
1717 4621 1974 4688 tanquam
2004 4618 2282 4675 Verbum:
2342 4616 2590 4686 corporis
2642 4631 2835 4671 sumus
2884 4615 3202 4686 participes,
3262 4622 3521 4682 ιλιιίιιιίιιιι

253 4696 507 4767 spiritus.

345 4787 479 4841 Ἰδού
508 4804 587 4841 σοι
616 4788 713 4844 καὶ
746 4789 775 4843 ὁ
807 4790 1023 4859 πρῶτος
1073 4789 1182 4845 τῶν
1230 4791 1445 4862 φύσεων
1490 4793 1587 4865 τὴν
1637 4797 1836 4865 κρᾶσιν

257 4877 534 4943 εἰσάγων,
589 4879 890 4947 ἀναφανδὸν
952 4882 1018 4952 τῇ
1083 4879 1343 4953 διαιρέσει
1399 4881 1678 4953 χρώμενος
1731 4885 1837 4937 άπ-

261 4965 500 5036 εξεὶχθη.
523 4961 689 5032 Οὗτος
721 4971 813 5023 καὶ
845 4969 1036 5041 στολὴν
1062 4972 1121 5024 τὸ
1146 4972 1326 5043 σῶμα,
1363 4977 1456 5026 καὶ
1488 4974 1712 5045 κτίσμα,
1740 4973 1837 5029 καὶ

255 5056 496 5124 εργανον
517 5061 945 5131 προσηγόρευσε.
980 5063 1090 5117 Καὶ
1120 5064 1302 5135 μέντοι
1341 5067 1436 5120 καὶ
1475 5066 1659 5121 δοῦλον
1699 5066 1836 5120 ὠνό-
1863 5065 1874 5074 ’

264 5162 465 5213 μασεν,
494 5149 627 5222 ὅπερ
657 5152 832 5217 οὐδεὶς
865 5154 1021 5225 ἡμῶν
1070 5157 1246 5209 εἰπεῖν
1289 5157 1558 5230 ἐτόλμησε
1592 5159 1836 5213 πώποτε.

258 5238 442 5292 τοῦτο
461 5243 660 5315 καὶτῆς
680 5247 745 5300 ὲκ
765 5247 956 5313 δεξιῶν
970 5248 1193 5323 εἴρηκεν
1217 5250 1522 5323 ἀξιωθῆναι
1544 5253 1837 5325 καθέδρας,

337 5414 394 5444 ⁸⁸
424 5415 551 5474 Psal.
589 5438 697 5481 Ctx.
734 5427 782 5479 l.

885 5426 931 5456 “
965 5426 1082 5481 Aet.
1123 5443 1180 5489 ιι,
1215 5424 1303 5480 5i.

260 5496 408 5547 xvu,
444 5486 493 5539 5.

1412 5426 1456 5456 ³⁵⁷
1496 5428 1630 5482 Dan.
1693 5446 1788 5499 vn,
1824 5430 1907 5486 10.

2012 4795 2155 4855 Ecce
2200 4792 2300 4848 tibi
2351 4793 2784 4848 demonstratum
2835 4801 2939 4854 est,
2981 4806 3108 4846 eum
3161 4789 3255 4861 qui
3305 4791 3521 4862 primus

1939 4896 2263 4942 naturarum
2291 4883 2631 4939 confusionis
2653 4890 2846 4937 auctor
2857 4883 2982 4947 fuit,
3002 4882 3180 4952 ipsum
3194 4892 3516 4938 naturarum

1932 4986 2120 5049 aperte
2162 4986 2320 5031 usum
2361 4990 2481 5030 esse
2520 4973 2894 5030 distinctione.
2941 4973 3041 5028 Hic
3075 4982 3133 5029 et
3158 4974 3356 5030 stolam
3389 4989 3517 5029 cor~

1932 5086 2069 5141 pus,
2116 5077 2173 5124 et
2215 5074 2563 5132 creaturam,
2613 5077 2670 5122 et
2717 5066 3145 5121 instrumentum
3199 5066 3511 5136 appellavit.

1934 5162 2074 5229 Quin
2103 5161 2269 5216 etiam
2297 5174 2515 5215 servum
2543 5173 2761 5229 quoque
2785 5157 3142 5227 nuncupavit,
3173 5157 3319 5227 quod
3349 5173 3517 5212 neuio

1933 5260 2183 5309 nostrum
2223 5250 2410 5307 dicere
2450 5264 2690 5320 unquam
2727 5257 2813 5303 est
2851 5262 3039 5302 ausus.
3074 5247 3221 5303 Dixit
3247 5255 3513 5318 praeterea

2573 5425 2617 5456 ιε’
2656 5422 2887 5494 Philipp.
2942 5438 3019 5489 ιιι,
3072 5424 3161 5478 ⁸21.
3273 5425 3317 5455 ⁸ο
3348 5424 3505 5482 toan.

2015 5425 2058 5460 ⁸⁵
2095 5424 2211 5481 Act.
2265 5442 2323 5491 ιι,
2370 5424 2457 5479 '55.

343 5663 456 5737 (i0)
503 5669 581 5723 σύ.
630 5668 901 5725 Ouxtssum
958 5680 1041 5726 est
1082 5669 1281 5742 Πάτερ,
1327 5672 1473 5742 quod
1509 5673 1543 5726 ι.
1588 5689 1637 5728 (ι.
1669 5674 1932 5743 sequitur.
