4010 6212
461 233 570 301 219
1450 233 1935 294 THEODORETI
1975 233 2313 295 EPISCOPI
2347 229 2709 294 CYRENSIS
3618 224 3722 288 2‘20

465 350 483 368 ⁶
516 345 570 399 In
609 344 738 400 sede
778 360 808 399 a
838 343 1080 400 dexteris
1111 344 1435 400 collocatum
1469 360 1614 412 esse,
1650 354 1708 400 et
1737 342 1846 399 alia
1875 344 2048 402 multa

2151 344 2245 398 καὶ
2273 345 2406 400 ἄλλα
2435 344 2494 398 δὲ
2520 343 2748 396 πλεῖστα
2779 336 2928 410 παρά
2961 336 3061 408 τῆς
3080 335 3251 408 -κενῆς
3279 335 3432 408 ὑμῶν
3458 337 3723 410 αἱρέσεως

464 451 587 505 qum
615 451 644 489 a
669 451 805 489 vana
831 435 1025 490 baresi
1046 444 1229 491 vestra
1255 435 1601 506 rejiciuntur.

951 435 1025 490 esi
1046 444 1229 491 vestra
1255 435 1601 506 rejiciuntur.
2147 433 2534 504 ἐκϐαλλόμενα.

539 527 745 581 ERAN.
786 527 899 582 Cur
938 528 1156 582 tandem
1190 527 1356 597 igitur
1383 527 1478 599 qui
1510 527 1888 583 confusionem
1929 526 2045 596 pri-

2217 525 2420 579 EPAN.
2463 525 2574 577 Kal.
2595 521 2647 594 τί
2675 521 2875 592 δήποτε
2901 518 3000 590 τὴν
3031 519 3233 589 κρᾶσιν
3253 517 3470 590 πρῶτος
3492 519 3725 590 εἰσάγων

466 637 591 674 mus
638 621 874 685 induxit,
913 629 1120 675 tantam
1161 621 1216 675 in
1251 623 1438 679 verbis
1483 623 1600 678 suis
1639 623 2047 678 distinctionem

1822 623 2047 678 :tionem
2147 616 2419 688 τοσαύτην
2452 613 2723 670 ἐντέθεικε
2759 615 2873 676 τοῖς
2901 611 3082 680 λόγοις
3107 611 3405 683 διαίρεσινς

467 713 798 768 constituit?

537 801 748 856 ORTH.
790 803 946 874 Cogit
991 806 1076 860 vis
1120 805 1371 860 veritatis
1413 806 1670 861 assentiri
1716 809 1882 864 etiam
1930 826 2047 877 eos,

2221 811 2373 865 0P6.
2414 809 2668 873 Βιάζεται
2694 807 2794 874 τῆς
2821 802 3078 874 ἀληθείας
3110 803 3144 874 ἡ
3184 801 3413 872 δύναμις
3461 800 3556 854 καὶ
3601 800 3729 864 τοὺς

468 890 564 960 qui
603 892 958 949 vehementer
993 895 1072 949 illi
1104 907 1426 966 repugnant.
1453 896 1582 962 Sed,
1614 898 1658 954 si
1689 901 1787 955 tibi
1810 902 2048 969 videtur,

2150 905 2290 972 ἄγαν
2315 903 2451 971 αὐτῇ
2487 898 2824 970 μαχομένους
2871 897 2984 958 τοῖς
3035 895 3168 963 παρ’
3197 893 3385 962 αὐτῆςι
3416 890 3733 962 λεγομένοις

468 983 634 1038 etiam
687 984 756 1040 de
803 986 1211 1057 impatibilitate
1254 987 1468 1042 Domini
1529 1005 1844 1046 sermonem
1891 992 2050 1047 insti-

2153 993 2465 1047 συνθέσθαι.
2507 991 2647 1044 Ἀλλ’
2671 989 2724 1042 εἴ
2745 1005 2825 1042 σοι
2850 985 3018 1048 δοκεῖ,
3046 985 3140 1037 καὶ
3166 985 3258 1038 τὸν
3292 983 3424 1055 περὶ
3450 983 3549 1054 τῆς
3589 983 3735 1036 ἀπα-

470 1079 712 1129 ῑιιειηιιε.
2153 1086 2303 1148 θείας
2326 1084 2422 1138 τοῦ
2453 1083 2658 1154 Κυρίου
2682 1082 2992 1150 κινήσωμεν
3018 1079 3193 1146 λόγον.

543 1164 750 1218 ERAN.
794 1164 913 1221 Scis
955 1168 1118 1222 etiam
1159 1170 1398 1226 musicos
1424 1172 1603 1226 solere
1635 1171 1858 1228 chordis
1892 1173 2051 1243 quie-

2223 1177 2428 1231 EPAN.
2469 1171 2618 1229 Οῐσθ’
2645 1173 2727 1227 ὅτι
2755 1173 2852 1226 καὶ
2879 1173 2978 1234 τάς
2999 1169 3201 1241 χορδάς
3231 1169 3282 1222 οἱ
3329 1165 3581 1238 μουσικοὶ
3611 1166 3735 1218 δια-

457 1260 583 1308 ’ῑεηι
616 1257 943 1323 concedere,
970 1268 1028 1314 et
1070 1261 1164 1314 luas
1202 1263 1529 1331 paxillorum
1567 1263 1927 1318 conversione
1962 1281 2040 1320 re-

2155 1269 2351 1323 παύειν
2395 1267 2638 1334 εἰώθασι,
2690 1265 2782 1318 καὶ
2817 1262 3025 1334 χαλῶσι
3053 1260 3275 1325 ταύτας,
3309 1259 3437 1322 τοὺς
3462 1257 3735 1320 σκόλοπας

472 1346 714 1401 mittere.
743 1347 896 1414 Quod
924 1349 970 1403 si
991 1351 1156 1404 etiam
1179 1366 1243 1406 ea
1273 1369 1393 1422 quae
1424 1355 1635 1409 ratione
1666 1364 1722 1410 et
1752 1357 1932 1410 anima
1960 1372 2053 1410 ca-

2155 1361 2634 1433 περιστρέφοντες.
2667 1358 2729 1409 El
2779 1356 2836 1410 δὲ
2901 1354 2994 1408 καὶ
3045 1353 3117 1405 τὰ
3174 1351 3334 1419 λόγου
3397 1349 3491 1402 καὶ
3551 1346 3737 1417 ψυχῆς

470 1445 615 1499 rent,
653 1437 894 1505 quietem
939 1440 1174 1510 aliquam
1207 1441 1542 1507 desiderant,
1572 1444 1872 1499 absurdum
1915 1447 2053 1500 nihil

2156 1453 2390 1522 πάμπαν
2425 1449 2737 1521 στερημένα
2784 1445 2955 1500 δεῖταί
3008 1460 3154 1507 τινος
3207 1441 3546 1509 ἀναπαύλης,
3580 1439 3739 1492 οὐδὲν

471 1524 766 1582 fecerimus
798 1545 918 1594 uos,
948 1532 1040 1600 qui
1077 1532 1271 1587 animae
1301 1544 1356 1588 et
1387 1535 1619 1590 rationis
1640 1536 1937 1606 participes
1965 1554 2054 1592 su-

2158 1547 2266 1618 ἀρα
2299 1545 2570 1616 δράσομεν
2601 1541 2830 1602 ἀπεικὸς
2861 1541 2908 1592 oi
2936 1538 3110 1608 ψυχῆς
3154 1535 3248 1588 καὶ
3293 1533 3453 1601 λόγου
3485 1530 3741 1618 μετειλη-

471 1631 618 1681 mus,
652 1618 696 1672 si
728 1619 970 1674 laborem
997 1622 1206 1677 viribus
1235 1624 1546 1679 metiamur.
1571 1626 1901 1683 Diil‘eramus
1925 1644 2054 1699 ergo

2159 1616 2334 1706 χδτες,
2372 1631 2698 1704 μετροῦντες
2733 1631 2800 1700 τῇ
2831 1629 3060 1698 δυνάμει
3087 1625 3178 1678 τὸν
3201 1623 3386 1676 πόνον.
3429 1616 3742 1673 ’Δναϐαλώ-

475 1707 530 1760 in
562 1709 882 1764 crastinum.

2087 1707 2129 1733 υ
2162 1726 2300 1798 μεθα
2328 1724 2508 1777 τοίνυν
2537 1725 2617 1786 είς
2641 1720 2849 1792 αὔριον.

537 1795 753 1852 ‘ORTll.
797 1800 1061 1856 l-lortatur
1105 1803 1330 1873 quidem
1376 1804 1600 1859 divinus
1646 1807 1817 1861 David
1866 1809 1957 1863 die
1993 1825 2058 1864 ac

2163 1795 2173 1798 ν
2231 1815 2383 1868 ΟΡΘ.
2439 1813 2497 1868 ὐ
2526 1812 2624 1882 μὲν
2654 1811 2797 1873 θεῖος
2825 1807 2991 1861 Δαϐὶδ
3018 1805 3232 1875 νύκτωρ
3256 1802 3347 1856 καὶ
3378 1797 3498 1870 μεθ’
3521 1795 3744 1866 ἡμέραν

471 1897 635 1943 nocte
688 1889 874 1946 divina
921 1893 1141 1963 eloquia
1193 1897 1446 1951 meditari
1489 1915 1501 1950 :
1541 1897 1635 1951 ﬁat
1678 1907 1861 1954 tamen
1907 1901 2054 1970 quod

2157 1906 2268 1959 τῶν
2309 1905 2468 1958 θείων
2496 1901 2764 1956 ποιεῖσθαι
2792 1899 2989 1968 λογίων
3012 1898 3112 1969 τὴν
3149 1893 3378 1966 μελέτην
3423 1885 3737 1959 παρεγγυᾷ·

471 1978 692 2046 dixisti,
741 1990 798 2036 et
841 1983 898 2038 in
941 1985 1243 2041 crastinum
1292 1988 1563 2064 reliquam
1612 1988 2054 2060 disquisitionem

2164 1993 2400 2064 γενέσθω
2433 1992 2488 2045 δὲ
2519 1992 2668 2061 ὅμως
2692 1991 2828 2060 ὅπερ
2867 1990 3115 2058 εἴρηκας,
3151 1985 3245 2037 καὶ
3284 1979 3612 2052 φυλάξωμεν
3656 1977 3747 2039 είς

474 2084 843 2129 reservemus.

2158 2082 2258 2152 τὴν
2288 2079 2577 2151 ὑστεραίαν
2605 2078 2698 2131 τοῦ
2733 2075 3055 2148 λειπομένου
3093 2075 3191 2148 τὴν
3222 2072 3463 2142 ἔρευναν.

487 2285 3720 2314 mw

1643 2452 2571 2593 ΑΠΑΘΗΣ.

1791 2691 2340 2781 ΔΙΑΛΟΓΟΣ
2387 2697 2498 2782 Γ.

1456 2872 1953 2928 υΡΘυΔΟΞΟΣ
2009 2875 2158 2928 ΚΑΙ
2217 2876 2766 2932 ΕΡΑΝΙΣΤΠΣ.

1501 3212 2715 3346 IMPATIBILIS.

1697 3465 2296 3561 DlALOGUS
2371 3473 2516 3560 III

1439 3664 2046 3728 ORTHODOXUS
2087 3665 2194 3726 ET
2235 3665 2802 3727 ERANISTES.

1035 3978 1521 4058 onrnonoxus.
1547 4043 1551 4046 ,
2099 3994 2141 4052 c
2755 3982 3166 4042 oremus-.02.

567 4088 726 4160 175
772 4090 928 4158 Quod
979 4091 1338 4150 immutabilis
1379 4097 1449 4150 sit
1495 4097 1641 4151 Deus
1698 4097 1958 4161 Verbum,
2016 4109 2074 4154 et

2247 4097 2371 4149 Ὀτι
2412 4095 2512 4167 μὲν
2548 4093 2817 4166 ἄτρεπτος
2851 4095 2882 4147 ὁ
2920 4093 3050 4156 Θεὸς
3081 4094 3252 4162 Λόγος
3276 4134 3291 4157 ,
3333 4093 3427 4146 καὶ
3481 4092 3765 4165 ἑνηνθρὼ-

493 4179 662 4236 homo
727 4181 905 4237 factus
968 4183 1060 4247 sit,
1136 4201 1244 4240 non
1321 4186 1377 4240 in
1446 4204 1670 4242 carnem
1748 4205 2072 4256 conversus,

2181 4204 2352 4257 πησεν
2395 4187 2496 4239 οὐκ
2545 4188 2624 4250 είς
2677 4186 2857 4257 σάρκα
2906 4181 3181 4257 τραπεὶς,
3234 4185 3351 4239 ἀλλ’
3408 4185 3764 4257 ἀνθρωπείαν

497 4273 595 4328 sed
656 4277 896 4330 humana
944 4277 1184 4347 perfecta
1223 4288 1506 4350 assumpta
1544 4290 1764 4338 natura.
1828 4282 1881 4336 in
1924 4283 2075 4352 prio-

2180 4279 2342 4349 φύσιν
2375 4277 2585 4332 τελείαν
2626 4277 2830 4344 λαϐὼν,
2869 4279 2926 4331 ὲν
2953 4280 3066 4342 τοῖς
3107 4277 3343 4349 πρόσθεν
3366 4277 3763 4349 ὲξητασμένοις

499 4365 654 4421 ribus
690 4366 1160 4438 disputationibus
1191 4372 1709 4428 demonstravimus.
1751 4373 1906 4439 Quod
1947 4391 2078 4430 vero

2183 4371 2541 4443 ἀπεδείξαμεν
2587 4372 2786 4440 λόγοις.
2836 4372 2962 4426 Ὀτι
3011 4371 3068 4426 δὲ
3112 4372 3206 4426 καὶ
3257 4371 3396 4441 μετά
3423 4370 3524 4442 τὴν
3564 4370 3766 4424 ἕνωσιν

497 4460 666 4514 etiam
733 4471 857 4530 post
923 4463 1181 4517 unionem
1239 4467 1501 4521 n‘anserit
1537 4467 1718 4536 qualis
1772 4479 1912 4534 erat,
1968 4485 2079 4522 non

2185 4465 2495 4536 μεμένηκεν
2522 4458 2634 4528 οἷος
2655 4460 2745 4535 ἦν,
2777 4464 3074 4535 ἀκήρατος.
3111 4464 3351 4535 ἀπαθὴς,
3378 4463 3763 4531 ἀναλλοίωτος,

502 4552 717 4618 mistus,
754 4555 1094 4623 impatibilis,
1131 4557 1508 4623 immutabilis,
1548 4559 2079 4632 incircumscriptus,

2182 4557 2594 4628 ἀπερίγραφος,
2639 4557 2735 4611 καὶ
2773 4556 2847 4620 ὡς
2887 4558 2954 4627 ἣν
3001 4555 3230 4610 ἀνέλαϐε
3275 4555 3435 4624 φύσιν
3479 4557 3765 4627 ἀκραιφνῆ

501 4653 557 4700 et
589 4646 735 4716 quod
771 4655 1021 4701 naturam
1055 4657 1389 4720 assumptam
1426 4652 1691 4722 integram
1718 4656 2080 4722 conservarit,

2182 4649 2505 4721 διετήρησε,
2532 4648 2720 4719 σαφῶς
2752 4650 2898 4721 ἡμᾶς
2935 4650 2967 4719 ἡ
3017 4648 3134 4702 θεία
3168 4649 3358 4721 Γραφὴ
3387 4687 3404 4711 ,
3445 4647 3542 4702 καὶ
3576 4649 3765 4718 μέντοι

503 4741 795 4809 perspicue
843 4757 944 4795 nos
995 4741 1179 4796 divina
1235 4743 1552 4814 Scriptura,
1603 4753 1659 4800 et
1713 4745 2081 4801 Ecclesiarum

2185 4744 2278 4797 καὶ
2307 4744 2416 4796 τῶν
2455 4742 2794 4814 Ἐκκλησιῶν
2832 4743 2881 4795 οἱ
2915 4742 3272 4805 διδάσκαλοι,
3322 4741 3415 4796 καὶ
3454 4743 3554 4811 τῆς
3583 4743 3768 4794 οίκου-

505 4831 782 4898 doctores,
849 4843 904 4888 et
955 4834 1108 4889 orbis
1162 4846 1432 4891 terrarum
1490 4838 1698 4893 lumina
1751 4839 2080 4895 docuerunt.

2189 4835 2358 4906 μένης
2391 4837 2439 4889 οἱ
2475 4836 2761 4906 φωστῆρες
2791 4833 3056 4901 ἐδίδαξαν.
3095 4832 3298 4888 Λοιπὸν
3332 4832 3508 4887 τοίνυν
3551 4835 3690 4903 ἡμῖν
3737 4833 3767 4885 ὁ

508 4921 701 4975 Restat
734 4938 865 4993 ergo
897 4923 1058 4977 nobis
1107 4933 1166 4977 ut
1196 4925 1264 4979 de
1298 4925 1553 4994 passione
1578 4927 1744 4980 verba
1782 4917 2081 4982 faciamus:

2187 4929 2315 5000 περὶ
2344 4929 2439 4982 τοῦ
2467 4928 2674 4991 πάθους
2699 4929 2986 4999 πρόκειται
3013 4926 3191 4995 λόγος,
3210 4925 3284 4988 ὡς
3310 4925 3543 4996 μάλιστα
3563 4927 3770 4997 προύρ-

509 5012 658 5081 quod
693 5013 852 5085 longe
886 5014 1239 5070 utilissimum
1275 5017 1402 5080 erit,
1427 5015 1555 5084 quia
1589 5015 1717 5071 inde
1752 5017 1913 5072 nobis
1938 5017 2086 5072 salu-

2188 5021 2462 5087 γιαίτατος
2493 5017 2587 5072 ὢν.
2625 5019 2796 5083 Αὐτὸς
2824 5017 2935 5090 γάρ
2962 5019 3097 5090 ἡμῖν
3133 5017 3202 5071 τά
3230 5017 3472 5088 σωτήρια
3499 5018 3771 5088 προσενή-

514 5104 650 5159 taria
684 5104 884 5160 fluenta
917 5107 1162 5162 exhibita
1197 5113 1344 5162 sunt.

994 5107 1162 5161 hibita
1197 5113 1344 5162 sunt.
2189 5126 2312 5178 νοχε
2341 5110 2577 5178 νάματα.

583 5196 984 5253 ERANISTES.
1021 5199 1136 5270 Ego
1169 5214 1388 5268 quoque
1434 5199 1726 5270 perutilem
1779 5199 1926 5255 hunc
1976 5214 2089 5255 ser-

2262 5199 2670 5257 ΕΡΑΝΙΣΤΗΣ.
2731 5198 3082 5270 Ὀνησιφόρον
3145 5196 3243 5268 μὲν
3283 5194 3440 5264 κάγὼ
3476 5194 3628 5248 τόνδε
3681 5196 3774 5249 τὸν

514 5303 731 5343 nionem
771 5290 887 5346 fore
915 5292 1121 5361 judico.
1155 5293 1424 5348 Czeterum
1456 5292 1708 5347 ordinem
1753 5307 1864 5362 quo
1900 5291 2089 5346 hacte-

2193 5292 2349 5361 λόγον
2393 5291 2688 5362 ὑπείληφα.
2721 5290 2836 5360 Τῆς
2872 5290 3056 5360 μέντοι
3081 5287 3355 5375 προτέρας
3380 5288 3482 5342 οὐκ
3505 5286 3776 5354 ἀνέξομαι

516 5392 624 5431 nus
666 5379 749 5430 usi
783 5396 972 5436 sumus
1004 5399 1113 5437 non
1149 5400 1368 5454 sequar,
1405 5383 1500 5440 sed
1546 5383 1662 5454 ipse
1712 5382 2082 5454 interrogabo.

1954 5383 2082 5442 :abu.
2124 5378 2153 5384 ⁷
2193 5383 2420 5448 τάξεως,
2455 5381 2592 5434 ἀλλά
2621 5378 2732 5448 ἐγὼ
2763 5381 2860 5444 τὰς
2891 5379 3189 5452 ἐρωτήσεις
3219 5378 3537 5448 ποιήσομαι.

587 5468 797 5538 ΟΒἸἸΙ.
833 5472 944 5542 Ego
989 5490 1120 5529 vero
1163 5475 1528 5544 reSpondebo,
1563 5491 1667 5530 nec
1712 5474 1924 5531 ordinis
1967 5491 2086 5529 mu-

2267 5476 2419 5529 ΟΡΘ.
2469 5475 2608 5544 Ἐγὼ
2639 5475 2695 5528 δὲ
2736 5471 3177 5544 ἀποκρινοῦμαι,
3214 5471 3308 5524 καὶ
3346 5469 3444 5522 οὐκ
3473 5468 3767 5541 ὀῤῥωδήσιι

521 5563 783 5618 tationem
821 5579 963 5634 :egre
997 5565 1188 5621 feram.
1227 5568 1360 5622 Nam
1396 5569 1490 5639 qui
1525 5569 1810 5624 veritatem
1853 5569 2090 5640 patroci-

2199 5571 2293 5638 τῆς
2340 5568 2546 5634 τάξεως
2589 5567 2687 5639 τὴν
2728 5567 3053 5636 ἐναλλαγήν.
3104 5565 3162 5618 Ὀ
3200 5563 3310 5635 γὰρ
3354 5563 3453 5631 τῆς
3513 5559 3781 5631 ἀληθείας

520 5655 612 5713 nio
635 5671 736 5712 suo
760 5653 1023 5718 defendit,
1063 5672 1170 5710 non
1200 5658 1540 5729 interrogans
1577 5661 1774 5720 solum.
1800 5661 1893 5715 sed
1928 5661 2091 5714 etiam

2202 5658 2516 5728 συνήγορος,
2542 5656 2639 5710 οὐκ
2668 5655 2883 5726 ἐρωτῶν
2906 5654 3089 5726 μόνον,
3113 5651 3247 5707 ἁ).λά
3275 5650 3366 5706 καὶ
3397 5647 3782 5721 ἐρωτώμενος,
