4010 6212
343 266 452 330 221

1389 270 1768 335 DIALOGUS
1806 276 1921 336 III.
1949 302 2021 311 —
2058 278 2548 341 IMPATIBILIS.

3507 279 3612 343 222

339 386 459 456 ἔχει
494 384 592 454 τῆς
624 383 886 456 ἀληθείας
912 385 976 439 τδ
1004 384 1225 459 κράτος.
1259 385 1425 458 Ἕρου
1452 387 1631 440 τοίνυν
1661 387 1736 454 ὡς
1764 388 1886 443 ὲὸου

2032 392 2415 464 interrogatus,
2464 393 2714 450 veritatis
2768 395 2996 450 victoria
3053 397 3282 465 potitur.
3330 398 3611 470 Interroga

335 476 541 532 λήθης.Δ

413 478 439 527 θ
517 486 541 528 ,λ

376 478 617 622 ﬁngam
658 569 792 622 Τίνα
821 569 882 623 τδ
905 568 1076 632 πάθος
1095 570 1578 643 ὑπομεμενηκέναι
1605 572 1787 643 λέγεις
1815 592 1830 642 ³

405 745 559 798 ΟΡΘ.
607 744 714 798 Τὸν
752 743 957 812 Κύριον
981 744 1142 814 ἡμῶν
1184 745 1392 814 Ἰησοῦν
1421 748 1676 817 Χριστόν.

405 835 618 890 EPAN.
654 835 978 906 ’Ἄνθρωπος
1013 832 1108 888 οὖν
1157 837 1289 907 ἡμῖν
1335 839 1578 909 παρέσχε
1607 841 1708 911 τὴν
1740 859 1918 917 σωτη-

331 925 458 998 ρίαν
481 943 495 955 ⁸

397 1015 557 1071 ΟΡΘ.
589 1015 912 1086 ’Ἄνθρωπον
939 1015 1046 1086 γὰρ
1069 1011 1207 1069 εἶναι
1237 1017 1329 1070 τὸν
1356 1017 1562 1089 Κύριον
1602 1021 1634 1090 ἡ
1645 1021 1761 1091 μῶν
1804 1022 1913 1093 ’1η-

325 1106 463 1161 σοῦν
496 1107 732 1177 Χριστὸν
767 1108 1300 1178 συνωμολογήσαμεν
1333 1109 1529 1178 μόνον;

400 1199 606 1251 ΕΡΑΝ.
632 1197 747 1251 Νῦν
773 1199 958 1270 ὃρισαι
983 1199 1036 1252 τί
1057 1200 1148 1252 τὸν
1178 1200 1412 1270 Χριστὸν
1439 1197 1578 1254 εἶναι
1610 1206 1897 1269 πιστεύεις.

398 1285 552 1340 ΟΡΘ.
595 1286 726 1340 Υίδν
780 1287 876 1340 τοῦ
945 1288 1083 1342 Θεοῦ
1135 1288 1231 1343 τοῦ
1285 1289 1490 1356 ζῶντος
1548 1294 1905 1368 ὲνανθρωπή-

320 1393 520 1431 σαντα.

395 1470 600 1524 ΕΡᾹΝ.
656 1472 714 1525 '0
745 1471 803 1525 δὲ
834 1471 928 1525 τοῦ
963 1472 1098 1526 Θεοῦ
1122 1471 1238 1537 υἱὸς
1273 1474 1440 1542 Θεόςς

393 1562 543 1616 ΟΡΘ.
579 1562 714 1628 Θεὸς
756 1564 858 1635 τὴν
890 1564 1060 1636 αὐτὴν
1118 1566 1310 1620 οὐσίαν
1340 1567 1482 1638 ἔχων
1525 1569 1607 1640 τῷ
1639 1587 1898 1644 γεγεννη-

315 1653 438 1706 κότι
470 1653 614 1724 Θεῷ.
1071 1683 1076 1691 ·

389 1747 597 1800 ΕΡΔΝ.
633 1746 768 1812 Θεὸς
801 1743 899 1814 οὖν
931 1747 994 1802 τὸ
1022 1749 1194 1814 πάθος
1223 1750 1539 1822 ὑπέμεινεν.

386 1838 547 1891 ΟΡΘ.
597 1839 656 1891 εξ
704 1839 1001 1910 ἀσώματος
1045 1841 1126 1911 τῷ
1160 1842 1380 1914 σταυρῷ
1410 1843 1738 1916 προσηλώθη
1767 1885 1782 1908 ,
1827 1847 1894 1916 τῇ

305 1927 546 2000 Beda-{rt
567 1930 626 1983 τὸ
656 1931 828 1995 πάθος
853 1931 1126 2004 ἅρμοσον*
1156 1934 1204 1985 εί
1230 1933 1286 1985 δὲ
1317 1934 1499 2004 σάρκα
1533 1935 1714 1988 λαϐὼν
1743 1937 1898 2006 ἐνην-

307 2015 617 2086 θρώπησε,
659 2020 711 2073 τί
743 2021 948 2090 δήποτε
989 2022 1052 2074 τδ
1093 2022 1193 2092 μὲν
1223 2023 1467 2094 παθητὸν
1515 2025 1611 2096 ἐᾷς
1648 2024 1893 2089 ἀπαθὲς,

301 2107 376 2160 τὸ
402 2107 460 2160 δὲ
488 2110 695 2175 ἀπαθὲς
725 2113 1050 2178 ὑποϐάλλεις
1071 2116 1148 2186 τῷ
1178 2117 1372 2181 πάθει;

387 2199 590 2253 ΕΡΑΝ.
632 2202 793 2257 Ἀλλά
841 2205 1022 2276 σάρκα
1059 2205 1251 2258 τούτου
1297 2206 1458 2277 χάριν
1502 2204 1891 2276 προσείληφεν,

301 2290 402 2343 ἵνα
432 2292 520 2346 διὰ
545 2292 639 2347 τοῦ
673 2295 916 2367 παθητοῦ
954 2297 1016 2350 τὸ
1043 2298 1252 2362 ἀπαθὲς
1287 2298 1553 2369 ὑπομείνῃ
1580 2298 1642 2351 τὸ
1664 2297 1856 2358 πάθος.

383 2382 539 2438 οΡΘ.
595 2385 811 2457 Ἄπαθῆ
864 2387 1085 2453 καλεῖς,
1121 2389 1219 2442 καὶ
1261 2389 1431 2453 πάθος
1462 2389 1614 2459 αὑτῷ
1645 2405 1895 2460 προσαρ-

300 2473 552 2543 μὸττεις.

380 2567 588 2624 ΕΡΑΝ.
619 2566 788 2625 Εἶπον
822 2571 904 2627 ὅτι
930 2573 1111 2646 σάρκα
1141 2573 1333 2628 ἐλαϐεν
1357 2573 1447 2627 ἵνα
1479 2572 1651 2647 πάθῃ.

379 2747 534 2804 οΡθ.
566 2748 630 2804 Ei
656 2750 818 2820 φύσιν
855 2751 1112 2826 δεκτικὴν
1141 2751 1252 2826 εἶχε
1272 2753 1366 2808 τοῦ
1390 2753 1618 2819 πάθους,
1649 2755 1744 2810 καὶ
1769 2755 1898 2827 δίχα

296 2841 515 2912 σαρκὸς
539 2841 742 2897 ἔπαθεν
770 2843 836 2898 ἄν
855 2862 870 2877 ·
901 2845 1133 2918 περιττὴ
1163 2845 1343 2900 τοίνυν
1371 2849 1404 2918 ή
1437 2847 1595 2919 σάρξ.

374 3018 581 3073 ΕΡᾹΝ.
624 3019 693 3074 Ἦ
725 3019 845 3073 θεία
884 3020 1044 3089 φύσις
1089 3022 1390 3088 ἀθάνατος,
1427 3025 1594 3097 θνητὴ
1626 3026 1684 3080 δὲ
1726 3027 1891 3098 ἠτῆς

294 3111 534 3179 σαρκός.
589 3109 805 3183 Ἦνώθη
835 3082 1106 3184 τοίνυντῇ
1153 3082 1398 3187 θνητῇ-ί]
1439 3082 1708 3181 ἀθάνατος
1731 3082 1759 3186 ,⁸
1799 3082 1886 3172 ι’νέ
1915 3082 1958 3141 c

289 3198 571 3269 γεύσηται
606 3200 676 3254 δι’
705 3202 920 3273 ἐκείνης
943 3202 1196 3258 θανάτου.

372 3290 531 3344 οΡΘ.
585 3292 662 3345 Τὸ
703 3291 864 3362 φύσει
917 3294 1186 3348 ἀθάνατον
1239 3295 1362 3349 οὐδὲ
1413 3295 1492 3368 τῷ
1527 3296 1706 3368 θνητῷ
1755 3315 1884 3351 συν-

292 3383 612 3452 απτόμενον
639 3385 901 3457 ὑπομένει
934 3385 1164 3440 θάνατον
1183 3402 1197 3416 ·
1229 3387 1320 3439 καὶ
1361 3386 1520 3440 τοῦτο
1562 3389 1744 3459 ῥᾴδιον
1768 3389 1886 3442 δια-

293 3489 535 3540 τνωναι.

371 3565 578 3619 ΕΡΔΝ.
628 3565 936 3633 Ἀπόδειξον
982 3565 1170 3628 τοῦτο,
1209 3568 1306 3621 καὶ
1356 3566 1522 3620 λύσον
1561 3566 1663 3638 τὴν
1707 3567 1882 3637 ἀμφι-

295 3657 594 3728 σόἠτησιν.

370 3750 528 3805 ΟΡΘ,
556 3749 668 3820 Τὴν
689 3750 1037 3823 ἀνθρωπείαν
1067 3747 1247 3823 ψυχὴν
1273 3751 1545 3806 ἀθάνατον
1581 3747 1720 3807 εἶναι
1751 3752 1880 3824 φὴς,

291 3845 329 3915 ἢ
365 3844 608 3916 θνητήν;

366 3937 576 3990 ΕῬΑΝ.
629 3935 942 3991 Ἀθάνατον.

366 4026 528 4081 ΟΡΘ.
553 4028 628 4081 Τδ
658 4028 716 4081 δὲ
746 4027 906 4099 σῶμα
936 4027 1151 4098 θνητὸν,
1177 4028 1209 4100 ἦ
1243 4028 1514 4083 ἀθάνατον
1541 4048 1556 4098 ;

366 4117 573 4172 EPAN.
610 4119 865 4188 Δηλονότι
895 4118 1112 4189 θνητόν.

364 4205 523 4259 υΡΘ.
567 4205 665 4259 Ἐκ
695 4207 752 4259 δὲ
776 4206 982 4262 τούτων
1011 4207 1121 4261 τῶν
1152 4207 1370 4280 φύσεών
1404 4226 1588 4282 φαμεν
1614 4215 1877 4270 συνεστά-

294 4312 385 4350 ναι
413 4297 508 4349 τὸν
539 4296 824 4368 ἄνθρωπον
856 4315 872 4364 ;

368 4389 575 4442 EPAN.
609 4389 766 4442 Οὕτω
787 4389 988 4458 φαμέν.

354 4481 510 4534 0P8.
538 4483 793 4552 Συνήφθη
825 4484 1004 4538 τοίνυν
1023 4483 1086 4539 τὸ
1107 4483 1377 4542 ἀθάνατον
1401 4486 1479 4560 τῷ
1505 4489 1703 4563 θνητῷ.

365 4574 570 4628 EPAN.
605 4575 851 4644 Ἀληθές.
1515 4570 1519 4575 ’

363 4666 518 4720 οΡΘ.
562 4666 722 4720 Ἀλλὰ
760 4669 858 4739 τῆς
884 4670 1180 4738 συναφείας
1205 4670 1374 4742 ἧγουν
1402 4674 1649 4740 ὲνὼσεως
1676 4675 1869 4748 λυομέ-

296 4771 414 4824 νης,
462 4756 527 4810 τὸ
559 4759 657 4828 μὲν
683 4758 875 4830 θνητὸν
907 4761 1124 4832 δέχεται
1167 4781 1263 4816 του
1314 4764 1546 4820 θανάτου
1577 4769 1670 4821 τὸν
1714 4769 1874 4841 ὅρον,

303 4849 451 4914 μένει
491 4849 548 4904 δὲ
592 4850 863 4917 ἀθάνατος
901 4857 934 4925 ὴ
986 4856 1169 4927 ψυχὴ,
1219 4857 1400 4912 καίτοι
1444 4861 1544 4930 τῆς
1597 4861 1874 4932 ἁμαρτίας

299 4941 698 5012 ὲπενεγκούσης
734 4944 826 4997 τὸν
873 4945 1125 5001 θάνατον.
1163 4950 1233 5001 Ἢ
1291 4950 1384 5020 οὐχ
1445 4953 1551 5023 ἡγῇ
1600 4954 1884 5026 τιμωρίαν¹

301 5026 438 5083 sicut
467 5031 555 5085 τὸν
587 5033 818 5088 θάνατον
837 5053 853 5103 ;

373 5123 567 5179 ΕΡΑΝ.
606 5126 671 5181 Ἠ
693 5125 814 5182 θεία
841 5128 1000 5183 τοῦτο
1018 5130 1260 5186 διδάσκει
1286 5134 1495 5204 Γραφή.
1528 5136 1666 5206 Παρ⁹
1695 5136 1870 5207 αὐτῆς

304 5213 410 5283 γάρ
442 5218 804 5290 μανθάνομεν,
835 5221 912 5286 ὡς
942 5222 1334 5294 ἀπαγορεύσας
1357 5225 1436 5296 τῷ
1490 5227 1662 5298 Ἀδὰμ
1687 5230 1716 5282 ὁ
1738 5229 1871 5294 Θεὸς

307 5303 399 5391 ταῦ
430 5309 590 5374 φυτοῦ
616 5313 717 5383 τῆς
755 5314 1010 5382 γνώσεως
1051 5315 1150 5387 τὴν
1183 5316 1508 5389 μετάληψιν,
1547 5319 1829 5391 ἐπήγαγεν
1850 5338 1867 5354 ο

316 5413 333 5442 ι
353 5388 425 5466 ᾝ
453 5399 494 5450 δ’
518 5402 584 5456 ἂν
613 5406 798 5478 ἡμέρᾳ
837 5408 1046 5479 φάγητε
1075 5407 1172 5463 ἀπ’
1193 5388 1386 5478 αὐτοῦ,
1423 5388 1873 5485 θανάτῳ-ἀποθα-

310 5488 496 5544 νεῖσθε.
527 5511 546 5544 ι

388 5659 423 5693 ⁸¹
450 5664 579 5722 Gen.
618 5686 687 5735 ιι,
736 5671 816 5725 l7.

2024 486 2192 556 igitur
2229 498 2288 541 ut
2319 489 2560 542 voluisti.

2097 578 2257 647 176
2301 578 2508 634 ERAN.
2552 577 2855 646 Quemnam
2898 582 3038 639 dicis
3084 582 3395 654 passionem
3437 582 3606 637 susti-

2019 667 2247 720 nuisse?

2089 757 2299 813 ORTH.
2337 761 2628 816 Dominum
2668 774 2916 819 nostrum
2950 765 3136 820 Jesum
3171 764 3476 819 Christum.

2087 850 2292 905 ERAN.
2331 852 2504 909 Homo
2538 855 2706 925 igitur
2731 857 2893 912 nobis
2927 858 3113 912 attulit
3147 857 3424 912 salutem?

2134 1025 2343 1081 ORTH.
2382 1029 2744 1085 Hominemne
2793 1032 2966 1085 solum
3005 1047 3127 1086 esse
3165 1033 3459 1086 Dominum
3498 1047 3597 1085 no-

2011 1126 2186 1172 strum
2219 1120 2403 1174 Jesum
2437 1121 2717 1176 Christum
2755 1123 2990 1178 confessi
3023 1125 3250 1178 sumus?

2084 1211 2289 1265 ERAN.
2328 1213 2485 1267 Nunc
2544 1213 2678 1268 doce
2715 1215 2844 1284 quid
2890 1214 3172 1270 Christum
3207 1231 3329 1270 esse
3379 1215 3593 1271 credas.

2079 1301 2290 1359 ORTll.
2328 1303 2526 1357 Filium
2561 1306 2655 1360 Dei
2690 1307 2798 1360 vivi
2834 1306 3116 1362 hominem
3151 1307 3381 1362 factum.

2075 1488 2283 1543 ERAN.
2320 1490 2414 1544 Dei
2450 1501 2633 1545 autem
2669 1492 2840 1547 Filius
2865 1509 2934 1546 an
2967 1493 3148 1548 Deus?

2073 1582 2282 1636 ORTH.
2322 1584 2467 1639 Deus
2510 1585 2760 1640 eamdem
2809 1586 3019 1641 habens
3061 1587 3422 1642 substantiam
3463 1604 3589 1644 cum

2001 1675 2114 1728 Deo
2139 1676 2230 1744 qui
2258 1677 2467 1745 genuit.

2075 1769 2281 1823 ERAN.
2318 1771 2464 1824 Deus
2498 1770 2665 1840 igitur
2697 1785 3007 1839 passxonem
3042 1769 3328 1824 sustinuit.

2073 1860 2282 1914 ORTH.
2321 1860 2374 1915 Si
2421 1861 2540 1916 sine
2572 1877 2803 1930 corpore
2843 1863 2994 1916 cruci
3029 1861 3222 1916 aﬂixus
3255 1872 3358 1927 est,
3390 1863 3590 1917 divini-

2006 1953 2100 2006 tati
2136 1952 2446 2021 passionem
2477 1952 2678 2006 tribue.
2713 1953 2850 2007 Cum
2893 1962 3075 2007 autem
3112 1969 3275 2009 carne
3311 1964 3587 2025 assumpta

2003 2043 2169 2097 homo
2215 2043 2391 2097 factus
2422 2043 2514 2107 sit,
2549 2059 2648 2097 cur
2685 2043 2739 2096 id
2775 2043 2921 2112 quod
2955 2044 3181 2112 patibile
3213 2055 3296 2100 est
3334 2046 3442 2115 pati
3478 2063 3588 2100 non

2001 2131 2158 2192 sinis,
2194 2142 2249 2184 et
2278 2131 2580 2200 impatibile
2614 2132 2841 2202 subjicis
2871 2131 3151 2201 passioni?

2071 2221 2277 2275 ERAN.
2317 2220 2422 2276 Sed
2459 2221 2583 2274 ideo
2619 2236 2841 2275 carnem
2877 2221 3194 2290 assumpsit,
3223 2230 3283 2276 ut
3314 2237 3413 2291 per
3444 2220 3587 2290 pati-

2000 2313 2111 2367 bile
2148 2312 2200 2366 id
2236 2312 2382 2381 quod
2418 2321 2538 2366 erat
2574 2312 2877 2381 impatibile
2913 2312 3227 2381 passionem
3264 2313 3582 2367 sustineret.

2069 2405 2282 2461 OR'l‘H.
2333 2403 2699 2474 Impatibilem
2738 2419 2922 2469 vocas,
2958 2411 3016 2459 et
3056 2404 3366 2474 passionem
3414 2403 3586 2459 ascri-

2000 2497 2104 2552 bis.

2068 2587 2276 2643 ERAN.
2309 2585 2432 2642 Dixi
2464 2584 2612 2657 quod
2645 2600 2868 2640 carnem
2903 2585 3289 2656 assumpserit,
3325 2595 3386 2640 ut
3429 2594 3586 2656 pate-

2001 2689 2177 2736 τθῑυΓ.

2067 2772 2276 2828 ORTH.
2313 2771 2370 2828 Si
2423 2779 2677 2826 naturam
2731 2769 2925 2824 habuit
2979 2784 3234 2840 capacem
3293 2769 3582 2839 passionis,

1997 2865 2162 2920 etiam
2198 2863 2317 2920 sine
2352 2879 2518 2921 carne
2549 2862 2662 2935 pati
2696 2870 2930 2934 poterat.
2965 2861 3384 2932 Supervacanca
3417 2860 3585 2932 igitur

1998 2965 2085 3012 εει
2118 2971 2268 3011 caro.

2067 3047 2276 3102 ERAN.
2331 3047 2523 3101 Divina
2575 3054 2774 3101 natura
2830 3045 3156 3100 immortalis
3216 3050 3338 3108 est;
3397 3044 3583 3099 carnis

1991 3154 2146 3204 vero,
2181 3139 2450 3194 mortalis.
2488 3139 2651 3195 Unita
2685 3147 2771 3193 est
2803 3137 2988 3208 itaque
3036 3135 3258 3192 mortali
3294 3137 3579 3191 immorta-

1993 3230 2082 3295 lis,
2117 3239 2180 3285 ut
2214 3245 2311 3301 per
2342 3230 2488 3284 illam
2521 3237 2765 3301 gustaret
2799 3239 3054 3285 mortem.

2062 3320 2273 3378 ORTll.
2307 3320 2464 3388 Quod
2499 3329 2697 3375 natura
2729 3320 3036 3376 immortale
3082 3329 3187 3384 est,
3223 3320 3275 3374 id
3312 3335 3490 3390 neque
3533 3319 3578 3373 si

1964 3402 2208 3467 'mortali
2253 3414 2639 3484 conjungatur,
2683 3421 2918 3467 mortem
2955 3412 3138 3467 subit:
3182 3419 3240 3467 et
3276 3412 3381 3467 hoc
3423 3410 3580 3466 facile

1989 3511 2074 3559 est
2109 3520 2463 3575 cognoscere.

2065 3598 2224 3666 1'77
2257 3596 2466 3651 ERAN.
2504 3597 2620 3650 Hoc
2652 3595 2993 3660 demonstra,
3023 3602 3080 3650 et
3108 3595 3322 3664 explica
3349 3593 3404 3648 id
3427 3593 3577 3663 quod

1991 3687 2324 3744 dubitationi
2355 3701 2545 3740 ansam
2573 3686 2804 3756 praebet.

2059 3773 2271 3834 ORTH.
2301 3777 2609 3832 llumanam
2631 3776 2870 3832 animam
2889 3775 3257 3832 immortalem
3273 3791 3395 3833 esse
3412 3776 3580 3846 dicis,

1988 3887 2059 3927 an
2082 3870 2407 3926 mortalem?

2063 3961 2265 4016 ERAN.
2299 3959 2692 4016 Immortalem.

2056 4051 2267 4108 ORTll.
2302 4052 2515 4123 Corpus
2543 4062 2750 4118 autem,
2787 4053 3045 4120 mortale,
3069 4069 3141 4109 an
3162 4053 3508 4112 immortale?

2057 4143 2265 4198 ERAN.
2299 4143 2524 4199 Mortale
2553 4144 2700 4200 haud
2726 4143 2917 4200 dubie.

2055 4233 2265 4291 ORTH'.
2323 4235 2404 4290 Ex
2448 4235 2536 4292 his
2571 4251 2707 4292 vero
2749 4235 2967 4292 naturis
3003 4243 3260 4292 constare
3285 4235 3567 4298 hominem

1986 4327 2254 4383 dicimus?

1908 4439 1954 4496 ι)
2053 4418 2260 4474 ERAN.
2296 4417 2387 4474 Sic
2415 4418 2672 4476 dicimus.

2047 4508 2258 4566 ORTH.
2317 4510 2633 4565 Immortale
2665 4509 2833 4582 igitur
2881 4508 3100 4565 mortali
3123 4509 3438 4580 copulatum
3461 4517 3566 4565 est.

2048 4600 2256 4655 ERAN.
2293 4602 2496 4656 Verum
2527 4610 2630 4657 est.

2045 4689 2254 4744 ORTl-l.
2285 4690 2392 4746 Sed
2421 4691 2795 4760 copulatione,
2825 4691 2941 4747 sive
2963 4692 3169 4748 unione
3193 4693 3394 4757 soluta,
3413 4707 3567 4747 mor-

1974 4781 2084 4836 tale
2121 4781 2346 4851 quidem
2396 4782 2593 4837 mortis
2619 4782 2724 4852 legi
2753 4782 3124 4853 obtemperat;
3171 4792 3360 4838 manet
3378 4792 3564 4838 autem

1976 4873 2160 4928 anima
2201 4873 2558 4939 immortalis,
2613 4872 2866 4944 quamvis
2891 4883 3178 4944 peccatum
3209 4883 3442 4930 mortem
3474 4873 3561 4930 in-

1977 4965 2306 5020 troduxerit.
2336 4966 2420 5020 An
2440 4982 2572 5022 vero
2592 4981 2811 5038 poenam
2836 4983 2958 5023 esse
2979 4977 3213 5023 mortem
3233 4983 3343 5023 non
3363 4969 3561 5040 putas?

2042 5142 2248 5199 ERAN.
2293 5143 2485 5200 Divina
2516 5143 2623 5200 hoc
2645 5143 2807 5202 docet
2833 5144 3139 5216 Scriptura.
3175 5146 3192 5166 ⁶
3215 5145 3296 5200 Ex
3316 5162 3380 5200 ea
3405 5146 3554 5201 enim

1969 5233 2234 5290 discimus
2261 5237 2452 5302 Deum,
2483 5255 2611 5293 cum
2633 5237 2842 5293 Adamo
2867 5252 3022 5293 esum
3049 5237 3265 5293 arboris
3305 5238 3552 5294 scientia:

1969 5327 2365 5392 interdixisset,
2405 5329 2674 5400 adjecisse
2721 5346 2735 5384 :
2781 5347 2800 5382 ι
2826 5328 2946 5398 Quo
2978 5329 3068 5388 die
3107 5330 3461 5390 comederitis
3485 5347 3554 5389 ex

1969 5434 2056 5487 ea,
2090 5428 2269 5476 morte
2299 5421 2726 5477 moriemini".»
