4010 6212
475 297 585 364 223

547 410 758 468 ORTl-l.
791 411 956 465 Pmna
985 417 1070 464 est
1095 407 1260 480 igitur
1285 407 1726 478 delinquentium
1755 420 1923 460 mors.

548 589 755 646 ERAN.
792 588 850 642 In
881 587 1134 642 confesso
1154 595 1256 640 est.

544 684 753 740 ORTH.
809 683 990 748 Quare
1018 697 1166 751 ergo,
1221 695 1346 735 cum
1378 679 1559 734 anima
1583 678 1746 733 simul
1775 686 1831 734 et
1851 691 2052 745 corpus

477 775 847 848 peccaverint,
889 775 1069 830 solum
1095 789 1296 844 corpus
1322 773 1516 828 mortis
1535 785 1754 840 poenam
1783 767 2054 825 sustinet?

545 961 749 1030 EBAN.
787 961 970 1030 Ipsum
1002 960 1150 1015 enim
1180 960 1418 1028 maligne
1441 957 1696 1012 arborem
1726 956 1960 1026 aspexit,
1997 965 2053 1011 et

477 1068 672 1108 manus
692 1051 962 1116 extendit,
993 1061 1049 1107 et
1069 1051 1306 1106 fructum
1333 1051 1564 1105 vetitum
1587 1050 1862 1118 decerpsit
1882 1068 1896 1103 :
1919 1057 2052 1104 etos

476 1159 674 1198 rursus
715 1142 977 1198 dentibus
1003 1142 1257 1197 eumdem
1287 1140 1642 1200 comminuit.
1673 1148 1730 1194 et
1754 1139 2053 1193 moiarihus

471 1234 734 1290 confecit.
788 1232 948 1288 Hunc
996 1232 1195 1288 deinde
1239 1231 1362 1302 gula
1405 1239 1694 1298 exceptum
1747 1229 1958 1300 trajecit
1997 1228 2049 1281 in

473 1326 842 1380 ventriculum
881 1343 894 1379 :
932 1325 1092 1395 178
1136 1323 1227 1378 hic
1263 1338 1394 1378 vero
1429 1323 1774 1376 immutatum
1809 1321 1876 1374 ad
1894 1322 2053 1390 jecur

477 1417 797 1472 transmisit.
845 1415 1010 1471 Jecur
1051 1416 1107 1470 in
1134 1415 1416 1486 sanguinis
1445 1423 1696 1468 naturam
1724 1428 2050 1466 conversum

472 1521 628 1560 venae
675 1521 820 1560 cava:
867 1506 1095 1560 tradidit
1144 1524 1156 1560 :
1213 1507 1304 1560 illa
1329 1521 1460 1560 vero
1497 1505 1742 1574 proxime
1767 1503 2051 1558 cohmren-

474 1597 642 1659 tibus,
685 1604 742 1650 et
783 1597 865 1650 ha:
899 1612 996 1666 per
1026 1598 1160 1651 alias
1186 1597 1401 1666 corpori
1436 1614 1447 1648 :
1483 1604 1646 1664 atque
1679 1595 1754 1648 ita
1794 1595 1847 1648 in
1877 1603 2050 1648 totum

471 1703 675 1756 corpus
707 1688 863 1741 vetiti
891 1689 1000 1742 cibi
1027 1689 1215 1758 rapina
1244 1688 1506 1760 pervasit.
1538 1687 1667 1742 Jure
1689 1686 1854 1756 igitur
1875 1685 2049 1741 solum

471 1767 672 1848 corpus
702 1781 910 1850 peccati
939 1796 1152 1851 poenam
1180 1780 1460 1836 sustinuit.

542 2052 751 2108 OllTlI.
807 2053 1162 2124 Physicorum
1195 2069 1346 2109 more
1391 2054 1459 2109 de
1498 2054 1836 2109 nutrimento
1870 2055 2045 2111 disse—

474 2145 658 2209 ruisti,
690 2162 788 2216 per
830 2155 966 2216 quot
1007 2155 1188 2215 partes
1228 2146 1550 2216 procedens,
1581 2159 1637 2201 et
1658 2163 1822 2216 quam
1851 2149 2049 2202 multas

474 2238 808 2293 mutationes
836 2238 1138 2302 sustinens,
1192 2239 1410 2291 tandem
1441 2238 1494 2290 in
1517 2239 1762 2307 corporis
1794 2246 2044 2293 naturam

471 2340 845 2386 convertatur.
881 2331 1018 2384 lllud
1047 2339 1226 2384 autem
1256 2330 1608 2386 considerare
1633 2332 1878 2390 noluisti.
1900 2332 2046 2400 quod

472 2422 591 2476 sine
632 2422 812 2476 anima
864 2421 998 2474 nihil
1049 2437 1242 2476 eorum
1292 2437 1413 2490 quae
1454 2430 1878 2476 commemorata
1919 2429 2046 2474 sunt

471 2526 672 2581 corpus
712 2511 930 2567 elliciat.
993 2511 1326 2565 Derelictum
1350 2511 1499 2564 enim
1549 2525 1580 2564 a
1616 2510 1905 2579 conjuncta
1939 2511 2041 2563 sibi

472 2603 675 2668 anima,
699 2603 839 2674 jacet
861 2603 979 2658 sine
1002 2603 1222 2673 spiritu,
1250 2611 1305 2657 et
1327 2602 1443 2656 sine
1467 2618 1618 2667 voce,
1644 2610 1698 2656 et
1720 2601 1838 2656 sine
1862 2611 2041 2655 motu:

471 2704 530 2746 et
558 2709 734 2762 neque
760 2693 951 2747 oculus
987 2693 1139 2747 videt
1171 2693 1309 2747 bene
1335 2702 1430 2746 aut
1456 2692 1596 2746 male
1616 2733 1629 2755 ,
1681 2708 1858 2761 neque
1883 2708 2047 2748 aures

470 2798 666 2838 sonum
715 2800 910 2839 vocum
957 2785 1306 2854 percipiunt,
1357 2799 1462 2838 nec
1507 2799 1701 2837 manus
1730 2794 2042 2847 moventur,

473 2885 575 2923 nec
603 2871 982 2942 ingrediuntur
1008 2872 1176 2942 pedes
1203 2890 1215 2925 :
1247 2873 1341 2927 sed
1370 2872 1545 2926 simile
1566 2881 1651 2936 est
1675 2874 2046 2942 organoquod

475 2959 686 3014 musico
713 2961 1056 3016 destituitur.
1115 2961 1402 3028 Quomodo
1433 2963 1598 3033 igitur
1639 2963 1824 3017 dixisti
1867 2964 2044 3018 solum

469 3059 673 3115 Curpus
701 3062 970 3117 peccasse,
995 3050 1140 3118 quod
1164 3050 1283 3106 sine
1302 3052 1482 3106 anima
1506 3067 1577 3106 ne
1599 3051 1807 3122 spirare
1822 3053 2042 3123 quidem
2075 3080 2117 3137 ο

474 3139 690 3207 potest?

547 3227 750 3281 ERA‘N.
789 3228 998 3299 Accipit
1035 3231 1256 3301 quidem
1299 3247 1499 3301 corpus
1545 3242 1712 3286 Vitam
1748 3232 1815 3286 ab
1843 3234 2045 3298 anima,

472 3320 568 3374 sed
618 3321 932 3376 damnosam
970 3325 1180 3392 p:ccati
1225 3325 1630 3392 possessionem
1678 3327 1872 3385 anima:
1916 3343 2047 3396 pro-

471 3421 644 3466 curat.

535 3501 742 3559 ORTll.
780 3503 1066 3572 Quomodo
1099 3515 1156 3562 et
1189 3524 1296 3577 qua
1318 3509 1567 3562 ratione?

545 3595 749 3650 ERAN.
800 3598 904 3652 Per
933 3600 1122 3652 oculos
1143 3599 1364 3670 quidem
1395 3599 1560 3654 ellicit
1594 3609 1656 3654 ut
1683 3601 1824 3656 male
1846 3602 2044 3666 videat,

474 3700 573 3754 per
614 3702 778 3740 aures
806 3697 990 3742 autem
1025 3697 1084 3743 ut
1111 3706 1174 3744 ea
1205 3691 1392 3744 audiat
1417 3706 1539 3760 qua:
1565 3707 1675 3744 non
1709 3702 1960 3762 prosunt,
1994 3702 2049 3748 et

473 3777 832 3850 perlingnam
866 3791 925 3835 ut
957 3783 1208 3836 nocentia
1232 3783 1506 3853 loquatur,
1543 3793 1598 3838 et
1629 3801 1727 3854 per
1744 3787 1848 3840 alia
1878 3801 2048 3840 mem-

472 3865 592 3931 bra,
622 3883 742 3941 qua:
769 3867 946 3923 facere
968 3878 1053 3924 est
1074 3871 1246 3925 nefas.

542 4037 750 4092 ORTH.
809 4041 960 4095 Beati
1012 4042 1198 4112 igitur,
1252 4052 1313 4097 ut
1356 4055 1603 4114 apparet,
1651 4047 1888 4103 habendi
1918 4059 2048 4104 sunt

472 4129 647 4194 surdi,
683 4139 737 4184 et
763 4131 938 4187 oculis
963 4135 1128 4202 capti,
1165 4134 1324 4203 179
1343 4143 1397 4188 et
1417 4135 1540 4189 aliis
1562 4139 1824 4194 membris
1844 4140 2042 4195 orbati.

474 4219 679 4276 Horum
729 4224 964 4280 'anima:
1005 4226 1153 4280 enim
1202 4228 1423 4282 malitiae
1464 4231 1709 4298 corporis
1754 4231 2048 4300 participes

471 4329 583 4368 non
625 4313 779 4369 ﬁunt.
842 4315 952 4371 Cur
991 4318 1160 4379 enim,
1214 4333 1247 4371 ο
1287 4320 1709 4389 sapientissime,
1745 4337 1866 4391 quae
1898 4323 2045 4377 vitu-

1461 295 1944 360 THEODOBETI
1983 287 2325 350 EPISCOPI
2364 286 2727 349 CYBENSIS

2077 401 2142 467 Α,
2218 398 2370 452 ΟΡΘ.
2419 394 2674 467 Τιμωρία
2727 393 2908 446 τοίνυν
2953 391 3063 445 τῶν
3121 392 3521 464 ἡμαρτηκότων
3564 396 3594 450 ὁ
3643 392 3738 449 θά-

3630 284 3738 348 224

2152 504 2330 550 νατος.

2225 577 2427 630 EPAN.
2456 576 2835 646 Ὠμολόγηται.

2223 669 2374 722 ΟΡΘ.
2405 668 2470 721 Τί
2507 668 2708 734 δήποτε
2742 667 2942 728 τοίνυν,
2965 665 3141 736 ψυχῆς
3177 665 3315 736 ὁμοῦ
3347 666 3442 718 καὶ
3481 665 3738 736 σώματος

2151 761 2576 834 ἡμαρτηκότων,
2603 762 2664 814 τὸ
2684 761 2846 832 σῶμα
2871 760 3034 829 μόνον
3063 761 3324 832 ὑπομένει
3351 759 3450 814 τοῦ
3483 760 3722 814 Θανάτου

2151 853 2249 923 τὴν
2281 853 2554 924 τιμωρίαν

2225 945 2429 996 EPAN.
2469 943 2608 996 Αὐτὸ
2639 941 2748 1012 γὰρ
2781 937 2887 995 εῐδε
2923 943 2984 995 τὸ
3029 940 3185 1008 ξύλον
3231 942 3455 1006 κακῶς,
3495 943 3590 996 καὶ
3631 944 3739 1004 τὰς

2133 1040 2338 1108 ,χεῖρας
2365 1036 2595 1101 ἐξέτεινε
2616 1075 2630 1098 ,
2657 1035 2750 1087 καὶ
2781 1035 2871 1088 τὸν
2913 1034 3283 1105 ἀπειρημένον
3363 1034 3575 1105 καρπὸν
3623 1035 3768 1093 ἀπ-,

2155 1128 2413 1198 εσύλησε.
2448 1128 2558 1181 Καὶ
2592 1128 2724 1181 αὐτὸ
2757 1127 2919 1180 πάλιν
2957 1127 3016 1180 τὸ
3055 1127 3229 1196 στόμα
3260 1125 3418 1179 τοῦτο
3436 1127 3549 1188 τοῖς
3579 1124 3734 1178 ὀδοῦ-

2156 1238 2239 1273 σιν
2267 1220 2580 1283 ὲλέπτυνεν,
2609 1222 2704 1272 καὶ
2736 1224 2856 1284 ταῖς
2890 1219 3087 1290 μύλαις
3117 1219 3354 1272 ὲλέανεν.
3383 1214 3497 1270 Εἶτ’
3522 1214 3676 1279 αὖθις
3703 1217 3737 1268 ὁ

2152 1310 2441 1378 οἰσοφάγος
2461 1309 2646 1362 τοῦτον
2669 1309 3061 1378 ὑποδεξάμενος
3078 1307 3403 1379 παρέπεμψε
3419 1309 3486 1376 τῇ
3499 1305 3694 1376 γαστρί
3716 1321 3731 1336 ·

2153 1401 2380 1471 κάκείνη
2402 1401 2456 1454 δὲ
2495 1400 2834 1454 ἀλλοιώσασα
2871 1401 2965 1453 καὶ
2992 1399 3104 1466 (ll)
3135 1397 3211 1468 τῷ
3236 1399 3407 1468 ἥπατι
3433 1398 3732 1466 μετέδωκε.

2154 1494 2228 1544 Τὸ
2257 1492 2313 1544 δέ
2354 1509 2415 1560 γε
2457 1486 2610 1562 ἧπαρ
2655 1491 2734 1553 είς
2775 1490 3004 1559 αἵματος
3045 1489 3207 1558 φύσιν
3265 1485 3565 1554 μετέϐαλεν
3593 1487 3737 1555 ὅπερ

2155 1583 2336 1645 ἕλαδε,
2370 1584 2464 1635 καὶ
2501 1584 2566 1653 τῇ
2610 1582 2761 1652 κοίλῃ
2792 1580 2952 1648 φλεϐὶ
2998 1579 3381 1650 παραδέδωκεν
3406 1596 3419 1610 ο
3451 1578 3635 1646 ἐκείνη
3670 1577 3734 1628 δὲ

2153 1681 2276 1740 ταῖς
2308 1676 2601 1746 συμφυέσι,
2636 1675 2884 1727 κάκεῖναι
2908 1673 2994 1726 διὰ
3017 1673 3127 1726 τῶν
3157 1671 3334 1725 ἄλλων
3371 1670 3449 1740 τῷ
3480 1670 3696 1739 σώματι
3716 1686 3732 1698 ·

2157 1770 2250 1822 καὶ
2277 1768 2447 1830 οὕτως
2468 1768 2545 1831 εἰς
2578 1767 2723 1820 ἅπαν
2762 1764 2910 1834 διέϐη
2939 1765 2999 1817 τὸ
3028 1763 3187 1831 σῶμα
3219 1763 3317 1832 τῆς
3345 1761 3735 1830 ἀπειρημένης

2159 1858 2412 1930 βρώσεως
2449 1860 2481 1927 ὴ
2516 1856 2758 1927 λῃστεία.
2808 1855 3048 1916 Εἰκότως
3073 1854 3252 1906 τοίνυν
3282 1853 3343 1904 τὸ
3375 1852 3536 1922 σῶμα
3568 1851 3732 1922 μόνον

2155 1953 2252 2019 τὴν
2281 1950 2421 2019 ὑπὲρ
2452 1950 2549 2018 τῆς
2579 1945 2854 2017 ἁμαρτίας
2881 1945 3139 2014 ὑπέμεινε
3171 1944 3462 2013 τιμωρίαν.

2229 2043 2379 2096 ΟΡΘ.
2407 2038 2804 2108 Φυσιολογικῶς
2833 2038 2942 2108 (ιε)
2981 2039 3110 2108 ἡμῖν
3138 2035 3205 2089 τὰ
3240 2037 3369 2106 περὶ
3399 2037 3500 2104 τῆς
3521 2033 3731 2106 τροφῆς

2154 2132 2556 2202 διεξελήλυθας,
2592 2131 2687 2184 καὶ
2729 2129 2797 2181 δι’
2847 2129 2987 2180 ὅσων
3021 2125 3160 2196 αὕτη
3193 2127 3396 2196 μορίων
3425 2124 3687 2179 ὁδεύουσα
3713 2166 3730 2190 ,

2156 2227 2248 2280 καὶ
2291 2226 2459 2287 πόσας
2487 2222 2801 2284 ἀλλοιώσεις
2826 2219 3173 2289 ὑφισταμένη
3202 2259 3215 2279 ,
3259 2219 3482 2288 ὕστερον
3513 2221 3592 2280 εἰς
3627 2219 3732 2287 τὴν

2152 2318 2246 2370 τοῦ
2297 2316 2551 2386 σώματος
2588 2313 2988 2385 μεταϐάλλεται
3041 2311 3224 2376 φύσιν.
3288 2311 3494 2362 Ἐκεῖνο
3541 2311 3730 2378 μέντοι

2156 2404 2385 2456 συνιδεῖν
2422 2404 2520 2454 οὐκ
2555 2402 2848 2473 ἠθέλησας,
2876 2401 2950 2462 ώς
2986 2400 3106 2468 δίχα
3139 2401 3315 2468 ψυχῆς
3345 2398 3547 2450 τούτων
3574 2399 3732 2451 οὐδὲν

2153 2494 2214 2547 τὸ
2250 2495 2405 2564 σῶμα
2453 2493 2562 2546 τῶν
2614 2493 2923 2562 εἰρημένων
2976 2489 3292 2560 ἐργάζεται,
3353 2487 3733 2555 Καταλειφθὲν

2152 2590 2262 2658 γὰρ
2289 2587 2393 2638 ὑπὸ
2422 2585 2520 2655 τῆς
2554 2583 2988 2652 συνεζευγμένης
3023 2581 3200 2651 ψυχῆς
3229 2621 3243 2640 ,
3277 2583 3452 2633 κεῖται
3480 2579 3688 2632 ἄπνουν
3713 2620 3728 2642 ,

2155 2682 2248 2734 καὶ
2284 2680 2517 2748 ἄφωνον,
2570 2679 2664 2729 καὶ
2697 2676 2954 2745 ἀκίνητον
2979 2691 2992 2704 ο
3040 2675 3133 2726 καὶ
3160 2672 3281 2725 οὗτε
3323 2672 3602 2742 ὀφθαλμδς
3626 2675 3729 2743 ὁρᾷ

2153 2771 2341 2837 κακῶς
2367 2810 2382 2832 ,
2415 2768 2526 2823 οὔτ’
2567 2764 2633 2822 αὖ
2663 2766 2862 2830 καλῶς,
2903 2764 3027 2818 οὔτε
3054 2764 3121 2818 τΞι
3143 2758 3256 2817 ὦτα
3290 2764 3591 2834 εἰσδέχεται
3617 2763 3727 2816 τῶν

2154 2862 2347 2934 φωνῶν
2379 2861 2478 2932 τὴν
2505 2860 2645 2933 ὴχήν
2667 2875 2680 2889 ⁶
2713 2859 2774 2912 οὐ
2815 2857 3089 2911 κινοῦνται
3119 2859 3318 2926 χεῖρες,
3349 2856 3409 2908 οὺ
3439 2855 3718 2924 βαδίζουσι

2155 2954 2315 3016 πόδες
2338 2969 2350 2982 ο
2373 2951 2490 3004 ἀλλ’
2517 2949 2692 3002 ἔοικεν
2717 2947 2931 3018 ὀργάνῳ
2954 2945 3303 3016 ἐστερημένῳ
3328 2945 3419 2998 τοῦ
3441 2945 3724 3015 μουσικοῦ.

2152 3044 2277 3106 Πῶς
2290 3037 2382 3096 οὖν
2411 3041 2623 3112 ἔφησθα
2646 3041 2803 3111 μόνον
2828 3039 3214 3108 ἡμαρτηκέναι
3241 3038 3303 3090 τὸ
3325 3038 3504 3106 σῶμα,
3521 3039 3584 3091 τὺ
3605 3039 3730 3109 δίχα

2153 3137 2329 3206 ψυχῆς
2355 3134 2488 3205 μηδὲ
2517 3133 2775 3186 ἀναπνεῖν
2806 3130 2865 3183 τὸ
2889 3130 3152 3198 παράπαν
3180 3129 3478 3198 δυνάμενον
3507 3147 3522 3193 ;

2228 3227 2430 3280 EPAN.
2474 3221 2901 3293 Μεταλαμϐάνει
2935 3221 3035 3292 μὲν
3081 3221 3142 3274 τὸ
3183 3220 3343 3290 σῶμα
3389 3219 3533 3290 ζωῆς
3575 3219 3732 3292 παρὰ

2153 3317 2252 3386 τῆς
2282 3313 2458 3385 ψυχῆς
2481 3353 2496 3372 .
2539 3310 2789 3382 προξενεῖ
2818 3310 2876 3363 δὲ
2921 3311 2988 3380 τῇ
3015 3307 3162 3379 ψυχῇ
3190 3310 3289 3378 τῆς
3318 3306 3589 3378 ἁμαρτίας
3627 3307 3728 3376 τὴν

2155 3409 2445 3478 ἐπιζήμιον
2475 3408 2684 3475 κτῆσιν.

2225 3500 2374 3552 ΟΡΘ.
2409 3499 2532 3560 Πῶς
2566 3497 2660 3549 καὶ
2693 3497 2812 3548 τίνα
2849 3496 3078 3566 τρόπον;

2225 3591 2428 3644 EPAN.
2457 3588 2556 3642 Διὰ
2601 3589 2700 3658 μὲν
2730 3582 3025 3658 ὀφθαλμῶν
3057 3587 3170 3657 (1⁷5)
3195 3627 3208 3650 ,
3237 3587 3373 3659 ὁρᾷν
3403 3585 3573 3656 αὐτὴν
3619 3602 3728 3638 πα-

2158 3683 2478 3755 ρασκευάζει
2512 3680 2696 3741 κακῶς
2720 3695 2731 3707 ·
2757 3679 2842 3731 διὰ
2872 3679 2928 3730 δὲ
2955 3677 3062 3730 τῶν
3089 3678 3289 3735 ἀκοῶν,
3325 3677 3545 3730 ἀκούειν
3584 3677 3621 3730 ἃ.
3651 3677 3726 3747 μὴ

2156 3773 2468 3844 συμφέρει,
2522 3768 2617 3823 καὶ
2666 3769 2754 3821 διὰ
2803 3769 2902 3835 τῆς
2945 3765 3212 3837 γλώττης.
3249 3767 3314 3820 τὰ
3348 3767 3729 3836 λυμαινόμενα

2155 3861 2487 3931 φθέγγεσθαι
2550 3859 2646 3912 καὶ
2686 3858 2774 3912 διὰ
2804 3858 2912 3910 τῶν
2951 3858 3130 3910 ἄλλων
3157 3857 3362 3926 μορίων
3384 3859 3419 3910 ἃ
3459 3857 3535 3928 μὴ
3566 3857 3727 3927 θέμις

2154 3957 2346 4008 ποιεῖν.
2569 3943 2591 3960 ’

2226 4048 2375 4101 ΟΡΘ.
2391 4044 2530 4107 Τοὺς
2549 4044 2765 4112 κωφοὺς
2788 4043 2920 4112 ἡμῖν
2941 4041 3016 4103 ὡς
3047 4042 3185 4093 ἔοικε
3217 4057 3490 4108 μακαριστ
3502 4042 3608 4102 ἐον,
3631 4042 3728 4092 καὶ

2152 4140 2278 4200 τοὺς
2297 4137 2358 4201 τὸ
2383 4136 2598 4206 βλέπειν
2623 4135 3034 4207 ἀφῃρημένους,
3061 4133 3155 4184 καὶ
3184 4133 3291 4184 τῶν
3310 4131 3483 4184 ἄλλων
3517 4132 3729 4200 μορίων

2154 4229 2572 4300 ἐστερημένους.
2609 4226 2683 4279 Οὐ
2729 4225 2836 4294 γὰρ
2890 4223 3356 4294 μεταλαγχάνουσι
3399 4221 3608 4274 τούτων
3659 4223 3718 4274 αί

3691 4307 3720 4326 7

2151 4321 2322 4390 ψυχαὶ
2357 4320 2456 4389 τῆς
2497 4317 2758 4387 πονηρίας
2789 4313 2884 4367 τοῦ
2925 4314 3194 4384 σώματος.
3241 4313 3307 4366 Τί
3328 4313 3528 4383 δήποτε
3562 4312 3622 4364 δὲ
3646 4352 3661 4374 ,
3685 4312 3731 4366 ὧ

473 4408 714 4478 peranda
755 4418 884 4464 sunt
933 4411 1180 4480 corporis
1225 4412 1529 4467 ministeria
1571 4416 2044 4481 commemorasti,

2158 4410 2454 4480 σοφώτατε,
2481 4407 2589 4460 τῶν
2637 4407 2735 4477 μὲν
2766 4406 2981 4476 ψεκτῶν
3020 4403 3115 4457 τοῦ
3149 4404 3403 4474 σώματος
3439 4403 3724 4473 ἐμνήσθης

471 4513 595 4568 qua:
639 4512 771 4552 vero
831 4498 992 4553 laude
1037 4498 1201 4568 digna
1244 4509 1373 4556 sunt
1423 4502 1854 4571 prmtcrmisisti?
1897 4505 2051 4561 Licet

470 4587 619 4642 enim
667 4597 724 4643 et
751 4596 998 4642 amanter
1026 4598 1082 4643 et
1113 4590 1425 4646 humaniter
1451 4591 1673 4658 intueri,
1703 4602 1759 4648 et
1779 4609 2049 4665 compun-

467 4677 670 4733 ctionis
696 4677 961 4748 lacrymas
989 4677 1242 4747 fundere,
1279 4688 1334 4735 et
1362 4681 1547 4736 divina
1581 4685 1800 4739 oracula
1832 4687 2046 4752 audire,

471 4775 528 4821 et
547 4767 728 4838 egenti
754 4782 916 4822 aures
944 4768 1188 4837 praebere
1207 4812 1220 4836 ,
1267 4781 1323 4825 et
1346 4773 1530 4844 lingua
1553 4773 1870 4831 Creatorem
1901 4779 2048 4832 cele-

472 4857 656 4922 brare,
703 4867 759 4914 et
803 4860 1114 4928 proximum
1161 4862 1361 4918 docere
1407 4866 1732 4932 necessaria,
1767 4876 1821 4923 et
1852 4884 2050 4924 manus

471 4949 749 5018 porrigere
769 4951 837 5005 ad
857 4951 1310 5024 misericordiam,
1334 4962 1410 5018 et,
1433 4962 1494 5008 ut
1514 4958 1826 5012 summatim
1846 4957 2046 5022 dicam,

471 5037 541 5091 ad
589 5053 808 5093 omnem
856 5041 1117 5098 virtutem
1170 5045 1595 5113 comparandam
1654 5047 1737 5100 uti
1784 5047 2050 5102 membris

470 5129 741 5199 corporis.

540 5221 751 5276 EBAN.
791 5221 930 5278 Vera
963 5234 1092 5279 sunt
1119 5224 1236 5280 hmo

542 5311 751 5368 OItTH.
804 5314 900 5370 Est
928 5316 1096 5386 igitur
1137 5316 1662 5373 communeanimre
1689 5327 1745 5374 et
1772 5321 2038 5392 corporis,

470 5409 591 5455 tum
623 5418 840 5460 servare
863 5407 1029 5478 leges,
1058 5417 1171 5464 tum
1195 5426 1290 5465 eas
1319 5409 1648 5480 transgredi.

545 5494 749 5549 ERAN.
781 5495 1099 5553 Commune.

690 5649 798 5702 καί.
987 5651 1188 5706 incdit.
1221 5655 1373 5706 llam.
1399 5665 1451 5708 et
1478 5655 1620 5722 Lips.

547 5719 659 5790 (12)
688 5736 810 5787 φυτ,
849 5720 1085 5790 Ulraquc
1115 5724 1298 5784 editio,
1323 5725 1478 5790 φύσει
1503 5719 1752 5791 λογικῶς.

2148 4502 2486 4574 ὑπουργιῶν,
2511 4499 2613 4564 τὰς
2641 4498 2993 4564 ἁξιεπαίνους
3015 4497 3071 4549 δὲ
3097 4495 3539 4567 παραλέλοιπας;
3571 4497 3731 4548 Ἐστι

2147 4597 2254 4665 γὰρ
2288 4593 2383 4648 καὶ
2411 4591 2676 4662 φιλικῶς,
2709 4591 2804 4643 καὶ
2826 4587 3226 4660 φιλανθρώπως
3255 4587 3402 4649 ἰδεῖν,
3425 4587 3518 4639 καὶ
3551 4604 3732 4638 κατα-

2146 4687 2348 4753 νύξεως
2397 4682 2822 4754 ἀπομόρξασθαι
2858 4681 3116 4752 δάκρυον,
3155 4680 3251 4732 καὶ
3287 4678 3448 4732 θείων
3483 4676 3726 4731 ἀκοῦσαι

2145 4778 2364 4848 λογίων,
2392 4777 2487 4830 καὶ
2516 4775 2697 4828 κλῖναι
2727 4772 2966 4843 δεομένῳ
2997 4771 3056 4824 τὸ
3082 4766 3204 4833 οὖς,
3255 4770 3348 4824 καὶ
3375 4769 3618 4840 ὑμνῆσαι
3657 4771 3729 4839 τῇ

2145 4868 2360 4939 γλώττῃ
2393 4867 2483 4920 τὸν
2519 4865 2771 4934 ποιητὴν.
2817 4862 2912 4914 καὶ
2940 4861 3151 4925 διδάξαι
3190 4859 3282 4912 τὸν
3319 4859 3490 4920 πέλας
3533 4856 3568 4910 ὃ.
3600 4858 3686 4910 δεῖ
3710 4897 3727 4920 ,

2147 4960 2241 5014 καὶ
2280 4957 2545 5012 κινεῖσθαι
2579 4957 2678 5018 τὰς
2721 4956 2910 5024 χεῖρας
2949 4953 3028 5016 εἰς
3074 4951 3245 5013 ἔλεον,
3280 4952 3374 5003 καὶ
3419 4950 3732 5019 συλλήϐδην

2143 5052 2340 5115 εἰπεῖν,
2388 5050 2467 5112 είς
2499 5049 2720 5102 ἃπασαν
2775 5045 2972 5116 κτῆσιν
3003 5043 3209 5114 ἀρετῆς
3252 5043 3556 5114 χρήσασθαι
3612 5043 3731 5104 τοῖς

2145 5141 2356 5214 μορίοις
2377 5139 2471 5191 τοῦ
2510 5137 2784 5208 σώματος.

2216 5233 2418 5286 ΕΡΑΝ.
2460 5231 2661 5300 Ἀληθῆ
2698 5229 2889 5284 ταῦτα.

2217 5323 2368 5377 ΟΡΘ.
2401 5321 2608 5377 Οὐκοῦν
2635 5321 2813 5375 κοινὸν
2845 5319 3027 5391 ψυχῆς
3069 5319 3163 5372 καλ¹
3205 5318 3492 5388 σώματος,
3526 5317 3623 5372 7.0.1
3666 5317 3737 5370 τὸ

2150 5415 2458 5484 φυλάττειν,
2488 5415 2580 5467 καὶ
2611 5415 2668 5466 τὸ
2690 5412 3047 5483 παραϐαίνειν
3075 5411 3200 5474 τοὺς
3222 5411 3435 5481 νόμους.

2222 5507 2423 5561 ΕΡΛΝ.
2457 5505 2668 5558 Κοινᾶν.

2223 5659 2331 5725 (13)
2361 5659 2478 5727 ἕφθ.
2507 5657 2638 5712 Ibid.
2672 5674 2852 5725 pra'm.
2893 5658 3019 5709 τῶν.
