4010 6212
427 284 597 347 22⁸7Δ

507 395 715 452 ERAN.
750 394 1012 451 Omnino.

505 487 715 544 ORTH.
773 487 865 542 Sic
890 487 1054 540 etiam
1086 479 1345 535 vitiorum
1382 476 1662 531 doctorem
1704 472 1910 543 duplici
1943 485 2007 526 ac

433 581 637 650 triplici
672 593 833 649 poena
855 573 1114 646 dignum?

508 670 716 726 ERAN.
750 669 950 723 Verum
977 673 1081 720 est.

509 758 719 816 ORTII.
781 757 1042 812 Diabolus
1070 770 1203 810 vero
1250 772 1356 826 qua
1390 755 1446 808 in
1480 760 1635 824 parte
1671 746 2013 806 censendus?

443 854 810 909 Doctoremne
839 864 961 903 esse
989 847 1244 910 dicimus,
1272 864 1340 901 an
1368 843 1734 915 discipulum?

509 941 713 994 ERAN.
772 940 1067 992 Doctorum
1112 937 1415 991 doctorem.
1481 936 1601 1005 Ipse
1642 934 1789 988 enim
1835 927 2014 985 omnis

441 1031 560 1085 vitii
595 1039 650 1083 et
678 1038 833 1098 pater
863 1035 918 1081 et
947 1027 1204 1096 magister
1233 1037 1337 1081 est.

511 1118 719 1175 ORTH.
780 1118 883 1185 Qui
913 1118 1081 1189 igitur
1123 1117 1375 1171 homines
1423 1115 1584 1186 primi
1613 1114 1731 1185 ejus
1757 1108 2015 1179 discipuli

439 1211 695 1266 fuerunt?

514 1304 723 1361 ERAN.
760 1302 932 1356 Adam
962 1309 1020 1355 et
1039 1300 1171 1354 Eva.

515 1394 724 1451 ORTH.
781 1394 840 1447 In
883 1407 1019 1461 quos
1042 1400 1226 1443 autem
1258 1389 1365 1443 lata
1389 1395 1473 1442 est
1503 1385 1695 1439 mortis
1716 1384 2021 1443 sententia?

514 1486 718 1541 ERAN.
760 1484 815 1537 ln
841 1483 1108 1536 Adamum
1135 1489 1190 1534 et
1219 1495 1410 1532 omnes
1431 1478 1550 1546 ejus
1572 1486 1839 1544 posteros.

511 1574 719 1631 Οιιτιι.
758 1572 1024 1641 Discipuli
1056 1586 1188 1640 ergo
1225 1583 1414 1639 pmnas
1443 1569 1664 1620 luerunt
1686 1579 1875 1617 eorum
1904 1578 2024 1631 quae

446 1669 589 1722 male
620 1665 803 1721 edocti
838 1665 1053 1717 fuerant
1085 1680 1098 1714 :
1127 1661 1449 1730 magistrum
1479 1667 1686 1720 autem,
1725 1671 1888 1725 quem
1918 1656 2022 1707 du-

1412 271 1895 336 TIIEODORETI
1935 268 2271 328 EPISCOPI
2311 263 2675 326 CYRENSIS

2038 384 2082 440 Α
2181 375 2380 429 EPAN.
2414 376 2648 442 Πάνυγε.

3454 248 3683 343 .228

2185 466 2339 520 ΟΡΘ.
2392 466 2667 526 Ὡσαύτως
2692 462 2749 516 δὲ
2778 459 2986 515 καὶτὸν
3017 458 3114 529 τῆς
3149 457 3368 522 κακίας,
3390 454 3683 521 διπλασίας

2115 560 2210 613 καὶ
2242 557 2567 627 τριπλασίας
2599 555 2748 621 ἄξιον
2780 551 3050 623 τιμωρίας
3076 565 3094 615 ς

2187 641 2387 699 EPAN.
2437 639 2682 708 Ἀληθές.

2190 733 2343 787 ΟΡΘ.
2381 731 2484 784 Τὸν
2513 731 2571 783 δὲ
2606 726 2851 782 διάϐολον
2893 727 3051 791 ποίας
3085 724 3267 779 θετέον
3313 719 3571 792 μερίδος;
3602 717 3684 769 δι·

2118 823 2383 876 δάσκαλον
2414 817 2552 873 εἶναί
2580 836 2777 888 φαμεν,
2809 817 2841 888 ἢ
2880 817 3161 887 μαθητήν;

2192 912 2390 964 EPAN.
2417 908 2760 962 Διδασκάλων
2791 908 2889 975 μὲν
2907 905 2999 959 οὖν
3018 904 3355 960 διδάσκαλον.
3382 901 3551 963 Αὐτὸς
3577 897 3688 969 γάρ

2122 1001 2303 1068 πάσης
2335 998 2532 1060 κακίας
2561 999 2676 1050 ἐστὶ
2704 998 2798 1051 καὶ
2826 998 3006 1067 πατὴρ
3036 998 3131 1049 καὶ
3158 992 3502 1054 διδάσκαλος.

2193 1091 2344 1145 ΟΡΘ.
2376 1090 2534 1151 Τίνες
2557 1089 2613 1141 δὲ
2642 1089 2751 1159 ἄρα
2793 1088 2981 1141 τούτου
3010 1085 3312 1157 ἀνθρώπων
3342 1083 3552 1154 πρῶτοι
3584 1098 3682 1148 γε-

2136 1181 2380 1250 γένηνται
2414 1179 2653 1249 μαθηταί
2680 1195 2697 1244 ;

2199 1272 2401 1325 EPAN.
2438 1271 2494 1323 '0
2546 1271 2734 1340 Ἀδάμ,
2772 1269 2923 1341 καὶὴ
2956 1267 3088 1323 Εὔα.

2201 1364 2348 1417 ΟΡΘ.
2382 1363 2541 1424 Τίνες
2564 1362 2619 1415 δὲ
2647 1361 2745 1432 τὴν
2777 1361 2959 1430 ψῆφον
2991 1360 3084 1413 τοῦ
3115 1359 3345 1413 Θανάτου
3372 1357 3660 1423 ὲδέξαντος

2198 1453 2399 1507 ΕΡΛΝ.
2446 1454 2502 1505 Ὀ
2541 1453 2729 1521 Ἀδάμ.
2754 1452 2847 1505 καὶ
2873 1453 2978 1504 πᾶν
3008 1452 3161 1505 τοῦδε
3189 1451 3250 1503 τὸ
3270 1451 3443 1519 γένος.

2200 1546 2353 1599 ΟΡΘ.
2398 1546 2460 1597 Oi
2503 1542 2745 1615 μαθηταὶ
2772 1542 2881 1613 ἄρα
2913 1542 3065 1604 δίκας
3091 1541 3279 1595 ἔδοσαν
3312 1541 3450 1611 ὑπὲρ
3493 1533 3571 1594 ὧν
3599 1556 3698 1592 κα-

2131 1637 2239 1699 κῶς
2272 1635 2624 1705 ἐδιδάχθησαν
2647 1650 2661 1664 ·
2698 1632 2787 1687 τὸν
2818 1632 2875 1686 δέ
2904 1650 2967 1701 γε
3007 1632 3345 1697 διδάσκαλον,
3385 1631 3447 1685 ὃν
3491 1631 3699 1702 ἀρτίως

447 1759 577 1830 plici
627 1772 690 1811 ac
723 1755 925 1825 triplici
960 1768 1121 1823 paena
1158 1751 1384 1821 dignum
1412 1749 1761 1812 dicebamus,
1806 1761 2021 1816 poenam

2170 1728 2425 1798 ηρήκαμεν
2460 1724 2743 1785 διπλασίας
2775 1721 2914 1777 εἶναι
2945 1724 3038 1776 καὶ
3067 1722 3391 1793 τριπλασίας
3429 1738 3493 1789 γε
3530 1721 3698 1775 κολάι

446 1847 691 1902 evasisse
721 1841 1048 1914 (dicemus)?

524 1941 540 1959 ‘
572 1934 779 1990 ERAN.
819 1933 1064 1988 Videtur.

520 2022 731 2079 ORTH.
787 2023 852 2077 Et
905 2028 1108 2084 tamen,
1166 2015 1418 2087 quamvis
1448 2016 1566 2070 haec
1608 2015 1684 2069 ita
1727 2014 1868 2068 facta
1897 2013 2027 2078 sint,

455 2116 668 2185 justum
689 2113 932 2184 judicent
956 2116 1013 2163 et
1041 2108 1245 2162 scimus
1267 2117 1323 2161 et
1348 2107 1716 2160 nominamus.

524 2203 730 2259 ERAN.
771 2201 1026 2256 Maxime.

526 2294 862 2351 ORTH.Cnr
886 2308 1037 2363 ergo,
1061 2308 1187 2347 cum
1212 2291 1285 2347 sit
1306 2291 1509 2362 justus,
1540 2288 1698 2359 182
1734 2288 1890 2343 mala:
1908 2288 2038 2343 doo-

458 2390 623 2446 trinaz
648 2388 918 2441 rationem
945 2386 1014 2440 ab
1038 2400 1104 2439 eo
1130 2400 1239 2440 non
1270 2382 1483 2453 exegit?

527 2476 732 2533 ERAN.
786 2474 1292 2544 lnexstinguibilem
1324 2473 1426 2541 ipsi
1483 2470 1743 2541 gehennaz
1767 2469 2039 2523 ﬂammam

455 2569 798 2642 praeparavit.
859 2566 1176 2621 «Discedite
1234 2565 1421 2628 enim,
1479 2562 1694 2632 inquit,
1742 2560 2038 2624 maledicti,

464 2663 525 2717 in
567 2662 744 2733 ignem
781 2668 1074 2723 aeternum,
1110 2658 1205 2727 qui
1237 2666 1461 2725 paratus
1483 2665 1567 2710 est
1602 2655 1820 2709 diabolo
1852 2661 1908 2707 et
1940 2669 2040 2706 an-

461 2752 598 2822 gelis
625 2752 827 2820 ejus“.
853 2769 870 2799 ›
911 2748 1012 2804 llic
1041 2754 1549 2816 autem/prepterea
1585 2746 1639 2798 in
1668 2754 1841 2798 morte
1871 2744 2043 2797 disci-

463 2838 609 2907 pulis
662 2852 771 2890 non
814 2836 1095 2908 jungitur,
1136 2834 1265 2905 quia
1300 2842 1553 2887 naturam
1604 2832 1771 2887 habet
1816 2834 2043 2886 immor-

469 2929 658 2984 talem.

534 3018 746 3076 ORTH.
782 3019 896 3074 Nec
927 3016 1094 3088 igitur
1122 3015 1219 3086 qui
1247 3014 1482 3068 maxima
1504 3012 1735 3067 erimina
1759 3019 2040 3082 perpetra-

464 3119 597 3166 runt
649 3118 827 3164 morte
874 3109 1040 3179 plecti
1090 3114 1353 3178 possunt,
1411 3105 1458 3160 si
1516 3114 1765 3160 naturam
1800 3105 2039 3159 habeant

464 3199 868 3255 immortalem?

534 3292 740 3346 ERAN.
778 3291 839 3345 In
871 3288 1123 3344 confesso
1154 3295 1259 3343 est.

537 3381 745 3436 ORTH.
809 3381 867 3434 Si
920 3395 1051 3451 ergo
1109 3394 1214 3435 nec
1253 3380 1371 3450 ipse
1403 3378 1673 3434 scelerum
1697 3376 1954 3430 inventor
1988 3384 2045 3431 et

471 3474 728 3544 magister
757 3482 932 3528 morte
958 3472 1189 3527 allectus
1214 3481 1299 3528 est
1321 3480 1547 3542 propter
1580 3469 2046 3523 immortalitatem

471 3576 701 3629 natura,
753 3565 1033 3635 quomodo
1078 3578 1192 3618 non
1238 3560 1628 3620 cohorrescitis
1662 3561 1909 3616 dicentes
1944 3560 2048 3614 im-

476 3656 828 3712 mortalitatis
868 3664 927 3710 et
966 3655 1192 3726 iustitia:
1224 3654 1430 3709 fontem
1456 3662 1687 3708 mortem
1711 3652 1947 3706 obiisse?

547 3834 751 3889 ERAN.
813 3834 870 3889 Si
903 3849 1031 3888 eum
1083 3841 1277 3887 contra
1307 3832 1644 3885 voluntatem
1692 3843 1912 3899 passum
1934 3842 2057 3882 esse

475 3925 807 3988 diceremus,
841 3925 1053 3993 justum
1092 3922 1321 3975 haberet
1355 3928 1677 3989 praetextum
1714 3918 1913 3981 oratio,
1948 3931 2056 3987 qua

477 4032 510 4071 a
537 4018 688 4071 vobis
706 4030 1053 4071 accusamur.
1075 4013 1211 4067 Cum
1237 4021 1422 4066 autem
1451 4020 1750 4080 spontanea
1777 4011 1959 4079 passio
2004 4010 2062 4064 et

479 4122 629 4160 mors
677 4105 989 4160 voluntaria
1034 4120 1065 4157 a
1113 4102 1273 4156 nobis
1298 4100 1649 4169 praedicetur,
1706 4116 1815 4153 non
1847 4115 1948 4153 nos
1973 4115 2064 4154 ac-

479 4197 708 4251 cusandi
731 4236 746 4261 ,
802 4195 900 4250 sed
938 4192 1209 4248 laudanda
1241 4192 1361 4262 ejus
1400 4190 1665 4245 immensa
1716 4191 1768 4243 in
1805 4188 2066 4242 homines

482 4287 814 4355 benignitas.
876 4285 1075 4340 Volens
1099 4282 1245 4337 enim
1280 4295 1474 4351 passus
1504 4288 1610 4346 est,
1664 4290 1721 4335 et
1748 4296 1844 4334 sua
1871 4288 2067 4349 sponte

482 4384 716 4430 mortem
744 4375 902 4431 obiit.

556 4550 767 4607 ORTH.
831 4547 1081 4603 Divinam
1106 4585 1122 4611 ,
1177 4554 1240 4600 ut
1287 4552 1534 4615 apparet,
1569 4554 1818 4599 naturam
1846 4542 2065 4613 penitus

488 4642 771 4713 ignoratis.
824 4638 1087 4693 Dominus
1130 4636 1277 4691 enim
1348 4637 1493 4691 Deus
1548 4636 1685 4688 nihil
1715 4635 1833 4689 vult
1871 4648 2066 4689 eorum

490 4750 611 4804 qua:
636 4734 704 4789 ab
732 4732 905 4803 ipsius
932 4738 1127 4784 natura
1156 4729 1477 4783 abhorrent.
1510 4729 1696 4783 Potest
1714 4736 1895 4782 autem
1921 4742 2069 4796 quae-

499 4842 717 4895 cunque
748 4824 866 4879 vnlt
898 4841 911 4877 :
943 4823 1062 4878 vult
1089 4831 1273 4877 autem
1308 4828 1522 4875 tantum
1563 4831 1773 4876 natura:
1800 4836 1910 4875 sua:
1949 4826 2074 4891 apta

380 4914 383 4925 ”
494 4927 548 4971 cl
584 4916 964 4986 congruentia.

567 5006 772 5060 ERAN.
808 5006 921 5060 Nos
948 5006 1249 5061 didicimus
1281 5005 1467 5061 omnia
1487 5004 1600 5058 Deo
1624 5002 1907 5072 possibilia
1924 5016 2072 5057 esse.

567 5167 774 5224 ORTH.
832 5168 966 5225 Cum
1004 5169 1291 5226 indeﬁnite
1331 5171 1596 5241 loqueris,
1645 5169 2068 5240 comprehendis

499 5260 665 5316 etiam
697 5276 761 5314 ea
800 5260 957 5331 183
993 5277 1115 5332 qua:
1145 5261 1365 5318 diabolo
1399 5260 1758 5317 conveniunt.
1790 5260 1894 5327 Qui
1918 5260 2067 5315 enim

580 5413 624 5443 ⁸³
657 5413 847 5467 Matth.
884 5428 1023 5479 xxv,
1060 5413 1122 5468 41

510 5564 865 5690 “galatea.
907 5564 1187 5623 Excidiue
1227 5564 1444 5621 videtur
1496 5558 1730 5634 ιροῦμεν
1780 5566 1875 5615 aut
1904 5558 2079 5615 simile

2128 1836 2263 1881 σεως
2296 1817 2468 1881 ἀξιον.
2494 1817 2589 1871 καὶ
2620 1816 2716 1887 τὴν
2744 1816 3010 1887 τιμωρίαν
3035 1814 3315 1883 διαφυγεῖν
3346 1812 3460 1882 (14)
3484 1830 3500 1878 ;

2207 1909 2407 1961 EPAN.
2440 1908 2657 1959 Ἔοικεν

2205 1999 2356 2052 ΟΡΘ.
2404 1996 2545 2049 Ἀλλ’
2576 1997 2726 2066 ὅμως
2748 1994 2844 2048 καὶ
2876 1993 3080 2047 τούτων
3122 1990 3265 2045 οὕτω
3291 1992 3702 2061 γεγενημένων.

2130 2089 2337 2143 δίκαιον
2366 2088 2461 2141 τὸν
2494 2088 2707 2158 κριτὴν,
2734 2087 2829 2141 καὶ⁸
2854 2088 3012 2157 ἴσμεν
3044 2085 3138 2139 καὶ
3166 2082 3520 2154 ὀνομάζομεν.

2204 2182 2407 2236 ΕΡΑΝ.
2434 2180 2707 2235 Μάλιστα.

2205 2274 2356 2329 ΟΡΘ.
2386 2274 2450 2326 Τί
2481 2273 2677 2344 δήποτε
2702 2271 2879 2324 τοίνυν
2902 2270 3109 2333 δίκαιος
3132 2267 3227 2332 ὢν,
3256 2268 3356 2322 ούκ
3383 2266 3709 2337 εἰσέπραξεν

2138 2364 2348 2416 ἐκεῖνον
2384 2365 2481 2431 τῆς
2506 2364 2685 2432 κακῆς
2709 2361 3058 2424 διδασκαλίας
3080 2360 3309 2423 εὐθύνας
3332 2375 3348 2422 ;

2209 2454 2388 2506 EPAN
2397 2492 2412 2506 .
2430 2451 2692 2522 Αύτῷτὴν
2706 2452 2965 2505 ἄσϐεστον
2981 2449 3078 2520 τῆς
3094 2449 3315 2520 γεέννης
3336 2443 3709 2501 κατεσκεύασε

2141 2542 2340 2613 φλόγα.
2390 2562 2407 2593 ε
2449 2542 2755 2612 Πορεύεσθε
2786 2541 2913 2612 γὰρ,
2948 2542 3132 2611 φησὶν.
3157 2542 3206 2593 oi
3238 2538 3603 2608 κατηραμένοι
3627 2538 3713 2599 είς

2142 2633 2202 2686 τὸ
2234 2633 2343 2703 πῦρ
2376 2633 2435 2684 τὸ
2461 2631 2700 2692 αἰώνιον,
2731 2631 2791 2683 τὸ
2823 2630 3220 2701 ἡτοιμασμένον
3249 2627 3321 2699 τῷ
3357 2627 3588 2697 διαϐόλῳ
3616 2628 3714 2680 καὶ

2142 2725 2255 2786 τοῖς
2298 2723 2550 2791 ἀγγέλοις
2588 2722 2773 2775 αὐτοῦ.
2820 2739 2839 2773 ι
2886 2719 3150 2774 Ἐνταῦθα
3194 2719 3285 2782 δὲ,
3332 2718 3519 2770 τούτου
3552 2715 3713 2786 χάριν

2146 2818 2246 2869 οὐκ
2298 2814 2656 2885 ἐκοινώνησεν
2706 2812 2799 2867 τοῦ
2847 2812 3077 2867 θανάτου
3119 2812 3231 2874 τοῖς
3274 2808 3580 2880 μαθηταῖς,
3636 2806 3718 2868 ὡς

2151 2906 2315 2976 φύσιν
2344 2905 2481 2975 ἔχων
2514 2904 2802 2959 ἀθάνατον.

2221 2996 2372 3049 ΟΡΘ.
2402 2995 2540 3050 Οὐδὲ
2558 2996 2606 3047 οί
2634 2994 2701 3047 τά
2727 2994 2958 3064 μέγιστα
2981 2993 3090 3064 ἀρα
3108 2990 3592 3063 πλημμελήσαντες
3612 2987 3721 3047 θα-

2145 3089 2307 3143 νάτου
2336 3089 2537 3142 οίονται
2571 3089 2885 3158 μετασχεῖν,
2931 3087 2981 3139 εἰ
3013 3085 3175 3156 φύσιν
3216 3084 3483 3139 ἀθάνατον
3517 3082 3723 3152 ἔχοιεν.

2212 3263 2420 3318 ΕΡΑΝ.
2468 3261 2849 3333 Ὥμολόγηται.

2217 3357 2371 3410 ΟΡΘ.
2410 3356 2471 3409 Ei
2504 3354 2685 3407 τοίνυν
2716 3353 2836 3405 οὐδὲ
2869 3351 3033 3416 αὐτὸς
3061 3350 3090 3404 δ
3122 3349 3221 3420 τῆς
3250 3348 3449 3413 κακίας
3488 3347 3727 3419 εὑρετὴς

2152 3447 2247 3500 καὶ
2269 3445 2589 3507 διδάσκαλος
2618 3443 2880 3514 μετέλαχε
2906 3442 3139 3496 θανάτου
3177 3440 3267 3494 διὰ
3296 3439 3393 3511 τήν
3421 3440 3732 3493 ἀθανασίαν

2153 3537 2257 3607 τῆς
2286 3537 2508 3605 φύσεως
2536 3577 2549 3598 ,
2580 3536 2697 3598 πῶς
2733 3535 2795 3587 ού
2846 3535 3150 3604 πεφρίκατε
3194 3532 3443 3601 λέγοντες
3488 3531 3588 3601 τὴν
3627 3531 3734 3599 τῆς

2153 3627 2455 3690 ἀθανασίας
2515 3627 2610 3680 καὶ
2676 3625 3024 3696 δικαιοσύνης
3081 3624 3268 3696 πηγὴν
3326 3620 3733 3692 μετεσχηκέναι

2155 3718 2386 3773 θανάτου
2402 3734 2419 3783 ;
2480 3700 2490 3712 ’

2231 3812 2436 3866 EPAN.
2474 3811 2537 3864 ΕΞ
2592 3809 2691 3880 μὲν
2732 3806 3004 3870 ἀκουσίως
3042 3805 3205 3861 αύτδν
3246 3802 3730 3875 ὑπομεμενηκέναι

2159 3905 2220 3958 τὸ
2249 3903 2420 3967 πάθος
2453 3902 2715 3972 ἐλέγομεν
2744 3900 2879 3969 (15),
2925 3898 3083 3968 ἔσχεν
3120 3896 3186 3950 ἃν
3217 3897 3497 3966 πρότασιν
3529 3896 3564 3965 ή
3605 3889 3750 3945 καθ’

2165 3998 2320 4066 ἡμῶν
2359 3994 2488 4065 παρ’
2519 3992 2671 4063 ὑμῶν
2695 3987 2951 4060 γινομένη
2996 3985 3301 4058 κατηγορία
3322 3984 3558 4037 δικαίαν.
3582 3982 3648 4035 Εἰ
3682 3982 3731 4036 δ⁵

2163 4085 2483 4155 αὐθαίρετον
2504 4082 2567 4136 τὸ
2591 4081 2757 4145 πάθος
2781 4081 2875 4134 καὶ
2893 4082 2921 4134 ὁ
2943 4079 3173 4141 θάνατος
3199 4074 3499 4137 ἐθελούσιος
3523 4071 3741 4144 κηρύσ-

2170 4194 2321 4230 σεται
2356 4177 2488 4247 παρ⁹
2515 4174 2695 4245 ήμῶν,
2738 4174 2799 4225 ού
2842 4171 3163 4241 κατηγορεῖν
3188 4167 3365 4238 ἡμῶν,
3389 4166 3501 4220 ἀλλ’
3540 4165 3741 4233 ὑμνεῖν

2176 4268 2447 4337 προσήκει
2475 4264 2573 4333 τὴν
2601 4263 2698 4331 τῆς
2718 4260 3126 4330 φιλανθρωπίας
3156 4256 3481 4328 ὑπερϐολήν.
3517 4253 3747 4323 Ἐθελή-

2100 4390 2147 4447 D
2176 4374 2273 4419 σας
2302 4355 2410 4425 γὰρ
2456 4351 2719 4419 πέπονθε,
2768 4351 2862 4404 καὶ
2904 4347 3180 4420 βουληθεὶς
3206 4346 3301 4399 τοῦ
3331 4344 3561 4398 θανάτου
3600 4359 3742 4412 μετ-

2174 4448 2429 4515 έσχηκεν.

2314 4465 2429 4499 κεν.

2239 4465 2391 4589 ὗτέθ.
2407 4536 2666 4604 Πάμπαν,
2680 4531 2754 4594 ὼς
2774 4529 2937 4594 ἔοικε,
2950 4528 3047 4598 τὴν
3064 4527 3214 4581 θείαν
3234 4526 3535 4597 ἠγνοήκατε
3552 4524 3742 4592 φύσιν.

2182 4629 2242 4681 Ὀ
2266 4629 2376 4699 γάρ
2407 4626 2683 4691 Δεσπότης
2700 4623 2830 4684 Θεδς
2849 4621 3001 4674 οὐδὲν
3030 4615 3104 4671 ὧν
3131 4621 3206 4689 μὴ
3231 4618 3440 4686 πέφυκε
3462 4615 3744 4686 βούλεται,

2173 4720 2353 4773 πάντα
2399 4718 2455 4771 δὲ
2488 4718 2589 4770 ὅσα
2625 4713 2872 4784 βούλεται
2897 4709 3141 4764 δύναται.
3186 4708 3440 4760 Βούλεται
3469 4706 3526 4758 δὲ
3567 4706 3637 4759 τά
3671 4707 3743 4775 τῇ

2172 4810 2350 4879 οἰκείᾳ
2380 4808 2541 4877 φύσει
2574 4805 2860 4879 πρόσφορά
2882 4820 2940 4856 τε
2975 4802 3069 4857 καὶ
3101 4800 3401 4871 πρέποντα.

2242 4982 2449 5037 EPAN.
2491 4981 2681 5052 Ἡμεῖς
2720 4978 3123 5050 μεμαθήκαμεν
3160 4974 3377 5030 ἅπαντα
3418 4968 3624 5023 δυνατά
3663 4968 3756 5042 τῷ

2173 5076 2312 5130 Θεῶ.
2476 5105 2489 5120 ι

2245 5095 2396 5222 ἔΡΘ.
2438 5164 2726 5237 ’Δορίστως
2749 5161 3181 5232 ἀποφαινόμενος
3204 5151 3754 5228 συμπεριλαμϐάνεις

2175 5258 2249 5330 τῷ
2286 5258 2424 5330 λόγῳ
2456 5257 2551 5311 καὶ
2578 5256 2680 5311 ὅσα
2728 5254 2999 5326 προσήκει
3036 5254 3104 5323 τῇ
3141 5249 3235 5306 τοῦ
3260 5244 3505 5301 διαϐόλου
3537 5241 3753 5316 μερίδι.

2193 5558 2304 5632 (15)
2339 5560 2416 5614 ἐλ.
2455 5559 2601 5617 Edit.
2630 5561 2784 5617 Rom.
2817 5569 2872 5618 et
2911 5558 3058 5633 Lips.
3090 5558 3339 5631 λέγομεν.
