4010 6212
256 331 373 391 229

1300 331 1676 393 DIALOGUS
1716 332 1832 392 Ill.
1871 357 1939 366 -
1977 332 2465 398 IMPATIBILIS.

3413 341 3522 402 2'30

269 436 331 488 '0
369 438 479 508 γὰρ
507 434 795 520 ἀπολύτως
826 437 1004 493 πάντα
1028 437 1230 504 είπὼν,
1260 440 1355 494 καὶ⁹
1393 440 1461 494 τά
1501 441 1706 511 ἀγαθὰ,
1741 444 1838 496 καὶ

1969 442 2192 500 ιιιεοιιιιε
2225 448 2408 502 omnia
2452 448 2609 514 dicit,
2665 449 2830 502 simul
2862 449 3004 504 bona
3049 457 3106 504 et
3133 449 3220 503 his
3245 453 3517 506 contraria

257 530 327 580 τὰ
367 544 574 581 τούτων
597 527 816 579 ἐναντία
848 529 990 582 κατά
1021 530 1216 583 ταύτδν
1252 533 1492 604 εῖρηκεν.

327 617 536 672 EPA‘N.
585 617 642 670 Ὀ
670 614 766 671 οὖν
808 622 1054 687 γενναῖος
1103 620 1225 674 Ἰὼϐ
1253 625 1355 676 οὐκ
1383 622 1667 688 ἀπολύτως
1694 625 1844 695 εἴρη-

261 730 375 779 κεν,
421 730 441 763 ι
479 705 614 766 Οἶδα
641 711 726 764 ὅτι
762 711 940 767 πάντα
983 713 1241 785 δύνασαι,
1273 717 1528 772 ἀδυνατεῖ
1557 719 1613 772 δέ
1645 737 1726 773 σοι
1755 721 1844 774 ού-

258 805 378 867 δέν;
422 823 444 856 ι

326 896 482 951 οΡΘ.
527 899 591 951 Ei
635 899 925 966 ἀναγνοίη..
968 897 1037 952 τὰ
1069 897 1148 970 τῷ
1190 897 1384 970 δικαίῳ
1421 901 1798 972 προειρημένα
1825 942 1841 966 ,

256 988 350 1041 καὶ
378 987 472 1040 τὸν
501 987 710 1042 τούτων
760 989 820 1053 ἐξ
866 988 1097 1041 ἐκείνων
1124 987 1381 1058 εὑρήσεις
1423 988 1646 1042 σκοπόν.
1696 990 1841 1061 Ἔφη

251 1080 308 1133 δὲ
333 1078 548 1143 οὕτως’
591 1097 612 1132 ι
647 1080 933 1152 Μνήσθητι
957 1081 1040 1134 ὅτι
1065 1078 1235 1150 πηλόν
1275 1096 1344 1150 με
1375 1078 1639 1145 ἔπλασας,
1674 1082 1752 1144 είς
1785 1081 1843 1135 δὲ

253 1172 361 1241 γῆν
396 1190 466 1242 με
492 1173 880 1244 ἀποστρέφεις·
908 1171 1018 1244 (16)
1039 1171 1072 1243 ἢ
1094 1173 1192 1242 οὐχ
1206 1171 1282 1236 ὼς
1309 1173 1449 1240 γάλα
1482 1190 1547 1243 με
1576 1172 1838 1243 ἠμελξαςο

253 1263 465 1334 ἔπηξας
492 1263 552 1318 δέ
597 1281 665 1336 με
691 1261 786 1318 ἴσα
817 1264 1002 1335 τυρῷ;
1048 1264 1235 1335 Δὲρμα
1266 1264 1362 1318 καὶ
1393 1265 1562 1333 κρέας
1589 1264 1844 1328 ὲνέδυσάς

258 1373 345 1426 με,
381 1355 595 1418 ὀστέοις
626 1355 682 1408 δὲ
723 1356 818 1408 καὶ
849 1357 1064 1426 νεύροις
1097 1355 1314 1424 ὲνεῖρὰς
1349 1369 1436 1424 με’
1473 1354 1619 1424 ζωὴν
1649 1354 1706 1407 δὲ
1746 1353 1842 1407 καὶ

254 1445 406 1498 ελεον
444 1444 572 1497 ἔθου
616 1446 745 1516 παρ’
773 1445 896 1515 ἐμοὶ
922 1485 938 1510 ,
974 1446 1008 1515 ἡ
1045 1445 1103 1498 δὲ
1144 1445 1417 1515 ὲπισκοπή
1453 1462 1544 1497 σου
1574 1444 1840 1513 ἐφύλαττέ.

255 1554 360 1608 μου
377 1536 440 1589 τὸ
462 1536 705 1606 πνεῦμα.
728 1555 747 1588 ι
775 1535 999 1598 Τούτοις
1019 1535 1234 1602 ἐπάγει,
1259 1555 1277 1585 ι
1301 1535 1488 1589 Ταῦτα
1505 1535 1642 1605 ἔχων
1658 1539 1715 1589 ὲν
1730 1536 1839 1605 (i7)

253 1629 516 1699 ἐμαυτῷ,
566 1624 684 1681 οῖδα
725 1628 806 1681 ὅτι
855 1628 1032 1682 πάντα
1060 1626 1290 1680 δύνασαι
1313 1666 1328 1689 ,
1367 1627 1623 1680 ἀδυνατεῖ
1659 1643 1738 1680 σοι
1783 1627 1839 1680 δὲ

252 1722 429 1776 οὐδέν.
453 1741 473 1772 ι
509 1718 721 1774 Οὐκοῦν
761 1719 862 1772 ὃσα
891 1716 1101 1780 τούτοις
1125 1715 1434 1786 συμϐαίνει,
1471 1715 1563 1770 καὶ
1598 1718 1662 1786 τῇ
1697 1717 1838 1788 ἀκη-

257 1813 406 1883 ράτῳ
437 1810 600 1879 φύσει
627 1809 859 1882 πρέπειν
890 1808 995 1878 ἔφη
1019 1807 1154 1879 (l8),
1188 1806 1269 1878 τῷ
1293 1806 1403 1859 τῶν
1432 1806 1569 1860 ὅλων
1593 1805 1749 1877 Θεῷς
1802 1805 1805 1809 ’

325 1992 546 2046 EPAN.
577 1992 739 2046 Οὐδὲν
769 1989 1031 2044 ἀδύνατον
1064 1989 1144 2058 τῷ
1171 1987 1570 2059 παντοδυνάμῳ
1597 1988 1738 2059 Θεῷ.

328 2084 494 2138 ΟΡΘ.
537 2084 639 2137 Καὶ
668 2082 730 2135 τὸ
759 2081 1104 2152 ἁμαρτάνειν
1135 2079 1246 2151 ἄρα
1280 2079 1510 2133 δυνατὸν
1537 2079 1616 2148 τῷ
1644 2097 1843 2134 παντο·

251 2175 490 2244 δυνάμφ
515 2172 652 2242 θεῷ,
679 2172 823 2226 κατά
846 2187 911 2240 γε
937 2161 1030 2224 τὸν
1055 2170 1179 2242 ὅρον
1211 2167 1302 2222 τὸν
1333 2168 1426 2222 σόν
1451 2184 1464 2198 ⁶

325 2267 540 2322 EPAN.
580 2265 865 2336 Οὐδαμῶς.

322 2360 485 2414 υΡΘ.
522 2358 623 2411 Διὰ
651 2357 702 2411 τί
723 2374 740 2423 ;

323 2450 541 2505 ΕΡΔΝ.
593 2448 922 2520 Ἐπειδήπερ
952 2447 1014 2501 ού
1059 2445 1328 2517 βούλεται.

322 2543 484 2598 ΟΡΘ.
512 2536 587 2598 Ob
607 2542 663 2595 δὲ
688 2541 848 2611 χάριν
871 2541 932 2592 οὐ
965 2538 1214 2609 βούλεται
1235 2555 1250 2603 ;

319 2634 536 2693 ΕΡΔΝ.
576 2633 796 2703 Ἐπειδὴ
818 2631 918 2702 τῆς
939 2631 1156 2702 φύσεως
1181 2628 1400 2700 ἐκείνης
1417 2627 1479 2682 τὸ
1503 2628 1842 2700 ἁμαρτάνειν

244 2731 566 2799 ἀλλότριον.

314 2819 488 2875 οΡΘ.
535 2815 713 2872 Πολλά
757 2815 937 2870 τοίνυν
980 2814 1044 2868 ού
1078 2813 1334 2868 δύναται⁹
1371 2811 1541 2867 πολλὰ
1584 2815 1694 2886 γὰρ
1724 2814 1840 2886 εῐδη

239 2914 361 2984 πλη
372 2930 420 2983 μ
426 2911 564 2982 μελη
572 2909 756 2980 μάτων
763 2946 777 2960 .

313 3002 539 3059 ΕΡΑΝ.
569 2999 738 3057 Οὐδὲν
763 2999 872 3052 τῶν
900 2997 1155 3052 τοιούτων
1182 2998 1216 3068 ἢ
1247 2996 1531 3069 βουλητὸν,
1559 2997 1592 3068 ἢ
1618 2995 1842 3051 δυνατὸν

239 3097 326 3170 τῷ
361 3093 511 3165 Θεῷ.

312 3174 484 3239 ϋΡΘ.
514 3181 658 3236 Ούτε
695 3180 803 3254 μὴν
835 3182 1037 3245 ἐκεῖνα,
1071 3177 1107 3232 ά
1137 3179 1236 3250 τῆς
1267 3177 1484 3248 φύσεώς
1509 3179 1655 3232 ἐστιν
1685 3179 1841 3232 ἐνανο

239 3279 337 3331 τία
364 3275 476 3344 τῆς
503 3272 674 3335 θείας.

313 3366 538 3423 ΕΡΑΝ.
576 3365 710 3418 Ποῖα
741 3361 920 3417 ταῦτα
942 3379 957 3428 ;

313 3457 484 3512 0P6.
509 3449 658 3518 υἶον,
690 3453 806 3523 φῶς
849 3451 1037 3521 νοερόν
1068 3467 1128 3505 τε
1166 3450 1260 3506 καὶ
1294 3449 1547 3522 ἀληθινὸν
1571 3443 1714 3502 εἶναι
1747 3448 1839 3503 τὸν
1885 3444 1890 3450 ’

241 3551 386 3603 Θεὸν
433 3545 686 3616 ἐδιδάχθη
695 3562 815 3616 μεν.

313 3639 533 3696 EPAN.
587 3637 845 3708 uinea»;

317 3730 483 3788 ΟΡΘ.
531 3729 675 3783 Ἀλλ’
701 3729 796 3782 ούκ
830 3728 897 3782 ἂν
934 3728 1098 3780 αύτδν
1137 3720 1377 3798 φαίημεν
1407 3728 1618 3794 σκότος,
1653 3727 1685 3797 ἢ
1714 3725 1836 3797 βου-

247 3824 486 3894 ληθῆναι
505 3861 523 3886 ,
555 3822 591 3893 ἢ
617 3820 912 3892 δυνηθῆναι
940 3819 1215 3890 γενέσθαι.

319 3917 535 3972 εΡΑΝ.
571 3914 859 3985 Οὐδαμῶς.

319 4009 478 4064 οΡΘ.
510 4008 684 4063 Πάλιν
705 4007 938 4078 ἀόρατον
964 4005 1130 4060 αὐτοῦ
1160 4003 1259 4076 τὴν
1286 4003 1450 4075 φύσιν
1480 4005 1513 4078 ἠ
1545 4004 1663 4058 θεία
1686 4004 1836 4073 λέγει

259 4102 470 4173 Γριφήο

321 4195 534 4250 EPAN.
572 4193 730 4248 Οὖτω
756 4192 928 4262 λέγει.

324 4285 478 4338 υΡΘ.
540 4283 683 4337 Ἀλλ’
709 4283 910 4354 ὁρατὴν
939 4280 1112 4352 αὐτὴν
1144 4279 1246 4334 ούκ
1281 4279 1348 4335 ἂν
1383 4279 1632 4348 εἴποιμεν
1675 4279 1834 4332 δύνα-

266 4378 379 4430 σθαι
404 4375 662 4444 γενέσθαι
687 4375 839 4429 ποτέ.

327 4468 529 4521 ΕΡΑΝ.
576 4467 652 4520 Οὐ
687 4466 842 4537 δῆτα.

326 4559 474 4612 ΟΡΘ.
510 4557 652 4612 Οὔτε
685 4557 790 4628 μὴν
818 4555 1190 4626 καταληπτὴν.

327 4652 530 4706 εΡΑΝ.
573 4651 648 4704 Ού
680 4649 810 4722 γάρ.

330 4743 482 4797 οΡΘ.
547 4741 964 4813 Ἀκατάληπτος
996 4740 1106 4812 γάρ
1136 4739 1255 4792 ἐστι
1275 4775 1292 4805 ,
1328 4739 1427 4792 καὶ
1473 4735 1713 4808 πάμπαν
1740 4738 1838 4794 άν-

333 4928 531 4982 EPAN.
581 4927 779 4996 Ἀληθῆ
811 4926 1012 4994 λέγεις.

332 5020 473 5073 ΟΡθ.
509 5017 722 5073 Οὐκοῦν
750 5017 871 5071 οὐδὲ
894 5017 925 5070 ὀ
951 5015 1025 5070 ὣν
1052 5015 1247 5085 γένοιτ’
1274 5015 1342 5071 ἂν
1371 5015 1473 5070 ούκ
1499 5015 1594 5069 ὢν.

333 5111 523 5166 ΣΡΑΝ.
565 5112 801 5179 Ἄπαγε.

335 5204 471 5258 οΡΘ.
505 5202 644 5256 Ούδέ
674 5219 738 5270 γε
763 5203 792 5255 ὀ
821 5199 1012 5272 Πατὴρ
1043 5199 1196 5264 Υἱός.

338 5295 527 5349 EPAN.
571 5294 694 5347 Τῶν
718 5293 1016 5349 ἀδυνάτων.

339 5387 474 5442 0P8.
511 5385 652 5441 οὐδὲ
683 5402 746 5455 γε
774 5385 1070 5456 ἁγέννητος
1107 5386 1213 5456 ἄρα
1246 5381 1667 5453 γεγεννημένος.

333 5543 375 5575 ⁸⁸
400 5544 501 5600 Job
533 5561 604 5610 ι,
650 5544 738 5599 15.
812 5542 858 5575 ⁸⁸
892 5543 1027 5598 ibid.
1061 5540 1209 5599 9-12.
1288 5538 1332 5572 ⁸⁸
1365 5537 1501 5596 ibid.
1542 5537 1628 5592 i3.

360 5683 435 5740 Nil
457 5685 694 5740 άποστο.
725 5683 888 5738 Deest
925 5679 1105 5735 πάλιν.

360 5684 435 5740 Nil
457 5685 634 5738 ἀποστ
681 5723 694 5737 .
725 5684 888 5738 Deest
925 5700 964 5734 π

339 5684 438 5825 im
462 5758 557 5826 ἐμ.
593 5702 698 5810 Arii
737 5753 966 5824 σεαυτῷ.

1946 537 2352 604 complectitur.

2016 624 2224 681 ERAN.
2263 629 2458 684 Annon
2494 631 2744 688 absolute
2767 633 2926 688 fortis
2944 633 3288 690 Jobusdixit
3313 651 3327 687 ε
3354 652 3371 683 ι
3395 631 3521 689 Seio

1945 722 1998 770 te
2022 717 2204 774 omnia
2241 736 2423 790 posse,
2473 732 2530 778 et
2559 725 2697 779 nihil
2732 725 2828 779 tibi
2854 743 2975 782 esse
3014 726 3352 796 impossibile
3370 725 3461 780 “‘l
3497 745 3515 778 ι

2011 888 2219 945 ORTII.
2252 891 2307 946 Si
2342 894 2542 963 legeris
2569 911 2690 965 quae
2719 911 2748 950 a
2771 895 2920 966 justo
2945 905 3070 950 ante
3098 896 3242 951 dicta
3271 904 3421 960 sunt,
3443 893 3509 952 fa-

1942 981 2048 1034 cile
2081 982 2277 1036 horum
2300 998 2524 1054 scopum
2548 1002 2616 1041 ex
2640 987 2749 1042 illis
2766 988 3034 1042 invenies.
3056 987 3145 1042 Sic
3175 989 3322 1042 enim
3349 988 3516 1042 dixit:

1951 1090 1970 1122 ¢
2007 1073 2280 1128 Memento
2325 1085 2377 1130 te
2407 1077 2550 1131 sicut
2581 1078 2756 1131 lutum
2789 1077 3056 1132 formasse
3091 1095 3198 1142 me,
3228 1079 3282 1132 in
3314 1087 3518 1134 terram

1941 1171 2122 1218 autem
2155 1181 2242 1220 me
2277 1182 2471 1222 rursus
2493 1169 2788 1222 convertis.
2827 1170 3018 1224 Nonne
3065 1171 3208 1224 sicut
3254 1171 3340 1225 lac
3372 1171 3513 1224 mul-

1941 1254 2061 1310 siin
2093 1272 2178 1310 me
2201 1295 2216 1319 ,
2256 1265 2311 1311 et
2336 1261 2479 1314 sicut
2505 1275 2725 1314 caseum
2752 1264 2766 1279 ⁸
2804 1277 2890 1314 me
2929 1262 3268 1331 coagulasti?
3297 1263 3442 1316 Pelle
3465 1273 3519 1316 et

1941 1349 2200 1405 carnibus
2250 1352 2475 1406 induisti
2517 1369 2624 1419 me,
2644 1355 2862 1408 ossibus
2892 1364 2949 1408 et
2980 1355 3164 1409 nervis
3199 1357 3518 1426 compegisti

1941 1456 2049 1505 me,
2102 1442 2268 1496 vitam
2307 1453 2362 1497 et
2405 1445 2838 1500 misericordiam
2861 1447 3102 1501 tribuisti
3134 1448 3290 1512 mihi,
3330 1449 3516 1502 visita-

1943 1531 2020 1584 tio
2049 1540 2138 1586 tua
2183 1535 2479 1589 custodivit
2509 1537 2760 1606 spiritum
2793 1555 2974 1593 meum
2997 1541 3062 1592 ⁶⁵.
3094 1559 3112 1590 ι
3156 1541 3348 1594 Postea
3387 1541 3519 1593 sub-

1936 1623 2162 1694 jungit:
2201 1644 2218 1674 ι
2252 1626 2378 1681 Haec
2428 1626 2639 1682 habens
2689 1628 2744 1682 in
2795 1630 3040 1700 mcipso,
3076 1631 3189 1685 scio
3245 1639 3294 1685 te
3337 1631 3520 1685 omnia

1941 1729 2122 1782 posse,
2163 1724 2219 1769 et
2258 1717 2394 1771 nihil
2425 1718 2525 1772 tibi
2564 1733 2683 1772 esse
2731 1719 3073 1789 impossibile
3091 1722 3154 1773 ⁸⁸.
3203 1741 3220 1771 ι
3279 1721 3358 1775 An
3388 1737 3522 1791 ergo

1875 1789 1914 1843 Β
1944 1820 2284 1876 (ιιιωοιιηιιιιο
2323 1807 2410 1862 bis
2461 1808 2796 1863 conveniunt
2838 1810 3002 1863 etiam
3050 1810 3520 1880 ineorruptibilem

1946 1898 2145 1955 decere
2166 1909 2419 1954 naturam
2448 1902 2605 1966 dixit,
2640 1903 3022 1957 universorum
3055 1905 3225 1958 Deum
3249 1906 3270 1958 ’ἶ

2010 1989 2217 2044 ERAN.
2240 1991 2386 2044 Nihil
2414 2006 2522 2045 non
2552 2002 2733 2061 potest
2753 1994 2847 2063 qui
2873 1994 3054 2048 omnia
3078 2002 3260 2064 potest
3290 1995 3452 2050 Deus.

2015 2081 2226 2136 ORTH.
2249 2085 2392 2154 Ergo
2407 2084 2572 2138 etiam
2601 2100 2829 2154 peccare
2846 2095 3028 2155 potest
3053 2087 3147 2157 qui
3171 2097 3256 2142 est
3275 2088 3522 2157 omnipo-

1947 2179 2066 2227 tens
2099 2174 2264 2239 Deus,
2289 2183 2350 2229 ut
2376 2184 2431 2228 tu
2455 2175 2680 2245 quidem
2703 2177 2917 2232 deﬂnis.

2011 2265 2216 2319 ERAN.
2245 2266 2406 2320 Nullo
2437 2267 2600 2322 modo

2009 2354 2221 2410 ORTH.
2253 2355 2478 2422 Quare?

2007 2445 2214 2502 ERAN.
2255 2447 2392 2514 Quia
2427 2465 2538 2503 non
2569 2451 2707 2504 vult.

2008 2538 2220 2594 ORTH.
2255 2541 2367 2597 Cur
2387 2552 2571 2598 autem
2598 2560 2705 2599 non
2728 2545 2886 2601 vult?

2012 2631 2219 2687 ERAN.
2247 2632 2384 2702 Quia
2419 2651 2647 2705 peccare
2678 2637 2916 2694 alienum
2939 2647 3025 2693 est
3048 2638 3116 2692 ab
3144 2638 3234 2693 illa
3266 2647 3482 2693 natura.

2013 2812 2224 2868 ORTH.
2259 2813 2428 2870 Multa
2453 2830 2586 2886 ergo
2616 2832 2726 2871 non
2765 2825 2968 2887 potest,
3013 2833 3136 2872 cum
3167 2828 3519 2889 peccatorum

1943 2906 2113 2959 multa
2141 2905 2251 2960 sint
2280 2922 2500 2976 genera.

2005 2997 2213 3051 ERAN.
2235 2997 2382 3051 Nihil
2414 2998 2608 3052 horum
2634 3007 2729 3053 aut
2751 2998 2870 3053 vult
2895 3005 2990 3053 aut
3009 3008 3189 3069 potest
3211 2999 3376 3056 Deus.

2018 3192 2180 3266 184
2206 3191 2415 3248 ORTH.
2453 3192 2714 3264 Adeoque
2749 3208 2854 3249 nec
2885 3193 2976 3249 illa
3018 3210 3139 3265 quae
3180 3195 3382 3254 divinae
3423 3213 3522 3255 na-

1951 3293 2088 3338 tura:
2119 3285 2394 3339 contraria
2429 3293 2574 3338 sunt.

2008 3375 2216 3429 ERAN.
2246 3374 2506 3441 Quaenam
2527 3382 2658 3431 sunt
2688 3375 2854 3430 haec?

2002 3467 2210 3522 ORTH.
2231 3467 2402 3534 Quale
2425 3475 2528 3531 est,
2559 3467 2706 3538 quod
2731 3467 3126 3538 intelligentem
3147 3479 3202 3524 et
3228 3485 3411 3524 veram
3433 3469 3519 3526 lu-

1939 3576 2057 3616 cem
2086 3561 2258 3614 Deum
2281 3576 2401 3614 esse
2429 3560 2741 3615 didicimus.

2012 3651 2221 3706 ERAN.
2259 3651 2460 3705 Verum
2480 3657 2584 3702 est.

2013 3740 2225 3797 ORTI-l.
2265 3739 2372 3793 Sed
2404 3752 2582 3806 neque
2620 3736 2874 3792 tenebras
2907 3737 3082 3807 ipsum
3109 3738 3249 3792 velle
3279 3748 3334 3793 et
3360 3754 3520 3809 posse

1944 3832 2062 3887 ﬁeri
2096 3831 2416 3885 dixerimus.

2012 3922 2218 3977 ERAN.
2241 3920 2403 3975 Nullo
2423 3917 2606 3972 modo.

2011 4011 2222 4068 OItTH.
2254 4011 2524 4066 Praeterea
2548 4007 2881 4062 invisibilem
2921 4006 3094 4077 ipsius
3119 4017 3368 4062 naturam
3396 4025 3518 4066 esse

1938 4104 2123 4160 divina
2145 4103 2278 4158 dicit
2311 4103 2616 4171 Scriptura.

2009 4196 2213 4251 ERAN.
2247 4195 2339 4250 Sic
2366 4195 2518 4250 dicit.

1997 4288 2208 4343 ORTH.
2247 4286 2353 4341 Sed
2394 4285 2664 4343 visibilem
2696 4299 2822 4340 eum
2863 4283 2979 4339 fieri
3019 4283 3315 4354 aliquando
3356 4299 3516 4356 posse

1939 4396 2046 4434 non
2073 4379 2395 4434 dixerimus.

1868 4457 1918 4516 ι)
2012 4468 2219 4523 ERAN.
2247 4468 2489 4523 Minime.

2005 4559 2216 4614 ORTH.
2243 4559 2432 4628 Neque
2455 4573 2588 4612 vero
2619 4556 3196 4628 comprehensibilem.

2000 4651 2206 4706 ERAN.
2229 4650 2607 4720 Nequaquam.

2005 4742 2216 4796 ORTH.
2257 4742 2353 4796 Est
2371 4741 2518 4795 enim
2551 4739 3140 4808 incomprehensibilis,
3164 4745 3220 4793 ct
3249 4737 3314 4793 ad
3351 4753 3512 4810 quam

1937 4835 2172 4907 pertingi
2207 4850 2434 4905 prorsus
2454 4849 2563 4887 non
2582 4833 2777 4902 possit.

2010 4925 2218 4983 ERAN.
2251 4925 2394 4981 Vera
2433 4923 2593 4978 dicis.

2011 5015 2219 5074 ORTH.
2248 5018 2392 5088 Ergo
2421 5031 2524 5072 nec
2545 5014 2638 5088 qui
2665 5021 2749 5070 est
2773 5012 2888 5069 ﬁeri
2912 5021 3093 5084 potest
3120 5020 3179 5067 ut
3208 5029 3316 5069 non
3349 5014 3440 5070 sit.

2011 5110 2218 5165 ERAN.
2254 5111 2411 5166 Absit
2431 5112 2444 5165 ι

2003 5199 2213 5254 ORTH.
2237 5201 2426 5270 Neque
2455 5208 2514 5254 ut
2543 5199 2637 5271 qui
2677 5201 2838 5255 Pater
2858 5209 2940 5254 est
2981 5198 3052 5253 sit
3082 5198 3273 5254 Filius.

2008 5292 2215 5347 ERAN.
2254 5293 2601 5362 lmpossibile
2625 5299 2730 5348 est.

2007 5381 2216 5438 ORTH.
2257 5382 2444 5452 Neque
2470 5389 2531 5436 ut
2553 5382 2827 5452 ingenitus
2858 5379 2929 5435 sit
2954 5380 3194 5450 genitus.

2008 5665 2473 5739 (18)τῷ-Θεῷ.
2502 5665 2604 5722 Ed.
2659 5666 2818 5722 Rom.
2867 5675 2923 5722 et
2967 5664 3114 5738 Lips.
3164 5661 3516 5723 τὸν-Θεόν.

1931 5737 2110 5794 mnus
2136 5738 2295 5794 bene.
2428 5737 2435 5739 “
3036 5737 3040 5738 “
3530 5782 3532 5784 ,
