4010 6212
468 305 564 370 931

532 420 548 433 ‘
579 410 784 468 ERAN.
809 408 1095 475 Quomodo
1117 409 1220 463 hoc
1246 407 1358 462 ﬁeri
1380 407 1594 476 posset?

526 503 732 562 OltTli.
765 503 868 558 Sed
894 518 1071 570 neque
1109 501 1280 554 Filius
1301 499 1408 553 erit
1435 513 1674 567 unquam
1697 498 1875 551 Pater.

535 597 741 654 ERAN.
768 596 1140 664 Nequaquam.

532 687 742 744 Oll’Ill.
790 686 978 754 Neque
1017 683 1255 753 Spiritus
1298 688 1520 741 sanctus
1553 693 1794 750 unquam
1826 677 1932 732 erit
1955 675 2043 730 Fi-

468 781 576 834 lius
611 787 705 831 aut
732 777 910 830 Pater.

529 869 737 924 ERAN.
765 867 892 921 Haec
920 863 1105 920 omnia
1140 861 1497 932 impossibilia
1530 871 1676 916 sunt.

539 960 749 1016 ORTH.
780 958 945 1012 Multa
985 956 1149 1010 etiam
1183 955 1286 1008 alia
1313 952 1583 1023 ejusmodi
1613 950 1853 1022 reperire
1890 951 2038 1014 licet,

467 1069 590 1124 qua:
645 1053 898 1106 similiter
949 1056 1078 1102 sunt
1126 1045 1507 1115 impossibilia.
1560 1044 1672 1099 Nec
1723 1043 1870 1098 enim
1896 1042 2044 1112 quod

467 1150 736 1196 zeternum
764 1144 849 1192 est
869 1137 1036 1191 fuerit
1071 1135 1128 1189 in
1161 1143 1432 1203 tempore,
1469 1131 1627 1202 185
1649 1147 1752 1186 nec
1779 1131 1926 1200 quod
1956 1131 2043 1184 in-

469 1241 712 1289 creatum
736 1239 984 1285 creatum
1010 1238 1177 1296 atque
1203 1225 1428 1287 factum,
1471 1239 1572 1278 nec
1590 1223 1738 1293 quod
1770 1222 2046 1276 inﬁnitum

472 1325 710 1388 ﬁnitum,
747 1330 803 1378 et
829 1337 950 1392 quae
983 1321 1068 1374 his
1093 1327 1221 1374 sunt
1247 1317 1466 1371 similia.

542 1413 749 1470 ERAN.
781 1411 928 1466 Nihil
952 1411 1145 1464 horum
1173 1417 1252 1462 est
1281 1406 1560 1476 possibile.
1985 1457 1988 1460 ,

537 1505 748 1561 OR'I‘H.
781 1504 947 1557 Multa
975 1501 1141 1571 igitur
1171 1499 1502 1562 invenimus,
1540 1512 1663 1568 quin
1681 1495 2046 1566 omnipotenti

475 1599 584 1652 Deo
607 1603 736 1651 sunt
766 1591 1144 1663 impossibilia.

538 1684 745 1740 ERAN.
775 1684 937 1738 Vere.

1450 298 1933 360 THEODORETI
1969 294 2304 357 EPISCOPI
2342 296 2704 359 CYRENSIS

2065 413 2109 465 Α
2211 403 2412 458 EPAN.
2449 405 2572 468 Πῶς
2609 404 2753 474 γὰρ;

3614 287 3742 354 232

2212 496 2371 549 ΟΡΘ.
2408 495 2544 549 Οὔτε
2580 496 2686 566 μὴν
2721 495 2847 558 Υἱὸς
2880 494 3076 561 γένοιτ’
3116 495 3182 548 ἂν
3207 511 3336 548 ποτε
3367 496 3396 549 ὁ
3425 497 3635 569 Πατήρ.

2211 589 2416 642 ΕΡΑΝ.
2466 587 2733 657 Οὐδαμῶς

2213 681 2345 734 ΟΡΘ
2401 679 2536 732 υύδὲ
2557 696 2618 749 γε
2641 680 2702 732 τὸ
2731 677 2954 749 Πνεῦμα
2980 678 3040 732 τὸ
3071 679 3229 747 ἅγιον
3253 681 3450 749 γένοιτ’
3479 681 3545 735 ἂν
3571 682 3727 748 Υἱὸς,

2143 774 2176 843 ἢ
2207 774 2420 844 Πατήρ.

2212 862 2417 918 EPAN.
2450 858 2634 914 Πάντα
2659 859 2832 914 ταῦτα
2861 855 3118 913 ἀδύνατα.

2215 952 2368 1007 ΟΡΘ.
2397 951 2574 1004 Πολλὰ
2590 952 2646 1004 δὲ
2667 953 2760 1004 καὶ⁸
2783 951 2918 1005 ἄλλα
2936 950 3159 1004 τοιαῦτα
3178 951 3503 1020 εὑρίσκομεν
3523 951 3735 1021 ὁμοίως

2151 1043 2408 1098 ἀδύνατα.
2454 1042 2594 1096 Οὔτε
2640 1042 2749 1114 γὰρ
2791 1044 2852 1095 τὸ
2893 1044 3110 1096 αἰώνιον
3154 1043 3260 1094 ὑπὸ
3293 1041 3484 1111 χρόνον
3532 1043 3730 1105 ἔσται,

2145 1136 2268 1189 οὗτε
2301 1135 2363 1188 τὸ
2404 1135 2656 1195 ἄκτιστον
2694 1133 2910 1186 κτιστύν
2945 1150 3006 1201 γε
3053 1135 3145 1187 καί
3181 1135 3427 1203 ποιητὸν,
3461 1133 3588 1186 οὒτε
3619 1149 3734 1187 πε-

2146 1227 2491 1299 περασμένον
2525 1225 2584 1280 τὸ
2613 1225 2858 1296 ἄπειρον,
2891 1225 2986 1278 καὶ
3012 1227 3108 1278 ὅσα
3141 1225 3364 1289 τούτοις.
3385 1227 3506 1280 ἐστὶ
3534 1242 3732 1299 παρω-

2149 1322 2369 1390 πλήσια.

2218 1411 2419 1464 ΕΡΑΝ.
2458 1407 2624 1463 Οὐδὲν
2648 1408 2852 1462 τούτων
2888 1409 3005 1460 ἐστὶ
3032 1408 3277 1464 δυνατόν.

2215 1503 2369 1557 ΟΡΘ.
2414 1503 2590 1556 Πολλὰ
2631 1503 2811 1556 τοίνυν
2851 1503 3168 1571 εὑρήκαμεν
3202 1499 3440 1554 ἀδύνατα
3469 1501 3599 1554 ὅντα
3642 1500 3736 1573 τῷ

2148 1595 2543 1666 παντοδυνάμῳ
2573 1593 2712 1664 Θεῷ.

2219 1688 2421 1740 EPAN.
2466 1685 2706 1758 ’Λληθῶς

547 1796 754 1854 ORTll.
791 1795 896 1850 Sed
938 1795 1138 1847 horum
1182 1790 1319 1845 nihil
1352 1805 1512 1860 posse
1541 1804 1652 1842 non
1691 1787 2046 1853 inﬁrmitatis,

2223 1775 2377 1829 ΟΡΘ.
2427 1745 2594 1828 Ἀλλά
2622 1745 2700 1827 τὸν
2715 1775 2791 1844 μὴ
2831 1773 3125 1845 δυνηθηναι
3153 1791 3206 1828 τι
3238 1775 3463 1838 τούτων,
3497 1775 3742 1847 ἄπερον

477 1889 571 1944 sed
608 1887 887 1941 immensae
925 1881 1186 1952 potentia:
1219 1882 1436 1950 signum
1473 1887 1596 1932 est:
1633 1893 1792 1948 posse
1823 1885 2007 1931 autem
2033 1917 2049 1943 ,

478 1997 588 2036 non
618 1977 876 2050 potentias
902 1975 1113 2044 utique,
1146 1972 1242 2027 sed
1273 1970 1628 2042 impotentiae.

541 2070 748 2128 ΕιιΑΝ.
787 2067 906 2134 Quo
937 2081 1102 2120 sensu
1125 2065 1230 2118 hoc
1260 2063 1446 2116 dicis?

555 2159 761 2216 ()R'l‘li.
795 2158 930 2224 Quia
955 2157 1155 2209 borum
1184 2152 1613 2222 unumquodque
1652 2153 1821 2206 Deum
1850 2151 2050 2204 immu-

480 2253 700 2306 tabilem
730 2258 785 2303 et
814 2245 1153 2302 alterationis
1200 2251 1482 2311 expertem
1516 2258 1638 2296 esse
1673 2243 1854 2296 docet.
1895 2241 2052 2307 Quod

477 2341 626 2395 enim
661 2340 706 2393 is
731 2339 824 2407 qui
859 2337 1040 2390 bonus
1063 2342 1147 2388 est
1173 2334 1352 2387 malus
1374 2332 1490 2386 ﬁeri
1514 2347 1623 2385 non
1643 2332 1836 2400 possit,
1869 2331 2053 2384 excel-

483 2432 705 2486 lentiam
737 2427 1004 2482 bonitatis
1057 2422 1348 2494 signiﬁcat,
1384 2431 1441 2478 et
1469 2422 1613 2491 quod
1643 2423 1736 2491 qui
1761 2423 1943 2491 justus
1970 2430 2055 2476 est

485 2522 718 2593 injustus
745 2519 861 2572 ﬁeri
890 2531 1171 2585 nunquam
1207 2514 1400 2584 possit,
1430 2529 1533 2568 nec
1561 2513 1796 2567 mendax
1832 2515 1926 2582 qui
1957 2529 2052 2567 ve-

485 2629 579 2667 rax
601 2619 705 2676 est,
741 2611 951 2664 ﬁrmam
988 2623 1054 2662 ac
1073 2607 1327 2662 stabilem
1358 2605 1644 2659 veritatem
1677 2605 2055 2675 justitiamque

482 2706 743 2759 declarat.
772 2701 862 2756 Sic
889 2715 1016 2754 vera
1046 2699 1139 2752 lux
1163 2705 1224 2751 ut
1246 2696 1419 2765 caligo
1453 2695 1544 2748 ﬁat
1571 2695 1689 2749 ﬁeri
1715 2711 1824 2748 non
1855 2704 2053 2764 potest,

482 2812 660 2866 neque
683 2804 744 2850 ut
759 2794 853 2864 qui
869 2801 951 2848 est
967 2807 1076 2845 non
1099 2792 1190 2845 sit.
1210 2791 1540 2859 Perpetuum
1558 2788 1705 2841 enim
1726 2788 1892 2841 habet
1913 2803 2054 2852 esse,

483 2895 540 2942 et
563 2887 655 2939 lux
683 2894 768 2938 est
804 2882 941 2936 nulli
969 2880 1204 2934 obnoxia
1255 2877 1563 2932 mutationi.
1615 2876 1707 2932 Sic
1746 2876 1851 2931 alia
1873 2881 2057 2931 omnia

484 2976 862 3036 considerans,
886 2971 1130 3027 invenies
1160 2971 1220 3023 τὸ
1244 2986 1352 3024 non
1374 2985 1534 3038 posse
1560 2981 1827 3024 summam
1861 2979 2056 3037 poten—

2150 1866 2454 1936 δυνάμεως,
2487 1867 2589 1919 οὐκ
2629 1865 2914 1928 ἀσθενείας
2943 1868 3263 1936 τεκμήριον·
3297 1867 3357 1918 το
3385 1867 3443 1919 δέ
3477 1884 3538 1936 γε
3561 1869 3738 1939 δυνη-

2153 1959 2334 2029 θῆναι,
2366 1959 2666 2027 ἀδυναμίας
2690 1957 2979 2025 δήπουθεν,
3011 1960 3070 2011 οὐ
3105 1958 3409 2028 δυνάμεως.

2225 2049 2428 2103 ΕΡΑΝ.
2472 2049 2595 2112 Πῶς
2626 2049 2784 2102 τοῦτο
2814 2049 2983 2119 ἕῳηςς

2225 2140 2378 2194 υΡΘ.
2416 2140 2538 2191 Ὅτι
2568 2139 2775 2193 τούτων
2806 2142 3037 2194 ’ἑκαστον
3065 2141 3128 2192 τὸ
3165 2141 3434 2213 ἄτρεπτον
3463 2143 3555 2195 τοῦ
3593 2143 3749 2196 Θεοῦ

2154 2232 2416 2301 κηρύττει
2470 2235 2565 2284 καὶ
2617 2233 2992 2285 ἀναλλοίωτον.
3041 2231 3114 2285 Τὸ
3157 2234 3266 2304 γὰρ
3313 2236 3386 2304 μὴ
3438 2235 3746 2305 δυνηθῆναι

2153 2323 2244 2374 τὸν
2275 2323 2482 2390 ἀγαθὸν
2509 2323 2764 2390 γενέσθαι
2792 2326 2982 2388 κακὸν,
3013 2326 3112 2393 τὴν
3143 2325 3447 2397 ὑπερϐολὴν
3477 2327 3747 2396 σημαένει

2155 2414 2254 2482 τῆς
2279 2413 2634 2484 ἁγαθότητος,
2663 2417 2756 2468 καὶ
2785 2417 2846 2469 τὸ
2873 2418 2963 2469 τὸν
2991 2419 3198 2470 δίκαιον
3227 2417 3488 2488 μηδέποτ’
3520 2418 3586 2469 ἂν
3636 2435 3741 2484 γε·

2156 2506 2343 2559 νέσθαι
2383 2506 2586 2570 ἄδικον,
2622 2509 2756 2578 μηδὲ
2788 2510 2878 2562 τὸν
2917 2510 3096 2581 ἁληθῆ
3129 2510 3390 2580 ψεύστην,
3435 2511 3497 2564 τὸ
3518 2515 3573 2563 ὲν
3608 2510 3745 2580 ἀλη-

2157 2597 2275 2668 θείᾳ
2301 2597 2394 2649 καὶ.
2425 2597 2737 2669 δικαιοσύνῃ
2764 2601 3032 2671 σταθηρόν
3061 2619 3119 2653 τε
3155 2602 3249 2654 καὶ
3276 2600 3495 2670 βέϐαιον
3522 2599 3740 2652 δείκνυ-

2159 2707 2262 2741 σιν.
2310 2691 2467 2741 Οὕτω
2504 2689 2563 2742 τὸ
2593 2690 2844 2760 ἀληθινὸν
2881 2692 2995 2760 φῶς
3037 2693 3138 2744 οὐκ
3175 2692 3239 2745 ἂν
3267 2693 3477 2759 γένοιτο
3505 2693 3698 2754 σκότος
3721 2731 3738 2754 ,

2157 2781 2276 2832 οὐδὲ
2308 2784 2336 2833 ὁ
2379 2780 2456 2832 ὢν
2481 2781 2580 2832 οὐκ
2623 2780 2721 2835 ιὐν.
2767 2783 3000 2850 Διαρκὲς
3034 2783 3144 2852 γὰρ
3187 2783 3298 2852 ἔχει
3329 2783 3393 2836 τὸ
3433 2779 3606 2848 εἶναι,
3641 2786 3740 2838 καὶ

2157 2871 2512 2924 ἀναλλοέωτον
2549 2874 2785 2942 ὑπάρχει
2817 2874 2878 2925 τὸ
2921 2874 3033 2941 φῶς
3099 2873 3256 2927 Οὕτω
3305 2878 3354 2926 τ’
3393 2875 3529 2928 ἄλλα
3558 2877 3742 2929 πάντα

2159 2961 2519 3031 σκεψάμενος,
2549 2964 2808 3034 εὑρήσεις
2828 2963 2889 3016 τὸ
2926 2965 2999 3034 μὴ
3028 2964 3287 3018 δύνασθαι
3316 2965 3414 3035 τῆς
3443 2966 3617 3036 ἄκρας
3645 2967 3744 3019 δυ·-

488 3067 615 3121 tiam
651 3066 959 3134 designare.
997 3061 1088 3116 Sic
1124 3062 1293 3115 Deum
1321 3060 1445 3112 talia
1484 3073 1593 3113 non
1616 3075 1805 3128 posse,
1839 3059 2057 3112 divinus

2172 3054 2376 3121 θαμεως
2422 3054 2775 3120 ἐμφαντικὸν.
2812 3050 2997 3116 Οὕτως
3033 3054 3125 3106 ἐπὶ
3148 3055 3242 3108 τοῦ
3265 3056 3396 3108 Θεοῦ
3428 3055 3495 3108 τὰ
3520 3056 3743 3110 τοιαῦτα

487 3172 705 3227 quoque
731 3154 1023 3224 Apostolus
1067 3151 1336 3206 intellexit
1361 3159 1417 3204 et
1456 3150 1765 3204 allirmavit.
1811 3151 1946 3204 Nam
1984 3151 2055 3205 ad

487 3245 744 3301 Hebraeos
783 3245 1051 3306 scribens,
1088 3262 1105 3294 ι
1166 3242 1235 3296 Ut
1263 3258 1360 3310 per
1388 3240 1546 3304 duas,
1594 3241 1793 3310 inquit,
1837 3257 1922 3295 res
1953 3258 2057 3294 nn-

487 3340 739 3402 mobiles,
768 3337 968 3407 quibus
1000 3334 1336 3403 impossibile
1361 3341 1446 3388 est
1475 3333 1695 3387 mentiri
1725 3334 1918 3396 Deum,
1941 3334 2057 3388 for-

490 3432 762 3486 tissimum
795 3428 1048 3484 solatium
1089 3426 1390 3480 habeamus
1413 3427 1479 3492 ⁸⁷,
1510 3444 1528 3476 ι
1567 3441 1678 3479 non
1711 3426 2058 3480 imbecillita—

489 3532 597 3577 tem
630 3521 772 3572 hanc
795 3515 1312 3586 impossibilitatem,
1338 3514 1434 3568 sed
1462 3528 1730 3568 summam
1758 3512 2062 3581 potentiam

488 3614 850 3666 demonstrat.
888 3608 1038 3661 Adeo
1058 3606 1204 3661 enim
1230 3621 1394 3658 verax
1415 3614 1520 3668 est,
1553 3604 1748 3673 inquit,
1778 3612 1837 3656 ut
1859 3605 2062 3673 impos-

489 3704 648 3759 sibile
677 3702 748 3756 sit
777 3698 1124 3754 mendacium
1161 3696 1218 3749 in
1260 3711 1329 3751 eo
1363 3711 1603 3765 unquam
1638 3711 1778 3749 esse.
1807 3695 2064 3748 Veritatis

493 3799 678 3863 itaque
706 3792 951 3861 potentia
989 3791 1150 3858 186
1181 3787 1537 3857 impossibilis
1559 3788 1835 3840 mentione
1862 3786 2068 3856 signiti-

491 3895 668 3940 eatur.
703 3882 782 3935 Ad
827 3882 1047 3933 beatum
1093 3895 1226 3932 vero
1269 3879 1629 3930 Timotheum
1669 3877 1914 3930 scribens
1953 3878 2067 3931 hate

495 3973 694 4042 adjecit
731 3988 744 4022 ι
781 3989 797 4020 ι
827 3969 1029 4022 Fidelis
1056 3984 1257 4022 sermo.
1307 3969 1443 4022 Nam
1477 3968 1524 4020 si
1567 3984 1672 4020 una
1717 3968 1918 4021 mortui
1977 3985 2068 4022 su-

496 4078 638 4126 mus,
671 4078 778 4115 una
827 4060 993 4114 etiam
1055 4059 1425 4112 vivemuszsi
1473 4058 1906 4121 sustinebimus,
1963 4076 2069 4113 una

495 4170 711 4224 quoque
747 4151 1098 4224 regnabimus
1135 4167 1148 4202 :
1185 4149 1228 4202 si
1259 4149 1658 4218 negaverimus,
1700 4160 1756 4203 et
1786 4149 1875 4203 ille
1901 4165 2067 4220 nega-

496 4245 578 4299 bit
606 4260 739 4309 nos;
777 4244 954 4298 sinon
985 4241 1281 4303 credimus,
1310 4240 1399 4293 ille
1429 4239 1604 4294 ﬁdelis
1633 4251 1935 4308 permanet,
1973 4256 2070 4295 ne-

497 4344 662 4408 gare‘
705 4335 944 4404 seipsum
993 4349 1101 4386 non
1144 4341 1324 4400 potest
1357 4331 1423 4383 ⁸⁸.
1468 4350 1484 4381 ι
1519 4331 1736 4384 Rursus
1785 4347 1915 4401 ergo
1960 4332 2067 4388 hoc

2161 3145 2235 3214 μὴ
2262 3143 2522 3197 δύνασθαι
2560 3147 2654 3197 καὶ¹
2683 3147 2712 3198 ὁ
2747 3145 2889 3208 θεῖος
2932 3146 3254 3209 Ἀπόστολος
3297 3148 3521 3214 νενόηκέ
3556 3165 3612 3200 τε
3641 3151 3740 3202 καὶ

2157 3235 2420 3290 τέθεικεν.
2467 3235 2736 3307 Ἑϐραίοις
2781 3238 2879 3306 μὲν
2906 3240 3013 3308 γὰρ
3047 3239 3376 3291 ἐπιστέλλων
3409 3233 3510 3291 ὧδέ
3542 3257 3734 3310 φησιν.

2167 3345 2184 3378 ι
2227 3328 2342 3379 Ἵνα
2376 3327 2464 3379 διὰ
2497 3326 2590 3380 δύο
2623 3327 2963 3397 πραγμάτων
3006 3327 3380 3398 ἀμεταθέτων,
3414 3329 3472 3381 ὲν
3499 3325 3580 3391 οἷς
3608 3330 3742 3384 ἁδύ-

2159 3435 2318 3473 νατον
2337 3418 2640 3485 ψεύσασθαι
2663 3419 2814 3483 Θεὸν,
2842 3419 3068 3488 ἰσχυρὰν
3093 3419 3440 3489 παράκλησιν
3461 3420 3702 3489 ἔχωμενο
3717 3441 3736 3472 ι

2161 3514 2260 3565 οὐκ
2283 3513 2506 3574 ἀσθενὲς
2556 3512 2616 3564 τὸ
2655 3512 2950 3571 ἀδύνατον.
2997 3511 3132 3564 ἀλλὰ
3184 3510 3322 3579 ἄγαν
3352 3511 3484 3563 αὐτὸ
3529 3511 3745 3574 δεικνὺς

2161 3604 2402 3657 δυνατόν.
2445 3602 2598 3654 Οὕτω
2657 3603 2785 3673 γὰρ,
2831 3603 3016 3672 φησὶν,
3073 3603 3218 3654 ἐστὶν
3250 3603 3454 3672 ἀληθὴς
3483 3602 3628 3673 (l9),
3664 3601 3745 3666 ὡς

2163 3695 2423 3747 ἀδύνατον
2461 3691 2600 3746 εἶναι
2641 3695 2832 3763 ψεῦδος
2878 3697 2936 3747 ὲν
2981 3694 3129 3763 αὐτῷ
3167 3695 3420 3761 γενέσθαι
3466 3695 3615 3746 ποτε.
3663 3694 3740 3747 Τδ

2164 3785 2385 3837 δυνατὸν
2411 3786 2519 3856 (‘20)
2550 3782 2642 3838 οὖν
2671 3787 2776 3855 ἄρα
2804 3787 2903 3855 τῆς
2933 3786 3190 3855 ἀληθείας
3231 3785 3318 3838 διὰ
3355 3785 3448 3838 τοῦ
3474 3785 3741 3838 ἀδυνάτου

2168 3877 2508 3946 σημαίνεται.
2535 3876 2623 3946 Τῷ
2648 3877 2702 3929 δέ
2725 3894 2787 3945 γε
2812 3879 3066 3948 μακαρίῳ
3092 3876 3341 3947 Τιμοθέῳ
3363 3879 3611 3947 γράφων,
3646 3880 3744 3929 καὶ

2165 3970 2338 4023 ταῦτα
2366 3969 2746 4040 προστέθεικεν
2767 3987 2778 3998 ·
2818 3989 2837 4019 ι
2875 3970 3070 4031 Πιστὸς
3101 3972 3131 4021 ὁ
3156 3971 3314 4036 λόγος
3337 3987 3352 4001 ο
3384 3973 3432 4021 ει
3462 3970 3572 4040 γὰρ
3613 3985 3747 4022 συν-

2169 4062 2534 4131 απεθάνομεν,
2562 4063 2655 4113 καὶ
2682 4061 3007 4130 συζήσομεν,
3032 4065 3080 4114 εἰ
3099 4063 3463 4130 ὑπομένομεν,
3492 4062 3585 4113 καὶ
3614 4078 3749 4131 συμρ

2169 4152 2584 4220 ϐασιλεύσομεν,
2634 4153 2682 4203 εἰ
2736 4151 3074 4222 ἀρνούμεθα,
3135 4154 3386 4214 κάκεῖνος
3450 4154 3749 4221 ἀρνήσεται

2171 4245 2338 4315 ἡμᾶς,
2364 4245 2411 4295 εἰ
2443 4243 2800 4311 ἀπιστοῦμεν,
2848 4243 3051 4305 ἐκεῖνος
3077 4245 3266 4304 πιστὸς
3305 4244 3475 4311 μένει,
3505 4243 3752 4312 ἀρνήσα-

2175 4338 2296 4389 σθαι
2323 4335 2428 4406 γὰρ
2457 4335 2644 4387 ἑαυτὸν
2679 4337 2740 4386 οὐ
2768 4335 3007 4386 δύναται.
3051 4356 3067 4385 ι
3105 4334 3273 4386 Πάλιν
3305 4330 3398 4388 οὖν
3430 4334 3488 4386 τὸ
3527 4337 3610 4386 Οὐ
3642 4334 3744 4387 δύ-

497 4427 615 4482 Νοη
641 4435 800 4496 potest
831 4424 1057 4478 inﬁnitte
1094 4425 1349 4492 potentia:
1383 4431 1463 4476 est
1499 4431 1904 4492 argumentum.
1947 4424 2059 4478 Etsi

2172 4444 2344 4482 ’ναι-ιιι
2380 4427 2480 4496 τῆς
2530 4426 2757 4496 ἀπείρου
2801 4425 3081 4495 δυνάμεως
3136 4427 3372 4497 ὑπάρχει
3425 4426 3748 4494 δηλωτικόν.

496 4519 644 4572 enim
676 4532 866 4571 omnes
913 4515 1165 4569 homines
1196 4514 1375 4583 ipsum
1417 4523 1652 4584 negent,
1704 4514 1899 4583 inquit,
1955 4516 2070 4584 ipse

498 4621 681 4662 tamen
715 4608 859 4660 Deus
880 4616 982 4670 est,
1015 4614 1071 4660 et
1105 4621 1135 4658 a
1163 4620 1260 4658 sua
1292 4612 1486 4658 natura
1507 4620 1617 4658 non
1649 4605 1874 4658 recedit.
1897 4604 2072 4659 Habet

496 4700 647 4755 enim
675 4697 1051 4752 exsistentiam
1088 4697 1157 4750 ab
1207 4696 1433 4751 interitu
1480 4696 1736 4750 alienam.
1776 4695 1891 4750 Hoc
1921 4697 2068 4752 enim

497 4801 583 4845 est
608 4790 753 4860 quod
775 4788 873 4853 ait,
913 4808 930 4839 ι
960 4788 1167 4858 Negare
1202 4787 1444 4858 seipsum
1483 4805 1592 4843 non
1621 4799 1817 4858 potest.
1859 4809 1876 4840 ι
1919 4791 2066 4845 Exu-

502 4884 785 4936 berantem
817 4881 985 4951 igitur
1013 4879 1313 4949 potentiam
1331 4880 1690 4946 demonstrat,
1715 4883 1860 4952 quod
1891 4883 2066 4953 ipsum

499 4975 556 5026 in
581 4972 830 5027 deterius
865 4973 1064 5026 mutari
1085 4971 1159 5026 sit
1183 4971 1548 5040 impossibile.

575 5063 778 5116 ERAN.
814 5062 939 5118 llaec
962 5078 1092 5118 vera
1126 5070 1254 5116 sunt
1297 5061 1608 5133 divinisque
1629 5063 1926 5120 Scrinturis
1948 5080 2079 5120 con-

495 5160 786 5208 sentanea.

571 5245 780 5301 ORTH.
833 5245 889 5301 Si
934 5262 1064 5318 ergo
1104 5246 1277 5301 multa
1326 5255 1454 5300 sunt
1509 5245 1621 5301 Deo
1671 5249 2028 5318 impossibilia
2058 5291 2071 5316 ,

573 5425 619 5457 °'
653 5424 818 5480 llcbr.
856 5443 927 5492 vi,
966 5430 1049 5483 18.
1125 5428 1170 5458 ⁸⁸
1207 5427 1251 5482 ll
1284 5428 1424 5483 Tim.
1457 5445 1515 5496 ιι,
1546 5426 1722 5482 ll—l5.

581 5585 692 5654 (19)
717 5584 881 5656 γάληιι
911 5583 1054 5639 Edit.
1094 5587 1242 5654 prior
1283 5587 1521 5642 habebat
1558 5587 1776 5654 ἀληθές.
1821 5550 1898 5640 im
1940 5603 2073 5656 quo—

511 5653 620 5726 que
661 5653 814 5726 ed_it._
842 5653 1000 5726 Rom.
1030 5653 1259 5726 etiiLips.
1303 5673 1423 5724 qme
1459 5653 1726 5725 posterior
1759 5657 1907 5711 addit
1940 5653 2078 5726 pun-

513 5723 684 5783 ctum.
713 5724 820 5780 Sed
851 5723 1065 5780 videtur
1091 5723 1380 5795 legendum
1423 5723 1544 5781 esse
1581 5727 1793 5795 ἀληθές.

2175 4521 2283 4574 Καὶ
2303 4521 2410 4591 γὰρ
2434 4523 2499 4572 ἂν
2522 4520 2723 4580 πάντες
2745 4519 3017 4589 ἄνθρωποι
3039 4519 3202 4572 αὐτὸν
3229 4519 3529 4589 ἀρνηθῶσι,
3559 4519 3750 4585 ergata,

2175 4610 2335 4672 αὐτὸς
2371 4609 2501 4670 Θεός
2536 4611 2681 4668 ἐστι,
2710 4607 2932 4675 καὶτῆς
2966 4608 3169 4669 οἰκείας
3213 4608 3313 4659 οὐκ
3343 4606 3620 4670 ἐξίσταται
3654 4604 3749 4672 φύ-

2179 4721 2337 4766 σεως.
2369 4701 2696 4770 ’Δνὼλεθρον
2719 4701 2827 4770 γὰρ
2853 4701 2967 4770 ἔχει
2993 4703 3055 4753 τὸ
3085 4695 3242 4753 εἶναι.
3277 4699 3447 4752 Τοῦτο
3471 4699 3580 4768 γὰρ
3601 4699 3752 4766 δηλοὶ

2173 4797 2250 4859 τὸ,
2285 4816 2303 4848 ι
2344 4793 2707 4867 Ἀρνήσασθαι
2737 4793 2931 4846 ἑαυτὸν
2948 4793 3002 4848 οὐ
3023 4792 3260 4845 δύναται.
3296 4812 3312 4842 ι
3348 4791 3558 4845 Οὐκοῦν
3591 4809 3752 4860 περι·

2169 4887 2355 4938 ουσίαν
2387 4886 2638 4955 ἐμφαίνει
2666 4884 2946 4953 δυνάμεως
2990 4884 3089 4954 τῆς
3118 4884 3212 4936 ἐπὶ
3247 4883 3307 4935 τὸ
3333 4885 3515 4954 χεῖρον
3541 4882 3752 4952 τροπῆς

2171 4978 2233 5029 τὸ
2267 4978 2546 5031 ἀδύνατον.

2244 5068 2444 5122 EPAN.
2487 5066 2684 5136 Ἀληθῆ
2721 5064 2915 5131 ταῦτα,
2948 5066 3178 5129 καὶτοῖς
3209 5065 3375 5127 θείοις
3404 5062 3585 5131 λόγοις
3621 5079 3750 5131 σνμο

2173 5157 2452 5212 ϐαίνοντα.

2247 5251 2398 5306 0P9.
2441 5253 2502 5305 Ei
2546 5253 2726 5306 τοίνυν
2766 5251 2938 5305 πολλὰ
2973 5251 3054 5320 τῷ
3083 5249 3202 5322 Θεῷ
3225 5249 3480 5312 ἀδύνατα,
3511 5248 3610 5300 καὶ
3637 5259 3751 5298 τοσο

2197 5586 2360 5670 λκιο)
2395 5589 2506 5641 δυν.
2570 5587 2692 5644 Edit
2751 5589 2898 5659 prior
2942 5588 3176 5646 habebat
3225 5589 3417 5646 falsam
3470 5589 3762 5648 lectionem

2197 5673 2463 5709 ιουνατον.

2184 5674 2463 5710 αουνατον.
