4010 6212
265 306 378 372 233

1331 304 1710 366 DIALOGUS
1743 302 1858 366 III.
1900 333 1968 341 -
2009 305 2498 369 lMPA’I‘lBILIS.

3438 293 3546 360 231

271 417 412 472 αῦτα
435 415 608 469 ὁπόσα
631 414 729 484 τῆς
761 411 978 482 φύσεως
1007 411 1226 468 ἐναντία
1250 414 1350 486 τῆς
1381 415 1556 480 θείας,
1580 417 1634 469 τί
1659 416 1855 488 δήποτε

1992 427 2234 489 Iuotquot
2257 417 2513 473 videlicet
2564 415 2739 484 ipsius
2784 418 2996 469 natura
3041 414 3386 480 repugnant,
3413 410 3546 479 quid

268 509 339 562 τὰ
387 506 521 562 ἄλλα
554 505 734 558 πάντα
770 503 913 557 κατὰ
953 502 1117 573 φύσιν
1151 504 1369 571 ἐῶντες,
1416 505 1492 558 τὸ·
1521 505 1746 574 ἀγαθὸν,
1798 508 1858 560 τὸ

266 601 496 663 δίκαιον,
528 597 593 651 τὸ
641 595 840 667 ἀληθὲς
866 635 881 660 ,
923 596 985 649 τὸ
1034 596 1291 667 ἀόρατον,
1341 597 1402 650 τὸ
1438 598 1751 666 ἀνέφικτον,
1798 601 1858 652 τὸ

267 690 675 762 ἁπερίγραφον,
721 687 784 741 τὸ
826 688 1020 752 ἀΐδιον,
1057 689 1152 740 καὶ
1177 690 1247 743 τὰ
1293 688 1430 741 ἄλλα
1473 690 1574 744 ὃσα
1617 688 1694 760 τῷ
1738 689 1858 760 Θεῷ

269 780 552 854 προσεῖναί
576 797 780 850 φαμεν,
813 779 984 850 μόνας
1012 778 1109 851 τὴν
1133 780 1435 837 ἀθανασίαν
1461 785 1557 836 καὶ
1579 783 1677 855 τὴν
1711 784 1856 837 ἀπάο-

268 875 420 927 θειαν
442 873 689 944 τρεπτὰς
714 868 855 926 εἷναί
884 889 1040 941 φατε,
1072 874 1247 927 καὶτὸ
1270 874 1496 928 δυνατὸν
1517 876 1614 946 τῆς
1635 874 1858 929 ἀλλοιώ-

268 982 406 1028 σεως
440 964 528 1018 ἐπ’
564 965 745 1017 αὐτῶν
784 967 1119 1034 συγχωρεῖτε
1143 1005 1158 1030 ,
1193 971 1287 1019 καὶ
1311 966 1482 1020 δίδοτε
1509 967 1587 1037 τῷ
1618 967 1738 1037 Θεῷ
1760 969 1853 1020 δύ-

266 1076 433 1130 ναμιν
460 1057 743 1120 ἀσθενείας
774 1057 1117 1128 δηλωτικήνς

342 1231 546 1284 ΕΡΑΝ.
577 1230 746 1287 Τοῦτο
767 1232 918 1301 παρὰ
937 1233 1036 1302 τῆς
1058 1231 1206 1296 Θείας
1229 1233 1452 1306 Γραφῆς
1476 1233 1852 1306 ἐδιδάχθημεν.

271 1325 380 1376 Καὶ
427 1323 538 1392 γὰρ
571 1325 599 1375 ὁ
633 1322 777 1386 θεῖος
825 1324 1080 1394 Ἰωάννης
1115 1323 1234 1396 βοᾷ·
1273 1345 1291 1378 ι
1341 1327 1529 1390 Οὕτως
1568 1327 1856 1397 ἠγάπησεν

267 1417 296 1466 ὁ
320 1413 452 1476 Θεὸς
479 1415 571 1468 τὸν
597 1414 827 1484 κόσμον,
865 1417 946 1467 ὅτι
984 1415 1077 1469 τὸν
1110 1416 1238 1470 Υίὸν
1271 1397 1440 1471 αὐτξῦ
1471 1419 1562 1471 τὸν
1591 1419 1854 1489 μονογενῆ

267 1506 489 1559 δέδωκε.
519 1526 538 1558 ι
574 1507 684 1559 Καὶ
717 1507 746 1558 ὁ
776 1506 1060 1571 Θεσπέσιος
1101 1507 1332 1574 Παῦλος·
1371 1527 1390 1560 ι
1429 1510 1494 1562 Εἰ
1524 1510 1632 1582 γὰρ
1670 1509 1856 1582 ἐχθροὶ

271 1597 424 1659 ὅντες
471 1598 903 1669 κατηλλάγημεν
948 1598 1027 1669 τῷ
1069 1599 1187 1670 Θεῷ
1219 1599 1309 1653 διὰ
1357 1599 1452 1653 τοῦ
1495 1600 1729 1655 θανάτου
1760 1600 1852 1652 τοῦ

277 1688 404 1742 Υίοῦ
431 1687 600 1741 αὑτοῦ
628 1729 644 1752 ,
680 1689 860 1759 πολλῷ
904 1691 1106 1760 μᾶλλον
1147 1690 1580 1760 καταλλαγέντες
1614 1691 1855 1762 σωθησό-

273 1781 416 1850 μεθα
451 1782 508 1832 ἐν
539 1783 606 1851 τῇ
639 1780 752 1852 ζωῇ
784 1781 970 1835 αὑτοῦ.
1009 1801 1026 1834 ι

340 1871 496 1924 ΟΡΘ.
539 1873 740 1944 Ἀληθῆ
767 1874 833 1942 δη
858 1873 1050 1938 ταῦτα,
1075 1873 1194 1926 θεῖα
1217 1873 1328 1946 γάρ
1351 1877 1470 1928 ἐστι
1493 1875 1667 1944 λόγια.
1709 1876 1853 1928 Ἀνα-

266 1962 551 2033 μνὴσθητι
577 1962 633 2016 δὲ
662 1959 736 2016 ὧν
764 1964 1026 2027 πολλάκις
1063 1964 1523 2037 ὡμολογήσαμεν.

346 2142 552 2196 ΕΡΔΝ.
594 2143 772 2196 Ποίων
800 2144 1012 2212 λέγεις,

342 2234 494 2288 ΟΡΘ.
539 2235 660 2288 Ὅτι
687 2236 778 2289 τὸν
807 2235 936 2289 Υίὸν
961 2236 1052 2289 τοῦ
1085 2237 1220 2291 Θεοῦ
1254 2239 1344 2291 τὸν
1371 2237 1502 2291 Θεὸν
1529 2239 1704 2307 Λόγον
1724 2280 1737 2304 ,
1764 2241 1864 2294 οὐκ

268 2324 562 2395 imbrum»;
594 2326 928 2398 ἐπιφανῆναι
960 2329 1517 2399 συνωμολογήσαμεν,
1546 2331 1680 2384 ἀλλὰ
1703 2331 1863 2400 φύσιν

269 2415 621 2486 ἀνθρωπείαν
650 2416 864 2470 τελείαν
888 2418 1239 2489 ἀνειληφότα.

346 2506 552 2559 ΕΡΑΝ.
595 2507 1138 2580 Συνωμολογὴσαμεν
1167 2507 1364 2563 ταῦτα.

346 2597 498 2652 ΟΡΘ.
547 2599 611 2651 Εἰ
643 2600 822 2652 τοίνυν
863 2601 1024 2670 σῶμα
1065 2601 1159 2655 κοιλ⁷
1198 2602 1376 2674 ψυχὴν
1413 2602 1605 2657 ἐλαϐεν
1653 2603 1864 2675 ἀνθρω-

265 2688 649 2762 πείαν,ταύτῃ
669 2707 750 2744 τοι
782 2693 878 2744 καὶ
912 2692 1031 2755 Υἱὸς
1073 2692 1359 2763 ἀνθρώπου
1393 2693 1832 2766 προσηγορεύθη.

347 2873 554 2925 ΕΡΔΝ.
609 2870 852 2942 Ἀληθές.
1152 2908 1164 2924 κ

347 2963 506 3017 ΟΡΘ.
545 2962 758 3018 Οὐκοῦν
797 2964 825 3014 ὁ
852 2961 1056 3032 Κύριος
1100 2960 1306 3032 Ἰησοῦς
1343 2961 1580 3032 Χριστὸς
1610 2962 1703 3014 καὶ
1731 2959 1862 3024 Θεὸς

264 3058 432 3132 ἡμῶν
461 3054 678 3126 ἀληθῶς
705 3071 718 3083 ο
757 3054 924 3108 τῶνδε
958 3054 1067 3125 γὰρ
1095 3053 1204 3107 τῶν
1240 3052 1477 3126 φύσεων,
1511 3053 1610 3124 τὴν
1657 3054 1754 3124 μὲν
1781 3050 1861 3105 εί-

263 3170 364 3225 χεν
393 3151 508 3214 ἀεὶ,
538 3150 638 3220 τὴν
659 3147 717 3201 δὲ
751 3145 944 3200 ἐλαϐεν
985 3146 1220 3218 ἀληθῶς.

344 3241 554 3296 EPAN.
605 3238 1015 3310 Ἀναμφίλεκτα
1034 3236 1228 3292 ταῦτα.

345 3333 504 3386 ΟΡΘ.
534 3332 825 3402 Τοιγάρτοι
849 3330 922 3393 ὡς
945 3328 1230 3400 ἄνθρωπος
1261 3329 1320 3382 τὸ
1350 3329 1522 3392 πάθος
1551 3329 1860 3399 ὑπέμεινεν·

264 3428 347 3490 ὠς
376 3427 532 3490 Θεὸς,
563 3424 832 3491 κρείττων
867 3423 1074 3486 πάθους
1114 3423 1414 3494 μεμένηκε.

345 3519 555 3574 ΕΡΑΝ.
596 3519 718 3582 Πῶς
753 3513 846 3571 οῦν
875 3519 910 3589 ἡ
939 3516 1059 3570 θεία
1098 3515 1290 3586 Γραιρὴ
1319 3515 1412 3567 τὸν
1443 3513 1571 3567 Υίὸν
1603 3515 1696 3566 τοῦ
1730 3513 1864 3566 Θεοῦ

273 3612 611 3666 πεπονθέναι
640 3609 802 3681 φησιν
821 3626 835 3676 ;

349 3703 506 3756 0P9.
542 3702 668 3754 Ὀτι
699 3700 758 3753 τὸ
792 3699 950 3769 σῶμα
980 3698 1248 3761 πεπονθὸς
1267 3740 1282 3765 ,
1311 3697 1477 3752 αὑτοῦ
1508 3697 1566 3750 ὃν
1604 3697 1864 3767 ἐτύγχανε

277 3795 460 3864 σῶμα.
497 3791 840 3862 Σκεψώμεθα
869 3791 926 3844 δὲ
955 3791 1075 3846 ὡδί,
1127 3791 1298 3844 Ὅταν
1327 3791 1652 3860 ἀκούσωμεν
1689 3788 1870 3856 λεγούο

279 3905 377 3957 σης
405 3886 511 3955 τῆς
536 3884 686 3946 θείας
717 3884 940 3956 Γραφῆς
967 3897 980 3912 ⁸
1007 3901 1026 3934 ‹
1067 3881 1317 3951 Ἐγένετο
1347 3881 1486 3952 μετὰ
1527 3880 1590 3931 τὸ
1629 3881 1869 3949 γηρᾶσαι

275 3980 370 4032 τὸν
431 3978 654 4037 Ἰσαὰκ,
707 3973 1094 4048 ἠμϐλύνθησαν
1139 3976 1188 4027 οἱ
1239 3973 1509 4043 ὀφθαλμοὶ
1554 3970 1720 4024 αὑτοῦ
1774 3969 1869 4022 τοῦ

280 4073 433 4142 ὁρᾷν,
467 4090 490 4121 ι
520 4071 547 4121 ὁ
575 4067 700 4128 νοῦς
725 4067 881 4138 ἡμῶν
909 4067 1010 4119 ποῦ
1043 4066 1290 4136 φέρεται,
1320 4066 1411 4117 καὶ⁸
1444 4063 1550 4115 τίνι
1588 4059 1871 4126 ἐναπερεί-

280 4163 430 4216 δεται
453 4178 472 4216 ;
501 4162 567 4231 τῇ
599 4159 744 4229 ψυχῇ
771 4158 863 4211 τοῦ
904 4158 1108 4218 Ἰσαὰκ,
1307 4155 1554 4225 σώματις

351 4253 559 4308 EPAN.
593 4252 881 4323 Δηλονότι,
909 4251 988 4319 τῷ
1020 4250 1254 4319 σώματι.

351 4348 506 4400 ΟΡΘ.
553 4345 669 4398 Ούκ
696 4338 788 4397 οῦν
808 4341 1117 4412 τοπάξομεν
1142 4342 1236 4394 καὶ
1264 4341 1361 4409 τέ-,ν
1392 4338 1569 4410 ψυχὴν
1615 4352 1871 4390 κεκοινω-

283 4441 510 4509 νηκέναι
540 4435 634 4490 τοῦ
671 4436 773 4505 τῆς
801 4433 1134 4503 τυφλότητος
1167 4429 1406 4496 πάθουςς

354 4533 560 4588 ΕΡΔΝ.
594 4530 884 4601 Οὐδαμῶς.

357 4625 495 4678 ΟΡΘ
563 4622 726 4676 Ἀλλὰ
754 4621 916 4692 μόνον
936 4621 996 4674 τὸ
1020 4620 1178 4690 σῶμα
1199 4620 1298 4690 τῆς
1320 4617 1550 4687 ὀπτικῆς
1575 4616 1876 4686 αἰσθήσεως

294 4715 628 4788 στερηθῆναι
661 4731 865 4786 φαμεν.

363 4807 573 4862 ΕΡΑΝ.
609 4806 766 4860 υῦτω
795 4805 996 4876 φαμέν.

367 4900 519 4954 ΟΡΘ.
552 4901 662 4954 Καὶ
684 4895 750 4954 αὖ
781 4898 945 4952 πάλιν
972 4898 1100 4951 ὅταν
1130 4895 1452 4964 ἀκούσωμεν
1480 4892 1573 4947 τοῦ
1619 4890 1878 4961 Ἀμασίου

1966 528 2147 568 causa:
2175 519 2280 576 est,
2311 526 2410 564 cur
2430 508 2536 563 alia
2563 506 2749 561 omnia
2801 518 2923 575 qua:
2967 509 3180 556 natura:
3221 505 3351 554 sunt
3381 501 3546 554 omit-

1969 611 2170 666 tentes,
2203 609 2264 655 ut
2294 601 2499 654 bonum
2532 612 2674 661 esse,
2685 598 2918 667 justum,
2945 607 3159 658 verum,
3188 589 3544 653 invisibilem,

1966 691 2604 764 incomprehensibilem,
2655 687 3218 758 incircumscriptum,
3257 693 3546 749 aeternum,

1963 793 2020 840 et
2045 794 2242 838 caetera
2259 797 2380 852 quae
2401 781 2514 835 Deo
2539 781 2718 835 inesse
2752 780 3008 845 dicimus,
3049 777 3194 833 solas
3217 776 3546 832 immortali-

1964 885 2133 931 tatem
2155 883 2211 930 et
2237 873 2702 944 impatibilitatem
2736 871 3028 926 mutabiles
3061 885 3182 925 esse
3226 869 3443 934 dicitis,
3492 879 3550 925 et

1965 969 2289 1025 mutationis
2340 966 2763 1038 possibilitatem
2801 964 2857 1017 in
2889 964 2999 1018 illis
3046 962 3372 1028 conceditis,
3403 962 3546 1018 Deo-

1965 1079 2072 1132 que
2121 1061 2424 1131 potentiam
2453 1100 2468 1125 ,
2518 1073 2640 1128 quae
2696 1055 3074 1110 inﬁrmitatem
3130 1061 3384 1119 testatur,
3407 1053 3546 1108 assi—

1964 1153 2183 1225 gnatis?

2035 1247 2239 1302 ERAN.
2268 1244 2382 1300 Hoc
2405 1260 2435 1299 e
2469 1242 2655 1298 divina
2681 1239 2968 1310 Scriptura
2995 1236 3312 1292 didicimus.
3335 1235 3548 1292 Clamat

1962 1339 2110 1394 enim
2139 1337 2360 1392 divinus
2393 1337 2630 1391 Joannes
2655 1350 2669 1387 :
2703 1353 2720 1384 ι
2754 1331 2846 1387 Sic
2873 1332 3017 1385 Deus
3041 1329 3231 1384 dilexit
3258 1328 3543 1392 mundum,

1965 1443 2024 1488 ut
2059 1431 2256 1486 Filium
2305 1443 2466 1485 suum
2498 1425 2842 1497 unigenitum
2880 1424 3036 1478 daret
3057 1422 3124 1476 ⁵⁸.
3160 1441 3178 1472 ι
3216 1421 3283 1476 Ει
3327 1420 3550 1475 divinus

1963 1522 2166 1577 Paulus
2198 1538 2211 1575 :
2244 1540 2261 1570 ι
2307 1519 2364 1574 Si
2391 1520 2702 1584 enim,cum
2740 1514 2948 1570 inimici
2983 1526 3258 1575 essemus,
3305 1514 3545 1565 reconci-

1964 1613 2080 1668 liati
2114 1627 2304 1668 sumus
2326 1611 2438 1665 Deo
2467 1625 2566 1679 per
2591 1614 2827 1660 mortem
2854 1604 2976 1661 Filii
3013 1605 3155 1674 ejus,
3177 1602 3350 1655 multo
3377 1603 3550 1670 magis

1966 1703 2310 1760 reconciliati
2340 1702 2475 1757 salvi
2505 1700 2716 1755 erimus
2746 1699 2802 1752 in
2831 1698 2944 1751 vita
2970 1695 3144 1765 ipsius
3163 1695 3231 1746 "°.
3276 1711 3293 1743 ι

2032 1883 2191 1954 187
2243 1877 2454 1935 ORTH.
2485 1878 2622 1933 Vera
2644 1891 2776 1930 sane
2821 1882 2951 1928 sunt
2994 1873 3100 1926 ista
3133 1889 3146 1923 :
3178 1869 3363 1924 divina
3400 1866 3549 1922 enim

1964 1987 2094 2035 sunt
2123 1972 2367 2030 oracula.
2404 1969 2512 2025 Sed
2549 1966 2842 2022 recordare
2873 1979 3066 2020 eorum
3097 1977 3219 2034 quae
3249 1976 3392 2031 saape
3416 1955 3548 2014 eon—

1966 2069 2095 2125 fessi
2123 2080 2334 2123 sumus.

2039 2155 2246 2213 ERAN.
2281 2153 2540 2219 Quasnam
2569 2147 2753 2203 dicis?

2029 2246 2241 2304 ORTH.
2273 2243 2429 2311 Quod
2455 2238 2656 2296 Filium
2691 2239 2811 2303 Dei,
2842 2237 3016 2292 Deum
3039 2234 3307 2298 Verbum,
3329 2249 3439 2287 non
3465 2233 3551 2286 in-

1966 2353 2293 2411 corporeum
2321 2333 2644 2404 apparuisse
2674 2328 2913 2385 confessi
2939 2342 3150 2390 sumus,
3183 2325 3281 2380 sed
3301 2334 3551 2378 naturam

1968 2434 2261 2486 humanam
2288 2424 2584 2496 perfectam
2607 2419 2994 2490 assumpsisse.

2031 2520 2237 2578 ERAN.
2263 2517 2390 2571 Haac
2410 2513 2648 2570 confessi
2673 2525 2885 2567 sumus.

2029 2610 2238 2671 ORTH.
2270 2609 2326 2664 Si
2352 2608 2518 2678 igitur
2548 2621 2750 2676 corpus
2772 2612 2826 2657 et
2850 2603 3089 2656 animam
3127 2597 3423 2667 assumpsit
3453 2595 3554 2650 hu-

1967 2703 2326 2770 manam,hac
2360 2700 2429 2754 de
2452 2714 2616 2754 causa
2657 2697 2821 2752 etiam
2852 2694 3022 2748 Filius
3052 2691 3290 2746 hominis
3316 2689 3554 2762 appella-

1967 2811 2057 2855 ῑιις
2085 2804 2188 2853 (εει.

2033 2889 2243 2944 ERA‘N.
2279 2886 2484 2942 Verum
2518 2887 2622 2936 est.

2030 2981 2241 3039 ORTH.
2282 2977 2551 3035 Dominus
2579 2986 2711 3042 ergo
2748 2969 2908 3025 Jesus
2940 2966 3195 3023 Christus
3235 2963 3405 3019 etiam
3424 2976 3553 3018 vere

1970 3077 2115 3130 Deus
2156 3077 2345 3127 noster
2375 3073 2480 3122 est.
2519 3062 2726 3117 Harum
2753 3059 2902 3113 enim
2934 3067 3255 3112 naturarum
3276 3095 3290 3120 ,
3325 3055 3555 3110 alteram

1890 3136 1933 3192 C
1969 3179 2185 3236 semper
2213 3160 2430 3224 habuit,
2466 3157 2697 3212 alteram
2722 3166 2854 3208 vere
2882 3147 3199 3219 assumpsit.

2040 3256 2246 3314 EBAN.
2269 3253 2397 3308 Hzec
2425 3257 2556 3305 sunt
2582 3256 2737 3302 extra
2759 3241 3233 3306 controversiam“

2035 3347 2242 3406 ΟΡιἸἪ.
2290 3348 2436 3417 Ergo
2483 3351 2547 3397 ut
2601 3341 2766 3394 homo
2807 3335 3117 3407 passionem
3166 3330 3450 3395 sustinuit,
3498 3336 3558 3383 ut

1971 3443 2115 3496 Deus
2141 3439 2252 3510 pati
2276 3453 2386 3492 non
2412 3434 2614 3505 potuit.

2037 3509 2245 3583 ERAN.
2274 3521 2564 3590 Quomodo
2597 3521 2764 3590 igitur
2810 3530 2965 3571 sacra
3005 3513 3293 3582 Scriptura
3313 3513 3326 3528 ‘
3357 3509 3554 3563 Filium

1971 3623 2068 3677 Dei
2102 3632 2325 3690 passum
2357 3629 2479 3669 esse
2503 3612 2672 3666 dicit?

2035 3707 2244 3767 ORTH.
2281 3704 2420 3772 Quia
2445 3715 2646 3770 corpus
2678 3697 2823 3768 quod
2855 3709 3076 3766 passum
3103 3700 3207 3754 est,
3237 3690 3411 3760 ipsius
3439 3704 3555 3743 cor-

1971 3819 2074 3876 pus
2099 3807 2236 3856 erat.
2273 3796 2365 3852 Sic
2391 3802 2576 3850 autem
2600 3805 2715 3845 rem
2747 3785 3183 3842 consideremus.
3227 3779 3367 3835 Cum
3397 3778 3556 3833 audi-

1973 3909 2096 3950 mus
2111 3902 2322 3948 sacram
2351 3885 2694 3955 Seripturam
2715 3880 2990 3934 dicentem
3007 3875 3294 3930 :«Factum
3317 3881 3556 3934 est,cum

1971 3982 2353 4042 consenuisset
2394 3979 2546 4033 Isaae
2567 4015 2581 4040 ,
2615 3974 2995 4044 caligaverunt
3023 3965 3171 4023 oculi
3198 3965 3338 4036 ejus,
3386 3973 3443 4018 et
3468 3963 3554 4017 vi-

1973 4078 2103 4134 dere
2131 4091 2239 4129 non
2265 4078 2482 4143 poterat
2503 4069 2571 4133 ",
2614 4085 2632 4117 ι
2667 4079 2825 4119 mens
2849 4069 3038 4116 nostra
3061 4074 3171 4130 quo
3193 4057 3391 4120 fertur,
3420 4063 3475 4110 et
3501 4054 3558 4108 in

1973 4188 2082 4244 quo
2111 4164 2408 4239 deligitur?
2439 4163 2493 4216 in
2529 4159 2710 4213 anima
2738 4155 2928 4218 lsaaci,
2955 4167 3024 4206 an
3056 4151 3111 4206 in
3136 4145 3408 4217 corpore?

2045 4258 2252 4318 ERAN.
2275 4256 2497 4312 Clarum
2527 4259 2632 4314 est,
2657 4247 2806 4318 quod
2835 4245 2891 4299 in
2927 4257 3179 4312 corpore.

2036 4348 2245 4408 ORTH.
2289 4347 2442 4402 Anne
2475 4342 2642 4413 igitur
2679 4339 2920 4393 animam
2950 4347 3170 4404 quoque
3193 4327 3454 4384 caecitatis
3488 4325 3556 4380 il—

1909 4475 1950 4527 ι)
1981 4446 2092 4502 lius
2115 4439 2440 4512 participem
2466 4433 2636 4488 fuisse
2667 4425 3036 4499 conjicimus?

2044 4533 2252 4591 ERAN.
2280 4529 2443 4585 Nullo
2470 4523 2655 4579 modo.

2045 4623 2255 4682 ORTH.
2295 4620 2404 4677 Sed
2431 4618 2609 4673 solum
2634 4627 2835 4682 corpus
2878 4607 3103 4664 videndi
3141 4603 3408 4661 facultate
3444 4597 3561 4671 pri-

1975 4726 2162 4773 vatum
2197 4712 2367 4767 fuisse
2393 4705 2748 4762 aﬁirmamus.

2053 4805 2222 4875 183
2253 4801 2462 4857 ERAN.
2492 4799 2585 4853 Sic
2607 4794 2962 4850 aﬂirmamus.

2051 4871 2260 4953 QﬁT—H.
2310 4893 2545 4953 Rursus,
2586 4901 2713 4942 cum
2740 4881 3020 4940 Amasiam
3049 4876 3337 4950 prophetae
3361 4871 3569 4926 Amoso

298 4992 544 5057 λέγοντος
569 4991 706 5061 πρὸς
733 4991 824 5043 τὸν
849 4989 1136 5060 προφήτην
1188 4984 1366 5058 Ἀμώς
1387 5003 1398 5015 ·
1434 5003 1452 5037 ι
1492 4985 1552 5039 '0
1585 4984 1748 5054 ὀρῶν,
1776 4982 1860 5053 βά·

1992 4988 2259 5045 dieentem
2321 4980 2578 5037 audimus
2619 4995 2633 5033 :
2677 4995 2696 5029 ι
2761 4973 2970 5032 Videns
2997 5011 3015 5037 ,
3060 4967 3199 5024 vade
3245 4967 3301 5020 in
3357 4971 3562 5018 terram

301 5084 415 5146 ὃιζε
457 5086 535 5147 είς
580 5083 689 5154 γῆν
755 5082 948 5145 Ἰούδα,
995 5100 1012 5131 ι
1063 5082 1159 5134 καὶ
1199 5080 1383 5151 μέντοι
1426 5079 1519 5132 καὶ
1564 5075 1658 5131 τοῦ
1705 5073 1860 5129 Σαοῦί

1992 5078 2192 5141 Iuda",
2240 5095 2258 5129 ι
2285 5085 2344 5132 et
2369 5074 2589 5130 Saulem
2633 5068 3002 5126 sciscitantem
3030 5081 3043 5117 :
3079 5081 3098 5113 ι
3119 5059 3225 5118 Ubi
3251 5065 3335 5114 est
3365 5054 3564 5112 domus

303 5175 736 5246 ττδνθανομένουδ
764 5191 781 5224 ι
825 5172 932 5226 Ποῦ
964 5172 1074 5242 (21)
1111 5173 1140 5224 ὁ
1165 5166 1312 5233 οἶκος
1348 5167 1441 5222 τοῦ
1483 5167 1813 5232 Βλέποντος;
1852 5183 1870 5216 ι

306 5267 460 5320 οὐδὲν
484 5265 796 5338 σωματικὸν
831 5263 1234 5336 ὑποπτεύομεν.

390 5353 576 5410 EPAN.
612 5353 909 5426 Ούμενοῦν.

395 5508 431 5539 ⁶⁹
463 5509 615 5568 Joan.
654 5527 733 5574 ιιι,
772 5510 858 5564 16.

315 5575 473 5632 LXX.

394 5740 495 5811 (ii)
530 5740 653 5794 ποῦ.
683 5739 785 5794 Alii
819 5739 857 5792 l.
884 5754 932 5791 e.
959 5736 1163 5791 habent
1194 5735 1363 5796 ποῖος.

624 5829 898 5893 ΡΑτιιοι..
943 5827 1060 5888 Gn.
1105 5824 1441 5888 LXXXIII.

969 5511 1015 5539 ⁷⁸
1055 5509 1212 5562 Rom.
1276 5523 1338 5574 ν,
1399 5471 1492 5561 10..
1565 5506 1605 5537 ⁷³
1673 5505 1808 5560 Gen.
1863 5518 1956 5569 vn,
2015 5504 2071 5554 i.

1985 5168 2327 5228 Videntis“?
2354 5189 2370 5220 ι
2401 5166 2541 5222 nihil
2564 5160 2850 5233 corporale
2882 5155 3207 5224 cogitamus.

2059 5345 2265 5400 ERAN.
2298 5344 2462 5398 Plane
2494 5355 2625 5395 non.

2182 5502 2225 5533 ⁷³
2250 5501 2416 5554 Amos
2463 5512 2536 5552 vn
2569 5536 2582 5562 ,
2614 5493 2698 5550 12.
2805 5491 2852 5524 "
2882 5491 2906 5548 l
2941 5489 3077 5562 Reg.
3139 5505 3216 5553 ιι,
3253 5485 3352 5555 18,
3391 5483 3560 5556 Juxta
