4010 6212
649 207 693 222 η

438 267 540 331 235

1429 243 1915 311 THEODORETI
1953 241 2290 303 EPISCOPI
2331 244 2697 304 CYRENSIS

3586 239 3692 305 236

503 371 709 435 ORTlI.
740 373 806 428 Et
833 378 1014 426 tamen
1040 366 1264 421 nomina
1291 365 1410 434 ejus
1436 360 1628 432 partis,
1653 371 1773 426 qua:
1807 350 2004 407 visioni

2181 355 2331 406 ΟΡΘ.
2383 356 2576 407 Καίτοι
2629 355 2693 404 τὰ
2734 353 2979 422 ὀνόματα
3031 353 3127 422 τῆς
3176 355 3302 424 πεεῆ⁸
3361 354 3422 407 τὸ
3467 355 3696 408 ὀπτικόν

436 469 623 530 servit,
651 463 1083 519 incolumitatem
1111 455 1442 528 signiﬁcant.

500 559 708 616 EllAN.
734 558 935 612 Verum
958 563 1061 608 est.

419 647 426 702 .’
501 646 710 703 ORTH.
759 646 976 701 Scimus
1021 650 1239 703 tamen,
1270 635 1416 706 quod
1455 630 1772 702 purioribus
1815 625 2010 681 animis

438 739 634 794 donata
655 735 893 805 Spiritus
910 730 1160 800 operatio
1184 726 1562 797 propheticam
1589 723 1820 792 gratiam
1863 717 2011 771 infe-

438 839 542 891 rat,
573 838 629 883 et
677 825 876 880 ellieiat
919 830 980 876 ut
1020 834 1218 874 arcana
1254 817 1499 878 videant,
1543 824 1599 867 et
1633 812 1761 882 quia
1784 812 1901 866 haec
1935 812 2015 865 vi-

439 923 567 976 dent
610 920 732 972 ideo
756 915 986 970 videntes
1020 919 1076 966 et
1105 917 1373 963 cernentes
1402 905 1768 976 appellentur.

507 1091 713 1146 ERAN.
753 1088 892 1144 Vera
909 1085 1066 1140 dicis.

509 1179 716 1238 ORTll.
754 1181 942 1248 Itaque
973 1178 1078 1230 hoc
1104 1175 1268 1230 etiam
1298 1173 1731 1229 consideremus.

510 1271 716 1327 EllAN.
740 1267 1060 1336 Quidnam"?

509 1362 717 1421 ORTll.
756 1363 893 1418 Cum
932 1377 1214 1416 sacrorum
1269 1355 1692 1426 Evangeliorum
1727 1353 2015 1408 historiam

443 1458 715 1517 audimus,
753 1469 874 1523 quae
897 1461 1088 1506 narrat
1110 1454 1157 1482 ⁷⁵
1185 1451 1429 1504 oblatum
1465 1449 1576 1500 Deo
1611 1445 1779 1499 fuisse
1807 1446 2019 1514 paraly-

443 1550 608 1604 ticum
636 1547 688 1599 in
712 1547 854 1598 lecto
882 1545 1175 1614 jacentem,
1199 1542 1394 1596 anima:
1428 1537 1664 1608 partium
1689 1535 2017 1590 solutionem

444 1640 589 1693 Illam
620 1636 874 1698 dicimus,
913 1651 982 1688 an
1009 1632 1298 1702 corporis?

515 1727 719 1784 EllAN.
747 1725 1028 1794 Corporis,
1069 1725 1186 1777 sine
1223 1721 1412 1776 dubio.

513 1819 721 1876 OltTll.
744 1818 880 1872 Cum
907 1831 1040 1870 vero
1067 1816 1364 1884 Epistolam
1399 1814 1466 1867 ad
1493 1811 1751 1866 llebrzeos
1773 1811 2018 1880 legentes

444 1912 499 1968 in
533 1911 714 1964 locum
756 1909 909 1960 illum
941 1905 1304 1959 inciderimus
1329 1944 1342 1967 ,
1381 1902 1473 1956 ubi
1511 1901 1646 1956 dicit
1683 1901 2014 1969 Apostolus:

451 2023 469 2054 ι
494 2005 792 2072 Propterea
816 1998 1075 2054 remissas
1109 2011 1304 2050 manus
1319 2004 1372 2049 et
1390 1996 1567 2049 soluta
1592 2009 1766 2064 genua
1800 1992 2017 2062 erigite,

446 2105 500 2148 et
538 2108 758 2164 gressus
793 2098 975 2144 rectos
1010 2087 1170 2141 facite
1223 2086 1457 2155 pedibus
1506 2085 1724 2148 vestris,
1764 2091 1824 2136 ut
1873 2081 2020 2151 quod

447 2185 716 2241 claudicat
749 2198 858 2235 non
895 2186 1196 2241 avertatur,
1237 2178 1410 2246 magis
1437 2185 1619 2228 autem
1651 2175 1953 2238 sanetur",
1997 2193 2015 2224 ι

449 2274 611 2343 189
643 2273 710 2325 de
734 2269 1053 2339 partibusne
1075 2267 1324 2336 corporis
1355 2265 1589 2319 dicimus
1624 2265 1738 2318 haec
1773 2271 2023 2318 sanctum

449 2363 765 2434 Apostolum
793 2359 1039 2415 dixisse?

520 2551 725 2608 ERAN.
767 2549 928 2604 Nullo
963 2546 1144 2600 modo.

517 2642 728 2699 ORTll.
759 2639 865 2694 Sed
894 2639 1088 2692 animae
1120 2638 1434 2707 languorem
1469 2645 1524 2689 et
1547 2638 1561 2654 °
1597 2635 1863 2705 ignaviam
1899 2651 2027 2689 eum

451 2735 691 2791 eximere
727 2729 964 2785 voluisse
995 2727 1264 2791 dicemus,
1291 2736 1345 2782 et
1369 2727 1435 2781 ad
1466 2726 1842 2780 fortitudinem
1866 2726 2029 2780 disci-

452 2829 609 2900 pulos
627 2824 910 2881 excitare?

521 2919 726 2975 l'lllAN.
763 2915 1021 2972 Omnino,

2117 446 2233 498 ἐστι
2267 445 2379 515 ('22)
2417 446 2601 515 μόριον
2635 443 2823 511 ὑγείας
2856 444 3150 514 δηλωτικὰ.

2189 535 2390 588 ΕΡΑΝ.
2437 533 2662 604 ’Λληοὲς

2191 627 2343 684 ΟΡΘ.
2394 627 2534 680 Ἀλλ’
2567 629 2725 695 ἴσμεν
2757 627 2940 697 ὅμως,
2990 628 3073 680 ὅτι
3114 630 3233 690 ταῖς
3287 627 3700 699 καθαρωτέραις

2119 719 2318 790 ψυχαῖς
2346 718 2728 790 χορηγουμένη
2772 717 2868 770 τοῦ
2903 717 3215 788 πνεύματος
3248 720 3280 788 ἡ
3328 719 3579 788 ἐνέργεια
3605 720 3703 789 τήν

2122 813 2464 882 προφητικὴν
2505 811 2681 881 ἐνίησι
2721 811 2902 880 χάριν,
2943 809 3080 878 αὕτη
3114 809 3171 861 δέ
3209 827 3272 877 γε
3318 812 3448 880 ὁρᾷν
3492 809 3588 862 καὶ
3638 811 3704 862 τὰ

2122 902 2477 974 κεκρυμμένα
2510 905 2672 965 ποιεῖ,
2701 903 2761 955 τὸ
2781 902 2836 954 δὲ
2864 901 3032 954 ταῦτα
3057 903 3188 972 ὁρᾷν
3213 899 3474 968 ὁρῶντας
3506 902 3701 966 αὐτοὺς

2122 995 2408 1050 καλεῖσθαι
2449 997 2542 1048 καὶ
2575 994 2923 1059 βλέποντας
2959 992 3392 1063 παρεσκεύασεν.

2194 1088 2398 1141 ΕΡΑΝ.
2444 1085 2643 1156 Ἀληοῆ
2674 1085 2872 1152 λέγεις.

2195 1180 2348 1233 ΟΡΘ.
2383 1177 2592 1231 Οὐκοῦν
2621 1179 2841 1230 κάκεῖνο
2877 1173 3316 1245 ἐπισκεψώμεθα.

2192 1269 2397 1322 EPAN.
2443 1268 2516 1319 Τὸ
2539 1269 2688 1319 ποῖον
2709 1284 2723 1332 ;
3719 1291 3725 1326 ε

2197 1360 2348 1413 ΟΡΘ.
2391 1359 2561 1412 Ὅταν
2599 1355 2920 1424 ἀκούσωμεν
2962 1355 3064 1425 τῆς
3110 1356 3218 1407 τῶν
3256 1353 3416 1406 θείων
3460 1333 3729 1420 Εὐαγγεο⁶

2124 1455 2250 1506 λίων
2305 1451 2576 1522 ἱστορίας,
2622 1449 3022 1518 διηγουμένης,
3069 1450 3150 1501 ὅτι
3201 1447 3584 1516 προσήνεγκαν
3630 1443 3709 1514 τῷ

2127 1541 2247 1610 Θεῷ
2283 1539 2648 1610 παραλυτικδν
2677 1537 2770 1588 ἐπὶ
2799 1538 2985 1606 κλίνης
3013 1536 3367 1606 βεϐλημένον,
3396 1534 3495 1601 τῆς
3525 1533 3709 1602 ψυχῆς

2125 1635 2223 1704 τὴν
2247 1633 2399 1685 λύσιν
2427 1631 2535 1684 τῶν
2567 1631 2770 1701 μορίων
2793 1625 2932 1684 εἶναι
2955 1630 3206 1698 λέγομεν,
3236 1628 3268 1697 ἢ
3305 1625 3397 1679 τοῦ
3420 1627 3704 1695 σώματος

2192 1725 2396 1777 ΕΡΑΝ.
2433 1724 2600 1792 Δῆλον
2633 1724 2714 1775 ὅτι
2745 1722 2838 1774 τοῦ
2866 1721 3138 1790 σώματος.

2191 1815 2346 1870 ΟΡΘ.
2370 1816 2540 1866 ’Ὅταν
2573 1813 2629 1867 δέ
2663 1831 2726 1882 γε
2760 1814 2859 1882 τήν
2885 1813 3018 1882 πρὸς
3053 1810 3338 1881 Ἑϐραίους
3385 1806 3704 1876 Ἐπιστολὴν

2121 1909 2624 1978 ἀναγινώσκοντες,
2671 1906 2920 1976 εὕρωμεν
2968 1907 3145 1958 ἐκεῖνο
3196 1903 3254 1956 τὸ
3308 1903 3527 1973 χωρίον,
3574 1900 3706 1954 ἔνθα

2123 2003 2287 2074 φησὶν
2315 2003 2341 2054 ὁ
2368 1999 2739 2060 Ἀπόστολοςοι
2766 1999 2926 2049 Ὥστε
2961 1997 3068 2065 (25)
3101 1996 3198 2058 τὰς
3221 1994 3560 2066 παρειμένας
3594 1996 3706 2063 χεῖ-

2127 2113 2245 2164 ρας,
2283 2094 2378 2146 καὶ
2403 2092 2472 2144 τὰ
2506 2089 2926 2161 παραλελυμὲνα
2963 2088 3163 2155 γόνατα
3191 2085 3535 2157 ἀνορθώσατε
3558 2128 3574 2149 ,
3613 2086 3709 2139 καὶ

2123 2187 2342 2256 τροχιὰς
2369 2185 2478 2254 (9.4)
2510 2183 2674 2254 ὀρθὰς
2702 2183 2963 2251 ποιήσατε
2988 2182 3098 2242 τοῖς
3121 2179 3279 2232 ποσὶν
3310 2179 3484 2247 ὑμῶν·
3514 2179 3602 2231 ἴνα
3631 2180 3705 2247 μὴ

2125 2278 2184 2330 τὸ
2232 2276 2400 2346 χωλὸν
2443 2276 2710 2344 ἐκτραπῇ,
2747 2273 2866 2342 ἰαθῇ
2895 2272 2949 2324 δὲ
2991 2271 3210 2341 μᾶλλον,
3245 2289 3262 2322 ι
3287 2271 3414 2340 περὶ
3457 2270 3564 2322 τῶν
3613 2270 3708 2322 τοῦ

2129 2368 2380 2438 σώματος
2437 2367 2640 2437 μορίων
2695 2364 2926 2435 ἐροῦμεν
2968 2364 3134 2431 φάναι
3189 2362 3363 2416 ταῦτα
3418 2361 3508 2413 τὸν
3567 2360 3712 2414 (isz

2141 2459 2464 2514 Ἀπόστολον
2489 2475 2503 2522 ;

2198 2552 2403 2605 EPAN.
2439 2550 2723 2620 Οὐδαμῶς.

2200 2644 2351 2698 ΟΡΘ.
2390 2644 2500 2705 Τὴν
2548 2642 2603 2694 δὲ
2649 2642 2748 2710 τῆς
2796 2640 2974 2710 ψυχῆς
3026 2640 3330 2708 χαυνότητα
3372 2639 3464 2690 καὶ
3507 2636 3715 2689 δειλίαν

2131 2738 2367 2806 ἐξαίρειν
2393 2733 2554 2786 αὐτὸν
2578 2735 2843 2803 φήσομεν,
2870 2732 2962 2782 καὶ
2990 2732 3067 2792 εἰς
3093 2729 3343 2799 ἀνδρείαν
3367 2727 3715 2797 παραθήγειν

2133 2829 2258 2889 τοὺς
2293 2826 2573 2896 μαθητάςς

2203 2919 2404 2972 ΕΡΛΝ.
2440 2919 2675 2985 Πάνυγε.

519 3009 729 3063 ORTII.
761 3009 830 3060 At
863 3021 972 3058 non
1000 3001 1311 3057 invenimus
1340 3002 1454 3057 hwc
1490 3002 1542 3055 in
1571 3017 1721 3055 sacra
1743 3001 2025 3070 Scriptura

2208 3014 2357 3066 ΟΡΘ.
2423 3010 2558 3063 Ἀλλ’
2609 3010 2706 3078 οὐχ
2749 3007 3074 3078 εὑρίσκομεν
3101 3005 3272 3058 ταῦτα
3307 3003 3454 3073 παρὰ
3491 3007 3558 3074 τῇ
3600 3004 3720 3074 Θείᾳ

451 3101 732 3170 distingui.
775 3099 963 3166 Neque
1000 3096 1146 3148 enim
1178 3095 1344 3148 Isaaci
1385 3094 1684 3147 caecitatem
1713 3093 2031 3147 describens

451 3192 699 3263 corporis
757 3189 1092 3243 mentionem
1146 3185 1296 3249 facit,
1353 3185 1448 3238 sed
1496 3185 1740 3238 Isaacum
1783 3185 2033 3238 absolute

451 3286 587 3342 dicit
637 3297 843 3338 cmcum
898 3279 1086 3333 fuisse.
1132 3277 1322 3347 Neque
1366 3285 1656 3331 cernentes
1699 3286 1754 3331 et
1781 3277 2035 3331 videntes

453 3377 744 3432 nominans
785 3373 1101 3443 prophetas,
1143 3369 1341 3423 horum
1371 3369 1582 3423 animas
1610 3369 1795 3422 videre
1819 3369 1955 3422 dixit
1980 3375 2036 3421 et

454 3468 656 3526 intueri
697 3482 820 3536 quae
865 3478 1064 3518 arcana
1110 3470 1259 3524 sunt,
1296 3461 1390 3514 sed
1415 3475 1677 3529 personas
1712 3459 1856 3528 ipsas
1881 3475 2034 3513 com-

453 3559 796 3616 memoravit.

525 3650 734 3708 ERAN.
759 3649 840 3703 Ad
871 3648 1017 3702 hunc
1043 3645 1262 3699 modum
1289 3661 1346 3699 se
1383 3660 1469 3698 res
1498 3645 1684 3698 habet.

528 3743 738 3798 Olt'l‘ll.
779 3741 891 3794 Nec
921 3736 1205 3807 paralytici
1238 3750 1438 3804 corpus
1465 3735 1706 3789 ostendit
1733 3749 1854 3788 esse
1883 3734 2036 3788 solu-

456 3843 594 3896 tum,
621 3831 715 3885 sed
745 3829 1023 3882 hominem
1053 3824 1348 3894 appellavit
1372 3824 1751 3893 paralyticum.

527 3941 733 3997 EllA‘N.
774 3940 974 3994 Verum
998 3945 1100 3990 est.

524 4032 737 4090 Οιιτιι.
781 4031 892 4086 Nec
919 4028 1140 4083 divinus
1166 4025 1460 4095 Apostolus
1481 4028 1693 4082 animas
1713 4031 2038 4086 nominatim

455 4125 746 4198 expressit,
779 4139 902 4178 cum
937 4121 1104 4176 vellet
1132 4135 1224 4174 eas
1253 4117 1610 4173 corroborare
1633 4129 1693 4174 et
1721 4122 1984 4177 excitare.

531 4321 740 4378 ERAN.
763 4319 906 4374 Sane
928 4331 1061 4370 non.

527 4411 737 4468 ORTll.
756 4410 868 4464 Nos
885 4423 1015 4461 vero
1037 4419 1260 4459 sensum
1282 4403 1579 4458 verborum
1602 4415 2034 4475 perscrutantes,

458 4503 815 4575 intelligimus
836 4512 1085 4570 quamam
1110 4496 1222 4550 sint
1243 4494 1460 4560 animat,
1485 4512 1607 4566 quae
1627 4499 1876 4567 corporis
1905 4514 2038 4568 pro-

458 4598 600 4669 pria.

527 4689 736 4746 ERAN.
781 4686 848 4741 Et
890 4689 1260 4740 consentanea
1297 4681 1520 4752 quidem
1567 4679 1797 4738 facimus
1823 4700 1836 4737 :
1867 4684 2038 4738 ratio-

460 4782 612 4837 nales
635 4780 783 4835 enim
814 4792 914 4832 nos
950 4775 1080 4830 fecit
1103 4774 1270 4830 Deus.

529 4873 740 4929 ORTH.
781 4871 894 4926 Hac
931 4869 1099 4940 igitur
1124 4867 1179 4921 vi
1210 4867 1440 4922 rationis
1467 4867 1612 4923 circa
1644 4867 1960 4924 Creatorem
1986 4877 2042 4922 et

463 4964 801 5021 Salvatorem
839 4969 1091 5016 nostrum
1139 4967 1376 5022 utamur,
1417 4969 1472 5012 et
1499 4975 1858 5030 agnoscamus
1888 4975 2040 5030 qua:-

461 5071 588 5111 nam
644 5053 818 5125 ipsius
870 5050 1165 5115 divinitati,
1201 5065 1452 5120 quamam
1505 5050 1835 5105 humanitati
1885 5067 2040 5106 com-

459 5158 668 5221 petant.

531 5243 738 5299 ERAN.
799 5239 906 5295 Sed
953 5239 1058 5293 hoc
1104 5237 1150 5291 si
1199 5234 1514 5298 fecerimus,
1567 5247 1835 5288 summam
1887 5236 2034 5290 illam

467 5335 726 5388 unionem
762 5333 1059 5386 solvemus.

537 5496 579 5526 ’δ
613 5490 804 5546 Matth.
841 5506 914 5553 ιι,
949 5491 1005 5543 2.
1081 5489 1125 5519 ⁷⁸
1153 5486 1315 5542 Hebr.
1355 5503 1446 5551 xu,
1478 5487 1562 5552 12,
1606 5487 1687 5540 l5.

504 5678 518 5692 .
539 5604 648 5733 ξεῖ)
682 5607 819 5660 ἐστι.
842 5603 980 5659 Ante
1012 5602 1096 5658 vel
1124 5617 1243 5672 pos:
1267 5603 1536 5674 δηλωτικὰ
1564 5601 1880 5672 ponendum
1909 5615 2031 5657 esse

504 5695 539 5733 lt
563 5694 590 5733 e
621 5694 704 5733 ur.

480 5694 704 5736 'auelur.

2063 4367 2116 4426 D

2137 3107 2443 3180 διῃρημένα
2476 3104 2688 3174 Γραφῇ.
2728 3102 2866 3155 Οὖτε
2901 3100 3009 3171 γὰρ
3039 3098 3137 3169 τὴν
3166 3096 3258 3150 τοῦ
3303 3095 3490 3150 Ἰσαὰκ
3527 3097 3728 3166 διηγηο

2139 3199 2348 3270 σαμένη
2365 3195 2672 3265 τυφλότητα
2693 3193 2941 3262 σώματος
2958 3190 3380 3261 ἐμνημόνευσεν,
3403 3187 3501 3241 ἀλλ
3515 3185 3727 3251 ’ἁπλῶς

2135 3291 2227 3344 τὸν
2275 3287 2461 3342 Ἰσαὰκ
2487 3286 2592 3355 ἔφη
2635 3284 2832 3353 τυφλόν
2861 3299 2874 3314 ο
2911 3281 3035 3356 οὔτε
3068 3280 3362 3350 βλέποντας
3396 3280 3490 3332 καὶ
3544 3278 3728 3348 ὁρῶν-

2137 3399 2233 3444 τας
2264 3381 2579 3450 ὀνομάσασα
2621 3375 2746 3437 τοῦς
2793 3375 3110 3444 προφήτας,
3147 3371 3246 3434 τὰς
3285 3370 3488 3422 τούτων
3539 3368 3728 3438 ψυχὰς

2139 3473 2242 3544 ἔφη
2275 3473 2406 3541 ὁρᾷν
2440 3470 2531 3522 καὶ
2579 3467 2796 3536 βλέπειν
2838 3464 2907 3516 τὰ
2964 3461 3322 3533 κεκρυμμένα
3343 3499 3358 3525 ,
3391 3455 3505 3514 ἀλλ’
3539 3460 3731 3512 αὐτῶν

2140 3562 2512 3634 ἐμνημόνευσε
2545 3559 2654 3612 τῶν
2682 3556 3012 3628 προσώπων.

2210 3654 2415 3708 EPAN.
2460 3651 2616 3705 Οὖτω
2637 3650 2780 3704 τοῦτ’
2812 3649 2947 3718 ἔχει.

2211 3744 2364 3798 ΟΡΘ.
2408 3742 2544 3797 Οὔτε
2587 3742 2692 3812 μὴν
2725 3739 2820 3793 τοῦ
2856 3739 3228 3810 παραλυτικοῦ
3265 3739 3324 3791 τὸ
3362 3739 3519 3808 σῶμα
3554 3737 3734 3801 ἔδειξε

2141 3839 2263 3892 λελυ
2273 3836 2458 3909 μένονο
2482 3834 2618 3889 ἀλλὰ
2641 3834 2730 3888 τὸν
2750 3832 3038 3902 ἄνθρωπον
3059 3831 3306 3900 ὠνόμασε
3326 3829 3730 3900 παραλυτικόν,

2215 3953 2418 4007 EPAN.
2463 3947 2704 4020 Ἀληθές.

2201 4045 2366 4100 -ΟΡΘ.
2409 4043 2542 4096 Οὺδέ
2581 4058 2644 4110 γε
2686 4041 2718 4093 ὁ
2751 4037 2894 4101 θεῖος
2951 4035 3272 4099 ’Δπόστολος
3315 4035 3575 4106 ὀνομαστὶ
3617 4037 3739 4090 τῶν

2141 4138 2328 4210 ψυχῶν
2357 4135 2784 4206 ἐμνημόνευσεν,
2823 4129 3129 4202 ἐπιρρῶσαι
3171 4128 3374 4191 ταύτας
3401 4126 3494 4180 καὶ
3527 4125 3734 4193 διεγεῐι

2146 4248 2238 4302 ραι
2271 4229 2528 4298 θελήσας.

2216 4320 2418 4374 EPAN.
2456 4318 2530 4372 Ού
2570 4315 2698 4388 γάρ.

2217 4413 2367 4466 ΟΡΘ.
2417 4411 2608 4481 Ἡμεῖς
2633 4409 2689 4461 δὲ
2720 4407 2810 4460 τδν
2844 4405 2967 4460 νοῦν
3000 4405 3108 4458 τῶν
3151 4404 3325 4472 λόγων
3357 4401 3736 4472 διερευνώμε-

2147 4523 2247 4568 νοι,
2284 4502 2741 4572 ὲπιγινώσκομεν,
2777 4499 2900 4552 τίνα
2933 4498 3030 4569 μὲν
3057 4496 3268 4566 ψυχῆς,
3298 4495 3418 4549 τίνα
3451 4495 3507 4548 δὲ
3536 4495 3737 4564 σώμα-

2140 4615 2233 4660 τος
2266 4596 2390 4650 ῐδια.

2215 4689 2418 4755 EPAN.
2456 4689 2656 4742 Είκότα
2683 4703 2748 4756 γε
2790 4685 3099 4747 ποιοῦντες·
3148 4681 3401 4750 λογικοὺς
3434 4681 3544 4753 γὰρ
3578 4683 3738 4752 ws;

2147 4783 2403 4852 ἐποίησεν
2431 4781 2460 4832 ὁ
2493 4779 2644 4841 Θεός.

2216 4869 2369 4924 ΟΡΘ.
2411 4867 2558 4938 Τῷδε
2587 4865 2766 4919 τοίνυν
2793 4862 2873 4934 τῷ
2897 4862 3099 4933 λογικῷ
3127 4860 3220 4915 καὶ
3246 4861 3339 4913 ἐπὶ
3369 4858 3465 4912 τοῦ
3496 4875 3736 4928 πεποιηε

2147 4959 2305 5023 κότος
2335 4959 2482 5030 ἡμᾶς
2509 4958 2602 5010 καὶ
2637 4955 2936 5017 σεσωκότος
2969 4951 3328 5024 χρησώμεθα,
3362 4951 3457 5004 καὶ
3488 4949 3738 5016 ἐπιγνῶ-

2150 5069 2270 5122 μεν,
2294 5050 2415 5104 τίνα
2448 5049 2547 5119 μὲν
2566 5046 2731 5102 αὐτοῦ
2758 5048 2823 5118 τῇ
2859 5045 3094 5116 θεότητι,
3126 5044 3249 5098 τίνα
3278 5042 3334 5096 δὲ
3365 5044 3632 5113 προσήκει
3664 5042 3738 5111 τῇ

2145 5141 2546 5217 ἀνθρωπότητι.

2214 5235 2419 5289 ΕΡΑΝ.
2484 5233 2623 5286 Ἀλλ’
2646 5232 2779 5285 αὐτὸ
2799 5228 2956 5284 τοῦτο
2974 5228 3229 5300 δρῶντες,
3257 5227 3356 5296 τὴν
3385 5226 3563 5296 ἄκραν
3593 5219 3738 5276 ἑκεί-

2125 5348 2221 5402 νην
2251 5327 2574 5398 διαλύσομεν
2603 5325 2796 5380 ἕνωσιν

2214 5597 2323 5666 (25)
2358 5595 2517 5666 ὥστε.
2537 5593 2702 5666 Loco
2731 5595 2823 5648 cit.
2853 5591 3066 5666 estate.

2211 5660 2321 5740 (24)
2352 5683 2418 5739 τρ
2473 5664 2773 5756 Εὐδὶυιη.
2806 5671 2861 5721 et
2893 5660 3042 5735 Lips.
3093 5667 3333 5738 τροχίας.
