4010 6212
367 246 470 312 237

1426 249 1803 312 DIALOGUS
1844 247 1957 307 III.
1988 272 2055 279 -
2086 247 2572 309 ΙΜΡΑΤΙΒΙΙᾸΞ.

3519 248 3625 312 238

439 361 593 413 0P3.
626 361 735 414 Καὶ
769 361 877 431 μὴν
909 361 999 415 ὲπί
1032 376 1093 429 γε
1124 360 1218 415 τοῦ
1260 363 1462 426 Ἰσαὰκ,
1489 364 1584 416 καὶ
1605 362 1711 416 τῶν
1738 377 1941 432 προφη-

2128 359 2289 429 190
2315 358 2525 415 ORTH.
2555 360 2722 430 Atqui
2753 375 2878 415 cum
2916 360 2971 415 in
3002 359 3207 426 lsaaco,
3238 372 3293 417 et
3316 364 3621 434 prophetis,

367 453 496 519 τῶν,
528 454 622 506 καὶ
654 452 748 506 τοῦ
788 452 1102 523 παραλύτου
1126 495 1139 517 ,
1174 455 1269 508 καὶ
1298 454 1407 508 τῶν
1438 455 1613 510 ἄλλων
1640 452 1801 508 τοῦτο
1822 453 1951 524 δρά-

368 559 581 606 σαντες,
612 541 712 611 τὴν
737 544 974 611 φυσικὴν
1000 544 1096 612 τῆς
1124 544 1301 613 ψυχῆς
1323 544 1421 598 καὶ
1450 544 1543 598 τοῦ
1576 543 1952 614 σώματοςοὺκ

365 633 637 705 ἑλυταμεν
668 634 883 697 ἕνωσιν,
917 635 1040 688 οὐδέ
1070 651 1133 702 γε
1163 636 1272 688 ἀπὸ
1299 635 1408 688 τῶν
1436 635 1650 688 οἰκείων
1685 635 1951 704 σωμάτων

363 727 461 788 τὰς
489 724 670 794 ψυχὰς
698 725 1065 794 ὲχωρίσαμεν.
1095 725 1233 778 ἀλλὰ
1261 723 1339 793 τῷ
1366 725 1511 795 λόγῳ
1547 724 1694 795 μόνῳ
1720 723 1949 790 διέγνω-

365 835 489 887 μεν,
521 815 574 869 τί
610 816 709 885 μὲν
743 814 878 868 ἴδιον
908 815 1107 884 ψυχῆς,
1134 816 1186 866 τί
1214 815 1269 867 δὲ
1312 813 1581 885 σώματος.
1615 814 1738 876 Πῶς
1770 809 1860 867 οῦν
1889 812 1949 865 οὐ

363 909 612 979 σχέτλιον
634 908 727 960 ἐπὶ
751 906 939 976 ψυχῶν
961 905 1120 959 τοῦτό
1144 923 1207 974 γε
1234 908 1330 961 καὶ
1361 906 1633 976 σωμάτων
1659 904 1950 967 ποιοῦντας

182 1009 197 1022 °
270 1038 273 1041 -
361 1000 529 1063 οῦτω,
575 999 668 1052 ἐπὶ
723 998 818 1050 τοῦ
870 997 1121 1069 Σωτῆρος
1158 997 1316 1068 ημῶν
1360 998 1518 1051 τοῦτο
1563 995 1950 1068 παραιτεῖσθαι

363 1094 564 1153 ποιεῖν,
595 1090 731 1144 ἀλλὰ
754 1093 974 1160 συγχεῖν
1005 1089 1103 1152 τὰς
1127 1089 1318 1159 φύσεις
1335 1091 1425 1144 διὰ
1448 1090 1562 1161 (25)
1586 1090 1648 1143 τὸ
1669 1090 1949 1159 διάφορον,

363 1184 467 1251 οὐχ
497 1183 621 1235 ὅσον
644 1181 793 1251 ψυχὴ
820 1182 933 1250 ἔχει
966 1182 1102 1252 πρὸς
1141 1182 1301 1253 σῶμα
1321 1224 1337 1249 ,
1367 1182 1598 1253 ἐχούσας
1631 1182 1768 1253 πρὸς
1791 1180 1955 1251 ἀλλή-

363 1275 465 1337 λας
487 1315 503 1338 ,
557 1273 693 1326 ἀλλὰ
741 1272 1018 1336 τοσοῦτον.
1053 1275 1177 1327 ὅσον
1206 1274 1267 1327 τὸ
1300 1275 1615 1344 πρόσφατον
1656 1272 1751 1326 τοῦ
1778 1273 1951 1327 ἀϊδίου

360 1364 641 1433 διέστηκε,
667 1366 763 1417 καὶ
795 1366 856 1417 τὸ
888 1364 1109 1435 ποιηθὲν
1143 1364 1238 1419 τοῦ
1280 1366 1605 1437 ποιήσαντος
1633 1383 1649 1432 ;

436 1477 643 1533 ΕΡΑΝ.
697 1476 761 1529 Ἠ
797 1476 916 1530 θεία
940 1478 1129 1550 Γραφή
1162 1496 1293 1549 φησι
1330 1478 1424 1533 τὸν
1456 1479 1583 1532 Υίδν
1606 1480 1701 1533 τοῦ
1725 1479 1859 1533 Θεοῦ
1890 1480 1952 1533 τὸ

366 1567 538 1629 πάθος
576 1568 1078 1638 ὑπομεμενηκέναι.

437 1660 594 1714 ΟΡΘ.
629 1660 763 1714 ωδε
804 1663 968 1731 ἡμεῖς
1005 1660 1164 1715 ἄλλον
1210 1662 1331 1716 τινὰ
1379 1662 1704 1717 πεπονθέναι
1750 1663 1945 1734 φαμέν’

364 1754 528 1823 ἴσμεν
567 1752 624 1805 δὲ
649 1753 819 1822 ὅμως,
845 1753 1000 1822 παρὰ
1022 1753 1124 1823 τῆς
1153 1752 1303 1817 θείας
1331 1754 1669 1823 διδαχθέντες
1708 1756 1949 1827 Γραφῆς,

365 1846 442 1909 ὡς
468 1844 685 1915 ἀπαθὴς
714 1847 748 1915 η
793 1846 893 1914 τῆς
926 1845 1181 1916 θεότητος
1216 1844 1401 1914 φύσις.
1455 1847 1749 1901 Ἀπάθειαν
1776 1848 1953 1901 τοίνυν

368 1938 466 1989 καί
489 1938 659 1999 πάθος
681 1935 990 2000 ἀκούοντες,
1015 1938 1109 1990 καὶ
1137 1935 1561 2007 ἅνθρωπότητος
1584 1939 1678 1991 καὶ
1701 1937 1953 2008 θεότητος

369 2028 585 2090 ἕνωσιν,
610 2027 702 2081 τοῦ
738 2028 985 2098 παθητοῦ
1010 2026 1261 2098 σώματος
1290 2028 1351 2081 τὸ
1382 2029 1553 2093 πάθος
1574 2025 1716 2083 εἶναί
1747 2046 1949 2098 φαμεν,

367 2121 467 2191 τὴν
492 2119 681 2189 ἅπαθῆ
713 2120 771 2174 δὲ
800 2118 963 2188 φύσιν
1000 2118 1292 2191 ἐλευθέραν
1329 2122 1701 2193 μεμενηκέναι
1724 2120 1818 2174 τοῦ
1847 2122 1952 2174 πά-

365 2211 491 2276 θους
515 2210 781 2281 όμολογοῦ
789 2228 909 2282 μεν.

431 2326 646 2379 EPAN.
696 2325 865 2397 Σῶμα
902 2325 1082 2380 τοίνυν
1129 2327 1262 2397 ἡμῖν
1286 2325 1383 2398 τὴν
1422 2327 1696 2398 σωτηρίαν
1728 2323 1955 2397 προύξέ-

362 2436 553 2489 νησεν.

428 2530 593 2586 οΡΘ,
621 2532 738 2583 Οὐκ
761 2530 1053 2602 ἀνθρώπου
1081 2530 1238 2602 σῶμα
1257 2530 1437 2601 ψιλοῦ,
1464 2529 1599 2584 ἀλλὰ
1623 2532 1716 2584 τοῦ
1748 2531 1954 2602 Κυρίου

360 2623 522 2693 ἡμῶν
567 2622 745 2692 Ἰησοῦ
769 2623 1028 2692 Χριστοῦ,
1054 2623 1150 2676 τοῦ
1177 2622 1501 2693 μονογενοῦς
1526 2621 1654 2674 Υἰοῦ
1677 2622 1772 2676 τοῦ
1795 2621 1953 2675 θεοῦ.

364 2716 424 2768 Εἰ
453 2715 514 2767 δὲ
547 2714 709 2766 τοῦτό
738 2730 817 2767 σοι
838 2715 1119 2784 νομίζεται
1150 2716 1344 2787 μικρόν
1372 2732 1431 2768 τε
1458 2715 1552 2768 καὶ
1574 2715 1808 2782 εὐτελὲς,
1838 2714 1956 2780 πῶς

362 2806 448 2859 τὸν
475 2805 679 2858 τούτου
712 2821 777 2873 γε
813 2804 983 2859 τύπον
1020 2805 1217 2859 σεπτὸν
1243 2807 1351 2876 ἡγῇ
1392 2806 1831 2876 καὶσωτήριονς
1883 2797 1957 2858 Οὗ

360 2897 416 2949 δὲ
443 2898 473 2949 ό
500 2896 682 2959 τύπος
714 2898 1091 2967 προσκυνητὸς
1117 2898 1211 2951 καὶ
1244 2898 1568 2967 σεϐάσμιος,
1595 2897 1712 2961 πῶς
1737 2898 1869 2951 αὐτὸ
1897 2899 1957 2952 τὺ

360 2988 679 3059 ἀρχέτυπον
711 2990 1191 3060 εὐκαταφρόνητον
1225 2990 1317 3043 καὶ
1350 2989 1613 3060 σμικρόν;

2050 459 2106 506 et
2143 452 2462 523 paralytico,
2499 453 2731 524 aliisque
2761 454 2868 510 hoc
2897 454 3147 518 fecimus,
3177 458 3481 513 naturalem
3505 463 3624 516 ani-

2050 559 2152 599 ma:
2194 546 2553 615 corporisque
2601 547 2862 603 unionem
2921 565 3032 603 non
3063 550 3346 614 solvimus,
3380 567 3559 623 neque
3593 572 3626 611 α

2051 637 2290 706 propriis
2332 638 2656 707 corporibus
2704 640 2916 697 animas
2956 642 3349 712 separavimus,
3379 644 3477 700 sed
3511 646 3627 702 sola

2051 728 2400 798 cogitatione,
2447 730 2579 801 quid
2625 732 2841 798 animae,
2888 734 3019 804 quid
3064 736 3313 805 corporis
3342 738 3626 807 proprium

2050 821 2143 885 sit,
2186 822 2563 879 distinximus.
2599 823 2740 892 Quid
2778 826 2945 896 igitur
2976 827 3272 883 absurdius
3301 838 3407 894 est,
3439 846 3627 900 quam,

2050 928 2177 967 cum
2205 913 2261 967 in
2282 914 2572 970 animabus
2603 918 3039 989 corporibusque
3061 920 3139 974 sic
3165 921 3451 986 faciamus,
3480 923 3627 979 idem

2052 1003 2109 1057 in
2155 1001 2435 1059 Salvatore
2481 1017 2674 1061 nostro
2720 1007 2901 1063 facere
2951 1010 3120 1076 nolle,
3164 1011 3260 1065 sed
3287 1012 3628 1069 contundere

2052 1106 2296 1164 naturas,
2322 1114 2554 1168 quarum
2577 1100 2888 1156 diﬂ'erentia
2922 1111 3025 1168 est,
3061 1119 3171 1158 non
3201 1114 3404 1174 quanta
3434 1107 3630 1162 animae

2051 1194 2108 1240 et
2154 1188 2426 1257 corporis,
2470 1189 2565 1243 sed
2618 1198 2790 1253 tanta,
2826 1199 3028 1260 quanta
3066 1191 3212 1246 inter
3244 1196 3543 1264 temporale
3574 1207 3629 1253 et

2050 1287 2341 1345 aeternum,
2364 1280 2508 1335 inter
2536 1292 2845 1337 creaturam
2882 1291 2938 1337 et
2964 1282 3324 1339 Creatorem?

2125 1480 2332 1535 ERAN.
2370 1479 2534 1536 Sacra
2566 1478 2852 1550 Scriptura
2880 1479 3015 1534 dicit
3051 1480 3250 1536 Filium
3290 1483 3386 1538 Del
3423 1484 3631 1553 passio-

2053 1585 2178 1625 nem
2219 1570 2530 1639 pertulisse.

2124 1658 2334 1714 ORTH.
2364 1658 2555 1728 Neque
2591 1675 2693 1715 nos
2722 1660 2892 1714 alium
2925 1661 3236 1731 quempiam
3269 1677 3490 1731 passum
3510 1679 3630 1720 esse

2056 1748 2331 1804 dicimus:
2364 1760 2420 1803 et
2450 1757 2632 1804 tamen
2661 1764 2728 1803 ex
2761 1750 2945 1805 divina
3001 1750 3286 1822 Scriptura
3337 1753 3562 1820 scimus,
3613 1761 3632 1777 '

2055 1840 2416 1910 impatibilem
2460 1855 2583 1895 esse
2623 1850 2875 1895 naturam
2904 1841 3225 1897 divinitatis.
3258 1843 3635 1914 Impatibilita-

2054 1940 2165 1987 tem
2200 1932 2366 2003 igitur
2394 1939 2451 1986 et
2484 1931 2795 2001 passionem
2841 1932 3150 1999 audientes,
3191 1944 3247 1988 et
3275 1934 3633 1993 humanitatis

2053 2039 2119 2079 ac
2157 2023 2465 2078 divinitatis
2509 2023 2793 2086 unionem,
2826 2024 3039 2093 patibili
3064 2025 3283 2095 corpori
3320 2027 3630 2096 passionem

2054 2115 2373 2180 tribuimus,
2427 2123 2483 2170 et
2533 2113 2897 2185 impatibilem
2930 2126 3185 2172 naturam
3230 2119 3504 2188 passionis
3540 2136 3635 2177 ex-

2052 2215 2265 2277 pertem
2289 2205 2554 2259 mansisse
2578 2202 2926 2259 conﬁtemur.

2123 2318 2332 2375 ERAN.
2363 2317 2578 2389 Corpus
2606 2332 2740 2389 ergo
2770 2317 2930 2373 nobis
2964 2318 3196 2374 salutem
3219 2322 3552 2389 procuravit.

2125 2532 2335 2589 ORTH.
2385 2533 2505 2588 Non
2556 2531 2693 2587 nudi
2740 2530 2981 2586 hominis
3024 2546 3246 2602 corpus,
3287 2532 3384 2587 sed
3416 2534 3633 2590 Domini

2058 2626 2234 2682 nostri
2284 2625 2415 2681 Jesu
2462 2623 2691 2689 Christi,
2740 2624 3012 2695 unigeniti
3062 2624 3185 2678 Filii
3241 2624 3360 2680 Dei.
3400 2625 3556 2693 Quod
3588 2629 3635 2683 si

2058 2732 2288 2788 parvum
2342 2715 2438 2770 tibi
2481 2730 2546 2770 ac
2578 2715 2685 2770 vile
2724 2714 2964 2779 videtur,
2994 2715 3270 2785 quomodo
3293 2717 3412 2787 ejus
3449 2726 3637 2789 typum

2057 2810 2428 2866 venerabilem
2474 2816 2531 2864 et
2578 2808 2872 2863 salutarem
2893 2806 3220 2862 existimas?
3248 2807 3417 2880 Cujus
3451 2819 3637 2865 autem

2061 2912 2221 2976 typus
2260 2901 2572 2957 adorandus
2602 2908 2686 2955 est
2722 2907 2777 2955 et
2799 2899 3076 2969 salutaris,
3111 2900 3206 2971 qui
3236 2910 3416 2972 potest
3446 2902 3640 2958 arche-

2063 3006 2249 3068 typum
2274 2994 2452 3063 ipsum
2474 2992 2682 3063 despici
2706 2999 2761 3046 et
2791 2991 3118 3045 extenuari?

427 3080 644 3134 EPAN.
674 3082 789 3133 Οὐκ
816 3081 1040 3145 εὐτελὲς
1080 3059 1320 3152 ἡγοῦμαι
1347 3059 1407 3136 τδ
1437 3059 1599 3154 σῶμα
1617 3123 1633 3150 ,
1664 3083 1801 3138 ἀλλὰ
1824 3085 1956 3140 διαι-

2364 3086 2484 3142 Non
2508 3059 2617 3140 vile
2653 3085 2910 3140 existimo
2944 3099 3167 3155 corpus,
3203 3084 3299 3140 sed
3335 3085 3512 3159 (illud)
3549 3087 3630 3142 di-

361 3176 474 3241 ρεῖν
505 3174 624 3226 ἀπὸ
651 3173 749 3242 τῆς
781 3173 1038 3243 θεότητος
1066 3175 1168 3229 οὐκ
1206 3177 1494 3247 ἀνέχομαι.

427 3267 592 3321 ΟΡΘ.
638 3266 774 3320 Οὐδὲ
820 3268 983 3337 ἡμεῖς
1005 3307 1021 3331 ,
1060 3261 1105 3320 ὧ
1135 3269 1307 3337 ἀγαθὲ
1331 3307 1346 3332 ,
1399 3268 1722 3340 διαιροῦμεν
1749 3269 1847 3339 τὴν
1876 3268 1960 3323 ἕν-

360 3373 496 3410 ωσιν
516 3399 534 3422 ,
581 3355 721 3411 ἀλλὰ
761 3356 1075 3428 θεωροῦμεν
1106 3359 1174 3412 τὰ
1198 3359 1307 3413 τῶν
1337 3360 1552 3429 φύσεων
1586 3360 1712 3415 ῐδια.
1743 3360 1854 3414 Kal
1894 3361 1959 3413 σὺ

359 3450 413 3503 δὲ
448 3448 734 3521 δήπουθεν
773 3450 1232 3523 συνομολογήσεις
1283 3454 1508 3508 αὐτίκα.

430 3541 652 3595 ΕΡΔΝ.
687 3541 1047 3612 Προφητικῶς
1076 3543 1247 3597 ταῦτα
1285 3544 1731 3617 προσαγορεύεις.

430 3636 601 3689 ΟΡθ.
634 3634 712 3687 Οὐ
740 3635 1134 3706 προφητικῶς,
1182 3636 1299 3691 ἀλλ’
1346 3637 1505 3702 είδὼς
1555 3639 1656 3708 τῆς
1702 3636 1963 3708 ἀληθείας

362 3726 459 3799 τὴν
485 3726 753 3797 δύναμιν.
799 3727 964 3780 Ἀλλά
1010 3744 1103 3798 μοι
1141 3728 1443 3801 ἀπόκριναι
1472 3730 1568 3783 καὶ
1616 3727 1777 3782 τοῦτο
1805 3744 1967 3799 προσ-

362 3817 693 3889 ερωτῶντι’
741 3816 912 3870 Ὅταν
970 3817 1212 3889 ἀκούσῃς
1275 3819 1370 3873 τοῦ
1424 3820 1634 3892 Κυρίου
1689 3818 1961 3887 λέγοντοςο

368 3926 388 3960 ι
436 3907 597 3978 Ἐγὼ
628 3910 726 3962 καὶ
769 3910 799 3961 ὁ
837 3908 1024 3982 Πατὴρ
1053 3911 1111 3965 ἓν
1157 3913 1347 3981 ἐσμεν,
1396 3931 1417 3964 ι
1454 3914 1581 3975 καὶ,
1622 3930 1640 3962 ι
1689 3911 1749 3964 '0
1788 3912 1965 3980 ἑωραο

364 3998 477 4063 κὼς
509 4000 623 4070 ἐμὲ
661 3998 878 4070 ἑώρακε
908 4000 999 4054 τὸν
1047 4002 1289 4071 Πατέρα,
1330 4021 1349 4055 ι
1392 4002 1494 4074 τῆς
1541 4004 1743 4075 σαρκὸς
1794 4005 1966 4057 ταῦτα

359 4095 577 4162 λέγεις,
610 4092 644 4164 ἦ
674 4093 773 4163 τῆς
804 4092 1053 4164 θεότητος
1091 4093 1228 4159 ίδια;

432 4185 656 4240 ΕΡΑΝ.
693 4185 803 4238 Kal
831 4185 951 4249 πῶς
974 4179 1087 4239 οἷόν
1118 4202 1179 4238 τε
1216 4184 1336 4238 κατ’
1375 4183 1563 4240 οὐσίαν
1601 4184 1660 4239 ἰν
1691 4181 1828 4240 εἶναι
1867 4185 1964 4258 τὴν

360 4287 557 4351 σάρκα
593 4278 689 4331 καὶ
716 4276 811 4329 τὸν
843 4277 1104 4347 Πατέρας

432 4369 603 4424 ΟΡΘ.
640 4366 946 4439 Τοιγαροῦν
987 4368 1090 4437 τῆς
1120 4366 1374 4439 θεότητος
1396 4368 1569 4423 ταῦτα
1596 4368 1889 4439 δηλωτικὰ.

336 4487 341 4513 ε
433 4460 657 4515 EPAN.
705 4460 947 4531 Ἀληθές.

336 4554 341 4565 '
436 4550 607 4606 0P6.
650 4550 762 4603 Kal
787 4550 871 4614 τὸ,
909 4568 929 4602 ι
973 4550 1062 4605 Ἐν
1086 4551 1229 4624 ἀρχῇ
1261 4548 1329 4624 ἦν
1356 4554 1385 4606 ὁ
1405 4552 1596 4621 Λόγος,
1622 4554 1719 4605 καὶ
1738 4552 1871 4615 Θεὸς
1898 4548 1967 4624 ἦν

364 4647 394 4698 ὁ
418 4643 633 4711 Λόγος,
670 4661 691 4694 ι
725 4642 821 4696 καὶ
850 4641 919 4695 τὰ
949 4642 1162 4707 τούτοις
1191 4645 1387 4715 ὃμοια;

438 4735 661 4790 ΕΡΔΝ.
715 4734 1096 4807 Ὢμολόγηται.

439 4826 613 4880 ΟΡΘ.
652 4825 825 4879 Ὅταν
856 4825 915 4878 δὲ
938 4826 1100 4881 πάλιν
1127 4828 1162 4898 ἡ
1203 4826 1325 4881 θεία
1361 4826 1552 4897 Γραφὴ
1591 4825 1723 4899 λέγῃ
1746 4843 1760 4857 °
1804 4846 1822 4879 ι
1867 4828 1969 4898 Ἰη-

372 4917 506 4981 σοῦς
538 4916 605 4970 δὶ
637 4916 987 4981 κεκοπιακὼς
1026 4920 1091 4971 ὲκ
1126 4918 1224 4988 τῆς
1258 4918 1564 4988 ὁδοιπορίας
1591 4917 1826 4988 ἐκάθητο
1851 4916 1965 4987 (26)

368 5008 562 5072 οὕτως
597 5010 689 5062 ἐπὶ
718 5011 785 5080 τῇ
817 5013 993 5081 πηγῇ,
1036 5028 1056 5062 ι
1094 5010 1238 5073 τίνος
1264 5009 1606 5080 ὑποληπτέον
1630 5009 1720 5063 τὸν
1756 5010 1963 5076 κόπον;

368 5100 476 5169 τῆς
508 5099 797 5171 θεότητος,
829 5099 863 5170 ἢ
898 5099 994 5153 τοῦ
1028 5098 1319 5171 σώματος;

444 5191 669 5247 ΕΡΑΝ.
704 5193 821 5245 Οὐκ
850 5192 1119 5262 ἀνέχομαι
1146 5194 1215 5247 τὰ
1243 5193 1498 5263 ἡνωμένα
1534 5190 1801 5263 μερίζειν.

448 5283 621 5339 ΘΡΘ.
645 5284 726 5355 Τῇ
754 5283 876 5356 θείᾳ
896 5280 1010 5350 οῦν,
1040 5284 1116 5348 ὡς
1143 5285 1314 5355 ἔοικε,
1343 5287 1505 5356 φύσει
1538 5284 1972 5355 προσαρμόττεις

371 5374 471 5429 τὸν
504 5376 684 5431 κόπον
708 5392 724 5442 ;

1995 4416 2041 4471 ῐ)

2059 3178 2262 3234 vellere
2288 3178 2418 3232 nolo
2446 3193 2475 3231 a
2500 3175 2807 3231 divinitate.

2136 3270 2290 3341 191
2318 3267 2528 3324 ORTH.
2550 3268 2741 3339 Neque
2772 3282 2896 3333 nos,
2922 3283 2957 3323 ο
2977 3268 3142 3328 bone.
3165 3268 3463 3325 dividimus
3485 3270 3642 3325 unio-

2060 3380 2209 3429 nem,
2235 3363 2330 3417 sed
2354 3370 2676 3417 naturarum
2699 3360 2923 3430 propria
2947 3359 3382 3416 consideramus.
3405 3360 3486 3416 Tu
3508 3376 3641 3417 vero

2060 3452 2252 3508 eadem
2277 3451 2468 3520 utique
2492 3463 2616 3503 mox
2636 3447 2863 3503 senties.

2135 3542 2342 3599 ERAN.
2380 3539 2707 3609 Pmphetice
2741 3539 3006 3592 nimirum
3036 3539 3154 3593 haec
3191 3536 3359 3592 dicis!

2133 3636 2343 3693 ORTH.
2389 3634 2510 3688 Non
2558 3632 2898 3701 prophetice,
2941 3630 3038 3685 sed
3086 3631 3216 3699 quia
3258 3630 3506 3684 veritatis
3530 3629 3641 3684 vim

2064 3735 2408 3802 perspectam
2460 3724 2655 3810 habeo
2712 3721 2821 3777 Sed
2864 3720 3001 3775 mihi
3043 3720 3314 3791 responde
3342 3721 3447 3776 hoc
3475 3721 3642 3777 etiam

2064 3816 2469 3889 interroganti:
2510 3813 2732 3885 quando
2777 3812 2938 3868 audis
2982 3812 3275 3868 Dominum
3325 3812 3641 3869 dicentem:

2072 3932 2091 3966 ι
2125 3914 2239 3985 Ego
2266 3920 2322 3967 et
2352 3912 2514 3965 Pater
2543 3923 2714 3963 unum
2749 3922 2941 3962 sumus
2970 3906 3038 3973 7';
3088 3924 3107 3958 ι
3159 3912 3258 3961 et:
3311 3924 3327 3955 ι
3353 3904 3458 3971 Qui
3504 3906 3643 3960 vidit

2063 4022 2174 4072 me,
2201 4005 2340 4060 vidit
2361 4011 2419 4059 et
2443 4003 2659 4058 Patrem
2680 4001 2747 4066 ⁷⁷,
2788 4018 2806 4051 ι
2844 3999 3057 4065 dicisne
3084 3998 3201 4053 haec
3217 3997 3440 4067 propria
3463 3998 3643 4053 carnis

2063 4114 2205 4162 esse,
2233 4113 2304 4151 an
2328 4091 2673 4151 divinitatis?

2133 4187 2341 4244 ERAN.
2389 4184 2678 4253 Quomodo
2726 4181 2848 4237 ﬁeri
2896 4189 3098 4252 potest,
3151 4188 3213 4235 ut
3241 4194 3370 4235 caro
3406 4188 3462 4234 et
3481 4179 3642 4237 Pater

2065 4295 2235 4335 unum
2260 4278 2372 4333 sint
2403 4274 2707 4331 secundum
2740 4272 3146 4329 substantiam?

2137 4368 2347 4426 ORTH.
2380 4366 2728 4423 Divinitatem
2759 4381 2891 4438 ergo
2923 4362 3025 4419 ista
3053 4363 3379 4436 signiﬁcant.

2140 4462 2347 4517 ERAN.
2374 4461 2576 4516 Verum
2607 4468 2711 4517 est.

2142 4551 2353 4607 OR’I‘H.
2401 4551 2470 4606 Et
2506 4550 2679 4606 illud:
2711 4569 2730 4602 ι
2762 4550 2823 4605 In
2851 4550 3124 4622 principio
3141 4559 3262 4607 erat
3293 4549 3561 4617 Verbum,
3587 4558 3642 4609 θι

2070 4644 2216 4700 Deus
2240 4651 2357 4698 erat
2372 4643 2616 4698 Verbum
2643 4643 2732 4707 "‘,
2763 4660 2782 4694 ι
2816 4651 2876 4697 et
2901 4643 2987 4698 his
3016 4642 3261 4698 similia?

2139 4734 2347 4789 ERAN.
2369 4734 2587 4788 Fateor.

2145 4824 2354 4881 ORTH.
2410 4823 2639 4891 Quando
2688 4830 2872 4878 autem
2924 4839 3121 4879 rursus
3178 4825 3313 4881 dicit
3364 4827 3643 4899 Scriptura

2072 4933 2263 4973 sacra:
2323 4934 2341 4969 ι
2378 4916 2540 4971 Jesus
2581 4922 2766 4969 autem
2811 4914 3067 4986 fatigatus
3094 4931 3160 4970 ex
3192 4917 3387 4973 itinere
3421 4920 3640 4976 sedebat

2072 5009 2151 5064 sic
2179 5008 2247 5063 ad
2274 5008 2483 5063 fontem
2514 5007 2583 5073 ⁷⁸,
2622 5026 2641 5058 ι
2674 5007 2832 5077 cujus
2849 5008 3211 5063 existimanda
3231 5018 3313 5065 est
3335 5011 3641 5067 lassitudo?

2069 5100 2374 5156 divinitatis
2406 5116 2474 5154 an
2501 5100 2787 5170 corporis?

2142 5188 2349 5245 ERAN.
2385 5188 2506 5243 Non
2537 5188 2714 5245 audeo
2741 5188 2894 5243 unita
2922 5187 3190 5244 dividere.

2142 5280 2352 5337 ORTll.
2388 5279 2591 5336 Divinze
2612 5280 2794 5351 igitur,
2823 5286 2885 5335 ut
2913 5289 3158 5349 apparet,
3191 5288 3400 5336 natura:
3431 5280 3639 5338 lassituv

2076 5375 2261 5430 dinem
2286 5370 2526 5427 tribuis?

444 5534 503 5565 ’⁸
541 5533 705 5588 Joan.
734 5547 793 5599 ι,
822 5533 909 5588 50.
986 5534 1032 5566 ""
1064 5534 1222 5591 Joan.
1259 5550 1366 5599 nr,
1402 5532 1455 5589 9.
1532 5534 1596 5567 "‘
1630 5533 1786 5590 Joan.
1819 5548 1857 5598 ι,
1893 5530 1942 5585 Ι.

2090 5529 2248 5584 Joan.
2279 5545 2350 5595 tv,
2388 5528 2436 5583 6.

450 5663 587 5737 (εδ)
621 5665 723 5721 διά.
772 5668 1067 5724 Abundnre
1097 5670 1330 5723 videtur.

2149 5660 2261 5734 (26)
2285 5661 2370 5714 ὲκ.
2403 5657 2638 5730 Recepta
2672 5660 2850 5728 lectio,
2885 5659 3186 5729 ικαοιςιτο.
3292 5677 3301 5685 '
