4010 6212
362 252 467 317 239

437 366 642 422 ERAN.
682 366 772 421 Sic
795 363 930 418 mihi
951 364 1169 419 videtur

436 458 646 516 ORTH.
688 456 795 512 Sed
835 456 1122 511 manifeste
1164 458 1446 527 prOphetae.
1471 458 1804 512 contradicis
1827 457 1935 511 cla—

364 554 576 609 manti:
631 570 649 601 ‹
686 551 806 605 Νοιι
857 550 1082 613 esurict,
1134 566 1311 620 neque
1368 551 1658 615 laborabit,
1711 566 1812 605 nec
1855 558 1940 605 est

363 644 708 715 investigatio
770 642 1053 711 sapientia:
1099 644 1238 713 ejus,
1297 644 1391 712 qui
1443 644 1535 697 dat
1567 644 1939 698 esurientibus

361 740 644 801 virtutem,
676 747 731 790 et
759 738 827 791 iis
850 737 944 806 qui
995 736 1185 791 dolore
1229 751 1339 789 non
1380 735 1714 797 afﬁciuntur,
1762 735 1938 790 tristi-

362 831 491 884 tiam
523 831 589 882 '9.
627 849 644 879 ι
681 836 695 850 ·
727 829 793 883 Et
823 837 943 897 post
976 844 1146 898 pauca
1180 846 1191 880 :
1234 827 1390 897 192
1433 848 1449 878 ‹
1476 826 1580 893 Qui
1617 827 1939 897 prtestolan-

362 930 453 973 tur
480 935 587 984 me,
620 919 909 972 mutabunt
939 917 1217 980 virtutem,
1249 925 1529 971 assument
1560 933 1768 986 pennas
1796 918 1940 973 sicut

361 1010 563 1081 aquila,
600 1017 844 1072 current,
878 1016 932 1061 et
970 1023 1080 1061 non
1120 1007 1514 1077 fatigabuntur,
1556 1008 1935 1072 ambulabunt,

360 1110 416 1154 et
458 1115 567 1153 non
614 1096 874 1152 deﬁcient
924 1096 988 1149 ⁸ο.
1022 1116 1039 1147 ›
1097 1096 1381 1163 Quomodo
1415 1097 1581 1167 igitur
1611 1098 1657 1151 is
1687 1098 1781 1167 qui
1816 1099 1940 1153 aliis

362 1190 529 1244 donat
557 1198 616 1242 ut
646 1204 747 1242 nec
776 1197 991 1258 egeant,
1014 1203 1117 1245 nec
1142 1186 1531 1257 defatigentur,
1565 1188 1679 1258 ipse
1714 1189 1936 1244 lassitu-

361 1281 567 1343 dinem,
596 1289 651 1335 et
683 1280 828 1333 sitim
856 1279 1164 1348 famemque
1197 1280 1473 1349 patiatur?

430 1374 636 1429 ERAN.
674 1372 826 1441 Smpe
866 1371 998 1435 dixi,
1041 1370 1187 1440 quod
1236 1380 1294 1424 ut
1331 1371 1473 1426 Deus
1500 1370 1819 1440 impatibilis
1848 1371 1936 1435 sit,

359 1475 417 1520 et
451 1464 657 1518 nullius
678 1464 755 1517 rei
783 1477 951 1532 egens
980 1480 991 1514 :
1019 1472 1142 1531 post
1176 1462 1611 1516 incarnationem
1646 1479 1777 1517 vero
1810 1480 1938 1532 pas-

361 1556 545 1610 siones
575 1553 820 1623 pertulit.

432 1645 642 1700 ORTH.
666 1645 962 1699 Divinitate
987 1644 1272 1714 passiones
1300 1644 1599 1714 excipiens,
1627 1662 1694 1699 an
1724 1647 1936 1716 patibili

1366 256 1852 317 THEODORETI
1890 258 2229 319 EPISCOPI
2265 262 2628 325 CYRENSIS

1965 374 2011 425 Α
2115 369 2312 423 ΕΡΑΝ.
2368 374 2519 443 Ἐμοὶ
2550 374 2721 436 οὕτως
2748 375 2913 426 δοκεῖ.

3515 262 3621 327 940

2114 459 2264 512 ΟΡΘ.
2340 463 2481 516 Ἀλλ’
2530 465 2790 535 ἄντικρυς
2840 462 3178 535 ἁντιφθὲγγῃ
3233 464 3311 536 τῷ
3364 471 3621 542 προφήτῃ

2045 548 2272 617 βοῶντι’
2306 572 2323 605 ι
2364 554 2435 605 Οὐ
2492 554 2771 618 πεινάσει,
2823 555 2942 607 οὐδὲ
2984 556 3271 621 κοπιάσει,
3317 558 3439 609 οὐδὲ
3474 560 3622 615 ἐστιν

2043 640 2321 714 ὲξεύρεσις
2362 646 2462 714 τῆς
2494 647 2806 716 φρονήσεως
2838 645 3004 699 αὑτοῦ
3028 687 3039 708 ,
3084 646 3260 709 διδοὺς
3294 652 3406 711 τοῖς
3435 651 3625 705 πεινῶ-

2045 751 2128 788 σιν
2168 737 2356 806 ίσχὺν,
2393 738 2486 790 καὶ⁵
2537 740 2649 801 τοῖς
2701 739 2776 807 μὴ
2804 738 3165 808 ὀδυνωμένοις
3220 740 3419 810 λύπην.
3454 762 3472 793 ι
3515 746 3623 798 Καὶ

2046 829 2163 896 μετ’
2218 828 2391 895 ὀλίγα.
2453 847 2470 879 ι
2517 830 2580 882 Ol
2636 830 2691 881 δὲ
2764 830 3125 899 ὑπομένοντες
3187 848 3254 900 με
3303 833 3624 899 ἁλλὰξουσιν

2046 922 2219 989 ἰσχὺν,
2251 922 2718 991 πτεροφυήσουσιν
2756 920 2831 983 ὡς
2872 921 3029 982 ἀετός
3056 938 3069 950 ·
3121 920 3479 990 δραμοῦνται,
3530 928 3625 979 καὶ

2042 1014 2102 1064 οὐ
2139 1012 2498 1066 κοπιάσουσι’
2558 1010 2905 1082 βαδιοῦνται,
2964 1013 3059 1063 καὶ
3108 1013 3168 1064 οὺ
3222 1015 3560 1067 πεινάσουσι.
3601 1036 3619 1065 ›

2043 1103 2167 1164 Πῶς
2197 1101 2377 1155 τοίνυν
2415 1103 2443 1154 ὁ
2483 1100 2545 1153 τὸ
2580 1100 2829 1163 ἁνενδεές
2862 1118 2920 1152 τε
2955 1101 3050 1152 καὶ
3080 1102 3277 1154 ἄπονον
3304 1105 3414 1164 τοῖς
3445 1103 3641 1167 ἄλλοις

2040 1191 2416 1261 δωρούμενος,
2456 1190 2620 1254 αὐτὸς
2668 1190 2761 1243 τοῦ
2806 1191 2976 1243 κόπου
3027 1192 3088 1244 τὸ
3134 1191 3338 1257 πάθος,
3396 1194 3493 1246 καὶ
3526 1185 3637 1285 tiqu

2040 1281 2218 1351 δίψης,
2250 1283 2343 1333 καὶ
2374 1282 2471 1351 τῆς
2503 1282 2691 1351 πείνης
2720 1281 3053 1349 ὑπέμεινενς

2113 1373 2314 1427 ΕΡΑΝ.
2354 1374 2617 1437 Πολλάκις
2652 1370 2824 1438 εἷπον,
2856 1374 2936 1425 ὃτι
2970 1373 3043 1435 ὡς
3074 1373 3207 1436 Θεὸς
3246 1374 3463 1445 ἀπαθής
3507 1377 3618 1429 ἐστ.

2042 1460 2135 1513 καὶ
2162 1461 2411 1531 ἀνενδεὴς
2432 1479 2445 1491 ’
2478 1460 2615 1531 μετὰ
2662 1461 2719 1513 δὲ
2758 1461 2856 1531 τὴν
2893 1462 3192 1532 σάρκωςιν,
3223 1464 3483 1533 ἠνέσχετο
3514 1465 3621 1515 τῶν

2043 1551 2252 1605 παθῶν.

2113 1644 2264 1697 ΟΡΘ.
2308 1646 2385 1715 Τῇ
2428 1644 2642 1716 θεότητι
2677 1646 2743 1699 τὰ
2790 1646 2936 1717 πάθη
2982 1647 3274 1715 δεχόμενος
3302 1685 3316 1711 ,
3349 1645 3381 1715 ἦ
3416 1649 3481 1716 τῇ
3521 1664 3624 1699 πα-

360 1748 570 1793 natura:
620 1739 966 1807 permittens,
1016 1745 1076 1788 ut
1107 1737 1409 1790 secundum
1443 1745 1692 1791 naturam
1729 1738 1934 1807 passio«

2062 1736 2179 1806 δητῇ
2220 1734 2381 1803 φύσει
2431 1736 2779 1807 παραχωρῶν
2828 1736 2969 1790 κατὰ
3017 1736 3181 1803 φύσιν
3231 1734 3523 1805 ὑπομένειν
3551 1734 3621 1785 τὰ

358 1848 459 1887 nes
480 1831 796 1894 sustineret,
822 1838 877 1883 ct
902 1829 1160 1898 patiendo
1190 1830 1536 1898 prmdicaret,
1565 1847 1675 1885 non
1704 1833 1937 1901 phanta-

360 1917 496 1976 siam
552 1920 605 1973 id
663 1935 784 1973 esse
825 1917 972 1987 quod
1002 1918 1319 1986 apparebat,
1350 1919 1445 1973 scd
1474 1936 1540 1973 ex
1574 1920 1809 1976 humana
1845 1932 1951 1976 na:

361 2019 483 2065 tura
532 2024 665 2064 vere
713 2006 1107 2076 desumptum?
1154 2005 1247 2061 Sic
1289 2016 1471 2060 autem
1500 2010 1933 2065 consideremus.

355 2099 885 2169 lncircumscriptam
915 2098 1153 2151 divinam
1179 2105 1428 2151 naturam
1460 2098 1732 2155 dicimus?

430 2193 636 2247 ERAN.
662 2191 843 2245 Certe.

428 2280 640 2335 ORTH.
677 2280 879 2333 Natura
936 2288 1121 2333 autem
1177 2280 1651 2349 incircumscripta
1700 2297 1731 2335 a
1783 2282 1939 2335 nullo

358 2371 850 2428 circumscribitur.

426 2463 633 2518 ERAN.
672 2462 871 2531 Utique
904 2477 1035 2517 non.
1756 2530 1759 2533 Α

428 2552 636 2611 ORTH.
670 2553 790 2608 Non
809 2568 941 2624 ergo
974 2553 1182 2625 indiget
1208 2553 1554 2617 transitione,
1580 2570 1705 2609 cum
1732 2556 1936 2625 ubique

357 2648 449 2704 sit.

428 2741 632 2796 ERAN.
664 2741 867 2796 Verum
890 2747 995 2794 est.

427 2829 637 2887 ORTH.
669 2829 826 2896 Quod
854 2843 988 2883 vero
1012 2827 1334 2882 transitione
1362 2843 1472 2882 non
1498 2828 1725 2899 indiget,
1756 2844 1935 2901 neque

355 2923 728 2979 ambulatione
755 2920 1027 2994 (indiget).

425 3016 634 3071 ERAN.
670 3015 918 3070 Videtur.

425 3106 635 3162 ORTH.
670 3105 827 3173 Quod
875 3114 1059 3161 autem
1098 3106 1204 3160 iter
1247 3121 1359 3159 non
1398 3103 1549 3167 facit,
1587 3119 1698 3157 non
1735 3103 1933 3158 defati-
1965 3104 2003 3127 “

355 3210 533 3271 gatur.

423 3292 631 3349 ERAN.
660 3292 1037 3361 Nequaquam.

423 3382 632 3439 ORTH.
661 3383 783 3437 Non
814 3382 979 3451 igitur
1020 3380 1312 3451 defatigata
1357 3389 1441 3433 est
1486 3380 1670 3433 divina
1712 3388 1931 3445 natura,

351 3488 479 3531 eum
511 3474 583 3528 sit
608 3472 1104 3541 incircumscripta,
1135 3480 1192 3526 et
1212 3471 1582 3526 ambulatione
1617 3485 1724 3524 non
1754 3482 1929 3541 egeat.

422 3565 629 3620 ERAN.
669 3564 776 3619 Sed
810 3564 993 3619 divina
1023 3563 1309 3633 Scriptura
1342 3563 1527 3617 Jesum
1575 3561 1929 3632 defatigatum

350 3654 520 3712 fuisse
553 3661 758 3709 narrat.
790 3654 951 3708 Jesus
984 3662 1165 3708 autem
1206 3654 1351 3707 Deus
1378 3661 1462 3707 est
1491 3670 1503 3706 :
1542 3672 1559 3704 ‹
1597 3653 1750 3708 Unus
1782 3653 1930 3707 enim

350 3746 615 3802 Dominus
641 3745 799 3801 Jesus
826 3743 1099 3810 Christus,
1136 3760 1232 3814 per
1256 3759 1418 3814 quem
1450 3746 1634 3800 omnia
1664 3748 1728 3801 ει.
1762 3766 1781 3798 ι

425 3838 582 3907 193
618 3836 826 3892 ORTH.
852 3836 1122 3902 Quoniam
1156 3836 1324 3905 igitur
1347 3851 1500 3889 sacra
1522 3836 1804 3906 Scriptura
1829 3839 1927 3894 de-

350 3928 635 3996 fatigatum
684 3926 862 3994 ipsum
908 3926 1060 3987 dicit,
1096 3931 1152 3977 et
1188 3940 1297 3978 non
1337 3925 1644 3995 defatigati,
1672 3930 1927 3983 conside-

349 4018 582 4072 randum
628 4024 713 4070 est
756 4014 1034 4084 quomodo
1080 4015 1184 4068 hoc
1229 4023 1284 4068 et
1336 4016 1614 4084 quomodo
1667 4017 1799 4071 illud
1834 4020 1925 4073 uni

348 4122 595 4180 personae
614 4106 1014 4162 accommodari
1038 4105 1227 4175 possit.

418 4197 627 4254 ERAN.
668 4196 750 4251 Tu
790 4198 898 4251 hoc
926 4197 1153 4253 ostende
1182 4215 1195 4251 :
1223 4206 1281 4251 tu
1308 4196 1455 4251 enim
1482 4197 1528 4250 is
1547 4212 1626 4262 es,
1663 4198 1756 4268 qui
1779 4198 1923 4253 divi-

343 4282 518 4345 Sionis
543 4303 825 4343 sermones
862 4288 1020 4342 nobis
1052 4288 1273 4358 ingeris.

2041 1828 2211 1898 πάθη,
2244 1828 2338 1882 καὶ
2373 1828 2667 1899 κηρύττειν
2706 1828 2784 1898 τῷ
2836 1829 3085 1899 πάσχειν,
3135 1826 3210 1889 ὡς
3244 1826 3304 1878 οὐ
3351 1825 3622 1894 φαντασία

2040 1919 2099 1970 τὸ
2133 1920 2479 1990 φαινόμενον,
2521 1920 2635 1973 ἀλλ’
2661 1920 2877 1990 ἀληθῶς
2907 1921 2971 1973 ὲκ
3003 1920 3100 1988 τῆς
3132 1917 3477 1987 ἀνθρωπείας
3519 1915 3620 1983 φύε

2043 2029 2179 2075 σεως
2221 2011 2580 2082 είὶ.ημμένον;
2629 2013 3001 2082 Σκοπήσωμεν
3036 2010 3093 2063 δὲ
3135 2009 3307 2073 οὕτως
3338 2051 3350 2063 .
3399 2007 3622 2078 Ἀπερίο

2039 2122 2250 2175 γραφον
2279 2103 2376 2174 τὴν
2410 2104 2556 2157 Θείαν
2587 2104 2746 2173 φύσιν
2786 2104 3000 2175 φαμένς

2114 2196 2316 2249 EPAN.
2360 2195 2546 2265 Ναιχὲ.

2112 2287 2263 2341 ΟΡΘ.
2318 2288 2381 2341 Ἡ
2410 2287 2466 2340 δὲ
2505 2288 2883 2358 ἀπερίγραφος
2916 2287 3076 2355 φύσις
3104 2285 3192 2339 ὑπ’
3227 2283 3439 2345 οὐδενὸς
3468 2299 3623 2352 περιε-

2040 2380 2336 2450 γράφεται.

2110 2471 2312 2523 ΕΡΛΝ.
2356 2471 2429 2522 Οὐ
2459 2470 2566 2539 γὰρ
2587 2465 2700 2523 οὖν.

2110 2563 2262 2615 ΟΡΘ.
2314 2563 2388 2615 Οὐ
2435 2563 2617 2617 τοίνυν
2677 2562 2849 2615 δεῖται
2905 2561 3290 2630 μεταϐάσεως*
3342 2563 3621 2631 πανταχοῦ

2038 2654 2146 2723 γάρ
2180 2654 2350 2708 ἐστιν.

2110 2744 2311 2795 EPAN.
2369 2742 2620 2812 Ἀληθές.

2108 2834 2261 2887 ΟΡΘ.
2307 2836 2379 2887 Τὸ
2422 2834 2476 2887 δὲ
2517 2835 2629 2905 (27)
2674 2834 3029 2904 μεταϐάσεως
3069 2834 3130 2886 οὑ
3172 2833 3454 2903 δεόμενον,
3496 2838 3618 2890 οὐδὲ

2041 2924 2303 2993 βαδίσεως

2109 3017 2315 3069 ΕΡΑΝ.
2352 3018 2629 3072 Φαίνεται.

2111 3108 2263 3161 ΟΡΘ.
2297 3110 2369 3162 Τὸ
2399 3109 2455 3162 δὲ
2491 3108 2565 3180 μὴ
2595 3108 2809 3177 βαδίζον
2839 3110 2898 3161 οὐ
2937 3111 3124 3178 κοπιᾷ.

2107 3285 2309 3337 ΕΡΛΝ.
2347 3284 2631 3354 Οὐδαμῶς.

2108 3375 2259 3429 ΟΡΘ.
2297 3376 2411 3429 Οὐκ
2444 3376 2551 3446 ἄρα
2584 3375 2915 3429 κεκοπίακεν
2956 3376 2987 3444 ἡ
3015 3374 3133 3427 θεία
3162 3374 3325 3443 φύσις
3348 3416 3363 3441 ,
3416 3376 3618 3449 ἀπερί-

2035 3484 2247 3538 γραφος
2283 3463 2416 3520 οὖσα
2437 3508 2450 3530 ,
2478 3468 2572 3519 καὶ
2611 3467 2685 3537 μὴ
2714 3467 2942 3536 δεομένη
2981 3466 3260 3535 βαδίσεως.

2106 3557 2309 3610 EPAN.
2387 3557 2526 3610 Ἀλλ’
2581 3560 2613 3628 ή
2675 3556 2791 3609 θεία
2830 3555 3022 3626 Γραφὴ
3075 3556 3465 3609 κεκοπιακέναι
3525 3561 3618 3611 τὸν

2046 3649 2252 3719 Ἰησοῦν
2286 3649 2508 3720 ἱστορεῖ,
2537 3648 2669 3711 Θεὸς
2707 3649 2763 3701 δὲ
2792 3650 2835 3707 ὁ,
2852 3647 3060 3717 Ἰησοῦς
3086 3664 3132 3699 ἰ
3161 3642 3240 3710 εἷς
3269 3648 3376 3717 γὰρ
3411 3648 3616 3719 Κύριος

2046 3741 2248 3810 Ἰησοῦς
2275 3741 2506 3811 Χριστὸς
2527 3781 2540 3805 ,
2572 3740 2639 3793 δι’
2670 3732 2731 3793 οὗ
2766 3739 2832 3792 τὰ
2865 3740 3059 3793 πάντα.
3102 3758 3120 3792 ι

2103 3832 2252 3885 ΟΡΘ.
2307 3832 2527 3903 Ἐπειδὴ
2558 3831 2737 3885 τοίνυν
2772 3830 3164 3884 κεκοπιακὲναι
3206 3831 3367 3884 αὑτὸν
3408 3831 3502 3883 καὶ
3539 3830 3615 3901 μή

2032 3925 2229 3996 κοπιᾷν
2273 3926 2305 3993 ἠ
2353 3923 2473 3976 Θεία
2522 3923 2670 3991 λέγει
2710 3923 2937 3993 Γραφὴ,
2991 3923 3296 3992 σκοπητέον
3339 3923 3457 3986 πῶς
3515 3924 3618 3993 μὲν

2030 4014 2210 4079 τοῦτο,
2244 4014 2362 4077 πῶς
2392 4013 2448 4067 δὲ
2480 4016 2655 4067 ἐκεῖνο
2674 4012 2752 4084 τῷ
2773 4013 2853 4066 ἐνὶ
2886 4013 3161 4084 προσώπῳ
3193 4014 3414 4066 δυνατὸν
3442 4031 3614 4083 προσ-

2030 4108 2308 4177 αρμῶσαι.

2104 4198 2306 4250 ΕΡΛΝ.
2350 4199 2422 4251 Σὺ
2480 4199 2637 4251 τοῦτο
2689 4198 2858 4262 δεῖξον
2884 4216 2897 4227 ’
2939 4200 3002 4252 σὺ
3046 4199 3154 4268 γὰρ
3193 4198 3318 4259 τοὺς
3343 4197 3437 4265 τῆς
3472 4197 3609 4249 διαια

2030 4290 2235 4358 ρέσεως
2263 4292 2394 4359 ἡμῖν
2423 4290 2759 4359 εἰσκομίζεις
2784 4291 2999 4358 λόγους.

414 4376 624 4432 ORTH.
659 4377 924 4431 Existimo
953 4378 1036 4431 vel
1071 4377 1311 4431 Barbaro
1332 4376 1490 4431 facile
1515 4392 1636 4433 esse
1670 4379 1775 4434 hoc
1805 4381 1921 4435 dis-

2100 4380 2251 4435 ΟΡΘ.
2292 4376 2458 4451 Οἶμαι
2511 4380 2672 4442 τοῦτο
2715 4382 2810 4433 καὶ
2850 4379 3119 4449 Βαρϐἀρῳ
3158 4379 3338 4450 ῥᾴδιον
3384 4378 3610 4444 διαγνῶ-

345 4482 596 4532 cernere,
625 4467 771 4537 quod
791 4508 805 4532 ,
828 4466 1179 4521 dissimilium
1210 4477 1529 4524 naturarum
1558 4470 1758 4525 unione
1789 4487 1923 4526 eon-

343 4576 519 4625 cessa,
563 4558 769 4615 Christi
810 4557 1034 4628 quidem
1065 4573 1302 4627 persona
1328 4570 1553 4630 propter
1579 4562 1839 4617 unionem
1868 4573 1925 4618 et

345 4655 463 4708 hate
504 4660 560 4707 et
604 4654 696 4707 illa
731 4651 984 4722 recipiat,
1024 4651 1244 4722 utrique
1280 4662 1464 4708 autem
1494 4664 1703 4712 natura:
1726 4672 1928 4714 conve-

342 4746 553 4800 nientia
584 4745 899 4799 tribuantur
928 4763 940 4797 :
970 4744 1461 4816 incircumscripta:
1489 4747 1746 4804 videlicet
1764 4750 1923 4805 inde-

343 4836 681 4908 fatigabilem
720 4851 862 4901 esse,
908 4838 1212 4891 transeunti
1255 4854 1386 4893 vero
1411 4847 1468 4894 et
1492 4841 1794 4897 ambulanti
1826 4844 1923 4898 de-

2032 4490 2161 4535 ναι,
2197 4473 2272 4536 ὡς
2300 4472 2401 4542 τῆς
2444 4472 2553 4525 τῶν
2611 4474 2880 4543 ἀνομοίων
2925 4474 3143 4542 φύσεων
3185 4470 3611 4541 ὁμολογηθείσης

2032 4562 2307 4629 ἑνώσεως,
2348 4564 2561 4635 δέχεται
2617 4566 2715 4635 μὲν
2761 4566 2821 4618 τὸ
2866 4565 3157 4636 πρόσωπον
3204 4562 3298 4615 τοῦ
3349 4561 3608 4632 Χριστοῦ,

2032 4656 2126 4707 καὶ
2163 4655 2337 4708 ταῦτα
2386 4657 2615 4709 κάκεῖνα
2656 4656 2745 4709 διὰ
2792 4657 2892 4726 τὴν
2917 4657 3145 4720 ἕνωσιν,
3181 4654 3418 4724 ἑκατέρᾳ
3451 4654 3507 4705 δέ
3546 4669 3609 4719 γε

2033 4745 2194 4813 φύσει
2220 4746 2289 4798 τὰ
2322 4746 2605 4815 πρόσφορα
2651 4748 3148 4816 προσαρμόττεται,
3181 4748 3245 4814 τῇ
3284 4744 3380 4813 μὲν
3412 4745 3611 4813 ἀπερι-

2030 4837 2227 4908 γράφῳ
2274 4838 2336 4890 τὸ
2372 4837 2578 4891 ἅκοπον
2616 4837 2729 4909 (28)
2758 4881 2771 4903 ,
2834 4841 2901 4909 τῇ
2955 4837 3011 4890 δὲ
3061 4836 3464 4908 μεταϐαινούσῃ
3517 4836 3610 4887 καὶ

346 4927 613 4998 fatigatio.
668 4928 802 4983 Nam
853 4929 1057 4998 pedum
1094 4934 1108 4948 ‘
1154 4929 1438 4998 proprium
1479 4938 1565 4987 est
1600 4931 1835 5002 ingredi,
1869 4941 1927 4986 et

2062 4929 2317 4999 αδιζούσῃ
2347 4931 2373 4982 ὁ
2398 4930 2586 4992 κόπος.
2622 4929 2807 4984 Ποδῶν
2840 4929 2951 5000 γὰρ
2975 4930 3107 4983 ἴδιον
3127 4928 3188 4982 τὸ
3225 4926 3480 4998 βαδίζειν,
3514 4928 3610 4981 καὶ

345 5033 642 5072 nervorum
667 5019 837 5075 nimio
864 5019 1053 5074 labore
1078 5018 1339 5073 distendi.

418 5107 625 5164 EltAN.
670 5109 776 5164 Has
831 5126 950 5165 esse
999 5111 1312 5180 corporales
1351 5112 1672 5169 aﬂ'ectiones
1705 5114 1758 5168 in
1788 5130 1921 5169 con-

343 5200 491 5255 fesso
508 5210 610 5255 est.

419 5362 463 5389 τ’
492 5362 593 5412 lsa.
626 5376 713 5421 XL,
748 5359 835 5424 9.8,
872 5363 959 5417 ἓξ).
1038 5363 1081 5393 ⁸ο
1108 5362 1244 5417 Ibid.
1273 5362 1359 5417 31.

438 5515 529 5583 ‘27)
560 5515 639 5568 δέ.
666 5514 745 5585 Ex
784 5515 913 5568 edit.
948 5518 1105 5571 Rom.
1141 5524 1195 5570 et
1234 5516 1379 5585 Lips.
1418 5516 1700 5568 insertum.

438 5519 529 5583 Ἦ)
560 5519 639 5568 δέ.
666 5519 745 5568 Ex
784 5519 913 5568 edit.
948 5519 1105 5571 Rom.
1141 5524 1195 5570 et
1234 5519 1379 5585 Lips.
1418 5519 1700 5568 insertum.

414 5519 525 5658 £28)
560 5584 773 5658 &x_._lta
810 5585 1050 5658 scribere
1079 5600 1188 5658 non
1220 5586 1611 5658 dubitavimus,
1645 5584 1747 5637 etsi
1781 5584 1915 5638 edit.

341 5654 587 5714 “armet
621 5654 767 5724 Lips.
811 5669 935 5708 cum
972 5654 1205 5709 lectione
1251 5657 1414 5709 Sirm.
1456 5657 1653 5709 ἄτοπον
1688 5670 1921 5710 consen-

1437 5361 1480 5392 "
1512 5361 1531 5414 l
1560 5361 1685 5416 Cor.
1734 5377 1844 5424 vur,
1883 5360 1936 5415 6.

2024 5020 2236 5092 νεύρων
2269 5021 2331 5074 τὸ
2350 5021 2427 5091 τῷ
2462 5021 2669 5073 πλείονι
2696 5020 3055 5075 διατείνεσθαι
3082 5019 3251 5088 πόνῳ.

2098 5111 2300 5167 ΕΡΑΝ.
2345 5112 2703 5183 Ὣμολόγηται
2728 5112 2901 5165 ταῦτα
2933 5112 3219 5182 σωματικὰ
3246 5106 3385 5165 εἶναι
3426 5108 3608 5172 παθή-

2027 5222 2195 5276 ματα.

2027 5512 2181 5567 tiant.
2204 5512 2335 5579 Quae
2358 5514 2597 5595 proxime
2626 5525 2950 5582 sequuntur,
2981 5516 3110 5569 satis
3141 5510 3607 5570 commendabunt

2027 5594 2268 5636 nostram
2302 5594 2717 5637 COI'I'CCllOllt’m.
