  <div class='ocr_page' id='page_1' title='image "/cluster/home/n/w/nwhite01/storage/ocr_20150623/83/hvd.32044073502072/126.png"; bbox 0 0 4010 6212; ppageno 0'>
   <div class='ocr_carea' id='block_1_1' title="bbox 392 387 494 451">
    <p class='ocr_par' dir='ltr' id='par_1_1' title="bbox 392 387 494 451">
     <span class='ocr_line' id='line_1_1' title="bbox 392 387 494 451; baseline 0 0"><span class='ocrx_word' id='word_1_1' title='bbox 392 387 494 451; x_wconf 70' lang='grc'><strong>241</strong></span> 
     </span>
    </p>
   </div>
   <div class='ocr_carea' id='block_1_2' title="bbox 1380 396 2611 472">
    <p class='ocr_par' dir='ltr' id='par_1_2' title="bbox 1380 396 2611 472">
     <span class='ocr_line' id='line_1_2' title="bbox 1380 396 2611 472; baseline 0.011 -15"><span class='ocrx_word' id='word_1_2' title='bbox 1380 404 1381 407; x_wconf 66' lang='grc'><em>“</em></span> <span class='ocrx_word' id='word_1_3' title='bbox 1456 396 1836 462; x_wconf 83' lang='lat' dir='ltr'><strong>DIALOGUS</strong></span> <span class='ocrx_word' id='word_1_4' title='bbox 1875 402 1990 463; x_wconf 91' lang='lat' dir='ltr'>III.</span> <span class='ocrx_word' id='word_1_5' title='bbox 2014 428 2084 437; x_wconf 81' lang='grc'><strong><em>-</em></strong></span> <span class='ocrx_word' id='word_1_6' title='bbox 2123 405 2611 472; x_wconf 81' lang='lat' dir='ltr'><strong>IMPATIBILIS.</strong></span> 
     </span>
    </p>
   </div>
   <div class='ocr_carea' id='block_1_3' title="bbox 3559 405 3666 470">
    <p class='ocr_par' dir='ltr' id='par_1_3' title="bbox 3559 405 3666 470">
     <span class='ocr_line' id='line_1_3' title="bbox 3559 405 3666 470; baseline 0 0"><span class='ocrx_word' id='word_1_7' title='bbox 3559 405 3666 470; x_wconf 67' lang='lat'><strong>24:</strong></span> 
     </span>
    </p>
   </div>
   <div class='ocr_carea' id='block_1_4' title="bbox 466 495 1987 588">
    <p class='ocr_par' dir='ltr' id='par_1_4' title="bbox 466 495 1987 577">
     <span class='ocr_line' id='line_1_4' title="bbox 466 495 1987 577; baseline 0.005 -25"><span class='ocrx_word' id='word_1_8' title='bbox 466 495 618 552; x_wconf 85' lang='grc' dir='ltr'>ΟΡΘ.</span> <span class='ocrx_word' id='word_1_9' title='bbox 672 496 907 570; x_wconf 77' lang='grc' dir='ltr'>’Δληθὴς</span> <span class='ocrx_word' id='word_1_10' title='bbox 945 498 1055 570; x_wconf 76' lang='grc' dir='ltr'>ἄρα</span> <span class='ocrx_word' id='word_1_11' title='bbox 1099 498 1131 569; x_wconf 78' lang='grc' dir='ltr'>ἠ</span> <span class='ocrx_word' id='word_1_12' title='bbox 1182 499 1486 573; x_wconf 74' lang='grc' dir='ltr'>πρόρρησις</span> <span class='ocrx_word' id='word_1_13' title='bbox 1519 504 1700 574; x_wconf 73' lang='grc' dir='ltr'>ἐκείνη</span> <span class='ocrx_word' id='word_1_14' title='bbox 1724 546 1737 569; x_wconf 89' lang='grc'><strong>,</strong></span> <span class='ocrx_word' id='word_1_15' title='bbox 1769 505 1838 577; x_wconf 76' lang='grc' dir='ltr'><strong>ην</strong></span> <span class='ocrx_word' id='word_1_16' title='bbox 1875 506 1987 574; x_wconf 75' lang='grc' dir='ltr'><strong>ἐγὼ</strong></span> 
     </span>
    </p>
   </div>
   <div class='ocr_carea' id='block_1_5' title="bbox 2106 495 3668 588">
    <p class='ocr_par' dir='ltr' id='par_1_5' title="bbox 2161 510 3668 588">
     <span class='ocr_line' id='line_1_5' title="bbox 2161 510 3668 588; baseline 0 -19"><span class='ocrx_word' id='word_1_17' title='bbox 2161 512 2367 569; x_wconf 83' lang='lat' dir='ltr'><strong>ORTH.</strong></span> <span class='ocrx_word' id='word_1_18' title='bbox 2406 515 2542 570; x_wconf 81' lang='lat' dir='ltr'><strong>Vera</strong></span> <span class='ocrx_word' id='word_1_19' title='bbox 2578 523 2661 571; x_wconf 89' lang='lat' dir='ltr'><strong>est</strong></span> <span class='ocrx_word' id='word_1_20' title='bbox 2702 514 2869 586; x_wconf 83' lang='lat' dir='ltr'><strong>igitur</strong></span> <span class='ocrx_word' id='word_1_21' title='bbox 2903 516 2994 569; x_wconf 86' lang='lat' dir='ltr'><strong>illa</strong></span> <span class='ocrx_word' id='word_1_22' title='bbox 3028 510 3333 585; x_wconf 57' lang='lat' dir='ltr'><strong>praedictio,</strong></span> <span class='ocrx_word' id='word_1_23' title='bbox 3364 530 3528 584; x_wconf 87' lang='lat' dir='ltr'><strong>quam</strong></span> <span class='ocrx_word' id='word_1_24' title='bbox 3565 532 3668 588; x_wconf 77' lang='lat' dir='ltr'><strong>ego</strong></span> 
     </span>
    </p>
   </div>
   <div class='ocr_carea' id='block_1_6' title="bbox 396 588 1983 665">
    <p class='ocr_par' dir='ltr' id='par_1_6' title="bbox 396 588 1983 665">
     <span class='ocr_line' id='line_1_6' title="bbox 396 588 1983 665; baseline 0.006 -24"><span class='ocrx_word' id='word_1_25' title='bbox 396 589 497 659; x_wconf 74' lang='grc' dir='ltr'>μὲν</span> <span class='ocrx_word' id='word_1_26' title='bbox 519 588 906 659; x_wconf 78' lang='grc' dir='ltr'>ἐποιησάμην,</span> <span class='ocrx_word' id='word_1_27' title='bbox 942 590 1007 644; x_wconf 83' lang='grc' dir='ltr'><strong>σὺ</strong></span> <span class='ocrx_word' id='word_1_28' title='bbox 1054 589 1113 643; x_wconf 77' lang='grc' dir='ltr'>δέ</span> <span class='ocrx_word' id='word_1_29' title='bbox 1160 607 1225 659; x_wconf 82' lang='grc' dir='ltr'><strong>γε</strong></span> <span class='ocrx_word' id='word_1_30' title='bbox 1277 592 1795 665; x_wconf 71' lang='grc' dir='ltr'>ὲκωμῴδησας(29).</span> <span class='ocrx_word' id='word_1_31' title='bbox 1849 596 1983 650; x_wconf 80' lang='grc' dir='ltr'>Ἰδοὺ</span> 
     </span>
    </p>
   </div>
   <div class='ocr_carea' id='block_1_7' title="bbox 390 681 1983 756">
    <p class='ocr_par' dir='ltr' id='par_1_7' title="bbox 390 681 1983 756">
     <span class='ocr_line' id='line_1_7' title="bbox 390 681 1983 756; baseline 0.003 -20"><span class='ocrx_word' id='word_1_32' title='bbox 390 683 502 754; x_wconf 78' lang='grc' dir='ltr'>γὰρ</span> <span class='ocrx_word' id='word_1_33' title='bbox 534 684 671 752; x_wconf 76' lang='grc' dir='ltr'>ἡμῖν</span> <span class='ocrx_word' id='word_1_34' title='bbox 695 681 1007 747; x_wconf 76' lang='grc' dir='ltr'><strong>ὑπέδειξας,</strong></span> <span class='ocrx_word' id='word_1_35' title='bbox 1046 681 1169 735; x_wconf 87' lang='grc' dir='ltr'>τίνα</span> <span class='ocrx_word' id='word_1_36' title='bbox 1214 682 1314 753; x_wconf 84' lang='grc' dir='ltr'>μὲν</span> <span class='ocrx_word' id='word_1_37' title='bbox 1345 683 1751 756; x_wconf 75' lang='grc' dir='ltr'>ἀνθρωπότητι,</span> <span class='ocrx_word' id='word_1_38' title='bbox 1782 687 1902 741; x_wconf 87' lang='grc' dir='ltr'>τίνα</span> <span class='ocrx_word' id='word_1_39' title='bbox 1926 687 1983 741; x_wconf 73' lang='grc' dir='ltr'>δὲ</span> 
     </span>
    </p>
   </div>
   <div class='ocr_carea' id='block_1_8' title="bbox 393 772 937 844">
    <p class='ocr_par' dir='ltr' id='par_1_8' title="bbox 393 772 937 844">
     <span class='ocr_line' id='line_1_8' title="bbox 393 772 937 844; baseline 0.002 -18"><span class='ocrx_word' id='word_1_40' title='bbox 393 776 662 844; x_wconf 79' lang='grc' dir='ltr'>προσήκει</span> <span class='ocrx_word' id='word_1_41' title='bbox 696 772 937 844; x_wconf 84' lang='grc' dir='ltr'>θεότητι.</span> 
     </span>
    </p>
   </div>
   <div class='ocr_carea' id='block_1_9' title="bbox 462 864 1909 932">
    <p class='ocr_par' dir='ltr' id='par_1_9' title="bbox 462 864 1909 932">
     <span class='ocr_line' id='line_1_9' title="bbox 462 864 1909 932; baseline 0.004 -12"><span class='ocrx_word' id='word_1_42' title='bbox 462 865 670 920; x_wconf 80' lang='grc' dir='ltr'><strong>ΕΡΑΝ.</strong></span> <span class='ocrx_word' id='word_1_43' title='bbox 728 865 867 920; x_wconf 80' lang='grc' dir='ltr'>Ἀλλ’</span> <span class='ocrx_word' id='word_1_44' title='bbox 893 865 995 919; x_wconf 79' lang='grc' dir='ltr'><strong>οὐκ</strong></span> <span class='ocrx_word' id='word_1_45' title='bbox 1036 866 1116 929; x_wconf 87' lang='grc' dir='ltr'><strong>είς</strong></span> <span class='ocrx_word' id='word_1_46' title='bbox 1137 864 1232 920; x_wconf 89' lang='grc' dir='ltr'><strong>δύο</strong></span> <span class='ocrx_word' id='word_1_47' title='bbox 1268 866 1362 921; x_wconf 80' lang='grc' dir='ltr'><strong>τὸν</strong></span> <span class='ocrx_word' id='word_1_48' title='bbox 1391 867 1486 922; x_wconf 76' lang='grc' dir='ltr'>ἕνα</span> <span class='ocrx_word' id='word_1_49' title='bbox 1516 870 1710 925; x_wconf 77' lang='grc' dir='ltr'><strong>διεῖλον</strong></span> <span class='ocrx_word' id='word_1_50' title='bbox 1737 871 1909 932; x_wconf 85' lang='grc' dir='ltr'>υἱούς.</span> 
     </span>
    </p>
   </div>
   <div class='ocr_carea' id='block_1_10' title="bbox 464 954 1983 1031">
    <p class='ocr_par' dir='ltr' id='par_1_10' title="bbox 464 954 1983 1031">
     <span class='ocr_line' id='line_1_10' title="bbox 464 954 1983 1031; baseline 0.003 -19"><span class='ocrx_word' id='word_1_51' title='bbox 464 958 621 1012; x_wconf 90' lang='grc' dir='ltr'>ΟΡΘ.</span> <span class='ocrx_word' id='word_1_52' title='bbox 667 957 804 1012; x_wconf 81' lang='grc' dir='ltr'>Οὐδὲ</span> <span class='ocrx_word' id='word_1_53' title='bbox 837 960 1004 1029; x_wconf 78' lang='grc' dir='ltr'>ἡμεῖς</span> <span class='ocrx_word' id='word_1_54' title='bbox 1041 957 1201 1012; x_wconf 77' lang='grc' dir='ltr'>τοῦτο</span> <span class='ocrx_word' id='word_1_55' title='bbox 1253 957 1470 1031; x_wconf 82' lang='grc' dir='ltr'>δρῶμεν</span> <span class='ocrx_word' id='word_1_56' title='bbox 1492 1001 1507 1027; x_wconf 96' lang='grc'><strong>,</strong></span> <span class='ocrx_word' id='word_1_57' title='bbox 1540 954 1586 1015; x_wconf 80' lang='grc' dir='ltr'><strong>ὦ</strong></span> <span class='ocrx_word' id='word_1_58' title='bbox 1629 961 1785 1031; x_wconf 81' lang='grc' dir='ltr'>φίλος</span> <span class='ocrx_word' id='word_1_59' title='bbox 1807 1003 1822 1025; x_wconf 92' lang='grc'><strong>,</strong></span> <span class='ocrx_word' id='word_1_60' title='bbox 1867 962 1983 1017; x_wconf 83' lang='grc' dir='ltr'>ἀλλ’</span> 
     </span>
    </p>
   </div>
   <div class='ocr_carea' id='block_1_11' title="bbox 388 1048 1982 1125">
    <p class='ocr_par' dir='ltr' id='par_1_11' title="bbox 388 1048 1982 1125">
     <span class='ocr_line' id='line_1_11' title="bbox 388 1048 1982 1125; baseline 0.002 -20"><span class='ocrx_word' id='word_1_61' title='bbox 388 1052 472 1113; x_wconf 76' lang='grc' dir='ltr'><strong>είς</strong></span> <span class='ocrx_word' id='word_1_62' title='bbox 497 1050 559 1104; x_wconf 75' lang='grc' dir='ltr'><strong>τὸ</strong></span> <span class='ocrx_word' id='word_1_63' title='bbox 592 1049 854 1121; x_wconf 74' lang='grc' dir='ltr'>διάφορον</span> <span class='ocrx_word' id='word_1_64' title='bbox 899 1048 1216 1121; x_wconf 72' lang='grc' dir='ltr'><strong>ἀφορῶντες</strong></span> <span class='ocrx_word' id='word_1_65' title='bbox 1246 1049 1354 1104; x_wconf 84' lang='grc' dir='ltr'><strong>τῶν</strong></span> <span class='ocrx_word' id='word_1_66' title='bbox 1384 1049 1639 1121; x_wconf 81' lang='grc' dir='ltr'>φύσεων,</span> <span class='ocrx_word' id='word_1_67' title='bbox 1668 1050 1982 1125; x_wconf 77' lang='grc' dir='ltr'><strong>σκοποῦμεν</strong></span> 
     </span>
    </p>
   </div>
   <div class='ocr_carea' id='block_1_12' title="bbox 394 1141 1811 1215">
    <p class='ocr_par' dir='ltr' id='par_1_12' title="bbox 394 1141 1811 1215">
     <span class='ocr_line' id='line_1_12' title="bbox 394 1141 1811 1215; baseline 0.007 -25"><span class='ocrx_word' id='word_1_68' title='bbox 394 1143 446 1196; x_wconf 74' lang='grc' dir='ltr'><strong>τί</strong></span> <span class='ocrx_word' id='word_1_69' title='bbox 473 1142 575 1214; x_wconf 84' lang='grc' dir='ltr'>μὲν</span> <span class='ocrx_word' id='word_1_70' title='bbox 604 1141 818 1214; x_wconf 76' lang='grc' dir='ltr'>πρέπον</span> <span class='ocrx_word' id='word_1_71' title='bbox 847 1141 1084 1212; x_wconf 76' lang='grc' dir='ltr'>θεότητι,</span> <span class='ocrx_word' id='word_1_72' title='bbox 1110 1143 1161 1195; x_wconf 89' lang='grc' dir='ltr'><strong>τί</strong></span> <span class='ocrx_word' id='word_1_73' title='bbox 1193 1142 1249 1196; x_wconf 83' lang='grc' dir='ltr'>δὲ</span> <span class='ocrx_word' id='word_1_74' title='bbox 1283 1143 1542 1215; x_wconf 75' lang='grc' dir='ltr'><strong>ἁρμόδιον</strong></span> <span class='ocrx_word' id='word_1_75' title='bbox 1570 1143 1811 1214; x_wconf 85' lang='grc' dir='ltr'>σώματι.</span> 
     </span>
    </p>
   </div>
   <div class='ocr_carea' id='block_1_13' title="bbox 464 1231 1981 1309">
    <p class='ocr_par' dir='ltr' id='par_1_13' title="bbox 464 1231 1981 1309">
     <span class='ocr_line' id='line_1_13' title="bbox 464 1231 1981 1309; baseline 0.002 -22"><span class='ocrx_word' id='word_1_76' title='bbox 464 1233 673 1287; x_wconf 81' lang='lat' dir='ltr'><strong>EPAN.</strong></span> <span class='ocrx_word' id='word_1_77' title='bbox 709 1232 825 1286; x_wconf 83' lang='grc' dir='ltr'><strong>υύκ</strong></span> <span class='ocrx_word' id='word_1_78' title='bbox 857 1231 1097 1299; x_wconf 76' lang='grc' dir='ltr'>ἐδίδαξεν</span> <span class='ocrx_word' id='word_1_79' title='bbox 1142 1234 1291 1304; x_wconf 81' lang='grc' dir='ltr'>ἡμᾶς</span> <span class='ocrx_word' id='word_1_80' title='bbox 1333 1234 1477 1287; x_wconf 74' lang='grc' dir='ltr'>οὕτω</span> <span class='ocrx_word' id='word_1_81' title='bbox 1513 1236 1745 1307; x_wconf 85' lang='grc' dir='ltr'>διαιρεῖν</span> <span class='ocrx_word' id='word_1_82' title='bbox 1794 1238 1827 1309; x_wconf 75' lang='grc' dir='ltr'>ἡ</span> <span class='ocrx_word' id='word_1_83' title='bbox 1860 1235 1981 1290; x_wconf 85' lang='grc' dir='ltr'>θεία</span> 
     </span>
    </p>
   </div>
   <div class='ocr_carea' id='block_1_14' title="bbox 388 1323 1978 1399">
    <p class='ocr_par' dir='ltr' id='par_1_14' title="bbox 388 1323 1978 1399">
     <span class='ocr_line' id='line_1_14' title="bbox 388 1323 1978 1399; baseline 0.002 -21"><span class='ocrx_word' id='word_1_84' title='bbox 388 1326 619 1396; x_wconf 79' lang='grc' dir='ltr'>Γραφή·</span> <span class='ocrx_word' id='word_1_85' title='bbox 655 1323 794 1379; x_wconf 85' lang='grc' dir='ltr'>ἀλλὰ</span> <span class='ocrx_word' id='word_1_86' title='bbox 820 1323 913 1377; x_wconf 81' lang='grc' dir='ltr'><strong>τὸν</strong></span> <span class='ocrx_word' id='word_1_87' title='bbox 956 1324 1085 1376; x_wconf 72' lang='grc' dir='ltr'>Υίὸν</span> <span class='ocrx_word' id='word_1_88' title='bbox 1127 1323 1221 1377; x_wconf 81' lang='grc' dir='ltr'><strong>τοῦ</strong></span> <span class='ocrx_word' id='word_1_89' title='bbox 1270 1323 1407 1378; x_wconf 82' lang='grc' dir='ltr'>Θεοῦ</span> <span class='ocrx_word' id='word_1_90' title='bbox 1460 1327 1652 1399; x_wconf 73' lang='grc' dir='ltr'>εἴρηκε</span> <span class='ocrx_word' id='word_1_91' title='bbox 1704 1328 1978 1383; x_wconf 79' lang='grc' dir='ltr'><strong>τεθνάναι.</strong></span> 
     </span>
    </p>
   </div>
   <div class='ocr_carea' id='block_1_15' title="bbox 388 1415 1981 1491">
    <p class='ocr_par' dir='ltr' id='par_1_15' title="bbox 388 1415 1981 1491">
     <span class='ocr_line' id='line_1_15' title="bbox 388 1415 1981 1491; baseline 0.001 -21"><span class='ocrx_word' id='word_1_92' title='bbox 388 1417 546 1470; x_wconf 73' lang='grc' dir='ltr'>Οὕτω</span> <span class='ocrx_word' id='word_1_93' title='bbox 576 1416 686 1488; x_wconf 70' lang='grc' dir='ltr'>γὰρ</span> <span class='ocrx_word' id='word_1_94' title='bbox 719 1417 748 1469; x_wconf 80' lang='grc' dir='ltr'>ὁ</span> <span class='ocrx_word' id='word_1_95' title='bbox 787 1415 1110 1480; x_wconf 80' lang='grc' dir='ltr'>’Δπόστολος</span> <span class='ocrx_word' id='word_1_96' title='bbox 1141 1416 1246 1487; x_wconf 76' lang='grc' dir='ltr'><strong>ἔφη</strong></span> <span class='ocrx_word' id='word_1_97' title='bbox 1269 1433 1283 1447; x_wconf 82' lang='lat'><strong><em>°</em></strong></span> <span class='ocrx_word' id='word_1_98' title='bbox 1317 1435 1339 1467; x_wconf 80' lang='grc' dir='ltr'><strong>ι</strong></span> <span class='ocrx_word' id='word_1_99' title='bbox 1383 1417 1444 1469; x_wconf 80' lang='lat' dir='ltr'><strong>El</strong></span> <span class='ocrx_word' id='word_1_100' title='bbox 1478 1417 1586 1489; x_wconf 79' lang='grc' dir='ltr'><strong>γὰρ</strong></span> <span class='ocrx_word' id='word_1_101' title='bbox 1610 1417 1795 1491; x_wconf 76' lang='grc' dir='ltr'>ἐχθροὶ</span> <span class='ocrx_word' id='word_1_102' title='bbox 1824 1418 1981 1483; x_wconf 74' lang='grc' dir='ltr'>ὄντες</span> 
     </span>
    </p>
   </div>
   <div class='ocr_carea' id='block_1_16' title="bbox 384 1506 1979 1579">
    <p class='ocr_par' dir='ltr' id='par_1_16' title="bbox 384 1506 1979 1579">
     <span class='ocr_line' id='line_1_16' title="bbox 384 1506 1979 1579; baseline 0.003 -19"><span class='ocrx_word' id='word_1_103' title='bbox 384 1508 818 1579; x_wconf 75' lang='grc' dir='ltr'><strong>κατηλλάγημεν</strong></span> <span class='ocrx_word' id='word_1_104' title='bbox 849 1507 927 1578; x_wconf 81' lang='grc' dir='ltr'><strong>τῷ</strong></span> <span class='ocrx_word' id='word_1_105' title='bbox 964 1506 1085 1579; x_wconf 82' lang='grc' dir='ltr'><strong>Θεῷ</strong></span> <span class='ocrx_word' id='word_1_106' title='bbox 1126 1508 1222 1562; x_wconf 81' lang='grc' dir='ltr'><strong>διά</strong></span> <span class='ocrx_word' id='word_1_107' title='bbox 1286 1508 1379 1562; x_wconf 78' lang='grc' dir='ltr'>τοῦ</span> <span class='ocrx_word' id='word_1_108' title='bbox 1429 1508 1660 1563; x_wconf 80' lang='grc' dir='ltr'>θανάτου</span> <span class='ocrx_word' id='word_1_109' title='bbox 1708 1509 1804 1563; x_wconf 79' lang='grc' dir='ltr'>τοῦ</span> <span class='ocrx_word' id='word_1_110' title='bbox 1845 1511 1979 1565; x_wconf 81' lang='grc' dir='ltr'>Υἱοῦ</span> 
     </span>
    </p>
   </div>
   <div class='ocr_carea' id='block_1_17' title="bbox 428 1598 1982 1675">
    <p class='ocr_par' dir='ltr' id='par_1_17' title="bbox 428 1598 1982 1675">
     <span class='ocr_line' id='line_1_17' title="bbox 428 1598 1982 1675; baseline 0.001 -21"><span class='ocrx_word' id='word_1_111' title='bbox 428 1600 581 1654; x_wconf 79' lang='grc' dir='ltr'><strong>ύτοῦ.</strong></span> <span class='ocrx_word' id='word_1_112' title='bbox 616 1602 730 1654; x_wconf 78' lang='grc' dir='ltr'><strong>Καὶ</strong></span> <span class='ocrx_word' id='word_1_113' title='bbox 763 1599 856 1653; x_wconf 79' lang='grc' dir='ltr'><strong>τὸν</strong></span> <span class='ocrx_word' id='word_1_114' title='bbox 883 1598 1090 1671; x_wconf 80' lang='grc' dir='ltr'>Κύριον</span> <span class='ocrx_word' id='word_1_115' title='bbox 1128 1599 1352 1673; x_wconf 76' lang='grc' dir='ltr'>εἴρηκεν</span> <span class='ocrx_word' id='word_1_116' title='bbox 1403 1602 1467 1653; x_wconf 76' lang='grc' dir='ltr'>ἐκ</span> <span class='ocrx_word' id='word_1_117' title='bbox 1506 1601 1716 1672; x_wconf 79' lang='grc' dir='ltr'>νεκρῶν</span> <span class='ocrx_word' id='word_1_118' title='bbox 1748 1603 1982 1675; x_wconf 73' lang='grc' dir='ltr'>ὲγηγέρ‹</span> 
     </span>
    </p>
   </div>
   <div class='ocr_carea' id='block_1_18' title="bbox 390 1690 1980 1766">
    <p class='ocr_par' dir='ltr' id='par_1_18' title="bbox 390 1690 1980 1766">
     <span class='ocr_line' id='line_1_18' title="bbox 390 1690 1980 1766; baseline -0.001 -18"><span class='ocrx_word' id='word_1_119' title='bbox 390 1694 521 1748; x_wconf 69' lang='grc' dir='ltr'>θαιι</span> <span class='ocrx_word' id='word_1_120' title='bbox 561 1710 581 1744; x_wconf 78' lang='grc' dir='ltr'><strong>ι</strong></span> <span class='ocrx_word' id='word_1_121' title='bbox 631 1691 692 1745; x_wconf 82' lang='lat'><strong>&#39;0</strong></span> <span class='ocrx_word' id='word_1_122' title='bbox 747 1691 859 1765; x_wconf 85' lang='grc' dir='ltr'><strong>γάρ</strong></span> <span class='ocrx_word' id='word_1_123' title='bbox 899 1690 1075 1756; x_wconf 82' lang='grc' dir='ltr'>Θεὸς,</span> <span class='ocrx_word' id='word_1_124' title='bbox 1116 1690 1284 1763; x_wconf 70' lang='grc' dir='ltr'>φησὶ,</span> <span class='ocrx_word' id='word_1_125' title='bbox 1339 1693 1435 1746; x_wconf 68' lang='grc' dir='ltr'><strong>καὶ</strong></span> <span class='ocrx_word' id='word_1_126' title='bbox 1481 1692 1572 1746; x_wconf 83' lang='grc' dir='ltr'><strong>τὸν</strong></span> <span class='ocrx_word' id='word_1_127' title='bbox 1629 1694 1836 1766; x_wconf 81' lang='grc' dir='ltr'>Κύριον</span> <span class='ocrx_word' id='word_1_128' title='bbox 1892 1695 1980 1761; x_wconf 77' lang='grc' dir='ltr'><strong>ἐξ·</strong></span> 
     </span>
    </p>
   </div>
   <div class='ocr_carea' id='block_1_19' title="bbox 390 1787 662 1857">
    <p class='ocr_par' dir='ltr' id='par_1_19' title="bbox 390 1787 662 1857">
     <span class='ocr_line' id='line_1_19' title="bbox 390 1787 662 1857; baseline -0.007 -19"><span class='ocrx_word' id='word_1_129' title='bbox 390 1787 602 1857; x_wconf 79' lang='grc' dir='ltr'>ήγειρε.</span> <span class='ocrx_word' id='word_1_130' title='bbox 641 1803 662 1836; x_wconf 74' lang='grc' dir='ltr'><strong>ι</strong></span> 
     </span>
    </p>
   </div>
   <div class='ocr_carea' id='block_1_20' title="bbox 459 1864 2056 1947">
    <p class='ocr_par' dir='ltr' id='par_1_20' title="bbox 459 1864 2056 1947">
     <span class='ocr_line' id='line_1_20' title="bbox 459 1864 2056 1947; baseline -0.008 -15"><span class='ocrx_word' id='word_1_131' title='bbox 459 1878 610 1933; x_wconf 84' lang='grc' dir='ltr'>ΟΡΘ.</span> <span class='ocrx_word' id='word_1_132' title='bbox 651 1877 821 1930; x_wconf 87' lang='grc' dir='ltr'>Ὅταν</span> <span class='ocrx_word' id='word_1_133' title='bbox 868 1871 961 1929; x_wconf 81' lang='grc' dir='ltr'><strong>οὖν</strong></span> <span class='ocrx_word' id='word_1_134' title='bbox 1001 1877 1034 1946; x_wconf 78' lang='grc' dir='ltr'><strong>ἡ</strong></span> <span class='ocrx_word' id='word_1_135' title='bbox 1067 1874 1189 1928; x_wconf 82' lang='grc' dir='ltr'>θεία</span> <span class='ocrx_word' id='word_1_136' title='bbox 1224 1875 1361 1946; x_wconf 81' lang='grc' dir='ltr'>λέγῃ</span> <span class='ocrx_word' id='word_1_137' title='bbox 1398 1875 1590 1947; x_wconf 71' lang='grc' dir='ltr'>Γραφὴ</span> <span class='ocrx_word' id='word_1_138' title='bbox 1619 1893 1633 1906; x_wconf 87' lang='grc'><strong>·</strong></span> <span class='ocrx_word' id='word_1_139' title='bbox 1692 1895 1710 1927; x_wconf 76' lang='grc' dir='ltr'><strong>ι</strong></span> <span class='ocrx_word' id='word_1_140' title='bbox 1746 1878 1982 1933; x_wconf 77' lang='grc' dir='ltr'>Συνεκό.</span> <span class='ocrx_word' id='word_1_141' title='bbox 2016 1864 2056 1919; x_wconf 84' lang='grc' dir='ltr'><strong><em>Β</em></strong></span> 
     </span>
    </p>
   </div>
   <div class='ocr_carea' id='block_1_21' title="bbox 389 1966 1985 2040">
    <p class='ocr_par' dir='ltr' id='par_1_21' title="bbox 389 1966 1985 2040">
     <span class='ocr_line' id='line_1_21' title="bbox 389 1966 1985 2040; baseline 0.002 -18"><span class='ocrx_word' id='word_1_142' title='bbox 389 1986 564 2040; x_wconf 82' lang='grc' dir='ltr'>μισαν</span> <span class='ocrx_word' id='word_1_143' title='bbox 620 1969 677 2022; x_wconf 79' lang='grc' dir='ltr'>δὲ</span> <span class='ocrx_word' id='word_1_144' title='bbox 750 1967 845 2021; x_wconf 75' lang='grc' dir='ltr'>τὸν</span> <span class='ocrx_word' id='word_1_145' title='bbox 922 1967 1196 2038; x_wconf 74' lang='grc' dir='ltr'>Στέφανον</span> <span class='ocrx_word' id='word_1_146' title='bbox 1279 1966 1473 2037; x_wconf 76' lang='grc' dir='ltr'>ἄνδρες</span> <span class='ocrx_word' id='word_1_147' title='bbox 1541 1967 1821 2035; x_wconf 81' lang='grc' dir='ltr'>εὐλαϐεῖς,</span> <span class='ocrx_word' id='word_1_148' title='bbox 1888 1972 1985 2025; x_wconf 81' lang='grc' dir='ltr'>καὶ</span> 
     </span>
    </p>
   </div>
   <div class='ocr_carea' id='block_1_22' title="bbox 390 2059 1985 2139">
    <p class='ocr_par' dir='ltr' id='par_1_22' title="bbox 390 2059 1985 2139">
     <span class='ocr_line' id='line_1_22' title="bbox 390 2059 1985 2139; baseline 0.002 -22"><span class='ocrx_word' id='word_1_149' title='bbox 390 2062 655 2133; x_wconf 66' lang='grc' dir='ltr'>ἐποίησαν</span> <span class='ocrx_word' id='word_1_150' title='bbox 722 2061 953 2114; x_wconf 73' lang='grc' dir='ltr'>κοπετὸν</span> <span class='ocrx_word' id='word_1_151' title='bbox 1038 2061 1215 2131; x_wconf 77' lang='grc' dir='ltr'>μέγαν</span> <span class='ocrx_word' id='word_1_152' title='bbox 1274 2061 1360 2113; x_wconf 76' lang='grc' dir='ltr'><strong>ἐπ’</strong></span> <span class='ocrx_word' id='word_1_153' title='bbox 1424 2059 1605 2131; x_wconf 71' lang='grc' dir='ltr'>αὐτῷ,</span> <span class='ocrx_word' id='word_1_154' title='bbox 1665 2080 1683 2114; x_wconf 75' lang='grc' dir='ltr'><strong>ι</strong></span> <span class='ocrx_word' id='word_1_155' title='bbox 1737 2063 1836 2116; x_wconf 75' lang='grc' dir='ltr'>καὶ</span> <span class='ocrx_word' id='word_1_156' title='bbox 1884 2065 1985 2139; x_wconf 82' lang='grc' dir='ltr'>τὴν</span> 
     </span>
    </p>
   </div>
   <div class='ocr_carea' id='block_1_23' title="bbox 386 2151 1985 2225">
    <p class='ocr_par' dir='ltr' id='par_1_23' title="bbox 386 2151 1985 2225">
     <span class='ocr_line' id='line_1_23' title="bbox 386 2151 1985 2225; baseline 0.004 -19"><span class='ocrx_word' id='word_1_157' title='bbox 386 2153 569 2224; x_wconf 71' lang='grc' dir='ltr'>ψυχὴν</span> <span class='ocrx_word' id='word_1_158' title='bbox 604 2154 752 2207; x_wconf 83' lang='grc' dir='ltr'>είποι</span> <span class='ocrx_word' id='word_1_159' title='bbox 784 2153 852 2208; x_wconf 74' lang='grc' dir='ltr'>ἄν</span> <span class='ocrx_word' id='word_1_160' title='bbox 879 2169 966 2215; x_wconf 82' lang='grc' dir='ltr'><strong>τις</strong></span> <span class='ocrx_word' id='word_1_161' title='bbox 1004 2152 1143 2223; x_wconf 83' lang='grc' dir='ltr'><strong>μετά</strong></span> <span class='ocrx_word' id='word_1_162' title='bbox 1174 2151 1269 2206; x_wconf 79' lang='grc' dir='ltr'>τοῦ</span> <span class='ocrx_word' id='word_1_163' title='bbox 1307 2151 1561 2223; x_wconf 81' lang='grc' dir='ltr'>σώματος</span> <span class='ocrx_word' id='word_1_164' title='bbox 1589 2156 1985 2225; x_wconf 83' lang='grc' dir='ltr'>παραδεδόσθαι</span> 
     </span>
    </p>
   </div>
   <div class='ocr_carea' id='block_1_24' title="bbox 388 2249 577 2317">
    <p class='ocr_par' dir='ltr' id='par_1_24' title="bbox 388 2249 577 2317">
     <span class='ocr_line' id='line_1_24' title="bbox 388 2249 577 2317; baseline 0.011 -2"><span class='ocrx_word' id='word_1_165' title='bbox 388 2249 532 2317; x_wconf 72' lang='grc' dir='ltr'>τοιφῇ</span> <span class='ocrx_word' id='word_1_166' title='bbox 562 2263 577 2311; x_wconf 87' lang='grc'><strong>;</strong></span> 
     </span>
    </p>
   </div>
   <div class='ocr_carea' id='block_1_25' title="bbox 2087 605 3668 674">
    <p class='ocr_par' dir='ltr' id='par_1_25' title="bbox 2087 605 3668 674">
     <span class='ocr_line' id='line_1_25' title="bbox 2087 605 3668 674; baseline 0.003 -16"><span class='ocrx_word' id='word_1_167' title='bbox 2087 605 2318 674; x_wconf 89' lang='lat' dir='ltr'><strong>protuli,</strong></span> <span class='ocrx_word' id='word_1_168' title='bbox 2371 614 2429 659; x_wconf 93' lang='lat' dir='ltr'><strong>tu</strong></span> <span class='ocrx_word' id='word_1_169' title='bbox 2473 621 2604 660; x_wconf 89' lang='lat' dir='ltr'><strong>vero</strong></span> <span class='ocrx_word' id='word_1_170' title='bbox 2651 605 2968 662; x_wconf 85' lang='lat' dir='ltr'><strong>ludiﬁcatus</strong></span> <span class='ocrx_word' id='word_1_171' title='bbox 3013 623 3091 662; x_wconf 89' lang='lat' dir='ltr'><strong>es.</strong></span> <span class='ocrx_word' id='word_1_172' title='bbox 3140 605 3284 661; x_wconf 83' lang='lat' dir='ltr'><strong>Ecce</strong></span> <span class='ocrx_word' id='word_1_173' title='bbox 3328 606 3476 660; x_wconf 92' lang='lat' dir='ltr'><strong>enim</strong></span> <span class='ocrx_word' id='word_1_174' title='bbox 3507 607 3668 663; x_wconf 68' lang='lat' dir='ltr'><strong>nobis</strong></span> 
     </span>
    </p>
   </div>
   <div class='ocr_carea' id='block_1_26' title="bbox 2085 695 3671 768">
    <p class='ocr_par' dir='ltr' id='par_1_26' title="bbox 2085 695 3671 768">
     <span class='ocr_line' id='line_1_26' title="bbox 2085 695 3671 768; baseline 0.004 -20"><span class='ocrx_word' id='word_1_175' title='bbox 2085 695 2400 761; x_wconf 79' lang='lat' dir='ltr'><strong>ostendisti,</strong></span> <span class='ocrx_word' id='word_1_176' title='bbox 2432 710 2683 765; x_wconf 64' lang='lat' dir='ltr'><strong>quaenam</strong></span> <span class='ocrx_word' id='word_1_177' title='bbox 2718 695 3014 763; x_wconf 69' lang='lat' dir='ltr'><strong>divinitati,</strong></span> <span class='ocrx_word' id='word_1_178' title='bbox 3056 705 3112 752; x_wconf 90' lang='lat' dir='ltr'><strong>et</strong></span> <span class='ocrx_word' id='word_1_179' title='bbox 3137 711 3386 768; x_wconf 75' lang='lat' dir='ltr'><strong>quaenam</strong></span> <span class='ocrx_word' id='word_1_180' title='bbox 3418 696 3671 754; x_wconf 80' lang='lat' dir='ltr'><strong>humani-</strong></span> 
     </span>
    </p>
   </div>
   <div class='ocr_carea' id='block_1_27' title="bbox 2087 785 2566 842">
    <p class='ocr_par' dir='ltr' id='par_1_27' title="bbox 2087 785 2566 842">
     <span class='ocr_line' id='line_1_27' title="bbox 2087 785 2566 842; baseline 0.004 -3"><span class='ocrx_word' id='word_1_181' title='bbox 2087 785 2183 840; x_wconf 92' lang='lat' dir='ltr'><strong>tati</strong></span> <span class='ocrx_word' id='word_1_182' title='bbox 2218 788 2566 842; x_wconf 83' lang='lat' dir='ltr'><strong>conveniant.</strong></span> 
     </span>
    </p>
   </div>
   <div class='ocr_carea' id='block_1_28' title="bbox 2157 882 3492 939">
    <p class='ocr_par' dir='ltr' id='par_1_28' title="bbox 2157 882 3492 939">
     <span class='ocr_line' id='line_1_28' title="bbox 2157 882 3492 939; baseline 0.001 -2"><span class='ocrx_word' id='word_1_183' title='bbox 2157 882 2367 938; x_wconf 81' lang='lat' dir='ltr'><strong>ERAN.</strong></span> <span class='ocrx_word' id='word_1_184' title='bbox 2395 883 2501 939; x_wconf 88' lang='lat' dir='ltr'><strong>Sed</strong></span> <span class='ocrx_word' id='word_1_185' title='bbox 2536 900 2707 938; x_wconf 90' lang='lat' dir='ltr'><strong>unum</strong></span> <span class='ocrx_word' id='word_1_186' title='bbox 2741 884 2799 938; x_wconf 91' lang='lat' dir='ltr'><strong>in</strong></span> <span class='ocrx_word' id='word_1_187' title='bbox 2822 883 2963 939; x_wconf 91' lang='lat' dir='ltr'><strong>duos</strong></span> <span class='ocrx_word' id='word_1_188' title='bbox 2997 882 3140 938; x_wconf 83' lang='lat' dir='ltr'><strong>filios</strong></span> <span class='ocrx_word' id='word_1_189' title='bbox 3164 896 3276 939; x_wconf 89' lang='lat' dir='ltr'><strong>non</strong></span> <span class='ocrx_word' id='word_1_190' title='bbox 3306 882 3492 939; x_wconf 87' lang='lat' dir='ltr'><strong>divisi.</strong></span> 
     </span>
    </p>
   </div>
   <div class='ocr_carea' id='block_1_29' title="bbox 2151 974 3672 1047">
    <p class='ocr_par' dir='ltr' id='par_1_29' title="bbox 2151 974 3672 1047">
     <span class='ocr_line' id='line_1_29' title="bbox 2151 974 3672 1047; baseline 0.001 -16"><span class='ocrx_word' id='word_1_191' title='bbox 2151 974 2363 1031; x_wconf 86' lang='lat' dir='ltr'><strong>ORTH.</strong></span> <span class='ocrx_word' id='word_1_192' title='bbox 2394 977 2584 1047; x_wconf 88' lang='lat' dir='ltr'><strong>Neque</strong></span> <span class='ocrx_word' id='word_1_193' title='bbox 2619 992 2720 1032; x_wconf 89' lang='lat' dir='ltr'><strong>nos</strong></span> <span class='ocrx_word' id='word_1_194' title='bbox 2751 977 2857 1032; x_wconf 89' lang='lat' dir='ltr'><strong>hoc</strong></span> <span class='ocrx_word' id='word_1_195' title='bbox 2885 976 3140 1042; x_wconf 80' lang='lat' dir='ltr'><strong>facimus,</strong></span> <span class='ocrx_word' id='word_1_196' title='bbox 3169 991 3203 1032; x_wconf 89' lang='grc' dir='ltr'><strong>ο</strong></span> <span class='ocrx_word' id='word_1_197' title='bbox 3226 976 3403 1031; x_wconf 88' lang='lat' dir='ltr'><strong>amice</strong></span> <span class='ocrx_word' id='word_1_198' title='bbox 3431 993 3446 1043; x_wconf 90' lang='lat'><strong>;</strong></span> <span class='ocrx_word' id='word_1_199' title='bbox 3478 976 3575 1032; x_wconf 89' lang='lat' dir='ltr'><strong>sed</strong></span> <span class='ocrx_word' id='word_1_200' title='bbox 3601 976 3672 1033; x_wconf 84' lang='lat' dir='ltr'><strong>ad</strong></span> 
     </span>
    </p>
   </div>
   <div class='ocr_carea' id='block_1_30' title="bbox 2085 1067 3674 1140">
    <p class='ocr_par' dir='ltr' id='par_1_30' title="bbox 2085 1067 3674 1140">
     <span class='ocr_line' id='line_1_30' title="bbox 2085 1067 3674 1140; baseline 0.002 -18"><span class='ocrx_word' id='word_1_201' title='bbox 2085 1076 2408 1123; x_wconf 82' lang='lat' dir='ltr'><strong>naturarum</strong></span> <span class='ocrx_word' id='word_1_202' title='bbox 2447 1069 2817 1126; x_wconf 75' lang='lat' dir='ltr'><strong>diﬂ‘erentiam</strong></span> <span class='ocrx_word' id='word_1_203' title='bbox 2845 1069 3225 1140; x_wconf 83' lang='lat' dir='ltr'><strong>respicientes,</strong></span> <span class='ocrx_word' id='word_1_204' title='bbox 3256 1067 3674 1125; x_wconf 76' lang='lat' dir='ltr'><strong>consideramus</strong></span> 
     </span>
    </p>
   </div>
   <div class='ocr_carea' id='block_1_31' title="bbox 2084 1156 3667 1229">
    <p class='ocr_par' dir='ltr' id='par_1_31' title="bbox 2084 1156 3667 1229">
     <span class='ocr_line' id='line_1_31' title="bbox 2084 1156 3667 1229; baseline -0.001 -16"><span class='ocrx_word' id='word_1_205' title='bbox 2084 1159 2218 1229; x_wconf 93' lang='lat' dir='ltr'><strong>quid</strong></span> <span class='ocrx_word' id='word_1_206' title='bbox 2250 1160 2445 1215; x_wconf 88' lang='lat' dir='ltr'><strong>deceat</strong></span> <span class='ocrx_word' id='word_1_207' title='bbox 2476 1159 2845 1225; x_wconf 82' lang='lat' dir='ltr'><strong>divinitatem,</strong></span> <span class='ocrx_word' id='word_1_208' title='bbox 2869 1168 2925 1215; x_wconf 90' lang='lat' dir='ltr'><strong>et</strong></span> <span class='ocrx_word' id='word_1_209' title='bbox 2952 1159 3085 1229; x_wconf 89' lang='lat' dir='ltr'><strong>quid</strong></span> <span class='ocrx_word' id='word_1_210' title='bbox 3109 1157 3331 1228; x_wconf 81' lang='lat' dir='ltr'><strong>corpori</strong></span> <span class='ocrx_word' id='word_1_211' title='bbox 3354 1156 3667 1213; x_wconf 83' lang='lat' dir='ltr'><strong>conveniat.</strong></span> 
     </span>
    </p>
   </div>
   <div class='ocr_carea' id='block_1_32' title="bbox 2156 1247 3671 1321">
    <p class='ocr_par' dir='ltr' id='par_1_32' title="bbox 2156 1247 3671 1321">
     <span class='ocr_line' id='line_1_32' title="bbox 2156 1247 3671 1321; baseline -0.001 -17"><span class='ocrx_word' id='word_1_212' title='bbox 2156 1250 2364 1305; x_wconf 83' lang='lat' dir='ltr'><strong>ERAN.</strong></span> <span class='ocrx_word' id='word_1_213' title='bbox 2389 1251 2509 1306; x_wconf 87' lang='lat' dir='ltr'><strong>Non</strong></span> <span class='ocrx_word' id='word_1_214' title='bbox 2541 1251 2729 1308; x_wconf 84' lang='lat' dir='ltr'><strong>docuit</strong></span> <span class='ocrx_word' id='word_1_215' title='bbox 2748 1267 2850 1307; x_wconf 90' lang='lat' dir='ltr'><strong>nos</strong></span> <span class='ocrx_word' id='word_1_216' title='bbox 2876 1251 2954 1306; x_wconf 86' lang='lat' dir='ltr'><strong>sic</strong></span> <span class='ocrx_word' id='word_1_217' title='bbox 2978 1251 3317 1321; x_wconf 78' lang='lat' dir='ltr'><strong>distinguere</strong></span> <span class='ocrx_word' id='word_1_218' title='bbox 3341 1264 3494 1304; x_wconf 88' lang='lat' dir='ltr'><strong>sacra</strong></span> <span class='ocrx_word' id='word_1_219' title='bbox 3517 1247 3671 1303; x_wconf 91' lang='lat' dir='ltr'><strong>Scri-</strong></span> 
     </span>
    </p>
   </div>
   <div class='ocr_carea' id='block_1_33' title="bbox 2080 1339 3670 1413">
    <p class='ocr_par' dir='ltr' id='par_1_33' title="bbox 2080 1339 3670 1413">
     <span class='ocr_line' id='line_1_33' title="bbox 2080 1339 3670 1413; baseline -0.001 -16"><span class='ocrx_word' id='word_1_220' title='bbox 2080 1350 2266 1413; x_wconf 77' lang='lat' dir='ltr'><strong>ptura,</strong></span> <span class='ocrx_word' id='word_1_221' title='bbox 2297 1343 2393 1399; x_wconf 88' lang='lat' dir='ltr'><strong>sed</strong></span> <span class='ocrx_word' id='word_1_222' title='bbox 2417 1343 2619 1398; x_wconf 89' lang='lat' dir='ltr'><strong>Filium</strong></span> <span class='ocrx_word' id='word_1_223' title='bbox 2650 1343 2747 1398; x_wconf 89' lang='lat' dir='ltr'><strong>Dei</strong></span> <span class='ocrx_word' id='word_1_224' title='bbox 2772 1351 3053 1398; x_wconf 86' lang='lat' dir='ltr'><strong>mortuum</strong></span> <span class='ocrx_word' id='word_1_225' title='bbox 3078 1357 3201 1397; x_wconf 87' lang='lat' dir='ltr'><strong>esse</strong></span> <span class='ocrx_word' id='word_1_226' title='bbox 3220 1341 3378 1396; x_wconf 80' lang='lat' dir='ltr'><strong>dixit.</strong></span> <span class='ocrx_word' id='word_1_227' title='bbox 3402 1339 3495 1396; x_wconf 88' lang='lat' dir='ltr'><strong>Sic</strong></span> <span class='ocrx_word' id='word_1_228' title='bbox 3520 1341 3670 1396; x_wconf 88' lang='lat' dir='ltr'><strong>enim</strong></span> 
     </span>
    </p>
   </div>
   <div class='ocr_carea' id='block_1_34' title="bbox 2084 1432 3668 1506">
    <p class='ocr_par' dir='ltr' id='par_1_34' title="bbox 2084 1432 3668 1506">
     <span class='ocr_line' id='line_1_34' title="bbox 2084 1432 3668 1506; baseline -0.003 -15"><span class='ocrx_word' id='word_1_229' title='bbox 2084 1437 2162 1491; x_wconf 84' lang='lat' dir='ltr'><strong>ait</strong></span> <span class='ocrx_word' id='word_1_230' title='bbox 2201 1436 2537 1506; x_wconf 83' lang='lat' dir='ltr'><strong>Apostolus:</strong></span> <span class='ocrx_word' id='word_1_231' title='bbox 2580 1455 2598 1487; x_wconf 79' lang='grc' dir='ltr'><strong>ι</strong></span> <span class='ocrx_word' id='word_1_232' title='bbox 2628 1436 2686 1491; x_wconf 90' lang='lat' dir='ltr'><strong>Si</strong></span> <span class='ocrx_word' id='word_1_233' title='bbox 2734 1436 2906 1500; x_wconf 89' lang='lat' dir='ltr'><strong>enim,</strong></span> <span class='ocrx_word' id='word_1_234' title='bbox 2954 1451 3080 1490; x_wconf 92' lang='lat' dir='ltr'><strong>cum</strong></span> <span class='ocrx_word' id='word_1_235' title='bbox 3130 1432 3339 1489; x_wconf 84' lang='lat' dir='ltr'><strong>inimici</strong></span> <span class='ocrx_word' id='word_1_236' title='bbox 3398 1447 3668 1496; x_wconf 83' lang='lat' dir='ltr'><strong>essemus,</strong></span> 
     </span>
    </p>
   </div>
   <div class='ocr_carea' id='block_1_35' title="bbox 2084 1521 3671 1596">
    <p class='ocr_par' dir='ltr' id='par_1_35' title="bbox 2084 1521 3671 1596">
     <span class='ocr_line' id='line_1_35' title="bbox 2084 1521 3671 1596; baseline -0.002 -17"><span class='ocrx_word' id='word_1_237' title='bbox 2084 1525 2423 1580; x_wconf 83' lang='lat' dir='ltr'><strong>reconciliati</strong></span> <span class='ocrx_word' id='word_1_238' title='bbox 2482 1525 2643 1596; x_wconf 60' lang='lat'><strong>195.</strong></span> <span class='ocrx_word' id='word_1_239' title='bbox 2699 1540 2892 1580; x_wconf 90' lang='lat' dir='ltr'><strong>sumus</strong></span> <span class='ocrx_word' id='word_1_240' title='bbox 2941 1525 3054 1579; x_wconf 91' lang='lat' dir='ltr'><strong>Deo</strong></span> <span class='ocrx_word' id='word_1_241' title='bbox 3105 1539 3205 1594; x_wconf 92' lang='lat' dir='ltr'><strong>per</strong></span> <span class='ocrx_word' id='word_1_242' title='bbox 3250 1532 3485 1577; x_wconf 86' lang='lat' dir='ltr'><strong>mortem</strong></span> <span class='ocrx_word' id='word_1_243' title='bbox 3544 1521 3671 1577; x_wconf 84' lang='lat' dir='ltr'><strong>Filii</strong></span> 
     </span>
    </p>
   </div>
   <div class='ocr_carea' id='block_1_36' title="bbox 2082 1613 3670 1687">
    <p class='ocr_par' dir='ltr' id='par_1_36' title="bbox 2082 1613 3670 1687">
     <span class='ocr_line' id='line_1_36' title="bbox 2082 1613 3670 1687; baseline -0.003 -14"><span class='ocrx_word' id='word_1_244' title='bbox 2082 1618 2202 1687; x_wconf 83' lang='lat' dir='ltr'><strong>ejus</strong></span> <span class='ocrx_word' id='word_1_245' title='bbox 2222 1618 2286 1672; x_wconf 79' lang='lat'><strong>&quot;.</strong></span> <span class='ocrx_word' id='word_1_246' title='bbox 2314 1638 2332 1669; x_wconf 76' lang='grc' dir='ltr'><strong>ι</strong></span> <span class='ocrx_word' id='word_1_247' title='bbox 2365 1618 2429 1673; x_wconf 86' lang='grc' dir='ltr'>Ει</span> <span class='ocrx_word' id='word_1_248' title='bbox 2450 1618 2741 1672; x_wconf 86' lang='lat' dir='ltr'><strong>Dominum</strong></span> <span class='ocrx_word' id='word_1_249' title='bbox 2763 1633 2829 1672; x_wconf 78' lang='lat' dir='ltr'><strong>ex</strong></span> <span class='ocrx_word' id='word_1_250' title='bbox 2853 1617 3083 1673; x_wconf 87' lang='lat' dir='ltr'><strong>mortuis</strong></span> <span class='ocrx_word' id='word_1_251' title='bbox 3102 1615 3426 1671; x_wconf 90' lang='lat' dir='ltr'><strong>suscitatum</strong></span> <span class='ocrx_word' id='word_1_252' title='bbox 3446 1628 3569 1670; x_wconf 87' lang='lat' dir='ltr'><strong>esse</strong></span> <span class='ocrx_word' id='word_1_253' title='bbox 3582 1613 3670 1668; x_wconf 90' lang='lat' dir='ltr'><strong>di-</strong></span> 
     </span>
    </p>
   </div>
   <div class='ocr_carea' id='block_1_37' title="bbox 2081 1705 3663 1782">
    <p class='ocr_par' dir='ltr' id='par_1_37' title="bbox 2081 1705 3663 1782">
     <span class='ocr_line' id='line_1_37' title="bbox 2081 1705 3663 1782; baseline -0.003 -17"><span class='ocrx_word' id='word_1_254' title='bbox 2081 1711 2213 1767; x_wconf 60' lang='lat' dir='ltr'><strong>xitJ</strong></span> <span class='ocrx_word' id='word_1_255' title='bbox 2236 1711 2379 1768; x_wconf 88' lang='lat' dir='ltr'><strong>Deus</strong></span> <span class='ocrx_word' id='word_1_256' title='bbox 2410 1712 2578 1776; x_wconf 88' lang='lat' dir='ltr'><strong>enim,</strong></span> <span class='ocrx_word' id='word_1_257' title='bbox 2613 1711 2811 1782; x_wconf 88' lang='lat' dir='ltr'><strong>inquit,</strong></span> <span class='ocrx_word' id='word_1_258' title='bbox 2846 1719 2904 1766; x_wconf 91' lang='lat' dir='ltr'><strong>et</strong></span> <span class='ocrx_word' id='word_1_259' title='bbox 2932 1710 3225 1765; x_wconf 87' lang='lat' dir='ltr'><strong>Dominum</strong></span> <span class='ocrx_word' id='word_1_260' title='bbox 3256 1706 3545 1762; x_wconf 81' lang='lat' dir='ltr'><strong>suscitavit</strong></span> <span class='ocrx_word' id='word_1_261' title='bbox 3564 1705 3663 1761; x_wconf 72' lang='grc'><strong>⁸³.»</strong></span> 
     </span>
    </p>
   </div>
   <div class='ocr_carea' id='block_1_38' title="bbox 2157 1897 3667 1973">
    <p class='ocr_par' dir='ltr' id='par_1_38' title="bbox 2157 1897 3667 1973">
     <span class='ocr_line' id='line_1_38' title="bbox 2157 1897 3667 1973; baseline -0.004 -15"><span class='ocrx_word' id='word_1_262' title='bbox 2157 1901 2370 1960; x_wconf 83' lang='lat' dir='ltr'><strong>ORTH.</strong></span> <span class='ocrx_word' id='word_1_263' title='bbox 2417 1902 2647 1970; x_wconf 85' lang='lat' dir='ltr'><strong>Quando</strong></span> <span class='ocrx_word' id='word_1_264' title='bbox 2691 1902 2860 1973; x_wconf 88' lang='lat' dir='ltr'><strong>igitur</strong></span> <span class='ocrx_word' id='word_1_265' title='bbox 2910 1900 3097 1956; x_wconf 91' lang='lat' dir='ltr'><strong>divina</strong></span> <span class='ocrx_word' id='word_1_266' title='bbox 3152 1899 3439 1970; x_wconf 85' lang='lat' dir='ltr'><strong>Scriptura</strong></span> <span class='ocrx_word' id='word_1_267' title='bbox 3491 1897 3667 1956; x_wconf 87' lang='lat' dir='ltr'><strong>dicit:</strong></span> 
     </span>
    </p>
   </div>
   <div class='ocr_carea' id='block_1_39' title="bbox 2095 1989 3671 2063">
    <p class='ocr_par' dir='ltr' id='par_1_39' title="bbox 2095 1989 3671 2063">
     <span class='ocr_line' id='line_1_39' title="bbox 2095 1989 3671 2063; baseline -0.001 -15"><span class='ocrx_word' id='word_1_268' title='bbox 2095 2014 2116 2048; x_wconf 72' lang='grc' dir='ltr'><strong>ι</strong></span> <span class='ocrx_word' id='word_1_269' title='bbox 2144 1995 2494 2051; x_wconf 88' lang='lat' dir='ltr'><strong>Curaverunt</strong></span> <span class='ocrx_word' id='word_1_270' title='bbox 2539 2003 2724 2050; x_wconf 91' lang='lat' dir='ltr'><strong>autem</strong></span> <span class='ocrx_word' id='word_1_271' title='bbox 2764 1992 3104 2063; x_wconf 86' lang='lat' dir='ltr'><strong>Stephanum</strong></span> <span class='ocrx_word' id='word_1_272' title='bbox 3144 1990 3251 2046; x_wconf 88' lang='lat' dir='ltr'><strong>viri</strong></span> <span class='ocrx_word' id='word_1_273' title='bbox 3298 1990 3399 2061; x_wconf 91' lang='lat' dir='ltr'><strong>pii,</strong></span> <span class='ocrx_word' id='word_1_274' title='bbox 3431 1997 3488 2046; x_wconf 92' lang='lat' dir='ltr'><strong>et</strong></span> <span class='ocrx_word' id='word_1_275' title='bbox 3520 1989 3671 2046; x_wconf 88' lang='lat' dir='ltr'><strong>fece-</strong></span> 
     </span>
    </p>
   </div>
   <div class='ocr_carea' id='block_1_40' title="bbox 2088 2083 3670 2160">
    <p class='ocr_par' dir='ltr' id='par_1_40' title="bbox 2088 2083 3670 2160">
     <span class='ocr_line' id='line_1_40' title="bbox 2088 2083 3670 2160; baseline -0.002 -19"><span class='ocrx_word' id='word_1_276' title='bbox 2088 2097 2218 2143; x_wconf 88' lang='lat' dir='ltr'><strong>runt</strong></span> <span class='ocrx_word' id='word_1_277' title='bbox 2250 2088 2534 2158; x_wconf 89' lang='lat' dir='ltr'><strong>planctum</strong></span> <span class='ocrx_word' id='word_1_278' title='bbox 2566 2103 2823 2160; x_wconf 89' lang='lat' dir='ltr'><strong>magnum</strong></span> <span class='ocrx_word' id='word_1_279' title='bbox 2854 2102 3021 2158; x_wconf 89' lang='lat' dir='ltr'><strong>super</strong></span> <span class='ocrx_word' id='word_1_280' title='bbox 3051 2101 3179 2140; x_wconf 88' lang='lat' dir='ltr'><strong>eum</strong></span> <span class='ocrx_word' id='word_1_281' title='bbox 3201 2084 3270 2152; x_wconf 72' lang='lat'><strong>“,</strong></span> <span class='ocrx_word' id='word_1_282' title='bbox 3301 2102 3321 2136; x_wconf 77' lang='grc' dir='ltr'><strong>ι</strong></span> <span class='ocrx_word' id='word_1_283' title='bbox 3370 2099 3506 2140; x_wconf 90' lang='lat' dir='ltr'><strong>num</strong></span> <span class='ocrx_word' id='word_1_284' title='bbox 3545 2083 3670 2139; x_wconf 76' lang='lat' dir='ltr'><strong>ani-</strong></span> 
     </span>
    </p>
   </div>
   <div class='ocr_carea' id='block_1_41' title="bbox 2088 2177 3669 2251">
    <p class='ocr_par' dir='ltr' id='par_1_41' title="bbox 2088 2177 3669 2251">
     <span class='ocr_line' id='line_1_41' title="bbox 2088 2177 3669 2251; baseline -0.003 -18"><span class='ocrx_word' id='word_1_285' title='bbox 2088 2193 2232 2233; x_wconf 88' lang='lat' dir='ltr'><strong>mam</strong></span> <span class='ocrx_word' id='word_1_286' title='bbox 2270 2179 2474 2235; x_wconf 81' lang='lat' dir='ltr'><strong>dixerit</strong></span> <span class='ocrx_word' id='word_1_287' title='bbox 2503 2182 2796 2251; x_wconf 86' lang='lat' dir='ltr'><strong>quisquam</strong></span> <span class='ocrx_word' id='word_1_288' title='bbox 2827 2193 2935 2234; x_wconf 90' lang='lat' dir='ltr'><strong>una</strong></span> <span class='ocrx_word' id='word_1_289' title='bbox 2954 2194 3079 2234; x_wconf 92' lang='lat' dir='ltr'><strong>cum</strong></span> <span class='ocrx_word' id='word_1_290' title='bbox 3110 2192 3342 2248; x_wconf 89' lang='lat' dir='ltr'><strong>corpore</strong></span> <span class='ocrx_word' id='word_1_291' title='bbox 3372 2177 3669 2247; x_wconf 69' lang='lat' dir='ltr'><strong>sepulturae</strong></span> 
     </span>
    </p>
   </div>
   <div class='ocr_carea' id='block_1_42' title="bbox 2086 2269 2435 2325">
    <p class='ocr_par' dir='ltr' id='par_1_42' title="bbox 2086 2269 2435 2325">
     <span class='ocr_line' id='line_1_42' title="bbox 2086 2269 2435 2325; baseline -0.006 0"><span class='ocrx_word' id='word_1_292' title='bbox 2086 2269 2399 2325; x_wconf 83' lang='lat' dir='ltr'><strong>mandatam</strong></span> <span class='ocrx_word' id='word_1_293' title='bbox 2412 2271 2435 2323; x_wconf 84' lang='lat'><strong>?</strong></span> 
     </span>
    </p>
   </div>
   <div class='ocr_carea' id='block_1_43' title="bbox 461 2336 1987 2419">
    <p class='ocr_par' dir='ltr' id='par_1_43' title="bbox 461 2336 973 2408">
     <span class='ocr_line' id='line_1_43' title="bbox 461 2336 973 2408; baseline 0 -18"><span class='ocrx_word' id='word_1_294' title='bbox 461 2337 667 2393; x_wconf 73' lang='grc' dir='ltr'>ΕΡΑΝ.</span> <span class='ocrx_word' id='word_1_295' title='bbox 709 2337 785 2391; x_wconf 77' lang='grc' dir='ltr'><strong>οὐ</strong></span> <span class='ocrx_word' id='word_1_296' title='bbox 818 2336 973 2408; x_wconf 79' lang='grc' dir='ltr'>δῆτα.</span> 
     </span>
    </p>
   </div>
   <div class='ocr_carea' id='block_1_44' title="bbox 2106 2336 2691 2419">
    <p class='ocr_par' dir='ltr' id='par_1_44' title="bbox 2157 2360 2691 2419">
     <span class='ocr_line' id='line_1_44' title="bbox 2157 2360 2691 2419; baseline 0.002 -3"><span class='ocrx_word' id='word_1_297' title='bbox 2157 2361 2366 2417; x_wconf 76' lang='lat' dir='ltr'><strong>ERAN.</strong></span> <span class='ocrx_word' id='word_1_298' title='bbox 2393 2360 2536 2419; x_wconf 89' lang='lat' dir='ltr'><strong>Sane</strong></span> <span class='ocrx_word' id='word_1_299' title='bbox 2559 2378 2691 2417; x_wconf 89' lang='lat' dir='ltr'><strong>non.</strong></span> 
     </span>
    </p>
   </div>
   <div class='ocr_carea' id='block_1_45' title="bbox 462 2429 1989 2507">
    <p class='ocr_par' dir='ltr' id='par_1_45' title="bbox 462 2429 1989 2507">
     <span class='ocr_line' id='line_1_45' title="bbox 462 2429 1989 2507; baseline 0 -21"><span class='ocrx_word' id='word_1_300' title='bbox 462 2431 615 2488; x_wconf 80' lang='grc' dir='ltr'>ΟΡΘ.</span> <span class='ocrx_word' id='word_1_301' title='bbox 654 2432 767 2486; x_wconf 68' lang='grc' dir='ltr'><strong>Καὶ</strong></span> <span class='ocrx_word' id='word_1_302' title='bbox 805 2432 933 2485; x_wconf 80' lang='grc' dir='ltr'>ὅταν</span> <span class='ocrx_word' id='word_1_303' title='bbox 965 2429 1208 2504; x_wconf 77' lang='grc' dir='ltr'><strong>ἀκούσῃς</strong></span> <span class='ocrx_word' id='word_1_304' title='bbox 1253 2433 1445 2488; x_wconf 78' lang='grc' dir='ltr'>Ἰακὼϐ</span> <span class='ocrx_word' id='word_1_305' title='bbox 1494 2436 1588 2490; x_wconf 75' lang='grc' dir='ltr'>τοῦ</span> <span class='ocrx_word' id='word_1_306' title='bbox 1636 2436 1989 2507; x_wconf 72' lang='grc' dir='ltr'>πατριάρχου,</span> 
     </span>
    </p>
   </div>
   <div class='ocr_carea' id='block_1_46' title="bbox 387 2522 1979 2597">
    <p class='ocr_par' dir='ltr' id='par_1_46' title="bbox 387 2522 1979 2597">
     <span class='ocr_line' id='line_1_46' title="bbox 387 2522 1979 2597; baseline 0 -20"><span class='ocrx_word' id='word_1_307' title='bbox 387 2523 679 2593; x_wconf 70' lang='grc' dir='ltr'>ὶιγοντος·</span> <span class='ocrx_word' id='word_1_308' title='bbox 722 2543 741 2575; x_wconf 81' lang='grc' dir='ltr'><strong>ι</strong></span> <span class='ocrx_word' id='word_1_309' title='bbox 792 2522 1011 2592; x_wconf 74' lang='grc' dir='ltr'>Θάψατέ</span> <span class='ocrx_word' id='word_1_310' title='bbox 1050 2539 1119 2594; x_wconf 86' lang='grc' dir='ltr'><strong>με</strong></span> <span class='ocrx_word' id='word_1_311' title='bbox 1160 2524 1301 2592; x_wconf 81' lang='grc' dir='ltr'>μετὰ</span> <span class='ocrx_word' id='word_1_312' title='bbox 1340 2526 1450 2580; x_wconf 84' lang='grc' dir='ltr'><strong>τῶν</strong></span> <span class='ocrx_word' id='word_1_313' title='bbox 1492 2528 1750 2597; x_wconf 79' lang='grc' dir='ltr'>πατέρων</span> <span class='ocrx_word' id='word_1_314' title='bbox 1793 2545 1921 2597; x_wconf 88' lang='grc' dir='ltr'>μου,</span> <span class='ocrx_word' id='word_1_315' title='bbox 1957 2545 1979 2577; x_wconf 84' lang='grc'><strong>›</strong></span> 
     </span>
    </p>
   </div>
   <div class='ocr_carea' id='block_1_47' title="bbox 395 2612 1984 2691">
    <p class='ocr_par' dir='ltr' id='par_1_47' title="bbox 395 2612 1984 2691">
     <span class='ocr_line' id='line_1_47' title="bbox 395 2612 1984 2691; baseline 0.002 -23"><span class='ocrx_word' id='word_1_316' title='bbox 395 2615 522 2686; x_wconf 74' lang='grc' dir='ltr'>περὶ</span> <span class='ocrx_word' id='word_1_317' title='bbox 551 2612 845 2686; x_wconf 84' lang='grc' dir='ltr'>σώματος,</span> <span class='ocrx_word' id='word_1_318' title='bbox 884 2614 917 2686; x_wconf 88' lang='grc' dir='ltr'><strong>ῆ</strong></span> <span class='ocrx_word' id='word_1_319' title='bbox 968 2618 1098 2685; x_wconf 76' lang='grc' dir='ltr'>περὶ</span> <span class='ocrx_word' id='word_1_320' title='bbox 1146 2612 1329 2684; x_wconf 76' lang='grc' dir='ltr'>ψυχῆς</span> <span class='ocrx_word' id='word_1_321' title='bbox 1371 2618 1543 2674; x_wconf 69' lang='grc' dir='ltr'>ταῦτα</span> <span class='ocrx_word' id='word_1_322' title='bbox 1583 2618 1837 2691; x_wconf 75' lang='grc' dir='ltr'>εἰρῆσθαι</span> <span class='ocrx_word' id='word_1_323' title='bbox 1893 2635 1984 2671; x_wconf 84' lang='grc' dir='ltr'>το-</span> 
     </span>
    </p>
   </div>
   <div class='ocr_carea' id='block_1_48' title="bbox 394 2707 624 2773">
    <p class='ocr_par' dir='ltr' id='par_1_48' title="bbox 394 2707 624 2773">
     <span class='ocr_line' id='line_1_48' title="bbox 394 2707 624 2773; baseline -0.009 0"><span class='ocrx_word' id='word_1_324' title='bbox 394 2707 587 2773; x_wconf 69' lang='grc' dir='ltr'>πάζεις</span> <span class='ocrx_word' id='word_1_325' title='bbox 609 2724 624 2772; x_wconf 89' lang='grc'>;</span> 
     </span>
    </p>
   </div>
   <div class='ocr_carea' id='block_1_49' title="bbox 465 2800 1478 2877">
    <p class='ocr_par' dir='ltr' id='par_1_49' title="bbox 465 2800 1478 2877">
     <span class='ocr_line' id='line_1_49' title="bbox 465 2800 1478 2877; baseline 0.003 -22"><span class='ocrx_word' id='word_1_326' title='bbox 465 2800 668 2857; x_wconf 74' lang='grc' dir='ltr'><strong>ΕΡΑΝ.</strong></span> <span class='ocrx_word' id='word_1_327' title='bbox 698 2800 893 2871; x_wconf 83' lang='grc' dir='ltr'>Δῆλον,</span> <span class='ocrx_word' id='word_1_328' title='bbox 932 2802 1007 2868; x_wconf 83' lang='grc' dir='ltr'>ὡς</span> <span class='ocrx_word' id='word_1_329' title='bbox 1040 2808 1169 2875; x_wconf 79' lang='grc' dir='ltr'>περὶ</span> <span class='ocrx_word' id='word_1_330' title='bbox 1204 2805 1478 2877; x_wconf 80' lang='grc' dir='ltr'>σώματος.</span> 
     </span>
    </p>
   </div>
   <div class='ocr_carea' id='block_1_50' title="bbox 2156 2453 3672 2526">
    <p class='ocr_par' dir='ltr' id='par_1_50' title="bbox 2156 2453 3672 2526">
     <span class='ocr_line' id='line_1_50' title="bbox 2156 2453 3672 2526; baseline -0.003 -16"><span class='ocrx_word' id='word_1_331' title='bbox 2156 2453 2371 2510; x_wconf 82' lang='lat' dir='ltr'><strong>ORTH.</strong></span> <span class='ocrx_word' id='word_1_332' title='bbox 2419 2455 2486 2510; x_wconf 86' lang='lat' dir='ltr'><strong>Et</strong></span> <span class='ocrx_word' id='word_1_333' title='bbox 2530 2471 2654 2511; x_wconf 91' lang='lat' dir='ltr'><strong>cum</strong></span> <span class='ocrx_word' id='word_1_334' title='bbox 2697 2454 2858 2510; x_wconf 89' lang='lat' dir='ltr'><strong>audis</strong></span> <span class='ocrx_word' id='word_1_335' title='bbox 2883 2454 3147 2511; x_wconf 75' lang='lat' dir='ltr'><strong>Iacobum</strong></span> <span class='ocrx_word' id='word_1_336' title='bbox 3181 2453 3547 2526; x_wconf 84' lang='lat' dir='ltr'><strong>patriarcham</strong></span> <span class='ocrx_word' id='word_1_337' title='bbox 3583 2453 3672 2507; x_wconf 84' lang='lat' dir='ltr'><strong>di-</strong></span> 
     </span>
    </p>
   </div>
   <div class='ocr_carea' id='block_1_51' title="bbox 2086 2541 3672 2617">
    <p class='ocr_par' dir='ltr' id='par_1_51' title="bbox 2086 2541 3672 2617">
     <span class='ocr_line' id='line_1_51' title="bbox 2086 2541 3672 2617; baseline -0.002 -16"><span class='ocrx_word' id='word_1_338' title='bbox 2086 2555 2302 2602; x_wconf 91' lang='lat' dir='ltr'><strong>centem</strong></span> <span class='ocrx_word' id='word_1_339' title='bbox 2330 2564 2343 2599; x_wconf 90' lang='lat'><strong>:</strong></span> <span class='ocrx_word' id='word_1_340' title='bbox 2388 2566 2407 2598; x_wconf 86' lang='grc'><em>‹</em></span> <span class='ocrx_word' id='word_1_341' title='bbox 2440 2545 2679 2617; x_wconf 89' lang='lat' dir='ltr'><strong>Sepelite</strong></span> <span class='ocrx_word' id='word_1_342' title='bbox 2719 2561 2806 2601; x_wconf 90' lang='lat' dir='ltr'><strong>me</strong></span> <span class='ocrx_word' id='word_1_343' title='bbox 2839 2560 2965 2602; x_wconf 91' lang='lat' dir='ltr'><strong>cum</strong></span> <span class='ocrx_word' id='word_1_344' title='bbox 2998 2547 3246 2617; x_wconf 87' lang='lat' dir='ltr'><strong>patribus</strong></span> <span class='ocrx_word' id='word_1_345' title='bbox 3290 2545 3512 2610; x_wconf 80' lang='lat' dir='ltr'><strong>meis&quot;,</strong></span> <span class='ocrx_word' id='word_1_346' title='bbox 3546 2562 3565 2596; x_wconf 75' lang='grc' dir='ltr'><strong>ι</strong></span> <span class='ocrx_word' id='word_1_347' title='bbox 3600 2541 3672 2598; x_wconf 83' lang='lat' dir='ltr'><strong>de</strong></span> 
     </span>
    </p>
   </div>
   <div class='ocr_carea' id='block_1_52' title="bbox 2088 2636 3459 2709">
    <p class='ocr_par' dir='ltr' id='par_1_52' title="bbox 2088 2636 3459 2709">
     <span class='ocr_line' id='line_1_52' title="bbox 2088 2636 3459 2709; baseline -0.003 -15"><span class='ocrx_word' id='word_1_348' title='bbox 2088 2652 2317 2708; x_wconf 88' lang='lat' dir='ltr'><strong>corpore</strong></span> <span class='ocrx_word' id='word_1_349' title='bbox 2343 2654 2413 2693; x_wconf 88' lang='lat' dir='ltr'><strong>an</strong></span> <span class='ocrx_word' id='word_1_350' title='bbox 2442 2638 2511 2694; x_wconf 91' lang='lat' dir='ltr'><strong>de</strong></span> <span class='ocrx_word' id='word_1_351' title='bbox 2537 2640 2721 2694; x_wconf 89' lang='lat' dir='ltr'><strong>anima</strong></span> <span class='ocrx_word' id='word_1_352' title='bbox 2740 2640 2859 2695; x_wconf 83' lang='lat' dir='ltr'><strong>haec</strong></span> <span class='ocrx_word' id='word_1_353' title='bbox 2880 2639 3024 2695; x_wconf 88' lang='lat' dir='ltr'><strong>dicta</strong></span> <span class='ocrx_word' id='word_1_354' title='bbox 3048 2653 3168 2694; x_wconf 88' lang='lat' dir='ltr'><strong>esse</strong></span> <span class='ocrx_word' id='word_1_355' title='bbox 3194 2636 3459 2709; x_wconf 81' lang='lat' dir='ltr'><strong>conjicis?</strong></span> 
     </span>
    </p>
   </div>
   <div class='ocr_carea' id='block_1_53' title="bbox 2158 2813 3313 2883">
    <p class='ocr_par' dir='ltr' id='par_1_53' title="bbox 2158 2813 3313 2883">
     <span class='ocr_line' id='line_1_53' title="bbox 2158 2813 3313 2883; baseline -0.003 -15"><span class='ocrx_word' id='word_1_356' title='bbox 2158 2813 2367 2869; x_wconf 82' lang='lat' dir='ltr'><strong>ERAN.</strong></span> <span class='ocrx_word' id='word_1_357' title='bbox 2394 2813 2619 2869; x_wconf 86' lang='lat' dir='ltr'><strong>Clarum</strong></span> <span class='ocrx_word' id='word_1_358' title='bbox 2658 2821 2764 2877; x_wconf 91' lang='lat' dir='ltr'><strong>est,</strong></span> <span class='ocrx_word' id='word_1_359' title='bbox 2784 2813 2932 2883; x_wconf 88' lang='lat' dir='ltr'><strong>quod</strong></span> <span class='ocrx_word' id='word_1_360' title='bbox 2959 2813 3028 2869; x_wconf 89' lang='lat' dir='ltr'><strong>de</strong></span> <span class='ocrx_word' id='word_1_361' title='bbox 3060 2827 3313 2883; x_wconf 90' lang='lat' dir='ltr'><strong>corpore.</strong></span> 
     </span>
    </p>
   </div>
   <div class='ocr_carea' id='block_1_54' title="bbox 465 2891 1987 2977">
    <p class='ocr_par' dir='ltr' id='par_1_54' title="bbox 465 2891 1476 2966">
     <span class='ocr_line' id='line_1_54' title="bbox 465 2891 1476 2966; baseline 0.004 -21"><span class='ocrx_word' id='word_1_362' title='bbox 465 2891 615 2945; x_wconf 81' lang='lat' dir='ltr'><strong>0P8.</strong></span> <span class='ocrx_word' id='word_1_363' title='bbox 673 2892 966 2961; x_wconf 80' lang='grc' dir='ltr'>’Δνάγνωθι</span> <span class='ocrx_word' id='word_1_364' title='bbox 1001 2896 1059 2950; x_wconf 78' lang='grc' dir='ltr'>δὲ</span> <span class='ocrx_word' id='word_1_365' title='bbox 1093 2897 1190 2950; x_wconf 71' lang='grc' dir='ltr'><strong>καὶ</strong></span> <span class='ocrx_word' id='word_1_366' title='bbox 1225 2896 1294 2951; x_wconf 79' lang='grc' dir='ltr'>τὰ</span> <span class='ocrx_word' id='word_1_367' title='bbox 1328 2897 1476 2966; x_wconf 78' lang='grc' dir='ltr'>ἑξῆς.</span> 
     </span>
    </p>
   </div>
   <div class='ocr_carea' id='block_1_55' title="bbox 2106 2891 3491 2977">
    <p class='ocr_par' dir='ltr' id='par_1_55' title="bbox 2157 2905 3491 2977">
     <span class='ocr_line' id='line_1_55' title="bbox 2157 2905 3491 2977; baseline -0.004 -15"><span class='ocrx_word' id='word_1_368' title='bbox 2157 2905 2367 2962; x_wconf 86' lang='lat' dir='ltr'><strong>ORTH.</strong></span> <span class='ocrx_word' id='word_1_369' title='bbox 2394 2906 2537 2977; x_wconf 86' lang='lat' dir='ltr'><strong>Lege</strong></span> <span class='ocrx_word' id='word_1_370' title='bbox 2559 2921 2729 2977; x_wconf 90' lang='lat' dir='ltr'><strong>porro</strong></span> <span class='ocrx_word' id='word_1_371' title='bbox 2753 2907 2921 2962; x_wconf 90' lang='lat' dir='ltr'><strong>etiam</strong></span> <span class='ocrx_word' id='word_1_372' title='bbox 2942 2921 3006 2961; x_wconf 87' lang='lat' dir='ltr'><strong>ea</strong></span> <span class='ocrx_word' id='word_1_373' title='bbox 3025 2920 3146 2976; x_wconf 67' lang='lat' dir='ltr'><strong>quae</strong></span> <span class='ocrx_word' id='word_1_374' title='bbox 3165 2910 3491 2975; x_wconf 88' lang='lat' dir='ltr'><strong>sequuntur.</strong></span> 
     </span>
    </p>
   </div>
   <div class='ocr_carea' id='block_1_56' title="bbox 464 2982 1987 3069">
    <p class='ocr_par' dir='ltr' id='par_1_56' title="bbox 464 2982 1985 3059">
     <span class='ocr_line' id='line_1_56' title="bbox 464 2982 1985 3059; baseline 0.001 -23"><span class='ocrx_word' id='word_1_375' title='bbox 464 2982 667 3037; x_wconf 79' lang='lat' dir='ltr'><strong>EPAN.</strong></span> <span class='ocrx_word' id='word_1_376' title='bbox 717 3003 736 3037; x_wconf 73' lang='grc' dir='ltr'><strong>ι</strong></span> <span class='ocrx_word' id='word_1_377' title='bbox 786 2985 934 3040; x_wconf 80' lang='grc' dir='ltr'>Ἐκεῖ</span> <span class='ocrx_word' id='word_1_378' title='bbox 984 2986 1194 3057; x_wconf 72' lang='grc' dir='ltr'>ἔθαψαν</span> <span class='ocrx_word' id='word_1_379' title='bbox 1257 2985 1550 3059; x_wconf 78' lang='grc' dir='ltr'>Ἀϐραὰμ,</span> <span class='ocrx_word' id='word_1_380' title='bbox 1606 2987 1703 3040; x_wconf 84' lang='grc' dir='ltr'>καὶ</span> <span class='ocrx_word' id='word_1_381' title='bbox 1766 2986 1985 3058; x_wconf 69' lang='grc' dir='ltr'>Σάρραν</span> 
     </span>
    </p>
   </div>
   <div class='ocr_carea' id='block_1_57' title="bbox 2106 2982 3671 3069">
    <p class='ocr_par' dir='ltr' id='par_1_57' title="bbox 2157 2992 3671 3069">
     <span class='ocr_line' id='line_1_57' title="bbox 2157 2992 3671 3069; baseline -0.005 -16"><span class='ocrx_word' id='word_1_382' title='bbox 2157 2998 2364 3053; x_wconf 80' lang='lat' dir='ltr'><strong>ERAN.</strong></span> <span class='ocrx_word' id='word_1_383' title='bbox 2401 3017 2420 3050; x_wconf 78' lang='grc' dir='ltr'><strong>ι</strong></span> <span class='ocrx_word' id='word_1_384' title='bbox 2448 2998 2526 3053; x_wconf 88' lang='lat' dir='ltr'><strong>lbi</strong></span> <span class='ocrx_word' id='word_1_385' title='bbox 2564 2999 2904 3069; x_wconf 82' lang='lat' dir='ltr'><strong>sepelierunt</strong></span> <span class='ocrx_word' id='word_1_386' title='bbox 2952 2997 3346 3060; x_wconf 77' lang='lat' dir='ltr'><strong>Abrahamum,</strong></span> <span class='ocrx_word' id='word_1_387' title='bbox 3381 3002 3436 3049; x_wconf 91' lang='lat' dir='ltr'><strong>et</strong></span> <span class='ocrx_word' id='word_1_388' title='bbox 3481 2992 3671 3048; x_wconf 87' lang='lat' dir='ltr'><strong>Saram</strong></span> 
     </span>
    </p>
   </div>
   <div class='ocr_carea' id='block_1_58' title="bbox 390 3076 1987 3162">
    <p class='ocr_par' dir='ltr' id='par_1_58' title="bbox 390 3076 1985 3149">
     <span class='ocr_line' id='line_1_58' title="bbox 390 3076 1985 3149; baseline -0.002 -14"><span class='ocrx_word' id='word_1_389' title='bbox 390 3076 493 3149; x_wconf 74' lang='grc' dir='ltr'>τὴν</span> <span class='ocrx_word' id='word_1_390' title='bbox 560 3080 797 3145; x_wconf 84' lang='grc' dir='ltr'>γυναῖκα</span> <span class='ocrx_word' id='word_1_391' title='bbox 881 3078 1051 3133; x_wconf 81' lang='grc' dir='ltr'>αὐτοῦ</span> <span class='ocrx_word' id='word_1_392' title='bbox 1090 3096 1103 3109; x_wconf 74' lang='grc'><strong>⁸</strong></span> <span class='ocrx_word' id='word_1_393' title='bbox 1162 3098 1181 3132; x_wconf 76' lang='grc' dir='ltr'><strong>ι</strong></span> <span class='ocrx_word' id='word_1_394' title='bbox 1248 3079 1343 3133; x_wconf 88' lang='grc' dir='ltr'><strong>καί</strong></span> <span class='ocrx_word' id='word_1_395' title='bbox 1388 3093 1401 3107; x_wconf 76' lang='grc'><strong><em>⁸</em></strong></span> <span class='ocrx_word' id='word_1_396' title='bbox 1462 3097 1481 3131; x_wconf 82' lang='grc' dir='ltr'><strong>ι</strong></span> <span class='ocrx_word' id='word_1_397' title='bbox 1554 3078 1703 3132; x_wconf 84' lang='grc' dir='ltr'>Ἐκεῖ</span> <span class='ocrx_word' id='word_1_398' title='bbox 1775 3077 1985 3141; x_wconf 70' lang='grc' dir='ltr'>ἔθαψαν</span> 
     </span>
    </p>
   </div>
   <div class='ocr_carea' id='block_1_59' title="bbox 2106 3076 3676 3162">
    <p class='ocr_par' dir='ltr' id='par_1_59' title="bbox 2106 3084 3676 3162">
     <span class='ocr_line' id='line_1_59' title="bbox 2106 3084 3676 3162; baseline -0.004 -17"><span class='ocrx_word' id='word_1_399' title='bbox 2106 3105 2314 3146; x_wconf 71' lang='lat' dir='ltr'><strong>norem</strong></span> <span class='ocrx_word' id='word_1_400' title='bbox 2342 3091 2570 3162; x_wconf 67' lang='lat' dir='ltr'><strong>ejus”;»</strong></span> <span class='ocrx_word' id='word_1_401' title='bbox 2588 3099 2677 3147; x_wconf 84' lang='lat' dir='ltr'><strong>et:</strong></span> <span class='ocrx_word' id='word_1_402' title='bbox 2709 3110 2726 3142; x_wconf 77' lang='grc' dir='ltr'><strong>ι</strong></span> <span class='ocrx_word' id='word_1_403' title='bbox 2760 3090 2839 3146; x_wconf 86' lang='lat' dir='ltr'><strong>lbi</strong></span> <span class='ocrx_word' id='word_1_404' title='bbox 2856 3091 3193 3161; x_wconf 88' lang='lat' dir='ltr'><strong>sepelierunt</strong></span> <span class='ocrx_word' id='word_1_405' title='bbox 3213 3089 3549 3152; x_wconf 86' lang='lat' dir='ltr'><strong>lsaacum,et</strong></span> <span class='ocrx_word' id='word_1_406' title='bbox 3566 3084 3676 3140; x_wconf 77' lang='lat' dir='ltr'><strong>Re-</strong></span> 
     </span>
    </p>
   </div>
   <div class='ocr_carea' id='block_1_60' title="bbox 402 3170 1987 3259">
    <p class='ocr_par' dir='ltr' id='par_1_60' title="bbox 402 3170 1979 3244">
     <span class='ocr_line' id='line_1_60' title="bbox 402 3170 1979 3244; baseline 0 -20"><span class='ocrx_word' id='word_1_407' title='bbox 402 3170 592 3224; x_wconf 76' lang='grc' dir='ltr'>Ίσαάκ</span> <span class='ocrx_word' id='word_1_408' title='bbox 614 3171 765 3242; x_wconf 81' lang='grc'><strong>(50),</strong></span> <span class='ocrx_word' id='word_1_409' title='bbox 801 3172 895 3226; x_wconf 71' lang='grc' dir='ltr'><strong>καὶ</strong></span> <span class='ocrx_word' id='word_1_410' title='bbox 933 3171 1232 3226; x_wconf 73' lang='grc' dir='ltr'>’Ῥεϐέκκαν</span> <span class='ocrx_word' id='word_1_411' title='bbox 1283 3173 1383 3244; x_wconf 81' lang='grc' dir='ltr'><strong>τὴν</strong></span> <span class='ocrx_word' id='word_1_412' title='bbox 1429 3174 1666 3241; x_wconf 87' lang='grc' dir='ltr'>γυναῖκα</span> <span class='ocrx_word' id='word_1_413' title='bbox 1720 3171 1884 3226; x_wconf 78' lang='grc' dir='ltr'>αὑτοῦ</span> <span class='ocrx_word' id='word_1_414' title='bbox 1911 3188 1925 3204; x_wconf 89' lang='grc'><strong>·</strong></span> <span class='ocrx_word' id='word_1_415' title='bbox 1959 3191 1979 3224; x_wconf 76' lang='grc' dir='ltr'><strong>ι</strong></span> 
     </span>
    </p>
   </div>
   <div class='ocr_carea' id='block_1_61' title="bbox 2106 3170 3675 3259">
    <p class='ocr_par' dir='ltr' id='par_1_61' title="bbox 2106 3177 3675 3255">
     <span class='ocr_line' id='line_1_61' title="bbox 2106 3177 3675 3255; baseline -0.006 -15"><span class='ocrx_word' id='word_1_416' title='bbox 2106 3199 2312 3240; x_wconf 74' lang='lat' dir='ltr'><strong>)eccam</strong></span> <span class='ocrx_word' id='word_1_417' title='bbox 2355 3199 2580 3239; x_wconf 80' lang='lat' dir='ltr'><strong>uxorem</strong></span> <span class='ocrx_word' id='word_1_418' title='bbox 2627 3185 2747 3255; x_wconf 84' lang='lat' dir='ltr'><strong>ejus</strong></span> <span class='ocrx_word' id='word_1_419' title='bbox 2769 3183 2874 3248; x_wconf 71' lang='lat' dir='ltr'><strong>u&#39;;</strong></span> <span class='ocrx_word' id='word_1_420' title='bbox 2916 3201 2934 3235; x_wconf 75' lang='grc' dir='ltr'><strong>ι</strong></span> <span class='ocrx_word' id='word_1_421' title='bbox 2965 3191 3023 3238; x_wconf 82' lang='grc' dir='ltr'><strong>ει</strong></span> <span class='ocrx_word' id='word_1_422' title='bbox 3077 3199 3090 3236; x_wconf 90' lang='lat'><strong>:</strong></span> <span class='ocrx_word' id='word_1_423' title='bbox 3139 3201 3157 3233; x_wconf 78' lang='grc' dir='ltr'><strong>ι</strong></span> <span class='ocrx_word' id='word_1_424' title='bbox 3205 3179 3286 3235; x_wconf 90' lang='lat' dir='ltr'><strong>lbi</strong></span> <span class='ocrx_word' id='word_1_425' title='bbox 3335 3177 3675 3249; x_wconf 79' lang='lat' dir='ltr'><strong>sepelierunt</strong></span> 
     </span>
    </p>
   </div>
   <div class='ocr_carea' id='block_1_62' title="bbox 394 3261 1453 3332">
    <p class='ocr_par' dir='ltr' id='par_1_62' title="bbox 394 3261 1453 3332">
     <span class='ocr_line' id='line_1_62' title="bbox 394 3261 1453 3332; baseline 0 -17"><span class='ocrx_word' id='word_1_426' title='bbox 394 3261 491 3315; x_wconf 76' lang='grc' dir='ltr'><strong>καί</strong></span> <span class='ocrx_word' id='word_1_427' title='bbox 514 3277 529 3290; x_wconf 74' lang='grc'><strong><em>⁵</em></strong></span> <span class='ocrx_word' id='word_1_428' title='bbox 566 3280 586 3312; x_wconf 75' lang='grc' dir='ltr'>σ</span> <span class='ocrx_word' id='word_1_429' title='bbox 637 3261 787 3315; x_wconf 82' lang='grc' dir='ltr'>Ἐκεῖ</span> <span class='ocrx_word' id='word_1_430' title='bbox 816 3262 1026 3331; x_wconf 63' lang='grc' dir='ltr'>ἔθαψαν</span> <span class='ocrx_word' id='word_1_431' title='bbox 1050 3262 1165 3332; x_wconf 75' lang='grc'><strong>(51)</strong></span> <span class='ocrx_word' id='word_1_432' title='bbox 1205 3262 1393 3317; x_wconf 86' lang='grc' dir='ltr'>Λείαν.</span> <span class='ocrx_word' id='word_1_433' title='bbox 1434 3282 1453 3315; x_wconf 77' lang='grc' dir='ltr'><strong>ι</strong></span> 
     </span>
    </p>
   </div>
   <div class='ocr_carea' id='block_1_63' title="bbox 465 3346 1988 3424">
    <p class='ocr_par' dir='ltr' id='par_1_63' title="bbox 465 3346 1988 3424">
     <span class='ocr_line' id='line_1_63' title="bbox 465 3346 1988 3424; baseline 0.003 -19"><span class='ocrx_word' id='word_1_434' title='bbox 465 3352 618 3406; x_wconf 83' lang='grc' dir='ltr'>οΡΘ.</span> <span class='ocrx_word' id='word_1_435' title='bbox 650 3352 775 3406; x_wconf 70' lang='grc' dir='ltr'><strong>Οὐδ’</strong></span> <span class='ocrx_word' id='word_1_436' title='bbox 804 3353 864 3406; x_wconf 76' lang='grc' dir='ltr'>ὲν</span> <span class='ocrx_word' id='word_1_437' title='bbox 890 3352 1104 3417; x_wconf 82' lang='grc' dir='ltr'>τούτοις</span> <span class='ocrx_word' id='word_1_438' title='bbox 1128 3394 1144 3417; x_wconf 94' lang='grc'><strong>,</strong></span> <span class='ocrx_word' id='word_1_439' title='bbox 1185 3346 1267 3417; x_wconf 71' lang='grc' dir='ltr'><strong>οἷς</strong></span> <span class='ocrx_word' id='word_1_440' title='bbox 1296 3353 1389 3406; x_wconf 74' lang='grc' dir='ltr'>νῦν</span> <span class='ocrx_word' id='word_1_441' title='bbox 1414 3353 1658 3422; x_wconf 78' lang='grc' dir='ltr'><strong>ἀνέγνως</strong></span> <span class='ocrx_word' id='word_1_442' title='bbox 1677 3395 1691 3417; x_wconf 88' lang='grc'><strong>,</strong></span> <span class='ocrx_word' id='word_1_443' title='bbox 1733 3351 1988 3424; x_wconf 79' lang='grc' dir='ltr'>σώματος</span> 
     </span>
    </p>
   </div>
   <div class='ocr_carea' id='block_1_64' title="bbox 393 3443 1989 3517">
    <p class='ocr_par' dir='ltr' id='par_1_64' title="bbox 393 3443 1989 3517">
     <span class='ocr_line' id='line_1_64' title="bbox 393 3443 1989 3517; baseline 0.003 -21"><span class='ocrx_word' id='word_1_444' title='bbox 393 3444 812 3515; x_wconf 72' lang='grc' dir='ltr'>ἐμνημόνευσεν</span> <span class='ocrx_word' id='word_1_445' title='bbox 850 3446 884 3516; x_wconf 82' lang='grc' dir='ltr'>ἡ</span> <span class='ocrx_word' id='word_1_446' title='bbox 917 3443 1038 3499; x_wconf 88' lang='grc' dir='ltr'>θεία</span> <span class='ocrx_word' id='word_1_447' title='bbox 1070 3444 1265 3517; x_wconf 71' lang='grc' dir='ltr'>Γραφή</span> <span class='ocrx_word' id='word_1_448' title='bbox 1294 3461 1306 3475; x_wconf 91' lang='grc'><strong>·</strong></span> <span class='ocrx_word' id='word_1_449' title='bbox 1345 3445 1482 3500; x_wconf 83' lang='grc' dir='ltr'><strong>ἀλλά</strong></span> <span class='ocrx_word' id='word_1_450' title='bbox 1516 3445 1606 3499; x_wconf 80' lang='grc' dir='ltr'>διὰ</span> <span class='ocrx_word' id='word_1_451' title='bbox 1646 3444 1757 3499; x_wconf 81' lang='grc' dir='ltr'>τῶν</span> <span class='ocrx_word' id='word_1_452' title='bbox 1791 3445 1989 3516; x_wconf 83' lang='grc' dir='ltr'>ὀνομά-</span> 
     </span>
    </p>
   </div>
   <div class='ocr_carea' id='block_1_65' title="bbox 394 3536 1989 3617">
    <p class='ocr_par' dir='ltr' id='par_1_65' title="bbox 394 3536 1989 3617">
     <span class='ocr_line' id='line_1_65' title="bbox 394 3536 1989 3617; baseline 0.001 -27"><span class='ocrx_word' id='word_1_453' title='bbox 394 3552 505 3591; x_wconf 77' lang='grc' dir='ltr'><strong>των</strong></span> <span class='ocrx_word' id='word_1_454' title='bbox 539 3536 640 3608; x_wconf 82' lang='grc' dir='ltr'>τὴν</span> <span class='ocrx_word' id='word_1_455' title='bbox 674 3536 856 3608; x_wconf 79' lang='grc' dir='ltr'>ψυχὴν</span> <span class='ocrx_word' id='word_1_456' title='bbox 901 3536 1040 3609; x_wconf 81' lang='grc' dir='ltr'>ὁμοῦ</span> <span class='ocrx_word' id='word_1_457' title='bbox 1087 3538 1181 3617; x_wconf 76' lang='grc' dir='ltr'><strong>καὶ</strong></span> <span class='ocrx_word' id='word_1_458' title='bbox 1224 3537 1286 3592; x_wconf 81' lang='grc' dir='ltr'>τὸ</span> <span class='ocrx_word' id='word_1_459' title='bbox 1325 3537 1488 3610; x_wconf 82' lang='grc' dir='ltr'>σῶμα</span> <span class='ocrx_word' id='word_1_460' title='bbox 1533 3536 1748 3611; x_wconf 78' lang='grc' dir='ltr'>ἐδήλου.</span> <span class='ocrx_word' id='word_1_461' title='bbox 1795 3539 1989 3609; x_wconf 82' lang='grc' dir='ltr'>Ἡμεῖς</span> 
     </span>
    </p>
   </div>
   <div class='ocr_carea' id='block_1_66' title="bbox 2088 3276 3511 3331">
    <p class='ocr_par' dir='ltr' id='par_1_66' title="bbox 2088 3276 3511 3331">
     <span class='ocr_line' id='line_1_66' title="bbox 2088 3276 3511 3331; baseline -0.008 0"><span class='ocrx_word' id='word_1_462' title='bbox 2088 3276 2243 3331; x_wconf 92' lang='lat' dir='ltr'><strong>Liam</strong></span> <span class='ocrx_word' id='word_1_463' title='bbox 2272 3276 2340 3330; x_wconf 83' lang='grc'>⁸⁷.</span> <span class='ocrx_word' id='word_1_464' title='bbox 2366 3296 2384 3329; x_wconf 79' lang='grc' dir='ltr'><strong>ι</strong></span> <span class='ocrx_word' id='word_1_465' title='bbox 3506 3314 3511 3319; x_wconf 81' lang='lat'><strong>.</strong></span> 
     </span>
    </p>
   </div>
   <div class='ocr_carea' id='block_1_67' title="bbox 2159 3362 3674 3439">
    <p class='ocr_par' dir='ltr' id='par_1_67' title="bbox 2159 3362 3674 3439">
     <span class='ocr_line' id='line_1_67' title="bbox 2159 3362 3674 3439; baseline -0.006 -13"><span class='ocrx_word' id='word_1_466' title='bbox 2159 3369 2369 3427; x_wconf 80' lang='lat' dir='ltr'><strong>ORTH.</strong></span> <span class='ocrx_word' id='word_1_467' title='bbox 2402 3370 2514 3425; x_wconf 85' lang='lat' dir='ltr'><strong>Nec</strong></span> <span class='ocrx_word' id='word_1_468' title='bbox 2540 3369 2597 3423; x_wconf 93' lang='lat' dir='ltr'><strong>in</strong></span> <span class='ocrx_word' id='word_1_469' title='bbox 2650 3369 2740 3425; x_wconf 86' lang='lat' dir='ltr'><strong>his</strong></span> <span class='ocrx_word' id='word_1_470' title='bbox 2789 3383 2912 3439; x_wconf 67' lang='lat' dir='ltr'><strong>quae</strong></span> <span class='ocrx_word' id='word_1_471' title='bbox 2952 3368 3064 3438; x_wconf 84' lang='lat' dir='ltr'><strong>jam</strong></span> <span class='ocrx_word' id='word_1_472' title='bbox 3113 3364 3378 3428; x_wconf 89' lang='lat' dir='ltr'><strong>recitasti,</strong></span> <span class='ocrx_word' id='word_1_473' title='bbox 3426 3362 3674 3435; x_wconf 82' lang='lat' dir='ltr'><strong>corporis</strong></span> 
     </span>
    </p>
   </div>
   <div class='ocr_carea' id='block_1_68' title="bbox 2088 3455 3675 3527">
    <p class='ocr_par' dir='ltr' id='par_1_68' title="bbox 2088 3455 3675 3527">
     <span class='ocr_line' id='line_1_68' title="bbox 2088 3455 3675 3527; baseline -0.006 -12"><span class='ocrx_word' id='word_1_474' title='bbox 2088 3459 2426 3515; x_wconf 89' lang='lat' dir='ltr'><strong>mentionem</strong></span> <span class='ocrx_word' id='word_1_475' title='bbox 2476 3459 2608 3514; x_wconf 83' lang='lat' dir='ltr'><strong>fecit</strong></span> <span class='ocrx_word' id='word_1_476' title='bbox 2641 3474 2797 3514; x_wconf 89' lang='lat' dir='ltr'><strong>sacra</strong></span> <span class='ocrx_word' id='word_1_477' title='bbox 2835 3457 3121 3527; x_wconf 88' lang='lat' dir='ltr'><strong>Scriptura</strong></span> <span class='ocrx_word' id='word_1_478' title='bbox 3163 3474 3177 3510; x_wconf 87' lang='lat'><strong>:</strong></span> <span class='ocrx_word' id='word_1_479' title='bbox 3222 3455 3319 3511; x_wconf 89' lang='lat' dir='ltr'><strong>sed</strong></span> <span class='ocrx_word' id='word_1_480' title='bbox 3352 3469 3452 3510; x_wconf 90' lang='lat' dir='ltr'><strong>usa</strong></span> <span class='ocrx_word' id='word_1_481' title='bbox 3472 3461 3557 3509; x_wconf 91' lang='lat' dir='ltr'><strong>est</strong></span> <span class='ocrx_word' id='word_1_482' title='bbox 3575 3468 3675 3506; x_wconf 92' lang='lat' dir='ltr'><strong>no-</strong></span> 
     </span>
    </p>
   </div>
   <div class='ocr_carea' id='block_1_69' title="bbox 2089 3542 3670 3618">
    <p class='ocr_par' dir='ltr' id='par_1_69' title="bbox 2089 3542 3670 3618">
     <span class='ocr_line' id='line_1_69' title="bbox 2089 3542 3670 3618; baseline -0.004 -14"><span class='ocrx_word' id='word_1_483' title='bbox 2089 3549 2352 3614; x_wconf 86' lang='lat' dir='ltr'><strong>minibus,</strong></span> <span class='ocrx_word' id='word_1_484' title='bbox 2395 3564 2519 3618; x_wconf 70' lang='lat' dir='ltr'><strong>qua:</strong></span> <span class='ocrx_word' id='word_1_485' title='bbox 2556 3549 2796 3604; x_wconf 90' lang='lat' dir='ltr'><strong>animam</strong></span> <span class='ocrx_word' id='word_1_486' title='bbox 2836 3548 2997 3603; x_wconf 85' lang='lat' dir='ltr'><strong>simul</strong></span> <span class='ocrx_word' id='word_1_487' title='bbox 3024 3556 3081 3601; x_wconf 93' lang='lat' dir='ltr'><strong>et</strong></span> <span class='ocrx_word' id='word_1_488' title='bbox 3111 3562 3313 3616; x_wconf 90' lang='lat' dir='ltr'><strong>corpus</strong></span> <span class='ocrx_word' id='word_1_489' title='bbox 3340 3542 3670 3617; x_wconf 84' lang='lat' dir='ltr'><strong>significant.</strong></span> 
     </span>
    </p>
   </div>
   <div class='ocr_carea' id='block_1_70' title="bbox 2088 3629 3675 3698">
    <p class='ocr_par' dir='ltr' id='par_1_70' title="bbox 2088 3629 3675 3698">
     <span class='ocr_line' id='line_1_70' title="bbox 2088 3629 3675 3698; baseline -0.003 -6"><span class='ocrx_word' id='word_1_490' title='bbox 2088 3637 2201 3693; x_wconf 84' lang='lat' dir='ltr'><strong>Nos</strong></span> <span class='ocrx_word' id='word_1_491' title='bbox 2223 3652 2356 3690; x_wconf 90' lang='lat' dir='ltr'><strong>vero</strong></span> <span class='ocrx_word' id='word_1_492' title='bbox 2395 3643 2545 3690; x_wconf 90' lang='lat' dir='ltr'><strong>recte</strong></span> <span class='ocrx_word' id='word_1_493' title='bbox 2578 3635 2683 3690; x_wconf 88' lang='lat' dir='ltr'><strong>ista</strong></span> <span class='ocrx_word' id='word_1_494' title='bbox 2715 3634 3037 3698; x_wconf 85' lang='lat' dir='ltr'><strong>dividimus,</strong></span> <span class='ocrx_word' id='word_1_495' title='bbox 3086 3643 3144 3689; x_wconf 88' lang='lat' dir='ltr'><strong>et</strong></span> <span class='ocrx_word' id='word_1_496' title='bbox 3179 3633 3420 3689; x_wconf 87' lang='lat' dir='ltr'><strong>dicimus</strong></span> <span class='ocrx_word' id='word_1_497' title='bbox 3462 3629 3675 3687; x_wconf 73' lang='lat' dir='ltr'><strong>animas</strong></span> 
     </span>
    </p>
   </div>
   <div class='ocr_carea' id='block_1_71' title="bbox 2090 3722 3675 3798">
    <p class='ocr_par' dir='ltr' id='par_1_71' title="bbox 2090 3722 3675 3798">
     <span class='ocr_line' id='line_1_71' title="bbox 2090 3722 3675 3798; baseline -0.003 -16"><span class='ocrx_word' id='word_1_498' title='bbox 2090 3727 2315 3798; x_wconf 84' lang='lat' dir='ltr'><strong>quidem</strong></span> <span class='ocrx_word' id='word_1_499' title='bbox 2340 3743 2466 3783; x_wconf 90' lang='lat' dir='ltr'><strong>esse</strong></span> <span class='ocrx_word' id='word_1_500' title='bbox 2495 3726 2853 3791; x_wconf 84' lang='lat' dir='ltr'><strong>immortales,</strong></span> <span class='ocrx_word' id='word_1_501' title='bbox 2875 3725 2991 3780; x_wconf 88' lang='lat' dir='ltr'><strong>sola</strong></span> <span class='ocrx_word' id='word_1_502' title='bbox 3018 3739 3151 3780; x_wconf 89' lang='lat' dir='ltr'><strong>vero</strong></span> <span class='ocrx_word' id='word_1_503' title='bbox 3180 3740 3412 3794; x_wconf 89' lang='lat' dir='ltr'><strong>corpora</strong></span> <span class='ocrx_word' id='word_1_504' title='bbox 3435 3722 3675 3795; x_wconf 76' lang='lat' dir='ltr'><strong>patriar—</strong></span> 
     </span>
    </p>
   </div>
   <div class='ocr_carea' id='block_1_72' title="bbox 2091 3816 3387 3890">
    <p class='ocr_par' dir='ltr' id='par_1_72' title="bbox 2091 3816 3387 3890">
     <span class='ocr_line' id='line_1_72' title="bbox 2091 3816 3387 3890; baseline -0.004 -14"><span class='ocrx_word' id='word_1_505' title='bbox 2091 3821 2321 3876; x_wconf 86' lang='lat' dir='ltr'><strong>charum</strong></span> <span class='ocrx_word' id='word_1_506' title='bbox 2353 3819 2411 3874; x_wconf 91' lang='lat' dir='ltr'><strong>in</strong></span> <span class='ocrx_word' id='word_1_507' title='bbox 2446 3818 2704 3890; x_wconf 86' lang='lat' dir='ltr'><strong>spelunca</strong></span> <span class='ocrx_word' id='word_1_508' title='bbox 2738 3816 2944 3889; x_wconf 91' lang='lat' dir='ltr'><strong>duplici</strong></span> <span class='ocrx_word' id='word_1_509' title='bbox 2968 3832 3090 3873; x_wconf 88' lang='lat' dir='ltr'><strong>esse</strong></span> <span class='ocrx_word' id='word_1_510' title='bbox 3117 3816 3387 3888; x_wconf 90' lang='lat' dir='ltr'><strong>deposita.</strong></span> 
     </span>
    </p>
   </div>
   <div class='ocr_carea' id='block_1_73' title="bbox 2164 3911 2732 3967">
    <p class='ocr_par' dir='ltr' id='par_1_73' title="bbox 2164 3911 2732 3967">
     <span class='ocr_line' id='line_1_73' title="bbox 2164 3911 2732 3967; baseline -0.004 0"><span class='ocrx_word' id='word_1_511' title='bbox 2164 3911 2369 3967; x_wconf 77' lang='lat' dir='ltr'><strong>ERAN.</strong></span> <span class='ocrx_word' id='word_1_512' title='bbox 2394 3912 2599 3967; x_wconf 77' lang='lat' dir='ltr'><strong>Verum</strong></span> <span class='ocrx_word' id='word_1_513' title='bbox 2629 3920 2732 3966; x_wconf 92' lang='lat' dir='ltr'><strong>est.</strong></span> 
     </span>
    </p>
   </div>
   <div class='ocr_carea' id='block_1_74' title="bbox 2165 4002 3674 4076">
    <p class='ocr_par' dir='ltr' id='par_1_74' title="bbox 2165 4002 3674 4076">
     <span class='ocr_line' id='line_1_74' title="bbox 2165 4002 3674 4076; baseline -0.001 -15"><span class='ocrx_word' id='word_1_514' title='bbox 2165 4003 2374 4061; x_wconf 85' lang='lat' dir='ltr'><strong>ORTH.</strong></span> <span class='ocrx_word' id='word_1_515' title='bbox 2413 4005 2482 4062; x_wconf 89' lang='lat' dir='ltr'><strong>Et</strong></span> <span class='ocrx_word' id='word_1_516' title='bbox 2523 4003 2746 4076; x_wconf 89' lang='lat' dir='ltr'><strong>quando</strong></span> <span class='ocrx_word' id='word_1_517' title='bbox 2795 4002 3033 4058; x_wconf 83' lang='lat' dir='ltr'><strong>Actuum</strong></span> <span class='ocrx_word' id='word_1_518' title='bbox 3080 4002 3367 4058; x_wconf 85' lang='lat' dir='ltr'><strong>historiam</strong></span> <span class='ocrx_word' id='word_1_519' title='bbox 3418 4002 3674 4059; x_wconf 80' lang='lat' dir='ltr'><strong>audimus</strong></span> 
     </span>
    </p>
   </div>
   <div class='ocr_carea' id='block_1_75' title="bbox 2091 4094 3672 4168">
    <p class='ocr_par' dir='ltr' id='par_1_75' title="bbox 2091 4094 3672 4168">
     <span class='ocr_line' id='line_1_75' title="bbox 2091 4094 3672 4168; baseline -0.004 -13"><span class='ocrx_word' id='word_1_520' title='bbox 2091 4108 2409 4155; x_wconf 89' lang='lat' dir='ltr'><strong>narrantem</strong></span> <span class='ocrx_word' id='word_1_521' title='bbox 2434 4099 2530 4164; x_wconf 82' lang='grc'><strong>⁸⁷⁸,</strong></span> <span class='ocrx_word' id='word_1_522' title='bbox 2556 4096 2704 4168; x_wconf 88' lang='lat' dir='ltr'><strong>quod</strong></span> <span class='ocrx_word' id='word_1_523' title='bbox 2754 4094 3000 4151; x_wconf 83' lang='lat' dir='ltr'><strong>Herodes</strong></span> <span class='ocrx_word' id='word_1_524' title='bbox 3030 4094 3369 4151; x_wconf 81' lang='lat' dir='ltr'><strong>interfecerit</strong></span> <span class='ocrx_word' id='word_1_525' title='bbox 3407 4094 3672 4150; x_wconf 70' lang='lat' dir='ltr'><strong>Iacobum</strong></span> 
     </span>
    </p>
   </div>
   <div class='ocr_carea' id='block_1_76' title="bbox 2092 4185 3671 4258">
    <p class='ocr_par' dir='ltr' id='par_1_76' title="bbox 2092 4185 3671 4258">
     <span class='ocr_line' id='line_1_76' title="bbox 2092 4185 3671 4258; baseline -0.004 -13"><span class='ocrx_word' id='word_1_526' title='bbox 2092 4188 2318 4246; x_wconf 82' lang='lat' dir='ltr'><strong>fratrem</strong></span> <span class='ocrx_word' id='word_1_527' title='bbox 2369 4188 2598 4246; x_wconf 87' lang='lat' dir='ltr'><strong>Joannis</strong></span> <span class='ocrx_word' id='word_1_528' title='bbox 2643 4186 2845 4258; x_wconf 85' lang='lat' dir='ltr'><strong>gladio,</strong></span> <span class='ocrx_word' id='word_1_529' title='bbox 2904 4194 3055 4241; x_wconf 89' lang='lat' dir='ltr'><strong>certe</strong></span> <span class='ocrx_word' id='word_1_530' title='bbox 3078 4199 3189 4240; x_wconf 92' lang='lat' dir='ltr'><strong>non</strong></span> <span class='ocrx_word' id='word_1_531' title='bbox 3211 4185 3529 4254; x_wconf 86' lang='lat' dir='ltr'><strong>putabimus</strong></span> <span class='ocrx_word' id='word_1_532' title='bbox 3551 4185 3671 4239; x_wconf 81' lang='lat' dir='ltr'><strong>ani-</strong></span> 
     </span>
    </p>
   </div>
   <div class='ocr_carea' id='block_1_77' title="bbox 2094 4288 2827 4352">
    <p class='ocr_par' dir='ltr' id='par_1_77' title="bbox 2094 4288 2827 4352">
     <span class='ocr_line' id='line_1_77' title="bbox 2094 4288 2827 4352; baseline -0.003 -17"><span class='ocrx_word' id='word_1_533' title='bbox 2094 4297 2239 4337; x_wconf 88' lang='lat' dir='ltr'><strong>mam</strong></span> <span class='ocrx_word' id='word_1_534' title='bbox 2277 4297 2499 4352; x_wconf 92' lang='lat' dir='ltr'><strong>quoque</strong></span> <span class='ocrx_word' id='word_1_535' title='bbox 2532 4288 2827 4335; x_wconf 89' lang='lat' dir='ltr'><strong>mortuam.</strong></span> 
     </span>
    </p>
   </div>
   <div class='ocr_carea' id='block_1_78' title="bbox 2170 4367 3674 4444">
    <p class='ocr_par' dir='ltr' id='par_1_78' title="bbox 2170 4367 3674 4444">
     <span class='ocr_line' id='line_1_78' title="bbox 2170 4367 3674 4444; baseline -0.007 -13"><span class='ocrx_word' id='word_1_536' title='bbox 2170 4373 2328 4444; x_wconf 80' lang='lat'><strong>195</strong></span> <span class='ocrx_word' id='word_1_537' title='bbox 2360 4378 2375 4392; x_wconf 85' lang='lat'><strong><em>°</em></strong></span> <span class='ocrx_word' id='word_1_538' title='bbox 2410 4370 2618 4427; x_wconf 81' lang='lat' dir='ltr'><strong>ERAN.</strong></span> <span class='ocrx_word' id='word_1_539' title='bbox 2652 4367 2938 4436; x_wconf 86' lang='lat' dir='ltr'><strong>Quomodo</strong></span> <span class='ocrx_word' id='word_1_540' title='bbox 2962 4367 3109 4423; x_wconf 87' lang='lat' dir='ltr'><strong>enim</strong></span> <span class='ocrx_word' id='word_1_541' title='bbox 3137 4369 3231 4439; x_wconf 89' lang='lat' dir='ltr'><strong>qui</strong></span> <span class='ocrx_word' id='word_1_542' title='bbox 3277 4367 3674 4423; x_wconf 85' lang='lat' dir='ltr'><strong>cohortationis</strong></span> 
     </span>
    </p>
   </div>
   <div class='ocr_carea' id='block_1_79' title="bbox 397 3628 1989 3704">
    <p class='ocr_par' dir='ltr' id='par_1_79' title="bbox 397 3628 1989 3704">
     <span class='ocr_line' id='line_1_79' title="bbox 397 3628 1989 3704; baseline 0.001 -21"><span class='ocrx_word' id='word_1_543' title='bbox 397 3630 586 3701; x_wconf 75' lang='grc' dir='ltr'>μέντοι</span> <span class='ocrx_word' id='word_1_544' title='bbox 606 3629 927 3703; x_wconf 78' lang='grc' dir='ltr'>διαιροῦμεν</span> <span class='ocrx_word' id='word_1_545' title='bbox 949 3631 1148 3704; x_wconf 85' lang='grc' dir='ltr'>ὀρθῶς,</span> <span class='ocrx_word' id='word_1_546' title='bbox 1191 3631 1285 3686; x_wconf 87' lang='grc' dir='ltr'><strong>καί</strong></span> <span class='ocrx_word' id='word_1_547' title='bbox 1314 3647 1498 3702; x_wconf 81' lang='grc' dir='ltr'>φαμεν</span> <span class='ocrx_word' id='word_1_548' title='bbox 1525 3629 1623 3693; x_wconf 81' lang='grc' dir='ltr'><strong>τὰς</strong></span> <span class='ocrx_word' id='word_1_549' title='bbox 1647 3628 1826 3701; x_wconf 76' lang='grc' dir='ltr'>ψυχὰς</span> <span class='ocrx_word' id='word_1_550' title='bbox 1850 3631 1989 3685; x_wconf 84' lang='grc' dir='ltr'>ἀθα-</span> 
     </span>
    </p>
   </div>
   <div class='ocr_carea' id='block_1_80' title="bbox 395 3720 1989 3794">
    <p class='ocr_par' dir='ltr' id='par_1_80' title="bbox 395 3720 1989 3794">
     <span class='ocr_line' id='line_1_80' title="bbox 395 3720 1989 3794; baseline 0.001 -18"><span class='ocrx_word' id='word_1_551' title='bbox 395 3724 594 3786; x_wconf 84' lang='grc' dir='ltr'>νάτους</span> <span class='ocrx_word' id='word_1_552' title='bbox 628 3720 767 3776; x_wconf 79' lang='grc' dir='ltr'>εῖναι</span> <span class='ocrx_word' id='word_1_553' title='bbox 788 3760 803 3786; x_wconf 89' lang='grc'><strong>,</strong></span> <span class='ocrx_word' id='word_1_554' title='bbox 860 3722 997 3793; x_wconf 87' lang='grc' dir='ltr'>μόνα</span> <span class='ocrx_word' id='word_1_555' title='bbox 1027 3722 1085 3777; x_wconf 86' lang='grc' dir='ltr'>δὲ</span> <span class='ocrx_word' id='word_1_556' title='bbox 1110 3722 1220 3777; x_wconf 86' lang='grc' dir='ltr'><strong>τῶν</strong></span> <span class='ocrx_word' id='word_1_557' title='bbox 1254 3722 1614 3794; x_wconf 82' lang='grc' dir='ltr'>πατριαρχῶν</span> <span class='ocrx_word' id='word_1_558' title='bbox 1657 3724 1726 3778; x_wconf 75' lang='grc' dir='ltr'>τὰ</span> <span class='ocrx_word' id='word_1_559' title='bbox 1761 3721 1989 3794; x_wconf 80' lang='grc' dir='ltr'>σώματα</span> 
     </span>
    </p>
   </div>
   <div class='ocr_carea' id='block_1_81' title="bbox 393 3814 1477 3888">
    <p class='ocr_par' dir='ltr' id='par_1_81' title="bbox 393 3814 1477 3888">
     <span class='ocr_line' id='line_1_81' title="bbox 393 3814 1477 3888; baseline 0.002 -18"><span class='ocrx_word' id='word_1_560' title='bbox 393 3817 455 3870; x_wconf 73' lang='grc' dir='ltr'>ιν</span> <span class='ocrx_word' id='word_1_561' title='bbox 482 3814 560 3886; x_wconf 83' lang='grc' dir='ltr'>τῷ</span> <span class='ocrx_word' id='word_1_562' title='bbox 589 3814 764 3885; x_wconf 86' lang='grc' dir='ltr'>διπλῷ</span> <span class='ocrx_word' id='word_1_563' title='bbox 795 3815 1165 3888; x_wconf 81' lang='grc' dir='ltr'>κατατεθῆναι</span> <span class='ocrx_word' id='word_1_564' title='bbox 1201 3814 1477 3887; x_wconf 80' lang='grc' dir='ltr'>σπηλαίῳ.</span> 
     </span>
    </p>
   </div>
   <div class='ocr_carea' id='block_1_82' title="bbox 471 3907 961 3980">
    <p class='ocr_par' dir='ltr' id='par_1_82' title="bbox 471 3907 961 3980">
     <span class='ocr_line' id='line_1_82' title="bbox 471 3907 961 3980; baseline 0.004 -18"><span class='ocrx_word' id='word_1_565' title='bbox 471 3908 677 3964; x_wconf 82' lang='lat' dir='ltr'><strong>EPAN.</strong></span> <span class='ocrx_word' id='word_1_566' title='bbox 717 3907 961 3980; x_wconf 78' lang='grc' dir='ltr'><strong>⁹Δληθές.</strong></span> 
     </span>
    </p>
   </div>
   <div class='ocr_carea' id='block_1_83' title="bbox 470 3998 1989 4072">
    <p class='ocr_par' dir='ltr' id='par_1_83' title="bbox 470 3998 1989 4072">
     <span class='ocr_line' id='line_1_83' title="bbox 470 3998 1989 4072; baseline -0.002 -15"><span class='ocrx_word' id='word_1_567' title='bbox 470 4001 623 4057; x_wconf 80' lang='lat' dir='ltr'><strong>0P8.</strong></span> <span class='ocrx_word' id='word_1_568' title='bbox 664 4003 777 4057; x_wconf 81' lang='grc' dir='ltr'><strong>Καὶ</strong></span> <span class='ocrx_word' id='word_1_569' title='bbox 825 4002 956 4057; x_wconf 83' lang='grc' dir='ltr'>ὅταν</span> <span class='ocrx_word' id='word_1_570' title='bbox 1019 4000 1346 4072; x_wconf 84' lang='grc' dir='ltr'>ἀκούσωμεν</span> <span class='ocrx_word' id='word_1_571' title='bbox 1405 4001 1506 4071; x_wconf 80' lang='grc' dir='ltr'>τῆς</span> <span class='ocrx_word' id='word_1_572' title='bbox 1554 3998 1664 4054; x_wconf 82' lang='grc' dir='ltr'><strong>τῶν</strong></span> <span class='ocrx_word' id='word_1_573' title='bbox 1729 4001 1989 4072; x_wconf 75' lang='grc' dir='ltr'>Πράξεων</span> 
     </span>
    </p>
   </div>
   <div class='ocr_carea' id='block_1_84' title="bbox 396 4091 1992 4168">
    <p class='ocr_par' dir='ltr' id='par_1_84' title="bbox 396 4091 1992 4168">
     <span class='ocr_line' id='line_1_84' title="bbox 396 4091 1992 4168; baseline -0.001 -19"><span class='ocrx_word' id='word_1_574' title='bbox 396 4094 644 4168; x_wconf 76' lang='grc' dir='ltr'>ἱστορίας</span> <span class='ocrx_word' id='word_1_575' title='bbox 667 4093 1055 4166; x_wconf 81' lang='grc' dir='ltr'>διηγουμένης,</span> <span class='ocrx_word' id='word_1_576' title='bbox 1084 4093 1159 4158; x_wconf 85' lang='grc' dir='ltr'>ὡς</span> <span class='ocrx_word' id='word_1_577' title='bbox 1186 4095 1215 4147; x_wconf 85' lang='grc' dir='ltr'>ὁ</span> <span class='ocrx_word' id='word_1_578' title='bbox 1254 4091 1505 4165; x_wconf 76' lang='grc' dir='ltr'>Ἡρώδης</span> <span class='ocrx_word' id='word_1_579' title='bbox 1533 4092 1743 4146; x_wconf 82' lang='grc' dir='ltr'>ἀνεῖλεν</span> <span class='ocrx_word' id='word_1_580' title='bbox 1800 4092 1992 4148; x_wconf 86' lang='grc' dir='ltr'>ἰἀκω-</span> 
     </span>
    </p>
   </div>
   <div class='ocr_carea' id='block_1_85' title="bbox 396 4184 1992 4257">
    <p class='ocr_par' dir='ltr' id='par_1_85' title="bbox 396 4184 1992 4257">
     <span class='ocr_line' id='line_1_85' title="bbox 396 4184 1992 4257; baseline -0.003 -13"><span class='ocrx_word' id='word_1_581' title='bbox 396 4190 497 4244; x_wconf 76' lang='grc' dir='ltr'>σον</span> <span class='ocrx_word' id='word_1_582' title='bbox 517 4188 613 4243; x_wconf 73' lang='grc' dir='ltr'>τὸν</span> <span class='ocrx_word' id='word_1_583' title='bbox 648 4186 880 4257; x_wconf 77' lang='grc' dir='ltr'>ἀδελφὸν</span> <span class='ocrx_word' id='word_1_584' title='bbox 921 4187 1171 4241; x_wconf 72' lang='grc' dir='ltr'>Ἰωάννου</span> <span class='ocrx_word' id='word_1_585' title='bbox 1201 4184 1470 4257; x_wconf 72' lang='grc' dir='ltr'>μαχαίρᾳ,</span> <span class='ocrx_word' id='word_1_586' title='bbox 1510 4185 1715 4256; x_wconf 77' lang='grc' dir='ltr'>ἣκιστα</span> <span class='ocrx_word' id='word_1_587' title='bbox 1759 4186 1856 4239; x_wconf 68' lang='grc' dir='ltr'><strong>καὶ</strong></span> <span class='ocrx_word' id='word_1_588' title='bbox 1890 4185 1992 4257; x_wconf 79' lang='grc' dir='ltr'><strong>τὴν</strong></span> 
     </span>
    </p>
   </div>
   <div class='ocr_carea' id='block_1_86' title="bbox 393 4278 1213 4355">
    <p class='ocr_par' dir='ltr' id='par_1_86' title="bbox 393 4278 1213 4355">
     <span class='ocr_line' id='line_1_86' title="bbox 393 4278 1213 4355; baseline -0.005 -18"><span class='ocrx_word' id='word_1_589' title='bbox 393 4284 583 4355; x_wconf 66' lang='grc' dir='ltr'>ψυχὴν</span> <span class='ocrx_word' id='word_1_590' title='bbox 612 4280 909 4351; x_wconf 75' lang='grc' dir='ltr'>νομιοῦμεν</span> <span class='ocrx_word' id='word_1_591' title='bbox 932 4278 1213 4334; x_wconf 76' lang='grc' dir='ltr'>τεθνάναι.</span> 
     </span>
    </p>
   </div>
   <div class='ocr_carea' id='block_1_87' title="bbox 473 4356 1992 4444">
    <p class='ocr_par' dir='ltr' id='par_1_87' title="bbox 473 4356 1992 4444">
     <span class='ocr_line' id='line_1_87' title="bbox 473 4356 1992 4444; baseline -0.005 -15"><span class='ocrx_word' id='word_1_592' title='bbox 473 4373 676 4429; x_wconf 81' lang='lat' dir='ltr'><strong>EPAN.</strong></span> <span class='ocrx_word' id='word_1_593' title='bbox 719 4372 842 4434; x_wconf 78' lang='grc' dir='ltr'>Πῶς</span> <span class='ocrx_word' id='word_1_594' title='bbox 876 4356 984 4444; x_wconf 74' lang='grc' dir='ltr'>γέιρ</span> <span class='ocrx_word' id='word_1_595' title='bbox 1024 4371 1079 4425; x_wconf 83' lang='grc' dir='ltr'><strong>οῖ</strong></span> <span class='ocrx_word' id='word_1_596' title='bbox 1100 4387 1164 4440; x_wconf 85' lang='grc' dir='ltr'><strong>γε</strong></span> <span class='ocrx_word' id='word_1_597' title='bbox 1206 4370 1310 4441; x_wconf 86' lang='grc' dir='ltr'><strong>τῆς</strong></span> <span class='ocrx_word' id='word_1_598' title='bbox 1344 4370 1685 4440; x_wconf 78' lang='grc' dir='ltr'>Δεσποτικῆς</span> <span class='ocrx_word' id='word_1_599' title='bbox 1722 4369 1992 4441; x_wconf 74' lang='grc' dir='ltr'>παραινέ-</span> 
     </span>
    </p>
   </div>
   <div class='ocr_carea' id='block_1_88' title="bbox 398 4458 1987 4537">
    <p class='ocr_par' dir='ltr' id='par_1_88' title="bbox 398 4460 1987 4537">
     <span class='ocr_line' id='line_1_88' title="bbox 398 4460 1987 4537; baseline -0.002 -17"><span class='ocrx_word' id='word_1_600' title='bbox 398 4484 545 4530; x_wconf 82' lang='grc' dir='ltr'>σεως</span> <span class='ocrx_word' id='word_1_601' title='bbox 572 4465 915 4537; x_wconf 79' lang='grc' dir='ltr'>μεμνημένοι</span> <span class='ocrx_word' id='word_1_602' title='bbox 933 4482 948 4496; x_wconf 69' lang='grc'><strong><em>⁸</em></strong></span> <span class='ocrx_word' id='word_1_603' title='bbox 972 4482 994 4518; x_wconf 74' lang='grc' dir='ltr'><strong>ι</strong></span> <span class='ocrx_word' id='word_1_604' title='bbox 1022 4463 1116 4535; x_wconf 83' lang='grc' dir='ltr'><strong>Μὴ</strong></span> <span class='ocrx_word' id='word_1_605' title='bbox 1139 4460 1400 4532; x_wconf 83' lang='grc' dir='ltr'>φοϐῆσθε,</span> <span class='ocrx_word' id='word_1_606' title='bbox 1429 4461 1715 4535; x_wconf 87' lang='grc' dir='ltr'>λεγούσης,</span> <span class='ocrx_word' id='word_1_607' title='bbox 1744 4462 1854 4516; x_wconf 81' lang='grc' dir='ltr'>ἀπὸ</span> <span class='ocrx_word' id='word_1_608' title='bbox 1882 4462 1987 4518; x_wconf 85' lang='grc' dir='ltr'><strong>τῶν</strong></span> 
     </span>
    </p>
   </div>
   <div class='ocr_carea' id='block_1_89' title="bbox 2106 4458 3673 4537">
    <p class='ocr_par' dir='ltr' id='par_1_89' title="bbox 2106 4458 3673 4525">
     <span class='ocr_line' id='line_1_89' title="bbox 2106 4458 3673 4525; baseline -0.003 -6"><span class='ocrx_word' id='word_1_609' title='bbox 2106 4464 2391 4520; x_wconf 71' lang='lat' dir='ltr'><strong>Dominica:</strong></span> <span class='ocrx_word' id='word_1_610' title='bbox 2420 4460 2856 4525; x_wconf 89' lang='lat' dir='ltr'><strong>meminerimus,</strong></span> <span class='ocrx_word' id='word_1_611' title='bbox 2891 4458 3128 4514; x_wconf 90' lang='lat' dir='ltr'><strong>dicentis</strong></span> <span class='ocrx_word' id='word_1_612' title='bbox 3171 4477 3185 4513; x_wconf 88' lang='lat'><strong>:</strong></span> <span class='ocrx_word' id='word_1_613' title='bbox 3216 4478 3235 4510; x_wconf 77' lang='grc' dir='ltr'><strong>ι</strong></span> <span class='ocrx_word' id='word_1_614' title='bbox 3270 4459 3449 4514; x_wconf 85' lang='lat' dir='ltr'><strong>Nolite</strong></span> <span class='ocrx_word' id='word_1_615' title='bbox 3479 4458 3673 4515; x_wconf 84' lang='lat' dir='ltr'><strong>timere</strong></span> 
     </span>
    </p>
   </div>
   <div class='ocr_carea' id='block_1_90' title="bbox 393 4549 1987 4627">
    <p class='ocr_par' dir='ltr' id='par_1_90' title="bbox 393 4553 1987 4627">
     <span class='ocr_line' id='line_1_90' title="bbox 393 4553 1987 4627; baseline -0.002 -15"><span class='ocrx_word' id='word_1_616' title='bbox 393 4557 846 4614; x_wconf 76' lang='grc' dir='ltr'>ἀποκτεινόντων</span> <span class='ocrx_word' id='word_1_617' title='bbox 871 4555 933 4610; x_wconf 85' lang='grc' dir='ltr'>τὸ</span> <span class='ocrx_word' id='word_1_618' title='bbox 952 4554 1131 4627; x_wconf 86' lang='grc' dir='ltr'>σῶμα,</span> <span class='ocrx_word' id='word_1_619' title='bbox 1159 4554 1261 4625; x_wconf 84' lang='grc' dir='ltr'>τὴν</span> <span class='ocrx_word' id='word_1_620' title='bbox 1284 4553 1339 4608; x_wconf 80' lang='grc' dir='ltr'>δὲ</span> <span class='ocrx_word' id='word_1_621' title='bbox 1358 4553 1538 4626; x_wconf 73' lang='grc' dir='ltr'>ψυχὴν</span> <span class='ocrx_word' id='word_1_622' title='bbox 1564 4554 1639 4625; x_wconf 82' lang='grc' dir='ltr'><strong>μὴ</strong></span> <span class='ocrx_word' id='word_1_623' title='bbox 1672 4553 1987 4626; x_wconf 82' lang='grc' dir='ltr'>δυναμένων</span> 
     </span>
    </p>
   </div>
   <div class='ocr_carea' id='block_1_91' title="bbox 2106 4549 3672 4627">
    <p class='ocr_par' dir='ltr' id='par_1_91' title="bbox 2106 4549 3672 4625">
     <span class='ocr_line' id='line_1_91' title="bbox 2106 4549 3672 4625; baseline -0.004 -14"><span class='ocrx_word' id='word_1_624' title='bbox 2106 4571 2191 4612; x_wconf 68' lang='lat' dir='ltr'><strong>eos</strong></span> <span class='ocrx_word' id='word_1_625' title='bbox 2225 4555 2318 4625; x_wconf 89' lang='lat' dir='ltr'><strong>qui</strong></span> <span class='ocrx_word' id='word_1_626' title='bbox 2349 4553 2609 4610; x_wconf 89' lang='lat' dir='ltr'><strong>occidunt</strong></span> <span class='ocrx_word' id='word_1_627' title='bbox 2649 4565 2870 4622; x_wconf 89' lang='lat' dir='ltr'><strong>corpus,</strong></span> <span class='ocrx_word' id='word_1_628' title='bbox 2898 4549 3136 4605; x_wconf 88' lang='lat' dir='ltr'><strong>animam</strong></span> <span class='ocrx_word' id='word_1_629' title='bbox 3180 4559 3361 4606; x_wconf 88' lang='lat' dir='ltr'><strong>autem</strong></span> <span class='ocrx_word' id='word_1_630' title='bbox 3390 4565 3501 4605; x_wconf 91' lang='lat' dir='ltr'><strong>non</strong></span> <span class='ocrx_word' id='word_1_631' title='bbox 3545 4564 3672 4620; x_wconf 86' lang='lat' dir='ltr'><strong>pos-</strong></span> 
     </span>
    </p>
   </div>
   <div class='ocr_carea' id='block_1_92' title="bbox 394 4644 1987 4713">
    <p class='ocr_par' dir='ltr' id='par_1_92' title="bbox 394 4651 828 4713">
     <span class='ocr_line' id='line_1_92' title="bbox 394 4651 828 4713; baseline -0.012 -7"><span class='ocrx_word' id='word_1_632' title='bbox 394 4651 729 4706; x_wconf 82' lang='grc' dir='ltr'>ἁποκτεῖναι</span> <span class='ocrx_word' id='word_1_633' title='bbox 754 4666 770 4713; x_wconf 90' lang='grc'>;</span> <span class='ocrx_word' id='word_1_634' title='bbox 809 4668 828 4701; x_wconf 71' lang='grc' dir='ltr'><strong>ι</strong></span> 
     </span>
    </p>
   </div>
   <div class='ocr_carea' id='block_1_93' title="bbox 2106 4644 2677 4713">
    <p class='ocr_par' dir='ltr' id='par_1_93' title="bbox 2106 4644 2677 4703">
     <span class='ocr_line' id='line_1_93' title="bbox 2106 4644 2677 4703; baseline -0.009 0"><span class='ocrx_word' id='word_1_635' title='bbox 2106 4655 2223 4703; x_wconf 72' lang='lat' dir='ltr'><strong>sunt</strong></span> <span class='ocrx_word' id='word_1_636' title='bbox 2251 4646 2504 4703; x_wconf 85' lang='lat' dir='ltr'><strong>occidere</strong></span> <span class='ocrx_word' id='word_1_637' title='bbox 2537 4644 2623 4699; x_wconf 70' lang='grc'><strong>⁸⁸⁸9</strong></span> <span class='ocrx_word' id='word_1_638' title='bbox 2658 4665 2677 4698; x_wconf 73' lang='grc' dir='ltr'><strong>ι</strong></span> 
     </span>
    </p>
   </div>
   <div class='ocr_carea' id='block_1_94' title="bbox 477 4734 1987 4811">
    <p class='ocr_par' dir='ltr' id='par_1_94' title="bbox 477 4735 1987 4811">
     <span class='ocr_line' id='line_1_94' title="bbox 477 4735 1987 4811; baseline -0.003 -15"><span class='ocrx_word' id='word_1_639' title='bbox 477 4741 634 4797; x_wconf 86' lang='grc' dir='ltr'>ΟΡΘ.</span> <span class='ocrx_word' id='word_1_640' title='bbox 675 4741 750 4797; x_wconf 82' lang='grc' dir='ltr'>Ού</span> <span class='ocrx_word' id='word_1_641' title='bbox 795 4759 877 4795; x_wconf 91' lang='grc' dir='ltr'><strong>σοι</strong></span> <span class='ocrx_word' id='word_1_642' title='bbox 905 4742 1055 4796; x_wconf 83' lang='grc' dir='ltr'>δοκεῖ</span> <span class='ocrx_word' id='word_1_643' title='bbox 1090 4739 1352 4803; x_wconf 80' lang='grc' dir='ltr'>δυσσεϐὲς</span> <span class='ocrx_word' id='word_1_644' title='bbox 1399 4735 1539 4792; x_wconf 76' lang='grc' dir='ltr'>εἶναι</span> <span class='ocrx_word' id='word_1_645' title='bbox 1587 4740 1682 4793; x_wconf 69' lang='grc' dir='ltr'><strong>καὶ</strong></span> <span class='ocrx_word' id='word_1_646' title='bbox 1725 4739 1987 4811; x_wconf 84' lang='grc' dir='ltr'>σχέτλιον,</span> 
     </span>
    </p>
   </div>
   <div class='ocr_carea' id='block_1_95' title="bbox 2106 4734 3673 4811">
    <p class='ocr_par' dir='ltr' id='par_1_95' title="bbox 2161 4734 3673 4808">
     <span class='ocr_line' id='line_1_95' title="bbox 2161 4734 3673 4808; baseline -0.005 -11"><span class='ocrx_word' id='word_1_647' title='bbox 2161 4739 2371 4798; x_wconf 82' lang='lat' dir='ltr'><strong>ORTH.</strong></span> <span class='ocrx_word' id='word_1_648' title='bbox 2422 4739 2618 4795; x_wconf 83' lang='lat' dir='ltr'><strong>Annon</strong></span> <span class='ocrx_word' id='word_1_649' title='bbox 2644 4738 2869 4808; x_wconf 89' lang='lat' dir='ltr'><strong>impium</strong></span> <span class='ocrx_word' id='word_1_650' title='bbox 2900 4737 2998 4793; x_wconf 91' lang='lat' dir='ltr'><strong>tibi</strong></span> <span class='ocrx_word' id='word_1_651' title='bbox 3032 4737 3250 4792; x_wconf 88' lang='lat' dir='ltr'><strong>videtur</strong></span> <span class='ocrx_word' id='word_1_652' title='bbox 3272 4743 3328 4791; x_wconf 88' lang='lat' dir='ltr'><strong>et</strong></span> <span class='ocrx_word' id='word_1_653' title='bbox 3351 4734 3673 4797; x_wconf 87' lang='lat' dir='ltr'><strong>absurdum.</strong></span> 
     </span>
    </p>
   </div>
   <div class='ocr_carea' id='block_1_96' title="bbox 396 4828 1987 4905">
    <p class='ocr_par' dir='ltr' id='par_1_96' title="bbox 396 4830 1987 4905">
     <span class='ocr_line' id='line_1_96' title="bbox 396 4830 1987 4905; baseline -0.003 -17"><span class='ocrx_word' id='word_1_654' title='bbox 396 4835 518 4889; x_wconf 74' lang='grc' dir='ltr'>τῶν</span> <span class='ocrx_word' id='word_1_655' title='bbox 550 4833 651 4904; x_wconf 79' lang='grc' dir='ltr'>μὲν</span> <span class='ocrx_word' id='word_1_656' title='bbox 690 4833 1047 4905; x_wconf 81' lang='grc' dir='ltr'>ἀνθρωπίνων</span> <span class='ocrx_word' id='word_1_657' title='bbox 1084 4832 1367 4904; x_wconf 81' lang='grc' dir='ltr'>ὀνομάτων</span> <span class='ocrx_word' id='word_1_658' title='bbox 1409 4830 1753 4895; x_wconf 84' lang='grc' dir='ltr'>ἀκούοντας,</span> <span class='ocrx_word' id='word_1_659' title='bbox 1792 4830 1867 4901; x_wconf 78' lang='grc' dir='ltr'><strong>μὴ</strong></span> <span class='ocrx_word' id='word_1_660' title='bbox 1905 4831 1987 4884; x_wconf 69' lang='grc' dir='ltr'>ἀεὶ</span> 
     </span>
    </p>
   </div>
   <div class='ocr_carea' id='block_1_97' title="bbox 2106 4828 3672 4905">
    <p class='ocr_par' dir='ltr' id='par_1_97' title="bbox 2106 4828 3672 4898">
     <span class='ocr_line' id='line_1_97' title="bbox 2106 4828 3672 4898; baseline -0.007 -9"><span class='ocrx_word' id='word_1_661' title='bbox 2106 4838 2332 4889; x_wconf 78' lang='lat' dir='ltr'><strong>humana</strong></span> <span class='ocrx_word' id='word_1_662' title='bbox 2367 4831 2592 4887; x_wconf 89' lang='lat' dir='ltr'><strong>nomina</strong></span> <span class='ocrx_word' id='word_1_663' title='bbox 2634 4830 2923 4886; x_wconf 88' lang='lat' dir='ltr'><strong>audientes</strong></span> <span class='ocrx_word' id='word_1_664' title='bbox 2948 4846 3061 4884; x_wconf 90' lang='lat' dir='ltr'><strong>non</strong></span> <span class='ocrx_word' id='word_1_665' title='bbox 3098 4844 3315 4898; x_wconf 89' lang='lat' dir='ltr'><strong>semper</strong></span> <span class='ocrx_word' id='word_1_666' title='bbox 3356 4828 3593 4882; x_wconf 87' lang='lat' dir='ltr'><strong>animam</strong></span> <span class='ocrx_word' id='word_1_667' title='bbox 3620 4838 3672 4884; x_wconf 85' lang='lat' dir='ltr'><strong>et</strong></span> 
     </span>
    </p>
   </div>
   <div class='ocr_carea' id='block_1_98' title="bbox 398 4919 1987 4998">
    <p class='ocr_par' dir='ltr' id='par_1_98' title="bbox 398 4921 1987 4998">
     <span class='ocr_line' id='line_1_98' title="bbox 398 4921 1987 4998; baseline -0.004 -18"><span class='ocrx_word' id='word_1_668' title='bbox 398 4925 589 4998; x_wconf 74' lang='grc' dir='ltr'>ψυχὴν</span> <span class='ocrx_word' id='word_1_669' title='bbox 616 4925 752 4997; x_wconf 78' lang='grc' dir='ltr'>ὁμοῦ</span> <span class='ocrx_word' id='word_1_670' title='bbox 780 4926 877 4980; x_wconf 81' lang='grc' dir='ltr'>καὶ</span> <span class='ocrx_word' id='word_1_671' title='bbox 905 4925 1065 4996; x_wconf 85' lang='grc' dir='ltr'>σῶμα</span> <span class='ocrx_word' id='word_1_672' title='bbox 1093 4927 1255 4990; x_wconf 83' lang='grc' dir='ltr'>νοεῖν,</span> <span class='ocrx_word' id='word_1_673' title='bbox 1299 4922 1431 4995; x_wconf 82' lang='grc' dir='ltr'>μηδὲ</span> <span class='ocrx_word' id='word_1_674' title='bbox 1451 4921 1562 4993; x_wconf 72' lang='grc'><strong>(52)</strong></span> <span class='ocrx_word' id='word_1_675' title='bbox 1596 4921 1830 4976; x_wconf 81' lang='grc' dir='ltr'>θανάτου</span> <span class='ocrx_word' id='word_1_676' title='bbox 1866 4922 1987 4994; x_wconf 80' lang='grc' dir='ltr'>πέρι</span> 
     </span>
    </p>
   </div>
   <div class='ocr_carea' id='block_1_99' title="bbox 2106 4919 3676 4998">
    <p class='ocr_par' dir='ltr' id='par_1_99' title="bbox 2106 4919 3676 4994">
     <span class='ocr_line' id='line_1_99' title="bbox 2106 4919 3676 4994; baseline -0.004 -13"><span class='ocrx_word' id='word_1_677' title='bbox 2106 4925 2257 4981; x_wconf 76' lang='lat' dir='ltr'><strong>simul</strong></span> <span class='ocrx_word' id='word_1_678' title='bbox 2277 4938 2478 4994; x_wconf 89' lang='lat' dir='ltr'><strong>corpus</strong></span> <span class='ocrx_word' id='word_1_679' title='bbox 2498 4921 2827 4993; x_wconf 81' lang='lat' dir='ltr'><strong>intelligere,</strong></span> <span class='ocrx_word' id='word_1_680' title='bbox 2845 4936 2950 4977; x_wconf 91' lang='lat' dir='ltr'><strong>nec</strong></span> <span class='ocrx_word' id='word_1_681' title='bbox 2971 4935 3095 4976; x_wconf 90' lang='lat' dir='ltr'><strong>cum</strong></span> <span class='ocrx_word' id='word_1_682' title='bbox 3115 4919 3402 4989; x_wconf 85' lang='lat' dir='ltr'><strong>Scriptura</strong></span> <span class='ocrx_word' id='word_1_683' title='bbox 3416 4919 3483 4974; x_wconf 91' lang='lat' dir='ltr'><strong>de</strong></span> <span class='ocrx_word' id='word_1_684' title='bbox 3500 4928 3676 4975; x_wconf 87' lang='lat' dir='ltr'><strong>morte</strong></span> 
     </span>
    </p>
   </div>
   <div class='ocr_carea' id='block_1_100' title="bbox 402 5008 1987 5091">
    <p class='ocr_par' dir='ltr' id='par_1_100' title="bbox 402 5014 1987 5091">
     <span class='ocr_line' id='line_1_100' title="bbox 402 5014 1987 5091; baseline -0.004 -17"><span class='ocrx_word' id='word_1_685' title='bbox 402 5021 508 5075; x_wconf 70' lang='grc' dir='ltr'><strong>καὶ</strong></span> <span class='ocrx_word' id='word_1_686' title='bbox 548 5020 718 5089; x_wconf 73' lang='grc' dir='ltr'>τάφου</span> <span class='ocrx_word' id='word_1_687' title='bbox 768 5020 869 5091; x_wconf 82' lang='grc' dir='ltr'><strong>τῆς</strong></span> <span class='ocrx_word' id='word_1_688' title='bbox 897 5019 1126 5091; x_wconf 82' lang='grc' dir='ltr'>Γραφῆς</span> <span class='ocrx_word' id='word_1_689' title='bbox 1157 5016 1524 5090; x_wconf 80' lang='grc' dir='ltr'>διηγουμένης</span> <span class='ocrx_word' id='word_1_690' title='bbox 1552 5057 1566 5082; x_wconf 94' lang='grc'><strong>,</strong></span> <span class='ocrx_word' id='word_1_691' title='bbox 1601 5014 1987 5086; x_wconf 85' lang='grc' dir='ltr'>συμπεριλαμ-</span> 
     </span>
    </p>
   </div>
   <div class='ocr_carea' id='block_1_101' title="bbox 2106 5008 3675 5091">
    <p class='ocr_par' dir='ltr' id='par_1_101' title="bbox 2106 5008 3675 5085">
     <span class='ocr_line' id='line_1_101' title="bbox 2106 5008 3675 5085; baseline -0.005 -15"><span class='ocrx_word' id='word_1_692' title='bbox 2106 5008 2154 5070; x_wconf 60' lang='lat' dir='ltr'><strong>Et</strong></span> <span class='ocrx_word' id='word_1_693' title='bbox 2181 5014 2462 5085; x_wconf 88' lang='lat' dir='ltr'><strong>sepultura</strong></span> <span class='ocrx_word' id='word_1_694' title='bbox 2495 5011 2761 5082; x_wconf 87' lang='lat' dir='ltr'><strong>loquitur,</strong></span> <span class='ocrx_word' id='word_1_695' title='bbox 2792 5026 2919 5066; x_wconf 90' lang='lat' dir='ltr'><strong>cum</strong></span> <span class='ocrx_word' id='word_1_696' title='bbox 2949 5025 3179 5080; x_wconf 87' lang='lat' dir='ltr'><strong>corpore</strong></span> <span class='ocrx_word' id='word_1_697' title='bbox 3206 5009 3443 5064; x_wconf 88' lang='lat' dir='ltr'><strong>animam</strong></span> <span class='ocrx_word' id='word_1_698' title='bbox 3469 5009 3675 5080; x_wconf 54' lang='lat' dir='ltr'><strong>cogita-</strong></span> 
     </span>
    </p>
   </div>
   <div class='ocr_carea' id='block_1_102' title="bbox 403 5081 1987 5184">
    <p class='ocr_par' dir='ltr' id='par_1_102' title="bbox 403 5081 1987 5184">
     <span class='ocr_line' id='line_1_102' title="bbox 403 5081 1987 5184; baseline -0.003 -18"><span class='ocrx_word' id='word_1_699' title='bbox 403 5111 599 5166; x_wconf 81' lang='grc' dir='ltr'>ϐἀνειν</span> <span class='ocrx_word' id='word_1_700' title='bbox 723 5081 955 5183; x_wconf 48' lang='grc' dir='ltr'>διανοίᾳ.</span> <span class='ocrx_word' id='word_1_701' title='bbox 987 5081 1311 5183; x_wconf 33' lang='grc' dir='ltr'>τῷυσώματι</span> <span class='ocrx_word' id='word_1_702' title='bbox 1354 5081 1451 5181; x_wconf 66' lang='grc' dir='ltr'><strong>τὴν</strong></span> <span class='ocrx_word' id='word_1_703' title='bbox 1479 5081 1714 5179; x_wconf 35' lang='grc' dir='ltr'>’ψυχὴνξ</span> <span class='ocrx_word' id='word_1_704' title='bbox 1745 5081 1883 5162; x_wconf 81' lang='grc' dir='ltr'><strong>ἀλλά</strong></span> 
     </span>
    </p>
   </div>
   <div class='ocr_carea' id='block_1_103' title="bbox 2106 5081 3706 5184">
    <p class='ocr_par' dir='ltr' id='par_1_103' title="bbox 2106 5081 3706 5177">
     <span class='ocr_line' id='line_1_103' title="bbox 2106 5081 3706 5177; baseline -0.006 -14"><span class='ocrx_word' id='word_1_705' title='bbox 2106 5108 2249 5163; x_wconf 84' lang='lat' dir='ltr'><strong>tione</strong></span> <span class='ocrx_word' id='word_1_706' title='bbox 2271 5106 2583 5177; x_wconf 88' lang='lat' dir='ltr'><strong>complecti,</strong></span> <span class='ocrx_word' id='word_1_707' title='bbox 2617 5103 2711 5160; x_wconf 88' lang='lat' dir='ltr'><strong>sed</strong></span> <span class='ocrx_word' id='word_1_708' title='bbox 2738 5103 2958 5173; x_wconf 89' lang='lat' dir='ltr'><strong>corpori</strong></span> <span class='ocrx_word' id='word_1_709' title='bbox 2990 5102 3092 5157; x_wconf 90' lang='lat' dir='ltr'><strong>soli</strong></span> <span class='ocrx_word' id='word_1_710' title='bbox 3119 5102 3236 5157; x_wconf 71' lang='lat' dir='ltr'><strong>haec</strong></span> <span class='ocrx_word' id='word_1_711' title='bbox 3260 5101 3560 5157; x_wconf 89' lang='lat' dir='ltr'><strong>convenire</strong></span> <span class='ocrx_word' id='word_1_712' title='bbox 3587 5115 3669 5154; x_wconf 88' lang='lat' dir='ltr'><strong>ar-</strong></span> <span class='ocrx_word' id='word_1_713' title='bbox 3698 5081 3706 5127; x_wconf 56' lang='grc'><strong><em>⁸</em></strong></span> 
     </span>
    </p>
   </div>
   <div class='ocr_carea' id='block_1_104' title="bbox 408 5190 1987 5278">
    <p class='ocr_par' dir='ltr' id='par_1_104' title="bbox 408 5199 1987 5278">
     <span class='ocr_line' id='line_1_104' title="bbox 408 5199 1987 5278; baseline -0.005 -17"><span class='ocrx_word' id='word_1_714' title='bbox 408 5204 631 5277; x_wconf 78' lang='grc' dir='ltr'>σώματι</span> <span class='ocrx_word' id='word_1_715' title='bbox 674 5205 819 5276; x_wconf 84' lang='grc' dir='ltr'>μόνῳ</span> <span class='ocrx_word' id='word_1_716' title='bbox 867 5206 1168 5278; x_wconf 76' lang='grc' dir='ltr'>προσήκειν</span> <span class='ocrx_word' id='word_1_717' title='bbox 1201 5202 1469 5274; x_wconf 74' lang='grc' dir='ltr'>νομίζειν,</span> <span class='ocrx_word' id='word_1_718' title='bbox 1510 5199 1607 5271; x_wconf 84' lang='grc' dir='ltr'><strong>τὴν</strong></span> <span class='ocrx_word' id='word_1_719' title='bbox 1637 5200 1695 5256; x_wconf 79' lang='grc' dir='ltr'>δὲ</span> <span class='ocrx_word' id='word_1_720' title='bbox 1735 5200 1833 5270; x_wconf 81' lang='grc' dir='ltr'><strong>τῆς</strong></span> <span class='ocrx_word' id='word_1_721' title='bbox 1884 5199 1987 5269; x_wconf 74' lang='grc' dir='ltr'><strong>ψυ-</strong></span> 
     </span>
    </p>
   </div>
   <div class='ocr_carea' id='block_1_105' title="bbox 2106 5190 3679 5278">
    <p class='ocr_par' dir='ltr' id='par_1_105' title="bbox 2106 5190 3679 5263">
     <span class='ocr_line' id='line_1_105' title="bbox 2106 5190 3679 5263; baseline -0.006 -9"><span class='ocrx_word' id='word_1_722' title='bbox 2106 5197 2315 5263; x_wconf 86' lang='lat' dir='ltr'><strong>bitrari,</strong></span> <span class='ocrx_word' id='word_1_723' title='bbox 2345 5207 2401 5253; x_wconf 88' lang='lat' dir='ltr'><strong>et</strong></span> <span class='ocrx_word' id='word_1_724' title='bbox 2429 5196 2626 5251; x_wconf 64' lang='lat' dir='ltr'><strong>animae</strong></span> <span class='ocrx_word' id='word_1_725' title='bbox 2665 5192 3129 5249; x_wconf 87' lang='lat' dir='ltr'><strong>immortalitatem</strong></span> <span class='ocrx_word' id='word_1_726' title='bbox 3171 5192 3388 5248; x_wconf 84' lang='lat' dir='ltr'><strong>Domini</strong></span> <span class='ocrx_word' id='word_1_727' title='bbox 3414 5190 3679 5247; x_wconf 66' lang='lat' dir='ltr'><strong>doctrinae</strong></span> 
     </span>
    </p>
   </div>
   <div class='ocr_carea' id='block_1_106' title="bbox 487 5376 1987 5448">
    <p class='ocr_par' dir='ltr' id='par_1_106' title="bbox 487 5382 1928 5448">
     <span class='ocr_line' id='line_1_106' title="bbox 487 5382 1928 5448; baseline -0.004 -8"><span class='ocrx_word' id='word_1_728' title='bbox 487 5383 531 5417; x_wconf 84' lang='lat'><strong>&quot;</strong></span> <span class='ocrx_word' id='word_1_729' title='bbox 556 5386 715 5440; x_wconf 87' lang='lat' dir='ltr'><strong>Rom.</strong></span> <span class='ocrx_word' id='word_1_730' title='bbox 744 5401 798 5448; x_wconf 74' lang='grc' dir='ltr'><strong>ν,</strong></span> <span class='ocrx_word' id='word_1_731' title='bbox 832 5384 913 5439; x_wconf 81' lang='grc'><strong>10.</strong></span> <span class='ocrx_word' id='word_1_732' title='bbox 992 5382 1039 5415; x_wconf 81' lang='grc'>⁸³</span> <span class='ocrx_word' id='word_1_733' title='bbox 1066 5384 1187 5440; x_wconf 81' lang='lat' dir='ltr'><strong>Act.</strong></span> <span class='ocrx_word' id='word_1_734' title='bbox 1217 5401 1329 5445; x_wconf 76' lang='lat' dir='ltr'><strong>xm,</strong></span> <span class='ocrx_word' id='word_1_735' title='bbox 1361 5385 1449 5441; x_wconf 84' lang='grc'><strong>50.</strong></span> <span class='ocrx_word' id='word_1_736' title='bbox 1509 5384 1552 5415; x_wconf 67' lang='grc'><strong>³³</strong></span> <span class='ocrx_word' id='word_1_737' title='bbox 1584 5385 1706 5438; x_wconf 77' lang='lat' dir='ltr'><strong>Act.</strong></span> <span class='ocrx_word' id='word_1_738' title='bbox 1742 5398 1850 5445; x_wconf 83' lang='lat' dir='ltr'><strong>vm,</strong></span> <span class='ocrx_word' id='word_1_739' title='bbox 1874 5382 1928 5435; x_wconf 80' lang='lat'><strong>‘2.</strong></span> 
     </span>
    </p>
   </div>
   <div class='ocr_carea' id='block_1_107' title="bbox 2106 5376 3675 5448">
    <p class='ocr_par' dir='ltr' id='par_1_107' title="bbox 2114 5376 3675 5445">
     <span class='ocr_line' id='line_1_107' title="bbox 2114 5376 3675 5445; baseline -0.003 -9"><span class='ocrx_word' id='word_1_740' title='bbox 2114 5379 2250 5436; x_wconf 86' lang='lat' dir='ltr'><strong>Gen.</strong></span> <span class='ocrx_word' id='word_1_741' title='bbox 2298 5396 2418 5434; x_wconf 69' lang='lat' dir='ltr'><strong>xu:</strong></span> <span class='ocrx_word' id='word_1_742' title='bbox 2450 5379 2581 5445; x_wconf 71' lang='lat'><strong>,29.</strong></span> <span class='ocrx_word' id='word_1_743' title='bbox 2727 5376 3052 5432; x_wconf 76' lang='lat' dir='ltr'><strong>&quot;lbid.7)l.</strong></span> <span class='ocrx_word' id='word_1_744' title='bbox 3150 5376 3216 5407; x_wconf 78' lang='lat'><strong>“‘</strong></span> <span class='ocrx_word' id='word_1_745' title='bbox 3234 5376 3371 5432; x_wconf 84' lang='lat' dir='ltr'><strong>Ibid.</strong></span> <span class='ocrx_word' id='word_1_746' title='bbox 3447 5376 3491 5409; x_wconf 88' lang='grc'><strong>⁸⁷</strong></span> <span class='ocrx_word' id='word_1_747' title='bbox 3532 5376 3675 5436; x_wconf 80' lang='lat' dir='ltr'><strong>Ibid.</strong></span> 
     </span>
    </p>
   </div>
   <div class='ocr_carea' id='block_1_108' title="bbox 410 5455 1384 5522">
    <p class='ocr_par' dir='ltr' id='par_1_108' title="bbox 410 5455 1384 5522">
     <span class='ocr_line' id='line_1_108' title="bbox 410 5455 1384 5522; baseline -0.001 -11"><span class='ocrx_word' id='word_1_748' title='bbox 410 5455 483 5489; x_wconf 62' lang='grc' dir='ltr'><strong>’θ’</strong></span> <span class='ocrx_word' id='word_1_749' title='bbox 508 5456 628 5511; x_wconf 83' lang='lat' dir='ltr'><strong>Act.</strong></span> <span class='ocrx_word' id='word_1_750' title='bbox 661 5472 731 5511; x_wconf 78' lang='lat' dir='ltr'><strong>xu</strong></span> <span class='ocrx_word' id='word_1_751' title='bbox 752 5497 766 5522; x_wconf 90' lang='lat'><strong>,</strong></span> <span class='ocrx_word' id='word_1_752' title='bbox 789 5456 841 5510; x_wconf 76' lang='lat'><strong>2.</strong></span> <span class='ocrx_word' id='word_1_753' title='bbox 910 5455 958 5487; x_wconf 81' lang='grc'><strong>⁸⁸</strong></span> <span class='ocrx_word' id='word_1_754' title='bbox 982 5455 1173 5510; x_wconf 79' lang='lat' dir='ltr'><strong>Matth.</strong></span> <span class='ocrx_word' id='word_1_755' title='bbox 1209 5472 1243 5510; x_wconf 74' lang='grc' dir='ltr'><strong>ι</strong></span> <span class='ocrx_word' id='word_1_756' title='bbox 1295 5456 1384 5510; x_wconf 74' lang='lat'><strong>28.</strong></span> 
     </span>
    </p>
   </div>
   <div class='ocr_carea' id='block_1_109' title="bbox 490 5602 1987 5747">
    <p class='ocr_par' dir='ltr' id='par_1_109' title="bbox 490 5607 1987 5747">
     <span class='ocr_line' id='line_1_109' title="bbox 490 5607 1987 5683; baseline -0.006 -14"><span class='ocrx_word' id='word_1_757' title='bbox 490 5612 603 5683; x_wconf 72' lang='lat'><strong>(29)</strong></span> <span class='ocrx_word' id='word_1_758' title='bbox 636 5613 724 5667; x_wconf 77' lang='grc' dir='ltr'>ὲκ.</span> <span class='ocrx_word' id='word_1_759' title='bbox 760 5614 904 5669; x_wconf 85' lang='lat' dir='ltr'><strong>Edit.</strong></span> <span class='ocrx_word' id='word_1_760' title='bbox 942 5615 1102 5669; x_wconf 82' lang='lat' dir='ltr'><strong>Rom.</strong></span> <span class='ocrx_word' id='word_1_761' title='bbox 1126 5622 1180 5668; x_wconf 88' lang='lat' dir='ltr'><strong>et</strong></span> <span class='ocrx_word' id='word_1_762' title='bbox 1198 5612 1346 5683; x_wconf 83' lang='lat' dir='ltr'><strong>Lips.</strong></span> <span class='ocrx_word' id='word_1_763' title='bbox 1384 5609 1763 5683; x_wconf 79' lang='grc' dir='ltr'>ᾡκοδόμησας.</span> <span class='ocrx_word' id='word_1_764' title='bbox 1802 5607 1987 5663; x_wconf 88' lang='lat' dir='ltr'><strong>Lectio</strong></span> 
     </span>
     <span class='ocr_line' id='line_1_110' title="bbox 490 5684 897 5747; baseline 0.005 -11"><span class='ocrx_word' id='word_1_765' title='bbox 490 5700 529 5736; x_wconf 24' lang='lat' dir='ltr'><strong>in</strong></span> <span class='ocrx_word' id='word_1_766' title='bbox 568 5684 897 5747; x_wconf 87' lang='lat' dir='ltr'><strong>spernenda.</strong></span> 
     </span>
    </p>
   </div>
   <div class='ocr_carea' id='block_1_110' title="bbox 2106 5602 3425 5747">
    <p class='ocr_par' dir='ltr' id='par_1_110' title="bbox 2175 5602 3425 5747">
     <span class='ocr_line' id='line_1_111' title="bbox 2196 5602 3425 5675; baseline 0.001 -17"><span class='ocrx_word' id='word_1_767' title='bbox 2196 5606 2285 5671; x_wconf 79' lang='lat'><strong>5|)</strong></span> <span class='ocrx_word' id='word_1_768' title='bbox 2320 5604 2397 5658; x_wconf 81' lang='grc' dir='ltr'>ἓθ.</span> <span class='ocrx_word' id='word_1_769' title='bbox 2445 5602 2669 5659; x_wconf 65' lang='grc' dir='ltr'>Ρισιειειι</span> <span class='ocrx_word' id='word_1_770' title='bbox 2703 5604 2864 5661; x_wconf 91' lang='lat' dir='ltr'><strong>lectio</strong></span> <span class='ocrx_word' id='word_1_771' title='bbox 2896 5607 3018 5661; x_wconf 80' lang='lat' dir='ltr'><strong>cod.</strong></span> <span class='ocrx_word' id='word_1_772' title='bbox 3046 5608 3197 5662; x_wconf 79' lang='lat' dir='ltr'><strong>Alex.</strong></span> <span class='ocrx_word' id='word_1_773' title='bbox 3233 5605 3425 5675; x_wconf 57' lang='grc' dir='ltr'>ἔθαψα.</span> 
     </span>
     <span class='ocr_line' id='line_1_112' title="bbox 2175 5607 3425 5747; baseline -0.001 -16"><span class='ocrx_word' id='word_1_774' title='bbox 2175 5607 2291 5747; x_wconf 57' lang='grc' dir='ltr'><strong>ίὸἓ)</strong></span> <span class='ocrx_word' id='word_1_775' title='bbox 2323 5674 2477 5747; x_wconf 83' lang='grc' dir='ltr'>μηδέ.</span> <span class='ocrx_word' id='word_1_776' title='bbox 2531 5674 2633 5729; x_wconf 86' lang='lat' dir='ltr'><strong>Ed.</strong></span> <span class='ocrx_word' id='word_1_777' title='bbox 2680 5675 2836 5731; x_wconf 88' lang='lat' dir='ltr'><strong>Rom.</strong></span> <span class='ocrx_word' id='word_1_778' title='bbox 2894 5686 2949 5730; x_wconf 91' lang='lat' dir='ltr'><strong>ct</strong></span> <span class='ocrx_word' id='word_1_779' title='bbox 2991 5677 3137 5747; x_wconf 89' lang='lat' dir='ltr'><strong>Lips.</strong></span> <span class='ocrx_word' id='word_1_780' title='bbox 3190 5691 3257 5730; x_wconf 80' lang='lat' dir='ltr'><strong>ex</strong></span> <span class='ocrx_word' id='word_1_781' title='bbox 3300 5692 3425 5746; x_wconf 74' lang='lat' dir='ltr'><strong>supc</strong></span> 
     </span>
    </p>
   </div>
   <div class='ocr_carea' id='block_1_111' title="bbox 416 5674 3673 5752">
    <p class='ocr_par' dir='ltr' id='par_1_111' title="bbox 416 5674 3673 5752">
     <span class='ocr_line' id='line_1_113' title="bbox 416 5674 3673 5752; baseline -0.001 -17"><span class='ocrx_word' id='word_1_782' title='bbox 416 5674 529 5739; x_wconf 77' lang='lat' dir='ltr'><strong>non</strong></span> <span class='ocrx_word' id='word_1_783' title='bbox 564 5674 897 5752; x_wconf 76' lang='lat' dir='ltr'><strong>spernenda.</strong></span> <span class='ocrx_word' id='word_1_784' title='bbox 1262 5674 1281 5683; x_wconf 87' lang='grc'><em>’</em></span> <span class='ocrx_word' id='word_1_785' title='bbox 1401 5674 1413 5683; x_wconf 90' lang='grc'><em>’</em></span> <span class='ocrx_word' id='word_1_786' title='bbox 1562 5674 1574 5680; x_wconf 79' lang='grc'><em>’</em></span> <span class='ocrx_word' id='word_1_787' title='bbox 1624 5674 1635 5681; x_wconf 85' lang='grc'><em>’</em></span> <span class='ocrx_word' id='word_1_788' title='bbox 1837 5748 1852 5752; x_wconf 91' lang='lat'><em>_</em></span> <span class='ocrx_word' id='word_1_789' title='bbox 1945 5747 1961 5752; x_wconf 86' lang='lat'>_</span> <span class='ocrx_word' id='word_1_790' title='bbox 2179 5674 2291 5752; x_wconf 77' lang='lat'><strong>(&#39;52)</strong></span> <span class='ocrx_word' id='word_1_791' title='bbox 2323 5674 2477 5752; x_wconf 63' lang='grc' dir='ltr'>μηδέ.</span> <span class='ocrx_word' id='word_1_792' title='bbox 2531 5674 2633 5729; x_wconf 86' lang='lat' dir='ltr'><strong>Ed.</strong></span> <span class='ocrx_word' id='word_1_793' title='bbox 2680 5675 2836 5731; x_wconf 88' lang='lat' dir='ltr'><strong>Rom.</strong></span> <span class='ocrx_word' id='word_1_794' title='bbox 2894 5686 2949 5730; x_wconf 91' lang='lat' dir='ltr'><strong>ct</strong></span> <span class='ocrx_word' id='word_1_795' title='bbox 2991 5677 3137 5747; x_wconf 90' lang='lat' dir='ltr'><strong>Lips.</strong></span> <span class='ocrx_word' id='word_1_796' title='bbox 3190 5691 3257 5730; x_wconf 80' lang='lat' dir='ltr'><strong>ex</strong></span> <span class='ocrx_word' id='word_1_797' title='bbox 3300 5674 3673 5746; x_wconf 81' lang='lat' dir='ltr'><strong>snpcrioribus</strong></span> 
     </span>
    </p>
   </div>
   <div class='ocr_carea' id='block_1_112' title="bbox 492 5746 2492 5823">
    <p class='ocr_par' dir='ltr' id='par_1_112' title="bbox 492 5746 2492 5823">
     <span class='ocr_line' id='line_1_114' title="bbox 492 5746 2492 5823; baseline -0.006 -15"><span class='ocrx_word' id='word_1_798' title='bbox 492 5746 615 5823; x_wconf 54' lang='lat'><strong>(30)&quot;</strong></span> <span class='ocrx_word' id='word_1_799' title='bbox 648 5753 741 5806; x_wconf 82' lang='grc' dir='ltr'>Ὶσ.</span> <span class='ocrx_word' id='word_1_800' title='bbox 781 5753 860 5807; x_wconf 88' lang='lat' dir='ltr'><strong>lta</strong></span> <span class='ocrx_word' id='word_1_801' title='bbox 907 5769 975 5808; x_wconf 82' lang='lat' dir='ltr'><strong>ex</strong></span> <span class='ocrx_word' id='word_1_802' title='bbox 1016 5754 1106 5809; x_wconf 90' lang='lat' dir='ltr'><strong>ed.</strong></span> <span class='ocrx_word' id='word_1_803' title='bbox 1147 5752 1306 5809; x_wconf 86' lang='lat' dir='ltr'><strong>Rom.</strong></span> <span class='ocrx_word' id='word_1_804' title='bbox 1352 5760 1407 5810; x_wconf 89' lang='lat' dir='ltr'><strong>et</strong></span> <span class='ocrx_word' id='word_1_805' title='bbox 1463 5750 1614 5823; x_wconf 90' lang='lat' dir='ltr'><strong>Lips.</strong></span> <span class='ocrx_word' id='word_1_806' title='bbox 1657 5747 1999 5806; x_wconf 78' lang='lat' dir='ltr'><strong>emendanda</strong></span> <span class='ocrx_word' id='word_1_807' title='bbox 2104 5746 2302 5816; x_wconf 87' lang='lat' dir='ltr'><strong>repetit</strong></span> <span class='ocrx_word' id='word_1_808' title='bbox 2333 5746 2492 5799; x_wconf 79' lang='grc' dir='ltr'>νοεῖν.</span> 
     </span>
    </p>
   </div>
   <div class='ocr_carea' id='block_1_113' title="bbox 423 5821 1149 5894">
    <p class='ocr_par' dir='ltr' id='par_1_113' title="bbox 423 5821 1149 5894">
     <span class='ocr_line' id='line_1_115' title="bbox 423 5821 1149 5894; baseline -0.003 -16"><span class='ocrx_word' id='word_1_809' title='bbox 423 5822 520 5878; x_wconf 84' lang='lat' dir='ltr'><strong>fuit</strong></span> <span class='ocrx_word' id='word_1_810' title='bbox 562 5821 721 5877; x_wconf 86' lang='lat' dir='ltr'><strong>lectio</strong></span> <span class='ocrx_word' id='word_1_811' title='bbox 744 5824 896 5894; x_wconf 85' lang='lat' dir='ltr'><strong>prior</strong></span> <span class='ocrx_word' id='word_1_812' title='bbox 937 5823 1149 5877; x_wconf 78' lang='grc' dir='ltr'>Ἰακώϐ.</span> 
     </span>
    </p>
   </div>
  </div>
