4010 6212
326 391 432 458 243

1346 393 1801 453 THEODORE‘T
1805 395 1832 452 1
1872 393 2209 454 EPISCOPI
2249 393 2612 454 CYRENSIS

3495 379 3602 443 2H

324 504 604 560 rredendo
628 519 789 562 nosse
817 522 830 556 :
855 504 979 560 Filii
1006 518 1138 559 vero
1157 503 1253 558 Dei
1288 504 1597 573 passionem
1625 503 1913 558 audientes

2044 507 2118 576 [ἧς
2145 505 2446 559 ἀθανασίαν
2483 502 2684 556 εἰδέναι
2706 542 2719 566 ,
2771 501 2837 570 τῇ
2871 497 2979 552 ’τοῦ
3021 493 3230 564 Κυρίου
3282 497 3605 570 διδατκαλίᾳ

324 616 430 658 nun
461 598 606 655 idem
640 597 842 661 facere,
864 595 958 651 sed
988 596 1239 665 corporis
1255 594 1500 665 quidem,
1529 595 1618 650 cui
1649 595 1911 665 competit

322 691 522 760 passio,
552 689 759 743 nullam
785 688 1119 743 mentionem
1151 687 1352 751 facere,
1383 686 1622 742 divinam
1655 703 1789 741 vero
1816 703 1912 742 na-

323 793 522 844 turam,
557 799 679 853 quae
710 789 794 837 est
845 781 1167 851 impatibilis
1195 789 1250 836 et
1297 780 1654 835 immutabilis
1703 789 1759 834 et
1804 781 1910 834 im-

322 873 589 940 mortalis,
616 889 745 928 vere
777 870 1063 925 mortalem
1105 878 1163 924 et
1191 869 1474 938 patibilem
1504 868 1864 938 pronuntiare
1893 885 1906 920 :

321 966 488 1036 idque
541 981 666 1020 cum
697 964 907 1028 sciant,
936 961 1083 1032 quod
1107 955 1158 1016 ἐἰ
1185 961 1298 1031 pati
1325 960 1592 1030 potuisset
1621 960 1718 1014 Dei
1745 959 1909 1013 Verbi

321 1064 539 1121 natura,
566 1068 972 1126 supervacanea
999 1051 1160 1106 fuerit
1187 1049 1438 1121 corporis
1462 1049 1804 1120 assumptio?

397 1339 602 1396 ERAN.
636 1342 715 1396 Ex
768 1357 922 1396 sacra
974 1341 1260 1411 Scriptura
1313 1341 1510 1394 Filium
1556 1340 1650 1394 Dei
1688 1349 1908 1409 passum

322 1448 445 1489 esse
479 1433 796 1487 didicimus.

393 1524 603 1580 ORTH.
641 1527 844 1580 Verum
891 1525 1116 1580 divinus
1147 1525 1443 1595 Apostolus
1475 1522 1786 1592 passionem
1823 1521 1908 1574 in-

327 1627 680 1688 terpretatur,
715 1627 770 1673 et
802 1619 1042 1673 ostendit
1065 1628 1316 1672 naturam
1352 1633 1471 1686 qua:
1505 1630 1665 1684 passa
1697 1623 1800 1668 est.

332 1697 334 1699 6
392 1711 599 1766 ERAN.
639 1710 750 1765 Hoc
783 1710 951 1781 igitur
985 1726 1146 1780 quam
1183 1709 1422 1779 primum
1455 1706 1706 1771 ostende,
1741 1714 1798 1760 et
1828 1705 1910 1758 di-

327 1804 463 1858 rime
499 1803 953 1857 controversiam.

397 1891 606 1950 ORTll.
643 1893 726 1946 An
763 1893 982 1964 ignoras
1003 1893 1183 1946 locum
1220 1891 1374 1946 illum
1418 1890 1675 1960 Epistolas
1699 1888 1766 1943 ad
1802 1885 1909 1942 He-
1948 1875 1989 1928 Β

325 1984 503 2041 bmos
536 1985 774 2055 scriptze,
810 1986 904 2040 ubi
941 1985 1021 2040 sic
1053 1984 1299 2055 loquitur
1331 1983 1552 2038 divinus
1585 1983 1916 2052 Apostolus:

333 2099 352 2129 ι
393 2079 627 2148 Propter
660 2094 825 2148 quam
859 2094 1079 2132 causam
1113 2093 1222 2133 non
1259 2076 1430 2146 pudet
1454 2092 1579 2130 eum
1606 2075 1803 2129 fratres
1825 2089 1921 2129 eos

326 2187 522 2226 vocare
544 2212 558 2233 ,
595 2186 720 2225 cum
756 2170 892 2224 dicit
940 2188 954 2223 :
989 2189 1006 2220 ι
1048 2168 1328 2223 Nuntiabo
1362 2183 1565 2221 nomen
1615 2175 1770 2220 tuum
1805 2166 1917 2220 fra—

327 2261 505 2316 tribus
525 2260 680 2326 meis,
708 2261 762 2314 in
788 2259 972 2314 medio
996 2258 1158 2329 196
1190 2257 1435 2312 ecclesia:
1458 2252 1692 2312 laudabo
1719 2267 1772 2312 te
1792 2259 1856 2323 ";
1893 2278 1910 2310 ι

325 2362 380 2406 «ιι
419 2353 617 2406 iterum
655 2369 667 2404 :
712 2371 730 2402 ι
771 2351 912 2405 Ecce
947 2366 1050 2420 ego
1100 2357 1157 2404 et
1212 2350 1370 2421 pueri
1404 2365 1544 2419 quos
1594 2349 1731 2403 mihi
1767 2349 1919 2404 dedit

325 2446 474 2501 Deus
506 2447 572 2500 '°.
619 2465 636 2497 ι

400 2538 608 2592 ERAN.
644 2536 770 2593 Haec
802 2537 916 2592 scio
942 2556 955 2590 :
981 2535 1076 2592 sed
1113 2536 1168 2590 in
1191 2536 1276 2590 bis
1307 2534 1446 2590 nihil
1471 2543 1556 2590 est
1578 2549 1770 2590 eorum
1797 2549 1918 2603 qua:

327 2639 380 2686 te
415 2639 767 2686 ostensurum
813 2631 1093 2701 pollicitus
1125 2646 1204 2685 es.

398 2721 608 2776 ORTH.
647 2723 936 2777 Declarant
968 2737 1098 2777 sane
1132 2733 1188 2778 et
1224 2723 1327 2776 ista
1364 2720 1511 2790 quod
1547 2735 1634 2774 me
1667 2729 1918 2773 ostensu-

328 2832 451 2871 rum
489 2816 873 2886 promiseram.
899 2815 1282 2869 Fraternitatis
1313 2815 1462 2870 enim
1485 2828 1685 2867 nomen
1721 2827 1919 2881 cogna-

328 2909 534 2964 tionem
567 2907 829 2977 significa:
855 2949 869 2972 ,
914 2908 1297 2978 'cognationem
1336 2923 1470 2962 vero
1504 2913 1783 2975 assumpta
1817 2921 1916 2958 na-

329 3008 450 3054 tura
499 3000 843 3064 conciliavit,
881 3001 1186 3069 assumptio
1234 3009 1416 3054 autem
1455 2999 1918 3068 impatibilitatem

328 3093 631 3148 divinitatis
665 3103 852 3161 aperte
888 3093 1147 3147 declarat.
1200 3093 1270 3148 Ut
1323 3100 1507 3147 autem
1558 3091 1764 3146 clarius
1814 3091 1919 3145 hoc

331 3187 508 3256 ipsum
537 3195 586 3240 te
621 3186 869 3251 doceam,
907 3185 1024 3256 lege
1056 3185 1362 3254 sequentia.

403 3278 608 3332 ERAN.
642 3297 659 3328 ι
688 3278 826 3345 Quia
849 3293 980 3347 ergo
1015 3277 1170 3346 pueri
1197 3275 1743 3330 communicaverunt
1765 3276 1918 3330 carni

328 3375 384 3421 et
419 3367 704 3438 sanguini,
742 3368 857 3437 ipse
893 3382 1113 3437 quoque
1149 3367 1472 3421 eorumdem
1527 3367 1783 3422 similiter
1817 3366 1921 3421 fuit

330 3463 628 3531 particeps,
663 3468 724 3514 ut
758 3476 857 3530 per
904 3469 1139 3514 mortem
1173 3475 1300 3514 eum
1340 3459 1654 3514 destrueret
1689 3459 1782 3530 qui
1820 3460 1919 3512 ha-

331 3551 498 3607 bebat
549 3553 745 3606 mortis
781 3551 1104 3621 imperium,
1143 3561 1199 3605 et
1240 3566 1336 3605 eos
1389 3551 1683 3608 liberaret.
1718 3551 1812 3620 qui
1850 3552 1920 3606 ti-

330 3659 488 3698 more
531 3643 726 3698 mortis
753 3659 851 3713 per
886 3650 1056 3696 totam
1090 3641 1258 3697 vitam
1293 3649 1451 3696 erant
1485 3642 1709 3696 obnoxii
1745 3642 1920 3696 servi-

334 3736 435 3791 ltili
481 3737 547 3790 ⁹¹.
589 3755 610 3786 ι

404 3827 612 3884 οιιτιι.
667 3829 1082 3894 Declaratione,
1137 3829 1369 3898 Opinor,
1425 3828 1528 3882 ista
1582 3843 1693 3882 non
1736 3836 1918 3899 egent.

330 3919 768 3988 Dispensationis
795 3921 942 3973 enim
978 3919 1299 3990 mysterium
1335 3929 1523 3987 aperte
1559 3919 1779 3974 docent.

403 4011 610 4066 ERAN.
646 4013 706 4066 In
742 4012 830 4066 bis
861 4011 1002 4064 nihil
1036 4010 1150 4064 vidi
1189 4025 1382 4064 eorum
1416 4025 1540 4078 quae
1587 4019 1638 4063 te
1691 4009 1922 4065 demon-

332 4110 635 4158 straturum
677 4118 798 4158 esse
833 4117 1144 4172 receperas.

402 4193 613 4252 ORTH.
649 4197 720 4250 At
753 4195 958 4251 diserte
995 4210 1100 4250 nos
1130 4193 1317 4249 docuit
1349 4193 1572 4248 divinus
1605 4194 1920 4264 Apostolus,

333 4288 482 4360 quod
518 4288 804 4342 hominum
855 4297 1110 4342 naturam
1143 4287 1436 4341 miseratus
1489 4285 1776 4352 Conditor,
1811 4302 1922 4341 non

333 4381 512 4434 solum
562 4380 758 4434 acerbe
793 4389 1003 4449 raptam
1041 4395 1070 4432 a
1105 4387 1303 4444 morte,
1337 4378 1433 4433 sed
1468 4386 1580 4432 tota
1612 4378 1725 4432 vita
1759 4378 1924 4450 hujus

334 4471 588 4526 servituti
629 4471 924 4534 addictam,
971 4487 1072 4540 per
1123 4485 1324 4538 corpus
1374 4469 1700 4539 corporibus
1734 4485 1922 4523 resur-

2019 597 2379 660 πιστεύοντας
2412 597 2525 666 (53)
2556 612 2570 626 ⁸
2613 593 2709 647 τοῦ
2749 591 2806 645 δὲ
2846 588 2979 643 Υἱοῦ
3015 586 3107 642 τοῦ
3149 588 3287 642 Θεοῦ
3323 587 3386 641 τὸ
3430 588 3604 653 πάθος

2017 687 2316 751 ἀκούοντας
2343 687 2491 759 (54),
2537 686 2688 758 μηδὲ,
2711 682 2874 738 τοῦτο
2916 685 3091 736 ποιεῖν
3119 699 3133 712 ·
3183 679 3322 733 ἀλλὰ
3359 679 3454 732 τοῦ
3504 681 3603 751 μὲν

2021 780 2292 852 σώματος,
2317 771 2362 847 ᾧ
2396 779 2663 849 προσήκει
2685 777 2746 830 τὸ
2771 775 2966 838 πάθος,
2991 775 3193 844 ἣκιστα
3220 771 3601 846 μνημονεύειν,

2016 875 2115 945 τὴν
2151 875 2207 928 δὲ
2259 873 2412 926 θείαν
2445 871 2628 941 φύσιν,
2665 871 2766 942 τὴν
2814 868 3024 937 ἀπαθῆ,
3058 868 3153 921 καὶ
3191 868 3478 940 ἄτρεπτον,
3511 866 3605 918 καὶ

2019 968 2307 1032 ἀθάνατον,
2338 965 2540 1036 θνητὴν
2566 963 2645 1034 τῷ
2667 963 2810 1034 λόγῳ
2839 962 2935 1015 καὶ
2963 960 3214 1032 παθητὴν
3237 959 3562 1029 ἀποφαίνειν
3583 971 3602 990 ·

2019 1061 2114 1114 καὶ
2145 1059 2322 1112 ταῦτα
2353 1058 2587 1120 εἰδότας,
2621 1056 2697 1118 ὼς
2728 1055 2888 1124 εἴπερ
2911 1053 2999 1107 οἵα
3028 1069 3089 1105 τε
3122 1052 3316 1105 παθεῖν
3345 1046 3412 1122 ἦν
3443 1054 3476 1121 ἡ
3509 1048 3602 1102 τοῦ

2017 1151 2153 1205 Θεοῦ
2198 1152 2374 1220 Λόγου
2425 1149 2609 1221 φύσις,
2661 1145 2892 1218 περιττὴ
2923 1145 3019 1199 τοῦ
3059 1144 3311 1216 σώματος
3358 1145 3393 1215 ἠ
3438 1143 3610 1213 πρόσ-

2016 1245 2177 1316 ληψις
2204 1241 2272 1316 ἦν
2303 1261 2318 1311 ς

2093 1339 2298 1392 EPAN.
2337 1337 2496 1406 Παρά
2523 1336 2620 1405 τῆς
2653 1335 2804 1397 θείας
2831 1333 3054 1407 Γραφῆς
3083 1330 3504 1402 μεμαθήκαμεν,
3531 1329 3606 1392 ὡς
3639 1377 3644 1399 ί

2018 1434 2045 1484 6
2076 1431 2205 1494 Υἱὸς
2240 1429 2333 1484 τοῦ
2365 1428 2500 1482 Θεοῦ
2527 1427 2589 1480 τὸ
2612 1425 2784 1488 πάθος
2813 1425 3125 1495 ὑπέμεινεν.

2091 1522 2244 1576 ΟΡΘ.
2283 1523 2394 1575 Καὶ
2429 1520 2536 1593 μὴν
2584 1520 2613 1571 6
2651 1519 2795 1583 θεῖος
2842 1517 3164 1579 Ἀπόστολος
3204 1515 3501 1587 ὲρμηνεύει
3548 1511 3609 1566 τδ

2020 1619 2214 1682 πάθος,
2249 1617 2344 1671 κα),
2384 1615 2487 1686 τὴν
2513 1613 2848 1668 πεπονθυῖαν
2877 1609 3208 1664 ἐπιδείκνυσι
3243 1608 3424 1676 φύσιν.

2094 1710 2298 1764 EPAN.
2331 1709 2516 1775 Δεῖξον
2548 1707 2728 1761 τοίνυν
2759 1706 2836 1768 ὡς
2865 1705 3098 1774 τάχιστα
3122 1745 3136 1769 ,
3175 1703 3268 1756 κα).
3298 1703 3456 1755 λύσον
3505 1701 3608 1772 τὴν

2020 1801 2448 1874 ἀμφισϐήτησιν.

2095 1893 2246 1949 ΟΡΘ.
2305 1893 2420 1946 Οὑκ
2471 1887 2629 1944 οἶσθα
2685 1888 2746 1943 τὸ
2797 1889 2997 1960 χωρίον
3058 1889 3234 1943 ἐκεῖνο
3305 1889 3397 1958 τῆς
3471 1889 3608 1961 πρὸς

2034 1985 2324 2058 Ἐϐραίους
2397 1981 2706 2054 γραφείσης
2767 1979 3128 2050 Ἐπιστολῆς,
3183 1980 3311 2033 ἔνθα
3365 1980 3530 2049 φησιν
3577 1980 3608 2034 6

2023 2079 2314 2141 θεσπέσιος
2334 2075 2548 2138 Παῦλος
2567 2091 2582 2106 ο
2613 2094 2631 2126 ι
2669 2073 2761 2128 Διὸ
2792 2074 2894 2127 οὑκ
2927 2073 3317 2142 ἐπαισχύνεται
3342 2073 3610 2141 ἀδελφοὺς

2023 2172 2223 2235 αὑτοὺς
2272 2169 2498 2232 καλεῖν,
2549 2168 2762 2236 λέγων·
2825 2165 3152 2235 Ἀπαγγελῶ
3195 2166 3258 2219 τὸ
3307 2165 3477 2235 ὄνομά
3511 2181 3608 2218 σου

2021 2267 2138 2329 τοῖς
2170 2263 2419 2331 ἀδελφοῖς
2449 2275 2578 2330 μου·
2613 2261 2671 2314 ἐν
2717 2260 2869 2330 μέσῳ
2910 2258 3204 2328 ἐκκλησίας
3227 2257 3339 2327 (55)
3381 2257 3610 2328 ὑμνήσω

2023 2377 2081 2412 σε
2104 2375 2116 2387 ·
2147 2376 2165 2408 ι
2205 2358 2298 2410 καὶ
2348 2353 2512 2407 πάλιν
2537 2370 2550 2383 ·
2591 2371 2610 2403 ι
2667 2351 2800 2406 Ίδοὺ
2835 2351 2946 2420 ἐγὼ
2981 2352 3075 2404 καὶ
3110 2349 3180 2403 τὰ
3220 2351 3408 2403 παιδία
3439 2350 3472 2403 ἆ
3517 2367 3608 2420 μοι

2020 2453 2217 2504 ἔδωκεν
2245 2450 2274 2502 6
2299 2447 2449 2509 Θεὸς.
2488 2465 2505 2496 ι

2093 2541 2298 2594 ΕΡΑΝ.
2323 2534 2456 2592 Οἶδα
2487 2536 2683 2600 ταῦτα,
2715 2536 2830 2590 ἀλλ’
2859 2535 3011 2589 οὑδέν
3039 2537 3188 2588 ἐστιν
3215 2537 3272 2588 ἐν
3301 2534 3510 2596 τούτοις
3532 2526 3608 2587 ὧν

2018 2633 2323 2698 ἀποδείξειν
2355 2629 2616 2700 ὑπέσχου.

2091 2726 2242 2778 ΟΡΘ.
2311 2724 2636 2791 ’Υποφαίνει
2683 2723 2792 2793 μὴν
2853 2724 2947 2776 κα).
2996 2721 3170 2776 ταῦτα
3222 2721 3358 2791 ὅπερ
3413 2719 3609 2782 δείξειν

2019 2818 2460 2890 ἐπηγγειλάμην.
2489 2816 2562 2868 T6
2597 2815 2709 2885 γὰρ
2747 2816 2846 2885 τῆς
2876 2815 3233 2884 ἀδελφότητος
3259 2813 3427 2882 ὄνομα
3458 2811 3611 2879 δηλοῖ

2023 2909 2367 2977 συγγένειαν,
2396 2906 2494 2976 τὴν
2518 2906 2573 2959 δὲ
2603 2906 2980 2975 συγγένειανὴ
3010 2903 3424 2975 προσληφθεῖσα
3446 2902 3609 2971 φύσις

2021 3001 2345 3072 είργάσατο’
2381 3002 2413 3071 ἠ
2454 2999 2510 3052 δὲ
2554 2998 2860 3069 πρόσληψις
2897 2998 3200 3066 ἀναφανδὸν
3242 2997 3499 3065 κηρύττει
3547 2994 3609 3047 τὺ

2020 3095 2120 3166 τῆς
2147 3095 2402 3165 θεότητος
2433 3093 2665 3157 ἀπαθές.
2701 3095 2819 3146 Ἵνα
2847 3093 2903 3146 δέ
2944 3109 3003 3145 σε
3033 3091 3192 3144 τοῦτο
3221 3087 3417 3154 διδάξω
3442 3087 3610 3157 σαιρέ⁹

1945 3214 1987 3270 C
2023 3204 2213 3258 στερον
2233 3228 2247 3250 ,
2280 3185 2554 3255 ἀνάγνωθι
2583 3185 2650 3239 τά
2681 3185 2828 3256 ἑξῆς.

2098 3280 2303 3333 EPAN.
2341 3299 2360 3332 ι
2409 3279 2563 3332 Ἐπεὶ
2593 3275 2684 3333 οὖν
2717 3281 2785 3332 τὰ
2831 3279 3016 3332 παιδία
3067 3276 3433 3346 κεκοινώνηκε
3478 3293 3608 3342 cap-

2023 3373 2118 3436 κὸς
2175 3373 2270 3426 κα)¹
2339 3373 2610 3441 αἵματος,
2667 3371 3070 3444 παραπλησίως
3117 3370 3214 3422 καὶ
3263 3367 3425 3426 αὑτὸς
3481 3384 3608 3437 μετ-

2025 3462 2230 3534 ἐσχηκε
2254 3462 2365 3534 (56)
2407 3464 2514 3516 τῶν
2545 3462 2746 3525 αὑτῶν,
2773 3463 2862 3515 ἵνα
2893 3461 2981 3515 διὰ
3013 3460 3106 3513 τοῦ
3138 3459 3366 3512 θανάτου
3405 3475 3608 3528 καταρ-

2026 3556 2170 3626 γήσῃ
2204 3555 2296 3607 τὸν
2333 3554 2395 3607 τὸ
2436 3554 2638 3625 κράτος
2679 3553 2870 3623 ἔχοντα
2918 3552 3011 3605 τοῦ
3064 3552 3296 3604 θανάτου
3323 3550 3466 3618 (57),
3516 3548 3608 3601 καὶ

2027 3647 2313 3715 ἀπαλλάξῃ
2347 3645 2607 3709 τούτους,
2659 3646 2774 3697 ὅσοι
2822 3645 2973 3714 φόϐῳ
3010 3643 3242 3698 θανάτου
3275 3643 3363 3696 διὰ
3410 3641 3608 3704 παντὸς

2027 3737 2119 3789 τοῦ
2149 3738 2248 3807 ζῇν
2277 3736 2453 3806 ἔνοχοι
2476 3732 2616 3806 ἦσαν
2645 3736 2910 3799 δουλείας.
2952 3755 2969 3787 ι

2096 3827 2248 3879 ΟΡΘ.
2279 3823 2445 3896 υἷμαι
2486 3825 2662 3878 ταῦτα
2691 3826 2992 3897 σαφηνείας
3027 3824 3102 3896 μὴ
3138 3824 3343 3878 δεῖσθαι
3372 3840 3386 3855 °
3421 3822 3610 3894 σαφῶς

2026 3919 2136 3988 γὰρ
2169 3917 2408 3970 διδάσκει
2441 3917 2501 3969 τὸ
2526 3918 2623 3988 τῆς
2656 3919 2970 3988 οἰκονομίας
3000 3921 3317 3988 μυστήριον.

2099 4010 2306 4063 ΕΡΑΝ.
2348 4003 2450 4064 Ὧν
2489 4009 2808 4081 ὲπηγγείλω
2853 4011 3051 4074 δείξειν
3088 4013 3146 4065 ὲν
3195 4009 3407 4072 τούτοις
3456 4008 3608 4062 οὐδὲν

2028 4107 2265 4178 ἑώρακα.

2097 4201 2249 4254 ΟΡΘ.
2317 4199 2428 4253 Καὶ
2497 4199 2603 4270 μὴν
2673 4199 2973 4271 διαρρήδην
3061 4197 3300 4264 ἐδίδαξεν
3373 4198 3402 4250 6
3467 4195 3611 4259 θεῖος

2039 4292 2394 4354 Ἀπὸστολος,
2459 4291 2535 4354 ὡς
2625 4290 2904 4361 οἰκτείρας
2963 4290 3073 4344 τῶν
3139 4288 3443 4361 ἀνθρώπων
3510 4288 3610 4359 τὴν

2028 4383 2190 4453 φύσιν
2249 4385 2277 4436 6
2337 4381 2610 4453 Ποιητὴς,
2677 4383 2738 4436 οὑ
2808 4382 2968 4453 μόνον
3031 4382 3422 4452 άρπαζομένην
3504 4379 3612 4433 ὑπὸ

2026 4480 2118 4534 τοῦ
2177 4479 2408 4534 θανάτου
2463 4480 2708 4546 πικρῶς,
2753 4478 2890 4531 ἀλλὰ
2934 4479 3028 4533 καὶ
3073 4477 3225 4545 παρὰ
3277 4479 3457 4530 πᾶσαν
3511 4475 3611 4546 τὴν

334 4565 638 4620 rectionem
683 4564 1016 4634 procurarit,
1072 4571 1129 4618 et
1178 4578 1277 4632 per
1333 4562 1620 4616 mortalem
1670 4571 1921 4616 naturam

2044 4573 2177 4639 ζωὴν
2225 4571 2359 4638 τῷδε
2404 4570 2814 4640 δεδουλωμένην
2854 4569 2999 4639 (58),
3059 4569 3145 4623 διὰ
3203 4569 3455 4638 σώματος
3497 4571 3612 4630 τοῖς

333 4658 531 4714 mortis
573 4656 877 4728 potentiam
925 4655 1282 4711 destruxerit.
1334 4655 1469 4710 Cum
1504 4655 1651 4708 enim
1697 4655 1927 4711 haberet

336 4753 452 4821 ipse
475 4759 728 4806 naturam
757 4749 1144 4814 immortalem,
1170 4749 1312 4819 iuste
1332 4747 1506 4801 voluit
1537 4745 1758 4802 abolere
1781 4763 1929 4800 mor-

337 4842 410 4897 tis
443 4843 737 4912 imperium
760 4882 774 4907 ,
820 4840 1119 4912 assumptis
1167 4855 1235 4894 cx
1265 4839 1336 4894 iis
1373 4839 1468 4909 qui
1505 4839 1670 4893 morti
1705 4838 1928 4894 obnoxii

337 4941 500 4986 erant
528 4933 684 5002 197
722 4932 982 5003 primitiis
1011 4950 1026 4985 :
1053 4940 1108 4986 et
1138 4932 1236 4986 has
1268 4931 1649 4985 immaculatas
1679 4946 1925 4996 servans,

338 5025 658 5095 peccatique
725 5036 1004 5096 expertes,
1057 5026 1221 5080 morti
1267 5025 1490 5094 quidem
1546 5026 1826 5095 permisit,
1863 5033 1927 5080 ut

338 5118 438 5172 bas
472 5133 692 5188 quoque
726 5119 1027 5190 abriperet,
1052 5128 1107 5174 et
1136 5135 1290 5174 suam
1329 5117 1712 5188 inexplebilem
1744 5119 1928 5189 exple—

339 5219 425 5264 ret
453 5209 749 5282 ingluviem
782 5228 796 5264 :
827 5213 918 5266 sed
950 5219 1179 5282 propter
1215 5209 1528 5283 (summam)
1557 5209 1706 5264 illius
1739 5210 1794 5264 in
1828 5212 1928 5265 has

315 5299 620 5372 .injuriam,
648 5304 814 5357 etiam
840 5303 977 5358 alios
1001 5304 1069 5359 ab
1101 5303 1302 5375 injusta
1327 5303 1446 5373 ejus
1471 5301 1758 5373 tyrannide
1792 5303 1932 5358 libe—

327 5441 333 5461 ‘
414 5455 461 5488 σο
497 5457 664 5512 Hebr.
701 5460 993 5526 11,11,12.
1069 5463 1115 5496 σο
1151 5463 1404 5519 lbid.15.
1481 5463 1941 5529 "mimum.

417 5593 527 5661 (35)
563 5611 710 5647 πιττ.
736 5593 816 5647 Ib.
853 5595 1214 5660 πιστεύοντες.

417 5664 527 5730 (Si)
560 5665 648 5718 άκ.
677 5663 812 5718 Ibid.
837 5664 1141 5724 ἀκούοντες.

420 5735 532 5808 (55)
565 5735 668 5808 ιω.
704 5735 861 5808 Rom.
902 5742 958 5787 et
999 5734 1146 5808 Lips.
1177 5737 1460 5808 ἐκκλησίᾳ.

420 5807 535 5874 (5m
565 5805 710 5860 Loro
741 5805 834 5858 cit.
877 5813 984 5870 est,
1033 5804 1123 5855 καὶ
1167 5804 1343 5869 αὐτὸς
1377 5804 1774 5879 παραπλησίως
1807 5827 1926 5880 μετ·

2027 4661 2277 4733 σώμασιν
2349 4661 2847 4732 ἐπραγματεύσατο
2918 4661 3014 4729 τὴν
3095 4660 3389 4714 ἀνάστασιν
3420 4699 3436 4722 ,
3514 4660 3612 4711 καὶ

2024 4753 2114 4806 διὰ
2190 4751 2408 4822 φύσεως
2471 4751 2674 4822 θνητῆς
2723 4751 2987 4804 κατέλυσε
3054 4750 3147 4804 τοῦ
3219 4750 3453 4803 θανάτου
3512 4748 3612 4818 τὴν

2024 4844 2364 4898 δυναστείαν.
2412 4844 2630 4915 Ἐπειδὴ
2681 4843 2788 4914 γὰρ
2834 4843 2997 4907 αὑτὸς
3035 4841 3301 4896 ἀθάνατον
3357 4837 3470 4912 εἶχε
3511 4840 3610 4911 τὴν

2027 4935 2222 5005 φύσιν,
2274 4935 2543 5005 ἐϐουλήθη
2591 4935 2818 4996 δικαίως
2861 4933 3066 4988 παῦσαι
3117 4932 3210 4986 τοῦ
3276 4933 3509 4987 θανάτου
3551 4931 3610 4983 rb

2029 5030 2263 5100 κράτος,
2331 5031 2396 5083 ὲκ
2447 5030 2556 5084 τῶν
2610 5030 2989 5097 ὑποκειμένων
3037 5027 3116 5098 τῷ
3157 5027 3372 5097 θανάτῳ
3430 5026 3610 5080 λαϐὼν

2027 5123 2306 5193 ἀπαρχήνο
2336 5123 2430 5174 καὶ
2450 5121 2656 5192 ταύτην
2684 5121 2915 5192 ἄμωμον
2934 5119 3198 5189 φυλάξας,
3221 5122 3315 5173 καὶ
3334 5120 3612 5191 ἁμαρτίας

2029 5213 2298 5282 ἀμύητον,
2351 5216 2676 5284 παραχωρεῖ
2722 5213 2821 5282 μὲν
2869 5211 2948 5283 τῷ
2981 5211 3230 5284 θανάτῳ,
3274 5213 3368 5266 καὶ
3405 5211 3613 5280 ταύτην

2033 5304 2303 5374 ἁρπάσαι,
2331 5305 2425 5360 καὶ
2441 5306 2543 5376 τὴν
2560 5305 2864 5375 ἀπληστίαν
2889 5305 3237 5376 ἀνεμπλῆσαι
3257 5324 3269 5335 ·
3301 5305 3390 5361 διὰ
3419 5303 3473 5357 δὲ
3511 5305 3614 5358 τὶν

2104 5596 2217 5668 (57)
2255 5597 2372 5652 θαν.
2409 5599 2616 5654 Desunt
2649 5600 2706 5653 h.
2746 5599 2784 5654 i.
2823 5614 2945 5668 quae
2975 5599 3051 5653 ibi
3090 5607 3416 5668 sequuntur,
3458 5613 3609 5652 τουτο

2028 5667 2144 5720 ἐστι
2177 5667 2266 5720 τὸν
2299 5668 2562 5722 διάϐολον.

2099 5738 2381 5810 (38)7Eidit.
2427 5740 2582 5794 Rom.
2609 5748 2664 5794 ct
2714 5739 2862 5809 Lips.
2905 5740 3040 5810 τῷδε
3092 5736 3198 5792 εἶδε
3241 5739 3608 5810 δουλωμένην,

2028 5824 2127 5877 pro
2155 5809 2231 5880 τῷ
2259 5809 2366 5862 δέει
2393 5811 2812 5881 δεδουλωμένην,
2845 5821 2902 5867 ut
2931 5809 3197 5882 Suspicor.
