4010 6212
387 326 488 391 247

1404 309 1889 375 THEODORETI
1929 306 2266 367 EPISCOPI
2304 301 2669 366 CYRENSIS

3542 282 3646 343 248

389 441 543 497 rant?
571 436 703 491 Nam
728 434 921 495 Adam,
950 438 1074 501 post
1103 427 1612 497 transgressionem,
1636 428 1692 474 et
1718 418 1959 471 divinam

2095 415 2210 469 ιετά
2239 414 2339 482 τὴν
2374 409 2707 481 παράϐασιν,
2748 402 2842 457 καὶ
2890 400 2987 472 τὴν
3021 397 3172 453 θείαν
3200 396 3497 464 ἀπόφασιν,
3543 393 3648 446 ὑπὸ

392 526 737 589 sententiam,
766 521 924 591 199
950 518 1142 574 mortis
1170 514 1401 586 imperio
1434 509 1708 567 subditus.
1740 517 1965 560 uxorem

387 617 676 691 cognovit,
712 623 767 668 et
812 620 966 683 pater
1003 607 1307 679 appellatus
1350 612 1452 658 est.
1496 598 1739 654 Mortalis
1782 604 1969 649 autem

386 686 512 766 cum
543 715 708 770 esset,
740 702 1054 759 mortalium
1087 705 1242 769 pater
1274 695 1450 750 factus
1484 700 1585 747 est.
1628 690 1757 745 Jure
1803 686 1969 757 igitur

387 816 601 865 omnes,
630 798 725 867 qui
758 794 1043 849 mortalem
1077 787 1255 845 sortiti
1289 792 1419 842 sunt
1464 793 1737 843 naturam,
1771 792 1967 848 proge-

388 894 629 949 nitorem
658 896 986 957 sequuntur.

459 980 666 1041 ORTH.
695 979 911 1050 Optime
939 975 1099 1030 nobis
1123 968 1408 1027 ostendisti
1433 980 1675 1029 causam,
1701 978 1799 1016 cur
1825 976 1972 1013 mor—

389 1079 463 1133 tis
491 1076 663 1132 simus
694 1071 1010 1144 participes.
1047 1064 1224 1132 Quare
1251 1063 1356 1117 hoc
1383 1061 1560 1130 ipsum
1585 1069 1801 1126 quoque
1832 1052 1969 1106 dan-

389 1170 521 1224 dum
553 1176 638 1223 est
665 1166 732 1220 de
763 1159 1183 1219 resurrectione.
1213 1154 1441 1227 Oportet
1463 1150 1609 1204 enim
1639 1145 1971 1202 convenien-

391 1260 523 1314 tiam
568 1272 689 1312 essc
730 1252 909 1309 morbi
942 1258 997 1305 et
1040 1245 1289 1302 remedii.
1324 1238 1796 1309 Quemadmodum
1825 1235 1972 1289 enim

388 1348 641 1420 principe
685 1344 903 1417 generis
936 1340 1323 1401 condemnato,
1349 1335 1667 1390 universum
1698 1344 1869 1400 genus
1896 1327 1972 1381 si-

390 1419 507 1495 mul
527 1439 947 1495 condemnatum
976 1443 1060 1490 est
1084 1453 1096 1487 :
1122 1433 1195 1487 ita
1218 1445 1341 1486 cum
1367 1427 1613 1483 Salvator
1633 1419 1975 1475 maledictio-

391 1548 519 1589 nem
549 1530 823 1594 solvisset,
849 1539 1044 1583 natura
1076 1515 1644 1595 quoque'libertatem
1680 1527 1974 1581 recupera-

390 1622 493 1676 vit.
529 1620 599 1674 Et
627 1616 1090 1689 quemadmodum
1122 1611 1390 1668 Adamum
1424 1607 1491 1663 ad
1522 1606 1729 1661 inferos
1750 1604 1978 1658 descen-

393 1714 613 1769 dentem
645 1710 820 1765 secuti
866 1715 997 1764 sunt
1027 1721 1221 1761 omnes
1261 1700 1507 1773 ejusdem
1540 1706 1751 1752 natura:
1784 1692 1921 1748 socii
1959 1711 1972 1746 :

394 1807 468 1860 ita
498 1818 621 1859 cum
652 1800 871 1856 Christo
904 1796 1135 1853 Domino
1171 1799 1489 1862 resurgente
1524 1787 1800 1858 particeps
1834 1782 1974 1836 vivi-

396 1895 664 1952 ﬁcationis
687 1893 795 1948 erit
822 1890 1080 1945 universa
1108 1886 1393 1941 hominum
1418 1890 1632 1936 natura.

462 1986 671 2041 ERAN.
698 1981 1160 2043 Demonstrative,
1185 1986 1241 2032 et
1266 1991 1372 2031 non
1398 1970 1718 2027 aﬂlrmative
1742 1976 1976 2029 tantum,

393 2075 747 2149 proponenda
776 2081 905 2129 sunt
931 2069 1191 2126 Ecclesia!
1218 2065 1495 2135 dogmata.
1527 2060 1768 2116 Ostende
1813 2060 1980 2129 igitur

394 2152 607 2220 sacram
635 2162 973 2231 Scripturam
1005 2159 1123 2213 haec
1155 2156 1376 2210 docere.

465 2251 674 2310 ORTH.
707 2252 846 2306 Audi
866 2248 1190 2319 Apostolum
1214 2246 1281 2300 ad
1314 2246 1589 2299 Romanos
1621 2239 1976 2299 scribentem,

394 2354 452 2399 et
502 2347 620 2399 hac
665 2359 764 2413 per
797 2342 919 2395 illos
962 2354 1154 2394 omnes
1195 2337 1450 2391 homines
1496 2333 1785 2387 docentem
1818 2349 1830 2383 :
1865 2349 1883 2380 ι
1924 2329 1979 2383 Si

395 2434 543 2488 enim
588 2433 755 2486 unius
777 2430 979 2485 delicto
1010 2427 1167 2482 multi
1202 2424 1405 2479 mortui
1433 2430 1580 2487 sunt,
1607 2421 1780 2474 multo
1810 2418 1982 2489 magis

396 2523 573 2595 gratia
596 2522 692 2576 Dei
731 2528 788 2576 et
832 2518 1037 2574 donum
1081 2515 1136 2570 in
1179 2515 1352 2587 gratia
1391 2513 1554 2567 unius
1582 2511 1820 2566 hominis
1853 2511 1980 2565 .lesu

395 2614 600 2670 Christi
630 2614 687 2668 in
714 2613 916 2667 multos
944 2609 1266 2674 abundavit,
1299 2618 1355 2663 et
1380 2624 1488 2661 non
1516 2605 1659 2660 sicut
1684 2620 1783 2674 per
1812 2619 1981 2658 unum

398 2707 492 2776 qui
519 2704 788 2776 peccavit,
815 2703 1043 2758 donum.
1070 2702 1205 2757 Nam
1232 2699 1499 2771 judicium
1529 2714 1595 2752 ex
1622 2711 1731 2751 uno
1769 2696 1823 2749 in
1849 2711 1982 2750 con-

399 2797 841 2861 demnationem,
893 2793 1065 2865 gratia
1098 2799 1281 2846 autem
1328 2804 1396 2843 ex
1436 2787 1626 2841 multis
1663 2786 1880 2841 delictis
1929 2786 1984 2839 in

395 2873 863 2959 justiiicationem.
900 2884 957 2939 Si
991 2884 1139 2939 enim
1166 2882 1334 2936 unius
1371 2880 1573 2934 delicto
1606 2894 1756 2933 mors
1785 2894 1985 2947 regna-

402 2980 482 3033 vit
529 2995 627 3049 per
683 2994 873 3038 unum,
920 2976 1095 3031 multo
1142 2974 1314 3043 magis
1365 2970 1756 3026 abundantiam
1798 2970 1987 3041 gratias

2066 506 2165 576 τὴν
2189 504 2281 557 τοῦ
2320 503 2432 569 (59)
2463 501 2696 555 θανάτου
2731 491 3053 550 δυναστείαν
3080 488 3306 550 τελέσας
3328 528 3342 545 ,
3373 487 3515 554 ἔγνω
3548 485 3649 553 τὴν

2068 574 2301 663 γυναῖκα
2321 636 2335 656 ,
2365 591 2460 645 καὶ
2487 590 2670 660 πατὴρ
2698 584 3085 657 ἐχρημάτισεν.
3121 576 3323 647 θνητὸς
3358 574 3534 628 τοίνυν
3563 590 3648 641 γε·

2068 683 2259 755 γονὼς,
2286 680 2495 753 θνητῶν
2516 676 2756 746 κατέστη
2785 672 2988 742 πατὴρ.
3019 668 3260 729 Εἰκότως
3282 665 3460 717 τοίνυν
3486 663 3649 717 ἀπαν-

2068 792 2159 839 τες
2193 774 2394 844 θνητὴν
2422 769 2701 841 εἰληφότες
2733 766 2915 837 φύσιν,
2946 763 3169 816 ἕπονται
3207 756 3286 828 τῷ
3325 755 3646 826 προπάτορι.

2143 955 2297 1008 ΟΡΘ.
2336 954 2571 1023 Ἀριστα
2610 949 2742 1019 ἡμῖν
2780 944 2877 1015 τῆς
2924 941 3017 996 τοῦ
3072 939 3304 993 θανάτου
3364 935 3650 997 κοινωνίας

2072 1046 2169 1117 τὴν
2204 1042 2385 1097 αἰτίαν
2417 1037 2717 1103 ἐπέδειξας.
2748 1034 2929 1088 Ταύτδ
2957 1032 3136 1086 τοίνυν
3162 1028 3321 1084 τοῦτο
3346 1026 3525 1080 δοτέον
3554 1026 3651 1079 καὶ

2075 1114 2168 1185 ἐπὶ
2197 1133 2298 1203 τῆς
2339 1128 2710 1189 ἀναστάσεως.
2743 1123 2865 1195 Χρὴ
2909 1122 3018 1193 γάρ
3046 1121 3355 1191 πρόσφορον
3388 1115 3527 1170 εἶναι
3574 1114 3653 1183 τῷ

2078 1222 2240 1278 πάθει
2270 1221 2331 1274 τὸ
2360 1219 2671 1289 φάρμακον.
2712 1217 2926 1285 ’Ὠσπερ
2960 1212 3069 1283 γάρ
3096 1210 3188 1263 τοῦ
3232 1210 3527 1279 γενεάρχου
3555 1221 3683 1289 κα-

2074 1312 2429 1383 τακριθέντος
2453 1310 2598 1363 ἆπαν
2618 1303 3024 1376 συγκατεκρίθη
3055 1303 3115 1355 τὸ
3140 1301 3318 1370 γένος,
3361 1298 3532 1360 οὕτως
3557 1286 3673 1367 τοῦ

2076 1372 2329 1475 Σωτῆρος
2351 1372 2614 1463 λύσαντος
2639 1372 2739 1469 τῆν
2771 1372 2931 1467 ἀράν,
2968 1372 3286 1465 ἀπήλαυσεν
3312 1390 3409 1459 τῆς
3438 1372 3681 1441 ὲλευθε-’

2079 1497 2200 1568 ρίας
2229 1498 2261 1564 ἡ
2298 1494 2481 1562 φύσις.
2535 1490 2648 1545 Καὶ
2694 1487 2946 1557 καθάπερ
2992 1483 3303 1568 κατελθόντι
3346 1479 3424 1551 τῷ
3484 1475 3656 1549 ’Λδάμ

2078 1566 2158 1651 εἰς
2187 1587 2277 1638 τὸν
2314 1585 2445 1656 ᾅδην
2497 1579 2874 1652 ἠκολούθησαν
2907 1578 2957 1630 οἱ
3012 1566 3370 1647 μετασχόντες
3414 1569 3514 1638 τῆς
3552 1567 3657 1638 φύ-

2082 1696 2240 1742 σεως.
2272 1677 2444 1733 οὕτως
2474 1675 2770 1728 ἀναστάντι
2807 1669 2888 1740 τῷ
2933 1668 3175 1737 Δεσπότῃ
3208 1663 3429 1735 Χριστῷ
3464 1680 3658 1715 κοινω-

2081 1774 2234 1844 νήσει
2258 1770 2358 1839 τῆς
2389 1767 2738 1827 άναϐιώσεως
2761 1764 2912 1816 πᾶσα
2938 1760 3047 1813 τῶν
3070 1756 3374 1829 ἀνθρώπων
3408 1756 3443 1826 ἡ
3472 1752 3655 1824 φύσις.

2154 1962 2355 2017 EPAN.
2429 1952 2872 2016 Ἀποδεικτικῶς,
2932 1952 3032 2004 οὐκ
3087 1943 3498 2017 άποφαντικῶς,
3551 1942 3658 2013 χρὴ

2080 2056 2258 2123 λέγειν
2290 2053 2388 2120 τῆς
2433 2046 2764 2117 Ἐκκλησίας
2806 2044 2875 2097 τὰ
2928 2042 3193 2112 δόγματα.
3247 2035 3427 2103 Δεῖξον
3482 2033 3661 2087 τοίνυν

2080 2147 2251 2200 ταῦτα
2283 2144 2640 2197 διδάσκουσαν
2672 2139 2771 2209 τὴν
2806 2137 2955 2190 θείαν
2984 2134 3232 2206 Γραφήν.

2153 2238 2303 2291 ΟΡΘ.
2353 2238 2619 2288 ’Ἄκουσον
2670 2230 2766 2284 τοῦ
2821 2227 3145 2282 Ἀποστόλου
3189 2221 3482 2293 Ῥωμαίοις
3517 2218 3659 2289 γρά-

2084 2346 2298 2399 φοντος.
2337 2328 2431 2381 καὶ
2484 2324 2658 2378 ταῦτα
2708 2322 2777 2376 δι’
2814 2320 3038 2374 ἐκείνων
3088 2319 3295 2378 πάντας
3343 2311 3663 2381 ἀνθρώπους

2084 2422 2436 2481 διδάσκοντος
2456 2434 2472 2450 '
2512 2438 2530 2469 ί
2572 2416 2634 2470 Εἰ
2662 2415 2773 2487 γάρ
2803 2412 2879 2483 τῷ
2902 2411 2996 2464 τοῦ
3028 2410 3143 2473 ἐνὸς
3174 2403 3580 2478 παραπτώματι
3611 2404 3663 2455 oi

2086 2512 2271 2566 πολλοὶ
2319 2508 2619 2571 ἀπέθανον,
2656 2503 2836 2575 πολλῷ
2888 2502 3087 2574 μᾶλλον
3121 2502 3154 2569 ἡ
3188 2500 3346 2568 χάρις
3378 2496 3472 2549 τοῦ
3503 2493 3661 2556 Θεοῦ,

2085 2606 2178 2657 καὶ
2203 2605 2234 2673 ἡ
2268 2600 2469 2672 δωρεὰ,
2494 2600 2550 2651 ὲν
2585 2598 2772 2668 χάριτι
2807 2599 2872 2667 τῇ
2902 2593 2992 2648 τοῦ
3018 2592 3135 2654 ἐνὸς
3157 2588 3441 2660 ἀνθρώπου
3488 2580 3666 2654 Ἰησοῦ

2086 2692 2324 2766 Χριστοῦ
2358 2693 2439 2753 είς
2472 2691 2597 2753 τοὺς
2626 2688 2859 2750 πολλοὺς
2890 2683 3302 2755 ἐπερίσσευσεν.
3336 2680 3430 2732 καὶ
3459 2677 3561 2746 οὐχ
3589 2679 3666 2737 ώς

2086 2788 2152 2841 δι’
2176 2785 2292 2847 ἑνὸς
2330 2782 2766 2854 ἁμαρτήσαντος,
2783 2778 2843 2831 τὸ
2869 2776 3120 2848 δώρημα.
3146 2773 3220 2829 Τὸ
3247 2772 3343 2843 μὲν
3364 2768 3472 2840 γάρ
3493 2770 3668 2838 κρῖμα

2088 2879 2148 2942 ἐξ
2178 2877 2295 2939 ἐνὸς
2341 2878 2422 2938 εἰς
2473 2872 2814 2944 κατάκριμα,
2854 2870 2914 2922 τδ
2952 2868 3007 2921 δὲ
3049 2868 3294 2937 χάρισμα
3338 2865 3402 2916 ὲκ
3456 2860 3669 2914 πολλῶν

2091 2969 2553 3043 παραπτωμάτων
2595 2969 2673 3029 εἰς
2702 2963 2999 3033 δικαίωμα.
3036 2962 3097 3035 Εἰ
3128 2958 3238 3029 γάρ
3290 2955 3366 3026 τῷ
3413 2953 3506 3007 τοῦ
3547 2953 3670 3015 ἑνὸς

402 3071 564 3141 200
606 3078 661 3124 et
705 3068 1020 3123 donationis
1061 3074 1117 3121 et
1142 3065 1370 3137 justitize
1397 3062 1748 3132 accipientes,
1786 3032 1841 3116 in
1871 3061 1984 3115 vita

2095 3032 2503 3131 παραπτώματι
2532 3058 2560 3110 ὁ
2612 3056 2843 3116 θάνατος
2874 3032 3191 3105 ἐϐασίλευσε
3239 3045 3326 3100 διὰ
3375 3043 3467 3098 τοῦ
3519 3042 3665 3105 ἑνὸς.

404 3135 715 3230 ἦᾷῐίαῦιιηι
741 3174 840 3228 per
862 3173 1031 3212 unum
1051 3135 1237 3211 Jesum
1264 3154 1543 3209 Christum
1571 3152 1714 3207 ”·⁹³.
1737 3171 1754 3203 ι
1787 3152 1855 3207 Et
1883 3153 1986 3206 ite-

2095 3150 2277 3220 πολλῷ
2313 3146 2512 3218 μᾶλλον
2547 3147 2595 3198 οἱ
2626 3144 2728 3214 τὴν
2776 3140 3099 3214 περισσείαν
3150 3139 3248 3208 τῆς
3287 3137 3528 3209 χάριτος,
3576 3135 3673 3187 καὶ

406 3267 529 3305 rum
566 3269 579 3304 :
616 3270 634 3300 ι
671 3249 842 3321 Igitur
882 3248 1025 3303 sicut
1068 3263 1167 3317 per
1205 3246 1368 3300 unius
1394 3244 1655 3299 delictum
1700 3244 1756 3297 in
1800 3258 1986 3298 onmes

2095 3244 2194 3313 τῆς
2223 3243 2454 3311 δωρεᾶς,
2482 3240 2575 3292 καὶ
2613 3236 2723 3309 (40)
2751 3239 2849 3305 τῆς
2894 3232 3244 3300 δικαιοσύνης
3278 3228 3671 3298 λαμϐάνοντες,

406 3342 659 3397 homines
688 3343 743 3395 in
774 3339 1287 3395 condemnationem
1320 3355 1332 3390 :
1364 3336 1441 3391 sic
1483 3343 1538 3391 et
1572 3351 1671 3405 per
1702 3334 1868 3389 unius
1899 3335 1989 3405 ju-

405 3432 613 3488 stitiam
655 3433 711 3487 in
754 3446 947 3486 omnes
986 3430 1240 3485 homines
1271 3429 1326 3483 in
1366 3426 1812 3498 justiﬁeationem
1845 3426 1989 3481 vitae.

408 3526 565 3583 Sicut
589 3525 735 3581 enim
761 3541 862 3595 per
886 3523 1315 3579 inobedientiam
1351 3520 1516 3575 unius
1538 3519 1778 3574 hominis
1804 3534 1997 3589 pecca-

410 3628 560 3675 tores
590 3615 877 3671 constituti
912 3623 1041 3671 sunt
1073 3612 1232 3667 multi
1263 3630 1276 3665 :
1306 3611 1379 3666 ita
1408 3610 1574 3665 etiam
1602 3626 1701 3680 per
1730 3610 1994 3665 obedien-

411 3707 544 3763 tiam
574 3706 737 3761 unius
755 3704 891 3776 justi
925 3703 1333 3759 constituentur
1366 3701 1524 3755 multi
1552 3699 1619 3753 9‘.
1657 3719 1673 3750 ι
1705 3699 1772 3753 Ει
1799 3698 1996 3753 Corin-

413 3797 543 3853 thiis
563 3797 630 3851 de
655 3792 1063 3851 resurrectione
1086 3792 1255 3846 verba
1282 3790 1508 3852 faciens,
1528 3789 1841 3843 summatim
1864 3788 1998 3859 ipsis

412 3888 589 3959 aperit
640 3884 961 3958 mysterium
1018 3881 1465 3952 dispensationis.
1504 3900 1522 3932 ‹
1578 3880 1735 3935 Nunc
1778 3888 1996 3946 autem,

412 3976 612 4048 inquit,
639 3976 892 4031 Christus
916 3974 1218 4029 resurrexit
1241 3988 1270 4027 a
1304 3972 1554 4032 mortuis.
1585 3973 1840 4041 primitiae
1868 3974 1999 4027 dor-

413 4068 703 4123 mientium
736 4085 748 4120 :
776 4066 1036 4137 quoniam
1062 4064 1283 4134 quidem
1314 4079 1413 4134 per
1442 4064 1718 4119 hominem
1744 4080 1912 4129 mors,
1947 4074 2003 4118 et

414 4178 514 4231 per
558 4160 840 4214 hominem
886 4157 1221 4214 resurrectio
1255 4163 1619 4210 mortuorum.
1666 4156 1731 4210 Et
1775 4155 1917 4210 sicut
1946 4157 2002 4211 in

412 4249 623 4305 Adamo
664 4265 857 4304 omnes
898 4249 1231 4312 moriuntur,
1266 4248 1339 4301 ita
1371 4247 1426 4301 in
1452 4246 1674 4302 Christo
1698 4262 1890 4302 omnes
1916 4249 2001 4302 vi-

413 4338 787 4395 viﬁcabuntur
819 4342 888 4393 ⁹⁸.
941 4358 959 4391 ι
996 4339 1136 4393 Ecce
1183 4336 1278 4391 tibi
1314 4337 1481 4391 etiam
1525 4352 1593 4391 ex
1638 4336 1840 4391 divinis
1882 4337 1999 4392 elo-

2096 3339 2152 3389 ὲν
2184 3335 2295 3405 ζωῇ
2336 3331 2717 3403 βασιλεύσουσι
2747 3328 2836 3382 διὰ
2868 3326 2963 3379 τοῦ
2991 3324 3112 3386 ἐνὸς
3162 3321 3336 3394 Ἰησοῦ
3360 3319 3619 3391 Χριστοῦ.
3651 3338 3669 3368 ι

2097 3429 2206 3480 Καὶ
2240 3426 2398 3480 πάλιν
2421 3442 2433 3453 ’
2476 3444 2493 3475 ι
2538 3424 2681 3493 Ἀρα
2719 3416 2832 3483 οὖν,
2864 3420 2937 3482 ώς
2967 3418 3031 3471 δι’
3064 3414 3181 3485 ὲνὴς
3224 3412 3677 3485 παραπτώματος

2097 3521 2176 3580 εἰς
2212 3517 2419 3579 πάντας
2451 3514 2771 3585 ἀνθρώπους
2809 3513 2889 3572 είς
2919 3508 3259 3577 κατάκριμα.
3290 3504 3432 3558 οὕτω
3471 3504 3568 3557 καὶ
3606 3503 3677 3555 δι’

2099 3598 2216 3673 ἓνὸς
2240 3606 2607 3677 δικαιώματος
2642 3607 2722 3667 εἰς
2755 3604 2966 3665 πάντας
3005 3600 3103 3654 ἀνθ
3115 3598 3324 3670 ρώπους
3347 3598 3425 3659 είς
3449 3594 3675 3650 δικαίω-

2101 3718 2187 3754 σιν
2229 3698 2394 3767 ζωῆς.
2431 3698 2643 3767 ’Ὠσπερ
2693 3694 2802 3767 γὰρ
2848 3694 2937 3747 διὰ
2978 3694 3077 3763 τῆς
3119 3689 3407 3763 παρακοῆς
3435 3687 3529 3741 τοῦ
3561 3686 3678 3748 ἐνὸς

2099 3790 2392 3862 ἀνθρώπου
2429 3785 2746 3859 ἁμαρτωλοὶ
2775 3784 3197 3853 κατεστάθησαν
3223 3783 3274 3835 οἱ
3301 3780 3509 3841 πολλοὶ,
3534 3779 3679 3831 οὕτω

2101 3884 2196 3938 καὶ
2218 3881 2306 3936 διὰ
2330 3881 2428 3950 τῆς
2459 3880 2707 3949 ὑπακοῆς
2731 3877 2824 3932 τοῦ
2852 3877 2973 3941 ἐνὸς
3006 3877 3206 3930 δίκαιοι
3236 3871 3678 3940 κατασταθήσον-

2099 3995 2191 4030 ται
2225 3979 2271 4029 οἱ
2299 3973 2503 4029 πολλοί.
2536 3991 2555 4025 ι
2587 3972 2698 4025 Καὶ
2726 3968 3029 4042 Κορινθίοις
3066 3968 3123 4021 δὲ
3150 3966 3239 4019 τὸν
3262 3965 3391 4035 περὶ
3412 3963 3514 4032 τῆς
3545 3963 3678 4015 ἀνα-

2106 4069 2355 4131 στάσεως
2386 4064 2715 4137 προσφέρων
2742 4063 2921 4131 λόγου,
2947 4063 3004 4113 ἐν
3030 4058 3309 4128 κεφαλαίῳ
3333 4056 3393 4110 τὸ
3420 4057 3519 4126 τῆς
3538 4056 3679 4107 οἰκο-

2103 4160 2297 4229 νομίας
2356 4158 2539 4220 αὐτοῖς
2588 4154 2966 4208 ἀποκαλύπτει
3014 4152 3331 4223 μυστήριον,
3372 4149 3465 4202 καί
3510 4162 3680 4217 φησιο

2111 4269 2129 4301 ‹
2172 4248 2311 4301 Νυνὶ
2358 4247 2414 4298 δὲ
2462 4244 2698 4317 Χριστὸς
2744 4245 3044 4314 ἐγήγερται
3078 4243 3141 4294 ὲκ
3172 4241 3399 4311 νεκρῶν,
3456 4238 3683 4309 ἀπαρχὴ

2103 4340 2212 4392 τῶν
2240 4336 2659 4408 κεκοιμημένων
2693 4334 2930 4403 ἐγένετο.
2978 4332 3202 4404 Ἐπειδὴ
3237 4331 3346 4403 γὰρ
3369 4331 3434 4384 δι’
3469 4328 3682 4400 ἀνθρώ-

416 4433 561 4506 quiis
596 4433 1094 4489 demonstrationes
1123 4430 1302 4486 attuli.
1330 4430 1465 4485 Vide
1492 4430 1660 4500 igitur
1682 4445 1803 4499 qum
1840 4429 1986 4485 Chri-

2104 4447 2207 4481 που
2233 4429 2260 4480 ὁ
2295 4427 2545 4490 θάνατος,
2575 4425 2672 4479 καὶ
2709 4425 2776 4479 δι’
2803 4424 3091 4496 ἀνθρώπου
3126 4423 3425 4483 ἀνάστασις
3450 4420 3679 4490 νεκρῶν.

417 4524 486 4580 sti
527 4533 806 4580 suntcum
852 4522 919 4577 iis
952 4537 1073 4592 qum
1117 4529 1244 4575 sunt
1288 4520 1480 4575 Adami
1510 4528 1851 4589 comparata,
1878 4535 2003 4573 cum

418 4615 612 4669 morbo
651 4613 1006 4676 medicinam,
1050 4627 1175 4666 cum
1203 4612 1432 4666 vulnere
1467 4611 1845 4681 pharmacum,
1878 4624 2006 4664 cum

417 4714 643 4780 peccato
665 4705 888 4760 divitias
906 4703 1155 4776 justitize,
1184 4719 1308 4758 cum
1336 4702 1721 4757 maledictione
1748 4701 2009 4757 benedic-

418 4802 654 4864 tionem,
705 4814 828 4853 cum
897 4798 1359 4852 condemnatione
1413 4797 1821 4859 remissionem,
1878 4811 2004 4850 cum

419 4891 853 4960 transgressione
891 4889 1331 4944 observationem
1353 4930 1367 4953 ,
1418 4905 1541 4943 cum
1575 4896 1751 4943 morte
1794 4887 1959 4941 vitam
1982 4928 1998 4953 ,

419 4993 545 5032 cum
579 4977 769 5031 inferis
803 4994 1055 5048 regnum,
1092 4993 1218 5032 cum
1259 4978 1468 5032 Adamo
1492 4977 1791 5043 Christum,
1818 4977 2002 5032 homi-

420 5083 544 5124 nem
573 5083 696 5121 cum
734 5068 975 5123 homine.
1005 5068 1324 5138 Quanquam
1350 5083 1461 5121 non
1487 5068 1653 5121 homo
1674 5068 1870 5132 solum,
1905 5067 2001 5121 sed

418 5160 584 5214 etiam
616 5159 763 5214 Deus
788 5158 1142 5215 teternus'est
1181 5160 1437 5215 Christus
1464 5159 1729 5213 Dominus
1756 5176 1768 5211 :
1795 5158 1889 5212 sed
1934 5176 2001 5214 ex

383 5240 395 5297 ἒ
418 5258 697 5319 assumpta
723 5258 921 5305 natura
948 5266 1073 5305 eum
1109 5250 1411 5304 nominavit
1440 5249 1662 5303 divinus
1686 5248 2000 5318 Apostolus,

418 5339 546 5409 quia
592 5341 894 5396 secundum
946 5342 1088 5396 hanc
1126 5342 1464 5412 comparavit
1506 5339 1772 5395 Adamum
1804 5342 1821 5360 ‘
1856 5340 2001 5411 (cum

2106 4520 2320 4589 Ὠσπερ
2358 4516 2467 4587 γάρ
2516 4517 2574 4569 ὲν
2619 4514 2698 4586 τῷ
2750 4514 2922 4584 ’Δδάμ
2972 4513 3175 4576 πάντες
3223 4511 3682 4581 ἀποθνήσκουσιν,

2102 4609 2244 4663 οὓτω
2272 4610 2367 4662 καὶ
2394 4609 2453 4660 ὲν
2484 4607 2563 4676 τῷ
2603 4606 2825 4676 Χριστῷ
2858 4605 3058 4667 πάντες
3098 4602 3618 4674 ζωοποιηθήσονται.
3659 4620 3678 4652 ι

2118 4701 2248 4755 Ἰδού
2280 4719 2363 4754 σοι
2404 4700 2498 4755 καὶ
2542 4701 2606 4753 ἐκ
2640 4698 2750 4752 τῶν
2790 4698 2950 4752 θείων
3004 4696 3200 4765 λογίων
3248 4697 3345 4758 τὰς
3385 4694 3683 4757 ἀποδείξεις

2105 4795 2446 4865 παρήγαγον.
2508 4790 2680 4844 Βλέπε
2738 4790 2918 4843 τοίνυν
2957 4791 3066 4852 τοῖς
3114 4786 3208 4841 τοῦ
3259 4786 3427 4857 Ἀδὰμ
3468 4785 3535 4839 τά
3588 4785 3685 4839 τοῦ

2111 4882 2350 4954 Χριστοῦ
2398 4879 2909 4954 παρεξεταζόμενα,
2963 4883 3027 4950 τῇ
3064 4880 3204 4949 νόσῳ
3232 4880 3329 4949 τὴν
3362 4877 3682 4948 θεραπείαν,

2106 4975 2184 5046 τῷ
2216 4976 2365 5029 ἕλκει
2394 4976 2455 5028 τὸ
2481 4976 2795 5047 φάρμακον,
2836 4976 2901 5043 τῇ
2940 4972 3186 5043 ἁμαρτίᾳ
3213 4974 3310 5041 τῆς
3338 4969 3685 5041 δικαιοσύνης

2105 5066 2196 5120 τὸν
2234 5065 2485 5132 πλοῦτον,
2534 5070 2600 5136 τῇ
2658 5067 2769 5137 ἀρᾷ
2799 5065 2899 5135 τὴν
2946 5064 3218 5131 εὐλογίαν,
3262 5066 3327 5134 τῇ
3360 5063 3686 5134 κατακρίσει

2104 5158 2205 5227 τὴν
2234 5160 2450 5227 ἄφεσιν,
2483 5160 2548 5228 τῇ
2582 5157 2892 5226 παραϐάσει
2920 5156 3018 5227 τὴν
3063 5156 3314 5227 τήρησιν,
3344 5159 3409 5227 τῇ
3454 5155 3685 5228 τελευτῇ

2104 5250 2205 5321 τὴν
2242 5248 2407 5319 ζωὴν,
2441 5248 2518 5320 τῷ
2548 5248 2649 5322 ᾄδῃ
2678 5249 2771 5317 τὴν
2802 5248 3096 5317 βασιλείαν,
3131 5248 3209 5319 τῷ
3250 5247 3419 5318 Ἀδάμ
3437 5248 3526 5300 τὸν
3548 5249 3593 5300 Χ
3603 5265 3686 5318 ριν

2108 5341 2253 5408 στὸν,
2306 5342 2385 5413 τῷ
2428 5339 2702 5415 ἀνθρώπῳ
2735 5340 2825 5393 τὸν
2860 5340 3168 5411 ἄνθρωπον.
3207 5339 3399 5393 Καίτοι
3444 5339 3546 5392 οὐκ
3592 5340 3680 5393 ἀν-

500 5498 626 5529 ⁹²”³
658 5496 895 5562 Rom.v,
928 5499 1108 5553 15-17.
1151 5498 1197 5530 ”
1225 5499 1357 5555 Ibid.
1398 5500 1485 5566 48,
1518 5499 1604 5553 19.
1680 5502 1725 5534 ’⁸
1751 5502 1771 5557 Ι
1802 5497 1930 5554 COP-
1961 5515 2049 5567 XV.
2075 5500 2263 5559 20-22.

491 5650 605 5803 $39)
640 5651 755 5740 τοῦ.
796 5654 875 5707 Ex
906 5654 1035 5709 edit.
1076 5657 1231 5736 Rom.
1265 5665 1319 5710 et
1367 5657 1515 5728 Lips.
1559 5657 1890 5728 suppletum.

518 5726 606 5797 ιο)
642 5741 753 5781 και.
808 5725 1009 5783 Eadem
1045 5726 1362 5792 Particula”
1387 5743 1511 5798 quas
1533 5727 1688 5797 juxta
1724 5744 1883 5801 recep

518 5726 606 5797 ιο)
642 5725 753 5781 καί.
808 5725 1009 5783 Eadem
1045 5726 1362 5792 Particula,,
1387 5725 1511 5798 qum
1533 5725 1688 5797 juxta
1724 5738 1996 5801 receptam

2105 5661 2396 5800 fctjgnem
2432 5662 2499 5716 ab
2540 5662 2594 5715 h.
2626 5661 2663 5715 l.
2706 5662 2880 5724 abest,
2920 5660 3139 5717 additur
3178 5674 3207 5712 a
3253 5657 3452 5712 Nostro
3518 5663 3562 5711 t.
3592 5653 3687 5722 Ill,
