4010 6212
289 333 405 398 ἔξω

1355 329 1736 397 DIALOGUS
1777 337 1891 398 III.
1918 363 1989 372 -
2025 340 2496 402 IMPATIBILIS

3461 342 3571 407 250

290 452 512 522 θρωπος
537 447 722 517 μόνον,
745 445 885 499 ἀλλὰ
914 445 1007 500 καὶ
1030 445 1166 510 Θεὸς
1189 446 1517 519 προαιώνιος
1545 448 1574 499 6
1603 449 1879 518 Δεσπότης

2007 451 2242 512 Ihristo).
2291 452 2466 523 Hujus
2505 452 2652 508 enim
2700 460 2785 506 est
2819 451 3160 523 justiﬁcatio,
3192 450 3358 522 hujus
3392 449 3567 516 lucta,

288 539 528 612 Χριστός
550 555 563 567 ·
591 538 710 592 ἀλλ’
748 540 814 592 ἐκ
845 538 944 608 τῆς
975 536 1278 610 ληφθείσης
1308 539 1470 592 αὑτὸν
1494 541 1745 611 ὠνόμασε
1779 541 1884 611 φύν

291 645 430 690 σεως
465 628 494 681 ὀ
517 626 664 689 θεῖος
705 625 1056 688 Ἀπόστολος,
1094 625 1281 695 ἐπειδὴ
1312 626 1485 697 ταύτῃ
1527 627 1595 680 τὰ
1622 629 1765 681 κατά
1793 628 1882 682 τὸν

305 719 480 788 Ἀδὰμ
508 714 886 789 παρεξήτασε.
912 715 1133 785 Ταύτης
1151 717 1260 786 γὰρ
1287 717 1319 786 ὴ
1344 716 1652 782 δικαίωσις,
1678 718 1886 787 ταύτης

288 811 322 878 η
355 808 523 878 πάλη,
557 807 768 876 ταύτης
803 807 830 877 ἡ
862 808 1011 877 νίκη,
1054 805 1259 878 ταύτης
1283 807 1354 861 τὰ
1401 809 1574 880 πάθη,
1608 809 1813 881 ταύτης
1852 813 1880 862 ὁ

287 901 546 968 θάνατος,
574 899 780 969 ταύτης
822 901 854 970 ἠ
896 899 1217 964 ἀνάστασις,
1259 902 1469 974 ταύτης
1514 902 1880 974 κοινωνοῦμεν

283 993 386 1062 τῆς
434 992 678 1062 φύσεως,
729 990 906 1065 ταύτῃ
952 992 1488 1062 συμϐασιλεύσουσιν
1541 993 1653 1066 (41)
1687 996 1744 1048 ὀί
1777 993 1877 1064 τῆς

1982 545 2148 614 hujus
2174 544 2423 606 victoria,
2467 543 2632 614 hujus
2657 544 2962 613 passiones.
2998 545 3164 615 hujus
3207 558 3378 607 mors,
3403 541 3572 614 hujus

1981 634 2336 699 resurrectio,
2385 635 2550 704 hujus
2593 650 2783 689 sumus
2813 645 3023 690 naturae
3057 636 3212 705 201
3248 632 3568 704 participes,

1981 740 2105 780 cum
2156 725 2260 780 hac
2304 725 2616 797 regnabunt
2658 727 2752 796 qui
2801 742 2860 781 se
2908 727 2976 780 ad
3025 727 3445 781 convenientem
3489 722 3570 777 illi

1986 831 2155 886 regno
2197 817 2322 871 vita:
2353 818 2619 879 rationem
2665 818 3042 888 przepararint.
3079 818 3393 873 Secundum
3425 815 3571 869 hanc

1986 918 2170 963 autem
2201 907 2334 971 dixi,
2361 925 2470 963 non
2500 908 2843 964 divinitatem
2869 925 3154 980 separans,
3181 907 3277 964 sed
3307 906 3568 962 Immani-

1987 997 2116 1051 tatis
2151 997 2371 1067 propria
2399 1013 2716 1052 recensens.

274 1084 570 1156 βασιλείας
601 1084 702 1154 τὴν
735 1084 1014 1138 πολιτείαν
1043 1085 1574 1158 προμελετήσαντες.
1601 1085 1788 1158 Ταύτῃ
1818 1085 1873 1138 δὲ
1911 1082 2088 1153 εἷπον,
2113 1090 2172 1142 ού
2213 1090 2313 1160 τὴν
2349 1089 2579 1160 θεότητα
2645 1090 2918 1162 χωρίζων,
2969 1090 3106 1144 ἀλλὰ
3127 1090 3227 1160 τῆς
3286 1086 3570 1159 ἀνθρωπό-

275 1197 341 1251 τη
354 1195 453 1241 τος
476 1177 542 1231 τὰ
579 1178 688 1232 ῐδια
708 1177 904 1246 Αέγων.

357 1270 567 1324 ΕΡΑΝ.
600 1270 842 1335 Πολλοὺς
865 1271 997 1342 περὶ
1026 1269 1221 1326 τούτου
1246 1271 1629 1344 διεξελήλυθας
1660 1272 1873 1341 λόγους,

276 1364 374 1414 καὶ
430 1366 739 1434 γραφικαῖς
792 1364 995 1428 αὐτοὺς
1061 1363 1366 1436 ὼχύρωσας
1424 1366 1771 1437 μαρτυρίαις.
1812 1365 1876 1418 Ei

285 1454 472 1506 τοίνυν
522 1453 627 1522 τῆς
659 1455 862 1526 σαρκὸς
895 1455 1113 1525 ἀληθῶς
1158 1457 1219 1510 τὺ
1254 1456 1449 1522 πάθος,
1496 1457 1615 1522 πῶς
1650 1461 1678 1512 ό
1735 1456 1877 1520 θεῖος

287 1544 626 1608 Ἀπόστολος
679 1544 782 1616 βοᾷ
821 1545 920 1616 τὴν
982 1545 1134 1600 θείαν
1193 1546 1607 1618 φιλανθρωπίαν
1657 1547 1874 1618 ὑμνῶν·

283 1649 304 1681 ι
354 1635 455 1696 ὐς
483 1650 547 1701 γε
599 1632 698 1688 τοῦ
750 1634 883 1688 ἰδίου
921 1634 1053 1688 Υἰοῦ
1087 1637 1190 1688 οὐκ
1242 1637 1522 1706 ἐφείσατο,
1563 1638 1698 1692 ἀλλὰ
1739 1638 1879 1708 ὑπὲρ

2057 1272 2264 1327 ERA‘N.
2299 1272 2411 1326 Huc
2437 1272 2506 1327 de
2535 1288 2595 1326 re
2626 1272 2796 1326 multa
2827 1271 3164 1334 disseruisti,
3191 1280 3247 1325 et
3274 1271 3570 1343 Scriptura:

1985 1366 2319 1420 testimoniis
2347 1382 2410 1421 ea
2443 1365 2801 1421 conﬁrmasti.
2840 1366 2895 1420 Si
2931 1380 3062 1435 ergo
3094 1381 3222 1420 vere
3263 1369 3447 1422 carnis
3485 1376 3569 1423 est

1983 1457 2198 1527 passio,
2247 1457 2524 1527 quomodo
2579 1458 2779 1512 clamat
2829 1457 3051 1511 divinus
3095 1455 3416 1526 Apostolus,
3470 1458 3571 1514 Dei

1983 1565 2114 1619 erga
2141 1549 2394 1603 homines
2416 1563 2659 1604 amorem
2685 1547 2917 1603 laudans
2952 1567 2963 1601 :
3002 1568 3019 1599 ι
3050 1547 3153 1614 Qui
3183 1549 3407 1618 proprio
3429 1548 3568 1603 Filio

1977 1656 2088 1695 non
2129 1641 2395 1710 pepercit,
2434 1639 2530 1694 sed
2584 1655 2686 1708 pro
2734 1639 2896 1694 nobis
2928 1640 3188 1694 omnibus
3231 1638 3458 1693 tradidit
3497 1639 3565 1694 il-

281 1725 448 1795 ἡμῶν
490 1725 713 1780 πάντων
758 1727 1080 1798 παρέδωκεν
1108 1728 1311 1794 αὐτόν;
1363 1748 1382 1780 ι
1417 1731 1577 1784 Ποῖον
1623 1730 1739 1782 υίὸν
1770 1730 1876 1798 ἔφη

2007 1748 2096 1786 um
2121 1729 2206 1787 "?
2234 1753 2251 1784 ι
2286 1732 2459 1800 Quem
2495 1731 2668 1786 ﬁlium
2704 1732 2841 1786 dicit
2874 1731 3138 1786 traditum
3163 1732 3318 1787 esse?

284 1818 690 1889 παραδεδόσθαι
705 1836 720 1885 ;

355 1909 516 1966 ΟΡΘ.
551 1912 824 1980 Εὐφήμει,
851 1911 1110 1984 ἄνθρωπε
1132 1930 1144 1946 °
1165 1908 1248 1979 εἷς
1277 1915 1387 1986 γὰρ
1407 1914 1504 1971 τοῦ
1536 1915 1672 1969 Θεοῦ
1703 1915 1832 1978 Υίός
1854 1930 1869 1947 ·

274 1996 347 2056 οὗ
367 2004 440 2075 δὴ
472 2005 629 2058 ἓνεκα
655 2007 976 2078 Μονογενὴς
1010 2009 1471 2081 προσηγόρευται.

358 2206 566 2261 ΕΡΑΝ.
609 2207 674 2260 Ei
703 2208 885 2261 τοίνυν
916 2202 1000 2272 εἷς
1039 2209 1188 2262 ἐστιν
1220 2207 1348 2272 Υἱὸς
1389 2207 1485 2261 τοῦ
1519 2208 1679 2277 Θεοῦ,
1712 2209 1876 2264 αὐτὸν

271 2301 310 2352 ὁ
345 2299 489 2362 θεῖος
531 2299 854 2364 Ἀπόστολος
890 2299 1024 2354 ἴδιον
1053 2300 1184 2354 Υίὸν
1207 2301 1677 2374 προσηγόρευσεν,
1718 2371 1730 2390 η

357 2389 512 2445 ore.
560 2389 810 2461 Ἀληθές.
1523 2416 1530 2421 -
1726 2389 1732 2399 λ

356 2481 566 2536 EPAN.
597 2482 772 2536 Αὐτὸν
798 2477 896 2536 οῦν
935 2483 1047 2554 ἄρα
1071 2483 1174 2556 ἔφη
1202 2485 1623 2557 παραδεδόσθαι.

353 2573 510 2628 ΟΡΘ.
558 2573 754 2640 Αὐτὸν,
809 2573 926 2627 ἀλλ’
963 2575 1062 2628 οὐκ
1113 2575 1430 2648 ἀσώματον,
1489 2578 1566 2640 ὠς
1614 2577 1875 2642 πολλάκις

262 2666 322 2719 ὦ
331 2665 539 2737 μολογή
549 2683 616 2719 σα
622 2683 744 2736 μεν.

352 2758 562 2813 EPAN.
606 2759 953 2831 Ὠμολογήθη
980 2759 1243 2823 πολλάκις
1280 2759 1440 2831 σῶμα
1465 2759 1629 2834 αὐτον
1652 2761 1746 2815 καὶ
1774 2762 1876 2830 duo

263 2850 387 2923 χὴν
424 2851 732 2921 εἰληφέναι.

355 2944 514 2997 ΟΡΘ.
545 2944 758 2997 Οὐκοῦν
805 2945 937 3016 περὶ
963 2944 1073 2999 τῶν
1121 2945 1336 3018 σώματι
1392 2945 1820 3017 συμϐεϐηκότων
1847 2948 1876 2999 ὁ

275 3035 625 3099 ’Λπόστολος
651 3036 897 3106 εἴρηκεν.

2049 1914 2259 1970 ORTH.
2313 1912 2460 1968 Bona
2511 1911 2706 1974 verba,
2741 1926 2774 1965 o
2830 1911 3017 1966 homo.
3070 1910 3222 1965 Unus
3265 1909 3414 1964 enim
3467 1908 3564 1966 Dei

1976 2007 2150 2063 Filius
2171 2015 2255 2062 est
2285 2024 2297 2059 :
2333 2021 2566 2075 eamque
2598 2004 2668 2059 ob
2710 2019 2930 2059 causam
2968 2002 3291 2074 Unigenitus
3320 2004 3564 2074 appellao

1978 2107 2090 2153 tur.

2046 2189 2253 2245 ERAN.
2291 2189 2347 2245 Si
2383 2204 2516 2259 ergo
2544 2205 2688 2243 unus
2722 2196 2808 2242 est
2839 2187 2938 2242 Dei
2974 2188 3166 2252 Filius,
3193 2189 3374 2258 ipsum
3417 2189 3568 2244 divi-

1976 2297 2082 2336 nus
2113 2281 2410 2351 Apostolus
2437 2279 2727 2350 proprium
2758 2279 2956 2334 Filium
2992 2281 3306 2350 appellavit.

2048 2373 2261 2429 ORTH.
2301 2375 2503 2430 Verum
2535 2381 2639 2428 est.

2048 2467 2254 2522 ERAN.
2294 2467 2476 2536 lpsum
2505 2481 2638 2537 ergo
2668 2465 2933 2520 traditum
2965 2466 3136 2521 fuisse
3162 2467 3256 2522 ait.

2045 2560 2255 2616 ORTll.
2314 2561 2517 2629 ipsum,
2553 2559 2649 2614 sed
2693 2574 2806 2614 non
2863 2559 3278 2628 incorporeum,
3315 2565 3376 2612 ιιι
3422 2571 3570 2626 sepe

1977 2651 2210 2706 confessi
2249 2665 2460 2705 sumus.

2049 2744 2255 2798 ERAN.
2316 2743 2470 2812 Saepe
2525 2742 2758 2796 confessi
2811 2757 3003 2796 sumus
3051 2741 3228 2810 ipsum
3269 2753 3469 2809 corpus
3510 2745 3568 2792 ει

1979 2836 2216 2890 animum
2253 2834 2576 2904 sumpsisse.

2051 2926 2260 2982 ORTH.
2303 2927 2378 2981 De
2425 2925 2495 2979 iis
2542 2925 2708 2995 igitur
2747 2923 3044 2994 Apostolus
3085 2923 3248 2988 dixit,
3279 2937 3402 2992 qua:
3440 2937 3566 2976 cor-

1980 3021 2097 3092 pori
2133 3020 2488 3076 conveniunt.

346 3127 562 3181 EPAN.
624 3126 905 3197 Ἐναργῶς
949 3127 1092 3194 ἄγαν
1138 3129 1167 3180 ό
1213 3127 1537 3192 Ἀπόστολος
1571 3129 1872 3198 κέκραγεν*

2053 3111 2260 3167 ERAN.
2312 3109 2668 3180 Apertissime
2713 3109 3040 3164 exclamavit
3081 3109 3304 3164 divinus
3335 3108 3569 3178 Aposto-

273 3240 292 3270 ι
334 3220 524 3286 Ὀσγε
557 3218 655 3272 τοῦ
689 3219 820 3272 ἱδεου
855 3220 985 3272 Υἱοῦ
1019 3221 1120 3273 οὐκ
1149 3221 1433 3290 ἐφείσατο.
1466 3241 1484 3273 ι

345 3310 515 3366 υΡΘ.
582 3309 756 3364 Ὅταν
809 3307 903 3365 οὖν
959 3311 1200 3383 ἀκούσῃς
1251 3314 1348 3366 τοῦ
1397 3313 1535 3366 Θεοῦ
1596 3313 1730 3384 πρὸς
1785 3315 1877 3368 τὶν

278 3402 556 3471 Ἀϐραὰμ
585 3401 836 3469 λέγοντος
869 3420 882 3432 ·
922 3422 940 3454 ι
997 3402 1138 3456 Ἀνθ’
1160 3396 1234 3456 ὧν
1260 3407 1362 3456 οὐκ
1396 3405 1598 3474 ἐφείσω
1629 3405 1722 3457 τοῦ
1757 3405 1874 3457 υίοῦ

271 3513 374 3548 σου
405 3493 702 3564 ἀγαπητοῦ
735 3494 941 3565 erepte,
982 3514 1000 3545 ι
1028 3495 1295 3566 ὲσφάχθαε
1321 3496 1502 3565 λέγεις
1523 3497 1616 3550 τὸν
1655 3498 1872 3563 Ἰσαάκ;

349 3673 567 3726 EPAN.
601 3672 677 3725 oo
716 3672 870 3741 δῆτα.

349 3765 511 3820 ΟΡΘ.
551 3765 663 3817 Καὶ
716 3764 823 3834 μὴν
864 3765 892 3817 6
940 3764 1072 3828 Θεὸς
1103 3765 1208 3838 ἔφη
1242 3766 1323 3832 τὸ,
1369 3787 1387 3819 ι
1424 3767 1526 3820 οὒκ
1576 3766 1810 3836 ἐφείσω·
1853 3784 1873 3818 ›

272 3859 496 3930 ἀληθὴς
530 3857 588 3910 δὲ
621 3860 648 3913 6
676 3857 785 3910 τῶν
816 3857 952 3910 ὅλων
978 3858 1132 3921 Θεός.

344 3949 570 4003 EPAN.
600 3949 680 4018 Τῇ
718 3948 1002 4019 προθυμία
1026 3949 1117 4002 τοῦ
1157 3949 1409 4020 Ἀϐραὰμ
1436 3950 1519 4010 τὸ,
1553 3969 1571 4001 ‹
1603 3951 1704 4003 ούκ
1728 3949 1878 4018 ἐφεί-

273 4059 380 4107 σω,
428 4060 450 4092 ι
489 4041 899 4110 συνήρμοσταιο
945 4041 1129 4110 ἐκείνῃ
1177 4039 1288 4110 γὰρ
1331 4040 1592 4114 ὥρμησεν
1632 4041 1878 4114 ίερεῦσαι

269 4135 369 4187 τὸν
403 4131 599 4195 παῖδα,
634 4131 751 4184 ἀλλ’
783 4131 813 4183 6
847 4129 978 4194 Θεὸς
1013 4129 1363 4187 διεκώλυσεν.

345 4305 512 4360 ΟΡΘ.
548 4306 764 4376 Ὠσπερ
816 4304 995 4359 τοίνυν
1037 4305 1095 4357 ὲν
1137 4307 1250 4367 τοῖς
1297 4304 1440 4357 κατὰ
1481 4304 1574 4356 τὸν
1626 4302 1878 4374 Ἀϐραὰμ

272 4398 380 4451 sint
410 4397 654 4466 ἠνέσχου
687 4395 781 4449 τοῦ
817 4396 1170 4466 γράμματος,
1199 4395 1312 4448 ἀλλ’
1349 4393 1664 4457 ἀναπτύξας
1693 4393 1874 4458 τοῦτο,

1980 3205 2086 3269 lus,
2129 3224 2146 3255 ι
2187 3202 2291 3270 Qui
2327 3204 2552 3273 proprio
2583 3202 2722 3257 Filio
2746 3218 2856 3257 non
2888 3203 3153 3272 pepercit.
3186 3221 3204 3254 ι

2048 3295 2256 3350 ORTH.
2304 3293 2534 3360 Quando
2601 3293 2769 3364 igitur
2819 3293 2991 3347 Deum
3057 3293 3220 3348 audis
3285 3294 3567 3348 dicentem

1978 3396 2290 3450 Abrahamo
2322 3413 2333 3448 :
2371 3413 2390 3445 ι
2428 3393 2568 3460 Quia
2607 3409 2718 3448 non
2760 3391 3052 3464 pepercisti
3093 3388 3207 3443 ﬁlio
3244 3395 3338 3441 tuo
3374 3385 3566 3452 unige-

1978 3491 2095 3542 nito
2147 3498 2371 3558 propter
2414 3503 2502 3541 me
2551 3487 2617 3552 ",
2663 3506 2681 3538 ι
2733 3486 3039 3557 iugulatum
3098 3482 3344 3536 lsaacum
3399 3477 3571 3532 fuisse

1977 3581 2156 3634 dicis?

2051 3673 2259 3726 ERAN.
2300 3672 2658 3739 Nequaquam

2050 3762 2262 3818 ORTH.
2287 3762 2355 3815 Et
2378 3770 2561 3815 tamen
2588 3760 2734 3815 Deus
2759 3758 2899 3814 dixit
2926 3776 2939 3811 :
2979 3776 2997 3808 ‹
3026 3757 3146 3812 Non
3181 3754 3512 3827 pepercisti,
3545 3774 3564 3806 ι

1981 3872 2145 3913 verax
2180 3863 2361 3909 autem
2402 3860 2487 3908 est
2519 3851 2904 3907 universorum
2940 3850 3105 3904 Deus.

2053 3944 2214 4014 202
2270 3941 2479 3996 ERAN.
2524 3943 2785 4010 Prompto
2855 3938 3092 3994 Ahraha:
3167 3936 3352 3992 animo
3411 3934 3566 4000 illud,

1991 4058 2007 4090 ι
2048 4051 2164 4091 ηοιι
2210 4032 2507 4104 pepercisti
2549 4051 2566 4084 ι
2629 4032 2900 4088 tributum
2958 4038 3042 4084 est
3090 4048 3102 4083 :
3144 4029 3239 4082 illo
3294 4026 3441 4080 enim
3504 4023 3572 4079 ad

1983 4129 2377 4184 immolandum
2415 4127 2585 4183 ﬁlium
2625 4125 2894 4196 impulsus
2937 4131 3043 4188 est,
3081 4122 3177 4178 sed
3205 4122 3350 4176 Deus
3379 4118 3570 4190 prohi-

1981 4219 2121 4277 buit.

2051 4311 2260 4366 ORTH.
2302 4307 2775 4376 Quemadmodum
2812 4321 2944 4378 ergo
2985 4306 3040 4360 in
3077 4302 3313 4360 Abrahae
3341 4298 3570 4355 historia

1983 4419 2090 4456 non
2127 4401 2404 4456 adhwsisti
2449 4401 2666 4463 littera),
2705 4399 2798 4453 sed
2836 4415 2900 4452 ea
2935 4397 3206 4466 explicata
3241 4390 3570 4449 sententiam

272 4491 377 4560 τὴν
405 4488 655 4541 διάνοιαν
677 4489 1017 4558 ἔσαφήνισας
1038 4504 1052 4517 '
1088 4485 1233 4540 οὕτω
1263 4487 1356 4540 καὶ
1377 4487 1475 4556 τῆς
1509 4484 1875 4554 ἁποστολικῆς

2007 4495 2272 4550 leclarasti
2310 4512 2323 4547 :
2353 4494 2433 4548 sic
2460 4494 2626 4549 etiam
2667 4490 2952 4562 apostolici
2981 4490 3117 4544 dicti
3151 4503 3378 4557 scopum
3413 4499 3571 4539 scru-

273 4583 505 4651 ρήσεως
545 4579 840 4651 ἐρεύνησον
887 4580 980 4633 τὸν
1026 4577 1252 4635 σκοπόν.
1290 4580 1450 4647 Ὀᾠει
1507 4578 1616 4648 γὰρ
1665 4579 1724 4631 οὐ
1777 4576 1876 4646 τὴν

269 4673 447 4725 θείαν
502 4670 666 4739 φύσιν
714 4673 918 4741 ἥκιστα
971 4669 1240 4739 τυχοῦσαν
1302 4669 1538 4738 φειδοῦς,
1602 4669 1737 4722 ἀλλὰ
1777 4668 1876 4737 τὴν

277 4767 500 4835 τάρκα,
535 4764 634 4834 τὴν
667 4764 1118 4835 προσηλωθεῖσαν
1140 4763 1220 4834 τῷ
1259 4762 1398 4832 ξύλῳ
1418 4779 1432 4792 ο
1474 4762 1654 4834 ῥᾴδιον
1684 4761 1740 4814 δὲ
1770 4760 1875 4813 κᾶν

271 4859 356 4930 τῷ
389 4859 556 4928 τύπῳ
590 4859 827 4912 κατιδεῖν
875 4858 975 4926 τὴν
1013 4856 1296 4927 ἀλήθειαν.
1331 4857 1489 4908 Δοκεῖ
1518 4855 1689 4918 τύπος
1737 4850 1878 4906 εἶναι

269 4949 379 5001 τοῦ
436 4949 692 5020 Ἀϐραὰμ
729 4952 763 5021 ἡ
795 4949 960 5003 θυσία
1005 4951 1104 5020 τῆς
1143 4950 1283 5022 ὑπὲρ
1334 4946 1427 5000 τοῦ
1463 4945 1671 5016 κόσμου
1711 4961 1878 5015 πί³⁰⁵³

273 5042 610 5113 ηεχθείσης
645 5043 956 5114 ἱερουργίας
977 5060 992 5107 ;

353 5135 574 5188 ΕΡᾹΝ.
629 5137 702 5188 Ού
742 5136 992 5199 ’πάντως⁹
1044 5135 1164 5188 οὐδὲ
1210 5133 1320 5203 γὰρ
1365 5133 1565 5187 κανόνα
1618 5127 1879 5199 ποιοῦμαι

272 5228 585 5296 δογμάτων
616 5227 686 5281 τὰ
723 5227 1114 5300 πανηγυρικῶς
1145 5228 1202 5279 ὲν
1241 5228 1361 5288 ταῖς
1407 5222 1760 5293 Ἐκκλησίαις
1787 5223 1877 5273 λε-

273 5321 524 5392 γόμενα.

356 5410 522 5465 ΟΡΘ.
586 5411 842 5466 Μάλιστα
886 5427 984 5480 μεν
1030 5410 1200 5480 ἐχρῆν
1246 5411 1361 5472 τοῖς
1416 5411 1514 5477 τῆς
1555 5403 1881 5475 Ἐκκλησίας

275 5501 638 5564 διδαεκάλοις
676 5501 1014 5555 ἀκολουθεῖν.
1059 5498 1280 5570 Ἐπειδὴ
1304 5499 1361 5552 δὲ
1398 5499 1608 5562 τούτοις
1648 5493 1882 5550 ἀντιτεί-

359 5659 416 5690 ’⁸
444 5659 599 5714 Rom.
624 5671 740 5722 τιιι,
765 5655 854 5710 32.
930 5654 974 5687 ”
1006 5655 1142 5712 Gen.
1171 5670 1301 5716 xxn,
1331 5653 1413 5708 lﬁ.

367 5817 482 5884 (Η)
529 5821 691 5890 cupii.
741 5821 922 5880 Editio
967 5823 1117 5894 prior
1168 5820 1403 5876 habebat
1450 5815 1965 5890 συμόασιλεύουσιν.

1985 4597 2120 4643 tare.
2149 4587 2377 4642 Videbis
2402 4587 2550 4642 enim
2585 4601 2694 4641 non
2741 4584 2988 4639 divinant
3023 4590 3300 4645 naturam,
3327 4577 3420 4632 sed
3457 4591 3570 4629 car-

1982 4695 2108 4734 nem
2167 4679 2316 4749 ligno
2367 4677 2614 4742 aﬁixam,
2667 4691 2790 4731 eam
2842 4691 2963 4730 esse
3017 4673 3107 4729 cui
3155 4674 3299 4728 Deus
3348 4669 3572 4724 minime

1982 4771 2250 4841 pepercit.
2278 4769 2458 4824 Facile
2507 4775 2689 4822 autem
2721 4780 2806 4822 est
2832 4768 3000 4822 etiam
3036 4767 3092 4822 in
3125 4775 3252 4837 typo
3284 4763 3572 4818 veritatem

1985 4861 2321 4932 perspicere.
2360 4862 2378 4880 ‘
2415 4859 2722 4914 Videturne
2759 4859 2995 4914 Abrahae
3037 4856 3371 4914 sacriﬁcium
3414 4863 3572 4927 typus

1985 4952 2154 5007 fuisse
2189 4949 2444 5006 sacriﬁcii
2479 4950 2624 5020 quod
2653 4967 2753 5020 pro
2785 4950 2993 5005 mundo
3030 4950 3276 5003 oblatum
3311 4947 3434 5002 est?

2054 5121 2262 5178 ERAN.
2300 5122 2465 5178 Plane
2497 5138 2629 5177 non.
2664 5121 2777 5178 Nec
2799 5121 2946 5176 enim
2975 5119 3290 5190 dogmatum
3325 5117 3570 5188 regulam

1985 5233 2048 5269 ea
2080 5223 2284 5279 statuo,
2309 5230 2430 5284 quae
2465 5214 2792 5285 panegyrico
2820 5228 2971 5266 more
3007 5210 3060 5265 in
3096 5209 3339 5265 Ecclesia
3373 5208 3569 5263 dicun-

1987 5316 2095 5362 tur.

2057 5400 2267 5456 ORTII.
2304 5398 2564 5455 Ecclesiae
2596 5397 2851 5453 doctores
2893 5397 3046 5467 sequi
3097 5394 3331 5449 maxime
3365 5403 3567 5446 conve-

1988 5495 2172 5549 nicbat
2216 5513 2227 5547 :
2265 5492 2358 5548 sed
2404 5491 2664 5562 quoniam
2696 5490 2787 5549 his
2817 5489 3148 5553 adversaris,
3178 5503 3286 5543 non
3321 5493 3471 5542 recte
3511 5483 3568 5545 id
