  <div class='ocr_page' id='page_1' title='image "/cluster/home/n/w/nwhite01/storage/ocr_20150623/83/hvd.32044073502072/131.png"; bbox 0 0 4010 6212; ppageno 0'>
   <div class='ocr_carea' id='block_1_1' title="bbox 413 369 512 434">
    <p class='ocr_par' dir='ltr' id='par_1_1' title="bbox 413 369 512 434">
     <span class='ocr_line' id='line_1_1' title="bbox 413 369 512 434; baseline 0 -1"><span class='ocrx_word' id='word_1_1' title='bbox 413 369 512 434; x_wconf 79' lang='grc'><strong>251</strong></span> 
     </span>
    </p>
   </div>
   <div class='ocr_carea' id='block_1_2' title="bbox 1409 361 2673 430">
    <p class='ocr_par' dir='ltr' id='par_1_2' title="bbox 1409 361 2673 430">
     <span class='ocr_line' id='line_1_2' title="bbox 1409 361 2673 430; baseline -0.006 0"><span class='ocrx_word' id='word_1_2' title='bbox 1409 363 1897 430; x_wconf 80' lang='lat' dir='ltr'><strong>THEODORETI</strong></span> <span class='ocrx_word' id='word_1_3' title='bbox 1934 361 2272 423; x_wconf 87' lang='lat' dir='ltr'><strong>EPISCOPI</strong></span> <span class='ocrx_word' id='word_1_4' title='bbox 2309 363 2673 424; x_wconf 84' lang='lat' dir='ltr'><strong>CYRENSIS</strong></span> 
     </span>
    </p>
   </div>
   <div class='ocr_carea' id='block_1_3' title="bbox 3558 353 3663 419">
    <p class='ocr_par' dir='ltr' id='par_1_3' title="bbox 3558 353 3663 419">
     <span class='ocr_line' id='line_1_3' title="bbox 3558 353 3663 419; baseline 0 -2"><span class='ocrx_word' id='word_1_5' title='bbox 3558 353 3663 419; x_wconf 76' lang='lat'><strong>252</strong></span> 
     </span>
    </p>
   </div>
   <div class='ocr_carea' id='block_1_4' title="bbox 414 463 2020 554">
    <p class='ocr_par' dir='ltr' id='par_1_4' title="bbox 414 471 1989 554">
     <span class='ocr_line' id='line_1_4' title="bbox 414 471 1989 554; baseline -0.008 -17"><span class='ocrx_word' id='word_1_6' title='bbox 414 481 659 554; x_wconf 85' lang='lat' dir='ltr'><strong>quidem,</strong></span> <span class='ocrx_word' id='word_1_7' title='bbox 696 481 874 550; x_wconf 90' lang='lat' dir='ltr'><strong>ipsum</strong></span> <span class='ocrx_word' id='word_1_8' title='bbox 914 487 1064 535; x_wconf 86' lang='lat' dir='ltr'><strong>certe</strong></span> <span class='ocrx_word' id='word_1_9' title='bbox 1109 479 1450 535; x_wconf 85' lang='lat' dir='ltr'><strong>Salvatorem</strong></span> <span class='ocrx_word' id='word_1_10' title='bbox 1486 477 1615 531; x_wconf 88' lang='lat' dir='ltr'><strong>audi</strong></span> <span class='ocrx_word' id='word_1_11' title='bbox 1649 475 1852 532; x_wconf 73' lang='lat' dir='ltr'><strong>Judzeis</strong></span> <span class='ocrx_word' id='word_1_12' title='bbox 1903 471 1989 526; x_wconf 89' lang='lat' dir='ltr'><strong>di-</strong></span> 
     </span>
    </p>
   </div>
   <div class='ocr_carea' id='block_1_5' title="bbox 2131 463 3664 554">
    <p class='ocr_par' dir='ltr' id='par_1_5' title="bbox 2131 463 3664 541">
     <span class='ocr_line' id='line_1_5' title="bbox 2131 463 3664 541; baseline -0.003 -18"><span class='ocrx_word' id='word_1_13' title='bbox 2131 488 2226 535; x_wconf 87' lang='grc' dir='ltr'>εις,</span> <span class='ocrx_word' id='word_1_14' title='bbox 2259 473 2359 526; x_wconf 87' lang='grc' dir='ltr'><strong>ούκ</strong></span> <span class='ocrx_word' id='word_1_15' title='bbox 2401 467 2528 541; x_wconf 79' lang='grc' dir='ltr'>εὖγε</span> <span class='ocrx_word' id='word_1_16' title='bbox 2586 471 2780 538; x_wconf 84' lang='grc' dir='ltr'>ποιῶν,</span> <span class='ocrx_word' id='word_1_17' title='bbox 2827 469 2993 524; x_wconf 70' lang='grc' dir='ltr'>αὐτοῦ</span> <span class='ocrx_word' id='word_1_18' title='bbox 3029 467 3081 538; x_wconf 82' lang='grc' dir='ltr'>γ’</span> <span class='ocrx_word' id='word_1_19' title='bbox 3120 463 3213 523; x_wconf 77' lang='grc' dir='ltr'><strong>οῦν</strong></span> <span class='ocrx_word' id='word_1_20' title='bbox 3267 467 3362 521; x_wconf 87' lang='grc' dir='ltr'><strong>τοῦ</strong></span> <span class='ocrx_word' id='word_1_21' title='bbox 3407 465 3664 538; x_wconf 75' lang='grc' dir='ltr'><strong>Σωτῆρος</strong></span> 
     </span>
    </p>
   </div>
   <div class='ocr_carea' id='block_1_6' title="bbox 413 563 1994 640">
    <p class='ocr_par' dir='ltr' id='par_1_6' title="bbox 413 563 1994 640">
     <span class='ocr_line' id='line_1_6' title="bbox 413 563 1994 640; baseline -0.007 -13"><span class='ocrx_word' id='word_1_22' title='bbox 413 581 649 635; x_wconf 88' lang='lat' dir='ltr'><strong>centem,</strong></span> <span class='ocrx_word' id='word_1_23' title='bbox 681 591 698 621; x_wconf 81' lang='grc' dir='ltr'><strong>ι</strong></span> <span class='ocrx_word' id='word_1_24' title='bbox 728 571 1003 625; x_wconf 82' lang='lat' dir='ltr'><strong>Abraham</strong></span> <span class='ocrx_word' id='word_1_25' title='bbox 1029 580 1182 640; x_wconf 85' lang='lat' dir='ltr'><strong>pater</strong></span> <span class='ocrx_word' id='word_1_26' title='bbox 1212 579 1394 625; x_wconf 82' lang='lat' dir='ltr'><strong>&#39;vester</strong></span> <span class='ocrx_word' id='word_1_27' title='bbox 1422 567 1735 630; x_wconf 77' lang='lat' dir='ltr'><strong>exsultavit,</strong></span> <span class='ocrx_word' id='word_1_28' title='bbox 1760 575 1822 618; x_wconf 88' lang='lat' dir='ltr'><strong>ut</strong></span> <span class='ocrx_word' id='word_1_29' title='bbox 1841 563 1994 617; x_wconf 76' lang='lat' dir='ltr'><strong>vide-</strong></span> 
     </span>
    </p>
   </div>
   <div class='ocr_carea' id='block_1_7' title="bbox 414 656 1995 730">
    <p class='ocr_par' dir='ltr' id='par_1_7' title="bbox 414 656 1995 730">
     <span class='ocr_line' id='line_1_7' title="bbox 414 656 1995 730; baseline -0.005 -14"><span class='ocrx_word' id='word_1_30' title='bbox 414 671 500 716; x_wconf 87' lang='lat' dir='ltr'><strong>ret</strong></span> <span class='ocrx_word' id='word_1_31' title='bbox 552 661 698 716; x_wconf 92' lang='lat' dir='ltr'><strong>diem</strong></span> <span class='ocrx_word' id='word_1_32' title='bbox 751 677 955 725; x_wconf 88' lang='lat' dir='ltr'><strong>meum,</strong></span> <span class='ocrx_word' id='word_1_33' title='bbox 991 669 1048 716; x_wconf 88' lang='lat' dir='ltr'><strong>et</strong></span> <span class='ocrx_word' id='word_1_34' title='bbox 1082 661 1238 725; x_wconf 81' lang='lat' dir='ltr'><strong>vidit,</strong></span> <span class='ocrx_word' id='word_1_35' title='bbox 1285 669 1341 714; x_wconf 90' lang='lat' dir='ltr'><strong>et</strong></span> <span class='ocrx_word' id='word_1_36' title='bbox 1393 659 1613 730; x_wconf 80' lang='lat' dir='ltr'><strong>gavisus</strong></span> <span class='ocrx_word' id='word_1_37' title='bbox 1645 665 1729 710; x_wconf 90' lang='lat' dir='ltr'><strong>est</strong></span> <span class='ocrx_word' id='word_1_38' title='bbox 1762 656 1840 720; x_wconf 61' lang='lat'><strong>&#39;3;</strong></span> <span class='ocrx_word' id='word_1_39' title='bbox 1876 674 1894 705; x_wconf 73' lang='grc' dir='ltr'><strong>ι</strong></span> <span class='ocrx_word' id='word_1_40' title='bbox 1939 663 1995 708; x_wconf 91' lang='lat' dir='ltr'><strong>et</strong></span> 
     </span>
    </p>
   </div>
   <div class='ocr_carea' id='block_1_8' title="bbox 414 750 1998 824">
    <p class='ocr_par' dir='ltr' id='par_1_8' title="bbox 414 750 1998 824">
     <span class='ocr_line' id='line_1_8' title="bbox 414 750 1998 824; baseline -0.004 -14"><span class='ocrx_word' id='word_1_41' title='bbox 414 755 704 810; x_wconf 88' lang='lat' dir='ltr'><strong>considera</strong></span> <span class='ocrx_word' id='word_1_42' title='bbox 747 755 894 824; x_wconf 90' lang='lat' dir='ltr'><strong>quod</strong></span> <span class='ocrx_word' id='word_1_43' title='bbox 946 755 1091 810; x_wconf 91' lang='lat' dir='ltr'><strong>diem</strong></span> <span class='ocrx_word' id='word_1_44' title='bbox 1137 756 1401 809; x_wconf 88' lang='lat' dir='ltr'><strong>Dominus</strong></span> <span class='ocrx_word' id='word_1_45' title='bbox 1444 754 1754 823; x_wconf 85' lang='lat' dir='ltr'><strong>passionem</strong></span> <span class='ocrx_word' id='word_1_46' title='bbox 1805 750 1998 820; x_wconf 77' lang='lat' dir='ltr'><strong>appel-</strong></span> 
     </span>
    </p>
   </div>
   <div class='ocr_carea' id='block_1_9' title="bbox 416 847 564 904">
    <p class='ocr_par' dir='ltr' id='par_1_9' title="bbox 416 847 564 904">
     <span class='ocr_line' id='line_1_9' title="bbox 416 847 564 904; baseline -0.034 0"><span class='ocrx_word' id='word_1_47' title='bbox 416 847 564 904; x_wconf 84' lang='lat' dir='ltr'><strong>larit.</strong></span> 
     </span>
    </p>
   </div>
   <div class='ocr_carea' id='block_1_10' title="bbox 490 932 1998 1006">
    <p class='ocr_par' dir='ltr' id='par_1_10' title="bbox 490 932 1998 1006">
     <span class='ocr_line' id='line_1_10' title="bbox 490 932 1998 1006; baseline -0.003 -15"><span class='ocrx_word' id='word_1_48' title='bbox 490 935 695 991; x_wconf 84' lang='lat' dir='ltr'><strong>ERAN.</strong></span> <span class='ocrx_word' id='word_1_49' title='bbox 736 935 960 1006; x_wconf 78' lang='lat' dir='ltr'><strong>Accipio</strong></span> <span class='ocrx_word' id='word_1_50' title='bbox 1011 936 1228 991; x_wconf 89' lang='lat' dir='ltr'><strong>Domini</strong></span> <span class='ocrx_word' id='word_1_51' title='bbox 1266 935 1640 992; x_wconf 88' lang='lat' dir='ltr'><strong>testimonium</strong></span> <span class='ocrx_word' id='word_1_52' title='bbox 1665 975 1678 1000; x_wconf 94' lang='lat'><strong>,</strong></span> <span class='ocrx_word' id='word_1_53' title='bbox 1731 942 1787 988; x_wconf 88' lang='lat' dir='ltr'><strong>et</strong></span> <span class='ocrx_word' id='word_1_54' title='bbox 1830 932 1998 987; x_wconf 90' lang='lat' dir='ltr'><strong>credo</strong></span> 
     </span>
    </p>
   </div>
   <div class='ocr_carea' id='block_1_11' title="bbox 421 1033 629 1103">
    <p class='ocr_par' dir='ltr' id='par_1_11' title="bbox 421 1033 629 1103">
     <span class='ocr_line' id='line_1_11' title="bbox 421 1033 629 1103; baseline -0.014 -17"><span class='ocrx_word' id='word_1_55' title='bbox 421 1033 629 1103; x_wconf 60' lang='lat' dir='ltr'><strong>ﬁgurae.</strong></span> 
     </span>
    </p>
   </div>
   <div class='ocr_carea' id='block_1_12' title="bbox 489 1118 2000 1195">
    <p class='ocr_par' dir='ltr' id='par_1_12' title="bbox 489 1118 2000 1195">
     <span class='ocr_line' id='line_1_12' title="bbox 489 1118 2000 1195; baseline -0.008 -13"><span class='ocrx_word' id='word_1_56' title='bbox 489 1126 699 1183; x_wconf 83' lang='lat' dir='ltr'><strong>ORTH.</strong></span> <span class='ocrx_word' id='word_1_57' title='bbox 737 1127 941 1184; x_wconf 81' lang='lat' dir='ltr'><strong>Confer</strong></span> <span class='ocrx_word' id='word_1_58' title='bbox 989 1125 1157 1195; x_wconf 85' lang='lat' dir='ltr'><strong>igitur</strong></span> <span class='ocrx_word' id='word_1_59' title='bbox 1203 1122 1433 1193; x_wconf 85' lang='lat' dir='ltr'><strong>ﬁguram</strong></span> <span class='ocrx_word' id='word_1_60' title='bbox 1492 1135 1617 1175; x_wconf 90' lang='lat' dir='ltr'><strong>cum</strong></span> <span class='ocrx_word' id='word_1_61' title='bbox 1660 1118 1914 1181; x_wconf 83' lang='lat' dir='ltr'><strong>veritate,</strong></span> <span class='ocrx_word' id='word_1_62' title='bbox 1943 1125 2000 1171; x_wconf 87' lang='lat' dir='ltr'><strong>et</strong></span> 
     </span>
    </p>
   </div>
   <div class='ocr_carea' id='block_1_13' title="bbox 420 1212 1996 1287">
    <p class='ocr_par' dir='ltr' id='par_1_13' title="bbox 420 1212 1996 1287">
     <span class='ocr_line' id='line_1_13' title="bbox 420 1212 1996 1287; baseline -0.004 -17"><span class='ocrx_word' id='word_1_63' title='bbox 420 1219 637 1274; x_wconf 77' lang='lat' dir='ltr'><strong>videbis</strong></span> <span class='ocrx_word' id='word_1_64' title='bbox 668 1221 834 1274; x_wconf 89' lang='lat' dir='ltr'><strong>etiam</strong></span> <span class='ocrx_word' id='word_1_65' title='bbox 871 1219 925 1272; x_wconf 93' lang='lat' dir='ltr'><strong>in</strong></span> <span class='ocrx_word' id='word_1_66' title='bbox 967 1217 1138 1287; x_wconf 88' lang='lat' dir='ltr'><strong>ﬁgura</strong></span> <span class='ocrx_word' id='word_1_67' title='bbox 1174 1215 1480 1269; x_wconf 84' lang='lat' dir='ltr'><strong>divinitatis</strong></span> <span class='ocrx_word' id='word_1_68' title='bbox 1513 1212 1996 1282; x_wconf 89' lang='lat' dir='ltr'><strong>impatibilitatem.</strong></span> 
     </span>
    </p>
   </div>
   <div class='ocr_carea' id='block_1_14' title="bbox 422 1302 2001 1378">
    <p class='ocr_par' dir='ltr' id='par_1_14' title="bbox 422 1302 2001 1378">
     <span class='ocr_line' id='line_1_14' title="bbox 422 1302 2001 1378; baseline -0.006 -14"><span class='ocrx_word' id='word_1_69' title='bbox 422 1311 584 1365; x_wconf 86' lang='lat' dir='ltr'><strong>Pater</strong></span> <span class='ocrx_word' id='word_1_70' title='bbox 617 1311 762 1365; x_wconf 89' lang='lat' dir='ltr'><strong>enim</strong></span> <span class='ocrx_word' id='word_1_71' title='bbox 799 1309 1095 1378; x_wconf 86' lang='lat' dir='ltr'><strong>utrobique</strong></span> <span class='ocrx_word' id='word_1_72' title='bbox 1136 1315 1240 1371; x_wconf 85' lang='lat' dir='ltr'><strong>est,</strong></span> <span class='ocrx_word' id='word_1_73' title='bbox 1278 1314 1334 1361; x_wconf 89' lang='lat' dir='ltr'><strong>et</strong></span> <span class='ocrx_word' id='word_1_74' title='bbox 1375 1306 1611 1360; x_wconf 91' lang='lat' dir='ltr'><strong>dilectus</strong></span> <span class='ocrx_word' id='word_1_75' title='bbox 1640 1303 1810 1358; x_wconf 88' lang='lat' dir='ltr'><strong>Filius</strong></span> <span class='ocrx_word' id='word_1_76' title='bbox 1851 1302 2001 1356; x_wconf 85' lang='lat' dir='ltr'><strong>simi-</strong></span> 
     </span>
    </p>
   </div>
   <div class='ocr_carea' id='block_1_15' title="bbox 423 1395 2002 1472">
    <p class='ocr_par' dir='ltr' id='par_1_15' title="bbox 423 1395 2002 1472">
     <span class='ocr_line' id='line_1_15' title="bbox 423 1395 2002 1472; baseline -0.006 -16"><span class='ocrx_word' id='word_1_77' title='bbox 423 1403 550 1457; x_wconf 86' lang='lat' dir='ltr'><strong>liter</strong></span> <span class='ocrx_word' id='word_1_78' title='bbox 586 1403 675 1456; x_wconf 88' lang='lat' dir='ltr'><strong>hic</strong></span> <span class='ocrx_word' id='word_1_79' title='bbox 708 1411 872 1472; x_wconf 91' lang='lat' dir='ltr'><strong>atque</strong></span> <span class='ocrx_word' id='word_1_80' title='bbox 907 1401 1040 1466; x_wconf 88' lang='lat' dir='ltr'><strong>illic,</strong></span> <span class='ocrx_word' id='word_1_81' title='bbox 1077 1401 1261 1455; x_wconf 87' lang='lat' dir='ltr'><strong>ferens</strong></span> <span class='ocrx_word' id='word_1_82' title='bbox 1306 1407 1536 1466; x_wconf 89' lang='lat' dir='ltr'><strong>uterque</strong></span> <span class='ocrx_word' id='word_1_83' title='bbox 1580 1395 1835 1450; x_wconf 89' lang='lat' dir='ltr'><strong>sacriﬁcii</strong></span> <span class='ocrx_word' id='word_1_84' title='bbox 1882 1411 2002 1448; x_wconf 91' lang='lat' dir='ltr'><strong>ma-</strong></span> 
     </span>
    </p>
   </div>
   <div class='ocr_carea' id='block_1_16' title="bbox 426 1486 2004 1563">
    <p class='ocr_par' dir='ltr' id='par_1_16' title="bbox 426 1486 2004 1563">
     <span class='ocr_line' id='line_1_16' title="bbox 426 1486 2004 1563; baseline -0.005 -15"><span class='ocrx_word' id='word_1_85' title='bbox 426 1495 621 1548; x_wconf 86' lang='lat' dir='ltr'><strong>teriam</strong></span> <span class='ocrx_word' id='word_1_86' title='bbox 658 1513 671 1548; x_wconf 92' lang='lat'>:</span> <span class='ocrx_word' id='word_1_87' title='bbox 709 1496 801 1549; x_wconf 89' lang='lat' dir='ltr'><strong>ille</strong></span> <span class='ocrx_word' id='word_1_88' title='bbox 840 1495 988 1549; x_wconf 91' lang='lat' dir='ltr'><strong>enim</strong></span> <span class='ocrx_word' id='word_1_89' title='bbox 1023 1494 1190 1563; x_wconf 87' lang='lat' dir='ltr'><strong>ligna,</strong></span> <span class='ocrx_word' id='word_1_90' title='bbox 1221 1493 1312 1546; x_wconf 92' lang='lat' dir='ltr'><strong>hic</strong></span> <span class='ocrx_word' id='word_1_91' title='bbox 1343 1505 1473 1545; x_wconf 89' lang='lat' dir='ltr'><strong>vero</strong></span> <span class='ocrx_word' id='word_1_92' title='bbox 1505 1503 1726 1544; x_wconf 89' lang='lat' dir='ltr'><strong>crucem</strong></span> <span class='ocrx_word' id='word_1_93' title='bbox 1758 1486 2004 1541; x_wconf 88' lang='lat' dir='ltr'><strong>humeris</strong></span> 
     </span>
    </p>
   </div>
   <div class='ocr_carea' id='block_1_17' title="bbox 424 1574 2004 1657">
    <p class='ocr_par' dir='ltr' id='par_1_17' title="bbox 424 1574 2004 1657">
     <span class='ocr_line' id='line_1_17' title="bbox 424 1574 2004 1657; baseline -0.003 -17"><span class='ocrx_word' id='word_1_94' title='bbox 424 1588 686 1657; x_wconf 85' lang='lat' dir='ltr'><strong>portavit.</strong></span> <span class='ocrx_word' id='word_1_95' title='bbox 723 1587 960 1641; x_wconf 85' lang='lat' dir='ltr'><strong>Narrant</strong></span> <span class='ocrx_word' id='word_1_96' title='bbox 989 1587 1155 1641; x_wconf 87' lang='lat' dir='ltr'><strong>etiam</strong></span> <span class='ocrx_word' id='word_1_97' title='bbox 1189 1585 1393 1639; x_wconf 92' lang='lat' dir='ltr'><strong>montis</strong></span> <span class='ocrx_word' id='word_1_98' title='bbox 1422 1574 1685 1638; x_wconf 84' lang='lat' dir='ltr'><strong>verticem</strong></span> <span class='ocrx_word' id='word_1_99' title='bbox 1717 1581 2004 1650; x_wconf 87' lang='lat' dir='ltr'><strong>utriusque</strong></span> 
     </span>
    </p>
   </div>
   <div class='ocr_carea' id='block_1_18' title="bbox 427 1675 2006 1756">
    <p class='ocr_par' dir='ltr' id='par_1_18' title="bbox 427 1675 2006 1747">
     <span class='ocr_line' id='line_1_18' title="bbox 427 1675 2006 1747; baseline -0.003 -17"><span class='ocrx_word' id='word_1_100' title='bbox 427 1677 683 1732; x_wconf 90' lang='lat' dir='ltr'><strong>sacriﬁcii</strong></span> <span class='ocrx_word' id='word_1_101' title='bbox 731 1678 1050 1747; x_wconf 88' lang='lat' dir='ltr'><strong>operatione</strong></span> <span class='ocrx_word' id='word_1_102' title='bbox 1092 1678 1410 1731; x_wconf 77' lang='lat' dir='ltr'><strong>decoratum</strong></span> <span class='ocrx_word' id='word_1_103' title='bbox 1459 1690 1600 1738; x_wconf 89' lang='lat' dir='ltr'><strong>esse,</strong></span> <span class='ocrx_word' id='word_1_104' title='bbox 1639 1675 2006 1742; x_wconf 87' lang='lat' dir='ltr'><strong>convenitque</strong></span> 
     </span>
    </p>
   </div>
   <div class='ocr_carea' id='block_1_19' title="bbox 427 1764 2082 1856">
    <p class='ocr_par' dir='ltr' id='par_1_19' title="bbox 427 1764 2082 1856">
     <span class='ocr_line' id='line_1_19' title="bbox 427 1764 2082 1856; baseline -0.003 -36"><span class='ocrx_word' id='word_1_105' title='bbox 427 1766 639 1822; x_wconf 88' lang='lat' dir='ltr'><strong>dierum</strong></span> <span class='ocrx_word' id='word_1_106' title='bbox 683 1775 738 1822; x_wconf 92' lang='lat' dir='ltr'><strong>et</strong></span> <span class='ocrx_word' id='word_1_107' title='bbox 772 1769 930 1837; x_wconf 79' lang='lat'><strong>203</strong></span> <span class='ocrx_word' id='word_1_108' title='bbox 971 1767 1217 1821; x_wconf 88' lang='lat' dir='ltr'><strong>noctium</strong></span> <span class='ocrx_word' id='word_1_109' title='bbox 1255 1781 1540 1826; x_wconf 89' lang='lat' dir='ltr'><strong>numerus,</strong></span> <span class='ocrx_word' id='word_1_110' title='bbox 1566 1775 1622 1819; x_wconf 89' lang='lat' dir='ltr'><strong>et</strong></span> <span class='ocrx_word' id='word_1_111' title='bbox 1644 1764 1887 1834; x_wconf 72' lang='lat' dir='ltr'><strong>posthznc</strong></span> <span class='ocrx_word' id='word_1_112' title='bbox 1915 1778 2002 1816; x_wconf 89' lang='lat' dir='ltr'><strong>re-</strong></span> <span class='ocrx_word' id='word_1_113' title='bbox 2037 1803 2082 1856; x_wconf 75' lang='grc' dir='ltr'><strong>Β</strong></span> 
     </span>
    </p>
   </div>
   <div class='ocr_carea' id='block_1_20' title="bbox 432 1856 2006 1926">
    <p class='ocr_par' dir='ltr' id='par_1_20' title="bbox 432 1856 2006 1926">
     <span class='ocr_line' id='line_1_20' title="bbox 432 1856 2006 1926; baseline -0.003 -13"><span class='ocrx_word' id='word_1_114' title='bbox 432 1860 722 1914; x_wconf 84' lang='lat' dir='ltr'><strong>surrectio.</strong></span> <span class='ocrx_word' id='word_1_115' title='bbox 757 1859 893 1913; x_wconf 87' lang='lat' dir='ltr'><strong>Nam</strong></span> <span class='ocrx_word' id='word_1_116' title='bbox 940 1868 996 1914; x_wconf 89' lang='lat' dir='ltr'><strong>et</strong></span> <span class='ocrx_word' id='word_1_117' title='bbox 1047 1859 1216 1922; x_wconf 81' lang='lat' dir='ltr'><strong>Isaac,</strong></span> <span class='ocrx_word' id='word_1_118' title='bbox 1242 1856 1650 1926; x_wconf 88' lang='lat' dir='ltr'><strong>promptissima</strong></span> <span class='ocrx_word' id='word_1_119' title='bbox 1694 1856 1866 1924; x_wconf 87' lang='lat' dir='ltr'><strong>patris</strong></span> <span class='ocrx_word' id='word_1_120' title='bbox 1909 1871 2006 1909; x_wconf 92' lang='lat' dir='ltr'><strong>vo-</strong></span> 
     </span>
    </p>
   </div>
   <div class='ocr_carea' id='block_1_21' title="bbox 431 1946 2007 2021">
    <p class='ocr_par' dir='ltr' id='par_1_21' title="bbox 431 1946 2007 2021">
     <span class='ocr_line' id='line_1_21' title="bbox 431 1946 2007 2021; baseline -0.002 -18"><span class='ocrx_word' id='word_1_121' title='bbox 431 1951 642 2005; x_wconf 87' lang='lat' dir='ltr'><strong>luntate</strong></span> <span class='ocrx_word' id='word_1_122' title='bbox 669 1951 971 2021; x_wconf 87' lang='lat' dir='ltr'><strong>jugulatus,</strong></span> <span class='ocrx_word' id='word_1_123' title='bbox 1003 1965 1070 2003; x_wconf 82' lang='lat' dir='ltr'><strong>ex</strong></span> <span class='ocrx_word' id='word_1_124' title='bbox 1112 1964 1222 2017; x_wconf 91' lang='lat' dir='ltr'><strong>quo</strong></span> <span class='ocrx_word' id='word_1_125' title='bbox 1262 1946 1557 2001; x_wconf 89' lang='lat' dir='ltr'><strong>muniﬁcus</strong></span> <span class='ocrx_word' id='word_1_126' title='bbox 1599 1947 1745 2000; x_wconf 90' lang='lat' dir='ltr'><strong>Deus</strong></span> <span class='ocrx_word' id='word_1_127' title='bbox 1789 1946 1842 2000; x_wconf 91' lang='lat' dir='ltr'><strong>id</strong></span> <span class='ocrx_word' id='word_1_128' title='bbox 1887 1946 2007 2000; x_wconf 88' lang='lat' dir='ltr'><strong>ﬁeri</strong></span> 
     </span>
    </p>
   </div>
   <div class='ocr_carea' id='block_1_22' title="bbox 424 2039 2009 2113">
    <p class='ocr_par' dir='ltr' id='par_1_22' title="bbox 424 2039 2009 2113">
     <span class='ocr_line' id='line_1_22' title="bbox 424 2039 2009 2113; baseline -0.001 -19"><span class='ocrx_word' id='word_1_129' title='bbox 424 2042 684 2112; x_wconf 87' lang='lat' dir='ltr'><strong>jusserat,</strong></span> <span class='ocrx_word' id='word_1_130' title='bbox 721 2043 887 2097; x_wconf 87' lang='lat' dir='ltr'><strong>tertio</strong></span> <span class='ocrx_word' id='word_1_131' title='bbox 926 2041 1014 2096; x_wconf 90' lang='lat' dir='ltr'><strong>die</strong></span> <span class='ocrx_word' id='word_1_132' title='bbox 1058 2042 1236 2113; x_wconf 85' lang='lat' dir='ltr'><strong>typice</strong></span> <span class='ocrx_word' id='word_1_133' title='bbox 1278 2040 1345 2095; x_wconf 89' lang='lat' dir='ltr'><strong>ad</strong></span> <span class='ocrx_word' id='word_1_134' title='bbox 1391 2039 1612 2110; x_wconf 76' lang='lat' dir='ltr'><strong>benigni</strong></span> <span class='ocrx_word' id='word_1_135' title='bbox 1659 2039 1878 2093; x_wconf 92' lang='lat' dir='ltr'><strong>Domini</strong></span> <span class='ocrx_word' id='word_1_136' title='bbox 1913 2055 2009 2093; x_wconf 92' lang='lat' dir='ltr'><strong>vo-</strong></span> 
     </span>
    </p>
   </div>
   <div class='ocr_carea' id='block_1_23' title="bbox 431 2131 2010 2202">
    <p class='ocr_par' dir='ltr' id='par_1_23' title="bbox 431 2131 2010 2202">
     <span class='ocr_line' id='line_1_23' title="bbox 431 2131 2010 2202; baseline -0.002 -16"><span class='ocrx_word' id='word_1_137' title='bbox 431 2147 550 2186; x_wconf 91' lang='lat' dir='ltr'><strong>cem</strong></span> <span class='ocrx_word' id='word_1_138' title='bbox 601 2133 800 2188; x_wconf 80' lang='lat' dir='ltr'><strong>revixit</strong></span> <span class='ocrx_word' id='word_1_139' title='bbox 846 2151 858 2187; x_wconf 90' lang='lat'><strong>:</strong></span> <span class='ocrx_word' id='word_1_140' title='bbox 905 2134 1166 2202; x_wconf 88' lang='lat' dir='ltr'><strong>visusque</strong></span> <span class='ocrx_word' id='word_1_141' title='bbox 1200 2139 1284 2186; x_wconf 89' lang='lat' dir='ltr'><strong>est</strong></span> <span class='ocrx_word' id='word_1_142' title='bbox 1326 2131 1468 2185; x_wconf 86' lang='lat' dir='ltr'><strong>aries</strong></span> <span class='ocrx_word' id='word_1_143' title='bbox 1501 2131 1713 2184; x_wconf 71' lang='lat' dir='ltr'><strong>hazrens</strong></span> <span class='ocrx_word' id='word_1_144' title='bbox 1745 2131 1888 2184; x_wconf 91' lang='lat' dir='ltr'><strong>inter</strong></span> <span class='ocrx_word' id='word_1_145' title='bbox 1919 2145 2010 2184; x_wconf 88' lang='lat' dir='ltr'><strong>ve-</strong></span> 
     </span>
    </p>
   </div>
   <div class='ocr_carea' id='block_1_24' title="bbox 431 2222 2010 2294">
    <p class='ocr_par' dir='ltr' id='par_1_24' title="bbox 431 2222 2010 2294">
     <span class='ocr_line' id='line_1_24' title="bbox 431 2222 2010 2294; baseline -0.001 -17"><span class='ocrx_word' id='word_1_146' title='bbox 431 2240 577 2294; x_wconf 89' lang='lat' dir='ltr'><strong>pres,</strong></span> <span class='ocrx_word' id='word_1_147' title='bbox 603 2235 658 2278; x_wconf 90' lang='lat' dir='ltr'><strong>et</strong></span> <span class='ocrx_word' id='word_1_148' title='bbox 683 2226 863 2279; x_wconf 91' lang='lat' dir='ltr'><strong>crucis</strong></span> <span class='ocrx_word' id='word_1_149' title='bbox 897 2226 1187 2294; x_wconf 81' lang='lat' dir='ltr'><strong>imaginem</strong></span> <span class='ocrx_word' id='word_1_150' title='bbox 1222 2223 1538 2293; x_wconf 71' lang='lat' dir='ltr'><strong>prazferens,</strong></span> <span class='ocrx_word' id='word_1_151' title='bbox 1574 2222 1667 2290; x_wconf 90' lang='lat' dir='ltr'><strong>qui</strong></span> <span class='ocrx_word' id='word_1_152' title='bbox 1702 2237 1802 2291; x_wconf 91' lang='lat' dir='ltr'><strong>pro</strong></span> <span class='ocrx_word' id='word_1_153' title='bbox 1837 2237 2010 2290; x_wconf 90' lang='lat' dir='ltr'><strong>puero</strong></span> 
     </span>
    </p>
   </div>
   <div class='ocr_carea' id='block_1_25' title="bbox 427 2310 2007 2382">
    <p class='ocr_par' dir='ltr' id='par_1_25' title="bbox 427 2310 2007 2382">
     <span class='ocr_line' id='line_1_25' title="bbox 427 2310 2007 2382; baseline -0.001 -17"><span class='ocrx_word' id='word_1_154' title='bbox 427 2313 711 2382; x_wconf 82' lang='lat' dir='ltr'><strong>jugulatus</strong></span> <span class='ocrx_word' id='word_1_155' title='bbox 745 2322 830 2367; x_wconf 91' lang='lat' dir='ltr'><strong>est</strong></span> <span class='ocrx_word' id='word_1_156' title='bbox 853 2313 919 2366; x_wconf 80' lang='lat'><strong>&quot;.</strong></span> <span class='ocrx_word' id='word_1_157' title='bbox 958 2312 1113 2378; x_wconf 84' lang='lat' dir='ltr'><strong>Quod</strong></span> <span class='ocrx_word' id='word_1_158' title='bbox 1151 2313 1195 2366; x_wconf 92' lang='lat' dir='ltr'><strong>si</strong></span> <span class='ocrx_word' id='word_1_159' title='bbox 1229 2312 1345 2365; x_wconf 69' lang='lat' dir='ltr'><strong>haac</strong></span> <span class='ocrx_word' id='word_1_160' title='bbox 1379 2310 1550 2381; x_wconf 89' lang='lat' dir='ltr'><strong>ﬁgura</strong></span> <span class='ocrx_word' id='word_1_161' title='bbox 1585 2320 1714 2364; x_wconf 91' lang='lat' dir='ltr'><strong>sunt</strong></span> <span class='ocrx_word' id='word_1_162' title='bbox 1740 2310 2007 2374; x_wconf 82' lang='lat' dir='ltr'><strong>veritatis,</strong></span> 
     </span>
    </p>
   </div>
   <div class='ocr_carea' id='block_1_26' title="bbox 433 2401 2011 2474">
    <p class='ocr_par' dir='ltr' id='par_1_26' title="bbox 433 2401 2011 2474">
     <span class='ocr_line' id='line_1_26' title="bbox 433 2401 2011 2474; baseline -0.002 -17"><span class='ocrx_word' id='word_1_163' title='bbox 433 2419 537 2457; x_wconf 91' lang='lat' dir='ltr'><strong>nec</strong></span> <span class='ocrx_word' id='word_1_164' title='bbox 583 2403 640 2457; x_wconf 90' lang='lat' dir='ltr'><strong>in</strong></span> <span class='ocrx_word' id='word_1_165' title='bbox 686 2403 857 2474; x_wconf 88' lang='lat' dir='ltr'><strong>ﬁgura</strong></span> <span class='ocrx_word' id='word_1_166' title='bbox 898 2403 1100 2458; x_wconf 82' lang='lat' dir='ltr'><strong>caedem</strong></span> <span class='ocrx_word' id='word_1_167' title='bbox 1137 2402 1402 2457; x_wconf 89' lang='lat' dir='ltr'><strong>sustinuit</strong></span> <span class='ocrx_word' id='word_1_168' title='bbox 1442 2401 1787 2471; x_wconf 85' lang='lat' dir='ltr'><strong>Unigenitus,</strong></span> <span class='ocrx_word' id='word_1_169' title='bbox 1824 2401 1920 2455; x_wconf 90' lang='lat' dir='ltr'><strong>sed</strong></span> <span class='ocrx_word' id='word_1_170' title='bbox 1955 2401 2011 2454; x_wconf 92' lang='lat' dir='ltr'><strong>in</strong></span> 
     </span>
    </p>
   </div>
   <div class='ocr_carea' id='block_1_27' title="bbox 434 2493 2014 2568">
    <p class='ocr_par' dir='ltr' id='par_1_27' title="bbox 434 2493 2014 2568">
     <span class='ocr_line' id='line_1_27' title="bbox 434 2493 2014 2568; baseline -0.003 -16"><span class='ocrx_word' id='word_1_171' title='bbox 434 2500 554 2568; x_wconf 87' lang='lat' dir='ltr'><strong>ejus</strong></span> <span class='ocrx_word' id='word_1_172' title='bbox 594 2497 775 2550; x_wconf 88' lang='lat' dir='ltr'><strong>locum</strong></span> <span class='ocrx_word' id='word_1_173' title='bbox 819 2496 962 2550; x_wconf 90' lang='lat' dir='ltr'><strong>aries</strong></span> <span class='ocrx_word' id='word_1_174' title='bbox 1005 2495 1270 2551; x_wconf 83' lang='lat' dir='ltr'><strong>suﬁectus</strong></span> <span class='ocrx_word' id='word_1_175' title='bbox 1309 2503 1409 2558; x_wconf 90' lang='lat' dir='ltr'><strong>est,</strong></span> <span class='ocrx_word' id='word_1_176' title='bbox 1452 2502 1507 2548; x_wconf 88' lang='lat' dir='ltr'><strong>et</strong></span> <span class='ocrx_word' id='word_1_177' title='bbox 1531 2493 1688 2547; x_wconf 90' lang='lat' dir='ltr'><strong>altari</strong></span> <span class='ocrx_word' id='word_1_178' title='bbox 1726 2493 2014 2563; x_wconf 90' lang='lat' dir='ltr'><strong>impositus</strong></span> 
     </span>
    </p>
   </div>
   <div class='ocr_carea' id='block_1_28' title="bbox 437 2583 2015 2658">
    <p class='ocr_par' dir='ltr' id='par_1_28' title="bbox 437 2583 2015 2658">
     <span class='ocr_line' id='line_1_28' title="bbox 437 2583 2015 2658; baseline -0.003 -16"><span class='ocrx_word' id='word_1_179' title='bbox 437 2588 758 2658; x_wconf 78' lang='lat' dir='ltr'><strong>mysterium</strong></span> <span class='ocrx_word' id='word_1_180' title='bbox 801 2586 1051 2655; x_wconf 88' lang='lat' dir='ltr'><strong>implevit</strong></span> <span class='ocrx_word' id='word_1_181' title='bbox 1099 2585 1374 2646; x_wconf 87' lang='lat' dir='ltr'><strong>sacriﬁcii,</strong></span> <span class='ocrx_word' id='word_1_182' title='bbox 1411 2599 1510 2638; x_wconf 91' lang='lat' dir='ltr'><strong>cur</strong></span> <span class='ocrx_word' id='word_1_183' title='bbox 1550 2583 1643 2636; x_wconf 91' lang='lat' dir='ltr'><strong>hic</strong></span> <span class='ocrx_word' id='word_1_184' title='bbox 1689 2583 1854 2637; x_wconf 89' lang='lat' dir='ltr'><strong>etiam</strong></span> <span class='ocrx_word' id='word_1_185' title='bbox 1901 2599 2015 2638; x_wconf 89' lang='lat' dir='ltr'><strong>non</strong></span> 
     </span>
    </p>
   </div>
   <div class='ocr_carea' id='block_1_29' title="bbox 437 2675 2015 2747">
    <p class='ocr_par' dir='ltr' id='par_1_29' title="bbox 437 2675 2015 2747">
     <span class='ocr_line' id='line_1_29' title="bbox 437 2675 2015 2747; baseline -0.003 -14"><span class='ocrx_word' id='word_1_186' title='bbox 437 2679 589 2733; x_wconf 82' lang='lat' dir='ltr'><strong>carni</strong></span> <span class='ocrx_word' id='word_1_187' title='bbox 644 2678 953 2747; x_wconf 80' lang='lat' dir='ltr'><strong>passionem</strong></span> <span class='ocrx_word' id='word_1_188' title='bbox 1010 2677 1330 2747; x_wconf 83' lang='lat' dir='ltr'><strong>assignatis,</strong></span> <span class='ocrx_word' id='word_1_189' title='bbox 1378 2685 1434 2730; x_wconf 89' lang='lat' dir='ltr'><strong>et</strong></span> <span class='ocrx_word' id='word_1_190' title='bbox 1461 2675 1760 2730; x_wconf 89' lang='lat' dir='ltr'><strong>divinitatis</strong></span> <span class='ocrx_word' id='word_1_191' title='bbox 1794 2675 2015 2745; x_wconf 89' lang='lat' dir='ltr'><strong>impati-</strong></span> 
     </span>
    </p>
   </div>
   <div class='ocr_carea' id='block_1_30' title="bbox 440 2768 1088 2838">
    <p class='ocr_par' dir='ltr' id='par_1_30' title="bbox 440 2768 1088 2838">
     <span class='ocr_line' id='line_1_30' title="bbox 440 2768 1088 2838; baseline -0.003 -15"><span class='ocrx_word' id='word_1_192' title='bbox 440 2769 704 2823; x_wconf 86' lang='lat' dir='ltr'><strong>bilitatem</strong></span> <span class='ocrx_word' id='word_1_193' title='bbox 743 2768 1088 2838; x_wconf 72' lang='lat' dir='ltr'><strong>prredicatis?</strong></span> 
     </span>
    </p>
   </div>
   <div class='ocr_carea' id='block_1_31' title="bbox 515 2945 2020 3018">
    <p class='ocr_par' dir='ltr' id='par_1_31' title="bbox 515 2945 2020 3018">
     <span class='ocr_line' id='line_1_31' title="bbox 515 2945 2020 3018; baseline -0.006 -13"><span class='ocrx_word' id='word_1_194' title='bbox 515 2951 722 3005; x_wconf 81' lang='lat' dir='ltr'><strong>ERAN.</strong></span> <span class='ocrx_word' id='word_1_195' title='bbox 761 2950 840 3003; x_wconf 92' lang='lat' dir='ltr'><strong>Tu</strong></span> <span class='ocrx_word' id='word_1_196' title='bbox 878 2964 1097 3018; x_wconf 91' lang='lat' dir='ltr'><strong>quoque</strong></span> <span class='ocrx_word' id='word_1_197' title='bbox 1134 2948 1201 3002; x_wconf 90' lang='lat' dir='ltr'><strong>de</strong></span> <span class='ocrx_word' id='word_1_198' title='bbox 1241 2948 1347 3002; x_wconf 93' lang='lat' dir='ltr'><strong>hoc</strong></span> <span class='ocrx_word' id='word_1_199' title='bbox 1392 2956 1520 3018; x_wconf 79' lang='lat' dir='ltr'><strong>typo</strong></span> <span class='ocrx_word' id='word_1_200' title='bbox 1561 2947 1838 3000; x_wconf 88' lang='lat' dir='ltr'><strong>disserens</strong></span> <span class='ocrx_word' id='word_1_201' title='bbox 1876 2945 2020 2998; x_wconf 85' lang='lat' dir='ltr'><strong>Isaa-</strong></span> 
     </span>
    </p>
   </div>
   <div class='ocr_carea' id='block_1_32' title="bbox 442 3032 2019 3103">
    <p class='ocr_par' dir='ltr' id='par_1_32' title="bbox 442 3032 2019 3103">
     <span class='ocr_line' id='line_1_32' title="bbox 442 3032 2019 3103; baseline -0.008 -5"><span class='ocrx_word' id='word_1_202' title='bbox 442 3058 568 3098; x_wconf 91' lang='lat' dir='ltr'><strong>cum</strong></span> <span class='ocrx_word' id='word_1_203' title='bbox 615 3041 798 3094; x_wconf 76' lang='lat' dir='ltr'><strong>dixisti</strong></span> <span class='ocrx_word' id='word_1_204' title='bbox 847 3039 1030 3092; x_wconf 90' lang='lat' dir='ltr'><strong>divina</strong></span> <span class='ocrx_word' id='word_1_205' title='bbox 1065 3054 1199 3092; x_wconf 91' lang='lat' dir='ltr'><strong>voce</strong></span> <span class='ocrx_word' id='word_1_206' title='bbox 1250 3037 1532 3091; x_wconf 80' lang='lat' dir='ltr'><strong>revixisse.</strong></span> <span class='ocrx_word' id='word_1_207' title='bbox 1560 3036 1707 3090; x_wconf 86' lang='lat' dir='ltr'><strong>Nihil</strong></span> <span class='ocrx_word' id='word_1_208' title='bbox 1748 3049 1878 3103; x_wconf 91' lang='lat' dir='ltr'><strong>ergo</strong></span> <span class='ocrx_word' id='word_1_209' title='bbox 1919 3032 2019 3086; x_wconf 89' lang='lat' dir='ltr'><strong>ab-</strong></span> 
     </span>
    </p>
   </div>
   <div class='ocr_carea' id='block_1_33' title="bbox 2094 561 3666 636">
    <p class='ocr_par' dir='ltr' id='par_1_33' title="bbox 2094 561 3666 636">
     <span class='ocr_line' id='line_1_33' title="bbox 2094 561 3666 636; baseline -0.003 -18"><span class='ocrx_word' id='word_1_210' title='bbox 2094 564 2324 619; x_wconf 81' lang='grc' dir='ltr'>ἇκουσον</span> <span class='ocrx_word' id='word_1_211' title='bbox 2359 565 2497 636; x_wconf 77' lang='grc' dir='ltr'>πρὸς</span> <span class='ocrx_word' id='word_1_212' title='bbox 2548 564 2839 626; x_wconf 80' lang='grc' dir='ltr'><strong>Ἰουδαίους</strong></span> <span class='ocrx_word' id='word_1_213' title='bbox 2886 562 3196 632; x_wconf 78' lang='grc' dir='ltr'><strong>εἰρηκότος·</strong></span> <span class='ocrx_word' id='word_1_214' title='bbox 3250 579 3268 611; x_wconf 77' lang='grc' dir='ltr'><strong>ι</strong></span> <span class='ocrx_word' id='word_1_215' title='bbox 3337 561 3588 631; x_wconf 74' lang='grc' dir='ltr'>Ἀϐραὰμ</span> <span class='ocrx_word' id='word_1_216' title='bbox 3637 563 3666 614; x_wconf 85' lang='grc' dir='ltr'>ὁ</span> 
     </span>
    </p>
   </div>
   <div class='ocr_carea' id='block_1_34' title="bbox 2096 651 3666 727">
    <p class='ocr_par' dir='ltr' id='par_1_34' title="bbox 2096 651 3666 727">
     <span class='ocr_line' id='line_1_34' title="bbox 2096 651 3666 727; baseline -0.003 -18"><span class='ocrx_word' id='word_1_217' title='bbox 2096 655 2277 727; x_wconf 76' lang='grc' dir='ltr'>πατὴρ</span> <span class='ocrx_word' id='word_1_218' title='bbox 2309 657 2460 727; x_wconf 82' lang='grc' dir='ltr'>ὑμῶν</span> <span class='ocrx_word' id='word_1_219' title='bbox 2494 655 2885 726; x_wconf 78' lang='grc' dir='ltr'>ἠγαλλιάσατο,</span> <span class='ocrx_word' id='word_1_220' title='bbox 2930 656 3017 707; x_wconf 82' lang='grc' dir='ltr'><strong>ἵνα</strong></span> <span class='ocrx_word' id='word_1_221' title='bbox 3064 653 3149 724; x_wconf 75' lang='grc' dir='ltr'><strong>ἴδῃ</strong></span> <span class='ocrx_word' id='word_1_222' title='bbox 3195 653 3293 723; x_wconf 81' lang='grc' dir='ltr'>τὴν</span> <span class='ocrx_word' id='word_1_223' title='bbox 3330 651 3540 722; x_wconf 81' lang='grc' dir='ltr'>ἡμέραν</span> <span class='ocrx_word' id='word_1_224' title='bbox 3565 651 3666 722; x_wconf 78' lang='grc' dir='ltr'><strong>τὴν</strong></span> 
     </span>
    </p>
   </div>
   <div class='ocr_carea' id='block_1_35' title="bbox 2097 740 3669 819">
    <p class='ocr_par' dir='ltr' id='par_1_35' title="bbox 2097 740 3669 819">
     <span class='ocr_line' id='line_1_35' title="bbox 2097 740 3669 819; baseline -0.005 -17"><span class='ocrx_word' id='word_1_225' title='bbox 2097 748 2255 819; x_wconf 73' lang='grc' dir='ltr'>ἐμὴν,</span> <span class='ocrx_word' id='word_1_226' title='bbox 2292 750 2387 801; x_wconf 71' lang='grc' dir='ltr'>καὶ</span> <span class='ocrx_word' id='word_1_227' title='bbox 2414 743 2541 814; x_wconf 68' lang='grc' dir='ltr'>εἶδε,</span> <span class='ocrx_word' id='word_1_228' title='bbox 2571 749 2666 800; x_wconf 73' lang='grc' dir='ltr'><strong>καὶ</strong></span> <span class='ocrx_word' id='word_1_229' title='bbox 2688 746 2860 816; x_wconf 80' lang='grc' dir='ltr'><strong>ἐχάρη</strong></span> <span class='ocrx_word' id='word_1_230' title='bbox 2879 763 2892 776; x_wconf 79' lang='grc' dir='ltr'><strong><em>ο</em></strong></span> <span class='ocrx_word' id='word_1_231' title='bbox 2943 765 2961 796; x_wconf 74' lang='grc' dir='ltr'><strong>ι</strong></span> <span class='ocrx_word' id='word_1_232' title='bbox 3002 745 3097 798; x_wconf 75' lang='grc' dir='ltr'>καὶ</span> <span class='ocrx_word' id='word_1_233' title='bbox 3128 743 3402 812; x_wconf 84' lang='grc' dir='ltr'>σκόπησον</span> <span class='ocrx_word' id='word_1_234' title='bbox 3424 740 3498 803; x_wconf 85' lang='grc' dir='ltr'><strong>ὡς</strong></span> <span class='ocrx_word' id='word_1_235' title='bbox 3529 741 3669 811; x_wconf 75' lang='grc' dir='ltr'>ἡμέ-</span> 
     </span>
    </p>
   </div>
   <div class='ocr_carea' id='block_1_36' title="bbox 2101 838 3244 916">
    <p class='ocr_par' dir='ltr' id='par_1_36' title="bbox 2101 838 3244 916">
     <span class='ocr_line' id='line_1_36' title="bbox 2101 838 3244 916; baseline -0.005 -18"><span class='ocrx_word' id='word_1_236' title='bbox 2101 862 2202 916; x_wconf 86' lang='grc' dir='ltr'>ραν</span> <span class='ocrx_word' id='word_1_237' title='bbox 2241 847 2268 898; x_wconf 98' lang='lat'><strong>6</strong></span> <span class='ocrx_word' id='word_1_238' title='bbox 2301 844 2505 914; x_wconf 85' lang='grc' dir='ltr'>Κύριος</span> <span class='ocrx_word' id='word_1_239' title='bbox 2537 844 2597 896; x_wconf 85' lang='grc' dir='ltr'><strong>τὸ</strong></span> <span class='ocrx_word' id='word_1_240' title='bbox 2630 844 2800 903; x_wconf 83' lang='grc' dir='ltr'>πάθος</span> <span class='ocrx_word' id='word_1_241' title='bbox 2822 838 3244 912; x_wconf 80' lang='grc' dir='ltr'>προσαγορεύει.</span> 
     </span>
    </p>
   </div>
   <div class='ocr_carea' id='block_1_37' title="bbox 2163 928 3672 1006">
    <p class='ocr_par' dir='ltr' id='par_1_37' title="bbox 2163 928 3672 1006">
     <span class='ocr_line' id='line_1_37' title="bbox 2163 928 3672 1006; baseline -0.006 -17"><span class='ocrx_word' id='word_1_242' title='bbox 2163 937 2365 989; x_wconf 80' lang='lat' dir='ltr'><strong>EPAN.</strong></span> <span class='ocrx_word' id='word_1_243' title='bbox 2407 935 2708 1005; x_wconf 84' lang='grc' dir='ltr'>Ἑδεξάμην</span> <span class='ocrx_word' id='word_1_244' title='bbox 2733 935 2830 1006; x_wconf 76' lang='grc' dir='ltr'>τὴν</span> <span class='ocrx_word' id='word_1_245' title='bbox 2862 930 3196 1002; x_wconf 80' lang='grc' dir='ltr'>Δεσποτικὴν</span> <span class='ocrx_word' id='word_1_246' title='bbox 3226 929 3552 1001; x_wconf 71' lang='grc' dir='ltr'><strong>μαρτυρίαν,</strong></span> <span class='ocrx_word' id='word_1_247' title='bbox 3580 928 3672 983; x_wconf 79' lang='grc' dir='ltr'><strong>καὶ</strong></span> 
     </span>
    </p>
   </div>
   <div class='ocr_carea' id='block_1_38' title="bbox 2101 1026 2648 1096">
    <p class='ocr_par' dir='ltr' id='par_1_38' title="bbox 2101 1026 2648 1096">
     <span class='ocr_line' id='line_1_38' title="bbox 2101 1026 2648 1096; baseline -0.002 -16"><span class='ocrx_word' id='word_1_248' title='bbox 2101 1028 2343 1082; x_wconf 85' lang='grc' dir='ltr'>πιστεύω</span> <span class='ocrx_word' id='word_1_249' title='bbox 2365 1026 2443 1096; x_wconf 81' lang='grc' dir='ltr'>τῷ</span> <span class='ocrx_word' id='word_1_250' title='bbox 2471 1026 2648 1096; x_wconf 89' lang='grc' dir='ltr'>τύπῳ.</span> 
     </span>
    </p>
   </div>
   <div class='ocr_carea' id='block_1_39' title="bbox 2172 1110 3676 1187">
    <p class='ocr_par' dir='ltr' id='par_1_39' title="bbox 2172 1110 3676 1187">
     <span class='ocr_line' id='line_1_39' title="bbox 2172 1110 3676 1187; baseline -0.008 -13"><span class='ocrx_word' id='word_1_251' title='bbox 2172 1120 2324 1173; x_wconf 86' lang='grc' dir='ltr'><strong>ΟΡΘ.</strong></span> <span class='ocrx_word' id='word_1_252' title='bbox 2362 1118 2616 1187; x_wconf 86' lang='grc' dir='ltr'>Παράθες</span> <span class='ocrx_word' id='word_1_253' title='bbox 2644 1116 2824 1169; x_wconf 89' lang='grc' dir='ltr'>τοίνυν</span> <span class='ocrx_word' id='word_1_254' title='bbox 2863 1116 2929 1184; x_wconf 80' lang='grc' dir='ltr'>τῇ</span> <span class='ocrx_word' id='word_1_255' title='bbox 2960 1112 3188 1183; x_wconf 79' lang='grc' dir='ltr'>ἀληθείᾳ</span> <span class='ocrx_word' id='word_1_256' title='bbox 3227 1111 3318 1164; x_wconf 79' lang='grc' dir='ltr'><strong>τδν</strong></span> <span class='ocrx_word' id='word_1_257' title='bbox 3355 1110 3546 1174; x_wconf 82' lang='grc' dir='ltr'>τύπον,</span> <span class='ocrx_word' id='word_1_258' title='bbox 3579 1111 3676 1164; x_wconf 74' lang='grc' dir='ltr'>καὶ</span> 
     </span>
    </p>
   </div>
   <div class='ocr_carea' id='block_1_40' title="bbox 2101 1201 3676 1280">
    <p class='ocr_par' dir='ltr' id='par_1_40' title="bbox 2101 1201 3676 1280">
     <span class='ocr_line' id='line_1_40' title="bbox 2101 1201 3676 1280; baseline -0.01 -16"><span class='ocrx_word' id='word_1_259' title='bbox 2101 1211 2222 1280; x_wconf 69' lang='grc' dir='ltr'>ὕψει</span> <span class='ocrx_word' id='word_1_260' title='bbox 2257 1212 2360 1262; x_wconf 88' lang='grc' dir='ltr'><strong>κάν</strong></span> <span class='ocrx_word' id='word_1_261' title='bbox 2406 1207 2483 1278; x_wconf 79' lang='grc' dir='ltr'>τῷ</span> <span class='ocrx_word' id='word_1_262' title='bbox 2515 1209 2673 1276; x_wconf 82' lang='grc' dir='ltr'>τύπῳ</span> <span class='ocrx_word' id='word_1_263' title='bbox 2703 1205 2763 1257; x_wconf 82' lang='grc' dir='ltr'><strong>τὸ</strong></span> <span class='ocrx_word' id='word_1_264' title='bbox 2801 1204 3010 1266; x_wconf 82' lang='grc' dir='ltr'>ἀπαθὲς</span> <span class='ocrx_word' id='word_1_265' title='bbox 3039 1203 3137 1272; x_wconf 83' lang='grc' dir='ltr'>τῆς</span> <span class='ocrx_word' id='word_1_266' title='bbox 3164 1202 3433 1272; x_wconf 87' lang='grc' dir='ltr'>θεότητος.</span> <span class='ocrx_word' id='word_1_267' title='bbox 3486 1201 3676 1269; x_wconf 83' lang='grc' dir='ltr'>Πατὴρ</span> 
     </span>
    </p>
   </div>
   <div class='ocr_carea' id='block_1_41' title="bbox 2103 1289 3677 1371">
    <p class='ocr_par' dir='ltr' id='par_1_41' title="bbox 2103 1289 3677 1371">
     <span class='ocr_line' id='line_1_41' title="bbox 2103 1289 3677 1371; baseline -0.008 -18"><span class='ocrx_word' id='word_1_268' title='bbox 2103 1301 2210 1371; x_wconf 84' lang='grc' dir='ltr'><strong>γὰρ</strong></span> <span class='ocrx_word' id='word_1_269' title='bbox 2263 1297 2543 1352; x_wconf 88' lang='grc' dir='ltr'>κάνταῦθα</span> <span class='ocrx_word' id='word_1_270' title='bbox 2576 1297 2758 1357; x_wconf 87' lang='grc' dir='ltr'>κάκεῖ,</span> <span class='ocrx_word' id='word_1_271' title='bbox 2819 1294 2914 1346; x_wconf 76' lang='grc' dir='ltr'>καὶ</span> <span class='ocrx_word' id='word_1_272' title='bbox 2946 1292 3060 1354; x_wconf 78' lang='grc' dir='ltr'>υίὸς</span> <span class='ocrx_word' id='word_1_273' title='bbox 3102 1290 3362 1352; x_wconf 82' lang='grc' dir='ltr'>ὡσαύτως</span> <span class='ocrx_word' id='word_1_274' title='bbox 3393 1289 3677 1357; x_wconf 62' lang='grc' dir='ltr'>ἀγαπητὸς</span> 
     </span>
    </p>
   </div>
   <div class='ocr_carea' id='block_1_42' title="bbox 2104 1379 3679 1455">
    <p class='ocr_par' dir='ltr' id='par_1_42' title="bbox 2104 1379 3679 1455">
     <span class='ocr_line' id='line_1_42' title="bbox 2104 1379 3679 1455; baseline -0.008 -12"><span class='ocrx_word' id='word_1_275' title='bbox 2104 1387 2382 1444; x_wconf 82' lang='grc' dir='ltr'>κάνταῦθα</span> <span class='ocrx_word' id='word_1_276' title='bbox 2401 1388 2580 1448; x_wconf 80' lang='grc' dir='ltr'>κάκεῖ,</span> <span class='ocrx_word' id='word_1_277' title='bbox 2615 1386 2711 1438; x_wconf 75' lang='grc' dir='ltr'>καὶ</span> <span class='ocrx_word' id='word_1_278' title='bbox 2740 1383 2922 1455; x_wconf 79' lang='grc' dir='ltr'>φέρων</span> <span class='ocrx_word' id='word_1_279' title='bbox 2952 1382 3210 1451; x_wconf 76' lang='grc' dir='ltr'>ἑκάτερος</span> <span class='ocrx_word' id='word_1_280' title='bbox 3237 1381 3333 1449; x_wconf 85' lang='grc' dir='ltr'>τῆς</span> <span class='ocrx_word' id='word_1_281' title='bbox 3362 1379 3552 1442; x_wconf 79' lang='grc' dir='ltr'>θυσίας</span> <span class='ocrx_word' id='word_1_282' title='bbox 3580 1380 3679 1449; x_wconf 81' lang='grc' dir='ltr'>τὴν</span> 
     </span>
    </p>
   </div>
   <div class='ocr_carea' id='block_1_43' title="bbox 2106 1464 3680 1549">
    <p class='ocr_par' dir='ltr' id='par_1_43' title="bbox 2106 1464 3680 1549">
     <span class='ocr_line' id='line_1_43' title="bbox 2106 1464 3680 1549; baseline -0.011 -16"><span class='ocrx_word' id='word_1_283' title='bbox 2106 1480 2259 1549; x_wconf 82' lang='grc' dir='ltr'>ὓλην.</span> <span class='ocrx_word' id='word_1_284' title='bbox 2305 1479 2365 1530; x_wconf 85' lang='grc' dir='ltr'>Ὀ</span> <span class='ocrx_word' id='word_1_285' title='bbox 2390 1478 2487 1545; x_wconf 82' lang='grc' dir='ltr'><strong>μὲν</strong></span> <span class='ocrx_word' id='word_1_286' title='bbox 2519 1475 2626 1544; x_wconf 74' lang='grc' dir='ltr'>γὰρ</span> <span class='ocrx_word' id='word_1_287' title='bbox 2654 1472 2723 1524; x_wconf 84' lang='grc' dir='ltr'><strong>τά</strong></span> <span class='ocrx_word' id='word_1_288' title='bbox 2757 1471 2910 1536; x_wconf 82' lang='grc' dir='ltr'>ξύλα,</span> <span class='ocrx_word' id='word_1_289' title='bbox 2944 1472 2972 1523; x_wconf 89' lang='lat'><strong>6</strong></span> <span class='ocrx_word' id='word_1_290' title='bbox 3000 1468 3057 1521; x_wconf 77' lang='grc' dir='ltr'>δὲ</span> <span class='ocrx_word' id='word_1_291' title='bbox 3078 1468 3169 1519; x_wconf 76' lang='grc' dir='ltr'>τὸν</span> <span class='ocrx_word' id='word_1_292' title='bbox 3193 1467 3422 1536; x_wconf 75' lang='grc' dir='ltr'>σταυρὸν</span> <span class='ocrx_word' id='word_1_293' title='bbox 3452 1465 3546 1517; x_wconf 77' lang='grc' dir='ltr'><strong>ἐπὶ</strong></span> <span class='ocrx_word' id='word_1_294' title='bbox 3571 1464 3680 1516; x_wconf 82' lang='grc' dir='ltr'><strong>τῶν</strong></span> 
     </span>
    </p>
   </div>
   <div class='ocr_carea' id='block_1_44' title="bbox 2106 1556 3682 1642">
    <p class='ocr_par' dir='ltr' id='par_1_44' title="bbox 2106 1556 3682 1642">
     <span class='ocr_line' id='line_1_44' title="bbox 2106 1556 3682 1642; baseline -0.01 -18"><span class='ocrx_word' id='word_1_295' title='bbox 2106 1571 2272 1642; x_wconf 75' lang='grc' dir='ltr'>ὤμων</span> <span class='ocrx_word' id='word_1_296' title='bbox 2295 1567 2539 1639; x_wconf 82' lang='grc' dir='ltr'>ἐκόμιζε.</span> <span class='ocrx_word' id='word_1_297' title='bbox 2562 1566 2700 1618; x_wconf 70' lang='grc' dir='ltr'>Φασὶ</span> <span class='ocrx_word' id='word_1_298' title='bbox 2723 1565 2779 1617; x_wconf 82' lang='grc' dir='ltr'><strong>δὲ</strong></span> <span class='ocrx_word' id='word_1_299' title='bbox 2805 1563 2899 1616; x_wconf 72' lang='grc' dir='ltr'><strong>καὶ</strong></span> <span class='ocrx_word' id='word_1_300' title='bbox 2921 1562 3019 1629; x_wconf 85' lang='grc' dir='ltr'>τὴν</span> <span class='ocrx_word' id='word_1_301' title='bbox 3042 1559 3136 1612; x_wconf 88' lang='grc' dir='ltr'><strong>τοῦ</strong></span> <span class='ocrx_word' id='word_1_302' title='bbox 3155 1558 3314 1630; x_wconf 78' lang='grc' dir='ltr'>ὅρους</span> <span class='ocrx_word' id='word_1_303' title='bbox 3335 1556 3682 1626; x_wconf 84' lang='grc' dir='ltr'>ἀκρωνυχίαν</span> 
     </span>
    </p>
   </div>
   <div class='ocr_carea' id='block_1_45' title="bbox 2111 1651 3681 1735">
    <p class='ocr_par' dir='ltr' id='par_1_45' title="bbox 2111 1651 3681 1735">
     <span class='ocr_line' id='line_1_45' title="bbox 2111 1651 3681 1735; baseline -0.008 -18"><span class='ocrx_word' id='word_1_304' title='bbox 2111 1662 2423 1735; x_wconf 77' lang='grc' dir='ltr'>ἱερουργίας</span> <span class='ocrx_word' id='word_1_305' title='bbox 2493 1658 2763 1725; x_wconf 80' lang='grc' dir='ltr'>ἑκατέρας</span> <span class='ocrx_word' id='word_1_306' title='bbox 2829 1654 3160 1722; x_wconf 79' lang='grc' dir='ltr'>ἀξιωθῆναι·</span> <span class='ocrx_word' id='word_1_307' title='bbox 3222 1655 3502 1721; x_wconf 73' lang='grc' dir='ltr'>συμφωνεῖ</span> <span class='ocrx_word' id='word_1_308' title='bbox 3566 1651 3681 1719; x_wconf 66' lang='grc'><strong>(42)</strong></span> 
     </span>
    </p>
   </div>
   <div class='ocr_carea' id='block_1_46' title="bbox 2111 1740 3682 1820">
    <p class='ocr_par' dir='ltr' id='par_1_46' title="bbox 2111 1740 3682 1820">
     <span class='ocr_line' id='line_1_46' title="bbox 2111 1740 3682 1820; baseline -0.01 -13"><span class='ocrx_word' id='word_1_309' title='bbox 2111 1755 2204 1808; x_wconf 76' lang='grc' dir='ltr'>καὶ</span> <span class='ocrx_word' id='word_1_310' title='bbox 2241 1755 2268 1805; x_wconf 88' lang='grc' dir='ltr'>ὀ</span> <span class='ocrx_word' id='word_1_311' title='bbox 2295 1750 2404 1803; x_wconf 84' lang='grc' dir='ltr'>τῶν</span> <span class='ocrx_word' id='word_1_312' title='bbox 2434 1747 2659 1820; x_wconf 81' lang='grc' dir='ltr'>ἡμερῶν</span> <span class='ocrx_word' id='word_1_313' title='bbox 2693 1746 2784 1799; x_wconf 69' lang='grc' dir='ltr'><strong>καὶ</strong></span> <span class='ocrx_word' id='word_1_314' title='bbox 2816 1744 2925 1797; x_wconf 86' lang='grc' dir='ltr'><strong>τῶν</strong></span> <span class='ocrx_word' id='word_1_315' title='bbox 2967 1743 3178 1797; x_wconf 85' lang='grc' dir='ltr'>νυκτῶν</span> <span class='ocrx_word' id='word_1_316' title='bbox 3211 1742 3472 1812; x_wconf 77' lang='grc' dir='ltr'>ἀριθμὸς,</span> <span class='ocrx_word' id='word_1_317' title='bbox 3513 1742 3604 1794; x_wconf 58' lang='grc' dir='ltr'>καὶ</span> <span class='ocrx_word' id='word_1_318' title='bbox 3648 1740 3682 1808; x_wconf 84' lang='grc' dir='ltr'><strong>ἡ</strong></span> 
     </span>
    </p>
   </div>
   <div class='ocr_carea' id='block_1_47' title="bbox 2117 1830 3682 1916">
    <p class='ocr_par' dir='ltr' id='par_1_47' title="bbox 2117 1830 3682 1916">
     <span class='ocr_line' id='line_1_47' title="bbox 2117 1830 3682 1916; baseline -0.01 -18"><span class='ocrx_word' id='word_1_319' title='bbox 2117 1844 2253 1916; x_wconf 85' lang='grc' dir='ltr'><strong>μετά</strong></span> <span class='ocrx_word' id='word_1_320' title='bbox 2300 1842 2505 1904; x_wconf 88' lang='grc' dir='ltr'>ταύτας</span> <span class='ocrx_word' id='word_1_321' title='bbox 2545 1839 2864 1899; x_wconf 85' lang='grc' dir='ltr'>ἀνάστασις.</span> <span class='ocrx_word' id='word_1_322' title='bbox 2912 1836 3024 1890; x_wconf 71' lang='grc' dir='ltr'>Καὶ</span> <span class='ocrx_word' id='word_1_323' title='bbox 3071 1835 3181 1904; x_wconf 81' lang='grc' dir='ltr'>γὰρ</span> <span class='ocrx_word' id='word_1_324' title='bbox 3238 1832 3425 1885; x_wconf 79' lang='grc' dir='ltr'>Ἰσαὰκ</span> <span class='ocrx_word' id='word_1_325' title='bbox 3469 1835 3533 1901; x_wconf 83' lang='grc' dir='ltr'>τῇ</span> <span class='ocrx_word' id='word_1_326' title='bbox 3583 1830 3682 1884; x_wconf 83' lang='grc' dir='ltr'><strong>τοῦ</strong></span> 
     </span>
    </p>
   </div>
   <div class='ocr_carea' id='block_1_48' title="bbox 2114 1919 3686 2006">
    <p class='ocr_par' dir='ltr' id='par_1_48' title="bbox 2114 1919 3686 2006">
     <span class='ocr_line' id='line_1_48' title="bbox 2114 1919 3686 2006; baseline -0.012 -15"><span class='ocrx_word' id='word_1_327' title='bbox 2114 1936 2327 2006; x_wconf 84' lang='grc' dir='ltr'>Πατρὸς</span> <span class='ocrx_word' id='word_1_328' title='bbox 2353 1931 2636 2002; x_wconf 81' lang='grc' dir='ltr'>προθυμίᾳ</span> <span class='ocrx_word' id='word_1_329' title='bbox 2683 1928 3061 1996; x_wconf 73' lang='grc' dir='ltr'>κατασφαγεὶς</span> <span class='ocrx_word' id='word_1_330' title='bbox 3111 1926 3169 1990; x_wconf 78' lang='grc' dir='ltr'>ἐξ</span> <span class='ocrx_word' id='word_1_331' title='bbox 3193 1919 3377 1995; x_wconf 76' lang='grc' dir='ltr'>ἧσπερ</span> <span class='ocrx_word' id='word_1_332' title='bbox 3417 1923 3628 1993; x_wconf 79' lang='grc' dir='ltr'>ἡμέρας</span> <span class='ocrx_word' id='word_1_333' title='bbox 3657 1925 3686 1974; x_wconf 91' lang='lat'><strong>6</strong></span> 
     </span>
    </p>
   </div>
   <div class='ocr_carea' id='block_1_49' title="bbox 2119 2014 3688 2098">
    <p class='ocr_par' dir='ltr' id='par_1_49' title="bbox 2119 2014 3688 2098">
     <span class='ocr_line' id='line_1_49' title="bbox 2119 2014 3688 2098; baseline -0.011 -18"><span class='ocrx_word' id='word_1_334' title='bbox 2119 2027 2497 2098; x_wconf 78' lang='grc' dir='ltr'>μεγαλόδωρος</span> <span class='ocrx_word' id='word_1_335' title='bbox 2531 2022 2688 2074; x_wconf 87' lang='grc' dir='ltr'>τοῦτο</span> <span class='ocrx_word' id='word_1_336' title='bbox 2735 2016 3035 2088; x_wconf 80' lang='grc' dir='ltr'>προσέταξε</span> <span class='ocrx_word' id='word_1_337' title='bbox 3092 2015 3366 2084; x_wconf 83' lang='grc' dir='ltr'>γενέσθαι,</span> <span class='ocrx_word' id='word_1_338' title='bbox 3416 2017 3480 2083; x_wconf 79' lang='grc' dir='ltr'>τῇ</span> <span class='ocrx_word' id='word_1_339' title='bbox 3529 2014 3688 2085; x_wconf 81' lang='grc' dir='ltr'>τρίτῃ</span> 
     </span>
    </p>
   </div>
   <div class='ocr_carea' id='block_1_50' title="bbox 2115 2107 3686 2186">
    <p class='ocr_par' dir='ltr' id='par_1_50' title="bbox 2115 2107 3686 2186">
     <span class='ocr_line' id='line_1_50' title="bbox 2115 2107 3686 2186; baseline -0.01 -12"><span class='ocrx_word' id='word_1_340' title='bbox 2115 2121 2360 2182; x_wconf 79' lang='grc' dir='ltr'>τυπικῶς</span> <span class='ocrx_word' id='word_1_341' title='bbox 2404 2117 2605 2171; x_wconf 81' lang='grc' dir='ltr'>ἀνεϐίω</span> <span class='ocrx_word' id='word_1_342' title='bbox 2633 2117 2698 2186; x_wconf 79' lang='grc' dir='ltr'>τῇ</span> <span class='ocrx_word' id='word_1_343' title='bbox 2743 2112 2840 2166; x_wconf 86' lang='grc' dir='ltr'><strong>τοῦ</strong></span> <span class='ocrx_word' id='word_1_344' title='bbox 2892 2109 3271 2180; x_wconf 74' lang='grc' dir='ltr'>φιλανθρώπου</span> <span class='ocrx_word' id='word_1_345' title='bbox 3317 2111 3501 2178; x_wconf 80' lang='grc' dir='ltr'><strong>φωνῇ·</strong></span> <span class='ocrx_word' id='word_1_346' title='bbox 3530 2107 3686 2176; x_wconf 63' lang='grc' dir='ltr'>ὤφθη</span> 
     </span>
    </p>
   </div>
   <div class='ocr_carea' id='block_1_51' title="bbox 2117 2200 3689 2286">
    <p class='ocr_par' dir='ltr' id='par_1_51' title="bbox 2117 2200 3689 2286">
     <span class='ocr_line' id='line_1_51' title="bbox 2117 2200 3689 2286; baseline -0.013 -16"><span class='ocrx_word' id='word_1_347' title='bbox 2117 2217 2173 2270; x_wconf 81' lang='grc' dir='ltr'>δὲ</span> <span class='ocrx_word' id='word_1_348' title='bbox 2205 2216 2357 2286; x_wconf 77' lang='grc' dir='ltr'>κριὸς</span> <span class='ocrx_word' id='word_1_349' title='bbox 2394 2212 2763 2283; x_wconf 81' lang='grc' dir='ltr'>ἐξηρτημένος</span> <span class='ocrx_word' id='word_1_350' title='bbox 2815 2207 3008 2278; x_wconf 78' lang='grc' dir='ltr'>φυτοῦ,</span> <span class='ocrx_word' id='word_1_351' title='bbox 3059 2207 3153 2260; x_wconf 68' lang='grc' dir='ltr'><strong>καὶ</strong></span> <span class='ocrx_word' id='word_1_352' title='bbox 3182 2204 3277 2258; x_wconf 86' lang='grc' dir='ltr'><strong>τοῦ</strong></span> <span class='ocrx_word' id='word_1_353' title='bbox 3327 2201 3556 2273; x_wconf 86' lang='grc' dir='ltr'>σταυροῦ</span> <span class='ocrx_word' id='word_1_354' title='bbox 3590 2200 3689 2269; x_wconf 81' lang='grc' dir='ltr'>τὴν</span> 
     </span>
    </p>
   </div>
   <div class='ocr_carea' id='block_1_52' title="bbox 2119 2289 3690 2366">
    <p class='ocr_par' dir='ltr' id='par_1_52' title="bbox 2119 2289 3690 2366">
     <span class='ocr_line' id='line_1_52' title="bbox 2119 2289 3690 2366; baseline -0.013 -5"><span class='ocrx_word' id='word_1_355' title='bbox 2119 2309 2305 2361; x_wconf 74' lang='grc' dir='ltr'>εἰκόνα</span> <span class='ocrx_word' id='word_1_356' title='bbox 2351 2306 2588 2366; x_wconf 77' lang='grc' dir='ltr'>δεικνὺς,</span> <span class='ocrx_word' id='word_1_357' title='bbox 2623 2303 2681 2364; x_wconf 82' lang='grc' dir='ltr'>ὃς</span> <span class='ocrx_word' id='word_1_358' title='bbox 2715 2301 2836 2354; x_wconf 74' lang='grc' dir='ltr'>ἀντὶ</span> <span class='ocrx_word' id='word_1_359' title='bbox 2883 2298 2976 2352; x_wconf 85' lang='grc' dir='ltr'><strong>τοῦ</strong></span> <span class='ocrx_word' id='word_1_360' title='bbox 3036 2296 3225 2358; x_wconf 72' lang='grc' dir='ltr'>παιδὸς</span> <span class='ocrx_word' id='word_1_361' title='bbox 3281 2293 3543 2362; x_wconf 86' lang='grc' dir='ltr'>ὑπέμεινε</span> <span class='ocrx_word' id='word_1_362' title='bbox 3591 2289 3690 2358; x_wconf 78' lang='grc' dir='ltr'><strong>τὴν</strong></span> 
     </span>
    </p>
   </div>
   <div class='ocr_carea' id='block_1_53' title="bbox 2122 2379 3691 2470">
    <p class='ocr_par' dir='ltr' id='par_1_53' title="bbox 2122 2379 3691 2470">
     <span class='ocr_line' id='line_1_53' title="bbox 2122 2379 3691 2470; baseline -0.015 -15"><span class='ocrx_word' id='word_1_363' title='bbox 2122 2401 2355 2470; x_wconf 82' lang='grc' dir='ltr'>σφαγήν.</span> <span class='ocrx_word' id='word_1_364' title='bbox 2394 2399 2458 2450; x_wconf 86' lang='grc' dir='ltr'><strong>Εἰ</strong></span> <span class='ocrx_word' id='word_1_365' title='bbox 2486 2397 2542 2449; x_wconf 82' lang='grc' dir='ltr'><strong>δὲ</strong></span> <span class='ocrx_word' id='word_1_366' title='bbox 2575 2395 2747 2456; x_wconf 86' lang='grc' dir='ltr'>τύπος</span> <span class='ocrx_word' id='word_1_367' title='bbox 2787 2391 2958 2446; x_wconf 89' lang='grc' dir='ltr'>ταῦτα</span> <span class='ocrx_word' id='word_1_368' title='bbox 2987 2390 3084 2459; x_wconf 77' lang='grc' dir='ltr'>τῆς</span> <span class='ocrx_word' id='word_1_369' title='bbox 3119 2385 3397 2456; x_wconf 78' lang='grc' dir='ltr'>ἀληθείας,</span> <span class='ocrx_word' id='word_1_370' title='bbox 3431 2383 3488 2433; x_wconf 86' lang='grc' dir='ltr'><strong>ἐν</strong></span> <span class='ocrx_word' id='word_1_371' title='bbox 3524 2382 3581 2434; x_wconf 76' lang='grc' dir='ltr'>δὲ</span> <span class='ocrx_word' id='word_1_372' title='bbox 3614 2379 3691 2448; x_wconf 83' lang='grc' dir='ltr'><strong>τῷ</strong></span> 
     </span>
    </p>
   </div>
   <div class='ocr_carea' id='block_1_54' title="bbox 2120 2471 3693 2563">
    <p class='ocr_par' dir='ltr' id='par_1_54' title="bbox 2120 2471 3693 2563">
     <span class='ocr_line' id='line_1_54' title="bbox 2120 2471 3693 2563; baseline -0.015 -16"><span class='ocrx_word' id='word_1_373' title='bbox 2120 2494 2276 2563; x_wconf 86' lang='grc' dir='ltr'>τύπῳ</span> <span class='ocrx_word' id='word_1_374' title='bbox 2308 2491 2521 2559; x_wconf 73' lang='grc' dir='ltr'>σφαγὴν</span> <span class='ocrx_word' id='word_1_375' title='bbox 2543 2489 2639 2558; x_wconf 83' lang='grc' dir='ltr'><strong>οὐχ</strong></span> <span class='ocrx_word' id='word_1_376' title='bbox 2669 2487 2962 2554; x_wconf 78' lang='grc' dir='ltr'>ὑπέμεινεν</span> <span class='ocrx_word' id='word_1_377' title='bbox 2987 2485 3014 2537; x_wconf 90' lang='lat'><strong>6</strong></span> <span class='ocrx_word' id='word_1_378' title='bbox 3041 2477 3356 2552; x_wconf 77' lang='grc' dir='ltr'>μονογενὴς,</span> <span class='ocrx_word' id='word_1_379' title='bbox 3389 2475 3524 2529; x_wconf 82' lang='grc' dir='ltr'>ἀλλὰ</span> <span class='ocrx_word' id='word_1_380' title='bbox 3541 2471 3693 2542; x_wconf 82' lang='grc' dir='ltr'>κριδς</span> 
     </span>
    </p>
   </div>
   <div class='ocr_carea' id='block_1_55' title="bbox 2121 2563 3693 2649">
    <p class='ocr_par' dir='ltr' id='par_1_55' title="bbox 2121 2563 3693 2649">
     <span class='ocr_line' id='line_1_55' title="bbox 2121 2563 3693 2649; baseline -0.015 -13"><span class='ocrx_word' id='word_1_381' title='bbox 2121 2579 2474 2649; x_wconf 83' lang='grc' dir='ltr'>ἀντεισήχθη,</span> <span class='ocrx_word' id='word_1_382' title='bbox 2527 2578 2625 2630; x_wconf 73' lang='grc' dir='ltr'>καὶ</span> <span class='ocrx_word' id='word_1_383' title='bbox 2676 2574 2752 2644; x_wconf 81' lang='grc' dir='ltr'>τῷ</span> <span class='ocrx_word' id='word_1_384' title='bbox 2807 2571 2973 2642; x_wconf 80' lang='grc' dir='ltr'>βωμῷ</span> <span class='ocrx_word' id='word_1_385' title='bbox 3031 2567 3398 2640; x_wconf 80' lang='grc' dir='ltr'>προσηνέχθη,</span> <span class='ocrx_word' id='word_1_386' title='bbox 3451 2564 3547 2617; x_wconf 76' lang='grc' dir='ltr'><strong>καὶ</strong></span> <span class='ocrx_word' id='word_1_387' title='bbox 3596 2563 3693 2631; x_wconf 82' lang='grc' dir='ltr'>τῆς</span> 
     </span>
    </p>
   </div>
   <div class='ocr_carea' id='block_1_56' title="bbox 2127 2653 3694 2743">
    <p class='ocr_par' dir='ltr' id='par_1_56' title="bbox 2127 2653 3694 2743">
     <span class='ocr_line' id='line_1_56' title="bbox 2127 2653 3694 2743; baseline -0.013 -18"><span class='ocrx_word' id='word_1_388' title='bbox 2127 2671 2442 2743; x_wconf 72' lang='grc' dir='ltr'>ἱερουργίας</span> <span class='ocrx_word' id='word_1_389' title='bbox 2471 2668 2802 2736; x_wconf 78' lang='grc' dir='ltr'>πεπλήρωκε</span> <span class='ocrx_word' id='word_1_390' title='bbox 2832 2663 2892 2715; x_wconf 84' lang='grc' dir='ltr'><strong>τὸ</strong></span> <span class='ocrx_word' id='word_1_391' title='bbox 2925 2663 3242 2732; x_wconf 74' lang='grc' dir='ltr'>μυστήριον,</span> <span class='ocrx_word' id='word_1_392' title='bbox 3268 2658 3320 2710; x_wconf 88' lang='grc' dir='ltr'><strong>τί</strong></span> <span class='ocrx_word' id='word_1_393' title='bbox 3339 2657 3531 2727; x_wconf 76' lang='grc' dir='ltr'>δήποτε</span> <span class='ocrx_word' id='word_1_394' title='bbox 3563 2653 3694 2706; x_wconf 81' lang='grc' dir='ltr'><strong>κάν-</strong></span> 
     </span>
    </p>
   </div>
   <div class='ocr_carea' id='block_1_57' title="bbox 2123 2743 3696 2833">
    <p class='ocr_par' dir='ltr' id='par_1_57' title="bbox 2123 2743 3696 2833">
     <span class='ocr_line' id='line_1_57' title="bbox 2123 2743 3696 2833; baseline -0.01 -17"><span class='ocrx_word' id='word_1_395' title='bbox 2123 2762 2298 2816; x_wconf 88' lang='grc' dir='ltr'>ταῦθα</span> <span class='ocrx_word' id='word_1_396' title='bbox 2339 2761 2412 2833; x_wconf 80' lang='grc' dir='ltr'><strong>μὴ</strong></span> <span class='ocrx_word' id='word_1_397' title='bbox 2439 2763 2504 2830; x_wconf 80' lang='grc' dir='ltr'>τῇ</span> <span class='ocrx_word' id='word_1_398' title='bbox 2556 2762 2722 2828; x_wconf 81' lang='grc' dir='ltr'>σαρκὶ</span> <span class='ocrx_word' id='word_1_399' title='bbox 2762 2756 2823 2808; x_wconf 73' lang='grc' dir='ltr'><strong>τὸ</strong></span> <span class='ocrx_word' id='word_1_400' title='bbox 2855 2753 3024 2816; x_wconf 85' lang='grc' dir='ltr'>πάθος</span> <span class='ocrx_word' id='word_1_401' title='bbox 3064 2749 3423 2822; x_wconf 82' lang='grc' dir='ltr'>προσνέμετε,</span> <span class='ocrx_word' id='word_1_402' title='bbox 3471 2747 3567 2800; x_wconf 66' lang='grc' dir='ltr'>καὶ</span> <span class='ocrx_word' id='word_1_403' title='bbox 3596 2743 3696 2813; x_wconf 75' lang='grc' dir='ltr'><strong>τῆς</strong></span> 
     </span>
    </p>
   </div>
   <div class='ocr_carea' id='block_1_58' title="bbox 2125 2833 3181 2926">
    <p class='ocr_par' dir='ltr' id='par_1_58' title="bbox 2125 2845 3181 2926">
     <span class='ocr_line' id='line_1_58' title="bbox 2125 2845 3181 2926; baseline -0.016 -15"><span class='ocrx_word' id='word_1_404' title='bbox 2125 2857 2378 2926; x_wconf 77' lang='grc' dir='ltr'>θεότητος</span> <span class='ocrx_word' id='word_1_405' title='bbox 2411 2853 2508 2923; x_wconf 81' lang='grc' dir='ltr'>τὴν</span> <span class='ocrx_word' id='word_1_406' title='bbox 2539 2851 2809 2905; x_wconf 85' lang='grc' dir='ltr'>ἀπάθειαν</span> <span class='ocrx_word' id='word_1_407' title='bbox 2843 2845 3139 2917; x_wconf 78' lang='grc' dir='ltr'>κηρύττετε</span> <span class='ocrx_word' id='word_1_408' title='bbox 3167 2860 3181 2907; x_wconf 88' lang='lat'><strong>;</strong></span> 
     </span>
    </p>
   </div>
   <div class='ocr_carea' id='block_1_59' title="bbox 2192 2922 3698 3007">
    <p class='ocr_par' dir='ltr' id='par_1_59' title="bbox 2192 2922 3698 3007">
     <span class='ocr_line' id='line_1_59' title="bbox 2192 2922 3698 3007; baseline -0.015 -11"><span class='ocrx_word' id='word_1_409' title='bbox 2192 2942 2394 2996; x_wconf 85' lang='lat' dir='ltr'><strong>EPAN.</strong></span> <span class='ocrx_word' id='word_1_410' title='bbox 2429 2941 2537 2993; x_wconf 79' lang='grc' dir='ltr'><strong>Καὶ</strong></span> <span class='ocrx_word' id='word_1_411' title='bbox 2564 2940 2629 2992; x_wconf 76' lang='grc' dir='ltr'><strong>σὺ</strong></span> <span class='ocrx_word' id='word_1_412' title='bbox 2653 2937 2722 2990; x_wconf 81' lang='grc' dir='ltr'>τὰ</span> <span class='ocrx_word' id='word_1_413' title='bbox 2756 2936 2882 3007; x_wconf 78' lang='grc' dir='ltr'>περὶ</span> <span class='ocrx_word' id='word_1_414' title='bbox 2911 2933 3103 2987; x_wconf 87' lang='grc' dir='ltr'>τούτου</span> <span class='ocrx_word' id='word_1_415' title='bbox 3125 2929 3216 2984; x_wconf 89' lang='grc' dir='ltr'><strong>τοῦ</strong></span> <span class='ocrx_word' id='word_1_416' title='bbox 3270 2928 3442 2981; x_wconf 85' lang='grc' dir='ltr'>τύπου</span> <span class='ocrx_word' id='word_1_417' title='bbox 3478 2922 3698 2994; x_wconf 77' lang='grc' dir='ltr'>διηγιιύο</span> 
     </span>
    </p>
   </div>
   <div class='ocr_carea' id='block_1_60' title="bbox 2132 3010 3699 3104">
    <p class='ocr_par' dir='ltr' id='par_1_60' title="bbox 2132 3010 3699 3104">
     <span class='ocr_line' id='line_1_60' title="bbox 2132 3010 3699 3104; baseline -0.015 -19"><span class='ocrx_word' id='word_1_418' title='bbox 2132 3049 2311 3104; x_wconf 83' lang='grc' dir='ltr'>μενος,</span> <span class='ocrx_word' id='word_1_419' title='bbox 2371 3028 2463 3081; x_wconf 79' lang='grc' dir='ltr'><strong>τὸν</strong></span> <span class='ocrx_word' id='word_1_420' title='bbox 2505 3027 2690 3080; x_wconf 80' lang='grc' dir='ltr'>Ἰσαὰκ</span> <span class='ocrx_word' id='word_1_421' title='bbox 2739 3023 2874 3092; x_wconf 64' lang='grc' dir='ltr'>ἔφης</span> <span class='ocrx_word' id='word_1_422' title='bbox 2931 3018 3228 3074; x_wconf 78' lang='grc' dir='ltr'>ἀναϐιῶναι</span> <span class='ocrx_word' id='word_1_423' title='bbox 3279 3018 3344 3084; x_wconf 77' lang='grc' dir='ltr'>τῇ</span> <span class='ocrx_word' id='word_1_424' title='bbox 3382 3011 3500 3082; x_wconf 71' lang='grc' dir='ltr'>θεία</span> <span class='ocrx_word' id='word_1_425' title='bbox 3524 3010 3699 3079; x_wconf 75' lang='grc' dir='ltr'>φωνῇ.</span> 
     </span>
    </p>
   </div>
   <div class='ocr_carea' id='block_1_61' title="bbox 442 3099 2020 3210">
    <p class='ocr_par' dir='ltr' id='par_1_61' title="bbox 442 3127 2018 3199">
     <span class='ocr_line' id='line_1_61' title="bbox 442 3127 2018 3199; baseline -0.006 -11"><span class='ocrx_word' id='word_1_426' title='bbox 442 3132 594 3188; x_wconf 90' lang='lat' dir='ltr'><strong>surdi</strong></span> <span class='ocrx_word' id='word_1_427' title='bbox 625 3132 872 3193; x_wconf 87' lang='lat' dir='ltr'><strong>facimus,</strong></span> <span class='ocrx_word' id='word_1_428' title='bbox 907 3131 950 3184; x_wconf 90' lang='lat' dir='ltr'><strong>si</strong></span> <span class='ocrx_word' id='word_1_429' title='bbox 985 3130 1170 3199; x_wconf 70' lang='lat' dir='ltr'><strong>ﬁgura:</strong></span> <span class='ocrx_word' id='word_1_430' title='bbox 1201 3129 1488 3183; x_wconf 87' lang='lat' dir='ltr'><strong>veritatem</strong></span> <span class='ocrx_word' id='word_1_431' title='bbox 1521 3127 2018 3189; x_wconf 86' lang='lat' dir='ltr'><strong>accommodantes,</strong></span> 
     </span>
    </p>
   </div>
   <div class='ocr_carea' id='block_1_62' title="bbox 2131 3099 3703 3210">
    <p class='ocr_par' dir='ltr' id='par_1_62' title="bbox 2131 3099 3703 3210">
     <span class='ocr_line' id='line_1_62' title="bbox 2131 3099 3703 3182; baseline -0.017 -6"><span class='ocrx_word' id='word_1_432' title='bbox 2131 3123 2294 3177; x_wconf 84' lang='grc' dir='ltr'>Ούδέν</span> <span class='ocrx_word' id='word_1_433' title='bbox 2317 3121 2495 3174; x_wconf 88' lang='grc' dir='ltr'>τοίνυν</span> <span class='ocrx_word' id='word_1_434' title='bbox 2532 3117 2757 3179; x_wconf 87' lang='grc' dir='ltr'>ἀπεικὸς</span> <span class='ocrx_word' id='word_1_435' title='bbox 2788 3113 3072 3182; x_wconf 78' lang='grc' dir='ltr'>ποιοῦμεν,</span> <span class='ocrx_word' id='word_1_436' title='bbox 3099 3109 3175 3179; x_wconf 78' lang='grc' dir='ltr'>τῷ</span> <span class='ocrx_word' id='word_1_437' title='bbox 3208 3106 3360 3175; x_wconf 82' lang='grc' dir='ltr'>τύπῳ</span> <span class='ocrx_word' id='word_1_438' title='bbox 3384 3099 3703 3173; x_wconf 82' lang='grc' dir='ltr'>προσαρμό-</span> 
     </span>
     <span class='ocr_line' id='line_1_63' title="bbox 2595 3192 3696 3210; baseline -0.017 11"><span class='ocrx_word' id='word_1_439' title='bbox 2595 3209 2603 3210; x_wconf 42' lang='grc' dir='ltr'><strong>κ</strong></span> <span class='ocrx_word' id='word_1_440' title='bbox 2855 3207 2864 3210; x_wconf 94' lang='grc'><strong>-</strong></span> <span class='ocrx_word' id='word_1_441' title='bbox 2933 3205 2944 3210; x_wconf 89' lang='grc'><strong><em>-</em></strong></span> <span class='ocrx_word' id='word_1_442' title='bbox 3027 3203 3056 3210; x_wconf 57' lang='grc' dir='ltr'><strong>λ</strong></span> <span class='ocrx_word' id='word_1_443' title='bbox 3098 3201 3109 3210; x_wconf 90' lang='grc'>.</span> <span class='ocrx_word' id='word_1_444' title='bbox 3196 3202 3206 3210; x_wconf 89' lang='grc'>.</span> <span class='ocrx_word' id='word_1_445' title='bbox 3241 3200 3252 3210; x_wconf 93' lang='grc'><strong>,</strong></span> <span class='ocrx_word' id='word_1_446' title='bbox 3552 3192 3607 3210; x_wconf 66' lang='grc' dir='ltr'>η,</span> 
     </span>
    </p>
   </div>
   <div class='ocr_carea' id='block_1_63' title="bbox 442 3217 2026 3292">
    <p class='ocr_par' dir='ltr' id='par_1_63' title="bbox 442 3217 2026 3292">
     <span class='ocr_line' id='line_1_64' title="bbox 442 3217 2026 3292; baseline -0.006 -12"><span class='ocrx_word' id='word_1_447' title='bbox 442 3225 614 3280; x_wconf 90' lang='lat' dir='ltr'><strong>Deum</strong></span> <span class='ocrx_word' id='word_1_448' title='bbox 657 3224 895 3278; x_wconf 77' lang='lat' dir='ltr'><strong>Verbum</strong></span> <span class='ocrx_word' id='word_1_449' title='bbox 939 3237 1160 3292; x_wconf 85' lang='lat' dir='ltr'><strong>passum</strong></span> <span class='ocrx_word' id='word_1_450' title='bbox 1199 3236 1318 3276; x_wconf 89' lang='lat' dir='ltr'><strong>esse</strong></span> <span class='ocrx_word' id='word_1_451' title='bbox 1359 3229 1416 3274; x_wconf 91' lang='lat' dir='ltr'><strong>ct</strong></span> <span class='ocrx_word' id='word_1_452' title='bbox 1453 3220 1716 3273; x_wconf 83' lang='lat' dir='ltr'><strong>revixisse</strong></span> <span class='ocrx_word' id='word_1_453' title='bbox 1762 3217 2026 3286; x_wconf 74' lang='lat' dir='ltr'><strong>praedice-</strong></span> 
     </span>
    </p>
   </div>
   <div class='ocr_carea' id='block_1_64' title="bbox 445 3331 584 3369">
    <p class='ocr_par' dir='ltr' id='par_1_64' title="bbox 445 3331 584 3369">
     <span class='ocr_line' id='line_1_65' title="bbox 445 3331 584 3369; baseline 0 0"><span class='ocrx_word' id='word_1_454' title='bbox 445 3331 584 3369; x_wconf 74' lang='lat' dir='ltr'><strong>IDUS-</strong></span> 
     </span>
    </p>
   </div>
   <div class='ocr_carea' id='block_1_65' title="bbox 516 3400 2028 3476">
    <p class='ocr_par' dir='ltr' id='par_1_65' title="bbox 516 3400 2028 3476">
     <span class='ocr_line' id='line_1_66' title="bbox 516 3400 2028 3476; baseline -0.005 -16"><span class='ocrx_word' id='word_1_455' title='bbox 516 3407 725 3461; x_wconf 78' lang='lat' dir='ltr'><strong>ORTII.</strong></span> <span class='ocrx_word' id='word_1_456' title='bbox 765 3407 918 3476; x_wconf 80' lang='lat' dir='ltr'><strong>Saepe</strong></span> <span class='ocrx_word' id='word_1_457' title='bbox 955 3405 1090 3470; x_wconf 82' lang='lat' dir='ltr'><strong>dixi,</strong></span> <span class='ocrx_word' id='word_1_458' title='bbox 1128 3405 1244 3458; x_wconf 82' lang='lat' dir='ltr'><strong>ﬁcri</strong></span> <span class='ocrx_word' id='word_1_459' title='bbox 1282 3420 1388 3458; x_wconf 87' lang='lat' dir='ltr'><strong>non</strong></span> <span class='ocrx_word' id='word_1_460' title='bbox 1425 3418 1583 3472; x_wconf 89' lang='lat' dir='ltr'><strong>posse</strong></span> <span class='ocrx_word' id='word_1_461' title='bbox 1620 3411 1680 3456; x_wconf 91' lang='lat' dir='ltr'><strong>ut</strong></span> <span class='ocrx_word' id='word_1_462' title='bbox 1715 3402 1893 3471; x_wconf 87' lang='lat' dir='ltr'><strong>imago</strong></span> <span class='ocrx_word' id='word_1_463' title='bbox 1926 3400 2028 3454; x_wconf 82' lang='lat' dir='ltr'><strong>ha-</strong></span> 
     </span>
    </p>
   </div>
   <div class='ocr_carea' id='block_1_66' title="bbox 445 3493 2028 3568">
    <p class='ocr_par' dir='ltr' id='par_1_66' title="bbox 445 3493 2028 3568">
     <span class='ocr_line' id='line_1_67' title="bbox 445 3493 2028 3568; baseline -0.004 -15"><span class='ocrx_word' id='word_1_464' title='bbox 445 3498 573 3554; x_wconf 85' lang='lat' dir='ltr'><strong>beat</strong></span> <span class='ocrx_word' id='word_1_465' title='bbox 616 3501 832 3563; x_wconf 90' lang='lat' dir='ltr'><strong>omnia,</strong></span> <span class='ocrx_word' id='word_1_466' title='bbox 880 3515 1002 3568; x_wconf 73' lang='lat' dir='ltr'><strong>qua:</strong></span> <span class='ocrx_word' id='word_1_467' title='bbox 1051 3499 1218 3552; x_wconf 89' lang='lat' dir='ltr'><strong>habet</strong></span> <span class='ocrx_word' id='word_1_468' title='bbox 1267 3498 1658 3566; x_wconf 84' lang='lat' dir='ltr'><strong>archetypum,</strong></span> <span class='ocrx_word' id='word_1_469' title='bbox 1702 3494 1847 3564; x_wconf 93' lang='lat' dir='ltr'><strong>quod</strong></span> <span class='ocrx_word' id='word_1_470' title='bbox 1897 3493 2028 3547; x_wconf 93' lang='lat' dir='ltr'><strong>hinc</strong></span> 
     </span>
    </p>
   </div>
   <div class='ocr_carea' id='block_1_67' title="bbox 447 3583 2029 3654">
    <p class='ocr_par' dir='ltr' id='par_1_67' title="bbox 447 3583 2029 3654">
     <span class='ocr_line' id='line_1_68' title="bbox 447 3583 2029 3654; baseline -0.004 -10"><span class='ocrx_word' id='word_1_471' title='bbox 447 3588 611 3644; x_wconf 88' lang='lat' dir='ltr'><strong>etiam</strong></span> <span class='ocrx_word' id='word_1_472' title='bbox 641 3591 798 3644; x_wconf 83' lang='lat' dir='ltr'><strong>facile</strong></span> <span class='ocrx_word' id='word_1_473' title='bbox 826 3599 911 3645; x_wconf 90' lang='lat' dir='ltr'><strong>est</strong></span> <span class='ocrx_word' id='word_1_474' title='bbox 934 3590 1202 3644; x_wconf 86' lang='lat' dir='ltr'><strong>ediscere.</strong></span> <span class='ocrx_word' id='word_1_475' title='bbox 1236 3589 1384 3645; x_wconf 83' lang='lat' dir='ltr'><strong>lsaac</strong></span> <span class='ocrx_word' id='word_1_476' title='bbox 1413 3587 1560 3642; x_wconf 91' lang='lat' dir='ltr'><strong>enim</strong></span> <span class='ocrx_word' id='word_1_477' title='bbox 1596 3595 1651 3641; x_wconf 87' lang='lat' dir='ltr'><strong>et</strong></span> <span class='ocrx_word' id='word_1_478' title='bbox 1681 3585 1846 3650; x_wconf 80' lang='lat' dir='ltr'><strong>aries,</strong></span> <span class='ocrx_word' id='word_1_479' title='bbox 1881 3583 2029 3654; x_wconf 88' lang='lat' dir='ltr'><strong>quod</strong></span> 
     </span>
    </p>
   </div>
   <div class='ocr_carea' id='block_1_68' title="bbox 448 3675 2029 3748">
    <p class='ocr_par' dir='ltr' id='par_1_68' title="bbox 448 3675 2029 3748">
     <span class='ocr_line' id='line_1_69' title="bbox 448 3675 2029 3748; baseline -0.003 -16"><span class='ocrx_word' id='word_1_480' title='bbox 448 3678 516 3732; x_wconf 87' lang='lat' dir='ltr'><strong>ad</strong></span> <span class='ocrx_word' id='word_1_481' title='bbox 563 3686 884 3733; x_wconf 88' lang='lat' dir='ltr'><strong>naturarum</strong></span> <span class='ocrx_word' id='word_1_482' title='bbox 938 3678 1162 3748; x_wconf 89' lang='lat' dir='ltr'><strong>quidem</strong></span> <span class='ocrx_word' id='word_1_483' title='bbox 1207 3677 1576 3732; x_wconf 81' lang='lat' dir='ltr'><strong>diﬁerentiam</strong></span> <span class='ocrx_word' id='word_1_484' title='bbox 1623 3675 1847 3738; x_wconf 88' lang='lat' dir='ltr'><strong>attinet,</strong></span> <span class='ocrx_word' id='word_1_485' title='bbox 1896 3689 2029 3728; x_wconf 92' lang='lat' dir='ltr'><strong>con-</strong></span> 
     </span>
    </p>
   </div>
   <div class='ocr_carea' id='block_1_69' title="bbox 450 3768 2030 3842">
    <p class='ocr_par' dir='ltr' id='par_1_69' title="bbox 450 3768 2030 3842">
     <span class='ocr_line' id='line_1_70' title="bbox 450 3768 2030 3842; baseline -0.004 -17"><span class='ocrx_word' id='word_1_486' title='bbox 450 3779 654 3840; x_wconf 84' lang='lat' dir='ltr'><strong>gruunt</strong></span> <span class='ocrx_word' id='word_1_487' title='bbox 689 3788 812 3826; x_wconf 91' lang='lat' dir='ltr'><strong>cum</strong></span> <span class='ocrx_word' id='word_1_488' title='bbox 845 3772 1080 3842; x_wconf 85' lang='lat' dir='ltr'><strong>imagine</strong></span> <span class='ocrx_word' id='word_1_489' title='bbox 1109 3790 1121 3824; x_wconf 91' lang='lat'><strong>:</strong></span> <span class='ocrx_word' id='word_1_490' title='bbox 1151 3770 1453 3826; x_wconf 90' lang='lat' dir='ltr'><strong>secundum</strong></span> <span class='ocrx_word' id='word_1_491' title='bbox 1495 3768 1821 3822; x_wconf 85' lang='lat' dir='ltr'><strong>divisionem</strong></span> <span class='ocrx_word' id='word_1_492' title='bbox 1848 3773 2030 3820; x_wconf 89' lang='lat' dir='ltr'><strong>autem</strong></span> 
     </span>
    </p>
   </div>
   <div class='ocr_carea' id='block_1_70' title="bbox 451 3858 2029 3931">
    <p class='ocr_par' dir='ltr' id='par_1_70' title="bbox 451 3858 2029 3931">
     <span class='ocr_line' id='line_1_71' title="bbox 451 3858 2029 3931; baseline -0.001 -17"><span class='ocrx_word' id='word_1_493' title='bbox 451 3870 824 3931; x_wconf 86' lang='lat' dir='ltr'><strong>scparatarum</strong></span> <span class='ocrx_word' id='word_1_494' title='bbox 881 3862 1396 3922; x_wconf 84' lang='lat' dir='ltr'><strong>subsistentiarum,</strong></span> <span class='ocrx_word' id='word_1_495' title='bbox 1453 3876 1562 3914; x_wconf 92' lang='lat' dir='ltr'><strong>non</strong></span> <span class='ocrx_word' id='word_1_496' title='bbox 1613 3860 1627 3879; x_wconf 80' lang='grc'><strong>¹</strong></span> <span class='ocrx_word' id='word_1_497' title='bbox 1674 3858 2029 3913; x_wconf 86' lang='lat' dir='ltr'><strong>conveniunt.</strong></span> 
     </span>
    </p>
   </div>
   <div class='ocr_carea' id='block_1_71' title="bbox 449 3949 2031 4024">
    <p class='ocr_par' dir='ltr' id='par_1_71' title="bbox 449 3949 2031 4024">
     <span class='ocr_line' id='line_1_72' title="bbox 449 3949 2031 4024; baseline -0.001 -18"><span class='ocrx_word' id='word_1_498' title='bbox 449 3952 562 4006; x_wconf 88' lang='lat' dir='ltr'><strong>Nos</strong></span> <span class='ocrx_word' id='word_1_499' title='bbox 589 3951 734 4004; x_wconf 90' lang='lat' dir='ltr'><strong>enim</strong></span> <span class='ocrx_word' id='word_1_500' title='bbox 769 3951 1076 4008; x_wconf 87' lang='lat' dir='ltr'><strong>divinitatis</strong></span> <span class='ocrx_word' id='word_1_501' title='bbox 1103 3961 1158 4005; x_wconf 89' lang='lat' dir='ltr'><strong>et</strong></span> <span class='ocrx_word' id='word_1_502' title='bbox 1188 3951 1548 4024; x_wconf 85' lang='lat' dir='ltr'><strong>humanitatis</strong></span> <span class='ocrx_word' id='word_1_503' title='bbox 1576 3950 1734 4004; x_wconf 86' lang='lat' dir='ltr'><strong>talem</strong></span> <span class='ocrx_word' id='word_1_504' title='bbox 1763 3949 2031 4018; x_wconf 60' lang='lat' dir='ltr'><strong>praedica-</strong></span> 
     </span>
    </p>
   </div>
   <div class='ocr_carea' id='block_1_72' title="bbox 453 4041 2033 4110">
    <p class='ocr_par' dir='ltr' id='par_1_72' title="bbox 453 4041 2033 4110">
     <span class='ocr_line' id='line_1_73' title="bbox 453 4041 2033 4110; baseline 0 -16"><span class='ocrx_word' id='word_1_505' title='bbox 453 4056 577 4095; x_wconf 93' lang='lat' dir='ltr'><strong>mus</strong></span> <span class='ocrx_word' id='word_1_506' title='bbox 608 4041 888 4104; x_wconf 89' lang='lat' dir='ltr'><strong>unionem,</strong></span> <span class='ocrx_word' id='word_1_507' title='bbox 919 4051 980 4096; x_wconf 93' lang='lat' dir='ltr'><strong>ut</strong></span> <span class='ocrx_word' id='word_1_508' title='bbox 1011 4058 1175 4095; x_wconf 91' lang='lat' dir='ltr'><strong>unam</strong></span> <span class='ocrx_word' id='word_1_509' title='bbox 1215 4056 1508 4110; x_wconf 88' lang='lat' dir='ltr'><strong>personam</strong></span> <span class='ocrx_word' id='word_1_510' title='bbox 1543 4041 1833 4095; x_wconf 89' lang='lat' dir='ltr'><strong>indivisam</strong></span> <span class='ocrx_word' id='word_1_511' title='bbox 1870 4041 2033 4096; x_wconf 91' lang='lat' dir='ltr'><strong>intel-</strong></span> 
     </span>
    </p>
   </div>
   <div class='ocr_carea' id='block_1_73' title="bbox 452 4130 2036 4201">
    <p class='ocr_par' dir='ltr' id='par_1_73' title="bbox 452 4130 2036 4201">
     <span class='ocr_line' id='line_1_74' title="bbox 452 4130 2036 4201; baseline -0.001 -16"><span class='ocrx_word' id='word_1_512' title='bbox 452 4131 706 4201; x_wconf 85' lang='lat' dir='ltr'><strong>ligamus,</strong></span> <span class='ocrx_word' id='word_1_513' title='bbox 739 4132 1102 4200; x_wconf 86' lang='lat' dir='ltr'><strong>eumdemque</strong></span> <span class='ocrx_word' id='word_1_514' title='bbox 1145 4132 1316 4186; x_wconf 87' lang='lat' dir='ltr'><strong>Deum</strong></span> <span class='ocrx_word' id='word_1_515' title='bbox 1356 4138 1411 4184; x_wconf 90' lang='lat' dir='ltr'><strong>et</strong></span> <span class='ocrx_word' id='word_1_516' title='bbox 1447 4130 1724 4183; x_wconf 81' lang='lat' dir='ltr'><strong>hominem</strong></span> <span class='ocrx_word' id='word_1_517' title='bbox 1761 4145 2036 4199; x_wconf 85' lang='lat' dir='ltr'><strong>agnosca-</strong></span> 
     </span>
    </p>
   </div>
   <div class='ocr_carea' id='block_1_74' title="bbox 454 4221 2037 4290">
    <p class='ocr_par' dir='ltr' id='par_1_74' title="bbox 454 4221 2037 4290">
     <span class='ocr_line' id='line_1_75' title="bbox 454 4221 2037 4290; baseline 0.001 -16"><span class='ocrx_word' id='word_1_518' title='bbox 454 4237 596 4284; x_wconf 87' lang='lat' dir='ltr'><strong>mus,</strong></span> <span class='ocrx_word' id='word_1_519' title='bbox 632 4221 906 4276; x_wconf 88' lang='lat' dir='ltr'><strong>visibilem</strong></span> <span class='ocrx_word' id='word_1_520' title='bbox 963 4231 1018 4275; x_wconf 89' lang='lat' dir='ltr'><strong>ct</strong></span> <span class='ocrx_word' id='word_1_521' title='bbox 1062 4221 1418 4282; x_wconf 85' lang='lat' dir='ltr'><strong>invisibilem,</strong></span> <span class='ocrx_word' id='word_1_522' title='bbox 1456 4221 1931 4290; x_wconf 88' lang='lat' dir='ltr'><strong>circumscriptum</strong></span> <span class='ocrx_word' id='word_1_523' title='bbox 1981 4229 2037 4275; x_wconf 84' lang='lat' dir='ltr'><strong>et</strong></span> 
     </span>
    </p>
   </div>
   <div class='ocr_carea' id='block_1_75' title="bbox 454 4311 2033 4388">
    <p class='ocr_par' dir='ltr' id='par_1_75' title="bbox 454 4311 2033 4388">
     <span class='ocr_line' id='line_1_76' title="bbox 454 4311 2033 4388; baseline -0.003 -20"><span class='ocrx_word' id='word_1_524' title='bbox 454 4315 1015 4384; x_wconf 86' lang='lat' dir='ltr'><strong>ineircumscriptum,</strong></span> <span class='ocrx_word' id='word_1_525' title='bbox 1052 4321 1107 4368; x_wconf 91' lang='lat' dir='ltr'><strong>et</strong></span> <span class='ocrx_word' id='word_1_526' title='bbox 1147 4315 1252 4368; x_wconf 87' lang='lat' dir='ltr'><strong>alia</strong></span> <span class='ocrx_word' id='word_1_527' title='bbox 1285 4313 1490 4377; x_wconf 88' lang='lat' dir='ltr'><strong>omnia,</strong></span> <span class='ocrx_word' id='word_1_528' title='bbox 1533 4328 1653 4382; x_wconf 64' lang='lat' dir='ltr'><strong>quae</strong></span> <span class='ocrx_word' id='word_1_529' title='bbox 1691 4311 2033 4388; x_wconf 84' lang='lat' dir='ltr'><strong>divinitatem</strong></span> 
     </span>
    </p>
   </div>
   <div class='ocr_carea' id='block_1_76' title="bbox 454 4406 2036 4477">
    <p class='ocr_par' dir='ltr' id='par_1_76' title="bbox 454 4406 2036 4477">
     <span class='ocr_line' id='line_1_77' title="bbox 454 4406 2036 4477; baseline -0.003 -15"><span class='ocrx_word' id='word_1_530' title='bbox 454 4417 513 4462; x_wconf 86' lang='lat' dir='ltr'><strong>et</strong></span> <span class='ocrx_word' id='word_1_531' title='bbox 542 4406 936 4461; x_wconf 89' lang='lat' dir='ltr'><strong>humanitatem</strong></span> <span class='ocrx_word' id='word_1_532' title='bbox 976 4407 1283 4477; x_wconf 79' lang='lat' dir='ltr'><strong>designant,</strong></span> <span class='ocrx_word' id='word_1_533' title='bbox 1315 4406 1410 4459; x_wconf 91' lang='lat' dir='ltr'><strong>uni</strong></span> <span class='ocrx_word' id='word_1_534' title='bbox 1439 4421 1686 4475; x_wconf 63' lang='lat' dir='ltr'><strong>personae</strong></span> <span class='ocrx_word' id='word_1_535' title='bbox 1724 4420 2036 4459; x_wconf 91' lang='lat' dir='ltr'><strong>accommo-</strong></span> 
     </span>
    </p>
   </div>
   <div class='ocr_carea' id='block_1_77' title="bbox 2131 3192 3704 3282">
    <p class='ocr_par' dir='ltr' id='par_1_77' title="bbox 2131 3192 3704 3282">
     <span class='ocr_line' id='line_1_78' title="bbox 2131 3192 3704 3282; baseline -0.017 -15"><span class='ocrx_word' id='word_1_536' title='bbox 2131 3219 2311 3279; x_wconf 83' lang='grc' dir='ltr'>ζοντες</span> <span class='ocrx_word' id='word_1_537' title='bbox 2343 3212 2440 3282; x_wconf 77' lang='grc' dir='ltr'><strong>τὴν</strong></span> <span class='ocrx_word' id='word_1_538' title='bbox 2481 3209 2758 3280; x_wconf 72' lang='grc' dir='ltr'>ἀλήθειαν,</span> <span class='ocrx_word' id='word_1_539' title='bbox 2784 3207 2877 3259; x_wconf 76' lang='grc' dir='ltr'><strong>καὶ</strong></span> <span class='ocrx_word' id='word_1_540' title='bbox 2901 3205 2988 3257; x_wconf 70' lang='grc' dir='ltr'>τὸν</span> <span class='ocrx_word' id='word_1_541' title='bbox 3022 3201 3154 3254; x_wconf 71' lang='grc' dir='ltr'>Θεὸν</span> <span class='ocrx_word' id='word_1_542' title='bbox 3182 3200 3352 3266; x_wconf 83' lang='grc' dir='ltr'>Λόγον</span> <span class='ocrx_word' id='word_1_543' title='bbox 3374 3192 3704 3248; x_wconf 77' lang='grc' dir='ltr'>πεπονθέναι</span> 
     </span>
    </p>
   </div>
   <div class='ocr_carea' id='block_1_78' title="bbox 2131 3300 2952 3370">
    <p class='ocr_par' dir='ltr' id='par_1_78' title="bbox 2131 3300 2952 3370">
     <span class='ocr_line' id='line_1_79' title="bbox 2131 3300 2952 3370; baseline -0.012 -11"><span class='ocrx_word' id='word_1_544' title='bbox 2131 3307 2224 3359; x_wconf 72' lang='grc' dir='ltr'><strong>καὶ</strong></span> <span class='ocrx_word' id='word_1_545' title='bbox 2249 3303 2545 3357; x_wconf 78' lang='grc' dir='ltr'>ἀναϐιῶναι</span> <span class='ocrx_word' id='word_1_546' title='bbox 2572 3319 2639 3369; x_wconf 80' lang='grc' dir='ltr'><strong>κη</strong></span> <span class='ocrx_word' id='word_1_547' title='bbox 2653 3300 2952 3370; x_wconf 85' lang='grc' dir='ltr'>ρύττοντες.</span> 
     </span>
    </p>
   </div>
   <div class='ocr_carea' id='block_1_79' title="bbox 2203 3375 3709 3458">
    <p class='ocr_par' dir='ltr' id='par_1_79' title="bbox 2203 3375 3709 3458">
     <span class='ocr_line' id='line_1_80' title="bbox 2203 3375 3709 3458; baseline -0.015 -8"><span class='ocrx_word' id='word_1_548' title='bbox 2203 3396 2354 3449; x_wconf 84' lang='grc' dir='ltr'><strong>ΟΡΘ.</strong></span> <span class='ocrx_word' id='word_1_549' title='bbox 2394 3393 2659 3454; x_wconf 73' lang='grc' dir='ltr'>Πολλάκις</span> <span class='ocrx_word' id='word_1_550' title='bbox 2709 3390 2864 3458; x_wconf 74' lang='grc' dir='ltr'>ἔφην,</span> <span class='ocrx_word' id='word_1_551' title='bbox 2901 3389 2973 3450; x_wconf 83' lang='grc' dir='ltr'>ὡς</span> <span class='ocrx_word' id='word_1_552' title='bbox 3013 3386 3111 3454; x_wconf 70' lang='grc' dir='ltr'>οὐχ</span> <span class='ocrx_word' id='word_1_553' title='bbox 3153 3381 3263 3436; x_wconf 71' lang='grc' dir='ltr'>οἷόν</span> <span class='ocrx_word' id='word_1_554' title='bbox 3296 3398 3355 3433; x_wconf 90' lang='grc' dir='ltr'><strong>τε</strong></span> <span class='ocrx_word' id='word_1_555' title='bbox 3383 3379 3481 3447; x_wconf 75' lang='grc' dir='ltr'><strong>τὴν</strong></span> <span class='ocrx_word' id='word_1_556' title='bbox 3521 3375 3709 3429; x_wconf 80' lang='grc' dir='ltr'>εἰκόνα</span> 
     </span>
    </p>
   </div>
   <div class='ocr_carea' id='block_1_80' title="bbox 2133 3468 3710 3556">
    <p class='ocr_par' dir='ltr' id='par_1_80' title="bbox 2133 3468 3710 3556">
     <span class='ocr_line' id='line_1_81' title="bbox 2133 3468 3710 3556; baseline -0.016 -13"><span class='ocrx_word' id='word_1_557' title='bbox 2133 3491 2312 3542; x_wconf 76' lang='grc' dir='ltr'>πάντα</span> <span class='ocrx_word' id='word_1_558' title='bbox 2350 3487 2519 3556; x_wconf 67' lang='grc' dir='ltr'>ἔχειν,</span> <span class='ocrx_word' id='word_1_559' title='bbox 2556 3485 2656 3536; x_wconf 81' lang='grc' dir='ltr'>ὅσα</span> <span class='ocrx_word' id='word_1_560' title='bbox 2690 3479 2749 3534; x_wconf 68' lang='grc' dir='ltr'>τὸ</span> <span class='ocrx_word' id='word_1_561' title='bbox 2779 3479 3085 3552; x_wconf 84' lang='grc' dir='ltr'>ἀρχέτυπον</span> <span class='ocrx_word' id='word_1_562' title='bbox 3125 3476 3258 3546; x_wconf 79' lang='grc' dir='ltr'>ἔχει.</span> <span class='ocrx_word' id='word_1_563' title='bbox 3293 3472 3462 3525; x_wconf 90' lang='grc' dir='ltr'>Τοῦτο</span> <span class='ocrx_word' id='word_1_564' title='bbox 3488 3469 3544 3522; x_wconf 79' lang='grc' dir='ltr'><strong>δέ</strong></span> <span class='ocrx_word' id='word_1_565' title='bbox 3576 3468 3710 3553; x_wconf 81' lang='grc' dir='ltr'><strong>κάν-</strong></span> 
     </span>
    </p>
   </div>
   <div class='ocr_carea' id='block_1_81' title="bbox 2131 3560 3708 3646">
    <p class='ocr_par' dir='ltr' id='par_1_81' title="bbox 2131 3560 3708 3646">
     <span class='ocr_line' id='line_1_82' title="bbox 2131 3560 3708 3646; baseline -0.015 -13"><span class='ocrx_word' id='word_1_566' title='bbox 2131 3581 2320 3633; x_wconf 79' lang='grc' dir='ltr'>τεῦθεν</span> <span class='ocrx_word' id='word_1_567' title='bbox 2356 3576 2694 3646; x_wconf 76' lang='grc' dir='ltr'>καταμαθεῖν</span> <span class='ocrx_word' id='word_1_568' title='bbox 2737 3571 2988 3634; x_wconf 83' lang='grc' dir='ltr'>εὐπετές.</span> <span class='ocrx_word' id='word_1_569' title='bbox 3043 3569 3100 3622; x_wconf 84' lang='lat'><strong>&#39;0</strong></span> <span class='ocrx_word' id='word_1_570' title='bbox 3129 3568 3236 3636; x_wconf 78' lang='grc' dir='ltr'><strong>γὰρ</strong></span> <span class='ocrx_word' id='word_1_571' title='bbox 3299 3563 3502 3623; x_wconf 81' lang='grc' dir='ltr'>Ἰσαὰκ,</span> <span class='ocrx_word' id='word_1_572' title='bbox 3557 3563 3650 3612; x_wconf 76' lang='grc' dir='ltr'><strong>καὶ</strong></span> <span class='ocrx_word' id='word_1_573' title='bbox 3681 3560 3708 3612; x_wconf 83' lang='lat'><strong>6</strong></span> 
     </span>
    </p>
   </div>
   <div class='ocr_carea' id='block_1_82' title="bbox 2133 3652 3706 3743">
    <p class='ocr_par' dir='ltr' id='par_1_82' title="bbox 2133 3652 3706 3743">
     <span class='ocr_line' id='line_1_83' title="bbox 2133 3652 3706 3743; baseline -0.016 -17"><span class='ocrx_word' id='word_1_574' title='bbox 2133 3673 2308 3743; x_wconf 80' lang='grc' dir='ltr'>κριὸς,</span> <span class='ocrx_word' id='word_1_575' title='bbox 2347 3668 2490 3723; x_wconf 86' lang='grc' dir='ltr'>κατὰ</span> <span class='ocrx_word' id='word_1_576' title='bbox 2532 3669 2629 3737; x_wconf 79' lang='grc' dir='ltr'><strong>μὲν</strong></span> <span class='ocrx_word' id='word_1_577' title='bbox 2657 3666 2716 3716; x_wconf 82' lang='grc' dir='ltr'>τὸ</span> <span class='ocrx_word' id='word_1_578' title='bbox 2751 3665 3006 3734; x_wconf 73' lang='grc' dir='ltr'>διάφορον</span> <span class='ocrx_word' id='word_1_579' title='bbox 3035 3659 3143 3711; x_wconf 83' lang='grc' dir='ltr'>τῶν</span> <span class='ocrx_word' id='word_1_580' title='bbox 3171 3656 3408 3725; x_wconf 72' lang='grc' dir='ltr'>φύσεων,</span> <span class='ocrx_word' id='word_1_581' title='bbox 3440 3655 3504 3722; x_wconf 80' lang='grc' dir='ltr'>τῇ</span> <span class='ocrx_word' id='word_1_582' title='bbox 3538 3652 3706 3703; x_wconf 76' lang='grc' dir='ltr'>εἰκόνι</span> 
     </span>
    </p>
   </div>
   <div class='ocr_carea' id='block_1_83' title="bbox 2136 3745 3708 3833">
    <p class='ocr_par' dir='ltr' id='par_1_83' title="bbox 2136 3745 3708 3833">
     <span class='ocr_line' id='line_1_84' title="bbox 2136 3745 3708 3833; baseline -0.015 -16"><span class='ocrx_word' id='word_1_583' title='bbox 2136 3763 2521 3833; x_wconf 71' lang='grc' dir='ltr'>συμϐαίνουσι,</span> <span class='ocrx_word' id='word_1_584' title='bbox 2553 3759 2694 3812; x_wconf 83' lang='grc' dir='ltr'><strong>κατά</strong></span> <span class='ocrx_word' id='word_1_585' title='bbox 2741 3757 2798 3809; x_wconf 83' lang='grc' dir='ltr'>δὲ</span> <span class='ocrx_word' id='word_1_586' title='bbox 2828 3755 2888 3808; x_wconf 83' lang='grc' dir='ltr'><strong>τὸ</strong></span> <span class='ocrx_word' id='word_1_587' title='bbox 2927 3750 3255 3824; x_wconf 75' lang='grc' dir='ltr'>διῃρημένον</span> <span class='ocrx_word' id='word_1_588' title='bbox 3287 3745 3708 3817; x_wconf 80' lang='grc' dir='ltr'>κεχωρισμένων</span> 
     </span>
    </p>
   </div>
   <div class='ocr_carea' id='block_1_84' title="bbox 2133 3836 3711 3914">
    <p class='ocr_par' dir='ltr' id='par_1_84' title="bbox 2133 3836 3711 3914">
     <span class='ocr_line' id='line_1_85' title="bbox 2133 3836 3711 3914; baseline -0.016 -4"><span class='ocrx_word' id='word_1_589' title='bbox 2133 3857 2241 3910; x_wconf 85' lang='grc' dir='ltr'>τῶν</span> <span class='ocrx_word' id='word_1_590' title='bbox 2275 3854 2650 3914; x_wconf 77' lang='grc' dir='ltr'>ὑποστάσειιιν,</span> <span class='ocrx_word' id='word_1_591' title='bbox 2688 3849 2788 3901; x_wconf 77' lang='grc' dir='ltr'><strong>οῦκ</strong></span> <span class='ocrx_word' id='word_1_592' title='bbox 2822 3847 2921 3898; x_wconf 75' lang='grc' dir='ltr'>ἔτι.</span> <span class='ocrx_word' id='word_1_593' title='bbox 2960 3844 3222 3911; x_wconf 80' lang='grc' dir='ltr'>Θεότητος</span> <span class='ocrx_word' id='word_1_594' title='bbox 3268 3840 3376 3909; x_wconf 78' lang='grc' dir='ltr'><strong>γὰρ</strong></span> <span class='ocrx_word' id='word_1_595' title='bbox 3417 3840 3578 3907; x_wconf 80' lang='grc' dir='ltr'>ἡμεῖς</span> <span class='ocrx_word' id='word_1_596' title='bbox 3617 3836 3711 3887; x_wconf 68' lang='grc' dir='ltr'>καὶ</span> 
     </span>
    </p>
   </div>
   <div class='ocr_carea' id='block_1_85' title="bbox 2134 3925 3712 4020">
    <p class='ocr_par' dir='ltr' id='par_1_85' title="bbox 2134 3925 3712 4020">
     <span class='ocr_line' id='line_1_86' title="bbox 2134 3925 3712 4020; baseline -0.017 -16"><span class='ocrx_word' id='word_1_597' title='bbox 2134 3949 2559 4020; x_wconf 81' lang='grc' dir='ltr'>ἀνθρωπότητος</span> <span class='ocrx_word' id='word_1_598' title='bbox 2614 3941 2872 4010; x_wconf 83' lang='grc' dir='ltr'>τοιαύτην</span> <span class='ocrx_word' id='word_1_599' title='bbox 2939 3937 3283 4008; x_wconf 75' lang='grc' dir='ltr'>κηρύττομεν</span> <span class='ocrx_word' id='word_1_600' title='bbox 3349 3933 3564 3992; x_wconf 71' lang='grc' dir='ltr'>ἕνωσιν,</span> <span class='ocrx_word' id='word_1_601' title='bbox 3634 3925 3712 3988; x_wconf 83' lang='grc' dir='ltr'>ὡς</span> 
     </span>
    </p>
   </div>
   <div class='ocr_carea' id='block_1_86' title="bbox 2135 4017 3711 4106">
    <p class='ocr_par' dir='ltr' id='par_1_86' title="bbox 2135 4017 3711 4106">
     <span class='ocr_line' id='line_1_87' title="bbox 2135 4017 3711 4106; baseline -0.016 -14"><span class='ocrx_word' id='word_1_602' title='bbox 2135 4041 2338 4092; x_wconf 77' lang='grc' dir='ltr'>ἐννοεῖν</span> <span class='ocrx_word' id='word_1_603' title='bbox 2369 4037 2426 4089; x_wconf 84' lang='grc' dir='ltr'><strong>ἓν</strong></span> <span class='ocrx_word' id='word_1_604' title='bbox 2459 4035 2752 4106; x_wconf 84' lang='grc' dir='ltr'>πρόσωπον</span> <span class='ocrx_word' id='word_1_605' title='bbox 2792 4029 3118 4098; x_wconf 70' lang='grc' dir='ltr'>ἀδιαίρετον,</span> <span class='ocrx_word' id='word_1_606' title='bbox 3149 4025 3242 4078; x_wconf 72' lang='grc' dir='ltr'><strong>καὶ</strong></span> <span class='ocrx_word' id='word_1_607' title='bbox 3277 4023 3368 4075; x_wconf 74' lang='grc' dir='ltr'>τὸν</span> <span class='ocrx_word' id='word_1_608' title='bbox 3396 4020 3556 4073; x_wconf 76' lang='grc' dir='ltr'>αὐτὸν</span> <span class='ocrx_word' id='word_1_609' title='bbox 3577 4017 3711 4069; x_wconf 86' lang='grc' dir='ltr'>Θεόν</span> 
     </span>
    </p>
   </div>
   <div class='ocr_carea' id='block_1_87' title="bbox 2134 4107 3710 4190">
    <p class='ocr_par' dir='ltr' id='par_1_87' title="bbox 2134 4107 3710 4190">
     <span class='ocr_line' id='line_1_88' title="bbox 2134 4107 3710 4190; baseline -0.016 -11"><span class='ocrx_word' id='word_1_610' title='bbox 2134 4145 2193 4179; x_wconf 94' lang='grc' dir='ltr'><strong>τε</strong></span> <span class='ocrx_word' id='word_1_611' title='bbox 2239 4125 2438 4178; x_wconf 83' lang='grc' dir='ltr'>εἰδέναι</span> <span class='ocrx_word' id='word_1_612' title='bbox 2481 4123 2572 4175; x_wconf 69' lang='grc' dir='ltr'><strong>καὶ</strong></span> <span class='ocrx_word' id='word_1_613' title='bbox 2621 4119 2935 4190; x_wconf 84' lang='grc' dir='ltr'>ἄνθρωπον,</span> <span class='ocrx_word' id='word_1_614' title='bbox 2994 4113 3269 4184; x_wconf 82' lang='grc' dir='ltr'>ὁρώμενον</span> <span class='ocrx_word' id='word_1_615' title='bbox 3311 4110 3405 4164; x_wconf 66' lang='grc' dir='ltr'>καὶ</span> <span class='ocrx_word' id='word_1_616' title='bbox 3458 4107 3710 4177; x_wconf 84' lang='grc' dir='ltr'>ἀόρατον,</span> 
     </span>
    </p>
   </div>
   <div class='ocr_carea' id='block_1_88' title="bbox 2137 4197 3718 4288">
    <p class='ocr_par' dir='ltr' id='par_1_88' title="bbox 2137 4197 3718 4288">
     <span class='ocr_line' id='line_1_89' title="bbox 2137 4197 3718 4288; baseline -0.013 -18"><span class='ocrx_word' id='word_1_617' title='bbox 2137 4215 2656 4288; x_wconf 81' lang='grc' dir='ltr'>περιγεγραμμένον</span> <span class='ocrx_word' id='word_1_618' title='bbox 2703 4213 2799 4264; x_wconf 71' lang='grc' dir='ltr'><strong>καὶ</strong></span> <span class='ocrx_word' id='word_1_619' title='bbox 2829 4208 3230 4280; x_wconf 75' lang='grc' dir='ltr'>ἀπερίγραφον,</span> <span class='ocrx_word' id='word_1_620' title='bbox 3271 4206 3365 4255; x_wconf 64' lang='grc' dir='ltr'>καὶ</span> <span class='ocrx_word' id='word_1_621' title='bbox 3396 4201 3463 4253; x_wconf 73' lang='grc' dir='ltr'>τὰ</span> <span class='ocrx_word' id='word_1_622' title='bbox 3497 4199 3629 4251; x_wconf 77' lang='grc' dir='ltr'>ἄλλα</span> <span class='ocrx_word' id='word_1_623' title='bbox 3658 4197 3718 4250; x_wconf 76' lang='grc' dir='ltr'>δὲ</span> 
     </span>
    </p>
   </div>
   <div class='ocr_carea' id='block_1_89' title="bbox 2137 4291 3718 4376">
    <p class='ocr_par' dir='ltr' id='par_1_89' title="bbox 2137 4291 3718 4376">
     <span class='ocr_line' id='line_1_90' title="bbox 2137 4291 3718 4376; baseline -0.015 -13"><span class='ocrx_word' id='word_1_624' title='bbox 2137 4299 2334 4372; x_wconf 86' lang='grc' dir='ltr'>πάντα,</span> <span class='ocrx_word' id='word_1_625' title='bbox 2385 4309 2484 4361; x_wconf 80' lang='grc' dir='ltr'><strong>ὅσα</strong></span> <span class='ocrx_word' id='word_1_626' title='bbox 2534 4309 2633 4376; x_wconf 82' lang='grc' dir='ltr'><strong>τῆς</strong></span> <span class='ocrx_word' id='word_1_627' title='bbox 2691 4303 2943 4373; x_wconf 81' lang='grc' dir='ltr'>θεότητος</span> <span class='ocrx_word' id='word_1_628' title='bbox 2997 4299 3091 4352; x_wconf 72' lang='grc' dir='ltr'><strong>καὶ</strong></span> <span class='ocrx_word' id='word_1_629' title='bbox 3151 4297 3250 4364; x_wconf 75' lang='grc' dir='ltr'>τῆς</span> <span class='ocrx_word' id='word_1_630' title='bbox 3294 4291 3718 4362; x_wconf 78' lang='grc' dir='ltr'>ἀνθρωπὸτητος</span> 
     </span>
    </p>
   </div>
   <div class='ocr_carea' id='block_1_90' title="bbox 2141 4386 3721 4471">
    <p class='ocr_par' dir='ltr' id='par_1_90' title="bbox 2141 4386 3721 4471">
     <span class='ocr_line' id='line_1_91' title="bbox 2141 4386 3721 4471; baseline -0.015 -16"><span class='ocrx_word' id='word_1_631' title='bbox 2141 4401 2378 4471; x_wconf 79' lang='grc' dir='ltr'>ὑπάρχει</span> <span class='ocrx_word' id='word_1_632' title='bbox 2414 4396 2711 4468; x_wconf 79' lang='grc' dir='ltr'>δηλωτικὰ,</span> <span class='ocrx_word' id='word_1_633' title='bbox 2743 4394 2852 4447; x_wconf 85' lang='grc' dir='ltr'>τῶν</span> <span class='ocrx_word' id='word_1_634' title='bbox 2894 4389 3201 4462; x_wconf 82' lang='grc' dir='ltr'>προσώπων</span> <span class='ocrx_word' id='word_1_635' title='bbox 3251 4387 3328 4455; x_wconf 83' lang='grc' dir='ltr'>τῷ</span> <span class='ocrx_word' id='word_1_636' title='bbox 3360 4386 3438 4438; x_wconf 70' lang='grc' dir='ltr'>ἐνὶ</span> <span class='ocrx_word' id='word_1_637' title='bbox 3471 4399 3721 4452; x_wconf 82' lang='grc' dir='ltr'>προσαρ-</span> 
     </span>
    </p>
   </div>
   <div class='ocr_carea' id='block_1_91' title="bbox 454 4473 2020 4568">
    <p class='ocr_par' dir='ltr' id='par_1_91' title="bbox 454 4496 2020 4568">
     <span class='ocr_line' id='line_1_92' title="bbox 454 4496 2020 4568; baseline -0.002 -16"><span class='ocrx_word' id='word_1_638' title='bbox 454 4498 669 4552; x_wconf 85' lang='lat' dir='ltr'><strong>damus.</strong></span> <span class='ocrx_word' id='word_1_639' title='bbox 695 4496 965 4563; x_wconf 87' lang='lat' dir='ltr'><strong>Quoniam</strong></span> <span class='ocrx_word' id='word_1_640' title='bbox 991 4499 1153 4568; x_wconf 84' lang='lat' dir='ltr'><strong>igitur</strong></span> <span class='ocrx_word' id='word_1_641' title='bbox 1171 4498 1286 4550; x_wconf 86' lang='lat' dir='ltr'><strong>ﬁeri</strong></span> <span class='ocrx_word' id='word_1_642' title='bbox 1313 4512 1421 4551; x_wconf 87' lang='lat' dir='ltr'><strong>non</strong></span> <span class='ocrx_word' id='word_1_643' title='bbox 1445 4503 1678 4565; x_wconf 88' lang='lat' dir='ltr'><strong>poterat,</strong></span> <span class='ocrx_word' id='word_1_644' title='bbox 1701 4505 1759 4548; x_wconf 91' lang='lat' dir='ltr'><strong>ut</strong></span> <span class='ocrx_word' id='word_1_645' title='bbox 1784 4496 1838 4549; x_wconf 92' lang='lat' dir='ltr'><strong>in</strong></span> <span class='ocrx_word' id='word_1_646' title='bbox 1862 4496 2020 4550; x_wconf 78' lang='lat' dir='ltr'><strong>ariett</strong></span> 
     </span>
    </p>
   </div>
   <div class='ocr_carea' id='block_1_92' title="bbox 2131 4473 3720 4568">
    <p class='ocr_par' dir='ltr' id='par_1_92' title="bbox 2145 4473 3720 4565">
     <span class='ocr_line' id='line_1_93' title="bbox 2145 4473 3720 4565; baseline -0.013 -17"><span class='ocrx_word' id='word_1_647' title='bbox 2145 4496 2434 4565; x_wconf 85' lang='grc' dir='ltr'>μόττομεν.</span> <span class='ocrx_word' id='word_1_648' title='bbox 2483 4488 2702 4560; x_wconf 83' lang='grc' dir='ltr'>Ἐπειδὴ</span> <span class='ocrx_word' id='word_1_649' title='bbox 2725 4488 2902 4542; x_wconf 90' lang='grc' dir='ltr'>τοίνυν</span> <span class='ocrx_word' id='word_1_650' title='bbox 2925 4484 3036 4539; x_wconf 73' lang='grc' dir='ltr'>οἶόν</span> <span class='ocrx_word' id='word_1_651' title='bbox 3072 4501 3129 4536; x_wconf 91' lang='grc' dir='ltr'><strong>τε</strong></span> <span class='ocrx_word' id='word_1_652' title='bbox 3157 4483 3257 4536; x_wconf 85' lang='grc' dir='ltr'><strong>ούκ</strong></span> <span class='ocrx_word' id='word_1_653' title='bbox 3281 4477 3348 4550; x_wconf 80' lang='grc' dir='ltr'><strong>ἦν</strong></span> <span class='ocrx_word' id='word_1_654' title='bbox 3389 4482 3443 4532; x_wconf 84' lang='grc' dir='ltr'><strong>ὲν</strong></span> <span class='ocrx_word' id='word_1_655' title='bbox 3471 4477 3548 4546; x_wconf 83' lang='grc' dir='ltr'>τῷ</span> <span class='ocrx_word' id='word_1_656' title='bbox 3578 4473 3720 4547; x_wconf 86' lang='grc' dir='ltr'>κριῷ</span> 
     </span>
    </p>
   </div>
   <div class='ocr_carea' id='block_1_93' title="bbox 457 4586 2033 4659">
    <p class='ocr_par' dir='ltr' id='par_1_93' title="bbox 457 4586 2033 4659">
     <span class='ocr_line' id='line_1_94' title="bbox 457 4586 2033 4659; baseline -0.002 -15"><span class='ocrx_word' id='word_1_657' title='bbox 457 4599 948 4659; x_wconf 65' lang='lat' dir='ltr'><strong>repraesentaretur</strong></span> <span class='ocrx_word' id='word_1_658' title='bbox 991 4589 1347 4651; x_wconf 88' lang='lat' dir='ltr'><strong>resurrectio,</strong></span> <span class='ocrx_word' id='word_1_659' title='bbox 1388 4603 1511 4642; x_wconf 92' lang='lat' dir='ltr'><strong>cum</strong></span> <span class='ocrx_word' id='word_1_660' title='bbox 1556 4586 1782 4640; x_wconf 88' lang='lat' dir='ltr'><strong>rationis</strong></span> <span class='ocrx_word' id='word_1_661' title='bbox 1826 4587 1896 4640; x_wconf 90' lang='lat' dir='ltr'><strong>sit</strong></span> <span class='ocrx_word' id='word_1_662' title='bbox 1936 4603 2033 4641; x_wconf 85' lang='lat' dir='ltr'><strong>ex-</strong></span> 
     </span>
    </p>
   </div>
   <div class='ocr_carea' id='block_1_94' title="bbox 455 4677 2036 4751">
    <p class='ocr_par' dir='ltr' id='par_1_94' title="bbox 455 4677 2036 4751">
     <span class='ocr_line' id='line_1_95' title="bbox 455 4677 2036 4751; baseline -0.002 -16"><span class='ocrx_word' id='word_1_663' title='bbox 455 4696 605 4751; x_wconf 85' lang='lat' dir='ltr'><strong>pers,</strong></span> <span class='ocrx_word' id='word_1_664' title='bbox 641 4689 695 4735; x_wconf 90' lang='lat' dir='ltr'><strong>et</strong></span> <span class='ocrx_word' id='word_1_665' title='bbox 742 4679 925 4734; x_wconf 90' lang='lat' dir='ltr'><strong>divina</strong></span> <span class='ocrx_word' id='word_1_666' title='bbox 981 4689 1164 4733; x_wconf 90' lang='lat' dir='ltr'><strong>careat</strong></span> <span class='ocrx_word' id='word_1_667' title='bbox 1214 4677 1376 4748; x_wconf 64' lang='lat'><strong>204</strong></span> <span class='ocrx_word' id='word_1_668' title='bbox 1425 4678 1678 4746; x_wconf 83' lang='lat' dir='ltr'><strong>imagine,</strong></span> <span class='ocrx_word' id='word_1_669' title='bbox 1723 4677 2036 4746; x_wconf 88' lang='lat' dir='ltr'><strong>partiuntur</strong></span> 
     </span>
    </p>
   </div>
   <div class='ocr_carea' id='block_1_95' title="bbox 457 4767 2035 4843">
    <p class='ocr_par' dir='ltr' id='par_1_95' title="bbox 457 4767 2035 4843">
     <span class='ocr_line' id='line_1_96' title="bbox 457 4767 2035 4843; baseline -0.001 -19"><span class='ocrx_word' id='word_1_670' title='bbox 457 4772 601 4825; x_wconf 85' lang='lat' dir='ltr'><strong>inter</strong></span> <span class='ocrx_word' id='word_1_671' title='bbox 653 4788 710 4828; x_wconf 89' lang='lat' dir='ltr'><strong>se</strong></span> <span class='ocrx_word' id='word_1_672' title='bbox 763 4770 1009 4843; x_wconf 78' lang='lat' dir='ltr'><strong>mysterii</strong></span> <span class='ocrx_word' id='word_1_673' title='bbox 1061 4769 1493 4839; x_wconf 79' lang='lat' dir='ltr'><strong>dispensationis</strong></span> <span class='ocrx_word' id='word_1_674' title='bbox 1540 4767 1799 4835; x_wconf 85' lang='lat' dir='ltr'><strong>ﬁguram,</strong></span> <span class='ocrx_word' id='word_1_675' title='bbox 1845 4776 1900 4822; x_wconf 89' lang='lat' dir='ltr'><strong>et</strong></span> <span class='ocrx_word' id='word_1_676' title='bbox 1945 4769 2035 4823; x_wconf 90' lang='lat' dir='ltr'><strong>ille</strong></span> 
     </span>
    </p>
   </div>
   <div class='ocr_carea' id='block_1_96' title="bbox 456 4859 2035 4932">
    <p class='ocr_par' dir='ltr' id='par_1_96' title="bbox 456 4859 2035 4932">
     <span class='ocr_line' id='line_1_97' title="bbox 456 4859 2035 4932; baseline -0.001 -16"><span class='ocrx_word' id='word_1_677' title='bbox 456 4863 678 4932; x_wconf 90' lang='lat' dir='ltr'><strong>quidem</strong></span> <span class='ocrx_word' id='word_1_678' title='bbox 725 4863 944 4927; x_wconf 89' lang='lat' dir='ltr'><strong>mortis,</strong></span> <span class='ocrx_word' id='word_1_679' title='bbox 989 4862 1080 4916; x_wconf 93' lang='lat' dir='ltr'><strong>hic</strong></span> <span class='ocrx_word' id='word_1_680' title='bbox 1136 4876 1266 4914; x_wconf 90' lang='lat' dir='ltr'><strong>vero</strong></span> <span class='ocrx_word' id='word_1_681' title='bbox 1322 4859 1746 4914; x_wconf 87' lang='lat' dir='ltr'><strong>resurrectionis</strong></span> <span class='ocrx_word' id='word_1_682' title='bbox 1793 4861 2035 4915; x_wconf 85' lang='lat' dir='ltr'><strong>ostendit</strong></span> 
     </span>
    </p>
   </div>
   <div class='ocr_carea' id='block_1_97' title="bbox 458 4947 2034 5023">
    <p class='ocr_par' dir='ltr' id='par_1_97' title="bbox 458 4947 2034 5023">
     <span class='ocr_line' id='line_1_98' title="bbox 458 4947 2034 5023; baseline -0.001 -15"><span class='ocrx_word' id='word_1_683' title='bbox 458 4955 771 5023; x_wconf 82' lang='lat' dir='ltr'><strong>imaginem.</strong></span> <span class='ocrx_word' id='word_1_684' title='bbox 799 4955 913 5010; x_wconf 84' lang='lat' dir='ltr'><strong>Hoc</strong></span> <span class='ocrx_word' id='word_1_685' title='bbox 941 4963 1124 5009; x_wconf 86' lang='lat' dir='ltr'><strong>autem</strong></span> <span class='ocrx_word' id='word_1_686' title='bbox 1156 4947 1333 5022; x_wconf 90' lang='lat' dir='ltr'><strong>ipsum</strong></span> <span class='ocrx_word' id='word_1_687' title='bbox 1371 4952 1535 5005; x_wconf 83' lang='lat' dir='ltr'><strong>etiam</strong></span> <span class='ocrx_word' id='word_1_688' title='bbox 1584 4951 1639 5004; x_wconf 91' lang='lat' dir='ltr'><strong>in</strong></span> <span class='ocrx_word' id='word_1_689' title='bbox 1671 4951 1920 5006; x_wconf 85' lang='lat' dir='ltr'><strong>Mosaicis</strong></span> <span class='ocrx_word' id='word_1_690' title='bbox 1950 4967 2034 5006; x_wconf 86' lang='lat' dir='ltr'><strong>sa-</strong></span> 
     </span>
    </p>
   </div>
   <div class='ocr_carea' id='block_1_98' title="bbox 457 5041 2032 5114">
    <p class='ocr_par' dir='ltr' id='par_1_98' title="bbox 457 5041 2032 5114">
     <span class='ocr_line' id='line_1_99' title="bbox 457 5041 2032 5114; baseline -0.002 -15"><span class='ocrx_word' id='word_1_691' title='bbox 457 5044 680 5099; x_wconf 86' lang='lat' dir='ltr'><strong>criﬁciis</strong></span> <span class='ocrx_word' id='word_1_692' title='bbox 733 5042 1217 5114; x_wconf 89' lang='lat' dir='ltr'><strong>deprehendimus.</strong></span> <span class='ocrx_word' id='word_1_693' title='bbox 1265 5042 1400 5096; x_wconf 89' lang='lat' dir='ltr'><strong>Nam</strong></span> <span class='ocrx_word' id='word_1_694' title='bbox 1451 5049 1506 5094; x_wconf 90' lang='lat' dir='ltr'><strong>et</strong></span> <span class='ocrx_word' id='word_1_695' title='bbox 1555 5041 1611 5094; x_wconf 91' lang='lat' dir='ltr'><strong>in</strong></span> <span class='ocrx_word' id='word_1_696' title='bbox 1660 5042 1769 5097; x_wconf 87' lang='lat' dir='ltr'><strong>illis</strong></span> <span class='ocrx_word' id='word_1_697' title='bbox 1813 5057 2032 5112; x_wconf 90' lang='lat' dir='ltr'><strong>quoque</strong></span> 
     </span>
    </p>
   </div>
   <div class='ocr_carea' id='block_1_99' title="bbox 458 5131 2032 5202">
    <p class='ocr_par' dir='ltr' id='par_1_99' title="bbox 458 5131 2032 5202">
     <span class='ocr_line' id='line_1_100' title="bbox 458 5131 2032 5202; baseline -0.002 -12"><span class='ocrx_word' id='word_1_698' title='bbox 458 5136 844 5190; x_wconf 88' lang='lat' dir='ltr'><strong>adumbratum</strong></span> <span class='ocrx_word' id='word_1_699' title='bbox 911 5135 1169 5191; x_wconf 90' lang='lat' dir='ltr'><strong>salutaris</strong></span> <span class='ocrx_word' id='word_1_700' title='bbox 1236 5131 1509 5202; x_wconf 80' lang='lat' dir='ltr'><strong>passionis</strong></span> <span class='ocrx_word' id='word_1_701' title='bbox 1588 5139 1774 5201; x_wconf 81' lang='lat' dir='ltr'><strong>typum</strong></span> <span class='ocrx_word' id='word_1_702' title='bbox 1844 5132 2032 5187; x_wconf 88' lang='lat' dir='ltr'><strong>videre</strong></span> 
     </span>
    </p>
   </div>
   <div class='ocr_carea' id='block_1_100' title="bbox 458 5229 606 5283">
    <p class='ocr_par' dir='ltr' id='par_1_100' title="bbox 458 5229 606 5283">
     <span class='ocr_line' id='line_1_101' title="bbox 458 5229 606 5283; baseline 0.007 -1"><span class='ocrx_word' id='word_1_703' title='bbox 458 5229 606 5283; x_wconf 86' lang='lat' dir='ltr'><strong>licet.</strong></span> 
     </span>
    </p>
   </div>
   <div class='ocr_carea' id='block_1_101' title="bbox 530 5315 2036 5388">
    <p class='ocr_par' dir='ltr' id='par_1_101' title="bbox 530 5315 2036 5388">
     <span class='ocr_line' id='line_1_102' title="bbox 530 5315 2036 5388; baseline -0.001 -16"><span class='ocrx_word' id='word_1_704' title='bbox 530 5319 734 5373; x_wconf 77' lang='lat' dir='ltr'><strong>ERAN.</strong></span> <span class='ocrx_word' id='word_1_705' title='bbox 772 5318 841 5372; x_wconf 84' lang='lat' dir='ltr'><strong>Et</strong></span> <span class='ocrx_word' id='word_1_706' title='bbox 892 5319 1169 5388; x_wconf 89' lang='lat' dir='ltr'><strong>quodnam</strong></span> <span class='ocrx_word' id='word_1_707' title='bbox 1220 5317 1518 5374; x_wconf 87' lang='lat' dir='ltr'><strong>Mosaicum</strong></span> <span class='ocrx_word' id='word_1_708' title='bbox 1555 5315 1886 5370; x_wconf 88' lang='lat' dir='ltr'><strong>sacriﬁcium</strong></span> <span class='ocrx_word' id='word_1_709' title='bbox 1943 5317 2036 5371; x_wconf 90' lang='lat' dir='ltr'><strong>ad-</strong></span> 
     </span>
    </p>
   </div>
   <div class='ocr_carea' id='block_1_102' title="bbox 463 5408 1046 5466">
    <p class='ocr_par' dir='ltr' id='par_1_102' title="bbox 463 5408 1046 5466">
     <span class='ocr_line' id='line_1_103' title="bbox 463 5408 1046 5466; baseline 0.01 -6"><span class='ocrx_word' id='word_1_710' title='bbox 463 5408 679 5462; x_wconf 87' lang='lat' dir='ltr'><strong>umbrat</strong></span> <span class='ocrx_word' id='word_1_711' title='bbox 720 5408 1046 5466; x_wconf 81' lang='lat' dir='ltr'><strong>veritatem?</strong></span> 
     </span>
    </p>
   </div>
   <div class='ocr_carea' id='block_1_103' title="bbox 534 5594 1301 5656">
    <p class='ocr_par' dir='ltr' id='par_1_103' title="bbox 534 5594 1301 5656">
     <span class='ocr_line' id='line_1_104' title="bbox 534 5594 1301 5656; baseline 0.003 -10"><span class='ocrx_word' id='word_1_712' title='bbox 534 5594 579 5626; x_wconf 68' lang='grc'><strong>’⁸</strong></span> <span class='ocrx_word' id='word_1_713' title='bbox 610 5594 764 5646; x_wconf 80' lang='lat' dir='ltr'><strong>.loan.</strong></span> <span class='ocrx_word' id='word_1_714' title='bbox 792 5608 902 5656; x_wconf 77' lang='lat' dir='ltr'><strong>vni,</strong></span> <span class='ocrx_word' id='word_1_715' title='bbox 926 5597 1014 5653; x_wconf 83' lang='lat'><strong>56.</strong></span> <span class='ocrx_word' id='word_1_716' title='bbox 1094 5595 1139 5626; x_wconf 80' lang='lat'>”</span> <span class='ocrx_word' id='word_1_717' title='bbox 1166 5594 1301 5648; x_wconf 89' lang='lat' dir='ltr'><strong>Gen.</strong></span> 
     </span>
    </p>
   </div>
   <div class='ocr_carea' id='block_1_104' title="bbox 1381 5592 1740 5658">
    <p class='ocr_par' dir='ltr' id='par_1_104' title="bbox 1381 5592 1740 5658">
     <span class='ocr_line' id='line_1_105' title="bbox 1381 5592 1740 5658; baseline -0.019 -9"><span class='ocrx_word' id='word_1_718' title='bbox 1381 5613 1509 5658; x_wconf 77' lang='lat' dir='ltr'><strong>xm,</strong></span> <span class='ocrx_word' id='word_1_719' title='bbox 1553 5592 1740 5649; x_wconf 79' lang='lat' dir='ltr'><strong>lO-i&#39;5.</strong></span> 
     </span>
    </p>
   </div>
   <div class='ocr_carea' id='block_1_105' title="bbox 2145 4571 3721 4659">
    <p class='ocr_par' dir='ltr' id='par_1_105' title="bbox 2145 4571 3721 4659">
     <span class='ocr_line' id='line_1_106' title="bbox 2145 4571 3721 4659; baseline -0.013 -19"><span class='ocrx_word' id='word_1_720' title='bbox 2145 4585 2578 4659; x_wconf 79' lang='grc' dir='ltr'>προτυπωθῆναι</span> <span class='ocrx_word' id='word_1_721' title='bbox 2599 4583 2696 4652; x_wconf 79' lang='grc' dir='ltr'><strong>τὴν</strong></span> <span class='ocrx_word' id='word_1_722' title='bbox 2717 4580 3034 4644; x_wconf 81' lang='grc' dir='ltr'>ἀναϐίωσιν,</span> <span class='ocrx_word' id='word_1_723' title='bbox 3061 4575 3239 4644; x_wconf 84' lang='grc' dir='ltr'>ἀλόγῳ</span> <span class='ocrx_word' id='word_1_724' title='bbox 3262 4590 3323 4641; x_wconf 88' lang='grc' dir='ltr'><strong>γε</strong></span> <span class='ocrx_word' id='word_1_725' title='bbox 3346 4573 3480 4637; x_wconf 66' lang='lat' dir='ltr'><strong>liv-ct,</strong></span> <span class='ocrx_word' id='word_1_726' title='bbox 3506 4571 3721 4638; x_wconf 74' lang='grc' dir='ltr'>καὶτῆς</span> 
     </span>
    </p>
   </div>
   <div class='ocr_carea' id='block_1_106' title="bbox 2143 4665 3723 4745">
    <p class='ocr_par' dir='ltr' id='par_1_106' title="bbox 2143 4665 3723 4745">
     <span class='ocr_line' id='line_1_107' title="bbox 2143 4665 3723 4745; baseline -0.016 -12"><span class='ocrx_word' id='word_1_727' title='bbox 2143 4680 2292 4742; x_wconf 88' lang='grc' dir='ltr'>θείας</span> <span class='ocrx_word' id='word_1_728' title='bbox 2322 4677 2531 4742; x_wconf 75' lang='grc' dir='ltr'>εἰκόνος</span> <span class='ocrx_word' id='word_1_729' title='bbox 2560 4672 2935 4745; x_wconf 86' lang='grc' dir='ltr'>ἐστερημένῳ,</span> <span class='ocrx_word' id='word_1_730' title='bbox 2975 4666 3287 4740; x_wconf 78' lang='grc' dir='ltr'>μερίζονται</span> <span class='ocrx_word' id='word_1_731' title='bbox 3318 4665 3409 4718; x_wconf 86' lang='grc' dir='ltr'><strong>τοῦ</strong></span> <span class='ocrx_word' id='word_1_732' title='bbox 3443 4668 3540 4731; x_wconf 73' lang='grc' dir='ltr'>τῆς</span> <span class='ocrx_word' id='word_1_733' title='bbox 3573 4665 3723 4716; x_wconf 62' lang='lat' dir='ltr'><strong>nixa-</strong></span> 
     </span>
    </p>
   </div>
   <div class='ocr_carea' id='block_1_107' title="bbox 2141 4753 3718 4838">
    <p class='ocr_par' dir='ltr' id='par_1_107' title="bbox 2141 4753 3718 4838">
     <span class='ocr_line' id='line_1_108' title="bbox 2141 4753 3718 4838; baseline -0.011 -17"><span class='ocrx_word' id='word_1_734' title='bbox 2141 4768 2338 4838; x_wconf 89' lang='grc' dir='ltr'>νομίας</span> <span class='ocrx_word' id='word_1_735' title='bbox 2371 4765 2671 4836; x_wconf 85' lang='grc' dir='ltr'>μυστηρίου</span> <span class='ocrx_word' id='word_1_736' title='bbox 2704 4761 2795 4815; x_wconf 85' lang='grc' dir='ltr'>τὸν</span> <span class='ocrx_word' id='word_1_737' title='bbox 2823 4761 3012 4822; x_wconf 86' lang='grc' dir='ltr'>τύπον,</span> <span class='ocrx_word' id='word_1_738' title='bbox 3045 4757 3139 4811; x_wconf 69' lang='grc' dir='ltr'>καὶ</span> <span class='ocrx_word' id='word_1_739' title='bbox 3162 4757 3188 4808; x_wconf 85' lang='grc' dir='ltr'>ὁ</span> <span class='ocrx_word' id='word_1_740' title='bbox 3224 4756 3322 4826; x_wconf 80' lang='grc' dir='ltr'>μὲν</span> <span class='ocrx_word' id='word_1_741' title='bbox 3345 4754 3436 4808; x_wconf 86' lang='grc' dir='ltr'><strong>τοῦ</strong></span> <span class='ocrx_word' id='word_1_742' title='bbox 3462 4753 3718 4815; x_wconf 85' lang='grc' dir='ltr'>θανάτου,</span> 
     </span>
    </p>
   </div>
   <div class='ocr_carea' id='block_1_108' title="bbox 2143 4841 3720 4929">
    <p class='ocr_par' dir='ltr' id='par_1_108' title="bbox 2143 4841 3720 4929">
     <span class='ocr_line' id='line_1_109' title="bbox 2143 4841 3720 4929; baseline -0.012 -17"><span class='ocrx_word' id='word_1_743' title='bbox 2143 4861 2170 4912; x_wconf 89' lang='grc' dir='ltr'>ὁ</span> <span class='ocrx_word' id='word_1_744' title='bbox 2197 4858 2253 4912; x_wconf 81' lang='grc' dir='ltr'>δὲ</span> <span class='ocrx_word' id='word_1_745' title='bbox 2286 4858 2384 4929; x_wconf 85' lang='grc' dir='ltr'>τῆς</span> <span class='ocrx_word' id='word_1_746' title='bbox 2422 4854 2772 4915; x_wconf 84' lang='grc' dir='ltr'>ἀναστάσεως</span> <span class='ocrx_word' id='word_1_747' title='bbox 2819 4850 3062 4902; x_wconf 90' lang='grc' dir='ltr'>δείκνυσι</span> <span class='ocrx_word' id='word_1_748' title='bbox 3092 4846 3190 4916; x_wconf 73' lang='grc' dir='ltr'><strong>τὴν</strong></span> <span class='ocrx_word' id='word_1_749' title='bbox 3219 4845 3420 4898; x_wconf 83' lang='grc' dir='ltr'>εἰκόνα.</span> <span class='ocrx_word' id='word_1_750' title='bbox 3455 4843 3634 4894; x_wconf 67' lang='grc' dir='ltr'>Ταύτδ</span> <span class='ocrx_word' id='word_1_751' title='bbox 3663 4841 3720 4894; x_wconf 78' lang='grc' dir='ltr'>δὲ</span> 
     </span>
    </p>
   </div>
   <div class='ocr_carea' id='block_1_109' title="bbox 2141 4935 3718 5006">
    <p class='ocr_par' dir='ltr' id='par_1_109' title="bbox 2141 4935 3718 5006">
     <span class='ocr_line' id='line_1_110' title="bbox 2141 4935 3718 5006; baseline -0.012 -5"><span class='ocrx_word' id='word_1_752' title='bbox 2141 4947 2299 5001; x_wconf 84' lang='grc' dir='ltr'>τοῦτο</span> <span class='ocrx_word' id='word_1_753' title='bbox 2371 4946 2474 4999; x_wconf 77' lang='grc' dir='ltr'>κὰν</span> <span class='ocrx_word' id='word_1_754' title='bbox 2525 4945 2646 5006; x_wconf 87' lang='grc' dir='ltr'>ταῖς</span> <span class='ocrx_word' id='word_1_755' title='bbox 2705 4941 3026 5001; x_wconf 80' lang='grc' dir='ltr'>Μωσαῖκαῖς</span> <span class='ocrx_word' id='word_1_756' title='bbox 3096 4936 3310 4998; x_wconf 88' lang='grc' dir='ltr'>θυσίαις</span> <span class='ocrx_word' id='word_1_757' title='bbox 3364 4935 3718 5005; x_wconf 68' lang='grc' dir='ltr'>εὑρίσκομεν.</span> 
     </span>
    </p>
   </div>
   <div class='ocr_carea' id='block_1_110' title="bbox 2148 5022 3720 5104">
    <p class='ocr_par' dir='ltr' id='par_1_110' title="bbox 2148 5022 3720 5104">
     <span class='ocr_line' id='line_1_111' title="bbox 2148 5022 3720 5104; baseline -0.01 -14"><span class='ocrx_word' id='word_1_758' title='bbox 2148 5039 2302 5090; x_wconf 89' lang='grc' dir='ltr'>Ἔστι</span> <span class='ocrx_word' id='word_1_759' title='bbox 2326 5035 2435 5104; x_wconf 82' lang='grc' dir='ltr'><strong>γάρ</strong></span> <span class='ocrx_word' id='word_1_760' title='bbox 2478 5035 2605 5086; x_wconf 77' lang='grc' dir='ltr'>ἰδεῖν</span> <span class='ocrx_word' id='word_1_761' title='bbox 2639 5033 2734 5083; x_wconf 71' lang='grc' dir='ltr'><strong>καὶ</strong></span> <span class='ocrx_word' id='word_1_762' title='bbox 2767 5032 2823 5082; x_wconf 86' lang='grc' dir='ltr'><strong>ἐν</strong></span> <span class='ocrx_word' id='word_1_763' title='bbox 2853 5030 3087 5092; x_wconf 80' lang='grc' dir='ltr'>ἐκείναις</span> <span class='ocrx_word' id='word_1_764' title='bbox 3117 5024 3595 5098; x_wconf 73' lang='grc' dir='ltr'>προδιαγραιρέντα</span> <span class='ocrx_word' id='word_1_765' title='bbox 3621 5022 3720 5077; x_wconf 75' lang='grc' dir='ltr'><strong>τοῦ</strong></span> 
     </span>
    </p>
   </div>
   <div class='ocr_carea' id='block_1_111' title="bbox 2146 5122 2975 5199">
    <p class='ocr_par' dir='ltr' id='par_1_111' title="bbox 2146 5122 2975 5199">
     <span class='ocr_line' id='line_1_112' title="bbox 2146 5122 2975 5199; baseline -0.012 -16"><span class='ocrx_word' id='word_1_766' title='bbox 2146 5128 2414 5199; x_wconf 85' lang='grc' dir='ltr'>σωτηρίου</span> <span class='ocrx_word' id='word_1_767' title='bbox 2435 5126 2642 5188; x_wconf 84' lang='grc' dir='ltr'>πάθους</span> <span class='ocrx_word' id='word_1_768' title='bbox 2665 5123 2754 5176; x_wconf 83' lang='grc' dir='ltr'><strong>τὸν</strong></span> <span class='ocrx_word' id='word_1_769' title='bbox 2783 5122 2975 5175; x_wconf 89' lang='grc' dir='ltr'>τύπον.</span> 
     </span>
    </p>
   </div>
   <div class='ocr_carea' id='block_1_112' title="bbox 2215 5299 3725 5370">
    <p class='ocr_par' dir='ltr' id='par_1_112' title="bbox 2215 5299 3725 5370">
     <span class='ocr_line' id='line_1_113' title="bbox 2215 5299 3725 5370; baseline -0.01 -7"><span class='ocrx_word' id='word_1_770' title='bbox 2215 5310 2420 5364; x_wconf 78' lang='lat' dir='ltr'><strong>EPAN.</strong></span> <span class='ocrx_word' id='word_1_771' title='bbox 2459 5309 2570 5360; x_wconf 60' lang='lat' dir='ltr'><strong>Kal.</strong></span> <span class='ocrx_word' id='word_1_772' title='bbox 2607 5305 2733 5358; x_wconf 87' lang='grc' dir='ltr'>ποία</span> <span class='ocrx_word' id='word_1_773' title='bbox 2767 5303 2924 5356; x_wconf 89' lang='grc' dir='ltr'>θυσία</span> <span class='ocrx_word' id='word_1_774' title='bbox 2949 5299 3217 5370; x_wconf 82' lang='grc' dir='ltr'>Μωσαῖκὴ</span> <span class='ocrx_word' id='word_1_775' title='bbox 3260 5300 3591 5369; x_wconf 57' lang='grc' dir='ltr'>σκιαγραφεῖ</span> <span class='ocrx_word' id='word_1_776' title='bbox 3623 5299 3725 5367; x_wconf 61' lang='grc' dir='ltr'>τὴν</span> 
     </span>
    </p>
   </div>
   <div class='ocr_carea' id='block_1_113' title="bbox 2145 5355 3743 5476">
    <p class='ocr_par' dir='ltr' id='par_1_113' title="bbox 2145 5355 3743 5476">
     <span class='ocr_line' id='line_1_114' title="bbox 2145 5355 3743 5476; baseline -0.01 -16"><span class='ocrx_word' id='word_1_777' title='bbox 2145 5406 2431 5476; x_wconf 65' lang='grc' dir='ltr'>ἁ&gt;.”ᾕθειαν;</span> <span class='ocrx_word' id='word_1_778' title='bbox 3726 5355 3743 5398; x_wconf 56' lang='grc'><strong><em>⁸</em></strong></span> 
     </span>
    </p>
   </div>
   <div class='ocr_carea' id='block_1_114' title="bbox 541 5769 2020 5853">
    <p class='ocr_par' dir='ltr' id='par_1_114' title="bbox 541 5775 2020 5853">
     <span class='ocr_line' id='line_1_115' title="bbox 541 5775 2020 5853; baseline -0.006 -20"><span class='ocrx_word' id='word_1_779' title='bbox 541 5780 651 5853; x_wconf 69' lang='grc' dir='ltr'><strong>(ω)</strong></span> <span class='ocrx_word' id='word_1_780' title='bbox 692 5776 774 5844; x_wconf 64' lang='grc' dir='ltr'><strong>ἐξ.</strong></span> <span class='ocrx_word' id='word_1_781' title='bbox 824 5796 990 5847; x_wconf 68' lang='grc' dir='ltr'>συμιρ.</span> <span class='ocrx_word' id='word_1_782' title='bbox 1042 5777 1220 5833; x_wconf 80' lang='lat' dir='ltr'><strong>Editio</strong></span> <span class='ocrx_word' id='word_1_783' title='bbox 1257 5780 1414 5832; x_wconf 76' lang='lat' dir='ltr'><strong>Rom.</strong></span> <span class='ocrx_word' id='word_1_784' title='bbox 1453 5789 1502 5833; x_wconf 85' lang='lat' dir='ltr'><strong>et</strong></span> <span class='ocrx_word' id='word_1_785' title='bbox 1549 5779 1693 5847; x_wconf 68' lang='lat' dir='ltr'><strong>Lips.</strong></span> <span class='ocrx_word' id='word_1_786' title='bbox 1740 5775 2020 5844; x_wconf 58' lang='grc' dir='ltr'>ἀξιωθῆναι</span> 
     </span>
    </p>
   </div>
   <div class='ocr_carea' id='block_1_115' title="bbox 2131 5769 2402 5853">
    <p class='ocr_par' dir='ltr' id='par_1_115' title="bbox 2139 5769 2402 5841">
     <span class='ocr_line' id='line_1_116' title="bbox 2139 5769 2402 5841; baseline 0.008 -21"><span class='ocrx_word' id='word_1_787' title='bbox 2139 5769 2402 5841; x_wconf 43' lang='lat' dir='ltr'><strong>mum/51;.</strong></span> 
     </span>
    </p>
   </div>
  </div>
