4010 6212
259 358 374 423 253

1327 356 1704 420 DIALOGUS
1742 361 1858 420 ΙΙΙο
1877 386 1950 399 -—
1985 360 2453 422 IMPATIBILIS

3408 352 3525 418 ΞΜ

338 470 489 526 οΡΘ.
526 470 681 524 Πᾶσα
718 470 843 540 μὲν,
870 468 946 534 ῶς
974 468 1104 535 ἔπος
1123 471 1319 536 είπεῖν,
1354 471 1386 542 ἠ
1421 471 1633 527 Παλαιὰ
1671 472 1825 537 τύπος

2011 475 2223 533 ORTH.
2260 474 2458 529 Totum
2503 471 2758 542 quidem,
2809 482 2979 539 prope
3023 466 3293 534 dixerim,
3344 466 3514 522 Vetus

260 564 383 617 ἐστὶ
404 562 506 633 τῆς
534 561 768 630 Καινῆς.
800 562 899 615 Διά
923 578 1005 615 τοι
1032 561 1192 615 τοῦτο
1223 563 1318 615 καὶ
1341 564 1370 616 6
1390 562 1533 628 θεῖος
1581 565 1839 619 Ἀπόστο⁸

1944 569 2354 624 Testamentum
2394 564 2565 635 figura
2608 570 2692 616 est
2731 560 2890 624 Novi,
2926 574 3156 628 eamque
3189 559 3259 612 ob
3293 572 3515 613 causam

260 654 355 717 λος
381 652 687 725 διαρρήδην
717 651 871 720 λέγει
889 668 906 684 ·
936 670 954 704 ι
990 653 1156 707 Σκιὰν
1182 652 1290 724 γὰρ
1311 652 1450 724 ἔχων
1487 656 1516 708 6
1542 657 1704 727 νόμος
1731 657 1825 711 τῶι

1941 659 2162 713 divinus
2197 656 2494 727 Apostolus
2535 653 2740 708 diserte
2778 651 2915 706 dicit
2950 668 2963 703 :
3003 668 3021 701 ι
3064 647 3326 704 Umbram
3363 647 3512 703 enim

266 743 573 814 μελλόντων
606 742 831 810 ἀγαθῶν
853 759 867 774 ·
903 763 921 795 ι
957 744 1053 796 καὶ
1081 743 1277 797 πάλιν·
1303 762 1322 796 ι
1362 744 1546 800 Ταῦτα
1579 746 1636 799 δὲ
1660 748 1825 804 πάντα

1940 750 2151 804 habens
2197 749 2287 803 lex
2337 747 2650 801 futurorum
2702 743 2975 798 bonorum
3010 743 3050 796 ί.
3090 760 3108 793 ι
3163 741 3233 795 Et
3275 753 3508 793 rursus:

258 831 423 886 τύποι
510 832 828 887 συνέὅαινον
903 834 1154 896 ἐκείνοις.
1220 852 1240 885 ι
1317 834 1724 905 Ἐναργέστατα
1780 837 1836 890 δὲ

258 922 353 976 τοῦ
381 923 493 993 (45)
530 924 846 994 ἀρχετύπου
867 922 1106 977 δείκνυσι
1134 923 1233 994 τὴν
1266 925 1451 978 εἰκόνα
1471 926 1539 979 τὸ
1561 928 1834 999 πρόϐατον

255 1016 319 1067 τὸ
354 1017 414 1067 ὲν
445 1015 708 1087 Αἰγύπτῳ
754 1014 938 1081 τυθὲν,
966 1015 1061 1068 κα)⁸
1091 1015 1201 1086 (44)
1230 1018 1263 1087 ἡ
1290 1017 1523 1087 δάμαλις
1559 1022 1592 1088 ἡ
1626 1020 1831 1092 πυρρά,

255 1107 289 1176 η
322 1105 518 1176 πόρρω
562 1106 660 1176 τῆς
705 1105 1064 1177 παρεμϐολῆς
1095 1107 1383 1177 καιομένη.
1429 1108 1645 1180 Ταύτης
1682 1113 1775 1165 καὶ⁸
1803 1112 1832 1163 6

266 1196 597 1259 ’Δπὸστολος
629 1200 688 1250 ὲν
726 1200 793 1269 τῇ
827 1198 965 1268 πρὸς
1011 1197 1298 1271 Ἐϐραίους
1356 1199 1642 1272 Ἐπιστολῇ
1694 1218 1832 1272 μνη-

256 1292 552 1362 μονεύσας,
591 1295 840 1364 ἐπήγαγε
888 1310 902 1323 ο
941 1313 959 1345 ι
995 1294 1086 1347 Διὸ
1129 1294 1357 1364 Ἰησοῦς,
1391 1296 1478 1349 ἵνα
1508 1297 1711 1369 ἁγιάσῃ
1744 1298 1832 1353 διὰ

249 1382 345 1436 τοῦ
381 1383 518 1436 ἰδίου
558 1384 793 1452 αἵματος
832 1384 923 1437 τὸν
970 1384 1120 1448 λαὸν,
1175 1384 1282 1450 ἔξω
1328 1386 1428 1456 τῆς
1468 1387 1677 1451 πόλεως
1714 1387 1827 1458 (45)

248 1475 479 1530 ἔπαθεν.
513 1495 534 1527 ι
577 1476 738 1529 Ἀλλά
769 1476 974 1531 τούτων
1008 1476 1110 1547 μὲν
1140 1478 1232 1529 ἐπὶ
1260 1476 1351 1531 τοῦ
1384 1479 1652 1549 παρόντος
1675 1480 1828 1534 οὐδὲν

248 1566 398 1637 ἐρῶ,
435 1566 654 1637 ἐκείνης
684 1567 743 1619 δέ
769 1583 834 1635 γε
857 1567 956 1636 τῆς
984 1566 1179 1629 θυσίας
1210 1567 1618 1639 μνησθήσομαι,
1658 1570 1693 1639 ἢ
1733 1568 1828 1622 δύο

249 1658 488 1726 τράγους
527 1655 641 1725 ἔχει
669 1656 1167 1727 προσφερομένους,
1194 1658 1289 1711 καὶ
1317 1657 1410 1711 τὸν
1440 1658 1542 1728 μὲν
1575 1659 1673 1712 ἕνα
1705 1658 1828 1711 θυό-

250 1761 436 1814 μενον,
480 1745 574 1798 τὸν
601 1744 660 1796 δὲ
690 1745 877 1815 ἕτερον
916 1745 1234 1815 ἀφιέμενον.
1281 1746 1403 1799 Τῶν
1450 1746 1558 1816 γὰρ
1599 1747 1693 1801 δύο
1728 1747 1822 1801 τοῦ

1944 857 1964 889 ι
1998 839 2124 893 Haec
2155 844 2338 891 autem
2368 835 2553 890 omnia
2578 834 2634 888 in
2664 831 3247 904 ﬁgura-contingebant
3273 829 3382 883 illis
3407 830 3450 882 ¹.
3481 847 3505 879 ν

1937 928 2363 984 Evidentissime
2402 935 2585 981 tamen
2627 925 2908 996 archetypi
2944 923 3235 993 imaginem
3266 920 3509 976 ostendit

1936 1020 2057 1074 ovis
2090 1020 2145 1074 in
2179 1019 2410 1090 [Egypto
2445 1017 2744 1081 immolata,
2780 1025 2837 1071 et
2875 1030 3036 1069 vacca
3072 1015 3212 1079 rufa,
3254 1028 3376 1082 quae
3407 1028 3504 1067 ex-

1937 1118 2020 1166 tra
2049 1118 2228 1166 castra
2262 1110 2716 1173 comburebatur;
2752 1108 2910 1177 cujus
2940 1106 3313 1177 et‘Apostolus
3347 1120 3503 1159 men-

1934 1202 2138 1257 tionem
2176 1202 2383 1257 faciens
2423 1201 2478 1255 in
2502 1201 2745 1269 Epistola
2775 1197 2843 1254 ad
2879 1198 3136 1253 Hebraeos
3167 1196 3450 1267 subjumit
3484 1215 3499 1249 :

1938 1310 1959 1345 ι
1990 1294 2221 1363 Propter
2260 1292 2405 1362 quod
2434 1301 2489 1346 et
2522 1292 2698 1354 Iesus,
2727 1298 2789 1344 ut
2819 1290 3184 1345 sanctificat-et
3210 1303 3308 1358 per
3339 1303 3508 1342 suum

1931 1383 2251 1453 sanguinem
2297 1382 2582 1452 populum,
2618 1390 2771 1435 extra
2813 1379 3005 1434 urbem
3050 1393 3245 1449 passus
3278 1386 3363 1432 est
3394 1378 3433 1430 ³.
3472 1396 3495 1428 ι

1930 1472 2037 1529 Sed
2070 1474 2138 1529 de
2171 1475 2259 1529 his
2289 1474 2512 1543 quidem
2542 1473 2597 1526 in
2630 1471 2919 1542 prasentia
2944 1470 3082 1525 nihil
3116 1469 3291 1523 dicam
3319 1486 3332 1521 :
3364 1467 3498 1522 illud

1928 1571 2141 1619 tantum
2168 1564 2497 1620 sacrificium
2526 1561 2989 1625 commemorabo,
3012 1561 3067 1613 in
3093 1576 3202 1629 quo
3223 1559 3332 1613 duo
3357 1557 3497 1612 hirci

1927 1648 2322 1713 offerebantur,
2357 1664 2591 1719 quorum
2630 1649 2770 1702 alter
2802 1648 3163 1706 mactabatur.
3196 1647 3333 1701 alter
3364 1661 3505 1700 vero

1926 1738 2309 1795 dimittebatur
2337 1742 2377 1795 ⁸.
2413 1741 2480 1795 Hi
2509 1740 2656 1795 enim
2684 1740 2917 1794 duarum
2948 1739 3246 1794 Salvatoris
3274 1746 3498 1792 natura-

248 1835 504 1905 Σωτῆρος
547 1835 764 1904 φύσεων
804 1829 946 1890 οὗτοι
987 1836 1453 1908 προδιαγράφουσι
1490 1838 1589 1909 τὴν
1614 1840 1822 1903 είκόνα,

1935 1844 2046 1883 rum
2079 1829 2372 1899 imaginem
2398 1817 2770 1898 pratfigurant,
2808 1826 3068 1882 dimissus
3104 1826 3350 1895 quidem;
3389 1826 3501 1880 im-

246 1924 275 1979 ὁ
300 1923 405 1993 μὲν
442 1923 733 1994 ἀφιέμενος
763 1924 866 1994 τῆς
908 1924 1151 1989 ἀπαθοῦς
1192 1926 1471 1998 θεότητος,
1506 1929 1534 1982 ὀ
1563 1927 1621 1981 δὲ
1655 1946 1827 1999 σφατ-

242 2012 485 2082 τόμενος
513 2014 609 2081 τῆς
635 2013 885 2085 παθητῆς
911 2014 1353 2087 ἀνθρωπότητοςο.

319 2105 527 2159 ΕΡΑΝ.
562 2101 692 2158 Εἶτα
726 2104 789 2159 οῦ
839 2122 919 2159 σοι
959 2106 1107 2161 δοκεῖ
1154 2108 1475 2179 βλάσφημον
1502 2109 1565 2162 τὸ
1600 2110 1824 2181 τράγοις

240 2195 341 2249 τὸν
364 2198 643 2267 Δεσπότην
679 2196 981 2268 ἀφομοιοῦν
999 2214 1022 2263 ;.

320 2287 474 2341 υΡΘ.
519 2288 586 2340 Τί
622 2287 786 2341 πλέον
813 2290 920 2359 ἡγῇ
966 2288 1200 2358 φευκτὸν
1223 2285 1386 2357 εἶναι,
1424 2290 1519 2345 καὶ
1555 2290 1819 2362 μυσαρὸν,

240 2376 392 2445 ὅφιν,
432 2376 467 2445 ἧ
490 2376 696 2446 τράγον
716 2395 731 2443 ;

321 2466 527 2519 EPAN.
556 2466 723 2535 Δῆλον
746 2464 821 2530 ῶς
853 2467 976 2536 ὄφις
1007 2467 1125 2521 ἐστὶ
1151 2469 1409 2539 μυσαρός.
1436 2470 1689 2524 Λωϐἄται
1725 2471 1822 2542 γὰρ

238 2557 372 2619 τοὺς
410 2556 765 2623 πελάζοντας,
822 2559 1083 2623 πολλάκις
1121 2560 1178 2613 δὲ
1233 2563 1498 2632 πημαίνει
1549 2563 1643 2616 καὶ
1695 2564 1820 2627 τοὺς

239 2642 400 2696 οὐδὲν
455 2643 856 2714 ἀδικήσαντας·
903 2648 932 2699 6
969 2647 1027 2699 δὲ
1065 2647 1176 2701 τῶν
1234 2648 1508 2719 ἐδωδίμων
1565 2651 1820 2721 καθαρῶν

238 2734 383 2788 κατὰ
417 2733 511 2787 τὸν
538 2735 724 2806 νόμον.

307 2912 470 2966 ΟΡΘ.
527 2913 735 2966 Οὐκοῦν
785 2913 1017 2967 ἄκουσον
1049 2913 1145 2968 τοῦ
1179 2914 1450 2968 Δεσπότου
1479 2915 1555 2985 τῷ
1587 2916 1705 2986 ὄφει
1742 2916 1820 2986 τῷ

238 3004 435 3075 χαλκῷ
466 3006 528 3057 τὺ
563 3005 830 3075 σωτήριον
876 3007 1266 3071 άπεικάζοντος
1299 3006 1498 3069 πάθος·
1545 3025 1564 3058 ι
1622 3006 1820 3070 Καθὼς

1924 1921 2170 1992 patibilis
2198 1921 2533 1986 divinitatis;
2562 1928 2832 1975 mactatus
2863 1935 3016 1984 vero,
3042 1914 3287 1989 patibiﬁs
3302 1919 3496 1975 huma-

1924 2009 2136 2066 uitatis.

1991 2100 2200 2156 ERAN.
2249 2102 2447 2156 Annon
2484 2100 2583 2157 tibi
2632 2100 3011 2169 blasphemum
3059 2101 3281 2157 videtur
3323 2101 3505 2158 hircis

1922 2191 2215 2246 Dominum
2246 2192 2601 2262 comparare?

1991 2284 2200 2346 ORTH.
2246 2283 2390 2350 Quid
2447 2283 2619 2354 magis
2666 2282 3006 2354 fugiendum,
3041 2290 3099 2339 et
3143 2283 3272 2338 odio
3320 2284 3503 2355 magis

1922 2375 2235 2431 habendum
2269 2390 2480 2435 censes.
2509 2381 2844 2444 serpentem,
2875 2389 2943 2428 an
2972 2374 3224 2427 hircum?

1994 2468 2153 2539 205
2185 2466 2394 2523 ERAN.
2428 2466 2775 2521 Manifestum
2806 2473 2892 2521 est
2929 2465 3075 2536 quod
3106 2480 3332 2535 serpens
3364 2466 3527 2522 odio.

1921 2558 2139 2628 dignior
2186 2559 2277 2613 sit.
2323 2557 2496 2613 Lazdit
2545 2558 2694 2612 enim
2742 2559 3245 2628 appropinquantes
3292 2575 3304 2611 :
3350 2574 3491 2628 saepe

1921 2660 2103 2705 autem
2137 2651 2206 2705 iis
2237 2652 2403 2705 etiam
2442 2659 2626 2716 nocet,
2655 2666 2684 2705 a
2715 2650 2917 2721 quibus
2942 2650 3090 2705 nulla
3124 2650 3321 2721 injuria
3355 2651 3490 2707 affe-

1920 2751 2043 2796 ctus
2076 2750 2180 2796 est.
2227 2742 2427 2811 llircus
2464 2758 2594 2798 vero
2631 2758 2700 2798 ex
2746 2758 2938 2797 eorum
2977 2753 3063 2797 est
3100 2757 3329 2798 numero
3369 2758 3494 2813 quae

1921 2834 2125 2888 munda
2150 2841 2297 2899 sunt,
2323 2842 2379 2889 et
2406 2834 2611 2903 quibus
2641 2835 2788 2889 vesci
2821 2834 2949 2888 licet
2973 2850 3040 2889 ex
3073 2834 3210 2903 lege.

2049 2924 2257 2980 ORTH.
2315 2924 2460 2979 Audi
2511 2940 2642 2995 ergo
2698 2924 2988 2978 Dominum
3044 2920 3284 2993 serpenti
3337 2937 3493 2978 mneo

1920 3026 2328 3089 comparantem
2363 3017 2700 3073 salutiferam
2735 3017 3066 3085 passionem.
3105 3034 3124 3067 ι
3163 3014 3317 3069 Sicut
3340 3014 3485 3070 exal-

240 3095 455 3166 ὒψωσε,
474 3096 664 3167 φησὶν,
692 3097 934 3167 Μωῦσῆς
963 3096 1054 3151 τὸν
1081 3098 1205 3169 ὅφιν
1236 3100 1292 3153 ὲν
1310 3102 1375 3171 τῇ
1404 3100 1615 3171 ἐρήμῳ,
1644 3098 1816 3162 οὕτως

1935 3111 2079 3174 avit,
2114 3110 2316 3180 inquit,
2340 3110 2516 3165 Moses
2547 3117 2858 3179 serpentem
2890 3107 2945 3162 in
2968 3107 3211 3172 deserto,
3242 3107 3315 3161 ita
3338 3106 3490 3161 exal-

241 3187 533 3258 ὐψωθῆναι
585 3187 667 3239 δεῖ
700 3187 792 3241 τὸν
833 3188 961 3242 Υίὸν
1009 3189 1103 3242 τοῦ
1148 3189 1457 3262 ἀνθρώπου,
1504 3191 1591 3244 ἵνα
1645 3194 1752 3255 πᾶς
1788 3192 1817 3244 6

1935 3201 2025 3254 .ari
2068 3209 2286 3271 oportet
2331 3200 2530 3255 Filium
2565 3198 2823 3261 hominis,
2859 3204 2920 3253 ut
2962 3196 3142 3252 omnis
3174 3196 3269 3267 qui
3312 3196 3491 3251 credit

241 3278 525 3334 πιστεύων
554 3279 641 3331 ἐπ’
670 3279 819 3349 αὐτῷ
843 3279 955 3347 (46)
986 3280 1063 3350 μὴ
1095 3281 1395 3351 ἀπόληται,
1413 3280 1526 3335 ἀλλ’
1553 3282 1652 3354 ἔχῃ
1672 3282 1817 3354 ζωὴν

242 3370 487 3425 αἰώνιον.
531 3389 551 3420 ι
586 3371 653 3424 El
686 3370 741 3423 δὲ
767 3369 1003 3440 χαλκοῦς
1032 3371 1155 3440 δφις
1183 3372 1275 3425 τὸν
1309 3373 1402 3425 τοῦ
1437 3373 1818 3444 προσηλωοέν-

241 3479 332 3525 τος
364 3461 625 3532 σώματος
672 3460 960 3531 ἐπλήρωσε
991 3461 1186 3526 τύπον,
1220 3464 1271 3516 τί
1299 3464 1639 3535 δεδράκαμεν
1664 3466 1823 3518 ἀπει-

242 3552 361 3616 κὸς,
395 3552 477 3623 τῷ
507 3553 766 3623 σωτηρίῳ
791 3551 952 3605 πάθει
983 3554 1321 3626 παραθέντες
1345 3557 1444 3627 τὴν
1465 3557 1573 3613 τῶν
1601 3557 1822 3628 τράγων

242 3640 438 3695 θυσίαν
455 3659 470 3706 ;
1262 3657 1271 3667 ⁶

313 3735 521 3788 EPAN.
569 3736 694 3789 "Ott
720 3733 811 3785 τὸν
835 3732 1040 3803 Κύριον
1068 3735 1097 3786 ὁ
1130 3735 1384 3807 Ἰωάννης
1417 3738 1613 3807 ἀμνὸν
1648 3757 1822 3812 προσ-

248 3828 573 3899 ηγὸρευσεν.
613 3827 710 3880 καὶ
747 3828 775 3879 6
809 3825 1034 3890 Ἡσαΐας
1057 3826 1319 3893 ὡσαύτως
1339 3828 1533 3897 ἀμνὸν
1557 3832 1652 3885 καὶ
1679 3836 1822 3902 πρό-

252 3920 458 3973 ἄατον.

318 4011 474 4064 0P9.
527 4011 585 4065 Ὀ
615 4013 671 4066 δέ
705 4030 769 4081 γε
814 4013 1084 4086 μακάριος
1111 4010 1326 4076 Παῦλος
1354 4013 1629 4084 ἁμαρτίαν
1661 4014 1823 4068 αὐτὸν

250 4106 343 4156 καὶ
371 4104 623 4174 κατάραν
653 4106 830 4160 καλεῖ.
874 4107 1188 4175 Τοιγάρτοι,
1225 4104 1301 4168 ὼς
1330 4106 1430 4174 μὲν
1465 4107 1701 4177 κατάρα,
1728 4105 1821 4160 τοῦ

251 4196 562 4267 καταράτου
593 4195 772 4263 ὄφεως
795 4195 886 4251 τὸν
914 4196 1085 4250 τύπον
1110 4197 1308 4268 πληροῖ
1325 4214 1338 4228 ο
1370 4198 1445 4260 ὼς
1470 4197 1527 4250 δὲ
1558 4198 1822 4269 ἁμαρτία,

248 4289 349 4356 τῆς
378 4286 491 4339 τῶν
524 4288 751 4358 τράγων
772 4286 963 4351 θυσίας
1000 4287 1245 4341 δείκνυσι
1273 4288 1372 4359 τὴν
1404 4288 1611 4341 εἰκόνα.
1651 4288 1824 4358 ’Υπὲρ

251 4381 362 4451 γάρ
401 4379 700 4451 ἁμαρτίας,
724 4380 864 4435 κατὰ
894 4381 985 4434 τὸν
1011 4382 1196 4451 νόμον,
1227 4382 1327 4435 οὐκ
1354 4381 1542 4452 ἀμνὸς,
1568 4380 1700 4434 ἀλλὰ
1739 4381 1824 4450 χί-

1919 3291 1975 3346 in
2003 3293 2142 3361 ipso,
2176 3308 2287 3346 non
2314 3299 2522 3361 pereat,
2557 3289 2654 3345 scd
2686 3290 2885 3344 habeat
2907 3288 3076 3343 vitam
3106 3297 3365 3342 aeternam
3392 3288 3433 3342 ⁸.
3464 3307 3483 3338 ι

1918 3384 2099 3451 Quare
2138 3385 2184 3439 si
2227 3399 2455 3453 serpens
2495 3398 2680 3438 tenens
2720 3380 2969 3437 crucifixi
3018 3381 3267 3450 corporis
3304 3390 3491 3452 typum

1919 3475 2186 3545 implevit,
2228 3474 2359 3545 quid
2407 3472 2632 3528 absurdi
2677 3472 2939 3534 facimus,
2981 3470 3206 3525 salutari
3251 3468 3492 3540 passioni

1918 3565 2199 3620 hircorum
2226 3565 2555 3620 sacrificium
2578 3561 3001 3631 comparantes?

1988 3736 2194 3792 ERAN.
2232 3735 2368 3802 Quia
2400 3735 2690 3789 Dominum
2731 3734 2969 3789 Joannes
3009 3750 3203 3802 agnum
3244 3733 3485 3803 appella-

1919 3827 1999 3883 vit
2024 3827 2065 3894 ⁸,
2089 3836 2145 3882 et
2178 3826 2344 3882 Isaias
2373 3824 2624 3880 similiter
2657 3840 2855 3895 agnum
2881 3828 2936 3877 et
2956 3837 3101 3875 ovem
3128 3822 3169 3877 ⁷.

1991 4016 2201 4073 OB'I‘H.
2249 4017 2451 4070 Beatus
2496 4023 2680 4069 autem
2729 4013 2935 4068 Paulus
2984 4019 3269 4082 peccatum
3316 4010 3495 4081 ipsum

1920 4111 2129 4166 vocat“
2172 4118 2229 4163 et
2280 4107 2632 4163 maledictum
2669 4107 2713 4159 ⁸.
2762 4105 2950 4175 Itaque
3006 4111 3065 4158 ut
3114 4102 3491 4166 maledictum,

1922 4200 2197 4258 maledicti
2250 4199 2527 4269 serpentis
2571 4205 2754 4269 typum
2802 4196 2994 4267 implet
3028 4213 3043 4281 ξ
3078 4200 3140 4250 ut
3185 4202 3493 4265 peccatum,

1923 4291 2209 4346 hircorum
2260 4288 2515 4344 sacrificii
2563 4286 2855 4358 imaginem
2909 4285 3169 4340 ostendit.
3217 4284 3323 4338 Pro
3372 4297 3500 4353 pec-

1924 4391 2046 4438 cato
2068 4382 2217 4436 enim
2247 4396 2313 4437 ex
2338 4381 2480 4451 lege,
2510 4394 2622 4434 non
2655 4394 2850 4450 agnus,
2882 4376 2976 4432 sed
3010 4376 3197 4431 hircus
3223 4374 3497 4430 offereba-

251 4490 431 4543 μαρος
481 4474 544 4537 ἐξ
575 4473 748 4541 αἰγῶν
784 4474 1176 4544 προσεφέρετο.
1226 4473 1326 4527 Διά
1354 4490 1437 4526 τοι
1477 4473 1635 4527 τοῦτο
1673 4473 1769 4526 καὶ
1796 4476 1824 4526 ὀ

1935 4482 2039 4529 tur.
2075 4472 2205 4527 ldeo
2237 4482 2294 4528 et
2334 4471 2600 4525 Dominus
2648 4469 2702 4523 in
2747 4468 3052 4539 Evangeliis
3091 4466 3246 4537 agnis
3277 4466 3499 4535 quidem

251 4559 457 4631 Κύριος
479 4563 538 4613 ὲν
557 4566 669 4624 τοῖς
698 4561 1072 4630 Εύαγγελίοις,
1100 4561 1291 4631 ἀμνοῖς
1319 4561 1416 4631 μὲν
1444 4563 1569 4624 τοὺς
1589 4561 1827 4625 δικαίους

251 4650 577 4713 ἀπείκασεν,
633 4649 843 4721 ἐρίφοις
889 4650 948 4702 δὲ
1002 4652 1128 4712 τοὺς
1174 4649 1553 4722 ἁμαρτωλούς.
1603 4648 1825 4719 Ἐπειδὴ

253 4743 436 4796 τοίνυν
467 4742 712 4814 ἔμελλεν,
743 4744 844 4813 οὐχ
896 4743 1038 4814 ὑπὲρ
1073 4742 1303 4796 δικαίων
1349 4742 1531 4813 μόνον,
1567 4741 1703 4796 ἀλλὰ
1734 4740 1829 4793 καὶ

255 4836 402 4904 ὖτάρ
432 4835 790 4906 ἁμαρτωλῶν,
841 4835 1134 4903 ὑπομένειν
1163 4835 1225 4888 τὸ
1258 4835 1449 4898 πάθος,
1502 4835 1726 4897 εἰκότως
1756 4833 1825 4887 δι’

254 4925 450 4993 ἀμνῶν
470 4926 559 4978 καὶ
580 4926 798 4996 τράγων
824 4925 1223 4997 προδιαγράφει
1258 4925 1357 4996 τὴν
1383 4924 1587 4978 οἰκείαν
1616 4926 1818 4996 ἱερουρ-

256 5011 415 5077 γίαν.

330 5104 530 5160 EPAN.
566 5107 726 5161 Ἀλλά
759 5106 865 5161 τῶν
887 5107 979 5160 δύο
1006 5109 1223 5179 τράγων
1255 5108 1283 5160 6
1324 5106 1494 5170 τύπος
1528 5104 1622 5161 δύο
1651 5105 1815 5175 πρόσ-

260 5211 394 5249 ωπα
426 5199 823 5271 παρασκευάζει
852 5203 1013 5254 νοεῖν.

338 5378 357 5407 ι
401 5376 551 5433 Hebr.
586 5395 640 5442 κ,
677 5384 727 5432 1.
803 5381 822 5410 ⁸
853 5379 873 5435 1
900 5379 1027 5434 Cor.
1065 5393 1117 5436 τι.
1156 5376 1214 5428 Η
1319 5375 1339 5406 ³
1370 5374 1537 5429 Hebr.
1564 5389 1677 5432 xm.
1708 5372 1795 5426 12.

338 5445 452 5498 —36.
516 5452 534 5480 ⁷
567 5449 670 5498 lsa.
701 5465 811 5498 mu-
837 5450 888 5498 7.
963 5446 985 5477 ⁸
1014 5446 1058 5498 ll
1081 5445 1207 5498 Cor.
1240 5462 1293 5498 ν.
1318 5445 1407 5498 21.
1483 5447 1503 5475 ⁹
1532 5443 1707 5498 Galat.
1748 5457 1825 5498 ιιι.

1935 5369 2099 5425 Levit.
2155 5369 2317 5428 xvr,i
2365 5383 2517 5438 seqq.

1939 5482 1952 5494 .
2044 5440 2087 5471 "
2126 5438 2313 5493 Matth.
2344 5452 2471 5498 xxv,
2503 5437 2517 5490 ε

258 5445 452 5501 29-56.
516 5452 534 5480 ⁷
567 5449 670 5504 lsa.
700 5465 811 5513 un,
837 5450 888 5502 7.
963 5446 985 5477 ⁸
1014 5446 1058 5501 ll
1081 5445 1207 5502 Cor.
1240 5462 1293 5511 ν,
1318 5445 1407 5498 21.

341 5673 456 5735 (Η)
483 5673 589 5727 καί.
629 5674 755 5729 Des.
794 5674 929 5728 ibid.

341 5602 435 5656 (£5
488 5603 596 5657 τοῦ.
625 5604 701 5659 Ex
736 5602 870 5659 edit.
915 5604 1076 5659 Rom.
1104 5614 1159 5661 et
1197 5604 1347 5675 Lips.
1390 5604 1677 5660 insertum.

341 5601 456 5755 fili
483 5673 589 5755 καέ
629 5674 755 5755 “23-
794 5674 961 5755 ίδὶἀο.
1042 5744 1068 5755 ί.
1205 5744 1239 5755 ..
1554 5753 1560 5755 Α

346 5740 458 5811 (£5)
506 5743 618 5795 πολ.
669 5745 907 5814 Recepta
948 5744 1108 5801 lectio
1148 5744 1339 5814 πύλης.
1385 5746 1505 5801 Vici.
1549 5753 1678 5800 tom.
1729 5742 1816 5806 ill,

1924 4566 2100 4636 justus
2124 4562 2466 4626 assimilavit,
2505 4561 2678 4618 haadis
2703 4570 2887 4616 autem
2922 4558 3319 4629 peccatores".
3349 4555 3498 4623 Quo-

1929 4655 2078 4710 niam
2125 4668 2256 4723 ergo
2303 4667 2414 4707 non
2462 4666 2566 4722 pro
2612 4651 2774 4721 justis
2817 4649 3014 4714 solum,
3052 4647 3146 4704 sed
3191 4648 3355 4702 etiam
3399 4660 3501 4716 pro

1929 4744 2314 4816 peccatoribus
2351 4756 2615 4812 passurus
2644 4746 2781 4803 erat,
2807 4739 2928 4809 jure
2972 4755 3070 4809 per
3103 4753 3271 4809 agnos
3299 4744 3355 4792 et
3386 4736 3503 4791 bir-

1932 4852 2026 4892 cos
2048 4834 2375 4891 sacrificium
2400 4849 2560 4887 suum
2582 4830 2912 4903 praefigunt.

2004 5097 2212 5155 ERAN.
2251 5095 2357 5152 Sed
2410 5096 2647 5151 duorum
2688 5094 2971 5148 hircorum
3017 5100 3173 5162 typus
3214 5096 3400 5146 monet
3439 5095 3502 5143 ut

1937 5194 2072 5249 duas
2104 5206 2369 5263 personas
2402 5190 2766 5261 intelligamus

2593 5366 2614 5397 ⁵
2645 5364 2801 5420 Joan.
2836 5378 2914 5427 ιιι,
2968 5361 3149 5426 14,15.
3225 5360 3244 5392 ‘
3266 5361 3421 5418 Joan.
3454 5378 3495 5429 ι,

2044 5440 2087 5471 ⁹’
2126 5438 2313 5493 Matth.
2344 5436 2589 5501 χχιζῦῖ.

1927 5598 2230 5741 Ρ.
2280 5662 2446 5734 αὐτῷ.
2488 5664 2723 5736 Recepta
2763 5662 2927 5720 lectio
2958 5670 3042 5718 est
3075 5664 3155 5725 εἰς
3192 5661 3371 5717 αὐτόν.
