4010 6212
460 334 569 401 255

1469 330 1960 393 THEODORETI
1997 327 2335 391 EPISCOPI
2371 328 2736 391 CYRENSIS

3622 313 3730 378 256

532 445 694 515 206
725 443 933 499 ORTll.
973 441 1092 496 Non
1144 447 1360 511 poterat
1413 441 1469 494 in
1525 456 1636 494 uno
1681 441 1836 494 hirco
1878 437 2042 494 simul

2215 440 2364 494 0P6.
2408 441 2520 510 Ούχ
2574 435 2686 493 οἷόν
2727 436 2774 488 τ’
2808 431 2877 507 ἦν
2919 436 2976 488 ὲν
3005 434 3086 486 ἑνὶ
3131 433 3318 503 τράγῳ
3361 431 3528 499 ἄμφω
3587 438 3730 482 κατὰ

461 547 757 605 utrumque
811 532 1052 604 ﬁgurari,
1095 541 1151 586 et
1203 530 1504 601 patibilitas
1548 530 1936 594 humanitatis,
1985 538 2043 583 et

466 629 766 685 .iivinitatis
814 625 1210 697 impatibilitas.
1265 625 1400 678 Nam
1452 624 1544 678 hic
1596 623 1813 678 occisus
1863 621 2042 675 vivam

467 731 712 776 naturam
752 735 862 773 non
895 717 1249 774 ostendisset.
1289 715 1416 770 Ideo
1441 715 1644 784 sumpti
1678 723 1808 768 sunt
1833 713 1942 768 duo
1975 713 2043 767 ad

465 812 599 868 duas
651 821 876 866 naturas
931 808 1339 880 signiﬁcandas.
1395 807 1546 862 Idem
1591 815 1778 862 autem
1823 821 1890 860 ex
1937 805 2050 862 alio

465 920 680 976 quoque
707 902 978 959 sacriﬁcio
1009 900 1241 972 intelligi
1274 907 1474 971 potest.

533 1083 741 1138 ERAN.
776 1081 1065 1148 Quonam?

531 1172 741 1228 ORTH.
781 1173 884 1230 Ubi
931 1173 1069 1227 duas
1117 1188 1248 1228 ares
1296 1157 1534 1227 mandas
1576 1170 1854 1240 legislator
1893 1168 2050 1238 jubet

463 1266 651 1321 oﬁ‘erri
690 1267 752 1330 ¹⁰,
787 1274 844 1320 et
871 1267 1098 1320 alteram
1126 1265 1349 1336 quidem
1385 1264 1633 1327 mactari,
1661 1264 1888 1318 alteram
1916 1277 2049 1316 vero

463 1358 519 1411 in
567 1366 818 1412 mactatae
862 1358 1126 1428 sanguine
1174 1357 1462 1411 intinctam
1499 1355 1723 1411 dimitti.
1759 1353 1861 1407 Hic
1899 1352 2048 1407 enim

463 1451 770 1505 divinitatis
813 1458 870 1506 et
911 1449 1273 1505 humanitatis
1318 1457 1509 1521 typum
1547 1447 1832 1510 videmus,
1885 1447 2052 1517 hujus

462 1542 686 1612 quidem
722 1557 844 1611 qua:
886 1541 1253 1605 sacriﬁcatur,
1293 1541 1441 1596 illius
1475 1553 1629 1604 vero,
1666 1553 1789 1609 quae
1835 1538 2050 1608 passio-

462 1647 590 1685 nem
623 1631 729 1685 sibi
761 1631 1004 1702 adaptat.

535 1723 741 1779 ΕΒΑΝ.
781 1725 978 1780 Multas
1009 1726 1174 1781 nobis
1208 1724 1410 1795 ﬁguras
1441 1723 1722 1794 protulisti
1753 1736 1888 1792 :ego
1917 1735 2052 1775 vero

462 1815 837 1885 mnigmaticos
865 1831 1149 1872 sermones
1179 1831 1289 1870 non
1322 1814 1574 1869 admitto.

534 1907 743 1963 ORTH.
805 1908 874 1962 Et
930 1915 1113 1962 tamen
1169 1906 1393 1962 divinus
1447 1904 1745 1976 Apostolus
1789 1904 1829 1935 “
1883 1903 2052 1958 etiam

466 1999 727 2054 historias
761 1998 964 2070 ﬁguras
997 2014 1118 2053 esse
1162 1997 1320 2063 dixit,
1357 2007 1414 2052 et
1446 1995 1681 2067 Agarem
1723 2004 1910 2068 typum
1951 1997 2054 2050 Ve-

466 2091 597 2146 teris
619 2089 956 2144 Testamenti
982 2088 1216 2150 vocavit,
1247 2096 1304 2142 et
1329 2084 1518 2142 Saram
1551 2085 1761 2140 caelesti
1797 2083 2056 2138 Hieroso-

465 2181 622 2252 lyma:
667 2181 1028 2250 comparavit,
1073 2189 1130 2235 et
1181 2179 1465 2233 lsmaelem
1519 2186 1706 2248 typum
1752 2192 1874 2232 esse
1916 2175 2059 2229 dixit

465 2273 703 2337 lsraelis,
739 2273 983 2327 lsaacum
1030 2279 1214 2325 autem
1252 2271 1378 2326 novi
1418 2269 1625 2341 populi.
1673 2270 1882 2324 Accusa
1924 2283 2055 2336 ergo

465 2381 716 2434 magnam
771 2379 991 2433 quoque
1049 2362 1291 2433 Spiritus
1341 2365 1358 2382 ‘
1408 2362 1632 2425 tubam,
1691 2360 1836 2430 quod
1893 2360 2063 2414 nobis

463 2457 727 2512 omnibus
759 2456 1135 2526 aenigmaticos
1163 2469 1446 2509 sermones
1479 2453 1856 2524 praposuerit.

534 2645 741 2700 EBAN.
788 2644 1020 2700 Etiamsi
1063 2643 1214 2698 mille
1257 2643 1394 2697 alios
1439 2655 1724 2696 sermones
1769 2640 2062 2710 adjungas.

463 2752 574 2791 non
603 2734 961 2806 persuadebis
989 2743 1169 2788 tamen
1205 2740 1267 2787 ut
1298 2732 1608 2802 passionem
1645 2731 1908 2785 dividam.
1941 2731 2054 2784 Au-

465 2829 577 2883 diri
614 2828 762 2882 enim
803 2826 1080 2898 angelum,
1118 2826 1212 2896 qui
1248 2825 1432 2878 Maria:
1467 2823 1606 2878 dixit
1641 2841 1654 2877 :
1700 2845 1718 2875 ι
1749 2823 1966 2886 Venite,
2001 2831 2056 2877 et

463 2920 648 2976 videte
677 2921 882 2984 locum,
916 2918 1008 2973 ubi
1041 2917 1256 2989 positus
1288 2924 1404 2973 eral
1432 2917 1699 2972 Dominus
1725 2917 1786 2970 ".
1821 2935 1838 2968 ι

534 3010 745 3066 ORTH.
786 3009 900 3063 lloc
944 3015 1000 3062 et
1035 3023 1136 3063 nos
1187 3007 1368 3062 facere
1414 3007 1677 3062 solemus.
1720 3005 1856 3060 Nam
1901 3021 2054 3060 com-

2143 530 2340 583 ταύτὸν
2377 529 2824 600 προτυπωθῆναι,
2855 526 2948 579 καὶ
2991 526 3052 578 τὸ
3092 522 3332 594 παθητὸν
3370 523 3466 592 τῆς
3515 519 3730 590 ἀνθρωρ

2145 622 2402 692 πότητος.
2459 621 2645 675 καὶτὸ
2679 618 2890 682 ἀπαθὲς
2941 617 3041 687 τῆς
3071 617 3346 685 θεότητος.
3393 613 3731 683 Ἀναιρεθεὶς

2145 712 2254 782 γάρ
2289 707 2443 776 οὗτος
2473 713 2572 783 τὴν
2622 711 2804 775 ζῶσαν
2837 711 2937 764 ούκ
2979 709 3044 762 ἂν
3088 707 3254 773 ἔδειξε
3295 705 3476 775 φύσιν.
3518 703 3732 756 Τούτου

2148 804 2213 876 δὴ
2247 805 2409 877 χάριν
2445 804 2539 858 δύο
2568 802 2998 875 παρελήφθησαν
3023 802 3103 864 είς
3126 799 3222 869 τὴν
3245 799 3351 851 τῶν
3381 796 3474 850 δύο
3512 795 3734 865 φύσεων

2147 896 2406 967 δήλωσιν.
2439 896 2618 949 raw.
2657 897 2716 949 δὲ
2752 895 2847 948 καὶ
2879 896 2964 962 ἐφ’
3006 893 3201 962 ἑτέρας
3231 890 3344 960 (47)
3391 888 3584 952 θυσίας
3625 905 3732 940 κα-

2148 989 2384 1058 ταμάθοι
2420 1007 2503 1052 τις
2526 988 2612 1042 ἄν.

2221 1081 2428 1136 ΕΡΑΝ.
2457 1081 2652 1143 Ποίαςς

2224 1172 2380 1229 ΟΡΘ.
2413 1172 2581 1226 Ἔνθα
2617 1172 2798 1242 ὄρνεις
2825 1169 2920 1224 δύο
2946 1171 3056 1222 τῶν
3084 1169 3342 1240 καθαρῶν
3370 1170 3398 1222 ό
3433 1167 3736 1238 νομοθέτης

2150 1263 2462 1335 διαγορεύει
2497 1263 2922 1335 προσφέρεσθαι,
2952 1264 3044 1316 καὶ
3085 1263 3176 1314 τὸν
3204 1263 3302 1332 μὲν
3353 1261 3597 1324 θύεσθαι,
3632 1261 3737 1313 θά-

2151 1373 2308 1426 τερον
2351 1357 2406 1409 δὲ
2438 1358 2516 1419 είς
2553 1356 2612 1409 τὸ
2640 1357 2735 1408 τοῦ
2771 1357 3027 1418 τυθέντος
3054 1351 3193 1425 αἷμα
3227 1353 3468 1425 βαφέντα
3503 1352 3743 1407 ἀπολύε-

2155 1450 2300 1503 σθαι.
2330 1451 2438 1503 Καὶ
2477 1449 2585 1519 γάρ
2612 1449 2846 1502 ἐνταῦθα
2873 1449 3091 1520 ὁρῶμεν
3114 1448 3205 1502 τὸν
3229 1449 3327 1519 τῆς
3363 1447 3616 1517 θεότητος
3641 1446 3740 1499 καὶ

2153 1545 2580 1616 ἀνθρωπότητος
2627 1543 2818 1608 τύπον,
2856 1545 2956 1615 τῆς
2992 1543 3095 1609 μὲν
3130 1541 3422 1614 θυομένης,
3449 1542 3549 1612 τῆς
3573 1541 3631 1594 δὲ
3654 1542 3746 1594 οἰ·-

2155 1637 2480 1706 κειουμένης
2501 1636 2562 1689 τὸ
2604 1635 2796 1700 πάθος.
3685 1659 3688 1661 ·

2226 1728 2429 1782 ΕΡΑΝ.
2464 1728 2700 1789 Πολλοὺς
2721 1729 2853 1798 ἡμῖν
2886 1728 3292 1799 προσενήνοχας
3323 1726 3548 1791 τύπους.
3591 1724 3749 1794 Ἐγὼ

2153 1818 2210 1872 δὲ
2235 1820 2362 1882 τοὺς
2395 1817 2815 1888 αἰνιγματώδεις
2852 1817 2912 1870 ού
2943 1816 3238 1887 προσίεμαι
3264 1817 3478 1884 λόγους.

2227 1909 2381 1963 ΟΡΘ.
2406 1909 2518 1963 Καὶ
2544 1909 2648 1980 μὴν
2679 1911 2708 1961 ό
2732 1907 2876 1972 θεῖος
2912 1907 3234 1971 Ἀπόστολος
3256 1907 3351 1960 καὶ
3377 1907 3474 1970 τὰς
3493 1905 3754 1976 ἱστορίας

2155 2003 2363 2066 τύπους
2409 1997 2548 2054 εἶναί
2589 2017 2744 2071 φησι.
2787 2001 2880 2054 καὶ
2922 1999 3020 2070 τὴν
3058 2001 3236 2070 Ἀγαρ
3277 2000 3448 2052 τύπον
3486 1999 3588 2067 τῆς
3625 2015 3745 2051 πα-

2156 2091 2314 2154 λαιᾶς
2338 2091 2616 2162 Διαθὴκης
2644 2089 2895 2152 ἐκάλεσε,
2918 2091 3014 2143 καὶ
3039 2090 3137 2160 τὴν
3161 2089 3380 2161 Σάρῤαν
3403 2092 3466 2160 τῇ
3497 2091 3747 2160 ἐπουρα-

2157 2187 2256 2257 νίῳ
2293 2186 2595 2240 ἀπείκασεν
2652 2183 3032 2256 Ἰερουσαλὴμ,
3077 2185 3172 2237 καὶ
3211 2185 3303 2238 τὸν
3347 2185 3444 2254 μὲν
3488 2183 3742 2254 Ἰσμαὴλ,

2157 2280 2327 2333 τύπον
2356 2278 2460 2348 ἔφη
2485 2277 2579 2330 τοῦ
2614 2276 2855 2348 Ἰσραὴλ,
2885 2277 2976 2329 τὸν
3015 2276 3200 2330 Ἰσαάκ
3220 2276 3296 2341 δὲ,
3320 2277 3413 2329 τοῦ
3441 2276 3562 2328 νέου
3582 2274 3747 2330 λαοῦ.

2158 2375 2556 2444 Κατηγόρησον
2596 2369 2690 2425 οὖν
2723 2375 2817 2426 καὶ
2847 2373 2945 2440 τῆς
2995 2372 3238 2441 μεγάλης
3289 2371 3381 2423 τοῦ
3421 2368 3749 2438 ῐινεύματος

2161 2467 2488 2535 σάλπιγγος.
2520 2467 2604 2519 ὃτι
2635 2468 2801 2519 πᾶσιν
2828 2467 2961 2535 ἡμῖν
2984 2465 3109 2525 τοὺς
3131 2461 3550 2532 αἰνιγματώδεις
3579 2477 3748 2532 προσ⁴

2158 2560 2379 2628 ενήνοχε
2412 2557 2625 2626 λόγους.

2233 2650 2436 2704 ΕΡΛΝ.
2481 2651 2598 2704 Κάν
2639 2649 2876 2721 μυρίους
2903 2665 2996 2720 μοι
3036 2648 3258 2718 ἐτέρους
3293 2647 3402 2715 (48)
3449 2645 3740 2718 προσενέγε

2159 2762 2260 2815 κῃς
2291 2745 2508 2812 λόγους,
2553 2743 2774 2813 μερίσαι
2821 2743 2882 2795 τὸ
2922 2742 3093 2803 πάθος
3125 2741 3186 2793 οὐ
3232 2740 3462 2820 πείσεις.
3495 2739 3746 2792 Ἤκουσα

2158 2835 2269 2905 γὰρ
2299 2834 2392 2888 τοῦ
2423 2833 2657 2902 ἀγγέλου
2691 2834 2828 2904 πρὸς
2859 2833 2957 2896 τὰς
2991 2850 3055 2884 πε
3069 2833 3120 2902 ρὶ
3153 2831 3386 2900 Μαριὰμ
3424 2829 3706 2900 εἰρηκότος
3728 2846 3752 2861 ο

2165 2943 2183 2975 ι
2221 2924 2408 2987 Δεῦτε,
2441 2923 2666 2993 βλέπετε
2697 2922 2806 2991 (49)
2834 2924 2967 2976 ὅπου
3002 2922 3175 2976 ἔκειτο
3207 2924 3234 2974 ό
3262 2920 3516 2991 Κύριος.»

2233 3014 2384 3066 ΟΡΘ.
2425 3012 2598 3065 Τοῦτο
2636 3013 2728 3065 καὶ
2777 3013 2940 3082 ἡμεῖς
2983 3009 3255 3081 εἰώθαμεν
3284 3011 3435 3081 δρᾷν.
3484 3009 3608 3072 Τοῖς
3635 3009 3754 3080 γὰρ

468 3101 730 3158 munibus
777 3099 1098 3154 nominibus
1138 3099 1298 3169 207
1340 3098 1505 3153 etiam
1555 3106 1768 3168 partem
1812 3099 2056 3168 appella-

2173 3103 2366 3164 κοινοῖς
2411 3102 2641 3171 ὀνόμασι
2673 3102 2769 3156 καὶ
2808 3101 2869 3155 τὸ
2913 3102 3078 3171 μέρος
3119 3101 3623 3173 προσαγορεύομεν.
3650 3101 3756 3164 Εἰς

467 3211 612 3252 mus.
645 3195 705 3249 In
733 3203 1052 3249 sanctorum
1086 3192 1235 3247 enim
1265 3191 1664 3262 apostolorum,
1701 3191 1784 3246 vel
1816 3191 2057 3262 prophe-

469 3298 672 3352 tarum,
697 3295 793 3340 aut
823 3293 1126 3356 martyrum
1161 3283 1308 3339 aedes
1338 3299 1523 3338 sacras
1549 3283 1783 3354 ingressi
1816 3283 2059 3338 interro—

469 3393 684 3448 gamus,
721 3376 855 3443 Quis
888 3375 1030 3430 situs
1067 3383 1152 3429 est
1195 3373 1252 3428 in
1303 3375 1464 3428 arca?
1504 3372 1607 3440 Qui
1647 3382 1831 3428 autem
1868 3389 2060 3428 verum

470 3479 698 3534 norunt,
744 3467 1164 3538 respondentes.
1210 3476 1307 3521 aut
1355 3466 1622 3520 Thomam
1656 3465 1798 3520 forte
1837 3474 2060 3536 apostoo

469 3564 584 3619 lum
608 3563 820 3624 dicunt,
845 3570 939 3615 aut
960 3561 1224 3616 Joannem
1250 3559 1574 3629 Baptistam,
1603 3567 1700 3614 aut
1720 3557 2059 3628 Stephanum

471 3664 774 3726 martyrum
813 3654 1258 3724 antesignanum,
1303 3660 1399 3706 aut
1429 3651 1599 3705 alium
1640 3650 1954 3721 quempiam
1993 3667 2064 3706 ex

471 3747 676 3802 sanctis
727 3747 1100 3809 nominantes,
1151 3743 1369 3798 tametsi
1422 3742 1732 3813 perexiguae
1782 3741 2061 3796 interdum

474 3839 725 3908 reliquiae
757 3837 996 3892 condita:
1029 3837 1164 3890 sint.
1189 3835 1362 3889 Nemo
1396 3842 1580 3888 autem
1607 3833 1916 3887 communia
1947 3833 2065 3888 hmc

473 3931 696 3985 nomina
721 3945 846 3984 cum
881 3928 1058 3993 audit,
1083 3942 1208 3997 quae
1235 3933 1289 3979 et
1321 3926 1558 3979 animam
1587 3925 1750 3979 simul
1776 3934 1831 3980 et
1862 3941 2066 3995 corpus

473 4023 785 4092 designant,
829 4019 1070 4074 inclusas
1122 4017 1178 4071 in
1221 4015 1398 4070 thecis
1435 4016 1600 4070 etiam
1637 4016 1848 4070 animas
1879 4016 2066 4070 existi-

475 4113 649 4167 mabit
681 4131 694 4166 ι
733 4111 828 4166 sed
866 4110 972 4165 scit
1008 4123 1238 4179 corpora
1266 4107 1378 4162 sola
1423 4106 1478 4160 in
1506 4107 1704 4170 thecis,
1740 4107 1826 4161 vel
1871 4122 2067 4176 parvas

473 4204 738 4274 quasdam
773 4217 1067 4272 corporum
1100 4199 1403 4271 particulas
1431 4196 1487 4252 in
1513 4197 1594 4253 eis
1622 4197 1916 4253 contineri.
1951 4197 2067 4252 Hoc

477 4298 658 4367 ipsum
693 4304 750 4350 et
776 4304 1002 4350 sanctus
1026 4293 1118 4347 ille
1148 4292 1378 4362 angelus
1407 4291 1537 4346 fecit
1562 4305 1811 4361 persona:
1844 4291 2066 4345 nomine

475 4403 676 4459 corpus
710 4387 1012 4457 appellans.

550 4577 756 4634 ERA‘N.
778 4577 1066 4631 llndenam
1096 4577 1375 4640 ostendes,
1405 4575 1552 4646 quod
1584 4575 1653 4630 de
1683 4590 1916 4646 corpore
1962 4576 2068 4630 Do—

477 4672 682 4725 minico
715 4671 933 4723 locutus
961 4668 1034 4722 sit
1067 4668 1298 4738 angelus
1326 4668 1686 4722 mulieribus?

544 4763 752 4819 ORTH.
780 4763 1024 4818 Primum
1041 4762 1264 4833 quidem
1309 4764 1624 4834 sepulcrum
1650 4764 1831 4834 ipsum
1863 4763 2065 4820 suilicit

475 4856 544 4911 ad
581 4855 899 4912 solvendam
917 4857 1299 4927 qumstionem.
1325 4857 1514 4928 Neque
1540 4857 1687 4912 enim
1709 4856 1890 4912 anima
1907 4873 2065 4912 man-

477 4952 603 5006 data
629 4960 713 5006 est
739 4954 991 5022 sepulcro
1019 4993 1033 5014 ,
1066 4959 1161 5005 aut
1189 4950 1451 5005 divinitas
1478 4991 1492 5013 ,
1529 4951 1687 5020 cujus
1731 4958 1926 5003 natura
1983 4956 2068 5003 est

481 5043 998 5114 incircumscripta:
1052 5057 1178 5096 nam
1246 5039 1576 5110 corporibus
1637 5039 1887 5110 sepulcra
1937 5053 2068 5093 con-

445 5129 448 5134 ’
479 5145 789 5190 struuntur.
818 5135 1023 5190 Deinde
1040 5143 1227 5204 aperte
1246 5132 1350 5187 hoc
1367 5132 1528 5186 docet
1549 5131 1734 5186 divina
1762 5131 2065 5201 Scriptura.

482 5226 572 5280 Sic
603 5226 752 5281 enim
777 5236 965 5300 narrat
1000 5234 1225 5280 sanctus
1269 5223 1596 5277 Matthzeus:
1635 5241 1653 5272 ι
1701 5222 1836 5277 Cum
1887 5232 2069 5275 autem

579 5381 601 5412 °
634 5382 808 5437 Levit.
842 5399 951 5449 χιν,
983 5383 1050 5437 50
1089 5398 1241 5453 seqq.
1323 5381 1361 5412 "
1399 5378 1571 5435 Galat.
1615 5395 1688 5443 iv,
1723 5379 1793 5433 24
1833 5396 1985 5450 seqq.

564 5545 675 5610 (.47)
719 5544 802 5616 ﬁt.
855 5543 954 5616 Ed.
996 5546 1154 5600 Rom.
1190 5557 1244 5600 et
1283 5547 1431 5615 Lips.
1457 5546 1740 5616 ἑκατέρας.

565 5617 679 5695 ιιίδ)
713 5614 790 5666 ἐτ.
858 5613 1000 5667 E-Jit.
1041 5617 1194 5670 Rom.
1243 5625 1297 5670 et
1339 5613 1484 5686 Lips.
1539 5613 1874 5685 praemittunt
1930 5618 2065 5689 πριος

495 5703 793 5827 τοξίῗιῖρλ.
835 5753 978 5809 Loco
1017 5753 1109 5807 cit.
1148 5755 1249 5826 leg.
1288 5756 1426 5809 ίδετε
1460 5755 1546 5807 τὸν
1581 5756 1763 5809 τόπον.

2165 3191 2274 3263 γὰρ
2323 3193 2450 3253 τοὺς
2501 3191 2608 3243 τῶν
2660 3189 2824 3260 ἱερῶν
2871 3189 3210 3255 ἀποστόλων,
3273 3190 3304 3261 ἢ
3357 3190 3672 3260 προφητῶν,
3716 3190 3752 3260 ἢ

2167 3284 2464 3357 μαρτύρων
2517 3283 2781 3346 εἰσιόντες
2833 3283 3072 3354 σηκοὺς,
3122 3283 3536 3354 πυνθανόμεθαο
3583 3282 3678 3346 Τίς
3722 3286 3755 3336 ὀ

2164 3375 2418 3445 κείμενος
2468 3374 2526 3425 ὲν
2559 3375 2625 3444 τῇ
2665 3372 2940 3444 λάρνακι;
2993 3374 3057 3425 Ui
3098 3373 3154 3426 δὲ
3204 3373 3264 3426 τὸ
3289 3373 3488 3444 ἀληθὲς
3521 3372 3751 3436 ειδότες,

2165 3465 2598 3538 ἀποκρινόμενοι
2656 3463 2933 3534 λέγουσιν,
2986 3465 3020 3535 ἢ
3060 3465 3150 3517 τὸν
3199 3464 3400 3535 Θωμᾶν
3449 3463 3613 3533 τυχὸν
3664 3463 3755 3517 τδν

2163 3557 2483 3620 ἀπόστολον,
2519 3559 2552 3628 ἢ
2603 3558 2696 3611 τὸν
2743 3557 3046 3628 βαπτιστὴν
3091 3557 3364 3627 Ἰωάννην,
3400 3557 3434 3627 ἦ
3475 3556 3756 3625 Στέφανον

2163 3651 2276 3704 τῶν
2329 3649 2628 3721 μαρτύρων
2675 3651 2769 3703 τὸν
2817 3650 3142 3720 πρόμαχον,
3179 3649 3211 3720 ἦ
3252 3649 3438 3720 ἕτερόν
3477 3665 3600 3701 τινα
3639 3648 3756 3700 τῶν

2166 3745 2339 3812 ἁγίων
2396 3743 2660 3812 ὀνομαστὶ
2715 3742 3002 3812 λέγοντες,
3067 3741 3247 3795 καίτοι
3301 3740 3552 3813 σμικρῶν
3608 3741 3756 3808 ἄγαν

2165 3837 2336 3892 ἐνίοτε
2367 3836 2639 3906 λειψάνων
2674 3835 2968 3905 κειμένων.
3030 3833 3168 3887 Ἀλλ’
3207 3833 3385 3896 οὐδεὶς
3415 3832 3522 3885 τῶν
3552 3832 3754 3886 κοινῶν

2165 3930 2372 3983 τούτων
2423 3927 2708 3996 ὀνομάτων
2741 3925 2982 3989 ἀκούων,
3017 3923 3052 3978 ἃ
3106 3923 3202 3978 καὶ
3243 3923 3342 3994 τὴν
3387 3921 3565 3993 ψυχὴν
3610 3920 3756 3992 ὁμοῦ

2167 4022 2261 4074 καὶ
2284 4021 2344 4074 τὸ
2377 4019 2535 4090 σῶμα
2555 4018 2726 4090 δηλοῖ,
2751 4016 3143 4089 ὲγκαθεῖρχθαι
3169 4019 3288 4080 ταῖς
3312 4015 3507 4086 θήκαις
3533 4015 3626 4068 καὶ
3651 4014 3759 4078 τὰς

2166 4113 2346 4183 ψυχὰς
2377 4110 2757 4182 ὑπολήψεται*
2794 4109 2912 4163 ἀλλ’
2951 4106 3090 4163 οἶδεν
3132 4111 3209 4173 ὼς
3246 4109 3314 4164 τὰ
3346 4108 3570 4178 σώματα
3613 4108 3759 4180 μόνα

2171 4207 2291 4267 ταῖς
2323 4203 2542 4274 θήκαις,
2563 4203 2597 4273 ἢ
2626 4203 2799 4272 μικρά
2823 4219 2886 4270 γε
2919 4202 3025 4256 τῶν
3059 4203 3328 4273 σωμάτων
3357 4201 3757 4271 ὲγκατάκειται

2174 4297 2360 4366 μόρια.
2399 4293 2581 4347 Ταύτὸ
2613 4292 2677 4364 δὴ
2706 4291 2865 4344 τοῦτο
2908 4294 3003 4346 καὶ
3028 4293 3056 4346 ό
3080 4293 3235 4362 ἅγιος
3277 4293 3484 4356 ἐκεῖνος
3520 4293 3729 4364 πεποίη

2171 4405 2266 4442 κεν
2309 4386 2563 4456 ἄγγελος,
2599 4385 2678 4454 τῷ
2718 4382 2812 4436 τοῦ
2861 4383 3155 4455 προσώπου
3205 4384 3432 4456 ὀνόματι
3483 4383 3543 4437 τδ
3592 4383 3760 4454 σῶμα

2099 4467 2143 4521 Ῑ)
2172 4477 2643 4551 προσαγορεύσας.

2238 4572 2439 4626 EPAN.
2477 4573 2584 4626 Καὶ
2609 4573 2770 4627 πόθεν
2795 4570 3012 4636 δείξεις,
3039 4569 3113 4633 ῶς
3142 4569 3270 4639 περὶ
3294 4565 3388 4620 τοῦ
3419 4565 3756 4620 Δεσποτικού

2168 4665 2415 4736 σώματος
2445 4670 2564 4730 ταῖς
2597 4665 2845 4736 γυναιξὶν
2877 4669 2905 4718 ό
2942 4663 3171 4732 ἄγγελος
3200 4663 3428 4733 εἴρηκες

2240 4758 2392 4812 ΟΡΘ.
2435 4759 2658 4829 Πρῶτον
2707 4759 2805 4832 μὲν
2845 4758 3010 4822 αὐτὸς
3043 4759 3071 4810 ό
3101 4756 3268 4826 τάφος
3303 4756 3518 4824 ἀπόχρη
3549 4753 3609 4806 τὸ
3656 4753 3754 4821 ζηο

2171 4852 2432 4924 τούμενον
2473 4850 2649 4904 λῦσαι.
2682 4850 2814 4905 Οὐδὲ
2858 4849 2968 4921 γάρ
3009 4847 3156 4920 ψυχὴ
3186 4845 3535 4916 παραδίδοται
3573 4845 3752 4914 τάφῳ.

2173 4950 2313 5018 ἦπου
2343 4962 2406 5014 γε
2441 4943 2630 5014 θεότης
2658 4945 2771 5012 (50)
2801 4945 2834 5014 ἡ
2867 4943 3245 5013 ἀπερίγραφος
3278 4939 3441 5010 φύσις
3462 4957 3474 4970 ·
3503 4942 3618 5000 τοῖς
3647 4939 3755 5007 γάρ

2176 5037 2424 5108 σώμασιν
2455 5035 2504 5087 οί
2549 5035 2708 5103 τάφοι
2740 5033 3262 5098 κατασκευάζονται.
3301 5033 3534 5084 Ἔπειτα
3571 5029 3628 5083 δὲ
3664 5031 3758 5082 καὶ

2173 5133 2204 5201 ἡ
2249 5129 2368 5182 θεία
2405 5125 2566 5179 τοῦτο
2618 5124 2804 5194 σαφῶς
2859 5124 3100 5177 διδάσκει
3142 5124 3351 5193 Γραφή.
3414 5122 3472 5174 Ὀ
3529 5121 3639 5191 γάρ
3694 5120 3760 5190 δὴ

2171 5222 2456 5284 θεσπέσιος
2510 5219 2789 5280 Ματθαῖος
2845 5215 3035 5270 τοῦτον
3102 5217 3305 5286 ἱστορεῖ
3373 5215 3460 5268 τὸν
3515 5215 3757 5283 τρόπον’

2067 5382 2107 5412 ¹²
2141 5379 2325 5434 Matth.
2369 5393 2552 5439 xxvnr,
2595 5377 2646 5429 6.

2249 5545 2352 5616 βο)
2412 5542 2618 5616 θεότης.
2671 5541 2893 5616 Comma
2938 5553 3223 5616 apponere
3279 5535 3454 5616 visum
3503 5541 3620 5616 est,
3655 5523 3758 5616 nisi

2175 5605 2468 5699 [or‘te'pro
2509 5605 2743 5684 ﬁfquod
2797 5605 3082 5681 sequitur,
3140 5607 3430 5679 legendum
3479 5605 3548 5659 sit
3596 5605 3628 5674 ἢ
3673 5607 3758 5660 vel

2173 5703 2262 5756 ης.
