4010 6212
248 249 349 317 257

1314 251 1693 320 DIALOGUS
1728 257 1846 320 III.
1879 283 1952 295 -
1983 258 2456 324 IMPATIBILIS

3414 271 3525 336 258

254 379 273 411 ι
330 360 520 431 Ὀψίας
566 352 892 431 γενομένης,
922 351 1092 433 ἦλθεν
1124 361 1414 437 ἄνθρωπος
1443 367 1700 432 πλούσιος
1729 366 1839 422 ἀπὸ

1950 384 2170 440 vespera
2185 372 2705 443 appropinquasset,
2741 377 2893 434 venit
2914 377 3136 448 quidam
3176 377 3340 433 homo
3371 380 3527 437 dives

257 451 591 524 ’Δριμαθίας
621 450 735 523 (51)
771 449 1009 523 τοῦνομα
1049 453 1269 525 Ἰωσὴφ,
1290 455 1346 519 ὃς
1379 457 1475 511 καὶ
1503 457 1666 522 αὐτὸς
1697 460 1836 530 ἐμα-

246 543 478 613 θήτευσε
538 542 617 614 τῷ
662 542 861 613 Ἰησοῦ.
917 538 1086 609 Οὗτος
1134 548 1451 617 προσελθὼν
1484 548 1561 621 τῷ
1592 549 1831 620 Πιλάτῳ,

246 634 490 704 ᾐτήσατο
516 633 578 686 τὸ
606 633 768 705 σῶμα
799 633 895 688 τοῦ
934 633 1130 705 Ἰησοῦ.
1158 637 1290 691 Τότε
1318 640 1346 692 6
1367 639 1598 704 Πιλᾶτος
1619 640 1837 694 ἐκέλευ-

251 739 344 775 σεν
389 722 726 793 ἀποδοθῆναι
786 724 848 779 τδ
912 725 1097 796 σῶμα.
1142 729 1252 781 Καὶ
1301 728 1481 784 λαϐὼν
1519 731 1581 785 τὸ
1619 732 1779 804 σῶμα
1808 734 1836 786 6

262 814 484 884 Ἰωσὴψ,
513 814 819 881 ἐνετύλιξεν
844 817 978 871 αὐτὸ
1013 818 1211 873 σινδόνι
1240 821 1481 894 καθαρᾷ,
1513 826 1606 878 καὶ
1639 824 1837 897 έθηκεν

249 904 381 957 αὐτὸ
416 907 473 957 ἐν
518 904 597 976 τῷ
625 907 800 977 καινῷ
827 907 991 961 αὐτοῦ
1035 912 1307 983 μνημείῳ,
1348 913 1377 966 ὃ
1406 914 1746 988 ἐλατόμησεν
1778 918 1838 970 ἐν

248 998 312 1068 τῇ
362 997 569 1068 πέτρα,
622 999 717 1051 καὶ
765 1000 1138 1070 προσκυλίσας
1173 1003 1322 1058 λίθον
1373 1006 1547 1077 μέγαν
1580 1012 1646 1079 τῇ
1697 1008 1840 1082 θύρᾳ

249 1086 341 1139 τοῦ
375 1088 673 1159 μνημείου,
704 1090 936 1160 ἀπῆλθε.
973 1111 992 1145 ι
1034 1092 1209 1146 Βλέπε
1255 1097 1488 1161 ποσάκις
1517 1097 1610 1152 τοῦ
1647 1099 1838 1171 σώμα-

251 1193 337 1239 τος
366 1177 801 1248 ἐμνημόνευσεν,
834 1180 922 1233 ἵνα
947 1181 1057 1235 τῶν
1076 1182 1175 1253 τὴν
1205 1182 1433 1255 θεότητα
1454 1186 1839 1260 βλασφημούν-

249 1284 356 1321 των
386 1269 644 1341 ἐμφράξῃ
678 1269 745 1324 τὰ
773 1271 1039 1342 στόματα.
1062 1272 1234 1326 Τοῦτο
1263 1276 1358 1328 καὶ
1389 1278 1418 1330 6
1438 1278 1840 1349 τρισμακάριος

253 1360 522 1430 πεποίηκε
551 1361 811 1432 Μαρκοςο
843 1363 955 1434 ἐρῶ
983 1364 1154 1418 δὲκαὶ
1184 1364 1327 1439 ἅπερ
1344 1360 1501 1431 οὗτος
1531 1368 1836 1441 ἱστόρησεν.

257 1469 274 1502 ι
315 1452 513 1519 Ὀψίας
537 1454 667 1525 γὰρ,
695 1454 854 1525 φησι,
881 1457 1203 1527 γενομένης,
1230 1458 1352 1511 ἐπεὶ
1383 1454 1451 1530 ἦν
1482 1460 1836 1533 Παρασκευὴ,

254 1545 277 1595 ὂ
303 1544 425 1597 ἔστι
449 1545 857 1615 προσάϐϐατον,
886 1547 1057 1602 ἐλθὼν
1097 1549 1294 1619 Ἰωσὴφ
1321 1551 1349 1603 6
1371 1552 1479 1605 ἀπὸ
1515 1552 1840 1624 Ἀριμαθίας

254 1637 547 1706 εὐσχήμων
570 1637 890 1708 βουλευτὴς,
913 1639 973 1704 ὃς
999 1640 1092 1694 καὶ
1112 1642 1279 1706 αὐτὸς
1307 1638 1375 1713 ἦν
1405 1644 1841 1715 προσδεχόμενος

1937 458 2007 514 ab
2031 459 2336 516 Arimathia
2356 462 2580 518 nomine
2602 463 2828 534 Ioseph,
2855 466 2949 535 qui
2973 475 3030 522 et
3069 467 3185 538 ipse
3200 466 3383 522 fuerat
3409 469 3526 526 dis-

1937 550 2153 621 cipulus
2177 553 2328 609 Iesu.
2356 552 2457 609 Hic
2478 556 2708 610 accessit
2737 557 2805 611 ad
2841 558 3100 625 Pilatum,
3132 567 3190 614 et
3217 559 3379 629 petiit
3401 576 3527 617 cor-

1936 658 2040 713 pus
2063 644 2213 699 Iesu.
2244 644 2401 700 Tunc
2447 646 2656 701 Pilatus
2684 648 2854 718 jussit
2894 650 3050 705 reddi
3093 653 3319 722 corpus,
3356 660 3414 706 et
3433 666 3529 707 ac-

1937 743 2099 805 cepto
2115 750 2348 806 corpore
2376 737 2580 807 Ioseph
2600 738 2835 793 involvit
2858 741 3025 812 208
3049 743 3184 797 illud
3213 743 3269 797 in
3293 743 3528 799 sindone

1938 825 2165 890 munda,
2211 835 2268 880 et
2299 827 2481 897 posuit
2525 829 2662 884 illud
2714 831 2771 885 in
2809 842 3167 890 monumento
3206 849 3308 890 suo
3362 849 3529 901 novo,

1939 916 2086 986 quod
2116 917 2400 973 exciderat
2426 919 2483 973 in
2500 930 2751 991 petra,et
2773 923 3019 979 advolvit
3050 940 3241 980 saxum
3265 941 3527 997 magnum

1938 1009 2007 1064 ad
2043 1009 2248 1065 ostium
2294 1013 2662 1077 monumenti,
2696 1023 2752 1068 et
2796 1015 2934 1070 abiit
2960 1016 3023 1068 ¹³.
3072 1035 3092 1069 ι
3149 1016 3285 1071 Vide
3312 1016 3532 1086 quoties

1941 1101 2191 1172 corporis
2216 1103 2555 1158 mentionem
2590 1104 2777 1170 faciat,
2804 1114 2866 1159 ut
2892 1106 3238 1161 divinitatem
3261 1107 3531 1177 'blasphe—

1941 1194 2208 1248 mantium
2241 1210 2336 1249 ora
2364 1195 2608 1250 obturet.
2652 1196 2803 1250 ldem
2827 1196 2958 1251 fecit
3002 1198 3357 1252 beatissimus
3385 1199 3531 1254 Mar-

1941 1297 2057 1337 cus.
2090 1282 2223 1353 Ejus
2244 1293 2427 1337 autem
2452 1283 2619 1337 verba
2650 1284 2860 1353 pariter
2899 1285 3208 1340 recitabon
3249 1284 3387 1340 Cum
3418 1286 3532 1356 jam

1940 1389 2169 1444 vespera
2221 1375 2565 1438 accessisset,
2618 1374 2819 1445 inquit,
2875 1376 3005 1445 quia
3037 1385 3160 1432 erat
3201 1378 3531 1440 Parasceve,

1941 1478 2039 1519 seu
2064 1471 2281 1533 tempus
2312 1473 2440 1518 ante
2484 1463 2815 1528 Sabbatum,
2852 1464 3007 1519 venit
3036 1463 3241 1534 Ioseph
3294 1465 3363 1518 ab
3405 1463 3533 1518 Ari-

1910 1554 2170 1619 (mathia,
2211 1556 2228 1573 ‘
2254 1554 2459 1609 nobilis
2505 1554 2755 1618 decurio,
2810 1557 2905 1626 qui
2939 1564 2996 1610 et
3033 1555 3151 1625 ipse
3183 1554 3537 1624 exspectabat

1941 1660 2172 1714 regnum
2209 1644 2327 1711 Dei,
2384 1651 2441 1699 et
2475 1644 2739 1700 audacter
2776 1645 3027 1701 introivit
3059 1645 3127 1700 ad
3158 1644 3420 1709 Pilatum,
3478 1658 3535 1699 et

254 1728 354 1798 τὴν
381 1726 668 1795 βασιλείαν
694 1728 789 1782 τοῦ
820 1729 981 1797 Θεοῦ,
1011 1731 1288 1802 τολμήσας
1331 1733 1549 1805 εἰσῆλθε
1582 1734 1717 1805 πρὸς
1746 1735 1843 1788 Πι-

1950 1747 2106 1818 petiit
2139 1762 2343 1818 corpus
2377 1746 2526 1803 Iesu.
2567 1747 2776 1802 Pilatus
2809 1756 2997 1803 autem
3058 1746 3365 1802 mirabatur
3405 1762 3535 1801 eum

254 1818 435 1883 λάτον,
467 1819 565 1872 καὶ
598 1820 844 1890 ᾐτήσατο
886 1822 948 1875 τὸ
981 1822 1142 1894 σῶμα
1172 1823 1267 1877 τοῦ
1319 1826 1516 1895 Ἰησοῦ.
1560 1827 1618 1880 '0
1646 1827 1705 1880 δὲ
1742 1828 1842 1881 Πι-

254 1908 415 1972 λᾶτος
448 1908 765 1981 ἐθαύμασεν
814 1914 862 1965 εί
912 1913 1014 1986 ήδη
1048 1913 1302 1988 τέθνηκε,
1334 1916 1432 1970 καὶ
1461 1915 1845 1988 προσκαλεσά-

255 2015 424 2070 μενος
469 2000 560 2052 τδν
605 2003 946 2073 κεντυρίωνα
973 2044 988 2070 ,
1027 2005 1387 2078 ἐπηρώτησεν
1426 2008 1475 2060 εί
1524 2008 1696 2062 πάλαι
1733 2009 1843 2061 ἀπο

250 2094 418 2169 ἐθανε
438 2095 560 2147 ’καὶ
590 2097 752 2165 γνοὺς
784 2097 893 2151 ἀπὸ
921 2098 1015 2152 τοῦ
1040 2104 1419 2173 κεντυρίωνος,
1449 2103 1764 2177 ἐδωρήσατο
1789 2105 1848 2158 τὸ

254 2202 421 2257 σωμα
439 2185 516 2257 τῷ
555 2188 752 2257 Ἰωσήφ
772 2202 786 2219 ·
819 2190 913 2244 καὶ
934 2191 1461 2263 ἀγοράσαςσινδόνα,
1491 2198 1584 2247 καὶ
1605 2194 1849 2249 καθελὼν

253 2279 389 2331 αὐτὸ
410 2278 522 2349 (52)
554 2279 833 2351 ἐνείλησεν
858 2284 923 2354 τῇ
954 2282 1172 2351 σινδόνι,
1205 2285 1299 2338 καὶ
1325 2285 1629 2356 κατέθηκεν
1655 2286 1764 2357 (55)
1792 2288 1848 2339 ὲν

255 2371 532 2443 μνημείῳ,
548 2373 672 2426 utut
681 2373 749 2427 τὰ
761 2373 1401 2448 ὲξῆς.Θαύμασοντοίνυν
1415 2378 1514 2448 τὴν
1532 2378 1850 2450 συμφωνίαν

252 2463 423 2535 ὁρῶν,
449 2465 544 2517 καὶ
572 2463 885 2535 συμφώνως
919 2468 1014 2521 καὶ
1036 2468 1279 2539 συνεχῶς
1310 2470 1609 2542 φερόμενον
1657 2471 1717 2525 τὸ
1754 2470 1850 2525 τοῦ

251 2554 514 2624 σώματος
544 2555 737 2625 ϐνομα.
777 2557 886 2611 Καὶ
907 2559 1315 2630 όπανεῦφημος
1342 2561 1398 2613 δὲ
1428 2562 1643 2625 Λουκᾶς
1672 2579 1852 2634 παρα-

251 2644 511 2716 πλησίως
543 2646 850 2720 ἱστόρηκεν,
875 2649 950 2711 ὡς
972 2649 1034 2702 τὸ
1056 2650 1215 2721 σῶμα
1235 2651 1437 2723 ᾔτησεν
1467 2653 1731 2723 ὁἸωσὴφ,
1760 2652 1854 2705 καὶ

245 2737 445 2793 λαϐὼν
459 2738 563 2792 τῶν
574 2741 945 2811 νομιζομένων
956 2741 1211 2811 ἠξίωσεν.
1229 2744 1289 2796 Ὀ
1309 2743 1366 2797 δὲ
1385 2742 1660 2807 θειότατος
1676 2745 1856 2798 Ἰωάν-

250 2849 353 2903 νης
375 2832 476 2886 καὶ
503 2833 667 2903 ἔτερα
695 2834 1144 2908 προσιστόρησεν.
1172 2855 1189 2888 ι
1213 2834 1494 2908 Ἦρώτησε
1521 2838 1629 2909 γὰρ
1646 2837 1737 2890 τὸν
1764 2840 1857 2892 Πι-

244 2925 423 2978 λάτον
462 2925 662 2995 Ἰωσὴφ
681 2928 708 2979 6
726 2926 836 2979 ἀπο
876 2926 1220 2998 Ἀριμαθίας,
1240 2926 1315 2982 ὣν
1345 2928 1594 3001 μαθητὴς
1618 2929 1712 2984 τοῦ
1754 2932 1859 3003 ’1η-

250 3016 373 3081 σοῦ,
398 3019 785 3089 κεκρυμμένος
813 3019 870 3072 δὲ
892 3020 981 3076 διὰ
1010 3020 1103 3073 τὸν
1133 3021 1297 3091 φόϐον
1316 3022 1423 3075 τῶν
1450 3020 1736 3087 Ἰουδαίων,
1769 3023 1859 3078 ἵνα

1938 1841 2052 1912 jam
2083 1839 2307 1895 obiisse.
2337 1840 2427 1903 Et,
2464 1840 2737 1894 accersito
2770 1839 3117 1903 centurione,
3170 1838 3535 1908 interrogavit

1942 1946 2014 1986 ex
2046 1946 2158 2000 quo
2211 1941 2465 1985 mortuus
2494 1929 2685 1984 esset?
2718 1930 2788 1985 Et
2823 1945 2950 1985 cum
2985 1929 3334 2000 cognovisset
3367 1928 3474 1984 hoc
3503 1946 3534 1983 a

1946 2022 2295 2087 centurione,
2329 2021 2555 2076 donavit
2589 2036 2790 2092 corpus
2821 2021 3082 2091 Iosepho.
3116 2020 3321 2090 Ioseph
3354 2028 3537 2076 autem

1947 2122 2225 2170 mercatus
2260 2114 2572 2178 sindonem,
2607 2123 2664 2169 et
2698 2114 2983 2183 deponens
3004 2128 3131 2168 eum
3166 2112 3397 2166 involvit
3420 2112 3528 2167 sin-

1947 2206 2112 2272 done,
2148 2214 2204 2261 et
2237 2205 2422 2276 posuit
2454 2220 2580 2259 cum
2618 2205 2674 2259 in
2711 2211 3093 2268 monumento,
3140 2222 3159 2254 ι
3200 2210 3257 2257 et
3289 2218 3411 2272 qum
3445 2217 3538 2257 se-

1948 2300 2280 2368 quuntur”.
2338 2296 2535 2351 Min-are
2584 2296 2772 2367 igitur,
2811 2294 3229 2349 consonantiam
3285 2307 3539 2357 cernens,

1948 2396 2006 2444 et
2038 2386 2437 2444 convenienter
2484 2386 2861 2455 continuoque
2918 2384 3216 2454 repetitum
3291 2382 3541 2452 corporis

1950 2494 2176 2534 nomen.
2212 2477 2657 2532 Laudatissimus
2685 2491 2906 2546 quoque
2927 2474 3107 2530 Lucas
3124 2472 3383 2529 similiter
3413 2488 3544 2527 nar-

1953 2571 2098 2626 ravit
2135 2571 2200 2635 ¹⁸,
2252 2569 2400 2639 quod
2436 2569 2640 2639 Ioseph
2693 2582 2898 2637 corpus
2931 2566 3180 2637 petierit,
3240 2573 3298 2621 et
3330 2581 3421 2621 νου
3451 2579 3543 2619 ae-

1954 2670 2115 2731 cepto
2133 2661 2281 2730 justa
2312 2657 2660 2729 persolverit.
2695 2655 3083 2710 Divinissimus
3098 2662 3283 2710 autem
3305 2654 3545 2710 Ioannes

1955 2753 2063 2808 alia
2084 2767 2305 2822 quoque
2337 2750 2577 2821 adjecit:
2623 2768 2643 2800 ι
2696 2746 2932 2818 Rogavit
2967 2747 3202 2802 Pilatum
3235 2746 3440 2816 Ioseph
3472 2745 3544 2800 ab

1957 2842 2283 2907 Arimathia,
2310 2855 2378 2896 eo
2412 2839 2559 2910 quod
2599 2847 2745 2893 esset
2779 2837 3087 2907 discipulus
3107 2836 3258 2902 Iesu,
3292 2837 3546 2892 occultus

1960 2942 2142 2991 autem
2177 2940 2408 3004 prapter
2443 2940 2649 2987 metum
2686 2930 3026 2993 Iudaeorum,
3074 2936 3137 2983 ut
3193 2927 3300 2983 sibi
3353 2928 3546 2983 liceret

1961 3027 2031 3084 de
2064 3042 2229 3081 cruce
2268 3025 2561 3080 desumere
2596 3038 2799 3093 corpus
2831 3022 2983 3086 Iesu,
3038 3030 3097 3076 et
3148 3020 3403 3091 permisit
3451 3020 3545 3075 Pi-

251 3109 460 3181 ᾶρῃκτὸ
495 3109 658 3180 σῶμα
688 3110 782 3163 τοῦ
830 3111 1028 3182 Ἰησοῦ,
1062 3113 1159 3166 καὶ
1201 3112 1503 3184 ἐπέτρεψεν
1534 3116 1562 3167 6
1591 3114 1848 3180 Πιλᾶτος.

1953 3117 2285 3173 latus.Venit
2305 3132 2435 3191 ergo
2457 3124 2513 3170 et
2533 3116 2768 3185 sumpsit
2783 3128 2991 3185 corpus
3005 3113 3327 3169 Iesu.Venit
3362 3121 3546 3168 autem

244 3194 466 3255 Ἦλθεν
478 3198 595 3267 οὖν,
621 3203 720 3256 καὶ
739 3198 842 3276 ᾗρε
858 3207 922 3257 τὸ
946 3204 1060 3278 (54)
1083 3204 1243 3277 σῶμα
1266 3207 1356 3261 τοῦ
1382 3205 1577 3277 Ἰησοῦ.
1597 3203 1769 3261 Ἷ-ιλθε
1792 3208 1851 3261 δὲ

245 3295 350 3347 καὶ
383 3293 725 3365 Νικόδημος,
760 3298 789 3350 6
817 3295 989 3351 ἐλθὼν
1023 3298 1159 3370 πρὸς
1193 3299 1287 3352 τὸν
1329 3298 1539 3371 Ἰησοῦν
1568 3299 1760 3364 νυκτὸς
1789 3301 1852 3353 τὺ

247 3384 531 3456 πρότερον
562 3386 696 3457 (55),
720 3387 907 3458 φέρων
937 3387 1117 3460 μίγμα
1156 3390 1405 3462 σμύρνης
1440 3392 1537 3444 καὶ
1571 3391 1736 3461 ἀλόης
1769 3391 1850 3444 λί-

243 3492 391 3548 τρας
434 3476 547 3547 (56)
581 3484 647 3549 ρ’.
684 3477 920 3532 Ἐλαϐον
947 3476 1041 3534 οὖν
1085 3480 1146 3534 τὸ
1194 3482 1353 3554 σῶμα
1390 3483 1487 3537 τοῦ
1526 3483 1726 3554 Ἰησοῦ,
1757 3484 1853 3537 καὶ

247 3567 549 3638 ἐνείλησαν
591 3568 702 3640 (57)
733 3570 867 3623 αὐτὸ
910 3570 1139 3636 ὀθονίοις
1183 3574 1323 3643 μετὰ
1362 3573 1472 3627 τῶν
1515 3573 1849 3646 ἀρωμάτων,

247 3659 445 3724 καθώς
474 3661 627 3715 ἐστιν
650 3660 771 3726 ἔθος
793 3664 905 3728 τοῖς
952 3662 1224 3729 Ἰουδαίοις
1262 3665 1629 3736 ἐνταφιάζειν.
1659 3662 1767 3720 Ἦν
1795 3666 1851 3720 δὲ

245 3754 311 3804 ὲν
326 3750 415 3823 τῷ
441 3752 597 3823 τόπῳ
625 3754 763 3806 ὃπου
792 3752 1137 3827 ἐσταυρώθη,
1160 3756 1357 3827 κῆπος,
1383 3760 1477 3812 καὶ
1504 3760 1562 3812 ὲν
1591 3757 1669 3829 τῷ
1689 3760 1852 3829 κήπῳ

246 3845 535 3914 μνημεῖον
584 3842 795 3909 καινὸν,
843 3846 901 3899 ὲν
940 3839 986 3915 ᾧ
1029 3846 1242 3902 οὐδέπω
1271 3849 1446 3913 οὐδεὶς
1487 3849 1668 3921 ἐτέθη.
1708 3852 1855 3904 Ἐκεῖ

243 3930 351 3988 σῦν
386 3935 478 3989 διὰ
509 3936 613 4007 τὴν
648 3938 1009 4011 παρασκευὴν
1049 3938 1160 3993 τῶν
1210 3939 1513 4006 Ἰουδαίων,
1558 3943 1641 3995 ὅτι
1685 3942 1853 4010 ἐγγὺς

243 4022 321 4099 ἢν
362 4027 428 4081 τὸ
460 4031 760 4099 μνημεῖον,
790 4028 997 4102 ἔθηκαν
1030 4032 1123 4085 τὸν
1170 4032 1401 4102 Ἰησοῦν.
1442 4052 1459 4084 υ
1505 4033 1649 4102 Ὅρα
1672 4032 1852 4086 τοίνυν

246 4121 497 4185 ποσάκις
551 4120 646 4175 τοῦ
685 4122 939 4194 σώματος
980 4124 1393 4196 μνημονεύσας,
1441 4126 1537 4177 καὶ
1561 4124 1741 4193 δείξας
1778 4127 1854 4188 ὡς

245 4211 419 4265 τοῦτο
456 4213 539 4283 τῷ
568 4213 792 4285 σταυρῷ
824 4215 1177 4288 προσηλιὶώη,
1217 4216 1312 4271 καὶ
1341 4216 1500 4270 τοῦτο
1527 4217 1728 4289 ᾔτησεν
1763 4216 1853 4269 τὸν

246 4303 499 4357 Πιλᾶτον
543 4306 575 4357 6
634 4306 855 4376 Ἰωσὴφ,
884 4306 1169 4362 καὶτοῦτο
1212 4307 1464 4363 καθεῖλεν
1493 4309 1602 4362 ἀπὸ
1643 4308 1739 4362 τοῦ
1772 4307 1857 4373 ξύ-

245 4397 383 4463 λου,
415 4400 511 4450 καὶ
556 4396 717 4452 τοῦτο
742 4401 857 4463 τοῖς
900 4398 1127 4464 ὀθονίοις
1175 4400 1315 4471 μετὰ
1354 4400 1453 4470 τῆς
1484 4399 1732 4471 σμύρνης
1760 4398 1856 4452 καὶ

246 4491 363 4561 τῆς
400 4491 569 4562 ἀλόης
595 4491 904 4563 ἐνείλησαν,
928 4493 1052 4547 τότε
1078 4493 1140 4546 τὸ
1165 4491 1261 4546 τοῦ
1292 4492 1585 4565 προσώπου
1615 4492 1856 4547 τέθεικεν

247 4581 465 4653 ὄνομα,
501 4583 714 4638 καὶτὸν
756 4582 964 4654 Ἰησοῦν
993 4584 1218 4657 εἴρηκεν
1253 4586 1309 4637 ὲν
1335 4584 1585 4657 μνημείῳ
1612 4583 1854 4654 τεθῆναι.

247 4673 479 4729 Τούτου
510 4675 576 4747 δὴ
605 4674 772 4729 ἕνεκα
801 4677 894 4730 καὶ
930 4679 958 4730 6
1003 4676 1233 4747 ἄγγελος
1266 4676 1373 4749 ἐφη
1400 4693 1414 4707 ·
1465 4695 1484 4730 ι
1521 4676 1708 4741 Δεῦτε,
1740 4675 1861 4747 βλέ-

251 4782 410 4817 πετε
435 4764 552 4835 (58)
584 4767 719 4821 ὃπου
766 4765 945 4821 ἔκειτο
976 4770 1004 4822 6
1037 4767 1265 4840 Κύριος,
1320 4786 1339 4819 ι
1382 4765 1492 4820 ἀπὸ
1537 4768 1639 4837 τῆς
1671 4765 1861 4835 κοινῆς

249 4859 650 4930 προσηγορίας
674 4859 736 4914 τὸ
765 4860 926 4930 σῶμα
958 4859 1213 4922 καλέσας.
1247 4857 1406 4912 Οῦτω
1432 4856 1542 4928 γὰρ
1571 4856 1666 4910 καὶ
1699 4857 1862 4928 ἡμεῖς

249 4948 463 5019 λέγειν
484 4949 776 5022 εἰώθαμεν*
828 4950 916 5005 ‘Ev
947 4949 1083 5021 τῷδε
1120 4947 1200 5019 τῷ
1230 4948 1384 5019 τόπῳ
1415 4948 1445 5001 6
1472 4945 1621 5000 δεῖνα
1663 4946 1863 5014 ἐτάφη,

250 5041 364 5093 καὶ
413 5038 479 5092 οῦ
504 5058 706 5113 φαμεν,
734 5041 801 5096 τὸ
827 5041 1000 5113 σῶμα
1029 5041 1135 5097 τοῦ
1160 5039 1377 5105 δεῖνος,
1410 5037 1547 5092 ἀλλὰ
1567 5078 1581 5103 ,
1613 5040 1646 5091 ό
1675 5035 1864 5090 δεῖνα.

336 5193 395 5226 ⁸³
428 5193 614 5258 Matth.
653 5216 821 5265 xxvn,
862 5198 1047 5256 57-60.
1125 5198 1168 5229 “
1192 5196 1361 5251 Marc.
1390 5210 1479 5258 xv,
1502 5193 1688 5248 42—46.
1768 5194 1810 5225 "
1842 5194 1975 5249 Luc.
2043 5210 2191 5260 mn,
2224 5192 2291 5249 50
2319 5208 2473 5265 seqq.

246 5279 475 5329 xxvm,
500 5267 553 5321 6.

342 5403 481 5477 (51)
523 5405 631 5477 Ἀρ.
672 5404 753 5459 Ita
798 5416 1020 5477 quoque
1067 5409 1191 5471 post
1248 5415 1444 5470 pauca.
1490 5394 1588 5451 sed
1645 5402 1867 5467 recepta

250 5475 471 5548 lectis
492 5484 569 5529 est
583 5475 592 5477 ‘
606 5475 995 5548 Ἀρεμαθαίοξςο

343 5542 481 5619 (ἕξ)
516 5541 689 5619 αὑτός
713 5541 985 5619 Loco_cit_.
1021 5551 1107 5619 est
1140 5541 1322 5619 αὐτόν.

372 5614 482 5671 53)
514 5633 632 5671 κατ.
662 5616 827 5671 Deest
865 5614 922 5668 h.
969 5615 1004 5668 l.
1047 5614 1232 5666 αὐτόν.

343 5618 482 5759 ξὲῗζ
514 5633 612 5741 ξὲῗ
620 5618 1007 5758 ’5ᾚὲῗέοὲδῶ
1041 5630 1162 5739 ῗὲἒῖἷ

640 5864 691 5894 χ

1954 3217 2013 3261 et
2033 3205 2390 3270 Nicodemus,
2429 3205 2524 3274 qui
2562 3203 2695 3259 olim
2735 3213 2965 3259 venerat
2997 3203 3067 3258 ad
3121 3203 3309 3259 Iesum
3355 3211 3546 3267 noctu,

1959 3297 2144 3353 ferens
2189 3298 2480 3352 misturam
2528 3297 2695 3367 209
2739 3298 2974 3370 myrthat
3035 3305 3093 3352 et
3114 3297 3286 3362 aloes,
3326 3296 3548 3351 circiter

1953 3389 2125 3445 libras
2185 3398 2430 3444 centum.
2464 3390 2816 3460 Acceperunt
2876 3405 3010 3461 ergo
3041 3405 3248 3460 corpus
3286 3390 3439 3455 Iesu,
3492 3399 3548 3446 et

1953 3482 2262 3553 ligaverunt
2296 3482 2430 3536 illud
2466 3482 2657 3539 linteis
2687 3498 2813 3538 cum
2846 3481 3211 3546 aromatibus,
3259 3482 3406 3536 sicut
3430 3495 3553 3535 mos

1954 3583 2039 3628 est
2068 3571 2273 3627 Iudaeis
2298 3572 2555 3642 sepelire.
2590 3573 2726 3627 Erat
2759 3581 2945 3627 autem
2997 3571 3054 3626 in
3108 3572 3250 3635 loco,
3287 3571 3384 3625 ubi
3421 3586 3549 3625 cru-

1954 3662 2148 3717 ciﬁxus
2170 3668 2276 3726 est,
2306 3661 2524 3726 hortus,
2551 3669 2608 3715 et
2639 3664 2697 3718 in
2718 3662 2888 3717 horto
2908 3670 3330 3716 monumentum
3346 3676 3551 3716 novum

1954 3753 2011 3808 in
2040 3767 2152 3823 quo
2206 3750 2455 3807 nondum
2490 3751 2786 3821 quisquam
2827 3750 3045 3821 positus
3082 3751 3280 3806 fuerat.
3310 3751 3390 3805 lbi
3423 3766 3552 3822 ergo

1954 3853 2182 3916 propter
2214 3846 2559 3900 Parasceven
2582 3843 2924 3910 Iudaeorum,
2972 3843 3103 3913 quia
3139 3844 3196 3899 in
3241 3843 3553 3914 propinquo

1954 3946 2075 3993 erat
2118 3943 2563 4001 monumentum,
2597 3937 2978 4007 deposuerunt
3014 3937 3204 3992 Iesum
3251 3935 3313 3988 “.
3348 3954 3366 3985 ι
3420 3933 3554 3989 Vide

1957 4031 2143 4101 igitur,
2181 4028 2400 4099 quoties
2448 4029 2589 4084 facta
2638 4028 2889 4099 corporis
2934 4029 3238 4093 mentione,
3312 4035 3371 4082 et
3400 4034 3555 4096 post-

1956 4138 2121 4193 quam
2171 4122 2277 4177 hoc
2322 4121 2475 4176 cruci
2506 4119 2731 4176 atiixum
2782 4120 2975 4184 fuisse,
3011 4120 3205 4175 ethoc
3253 4118 3561 4187 Iosephum.

1959 4230 1990 4269 a
2053 4214 2229 4269 Pilato
2265 4212 2513 4282 petiisse,
2565 4222 2623 4267 et
2667 4212 2775 4267 hoc
2801 4212 2871 4267 de
2920 4211 3074 4281 ligno
3122 4209 3463 4279 deposuisse,
3497 4219 3558 4264 et
3670 4258 3673 4259 ν

1958 4308 2065 4365 hoc
2104 4307 2291 4363 linteis
2348 4323 2474 4363 cum
2539 4307 2764 4379 myrrha
2828 4314 2886 4363 et
2948 4306 3067 4360 aloe
3123 4304 3422 4361 involvisse
3465 4304 3554 4360 di-

1960 4408 2133 4465 xerat,
2191 4413 2446 4470 persona:
2493 4414 2697 4454 nomen
2740 4407 2875 4454 tunc
2922 4397 3206 4467 posuerit,
3253 4406 3313 4451 et
3363 4395 3559 4451 Iesum

1967 4494 2025 4549 in
2081 4506 2442 4549 monumento
2510 4492 2753 4561 positum
2813 4489 3041 4545 dixerit.
3107 4487 3224 4543 Hac
3271 4487 3340 4542 de
3389 4501 3559 4542 causa

1967 4593 2025 4641 et
2054 4586 2282 4657 angelus
2302 4583 2480 4640 dixit:
2520 4603 2539 4635 ι
2576 4583 2800 4647 Venite,
2836 4580 3022 4637 videte
3050 4579 3147 4635 ubi
3171 4579 3386 4650 positus
3437 4588 3559 4633 erat

1968 4674 2341 4738 Dominus,".
2379 4691 2399 4725 ι
2434 4671 2714 4728 communi
2741 4670 2968 4726 nomine
3004 4684 3210 4739 corpus
3250 4665 3550 4737 appellans.

1970 4764 2063 4821 Sic
2095 4763 2247 4819 enim
2275 4771 2333 4818 et
2355 4779 2457 4819 nos
2487 4761 2640 4833 loqui
2668 4761 2909 4817 solemus
2931 4779 2949 4814 :
2982 4761 3042 4815 In
3072 4760 3181 4815 hoc
3201 4759 3324 4814 loco
3345 4758 3438 4812 ille
3472 4771 3560 4812 se-

1970 4856 2158 4926 pultus
2183 4862 2287 4920 est,
2323 4862 2381 4909 et
2420 4868 2532 4907 non
2584 4852 2842 4917 dicimus,
2876 4850 3023 4907 illius
3058 4865 3268 4921 corpus,
3302 4846 3398 4903 sed
3442 4844 3554 4901 ille.

1972 4944 2166 5003 Omnis
2187 4951 2372 4999 autem
2394 4958 2541 5000 sanae
2560 4940 2887 4999 mentisscit
2917 4954 3020 4997 nos
3034 4938 3188 5009 loqui
3204 4937 3276 4994 de
3298 4950 3559 5006 corpore.

1976 5035 2069 5091 Sic
2087 5044 2272 5092 autem
2299 5036 2459 5106 loqui
2493 5034 2784 5091 consuevit
2817 5048 2973 5090 sacra
3010 5030 3319 5103 Scriptura.
3357 5048 3375 5082 ι
3404 5028 3554 5083 Mor-

2582 5192 2625 5223 ¹⁶
2675 5191 2830 5246 Ioan.
2864 5204 2973 5254 xix,
3003 5186 3201 5243 38-42.
3274 5185 3316 5217 ⁸⁷
3354 5179 3561 5241 Matth.

2063 5400 2152 5470 55)
2191 5418 2287 5470 πρ.
2330 5400 2477 5455 Loco
2513 5400 2616 5470 cit.
2644 5396 2748 5470 leg.
2797 5391 3033 5463 πρῶτον.

2063 5410 2152 5540 55)
2191 5418 2287 5470 πρ.
2330 5410 2607 5481 Ιιοιεοριι.
2644 5410 2741 5516 leg.

2062 5470 2131 5525 56
2190 5471 2337 5540 λίτρ.
2381 5468 2563 5540 Desrd.
2590 5467 2695 5540 ᾡσε
2729 5504 2741 5516 .

2040 5531 2153 5608 (57)
2190 5531 2351 5594 ὲνείλ.
2386 5538 2532 5592 Loco
2562 5537 2768 5608 cit._est
2800 5531 3018 5608 ξδησανΣ

2042 5543 2132 5608 (57
2190 5543 2351 5594 ὲνείλ.
2387 5543 2532 5592 Loco
2562 5543 2655 5592 cit.
2681 5543 2765 5589 est
2800 5543 3018 5656 torrus).

2042 5543 2154 5685 (58;
2198 5610 2282 5681 βλ.
2325 5608 2448 5665 Vid.
2477 5625 2532 5679 p.
2568 5606 2692 5661 206.
2736 5602 2881 5658 Scito
2911 5644 2923 5656 .
2964 5600 3055 5656 '59.
