4010 6212
500 300 599 363 25C)
1508 293 1993 355 THEODORETI
2031 290 2369 351 EPISCOPI
2409 293 2773 353 CYRENSIS

3649 290 3749 354 200

498 419 645 467 tuus,
674 403 870 472 inquit,
927 410 1012 456 est
1055 401 1257 464 Aaron,
1306 409 1361 453 et
1418 400 1759 468 sepelierunt
1794 396 1972 466 ipsum
2019 395 2073 449 in

2184 396 2293 458 Πᾶς
2313 396 2367 449 δὲ
2402 398 2696 469 σωφρονῶν
2722 394 2861 450 οἶδεν
2896 396 2968 461 ὡς
3011 398 3138 468 περὶ
3166 397 3258 450 τοῦ
3305 396 3555 469 σώματος
3604 402 3748 469 λέγο·

497 499 776 553 Ormonle
802 496 878 558 ¹⁸;
925 514 941 544 ι
980 505 1069 548 et:
1116 514 1132 543 ‹
1176 493 1422 547 Mortuus
1444 500 1527 546 est
1567 491 1806 554 Samuel,
1836 498 1889 544 et
1920 504 2074 558 sepe-

497 591 706 644 lierunt
743 587 919 656 ipsum
948 587 1002 639 in
1031 586 1350 639 Armathem
1389 586 1453 637 "z
1489 594 1542 638 et
1567 582 1837 653 ejusmodi
1862 581 1966 634 alia
1992 580 2075 633 in-

497 695 753 734 numera.
790 699 806 729 ι
838 677 993 732 llunc
1045 694 1253 731 morem
1307 677 1619 731 observavit
1670 677 1888 731 divinus
1932 677 2076 744 Apo—

495 773 690 835 stolus,
728 787 851 824 cum
895 771 1089 824 mortis
1119 770 1415 823 Dominicm
1472 770 1807 823 mentionem
1846 768 2070 821 faceret.

502 880 521 912 ε
562 861 785 915 Tradidi
839 862 987 914 enim
1022 861 1199 923 vobis,
1265 860 1463 929 inquit,
1502 859 1555 911 in
1593 859 1785 928 primis
1825 857 1972 926 quod
2020 865 2076 911 et

494 955 705 1024 accepi,
733 954 878 1023 quod
904 953 1158 1008 Christus
1182 934 1433 1006 mortuus
1465 952 1537 1006 sit
1584 968 1683 1021 pro
1713 950 1953 1021 peccatis
1977 966 2076 1004 no—

493 1046 622 1102 stris
653 1046 954 1099 secundum
1017 1044 1353 1114 Scripturas,
1375 1046 1391 1061 ⁶
1419 1053 1474 1098 et
1522 1043 1667 1112 quod
1702 1043 1948 1112 sepultus
1980 1041 2071 1105 sit,

499 1143 552 1189 et
582 1133 727 1203 quod
751 1134 1117 1187 resurrexerit
1153 1134 1314 1187 tertio
1362 1132 1451 1187 die
1481 1132 1785 1186 secundum
1827 1130 2075 1200 Scriptu-

500 1241 608 1288 ras,
645 1245 662 1276 ι
698 1232 753 1279 et
778 1241 899 1294 qure
928 1226 1314 1294 sequuntur”.

569 1404 732 1473 210
761 1404 966 1458 ERAN.
1018 1405 1075 1457 In
1124 1404 1209 1458 his
1238 1420 1359 1473 quin
1388 1404 1549 1459 modo
1577 1404 1775 1473 legisti,
1824 1404 2075 1473 corporis

498 1496 833 1549 mentionem
869 1512 977 1548 non
1019 1496 1148 1549 facit
1174 1496 1493 1565 Apostolus,
1525 1495 1619 1549 sed
1672 1503 1919 1548 nostrum
1953 1510 2073 1547 om-

499 1586 650 1640 nium
680 1586 981 1642 Salvatoris
1010 1589 1238 1643 Christi.
1272 1590 1476 1643 Contra
1518 1598 1568 1643 te
1624 1589 1789 1659 igitur
1824 1588 2072 1641 testimo-

496 1679 649 1731 nium
698 1679 999 1747 protulisti,
1025 1689 1079 1733 et
1113 1681 1349 1749 teipsum
1381 1680 1491 1734 tuis
1517 1680 1642 1734 telis
1667 1680 1963 1735 conﬁxisti.

566 1786 775 1842 ORTH.
800 1787 943 1851 Cito,
997 1795 1059 1840 ut
1103 1795 1350 1855 apparet,
1387 1786 1593 1839 oblitus
1622 1801 1681 1839 es
1739 1784 1886 1852 longi
1921 1782 2072 1836 illius

493 1875 786 1938 sermonis,
852 1875 906 1927 in
936 1890 1046 1943 quo
1093 1875 1487 1936 demonstravi,
1530 1889 1673 1941 saepe
1714 1887 2072 1941 personarum

498 1966 813 2019 nominibus
838 1965 1002 2018 etiam
1028 1979 1230 2033 corpus
1255 1964 1540 2033 appellari.
1578 1963 1727 2018 ldem
1762 1979 1910 2017 nunc
1932 1978 2072 2031 quo-

494 2074 601 2126 que
646 2057 773 2111 fecit
808 2056 1027 2110 divinus
1082 2056 1412 2125 Apostolus:
1443 2064 1497 2109 et
1542 2055 1646 2109 hoc
1685 2055 1926 2108 indidem
1978 2070 2073 2108 co-

493 2147 681 2216 gnosci
706 2146 864 2200 facile
882 2154 1080 2215 potest.
1122 2145 1211 2199 Sic
1234 2153 1417 2198 autem
1445 2145 1878 2199 consideremus.
1899 2144 2070 2210 Quam

494 2239 565 2292 ob
589 2255 809 2292 causam
833 2238 1135 2293 Corinthiis
1160 2239 1275 2293 hka
1305 2239 1527 2307 scripsit
1558 2239 1642 2290 vir
1664 2238 1754 2291 ille
1809 2236 2073 2291 divinus?

565 2415 770 2469 ERAN.
817 2414 1050 2481 Quidam
1102 2416 1226 2470 illos
1263 2415 1609 2485 deccperant,
1639 2415 1785 2484 quod
1843 2430 1952 2467 non
1999 2414 2071 2467 sit

494 2520 790 2574 corporum
841 2507 1194 2560 resurrectio.
1256 2505 1369 2560 Hoc
1416 2507 1581 2575 igitur
1636 2506 1876 2575 cognito,
1925 2505 2073 2559 orbis

496 2605 769 2649 terrarum
803 2599 1064 2667 magister
1084 2598 1151 2651 de
1177 2612 1467 2667 corporum
1498 2598 1903 2651 resurrectione
1927 2596 2073 2665 apud

493 2703 589 2742 eos
620 2688 786 2741 verba
826 2689 974 2743 fecit.

567 2777 773 2831 Oli'l‘ll.
792 2778 904 2833 Cur
933 2787 1139 2842 autem,
1165 2778 1545 2833 demonstrare
1566 2778 1758 2832 volens
1778 2790 2072 2845 corporum

502 2870 992 2933 resurrectionem,
1032 2869 1374 2923 Dominicam
1392 2868 1849 2923 resurrectionem
1877 2866 1933 2919 in
1955 2881 2073 2919 me-

503 2959 658 3014 dium
687 2961 980 3030 produxit?

567 3052 776 3105 ERAN.
826 3052 896 3108 Ut
928 3068 1050 3121 quae
1105 3055 1240 3107 satis
1295 3052 1367 3106 sit
1398 3052 1467 3106 ad
1500 3051 1897 3107 ostendendam
1956 3064 2074 3104 om-
2100 3079 2143 3137 ο

495 3142 649 3195 nium
682 3152 931 3197 nostrum
959 3144 1443 3197 resurrectionem.
1645 3193 1654 3204 ,

567 3231 775 3285 ORTll.
832 3232 1004 3298 Quam
1051 3235 1199 3288 enim
1257 3234 1424 3288 habet
1480 3233 1897 3288 similitudinem
1947 3250 2072 3289 cum

496 3332 675 3376 morte
702 3323 953 3388 aliorum,
974 3334 1033 3378 ut
1048 3327 1169 3395 ejus
1189 3325 1593 3380 resurrectione
1614 3325 1860 3378 omnium
1888 3341 2077 3380 resur-

497 3415 798 3467 rectionem
836 3416 1165 3471 conﬁrmes?

568 3506 775 3561 ERAN.
800 3506 951 3562 Hane
969 3509 1040 3563 ob
1066 3524 1285 3564 causam
1317 3510 1482 3563 homo
1506 3510 1684 3564 factus
1715 3518 1798 3564 est
1820 3510 2067 3581 unigeni-

498 3602 589 3649 tus
620 3595 792 3650 Filius
840 3598 956 3662 Dei,
1001 3607 1056 3654 et
1097 3615 1290 3668 passus
1320 3610 1424 3663 est,
1458 3609 1514 3654 et
1547 3611 1779 3655 mortem
1815 3601 2071 3671 gustavit,

499 3695 560 3738 ut
588 3695 817 3741 mortem
839 3688 1243 3745 destrueret“:
1272 3706 1563 3760 resurgens
1596 3691 1761 3761 igitur
1794 3706 1891 3759 per
1919 3707 2074 3745 suam

496 3776 960 3831 resurrectionem
998 3779 1247 3832 omnium
1276 3780 1561 3833 hominum
1592 3780 1851 3848 praadicat
1888 3795 2073 3833 resur»

494 3868 822 3922 rectionem.

564 3957 772 4012 ORTH.
804 3960 872 4012 Et
903 3958 1028 4028 quis
1060 3960 1517 4014 resurrectionem
1548 3961 1643 4014 Dei
1675 3961 1927 4028 audiens,
1953 3977 2072 4015 om-

493 4050 649 4103 nium
688 4066 906 4120 quoque
933 4051 1219 4104 hominum
1256 4052 1510 4105 similiter
1556 4052 1797 4106 futuram
1841 4069 1961 4107 esse
1985 4069 2073 4107 re-

493 4143 893 4196 surrectionem
937 4143 1164 4197 credat?
1212 4144 1333 4197 Non
1362 4146 1510 4198 enim
1544 4144 1675 4197 sinit
1714 4152 1774 4197 ut
1824 4159 2073 4198 resurre-

491 4234 692 4288 ctionis
704 4244 894 4289 senten
905 4236 989 4288 tiae
1003 4236 1291 4290 credamus
1304 4247 1624 4289 naturarum
1657 4236 2068 4291 dissimilitudo.

493 4326 650 4394 211
706 4327 802 4381 Ille
841 4329 987 4382 enim
1038 4329 1179 4382 Deus
1198 4336 1301 4393 est,
1351 4329 1406 4382 hi
1453 4344 1585 4383 vero
1608 4329 1896 4383 homines:
1929 4330 2072 4384 inter

2182 505 2301 557 μεν,
2364 488 2521 541 Οὕτω
2568 490 2624 541 δὲ
2698 490 2877 555 λέγειν
2937 489 3166 560 σύνηθες
3221 493 3287 560 τῇ
3344 490 3464 562 θείᾳ
3522 492 3748 565 Γραφῇο

2184 599 2201 629 ι
2246 579 2505 632 Ἀπέθανε
2531 581 2657 651 γάρ,
2691 586 2876 650 φησὶν,
2922 581 3134 651 Ἀαρὼν
3160 621 3173 644 ,
3208 583 3300 635 καὶ
3338 584 3543 653 ἔθαψαν
3594 588 3749 640 αὐτὸν

2180 671 2235 721 ἐν
2260 671 2357 741 Ὣρ
2390 669 2466 740 τῷ
2515 672 2660 741 ὅρειο
2697 692 2713 721 ι
2772 673 2904 725 καί*
2965 692 2981 723 ι
3034 673 3296 726 Ἀπέθανε
3339 676 3608 746 Σαμουὴλ,
3660 680 3750 731 καὶ

2177 762 2384 830 ἔθαψαν
2414 763 2574 815 αὐτὸν
2601 765 2657 815 ἐν
2692 764 2976 834 ’Δρμαθέμ
2997 764 3128 832 (59)·
3154 766 3247 817 καὶ
3276 767 3446 837 μυρία
3468 768 3706 821 τοιαῦτα.
3726 791 3743 820 ο

2179 853 2350 905 Τοῦτο
2398 854 2458 906 τὸ
2505 855 2622 917 ἔθος
2660 857 2960 925 τετήρηκεν
3007 858 3035 908 6
3085 857 3225 918 θεῖος
3277 858 3623 922 Ἀπόστολος,
3660 860 3749 913 τοῦ

2178 942 2509 996 Δεσποτικοῦ
2546 944 2925 1013 μνημονεύσας
2957 944 3206 998 θανάτου.
3242 965 3260 995 ι
3296 948 3595 1017 Παρέδωκα
3624 952 3748 1018 γὶρ,

2179 1033 2367 1102 φησιν,
2409 1034 2535 1100 ὑμῖν
2570 1034 2627 1085 ἐν
2660 1033 2915 1101 πρώτοις,
2948 1034 2975 1087 ὃ
3009 1037 3100 1087 καὶ
3132 1037 3452 1105 παρέλαϐον,
3496 1039 3577 1091 ὅτι
3622 1042 3751 1109 Χρι-

2180 1127 2304 1189 στὸς
2347 1127 2618 1180 ἀπέθανεν
2660 1127 2799 1199 ὑπὲρ
2832 1128 2940 1180 τῶν
2972 1130 3257 1199 ἁμαρτιῶν
3292 1130 3447 1200 ἡμῶν
3478 1132 3617 1183 κατά
3656 1133 3751 1196 τὰς

2176 1218 2401 1288 Γραφάς
2459 1218 2552 1271 καὶ
2590 1220 2672 1272 ὅτι
2706 1221 2901 1289 ἐτάφη,
2944 1220 3038 1272 καὶ
3066 1222 3149 1272 ὅτι
3173 1221 3472 1290 ἐγήγερται
3505 1226 3569 1292 τῇ
3597 1225 3748 1296 τρίτῃ

2177 1307 2360 1377 ἡμέρᾳ
2390 1309 2530 1359 κατά
2564 1308 2659 1370 τὰς
2686 1308 2960 1377 Γραφάς,ι
2991 1312 3081 1362 καὶ
3105 1311 3171 1362 τά
3198 1312 3342 1380 ἑξῆς.

2250 1399 2454 1452 ΕΡΛΝ.
2496 1400 2582 1451 Ἐν
2614 1395 2693 1462 οἷς
2722 1401 2964 1468 ἀνέγνως
3006 1402 3230 1471 ἀρτίως,
3267 1403 3325 1454 ού
3365 1404 3610 1473 σώματος
3658 1409 3751 1476 ἐμ,-

2178 1489 2508 1559 νημόνευσεν
2548 1493 2576 1543 ὁ
2617 1491 2971 1557 Ἀπόστολος,
3023 1492 3162 1545 ἀλλά
3205 1492 3298 1545 τοῦ
3349 1495 3565 1547 πάντων
3600 1498 3749 1566 ἡμῶν

2180 1583 2429 1653 Σωτῆρος
2462 1584 2720 1654 Χριστοῦ.
2776 1586 2928 1638 Κατά
2968 1586 3166 1639 σαυτοῦ
3195 1588 3370 1640 τοίνυν
3405 1590 3501 1659 τὴν
3549 1609 3749 1661 μαρτυ-

2184 1674 2304 1745 ρίαν
2338 1676 2690 1745 παρήγαγες,
2718 1675 2810 1727 καὶ
2835 1676 3027 1728 σαυτὸν
3044 1680 3155 1739 τοῖς
3175 1681 3283 1739 σοῖς
3306 1678 3497 1741 ἔϐαλες
3519 1680 3743 1749 βέλεσιν.

2105 1731 2152 1790 Β
2185 1731 2196 1745 ⁸
2252 1731 2811 1836 ΟΡΘ..’ίΞπελήσθης,
2869 1766 2943 1829 ὼς
2999 1766 3193 1839 ἔοικεν,
3250 1769 3332 1821 ὅτι
3381 1731 3608 1838 τάχιστα
3646 1772 3764 1849 τῶν,

2181 1855 2407 1925 μακρῶν
2463 1857 2685 1909 ἐκείνων
2726 1852 2802 1911 ὧν
2840 1858 3111 1929 διεξῆλθον
3148 1859 3353 1927 λόγων,
3409 1862 3620 1925 δεικνὺς
3670 1864 3750 1918 ὄτι

2178 1948 2437 2011 πολλάκις
2483 1954 2592 2013 τοῖς
2622 1952 2728 2002 τῶν
2770 1951 3074 2020 προσώπων
3104 1953 3328 2021 ὀνόμασι
3374 1956 3464 2007 καὶ
3504 1956 3561 2006 τὸ
3592 1957 3750 2025 σῶμα

2178 2043 2671 2111 προσαγορεύουσι.
2700 2044 2876 2095 Ταύτὸ
2901 2044 2958 2095 δὲ
2987 2043 3144 2097 τοῦτο
3181 2047 3273 2097 καὶ
3301 2045 3394 2097 νῦν
3439 2046 3696 2117 δέδρακεν
3723 2051 3748 2101 ὁ

2177 2133 2319 2195 θεῖος
2343 2135 2785 2199 Ἀπόστολος,καὶ
2812 2136 2965 2188 τοῦτο
2994 2137 3217 2190 αὐτόθεν
3242 2138 3419 2208 ῥᾴδιον
3442 2139 3746 2207 διαγνῶναι.

2180 2227 2549 2297 Σκοπήσωμεν
2602 2228 2658 2280 δὲ
2707 2228 2820 2280 ὡδί.
2871 2222 2945 2280 Οῦ
2990 2230 3052 2299 δὴ
3100 2230 3257 2300 χάριν
3296 2230 3466 2284 ταῦτα
3508 2233 3747 2303 γέγραφε

2180 2317 2488 2387 Κορινθίοις
2516 2320 2543 2370 6
2573 2319 2856 2382 θεσπέσιος
2884 2318 3036 2382 οὗτος
3075 2322 3247 2393 ἀνήρς

2250 2411 2457 2467 EPAN.
2489 2411 2644 2473 Τινὲς
2665 2412 2862 2474 αὐτοὺς
2888 2413 3255 2483 ἐξηπάτησαν,
3280 2414 3354 2478 ὡς
3382 2417 3480 2467 οὐκ
3510 2414 3625 2467 ἔστι
3651 2433 3752 2467 σω-

2180 2501 2364 2569 μάτων
2392 2502 2708 2565 ἀνάστασις.
2753 2502 2923 2555 Τοῦτο
2956 2504 3130 2556 τοίνυν
3175 2505 3360 2574 μαθὼν
3394 2507 3422 2556 6
3454 2506 3548 2574 τῆς
3575 2508 3753 2557 οἰκου-

2180 2588 2347 2657 μένης
2380 2588 2718 2654 διδάσκαλος,
2750 2592 2876 2654 τοὺς
2911 2594 3037 2661 περῖ
3064 2594 3161 2661 τῆς
3189 2594 3298 2646 τῶν
3325 2595 3603 2665 σωμάτων.
3624 2597 3752 2648 ἀνα-

2179 2678 2419 2744 στάσεως
2450 2681 2632 2744 αύτοίς
2664 2683 3031 2753 προσενήνοχε
3057 2684 3267 2753 λόγους.

2249 2772 2401 2827 ΟΡΘ.
2430 2774 2541 2825 Καὶ⁵
2576 2774 2628 2825 τί
2669 2773 2890 2843 δήποτε,
2936 2776 3107 2841 δεῖξαι
3151 2778 3475 2847 βουλόμενος
3516 2778 3613 2848 τὴν
3641 2779 3749 2832 τῶν

2179 2862 2447 2930 σωμάτων
2482 2860 2799 2927 ἀνάστασιν,
2844 2864 2942 2934 τὴν
2982 2865 3319 2935 Δεσποτικὴν
3349 2866 3645 2918 ἀνάστασιν
3671 2866 3750 2928 εἰς

2180 2953 2344 3020 μέσον
2383 2955 2707 3024 παρήγαγεν
2727 2972 2741 3020 ;

2250 3045 2452 3100 ΕΡΑΝ.
2506 3046 2592 3109 Ὠς
2646 3044 2834 3116 ἱκανὴν
2881 3045 3120 3116 δηλῶσαι
3167 3046 3264 3118 τὴν
3320 3047 3537 3100 πάντων
3593 3045 3751 3117 ἡμῶν

2179 3139 2503 3191 ἀνάστασιν.

2247 3229 2398 3283 ΟΡΘ.
2429 3229 2494 3281 Τί
2522 3229 2631 3300 γάρ
2661 3229 2838 3292 ἐοικὸς
2870 3228 2983 3299 ἔχει
3020 3228 3099 3299 τῷ
3130 3228 3240 3299 (60)
3273 3228 3489 3297 θανάτῳ
3516 3228 3625 3280 τῶν
3661 3227 3755 3282 ἄλο

2175 3320 2302 3386 λων,
2330 3321 2415 3373 ἵνα
2443 3324 2506 3392 τῇ
2546 3322 2836 3375 ἀναστάσει
2860 3322 3217 3393 τεκμηριώσῃ
3248 3323 3346 3392 τὴν
3380 3323 3597 3375 πάντων
3624 3322 3755 3374 ἀνά-

2178 3430 2396 3480 στασιν;

2246 3507 2450 3561 EPAN.
2487 3507 2690 3561 Τούτου
2730 3507 2890 3579 χάριν
2932 3506 3350 3579 ὲνηνθρὼπησεν
3384 3508 3411 3559 6
3457 3507 3756 3576 μονογενὴς

2178 3598 2308 3662 Υἱὸς
2359 3600 2454 3653 τοῦ
2508 3599 2668 3665 Θεοῦ,
2705 3601 2802 3653 καὶ
2837 3600 3094 3664 πέπονθε,
3137 3601 3231 3653 καὶ
3280 3600 3510 3653 θανάτου
3560 3604 3758 3671 πεῖραν

2176 3691 2385 3757 ἔλαϐεν,
2416 3692 2501 3745 ἵνα
2531 3693 2810 3765 καταλύσῃ
2839 3693 2928 3746 τὸν
2946 3694 3195 3747 θάνατον.
3235 3694 3425 3745 Ἀναστ
3438 3694 3497 3756 ἀς
3522 3710 3758 3765 τοιγαρα-

2180 3783 2295 3845 οῦν,
2327 3783 2413 3835 διὰ
2462 3783 2560 3854 τῆς
2589 3784 2795 3847 οἰκείας
2822 3785 3168 3848 ἀναστάσεως
3194 3783 3455 3855 κηρύττει
3484 3784 3583 3854 τὴν
3611 3786 3757 3838 πάν-

2176 3889 2283 3924 των
2317 3872 2414 3925 ἀνθ
2422 3872 2500 3943 ρὼ
2511 3891 2621 3926 πων
2651 3875 2969 3927 ἀνάστασιν.

2247 3962 2396 4016 ΟΡΘ.
2436 3963 2546 4015 Καὶ
2578 3962 2662 4026 τίς
2692 3964 2757 4016 ἂν
2804 3963 3165 4028 πιστεύσειεν,
3210 3964 3506 4018 ἀνάστασιν
3539 3964 3761 4017 ἀκούων

2175 4051 2335 4114 Θεοῦ,
2368 4052 2538 4123 ταύτῃ
2578 4054 2978 4124 παραπλησίως
3019 4056 3113 4107 καὶ
3142 4054 3239 4125 τὴν
3283 4055 3500 4108 πάντων
3543 4055 3763 4126 ἀνθρὼ-

2178 4161 2296 4196 πων
2335 4145 2631 4198 ἀνάστασιν
2681 4145 2935 4211 ἔσεσθαι;
2985 4148 3097 4200 Ούκ
3130 4149 3196 4218 ἐᾷ
3227 4148 3334 4220 γάρ
3375 4148 3651 4202 πιστεύειν
3682 4148 3764 4216 τῷ

2176 4233 2320 4304 λόγῳ
2348 4235 2447 4302 τῆς
2480 4236 2832 4299 ἀναστάσεως
2860 4237 2967 4290 τῶν
3005 4238 3220 4307 φύσεων
3263 4239 3321 4291 τὸ
3367 4240 3641 4308 ἀνόμοιον.
3700 4240 3763 4291 '0

2180 4326 2279 4396 μὲν
2300 4326 2407 4397 γὰρ
2430 4326 2581 4390 Θεὸς,
2605 4328 2655 4380 οἱ
2680 4327 2754 4392 δὲ,
2787 4327 3062 4397 ἄνθρωποι
3084 4346 3098 4359 °
3121 4330 3371 4384 πλεῖστον
3395 4331 3450 4383 δὲ
3474 4334 3595 4384 ὅσον
3617 4330 3762 4383 Θεοῦ

492 4418 665 4471 Deum
692 4427 875 4473 autem
904 4430 960 4473 et
999 4420 1250 4474 homines
1276 4420 1470 4490 ingens
1514 4429 1597 4475 est
1643 4421 1959 4475 discrimen.
2004 4421 2071 4476 Hi

2184 4420 2271 4473 καὶ
2321 4420 2623 4492 ἀνθρώπων
2667 4422 2728 4474 τὸ
2765 4425 2964 4492 μέσον⁶
3019 4424 3067 4477 οἱ
3116 4424 3213 4494 μὲν
3256 4423 3363 4495 γὰρ
3407 4424 3610 4493 θνητοὶ,
3665 4425 3766 4477 καὶ

489 4508 639 4560 enim
682 4517 811 4562 sunt
847 4510 1109 4564 mortales
1158 4518 1215 4564 et
1262 4510 1477 4574 caduci,
1541 4518 1599 4565 et
1657 4510 1784 4565 feno
1840 4527 1909 4567 ac
1949 4512 2071 4568 ﬂori

489 4599 812 4653 assimilati:
850 4600 941 4654 ille
987 4609 1172 4654 autem
1212 4610 1296 4656 est
1345 4604 1714 4673 omnipotens.

563 4691 769 4747 ERAN.
801 4692 871 4746 At
895 4707 1097 4761 corpus
1115 4692 1355 4750 habebat
1383 4695 1548 4750 homo
1578 4696 1756 4751 factus
1770 4697 1914 4752 Deus
1931 4699 2071 4754 Ver-

492 4784 645 4849 bum,
694 4794 751 4838 et
801 4800 900 4854 per
948 4784 1054 4839 hoc
1107 4785 1525 4843 similitudinem
1566 4805 1693 4844 cum
1750 4790 2070 4859 hominibus

491 4878 757 4930 ostendit.

564 4967 770 5021 ORTII.
828 4968 1087 5040 Corporis
1135 4971 1303 5041 igitur
1352 4973 1577 5027 omnino
1632 4981 1716 5028 est
1759 4974 1959 5045 passio,
2011 4987 2066 5029 et

493 5072 660 5123 mors,
684 5069 738 5112 et
775 5062 1129 5117 resurrectio.
1161 5062 1228 5116 Et
1255 5063 1361 5117 hoc
1407 5064 1631 5119 aliunde
1678 5065 2067 5121 demonstrans

490 5150 710 5205 divinus
746 5154 763 5171 ‘
799 5154 1114 5224 Apostolus,
1177 5156 1579 5211 restitutionem
1628 5158 1756 5213 vita:
1802 5160 2064 5212 omnibus

491 5244 797 5312 pollicetur,
855 5256 910 5301 et
944 5249 1010 5303 iis
1033 5249 1128 5318 qui
1176 5248 1475 5303 Salvatoris
1532 5250 1755 5319 quidem
1810 5266 2063 5306 resurre—

490 5335 725 5391 ctionem
741 5339 1059 5407 credebant,
1088 5356 1434 5397 communem
1454 5357 1584 5397 vero
1600 5341 1849 5397 omnium
1873 5356 2063 5397 resur-

2174 4512 2454 4583 ὲπίκηροι,
2484 4514 2581 4566 καὶ
2620 4514 2799 4587 χόρτῳ
2830 4516 2926 4569 καὶ
2955 4515 3103 4571 ἄνθει
3146 4517 3579 4587 ἀπεικασμένοι·
3622 4518 3653 4569 6
3701 4518 3766 4571 δὲ

2173 4607 2604 4678 παντοδύναμος.

2245 4703 2451 4756 ΕΡΑΝ.
2499 4701 2661 4755 Ἀλλά
2707 4702 2866 4772 σῶμα
2917 4699 3062 4773 εἶχεν
3106 4702 3533 4773 ὲνανθρωπήσας
3564 4702 3593 4752 6
3622 4702 3766 4766 Θεὸς

2174 4796 2365 4863 Λόγος,
2420 4793 2517 4846 καὶ
2569 4792 2658 4846 διὰ
2709 4793 2898 4846 τούτου
2925 4795 3035 4865 ’τὴν
3080 4793 3218 4864 πρὸς
3267 4793 3393 4856 τοὺς
3427 4792 3762 4866 ἀνθρώπους

2176 4885 2376 4951 ἔδειξεν
2406 4885 2717 4956 ὁμοιότητα.

2246 4979 2395 5032 ΟΡΘ.
2429 4976 2536 5030 Τοῦ
2569 4978 2820 5046 σώματος
2847 4972 2939 5030 οὖν
2962 4977 3067 5047 ἄρα
3085 4977 3239 5044 ὅλως,
3263 4979 3325 5031 τό
3353 4997 3411 5032 τε
3433 4978 3625 5041 πάθος,
3657 4978 3766 5031 καὶ

2173 5076 2201 5128 6
2229 5074 2483 5135 θάνατος,
2519 5072 2615 5125 καὶ
2644 5074 2677 5142 ἡ
2710 5073 3029 5137 ἀνάστασις,
3078 5076 3173 5127 καὶ
3202 5074 3361 5127 τοῦτο
3386 5075 3598 5136 δεικνὺς
3634 5071 3766 5125 ἑτέ-

2179 5162 2349 5236 ρωθεν
2396 5163 2424 5214 6
2484 5162 2627 5224 θεῖος
2678 5162 3019 5227 Ἀπόστολος,
3076 5164 3416 5234 ὑπισχνεῖται
3471 5166 3605 5217 πᾶσι
3654 5162 3768 5233 τὴν

2174 5255 2489 5317 ἀναϐίωσιν,
2532 5254 2625 5306 καὶ
2656 5256 2769 5317 τοῖς
2811 5257 2877 5324 τῇ
2919 5254 3017 5324 μὲν
3045 5255 3139 5309 τοῦ
3172 5257 3421 5327 Σωτῆρος
3456 5255 3769 5309 ἀναστάσει

2176 5343 2517 5407 πιστεύουσι,
2548 5342 2647 5413 τὴν
2684 5343 2742 5395 δὲ
2780 5344 2965 5413 κοινὴν
2998 5344 3216 5398 πάντων
3248 5346 3547 5399 ἀνάστασιν
3582 5343 3769 5414 μῦθον

528 5513 568 5542 ⁸⁸
600 5515 759 5569 Num.
792 5534 879 5583 xx,
900 5520 986 5573 ‘28.
1067 5520 1109 5551 "
1139 5518 1156 5571 l
1186 5520 1318 5591 Reg.
1356 5537 1479 5588 xxv,
1508 5518 1559 5589 1,
1586 5522 1741 5594 juxta
1766 5522 1927 5579 LXX.
2008 5523 2051 5555 ὀ

2186 5540 2268 5579 or.
2297 5541 2385 5591 xv,
2424 5525 2477 5591 5,
2514 5525 2567 5578 4.
2647 5526 2687 5555 ’³
2725 5525 2889 5580 Hebr.
2925 5541 2984 5587 ιι,
3011 5525 3162 5616 9-Ιῇ.

562 5698 673 5770 (59)
724 5697 882 5769 Ἀρμ.
922 5701 1047 5765 Alii,
1089 5703 1265 5775 Ῥαμᾷ

2252 5703 2362 5776 (σο)
2407 5704 2513 5777 Τῷ.
2560 5706 2639 5760 Ex
2678 5705 2812 5761 edit.
2854 5706 3010 5762 Rom.
3041 5714 3096 5761 et
3137 5706 3285 5778 Lips.
3322 5703 3667 5777 suppletum.
