4010 6212
331 227 440 293 261

1401 228 1781 292 DIALOGUS
1820 228 1937 289 ῙΙΙ.
1977 255 2046 264 -
2083 231 2579 295 IMPATIBILIS.

3504 235 3611 299 9C2

336 338 812 410 ὑπολαμϐάνουσι,
860 340 1103 413 κέκραγε
1149 340 1360 410 λέγων·
1425 361 1444 394 ι
1477 342 1541 395 Et
1587 343 1644 396 δὲ
1690 342 1917 413 Χριστὸς

2032 345 2335 401 rectionem
2361 347 2602 401 fabulam
2650 344 3061 411 existimabant,
3093 346 3240 402 clare
3285 347 3453 406 dixit:
3500 370 3520 403 ι
3554 352 3613 408 Si

334 433 672 504 κηρύσσεται
723 433 805 486 δτι
847 434 912 486 ἐκ
943 432 1155 504 νεκρῶν
1184 434 1503 505 ἐγήγερται,
1544 434 1661 498 πῶς
1704 434 1922 504 λέγουσι

332 539 480 586 τινες
506 524 567 575 ἐν
594 524 745 593 ὑμῖν,
777 524 859 577 ὅτι
883 525 1182 587 ἀνάστασις
1220 525 1432 596 νεκρῶν
1464 524 1566 578 οὐκ
1614 523 1795 591 ἐστιν;
1858 526 1920 578 Εἰ

332 615 391 669 δὲ
436 613 738 678 ἀνάστασις
772 615 985 687 νεκρῶν
1013 617 1113 670 οὐκ
1145 616 1315 679 ἔστιν,
1355 616 1478 670 οὐδὲ
1522 618 1761 689 Χριστὸς
1791 619 1919 689 ἐγήο

333 724 530 778 γερται
550 723 564 736 ·
599 709 648 760 εἰ
677 707 732 761 δέ
772 707 1010 778 Χριστὸς
1037 708 1137 761 οὐκ
1168 709 1486 779 ἐγήγερται,
1533 708 1742 776 ματαία
1773 710 1805 779 ἡ
1839 708 1924 765 πί-

335 814 454 859 στις
483 797 660 867 ὑμῶν,
709 795 788 848 ἐτι
820 796 943 848 ἐστέ
978 799 1035 849 ἐν
1063 800 1183 860 ταῖς
1213 798 1512 867 ἁμαρτίαις
1545 797 1721 868 ὑμῶν.
1755 818 1773 849 ι
1809 798 1922 853 Καὶ

333 888 444 943 ἀπὸ
470 866 574 958 μέν
613 887 709 941 τοῦ
751 888 1144 958 γεγενημένου,
1170 888 1232 941 τὸ
1254 866 1514 959 ἐσόμενον
1546 866 1781 958 getiam?
1811 891 1921 944 ἀπὸ

330 980 389 1034 δὲ
420 979 516 1033 τοῦ
549 980 977 1048 ἀπιστουμένου,
1012 979 1265 1033 ἐκϐάλλει
1307 978 1367 1032 τὸ
1406 980 1817 1048 πιστευόμενον.
1857 981 1920 1034 Εἰ

334 1069 446 1141 γάρ
468 1072 668 1133 ἐκεῖνο,
702 1070 891 1139 φησὶν,
926 1068 1056 1139 ὑμῖν
1086 1068 1347 1122 ἀδύνατον
1382 1070 1797 1137 καταφαίνεται,
1826 1071 1921 1123 καὶ

332 1158 494 1211 τοῦτο
519 1159 692 1229 δήπου
722 1158 937 1227 ψευδές.
980 1158 1043 1210 Εἰ
1071 1157 1127 1210 δὲ
1167 1158 1328 1212 τοῦτό
1358 1176 1420 1228 γε
1461 1158 1661 1231 ἀληθὲς
1702 1160 1797 1214 καὶ
1826 1176 1920 1212 πι-

335 1250 461 1303 στὸν
515 1245 656 1303 εἶναι
700 1250 866 1314 δοκεῖ,
926 1251 1150 1304 κάκεῖνο
1192 1250 1455 1314 ὡσαύτως
1494 1251 1721 1305 δοκείτω
1779 1248 1918 1308 εἶναι

334 1341 551 1394 πιστόν.
580 1341 843 1410 Σὼματος
882 1343 990 1413 γάρ
1016 1343 1313 1408 ἀνάστασις
1346 1343 1623 1397 κάνταῦθα
1655 1345 1921 1416 κηρύττε-

330 1449 455 1497 ται,
498 1434 592 1486 καὶ
619 1434 847 1505 ἀπαρχὴ
880 1433 1037 1489 τοῦτό
1079 1453 1142 1505 γε
1173 1437 1396 1491 ἐκείνων
1425 1438 1915 1507 προσαγορεύεται.

331 1524 506 1578 Τοῦτο
550 1526 662 1597 γάρ
693 1530 831 1596 μετά
873 1532 1002 1594 τοὺς
1037 1529 1204 1585 πάλαι
1247 1529 1477 1594 πολλοὺς
1523 1531 1919 1602 συλλογισμοὺς

338 1616 730 1685 ἀποφαντικῶς
788 1620 1027 1691 εἴρηκεν.
1061 1639 1079 1673 ι
1111 1622 1249 1674 Νυνὶ
1275 1621 1332 1674 δὲ
1360 1622 1594 1693 Χριστὸς
1616 1625 1679 1676 ἐκ
1705 1623 1917 1695 νεκρῶν

332 1708 671 1777 ἐγήγερται,
747 1709 972 1781 ἀπαρχὴ
1036 1709 1147 1763 τῶν
1200 1692 1623 1782 κεκοιμημένων
1674 1692 1913 1784 ἐγένετο.
1947 1692 1990 1748 Β

343 1798 562 1869 Ἐπειδὴ
586 1799 698 1869 γάρ
731 1799 797 1852 δι’
821 1799 1112 1870 ἀνθρώπου
1138 1803 1167 1854 6
1190 1801 1441 1866 θάνατος,
1483 1803 1579 1856 καὶ
1614 1804 1681 1857 δι’
1705 1805 1915 1877 ἀνθρώ-

328 1906 435 1942 που
486 1890 782 1953 ἀνάστασις
832 1891 1062 1963 νεκρῶν.
1112 1893 1323 1963 Ὠσπερ
1384 1893 1493 1965 γὰρ
1514 1896 1573 1947 ἐν
1613 1895 1691 1965 τῷ
1746 1898 1917 1969 Ἀδὰμ

330 1980 543 2042 πάντες
570 1981 1025 2050 ἀποθνήσκουσιν,
1057 1981 1200 2036 οὕτω
1224 1984 1316 2036 καὶ
1344 1984 1404 2036 ἐν
1429 1984 1507 2055 τῷ
1538 1986 1758 2058 Χριστῷ
1783 1990 1917 2042 πάν-

327 2086 433 2133 τες
477 2071 993 2143 ζωοποιηθήσονται.
1045 2092 1063 2124 ι
1095 2075 1204 2126 Καὶ
1247 2076 1305 2127 οὗ
1339 2075 1499 2145 μόνον
1532 2077 1622 2129 τὸν
1655 2078 1781 2150 περὶ
1818 2081 1917 2150 τῆς

330 2162 689 2223 ἀναστάσεως
715 2164 1014 2219 ἐϐεϐαίωσε
1050 2165 1227 2234 λόγον,
1255 2166 1393 2219 ἀλλὰ
1427 2167 1520 2220 καὶ
1552 2169 1611 2221 τὸ
1647 2170 1742 2240 τῆς
1770 2171 1914 2223 οἰκο-

331 2255 526 2325 νομίας
555 2258 858 2328 μυστήριον
888 2258 1227 2327 ἀπεκάλυψε,
1252 2257 1437 2329 Ταύτῃ
1466 2276 1546 2311 τοι
1587 2260 1681 2311 καὶ
1708 2259 1915 2331 ἄνθρω-

332 2363 435 2399 πον
465 2348 557 2400 τδν
583 2349 819 2419 Χριστὸν
848 2350 1311 2419 προσηγόρευσεν,
1340 2350 1429 2403 ἵνα
1457 2350 1605 2423 δείξῃ
1634 2353 1733 2423 τὴν
1757 2353 1917 2425 θερα-

330 2440 493 2493 πείαν
524 2443 591 2512 τῇ
631 2441 771 2511 νόσῳ
798 2441 1154 2510 κατάλληλον.

406 2648 608 2703 EPAN.
643 2645 967 2717 Ἀνθρωπος
991 2641 1083 2700 οὖν
1122 2646 1281 2716 μόνον
1311 2648 1460 2700 ἐστὶν
1486 2651 1513 2701 6
1542 2650 1811 2721 Χριστόςς

407 2739 555 2792 ΘΡΘ.
593 2740 843 2805 Ἄπαγε·
886 2737 1199 2790 τούναντίον
1231 2739 1340 2809 γὰρ
1387 2739 1649 2806 πολλάκις
1688 2744 1915 2814 εἰρήκα-

332 2830 559 2903 μεν,ὠς
588 2831 651 2882 οὐ
700 2830 862 2899 μόνον
893 2828 1181 2899 ἄνθρωπός
1230 2831 1399 2896 ἐστιν,
1454 2832 1592 2884 ἀλλά
1640 2836 1733 2885 καὶ
1784 2836 1916 2899 Θεὸς

330 2924 679 2995 προάιὼνιος.
718 2921 959 2974 Πέπονθε
1000 2921 1057 2973 δὲ
1087 2922 1162 2985 ὡς
1191 2922 1496 2993 ἄνθρωπος,
1530 2924 1629 2995 οὐχ
1657 2925 1732 2989 ὡς
1761 2927 1913 2991 Θεός.

2026 443 2214 491 autem
2265 436 2520 493 Christus
2571 438 2902 508 praedicatur
2955 437 3104 508 quod
3170 442 3536 496 resurrexerit
3581 461 3614 499 a

2026 528 2282 594 mortuis,
2323 528 2603 599 quomodo
2637 529 2861 599 quidam
2907 538 3154 585 vestrum
3205 528 3415 595 dicunt,
3464 535 3613 602 quod

2024 620 2363 675 resurrectio
2402 632 2751 676 mortuorum
2795 638 2907 677 non
2935 623 3045 676 sit?
3093 622 3148 678 Si
3189 634 3375 677 autem
3422 640 3613 679 resur-

2022 710 2197 765 rectio
2228 718 2574 766 mortuorum
2620 728 2732 768 non
2775 720 2882 779 est,
2919 730 3099 783 neque
3122 714 3376 770 Christus
3420 731 3612 771 resur-

2022 802 2185 857 rexit.
2234 802 2290 857 Si
2322 811 2510 858 autem
2550 805 2807 860 Christus
2829 822 2938 860 non
2971 807 3293 871 resurrexit,
3328 808 3509 864 inanis
3531 819 3615 865 est

2022 904 2078 949 et
2103 895 2239 951 ﬁdes
2271 908 2452 952 vestra
2481 917 2494 951 :
2520 898 2704 954 adhuc
2741 901 2889 955 enim
2925 902 3060 956 estis
3120 902 3175 956 in
3215 905 3461 973 peccatis
3511 922 3612 961 ve-

2024 986 2241 1043 stris".
2281 1006 2299 1039 ι
2328 987 2396 1042 Et
2422 988 2645 1057 quidem
2682 1005 2750 1044 ex
2784 1005 2851 1044 co
2876 991 3024 1060 quod
3067 991 3268 1046 factum
3302 1002 3385 1047 est
3408 994 3601 1049 conﬁr-

2021 1078 2317 1134 mationem
2353 1081 2613 1136 sumitde
2654 1082 2873 1137 futuro:
2900 1099 2965 1137 ex
2995 1100 3062 1138 co
3094 1093 3278 1140 autem
3299 1080 3446 1155 quod
3499 1104 3612 1143 non

2021 1170 2287 1235 creditur,
2326 1173 2507 1243 rejicit
2544 1173 2597 1227 id
2644 1174 2792 1244 quod
2851 1175 3119 1230 creditur.
3149 1176 3283 1231 Nam
3344 1177 3389 1232 si
3432 1178 3607 1245 vobis,
3667 1190 3672 1195 '

2018 1261 2220 1332 inquit,
2278 1263 2619 1333 impossibile
2671 1266 2806 1319 illud
2861 1276 3111 1337 apparet,
3169 1278 3227 1324 et
3259 1269 3365 1324 hoc
3415 1271 3610 1340 utique

2018 1356 2223 1412 falsum
2280 1359 2408 1413 erit.
2439 1359 2535 1414 Sin
2566 1369 2751 1415 autem
2785 1360 2892 1415 hoc
2916 1376 3111 1415 verum
3134 1367 3238 1425 est,
3259 1372 3316 1416 et
3343 1362 3610 1419 credibile

2018 1464 2140 1503 esse
2165 1449 2404 1514 videtur,
2445 1460 2500 1505 el
2556 1452 2691 1507 illud
2728 1452 2987 1506 similiter
3023 1451 3289 1506 credibile
3330 1453 3604 1509 videatur.

2012 1538 2280 1611 Corporis
2307 1544 2454 1597 enim
2500 1544 2836 1599 resurrectio
2864 1545 2959 1599 hic
3005 1560 3223 1614 quoque
3256 1545 3605 1614 praedicatur,

2017 1640 2073 1686 et
2102 1631 2360 1701 primitias
2395 1633 2499 1687 hoc
2524 1633 2745 1687 illorum
2803 1635 3131 1703 appellatur.
3164 1633 3278 1688 Hoc
3312 1635 3461 1688 enim
3486 1643 3609 1704 post

2018 1726 2220 1779 multas
2244 1724 2636 1780 antecedentes
2679 1726 3132 1780 ratiocinationes
3164 1724 3490 1781 allirmative
3524 1728 3608 1781 di-

2018 1818 2130 1871 xit:
2160 1837 2177 1868 ι
2213 1817 2371 1871 Nunc
2391 1826 2576 1872 autem
2609 1816 2863 1872 Christus
2891 1819 3130 1873 surrexit
3160 1836 3190 1873 a
3215 1820 3468 1879 mortuis.
3490 1820 3606 1890 pri-

2018 1906 2188 1960 mitia:
2210 1906 2629 1960 dormientium.
2688 1905 2958 1971 Quoniam
2998 1908 3148 1962 enim
3189 1924 3290 1978 per
3324 1908 3607 1965 hominem

2018 2011 2189 2060 mors,
2219 1996 2345 2051 ideo
2370 2006 2426 2051 et
2445 2012 2545 2065 per
2566 1997 2847 2050 hominem
2875 1999 3212 2053 resurrectio
3238 2008 3602 2056 mortuorum.

2018 2086 2085 2140 Et
2107 2087 2251 2141 sicut
2276 2087 2332 2140 in
2363 2086 2574 2140 Adamo
2607 2101 2800 2140 omnes
2818 2086 3151 2150 moriuntur,
3182 2087 3256 2141 ita
3282 2097 3338 2141 et
3362 2088 3415 2141 in
3442 2088 3603 2158 212

2015 2176 2236 2233 Christo
2256 2193 2447 2232 omnes
2462 2176 2970 2231 viviﬁcabuntur".
3005 2196 3023 2227 ι
3065 2176 3134 2229 Et
3186 2192 3296 2230 non
3324 2177 3504 2251 solum
3533 2177 3603 2232 de

2020 2269 2426 2324 resurrectione
2469 2268 2801 2323 sententiam
2842 2267 3210 2331 conﬁrmavit,
3261 2268 3357 2321 sed
3386 2268 3607 2337 dispen-

2018 2362 2249 2417 sationis
2286 2361 2453 2416 etiam
2488 2361 2810 2431 mysterium
2849 2360 3129 2416 revelavit.
3156 2360 3232 2414 Ea
3267 2360 3479 2414 ratione
3500 2359 3604 2414 ho-

2017 2455 2223 2509 minem
2256 2454 2422 2508 etiam
2450 2451 2732 2507 Christum
2757 2450 3075 2521 appellavit,
3100 2457 3163 2505 ut
3209 2459 3601 2521 congruean

2017 2547 2212 2601 morbo
2236 2545 2568 2599 medicinam
2599 2543 2943 2600 ostenderet.

2089 2636 2297 2691 ERAN.
2336 2633 2511 2689 Homo
2530 2649 2664 2705 ergo
2699 2642 2913 2688 tantum
2948 2641 3033 2688 est
3055 2632 3352 2689 Christus?

2078 2727 2299 2785 ORTH.
2354 2729 2552 2783 Absit!
2588 2728 2937 2784 Contrarium
2961 2727 3108 2782 enim
3153 2742 3296 2798 smpe
3342 2726 3601 2791 diximus,

2019 2822 2164 2892 quod
2192 2838 2302 2876 non
2324 2823 2503 2877 solum
2520 2822 2688 2875 homo
2712 2822 2804 2885 sit,
2834 2819 2933 2875 sed
2962 2820 3129 2874 etiam
3163 2820 3308 2874 Deus
3338 2827 3600 2874 aeternus.

2020 2916 2219 2970 Passus
2244 2924 2328 2970 est
2355 2922 2539 2969 autem
2574 2923 2634 2969 ut
2651 2914 2838 2977 homo,
2874 2929 2985 2968 non
3003 2922 3062 2967 ut
3089 2913 3251 2967 Deus.
3279 2912 3347 2965 Et
3369 2911 3476 2965 hoc
3499 2926 3603 2967 nos

330 3019 446 3071 Καὶ
472 3016 634 3069 τοῦτο
669 3013 855 3082 σαφῶς
883 3015 1029 3085 ἡμᾶς
1054 3013 1292 3079 ἐδίδαξεν
1336 3016 1365 3067 6
1392 3014 1531 3079 θεῖος
1574 3018 1626 3068 ’.~\
1638 3018 1914 3085 πόστολος,

2025 3006 2308 3078 perspicue
2331 3007 2520 3061 docuit
2558 3006 2779 3061 divinus
2804 3003 3101 3074 Apostolus
3137 3003 3360 3057 dicens:
3408 3021 3427 3052 ι
3461 3001 3602 3069 Quia

326 3109 604 3181 εἰρηκώς·
647 3126 666 3159 ι
707 3107 925 3177 Ἐπειδὴ
964 3107 1075 3177 γὰρ
1126 3108 1195 3161 δι’
1242 3107 1533 3179 ἀνθρώπου
1583 3112 1612 3162 6
1663 3109 1909 3177 θάνατος,

325 3204 423 3256 καὶ
454 3201 520 3254 δι’
542 3199 836 3270 ἀνθρώπου
863 3199 1164 3262 ἀνάστασις
1186 3200 1416 3271 νεκρῶν.
1459 3220 1478 3253 ι
1507 3202 1616 3254 Καὶ
1642 3202 1912 3257 Θεσσαλο-

324 3292 540 3347 νικεῦσι
567 3292 627 3345 δὲ
649 3290 901 3361 γράφων,
928 3290 1038 3343 ἀπὸ
1064 3291 1162 3361 τῆς
1191 3290 1286 3343 τοῦ
1316 3291 1570 3362 Σωτῆρος
1599 3292 1757 3363 ἡμῶν
1784 3295 1915 3347 ἀνα-

329 3386 575 3447 στάσεως
628 3382 838 3453 βεὸαιοῖ
887 3380 977 3434 τὸν
1017 3382 1147 3451 περὶ
1198 3384 1295 3453 τῆς
1344 3383 1529 3452 κοινῆς
1563 3383 1915 3448 ἀναστάσεως

327 3478 505 3547 λόγον.
570 3496 590 3529 ι
647 3478 709 3530 Εἰ
742 3475 850 3547 γὰρ
913 3475 1276 3545 πιστεύομεν,
1337 3475 1526 3546 φησιν,
1580 3476 1664 3529 δτι
1708 3476 1915 3547 Ἰησοῦς

327 3570 569 3625 ἀπέθανε
602 3571 698 3622 καὶ
727 3570 945 3637 ἀνέστη,
974 3566 1148 3630 οὕτως
1180 3568 1209 3619 ὁ
1247 3566 1379 3630 Θεὸς
1422 3569 1518 3621 καὶ
1549 3567 1678 3630 τοὺς
1716 3585 1915 3640 κοιμη-

330 3664 519 3726 θέντας
541 3663 635 3716 διά
659 3660 752 3714 τοῦ
796 3659 973 3731 Ἰησοῦ
999 3660 1116 3726 ἄξει
1141 3659 1254 3729 (61)
1284 3661 1381 3714 σὺν
1404 3660 1573 3730 αὐτῷ.
1606 3679 1625 3713 ι

400 3754 605 3807 EPAN-
648 3751 855 3817 Ἐδειξε
889 3753 989 3823 μὲν
1035 3754 1063 3805 6
1097 3752 1427 3815 Ἀπόστολος,
1449 3754 1550 3824 τὴν
1580 3755 1762 3825 κοινὴν
1788 3753 1917 3808 ἀνά-

331 3862 521 3899 στασιν
554 3844 646 3897 διά
672 3846 772 3913 τῆς
800 3841 1140 3912 Δεσποτικῆς
1173 3842 1551 3905 ἀναστάσεως.
1592 3844 1703 3897 Καὶ
1728 3843 1912 3911 δῆλον,

327 3935 403 4001 ὡς
428 3935 596 4005 σῶμα
637 3929 705 4004 ἦν
750 3932 1031 3986 κάνταῦθα
1067 3932 1130 3985 τὸ
1174 3931 1392 3995 τεθνεός
1420 3950 1480 3984 τε
1531 3935 1624 3986 καὶ
1652 3935 1912 3989 ἀναστάν.

328 4028 400 4081 Οὐ
426 4031 538 4098 γάρ
559 4025 629 4079 ἂν
658 4025 924 4096 ἐπειράθη
953 4024 1039 4078 διὰ
1062 4024 1255 4078 τούτου
1284 4041 1346 4091 γε
1373 4021 1542 4088 δεῖξαι
1566 4024 1666 4096 τὴν
1698 4026 1916 4079 πάντων

327 4120 655 4183 ἀνάστασιν,
676 4121 724 4171 εἰ
748 4117 861 4191 (θῖ)
897 4117 972 4188 μὴ
1004 4117 1074 4170 τά
1116 4118 1251 4189 πρὸς
1282 4118 1466 4171 ἐκεῖνα
1506 4114 1646 4171 εἶναι
1676 4119 1796 4171 κατ’
1826 4120 1916 4171 οὑ-

331 4213 448 4265 οίαν
504 4210 846 4278 συγγένειαν.
884 4210 957 4261 Οὐ
1009 4208 1115 4278 μὴν
1191 4208 1452 4278 ἀνέξομαι
1484 4210 1550 4278 τῇ
1602 4208 1917 4282 άνθρωπείᾳ

329 4320 389 4371 γε
420 4302 589 4373 φύσει
639 4302 775 4372 μόνῃ
820 4299 1099 4371 προσάψαι
1128 4300 1189 4352 τὸ
1219 4300 1392 4363 πάθος
1416 4316 1430 4329 ’
1477 4299 1594 4353 ἀλλ’
1622 4301 1914 4354 ἀκόλουθον

2014 3119 2114 3172 per
2162 3102 2439 3158 hominem
2486 3116 2660 3162 mors,
2708 3108 2766 3155 et
2812 3113 2913 3169 per
2938 3098 3221 3152 hominem
3261 3095 3602 3151 resurrectio

2015 3204 2385 3250 mortuorum.
2441 3213 2460 3245 ι
2496 3193 2565 3247 Et
2612 3191 2681 3247 ad
2748 3188 3270 3245 Thessalonicenses
3328 3186 3595 3252 scribens,

2014 3302 2081 3341 ex
2106 3286 2405 3342 Salvatoris
2437 3290 2612 3343 nostri
2641 3290 3047 3345 resurrectione
3074 3287 3385 3344 communis
3418 3301 3603 3341 resur-

2016 3378 2283 3432 rectionis
2351 3381 2683 3435 sententiam
2730 3380 3040 3435 conﬁrmat.
3087 3399 3105 3431 ι
3167 3379 3225 3435 Si
3277 3379 3425 3435 enim
3473 3394 3599 3434 cre-

2015 3469 2217 3535 dimus,
2288 3471 2489 3541 inquit.
2528 3473 2675 3543 quod
2713 3474 2874 3529 Jesus
2911 3483 3164 3529 mortuus
3200 3481 3292 3537 snt,
3343 3482 3398 3528 et
3418 3487 3603 3527 resur-

2015 3561 2239 3625 rexerit,
2279 3561 2475 3616 eodem
2508 3564 2675 3617 modo
2700 3565 2847 3619 Deus
2875 3579 2972 3618 eos
3003 3566 3098 3633 qui
3133 3564 3478 3618 dormierunt
3503 3578 3602 3632 per

2012 3655 2200 3711 Jesum
2227 3656 2466 3710 adducet
2488 3673 2613 3711 cum
2646 3673 2714 3712 eo
2730 3658 2870 3711 "'".
2901 3677 2919 3708 ι

2084 3747 2293 3802 ERAN.
2338 3748 2746 3803 Demonstravit
2774 3748 2999 3819 quidem
3028 3748 3326 3819 Apostolus
3348 3764 3600 3805 commu-

2014 3853 2142 3892 nem
2174 3839 2642 3895 resurrectionem
2694 3856 2792 3911 per
2843 3841 3183 3897 Dominicam
3235 3842 3599 3898 resurrectio-

2014 3943 2162 3981 nem.
2185 3927 2253 3982 Et
2273 3929 2482 3983 clarum
2498 3938 2601 3995 est,
2624 3930 2772 4000 quod
2791 3932 2880 3985 hic
2900 3948 3120 4003 quoque
3138 3948 3339 4003 corpus
3360 3934 3432 3988 sit
3449 3932 3597 4004 quod

2017 4027 2294 4073 mortuum
2328 4030 2504 4084 est,et
2530 4024 2850 4078 resurrexit.
2878 4023 2997 4078 Non
3026 4025 3174 4079 enim
3198 4034 3431 4079 conatus
3450 4034 3597 4081 esset

2015 4123 2117 4177 per
2138 4108 2244 4164 hoc
2276 4110 2523 4164 omnium
2575 4114 3041 4168 resurrectionem
3065 4114 3596 4181 demonstrare,nisi

2017 4202 2165 4257 inter
2194 4203 2285 4257 illa
2307 4215 2455 4259 esset
2475 4206 2797 4262 substantiae
2820 4210 3094 4278 cognatio.
3130 4211 3147 4231 ⁶
3179 4209 3291 4265 Sed
3314 4226 3422 4265 non
3479 4226 3597 4281 per-

2017 4294 2232 4349 mittam
2268 4302 2328 4348 ut
2361 4296 2461 4349 soli
2508 4296 2763 4352 humanae
2814 4307 3024 4352 naturae
3072 4300 3253 4368 passio
3300 4299 3595 4366 tribuatur,

331 4387 467 4446 εἶναι
501 4408 595 4463 μοι
619 4391 765 4444 δοκεῖ
797 4389 859 4443 τὸ
881 4389 1062 4457 λέγειν
1102 4388 1195 4442 τὸν
1224 4388 1358 4442 Θεὸν
1390 4388 1564 4468 Λόγον
1585 4388 1909 4460 τεθνηκέναι

2025 4400 2142 4440 cum
2177 4386 2313 4441 mihi
2336 4399 2765 4445 consentaneum
2788 4404 2910 4444 esse
2930 4390 3185 4444 videatur
3211 4391 3394 4447 dicere
3424 4392 3593 4447 Deum

333 4483 516 4551 σαρκί.

398 4558 551 4630 ΟΡΘῖ
586 4573 856 4636 Πολλάκις
888 4572 1194 4643 ἐδείξαμεν,
1239 4570 1315 4635 ὡς
1347 4570 1409 4624 τὸ
1452 4570 1613 4640 φύσει
1643 4570 1909 4625 ἀθάνατον

334 4667 452 4722 κατ’
483 4666 673 4720 οὐδένα
709 4683 773 4734 γε
803 4667 1001 4737 τρόπον
1042 4664 1336 4719 ἀποθανεῖν
1360 4664 1606 4720 δύναται.
1636 4666 1702 4719 El
1728 4667 1907 4720 τοίνυν

334 4756 611 4825 τέθνηκεν,
645 4757 746 4809 οὐκ
780 4757 888 4827 ἄρα
915 4755 1202 4819 ἀθάνατος.
1247 4756 1452 4810 Ἠλίκοι
1480 4756 1539 4810 δὲ
1576 4759 1643 4829 τῇ
1669 4756 1911 4827 βλασφη-

341 4848 438 4916 μίᾳ
456 4848 563 4901 τῶν
587 4848 761 4915 λόγων
796 4848 845 4900 οἱ
875 4846 1140 4911 κίνδυνοι;

409 4938 605 4991 ΕΡΔΝ.
636 4937 804 4990 Φύσει
833 4936 932 5009 μὲν
971 4936 1119 4991 ἐστιν
1158 4935 1444 5008 ἀθάνατος,
1478 4935 1915 5007 ἐνανθρωπήσας

338 5026 396 5079 δέ
420 5028 705 5082 πέπονθεν.

411 5121 552 5174 0P6.
587 5119 893 5192 Τοιγαροῦν
912 5119 1118 5190 τροπὴν
1145 5119 1426 5189 ὑπέμεινε.
1457 5116 1581 5179 Πῶς
1604 5115 1714 5187 γὰρ
1732 5115 1909 5180 ἄλλως

344 5210 602 5277 ἀθάνατος
628 5213 708 5266 ὢν
738 5213 957 5280 ἐδέξατο
989 5212 1250 5277 θάνατον;
1309 5211 1469 5265 Ἀλλά
1517 5209 1623 5281 μὴν
1665 5226 1913 5279 συνωμο-

344 5304 642 5380 λογήσαμεν
673 5308 946 5381 ἄτρεπτον
975 5302 1112 5360 εἶναι
1146 5304 1242 5360 τὴν
1274 5306 1374 5368 sic;
1418 5303 1646 5376 Τριάδος
1683 5300 1873 5355 οὐσίαν
1892 5320 1906 5333 ·

2016 4477 2259 4533 Verbum
2285 4496 2451 4535 carne
2470 4491 2750 4537 mortuum
2776 4496 2921 4536 esse.

2090 4568 2298 4626 ORTH.
2326 4572 2481 4643 Saepe
2505 4573 2851 4629 ostendimus
2885 4573 2940 4628 id
2973 4573 3118 4644 quod
3146 4581 3339 4628 natura
3382 4582 3467 4629 est
3498 4573 3596 4628 im.

2016 4664 2249 4718 mortale
2303 4665 2443 4718 mori
2489 4665 2643 4719 nullo
2690 4664 2854 4719 modo
2884 4679 3064 4734 posse.
3116 4666 3305 4734 Itaque
3358 4665 3402 4719 si
3435 4665 3590 4735 213

2015 4762 2267 4809 mortuus
2320 4761 2425 4819 est,
2477 4771 2587 4809 non
2632 4765 2718 4810 est
2757 4754 2947 4825 utique
2996 4755 3346 4812 immortalis.
3382 4753 3596 4821 Quanta

2013 4852 2197 4899 autem
2234 4844 2425 4900 insunt
2451 4845 2636 4901 verbis
2667 4845 3004 4917 blasphemis
3030 4844 3318 4917 pericula?

2083 4936 2293 4993 ERAN.
2345 4939 2553 4994 Natura
2603 4940 2828 5010 quidem
2880 4939 3211 4995 immortalis
3259 4946 3363 5005 est,
3430 4938 3597 4996 homo

2016 5039 2198 5085 autem
2238 5030 2415 5085 factus
2443 5047 2636 5101 passus
2658 5039 2763 5087 est.

2084 5121 2294 5178 ORTH.
2352 5123 2711 5180 Mutationem
2758 5139 2891 5195 ergo
2950 5123 3233 5179 sustinuit.
3273 5123 3391 5191 Qua
3447 5121 3593 5179 enim

2015 5214 2119 5270 alia
2148 5216 2362 5271 ratione
2386 5216 2482 5287 qui
2515 5217 2839 5272 immortalis
2867 5223 2953 5272 est
2979 5225 3212 5271 mortem
3231 5214 3485 5285 excepit?
3526 5214 3591 5269 At

2015 5306 2251 5363 confessi
2291 5324 2482 5365 sumus
2524 5308 2922 5365 immutabilem
2964 5323 3087 5365 esse
3126 5307 3412 5363 Trinitatis
3462 5304 3589 5363 sub-

416 5450 643 5507 ”lCor.
682 5469 775 5516 xv,
808 5451 890 5515 12,
922 5449 1103 5505 15-17,
1178 5449 1224 5482 ’³
1252 5447 1392 5504 Ibid.
1427 5446 1519 5511 21,
1553 5445 1643 5500 22.
1723 5444 1842 5477 “"'
1873 5446 1895 5501 l

2025 5464 2130 5505 ess.
2163 5466 2236 5515 iv,
2278 5451 2363 5505 14.

417 5559 517 5648 (ιξι)
543 5564 682 5629 ἄξει.
709 5562 856 5618 Edit.
898 5562 1046 5686 prior
1073 5559 1311 5615 habebat
1335 5557 1467 5640 ἕξει.
1795 5625 1808 5638 .

419 5633 515 5686 ibi!)
541 5637 589 5686 εἰ
636 5652 693 5686 κ.
722 5651 776 5686 τ.
806 5633 856 5686 λ.
926 5641 978 5685 ta
1010 5644 1230 5686 quoque
1263 5628 1394 5682 edit.
1441 5629 1601 5682 Rom.
1649 5634 1709 5682 et
1749 5624 1808 5680 LI

419 5624 515 5703 ωε)
541 5624 605 5687 εἴ
636 5652 693 5687 κ.
722 5651 776 5687 τ.
806 5633 856 5686 λ.
900 5624 981 5703 Ita
1010 5644 1230 5703 quoque
1246 5628 1394 5703 Aedit.
1441 5629 1601 5703 130m.
1632 5624 1900 5703 _et_Lips.

346 5696 451 5761 Sed
476 5696 760 5777 legendum
786 5717 907 5759 esse
938 5696 1172 5768 videtur,
1212 5699 1260 5752 εἰ
1299 5699 1373 5771 μὴ
1410 5698 1519 5752 τῶν
1554 5700 1688 5769 πρὸς
1720 5696 1904 5751 ἐκεῖνα

2022 5558 2105 5633 εἴη
2141 5560 2479 5633 κατ’ᾲοῦσὶτιν
2500 5558 2811 5633 συγγένεια,
2845 5560 2932 5615 vel
2962 5562 3011 5615 εἰ
3050 5560 3125 5633 μὴ
3153 5557 3223 5613 τὰ
3244 5557 3377 5629 πρὸς
3412 5557 3591 5613 ἐκεῖνα

2017 5629 2130 5700 ἔχει
2168 5631 2287 5683 κατ’
2338 5629 2525 5684 οὐσίαν
2551 5628 2892 5697 συγγένειαν.

2662 5836 2689 5845 οι
