4010 6212
420 282 527 346 963

1421 278 1905 341 THEODORETI
1944 279 2278 341 EPISCOPI
2316 280 2680 346 CYRENSIS

3561 285 3659 349 264

423 393 699 451 stantiam.
721 393 947 447 Mortem
975 406 1104 461 ergo
1144 404 1253 444 non
1271 389 1461 453 subiit,
1505 398 1564 444 ut
1607 389 1700 458 qui
1734 396 1988 442 naturam

2111 393 2292 463 ιικιστα
2321 392 2414 449 οῦν
2442 399 2546 467 ἄρα
2570 396 2800 450 θανάτου
2830 393 3111 466 μετέλαχε,
3145 394 3305 465 φύσιν
3330 397 3465 467 ἔχων
3497 397 3667 466 ὕπερ-

422 483 620 539 habeat
650 483 950 537 mutatione
981 482 1338 551 superiorem.

495 572 702 628 ERAN.
736 572 967 625 Divinus
1024 571 1222 625 Petrus
1280 570 1446 623 dixit:
1490 587 1507 620 ι
1556 567 1776 622 Christo
1827 567 1992 638 igitur

421 682 521 738 pro
553 664 709 719 nobis
736 678 896 733 passo
926 664 977 717 in
1004 678 1169 718 carne
1193 664 1257 716 ’⁸,
1293 682 1309 714 ι

491 755 698 813 ORTH.
732 755 869 810 Cum
896 756 1000 809 hoc
1026 763 1214 809 nostra
1244 753 1409 807 etiam
1447 752 1721 807 consentit
1772 750 1948 804 oratio
1975 767 1987 802 :

421 867 487 905 ex
513 851 698 905 divina
734 848 882 902 enim
903 848 1184 918 Scriptura
1210 847 1523 918 dogmatum
1575 846 1815 916 regulam
1849 844 1992 899 didi-

422 941 618 993 cimus.

497 1031 697 1085 ΕΒΑΝ.
727 1030 838 1085 Cur
855 1030 1020 1101 igitur
1044 1047 1151 1085 non
1172 1030 1355 1086 dicitis
1378 1029 1551 1085 Deum
1573 1027 1813 1083 Verbum
1827 1042 1992 1081 carne

420 1138 540 1177 esse
570 1122 823 1191 passum?

490 1212 697 1267 ORTH.
725 1211 861 1278 Quia
887 1212 941 1265 in
969 1211 1155 1266 divina
1189 1211 1473 1282 Scriptura
1502 1208 1644 1261 hanc
1666 1221 1855 1261 vocem
1882 1220 1991 1258 non

422 1303 752 1357 invenimus.

490 1393 694 1447 ΕΒΑ-Ν.
725 1394 792 1447 Ει
824 1401 1006 1447 tamen
1028 1391 1209 1462 magni
1234 1392 1380 1446 Petri
1400 1389 1635 1445 similem
1655 1388 1991 1443 locutionem

422 1483 585 1536 modo
615 1483 840 1551 protuli.

490 1572 697 1627 OR'l‘H.
752 1573 992 1643 Ignoras,
1032 1581 1091 1626 ut
1121 1582 1364 1642 apparet,
1414 1571 1697 1626 nominum
1730 1568 1990 1624 diﬂ'eren-

424 1663 576 1717 tiam.

487 1752 695 1809 ERAN.
721 1753 976 1819 Qualium
1011 1753 1337 1807 nominum?
1361 1769 1430 1807 an
1454 1755 1552 1808 tibi
1608 1768 1718 1806 non
1768 1748 1993 1804 videtur

419 1845 562 1899 Deus
588 1844 829 1899 Verbum
860 1859 981 1898 esse
1009 1844 1263 1898 Christus
1287 1845 1587 1898 Dominus?

486 1936 696 1991 ORTH.
727 1934 930 1990 Christi
981 1950 1181 1988 nomen
1228 1936 1285 1988 in
1342 1935 1571 1989 Domino
1604 1943 1659 1988 et
1712 1933 1991 1987 Salvatore

419 2033 604 2080 nostro
636 2025 873 2078 Verbum
911 2025 1190 2079 hominem
1212 2025 1414 2079 factum
1443 2024 1743 2095 signiﬁcat:
1778 2024 1992 2077 Emma-

418 2118 543 2171 nuel
596 2116 875 2171 Nobiscum
945 2117 1083 2171 Deus
1135 2118 1178 2148 "
1212 2158 1227 2180 ,
1286 2119 1455 2172 Deum
1523 2127 1580 2171 et
1648 2115 1924 2168 hominem
1974 2132 1987 2166 :

418 2209 561 2279 Deus
589 2216 773 2261 autem
802 2207 1063 2269 Verbum,
1118 2207 1163 2261 si
1200 2208 1279 2261 sic
1317 2208 1655 2269 enuntietur,
1690 2204 1990 2272 simplicem

418 2307 686 2363 naturam,
736 2296 943 2351 mundo
972 2297 1328 2359 anteriorem,
1355 2306 1598 2365 tempore
1626 2296 1988 2363 superiorem,

419 2390 798 2457 incorpoream
858 2387 1130 2457 designat.
1166 2385 1338 2452 Quam
1383 2386 1453 2440 ob
1495 2401 1713 2439 causam
1771 2393 1991 2439 sanctus

418 2480 681 2549 Spiritus,
717 2479 812 2548 qui
845 2494 945 2549 per
988 2486 1207 2533 sanctos
1253 2478 1527 2548 apostolos
1582 2476 1744 2547 214
1776 2476 1991 2529 locutus

418 2582 519 2637 est,
550 2587 813 2641 nusquam
845 2569 1157 2641 passionem
1180 2578 1275 2623 aut
1297 2579 1530 2623 mortem
1564 2567 1693 2621 huic
1720 2565 1989 2621 vocabulo

418 2665 687 2720 attribuit.

487 2755 693 2811 ERAN.
731 2755 787 2810 Si
824 2754 1043 2810 Christo
1097 2753 1408 2823 passionem
1457 2750 1729 2815 attribuit,
1759 2757 1815 2804 et
1846 2749 1991 2804 Deus

420 2852 653 2905 Verbum
679 2858 957 2918 assumpta
987 2849 1226 2901 humana
1270 2855 1464 2900 natura
1508 2843 1760 2898 Christus
1807 2840 1987 2895 nomi-

417 2950 576 2997 natus
607 2952 711 3006 est,
766 2941 906 2994 nihil
939 2938 1187 3003 absurdi,
1220 2937 1437 3007 opinor,
1503 2936 1652 3000 facit,
1689 2934 1780 3004 qui
1816 2934 1987 2988 Deum

420 3033 655 3088 Verbum
680 3045 844 3086 carne
873 3043 1093 3099 passum
1129 3042 1249 3082 esse
1284 3026 1420 3079 dicit

482 3123 691 3178 ORTH.
751 3119 1163 3175 Audacissimus
1194 3126 1249 3171 et
1304 3114 1461 3169 valde
1496 3120 1511 3134 '
1548 3112 1870 3169 temerarius
1910 3119 1994 3167 est

418 3215 507 3268 hic
537 3222 787 3285 conatus.
822 3211 1262 3282 Disputationem
1292 3217 1476 3263 autem
1501 3207 1581 3261 sic
1615 3205 1990 3260 instituemus.

419 3308 591 3361 Deum
616 3305 856 3362 Verbum
886 3319 951 3358 ex
980 3304 1140 3358 Patre
1156 3302 1338 3357 etDeo
1368 3314 1487 3354 esse
1511 3313 1665 3353 sacra
1692 3295 1826 3351 dicit
1845 3294 1992 3350 Scri-

418 3410 599 3468 ptura.

487 3488 693 3543 ERAN.
733 3487 876 3542 Vera
910 3484 1068 3540 dicis.

484 3578 693 3637 ORTH.
742 3579 811 3633 Et
870 3576 1135 3647 Spiritum
1185 3583 1436 3629 sanctum
1491 3572 1743 3627 similiter
1784 3587 1849 3625 ex
1885 3582 1998 3626 beo

414 3683 533 3723 esse
564 3669 747 3723 docet.

486 3758 693 3813 ERAN.
727 3758 788 3812 In
822 3755 1076 3811 confesso
1109 3762 1212 3810 est.

484 3848 690 3904 ORTH.
714 3850 784 3903 At
808 3849 981 3903 Deum
1014 3846 1236 3917 quidem
1262 3846 1501 3901 Verbum
1525 3844 1721 3899 Filium
1749 3845 1994 3898 nominat

416 3939 777 4009 unigenitum.

485 4030 694 4085 ERAN.
726 4029 817 4084 Sic
841 4028 1107 4083 nominat.

484 4118 694 4175 ORTH.
748 4119 1014 4189 Spiritum
1071 4127 1253 4174 autem
1290 4127 1539 4173 sanctum
1596 4133 1864 4189 nusquam
1912 4120 1994 4174 sic

414 4211 733 4282 appellavit.

484 4302 692 4357 ERAN.
724 4301 1021 4372 Nusquam.

2091 491 2148 542 τέ
2156 504 2255 556 ραν
2282 488 2507 558 τροπῆς.

2161 578 2357 631 ΕΡΑΝ.
2402 580 2459 631 '0
2508 578 2646 640 θεῖος
2691 580 2879 648 εἴρηκε
2927 578 3130 649 Πέτρος
3216 599 3233 631 ι
3288 578 3527 653 Χριστοῦ
3572 577 3665 635 οῦν

2094 668 2355 732 παθόντος
2378 670 2517 740 ὑπὲρ
2555 669 2709 738 ἡμῶν
2737 669 2921 740 σαρκί.
2961 689 2979 720 ι

2163 761 2314 813 ΟΡΘ.
2349 757 2537 829 Τούτῳ
2571 776 2634 828 γε
2677 760 2769 813 καὶ
2799 761 2827 811 ὀ
2856 761 3126 832 ἡμέτερος
3164 763 3448 830 συμφωνεῖ
3472 760 3627 829 λόγος
3647 776 3664 790 ·

2093 853 2155 903 ὲκ
2197 852 2303 922 γὰρ
2343 837 2460 920 τῆς
2489 851 2639 914 θείας
2691 852 2916 921 Γραφῆς
2982 850 3381 923 μεμαθήκαμεν
3418 851 3510 903 τὸν
3557 850 3666 903 τῶι

2091 943 2377 1012 δογμάτων
2411 942 2631 995 κανόνα.

2163 1036 2366 1089 ΕΡΛΝ.
2392 1033 2515 1098 Πῶς
2542 1034 2721 1088 τοίνυν
2756 1032 2817 1086 οὗ
2844 1050 2982 1102 φατε
3010 1032 3099 1086 τὸν
3120 1032 3251 1086 Θεὸν
3280 1032 3451 1101 Λόγον
3474 1050 3538 1084 πε
3551 1050 3665 1084 nov-

2094 1127 2244 1180 θέναι
2276 1126 2439 1196 σαρκί
2463 1143 2477 1189 ;

2164 1218 2318 1272 ΟΡΘ.
2348 1218 2471 1270 Ὅτι
2498 1216 2649 1287 παρὰ
2677 1219 2741 1287 τῇ
2770 1215 2890 1287 θεία
2920 1216 3111 1286 Γραφῇ
3135 1213 3341 1284 ταύτην
3370 1213 3469 1282 οὐχ
3498 1212 3664 1281 εῦρήο

2094 1327 2269 1379 καμεν
2298 1312 2395 1380 τὴν
2424 1309 2628 1377 φωνήν.

2164 1401 2366 1455 EPAN.
2421 1400 2530 1453 Kal.
2590 1400 2696 1469 μὴν
2750 1398 2845 1451 τοῦ
2905 1397 3142 1468 μεγάλου
3200 1396 3413 1467 Πέτρου
3466 1394 3664 1465 χρῆσιν

2092 1494 2351 1563 τοιαύτην
2405 1492 2603 1562 ἀρτίως
2634 1492 2970 1560 παρήγαγον.

2164 1584 2316 1637 ΟΡΘ.
2363 1584 2620 1650 Ἀγνοεῖς,
2651 1583 2726 1643 ὡς
2769 1581 2933 1644 ἔοικε,
2969 1578 3066 1651 τὴν
3096 1576 3204 1632 τῶν
3230 1576 3511 1648 ὀνομάτων
3543 1575 3663 1629 δια-

2027 1722 2068 1777 B
2097 1673 2287 1743 φοράν.

2170 1763 2372 1817 EPAN.
2415 1763 2589 1815 Ποίων
2620 1761 2933 1830 ὀνομάτων;
2973 1760 3033 1812 οὗ
3061 1759 3210 1813 δοκεῖ
3243 1776 3324 1812 σοι
3353 1757 3484 1820 Θεὸς
3524 1752 3666 1809 εἶναι

2097 1857 2268 1924 Λόγος
2291 1859 2317 1908 ό
2343 1854 2618 1923 Δεσπότης
2643 1854 2908 1922 Χριστός;

2170 1947 2321 2001 ΟΡΘ.
2362 1947 2434 1998 Τὸ
2461 1944 2695 2017 Χριστὸς
2730 1945 2900 2015 ὄνομα
2925 1946 3018 1998 ἐπὶ
3038 1944 3132 1997 τοῦ
3172 1942 3371 2011 Κυρῐου
3414 1940 3509 1992 καὶ⁸
3546 1939 3658 1991 Σω-

2097 2041 2259 2111 τῆρος
2294 2038 2450 2109 ἡμῶν
2498 2035 2585 2089 τὸν
2631 2034 3122 2105 ἐνανθρωπήσαντα
3168 2032 3337 2099 Λόγον
3381 2029 3563 2098 δηλοῖ·
3605 2024 3667 2079 τὸ

2110 2129 2454 2202 Ἐμμανουὴλ
2482 2129 2541 2182 τὸ
2566 2128 2674 2199 (65)
2699 2130 2837 2182 Μεθ’
2863 2126 3029 2197 ἡμῶν
3056 2128 3087 2179 0'
3123 2124 3285 2190 Θεὸς,
3309 2122 3398 2175 τὸν
3419 2120 3546 2173 Θεὸν
3575 2117 3674 2171 καὶ

2097 2225 2382 2296 ἄνθρωπον
2401 2238 2415 2254 ο
2448 2223 2508 2274 τὸ
2542 2222 2599 2274 δέ
2642 2238 2706 2289 γε
2745 2220 2876 2284 Θεὸς
2905 2220 3097 2289 Λόγος,
3127 2218 3324 2271 οὑτωσὶ
3353 2214 3663 2283 λεγόμενον,

2097 2317 2193 2387 τὴν
2229 2315 2404 2384 ἁπλῆν
2447 2312 2628 2382 φύσιν,
2664 2313 2762 2383 τὴν
2789 2312 3138 2383 προκόσμιον,
3179 2309 3277 2379 τὴν
3310 2308 3663 2377 ῦπέρχρονον,

2095 2409 2194 2478 τὴν
2242 2406 2531 2475 ἀσώματον
2564 2404 2842 2474 σημαίνει.
2886 2398 2960 2457 Οῦ
3001 2403 3065 2474 δὴ
3106 2401 3286 2472 χάριν,
3313 2399 3375 2451 τὸ
3401 2396 3661 2463 πανάγιον

2096 2496 2341 2567 Πνεῦμα,
2370 2496 2431 2548 τὸ
2459 2493 2547 2548 διὰ
2582 2494 2689 2547 τῶν
2719 2493 2889 2561 ἁγίων
2926 2492 3242 2546 ἀποστόλων
3269 2486 3662 2559 φθεγξάμενον,

2096 2587 2332 2657 οὐδαμοῦ
2363 2586 2532 2649 πάθος
2559 2585 2590 2655 ἢ
2613 2584 2838 2641 θάνατον
2865 2584 2991 2654 τῇδε
3018 2585 3084 2654 τῇ
3118 2580 3457 2652 προσηγορίᾳ
3494 2594 3658 2648 προσο

2096 2682 2354 2751 ήρμοσεν.

2169 2773 2372 2827 ΕΡΑΝ.
2414 2772 2475 2825 Ei
2501 2770 2579 2840 τῷ
2607 2768 2829 2841 Χριστῷ
2866 2766 3173 2840 προσάπτει
3217 2762 3277 2817 τὸ
3310 2761 3501 2827 πάθος,
3548 2758 3577 2813 ὀ
3606 2758 3664 2812 δὲ

2096 2867 2227 2928 Θεὸς
2258 2865 2428 2931 Λόγος
2462 2862 2886 2933 ὲνανθρωπὴσας
2911 2857 3202 2928 ὠνομάσθη
3230 2853 3484 2924 Χριστὸς,
3510 2851 3667 2904 οὐδὲν

2096 2956 2317 3019 ἄτοπον,
2351 2950 2525 3023 οἶμαι,
2557 2952 2677 3025 δρᾷ,
2707 2952 2735 3004 ὁ
2773 2949 2863 3004 τὸν
2903 2948 3032 3002 Θεὸν
3064 2946 3233 3014 Λόγον
3263 2944 3434 3011 λέγων
3464 2956 3666 2994 πεπον-

2018 3071 2062 3127 c
2097 3046 2246 3100 θέναι
2276 3044 2466 3116 σαρκί.

2166 3138 2314 3192 ΟΡΘ.
2346 3134 2662 3205 Πάντολμον
2704 3135 2801 3205 μὲν
2840 3128 2953 3196 οῦν,
2994 3130 3089 3183 καὶ
3129 3128 3361 3199 μάλιστα
3402 3123 3577 3195 θρασὺ
3606 3120 3670 3174 τὸ

2095 3229 2420 3299 ἐγχείρημα.
2455 3226 2826 3296 Ἐξετάσωμεν
2855 3224 2909 3277 δὲ
2954 3216 3059 3276 ὦδὲ
3094 3237 3171 3290 πη
3213 3218 3303 3271 τὸν
3340 3214 3515 3283 λόγον.
3563 3211 3670 3265 Τὸν

2095 3322 2227 3374 Θεὸν
2257 3319 2428 3388 Λόγον
2454 3320 2519 3373 ὲκ
2535 3318 2626 3372 τοῦ
2657 3316 2792 3371 Θεοῦ
2827 3317 2920 3369 καὶ
2950 3314 3046 3368 τοῦ
3078 3311 3290 3383 [ἰατρὸς
3315 3305 3454 3362 εἶναι
3484 3307 3519 3377 ἡ
3544 3302 3670 3358 θεία

2100 3408 2243 3478 λέγει
2282 3409 2499 3478 Γραφή.

2141 3502 2148 3528 '
2171 3501 2374 3554 EPAN.
2428 3498 2627 3569 ’Λληθῆ
2654 3498 2833 3566 λέγεις

2168 3592 2319 3645 ΟΡΘ.
2356 3592 2467 3644 Καὶ
2492 3591 2674 3661 μέντοι
2697 3590 2756 3642 τὸ
2791 3589 3017 3664 Πνεῦμα
3049 3586 3110 3639 τὸ
3130 3587 3285 3654 ἂγιον
3315 3581 3575 3645 ὡσαύτως
3602 3582 3668 3633 ὲκ

2095 3686 2187 3739 τοῦ
2212 3684 2346 3737 Θεοῦ
2383 3680 2522 3737 εῖναι
2554 3682 2816 3735 διδάσκει.

2167 3776 2370 3832 EPAN.
2414 3774 2794 3847 Ὢμολόγηται.
2826 3784 2829 3787 ⁷

2165 3866 2315 3930 ΟΡΘ.
2356 3866 2520 3920 Ἀλλὰ
2547 3865 2637 3920 τὸν
2679 3862 2812 3918 Θεὸν
2856 3861 2970 3934 (64)
3014 3860 3185 3928 Λόγον
3231 3857 3358 3912 Υίὸν
3405 3856 3666 3928 ὀνομάζει

2099 3961 2380 4032 μονογενῆ.

2164 4052 2367 4106 ΕΡΔΝ.
2395 4050 2581 4113 Οῦτως
2609 4048 2885 4119 ὀνομάζει.

2167 4142 2319 4196 ΟΡΘο
2354 4142 2427 4195 Τὸ
2462 4142 2519 4193 δὲ
2569 4140 2795 4209 Πνεῦμα
2836 4138 2899 4191 τὸ
2940 4137 3095 4206 ἅγιον
3126 4132 3365 4205 οὐδαμοῦ
3398 4132 3670 4203 προσηγό⁴

2097 4250 2305 4306 ρευσεν.

2167 4325 2369 4379 ΕΡΛΝ.
2405 4324 2478 4377 Οὐ
2508 4323 2660 4392 δῆτα.

485 4372 692 4445 ORTH.
720 4390 789 4446 Et
817 4399 999 4446 tamen
1020 4391 1066 4446 is
1091 4406 1311 4462 quoque
1334 4407 1401 4447 ex
1431 4392 1591 4448 Patre
1620 4400 1677 4446 et
1704 4392 1816 4446 Deo
1834 4407 1989 4447 suam

2167 4417 2317 4472 ΟΡΘ.
2377 4372 2574 4470 Καίτοί
2598 4418 2662 4469 ὲκ
2692 4415 2786 4471 τοῦ
2833 4414 3046 4487 Πατρὸς
3083 4414 3179 4469 καὶ
3204 4412 3341 4467 Θεοῦ
3385 4413 3477 4468 καὶ
3506 4410 3670 4464 τοῦτο

416 4482 586 4537 habet
614 4482 998 4537 substantiam.

486 4574 694 4629 ERAN.
721 4574 920 4629 Verum
942 4582 1044 4628 est.

485 4662 694 4719 ORTH.
751 4662 1017 4728 Quoniam
1067 4665 1233 4735 igitur
1288 4665 1615 4721 conﬁtemur
1661 4683 1729 4722 ex
1781 4669 1893 4723 Deo
1938 4679 1995 4724 et

417 4755 578 4811 Patre
601 4770 720 4810 esse
746 4763 802 4809 et
819 4754 1014 4809 Filium
1031 4763 1086 4809 et
1104 4755 1369 4826 Spiritum
1397 4760 1990 4824 sanctum,auderesne

418 4860 656 4915 unquam
689 4844 955 4916 Spiritum
988 4856 1237 4903 sanctum
1268 4863 1325 4919 ar
1339 4849 1542 4918 pellare
1568 4849 1812 4904 Filium?

490 5029 695 5083 ERAN.
721 5031 1097 5102 Nequaquam.

487 5120 696 5175 ORTH.
730 5121 901 5187 Quam
930 5125 1000 5178 ob
1032 5125 1185 5179 rem?

485 5210 689 5267 ERAN.
720 5211 859 5279 Quia
880 5216 936 5269 in
968 5231 1122 5271 sacra
1173 5217 1455 5287 Scriptura
1482 5220 1586 5276 hoc
1624 5237 1828 5278 nomen
1875 5241 1987 5280 non

417 5313 655 5355 lllVBlllO.

483 5388 690 5445 ORTH.
720 5396 802 5445 An
834 5409 968 5449 vero
999 5397 1289 5463 genitum?

2094 4508 2206 4578 ἔχει
2233 4507 2329 4577 τὴν
2356 4505 2611 4576 ὓπαρξιν.

2164 4600 2365 4652 EPAN.
2416 4597 2660 4669 Ἀληθές.

2168 4689 2316 4742 ΟΡΘ.
2356 4688 2575 4759 Ἐπειδὴ
2600 4688 2779 4742 τοίνυν
2802 4683 3289 4758 συνομολογοῦμεν,
3324 4686 3387 4737 ὲκ
3408 4684 3501 4736 τοῦ
3526 4678 3666 4734 Θεοῦ

2091 4780 2186 4834 καὶ
2240 4780 2452 4850 Πατρὸς
2495 4776 2656 4844 εἶναι,
2706 4778 2801 4833 καὶ
2838 4778 2930 4832 τὸν
2978 4777 3131 4841 Υίὸν,
3184 4776 3277 4832 καὶ
3312 4777 3374 4830 τὸ
3414 4774 3661 4845 Πνεῦμα,

2090 4870 2393 4941 τολμήσαις
2444 4870 2509 4923 ἄν
2576 4886 2706 4922 ποτε
2777 4868 2907 4922 Υίὸν
2956 4867 3222 4939 ὀνομάσαι
3278 4868 3339 4921 τὸ
3399 4864 3666 4933 πανάγιον

2092 4962 2346 5031 Πνεῦμα;
3224 4966 3227 4969 ’

2161 5052 2360 5104 EPAN.
2400 5051 2683 5121 Οὐδαμῶς.

2162 5140 2313 5195 ΟΡΘ.
2342 5143 2529 5206 Διατι;

2163 5234 2366 5287 ΕΡΛΝ.
2414 5233 2744 5304 Ἐπειδήπερ
2790 5235 2889 5307 οὐχ
2934 5236 3173 5306 εὑρίσκω
3220 5235 3339 5288 τόδε
3381 5234 3439 5287 τὸ
3488 5235 3662 5303 ὄνομα

2090 5324 2241 5395 παρὰ
2263 5326 2329 5395 τῇ
2367 5324 2485 5395 θείᾳ
2508 5324 2721 5396 Γραφῇ.

2166 5416 2311 5472 ΟΡΘ.
2362 5416 2522 5470 Ἀλλὰ
2556 5419 2951 5489 γεγεννημένον
2974 5438 2987 5487 ;

2161 5640 2457 5710 (64).Θεόν.
2494 5641 2637 5696 Edit.
2683 5642 2839 5699 Rom.
2880 5654 2935 5699 et
2979 5645 3129 5716 Lips.
3165 5645 3499 5716 praemittunt
3565 5647 3671 5716 μιν
