4010 6212
388 321 491 384 267

1407 320 1885 382 THEODORETI
1928 319 2258 378 E‘l’ISCOPI
2299 321 2657 380 CYBENSIS

3532 319 3641 394 238

457 427 663 484 ERAN.
696 427 1079 498 lmpatihiliter
1109 427 1284 498 ipsum
1303 442 1521 496 passum
1552 443 1672 482 esse
1695 427 1953 481 dicimus.

2133 425 2332 476 EPAN.
2376 425 2623 488 Ἀπαθῶς
2659 425 2818 478 αὐτὸν
2869 427 3190 481 πεπονθέναι
3223 429 3420 498 φαμένι

457 519 664 576 ORTH.
724 521 795 575 Et
840 521 963 588 quis
1008 533 1231 588 compos
1281 518 1479 572 mentis
1519 517 1780 572 ridiculas
1827 517 1960 571 istas

390 614 687 669 verborum
735 612 994 681 ambages
1046 610 1221 663 ferat?
1253 609 1616 678 lmpa’tihilem
1663 607 1810 662 enim
1831 621 1962 676 pas-

393 705 604 760 sionem
636 717 800 756 nemo
834 716 1074 770 unquam
1096 697 1327 762 audivit,
1352 715 1453 753 nec
1487 707 1720 752 mortem
1746 697 1965 750 immor-

395 796 584 849 talem.
608 792 766 858 Quod
785 792 931 846 enim
965 802 1049 845 est
1083 790 1410 859 impatibile,
1435 773 1655 858 paSsum
1704 803 1813 841 non
1857 795 1962 850 est,

396 895 451 939 et
470 883 614 955 quod
637 897 855 953 passum
889 890 992 944 est,
1025 880 1331 949 impatibile
1361 890 1470 933 neu
1505 887 1711 933 manet.
1739 878 1850 932 Nos
1873 892 1968 932 ve-

398 991 460 1028 ro
516 973 764 1028 divinum
809 971 1038 1025 Paulum
1087 971 1415 1023 clamantem
1467 969 1757 1022 audimus:
1821 966 1966 1034 :Qui

398 1067 549 1120 solus
574 1063 742 1117 habet
773 1061 1265 1125 immortalitatem,
1299 1069 1354 1114 et
1393 1060 1446 1112 in
1472 1060 1594 1115 luce
1626 1058 1839 1112 habitat
1881 1059 1967 1112 in-

402 1155 708 1214 aecessihili
735 1156 801 1208 ".
828 1175 845 1206 ι

473 1247 680 1302 ERAN.
718 1245 828 1300 Cur
860 1261 990 1316 ergo
1020 1253 1074 1298 et
1107 1243 1413 1298 invisibiles
1438 1251 1755 1312 potestates,
1789 1250 1843 1296 et
1873 1242 1973 1296 ho-

2135 513 2285 565 ΟΡΘ.
2321 514 2430 566 Καὶ
2455 513 2539 576 τίς
2585 514 2876 584 σωφρονῶν
2909 515 3016 567 τῶν
3055 518 3474 584 καταγελάστων
3515 522 3641 576 τού-

2063 619 2169 654 των
2201 601 2474 672 ἀνάσχοιτ’
2515 603 2581 657 ἂν
2613 605 2857 673 γ.ρίφων;
2888 604 3095 669 ἀπαθὲς
3123 607 3232 679 γὰρ
3261 609 3433 674 πάθος
3467 613 3643 676 οὐδεὶς

2064 691 2265 756 ἀκήκοέ
2299 694 2445 756 ποτε,
2475 693 2594 746 οὐδὲ
2639 693 2903 747 ἀθάνατον
2941 695 3187 750 θάνατον.
3243 699 3315 751 Τὸ
3353 699 3462 770 γάρ
3496 702 3642 755 ἁπαν

2067 779 2155 844 θὲς
2177 782 2235 862 οὐ
2263 781 2522 848 πέπονθε,
2555 785 2648 837 καὶ
2689 785 2750 838 τὸ
2783 787 3051 850 πεπονθὸς
3090 789 3189 842 οὐκ
3221 789 3424 855 ἀπαθὲς
3468 795 3643 863 μείνοι

2065 873 2151 926 ἂν.
2194 859 2401 942 νἩμεῖς
2437 872 2493 925 δὲ
2521 873 2788 946 ἀκούομεν
2813 877 2908 930 τοῦ
2940 877 3086 932 θείου
3131 879 3346 934 Παύλου
3385 859 3640 953 poem;-

2075 983 2092 1017 ι
2131 965 2190 1020 Ὀ
2221 957 2383 1036 με’νός
2414 963 2552 1035 ἔχων
2575 967 2894 1037 ἀθανασίαν,
2931 969 3048 1039 φῶς
3077 972 3242 1026 οἰκῶν
3271 975 3582 1045 ἀπρόσιτον.
3619 997 3639 1030 ο

2143 1241 2345 1296 ΕΡΑΝ.
2391 1243 2455 1295 Τί
2486 1239 2578 1298 οὖν
2609 1262 2787 1315 φαμεν
2814 1246 2908 1299 καὶ
2932 1247 3030 1310 τὰς
3063 1247 3328 1320 ἀοράτους
3365 1249 3641 1323 δυνάμεις,

405 1338 615 1392 minum
642 1328 985 1399 animas,'et
1027 1333 1178 1404 ipsos
1219 1334 1384 1388 etiam
1413 1330 1690 1388 daemonas
1735 1333 1972 1388 dicimus

2099 1324 2168 1388 εαὶ
2212 1336 2315 1400 ’τὰς
2351 1337 2458 1390 τῶν
2504 1338 2806 1409 ἀνθρώπων
2834 1339 3032 1410 ψυχὰς,
3059 1343 3153 1394 καὶ
3183 1341 3380 1407 αὐτούς
3425 1361 3489 1413 γε
3519 1349 3642 1411 τοὺς

407 1427 782 1483 immortales?
1669 1464 1671 1467 .

479 1518 639 1588 217
667 1516 880 1572 ORTH.
913 1515 1179 1570 Dicimus.
1237 1514 1344 1570 Sed
1381 1507 1603 1586 proprie
1649 1514 1974 1569 immortalis

405 1621 488 1667 est
521 1611 685 1664 Deus.
714 1608 965 1663 Essentia
985 1609 1132 1681 enim
1159 1615 1243 1662 est
1275 1607 1625 1670 immortalis,
1666 1621 1775 1660 non
1806 1607 1974 1676 parti-

407 1702 716 1773 cipatione:
751 1715 856 1753 nec
892 1700 1038 1753 enim
1073 1699 1164 1754 alii
1205 1709 1485 1768 acceptam
1535 1697 1642 1751 fert
1694 1697 1976 1751 immorta-

407 1797 636 1851 litatem.
693 1791 914 1862 Angelis
940 1807 1070 1844 vero
1098 1798 1152 1843 et
1193 1791 1337 1855 aliis,
1388 1805 1622 1859 quorum
1656 1789 1819 1842 modo
1859 1804 1976 1841 me-

408 1885 640 1950 ministi,
686 1883 800 1953 ipse
838 1882 1306 1936 immortalitatem
1356 1881 1583 1951 largitus
1624 1889 1727 1934 est.
1759 1880 1814 1934 Si
1846 1894 1978 1950 ergo

411 1973 774 2032 immortalem
804 1972 983 2042 ipsum
1025 1971 1246 2025 divinus
1277 1969 1480 2023 Paulus
1512 1977 1689 2034 vocat,
1722 1976 1778 2022 et
1801 1969 1980 2023 solum

411 2069 615 2123 habere
657 2064 792 2119 dicit
829 2062 1326 2127 immortalitatem,
1383 2061 1661 2130 quomodo
1692 2061 1741 2114 ei
1785 2061 1981 2115 mortis

411 2159 722 2230 passionem
753 2153 1036 2208 tribuitis?

487 2247 691 2303 ERAN.
714 2247 843 2301 Post
866 2244 1297 2299 incarnationem
1323 2250 1566 2314 gustasse
1583 2241 1735 2295 illum
1752 2254 1981 2298 mortem

417 2340 671 2394 dicimus.

498 2427 708 2486 ORTH.
737 2427 806 2482 At
838 2425 1238 2480 immutabilem
1269 2426 1423 2480 illum
1458 2442 1578 2480 esse
1607 2426 1843 2481 confessi
1887 2441 1985 2481 sa:-

418 2538 487 2593 pe
515 2536 724 2575 sumus.
759 2519 816 2573 Si
838 2532 989 2582 vero,
1017 2532 1138 2571 cum
1169 2517 1672 2572 anteaimmortalis
1692 2527 1856 2580 esset,
1891 2533 1988 2586 per

419 2627 640 2666 carnem
675 2618 863 2680 postea
889 2615 1122 2661 mortem
1159 2607 1348 2670 subiit,
1374 2616 1653 2676 prmeunte
1687 2607 1989 2662 mutatione

421 2712 656 2759 mortem
687 2700 845 2766 obiit,
878 2699 1100 2768 vitaque
1135 2698 1433 2754 destitutus
1477 2708 1562 2754 est
1591 2699 1770 2753 tribus
1796 2699 1992 2753 diebus

422 2804 480 2851 et
510 2793 739 2848 totidem
769 2790 1046 2854 noctibus,
1090 2789 1221 2858 quid
1249 2797 1430 2844 autem
1452 2789 1581 2842 talia
1610 2789 1814 2843 dicenti
1835 2789 1988 2842 deest

424 2886 495 2942 ad
530 2898 798 2940 summam
852 2881 1226 2950 impietatem?
1259 2881 1526 2935 Existimo
1581 2881 1751 2946 enim,
1812 2897 1880 2936 ne
1927 2882 1995 2935 iis

424 2978 668 3048 quidem,
719 2974 812 3046 qui
849 2973 1114 3027 adversus
1157 2971 1490 3041 impietatem
1543 2971 1845 3035 decertant,
1881 2972 1996 3025 haec

425 3071 611 3139 lingua
641 3065 891 3136 proferre
924 3072 1103 3117 tutum
1127 3079 1268 3118 esse.

499 3158 705 3213 ERAN.
754 3156 952 3210 Desine
983 3154 1319 3225 impietatem
1350 3155 1512 3209 nobis
1569 3155 1834 3226 ohjicere.
1874 3155 1993 3208 Non

428 3251 576 3306 enim
621 3263 721 3300 nos
756 3246 996 3299 divinam
1049 3253 1298 3298 naturam
1331 3261 1544 3314 passam
1569 3261 1690 3300 esse
1742 3246 1996 3308 dicimus,

429 3341 535 3407 sed,
558 3341 850 3394 humanam
874 3355 887 3390 :
920 3336 1160 3394 divinam
1195 3351 1325 3392 vero
1348 3351 1454 3392 una
1470 3352 1596 3392 eum
1613 3351 1844 3408 corpore
1871 3350 2000 3406 pas-

432 3450 546 3489 sam
579 3448 719 3487 esse.

503 3543 716 3601 ORTH.
750 3543 867 3598 Una
894 3556 1107 3612 passam
1139 3556 1260 3595 esse
1295 3556 1406 3610 quo
1441 3555 1606 3596 sensu
1637 3539 1806 3593 dicis?
1854 3538 2001 3607 quod

2075 1426 2334 1495 δαίμονας
2361 1429 2663 1494 ἀθανάτους
2688 1449 2703 1495 ;

2149 1518 2303 1574 0P9.
2341 1521 2543 1590 Φαμέν’
2573 1521 2710 1574 ἀλλά
2745 1521 2950 1592 κυρίως
2989 1521 3257 1586 ἀθάνατος
3309 1525 3338 1577 ὁ
3367 1523 3522 1587 Θεός·
3554 1525 3648 1578 οὺ-

2080 1612 2170 1683 σίᾳ
2208 1613 2316 1683 γὰρ
2351 1611 2636 1676 ἀθάνατος,
2662 1612 2722 1665 οὐ
2757 1613 3036 1685 μετουσίᾳ·
3069 1614 3130 1666 οὐ
3157 1614 3266 1684 γάρ
3296 1617 3424 1685 παρ’
3461 1617 3647 1688 ἑτέρου

2077 1703 2174 1773 τὴν
2216 1702 2515 1757 ἀθανασίαν
2571 1703 2684 1773 ἔχει
2719 1702 2918 1756 λαϐὼν.
2952 1705 3075 1768 Τοῖς
3113 1704 3171 1757 δὲ
3227 1706 3476 1774 ἀγγέλοις
3500 1747 3514 1771 ,
3553 1709 3651 1760 καὶ

2077 1799 2190 1858 τοῖς
2227 1795 2426 1858 ἄλλοις,
2458 1789 2532 1850 ὧν
2563 1796 2766 1864 ἀρτίως
2801 1797 3095 1867 ἐμνήσθης.
3133 1796 3296 1859 αὐτὸς
3329 1798 3426 1867 τήν
3447 1789 3648 1852 ἀθανα-

2083 1888 2202 1942 σῐαν
2235 1886 2552 1959 δεδώρηται.
2596 1886 2658 1940 El
2691 1889 2868 1941 τοίνυν
2901 1888 3166 1942 ἀθάνατον
3204 1889 3364 1942 αὐτὸν
3401 1891 3430 1943 ὁ
3451 1889 3651 1944 θεσπέ-

2083 1995 2197 2043 σιος
2252 1979 2504 2049 ὀνομάζει
2555 1978 2799 2043 Παῦλος,
2849 1982 2940 2034 καὶ
2989 1981 3149 2050 μόνον
3195 1982 3294 2052 τὴν
3355 1983 3653 2039 ἀθανασίαν

2083 2072 2226 2142 ἔχειν
2253 2073 2437 2144 φησὶν,
2462 2073 2575 2138 πῶς
2601 2073 2748 2144 αὐτῷ
2777 2073 2840 2126 τὸ
2861 2073 2956 2127 τοῦ
2983 2073 3211 2128 θανάτου
3242 2075 3656 2147 προσαρμόζετι

2085 2164 2252 2226 πάθος
2277 2181 2291 2226 ;

2160 2255 2360 2309 EPAN.
2396 2255 2550 2309 Μετά
2585 2255 2682 2326 τὴν
2723 2257 2994 2328 σάρκωσιν
3022 2257 3186 2312 αὐτον
3224 2258 3518 2327 γεύσασθαι
3561 2261 3658 2314 θα-

2085 2346 2246 2400 νάτου
2275 2365 2347 2415 φα
2356 2348 2474 2418 μέν.

2159 2438 2310 2493 ΟΡΘ.
2360 2439 2497 2492 Ἀλλ’
2545 2441 2812 2512 ἄτρεπτον
2861 2439 3023 2495 αὐτὸν
3066 2440 3327 2505 πολλάκις
3373 2441 3659 2514 ὡμολογή-

2090 2545 2281 2599 σαμεν.
2330 2529 2391 2582 El
2425 2530 2502 2594 δὲ,
2539 2529 2804 2594 ἀθάνατος
2855 2531 3119 2603 πρότερον
3165 2531 3259 2598 ὣν,
3313 2533 3540 2604 ὕστερον
3569 2534 3660 2587 διά

2091 2621 2292 2690 σαρκὸς
2345 2621 2602 2692 ὑπέμεινε
2638 2622 2883 2685 θάνατον,
2913 2624 3121 2695 τροπῆς
3163 2626 3514 2696 ήγησαμένης
3560 2627 3662 2678 ὐπ-

2092 2711 2275 2778 έμεινε
2308 2708 2556 2776 θάνατον,
2597 2709 2808 2774 ἐξέλιπε
2851 2710 2906 2763 δὲ
2945 2712 3110 2766 αὐτοῦ
3156 2714 3249 2767 καὶ
3289 2715 3322 2784 ἡ
3371 2712 3483 2784 ζωὴ
3512 2718 3662 2786 τρεῖς

2092 2800 2326 2871 ἡμέρας,
2360 2801 2453 2854 καὶ
2482 2801 2800 2872 ἰσαρίθμους
2827 2799 3047 2866 νΰκτας,
3075 2804 3174 2857 ικαὶ
3201 2804 3358 2857 ποίαν
3391 2804 3452 2857 τὺ
3485 2804 3662 2858 ταῦτα

2093 2889 2274 2958 λέγειν
2316 2890 2569 2954 ἀσεϐείας
2599 2891 2902 2962 ὑπερϐολὴν
2949 2891 3307 2957 καταλείπει;
3353 2889 3518 2962 Οῐμαι
3552 2891 3666 2964 γάρ

2093 2981 2215 3034 οὐδὲ
2241 2983 2354 3044 τοῖς
2388 2983 2530 3036 κατά
2560 2982 2660 3052 τῆς
2702 2982 2958 3045 ἀσεϐείας
2993 2981 3105 3051 (66)
3135 2979 3559 3052 ἀγωνιζομένοις
3606 2982 3667 3035 τὸ

2019 3094 2063 3152 C
2097 3072 2267 3126 ταῦτα
2294 3073 2382 3126 διά
2412 3074 2512 3144 τῆς
2541 3073 2788 3144 γλώττης
2817 3075 3148 3146 προσφέρειν
3176 3075 3471 3128 ἀκίνδυνον.

2169 3166 2372 3220 ΕΡΑΝ.
2406 3165 2614 3219 Παῦσαι
2641 3166 2956 3231 δυσσεϐείας
2987 3168 3134 3237 ἡμᾶς
3171 3167 3534 3236 γραφόμενος.
3560 3167 3669 3220 Οὑ-

2096 3257 2152 3310 δὲ
2182 3258 2290 3329 γὰρ
2337 3260 2496 3330 ἡμεῖς
2542 3258 2639 3330 τὴν
2674 3259 2824 3312 θείαν
2873 3259 3032 3328 φύσιν
3093 3258 3412 3312 πεπονθέναι
3456 3258 3670 3328 φαμὲν,

2098 3350 2232 3403 ἀλλὰ
2260 3350 2357 3418 τὴν
2389 3349 2754 3420 ἀνθρωπείαψ
2789 3351 2886 3405 τὶν
2903 3350 3053 3405 θείαν
3095 3351 3154 3404 δέ
3186 3367 3250 3419 γε
3286 3350 3672 3420 συμπεπονθέ-

2101 3457 2185 3495 ναι
2221 3440 2298 3511 τῷ
2333 3441 2569 3510 σώματι.

2172 3531 2322 3586 ΟΡΘ.
2379 3533 2452 3586 Τὸ
2508 3532 2946 3604 συμπεπονθέναι
3002 3534 3116 3598 πῶς
3179 3535 3359 3600 λέγεις
3396 3552 3410 3600 ;
3454 3535 3528 3597 ὡς
3565 3534 3676 3587 τῶν

434 3636 607 3692 clavis
630 3633 849 3703 corpori
887 3630 1069 3686 inﬁxis
1096 3640 1292 3686 natura
1327 3631 1511 3685 divina
1543 3630 1752 3684 doloris
1782 3641 1989 3683 sensum

2101 3624 2244 3694 ἥλων
2273 3625 2712 3695 ὲμπηγνυμένων
2745 3625 2821 3695 τῷ
2851 3625 3065 3696 σώματι
3087 3627 3184 3698 τὴν
3217 3626 3365 3680 θείαν
3390 3624 3551 3696 φύσιν
3577 3626 3676 3696 τῆς

434 3726 691 3782 habuerit
710 3727 733 3778 ?

504 3818 713 3874 ERAN.
739 3816 994 3873 Omnino.

504 3909 714 3965 ORTH.
733 3909 803 3964 Et
842 3923 1013 3971 nunc,
1045 3915 1100 3960 et
1125 3906 1180 3959 in
1211 3903 1592 3974 superioribus
1619 3903 2006 3973 disputationi-

2101 3715 2394 3784 ἀλγηδόνος
2430 3716 2530 3786 τὴν
2565 3717 2815 3787 αἴσθησιν
2842 3716 3128 3784 δέξασθαι;

2167 3806 2370 3862 ΕΡΑΝ.
2405 3807 2588 3876 Ναιχί.

2181 3895 2332 3950 ΟΡΘ.
2357 3897 2468 3950 Καὶ
2493 3896 2606 3962 νῦν,
2633 3897 2724 3950 καὶ
2758 3898 2814 3949 ὲν
2837 3899 2947 3961 τοῖς
2976 3897 3280 3969 ἔμπροσθεν
3303 3898 3680 3968 ὲξετασμένοις

437 4003 541 4057 bus
589 4000 952 4063 ostendimus,
1005 4012 1075 4051 ne
1136 3997 1375 4051 animam
1409 3995 1634 4064 quidem
1684 3995 1989 4064 participen

2105 3989 2408 4061 ἐδείξαμεν,
2439 3989 2560 4044 οὐδὲ
2592 3989 2690 4061 τὴν
2717 3989 2892 4061 ψυχὴν
2919 3991 3136 4044 πάντων
3165 3990 3680 4061 μεταλαγχάνουσαν

436 4108 559 4149 esse
589 4091 837 4148 omnium
866 4105 988 4160 qua:
1027 4088 1096 4144 ad
1129 4102 1331 4156 corpus
1359 4085 1640 4156 pertinent
1679 4101 1693 4137 :
1737 4085 1834 4138 sed
1883 4099 2009 4139 cor-

436 4199 562 4254 pus,
593 4183 817 4238 vitalem
847 4181 1166 4236 facultatem
1214 4177 1515 4246 aceipiens,
1541 4175 1861 4246 passionum
1885 4190 2012 4228 sen-

441 4289 566 4331 sum
606 4273 813 4327 hahere
858 4287 958 4342 per
985 4270 1248 4324 animam.
1275 4265 1433 4333 Quod
1465 4265 1511 4320 si
1551 4264 1716 4320 etiam
1746 4261 2013 4318 conceda-

2107 4081 2214 4135 τῶν
2249 4081 2342 4134 τοῦ
2372 4080 2642 4150 σώματος·
2678 4080 2810 4134 ἀλλά
2849 4081 2910 4134 τὸ
2957 4081 3136 4151 σῶμα,
3179 4082 3277 4151 τὴν
3313 4080 3545 4150 ζωτικὴν
3588 4079 3683 4134 δύ-

2108 4187 2272 4240 ναμιν
2303 4170 2608 4239 δεχόμενον,
2638 4169 2724 4222 διὰ
2772 4171 2867 4240 τῆς
2901 4171 3078 4241 ψυχῆς
3105 4171 3202 4241 τὴν
3244 4171 3493 4241 αἴσθησιν
3536 4170 3682 4242 ἔχειν

2107 4260 2217 4314 τῶν
2279 4259 2638 4330 παθημάτων.
2693 4261 2756 4313 El
2815 4261 2870 4314 δὲ
2919 4263 3014 4314 καὶ
3066 4262 3520 4333 συγχωρήσαιμεν
3582 4261 3684 4332 τὴν

441 4380 587 4428 mus,
613 4365 850 4418 animam
897 4379 1007 4417 una
1054 4377 1179 4416 cum
1225 4373 1457 4427 corpore
1483 4356 1616 4427 pati,
1652 4355 1989 4410 nihilominu:

2111 4351 2290 4423 ψυχὴν
2327 4351 2404 4422 τῷ
2428 4350 2638 4422 σώματι
2663 4352 2968 4420 συναλγεῖν,
3005 4353 3155 4406 οὐδὲν
3181 4348 3342 4424 ἧττον
3369 4351 3557 4423 ἀπαθῆ
3583 4352 3683 4423 τὴν

439 4456 803 4526 impatihilem
849 4455 1015 4524 218
1051 4468 1172 4508 esse
1200 4450 1444 4504 divinam
1476 4456 1729 4503 naturam
1770 4446 1986 4501 invenie

2119 4442 2269 4494 θείαν
2299 4441 2460 4511 φύσιν
2487 4441 2808 4511 εὑρήσομεν.
2855 4441 2928 4494 Οὐ
2952 4442 3060 4512 γὰρ
3093 4443 3210 4494 ἀντὶ
3239 4443 3412 4511 ψυχῆς
3437 4441 3684 4512 συνῆφθη

438 4563 582 4601 mus.
613 4546 734 4601 Non
760 4545 906 4600 enim
937 4545 1060 4598 loco
1088 4543 1285 4596 animae
1347 4538 1567 4609 corpori
1611 4537 1865 4606 copulata
1901 4544 2005 4591 est.

437 4641 594 4693 Anne
611 4635 892 4692 conﬁteris
917 4635 1096 4704 ipsum
1114 4632 1354 4686 animam
1391 4628 1793 4700 assumpsisse?

511 4729 721 4786 ERAN.
754 4728 908 4798 Saepe
937 4725 1224 4781 confessus
1253 4740 1399 4779 sum.

511 4820 722 4875 ORTH.
751 4820 820 4874 Et
843 4819 1080 4873 animam
1105 4815 1464 4871 rationalem?

515 4914 727 4969 ERAN.
773 4913 1032 4969 Omnino.

513 5001 716 5056 ORTH.
749 5003 807 5057 Si
833 5017 964 5072 ergo
993 5016 1120 5055 cum
1153 5014 1381 5068 corpore
1421 4999 1717 5068 assumpsit
1755 4998 2015 5061 animam,

443 5091 817 5150 concessimus
871 5101 1058 5148 autem
1119 5105 1244 5144 cum
1299 5104 1531 5158 corpore
1593 5089 1705 5158 pati
1755 5088 2014 5150 animam,

445 5190 629 5244 anima
659 5185 849 5256 utique
894 5185 1059 5239 simul
1105 5198 1264 5253 passa
1315 5192 1421 5245 est,
1463 5195 1574 5234 non
1604 5178 1865 5232 divinitas
1891 5191 2017 5230 cum

446 5294 674 5348 corpore
704 5295 717 5331 :
747 5292 1030 5346 eompassa
1064 5284 1166 5338 est,
1189 5273 1433 5336 dolores,
1478 5281 1536 5325 ut
1555 5263 1886 5324 'verisimile
1912 5275 2016 5330 est,

449 5376 547 5438 per
582 5383 784 5436 corpus
811 5368 1138 5437 suscipiens.
1168 5365 1275 5420 Sed
1311 5379 1436 5418 cum
1469 5365 1710 5431 eorpore‘
1759 5360 1874 5430 pati
1899 5359 2021 5414 ani-

453 5475 595 5516 mam
623 5459 822 5515 dixerit
877 5458 1107 5514 fortasse
1142 5455 1436 5528 quispiam,
1485 5469 1595 5508 una
1625 5463 1807 5508 autem
1857 5454 2021 5517 mori,

523 5618 566 5649 "
593 5618 612 5672 l
638 5616 781 5670 Tim.
824 5628 898 5677 vr,
933 5613 1019 5667 16.

520 5754 630 5824 (66)
658 5751 811 5807 ἀσεϐ.
837 5747 980 5802 Edit.
1021 5748 1178 5802 Rom.
1221 5746 1553 5810 δυσσεϐείας.

2111 4531 2190 4602 τῷ
2231 4531 2463 4602 σώματι.
2505 4529 2575 4584 Ἢ
2606 4531 2667 4584 οὐ
2710 4531 3090 4601 συνομολογεῖς
3130 4531 3290 4584 αὑτὸν
3337 4530 3686 4600 ἀνειληφέναι

2113 4622 2291 4690 ψυχήν
2315 4638 2330 4685 ;

2186 4713 2388 4766 ΕΡΑΝ.
2427 4711 2693 4775 Πολλάκις
2727 4711 3167 4781 συνωμολόγησα.

2187 4807 2339 4861 ΟΡΘ.
2372 4807 2483 4860 Καὶ
2502 4807 2601 4876 τὴν
2628 4804 2848 4876 λογικὴν
2873 4803 3049 4874 ψυχήν
3072 4819 3087 4868 ;

2183 4899 2387 4953 ΕΡΑΝ.
2425 4899 2661 4965 Πάνυγε.

2185 4989 2335 5042 ΟΡΘ.
2386 4989 2450 5042 El
2503 4989 2682 5040 τοίνυν
2719 4987 2856 5057 μετὰ
2883 4985 2978 5039 τοῦ
3009 4985 3258 5057 σώματος
3305 4982 3560 5053 ἀνείληφε
3587 4981 3691 5054 τὴν

2113 5081 2310 5150 ψυχήν,
2341 5080 2803 5148 συνεχωρήσαμεν
2853 5077 2908 5129 δὲ
2967 5077 3306 5146 συμπάσχειν
3348 5075 3426 5144 τῷ
3474 5073 3692 5142 σώματι

2114 5169 2212 5240 τὴν
2257 5167 2454 5239 ψυχὴν.
2503 5170 2534 5238 ἡ
2592 5166 2738 5236 ψυχὴ
2773 5167 2879 5236 ἄρα
2918 5164 3248 5228 συνέπαθεν,
3297 5164 3396 5233 οὐχ
3431 5164 3465 5232 ή
3499 5161 3691 5232 θεότης

2116 5260 2196 5331 τῷ
2229 5259 2466 5327 σώματι·
2492 5257 2776 5320 συνέπαθε,
2807 5256 2906 5320 τὰς
2935 5256 3128 5320 ὀδύνας
3153 5255 3229 5318 ὡς
3258 5256 3402 5316 εἰκὸς
3421 5251 3693 5322 δεξαμένη

2119 5354 2206 5408 διά
2237 5351 2329 5404 τοῦ
2378 5350 2650 5420 σώματος.
2692 5349 2850 5402 Ἀλλά
2898 5349 3238 5419 συμπάσχειν
3299 5345 3398 5417 μὲν
3437 5345 3568 5406 ἴσως
3611 5343 3695 5412 τῷ

2124 5446 2336 5518 σώματι
2373 5443 2507 5513 φαίη
2550 5459 2634 5505 τις
2667 5441 2733 5496 ἂν
2780 5441 2876 5512 τὴν
2913 5440 3110 5512 ψυχὴν,
3144 5437 3607 5508 συναποθνήσκειν
3635 5435 3695 5488 δᾶ
