4010 6212
339 342 453 407 269

1402 336 1779 400 DIALOGUS
1813 338 1926 399 III.
1965 362 2035 375 --
2075 339 2557 403 IMPATIBIIJS.

3479 336 3584 401 Ξτε

339 449 612 521 οὐδαμῶς·
650 446 921 504 ἀθάνατον
964 445 1072 519 γὰρ
1108 447 1265 518 ἔλαχε
1312 449 1492 517 φύσιν.
1524 449 1623 505 Διά
1645 467 1725 505 τοι
1758 451 1904 505 τοῦτο

2018 455 2166 510 nullo
2198 455 2381 509 modo.
2414 454 2780 508 Immortalem
2808 452 2955 507 enim
2982 460 3235 507 naturam
3261 450 3454 508 sortita
3479 468 3585 511 est.

341 543 438 597 καὶ
464 544 492 594 6
519 542 725 615 Κύριος
750 540 873 611 ἔφη·
915 559 934 589 ι
977 540 1067 609 Μὴ
1097 540 1338 611 φοϐῆσθε
1381 542 1489 595 ἀπὸ
1518 542 1625 595 τῶν
1663 544 1920 597 ἀποκτει-

334 635 538 690 νόντων
560 632 625 687 τὸ
672 632 851 702 σῶμα.
897 632 993 703 τὴν
1036 632 1093 685 δὲ
1123 631 1302 703 ψυχὴν
1342 633 1415 704 μὴ
1444 633 1753 703 δυναμένων
1785 637 1919 690 ἀπο.

336 726 566 780 κτεῖναι.
606 742 626 775 ι
679 723 744 777 Εἰ
785 722 963 789 τοίνυν
1008 723 1131 777 οὐδὲ
1172 724 1271 795 τὴν
1304 723 1484 796 ψυχὴν
1524 724 1617 779 τοῦ
1665 725 1917 797 Σωτῆρος

335 833 525 887 φαμεν
556 814 635 885 τῷ
668 814 883 884 σώματι
923 815 1246 885 κοινωνῆσαι
1287 815 1541 880 θανάτου,
1580 816 1696 880 πῶς
1725 817 1792 872 ἄν
1832 833 1918 881 τις

331 909 436 978 τὴν
469 907 603 978 παρ’
638 907 792 977 ὑμῶν
834 905 1193 977 τολμωμένην
1231 905 1446 972 δέξαιτο
1477 907 1845 979 βλασφημίαν,
1879 908 1913 980 ἢ

332 998 438 1070 τὴν
478 998 633 1051 θείαν
662 996 824 1066 φύσιν
877 996 1200 1067 μεταλαχεῐν
1232 996 1467 1051 θανάτου
1501 997 1680 1067 λέγειν
1705 1000 1910 1072 τολμᾷς

333 1093 433 1144 καὶ
466 1090 643 1145 ταῦτα
691 1088 787 1143 τοῦ
818 1087 1025 1160 Κυρίου
1053 1087 1149 1143 νῦν
1182 1087 1280 1159 μὲν
1315 1088 1378 1142 τὸ
1406 1088 1517 1161 (67)
1554 1090 1715 1161 σῶμα
1740 1107 1912 1164 προσ-

332 1183 663 1254 φερόμενον,
697 1179 794 1235 νῦν
825 1179 883 1234 δὲ
909 1179 1009 1253 τὴν
1048 1180 1230 1252 ψυχὴν
1259 1181 1673 1253 ταραττομένην
1708 1182 1909 1235 ἐπιδει-

332 1274 582 1338 κνύντος.

405 1365 609 1419 ΕΡΔΝ.
640 1364 748 1419 Καὶ
776 1363 879 1419 ποῦ
905 1364 965 1418 τὸ
999 1363 1155 1435 σῶμα
1185 1364 1627 1436 προσφερόμενον
1650 1367 1680 1418 ό
1706 1364 1908 1438 Κύριος

330 1459 565 1523 taeniae;
617 1459 689 1511 Ἦ
738 1457 901 1512 πάλιν
941 1458 1072 1528 ἡμῖν
1112 1456 1212 1524 τὴν
1269 1455 1705 1528 πολυθρύλλητον
1754 1457 1909 1527 ὑμῶν

333 1548 653 1620 προσοίσετε
687 1545 1013 1619 μαρτυρίαν·
1051 1565 1070 1597 ι
1118 1546 1329 1600 Λύσατε
1376 1546 1469 1598 τὸν
1520 1546 1647 1600 ναδν
1693 1546 1904 1613 τοῦτον,

330 1640 425 1694 καὶ
448 1642 510 1694 ἐν
526 1639 705 1711 τρισὶν
732 1639 971 1710 ἡμέραις
1006 1639 1184 1710 ἐγερῶ
1210 1639 1371 1695 αὐτόν
1395 1658 1409 1704 ;
1449 1657 1470 1692 δ
1498 1641 1594 1693 καὶ
1618 1641 1709 1693 τὸν
1741 1640 1907 1709 εὐαγ-

328 1730 585 1802 γελιστὴν
612 1732 742 1801 ἡμῖν
775 1728 1160 1801 βρενθυόμενοι
1184 1732 1446 1803 παρέξετε
1466 1731 1712 1801 λέγοντα·
1745 1751 1764 1785 ι
1805 1732 1907 1785 Αὑ-

308 1822 419 1885 τὸς
442 1821 506 1875 δὲ
531 1821 684 1889 ῑλεγε
715 1820 843 1892 περὶ
880 1820 977 1874 τοῦ
1019 1819 1149 1875 ναοῦ
1178 1820 1271 1875 τοῦ
1303 1822 1553 1893 σώματος
1586 1822 1774 1885 αὑτοῦ,
1809 1824 1904 1877 καὶ

323 1914 414 1968 ὅτε
474 1912 677 1984 ἡγιρθη
722 1913 785 1966 lx
812 1911 1020 1984 νεκρῶν
1047 1952 1061 1975 ,
1112 1898 1356 1982 ἔγνωσαν
1404 1914 1515 1984 (68)
1558 1916 1610 1969 oi
1661 1916 1902 1987 μαθηταὶ

332 2002 506 2059 αὺτοῦ
530 2005 608 2058 ὃτι
633 2003 793 2057 τοῦτο
819 1997 972 2057 εἶπεν
994 2005 1024 2058 ό
1062 2003 1269 2074 Ἰησοῦς
1291 2003 1424 2076 (ὓθ),
1457 2007 1549 2059 καὶ
1575 2006 1901 2060 ἐπίστευσαν

329 2098 403 2169 τῇ
431 2095 640 2167 Γραφῇ,
683 2097 778 2149 καὶ
815 2095 897 2167 τῷ
934 2095 1099 2167 λόγῳ,
1133 2088 1179 2163 ᾧ
1207 2091 1360 2150 εἶπεν
1400 2096 1429 2149 ό
1458 2096 1662 2168 Κύριος
1698 2096 1832 2168 (70).
1877 2117 1895 2149 ι

401 2187 554 2241 ΟΡΘ.
585 2187 648 2240 Ei
684 2187 807 2241 λίαν
834 2186 976 2241 οὕτω
1005 2189 1125 2250 ταῖς
1152 2187 1323 2251 θείαις
1364 2190 1567 2256 φωναῖς
1599 2188 1901 2260 ἀπεχθάνε-

327 2277 446 2340 σθε,
476 2276 535 2331 αἳ
570 2275 633 2329 τὸ
674 2276 816 2347 μέγα
850 2276 1178 2349 κηρύττουσι
1218 2278 1317 2348 τῆς
1356 2279 1666 2348 οἰκονομίας
1696 2280 1902 2350 μυστή-

324 2384 466 2442 ριον,
490 2368 542 2422 τί
585 2368 785 2440 δήποτε
833 2368 908 2441 μὴ
953 2368 1260 2440 Μαρκίωνι,
1300 2368 1394 2422 καὶ
1428 2368 1763 2439 Βαλεντίνῳ,
1806 2354 1900 2425 καὶ

322 2463 547 2532 Μάνητι
568 2460 984 2533 παραπλησίως,
998 2460 1100 2523 τὰς
1116 2459 1329 2514 τοιάσδε
1357 2460 1542 2529 φωνὰς
1558 2460 1896 2530 ἑξαλείφετε;

321 2555 427 2608 καὶ
451 2554 562 2624 γὰρ
591 2555 788 2607 ἐκεῖνοι
811 2551 976 2606 ταύτὸ
1000 2552 1158 2606 τοῦτο
1186 2553 1526 2623 δεδράκασιν.
1560 2552 1624 2605 Ei
1644 2552 1701 2605 δὲ
1726 2553 1896 2625 θρασὺ

320 2645 492 2700 τοῦτο
530 2646 696 2708 δοκεῖ,
735 2645 830 2699 καὶ
878 2644 1109 2708 ἀνόσιον,
1146 2645 1221 2716 μὴ
1251 2644 1546 2716 κωμῳδῆτε
1571 2644 1666 2699 τοῦ
1698 2646 1902 2699 Δεσπό-

318 2754 427 2791 του
470 2736 534 2790 τὰ
578 2739 821 2809 ῥήματα,
856 2736 991 2790 ἀλλὰ
1036 2739 1149 2799 τοῖς
1206 2735 1522 2799 ἀποστόλοις
1558 2735 1898 2790 ἀκολουθεῖτε

320 2827 654 2883 πιστεύσασι
680 2827 817 2898 μετὰ
843 2828 941 2897 τὴν
965 2827 1279 2895 ἀνάστασιν,
1304 2827 1380 2890 ὡς
1404 2827 1439 2897 ἡ
1457 2825 1649 2898 θεότης
1674 2825 1898 2899 ἀνέστη-

322 2936 423 2973 σεν
450 2919 512 2972 ὃν
545 2918 741 2972 ἔλυσαν
768 2920 817 2972 οἱ
863 2918 1103 2972 Ἰουδαῖοι
1139 2919 1290 2974 ναόν.

400 3011 606 3065 ΕΡΑΝ.
650 3011 714 3066 Ei
755 3011 1063 3083 μαρτυρίαν
1095 3009 1236 3083 ἔχεις
1269 3009 1521 3085 στερρὰν,
1551 3009 1755 3064 παῦσαι
1787 3009 1900 3063 λοι-

312 3102 674 3176 δορούμενος,
708 3103 803 3156 καὶ
832 3102 1118 3173 πλήρωσον
1144 3103 1244 3174 τὴν
1276 3103 1587 3173 ὑπόσχεσιν.

398 3193 554 3248 ΟΡΘ.
600 3192 890 3265 Μέμνησαι
926 3192 1141 3257 πάντως
1166 3192 1274 3247 τῶν
1301 3192 1669 3262 εὐαγγελικῶν
1706 3192 1902 3260 λογίων

314 3284 576 3347 ικεὶνων,
608 3284 665 3336 ὲν
689 3278 773 3348 οἷς
805 3282 899 3336 τοῦ
934 3283 1109 3354 μάννα
1144 3283 1237 3337 καὶ
1274 3283 1372 3355 τῆς
1402 3282 1665 3355 ἀληθινῆς
1697 3281 1903 3354 τροφῆς

315 3376 349 3432 ὁ
390 3374 596 3444 Κύριος
630 3374 927 3443 ἐποιήσατο
966 3372 1270 3443 σύγκρισιν.

302 3482 309 3487 ·
402 3467 609 3521 ΕΡΑΝ.
645 3466 965 3536 Μέμνημαι.

394 3558 549 3614 οΡΘ.
590 3558 677 3610 Ἐν
712 3559 905 3627 ἐκείνῳ
938 3557 1013 3629 τῷ
1047 3559 1252 3628 χωρίῳ,
1307 3552 1436 3629 περὶ
1469 3554 1563 3610 τοῦ
1605 3555 1770 3628 ἄρτου
1806 3555 1903 3624 τῆς

300 3638 484 3721 ’ζωῆς
514 3646 743 3714 πολλοὺς
772 3648 961 3717 λόγους
1003 3646 1307 3715 διεξελθὼν,
1347 3649 1595 3718 ἐπήγαγε
1634 3647 1730 3700 καὶ
1768 3645 1902 3698 ταῦ-

317 3759 422 3797 ta'
464 3762 485 3794 ε
541 3743 602 3794 '0
625 3741 679 3794 δὲ
715 3742 878 3812 ἄρτος
907 3739 965 3793 ὃν
990 3738 1101 3808 ἐγὼ
1124 3738 1298 3802 δώσω,
1337 3739 1370 3808 ἠ
1412 3737 1548 3809 σάρξ
1590 3735 1692 3807 μού
1733 3737 1902 3799 ἐστιν,

316 3835 402 3906 ἢν
434 3833 549 3903 ἐγὼ
600 3832 756 3887 δώσω
801 3832 940 3905 ὑπὲρ
973 3831 1071 3903 τῆς
1121 3829 1215 3883 τοῦ
1248 3832 1453 3901 κόσμου
1500 3828 1667 3897 ζωῆς.
1713 3846 1732 3879 ι
1795 3828 1906 3880 Καὶ

315 3928 480 3982 ἔστιν
518 3925 647 3979 ἰδεῖν
681 3927 740 3978 ὲν
764 3926 877 3987 τοῖς
908 3923 1107 3991 λόγοις,
1143 3922 1237 3975 καὶ
1267 3921 1366 3992 τὴν
1395 3922 1492 3991 τῆς
1526 3920 1779 3990 θεότητος
1815 3931 1903 3986 φι-

314 4018 603 4087 λοτιμίαν,
641 4017 736 4071 καὶ
752 4016 853 4086 τὴν
883 4014 1090 4087 δωρεὰν
1124 4009 1226 4084 τῆς
1260 4013 1483 4083 σαρκός.

394 4109 607 4165 ΕΡΑΝ.
642 4110 757 4163 Οὐκ
781 4107 996 4179 ἀπόχρη
1037 4104 1309 4178 μαρτυρία
1348 4103 1445 4175 μία
1479 4100 1638 4158 λῦσαι
1670 4103 1770 4175 τὴν
1796 4103 1903 4173 ἀμ-

316 4182 687 4276 ᾖισόἡτησιν.

322 4290 361 4379 ’ξ
391 4291 555 4347 ΟΡΘ.
601 4288 661 4343 '0
707 4287 901 4358 Αἰθίοψ
936 4287 1187 4359 εὐνοῦχος
1211 4288 1272 4342 ού
1303 4285 1504 4379 πολλὰς
1526 4284 1738 4379 ἅνὲγνω
1767 4285 1905 4379 Γραῖ

314 4374 454 4452 id;
496 4380 636 4435 ἀλλὰ
671 4380 798 4451 μίαν
841 4379 1016 4452 εὑρὼν
1052 4377 1393 4451 προφητικὴν
1452 4376 1777 4447 μαρτυρίαν,
1834 4374 1901 4428 δι’

2022 543 2149 600 Ideo
2183 556 2240 602 et
2299 544 2569 600 Dominus
2622 543 2790 597 dixit:
2844 542 3062 599 «Nolite
3112 542 3308 599 timere
3361 558 3459 599 eos
3491 549 3585 614 qui

2019 651 2226 706 corpus
2252 636 2532 701 occidunt,
2560 635 2801 690 animam
2849 650 2986 691 vero
3012 649 3125 690 non
3155 644 3388 705 possunt
3433 634 3586 689 occi-

2018 726 2151 781 dere
2185 727 2250 779 ".
2278 745 2296 777 ο
2328 725 2385 781 Si
2419 739 2550 796 ergo
2587 740 2692 780 nec
2731 725 3033 782 Salvatoris
3070 725 3311 781 animam
3350 724 3589 782 dicimus

2016 817 2354 872 consortium
2379 817 2572 872 mortis
2597 817 2858 873 habuisse
2884 832 3007 871 cum
3024 831 3279 887 corpore,
3307 817 3587 889 quomodo

2016 908 2365 962 temerariam
2418 907 2816 978 blasphemiam
2863 916 3106 963 vestram
3153 908 3280 978 quis
3318 907 3582 978 recipiat,

2014 1014 2136 1068 quae
2185 998 2425 1053 divinam
2466 1006 2722 1055 naturam
2774 1001 2970 1056 mortis
3028 1001 3357 1073 participem
3412 1001 3584 1058 fuisse

2013 1087 2284 1143 aliirmare
2307 1088 2511 1143 audet?
2530 1089 2838 1159 praesertim
2858 1104 2984 1145 cum
3004 1089 3272 1145 Dominus
3295 1104 3443 1145 nunc
3460 1103 3584 1145 cor-

2013 1195 2117 1250 pus
2146 1179 2414 1245 oblatum,
2445 1196 2593 1236 nunc
2622 1179 2861 1236 animam
2881 1182 3158 1237 turbatam
3180 1182 3466 1254 ostendat.

2082 1360 2291 1415 EBAN.
2318 1358 2554 1415 Ubinam
2604 1375 2806 1430 corpus
2834 1359 3079 1414 oblatum
3110 1357 3353 1414 ostendit
3389 1355 3581 1412 Domi-

2009 1451 2147 1505 nus?
2170 1466 2239 1505 an
2265 1450 2468 1505 iterum
2500 1450 2663 1505 nobis
2684 1449 2877 1505 tritum
2898 1449 3034 1505 illud
3061 1448 3436 1505 testimonium
3454 1463 3582 1518 pro-

2009 1541 2229 1596 feretis:
2263 1561 2281 1592 ι
2300 1540 2505 1596 Solvite
2525 1541 2791 1612 templum
2818 1542 2943 1605 hoc,
2973 1550 3029 1595 et
3058 1541 3113 1595 in
3137 1540 3317 1594 tribus
3369 1538 3577 1594 diebus

2006 1633 2211 1703 erigam
2238 1630 2373 1686 illud
2387 1632 2432 1665 “
2446 1632 2470 1685 ?
2485 1650 2503 1683 ι
2527 1640 2584 1687 et
2604 1632 2993 1704 evangelistam
3025 1630 3186 1686 nobis
3201 1629 3582 1701 superbientes

2008 1724 2323 1779 obtrudetis
2346 1723 2620 1779 dicentem
2645 1741 2659 1777 :
2704 1742 2723 1775 ε
2747 1724 2868 1794 Ipse
2891 1720 3075 1778 autem
3105 1722 3324 1777 dicebat
3346 1721 3415 1776 de
3434 1711 3580 1777 tem-

2010 1816 2101 1886 plo
2117 1812 2369 1883 corporis
2388 1813 2497 1877 sui,
2535 1822 2591 1869 et
2619 1814 2839 1884 quando
2859 1813 3099 1869 surrexit
3129 1828 3161 1868 e
3191 1813 3447 1876 mortuis,
3479 1828 3577 1868 co-

2010 1913 2321 1977 gnoverunt
2352 1903 2609 1973 discipuli
2661 1903 2853 1973 ipsius,
2906 1902 3054 1973 quod
3102 1902 3209 1957 hoc
3237 1900 3469 1957 dixisset
3490 1902 3580 1959 Je-

2004 2012 2118 2060 sus,
2143 2004 2199 2050 et
2222 1995 2578 2051 crediderunt
2604 1993 2921 2064 Scriptura,
2941 2001 2998 2048 et
3025 1993 3268 2049 sermoni
3292 2007 3458 2063 quem
3488 1991 3578 2046 di-

2006 2088 2084 2143 xit
2115 2088 2381 2142 Dominus
2410 2086 2477 2139 ³¹.
2501 2104 2519 2137 ι

2078 2181 2243 2251 219
2268 2178 2478 2235 ORTH.
2508 2176 2565 2231 Si
2601 2184 2887 2247 tantopere
2916 2190 3017 2231 vos
3047 2175 3337 2231 oﬂendunt
3372 2174 3575 2230 divina:

2007 2288 2195 2337 voces,
2231 2284 2355 2343 quae
2385 2282 2642 2341 magnum
2671 2267 2870 2323 divinas.
2898 2266 3329 2337 dispensationis
3370 2274 3575 2337 myste-

2005 2368 2149 2422 rium
2178 2363 2498 2436 prtedicant,
2524 2376 2626 2416 cur
2651 2376 2762 2415 non
2788 2358 3080 2415 Marcionis
3112 2365 3170 2413 et
3195 2356 3489 2421 Valentini,
3521 2366 3579 2413 et

2006 2454 2236 2514 Manetis
2262 2453 2514 2525 exemplo
2542 2450 2815 2524 ejusmodi
2860 2465 3024 2506 voces
3044 2449 3280 2506 deletis?
3311 2448 3396 2505 Illi
3422 2448 3585 2504 enim

2004 2548 2111 2603 hoc
2145 2547 2414 2602 fecerunt.
2450 2543 2607 2609 Quod
2639 2542 2687 2597 si
2720 2556 2854 2596 vero
2886 2539 3063 2595 audax
3108 2540 3320 2595 facinus
3340 2538 3396 2593 id
3424 2538 3579 2594 vidc-

2007 2652 2098 2696 tur
2124 2647 2180 2694 et
2224 2635 2477 2707 impium,
2517 2632 2692 2689 nolite
2717 2631 2939 2687 Domini
2979 2631 3149 2687 verba
3180 2630 3316 2686 risui
3351 2629 3575 2690 habere.

2005 2732 2107 2788 sed
2136 2728 2414 2799 apostolos
2440 2723 2760 2796 sequimini,
2800 2722 2895 2793 qui
2942 2731 3066 2793 post
3116 2721 3575 2778 resurrectionem

2007 2822 2370 2885 crediderunt
2407 2815 2758 2873 divinitatem
2786 2814 3052 2869 excitasse
3108 2813 3371 2884 templum
3425 2813 3574 2882 quod

2004 2912 2179 2969 ,Ιαύωί
2210 2912 2617 2966 destruxerant.
2732 2910 2735 2913 ‘

2079 3003 2289 3061 ERAN.
2345 3000 2403 3056 Si
2432 2999 2675 3054 validum
2708 2997 2880 3052 habes
2926 2993 3327 3056 testimonium,
3383 2990 3576 3047 desine

2006 3092 2323 3157 conviciari,
2348 3098 2404 3147 et
2426 3089 2591 3160 imple
2626 3087 2775 3159 quod
2809 3087 3089 3159 pollicitus
3105 3101 3185 3142 es.
3472 3072 3497 3088 ⁸

2078 3185 2290 3245 ΟΒἸἪ.
2318 3181 2614 3239 Meministi
2643 3194 2874 3251 prorsus
2904 3177 3346 3250 evangelicorum
3369 3175 3574 3231 verbo-

2008 3297 2153 3344 rum,
2191 3279 2250 3332 in
2283 3275 2487 3347 quibus
2526 3288 2723 3329 manna
2776 3286 2900 3327 cum
2965 3285 3098 3325 vero
3146 3268 3271 3324 cibo
3308 3267 3576 3323 Dominus

2010 3368 2370 3440 comparavit.

2080 3461 2287 3518 ERAN.
2310 3459 2530 3514 Memini
2553 3496 2567 3510 .

2072 3551 2283 3608 ORTH.
2329 3550 2392 3603 lu
2422 3564 2490 3603 eo
2519 3549 2661 3614 loco,
2684 3561 2810 3600 cum
2854 3545 2922 3599 de
2952 3558 3091 3615 pane
3129 3543 3255 3599 vitae
3281 3540 3577 3598 disseruis-

2007 3653 2111 3710 set,
2146 3644 2265 3697 haec
2309 3637 2578 3709 subjecit:
2615 3638 2820 3691 «Panis
2865 3651 3001 3691 vero
3043 3650 3208 3706 quem
3257 3650 3360 3707 ego
3406 3633 3571 3694 dabo.

2006 3747 2141 3789 caro
2175 3747 2297 3786 mea
2327 3738 2432 3794 est,
2461 3742 2624 3798 quam
2651 3741 2753 3797 ego
2779 3725 2923 3780 dabo
2962 3738 3066 3796 pro
3092 3724 3284 3780 mundi
3315 3725 3426 3779 vita
3453 3722 3519 3779 ⁸⁸.
3547 3743 3566 3775 ι

2007 3825 2067 3882 In
2089 3824 2176 3880 his
2203 3830 2388 3878 autem
2415 3818 2600 3875 verbis
2627 3826 2683 3873 et
2716 3816 3021 3871 divinitatis
3047 3814 3498 3881 muniﬁcentiam,
3519 3826 3575 3871 et

2007 3917 2192 3973 carnis
2211 3913 2564 3970 donationem
2592 3908 2779 3965 videre
2805 3908 2953 3963 licet.

2082 4113 2291 4172 ERAN.
2342 4080 2423 4167 Ad
2458 4110 2779 4166 solvendam
2832 4109 3191 4179 quastionem
3230 4123 3338 4164 non
3376 4107 3574 4165 suﬂicit

2006 4223 2176 4263 unum
2202 4202 2598 4260 testimonium.

2076 4297 2285 4355 ORTH.
2340 4294 2596 4365 Ethiops
2646 4292 2938 4369 eunuchus
2988 4307 3101 4348 non
3167 4292 3369 4349 multas
3442 4292 3575 4364 legit

2007 4390 2339 4460 Scripturas,
2392 4386 2487 4442 sed
2528 4400 2640 4440 uno
2695 4379 3295 4455 invento'prophetico
3323 4384 3574 4441 testimo-

312 4474 548 4543 ικείνης
603 4473 913 4544 ἐποδηγήθη
951 4473 1087 4544 πρὸς
1126 4471 1417 4543 σωτηρίαν.
1486 4467 1658 4540 ’Υμᾶς
1702 4466 1757 4520 δὲ
1804 4468 1901 4537 οὐχ

2010 4452 2243 4549 nim-per
2272 4476 2407 4533 illud
2441 4477 2508 4531 ad
2562 4476 2796 4530 salutem
2833 4452 3133 4544 perductus
3190 4483 3276 4530 est
3310 4475 3375 4529 ”.
3407 4474 3577 4531 Vobis

316 4564 515 4620 ἱκανοὶ
549 4565 731 4617 πεῖσαι
768 4564 968 4627 πάντες
1022 4560 1304 4615 ἀπόστολοι
1346 4560 1442 4612 καὶ
1478 4558 1775 4629 προφῆται,
1810 4558 1903 4610 καὶ

312 4656 370 4708 οἱ
427 4653 552 4724 μετ’
581 4654 824 4719 ἐκείνους
857 4655 957 4725 τῆς
1006 4652 1263 4722 ἀληθείας
1319 4650 1599 4721 γενόμενοι
1639 4649 1900 4720 κήρυκες.

326 4740 484 4800 Ἀλλ’
511 4745 663 4816 ὅμως
690 4762 773 4797 σοι
808 4745 901 4799 καὶ
932 4744 1123 4815 ἑτέρας
1154 4743 1283 4813 περὶ
1312 4740 1406 4794 τοῦ
1431 4737 1757 4793 Δεσποτικοῢ
1794 4740 1902 4793 σώο

312 4844 506 4909 ματος
544 4836 846 4908 μαρτυρίας
881 4837 1172 4907 προσοίσω.
1212 4829 1381 4887 Οἶσθα
1424 4848 1487 4901 γε
1533 4830 1633 4901 τῆς
1671 4829 1903 4898 εὐαγγε-

312 4926 490 4999 ἱικῆς
527 4928 768 4998 ἱστορίας
801 4927 861 4981 τὸ
895 4927 1091 4997 χωρίον
1127 4925 1301 4979 ἐκεῖνό
1332 4940 1416 4992 γε,
1453 4921 1583 4975 ἔνθα
1615 4919 1675 4974 τδ
1710 4922 1903 4989 Πάσχα

318 5035 403 5092 Qa
417 5019 528 5089 γὼν
562 5020 701 5091 μετὰ
730 5019 838 5073 τῶν
877 5018 1156 5090 μαθητῶν,
1189 5016 1385 5081 ἔδειξεν
1413 5015 1510 5085 μὲν
1546 5010 1639 5067 τοῦ
1672 5009 1903 5065 τυπικοῦ

318 5111 611 5183 ’προϐάτου
644 5112 706 5166 τὸ
748 5112 923 5177 τέλος,
967 5110 1169 5175 ἐδίδαξε
1228 5111 1285 5163 δὲ
1337 5111 1434 5179 τῆς
1482 5107 1639 5168 σκιᾶς
1688 5104 1904 5174 ἐκείνης

322 5205 486 5257 ποῖον
514 5203 753 5275 ὑπάρχει
794 5204 970 5275 σῶμα.

396 5295 607 5350 ΕΡΛΝ.
635 5294 768 5350 Οἶδα
801 5296 959 5366 τήνδε
988 5293 1088 5367 τὴν
1123 5293 1382 5364 ἱστορίαν.

399 5387 556 5442 ΟΡΘ.
595 5387 804 5441 Οὐκοῦν
839 5384 1234 5457 ἀναμνήσθητι,
1283 5383 1335 5437 τί
1385 5382 1484 5453 μὲν
1520 5383 1549 5436 ό
1577 5378 1780 5452 Κύριος
1812 5379 1905 5433 λα-

2002 4587 2134 4627 vero
2162 4569 2230 4625 ad
2255 4567 2699 4640 persuadendum
2734 4581 2845 4623 non
2890 4566 3168 4623 subiciunt
3198 4581 3390 4623 omnes
3438 4582 3575 4638 apo-

2003 4661 2129 4716 stoli
2163 4669 2220 4715 et
2250 4660 2554 4730 prophetae,
2608 4666 2665 4713 et
2695 4655 2791 4727 qui
2830 4665 2955 4727 post
2987 4658 3111 4714 illos
3153 4658 3380 4714 fuerunt
3428 4673 3571 4728 prte-

2006 4765 2173 4806 cones
2199 4749 2471 4806 veritatis.
2498 4749 2570 4802 At
2604 4764 2733 4802 vero
2756 4749 2861 4803 alia
2880 4749 3047 4804 etiam
3084 4749 3186 4805 tibi
3231 4749 3301 4805 de
3341 4764 3574 4821 corpore

2006 4839 2294 4895 Dominico
2339 4837 2657 4893 testimonia
2705 4838 3005 4907 proferam.
3050 4840 3208 4896 Nosti
3246 4841 3579 4912 evangelica

2007 4932 2250 4987 historia:
2285 4932 2465 4985 locum
2490 4930 2665 4993 illum,
2697 4930 2751 4985 in
2779 4945 2889 5000 quo
2909 4931 3117 4987 Pascha
3142 4932 3315 4988 edens
3337 4947 3463 4988 cum
3495 4932 3584 4988 di-

2005 5022 2251 5093 scipulis,
2276 5022 2437 5093 220
2465 5021 2628 5094 typici
2654 5021 2779 5092 agni
2801 5020 2961 5076 ﬁnem
2983 5023 3245 5091 ostendit,
3279 5018 3577 5093 docuitque

2006 5113 2281 5184 quodnam
2312 5115 2384 5168 sit
2420 5113 2627 5167 umbra:
2654 5111 2804 5166 illius
2830 5127 3050 5181 corpus.

2077 5293 2284 5348 ERAN.
2303 5293 2442 5348 Novi
2468 5294 2611 5348 hanc
2640 5293 2952 5349 historiam.

2081 5383 2293 5439 ORTII.
2349 5384 2559 5454 Repete
2595 5382 2763 5453 igitur
2809 5385 3093 5451 memoria,
3123 5387 3258 5457 quid
3298 5388 3573 5462 accipiens

398 5526 458 5560 ⁶’
484 5526 676 5584 latth.
717 5544 769 5593 ι,
809 5527 899 5583 9J3.
976 5527 1020 5560 ²⁹
1051 5527 1206 5581 Joan.
1235 5539 1292 5591 ll,
1321 5524 1407 5579 i9.
1485 5524 1527 5555 ³¹
1555 5522 1691 5577 ibid.
1724 5521 1814 5585 21,
1846 5519 1904 5573 2‘3

2012 5523 2057 5555 ³⁸
2088 5524 2245 5580 Joan.
2282 5542 2354 5589 vr,
2394 5525 2484 5580 5i.
2563 5524 2608 5554 ³³
2635 5523 2754 5578 Act.
2800 5536 2918 5591 vm,
2952 5523 3024 5578 30
3054 5540 3207 5597 seqq.

403 5661 637 5805 £67316.
680 5664 764 5720 Ex
817 5672 950 5720 edit.
1001 5664 1159 5728 Bora.
1195 5673 1252 5716 et
1287 5661 1436 5731 Lips.
1490 5661 1754 5715 additum.

430 5732 505 5790 68
550 5734 660 5805 ἔγν.
688 5734 831 5791 Loco
862 5736 954 5790 cit.
990 5746 1073 5790 est
1106 5731 1472 5804 ἐμνήσθησαν.

550 5734 660 5806 ἔγν.
688 5734 831 5791 Loco
862 5736 954 5790 cit.
990 5746 1073 5790 est
1106 5731 1472 5804 ἐμνήσθησαν.

2368 5658 2705 5749 ὁηῚηρᾈΙρ.
2733 5656 2914 5730 ἔλεγεν
2945 5660 3147 5727 αὐτοῖς.

2077 5728 2186 5799 (70)
2222 5730 2359 5800 Κυρ.
2390 5730 2468 5783 lh.
2512 5728 2737 5800 Ἰησοῦς.
