3974 6196
415 331 556 412 1009

979 346 1420 408 GR/ECARUM
1451 345 1758 406 AFFECT.
1797 343 2418 405 CURATIO.—VIII.
2459 345 2557 405 DE
2597 301 3111 405 MARTYllIBUS.

3542 331 3678 398 1010

415 462 592 536 εὐώδη
614 463 708 516 καὶ
729 460 950 534 ἄριστον
985 463 1338 534 προσενέγκοι
1360 463 1402 495 ¹⁷
1430 465 1542 528 τοῖς
1567 461 1871 533 δαιτυμόσι,
1897 460 1995 515 κύ-

2102 461 2335 531 quentia
2359 475 2585 532 prorsus
2613 466 2890 531 expertes,
2921 456 3014 513 alii
3043 472 3076 511 a
3101 450 3290 526 pueris
3318 448 3674 522 piscationem

416 551 524 616 λιξι
555 552 651 605 καὶ
674 550 894 620 φιάλαις
925 552 1122 623 ἐγχέας
1151 554 1250 606 οὐκ
1278 552 1619 623 ῆσκημέναις
1640 552 1719 615 είς
1759 551 1954 615 κάλλος
1975 567 1990 582 ο

417 642 533 697 ἀλλ’
561 642 616 695 οἵ
641 658 708 712 γε
752 643 1012 713 διψῶντες
1061 645 1500 716 ἐπεμφοροΰνται
1523 644 1567 678 ⁸⁸
1594 644 1689 698 τοῦ
1731 644 1991 713 νάματος,

415 733 515 786 οὐκ
550 734 630 796 είς
685 732 782 796 τὰς
831 733 1058 798 κύλικας
1121 733 1455 806 ἀφορῶντες,
1513 734 1647 788 ἀλλὰ
1698 734 1791 787 τὸν
1849 729 1994 787 οἶνον

417 825 806 896 θαυμάζοντες.
846 825 1017 879 Τοῦτο
1051 826 1254 889 πάντες
1301 825 1577 897 ἄνθρωποι
1615 825 1850 897 δρῶντες
1875 826 1994 879 δια-

414 903 630 971 τελοῦσι
653 917 727 949 ¹⁹ο
757 919 852 971 καὶ
898 919 1006 971 τῶν
1039 918 1198 973 θείων
1235 917 1602 981 ἀπολαύοντες
1640 915 1890 988 ῥείθρων,
1932 917 1993 970 οὐ

417 1003 580 1072 μόνον
621 1004 683 1057 οὐ
720 1000 1042 1076 κωμῳδοῦσι
1091 1005 1198 1059 τῶν
1247 1005 1559 1060 ἀποστόλων
1586 1007 1685 1070 τὰς
1727 1007 1991 1076 γλώττας,

415 1091 549 1146 ἀλλὰ
579 1095 674 1147 καὶ
707 1095 846 1164 ἄγαν
873 1095 1264 1166 θαυμάζουσιν,
1295 1097 1386 1150 ὅτι
1406 1095 1470 1166 δὴ
1499 1096 1544 1128 ³ο
1572 1095 1746 1166 λόγων
1777 1095 1994 1166 στωμύο

415 1181 522 1234 λων
565 1181 717 1247 δντες
769 1184 1026 1256 ἀμύητοι,
1066 1185 1161 1239 καὶ
1211 1187 1260 1238 οἱ
1307 1187 1405 1256 μὲν
1454 1185 1690 1241 ἁλιεύειν
1742 1187 1994 1241 παιδόθεν

416 1272 824 1345 μεμαθηκότες,
865 1275 997 1328 οἱδέ
1028 1275 1339 1340 τελωνικοῖς
1386 1276 1774 1349 ἐργαστηρίοις
1823 1294 1993 1350 προσ-

413 1364 766 1436 ηδρευκότες,
809 1365 958 1419 ἄλλοι
987 1367 1042 1420 δὲ
1077 1368 1479 1438 σκυτοτομικὴν
1516 1369 1996 1440 μεταχειρίσαντες

415 1455 631 1526 τέχνην,
681 1455 1078 1526 άπεφάνθησαν
1135 1457 1393 1530 ἐξαίφνης
1445 1457 1604 1513 θείων
1643 1461 1838 1529 λογίων
1883 1461 1997 1516 διά-

417 1560 582 1610 κονοι,
609 1544 704 1597 καὶ
722 1544 940 1615 δωρεῶν
963 1545 1300 1616 ἐπουρανίων
1318 1545 1610 1618 διανομεῖς,
1637 1549 1732 1603 καὶ
1753 1550 1996 1622 σωτῆρες

416 1634 747 1701 ἀλεξίκακοι,
779 1635 874 1689 καὶ
907 1638 1194 1709 φωστῆρες
1223 1637 1511 1708 φανότατοι
1532 1640 1598 1706 υ,
1626 1641 1723 1711 οὐχ
1756 1640 1812 1693 ἐν
1843 1641 1994 1706 ἐθνος

419 1726 763 1796 φωτίζοντες,
791 1726 906 1781 ἀλλ’
943 1728 1152 1800 ὅσαπερ
1179 1731 1207 1782 ὁ
1229 1727 1503 1801 ὁρώμενος
1527 1731 1572 1761 ³⁸
1601 1731 1771 1802 ῆλιος.
1797 1727 1996 1801 Ἀγαν-

415 1833 504 1870 ται
531 1818 586 1870 δέ
616 1817 979 1889 διαφερόντως
1025 1819 1263 1884 ἅπαντες
1304 1821 1400 1874 καὶ
1431 1820 1799 1893 θαυμάζουσιν
1815 1823 1884 1890 ’³,
1913 1823 1994 1877 ὅτι
2028 1803 2067 1857 Β

415 1907 478 1977 δὴ
506 1909 598 1962 καὶ
621 1909 917 1974 τεθνεῶτες
947 1911 1286 1965 ἐπιτελοῦσιν
1332 1912 1474 1984 άπερ
1499 1912 1562 1984 δὴ
1593 1914 1686 1969 καὶ
1715 1914 1995 1985 περιόντες

417 1998 678 2055 εἰώθεσαν
721 2003 986 2072 ἐνεργεῖν,
1041 2005 1244 2076 μᾶλλον
1294 2005 1350 2058 δὲ
1398 1993 1578 2077 πολλῷ
1631 2007 1851 2077 μείζονα
1901 2009 1994 2063 καὶ

417 2090 770 2162 λαμπρότερα
817 2096 886 2149 τὰ
921 2097 1059 2166 μετά
1105 2097 1204 2169 τὴν
1251 2097 1500 2153 ἐντεῦθεν
1546 2099 1811 2171 ἐκδημίαν
1865 2104 1995 2172 παρ’

418 2181 640 2237 ἐκείνων
666 2186 985 2259 τελούμενα.
1027 2189 1220 2256 Ἠνίκα
1252 2190 1350 2261 μὲν
1379 2189 1487 2263 γὰρ
1515 2191 1783 2263 μετὰ-τῶν
1812 2194 1997 2263 σωμά-

419 2291 526 2327 των
581 2276 977 2345 ἐπολιτεύοντο,
1030 2280 1127 2336 νῦν
1188 2283 1289 2354 μὲν
1334 2284 1485 2356 παρά
1513 2283 1758 2352 τούτους,
1808 2285 1902 2339 νῦν
1940 2286 1996 2339 δέ

419 2367 548 2439 παρ’
587 2369 827 2434 ἐκείνους
868 2373 1123 2442 ἐφοίτων,
1175 2375 1267 2428 καὶ
1298 2375 1485 2430 ἄλλοτε
1537 2377 1635 2447 μὲν
1681 2377 1994 2446 Ῥωμαίοις,

415 2457 607 2511 ἀλλοτε
654 2459 710 2512 δέ
771 2461 1042 2526 Ἱσπανοτς
1095 2464 1124 2535 ἢ
1167 2463 1394 2528 Κελτοῖς
1433 2464 1771 2534 διελέγοντο·
1811 2465 1996 2536 ἐπειδὴ

415 2547 472 2600 δέ
502 2550 639 2618 πρὸς
669 2550 874 2605 ἐκεῖνον
906 2553 1247 2625 ἐξεδήμησαν
1280 2557 1370 2626 ὑφ’
1408 2550 1468 2610 οὗ
1507 2555 1994 2628 κατεπέμφθησαν,

418 2637 656 2703 ἅπαντες
705 2640 884 2694 αὐτῶν
936 2643 1224 2714 ἐνδελεχῶς
1272 2645 1657 2712 ἀπολαύουσιν,
1718 2645 1778 2699 οὐ
1839 2646 1998 2718 μόνον

429 2728 708 2800 Ῥωμαῖοι,
760 2733 854 2786 καὶ
895 2733 1010 2786 ὅσοι
1057 2751 1120 2802 γε
1168 2735 1260 2790 τὸν
1291 2738 1495 2790 τούτων
1549 2737 1805 2807 ἀγαπῶσι
1835 2736 1998 2807 ζυγὸν

417 2821 512 2873 καὶ
548 2819 655 2875 ὑπὸ
702 2823 910 2877 τούτων
959 2824 1252 2894 ίθύνονται,
1295 2828 1433 2883 ἀλλά
1480 2831 1574 2883 καὶ
1621 2830 1852 2901 Πέρσαι,
1905 2833 2000 2884 καὶ

417 2913 650 2979 Σκύθαι,
693 2917 787 2970 καὶ
847 2917 1239 2986 Μασσαγέται,
1311 2920 1404 2974 καὶ
1461 2921 1848 2992 Σαυρομάται,
1907 2922 2000 2975 καὶ

429 3001 602 3067 Ἰνδοὶ,
637 3005 730 3057 καὶ
780 3005 1057 3072 Αἰθίοπες,
1100 3006 1196 3060 καὶ
1232 3005 1530 3078 ξυλλήϐδην
1577 3009 1751 3062 εἰπεῖν
1785 3007 2001 3063 ἅπαντα

419 3095 516 3164 τῆς
538 3096 868 3167 οίκουμὲνης
901 3097 970 3150 τὰ
1001 3097 1268 3169 τέρματα.
1299 3099 1378 3151 Τά
1405 3099 1513 3170 γὰρ
1539 3099 1603 3171 δὴ
1628 3099 1832 3153 τούτων
1868 3099 2000 3170 ξυγ-

420 3155 748 3258 γράμματα,
780 3155 931 3242 ἀὲἐλε
961 3206 1024 3258 γε
1054 3155 1181 3244 δντα
1209 3191 1302 3244 καὶ
1345 3155 1445 3261 τῆς
1481 3155 1801 3262 ³Ἑλληνικῆς
1837 3155 2003 3262 γεγυ-
2029 3155 2071 3214 C

421 3279 682 3348 μνωμένα
728 3279 1132 3351 λαμπρότητος,
1169 3283 1263 3335 καὶ
1310 3282 1408 3352 μὲν
1439 3282 1502 3352 δὴ
1535 3285 1631 3336 καὶ
1667 3281 1876 3353 σμικρά
1907 3282 2004 3336 καὶ

418 3367 597 3435 ὀλίγα,
635 3372 800 3424 πᾶσιν
829 3371 1138 3442 ἀνθρώποις
1169 3374 1316 3426 ἐστὶν
1343 3371 1659 3444 ἀξιέραστα,
1686 3373 1824 3443 πλὴν
1850 3373 2003 3444 ὑμῶν

422 3465 515 3517 καὶ
535 3465 590 3518 εί
613 3483 698 3530 τις
725 3469 851 3536 ὑμῖν
883 3469 1282 3540 παραπλησίως
1304 3469 1400 3540 τὴν
1427 3457 1524 3539 τῆς
1550 3469 1808 3533 ἀπιστίας
1839 3487 2005 3524 κατα-

423 3556 730 3627 κεχυμένην
777 3557 915 3628 ἔχων
937 3559 983 3589 ’⁸
1025 3558 1212 3628 ἀχλὺν,
1248 3559 1374 3612 ίδείν
1403 3559 1501 3612 οὐκ
1531 3559 1702 3613 ἐθέλει
1732 3561 1831 3631 τῆς
1869 3559 2003 3630 ἀληέ

423 3644 569 3709 θείας
598 3647 694 3719 τὴν
716 3647 932 3720 αἴγλην.
966 3649 1040 3702 Οὐ
1074 3650 1233 3720 μόνον
1262 3647 1316 3702 δέ
1347 3648 1447 3719 τῆς
1485 3648 1802 3720 Ἑλληνικῆς
1830 3647 2005 3702 ταῦτα

424 3735 691 3807 κομψείας
701 3738 1073 3808 γεγύμνωται,
1089 3739 1224 3792 ἀλλὰ
1241 3739 1334 3792 καὶ
1349 3737 1457 3793 τῶν
1473 3737 1810 3808 πραγμάτων
1821 3731 1965 3793 ὧνπε
1971 3755 2004 3809 ρ

423 3825 662 3880 διδάσκει
688 3828 786 3899 τὴν
813 3829 974 3898 φύσιν
1002 3831 1062 3883 οὐ
1088 3832 1291 3902 σεμνὴν
1313 3847 1433 3884 τινα
1455 3828 1569 3901 ἔχει
1600 3830 1694 3884 καλ⁸
1729 3831 2004 3902 περιφανῆ

424 3918 518 3971 καὶ
552 3919 934 3990 περίϐλεπτον.
980 3922 1054 3975 Οὐ
1101 3923 1211 3994 γὰρ
1246 3922 1530 3994 ὁρωμένην
1569 3921 1692 3977 τινὰ
1728 3925 1839 3986 τοῖς
1886 3922 2004 3977 θια-

428 4008 625 4074 σώταις
658 4012 994 4066 ἐπιδεικνῦσι
1043 4012 1338 4084 βασιλείαν,
1378 4013 1655 4086 ἁλουργίδι
1686 4017 1731 4047 ⁸⁵
1771 4031 2006 4086 κοσμου-

430 4099 614 4172 μένην,
674 4103 768 4155 καὶ
826 4104 1076 4174 στεφάνῳ
1127 4104 1608 4177 λαμπρυνομένην,
1648 4105 1742 4160 καὶ
1789 4104 1867 4176 τῷ
1899 4105 2006 4159 τῶν

424 4195 820 4266 ἀσπιδηφόρων
857 4199 903 4229 ’⁸
936 4198 1028 4250 καὶ
1057 4197 1370 4269 δορυφόρων
1414 4198 1511 4251 καὶ
1542 4199 1736 4272 πλήθει
1765 4201 1859 4253 καὶ
1912 4218 2004 4272 με·

427 4287 578 4356 γέθει
606 4288 1039 4360 σεμνυνομένην,
1065 4291 1156 4343 καὶ
1181 4290 1346 4361 τόσην
1371 4289 1522 4363 [lli]
1568 4291 1794 4363 ἔχουσαν
1846 4309 2008 4364 στρα-

427 4381 550 4433 τιὰν
571 4381 640 4446 ⁸⁷,
673 4381 768 4434 καὶ
799 4383 1138 4452 στρατηγοὺς
1167 4383 1478 4453 ἀριστεύειν
1503 4385 1559 4436 ἐν
1586 4384 1845 4455 πολέμοις
1883 4383 2009 4438 δεδι-

2096 553 2300 617 edocti,
2334 551 2423 606 alii
2452 552 2872 622 publicanorum
2897 547 3104 605 mensis
3133 543 3408 606 assistere,
3437 540 3528 595 alii
3557 547 3678 594 ten-

2099 643 2238 696 toria
2268 641 2552 697 elaborare
2589 642 2758 706 soliti,
2801 640 3120 696 divinorum
3149 633 3495 706 eloquiorum
3531 631 3679 687 illico

2097 732 2360 797 ministri,
2390 733 2805 804 calestiumque
2830 733 3100 788 bonorum
3123 728 3530 797 dispensatores
3552 738 3681 792 pro-

2098 824 2322 889 dierint,
2352 835 2407 879 et
2438 825 2704 879 salutiferi
2741 824 3011 878 malorum
3063 820 3384 891 depulsores
3426 815 3680 884 claraque

2067 914 2412 980 ~luminaria,
2439 929 2549 968 non
2576 929 2740 969 unam
2769 915 2932 970 modo
2955 924 3196 985 gentem,
3225 909 3319 966 sed
3349 923 3682 977 quocunque

2097 1006 2176 1060 sol
2209 1005 2302 1060 hic
2346 1021 2509 1076 quem
2544 1008 2824 1061 cernimus
2863 1005 3044 1061 radios
3091 1003 3271 1060 fundit
3329 999 3680 1055 illustrantia.

2097 1095 2456 1151 Admirantur
2481 1107 2664 1153 autem
2692 1106 2747 1153 et
2780 1097 3090 1168 suspiciunt
3112 1097 3389 1167 pracipue
3411 1090 3680 1148 universi.

2098 1188 2244 1258 quod
2266 1189 2379 1260 jam
2407 1190 2612 1244 mortui
2638 1205 2702 1244 ea
2729 1206 2876 1244 nunc
2899 1203 3116 1259 quoque
3141 1193 3424 1259 peragant,
3457 1198 3579 1254 qua
3604 1182 3681 1234 vi-
3721 1241 3724 1244 ,

2095 1289 2288 1335 ventes
2309 1270 2492 1336 facere
2518 1280 2787 1336 solebant.
2817 1281 2932 1336 Imo
2957 1295 3088 1335 vero
3136 1279 3296 1349 longe
3320 1276 3525 1346 majora
3557 1280 3683 1327 sunt

2097 1377 2151 1425 et
2179 1371 2412 1426 clariora
2441 1388 2560 1442 qua
2587 1373 2657 1427 ab
2690 1371 2816 1437 illis,
2848 1381 3136 1443 postquam
3166 1371 3296 1425 hinc
3326 1369 3534 1432 abiere,
3590 1382 3683 1436 ge—

2098 1468 2182 1516 sta
2225 1469 2370 1516 sunt.
2416 1460 2553 1516 Cum
2591 1463 2739 1516 enim
2775 1477 3008 1531 corpora
3051 1460 3226 1515 induti
3260 1461 3404 1514 inter
3430 1456 3682 1512 homines

2097 1552 2482 1620 versabantur,
2517 1553 2681 1610 modo
2707 1554 2773 1608 ad
2805 1555 2925 1621 hos,
2970 1554 3132 1609 modo
3179 1553 3247 1608 ad
3289 1552 3411 1606 illos
3447 1548 3680 1619 populos

2099 1646 2454 1712 accedebant,
2482 1655 2538 1703 et
2579 1663 2727 1703 nunc
2760 1647 3058 1714 Romanos,
3091 1661 3238 1701 nunc
3283 1643 3553 1712 Hispanos
3585 1637 3680 1692 aut

2097 1736 2281 1794 Celtas
2307 1739 2753 1809 alloquebantur.
2791 1739 3087 1809 Postquam
3131 1753 3262 1791 vero
3301 1735 3368 1789 ad
3417 1733 3571 1788 illum
3622 1745 3681 1786 se

2096 1839 2426 1900 receperunt
2449 1846 2479 1884 a
2501 1845 2610 1900 quo
2631 1829 2780 1886 missi
2806 1831 3043 1894 fuerant,
3070 1842 3260 1883 omnes
3286 1824 3395 1880 illis
3419 1821 3679 1878 continue

2096 1920 2496 1990 perfruuntur:
2529 1937 2641 1977 non
2671 1923 2848 1977 solum
2878 1919 3134 1984 Romani,
3167 1919 3371 1989 quique
3404 1915 3681 1970 Romano-

2097 2026 2219 2064 rum
2245 2011 2437 2083 jugum
2480 2022 2684 2080 amant,
2723 2023 2779 2068 et
2807 2012 2876 2068 ab
2923 2013 3030 2067 illis
3073 2009 3470 2083 gubernantur,
3501 2005 3596 2060 sed
3626 2011 3682 2060 et

2098 2097 2298 2166 Persa,
2349 2109 2406 2155 et
2449 2099 2683 2173 Scytha,
2719 2112 2775 2158 et
2821 2103 3152 2173 Massagetae,
3201 2109 3257 2154 et
3298 2098 3577 2161 Sarmatae,
3626 2103 3681 2149 et

2098 2189 2239 2255 lndi,
2268 2197 2326 2246 et
2352 2189 2658 2262 Ethiopes,
2702 2199 2886 2262 atque,
2920 2201 2980 2246 ut
3029 2192 3198 2247 semel
3243 2189 3442 2253 dicam,
3488 2200 3681 2242 omnes

2099 2280 2237 2337 fines
2279 2291 2460 2339 terrae.
2495 2283 2702 2338 l'lorum
2737 2299 2975 2355 namque
3009 2285 3232 2354 scripta,
3265 2280 3532 2352 simplicia
3565 2279 3678 2342 illa,

2099 2369 2384 2444 Graeique
2414 2373 2610 2430 nitoris
2651 2375 2934 2446 expertia,
2985 2384 3100 2429 tum
3148 2389 3320 2445 pauca
3349 2386 3585 2426 numero
3625 2379 3682 2424 et

2099 2463 2313 2533 exigua,
2347 2465 2562 2520 cunctis
2594 2465 2915 2520 hominibus
2959 2466 3278 2520 charissima
3328 2472 3475 2526 sunt,
3524 2462 3683 2516 vobis

2099 2555 2364 2623 exceptis,
2395 2565 2451 2610 et
2474 2556 2518 2610 si
2544 2557 2686 2626 quis,
2713 2557 2906 2612 eadem
2933 2573 3040 2627 qua
3078 2564 3133 2611 et
3158 2572 3255 2610 vos
3281 2553 3683 2610 incredulitatis

2101 2643 2303 2698 nebula
2327 2645 2557 2711 offusus,
2581 2646 2832 2702 veritatis
2851 2647 3013 2718 jubar
3037 2647 3308 2716 inspicere
3332 2645 3490 2716 901
3523 2644 3679 2706 nolit.

2100 2735 2220 2791 Non
2249 2738 2427 2792 solum
2469 2747 2653 2792 autem
2684 2736 2884 2792 Graca
2916 2737 3186 2792 facundia
3223 2742 3418 2790 ornatu
3453 2737 3467 2754 '
3497 2741 3685 2788 carent

2101 2829 2214 2894 illa,
2253 2830 2348 2884 sed
2379 2839 2434 2885 et
2469 2845 2652 2884 rerum
2687 2845 2823 2900 quas
2866 2829 3068 2884 docent
3103 2844 3167 2883 ea
3208 2835 3291 2883 est
3326 2825 3588 2890 conditio,
3624 2832 3686 2878 ut

2101 2919 2452 2990 “magnificum
2481 2927 2537 2976 et
2579 2921 2790 2976 illustre
2825 2920 2962 2974 nihil
2994 2919 3248 2974 habeant.
3282 2918 3394 2972 Nec
3423 2917 3570 2971 enim
3605 2915 3687 2968 vi-

2103 3010 2264 3066 sibile
2295 3011 2519 3082 aliquod
2550 3027 2778 3084 regnum
2812 3011 3177 3067 sectatoribus
3203 3010 3317 3066 suis
3348 3016 3682 3080 proponunt,

2105 3120 2349 3175 purpura
2377 3115 2653 3171 ornatum,
2685 3112 2741 3160 et
2766 3119 2968 3160 corona
2999 3103 3296 3174 refulgens,
3325 3110 3689 3156 scutatorum-

2104 3211 2210 3265 que
2245 3211 2310 3250 ac
2336 3196 2663 3264 stipatorum
2690 3211 2924 3252 numero
2950 3203 3006 3251 et
3046 3195 3420 3267 magnitudine
3448 3194 3687 3250 circum-

2104 3293 2341 3353 septum,
2390 3293 2446 3338 ct
2489 3286 2773 3355 copiosum
2816 3286 3026 3341 habens
3059 3289 3384 3353 exercitum,
3423 3302 3486 3341 ac
3521 3285 3690 3340 duces

2104 3374 2320 3428 fortiter
2364 3374 2420 3428 in
2471 3375 2616 3430 bello
2663 3391 2721 3430 se
2768 3383 3048 3446 gerentes,
3084 3377 3189 3431 alia
3232 3379 3470 3448 denique
3505 3377 3691 3432 omnia

2105 3481 2227 3537 qua
2269 3465 2410 3521 fama
2468 3465 2712 3522 illustres
2746 3481 3090 3537 possessores
3136 3463 3275 3521 suos
3308 3466 3564 3532 efﬁciant,
3592 3468 3689 3520 sed

2106 3556 2422 3625 speluncam
2445 3564 2500 3610 et
2530 3569 2794 3625 prasepe,
2821 3563 2876 3610 et
2907 3556 3295 3624 pauperculam
3321 3555 3608 3624 virginem,
3635 3563 3690 3607 et

2107 3648 2258 3702 tenui
2295 3647 2463 3702 fascia
2508 3647 2827 3702 obvolutum
2863 3646 3191 3700 infantulum
3240 3647 3331 3701 illo
3365 3646 3420 3699 in
3462 3647 3688 3714 prasepi

2107 3734 2456 3799 reclinatum,
2485 3741 2538 3789 et
2564 3732 2846 3803 oppidum,
2869 3733 2922 3788 in
2944 3749 3053 3804 quo
3083 3733 3197 3788 haec
3227 3743 3376 3805 gesta
3404 3743 3552 3796 sunt,
3587 3751 3690 3804 pu-

2108 3826 2291 3881 sillum
2339 3834 2395 3880 et
2435 3824 2702 3897 ignobile;
2737 3827 3037 3881 crescentis
3072 3825 3260 3882 adhac
3297 3825 3520 3881 infantis
3553 3842 3690 3897 pau-

2106 3927 2395 3990 pertatem,
2423 3927 2480 3973 et
2506 3918 2727 3984 famem,
2761 3926 2815 3973 et
2844 3918 3012 3986 sitim,
3042 3928 3097 3974 et
3125 3919 3442 3990 languorem
3469 3919 3536 3974 de
3564 3919 3648 3974 via
3673 3937 3687 3985 ;

2107 4018 2163 4066 et
2188 4017 2313 4080 post
2335 4009 2452 4064 hac
2475 4010 2782 4080 passionem
2813 4011 2880 4064 ab
2907 4011 3163 4066 omnibus
3189 4010 3554 4077 decantatam,
3584 4014 3692 4066 ala-

2107 4117 2204 4173 pas
2229 4101 2285 4156 in
2308 4102 2585 4156 maxillam
2613 4101 2879 4166 incussas,
2905 4107 3056 4172 terga
3082 4103 3267 4174 ﬂagris
3295 4103 3542 4170 discissa,
3570 4120 3694 4158 cru-

2108 4209 2248 4260 cem,
2291 4193 2494 4258 clavos,
2529 4192 2620 4257 fel,
2653 4203 2892 4258 acetum,
2927 4202 3182 4248 mortem.
3218 4195 3286 4249 Et
3330 4205 3534 4261 tamen,
3567 4211 3693 4249 eum

2107 4287 2226 4341 hac
2269 4293 2324 4340 et
2375 4285 2464 4340 his
2505 4284 2704 4340 similia
2748 4292 2977 4339 narrent
3028 4287 3402 4355 apostolorum
3453 4288 3690 4358 scripta,

2110 4377 2275 4431 ﬁdem
2329 4376 2582 4431 fecerunt
2635 4377 2850 4431 cunctis
2906 4375 3256 4444 hominibus,
3309 4378 3691 4441 Dei‘Filium,

430 4471 750 4540 δαγμένους,
785 4475 882 4527 καὶ
916 4472 1086 4527 τᾶλλα
1133 4474 1232 4527 ὅσα
1267 4474 1709 4547 πολυθρυλήτους
1754 4477 1878 4541 τοὺς
1915 4493 2000 4530 κε-

2114 4470 2397 4538 Deumque
2428 4475 2555 4523 ante
2595 4467 2791 4522 sacula
2820 4468 3086 4538 genitum,
3121 4479 3175 4523 et
3209 4468 3473 4524 factorem
3505 4486 3695 4524 rerum

433 4565 734 4635 κτημένους
780 4567 956 4619 ποιεῖ·
995 4565 1131 4620 ἀλλὰ
1176 4567 1458 4638 σπήλαιον,
1494 4569 1587 4622 καὶ
1633 4569 1862 4641 φάτνην,
1916 4569 2008 4622 καὶ

432 4656 697 4728 παρθένον
729 4659 1002 4731 χερνῆτιν,
1049 4658 1142 4710 καὶ
1170 4658 1372 4729 βρέφος
1408 4659 1647 4712 εὐτελέσι
1678 4660 2009 4731 σπαργάνοις

429 4745 776 4817 ἑνειλημένον
795 4748 865 4814 ⁸⁸,
893 4749 990 4802 καὶ
1037 4749 1128 4802 ἐπὶ
1153 4749 1315 4817 κενῆς
1336 4750 1382 4781 ’⁵
1424 4749 1754 4822 ἐρριμμένον
1780 4751 1879 4820 τῆς
1910 4751 2010 4820 φά·

429 4854 582 4907 τνης,
632 4839 728 4892 καὶ
777 4839 976 4909 χωρίον
1026 4839 1212 4906 ἄδοξον
1250 4840 1344 4892 καὶ
1395 4839 1625 4910 σμικρὸν
1663 4842 1720 4892 ἐν
1754 4833 1797 4909 ᾧ
1839 4839 2010 4894 ταῦτα

431 4931 668 4997 ἐγένετο,
731 4932 826 4985 καὶ
875 4927 939 4984 αὖ
1003 4933 1165 4986 πάλιν
1210 4933 1401 4988 πενίαν
1453 4931 1776 5005 αὐξηθέντος
1811 4933 1855 4965 ⁸ο
1916 4933 2009 4988 τοῦ

436 5021 689 5090 βρέφους,
729 5023 824 5076 καὶ
865 5025 1053 5077 πεῖναν
1080 5025 1147 5090 ³³,
1179 5025 1272 5078 καὶ⁵
1299 5024 1470 5094 δίψος,
1519 5024 1611 5078 καὶ
1651 5025 1741 5079 τὸν
1787 5024 1844 5090 ἐξ
1877 5025 2014 5078 ὁδοι-

436 5112 630 5185 πορίας
658 5115 838 5181 πόνον,
876 5115 971 5169 καὶ
1007 5116 1144 5188 μετά
1177 5115 1349 5171 ταῦτα
1379 5116 1440 5170 τὸ
1470 5115 1619 5188 παρὰ
1649 5118 1864 5172 πάντων
1890 5117 2011 5187 ᾲδό-

2116 4559 2362 4615 omuium
2387 4566 2550 4630 atque
2584 4559 2833 4629 opificem
2865 4575 3006 4623 esse,
3039 4561 3132 4629 qui
3165 4560 3458 4615 humanam
3487 4577 3697 4616 assum-

2116 4653 2223 4722 psit
2249 4659 2523 4717 naturam,
2555 4667 2655 4721 per
2703 4667 2932 4723 eamque
2964 4653 3190 4708 humani
3225 4657 3440 4725 generis
3467 4655 3697 4709 salutem

2117 4752 2374 4813 operatus
2407 4751 2510 4797 est.
2548 4742 2738 4812 Neque
2785 4759 2915 4797 vero
2957 4744 3281 4814 simpliciter
3332 4745 3494 4802 fidem
3548 4747 3695 4802 fece-

2117 4842 2266 4899 runt,
2294 4833 2391 4888 sed
2417 4841 2622 4888 tantam
2652 4835 2813 4889 fidem
2841 4836 3096 4905 plurimis
3124 4836 3440 4903 infixerunt,
3470 4847 3529 4891 ut
3553 4856 3698 4893 mor-

2117 4936 2227 4983 tem
2261 4926 2468 4997 probis
2489 4927 2758 4999 dogmatis
2787 4927 3150 4983 libentissime
3169 4928 3331 5000 902
3351 4938 3694 4999 oppeterent,

2116 5037 2291 5091 eaque
2337 5019 2567 5075 inﬁciari
2610 5019 2932 5091 iubentibus
2977 5020 3193 5090 linguas
3226 5021 3449 5076 minime
3495 5020 3697 5091 prode-

2118 5123 2266 5180 rent,
2287 5113 2382 5170 sed
2405 5111 2590 5185 ﬂagris
2609 5112 2870 5168 humeros
2891 5111 3102 5167 cadere
3124 5113 3457 5179 volentibus,
3485 5123 3541 5168 et
3565 5114 3701 5167 lam-

1742 5228 1979 5286 VARlE
2018 5227 2420 5284 LECTIONES

509 5348 552 5380 ¹⁷
585 5347 948 5431 προσενέγκῃ.
985 5347 1343 5431 προσενέγκω
1385 5331 1833 5431 Βῄπροισενέγκει

2043 5347 2087 5379 ¹⁸
2116 5343 2572 5414 ἐπεμφοροῦνται.
2606 5343 2973 5414 ἐμφοροῦνται
3002 5341 3193 5414 B,_Va.

3299 5344 3342 5376 ¹⁹
3373 5344 3695 5402 διατελοῦσι.

433 5409 714 5490 διατελῶσι
743 5418 804 5474 C.
830 5409 1008 5490 supra
1031 5409 1097 5472 ὀί
1126 5409 1403 5490 ἀνθρωποι
1430 5409 1534 5490 Vb:
1576 5419 1621 5451 ²⁰
1654 5409 1735 5472 ὃτί
1754 5409 1946 5490 ὃτι
1975 5434 2037 5486 γε
2068 5417 2129 5480 Β,
2274 5409 2285 5414 ’
2388 5409 2705 5490 φανότατοιζ
2732 5409 3052 5490 (ριξινώτατοιζ
3069 5411 3130 5476 Β,
3161 5412 3220 5468 C.
3258 5413 3379 5468 Mox
3409 5415 3463 5467 δὲ
3493 5432 3601 5469 οηι.
3633 5416 3696 5472 C.

434 5489 478 5561 ’ξ
520 5489 953 5561 όγόρώμενοςξό
982 5505 1095 5561 om.
1137 5489 1221 5561 B._
1239 5489 1336 5561 Va.

433 5559 479 5591 "
514 5553 811 5630 ἁλουργίδι,
838 5553 1242 5630 ἀλουργίδοςξϐ.
1323 5558 1368 5630 ’ἒ
1390 5557 1467 5630 τῷ
1526 5559 1634 5630 τῶν
1683 5553 2070 5630 ἀσπιδιφόρων.
2124 5557 2186 5608 τὸ
2219 5554 2326 5630 τῶν
2356 5553 2736 5630 ἀσπιδοφόρων
2765 5553 2824 5607 Β.

432 5630 477 5660 "
533 5621 746 5694 εὐτελὲς
801 5629 908 5702 [ἐν]
957 5621 1291 5700 σπαργάνοις
1347 5621 1706 5698 ἐνειλημένον.
1751 5621 1991 5682 εὐτελέσι
2060 5626 2390 5694 σπαργάνοις
2442 5621 2850 5748 ἐνειληὲμένον.
2888 5621 2929 5676 Β
2987 5621 3066 5694 [ἐν

434 5717 521 5748 νον
549 5702 695 5748 mni-
736 5700 991 5748 Ursinus.
1072 5701 1117 5734 ²⁹
1141 5697 1464 5748 ἐπ’ἐκείνης.
1504 5699 1598 5748 ἐπὶ
1640 5698 1802 5748 κενῆς
1833 5699 1892 5748 Β.
1971 5700 2013 5729 3“
2045 5695 2448 5748 ἐναυετθὲντος.
2481 5694 2615 5748 αὑξη
2659 5711 2805 5748 crto:
2857 5693 2900 5748 B
2933 5693 3066 5748 πενὶι

434 5717 521 5752 νον
549 5702 695 5770 conj.
736 5694 991 5755 Ur’sin'us.
1072 5694 1464 5768 δ’ἐπῖκείνης.
1504 5694 1598 5754 ἐπὶ
1640 5698 1802 5768 κενῆς
1833 5699 1892 5754 Β.
1971 5700 2013 5729 ³⁸⁸
2045 5695 2448 5767 ἐναυξηθὲντος.
2481 5694 2681 5766 αὐξηθὲ

435 5787 551 5840 νην.
583 5774 770 5824 πεῖναν
800 5770 862 5824 Β.

1439 5489 1485 5560 ξ³
1508 5490 1604 5560 καξι
1650 5483 1995 5560 θαυμάζουσι
2012 5502 2121 5542 om.
2153 5486 2286 5560 Yb._
2311 5485 2434 5560 Mox
2466 5483 2719 5560 είώθασιν
2748 5483 2845 5560 Ἰζᾶ.

2953 5482 2998 5514 ³⁵
3029 5481 3170 5552 ἔχων
3207 5498 3482 5552 suprascr.
3533 5501 3588 5554 p.
3620 5503 3695 5540 m.

2926 5553 2970 5584 ’7
3003 5554 3279 5612 στρατιάν.
3319 5553 3606 5612 στρατείαν
3633 5557 3696 5612 C.

3106 5569 3279 5607 ατιαν.
3319 5571 3380 5606 στ
3421 5569 3606 5608 ατειαν
3633 5569 3696 5612 L‘.

3070 5569 3236 5693 Tom.
3266 5623 3336 5695 ‘C
3385 5572 3698 5695 ἕνειλιμμέ-

2688 5711 2805 5758 ντος
2833 5693 2900 5767 ⁵Β
2933 5692 3087 5748 πενία
3125 5692 3303 5758 ἐναυξ.
3339 5695 3401 5751 C.
3504 5692 3700 5748 διάξει.
