3974 6196
236 275 369 341 1021

799 277 1235 337 GRAECARUM
1271 273 1571 335 AFFECT.
1614 272 1968 334 CURATIO.
1990 298 2059 307 --
2089 272 2253 335 VIII.
2296 271 2397 332 DE
2434 268 2948 331 MARTYRIBUS.

3357 265 3497 332 1022

233 386 512 455 νομίζετε,
561 384 655 441 καὶ
684 388 757 457 μὴ
789 384 938 449 θείας
968 385 1114 449 τινὸς
1159 385 1255 439 καὶ
1301 383 1615 455 τρισολϐίας
1640 382 1812 447 ὅντως

1934 384 2100 439 livina
2128 383 2313 455 potius
2332 396 2400 437 ac
2427 381 2747 437 felicissima
2777 389 2926 439 sorte
2953 377 3187 451 quadam
3209 375 3342 445 frui,
3363 379 3498 436 Pin—

232 478 445 549 λήξεως
474 476 624 549 [117]
651 477 980 541 ἀπολαῦσαι,
1014 476 1277 547 Πίνδαρος
1309 479 1336 529 ὁ
1364 475 1587 547 λυρικδς
1614 474 1817 545 ταύτην

237 572 395 642 ὑμῶν
422 569 727 624 ἐκϐαλλέτω
754 567 853 640 τὴν
880 569 1059 636 δόξαν,
1086 568 1262 638 λέγων
1291 568 1388 621 ὡδί
1410 584 1426 600 ’

245 685 446 752 Ψυχαὶ
470 683 529 752 δ’
556 682 845 752 εὐσεϐῶν,
872 683 942 752 ἐν
966 680 1243 752 οὐρανοῖς
1270 678 1647 752 ναιοῳᾳαιηθδ,

239 748 516 818 Δίολζπαῖς
536 751 777 822 μάκαρα
804 751 1000 822 μέγαν
1033 748 1346 807 ἀείδουσιν
1371 750 1415 781 ⁸⁸
1442 748 1511 804 ἐν
1550 749 1781 819 ὕμνοις.

240 868 303 919 ΕΞ
331 867 387 919 δὲ
420 865 527 917 τῶν
553 864 795 928 εὐσεϐῶς
839 863 1181 933 βεϐιωκότων
1210 860 1440 934 οὐρανὸς
1463 860 1818 929 ἐνδιαίτημα,

236 956 446 1026 ταύτην
479 954 664 1025 ἔχουσι
709 955 810 1026 τὴν
854 954 1007 1025 λῆξιν
1034 955 1084 1008 oi
1119 955 1430 1025 μάρτυρεςυ
1472 951 1680 1006 τούτων
1712 950 1821 1020 γὰρ

237 1047 392 1098 οὐδὲν
425 1045 834 1115 εὐσεϐέστερον.
891 1045 1005 1099 Καὶ
1050 1043 1420 1115 Ἐμπεδοκλῆς
1450 1043 1506 1097 δὲ
1535 1045 1565 1096 ό
1623 1038 1822 1113 Ἀκρα-

244 1138 495 1204 γαντῖνος
527 1134 670 1188 οὕτω
698 1135 861 1205 φησίν
877 1151 891 1165 ο
1206 1142 1211 1151 ·
1384 1192 1387 1195 ἰ

242 1252 348 1314 Είς
369 1248 439 1301 δὲ
474 1247 647 1314 τέλος
668 1247 916 1316 μάντεις
935 1263 1000 1301 τε
1032 1247 1129 1300 καὶ
1152 1246 1482 1315 ὑμνοπόλοι
1512 1245 1610 1316 καὶ
1631 1244 1821 1312 ἰητροί

244 1320 355 1373 Καὶ
383 1320 597 1387 πρόμοι
629 1314 1032 1385 άᾶθθρώποισιν
1064 1314 1462 1387 ἐπιχθονίοισι
1490 1314 1775 1387 πέλονται
1807 1329 1820 1345 ³

245 1384 468 1443 ’Ἱσῖιι-θεὶ⁸
500 1384 958 1444 ἃναᾶλάοντουσι
997 1387 1043 1420 ⁸⁸
1071 1384 1191 1441 θεοὶ
1224 1384 1429 1455 τιμῆσι
1459 1384 1748 1454 φέριστοι.

244 1524 310 1578 Ei
333 1524 390 1578 δὲ
412 1526 637 1595 μάντεις
664 1526 760 1577 καὶ
791 1525 1010 1593 ἰατροὺς
1036 1521 1303 1591 τοσαύτης
1329 1521 1371 1553 ⁸⁷
1394 1519 1594 1591 ἔφησεν
1619 1520 1825 1583 ἐκεῖνος

245 1614 529 1679 ἀξιοῦσθαι
561 1615 748 1686 τιμῆς,
782 1614 836 1667 τί
869 1614 935 1668 ἂν
969 1613 1114 1667 είποι
1142 1630 1227 1675 τις
1255 1612 1382 1682 περὶ
1401 1609 1510 1665 τῶν
1542 1611 1817 1679 τοσαύτην

1916 476 2084 532 darus
2129 476 2339 548 lyricus
2386 474 2531 530 hanc
2591 488 2622 530 a
2664 475 2824 532 vobis
2871 473 3187 547 Opinionem
3221 470 3499 531 extrudat.

1917 584 2043 623 cum
2077 567 2155 622 ait
2188 586 2200 621 :

1918 684 2128 753 Anima!
2154 684 2362 753 piorum
2383 683 2538 737 caelos
2572 682 2823 745 colentes,

1919 751 2095 809 Canta
2134 751 2344 807 beatum
2371 763 2420 806 et
2450 770 2703 823 magnum
2733 753 2995 823 inlzymnis
3021 756 3241 804 canunt.

1917 862 2075 929 Quod
2103 863 2151 919 si
2182 863 2382 919 caelum
2414 863 2574 919 sedes
2612 863 2834 918 illorum
2858 873 2941 918 est
2963 862 3056 933 qui
3090 863 3180 933 pie
3208 860 3375 915 vitam
3403 860 3503 915 du-

1919 963 2140 1019 xerunt,
2198 955 2339 1008 hanc
2380 953 2626 1024 profecto
2678 964 2950 1024 martyres
2988 964 3193 1009 sortem
3227 952 3500 1013 obtinent,

1922 1046 2126 1116 quibus
2163 1047 2316 1116 pium
2365 1046 2539 1115 magis
2584 1060 2705 1100 esse
2751 1046 2889 1099 nihil
2921 1053 3119 1115 potest.
3146 1042 3505 1113 Empedocles

1921 1154 2140 1209 quoque
2162 1137 2551 1208 Agrigentinus
2579 1137 2658 1191 sic
2684 1136 2931 1206 loquitur
2964 1155 2977 1190 :

2063 1249 2113 1303 Η
2152 1248 2366 1302 mnidici
2394 1256 2564 1312 vates,
2589 1249 2722 1301 artis
2756 1248 3067 1317 mediamque
3090 1247 3262 1316 periti,

2062 1268 2318 1373 Mzrtales
2356 1324 2567 1370 cunctos
2593 1319 2751 1373 primi
2782 1325 2895 1373 post
2929 1327 3076 1373 teraa
3107 1315 3262 1373 relinc

2120 1336 2149 1372 O

2154 1317 2318 1371 rtales
2356 1324 2567 1370 cunctos
2593 1319 2751 1387 primi
2781 1325 2895 1387 post
2929 1315 3433 1387 terga'relinquunt,

2064 1387 2200 1442 Sunt
2224 1388 2311 1441 ubi
2346 1388 2419 1440 dii
2439 1386 2616 1457 superi
2638 1386 2844 1458 magnis
2864 1387 2920 1440 in
2942 1386 3219 1440 honoribus
3248 1386 3405 1438 aucti.

1923 1522 2080 1591 Quod
2112 1522 2157 1577 si
2210 1522 2432 1578 vatibus
2486 1537 2551 1577 ac
2604 1522 2834 1577 medicis
2886 1532 3098 1577 tantum
3151 1521 3239 1575 ille
3280 1519 3508 1575 honoris

1925 1615 2197 1671 tributum
2231 1613 2509 1683 perbibet,
2542 1612 2677 1683 quid
2709 1612 2778 1668 de
2813 1613 2923 1667 illis
2963 1612 3255 1668 dicendum
3294 1612 3387 1676 sit,
3412 1610 3508 1680 qui

246 1706 671 1777 ἐπιδειξαμένων
707 1707 848 1777 ὑπὲρ
874 1705 1156 1768 εὐσεϐείας
1184 1703 1436 1775 ἀνδρείαν
1460 1703 1526 1769 ⁸⁸,
1564 1697 1646 1766 οἷς
1666 1698 1825 1773 τοῦρ-

1934 1716 2137 1763 tantam
2180 1722 2283 1776 pro
2324 1705 2592 1776 religione
2633 1705 2797 1775 912
2838 1704 3219 1759 fortitudinem
3247 1702 3507 1757 ostende-

247 1811 345 1864 γον
391 1795 451 1847 οὐ
500 1795 659 1866 μόνον
695 1795 968 1865 ἀνδρείαν,
1016 1794 1153 1849 ἀλλά
1200 1794 1295 1847 καὶ
1342 1792 1690 1863 δικαιοσύνην
1731 1793 1825 1845 καὶ

251 1887 606 1957 σωφροσύνην
652 1887 745 1939 καὶ
779 1886 971 1954 σοφίαν
1003 1886 1097 1939 καὶ
1131 1884 1390 1955 φρόνησιν
1424 1885 1721 1955 μαρτυρεῖ;
1762 1882 1825 1936 Τί

250 1975 361 2045 γὰρ
409 1976 849 2046 σωφρονέστερον
884 1974 992 2028 τῶν
1041 1974 1144 2027 οὐκ
1187 1973 1576 2044 ἀνασχομένων
1599 1972 1826 2025 ἐκείνων

254 2067 529 2136 ἐκστῆναι,
556 2066 701 2135 ἅπερ
732 2066 795 2130 ἐξ
824 2065 1001 2137 ἀρχῆς
1046 2060 1108 2118 εὖ
1145 2064 1289 2135 ἔχειν
1335 2063 1602 2117 ὑπέλαϐον
1629 2080 1643 2129 ;
1679 2062 1741 2115 Τί
1769 2063 1827 2117 δὲ

255 2158 583 2227 δικαιότερον
609 2157 718 2209 τῶν
762 2157 862 2219 τὰς
897 2156 1046 2218 θείας
1072 2153 1389 2223 εὐεργεσίας
1435 2152 1825 2224 ἀμειψαμένων

256 2252 435 2319 σφαγῇ
460 2289 476 2312 ,
522 2249 615 2302 καὶ
660 2248 732 2302 τά
761 2247 988 2315 σώματα
1020 2246 1397 2299 ἐκδεδωκότων
1449 2244 1592 2313 ὑπὲρ
1647 2241 1741 2296 τοῦ
1766 2241 1828 2294 τὸ

255 2341 413 2411 σῶμα
439 2338 884 2410 παραδεδωκότος
914 2336 1134 2407 σταυρῷ
1163 2353 1177 2402 ;
1210 2335 1274 2388 Τί
1321 2334 1377 2387 δὲ
1420 2330 1827 2405 φρονιμώτερον

252 2431 285 2501 ἢ
341 2428 645 2501 σοφώτερον
727 2427 838 2481 τῶν
898 2426 1041 2480 οὕτω
1124 2424 1298 2479 ταῦτα
1359 2422 1823 2494 βουλευσαμένων,

254 2525 348 2578 καὶ
383 2523 489 2576 τῶν
538 2522 636 2592 μὲν
679 2520 806 2590 τῇδε
852 2519 1440 2591 καταπεφρονηκότων,
1482 2516 1558 2579 ὡς
1606 2513 1826 2585 βέϐαιον

253 2615 404 2668 οὐδὲν
424 2614 655 2684 ἐχόντων
673 2613 795 2668 οὑδὲ
817 2613 1042 2682 μόνιμον
1073 2612 1142 2677 θ’,
1161 2608 1503 2679 ἐρασθέντων
1524 2606 1581 2660 δὲ
1604 2605 1828 2659 ἐκείνων

251 2706 288 2761 ἀ
312 2706 468 2775 λόγος
498 2702 823 2776 ἑρμηνεύειν
849 2704 893 2735 ⁷⁰
923 2702 985 2755 ού
1016 2701 1238 2754 δύναται
1265 2716 1279 2763 ;
1312 2699 1378 2751 Τί
1411 2698 1469 2750 δὲ
1503 2695 1831 2766 ἀνδρικώτε-

258 2815 348 2868 ρον
389 2796 499 2853 τῶν
541 2793 1073 2864 ἀνταγωνισαμένων
1121 2791 1259 2861 πρὸς
1305 2787 1478 2841 πολλά
1533 2787 1831 2857 παθήματα

254 2890 350 2941 καὶ
375 2888 609 2958 διάφορα
630 2924 648 2952 ,
689 2886 786 2941 καὶ
822 2887 949 2950 τοὺς
993 2884 1319 2947 κολάζοντας
1366 2882 1729 2952 νενικηκότων
1761 2882 1829 2951 τῇ

255 2979 521 3052 καρτερία
565 2980 665 3050 τῆς
701 2977 964 3049 γνώμηςς
1020 2976 1310 3047 Τοιγάρτοι
1362 2967 1509 3029 οὗτοί
1571 2976 1636 3044 γέ
1693 2976 1830 3028 εἰσιν

1925 1809 2077 1863 runt,
2124 1800 2143 1820 ‘
2181 1812 2419 1868 quorum
2449 1812 2540 1852 res
2572 1804 2739 1867 gestae
2768 1811 2881 1850 non
2923 1795 3101 1849 solum
3147 1791 3509 1856 fortitudinis.

1926 1890 2023 1945 sed
2070 1899 2129 1945 et
2159 1888 2409 1960 iustitiae,
2463 1894 2521 1942 et
2572 1885 2972 1956 temperantiae,
3008 1893 3065 1939 et
3097 1882 3400 1952 sapientiae,
3445 1897 3513 1937 ac

1926 1978 2235 2050 prudentiae
2289 1977 2455 2033 ﬁdem
2511 1975 2772 2031 faciunt?
2805 1974 2948 2041 Quid
2973 1974 3122 2028 enim
3158 1973 3265 2027 illis
3298 1982 3511 2039 tempe-

1927 2073 2123 2136 ratius,
2178 2071 2275 2141 qui
2320 2070 2391 2126 ab
2432 2069 2500 2124 iis
2531 2084 2654 2139 quae
2675 2068 2949 2139 principio
2974 2074 3123 2122 recta
3151 2080 3272 2120 esse
3299 2063 3513 2133 judica—

1929 2174 2082 2229 runt,
2133 2163 2335 2219 abduci
2361 2178 2420 2219 se
2446 2164 2591 2234 passi
2626 2178 2735 2218 non
2761 2163 2939 2218 sunt?
2970 2160 3112 2226 Quid
3145 2159 3254 2213 illis
3282 2158 3508 2228 justius,

1928 2256 2022 2327 qui
2072 2254 2259 2310 divina
2296 2254 2566 2312 beneﬁcia
2594 2254 2745 2311 caede
2771 2268 2869 2308 sua
2900 2256 3348 2321 compensarunt,
3388 2264 3514 2303 sua—

1928 2362 2038 2417 que
2072 2346 2179 2416 ipsi
2208 2361 2442 2416 corpora
2475 2360 2580 2414 pro
2629 2360 2698 2399 eo
2740 2344 3114 2407 tradiderunt,
3164 2341 3259 2410 qui
3309 2355 3514 2409 corpus

1930 2451 2092 2491 suum
2131 2449 2234 2506 pro
2282 2435 2444 2490 nobis
2472 2434 2625 2489 cruci
2654 2433 2924 2488 tradidit?
2949 2431 3090 2498 Quid
3127 2431 3235 2486 illis
3264 2430 3512 2499 pruden—

1930 2529 2063 2589 tius,
2102 2538 2199 2582 aut
2225 2518 2551 2595 sapientius.
2586 2525 2681 2593 qui
2709 2524 2776 2578 de
2818 2524 2907 2577 his
2944 2522 3237 2577 consilium
3281 2521 3387 2575 hoc
3426 2520 3514 2573 in-

1930 2620 2136 2684 ierunt,
2161 2628 2219 2673 et
2255 2616 2520 2672 inferiora
2544 2616 2647 2671 ista
2672 2620 3151 2683 contempserunt,
3185 2623 3247 2667 ut
3271 2627 3393 2682 quae
3417 2610 3513 2664 ﬁr—

1928 2726 2082 2769 mum
2111 2720 2169 2767 et
2197 2710 2393 2766 stabile
2422 2709 2567 2763 nihil
2591 2708 2853 2770 habeant,
2890 2707 2983 2761 illa
3006 2722 3141 2760 vero
3163 2705 3511 2767 adamatum,

1929 2819 2055 2876 qua!
2072 2803 2258 2859 verbis
2278 2800 2513 2871 exprimi
2534 2815 2644 2855 non
2672 2799 2943 2869 possunt?
2972 2797 3114 2864 Quid
3138 2798 3376 2867 denique
3406 2796 3517 2851 illis

1932 2897 2150 2959 fortius,
2177 2896 2272 2965 qui
2295 2893 2488 2948 multis
2506 2892 2786 2961 variisque
2809 2889 3150 2946 cruciatibus
3170 2889 3514 2951 restiterunt.

1934 2996 2284 3055 tortoresque
2336 3000 2468 3041 suos
2524 2982 2694 3038 animi
2747 2980 3058 3036 constantia
3104 2979 3402 3035 vicerunt?
3447 2978 3517 3035 Hi

255 3070 496 3141 ἀτεχνῶς
522 3070 567 3101 ⁷⁸
592 3069 795 3140 πρόμοι
819 3067 1143 3138 ἀνθρώπων,
1174 3067 1267 3122 καὶ
1289 3068 1563 3138 πρόμαχοι
1591 3067 1686 3120 καὶ
1708 3066 1828 3119 ἐπί-

1934 3085 2064 3132 sunt
2093 3092 2227 3131 vere
2261 3074 2548 3129 hominum
2573 3073 2823 3128 duceset
2845 3082 3305 3142 propugnatores,
3336 3079 3393 3126 et
3416 3087 3518 3126 au-

253 3177 475 3231 κουροι,
518 3162 615 3215 καὶ
638 3161 747 3214 τῶν
778 3160 964 3215 κακῶν
1010 3158 1372 3231 ἀποτρόπαιοι
1395 3199 1408 3220 ,
1441 3160 1543 3223 τὰς
1586 3158 1691 3212 ὑπὸ
1721 3158 1833 3212 τῶν

254 3252 524 3322 δαιμόνων
536 3251 940 3322 ἐπιφερομένας
951 3252 995 3282 ⁷⁸
1017 3248 1429 3319 ἀποδιοπομπού
1437 3266 1587 3317 μενοι
1602 3248 1829 3318 βλάϐας.

269 3345 327 3397 '0
349 3343 406 3397 δέ
435 3359 500 3411 γε
541 3341 895 3415 Ἡράκλειτος
922 3342 1019 3396 καὶ⁵
1048 3341 1176 3405 τοὺς
1217 3343 1275 3394 ἐν
1310 3339 1469 3412 [τοῖς]
1494 3340 1540 3372 ⁷⁸
1575 3340 1834 3409 πολέμοις

259 3438 646 3509 ἀναιρεθέντας
716 3438 903 3509 πάσης
938 3435 1139 3501 ’ἀξίους
1194 3435 1572 3505 ὑπολαμϐάνει
1626 3435 1831 3505 τιμῆςο

264 3548 283 3581 ι
343 3528 709 3601 Ἀρηῑφάτους
740 3529 872 3599 γὰρ,
899 3527 1085 3597 φησὶν,
1106 3527 1154 3580 oi
1187 3525 1298 3580 θεοὶ
1326 3525 1528 3596 τιμῶσι
1548 3525 1642 3578 καὶ
1666 3525 1717 3577 oi
1740 3524 1835 3577 ἀν-

260 3621 549 3692 Θρωποιτδ.
572 3640 591 3672 ι
612 3620 723 3674 Καὶ
741 3619 931 3673 πάλιν·
958 3637 977 3670 ι
1010 3618 1178 3672 Μόνοι
1199 3618 1309 3689 γάρ
1324 3618 1570 3687 μείζονες
1588 3614 1837 3687 μείζονος

265 3713 459 3784 μοίρας
482 3712 863 3781 λαγχάνουσιν.
912 3730 930 3763 ι
985 3711 1148 3763 Ἀλλά
1170 3709 1318 3765 τόνδε
1345 3709 1438 3763 τὸν
1467 3708 1625 3777 λόγον
1659 3707 1837 3776 ἔγωγε

260 3805 320 3856 οὐ
339 3804 672 3873 προσίεμαι·
695 3802 941 3855 πλεῖστοι
970 3801 1081 3873 γάρ
1103 3801 1169 3873 δὴ
1195 3800 1559 3871 παμπόνηρον
1582 3799 1837 3853 ἀσπασά-

266 3912 415 3967 μενοι
446 3895 560 3965 βίον
594 3895 684 3949 τὸν
728 3883 901 3967 βίαιον
938 3895 1234 3965 ὑπέμειναν
1271 3894 1520 3947 Θάνατον.
1565 3894 1628 3947 Εἰ
1658 3893 1839 3948 τοίνυν

264 3989 387 4052 τοὺς
417 3989 753 4059 ἀρηϊφάτους
775 3988 1020 4053 ἅπαντας
1053 3988 1321 4058 προσήκει
1345 3986 1533 4057 τιμᾷν,
1560 3984 1681 4057 ὥρα
1707 3986 1838 4056 ὑμῖν
1887 4016 1893 4025 ~

265 4083 359 4136 καὶ
388 4085 502 4146 τοῖς
543 4081 765 4135 Οἰδίπου
812 4082 971 4135 παισὶ
1016 4081 1134 4134 τόδε
1157 4081 1453 4150 ἀπονεῖμαι
1480 4078 1540 4132 τὸ
1563 4078 1757 4150 γέρας,
1790 4078 1841 4132 οἳ

265 4176 355 4229 τὸν
394 4178 604 4247 πατέρα
659 4176 756 4247 μὲν
807 4175 1103 4229 κατέλιπον
1150 4174 1514 4245 ἀτημέλητον,
1563 4174 1729 4229 ἕνεκα
1784 4173 1842 4228 δὲ

265 4268 576 4339 τυραννίδος
606 4266 727 4319 κατ’
754 4266 997 4335 ἀλλήλων
1021 4264 1491 4337 λυττήσαντες’τῷ
1521 4265 1770 4335 ἀλλήλων
1794 4266 1841 4298 ⁷⁸

267 4359 456 4425 αἵματι
504 4360 601 4421 τὰς
650 4358 857 4421 οἰκείας
893 4356 1171 4426 ἐφοίνιξαν
1226 4356 1429 4421 δεξιάς.
1467 4357 1740 4427 Τιμητέον
1784 4357 1841 4411 δέ

1932 3167 2242 3229 ηιίιίοιοτεε,
2289 3166 2673 3234 malorumque
2715 3163 3060 3233 depulsores,
3103 3162 3302 3219 damna
3334 3177 3455 3232 quae
3488 3176 3521 3216 α

1937 3257 2282 3314 daemonibus
2308 3255 2636 3325 inﬂiguntur
2665 3255 2858 3323 procul
2899 3264 3178 3310 arcentes.
3208 3253 3522 3309 Heraclitus

1936 3346 2188 3418 profecto
2226 3346 2393 3402 etiam
2429 3360 2526 3400 eos
2554 3343 2649 3413 qui
2686 3343 2742 3398 in
2768 3344 2915 3398 bello
2938 3344 3109 3399 occisi
3129 3353 3337 3405 essent,
3370 3343 3521 3398 omni

1938 3437 2138 3508 dignos
2166 3437 2378 3491 honore
2401 3434 2683 3491 existimat
2714 3452 2727 3488 ε
2763 3451 2781 3484 ι
2806 3434 2853 3487 Α
2872 3434 3041 3489 Marte
3061 3435 3297 3497 occisos,
3319 3434 3520 3502 inquit,

1936 3530 2017 3586 dii
2051 3539 2108 3584 et
2136 3528 2393 3583 homines
2419 3528 2627 3581 honore
2654 3534 3088 3595 prosequuntur.
3122 3544 3140 3577 ι
3178 3526 3247 3579 Et
3279 3525 3477 3578 iterum
3504 3541 3518 3575 :

1947 3640 1967 3672 ι
1984 3619 2101 3674 Soli
2120 3620 2268 3673 enim
2289 3621 2527 3689 majores
2543 3617 2812 3686 majorem
2831 3623 3036 3669 sortem
3054 3614 3470 3671 naneiscuntur.
3497 3632 3516 3665 ι

1939 3714 2010 3769 At
2033 3713 2177 3767 hanc
2221 3711 2371 3765 illius
2402 3708 2710 3763 orationem
2755 3705 2904 3760 haud
2954 3705 3214 3775 equidem
3271 3704 3523 3760 admitto.

1939 3803 2343 3875 Quamplurimi
2406 3801 2577 3865 enim,
2631 3799 2725 3868 qui
2783 3798 3016 3853 sceleste
3058 3797 3230 3851 vitam
3275 3803 3524 3866 egerant,

1941 3899 2240 3954 violentam
2283 3902 2528 3950 mortem
2573 3892 2825 3964 perpessi
2872 3900 3022 3947 sunt.
3064 3891 3119 3946 Si
3156 3906 3304 3959 ergo
3335 3904 3528 3946 omnes

1941 3987 2129 4059 quiin
2161 3985 2308 4040 bello
2339 3984 2465 4039 caesi
2519 3991 2670 4047 sunt,
2723 3980 2985 4035 honorari
3034 3979 3346 4059 conveniat,
3394 3978 3528 4033 reli-

1941 4052 2117 4150 quum
2168 4084 2273 4141 est,
2333 4080 2397 4128 ut
2436 4072 2638 4142 OEdipi
2668 4085 2890 4142 quoque
2927 4070 3052 4125 ﬁliis
3094 4052 3272 4124 honor
3300 4069 3393 4124 hic
3423 4068 3527 4123 tri-

1943 4171 2169 4233 buatur,
2192 4166 2309 4237 qui,
2334 4172 2491 4236 patre
2514 4179 2615 4234 per
2644 4171 3023 4232 contemptum
3045 4162 3319 4232 neglecto,
3336 4168 3527 4231 tyran-

1946 4259 2134 4314 nidem
2166 4257 2515 4321 aﬂ‘ectantes,
2546 4263 2740 4309 mutua
2765 4254 2822 4309 in
2847 4269 2905 4309 se
2940 4254 3115 4318 rabie,
3141 4254 3280 4308 alter
3301 4252 3531 4308 alterius

1946 4352 2214 4423 sanguine
2248 4349 2412 4420 913
2457 4350 2683 4404 dextras
2724 4356 3108 4404 cruentarum.
3144 4347 3365 4402 Honore
3396 4346 3530 4401 item

268 4419 379 4518 ἀρα
430 4450 521 4502 καὶ
570 4419 693 4514 τοὺς
734 4419 1185 4518 Πεισιστρατίδας
1237 4419 1344 4501 ὑπὸ
1404 4419 1691 4519 Ἀρμόδίου
1752 4449 1829 4501 κα·

1946 4419 2219 4497 alliciendi
2262 4419 2429 4509 erunt
2472 4449 2531 4496 et
2572 4440 2954 4504 Pisistratidae,
3007 4440 3077 4494 ab
3135 4437 3433 4493 Harmodio
3473 4444 3534 4493 et

281 4540 737 4612 Ἀριστογείτονος
800 4542 1024 4604 ἐνδίκως
1068 4540 1472 4611 ἀναιρεθέντας.
1517 4539 1680 4593 Ἀλλά
1721 4540 1843 4593 τού-

268 4634 487 4687 ναντίον
515 4634 749 4706 ἔδρασαν
780 4634 1092 4704 Ἀθηναῖοι·
1119 4633 1246 4695 τοὺς
1268 4632 1378 4702 γὰρ
1403 4631 1692 4695 ἀνελόντας
1717 4630 1846 4701 χαλ-

268 4727 392 4787 καῖς
447 4724 654 4777 εἰκόσιν
686 4722 974 4793 ἐτίμησαν,
1004 4723 1099 4776 καὶ
1140 4722 1221 4793 τῷ
1248 4722 1397 4791 γένει
1425 4720 1504 4793 τῷ
1552 4721 1760 4776 τούτων
1798 4724 1845 4754 ⁷⁸

1941 4536 2313 4606 Aristogitone
2386 4536 2511 4605 jure
2586 4533 2886 4589 interfecti.
2944 4532 3052 4587 Sed
3112 4542 3306 4587 contra
3351 4532 3532 4587 fecere

1944 4630 2335 4693 Athenienses,
2367 4627 2463 4698 qui
2498 4626 2921 4698 percussoribus
2974 4634 3186 4680 statuas
3225 4640 3397 4681 aereas
3428 4640 3532 4694 ρος.

1948 4729 2201 4786 suerunt,
2255 4734 2449 4775 eorum
2508 4718 2744 4789 posteris
2795 4718 3129 4772 tributorum
3185 4718 3535 4773 immunitate

270 4814 524 4868 ἀτέλειαν
572 4815 936 4884 ἐδωρήσαντο.
972 4815 1087 4868 Οὐκ
1120 4810 1212 4869 οὖν
1249 4815 1459 4880 πάντας
1509 4816 1829 4887 ἀρηϊφάτου‹

1949 4828 2232 4868 concessa.
2256 4812 2377 4866 Non
2401 4820 2527 4866 sunt
2553 4810 2740 4879 itaque
2762 4810 3021 4864 omnibus
3040 4810 3187 4864 ferro
3209 4811 3530 4879 peremptis,

274 4905 413 4957 κατά
430 4904 521 4957 τὸν
558 4904 910 4973 Ἠράκλειτον
934 4905 1219 4976 τιμητέον,
1246 4905 1362 4958 ἀλλ’
1398 4906 1640 4968 ἐκείνους
1660 4907 1776 4959 ὅσοι
1796 4907 1843 4938 τ’

272 4996 365 5048 τὸν
404 4996 545 5068 ὑπὲρ
576 4997 675 5062 τῆς
712 4995 994 5060 εὐσεϐείας
1032 4997 1318 5061 ἀσπασίως
1361 4996 1716 5061 κατεδέξαντο
1749 4997 1848 5051 θά-

274 5103 437 5140 νατον
456 5103 469 5117 ο
503 5089 703 5142 ἐκεῖνοι
729 5086 838 5160 γὰρ
867 5085 1104 5158 ἀληθῶς,
1146 5088 1289 5143 κατά
1317 5104 1381 5156 γε
1415 5086 1605 5141 τοῦτον
1667 5087 1850 5154 αὐτὸν,

1952 4914 2015 4962 ut
2050 4906 2359 4961 Heraclitus
2404 4904 2501 4969 ait,
2533 4904 2774 4958 honores
2805 4902 2997 4968 dandi,
3029 4903 3125 4957 sed
3163 4903 3232 4956 iis
3262 4901 3536 4972 profecto,

1956 4997 2050 5069 qui
2105 4997 2327 5068 pietatis
2375 5012 2536 5052 causa
2582 5010 2777 5051 necem
2810 4995 3021 5050 alacres
3064 5002 3417 5065 exceperunt.
3464 4992 3533 5050 iii
3592 5065 3601 5075 _

1958 5089 2107 5146 enim
2129 5090 2254 5157 soli,
2279 5088 2377 5156 ait,
2403 5098 2461 5144 et
2483 5102 2615 5145 vere
2636 5087 2875 5160 majores
2906 5096 3055 5153 sunt,
3083 5087 3319 5157 ideoque
3339 5084 3537 5157 majori

1578 5240 1815 5298 VARIE
1856 5244 2149 5301 LECTION
2158 5246 2259 5301 ES.

342 5397 390 5431 “
413 5398 676 5453 ναίουσαι.
708 5400 925 5454 νέουσαι
956 5398 1019 5465 Β,
1050 5399 1148 5454 Va.
1180 5398 1365 5452 ἐοῦσαι
1397 5398 1460 5462 C,
1495 5398 1598 5455 Vb.

278 5468 466 5538 ὕμνοις
496 5470 598 5523 Vb.

279 5612 474 5681 νεύειν.
506 5609 850 5681 ἑρμηνεῦσαιΔ
875 5609 936 5662 Β.
1013 5609 1356 5681 ’⁷⁸Δάτεγνῶς.
1392 5609 1836 5681 ἀληθῶςῌϐ,

281 5679 328 5711 ’⁸
361 5678 654 5748 ἀνθρωποιζ
684 5683 732 5735 oi
764 5678 1040 5750 ἅνθρωποι
1068 5678 1127 5734 Β.
1205 5680 1250 5713 ⁷⁸
1271 5678 1348 5749 τῷ
1382 5678 1517 5731 ἀλλ’.
1555 5678 1662 5730 τῶν
1687 5678 1799 5731 ἀλλ’
1825 5680 1883 5731 Β.
1964 5682 2007 5713 ⁷⁸
2034 5680 2251 5735 τούτων.
2288 5678 2365 5747 τῷ
2392 5678 2593 5733 τούτων
2629 5679 2683 5733 B.

1634 5398 1744 5470 qui
1770 5413 1940 5470 supra
1972 5399 2261 5470 εὐσεϐέων.
2339 5401 2384 5433 ⁸³
2431 5400 2745 5470 ἁείδρυσῖ-
2764 5398 3137 5469 βεϐαιωκότων
3178 5398 3222 5451 Β
3264 5396 3537 5470 ἀείδουσιν

702 5471 747 5503 ⁶⁶
775 5469 1259 5525 ἀναϐλαστάνουσι.
1290 5469 1681 5523 ἀναϐλάστουσι
1721 5469 1781 5523 Β.
1815 5469 1945 5523 Dedi
1978 5469 2128 5521 ἔνθεν

277 5540 424 5620 Ροιι.
501 5542 543 5620 ξ’
571 5540 861 5620 τοσαύτης.
875 5539 1146 5620 ,τοιαύτη-ς
1175 5539 1237 5593 Β.
1269 5609 1295 5620 ἡ
1314 5539 1359 5571 ⁸⁸
1399 5540 1621 5620 ἀνδρίαν
1733 5548 1795 5620 et
1825 5540 1917 5594 hic
1946 5554 2096 5620 trior.

2175 5485 2275 5538 pro
2326 5470 2432 5523 ἔνθ’
2462 5464 2586 5525 cum
2643 5464 2925 5524 Clemente
2967 5472 3166 5522 Strom.
3206 5484 3277 5529 iv,
3313 5482 3375 5538 ι).
3407 5464 3534 5531 652,

2199 5540 2242 5570 δ’
2265 5540 2385 5592 οὐδὲ
2427 5540 2673 5610 μόνιμον.
2712 5539 2807 5592 καὶ
2839 5539 3067 5607 μόνιμον
3095 5539 3191 5592 Va.
3215 5612 3234 5621 _
3287 5539 3331 5568 7°
3360 5537 3536 5662 ἑρμὲς

2199 5609 2464 5662 τρομένας.
2498 5609 2805 5662 φερομένας
2831 5610 2927 5662 Va.
3042 5612 3087 5642 ⁷³
3132 5607 3287 5662 [τοις]
3334 5626 3442 5660 om.

1946 5609 2006 5693 ’ξ’
2045 5607 2805 5693 ἐπιφερομέναςκφερομένα-ιξ
2831 5610 2927 5692 Ya.
3031 5607 3287 5693 ]³“[τρξ;]
3334 5626 3442 5660 om.

2764 5682 2805 5709 ⁷⁷
2832 5680 2961 5732 ὅσοι.
3002 5681 3050 5731 οἳ
3088 5679 3147 5736 Il;
3189 5679 3279 5732 Va.
