3974 6196
503 223 639 289 1023

1474 222 1961 291 TIIEODORETI
1976 222 1983 225 ’
1996 217 2333 288 ΕΡΙεωΡΙ
2373 224 2735 288 CYRENSIS

3592 217 3742 283 ιοει

499 345 647 392 sorte
671 336 949 406 fruuntur,
975 348 1031 396 et
1059 355 1091 396 a
1116 340 1331 395 cunctis
1350 338 1667 394 hominibus
1682 339 1896 395 honore
1915 355 2063 395 nunc

2169 338 2317 408 μόνοι
2361 338 2601 409 μείζονες
2637 337 2705 391 ⁷⁸.
2736 327 2811 387 Οὖ
2844 332 2909 403 δὴ
2956 332 3142 386 εἵνεκα
3179 329 3276 384 καὶ
3310 328 3556 399 μείζονος
3593 330 3736 385 ἀπο-

498 427 830 495 afficiuntur,
863 430 1311 501 immortalesque
1346 444 1574 486 coronas
1593 438 1931 500 exspectant.
1961 430 2067 485 Πο-

493 520 672 575 racliti
707 536 838 575 vero
878 522 1083 576 dictum
1112 522 1247 575 illud
1279 521 1437 576 valde
1471 521 1753 575 admiror:
1797 541 1815 573 ι
1847 522 2065 577 Manere

498 609 799 663 morientes
830 611 1083 665 homines
1108 626 1174 665 ea
1214 628 1335 682 qua:
1378 627 1556 681 neque
1601 620 1841 681 sperant,
1886 626 2065 681 neque

494 709 835 767 exspectant.
876 720 896 752 ι
936 701 1093 768 Quod
1122 710 1307 757 autem
1331 711 1649 757 sanctorum
1677 702 1873 756 anima:
1894 702 2065 757 beata:

496 790 623 844 vita:
647 798 849 845 statum
872 794 889 812 '
912 793 1378 863 jucundissimum
1414 794 1718 859 obtineant,
1749 795 1900 848 Plato
1925 810 2065 863 quo-

495 897 599 950 que
650 882 706 935 in
757 882 1019 937 Phedone
1062 884 1321 939 ostendit.
1369 885 1459 938 Ait
1490 884 1637 939 enim
1688 886 1764 955 (p.
1798 885 1899 938 H4
1938 884 2000 951 Β)
2049 902 2062 937 :

504 991 521 1023 ι
553 972 655 1038 Qui
691 982 875 1029 autem
904 975 1006 1029 visi
1036 974 1242 1029 fuerint
1263 977 1390 1030 vita:
1415 976 1700 1031 sanctitate
1722 992 1831 1046 prae
1852 976 2065 1030 caeteris

494 1065 699 1133 egregii
725 1064 915 1130 fuisse,
948 1066 1004 1119 hi
1031 1075 1158 1121 sunt
1177 1068 1270 1136 qui
1298 1068 1531 1123 terrenis
1554 1068 1710 1122 malis
1735 1067 1901 1122 veluti
1930 1082 2066 1137 quo-

494 1156 619 1209 dam
666 1171 886 1212 carcere
928 1159 1257 1224 liberantur,
1291 1160 1357 1213 ad
1400 1174 1691 1229 supernam
1718 1174 1849 1213 vero
1868 1172 2063 1227 puram

495 1246 641 1301 illam
686 1248 1081 1303 habitationem
1140 1250 1488 1319 perveniunt.
1521 1269 1540 1300 ι
1594 1249 1763 1304 Paulo
1805 1257 1926 1318 post
1950 1249 2066 1303 hazc

493 1338 647 1395 addit
687 1358 699 1393 :
749 1359 767 1391 ι
806 1341 887 1395 Ad
938 1341 1250 1396 habitacula
1302 1357 1433 1396 vero
1484 1340 1658 1397 multo
1710 1340 1797 1393 his
1846 1354 2065 1409 quoque

492 1432 809 1502 pulchriora
862 1436 1191 1502 perveniunt
1228 1449 1242 1487 :
1300 1448 1422 1502 quae
1451 1447 1630 1501 neque
1666 1430 1823 1486 facile
1849 1430 2064 1486 ostendi

493 1530 744 1591 possunt,
803 1539 983 1592 neque
1031 1525 1100 1578 ad
1149 1526 1266 1578 haec
1314 1523 1634 1592 explicanda
1665 1536 1812 1576 nunc
1851 1530 2067 1591 tempus

492 1612 675 1666 datur.
709 1632 727 1662 ι
777 1614 855 1667 Ne
898 1614 1023 1682 quis
1048 1629 1177 1668 vero
1203 1614 1320 1668 haec
1339 1613 1589 1678 audiens,
1621 1611 1896 1666 desiderio
1917 1611 2064 1665 illius

492 1702 693 1757 divinas
734 1702 863 1757 vita:
906 1702 1072 1775 9M.
1112 1717 1396 1767 accensus,
1438 1717 1654 1771 aequum
1705 1710 2062 1771 sanctumque

489 1793 851 1856 existimaret,
905 1793 1176 1848 violentas
1233 1794 1339 1848 sibi
1392 1808 1586 1847 manus
1643 1792 1951 1855 inferendo,
2006 1807 2065 1846 se

492 1882 670 1953 ipsum
716 1882 784 1937 de
819 1883 921 1937 hac
944 1883 1056 1937 vita
1078 1884 1389 1948 extrudere,
1424 1882 1818 1937 convenienter
1855 1881 2067 1936 addidit

494 1974 572 2045 (p.
609 1975 677 2029 62
694 1973 788 2046 B):
824 1994 842 2026 ι
871 1973 1032 2030 Nefas
1050 1984 1134 2031 est
1161 1985 1345 2030 autem
1374 1989 1492 2030 sese
1520 1989 1850 2044 quemquam
1866 1973 1935 2027 de
1960 1973 2067 2027 hoc

492 2065 703 2119 solvere
740 2065 1070 2131 habitacula,
1103 2066 1395 2137 fugamque
1424 2066 1554 2120 hinc
1581 2065 1848 2135 arripere,
1880 2073 2063 2134 atque,

491 2165 555 2211 nt
593 2158 784 2227 paucis
805 2157 1008 2220 dicam,
1038 2158 1234 2211 malam
1260 2172 1380 2214 esse
1399 2158 1684 2212 materiam
1732 2157 2008 2211 arbitrari.
2042 2176 2060 2207 ι

490 2246 583 2302 Ait
610 2263 743 2303 vero
764 2264 926 2318 posse
952 2248 1214 2313 animam,
1243 2263 1369 2304 cum
1393 2248 1461 2302 ad
1491 2249 1723 2317 seipsam
1751 2263 1810 2301 se
1842 2262 2067 2316 recepe-

490 2340 586 2404 rit,
633 2354 820 2394 veram
871 2340 1133 2408 consequi
1183 2341 1532 2410 sapientiam,
1559 2341 1932 2410 majoremque
1966 2339 2068 2392 hu-

492 2445 652 2483 mana
686 2431 798 2483 vim
831 2438 887 2483 et
925 2430 1261 2493 facultatem,
1294 2429 1516 2498 quando
1562 2444 1717 2481 amor
1766 2429 1895 2482 hinc
1943 2443 2064 2482 eam

492 2518 784 2573 subvolare
816 2518 1028 2581 fecerit,
1059 2533 1160 2586 per
1199 2517 1635 2586 philosophicam
1666 2517 1833 2569 vitam
1857 2517 1923 2570 ad
1956 2525 2068 2571 ter-

491 2609 704 2663 minum
722 2624 836 2665 sua:
855 2608 972 2676 spei
996 2608 1317 2677 profectam,
1345 2608 1439 2661 ubi
1465 2607 1692 2661 alterius
1714 2606 1841 2661 viti:
1861 2607 2064 2676 sempi~

491 2706 661 2752 ternae
692 2694 1025 2767 principium
1056 2696 1257 2765 capiat.
1293 2696 1614 2765 Rursusque
1648 2696 1704 2749 in
1726 2696 1921 2750 eodem
1946 2696 2065 2749 dia-

488 2792 615 2861 logo
637 2789 773 2845 dicit
796 2787 896 2859 (l),
939 2806 956 2839 ι
982 2786 1201 2857 Optima
1227 2787 1449 2857 quidem
1477 2802 1603 2842 cum
1626 2803 1721 2857 spe
1746 2788 1917 2843 bonas
1938 2788 2066 2842 hinc

488 2884 701 2939 animas
726 2880 999 2953 proﬁcisci
1027 2897 1039 2933 :
1066 2888 1123 2933 at
1144 2878 1241 2949 qui
1264 2878 1393 2932 mali
1415 2885 1563 2942 sunt,
1585 2878 1842 2948 pessima,
1865 2878 2061 2947 inquit,

2162 429 2384 483 λαύουσι
2417 429 2633 499 μοίρας,
2660 426 2756 480 καὶ
2779 424 2871 479 νῦν
2900 423 2961 476 τὸ
2999 421 3151 493 παρά
3176 420 3394 475 πάντων
3427 418 3737 491 ἀνθρώπιον

2164 519 2516 590 κομιζόμενοι
2547 520 2594 551 ’⁸
2632 519 2821 588 γέρας,
2858 516 2952 569 καὶ
2979 517 3104 578 τοὺς
3138 514 3389 577 αἰωνίους
3436 513 3736 582 στεφάνους

2163 612 2582 681 προσμένοντες.
2626 610 2833 664 Ἐκεῖνο
2860 608 2917 660 δὲ
2959 605 3052 659 τοῦ
3094 605 3445 677 ’Ἡρακλείτου
3499 608 3647 675 μάλα
3689 608 3736 639 ⁸ο

2164 699 2315 772 [118]
2357 699 2655 769 θαυμάζω,
2688 699 2769 751 ὅτι
2801 715 2819 748 ι
2857 696 3025 750 Μένει
3050 697 3177 757 τοὺς
3215 696 3535 765 ἀνθρώπους
3604 699 3737 749 ἀπο-

2167 791 2499 861 θνήσκοντας
2542 792 2640 843 ὅσα
2674 790 2773 843 οὐκ
2813 789 3061 841 ἔλπονται
3094 787 3217 840 ούδέ
3254 788 3524 840 δοκέουσι.
3568 806 3586 837 ι
3617 788 3735 841 Ὀτι

2162 884 2221 937 δὲ
2253 884 2347 936 καλ⁸
2386 882 2536 945 Θείας
2572 880 2776 952 λήξεως
2809 880 3176 933 ἀπολαύουσιν
3207 881 3263 933 σί
3295 879 3407 932 τῶν
3434 880 3603 933 ὁσίων
3640 881 3737 948 ψυ-

2164 976 2275 1045 χαὶ,
2308 974 2401 1028 καὶ
2433 976 2461 1028 ό
2494 974 2717 1027 Πλάτων
2743 972 3041 1041 δεδήλωκεν
3067 973 3125 1024 ἐν
3148 971 3225 1041 τῷ
3254 971 3535 1035 Φαίδωνι,
3567 968 3735 1038 λέγων

2162 1060 2293 1121 thos-
2337 1084 2356 1117 ι
2412 1065 2475 1119 Οῖ
2522 1064 2578 1118 δὲ
2616 1064 2680 1135 δὴ
2735 1064 2801 1116 ἀν
2832 1062 3025 1129 δόξωσι
3075 1062 3439 1133 διαφερόντως
3489 1062 3634 1129 πρὸς
3683 1064 3736 1115 τὺ

2164 1156 2325 1219 ὁσίως
2369 1153 2557 1225 βιῶναι
2589 1152 2633 1185 ⁸⁸
2668 1152 3084 1225 προκεκρῖσθαι,
3118 1147 3262 1207 οὗτοί
3294 1154 3432 1205 εἰσιν
3470 1153 3526 1204 οἱ
3570 1152 3735 1204 τῶνδε

2169 1249 2266 1323 μὲν
2290 1246 2397 1300 τῶν
2428 1248 2487 1299 ἐν
2510 1248 2575 1317 τῇ
2609 1246 2680 1315 γῇ
2717 1243 2765 1276 ⁸⁸
2800 1244 3275 1314 ἀπαλλαττόμενοι
3308 1243 3502 1315 ὥσπερ
3537 1245 3743 1313 δεσμω-

2164 1338 2377 1409 τηρίου,
2417 1338 2528 1393 άνω
2556 1337 2613 1391 δὲ
2642 1338 2721 1400 είς
2758 1336 3004 1406 καθαρὰν
3031 1338 3246 1408 οῐκησιν
3270 1336 3694 1405 ἀφικνούμενοι.
3723 1355 3739 1385 ι

2164 1427 2531 1497 Προστέθεικε
2583 1426 2643 1480 δὲ
2691 1428 2807 1497 μετ’
2850 1426 3006 1493 ὀλίγα
3056 1425 3397 1479 καὶταῦτα·
3451 1444 3473 1477 ι
3520 1426 3637 1477 Καὶ
3677 1427 3746 1488 εἰς

2164 1520 2406 1586 οἰκήσεις
2433 1517 2512 1570 ἐτι
2552 1516 2758 1570 τούτων
2792 1515 3045 1577 καλλίους
3086 1514 3443 1584 ἀφικνοῦνται
3463 1554 3480 1578 ,
3526 1514 3599 1576 ἃς
3627 1513 3751 1566 οὔτε

2169 1611 2347 1682 ῥᾴδιον
2368 1610 2629 1681 δηλῶσαι,
2651 1608 2775 1663 οὔτε
2795 1610 2825 1662 ό
2849 1608 3038 1679 χρόνος
3054 1609 3234 1671 ίκανὺς
3252 1609 3309 1660 ὲν
3334 1606 3414 1677 τῷ
3432 1608 3700 1673 παρόντι.
3727 1624 3745 1657 ι

2171 1705 2287 1757 Ἵνα
2312 1704 2369 1756 δέ
2403 1705 2476 1775 μή
2500 1721 2582 1767 τις
2609 1702 2815 1756 τούτων
2843 1700 3081 1762 ἀκούσας
3102 1700 3197 1753 καὶ
3227 1700 3326 1769 τῆς
3348 1700 3507 1761 θείας
3535 1698 3750 1767 ἐκείνης

2165 1795 2441 1865 διαγωγῆς
2476 1794 2731 1864 ἐρασθεὶς
2786 1793 2983 1861 εὐαγὲς
3016 1791 3276 1845 ὑπολάϐοι
3302 1790 3348 1823 ⁸³
3396 1792 3459 1844 τὸ
3500 1791 3596 1862 βίᾳ
3650 1792 3752 1845 τινὶ

2166 1887 2260 1940 καλ⁸
2293 1886 2505 1958 ἀνάγκῃ
2544 1885 2734 1938 ἑαυτὸν
2766 1884 3016 1938 ἐντεῦθεν
3063 1883 3371 1951 ἐξαγαγεῖν,
3425 1884 3753 1950 ἀναγκαίως

2167 1980 2446 2048 ἐπήγαγεν
2468 1995 2482 2009 ·
2523 1996 2542 2027 ι
2596 1977 2671 2029 Οὐ
2703 1976 2786 2029 δεῖ
2826 1976 2873 2029 δ’
2912 1974 3105 2028 ἐαυτὸν
3149 1974 3197 2005 ⁸⁵
3228 1974 3295 2027 ἐκ
3326 1974 3545 2045 ταύτης
3577 1973 3749 2037 λύειν,

2166 2069 2288 2121 οὺδέ
2328 2067 2743 2137 ἀποδιδράσκειν
2769 2106 2784 2130 ,
2815 2065 2911 2119 καὶ
2937 2063 3210 2131 ξυνελόντι
3241 2066 3415 2117 εἰπεῖν
3445 2063 3642 2132 κακὴν
3672 2063 3753 2114 λο-

2167 2158 2415 2228 γίζεσθαι
2460 2159 2558 2227 τὴν
2604 2157 2754 2225 ὓλην.
2818 2174 2837 2208 ι
2889 2155 3051 2223 Λέγει
3093 2155 3150 2207 δέ
3184 2155 3279 2206 καὶ
3312 2153 3387 2216 ὡς
3424 2154 3573 2222 αὑτὴ
3630 2152 3751 2205 καθ’

2168 2249 2336 2319 αὐτὴν
2390 2249 2434 2280 ⁸⁸
2468 2248 2515 2317 ’ἡ
2562 2246 2706 2315 ψυχὴ
2758 2245 3023 2315 γενομένη
3063 2244 3283 2298 δύναται
3332 2246 3433 2312 τῆς
3482 2242 3752 2311 ἀληθινῆς

2171 2340 2367 2408 σοφίας
2420 2338 2513 2391 καὶ
2561 2338 2871 2408 κρείττονος
2912 2337 3013 2405 τῆς
3057 2334 3405 2405 ἀνθρωπίνης
3454 2333 3756 2401 δυνάμεως

2171 2447 2271 2501 μετ
2283 2429 2527 2491 αλασεῖν,
2557 2431 2686 2483 ὅταν
2724 2428 2892 2499 αὐτὴν
2916 2428 2946 2480 ὁ
2994 2426 3205 2480 ἐνθένδε
3235 2425 3376 2496 ἔρως
3409 2426 3491 2489 είς
3516 2426 3755 2495 οὐρανὸν

2166 2518 2421 2591 πτερώσῃ
2457 2516 2506 2549 ⁸⁸
2542 2518 2631 2571 διὰ
2665 2518 2766 2583 τῆς
2815 2517 3110 2586 φιλοσόφου
3156 2515 3383 2584 ἀγωγῆς
3421 2516 3506 2578 είς
3544 2516 3609 2568 τὸ
3658 2519 3759 2583 τῆς

2166 2608 2380 2669 ἐλπίδος
2400 2608 2551 2672 τέλος
2570 2609 2927 2679 ἀφικομένην,
2960 2607 3122 2661 ἄλλου
3153 2605 3268 2676 βίον
3297 2605 3468 2658 ἀϊδίου
3490 2604 3540 2635 ⁸⁸⁷
3568 2606 3757 2674 ἀρχὴν

2164 2699 2563 2770 λαμϐάνουσαν.
2601 2700 2711 2752 Καὶ
2740 2696 2897 2762 αὖθις
2929 2700 2988 2751 ἐν
3018 2698 3095 2768 τῷ
3120 2697 3270 2767 αὐτῷ
3296 2684 3537 2769 διαλόγῳ
3568 2698 3722 2765 φησί
3741 2712 3755 2725 ’

2172 2810 2191 2843 ι
2230 2792 2383 2845 Μετὰ
2412 2790 2623 2859 ἀγαθῆς
2646 2791 2743 2860 μὲν
2768 2789 2983 2851 ἐλπίδος
2996 2788 3094 2852 τὰς
3117 2788 3289 2851 καλὰς
3314 2786 3495 2858 ψυχὰς
3531 2788 3758 2840 ἐνθένδε

2167 2881 2419 2935 ἀπιέναι·
2463 2882 2513 2934 οί
2545 2881 2771 2951 ’πονηροὶ⁸
2814 2880 2862 2913 ⁸⁸
2904 2880 2962 2932 δὲ
2989 2879 3125 2942 ζῶσι
3145 2918 3159 2942 ,
3189 2880 3323 2950 φησὶ
3348 2918 3363 2939 ,
3394 2880 3539 2949 μετά
3565 2882 3759 2951 κακῆς

487 2990 619 3032 cum
649 2990 745 3044 spe
768 2974 981 3027 vivunt.
1016 2990 1034 3022 ι
1072 2970 1220 3024 Idem
1243 2984 1464 3039 quoque
1488 2969 1891 3039 philosophiam
1920 2984 2063 3023 mor-

2168 2970 2399 3034 ἐλπίδος.
2438 2989 2456 3022 ι
2500 2963 2668 3033 Οὗτος
2696 2970 2788 3023 καὶ
2815 2968 2916 3039 τὴν
2956 2968 3276 3038 φιλοσοφίαν
3307 2968 3544 3021 θανάτου
3583 2970 3760 3038 μελέ-

489 3068 565 3123 tis
586 3064 997 3120 meditationem
1025 3075 1145 3116 esse
1167 3059 1305 3114 dixit
1332 3062 1408 3129 (p.
1460 3059 1529 3115 64
1568 3059 1657 3130 Α).
1705 3079 1725 3112 ι
1760 3060 1864 3127 Qui
1894 3068 2063 3126 recte,

487 3155 690 3228 inquit,
714 3150 1117 3224 philosOphiam
1152 3150 1447 3221 attingunt,
1475 3150 1529 3205 in
1557 3164 1626 3205 eo
1644 3159 1771 3206 sunt
1801 3159 1862 3205 ut
1889 3151 2067 3206 homi-

488 3262 590 3302 nes
619 3246 755 3300 alios
788 3245 992 3298 lateant
1016 3258 1029 3295 :
1053 3240 1499 3312 quandoquidem
1522 3241 1659 3295 nihil
1678 3240 1828 3296 aliud
1848 3251 2062 3307 curant,

489 3336 846 3405 studentque,
878 3333 984 3387 nisi
1026 3342 1087 3386 ut
1101 3331 1428 3396 moriantur,
1446 3332 1757 3401 mortuique
1769 3333 1879 3402 jam
1896 3331 2057 3387 sint.»

490 3430 618 3485 Haec
666 3429 852 3497 itaque
895 3424 1080 3480 omnia
1105 3424 1160 3477 in
1184 3422 1444 3477 Phaedone
1474 3423 1731 3492 scripsit:
1764 3424 1823 3478 in
1848 3423 2064 3478 decimo

487 3530 674 3577 autem
722 3517 1037 3589 Βεὶριιὺιὶοω
1075 3515 1223 3569 libro
1272 3514 1352 3568 sic
1397 3513 1647 3583 loquitur
1692 3513 1769 3584 (p.
1811 3512 1917 3568 468
1950 3513 2015 3582 Ε)
2046 3530 2066 3569 εΔ

493 3632 515 3662 ι
551 3613 629 3666 Ex
651 3611 718 3664 iis
737 3617 916 3663 autem
943 3605 1038 3675 qui
1067 3606 1123 3659 in
1149 3603 1594 3673 expeditionibus
1620 3604 1919 3673 perierunt,
1939 3604 2064 3673 qui-

488 3715 707 3769 cunque
737 3698 990 3752 laudatus
1022 3695 1257 3757 interiit,
1288 3710 1472 3749 nonne
1508 3695 1747 3765 primum
1780 3695 1933 3749 aurei
1967 3709 2061 3764 ge-

487 3792 639 3847 neris
704 3804 826 3845 esse
876 3785 1169 3841 dicemus?
1219 3784 1475 3839 Omnino.
1513 3804 1532 3835 ›
1608 3785 1886 3854 Pauloque
1940 3792 2063 3853 post

490 3882 569 3955 (p.
618 3880 721 3935 ωε)
776 3879 844 3947 A)
892 3895 905 3932 :
945 3897 963 3928 ι
991 3874 1131 3942 Quid
1182 3874 1409 3929 autem?
1440 3889 1625 3929 annon
1670 3875 1726 3929 in
1756 3884 2058 3944 posterum,

487 3971 716 4043 perinde
749 3984 814 4024 ac
846 3969 889 4023 si
922 3968 1200 4023 dmmones
1232 3965 1308 4020 illi
1339 3965 1467 4018 facti
1506 3964 1734 4029 fuerint,
1764 3966 1845 4020 sic
1865 3980 2060 4020 eorum

489 4064 735 4118 colemus
767 4061 1040 4131 sepulcra,
1070 4068 1127 4113 et
1149 4057 1500 4112 adorabimus
1522 4058 1545 4110 ?
1570 4057 1827 4127 idemque
1856 4057 2063 4116 facien-

489 4151 623 4207 dum
652 4150 1108 4211 existimabimus.
1158 4148 1324 4203 etiam
1373 4163 1498 4203 cum
1551 4149 1707 4203 senio
1762 4149 2057 4218 quispiam,

486 4242 653 4315 915
680 4243 765 4297 vel
798 4242 906 4297 alio
936 4241 1100 4295 modo
1119 4239 1341 4304 obierit,
1376 4255 1443 4293 ex
1466 4239 1534 4294 iis
1561 4241 1655 4309 qui
1689 4241 1743 4294 in
1767 4241 1879 4295 vita
1902 4257 2061 4311 egre-

2167 3079 2267 3133 την
2306 3062 2553 3117 ἐκάλεσε.
2583 3080 2601 3114 ι
2639 3061 3023 3115 Κινδυνεύουσι
3060 3060 3203 3132 γὰρ,
3232 3060 3417 3129 φησὶν,
3458 3060 3578 3112 ὅσοι
3616 3078 3761 3127 τυγ-

2166 3155 2419 3226 χάνουσιν
2450 3151 2626 3223 ὀρθῶς
2656 3152 2952 3222 ἁπτόμενοι
3002 3151 3319 3220 φιλοσοφίας
3356 3150 3424 3214 ⁸⁸,
3458 3150 3760 3218 λεληθέναι

2166 3246 2291 3307 τοὺς
2317 3244 2507 3306 ἄλλους
2530 3244 2614 3297 ὃτι
2636 3242 2763 3298 ἀλλο
2795 3242 2946 3295 οὐδὲν
2975 3243 3020 3274 ⁸⁸
3044 3241 3452 3311 ἐπιτηδεύουσιν
3482 3242 3654 3294 αὐτοὶ
3679 3285 3699 3308 ,
3729 3242 3761 3311 ἢ

2164 3334 2528 3404 ἀποθνήσκειν
2551 3336 2643 3387 καὶ
2670 3333 2713 3365 ’ί
2735 3331 3006 3385 τεθνάναι.
3036 3351 3052 3381 ι
3084 3330 3266 3384 Ταῦτα
3292 3330 3387 3400 μὲν
3410 3326 3503 3383 οὖν
3528 3331 3759 3384 ἅπαντα

2164 3428 2223 3480 ἐν
2254 3425 2331 3495 τῷ
2355 3424 2609 3478 Φαίδωνι
2648 3424 2923 3494 γέγραφεν
2944 3441 2957 3454 ο
2987 3425 3046 3475 ἐν
3076 3422 3133 3475 δὲ
3161 3421 3237 3491 τῷ
3266 3421 3479 3491 δεκάτῳ
3510 3424 3614 3492 τῆς
3648 3428 3760 3476 Πο-

2162 3518 2389 3583 λιτείας
2417 3516 2559 3569 οὓτω
2594 3516 2754 3586 φησί·
2781 3534 2800 3567 ι
2839 3515 2957 3568 Τῶν
2986 3516 3043 3568 δὲ
3071 3515 3135 3582 δὴ
3157 3515 3541 3568 ἀποθανόντων
3575 3516 3680 3567 ἐπὶ
3716 3518 3757 3549 ε’

2165 3605 2454 3675 στρατείας
2485 3606 2553 3668 ⁸³,
2595 3605 2653 3668 ὃς
2687 3604 2754 3657 ἂν
2799 3605 3169 3673 εὐδοκιμήσας
3209 3603 3533 3674 τελευτήσῃ,
3561 3599 3663 3673 ἆρ’
3696 3606 3753 3657 ού

2164 3697 2381 3768 πρῶτον
2415 3697 2515 3766 μὲν
2537 3695 2630 3749 τοῦ
2662 3695 2865 3765 χρυσοῦ
2900 3696 3089 3763 γένους
3112 3691 3251 3748 εἶναι
3280 3696 3570 3765 φήσομεν;
3606 3697 3758 3750 Πάν-

2161 3804 2268 3839 των
2305 3786 2556 3855 μάλιστα.
2598 3805 2616 3836 ι
2659 3785 2768 3838 Καὶ
2797 3784 2912 3854 μετ’
2938 3784 3125 3852 ὀλίγαο
3158 3802 3177 3836 ι
3220 3785 3283 3837 Τί
3305 3784 3363 3837 δέ
3396 3785 3478 3849 ⁹⁸;
3512 3786 3580 3837 ού
3618 3786 3755 3855 μὲλ-

2162 3876 2325 3947 λομεν
2378 3875 2469 3929 τὸν
2503 3875 2687 3928 λοιπὸν
2735 3876 2947 3947 χρόνον,
2992 3875 3067 3939 ὡς
3109 3874 3370 3945 δαίμονας
3422 3878 3751 3945 γεγονότας,

2161 3968 2303 4022 οὕτω
2325 3966 2652 4039 θεραπεύειν
2677 3983 2736 4020 τε
2751 3966 2852 4023 καὶ
2872 3969 3201 4037 προσκυνεῖν
3216 3966 3396 4019 αὐτῶν
3415 3966 3519 4030 τὰς
3540 3966 3725 4037 θήκας
3738 4007 3752 4029 ,

2161 4063 2228 4116 τὰ
2256 4060 2395 4116 αὑτά
2428 4060 2485 4113 δὲ
2526 4059 2817 4129 νομιοῦμεν
2848 4058 2988 4130 [καὶ]
3044 4060 3090 4091 ⁸⁸
3120 4060 3248 4113 ὅταν
3275 4076 3360 4122 τις
3389 4061 3542 4131 γήρᾳ
3572 4062 3608 4131 ἡ
3644 4078 3752 4114 τινι

2161 4150 2304 4218 άλλῳ
2341 4148 2529 4218 τρόπῳ
2562 4148 2859 4218 τελευτήσῃ
2884 4148 2931 4178 ³⁸
2980 4147 3088 4199 τῶν
3117 4147 3232 4200 ὅσοι
3267 4149 3333 4200 ἂν
3372 4148 3751 4218 διαφερόντως

2162 4244 2221 4294 ἐν
2243 4240 2320 4309 τῷ
2355 4238 2456 4309 βίῳ
2488 4239 2680 4307 ἀγαθοὶ
2708 4236 2971 4308 κριθῶσι;
3012 4256 3031 4289 ι
3074 4238 3197 4315 Κάν
3232 4238 3308 4308 τῷ
3349 4240 3648 4305 Κρατύλῳ
3696 4240 3750 4291 δὲ

487 4336 592 4408 sia
610 4334 871 4389 bonitatis
896 4332 1070 4387 habiti
1092 4340 1222 4386 sunt
1245 4332 1268 4385 ?
1299 4352 1317 4383 ›
1351 4331 1457 4386 Sed
1475 4341 1531 4386 et
1552 4332 1606 4385 in
1628 4332 1844 4404 Cratylo
1863 4334 1939 4404 (p.
1957 4336 2062 4391 597

2167 4330 2359 4403 [τόνδε]
2390 4331 2434 4361 ³⁷
2473 4329 2561 4381 τὸν
2609 4329 2766 4397 λόγον
2798 4327 3085 4400 διηύρυνεν
3121 4327 3212 4386 ’⁸7
3247 4332 3461 4383 ἐπαινεί
3500 4330 3618 4401 γὰρ
3660 4331 3749 4383 τὺν

489 4427 577 4499 Ε)
631 4426 961 4481 sententiam
1010 4424 1151 4479 hanc
1176 4423 1343 4478 latius
1366 4424 1649 4493 explicuit.
1677 4425 1887 4480 Laudat
1912 4427 2061 4481 enim

488 4520 790 4577 Hesiodum
816 4527 1111 4590 poetasque
1137 4518 1294 4581 alios,
1324 4518 1418 4587 qui
1440 4518 1631 4573 dicunt
1654 4519 2063 4584 bonumhomi-

488 4628 638 4679 nem,
666 4613 778 4667 vita
798 4610 1167 4682 perfunctum,
1190 4612 1404 4666 eximiae
1429 4611 1597 4665 sortis
1624 4612 1852 4681 gradum
1886 4615 2061 4669 maxi-

487 4718 718 4776 mosque
770 4702 1011 4759 honores
1066 4702 1144 4757 ibi
1187 4703 1458 4773 accipere,
1490 4716 1554 4757 ac
1584 4702 1889 4758 daemonem
1917 4704 2059 4770 ﬁeri,

2176 4426 2418 4479 Ἡσίοδον
2452 4425 2546 4477 καὶ
2582 4425 2707 4487 τοὺς
2739 4424 2930 4486 ἄλλους
2960 4440 3023 4491 γε
3059 4423 3287 4495 ποιητὰς
3315 4424 3615 4493 εἰρηκότας
3638 4465 3654 4487 ,
3676 4425 3747 4485 ὡς

2162 4516 2378 4570 ἐπειδάν
2409 4533 2491 4577 τις
2518 4514 2719 4582 ἀγαθὸς
2749 4513 2871 4585 [ὢν]
2902 4515 3199 4584 τελευτήσῃ
3242 4515 3309 4579 ⁸³,
3343 4515 3596 4584 μεγάλην
3630 4516 3744 4583 μοῖ-

2167 4628 2264 4683 ραν
2304 4610 2398 4663 καὶ
2424 4609 2591 4679 τιμὴν
2621 4610 2738 4660 ἐκεῖ
2783 4608 2917 4676 ἔχει.
2946 4606 3041 4659 καὶ⁵
3072 4606 3322 4673 γίγνεται
3352 4606 3571 4674 δαίμων
3607 4604 3743 4656 κατὰ

2162 4706 2261 4773 τὴν
2299 4703 2399 4773 τῆς
2438 4700 2752 4770 φρονήσεως
2798 4698 3133 4768 ἐπωνυμίαν.
3173 4696 3360 4767 Ταύτῃ
3389 4693 3486 4749 οὖν
3522 4696 3741 4764 τίθεμαι

1788 4889 2022 4946 VARI/1'3
2064 4889 2467 4947 LECTIONES.

396 5054 401 5061 ·
559 5027 609 5064 ⁷³
680 5026 899 5095 είζονος.
928 5011 1177 5099 μείζονας
1206 5025 1301 5080 Va.
1376 5025 1423 5057 τ’
1456 5025 1790 5095 κομίζονται.
1823 5028 2018 5097 κομιζό
2064 5044 2171 5080 ενοι
2228 5026 2266 5080 Β
2294 5026 2593 5095 ἀνθρώπιον
2620 5037 2729 5076 om.
2763 5020 2823 5076 C.
2901 5021 2949 5052 ⁸⁸
2982 5023 3143 5091 μάλα.
3173 5022 3369 5089 μᾶλλον
3403 5024 3500 5079 Va.
3540 5042 3597 5079 ν.
3628 5044 3722 5097 seq

486 5094 574 5151 οἷα
738 5113 838 5155 pro
870 5099 989 5152 ὅσα.
1063 5096 1109 5127 ⁸⁸
1136 5094 1272 5155 πρὸς
1304 5094 1795 5155 τῶ-βεὸιωκέναι,
1839 5097 1973 5155 πρὸς
1993 5045 2316 5155 ιτς-βιῶναι
2344 5094 2483 5155 B,C,
2514 5094 2607 5147 Va.
2684 5093 2731 5125 θ’
2755 5094 2823 5155 γῇ
2853 5107 3102 5155 suprasc.
3152 5093 3192 5145 Β
3221 5094 3326 5146 τῶν
3353 5096 3409 5145 ἐν
3435 5098 3500 5155 τῇ
3535 5100 3609 5155 γῆ
3647 5100 3722 5155 μὲ·

486 5168 528 5225 C

685 5138 699 5152 .
738 5094 838 5168 pro
870 5094 1006 5168 ὅσα.
1063 5096 1109 5168 ’ξ
1136 5094 1795 5168 πῴς-τῷῗβξλδιωκέναι.
1839 5094 2022 5168 πρδςτ

538 5209 552 5222 .
626 5170 673 5201 ⁸⁸
698 5164 1246 5238 ὑπολάϐῃηύπολάϐοι
1358 5164 1363 5165 ⁷
1406 5165 1452 5238 ⁸-⁸
1484 5165 1529 5238 δ’
1548 5165 2035 5238 supra—opaea:
2060 5164 2326 5238 αὺτὸν-ὴ

2130 5097 2317 5167 βιῶναι
2344 5093 2635 5167 B,'C,_7Va._
2672 5093 2731 5167 _”

2853 5071 3335 5167 εειρὲἇέἑῖ
3352 5071 3500 5167 lis—il
3628 5071 3739 5165 Ῑιέἑ

2360 5150 2451 5217 καὶ
2474 5150 2515 5217 'u
2552 5163 2723 5224 οὐδεὶς
2751 5150 3000 5231 αῡὲδν
3026 5162 3065 5216 c
3119 5162 3236 5215 Mox
3272 5163 3303 5231 ἢ
3336 5150 3740 5219 ούδὲἝιαῗάποο

487 5239 795 5310 διδράσκειν
835 5237 877 5295 C
915 5230 988 5290 "ni
1050 5236 1227 5289 fallor.
1302 5236 1348 5267 ⁸⁸
1381 5235 1573 5305 αὑτήν.
1614 5236 1811 5304 ἑαυτὴν
1840 5237 1899 5301 Β,
1926 5237 1988 5291 C.
2066 5236 2114 5269 ⁸⁵
2149 5230 2425 5307 πτερῶσῃ,
2475 5232 2743 5354 πτερώσει
2786 5230 2846 5284 C.
2942 5232 2989 5317 ’ξ
3015 5233 3205 5285 ἀϊδίου.
3248 5230 3377 5285 ἰδίου
3429 5234 3472 5287 Β
3522 5252 3636 5289 om.
3665 5236 3726 5289 (ἶ.

487 5308 537 5340 ⁸⁸
568 5309 810 5354 ποννοοί-
862 5307 1045 5354 πολλοὶ
1101 5306 1161 5354 Β-
1199 5304 1368 5354 καλῆς
1407 5306 1503 5354 Va.
1535 5320 1635 5354 nro
1684 5306 1877 5354 κακῆς.
1988 5307 2033 5339 ⁸ο
2077 5307 2411 5354 ωιλοσοιςίας.
2473 5321 2571 5354 σοιο
2598 5320 2659 5354 ας
2694 5300 2753 5354 C.
2866 5300 2912 5331 ’°
2939 5302 3087 5353 ουδὲν
3135 5302 3278 5354 ἄλλο.
3316 5303 3443 5354 ἄλλο
3492 5308 3651 5354 οὐδὲν
3682 5306 3726 5354 Β

487 5308 537 5380 f“
568 5304 810 5380 πονηροί.
862 5306 1161 5380 agnotus,
1199 5304 1368 5380 καλῆς
1392 5304 1635 5380 _Va._pro
1661 5306 1877 5380 igaxﬁc.

489 5449 538 5533 ζ’
566 5416 860 5533 ίῖοἱιῘᾌῖξῖ
894 5416 962 5533 ΣΒ,
1264 5416 1692 5533 δ’τὶηὲἔέιίέὶςρ.

493 5514 765 5585 διεύρυνεν
786 5520 845 5572 Β,
890 5517 1174 5587 διηύρυνεν
1206 5516 1267 5569 C.
1344 5517 1389 5548 θ’
1420 5514 1729 5585 τελευτήσει
1758 5516 1817 5569 (Ι.

489 5308 537 5340 ⁸⁸
568 5307 810 5380 πονηροί.
862 5307 1045 5360 πολλοὶ
1101 5307 1161 5370 Β,
1199 5307 1368 5376 καλῆς
1407 5307 1503 5359 Va.
1535 5320 1635 5374 pro
1684 5307 1877 5375 κακῆς.
1988 5307 2033 5339 ⁸⁸
2077 5307 2411 5375 φιλοσοφίας.
2473 5307 2659 5370 σοφίας
2694 5307 2753 5354 (1.
2866 5307 2912 5331 ’°
2939 5307 3087 5353 οὐδὲν

489 5378 532 5411 οι
566 5381 656 5411 ..-1
686 5397 741 5411 -.-
768 5380 854 5411 νηῒ
891 5378 931 5411 II
1047 5377 1092 5409 οι
1121 5375 1211 5411 En!
1283 5378 1338 5411 ὶυ
1392 5376 1433 5411 Ω
1486 5375 1558 5411 νει
1655 5376 1702 5409 ’³
1734 5377 2017 5411 κφηηιι-ριηρ
2066 5377 2377 5411 κφΑης-ρίηη·
2420 5374 2461 5411 R
2516 5374 2556 5411 (ἶ
2606 5372 2721 5411 Mn!
2765 5370 3069 5411 σει-λιτυτῆηεο
3095 5373 3134 5411 l'.

566 5381 656 5433 καί
686 5370 743 5432 τέ
768 5380 860 5433 καὶ
891 5378 949 5432 Β.
1047 5377 1092 5409 θ’
1121 5375 1233 5429 ἐπί.
1283 5370 1338 5428 ἐν
1391 5376 1433 5429 Β
1486 5370 1579 5429 Va.
1655 5376 1702 5409 ’³
1734 5370 2034 5440 στρατείας.
2066 5370 2377 5446 στρατείαις
2420 5374 2479 5437 Β,
2516 5374 2576 5427 C.
2606 5372 2725 5426 Mox
2765 5370 3073 5438 τελευτήσει
3095 5373 3154 5426 C.

566 5449 702 5516 [καὶ]
740 5465 849 5503 om.
902 5448 962 5511 B,
991 5446 1051 5501 C.
1104 5446 1241 5500 Tum
1264 5447 1345 5500 ὅτι
1386 5416 1492 5516 πάν
1536 5462 1618 5508 τις
1640 5444 1692 5501 (ἶ.
1810 5448 2191 5516 θδτελευτήσῃ.
2245 5446 2558 5511 τελευτήσει
2604 5443 2662 5495 Β.
2794 5443 2838 5473 ’⁷
2878 5438 3154 5510 [τόνδειοι]

2598 5320 2659 5363 ας
2694 5300 2753 5354 C.
2866 5300 2912 5331 ’°
2939 5302 3087 5353 οὐδὲν
3135 5302 3278 5355 ἄλλο.
3316 5303 3443 5356 ἄλλο
3492 5308 3651 5358 οὐδὲν
3682 5306 3738 5362 Β.

2606 5372 2725 5426 Mox
2765 5370 3073 5429 τελευτήσει
3095 5373 3154 5426 C.
3235 5372 3279 5402 "’
3307 5373 3359 5425 τί
3377 5373 3456 5427 δέ.
3488 5376 3541 5426 τί
3567 5377 3655 5428 δαὶ
3681 5376 3736 5429 Β.

3307 5389 3358 5425 τι
3377 5389 3456 5427 οε.
3488 5389 3541 5426 τι
3567 5389 3655 5428 οαι
3681 5389 3736 5428 Β.

2794 5443 2838 5473 ’⁷
2878 5438 3072 5510 [τόνδε]
3095 5457 3206 5496 0m.
3242 5442 3301 5497 C.
3406 5444 3453 5475 ”
3483 5444 3737 5515 ηὗρυνεν.

490 5662 501 5673 ’
576 5651 649 5715 (l)
683 5650 816 5703 Vidc
847 5651 1015 5705 Clem.
1048 5651 1195 5704 Alex.
1232 5648 1425 5702 Strom.
1472 5666 1543 5713 iv,
1578 5665 1627 5717 p.
1673 5649 1773 5703 0'29
1802 5652 2004 5705 Potior.
2030 5666 2043 5713 ;
2070 5647 2275 5701 Platon.
2306 5646 2487 5704 Pt'm‘d.
2524 5662 2574 5715 p.
2609 5646 2673 5699 67
2703 5644 2778 5712 C;
2816 5645 2936 5715 Rep.
2972 5662 3007 5711 t,
3043 5664 3092 5715 p.
3121 5646 3222 5702 530
3250 5647 3312 5701 E.
