3974 6196
229 279 366 347 1025

793 277 1227 338 ΟΒΕΟΑΒΗΜ
1267 275 1564 335 AFFECT.
1599 272 1802 333 CUM

1910 272 1948 332 l.
1969 275 2219 336 —VIII.
2263 277 2359 338 DE
2400 280 2890 343 MARTYRIBUS

3338 285 3475 352 1026

229 393 388 462 κάγὼ
415 391 508 444 τὸν
530 390 771 459 δαήμονα
800 388 989 460 ἄνδρα.
1007 388 1065 442 Ὀ
1091 387 1148 442 δέ
1173 405 1244 459 γε
1286 387 1527 450 Ἡσίοδος
1556 385 1684 458 περὶ
1703 383 1799 438 τοῦ

1910 383 2009 438 hoc
2045 396 2130 440 est
2172 389 2458 456 scientem,
2495 391 2661 448 ducto
2708 409 2738 448 a
2783 391 3074 464 prudentia
3128 395 3472 463 cognomine-

228 483 436 556 χρυσοῦ
474 481 665 552 γένους
687 480 858 534 ταῦτα
880 479 986 552 ἔφη
1009 497 1022 512 ο

230 759 428 826 Αὐτὰρ
451 757 659 826 ἐπειδὴ
685 757 860 812 τοῦτο
896 759 911 789 ¹
931 757 1271 827 γένοςάιατὰ
1292 755 1444 825 poTp‘
1471 753 1800 827 ἐκάλυψεν,

234 835 298 884 οἱ
325 824 440 899 μέν
466 831 486 860 ¹
513 824 796 899 δαίμονες
832 824 1003 898 ἁγνοὶ
1024 824 1354 896 ἐπιχθόνιοι
1377 824 1730 899 ῌκατιέονται,

242 894 483 954 Ἐἀθλοί
501 894 896 963 ’,ἀλεξίκακοι
906 937 921 962 ,
937 894 1204 967 φύλακες
1216 894 1446 965 θνητῶν
1458 895 1800 962 ἀνθρώπων.

298 1011 365 1066 Εἰ
396 1011 578 1065 τοίνυν
609 1012 701 1065 καὶ
736 1013 764 1065 ὁ
797 1011 1027 1083 ποιητὴς
1066 1011 1162 1065 καὶ
1193 1010 1414 1072 ἐσθλοὺς
1440 1009 1462 1040 ⁵
1499 1009 1594 1061 καὶ
1627 1007 1804 1073 ἀλεξι-

229 1103 433 1164 κάκους
463 1101 558 1153 καὶ
584 1099 828 1168 φύλακας
870 1098 1080 1169 θνητῶν
1110 1097 1412 1168 ἀνθρώπων
1456 1097 1582 1158 τοὺς
1605 1095 1804 1167 ἄριστα

231 1191 587 1262 βεϐιωκότας,
644 1184 766 1243 εἶτα
813 1190 1288 1259 τελευτήσαντας,
1325 1188 1801 1259 προσηγόρευσεν,

227 1282 495 1354 ἐκράτυνε
534 1282 590 1334 δὲ
615 1281 708 1334 τοῦ
737 1280 962 1352 ποιητοῦ
988 1279 1079 1334 τὸν
1109 1281 1131 1312 ⁸
1161 1279 1319 1348 λόγον
1355 1279 1465 1333 τῶν
1500 1280 1804 1348 φιλοσόφων

227 1376 257 1427 ό
281 1375 522 1444 ἄριστος,
550 1373 647 1426 καὶ
675 1372 874 1444 χρῆναι
898 1370 1004 1441 ἔφη
1027 1371 1119 1424 καὶ
1141 1369 1463 1441 θεραπεύειν
1484 1370 1688 1424 τούτων
1713 1371 1804 1422 καὶ

227 1466 556 1536 προσκυνεῖν
586 1462 636 1535 [1
653 1463 736 1534 ιιη
769 1462 868 1527 τὰς
903 1463 1098 1534 θήκας,
1121 1463 1174 1515 τί
1215 1463 1416 1533 δήποτε
1450 1464 1486 1542 .⁶
1523 1463 1801 1533 μέμφεσθε

226 1561 341 1622 τοῖς
377 1558 506 1627 παρ’
538 1556 693 1628 ἡμῶν
718 1555 1078 1626 γιγνομένοις,
1109 1548 1154 1608 ὦ
1184 1555 1488 1625 βέλτιστοι;
1523 1556 1661 1619 Τοὺς
1695 1554 1804 1625 γὰρ

226 1651 288 1702 ἑν
321 1648 576 1720 εὐσεϐείᾳ
606 1647 926 1719 λάμψαντας
946 1689 961 1711 ,
987 1647 1085 1700 καὶ
1115 1646 1252 1717 ὑπὲρ
1283 1645 1486 1716 ταύτης
1521 1645 1621 1717 τὴν
1664 1662 1803 1713 σφα-

1907 473 2021 530 Hoc
2048 476 2216 547 igitur
2237 480 2290 533 in
2319 480 2442 536 loco
2472 488 2489 502 '
2512 483 2780 538 scientem
2810 500 3029 554 quoque
3055 484 3332 539 hominem
3357 487 3476 540 col-

1903 565 2045 662 loco.
2070 567 2342 625 Hesiodus
2369 587 2500 628 vero
2533 575 2601 630 de
2633 577 2785 632 aurei
2818 578 3035 647 generis
3056 577 3374 634 hominibus
3403 579 3479 633 ita

1901 663 2106 706 cecinit
2129 672 2141 706 :

1903 758 1972 843 ξι
2001 771 2278 843 postquam
2307 783 2469 843 genus
2497 770 2591 823 hoc
2620 781 2763 825 terra
2795 791 2933 827 mors
2963 776 3134 829 obruit
3162 776 3308 843 alta,

1905 829 2260 910 Qtemoneshi
2285 829 2455 910 sancti
2484 848 2751 894 terrestres
2783 843 2880 896 rite
2908 829 3195 910 vocantur,

1905 897 2151 957 Custodes
2178 907 2467 972 hominum,
2499 919 2678 964 nostra
2708 913 2816 965 hazc
2843 897 3028 983 quibus
3058 897 3236 970 omnia
3265 928 3422 974 cum.

1975 1014 2130 1082 Quod
2152 1017 2197 1072 si
2227 1025 2410 1090 poeta,
2440 1029 2495 1073 et
2524 1020 2718 1085 bonos,
2750 1032 2807 1078 et
2833 1025 3102 1081 malorum
3136 1028 3476 1098 depulsores,

1903 1116 1959 1160 et
1981 1108 2237 1164 custodes
2278 1111 2589 1166 mortalium
2620 1115 2832 1169 vocavit
2864 1131 2958 1171 eos
2981 1119 3074 1188 qui
3101 1123 3304 1190 optime
3327 1124 3476 1178 vixe-

1905 1207 2054 1263 runt,
2080 1198 2280 1253 deinde
2311 1203 2512 1256 mortui
2550 1212 2698 1268 sunt,
2726 1207 2952 1277 ejusque
2997 1212 3322 1266 sententiam
3351 1215 3477 1284 phi-

1903 1289 2256 1359 losophorum
2290 1295 2777 1360 praestantissimus
2802 1299 3165 1364 confirmavit,
3192 1312 3356 1373 atque
3383 1305 3480 1359 bo-

1905 1395 2027 1433 rum
2059 1383 2306 1450 sepulcra
2352 1384 2579 1439 colenda
2609 1395 2665 1440 et
2704 1388 2978 1443 adoranda
3005 1393 3220 1446 censuit
3252 1410 3265 1447 :
3295 1411 3416 1464 qua:
3447 1410 3480 1450 a

1906 1471 2064 1524 nobis
2099 1472 2253 1536 fiunt,
2305 1475 2495 1543 optimi
2541 1477 2664 1540 viri,
2695 1495 2794 1533 cur
2832 1479 3147 1537 damnatis?
3188 1485 3299 1540 Nos
3331 1487 3479 1541 enim

1905 1563 2023 1629 pari
2055 1564 2219 1617 modo
2242 1605 2256 1628 ,
2292 1579 2388 1619 eos
2417 1567 2510 1634 qui
2544 1567 2746 1636 pietate
2788 1571 3126 1638 claruerunt,
3163 1591 3372 1646 proque
3415 1594 3478 1633 ea

1907 1655 2030 1707 etesi
2075 1664 2235 1720 sunt,
2279 1658 2547 1713 malorum
2579 1660 2905 1730 depulsores
2931 1675 2987 1718 et
3026 1667 3269 1722 medicos
3298 1670 3477 1723 nomi-

225 1741 334 1811 γὴν
384 1739 748 1810 δεξαμένους,
802 1738 1163 1803 ἀλεξικάκους
1222 1739 1386 1808 ἡμεῖς
1434 1738 1553 1826 καὶ,
1582 1737 1797 1826 ἰατροὺς

1910 1761 2131 1810 namus;
2163 1748 2437 1804 daemonas
2482 1766 2593 1806 non
2637 1753 2975 1821 appellamus
3010 1753 3197 1826 (absit
3249 1773 3280 1811 a
3319 1759 3480 1814 nobis

225 1833 568 1901 ὀνομάζομεν
589 1870 603 1893 ,
637 1831 696 1882 οὐ
737 1829 1002 1899 δαίμονας
1033 1827 1328 1890 καλοῦντες
1369 1826 1469 1896 (μὴ
1499 1825 1643 1878 οὓτω
1674 1825 1800 1877 λυτ-

223 1922 570 1992 τήσαιμεν),
611 1919 746 1973 ἀλλὰ
784 1919 910 1988 Θεῷ
954 1919 974 1950 ⁷
1025 1919 1212 1988 φίλους
1265 1917 1360 1970 καὶ
1407 1914 1594 1978 εὔνους
1639 1915 1803 1987 θεράο

227 2031 453 2080 ποντας,
478 2012 762 2084 παρρησίᾳ
793 2011 1131 2084 χρωμένους,
1158 2010 1254 2063 καὶ
1290 2009 1398 2061 τῶν
1428 2007 1646 2076 ἀγαθῶν
1673 2009 1802 2078 ἡμῖν

230 2104 670 2173 ὲπαγγέλλοντας
705 2103 804 2173 τὴν
852 2103 1044 2174 φοράν.
1074 2100 1245 2154 Τοῦτο
1295 2099 1402 2170 γὰρ
1433 2100 1496 2170 δὴ
1519 2099 1541 2130 ⁸
1572 2099 1668 2152 καὶ
1696 2099 1802 2152 τῶν

231 2197 538 2265 φιλοσόφων
573 2195 748 2268 [milvi
785 2196 806 2226 ⁹
851 2197 879 2248 ό
928 2195 1221 2265 κορυφαῖος
1267 2194 1326 2246 ὲν
1377 2195 1443 2262 τῇ
1478 2189 1802 2262 Ἐπινομίδι

230 2289 550 2358 δεδήλωκεν.
608 2288 750 2357 Ἔφη
807 2286 953 2359 γάρ·
1002 2305 1021 2338 ι
1079 2283 1152 2338 Οὔ
1197 2302 1338 2356 φημι
1387 2279 1527 2338 εῖναι
1580 2283 1802 2338 δυνατὸν

228 2377 539 2448 ἀνθρώποις
588 2376 877 2447 μακαρίοις
921 2391 976 2428 τε
1023 2375 1117 2427 καὶ
1169 2375 1451 2443 εὐδαίμοσι
1507 2373 1798 2440 γενέσθαι,

230 2469 371 2540 πλὴν
391 2468 585 2536 ὀλίγων
602 2485 616 2498 ο
648 2467 806 2538 μέχρι
836 2482 941 2536 περ
965 2465 1030 2518 ἂν
1052 2463 1256 2536 ζῶμεν,
1286 2465 1444 2518 τοῦτο
1468 2463 1798 2534 διορίζομαι·

233 2557 371 2625 καλὴ
418 2557 474 2609 δὲ
526 2556 682 2618 ἐλπὶς
741 2553 1127 2622 τελευτήσαντι
1189 2554 1373 2622 τυχεῖν
1441 2551 1714 2606 ἁπάντων.
1777 2570 1797 2603 ι

246 2647 509 2718 ’Δτεχνῶς
547 2645 605 2699 δέ
655 2661 717 2713 γε
751 2642 908 2696 τοῦτο
956 2642 1100 2695 ἔοικε
1133 2645 1246 2705 τοῖς
1281 2641 1387 2694 ὑπὸ
1415 2641 1514 2712 τῆς
1545 2641 1693 2705 θείας
1726 2645 1804 2696 εί-

237 2741 495 2812 ρημένοις
543 2736 802 2808 Γραφῆς·
857 2753 876 2787 ι
904 2734 998 2803 Μὴ
1037 2734 1345 2805 μακαρίσῃς
1374 2733 1543 2804 ἄνδρα
1576 2733 1682 2802 πρὸ
1717 2750 1805 2785 τεο

234 2832 427 2902 λευτῆς
458 2827 652 2883 αὑτοῦ·
690 2848 708 2880 ι
748 2826 840 2880 καί
867 2827 941 2858 ¹⁰ο
976 2843 994 2876 ‹
1023 2825 1142 2889 Φῶς
1172 2825 1400 2890 δικαίοις
1431 2826 1750 2890 διαπαντός·
1779 2845 1798 2878 ι

237 2925 364 2977 καί·
404 2941 422 2973 ι
461 2922 644 2990 Ψυχαὶ
676 2920 901 2973 δικαίων
937 2919 994 2972 ὲν
1030 2918 1176 2989 χειρὶ
1202 2917 1372 2973 Θεοῦ·
1410 2937 1429 2969 ι
1473 2918 1567 2972 καὶ
1599 2918 1668 2971 τὰ
1687 2919 1806 2972 τού-

233 3032 346 3077 τοις
376 3013 699 3084 προσόμοια.

305 3105 430 3157 Ὀτι
475 3103 531 3156 δὲ
581 3104 676 3155 καὶ
723 3104 834 3164 τοῖς
872 3101 1100 3165 δικαίοις
1139 3101 1360 3174 ὕϐρεις,
1399 3105 1491 3158 καὶ
1517 3103 1803 3176 λοιδορίας,

233 3194 330 3249 καὶ
371 3193 557 3255 αἰκίας
593 3192 632 3222 ¹¹
656 3231 670 3258 ,
723 3193 817 3245 καὶ⁸
856 3192 1126 3261 μάστιγας
1168 3192 1310 3245 κατὰ
1353 3191 1446 3244 τὸν
1475 3193 1718 3263 παρόντα
1765 3194 1806 3226 ³³

239 3271 350 3355 βίον
407 3284 780 3354 ξυνεκλήρωσε
841 3281 952 3336 τῶν
1004 3283 1142 3336 ὅλων
1196 3285 1224 3336 ό
1276 3282 1590 3353 Πρύτανις,
1648 3285 1742 3336 καὶ
1781 3286 1809 3336 ό

238 3377 461 3430 Πλάτων
515 3378 572 3428 ὲν
625 3378 690 3445 τῇ
745 3375 1026 3440 Πολιτείᾳ
1084 3372 1498 3443 ξυγγέγραφεν·
1571 3393 1588 3425 ι
1653 3373 1808 3427 Οὕτω

237 3469 390 3540 γὰρ,
447 3468 582 3538 φησὶ
631 3507 646 3533 ,
725 3465 1068 3535 διακείμενος
1135 3465 1165 3515 ό
1217 3463 1424 3526 δίκαιος
1459 3505 1475 3530 ,
1555 3466 1807 3536 αίκισθή-

239 3575 430 3624 σεται,
495 3556 1006 3628 στρεϐλωθήσεται,
1069 3555 1396 3625 δεθήσεται,
1439 3557 1808 3626 ὲκκοπήσεται

238 3650 316 3704 τὼ
346 3649 630 3719 ὀφθαλμὼ,
667 3647 932 3702 τελευτῶν
966 3647 1012 3679 ¹³
1045 3648 1223 3702 πάντα
1273 3647 1418 3702 κακὰ
1453 3648 1641 3702 παθὼν
1679 3649 1808 3702 ἀνα-

242 3742 752 3812 σκινδαλευθήσεται
814 3741 878 3795 ⁸⁵.
931 3742 1046 3794 Οὐκ
1102 3737 1196 3794 οὖν
1257 3740 1554 3812 τρισάθλιοι
1611 3742 1708 3812 μὲν
1758 3743 1809 3795 οἱ

238 3833 412 3888 ταῦτα
445 3831 727 3907 ποιοῦντες
752 3875 767 3899 ,
814 3829 1113 3904 τρισόλϐιοι
1160 3831 1218 3884 δὲ
1263 3832 1312 3884 οἱ
1343 3831 1640 3900 πάσχοντες
1676 3833 1752 3896 ¹³;
1785 3852 1803 3884 ι

245 3927 367 3980 Ὅτι
397 3926 454 3979 δὲ
491 3927 584 3980 καὶ
617 3925 994 3996 ἐπιμελεῖσθαι
1027 3923 1136 3977 τῶν
1170 3923 1526 3995 ἀνθρωπείων
1556 3924 1599 3955 ¹⁶
1622 3925 1811 3979 δύναν-

241 4036 329 4072 ται
359 4017 703 4088 πραγμάτων
725 4019 780 4071 αί
813 4015 924 4070 τῶν
955 4015 1114 4068 ὁσίων
1159 4015 1347 4085 ψυχαὶ,
1382 4015 1475 4068 καὶ⁵
1503 4015 1598 4069 τοῦ
1625 4016 1812 4086 σώμασ-

241 4125 332 4169 τος
386 4110 426 4140 "
466 4108 624 4171 ἐκτὸς
675 4107 986 4175 γενόμεναι,
1011 4106 1038 4158 ὁ
1067 4105 1288 4159 Πλάτων
1335 4104 1613 4160 καὶτοῦτο
1641 4107 1697 4159 ἐν
1734 4105 1812 4176 τῷ

241 4198 510 4268 ἑνδεκάτῳ
547 4197 591 4230 ⁸⁸
618 4195 726 4250 τῶν
756 4197 967 4265 Νόμων
1017 4195 1258 4262 ὲδίδαξεο
1296 4193 1444 4263 λέγει
1499 4195 1555 4250 δὲ
1601 4195 1809 4260 οὕτως·

244 4306 262 4338 ι
308 4289 403 4350 Εἷς
450 4305 572 4340 τινα
617 4287 659 4318 ¹⁹
702 4287 811 4356 γὰρ
850 4284 944 4339 οὖν
989 4304 1078 4356 μοι
1107 4286 1296 4356 καιρὸν
1345 4288 1647 4358 φαινόμεθα
1685 4290 1813 4352 τοὺς

1905 1837 1993 1891 hic
2015 1837 2168 1891 furor
2188 1839 2248 1909 !),
2268 1839 2363 1893 sed
2389 1841 2482 1895 Dei
2509 1842 2713 1898 amicos
2738 1859 3036 1913 servosque
3063 1847 3378 1913 benevolos,
3409 1850 3478 1902 li-

1901 1927 2116 1984 bertate
2142 1939 2380 1995 utentes,
2416 1932 2793 2003 bonorumque
2821 1936 3032 2005 c0piam
3061 1938 3220 1992 nobis
3254 1939 3478 2008 promit-

1905 2027 2100 2075 tentes.
2154 2019 2311 2088 Quod
2369 2023 2544 2093 ipsum
2597 2026 2762 2079 etiam
2811 2027 3263 2097 philosophorum
3317 2031 3484 2103 916

1903 2113 2160 2184 princeps
2209 2114 2266 2168 in
2316 2113 2630 2185 Epinomide
2677 2117 2752 2170 ita
2804 2117 3102 2173 declaravit
3135 2123 3208 2190 (p.
3241 2122 3344 2176 975
3367 2119 3476 2192 C):

1910 2223 1928 2254 ι
1969 2204 2125 2259 Haud
2153 2221 2282 2260 sane
2308 2205 2540 2262 dixerim
2584 2223 2742 2277 posse
2767 2207 3018 2265 homines
3049 2210 3239 2266 beatos
3266 2227 3329 2266 ac
3355 2213 3478 2267 feli-

1903 2311 1995 2351 ces
2039 2296 2292 2361 evadere,
2348 2299 2540 2372 paucis
2569 2299 2834 2369 exceptis.
2882 2301 3066 2356 Donec
3113 2301 3369 2368 vivimus,
3405 2305 3476 2358 ita

1903 2387 2140 2441 decerno
2167 2406 2179 2440 :
2212 2388 2355 2443 bona
2383 2398 2467 2444 est
2497 2399 2678 2445 autem
2723 2401 2942 2446 mortuo
2969 2408 3093 2462 spes
3134 2395 3313 2448 omnia
3345 2410 3478 2448 con-

1903 2476 2192 2544 sequendi.
2232 2495 2250 2527 i
2305 2476 2459 2557 Quod
2488 2479 2708 2548 quidem
2741 2481 2898 2534 aliine
2923 2497 3147 2551 prorsus
3164 2492 3247 2537 est
3266 2482 3334 2537 iis
3361 2501 3481 2553 qua:

1905 2565 1961 2618 in
1989 2581 2141 2620 sacra
2187 2566 2470 2638 Scriptura
2521 2569 2782 2624 dicuntur
2816 2589 2828 2624 :
2871 2590 2889 2622 ί
2934 2573 3013 2626 Ne
3047 2572 3265 2627 beatum
3289 2590 3482 2643 quem-

1904 2669 2067 2722 quam
2092 2654 2288 2710 feceris
2318 2664 2445 2711 ante
2468 2657 2651 2712 obitus
2673 2658 2757 2712 sui
2783 2659 2929 2713 diem
2949 2660 3012 2724 l1;
3050 2679 3068 2711 ›
3099 2668 3154 2714 et
3182 2677 3194 2713 :
3231 2679 3248 2711 ι
3273 2659 3482 2730 Usque-

1904 2760 2120 2816 quaque
2171 2747 2355 2802 lumen
2397 2749 2598 2819 justisi
2629 2766 2644 2816 ;
2681 2768 2700 2800 ι
2735 2759 2792 2804 et
2834 2751 2856 2804 ι’
2900 2768 2919 2801 ‹
2955 2749 3238 2806 Justorum
3287 2749 3481 2804 anima:

1911 2837 1968 2891 in
1991 2853 2156 2893 manu
2184 2839 2280 2894 Dei
2303 2850 2432 2895 sunt
2458 2839 2471 2890 i
2500 2858 2548 2906 ς»
2579 2850 2634 2896 et
2663 2857 2783 2910 quae
2807 2842 2894 2896 bis
2911 2841 3129 2896 similia.

1977 3117 2133 3185 Quod
2167 3127 2348 3173 autem
2384 3119 2548 3173 etiam
2580 3120 2760 3189 justos
2799 3118 2855 3172 in
2882 3118 2984 3173 hac
3019 3119 3131 3172 vita
3161 3117 3398 3188 injuriis,
3427 3127 3484 3173 et

1908 3210 2277 3273 contumeliis,
2309 3210 2588 3278 plagisque
2623 3225 2685 3263 ac
2713 3210 3040 3263 verberibus
3072 3210 3341 3264 addixerit
3367 3225 3487 3264 om-

1907 3299 2060 3352 nium
2095 3299 2318 3360 Rector,
2363 3297 2508 3351 idem
2539 3298 2692 3351 Plato
2723 3297 2777 3349 in
2817 3296 3094 3366 Republica
3129 3307 3360 3352 testatur
3404 3299 3480 3368 (p.

1909 3389 2034 3459 561)
2066 3405 2079 3440 :
2117 3407 2135 3438 ι
2171 3387 2359 3442 Justus
2384 3386 2553 3450 cnim,
2578 3385 2776 3454 inquit,
2813 3387 2888 3438 ita
2925 3392 3281 3453 praeparatus,
3307 3386 3482 3439 caede«

1911 3489 2022 3544 tur,
2079 3477 2424 3547 torquebitur
2448 3516 2463 3540 ,
2524 3475 2889 3545 colligabitur,
2929 3474 3104 3528 oculis
3136 3474 3480 3542 privabitur:

1908 3581 2213 3638 cunctaque
2246 3568 2483 3636 denique
2516 3580 2832 3634 perpessus,
2858 3573 3135 3633 postremo
3165 3565 3331 3618 etiam
3364 3579 3485 3618 sus-

1909 3661 2197 3731 pendetur.
2230 3659 2312 3714 An
2334 3673 2445 3712 non
2481 3658 2665 3726 itaque
2705 3655 3000 3710 miserrimi
3028 3655 3122 3725 qui
3149 3655 3236 3709 his
3267 3655 3484 3710 damnis

1909 3749 2189 3814 alliciunt,
2250 3747 2551 3803 felicissimi
2584 3759 2714 3800 vero
2762 3745 2858 3814 qui
2894 3743 3218 3815 patiuntur?
3252 3763 3271 3796 ι
3295 3744 3484 3804 ,Ροεθθ

1909 3849 2094 3895 autem
2141 3847 2453 3895 sanctorum
2487 3838 2718 3900 animas,
2746 3835 2914 3889 etiam
2943 3851 3070 3890 eum
3106 3844 3260 3889 extra
3283 3849 3484 3904 corpus

1909 3932 2136 3995 fuerint,
2171 3927 2456 3984 hominum
2500 3942 2695 3982 curare
2741 3924 2977 3996 negotia,
3025 3926 3179 3980 Plato
3229 3925 3376 3980 idem
3426 3925 3484 3979 in

1911 4021 2203 4076 undecimo
2240 4020 2436 4090 Legum
2485 4017 2629 4073 libro
2664 4017 2751 4071 his
2775 4016 2962 4071 verbis
3005 4015 3234 4070 afﬁrmat
3265 4015 3340 4087 (p.
3380 4013 3484 4071 926

1911 4111 2021 4182 E):
2064 4129 2082 4162 ι
2128 4112 2446 4180 Opportune
2494 4107 2661 4178 igitur
2694 4121 2759 4160 ea
2799 4119 2922 4175 quae
2969 4104 3225 4174 superius
3257 4111 3484 4159 tractata

1912 4210 2040 4258 sunt
2064 4202 2235 4258 locuti
2259 4201 2530 4263 videmur,
2556 4197 2768 4252 animas
2795 4196 3050 4251 videlicet
3077 4195 3483 4261 defunctorum,

1915 4302 2203 4363 postquam
2236 4306 2302 4346 ex
2354 4291 2456 4345 hac
2485 4289 2596 4344 vita
2633 4286 2985 4349 excesserint,
3031 4285 3144 4340 vim
3188 4285 3483 4355 quamdam

241 4377 549 4446 ἔμπροσθεν
574 4377 763 4445 λόγους
804 4377 1118 4442 διεξελθεῖν,
1149 4378 1224 4441 ὡς
1257 4378 1365 4449 ἄρα
1402 4379 1458 4432 αί
1490 4379 1599 4433 τῶν
1631 4379 1802 4434 τελευ-

1914 4385 2077 4455 917
2101 4385 2327 4449 habere,
2365 4399 2428 4438 ac
2457 4383 2524 4437 de
2569 4382 2736 4436 rebus
2767 4380 3024 4434 humanis
3055 4394 3242 4434 curam
3272 4393 3487 4448 gerere.

241 4467 522 4536 τησάντων
551 4467 717 4538 ψυχαὶ
757 4468 985 4538 δύναμιν
1031 4468 1216 4539 ἔχουσί
1243 4487 1365 4524 τινα
1393 4471 1803 4542 τελευτήσασαι,

241 4557 337 4611 καὶ
379 4555 487 4610 τῶν
525 4560 644 4611 κατ’
675 4558 999 4632 ἀνθρώπους
1033 4561 1372 4630 πραγμάτων
1401 4563 1805 4633 ἐπιμελοῦνται.

240 4649 425 4704 Ταῦτα
454 4650 510 4704 δὲ
546 4652 766 4720 ἀληθεῖς
823 4654 940 4721 μὲν,
979 4653 1180 4723 μακροὶ
1209 4653 1266 4705 δέ
1312 4656 1418 4707 είσι
1463 4655 1809 4726 περιέχοντες

235 4740 418 4808 λόγοιο
454 4741 732 4794 πιστεύειν
778 4743 824 4774 ¹⁰
855 4743 912 4795 δὲ
965 4748 1085 4806 ταῖς
1126 4742 1230 4815 [τε]
1269 4745 1309 4775 ’⁸
1354 4744 1542 4810 ἄλλαις
1595 4750 1805 4818 φήμαις

211 4830 213 4832 .
237 4829 414 4898 χρεὼν
443 4831 573 4903 περὶ
617 4831 687 4884 τὰ
729 4833 970 4897 τοιαῦτα,
1020 4832 1163 4886 οὕτω
1214 4834 1436 4899 πολλαῖς
1470 4838 1563 4891 καὶ⁹
1599 4839 1803 4911 σφόδρα

310 4983 342 5023 ιι
375 4983 549 5040 Sirae.
577 5001 636 5051 ιι,
673 4985 761 5041 29.
844 4990 859 5028 ί
897 4988 1056 5045 Prov.
1092 5007 1162 5055 IV,
1191 4991 1275 5045 18.
1356 4993 1370 5043 1'
1418 4993 1543 5065 Sap.
1581 5011 1659 5062 Ill,
1696 4997 1746 5050 l.

1915 4479 2209 4533 Sermones
2233 4482 2366 4530 vero
2389 4475 2484 4544 qui
2508 4473 2575 4528 de
2601 4473 2690 4527 bis
2719 4472 2885 4527 rebus
2900 4472 3194 4533 habentur,
3223 4468 3338 4524 veri
3363 4469 3486 4537 qui-

1915 4569 2062 4635 dem,
2099 4568 2197 4624 sed
2224 4567 2372 4637 longi
2418 4575 2564 4620 sunt.
2592 4564 2940 4619 Credendum
2965 4571 3048 4617 est
3073 4571 3253 4617 autem
3284 4566 3341 4615 et
3362 4559 3485 4614 aliis

1915 4676 2132 4731 quoque
2155 4663 2172 4682 ‘
2196 4657 2600 4714 narrationibus
2624 4670 2743 4724 quae
2765 4655 2881 4709 hac
2903 4653 3062 4707 nobis
3090 4652 3331 4714 tradunt,
3359 4664 3482 4704 cum

1914 4751 2053 4806 adeo
2080 4760 2136 4806 et
2161 4749 2400 4818 antiquae
2426 4757 2482 4802 et
2508 4747 2691 4800 multm
2708 4747 2838 4800 sint.
2866 4744 3213 4801 Credendum
3251 4755 3484 4813 praster-

1911 4860 1976 4898 ca
2015 4852 2070 4898 et
2122 4844 2191 4898 iis
2222 4843 2316 4913 qui
2348 4843 2494 4913 leges
2537 4840 2803 4904 tulerunt,
2857 4839 2936 4892 ita
2965 4839 3081 4892 haec
3102 4852 3162 4893 se
3192 4836 3416 4891 habere.
3456 4853 3475 4886 ι

1536 5147 1766 5206 VARle
1809 5149 2210 5207 LECTIONES.

308 5251 545 5332 11-0610;
565 5252 722 5332 τοῦτο
744 5251 812 5332 τὸ·
911 5255 989 5332 __'
1009 5256 1058 5332 οἱ
1088 5255 1585 5332 μὲνξ-καλέονται,
1608 5263 1690 5314 τοι
1724 5261 1819 5328 μὲν
1864 5263 2117 5332 δαίμονες
2143 5263 2279 5317 εἰσὶν
2327 5261 2449 5326 Διὸς
2504 5259 2738 5332 μεγάλου
2785 5255 3152 5332 διαϐοῃλάς
3231 5255 3254 5288 ³
3277 5249 3478 5332 ἐσρλρί.

236 5321 416 5375 ἐσθλοὶ
437 5323 481 5375 δ’
507 5322 566 5376 Β.

678 5323 700 5355 ⁵
732 5323 822 5376 καὶ
819 5323 1220 5403 “togatis—fat
1249 5342 1357 5403 o_rn.
1508 5331 1607 5403 xui.
1628 5323 1752 5403 ante
1773 5333 1806 5403 ό
1837 5323 2065 5403 ποιητὴς
2097 5323 2225 5386 ὀιη.
2274 5333 2369 5403 Ya.

2480 5323 2515 5362 ⁸’
2539 5323 2596 5382 δέ
2619 5327 2766 5382 τόνδε
2794 5327 2903 5378 τόν.
2931 5327 2986 5380 δὲ
3015 5326 3107 5379 τοῦ
3133 5325 3358 5394 ποιητοῦ
3387 5323 3482 5378 τὸν

234 5392 295 5445 Β·
372 5392 860 5472 ﬁmoﬁmo“?
906 5394 1028 5472 Μοῖι
1057 5394 1456 5472 vastassent}.
1517 5401 1553 5472 ff
1587 5399 1730 5472 92,09-
1767 5400 1870 5472 θεῷ
1919 5392 1977 5472 Β·
2021 5392 2094 5434 ⁷⁷·
2125 5404 2232 5472 γὰρ
2270 5401 2355 5472 δή.
2389 5402 2452 5470 δὴ
2480 5415 2588 5472 ουτ,
2624 5398 2684 5451 B-
2728 5395 2981 5472 meo]
3031 5392 3279 5472 agn-31¢
3310 5394 3480 5472 ’ζκαὶ

233 5477 344 5542 οφ.
373 5463 435 5542 Β,
470 5456 628 5542 ὲῐβὶο
649 5456 736 5519 19.
815 5465 866 5542 ‘_‘_
895 5456 1099 5542 αἰκίας.
1125 5456 1432 5542 ἀδικίας-Β,
1513 5470 1556 5499 ¹²
1586 5471 1732 5542 τόνδε
1763 5456 1873 5542 τό).
1907 5471 1996 5542 τὸν
2023 5456 2265 5542 παρόντα
2297 5456 2356 5524 Β.

231 5531 446 5601 «ipost
477 5534 652 5587 πάντα
678 5549 787 5588 om.
828 5534 888 5587 B.
967 5531 1013 5564 “
1039 5535 1381 5588 ἁνασκινδαλ.
1409 5538 1750 5592 ἀνασκινδυλ.
1784 5540 1845 5594 C.

2437 5463 2481 5502 ί³
2504 5463 2829 5524 τελευταῖονῖ
2852 5463 3130 5519 τελευτῶν
3155 5465 3216 5528 Β,
3239 5463 3301 5520 C.
3337 5463 3472 5517 Tum

1944 5541 1986 5572 ¹⁵
2012 5533 2496 5611 οίλπάσχοντεςκοί
2538 5539 2709 5611 ταῦτα
2741 5553 2802 5590 π.
2845 5533 2945 5611 Vb_.
3025 5533 3472 5611 ιξ’.ιίινθρωίιιίνων.

210 5599 678 5682 -ἀγθρωπείωνβ,
730 5603 929 5682 1⁷]οῇ
974 5601 1242 5682 σώματος.
1273 5605 1366 5659 τοῦ
1400 5620 1508 5662 om.
1535 5607 1593 5662 Β.
1673 5611 1716 5642 ⁸⁸
1745 5611 2034 5682 ἑνδεκάτῳ.
2069 5599 2276 5680 δεκάτῲ
2320 5599 2388 5676 Β,
2414 5609 2476 5666 C.
2559 5609 2601 5642 ⁸⁹
2621 5622 2742 5662 τινα
2772 5618 2881 5661 om.
2909 5603 2967 5658 Β.
3045 5606 3090 5638 ὀ
3115 5599 3476 5660 πιστεύειν-

234 5668 422 5736 οὔσαις
450 5688 559 5729 om.
591 5673 651 5726 B.
730 5675 771 5705 ¹¹
803 5671 910 5744 [τε]
936 5668 1138 5727 οῐῐιζΟ.
