3974 6196
288 274 430 340 1029

818 246 1291 336 'GRIECARUhI
1322 270 1625 331 AFFECT.
1667 268 2019 334 CURATIO.
2043 269 2293 331 —-VIII.
2337 269 2434 330 DE
2472 269 2984 331 MARTYRIBUS.

3418 243 3574 336 1030"

291 403 484 458 χηκεν,
513 384 634 440 οὐδὲ
665 384 708 415 δ’
741 383 924 452 Ζήνων
948 384 976 435 6
1021 381 1302 451 Ἐλεάτης,
1329 378 1389 444 ὃς
1429 379 1874 451 ἀναγκαζόμενος

1981 379 2386 441 Anaxarchum,
2423 399 2441 431 ι
2473 379 2622 434 hunc
2649 379 2917 435 honorem
2946 387 3031 436 est
3065 390 3430 448 consecutus;
3455 401 3559 440 nec

290 480 576 534 κατειπεῖν
602 494 653 529 τι
677 475 783 528 τῶν
807 474 1135 545 ἀπορρήτων
1163 473 1388 545 ἀντέσχε
1414 472 1549 544 πρὸς
1573 472 1671 535 τὰς
1703 471 1870 542 βασά-

294 587 441 633 νους,
475 568 625 621 οὐδὲν
663 563 1153 634 ἐξομολογούμενος
1175 582 1188 595 °
1228 566 1303 627 ὼς
1340 564 1396 616 δέ
1433 581 1598 634 φησιν
1632 563 1677 595 ⁸³
1718 563 1870 634 Ἐρα-

293 659 554 727 τοσθένης
587 657 643 708 ἐν
675 657 786 717 τοῖς
810 658 855 685 ⁸⁸
881 655 1017 722 Περὶ
1039 655 1278 724 ἀγαθῶν
1303 656 1399 708 καὶ
1427 653 1650 717 κακῶν,
1685 654 1868 717 δείσας

289 747 447 812 οὗτος
486 747 558 818 μὴ
583 749 646 816 τῇ
675 745 785 799 τῶν
818 747 1007 800 παθῶν
1028 745 1072 778 ⁸⁸
1102 746 1372 818 ὑπερϐολῇ
1409 745 1647 816 βιασθεὶς
1678 745 1869 816 ἐξείπῃ

289 860 340 893 τι
378 841 486 891 τῶν
538 838 934 907 συγκειμένων,
987 838 1081 890 καὶ
1126 839 1252 901 τοὺς
1311 839 1612 900 στασιώτας
1657 839 1710 868 ⁸⁸
1761 855 1870 909 μη-

291 931 449 1000 νύσῃ,
496 930 596 1000 τὴν
646 929 893 996 γλῶτταν
946 933 1056 991 τοῖς
1093 928 1272 982 ὀδοῦσι
1309 929 1490 999 τεμὼν
1526 929 1871 1000 προσέπτυσε

282 1017 367 1089 τῷ
404 1019 680 1088 τυράννῳ.
718 1018 896 1071 Ταύτδ
940 1018 983 1048 ⁸⁷
1016 1018 1072 1070 δὲ
1103 1017 1260 1070 τοῦτο
1307 1019 1400 1070 καὶ
1437 1018 1688 1072 Θεόδοτόν
1741 1036 1872 1088 φασι

293 1110 518 1178 ποιῆσαι
552 1109 646 1160 τὸν
676 1108 1066 1179 Πυθαγόρειον,
1101 1108 1197 1160 καὶ
1231 1107 1442 1162 Παῦλον
1502 1109 1592 1162 τὸν
1624 1109 1870 1174 Λακύδου

293 1201 593 1272 γνώριμον,
624 1201 700 1264 ὡς
729 1201 757 1252 6
802 1199 1162 1269 Περγαμηνὸς
1196 1201 1460 1270 Τιμόθεος
1504 1202 1563 1252 ἐν
1605 1199 1684 1270 τῷ
1734 1199 1871 1269 Περὶ

290 1292 404 1360 τῆς
446 1292 565 1344 τῶν
603 1293 962 1360 φιλοσόφων
1003 1292 1340 1360 ἀνδρείαςδδ
1375 1291 1872 1362 ξυνέγραψεοξυμ-

299 1385 570 1455 μαρτυρεῖ
605 1384 661 1436 δὲ
690 1383 863 1452 τούτῳ
901 1386 994 1436 καὶ
1041 1385 1290 1453 ’Λχαῖκδς
1335 1383 1392 1437 ἐν
1434 1385 1544 1446 τοῖς
1593 1382 1867 1448 Ἠθικοῖς.

309 1476 454 1529 Ἀλλ’
475 1477 625 1545 ὅμως
647 1474 850 1527 τούτων
872 1475 1046 1538 οὐδεὶς
1075 1476 1173 1544 τῆς
1206 1474 1313 1527 τῶν
1344 1474 1635 1544 μαρτύρων
1671 1474 1874 1544 ἠξιώθη

297 1568 485 1637 τιμῆς.
522 1568 658 1618 (lbra
689 1567 795 1636 μὴν
829 1555 1026 1620 ἐκεῖνοι
1052 1567 1100 1619 οἱ
1126 1567 1194 1619 τὰ
1224 1565 1454 1636 λαμπρά
1481 1566 1576 1619 καὶ
1608 1565 1903 1638 πολυθρύλ-

297 1657 438 1726 λητα
469 1659 766 1726 στήσαντες
806 1657 1062 1728 τρόπαια,
1095 1658 1155 1709 οὐ
1189 1657 1509 1726 Μιλτιάδης,
1548 1656 1608 1709 ού
1658 1657 1872 1726 Κίμων,

1971 471 2119 526 Zeno
2141 471 2378 536 Eleates,
2411 471 2528 541 qui,
2554 486 2677 525 cum
2718 469 2914 527 arcana
2941 472 3188 542 quaadam
3207 472 3442 542 prodere
3463 491 3559 530 co-

1970 569 2211 631 geretur,
2238 560 2680 615 constantissime
2726 563 3016 619 tormentis
3040 564 3297 619 omnibus
3329 566 3560 625 restitit.

1971 651 2220 721 nihilque
2244 660 2328 707 est
2352 652 2573 716 effatus,
2603 663 2766 728 atque
2795 662 2855 707 ut
2882 655 3278 710 Eratosthenes
3317 656 3373 710 in
3415 658 3562 712 libro

1971 741 2050 797 De
2076 741 2232 797 malis
2271 743 2522 814 bonisque
2542 743 2766 814 scripsit
2791 744 2984 812 (Clem.
3019 745 3175 801 Alex.
3206 745 3405 801 Strom.
3437 763 3474 811 ι,
3503 763 3558 817 p.

1973 833 2077 889 5l9
2109 833 2301 901 Pott.),
2335 836 2536 889 timens
2565 851 2632 888 ne
2664 835 2846 889 victus
2881 852 3109 892 excessu
3161 847 3561 893 tormentorum

1972 922 2200 978 efferret
2226 922 2433 992 aliquid
2468 939 2535 976 ex
2571 922 2638 977 iis
2661 922 2731 976 de
2771 923 2975 993 quibus
3007 925 3387 988 condixerant,
3429 941 3564 978 con-

1973 1015 2227 1085 sciosque
2263 1015 2658 1085 coniurationis
2705 1016 2999 1085 proderet,
3029 1018 3270 1086 linguam
3301 1016 3562 1072 dentibus

1974 1107 2274 1161 abscissam
2312 1107 2367 1159 in
2399 1107 2613 1176 tyranni
2649 1106 2842 1160 faciem
2885 1109 3160 1177 conspuit.
3194 1107 3349 1174 Quod
3383 1107 3562 1177 ipsum

1973 1207 2031 1252 et
2060 1197 2407 1251 Theodotum
2445 1197 2863 1268 Pythagoricum
2909 1198 3103 1252 fecisse
3138 1198 3315 1263 aiunt,
3345 1200 3564 1252 etPau-

1974 1290 2088 1343 lum
2117 1288 2346 1360 Laeydze
2368 1289 2712 1352 familiarem,
2740 1298 2797 1342 ut
2823 1291 2977 1343 testis
2996 1300 3079 1344 est
3096 1290 3416 1345 Timotheus
3435 1293 3565 1345 Per-

1975 1394 2239 1450 gamenus
2261 1379 2315 1432 in
2340 1378 2480 1432 libro
2498 1379 2575 1432 De
2596 1379 3019 1449 philosophorum
3047 1381 3368 1450 fortitudine,
3393 1382 3565 1435 idem-

1976 1487 2083 1540 que
2101 1469 2374 1524 Achaicus
2403 1469 2459 1523 in
2480 1469 2672 1524 Ethicis
2703 1471 2862 1525 libris
2890 1471 3141 1526 affirmat.
3161 1474 3356 1527 Nullus
3381 1483 3562 1528 tamen

1977 1562 2208 1615 istorum
2243 1560 2453 1615 honore
2481 1571 2777 1632 martyrum
2817 1562 3013 1632 dignus
3038 1573 3120 1617 est
3165 1564 3405 1618 habitus.
3456 1565 3564 1619 Ne-

1978 1667 2086 1721 que
2138 1651 2270 1706 item
2314 1650 2414 1716 illi,
2453 1653 2547 1722 qui
2591 1651 2826 1708 illustria
2860 1663 2916 1707 et
2961 1654 3320 1709 celeberrima
3361 1665 3564 1725 tropaea

295 1749 360 1801 οὐ
411 1749 705 1818 Περικλῆς,
756 1748 816 1800 ού
874 1746 1270 1818 Θεμιστοκλῆς,
1318 1747 1418 1799 οὐκ
1479 1747 1810 1817 ’Λριστείδης
1848 1746 1878 1799 6

1981 1742 2309 1806 excitarunt,
2329 1759 2439 1797 non
2470 1743 2762 1809 Miltiades,
2780 1757 2890 1798 non
2912 1745 3126 1809 Cimon,
3163 1762 3273 1799 non
3301 1747 3560 1812 Pericles,

297 1835 648 1906 Δυσιμάχουο
690 1837 866 1888 καίτοι
912 1827 1067 1896 οὗτος
1099 1835 1200 1886 ούκ
1238 1834 1481 1904 ἀνδρεῖος
1514 1831 1693 1903 μόνον,
1742 1831 1878 1885 ἀλλὰ

299 1929 393 1982 καὶ
420 1928 463 1959 ⁸⁸
485 1927 692 1990 δίκαιος
716 1927 1028 1997 ὲνενόμιστο
1053 1942 1068 1956 ο
1092 1924 1208 1978 ἀλλ’
1236 1925 1382 1995 ὅμως
1402 1923 1524 1977 οὔτε
1551 1917 1722 1988 οὗτος.
1753 1921 1877 1976 οὒτε

299 2019 628 2091 Βρασίδας⁵⁰
644 2019 672 2069 6
691 2017 1061 2086 Σπαρτιάτης,
1084 2017 1183 2070 οὑκ
1213 2015 1558 2086 Ἀγησίλαος,
1587 2015 1648 2068 οὐ
1665 2013 1878 2068 Λύσαν-

300 2113 425 2184 δρος
455 2113 483 2164 ὁ
517 2112 619 2182 τὴν
659 2110 984 2164 δυναστείαν
1027 2109 1340 2172 καταλύσας
1374 2108 1472 2168 τὴν
1501 2105 1877 2176 Ἀθηναίων³¹,

302 2205 364 2257 οὐ
416 2203 716 2266 Πελοπίδας
755 2205 783 2254 6
823 2201 1196 2271 Βοιωτάρχης,
1241 2201 1344 2254 οὐκ
1385 2196 1820 2269 Ἐπαμεινώνδας
1851 2199 1880 2251 6

305 2297 403 2367 τὴν
454 2295 776 2365 Λακωνικὴν
827 2295 1155 2365 ληϊσάμενος
1207 2294 1303 2346 καὶ
1323 2295 1390 2362 τῇ
1448 2291 1673 2362 Σπάρτῃ
1727 2289 1878 2362 [121]

301 2390 693 2458 προσενεγκεῖν
719 2387 818 2456 τὴν
842 2386 1099 2456 στρατιὰν
1129 2385 1174 2415 ⁹¹
1199 2385 1497 2454 τολμήσας,
1535 2384 1633 2451 οὐχ
1663 2383 1714 2434 ot
1749 2383 1882 2434 Ῥω-

307 2480 484 2550 μαίων
524 2477 977 2549 περιφανέστατοι
1026 2475 1343 2548 στρατηγοὶ,
1383 2473 1443 2527 ού
1491 2472 1728 2526 Σκιπίων
1773 2472 1820 2502 ⁵³
1853 2473 1880 2524 6

303 2570 543 2640 πρῶτος,
576 2571 676 2638 οὐχ
699 2571 726 2621 6
763 2568 974 2620 ἐκείνου
1003 2567 1052 2598 ⁸⁸
1084 2561 1390 2636 ὁμώνυμος,
1417 2564 1478 2616 οὑ
1503 2563 1697 2616 Κάτων
1727 2561 1793 2626 ⁵⁸,
1818 2561 1878 2613 οὐ

303 2663 530 2727 Σύλλας,
568 2663 629 2714 ού
663 2661 896 2731 Μάριος,
925 2659 985 2712 ού
1026 2659 1328 2727 Πομπήϊος,
1363 2657 1425 2709 ού
1449 2656 1668 2724 Καῖσαρ
1696 2654 1876 2717 αὐτός.

302 2755 520 2807 Τούτων
561 2753 670 2824 γὰρ
700 2754 930 2814 ἕκαστος
983 2753 1039 2802 ἐν
1091 2750 1186 2819 μὲν
1222 2752 1341 2810 ταῖς
1377 2748 1734 2817 στρατηγίαις
1785 2745 1881 2797 καὶ

302 2847 424 2907 ταῖς
457 2847 513 2896 ἐν
563 2844 823 2914 πολέμοις
871 2839 1261 2912 ἀνδραγαθίαις
1305 2839 1562 2909 διέπρεψε
1606 2839 1674 2904 ⁸⁸,
1706 2838 1798 2890 τοῦ
1825 2839 1880 2892 δέ

301 2937 414 2990 τῶν
447 2936 741 3006 μαρτύρων
766 2935 825 2987 ού
856 2933 1118 3005 μετέλαχε
1142 2931 1339 3003 γέρως.
1371 2932 1480 2984 Καὶ
1508 2931 1561 2984 τί
1589 2930 1731 3000 λέγω
1755 2932 1880 2994 τοὺς

305 3025 832 3100 στρατηγούς;οΰτε
865 3025 972 3097 γὰρ
1000 3026 1049 3078 οἱ
1090 3024 1190 3095 τῆς
1221 3024 1542 3096 οίκουμένης
1567 3022 1882 3093 βεϐασιλευς

306 3121 462 3182 κότες
494 3118 697 3188 ταύτης
726 3118 1042 3171 ἀπέλαυσαν
1070 3116 1114 3149 ⁵⁷
1147 3119 1246 3186 τῆς
1275 3114 1443 3186 τιμῆς
1461 3131 1473 3145 ·
1499 3117 1560 3168 ού
1589 3115 1792 3186 Κῦρος,
1817 3116 1878 3168 οὐ

303 3213 549 3282 Δαρεῖος,
602 3211 663 3263 οὐ
705 3209 932 3281 Ξέρξης,
967 3209 1069 3262 οὐκ
1126 3206 1472 3278 Ἀλέξανδρος
1504 3209 1533 3260 6
1581 3206 1878 3259 Φιλίππουσ

303 3305 431 3368 τοὺς
457 3303 566 3374 γὰρ
604 3303 913 3373 ἐπισήμους
944 3300 1232 3368 καταλέγω
1264 3299 1460 3370 μόνους
1483 3313 1497 3327 ⁶
1535 3297 1636 3350 οὐκ
1669 3295 1882 3366 Αὔγου-

307 3411 452 3458 στος,
478 3396 578 3448 οὐκ
608 3392 1015 3456 Οὐεσπασιανὸς
1039 3392 1106 3456 ⁵⁸,
1123 3391 1185 3444 ού
1207 3389 1496 3461 Τραϊανὸς,
1531 3389 1631 3441 οὑκ
1667 3388 1884 3460 Ἀδρια-

305 3484 416 3550 νδς,
463 3486 564 3537 οὐκ
613 3485 960 3546 Ἀντωνῖνος·
1005 3480 1124 3535 ἀλλ’
1161 3473 1308 3533 οὗτοι
1336 3479 1538 3542 πάντες
1558 3475 1761 3542 ζῶντες
1785 3477 1883 3550 μὲν

303 3571 444 3647 ἦσαν
463 3574 838 3646 περίϐλεπτοι,
876 3572 972 3629 καὶ
1004 3573 1132 3636 τοὺς
1171 3570 1482 3643 βαρϐάρους
1514 3569 1708 3624 ἐνίκων
1729 3611 1744 3634 ,
1787 3570 1885 3624 καὶ

309 3667 447 3738 μετὰ
483 3668 581 3731 τὰς
629 3667 783 3730 νίκας
825 3667 871 3699 ⁸⁸
914 3666 1140 3737 πομπὰς
1183 3663 1472 3718 ἐπετέλουν
1525 3665 1617 3717 καὶ
1655 3661 1880 3732 ἐορτάς’

307 3761 496 3830 ἐπειδὴ
527 3760 586 3813 δὲ
617 3759 1000 3829 ἐτελεύτησαν,
1031 3757 1184 3810 οὐδὲν
1221 3756 1329 3810 τῶν
1362 3755 1574 3809 πολλῶν
1601 3755 1887 3826 διαφέρου-

309 3871 410 3908 σιν.
439 3852 578 3906 Οῠτε
603 3851 712 3922 γὰρ
732 3852 938 3920 τάφους
968 3850 1180 3920 ἔχουσιν
1205 3850 1528 3919 ἐπισήμους,
1560 3845 1681 3900 οὕτε
1713 3846 1884 3916 δημο-

307 3943 534 4007 θοινίαις
581 3942 819 4014 ἐτησίοις
851 3940 1222 4012 γεραίρονται.
1256 3938 1351 4002 Τίς
1383 3938 1493 4008 γὰρ
1687 3937 1732 3968 ⁸⁸
1776 3931 1884 3988 οἶδε

307 4037 398 4089 τὸν
428 4033 626 4106 Ξέρξου
680 4032 796 4107 [γε]
826 4033 1019 4102 τάφον,
1060 4031 1094 4100 ἢ
1143 4031 1234 4082 τὸν
1276 4028 1537 4098 Δαρείους
1578 4027 1662 4089 τίς
1689 4026 1746 4079 δέ
1794 4025 1886 4079 τὸν

321 4126 694 4197 Ἀλεξάνδρου,
721 4122 816 4177 τοῦ
847 4121 1118 4176 τοσούτων
1142 4119 1312 4172 ἐθνῶν
1340 4120 1397 4171 ἐν
1422 4117 1676 4188 ὀλιγίστῳ
1710 4118 1752 4149 ⁵⁸
1772 4114 1883 4188 [γε]

307 4219 484 4290 χρόνῳ
529 4217 940 4288 κρατήσαντος;
985 4213 1096 4267 Καὶ
1134 4211 1184 4265 τί
1233 4211 1379 4280 λέγω
1425 4212 1550 4273 τοὺς
1585 4208 1880 4274 παλαιούς;

291 4310 428 4365 Οίιδέ
457 4309 567 4380 γὰρ
593 4307 655 4361 τὸ
693 4307 738 4339 ⁶¹
773 4305 1080 4375 Βύγούστου
1123 4304 1273 4374 σῆμα
1302 4302 1459 4373 δῆλόν
1500 4304 1667 4365 ἐστιν,
1708 4301 1742 4373 ἢ
1777 4302 1885 4355 τῶν

1979 1847 2092 1886 non
2125 1832 2546 1898 Themistocles,
2587 1850 2697 1888 non
2733 1835 3003 1889 Aristides
3034 1835 3344 1908 Lysimachi
3393 1836 3561 1903 ﬁlius,

1979 1923 2233 1992 quamvis
2257 1940 2368 1978 non
2403 1923 2557 1980 fortis
2591 1926 2773 1989 modo,
2815 1926 2910 1980 sed
2947 1927 3112 1982 etiam
3136 1929 3320 1998 justus
3355 1937 3436 1984 est
3465 1931 3564 1985 ha-

1981 2015 2154 2070 bitus.
2198 2015 2451 2070 Attamen
2495 2033 2675 2087 neque
2702 2017 2812 2082 hie,
2849 2034 3029 2088 neque
3057 2019 3360 2089 Spartanus
3383 2021 3566 2075 Brasi--

1982 2105 2101 2171 das,
2132 2121 2242 2160 non
2276 2106 2562 2178 Agesilaus
2584 2149 2597 2170 ,
2648 2124 2758 2162 non
2793 2109 3093 2180 Lysander,
3117 2111 3209 2180 qui
3256 2111 3564 2166 Athenien-

1983 2199 2124 2252 sium
2167 2199 2365 2253 evertit
2410 2199 2734 2268 imperium;
2772 2215 2880 2274 non
2913 2201 3202 2269 Pelopidas
3247 2203 3565 2258 Boeotorum

1982 2289 2238 2360 princeps
2261 2333 2274 2354 ,
2309 2305 2417 2344 non
2441 2291 2846 2361 Epaminondas
2866 2332 2880 2356 ,
2910 2292 3005 2362 qui
3047 2292 3369 2347 Laconicam
3399 2293 3566 2347 deva-

1983 2380 2150 2434 stavit
2183 2389 2238 2435 et
2274 2381 2524 2451 Spartam
2561 2382 2823 2437 obsidere
2864 2399 3032 2438 ausus
3058 2392 3176 2449 est;
3221 2400 3333 2438 non
3360 2386 3562 2439 Roma-

1982 2490 2177 2527 norum
2202 2473 2368 2544 920
2384 2474 2787 2543 praeclarissimi
2807 2475 2994 2539 duces,
3023 2491 3128 2529 non
3163 2476 3348 2546 Scipio
3370 2477 3563 2547 major,

1983 2581 2090 2618 non
2107 2565 2245 2618 alter
2265 2565 2412 2619 illius
2431 2582 2630 2620 nomen
2650 2566 2912 2630 referens,
2935 2583 3040 2622 non
3064 2567 3218 2630 Cato,
3253 2584 3361 2621 non
3396 2567 3563 2639 Sylla,

1981 2670 2093 2709 non
2122 2656 2346 2719 Marius,
2402 2672 2512 2710 non
2566 2657 2878 2726 Pompeius,
2932 2674 3042 2712 non
3083 2657 3265 2713 Caesar
3309 2659 3446 2728 ipse.
3499 2659 3564 2714 lli

1981 2746 2128 2800 enim
2187 2745 2387 2817 singuli
2425 2747 2717 2806 ductandis
2757 2749 3099 2804 exercitibus
3132 2751 3462 2820 egregiaque
3509 2752 3564 2806 in

1983 2837 2142 2892 bellis
2163 2839 2366 2894 virtute
2399 2839 2740 2903 claruerunt,
2785 2841 2992 2894 honore
3028 2849 3207 2894 tamen
3229 2883 3243 2906 ,
3282 2859 3392 2912 quo
3422 2859 3566 2898 mar-

1984 2935 2152 2999 tyres,
2181 2928 2362 2983 affecti
2393 2944 2502 2982 non
2533 2937 2680 2984 sunt.
2705 2929 2846 2997 Quid
2878 2946 2979 3000 ego
3009 2938 3190 2986 autem
3211 2932 3438 2987 bellicos
3463 2933 3566 2986 du-

1984 3035 2077 3074 ces
2105 3035 2494 3088 commemoro,
2527 3037 2651 3077 cum
2691 3038 2792 3077 nec
2838 3021 2938 3093 ipsi
2967 3038 3123 3093 reges
3167 3029 3327 3078 terra:
3358 3023 3432 3079 ita
3461 3041 3567 3080 un-

1983 3127 2150 3182 quam
2183 3113 2460 3167 honestati
2511 3113 2762 3168 fuerint?
2809 3130 2918 3168 nou
2949 3112 3159 3185 Cyrus,
3195 3131 3307 3170 non
3344 3116 3564 3182 Darius,

1982 3217 2094 3256 non
2113 3200 2344 3266 Xerxes,
2374 3219 2483 3256 non
2510 3204 2753 3274 Philippi
2787 3203 2933 3260 filius
2960 3205 3270 3262 Alexander
3301 3207 3567 3280 (insignes

1983 3292 2132 3346 enim
2162 3293 2427 3347 duntaxat
2460 3295 2722 3363 ‘refero);
2759 3310 2870 3349 non
2903 3297 3202 3367 Augustus,
3223 3315 3336 3353 non
3360 3301 3566 3370 Vespa-

1985 3386 2195 3451 sianus,
2238 3402 2349 3441 non
2391 3386 2681 3458 Trajanus,
2709 3403 2820 3442 non
2853 3388 3147 3454 Adrianus,
3196 3392 3566 3447 nonAntoni-

1984 3495 2110 3536 nus.
2143 3479 2250 3534 Sed
2283 3479 2341 3532 hi
2371 3495 2595 3544 omnes,
2628 3495 2753 3535 cum
2777 3480 3050 3548 viverent,
3080 3481 3322 3537 illustres
3349 3485 3568 3554 conspi-

1985 3571 2186 3641 cuique
2211 3581 2388 3637 erant,
2403 3571 2740 3627 etBarbaros
2755 3571 3068 3637 vincebant,
3093 3581 3288 3642 etpost
3307 3574 3568 3628 victorias

1987 3661 2300 3732 triumphos
2321 3662 2616 3726 ducebant,
2646 3662 3130 3734 solemnitatesque
3155 3665 3510 3721 celebrabant
3549 3686 3561 3720 :

1987 3754 2190 3810 mortui
2215 3761 2399 3812 autem
2425 3769 2457 3809 a
2483 3753 2714 3822 plebeiis
2739 3753 2874 3808 nihil
2904 3753 3186 3810 differunt.
3209 3757 3396 3826 Neque
3418 3757 3566 3811 enim

1987 3845 2193 3901 conditi
2217 3854 2347 3900 sunt
2391 3844 2700 3916 insignibus
2743 3847 3136 3913 monumentis,
3173 3863 3354 3919 neque
3397 3849 3566 3903 annui

1987 3937 2133 4006 epuli
2164 3937 2504 3994 solemnibus
2553 3937 2914 3992 honorantur.
2963 3937 3098 4006 Quis
3147 3939 3293 3994 enim
3325 3949 3430 4004 cst,
3472 3941 3566 4012 qui

1989 4027 2304 4098 sepulcrum
2339 4027 2539 4082 Xerxis
2605 4026 2822 4084 Dariive
2869 4029 3062 4084 norit?
3086 4029 3213 4099 quis
3241 4030 3564 4095 Alexandri,

1987 4117 2083 4187 qui
2119 4125 2201 4172 tot
2226 4126 2416 4190 gentes
2439 4116 2767 4172 brevissimo
2798 4126 3042 4188 tempore
3075 4118 3432 4188 perdomuit?
3459 4119 3566 4175 Sed

1987 4209 2120 4280 quid
2150 4211 2406 4281 antiquos
2435 4225 2825 4275 commemoro,
2858 4226 2984 4265 cum
3015 4226 3117 4266 nec
3138 4210 3368 4282 Augusti
3385 4213 3568 4282 sepul-

1989 4319 2146 4368 crum
2193 4304 2267 4358 sit
2312 4304 2592 4375 cognitum
2615 4345 2628 4368 ,
2662 4320 2767 4359 nec
2830 4303 3065 4360 aliorum
3090 4344 3104 4367 ,
3133 4310 3403 4374 quotquot
3443 4311 3568 4372 post

308 4397 484 4452 ἄλλων
530 4400 646 4452 ὅσοι
700 4396 839 4469 μετὰ
879 4395 1070 4449 τοῦτον
1120 4394 1221 4464 τὴν
1261 4393 1548 4464 Ῥωμαίων
1608 4391 1879 4454 ίθύναντες

1989 4395 2144 4450 illum
2175 4395 2421 4450 Romano
2448 4395 2681 4465 imperio
2701 4395 2996 4466 potientes,
3027 4397 3146 4466 ejus
3170 4403 3446 4450 auctorem
3471 4393 3568 4447 da-

270 4487 586 4560 .βασιλείαν
614 4490 662 4522 ⁸³
691 4489 963 4560 ἠγνόησαν
1005 4486 1094 4540 τὸν
1141 4484 1345 4556 ταύτης
1379 4485 1579 4556 δοτῆρα
1622 4485 1716 4538 καὶ
1759 4500 1887 4554 χορ-

308 4583 462 4652 ηγὸν,
497 4580 672 4653 μόνων
699 4582 743 4614 ⁸⁵
759 4580 816 4634 δὲ
831 4579 942 4633 τῶν
971 4576 1213 4632 εὐσεϐῶν
1240 4575 1506 4646 βασιλέων
1539 4577 1588 4629 οί
1615 4577 1774 4646 τάφοι
1795 4575 1886 4646 δῆ-

303 4673 387 4728 λοι
419 4676 514 4728 καὶ
537 4673 828 4748 γνώριμοι,
864 4672 915 4726 οἱ
937 4671 996 4725 δέ
1024 4670 1135 4724 τῶν
1177 4669 1382 4741 μεταξὺ
1415 4669 1690 4732 δυσσεόῶς
1721 4667 1886 4739 βεϐα-

308 4767 636 4820 σιλευκότων
664 4765 947 4836 φαίνονται
977 4763 1098 4835 μὲν,
1135 4761 1304 4834 τιμῆς
1329 4761 1385 4815 δὲ
1415 4761 1536 4814 οὐδὲ
1565 4761 1609 4792 ⁸⁸
1646 4761 1887 4832 σμικρᾶς

309 4857 672 4912 ἀπολαύουσιν
688 4874 703 4889 ·
732 4856 793 4912 οὔ
827 4855 988 4928 μόνον
1011 4856 1123 4928 γὰρ
1145 4854 1243 4926 τῆς
1267 4853 1554 4926 βασιλικῆς
1577 4853 1624 4885 ⁸⁸
1653 4850 1888 4906 ἀπεστέ-

1989 4497 2276 4558 toremque
2311 4487 2680 4559 ignorarunt?
2713 4487 2824 4542 Soli
2854 4503 2986 4542 vero
3031 4488 3246 4560 piorum
3275 4486 3570 4554 imperato-

1990 4595 2113 4633 rum
2140 4577 2334 4634 tumuli
2374 4578 2492 4633 noti
2521 4587 2650 4634 sunt
2694 4586 2750 4632 et
2785 4578 3051 4633 celebres.
3088 4575 3243 4644 Quod
3271 4576 3316 4630 si
3348 4574 3445 4644 qui
3467 4574 3572 4629 hos

1991 4669 2135 4724 inter
2153 4670 2318 4740 impie
2348 4677 2668 4740 regnarunt,
2695 4684 2884 4723 eorum
2907 4669 3129 4737 quidem
3153 4675 3370 4722 exstant
3393 4666 3571 4722 moui.-

1991 4771 2196 4826 menta,
2225 4760 2321 4815 sed
2342 4759 2496 4814 nullo
2525 4775 2751 4830 prorsus
2776 4759 2830 4812 in
2852 4759 3060 4814 honore
3084 4765 3230 4812 sunt.
3264 4757 3384 4811 Non
3421 4756 3570 4810 enim

1992 4852 2203 4907 honore
2229 4844 2388 4922 921
2419 4849 2596 4905 solum
2631 4857 2819 4904 carent
2841 4847 3135 4920 imperiali,
3164 4846 3260 4902 sed
3288 4846 3385 4901 illo
3403 4845 3574 4900 etiam

1614 5006 1851 5062 VARIIE
1885 5003 2290 5060 LECTIONES.

383 5130 430 5200 θ’
464 5129 606 5183 οὖδέ.
638 5130 667 5200 6
697 5129 754 5184 δὲ
803 5128 866 5186 C.
942 5127 987 5161 ”
1009 5127 1190 5200 φησίν.
1223 5128 1372 5196 λέγει
1419 5126 1488 5200 Β..
1558 5125 1604 5156 ⁸⁸
1639 5126 1696 5178 ἐν
1727 5122 1827 5200 τῶ..
1883 5125 1975 5200 ἐν’
2003 5125 2114 5187 τοῖς
2316 5122 2362 5154 ⁸⁸
2391 5122 2598 5200 παθῶν.
2648 5122 2870 5200 ,πολλῶν
2903 5122 2977 5200 ιΒ.
3030 5122 3152 5200 Mox
3182 5122 3327 5200 ἐξείη

866 5200 914 5234 ⁸⁸
940 5189 1260 5261 σταᾰιὼτας.
1298 5189 1700 5258 ’στασιάσαντας
1752 5189 1853 5249 Vb.
1932 5194 1975 5227 ‘7
2021 5194 2208 5247 ταυτό.
2257 5193 2451 5246 ταυτὸν
2494 5191 2553 5245 Β.
2645 5191 2692 5223 ⁸⁸
2717 5190 3002 5261 ἀνδρείας.
3051 5189 3277 5261 άνδρίας
3339 5189 3411 5261 B_
3473 5190 3570 5261 ἀντ

314 5199 458 5257 infra

519 5199 765 5271 μηνύσει.

2316 5122 2362 5154 ⁸⁸
2391 5120 2598 5174 παθῶν.
2660 5121 2870 5174 πολλῶν
2916 5120 2977 5174 Β.
3030 5119 3151 5173 Mox
3182 5117 3385 5183 ἐξείπει
3431 5119 3475 5176 C
3515 5128 3570 5174 et

312 5257 594 5350 δρείως-ὈῘ
615 5271 720 5350 __‘_’
757 5270 851 5327 καὶ
874 5286 1003 5350 σερε·
1022 5269 1066 5326 Β
1085 5257 1297 5350 et_1_nox
1352 5267 1652 5350 νενόμιστο.
1686 5257 1689 5258 ⁷
1729 5265 1774 5296 ⁵ο
1802 5263 2394 5350 Ιξρασίδας..ρραξίσας
2439 5261 2498 5315 Β.
2530 5347 2542 5350 Δ
2561 5257 3111 5350 ,Ἲςτῶνλᾎθῐηνὲττὴν
3139 5257 3570 5350 ⁸ξῃιξιιξ

313 5356 441 5397 mox
468 5341 590 5395 οὕτε
615 5343 744 5397 Πελ.
783 5358 911 5399 cum
939 5341 1044 5398 Vb.

1148 5339 1195 5372 ⁵³
1224 5333 1502 5421 στρατιάνε
1538 5333 1901 5421 Ξτρατηγείαν
1931 5333 1993 5421 C;

2092 5327 2140 5366 ⁸⁵
2168 5327 2203 5385 ’ὀ
2233 5333 2496 5386 Σκιπίων.
2522 5330 2582 5384 ού
2610 5330 2849 5384 Σκιπίων
2882 5327 2947 5395 Β,
2971 5329 3038 5384 ν.
3066 5327 3077 5330 ⁷
3139 5327 3190 5362 ⁸⁵
3215 5327 3508 5395 ὁΒροῦτοξ
3540 5329 3574 5382 6

615 5395 657 5468 δ
672 5395 741 5467 Βῆ
1067 5411 1110 5466 Β
1159 5411 1188 5462 6
1207 5395 1420 5478 πρῶτος
1448 5408 1509 5460 ού
1543 5395 1776 5477 Βροῦτός
1805 5407 1834 5457 6
1855 5407 1938 5458 ἐκ.
1975 5404 2072 5458 Va.
2105 5403 2164 5456 ού
2195 5402 2428 5472 Βροῦτος
2455 5401 2484 5453 6
2513 5401 2750 5469 πρῶτος,
2779 5400 2880 5452 οὐκ
2905 5403 2938 5453 6
2967 5397 3198 5452 ἐκείνου.
3253 5395 3408 5461 τοὺς.
3459 5395 3567 5453 Ἧι.

313 5483 360 5514 ³⁸
387 5485 416 5536 6
437 5483 651 5538 Κάτων.
687 5431 977 5538 οεΟΚάτων
1006 5482 1067 5536 Β.
1103 5487 1160 5534 et
1183 5477 1263 5533 sic
1291 5477 1348 5534 in
1380 5493 1533 5538 seqq.
1611 5476 1656 5510 "
1681 5475 1959 5538 διέπρεψε.
1997 5472 2291 5538 ἐπέτρεψεν
2322 5471 2384 5527 C.
2457 5471 2499 5502 ⁵⁷
2532 5470 2872 5538 ἀπήλαυσαν.
2909 5468 3224 5524 ἀπέλαυσαν
3249 5465 3347 5538 Β.-

312 5483 360 5514 ⁸⁸
387 5485 416 5536 6
437 5483 651 5538 Κάτων.
687 5501 717 5537 ο

315 5554 651 5622 ισπεσιανός.
687 5551 1088 5622 Οὐεσπασιανδς
1112 5551 1179 5622 β,
1205 5551 1265 5622 C_.
1294 5556 1352 5601 et
1381 5551 1465 5622 sic_
1483 5551 1506 5622 i.‘

316 5637 426 5692 στῳ
556 5624 734 5692 Supra
759 5623 867 5675 τῶν
901 5620 1074 5692 ’ᾼλεζ
1099 5617 1260 5692 qui
1309 5631 1419 5692 (int.
1454 5617 1585 5692 [γε-1.

1118 5549 1179 5614 Β,
1205 5547 1265 5602 C.
1294 5556 1352 5601 et
1381 5545 1643 5602 sic—infra.
1719 5545 1766 5576 ”
1791 5545 1948 5606 νίκας
1970 5558 2221 5614 suprase.

1668 5615 1713 5646 ⁶¹
1738 5614 1817 5668 τό.
1843 5614 1934 5666 τοῦ
1957 5611 2018 5667 C.
2044 5607 2062 5612 ⁷
2093 5612 2138 5643 ⁸³
2159 5607 2454 5680 τῆν’Ῥωμ.
2493 5611 2561 5663 ίθ.
2618 5607 2740 5680 βασ.
2776 5609 2820 5668 Β
2857 5624 2968 5680 otll.
2995 5607 3394 5680 τούτων-μ’ωή

313 5689 375 5745 ε,
397 5678 409 5690 '
452 5691 496 5723 ιι
522 5678 700 5762 μάνδν,
739 5693 914 5762 μόνων
934 5691 996 5758 Β,
1030 5678 1072 5746 C
1111 5678 1231 5743 Mox
1265 5689 1355 5741 ml
1381 5678 1501 5756 βαᾶξ
1530 5678 1590 5753 Β,
1617 5684 1714 5740 Va.
1790 5685 1836 5716 "
1859 5683 2000 5737 οὐδέ.
2032 5682 2092 5736 οὗ
2117 5681 2177 5738 C.
2214 5678 2223 5680 “
2261 5682 2305 5714 ⁸⁸
2334 5678 2495 5751 τιμῆς
2519 5678 2627 5734 om.
2656 5679 2696 5733 Β
2724 5688 2847 5750 post
2881 5678 3182 5751 βασιλικῆς.

783 5463 1160 5537 ktiéw'ﬁifet
1183 5463 1265 5533 sic
1291 5477 1348 5534 in
1380 5463 1562 5547 s'eqqa
1590 5463 1656 5510 ’⁵⁸
1681 5463 1959 5547 διξπρεψε.
1997 5463 2291 5542 ἐπέτρεψεν
2322 5471 2384 5527 C.
2410 5463 2422 5466 ⁷
2441 5471 2499 5547 _'"
2532 5463 3224 5547 ἅπῄλαυσαν.-ἁπέλρυ9αν
3249 5463 3570 5547 ιι

2260 5556 2412 5610 p.m.
2441 5540 2500 5594 B.
2580 5540 2716 5611 “6i;
2738 5554 2848 5611 om.
2877 5539 2937 5594 B.
3016 5538 3412 5611 umquam!
