  <div class='ocr_page' id='page_1' title='image "/cluster/home/n/w/nwhite01/storage/ocr_20150623/83/hvd.32044073502072/521.png"; bbox 0 0 4036 6194; ppageno 0'>
   <div class='ocr_carea' id='block_1_1' title="bbox 470 268 604 337">
    <p class='ocr_par' dir='ltr' id='par_1_1' title="bbox 470 268 604 337">
     <span class='ocr_line' id='line_1_1' title="bbox 470 268 604 337; baseline -0.015 0"><span class='ocrx_word' id='word_1_1' title='bbox 470 268 604 337; x_wconf 79' lang='grc'><strong>1031</strong></span> 
     </span>
    </p>
   </div>
   <div class='ocr_carea' id='block_1_2' title="bbox 1492 262 2758 324">
    <p class='ocr_par' dir='ltr' id='par_1_2' title="bbox 1492 262 2758 324">
     <span class='ocr_line' id='line_1_2' title="bbox 1492 262 2758 324; baseline 0 -3"><span class='ocrx_word' id='word_1_2' title='bbox 1492 263 1977 323; x_wconf 79' lang='lat' dir='ltr'><strong>THEODORETI</strong></span> <span class='ocrx_word' id='word_1_3' title='bbox 2020 262 2356 321; x_wconf 80' lang='lat' dir='ltr'><strong>EI’ISCOPI</strong></span> <span class='ocrx_word' id='word_1_4' title='bbox 2395 262 2758 324; x_wconf 78' lang='lat' dir='ltr'><strong>CYRENSIS</strong></span> 
     </span>
    </p>
   </div>
   <div class='ocr_carea' id='block_1_3' title="bbox 3595 262 3736 330">
    <p class='ocr_par' dir='ltr' id='par_1_3' title="bbox 3595 262 3736 330">
     <span class='ocr_line' id='line_1_3' title="bbox 3595 262 3736 330; baseline 0 -1"><span class='ocrx_word' id='word_1_5' title='bbox 3595 262 3736 330; x_wconf 73' lang='lat'><strong>1032</strong></span> 
     </span>
    </p>
   </div>
   <div class='ocr_carea' id='block_1_4' title="bbox 473 370 2074 459">
    <p class='ocr_par' dir='ltr' id='par_1_4' title="bbox 473 374 2047 459">
     <span class='ocr_line' id='line_1_4' title="bbox 473 374 2047 459; baseline -0.014 -18"><span class='ocrx_word' id='word_1_6' title='bbox 473 389 566 459; x_wconf 91' lang='lat' dir='ltr'><strong>qui</strong></span> <span class='ocrx_word' id='word_1_7' title='bbox 605 379 938 455; x_wconf 80' lang='lat' dir='ltr'><strong>privatorum</strong></span> <span class='ocrx_word' id='word_1_8' title='bbox 967 378 1234 447; x_wconf 82' lang='lat' dir='ltr'><strong>scpulcris</strong></span> <span class='ocrx_word' id='word_1_9' title='bbox 1268 374 1481 443; x_wconf 74' lang='lat' dir='ltr'><strong>obtigit.</strong></span> <span class='ocrx_word' id='word_1_10' title='bbox 1519 375 1585 427; x_wconf 85' lang='lat' dir='ltr'><strong>Et</strong></span> <span class='ocrx_word' id='word_1_11' title='bbox 1610 384 1788 428; x_wconf 88' lang='lat' dir='ltr'><strong>tamen</strong></span> <span class='ocrx_word' id='word_1_12' title='bbox 1831 374 2047 428; x_wconf 79' lang='lat' dir='ltr'><strong>stultio-</strong></span> 
     </span>
    </p>
   </div>
   <div class='ocr_carea' id='block_1_5' title="bbox 2177 370 3739 459">
    <p class='ocr_par' dir='ltr' id='par_1_5' title="bbox 2177 370 3739 447">
     <span class='ocr_line' id='line_1_5' title="bbox 2177 370 3739 447; baseline 0.008 -27"><span class='ocrx_word' id='word_1_13' title='bbox 2177 389 2368 441; x_wconf 71' lang='lat' dir='ltr'><strong>rqvtou,</strong></span> <span class='ocrx_word' id='word_1_14' title='bbox 2412 375 2548 428; x_wconf 77' lang='grc' dir='ltr'>ἀλλὰ</span> <span class='ocrx_word' id='word_1_15' title='bbox 2576 377 2670 428; x_wconf 75' lang='grc' dir='ltr'><strong>καὶ</strong></span> <span class='ocrx_word' id='word_1_16' title='bbox 2706 370 2872 445; x_wconf 82' lang='grc' dir='ltr'>ἧσσον</span> <span class='ocrx_word' id='word_1_17' title='bbox 2908 375 2949 405; x_wconf 78' lang='grc'><strong>⁸⁷</strong></span> <span class='ocrx_word' id='word_1_18' title='bbox 2983 375 3091 427; x_wconf 92' lang='grc' dir='ltr'><strong>τῶν</strong></span> <span class='ocrx_word' id='word_1_19' title='bbox 3124 374 3347 428; x_wconf 73' lang='grc' dir='ltr'>ἰδιωτῶν</span> <span class='ocrx_word' id='word_1_20' title='bbox 3387 378 3739 447; x_wconf 81' lang='grc' dir='ltr'>μετεσχήκα-</span> 
     </span>
    </p>
   </div>
   <div class='ocr_carea' id='block_1_6' title="bbox 476 467 2053 547">
    <p class='ocr_par' dir='ltr' id='par_1_6' title="bbox 476 467 2053 547">
     <span class='ocr_line' id='line_1_6' title="bbox 476 467 2053 547; baseline -0.008 -13"><span class='ocrx_word' id='word_1_21' title='bbox 476 496 563 535; x_wconf 86' lang='lat' dir='ltr'><strong>res</strong></span> <span class='ocrx_word' id='word_1_22' title='bbox 583 475 805 547; x_wconf 90' lang='lat' dir='ltr'><strong>quidam</strong></span> <span class='ocrx_word' id='word_1_23' title='bbox 831 473 1072 532; x_wconf 89' lang='lat' dir='ltr'><strong>fuerunt,</strong></span> <span class='ocrx_word' id='word_1_24' title='bbox 1105 469 1199 539; x_wconf 88' lang='lat' dir='ltr'><strong>qui</strong></span> <span class='ocrx_word' id='word_1_25' title='bbox 1228 478 1284 522; x_wconf 83' lang='lat' dir='ltr'><strong>et</strong></span> <span class='ocrx_word' id='word_1_26' title='bbox 1315 467 1448 521; x_wconf 87' lang='lat' dir='ltr'><strong>deos</strong></span> <span class='ocrx_word' id='word_1_27' title='bbox 1474 482 1594 521; x_wconf 87' lang='lat' dir='ltr'><strong>sese</strong></span> <span class='ocrx_word' id='word_1_28' title='bbox 1620 467 2053 536; x_wconf 75' lang='lat' dir='ltr'><strong>pronuntiarint,</strong></span> 
     </span>
    </p>
   </div>
   <div class='ocr_carea' id='block_1_7' title="bbox 475 558 2057 639">
    <p class='ocr_par' dir='ltr' id='par_1_7' title="bbox 475 558 2057 639">
     <span class='ocr_line' id='line_1_7' title="bbox 475 558 2057 639; baseline -0.008 -13"><span class='ocrx_word' id='word_1_29' title='bbox 475 571 693 639; x_wconf 80' lang='lat' dir='ltr'><strong>sibique</strong></span> <span class='ocrx_word' id='word_1_30' title='bbox 740 566 873 636; x_wconf 87' lang='lat' dir='ltr'><strong>ipsis</strong></span> <span class='ocrx_word' id='word_1_31' title='bbox 902 562 1103 631; x_wconf 89' lang='lat' dir='ltr'><strong>templa</strong></span> <span class='ocrx_word' id='word_1_32' title='bbox 1138 558 1567 614; x_wconf 77' lang='lat' dir='ltr'><strong>construxerint.</strong></span> <span class='ocrx_word' id='word_1_33' title='bbox 1609 559 1745 613; x_wconf 85' lang='lat' dir='ltr'><strong>Nam</strong></span> <span class='ocrx_word' id='word_1_34' title='bbox 1785 572 1840 614; x_wconf 91' lang='lat' dir='ltr'><strong>et</strong></span> <span class='ocrx_word' id='word_1_35' title='bbox 1867 560 2057 614; x_wconf 82' lang='lat' dir='ltr'><strong>Antio-</strong></span> 
     </span>
    </p>
   </div>
   <div class='ocr_carea' id='block_1_8' title="bbox 476 648 2058 718">
    <p class='ocr_par' dir='ltr' id='par_1_8' title="bbox 476 648 2058 718">
     <span class='ocr_line' id='line_1_8' title="bbox 476 648 2058 718; baseline -0.005 -5"><span class='ocrx_word' id='word_1_36' title='bbox 476 660 613 712; x_wconf 88' lang='lat' dir='ltr'><strong>chus</strong></span> <span class='ocrx_word' id='word_1_37' title='bbox 636 656 773 710; x_wconf 88' lang='lat' dir='ltr'><strong>deus</strong></span> <span class='ocrx_word' id='word_1_38' title='bbox 802 661 1031 707; x_wconf 89' lang='lat' dir='ltr'><strong>vocatus</strong></span> <span class='ocrx_word' id='word_1_39' title='bbox 1060 658 1166 714; x_wconf 90' lang='lat' dir='ltr'><strong>est,</strong></span> <span class='ocrx_word' id='word_1_40' title='bbox 1196 658 1253 703; x_wconf 91' lang='lat' dir='ltr'><strong>et</strong></span> <span class='ocrx_word' id='word_1_41' title='bbox 1275 648 1438 703; x_wconf 85' lang='lat' dir='ltr'><strong>Caius</strong></span> <span class='ocrx_word' id='word_1_42' title='bbox 1461 649 1554 718; x_wconf 90' lang='lat' dir='ltr'><strong>qui</strong></span> <span class='ocrx_word' id='word_1_43' title='bbox 1593 648 1816 704; x_wconf 85' lang='lat' dir='ltr'><strong>Tiberio</strong></span> <span class='ocrx_word' id='word_1_44' title='bbox 1840 665 2058 705; x_wconf 90' lang='lat' dir='ltr'><strong>succes-</strong></span> 
     </span>
    </p>
   </div>
   <div class='ocr_carea' id='block_1_9' title="bbox 476 740 2058 815">
    <p class='ocr_par' dir='ltr' id='par_1_9' title="bbox 476 740 2058 815">
     <span class='ocr_line' id='line_1_9' title="bbox 476 740 2058 815; baseline -0.006 -11"><span class='ocrx_word' id='word_1_45' title='bbox 476 750 569 813; x_wconf 84' lang='lat' dir='ltr'><strong>sit,</strong></span> <span class='ocrx_word' id='word_1_46' title='bbox 597 744 968 815; x_wconf 82' lang='lat' dir='ltr'><strong>Vespasianus</strong></span> <span class='ocrx_word' id='word_1_47' title='bbox 1015 756 1238 811; x_wconf 79' lang='lat' dir='ltr'><strong>quoque</strong></span> <span class='ocrx_word' id='word_1_48' title='bbox 1268 749 1323 794; x_wconf 92' lang='lat' dir='ltr'><strong>et</strong></span> <span class='ocrx_word' id='word_1_49' title='bbox 1353 740 1629 795; x_wconf 83' lang='lat' dir='ltr'><strong>Adrianus</strong></span> <span class='ocrx_word' id='word_1_50' title='bbox 1675 741 1914 812; x_wconf 76' lang='lat' dir='ltr'><strong>ingentia</strong></span> <span class='ocrx_word' id='word_1_51' title='bbox 1951 741 2058 797; x_wconf 87' lang='lat' dir='ltr'><strong>sibi</strong></span> 
     </span>
    </p>
   </div>
   <div class='ocr_carea' id='block_1_10' title="bbox 478 832 2057 909">
    <p class='ocr_par' dir='ltr' id='par_1_10' title="bbox 478 832 2057 909">
     <span class='ocr_line' id='line_1_10' title="bbox 478 832 2057 909; baseline -0.005 -14"><span class='ocrx_word' id='word_1_52' title='bbox 478 841 680 909; x_wconf 87' lang='lat' dir='ltr'><strong>templa</strong></span> <span class='ocrx_word' id='word_1_53' title='bbox 704 846 1099 891; x_wconf 76' lang='lat' dir='ltr'><strong>exstruxerunt</strong></span> <span class='ocrx_word' id='word_1_54' title='bbox 1129 850 1141 886; x_wconf 91' lang='lat'><strong>:</strong></span> <span class='ocrx_word' id='word_1_55' title='bbox 1188 832 1285 887; x_wconf 90' lang='lat' dir='ltr'><strong>sed</strong></span> <span class='ocrx_word' id='word_1_56' title='bbox 1311 832 1481 902; x_wconf 91' lang='lat' dir='ltr'><strong>impio</strong></span> <span class='ocrx_word' id='word_1_57' title='bbox 1514 832 1676 886; x_wconf 88' lang='lat' dir='ltr'><strong>simul</strong></span> <span class='ocrx_word' id='word_1_58' title='bbox 1700 832 1908 888; x_wconf 85' lang='lat' dir='ltr'><strong>honore</strong></span> <span class='ocrx_word' id='word_1_59' title='bbox 1932 848 2057 887; x_wconf 90' lang='lat' dir='ltr'><strong>cum</strong></span> 
     </span>
    </p>
   </div>
   <div class='ocr_carea' id='block_1_11' title="bbox 477 926 2060 1000">
    <p class='ocr_par' dir='ltr' id='par_1_11' title="bbox 477 926 2060 1000">
     <span class='ocr_line' id='line_1_11' title="bbox 477 926 2060 1000; baseline -0.006 -13"><span class='ocrx_word' id='word_1_60' title='bbox 477 934 589 986; x_wconf 79' lang='lat' dir='ltr'><strong>vita</strong></span> <span class='ocrx_word' id='word_1_61' title='bbox 625 929 825 1000; x_wconf 77' lang='lat' dir='ltr'><strong>privati</strong></span> <span class='ocrx_word' id='word_1_62' title='bbox 866 934 1015 981; x_wconf 88' lang='lat' dir='ltr'><strong>sunt.</strong></span> <span class='ocrx_word' id='word_1_63' title='bbox 1044 926 1409 980; x_wconf 89' lang='lat' dir='ltr'><strong>Strenuorum</strong></span> <span class='ocrx_word' id='word_1_64' title='bbox 1435 939 1569 978; x_wconf 91' lang='lat' dir='ltr'><strong>vero</strong></span> <span class='ocrx_word' id='word_1_65' title='bbox 1597 930 1899 994; x_wconf 82' lang='lat' dir='ltr'><strong>martyrum</strong></span> <span class='ocrx_word' id='word_1_66' title='bbox 1924 933 2060 979; x_wconf 89' lang='lat' dir='ltr'><strong>tem-</strong></span> 
     </span>
    </p>
   </div>
   <div class='ocr_carea' id='block_1_12' title="bbox 479 1012 2060 1090">
    <p class='ocr_par' dir='ltr' id='par_1_12' title="bbox 479 1012 2060 1090">
     <span class='ocr_line' id='line_1_12' title="bbox 479 1012 2060 1090; baseline -0.004 -17"><span class='ocrx_word' id='word_1_67' title='bbox 479 1021 567 1090; x_wconf 89' lang='lat' dir='ltr'><strong>pla</strong></span> <span class='ocrx_word' id='word_1_68' title='bbox 603 1019 750 1073; x_wconf 83' lang='lat' dir='ltr'><strong>clara</strong></span> <span class='ocrx_word' id='word_1_69' title='bbox 784 1024 840 1072; x_wconf 93' lang='lat' dir='ltr'><strong>et</strong></span> <span class='ocrx_word' id='word_1_70' title='bbox 866 1014 1165 1083; x_wconf 90' lang='lat' dir='ltr'><strong>conspicua</strong></span> <span class='ocrx_word' id='word_1_71' title='bbox 1208 1021 1531 1074; x_wconf 88' lang='lat' dir='ltr'><strong>cernuntur,</strong></span> <span class='ocrx_word' id='word_1_72' title='bbox 1572 1012 2060 1082; x_wconf 83' lang='lat' dir='ltr'><strong>magnitudineque</strong></span> 
     </span>
    </p>
   </div>
   <div class='ocr_carea' id='block_1_13' title="bbox 479 1104 2063 1181">
    <p class='ocr_par' dir='ltr' id='par_1_13' title="bbox 479 1104 2063 1181">
     <span class='ocr_line' id='line_1_13' title="bbox 479 1104 2063 1181; baseline -0.004 -17"><span class='ocrx_word' id='word_1_73' title='bbox 479 1109 827 1181; x_wconf 65' lang='lat' dir='ltr'><strong>praestantia,</strong></span> <span class='ocrx_word' id='word_1_74' title='bbox 863 1114 919 1161; x_wconf 91' lang='lat' dir='ltr'><strong>et</strong></span> <span class='ocrx_word' id='word_1_75' title='bbox 974 1106 1123 1160; x_wconf 88' lang='lat' dir='ltr'><strong>omni</strong></span> <span class='ocrx_word' id='word_1_76' title='bbox 1167 1112 1397 1158; x_wconf 89' lang='lat' dir='ltr'><strong>ornatus</strong></span> <span class='ocrx_word' id='word_1_77' title='bbox 1458 1119 1659 1175; x_wconf 78' lang='lat' dir='ltr'><strong>genere</strong></span> <span class='ocrx_word' id='word_1_78' title='bbox 1712 1104 1968 1169; x_wconf 88' lang='lat' dir='ltr'><strong>illustria,</strong></span> <span class='ocrx_word' id='word_1_79' title='bbox 2008 1114 2063 1158; x_wconf 91' lang='lat' dir='ltr'><strong>et</strong></span> 
     </span>
    </p>
   </div>
   <div class='ocr_carea' id='block_1_14' title="bbox 480 1196 2062 1275">
    <p class='ocr_par' dir='ltr' id='par_1_14' title="bbox 480 1196 2062 1275">
     <span class='ocr_line' id='line_1_14' title="bbox 480 1196 2062 1275; baseline -0.005 -16"><span class='ocrx_word' id='word_1_80' title='bbox 480 1202 911 1275; x_wconf 86' lang='lat' dir='ltr'><strong>pulchritudinis</strong></span> <span class='ocrx_word' id='word_1_81' title='bbox 929 1198 1282 1269; x_wconf 84' lang='lat' dir='ltr'><strong>splendorem</strong></span> <span class='ocrx_word' id='word_1_82' title='bbox 1310 1198 1418 1256; x_wconf 81' lang='lat' dir='ltr'><strong>late</strong></span> <span class='ocrx_word' id='word_1_83' title='bbox 1448 1196 1755 1252; x_wconf 85' lang='lat' dir='ltr'><strong>fundentia.</strong></span> <span class='ocrx_word' id='word_1_84' title='bbox 1780 1196 1970 1265; x_wconf 88' lang='lat' dir='ltr'><strong>Neque</strong></span> <span class='ocrx_word' id='word_1_85' title='bbox 1994 1196 2062 1251; x_wconf 88' lang='lat' dir='ltr'><strong>ad</strong></span> 
     </span>
    </p>
   </div>
   <div class='ocr_carea' id='block_1_15' title="bbox 482 1288 2063 1358">
    <p class='ocr_par' dir='ltr' id='par_1_15' title="bbox 482 1288 2063 1358">
     <span class='ocr_line' id='line_1_15' title="bbox 482 1288 2063 1358; baseline -0.004 -9"><span class='ocrx_word' id='word_1_86' title='bbox 482 1297 599 1349; x_wconf 69' lang='lat' dir='ltr'><strong>hazc</strong></span> <span class='ocrx_word' id='word_1_87' title='bbox 621 1310 720 1348; x_wconf 90' lang='lat' dir='ltr'><strong>nos</strong></span> <span class='ocrx_word' id='word_1_88' title='bbox 744 1292 911 1345; x_wconf 89' lang='lat' dir='ltr'><strong>semel</strong></span> <span class='ocrx_word' id='word_1_89' title='bbox 953 1291 1104 1345; x_wconf 78' lang='lat' dir='ltr'><strong>bisve</strong></span> <span class='ocrx_word' id='word_1_90' title='bbox 1128 1298 1223 1343; x_wconf 92' lang='lat' dir='ltr'><strong>aut</strong></span> <span class='ocrx_word' id='word_1_91' title='bbox 1253 1288 1547 1358; x_wconf 86' lang='lat' dir='ltr'><strong>quinquies</strong></span> <span class='ocrx_word' id='word_1_92' title='bbox 1573 1288 1869 1357; x_wconf 86' lang='lat' dir='ltr'><strong>quotannis</strong></span> <span class='ocrx_word' id='word_1_93' title='bbox 1905 1304 2063 1343; x_wconf 82' lang='lat' dir='ltr'><strong>acce-</strong></span> 
     </span>
    </p>
   </div>
   <div class='ocr_carea' id='block_1_16' title="bbox 482 1379 2065 1451">
    <p class='ocr_par' dir='ltr' id='par_1_16' title="bbox 482 1379 2065 1451">
     <span class='ocr_line' id='line_1_16' title="bbox 482 1379 2065 1451; baseline -0.004 -12"><span class='ocrx_word' id='word_1_94' title='bbox 482 1387 685 1448; x_wconf 88' lang='lat' dir='ltr'><strong>dimus,</strong></span> <span class='ocrx_word' id='word_1_95' title='bbox 721 1382 816 1438; x_wconf 89' lang='lat' dir='ltr'><strong>sed</strong></span> <span class='ocrx_word' id='word_1_96' title='bbox 852 1382 1167 1451; x_wconf 81' lang='lat' dir='ltr'><strong>frequentes</strong></span> <span class='ocrx_word' id='word_1_97' title='bbox 1196 1387 1501 1434; x_wconf 87' lang='lat' dir='ltr'><strong>conventus</strong></span> <span class='ocrx_word' id='word_1_98' title='bbox 1529 1379 1897 1442; x_wconf 86' lang='lat' dir='ltr'><strong>celebramus,</strong></span> <span class='ocrx_word' id='word_1_99' title='bbox 1925 1394 2065 1448; x_wconf 61' lang='lat' dir='ltr'><strong>sazpe</strong></span> 
     </span>
    </p>
   </div>
   <div class='ocr_carea' id='block_1_17' title="bbox 482 1469 2065 1542">
    <p class='ocr_par' dir='ltr' id='par_1_17' title="bbox 482 1469 2065 1542">
     <span class='ocr_line' id='line_1_17' title="bbox 482 1469 2065 1542; baseline -0.006 -10"><span class='ocrx_word' id='word_1_100' title='bbox 482 1478 649 1532; x_wconf 87' lang='lat' dir='ltr'><strong>etiam</strong></span> <span class='ocrx_word' id='word_1_101' title='bbox 676 1474 873 1529; x_wconf 91' lang='lat' dir='ltr'><strong>diebus</strong></span> <span class='ocrx_word' id='word_1_102' title='bbox 897 1471 1127 1542; x_wconf 80' lang='lat' dir='ltr'><strong>singulis</strong></span> <span class='ocrx_word' id='word_1_103' title='bbox 1151 1470 1350 1524; x_wconf 85' lang='lat' dir='ltr'><strong>horum</strong></span> <span class='ocrx_word' id='word_1_104' title='bbox 1377 1470 1611 1523; x_wconf 89' lang='lat' dir='ltr'><strong>Domino</strong></span> <span class='ocrx_word' id='word_1_105' title='bbox 1635 1469 1828 1523; x_wconf 88' lang='lat' dir='ltr'><strong>laudes</strong></span> <span class='ocrx_word' id='word_1_106' title='bbox 1862 1470 2065 1524; x_wconf 89' lang='lat' dir='ltr'><strong>decan-</strong></span> 
     </span>
    </p>
   </div>
   <div class='ocr_carea' id='block_1_18' title="bbox 485 1560 2066 1633">
    <p class='ocr_par' dir='ltr' id='par_1_18' title="bbox 485 1560 2066 1633">
     <span class='ocr_line' id='line_1_18' title="bbox 485 1560 2066 1633; baseline -0.004 -13"><span class='ocrx_word' id='word_1_107' title='bbox 485 1577 664 1621; x_wconf 88' lang='lat' dir='ltr'><strong>tamus</strong></span> <span class='ocrx_word' id='word_1_108' title='bbox 692 1584 703 1617; x_wconf 94' lang='lat'>:</span> <span class='ocrx_word' id='word_1_109' title='bbox 731 1574 785 1618; x_wconf 91' lang='lat' dir='ltr'><strong>et</strong></span> <span class='ocrx_word' id='word_1_110' title='bbox 812 1564 905 1633; x_wconf 90' lang='lat' dir='ltr'><strong>qui</strong></span> <span class='ocrx_word' id='word_1_111' title='bbox 956 1564 1168 1632; x_wconf 83' lang='lat' dir='ltr'><strong>integra</strong></span> <span class='ocrx_word' id='word_1_112' title='bbox 1202 1568 1330 1615; x_wconf 86' lang='lat' dir='ltr'><strong>sunt</strong></span> <span class='ocrx_word' id='word_1_113' title='bbox 1375 1560 1712 1626; x_wconf 80' lang='lat' dir='ltr'><strong>valetudine,</strong></span> <span class='ocrx_word' id='word_1_114' title='bbox 1766 1561 1908 1615; x_wconf 88' lang='lat' dir='ltr'><strong>hanc</strong></span> <span class='ocrx_word' id='word_1_115' title='bbox 1960 1561 2066 1614; x_wconf 85' lang='lat' dir='ltr'><strong>sibi</strong></span> 
     </span>
    </p>
   </div>
   <div class='ocr_carea' id='block_1_19' title="bbox 484 1653 2065 1725">
    <p class='ocr_par' dir='ltr' id='par_1_19' title="bbox 484 1653 2065 1725">
     <span class='ocr_line' id='line_1_19' title="bbox 484 1653 2065 1725; baseline -0.004 -12"><span class='ocrx_word' id='word_1_116' title='bbox 484 1657 821 1721; x_wconf 87' lang='lat' dir='ltr'><strong>conservari;</strong></span> <span class='ocrx_word' id='word_1_117' title='bbox 842 1656 933 1725; x_wconf 89' lang='lat' dir='ltr'><strong>qui</strong></span> <span class='ocrx_word' id='word_1_118' title='bbox 960 1663 1143 1708; x_wconf 87' lang='lat' dir='ltr'><strong>autem</strong></span> <span class='ocrx_word' id='word_1_119' title='bbox 1166 1653 1358 1706; x_wconf 91' lang='lat' dir='ltr'><strong>morbo</strong></span> <span class='ocrx_word' id='word_1_120' title='bbox 1381 1654 1637 1722; x_wconf 87' lang='lat' dir='ltr'><strong>quopiam</strong></span> <span class='ocrx_word' id='word_1_121' title='bbox 1658 1653 2065 1717; x_wconf 85' lang='lat' dir='ltr'><strong>conﬂictantur,</strong></span> 
     </span>
    </p>
   </div>
   <div class='ocr_carea' id='block_1_20' title="bbox 485 1714 2145 1817">
    <p class='ocr_par' dir='ltr' id='par_1_20' title="bbox 485 1714 2145 1817">
     <span class='ocr_line' id='line_1_20' title="bbox 485 1714 2145 1817; baseline -0.004 -13"><span class='ocrx_word' id='word_1_122' title='bbox 485 1750 632 1804; x_wconf 90' lang='lat' dir='ltr'><strong>hunc</strong></span> <span class='ocrx_word' id='word_1_123' title='bbox 657 1714 1095 1817; x_wconf 51' lang='lat' dir='ltr'><strong>depellipetunt.</strong></span> <span class='ocrx_word' id='word_1_124' title='bbox 1124 1747 1323 1801; x_wconf 85' lang='lat' dir='ltr'><strong>Petunt</strong></span> <span class='ocrx_word' id='word_1_125' title='bbox 1344 1746 1617 1800; x_wconf 90' lang='lat' dir='ltr'><strong>etliberos</strong></span> <span class='ocrx_word' id='word_1_126' title='bbox 1634 1746 1729 1815; x_wconf 90' lang='lat' dir='ltr'><strong>qui</strong></span> <span class='ocrx_word' id='word_1_127' title='bbox 1752 1745 1838 1800; x_wconf 90' lang='lat' dir='ltr'><strong>bis</strong></span> <span class='ocrx_word' id='word_1_128' title='bbox 1856 1753 2065 1808; x_wconf 89' lang='lat' dir='ltr'><strong>carent,</strong></span> <span class='ocrx_word' id='word_1_129' title='bbox 2102 1714 2145 1772; x_wconf 74' lang='grc' dir='ltr'><strong>Β</strong></span> 
     </span>
    </p>
   </div>
   <div class='ocr_carea' id='block_1_21' title="bbox 484 1834 2070 1911">
    <p class='ocr_par' dir='ltr' id='par_1_21' title="bbox 484 1834 2070 1911">
     <span class='ocr_line' id='line_1_21' title="bbox 484 1834 2070 1911; baseline -0.003 -16"><span class='ocrx_word' id='word_1_130' title='bbox 484 1850 541 1895; x_wconf 93' lang='lat' dir='ltr'><strong>et</strong></span> <span class='ocrx_word' id='word_1_131' title='bbox 566 1856 688 1911; x_wconf 71' lang='lat' dir='ltr'><strong>qua:</strong></span> <span class='ocrx_word' id='word_1_132' title='bbox 721 1839 936 1894; x_wconf 87' lang='lat' dir='ltr'><strong>steriles</strong></span> <span class='ocrx_word' id='word_1_133' title='bbox 953 1847 1082 1893; x_wconf 91' lang='lat' dir='ltr'><strong>sunt</strong></span> <span class='ocrx_word' id='word_1_134' title='bbox 1107 1845 1299 1908; x_wconf 84' lang='lat' dir='ltr'><strong>rogant</strong></span> <span class='ocrx_word' id='word_1_135' title='bbox 1332 1845 1393 1889; x_wconf 90' lang='lat' dir='ltr'><strong>ut</strong></span> <span class='ocrx_word' id='word_1_136' title='bbox 1426 1845 1629 1891; x_wconf 90' lang='lat' dir='ltr'><strong>matres</strong></span> <span class='ocrx_word' id='word_1_137' title='bbox 1648 1835 1814 1902; x_wconf 84' lang='lat' dir='ltr'><strong>ﬁant;</strong></span> <span class='ocrx_word' id='word_1_138' title='bbox 1849 1836 1940 1905; x_wconf 90' lang='lat' dir='ltr'><strong>qui</strong></span> <span class='ocrx_word' id='word_1_139' title='bbox 1967 1834 2070 1890; x_wconf 90' lang='lat' dir='ltr'><strong>do-</strong></span> 
     </span>
    </p>
   </div>
   <div class='ocr_carea' id='block_1_22' title="bbox 488 1922 2067 2001">
    <p class='ocr_par' dir='ltr' id='par_1_22' title="bbox 488 1922 2067 2001">
     <span class='ocr_line' id='line_1_22' title="bbox 488 1922 2067 2001; baseline -0.004 -14"><span class='ocrx_word' id='word_1_140' title='bbox 488 1949 618 1988; x_wconf 89' lang='lat' dir='ltr'><strong>num</strong></span> <span class='ocrx_word' id='word_1_141' title='bbox 646 1931 827 2001; x_wconf 87' lang='lat' dir='ltr'><strong>adepti</strong></span> <span class='ocrx_word' id='word_1_142' title='bbox 861 1938 1010 1994; x_wconf 91' lang='lat' dir='ltr'><strong>sunt,</strong></span> <span class='ocrx_word' id='word_1_143' title='bbox 1057 1929 1268 1983; x_wconf 89' lang='lat' dir='ltr'><strong>salvum</strong></span> <span class='ocrx_word' id='word_1_144' title='bbox 1304 1927 1357 1981; x_wconf 90' lang='lat' dir='ltr'><strong>id</strong></span> <span class='ocrx_word' id='word_1_145' title='bbox 1392 1928 1495 1981; x_wconf 90' lang='lat' dir='ltr'><strong>sibi</strong></span> <span class='ocrx_word' id='word_1_146' title='bbox 1527 1928 1735 1981; x_wconf 87' lang='lat' dir='ltr'><strong>servari</strong></span> <span class='ocrx_word' id='word_1_147' title='bbox 1768 1922 2067 1997; x_wconf 88' lang='lat' dir='ltr'><strong>postulant.</strong></span> 
     </span>
    </p>
   </div>
   <div class='ocr_carea' id='block_1_23' title="bbox 488 2018 2074 2091">
    <p class='ocr_par' dir='ltr' id='par_1_23' title="bbox 488 2018 2074 2091">
     <span class='ocr_line' id='line_1_23' title="bbox 488 2018 2074 2091; baseline -0.002 -16"><span class='ocrx_word' id='word_1_148' title='bbox 488 2022 591 2088; x_wconf 85' lang='lat' dir='ltr'><strong>Qui</strong></span> <span class='ocrx_word' id='word_1_149' title='bbox 638 2020 1134 2091; x_wconf 81' lang='lat' dir='ltr'><strong>peregrinationem</strong></span> <span class='ocrx_word' id='word_1_150' title='bbox 1181 2018 1417 2087; x_wconf 86' lang='lat' dir='ltr'><strong>aliquam</strong></span> <span class='ocrx_word' id='word_1_151' title='bbox 1445 2020 1822 2089; x_wconf 89' lang='lat' dir='ltr'><strong>auspicantur,</strong></span> <span class='ocrx_word' id='word_1_152' title='bbox 1872 2020 1941 2075; x_wconf 91' lang='lat' dir='ltr'><strong>ab</strong></span> <span class='ocrx_word' id='word_1_153' title='bbox 1984 2020 2074 2073; x_wconf 71' lang='lat' dir='ltr'><strong>his</strong></span> 
     </span>
    </p>
   </div>
   <div class='ocr_carea' id='block_1_24' title="bbox 488 2109 2069 2184">
    <p class='ocr_par' dir='ltr' id='par_1_24' title="bbox 488 2109 2069 2184">
     <span class='ocr_line' id='line_1_24' title="bbox 488 2109 2069 2184; baseline -0.003 -16"><span class='ocrx_word' id='word_1_154' title='bbox 488 2121 704 2184; x_wconf 87' lang='lat' dir='ltr'><strong>petunt,</strong></span> <span class='ocrx_word' id='word_1_155' title='bbox 731 2120 789 2165; x_wconf 92' lang='lat' dir='ltr'><strong>ut</strong></span> <span class='ocrx_word' id='word_1_156' title='bbox 820 2111 920 2165; x_wconf 75' lang='lat' dir='ltr'><strong>via.-</strong></span> <span class='ocrx_word' id='word_1_157' title='bbox 948 2110 1052 2164; x_wconf 88' lang='lat' dir='ltr'><strong>sibi</strong></span> <span class='ocrx_word' id='word_1_158' title='bbox 1089 2110 1321 2164; x_wconf 88' lang='lat' dir='ltr'><strong>comites</strong></span> <span class='ocrx_word' id='word_1_159' title='bbox 1366 2109 1475 2163; x_wconf 88' lang='lat' dir='ltr'><strong>sint</strong></span> <span class='ocrx_word' id='word_1_160' title='bbox 1508 2110 1783 2180; x_wconf 88' lang='lat' dir='ltr'><strong>ducesque</strong></span> <span class='ocrx_word' id='word_1_161' title='bbox 1814 2110 2069 2175; x_wconf 90' lang='lat' dir='ltr'><strong>itineris;</strong></span> 
     </span>
    </p>
   </div>
   <div class='ocr_carea' id='block_1_25' title="bbox 489 2200 2074 2275">
    <p class='ocr_par' dir='ltr' id='par_1_25' title="bbox 489 2200 2074 2275">
     <span class='ocr_line' id='line_1_25' title="bbox 489 2200 2074 2275; baseline -0.003 -16"><span class='ocrx_word' id='word_1_162' title='bbox 489 2204 584 2275; x_wconf 91' lang='lat' dir='ltr'><strong>qui</strong></span> <span class='ocrx_word' id='word_1_163' title='bbox 614 2202 850 2272; x_wconf 87' lang='lat' dir='ltr'><strong>sospites</strong></span> <span class='ocrx_word' id='word_1_164' title='bbox 897 2202 1214 2264; x_wconf 83' lang='lat' dir='ltr'><strong>redierunt,</strong></span> <span class='ocrx_word' id='word_1_165' title='bbox 1270 2201 1471 2271; x_wconf 87' lang='lat' dir='ltr'><strong>gratias</strong></span> <span class='ocrx_word' id='word_1_166' title='bbox 1510 2200 1779 2265; x_wconf 90' lang='lat' dir='ltr'><strong>referunt,</strong></span> <span class='ocrx_word' id='word_1_167' title='bbox 1805 2217 1916 2256; x_wconf 91' lang='lat' dir='ltr'><strong>non</strong></span> <span class='ocrx_word' id='word_1_168' title='bbox 1952 2202 2074 2255; x_wconf 92' lang='lat' dir='ltr'><strong>illos</strong></span> 
     </span>
    </p>
   </div>
   <div class='ocr_carea' id='block_1_26' title="bbox 490 2291 2075 2362">
    <p class='ocr_par' dir='ltr' id='par_1_26' title="bbox 490 2291 2075 2362">
     <span class='ocr_line' id='line_1_26' title="bbox 490 2291 2075 2362; baseline -0.002 -11"><span class='ocrx_word' id='word_1_169' title='bbox 490 2296 758 2351; x_wconf 87' lang='lat' dir='ltr'><strong>adeuntes</strong></span> <span class='ocrx_word' id='word_1_170' title='bbox 802 2303 863 2348; x_wconf 90' lang='lat' dir='ltr'><strong>ut</strong></span> <span class='ocrx_word' id='word_1_171' title='bbox 893 2294 1043 2357; x_wconf 92' lang='lat' dir='ltr'><strong>deos,</strong></span> <span class='ocrx_word' id='word_1_172' title='bbox 1089 2292 1184 2348; x_wconf 91' lang='lat' dir='ltr'><strong>sed</strong></span> <span class='ocrx_word' id='word_1_173' title='bbox 1234 2302 1493 2362; x_wconf 89' lang='lat' dir='ltr'><strong>tanquam</strong></span> <span class='ocrx_word' id='word_1_174' title='bbox 1525 2292 1743 2348; x_wconf 88' lang='lat' dir='ltr'><strong>divinos</strong></span> <span class='ocrx_word' id='word_1_175' title='bbox 1776 2295 1789 2312; x_wconf 85' lang='grc'><strong><em>⁸</em></strong></span> <span class='ocrx_word' id='word_1_176' title='bbox 1821 2291 2075 2348; x_wconf 88' lang='lat' dir='ltr'><strong>homines</strong></span> 
     </span>
    </p>
   </div>
   <div class='ocr_carea' id='block_1_27' title="bbox 491 2383 2076 2454">
    <p class='ocr_par' dir='ltr' id='par_1_27' title="bbox 491 2383 2076 2454">
     <span class='ocr_line' id='line_1_27' title="bbox 491 2383 2076 2454; baseline -0.001 -13"><span class='ocrx_word' id='word_1_177' title='bbox 491 2403 589 2441; x_wconf 90' lang='lat' dir='ltr'><strong>eos</strong></span> <span class='ocrx_word' id='word_1_178' title='bbox 615 2393 857 2450; x_wconf 91' lang='lat' dir='ltr'><strong>orantes,</strong></span> <span class='ocrx_word' id='word_1_179' title='bbox 917 2386 1419 2454; x_wconf 86' lang='lat' dir='ltr'><strong>intercessoresque</strong></span> <span class='ocrx_word' id='word_1_180' title='bbox 1470 2383 1575 2437; x_wconf 90' lang='lat' dir='ltr'><strong>sibi</strong></span> <span class='ocrx_word' id='word_1_181' title='bbox 1631 2392 1691 2437; x_wconf 90' lang='lat' dir='ltr'><strong>ut</strong></span> <span class='ocrx_word' id='word_1_182' title='bbox 1733 2399 1855 2438; x_wconf 90' lang='lat' dir='ltr'><strong>esse</strong></span> <span class='ocrx_word' id='word_1_183' title='bbox 1903 2384 2076 2439; x_wconf 79' lang='lat' dir='ltr'><strong>velint</strong></span> 
     </span>
    </p>
   </div>
   <div class='ocr_carea' id='block_1_28' title="bbox 491 2472 2074 2545">
    <p class='ocr_par' dir='ltr' id='par_1_28' title="bbox 491 2472 2074 2545">
     <span class='ocr_line' id='line_1_28' title="bbox 491 2472 2074 2545; baseline -0.002 -15"><span class='ocrx_word' id='word_1_184' title='bbox 491 2476 853 2545; x_wconf 89' lang='lat' dir='ltr'><strong>postulantes.</strong></span> <span class='ocrx_word' id='word_1_185' title='bbox 885 2474 1041 2539; x_wconf 89' lang='lat' dir='ltr'><strong>Quod</strong></span> <span class='ocrx_word' id='word_1_186' title='bbox 1075 2490 1205 2527; x_wconf 88' lang='lat' dir='ltr'><strong>vero</strong></span> <span class='ocrx_word' id='word_1_187' title='bbox 1238 2482 1487 2527; x_wconf 85' lang='lat' dir='ltr'><strong>votorum</strong></span> <span class='ocrx_word' id='word_1_188' title='bbox 1522 2481 1803 2542; x_wconf 89' lang='lat' dir='ltr'><strong>compotes</strong></span> <span class='ocrx_word' id='word_1_189' title='bbox 1826 2472 1960 2528; x_wconf 77' lang='lat' dir='ltr'><strong>fiant</strong></span> <span class='ocrx_word' id='word_1_190' title='bbox 1979 2474 2074 2542; x_wconf 90' lang='lat' dir='ltr'><strong>qui</strong></span> 
     </span>
    </p>
   </div>
   <div class='ocr_carea' id='block_1_29' title="bbox 493 2562 2075 2635">
    <p class='ocr_par' dir='ltr' id='par_1_29' title="bbox 493 2562 2075 2635">
     <span class='ocr_line' id='line_1_29' title="bbox 493 2562 2075 2635; baseline 0 -18"><span class='ocrx_word' id='word_1_191' title='bbox 493 2566 655 2635; x_wconf 77' lang='lat'><strong>922</strong></span> <span class='ocrx_word' id='word_1_192' title='bbox 697 2564 932 2621; x_wconf 87' lang='lat' dir='ltr'><strong>fideliter</strong></span> <span class='ocrx_word' id='word_1_193' title='bbox 967 2571 1181 2632; x_wconf 89' lang='lat' dir='ltr'><strong>petunt,</strong></span> <span class='ocrx_word' id='word_1_194' title='bbox 1212 2562 1389 2630; x_wconf 88' lang='lat' dir='ltr'><strong>palam</strong></span> <span class='ocrx_word' id='word_1_195' title='bbox 1430 2570 1703 2616; x_wconf 90' lang='lat' dir='ltr'><strong>testantur</strong></span> <span class='ocrx_word' id='word_1_196' title='bbox 1728 2562 1946 2615; x_wconf 89' lang='lat' dir='ltr'><strong>illorum</strong></span> <span class='ocrx_word' id='word_1_197' title='bbox 1974 2562 2075 2617; x_wconf 88' lang='lat' dir='ltr'><strong>do-</strong></span> 
     </span>
    </p>
   </div>
   <div class='ocr_carea' id='block_1_30' title="bbox 495 2651 2073 2720">
    <p class='ocr_par' dir='ltr' id='par_1_30' title="bbox 495 2651 2073 2720">
     <span class='ocr_line' id='line_1_30' title="bbox 495 2651 2073 2720; baseline -0.001 -11"><span class='ocrx_word' id='word_1_198' title='bbox 495 2656 669 2720; x_wconf 82' lang='lat' dir='ltr'><strong>naria,</strong></span> <span class='ocrx_word' id='word_1_199' title='bbox 698 2654 1039 2709; x_wconf 87' lang='lat' dir='ltr'><strong>curationem</strong></span> <span class='ocrx_word' id='word_1_200' title='bbox 1090 2651 1411 2705; x_wconf 89' lang='lat' dir='ltr'><strong>indicantia.</strong></span> <span class='ocrx_word' id='word_1_201' title='bbox 1444 2652 1548 2705; x_wconf 82' lang='lat' dir='ltr'><strong>Alii</strong></span> <span class='ocrx_word' id='word_1_202' title='bbox 1577 2652 1723 2706; x_wconf 90' lang='lat' dir='ltr'><strong>enim</strong></span> <span class='ocrx_word' id='word_1_203' title='bbox 1768 2654 2073 2718; x_wconf 88' lang='lat' dir='ltr'><strong>oculorum,</strong></span> 
     </span>
    </p>
   </div>
   <div class='ocr_carea' id='block_1_31' title="bbox 495 2742 2078 2816">
    <p class='ocr_par' dir='ltr' id='par_1_31' title="bbox 495 2742 2078 2816">
     <span class='ocr_line' id='line_1_31' title="bbox 495 2742 2078 2816; baseline 0 -16"><span class='ocrx_word' id='word_1_204' title='bbox 495 2747 588 2800; x_wconf 87' lang='lat' dir='ltr'><strong>alii</strong></span> <span class='ocrx_word' id='word_1_205' title='bbox 619 2746 842 2816; x_wconf 88' lang='lat' dir='ltr'><strong>pedum,</strong></span> <span class='ocrx_word' id='word_1_206' title='bbox 879 2744 969 2797; x_wconf 86' lang='lat' dir='ltr'><strong>alii</strong></span> <span class='ocrx_word' id='word_1_207' title='bbox 1001 2759 1260 2796; x_wconf 88' lang='lat' dir='ltr'><strong>manuum</strong></span> <span class='ocrx_word' id='word_1_208' title='bbox 1290 2742 1583 2797; x_wconf 89' lang='lat' dir='ltr'><strong>simulacra</strong></span> <span class='ocrx_word' id='word_1_209' title='bbox 1608 2744 1973 2812; x_wconf 89' lang='lat' dir='ltr'><strong>suspendunt,</strong></span> <span class='ocrx_word' id='word_1_210' title='bbox 2009 2760 2078 2800; x_wconf 80' lang='lat' dir='ltr'><strong>ex</strong></span> 
     </span>
    </p>
   </div>
   <div class='ocr_carea' id='block_1_32' title="bbox 496 2832 2077 2906">
    <p class='ocr_par' dir='ltr' id='par_1_32' title="bbox 496 2832 2077 2906">
     <span class='ocr_line' id='line_1_32' title="bbox 496 2832 2077 2906; baseline -0.001 -15"><span class='ocrx_word' id='word_1_211' title='bbox 496 2844 723 2906; x_wconf 82' lang='lat' dir='ltr'><strong>argento</strong></span> <span class='ocrx_word' id='word_1_212' title='bbox 756 2851 960 2889; x_wconf 83' lang='lat' dir='ltr'><strong>aurove</strong></span> <span class='ocrx_word' id='word_1_213' title='bbox 988 2834 1256 2889; x_wconf 89' lang='lat' dir='ltr'><strong>confecta.</strong></span> <span class='ocrx_word' id='word_1_214' title='bbox 1304 2832 1515 2903; x_wconf 79' lang='lat' dir='ltr'><strong>Accipit</strong></span> <span class='ocrx_word' id='word_1_215' title='bbox 1545 2834 1693 2889; x_wconf 89' lang='lat' dir='ltr'><strong>enim</strong></span> <span class='ocrx_word' id='word_1_216' title='bbox 1728 2836 1926 2890; x_wconf 91' lang='lat' dir='ltr'><strong>horum</strong></span> <span class='ocrx_word' id='word_1_217' title='bbox 1967 2836 2077 2889; x_wconf 83' lang='lat' dir='ltr'><strong>Do-</strong></span> 
     </span>
    </p>
   </div>
   <div class='ocr_carea' id='block_1_33' title="bbox 498 2926 2078 2996">
    <p class='ocr_par' dir='ltr' id='par_1_33' title="bbox 498 2926 2078 2996">
     <span class='ocr_line' id='line_1_33' title="bbox 498 2926 2078 2996; baseline 0.001 -15"><span class='ocrx_word' id='word_1_218' title='bbox 498 2929 680 2982; x_wconf 88' lang='lat' dir='ltr'><strong>minus</strong></span> <span class='ocrx_word' id='word_1_219' title='bbox 718 2927 881 2981; x_wconf 88' lang='lat' dir='ltr'><strong>etiam</strong></span> <span class='ocrx_word' id='word_1_220' title='bbox 923 2942 1122 2996; x_wconf 90' lang='lat' dir='ltr'><strong>parva,</strong></span> <span class='ocrx_word' id='word_1_221' title='bbox 1157 2926 1429 2996; x_wconf 83' lang='lat' dir='ltr'><strong>pretiique</strong></span> <span class='ocrx_word' id='word_1_222' title='bbox 1469 2926 1674 2996; x_wconf 75' lang='lat' dir='ltr'><strong>exigui,</strong></span> <span class='ocrx_word' id='word_1_223' title='bbox 1716 2942 1816 2996; x_wconf 93' lang='lat' dir='ltr'><strong>pro</strong></span> <span class='ocrx_word' id='word_1_224' title='bbox 1850 2926 2078 2983; x_wconf 81' lang='lat' dir='ltr'><strong>ferentis</strong></span> 
     </span>
    </p>
   </div>
   <div class='ocr_carea' id='block_1_34' title="bbox 2162 464 3739 536">
    <p class='ocr_par' dir='ltr' id='par_1_34' title="bbox 2162 464 3739 536">
     <span class='ocr_line' id='line_1_34' title="bbox 2162 464 3739 536; baseline 0.005 -23"><span class='ocrx_word' id='word_1_225' title='bbox 2162 478 2266 515; x_wconf 92' lang='grc' dir='ltr'>σιν.</span> <span class='ocrx_word' id='word_1_226' title='bbox 2309 464 2498 518; x_wconf 84' lang='grc' dir='ltr'>Καίτοι</span> <span class='ocrx_word' id='word_1_227' title='bbox 2534 467 2677 529; x_wconf 83' lang='grc' dir='ltr'>τινὲς</span> <span class='ocrx_word' id='word_1_228' title='bbox 2709 467 2816 520; x_wconf 86' lang='grc' dir='ltr'><strong>τῶν</strong></span> <span class='ocrx_word' id='word_1_229' title='bbox 2848 466 3089 536; x_wconf 81' lang='grc' dir='ltr'><strong>ἀνοήτων</strong></span> <span class='ocrx_word' id='word_1_230' title='bbox 3134 468 3226 519; x_wconf 67' lang='grc' dir='ltr'><strong>καί⁵</strong></span> <span class='ocrx_word' id='word_1_231' title='bbox 3258 466 3415 529; x_wconf 79' lang='grc' dir='ltr'>θεοὺς</span> <span class='ocrx_word' id='word_1_232' title='bbox 3461 470 3603 535; x_wconf 75' lang='grc' dir='ltr'>σφᾶς</span> <span class='ocrx_word' id='word_1_233' title='bbox 3648 469 3739 523; x_wconf 86' lang='grc' dir='ltr'>ἀν-</span> 
     </span>
    </p>
   </div>
   <div class='ocr_carea' id='block_1_35' title="bbox 2160 558 3738 633">
    <p class='ocr_par' dir='ltr' id='par_1_35' title="bbox 2160 558 3738 633">
     <span class='ocr_line' id='line_1_35' title="bbox 2160 558 3738 633; baseline 0.002 -22"><span class='ocrx_word' id='word_1_234' title='bbox 2160 559 2488 628; x_wconf 83' lang='grc' dir='ltr'>ηγόρευσαν,</span> <span class='ocrx_word' id='word_1_235' title='bbox 2524 560 2618 612; x_wconf 67' lang='grc' dir='ltr'><strong>καὶ</strong></span> <span class='ocrx_word' id='word_1_236' title='bbox 2642 558 2774 623; x_wconf 83' lang='grc' dir='ltr'>νεὼς</span> <span class='ocrx_word' id='word_1_237' title='bbox 2810 560 2855 592; x_wconf 80' lang='grc'><strong>⁸⁸</strong></span> <span class='ocrx_word' id='word_1_238' title='bbox 2884 560 3092 622; x_wconf 79' lang='grc' dir='ltr'><strong>ἑαυτοῖς</strong></span> <span class='ocrx_word' id='word_1_239' title='bbox 3125 560 3476 629; x_wconf 88' lang='grc' dir='ltr'>ἐδομήσαντο.</span> <span class='ocrx_word' id='word_1_240' title='bbox 3496 561 3609 614; x_wconf 73' lang='grc' dir='ltr'>Καὶ</span> <span class='ocrx_word' id='word_1_241' title='bbox 3627 561 3738 633; x_wconf 76' lang='grc' dir='ltr'>γὰρ</span> 
     </span>
    </p>
   </div>
   <div class='ocr_carea' id='block_1_36' title="bbox 2173 648 3741 722">
    <p class='ocr_par' dir='ltr' id='par_1_36' title="bbox 2173 648 3741 722">
     <span class='ocr_line' id='line_1_36' title="bbox 2173 648 3741 722; baseline 0.001 -19"><span class='ocrx_word' id='word_1_242' title='bbox 2173 652 2444 722; x_wconf 84' lang='grc' dir='ltr'>Ἀντίοχος</span> <span class='ocrx_word' id='word_1_243' title='bbox 2491 651 2766 722; x_wconf 77' lang='grc' dir='ltr'><strong>ἐπεκλήθη</strong></span> <span class='ocrx_word' id='word_1_244' title='bbox 2799 651 2938 714; x_wconf 79' lang='grc' dir='ltr'>θεὸς,</span> <span class='ocrx_word' id='word_1_245' title='bbox 2968 652 3063 703; x_wconf 65' lang='grc' dir='ltr'><strong>κα)⁸</strong></span> <span class='ocrx_word' id='word_1_246' title='bbox 3098 651 3257 714; x_wconf 84' lang='grc' dir='ltr'>Γάϊος</span> <span class='ocrx_word' id='word_1_247' title='bbox 3283 651 3312 702; x_wconf 86' lang='grc' dir='ltr'><strong>ὁ</strong></span> <span class='ocrx_word' id='word_1_248' title='bbox 3341 648 3595 719; x_wconf 77' lang='grc' dir='ltr'>Τιϐερίου</span> <span class='ocrx_word' id='word_1_249' title='bbox 3630 652 3741 705; x_wconf 81' lang='grc' dir='ltr'>διάο</span> 
     </span>
    </p>
   </div>
   <div class='ocr_carea' id='block_1_37' title="bbox 2161 741 3742 813">
    <p class='ocr_par' dir='ltr' id='par_1_37' title="bbox 2161 741 3742 813">
     <span class='ocr_line' id='line_1_37' title="bbox 2161 741 3742 813; baseline -0.001 -17"><span class='ocrx_word' id='word_1_250' title='bbox 2161 742 2335 811; x_wconf 85' lang='grc' dir='ltr'>δοχος,</span> <span class='ocrx_word' id='word_1_251' title='bbox 2380 743 2475 796; x_wconf 73' lang='grc' dir='ltr'>καὶ</span> <span class='ocrx_word' id='word_1_252' title='bbox 2502 741 2929 805; x_wconf 81' lang='grc' dir='ltr'>Οὐεσπασιανὸς,</span> <span class='ocrx_word' id='word_1_253' title='bbox 2967 744 3059 795; x_wconf 66' lang='grc' dir='ltr'><strong>κα)⁵</strong></span> <span class='ocrx_word' id='word_1_254' title='bbox 3108 742 3405 813; x_wconf 77' lang='grc' dir='ltr'>Ἀδριανὸς,</span> <span class='ocrx_word' id='word_1_255' title='bbox 3447 742 3742 811; x_wconf 65' lang='grc' dir='ltr'>μεγίστους</span> 
     </span>
    </p>
   </div>
   <div class='ocr_carea' id='block_1_38' title="bbox 2164 832 3744 905">
    <p class='ocr_par' dir='ltr' id='par_1_38' title="bbox 2164 832 3744 905">
     <span class='ocr_line' id='line_1_38' title="bbox 2164 832 3744 905; baseline 0 -19"><span class='ocrx_word' id='word_1_256' title='bbox 2164 836 2378 897; x_wconf 78' lang='grc' dir='ltr'><strong>ἑαυτοῖς</strong></span> <span class='ocrx_word' id='word_1_257' title='bbox 2410 832 2547 895; x_wconf 86' lang='grc' dir='ltr'>νεὼς</span> <span class='ocrx_word' id='word_1_258' title='bbox 2568 834 2946 904; x_wconf 81' lang='grc' dir='ltr'>ᾠκοδόμησαν,</span> <span class='ocrx_word' id='word_1_259' title='bbox 2980 833 3115 887; x_wconf 88' lang='grc' dir='ltr'><strong>ἀλλά</strong></span> <span class='ocrx_word' id='word_1_260' title='bbox 3143 834 3238 899; x_wconf 78' lang='grc' dir='ltr'>ξὺν</span> <span class='ocrx_word' id='word_1_261' title='bbox 3258 836 3325 903; x_wconf 87' lang='grc' dir='ltr'>τῇ</span> <span class='ocrx_word' id='word_1_262' title='bbox 3366 834 3478 905; x_wconf 76' lang='grc' dir='ltr'><strong>ζωῇ</strong></span> <span class='ocrx_word' id='word_1_263' title='bbox 3518 832 3614 888; x_wconf 81' lang='grc' dir='ltr'>καὶ</span> <span class='ocrx_word' id='word_1_264' title='bbox 3640 834 3744 904; x_wconf 70' lang='grc' dir='ltr'>τὴν</span> 
     </span>
    </p>
   </div>
   <div class='ocr_carea' id='block_1_39' title="bbox 2162 923 3746 995">
    <p class='ocr_par' dir='ltr' id='par_1_39' title="bbox 2162 923 3746 995">
     <span class='ocr_line' id='line_1_39' title="bbox 2162 923 3746 995; baseline 0.001 -18"><span class='ocrx_word' id='word_1_265' title='bbox 2162 925 2399 994; x_wconf 74' lang='grc' dir='ltr'>δυσσεϐῆ</span> <span class='ocrx_word' id='word_1_266' title='bbox 2432 925 2600 995; x_wconf 80' lang='grc' dir='ltr'>τιμὴν</span> <span class='ocrx_word' id='word_1_267' title='bbox 2632 924 3011 995; x_wconf 78' lang='grc' dir='ltr'>ἀφῃρέθησαν.</span> <span class='ocrx_word' id='word_1_268' title='bbox 3046 925 3107 977; x_wconf 91' lang='grc' dir='ltr'>Οἰ</span> <span class='ocrx_word' id='word_1_269' title='bbox 3139 923 3196 977; x_wconf 84' lang='grc' dir='ltr'><strong>δέ</strong></span> <span class='ocrx_word' id='word_1_270' title='bbox 3236 942 3298 992; x_wconf 89' lang='grc' dir='ltr'><strong>γε</strong></span> <span class='ocrx_word' id='word_1_271' title='bbox 3335 926 3380 963; x_wconf 79' lang='grc'><strong>⁸⁸</strong></span> <span class='ocrx_word' id='word_1_272' title='bbox 3410 926 3517 977; x_wconf 89' lang='grc' dir='ltr'><strong>τῶν</strong></span> <span class='ocrx_word' id='word_1_273' title='bbox 3556 925 3746 979; x_wconf 82' lang='grc' dir='ltr'>καλλι-</span> 
     </span>
    </p>
   </div>
   <div class='ocr_carea' id='block_1_40' title="bbox 2165 1015 3745 1089">
    <p class='ocr_par' dir='ltr' id='par_1_40' title="bbox 2165 1015 3745 1089">
     <span class='ocr_line' id='line_1_40' title="bbox 2165 1015 3745 1089; baseline 0 -20"><span class='ocrx_word' id='word_1_274' title='bbox 2165 1017 2331 1070; x_wconf 90' lang='grc' dir='ltr'>νίκων</span> <span class='ocrx_word' id='word_1_275' title='bbox 2380 1016 2673 1087; x_wconf 89' lang='grc' dir='ltr'>μαρτύρων</span> <span class='ocrx_word' id='word_1_276' title='bbox 2706 1016 2882 1086; x_wconf 76' lang='grc' dir='ltr'>σηκοὶ,</span> <span class='ocrx_word' id='word_1_277' title='bbox 2914 1015 3177 1084; x_wconf 80' lang='grc' dir='ltr'>λαμπροὶ,</span> <span class='ocrx_word' id='word_1_278' title='bbox 3222 1017 3319 1069; x_wconf 56' lang='grc' dir='ltr'><strong>καὶ⁵</strong></span> <span class='ocrx_word' id='word_1_279' title='bbox 3362 1015 3745 1089; x_wconf 79' lang='grc' dir='ltr'>περίϐλεπτοι,</span> 
     </span>
    </p>
   </div>
   <div class='ocr_carea' id='block_1_41' title="bbox 2166 1103 3748 1177">
    <p class='ocr_par' dir='ltr' id='par_1_41' title="bbox 2166 1103 3748 1177">
     <span class='ocr_line' id='line_1_41' title="bbox 2166 1103 3748 1177; baseline -0.001 -18"><span class='ocrx_word' id='word_1_280' title='bbox 2166 1106 2261 1159; x_wconf 76' lang='grc' dir='ltr'><strong>καὶ</strong></span> <span class='ocrx_word' id='word_1_281' title='bbox 2287 1106 2504 1176; x_wconf 84' lang='grc' dir='ltr'>μεγέθει</span> <span class='ocrx_word' id='word_1_282' title='bbox 2526 1105 2865 1177; x_wconf 83' lang='grc' dir='ltr'>διαπρεπεῖς,</span> <span class='ocrx_word' id='word_1_283' title='bbox 2897 1107 2991 1158; x_wconf 86' lang='grc' dir='ltr'><strong>καί</strong></span> <span class='ocrx_word' id='word_1_284' title='bbox 3019 1103 3377 1168; x_wconf 86' lang='grc' dir='ltr'>παντοδαπῶς</span> <span class='ocrx_word' id='word_1_285' title='bbox 3393 1105 3748 1177; x_wconf 82' lang='grc' dir='ltr'>πεποικιλμέ-</span> 
     </span>
    </p>
   </div>
   <div class='ocr_carea' id='block_1_42' title="bbox 2166 1195 3749 1268">
    <p class='ocr_par' dir='ltr' id='par_1_42' title="bbox 2166 1195 3749 1268">
     <span class='ocr_line' id='line_1_42' title="bbox 2166 1195 3749 1268; baseline 0 -19"><span class='ocrx_word' id='word_1_286' title='bbox 2166 1215 2269 1263; x_wconf 86' lang='grc' dir='ltr'>νοι,</span> <span class='ocrx_word' id='word_1_287' title='bbox 2322 1198 2416 1251; x_wconf 77' lang='grc' dir='ltr'>καὶ</span> <span class='ocrx_word' id='word_1_288' title='bbox 2467 1197 2696 1259; x_wconf 83' lang='grc' dir='ltr'><strong>κάλλους</strong></span> <span class='ocrx_word' id='word_1_289' title='bbox 2727 1198 2772 1229; x_wconf 79' lang='grc' dir='ltr'><strong>⁷ο</strong></span> <span class='ocrx_word' id='word_1_290' title='bbox 2813 1196 3069 1264; x_wconf 77' lang='grc' dir='ltr'><strong>ἀφιέντες</strong></span> <span class='ocrx_word' id='word_1_291' title='bbox 3116 1195 3507 1268; x_wconf 87' lang='grc' dir='ltr'>μαρμαρυγάς.</span> <span class='ocrx_word' id='word_1_292' title='bbox 3551 1197 3647 1257; x_wconf 80' lang='grc' dir='ltr'>Εἰς</span> <span class='ocrx_word' id='word_1_293' title='bbox 3690 1196 3749 1250; x_wconf 74' lang='grc' dir='ltr'>δὲ</span> 
     </span>
    </p>
   </div>
   <div class='ocr_carea' id='block_1_43' title="bbox 2166 1286 3751 1359">
    <p class='ocr_par' dir='ltr' id='par_1_43' title="bbox 2166 1286 3751 1359">
     <span class='ocr_line' id='line_1_43' title="bbox 2166 1286 3751 1359; baseline -0.001 -18"><span class='ocrx_word' id='word_1_294' title='bbox 2166 1288 2389 1353; x_wconf 83' lang='grc' dir='ltr'><strong>τούτους</strong></span> <span class='ocrx_word' id='word_1_295' title='bbox 2414 1288 2513 1359; x_wconf 83' lang='grc' dir='ltr'><strong>οὐχ</strong></span> <span class='ocrx_word' id='word_1_296' title='bbox 2538 1287 2685 1354; x_wconf 74' lang='grc' dir='ltr'>ἅπαξ</span> <span class='ocrx_word' id='word_1_297' title='bbox 2715 1290 2747 1358; x_wconf 78' lang='grc' dir='ltr'>ἢ</span> <span class='ocrx_word' id='word_1_298' title='bbox 2778 1288 2858 1351; x_wconf 92' lang='grc' dir='ltr'><strong>δίς</strong></span> <span class='ocrx_word' id='word_1_299' title='bbox 2888 1286 2999 1359; x_wconf 88' lang='grc' dir='ltr'>[γε]</span> <span class='ocrx_word' id='word_1_300' title='bbox 3035 1288 3079 1319; x_wconf 75' lang='grc' dir='ltr'>τί</span> <span class='ocrx_word' id='word_1_301' title='bbox 3114 1286 3205 1339; x_wconf 83' lang='grc' dir='ltr'><strong>τοῦ</strong></span> <span class='ocrx_word' id='word_1_302' title='bbox 3234 1286 3385 1349; x_wconf 74' lang='grc' dir='ltr'>ἔτους</span> <span class='ocrx_word' id='word_1_303' title='bbox 3414 1286 3448 1355; x_wconf 79' lang='grc' dir='ltr'>ἢ</span> <span class='ocrx_word' id='word_1_304' title='bbox 3484 1288 3751 1349; x_wconf 87' lang='grc' dir='ltr'>πεντάκις</span> 
     </span>
    </p>
   </div>
   <div class='ocr_carea' id='block_1_44' title="bbox 2170 1377 3753 1452">
    <p class='ocr_par' dir='ltr' id='par_1_44' title="bbox 2170 1377 3753 1452">
     <span class='ocr_line' id='line_1_44' title="bbox 2170 1377 3753 1452; baseline -0.003 -17"><span class='ocrx_word' id='word_1_305' title='bbox 2170 1382 2463 1452; x_wconf 81' lang='grc' dir='ltr'>φοιτῶμεν,</span> <span class='ocrx_word' id='word_1_306' title='bbox 2486 1379 2625 1433; x_wconf 87' lang='grc' dir='ltr'>ἀλλὰ</span> <span class='ocrx_word' id='word_1_307' title='bbox 2664 1380 2924 1441; x_wconf 78' lang='grc' dir='ltr'><strong>πολλάκις</strong></span> <span class='ocrx_word' id='word_1_308' title='bbox 2955 1380 3052 1449; x_wconf 85' lang='grc' dir='ltr'>μὲν</span> <span class='ocrx_word' id='word_1_309' title='bbox 3088 1378 3422 1449; x_wconf 82' lang='grc' dir='ltr'>πανηγύρεις</span> <span class='ocrx_word' id='word_1_310' title='bbox 3466 1377 3753 1431; x_wconf 80' lang='grc' dir='ltr'>ἐπιτελοῦο</span> 
     </span>
    </p>
   </div>
   <div class='ocr_carea' id='block_1_45' title="bbox 2173 1470 3755 1543">
    <p class='ocr_par' dir='ltr' id='par_1_45' title="bbox 2173 1470 3755 1543">
     <span class='ocr_line' id='line_1_45' title="bbox 2173 1470 3755 1543; baseline -0.003 -17"><span class='ocrx_word' id='word_1_311' title='bbox 2173 1490 2290 1543; x_wconf 82' lang='grc' dir='ltr'>μεν,</span> <span class='ocrx_word' id='word_1_312' title='bbox 2321 1473 2581 1535; x_wconf 81' lang='grc' dir='ltr'>πολλάκις</span> <span class='ocrx_word' id='word_1_313' title='bbox 2612 1472 2669 1525; x_wconf 78' lang='grc' dir='ltr'>δὲ</span> <span class='ocrx_word' id='word_1_314' title='bbox 2700 1473 2745 1503; x_wconf 73' lang='grc' dir='ltr'><strong>τ’</strong></span> <span class='ocrx_word' id='word_1_315' title='bbox 2771 1472 2985 1541; x_wconf 83' lang='grc' dir='ltr'>ἡμέρας</span> <span class='ocrx_word' id='word_1_316' title='bbox 3024 1470 3263 1540; x_wconf 76' lang='grc' dir='ltr'>ἑκάστης</span> <span class='ocrx_word' id='word_1_317' title='bbox 3302 1470 3379 1540; x_wconf 84' lang='grc' dir='ltr'><strong>τῷ</strong></span> <span class='ocrx_word' id='word_1_318' title='bbox 3414 1470 3621 1524; x_wconf 90' lang='grc' dir='ltr'>τούτων</span> <span class='ocrx_word' id='word_1_319' title='bbox 3651 1475 3755 1521; x_wconf 85' lang='grc' dir='ltr'><strong>Δε-</strong></span> 
     </span>
    </p>
   </div>
   <div class='ocr_carea' id='block_1_46' title="bbox 2172 1560 3755 1633">
    <p class='ocr_par' dir='ltr' id='par_1_46' title="bbox 2172 1560 3755 1633">
     <span class='ocr_line' id='line_1_46' title="bbox 2172 1560 3755 1633; baseline -0.003 -18"><span class='ocrx_word' id='word_1_320' title='bbox 2172 1564 2343 1633; x_wconf 80' lang='grc' dir='ltr'>σπότη</span> <span class='ocrx_word' id='word_1_321' title='bbox 2377 1563 2504 1625; x_wconf 81' lang='grc' dir='ltr'>τοὺς</span> <span class='ocrx_word' id='word_1_322' title='bbox 2525 1561 2726 1631; x_wconf 87' lang='grc' dir='ltr'>ῦμνους</span> <span class='ocrx_word' id='word_1_323' title='bbox 2765 1560 3165 1631; x_wconf 81' lang='grc' dir='ltr'>προσφέρομεν.</span> <span class='ocrx_word' id='word_1_324' title='bbox 3198 1560 3310 1613; x_wconf 75' lang='grc' dir='ltr'><strong>Καὶ</strong></span> <span class='ocrx_word' id='word_1_325' title='bbox 3342 1562 3389 1613; x_wconf 80' lang='grc' dir='ltr'><strong>οἰ</strong></span> <span class='ocrx_word' id='word_1_326' title='bbox 3434 1560 3532 1631; x_wconf 82' lang='grc' dir='ltr'>μὲν</span> <span class='ocrx_word' id='word_1_327' title='bbox 3568 1561 3755 1628; x_wconf 79' lang='grc' dir='ltr'>ὑγιαί-</span> 
     </span>
    </p>
   </div>
   <div class='ocr_carea' id='block_1_47' title="bbox 2173 1650 3754 1721">
    <p class='ocr_par' dir='ltr' id='par_1_47' title="bbox 2173 1650 3754 1721">
     <span class='ocr_line' id='line_1_47' title="bbox 2173 1650 3754 1721; baseline -0.001 -17"><span class='ocrx_word' id='word_1_328' title='bbox 2173 1670 2353 1715; x_wconf 90' lang='grc' dir='ltr'>νοντες</span> <span class='ocrx_word' id='word_1_329' title='bbox 2379 1650 2591 1704; x_wconf 78' lang='grc' dir='ltr'>αἰτοῦσι</span> <span class='ocrx_word' id='word_1_330' title='bbox 2623 1651 2719 1719; x_wconf 83' lang='grc' dir='ltr'>τὴν</span> <span class='ocrx_word' id='word_1_331' title='bbox 2744 1651 2843 1719; x_wconf 83' lang='grc' dir='ltr'>τῆς</span> <span class='ocrx_word' id='word_1_332' title='bbox 2869 1650 3058 1719; x_wconf 82' lang='grc' dir='ltr'>ὑγείας</span> <span class='ocrx_word' id='word_1_333' title='bbox 3088 1651 3135 1681; x_wconf 79' lang='lat'>&quot;</span> <span class='ocrx_word' id='word_1_334' title='bbox 3166 1650 3413 1721; x_wconf 80' lang='grc' dir='ltr'>φυλακήν</span> <span class='ocrx_word' id='word_1_335' title='bbox 3439 1666 3453 1682; x_wconf 84' lang='grc'><em>’</em></span> <span class='ocrx_word' id='word_1_336' title='bbox 3476 1651 3526 1703; x_wconf 84' lang='grc' dir='ltr'><strong>οἰ</strong></span> <span class='ocrx_word' id='word_1_337' title='bbox 3555 1650 3612 1703; x_wconf 80' lang='grc' dir='ltr'><strong>δέ</strong></span> <span class='ocrx_word' id='word_1_338' title='bbox 3637 1668 3754 1703; x_wconf 86' lang='grc' dir='ltr'>τινι</span> 
     </span>
    </p>
   </div>
   <div class='ocr_carea' id='block_1_48' title="bbox 2174 1741 3753 1813">
    <p class='ocr_par' dir='ltr' id='par_1_48' title="bbox 2174 1741 3753 1813">
     <span class='ocr_line' id='line_1_48' title="bbox 2174 1741 3753 1813; baseline -0.002 -16"><span class='ocrx_word' id='word_1_339' title='bbox 2174 1745 2314 1813; x_wconf 86' lang='grc' dir='ltr'>νόσῳ</span> <span class='ocrx_word' id='word_1_340' title='bbox 2341 1743 2690 1806; x_wconf 84' lang='grc' dir='ltr'>παλαίοντες,</span> <span class='ocrx_word' id='word_1_341' title='bbox 2724 1742 2824 1813; x_wconf 82' lang='grc' dir='ltr'>τὴν</span> <span class='ocrx_word' id='word_1_342' title='bbox 2846 1743 2955 1797; x_wconf 85' lang='grc' dir='ltr'><strong>τῶν</strong></span> <span class='ocrx_word' id='word_1_343' title='bbox 2976 1742 3301 1813; x_wconf 89' lang='grc' dir='ltr'>νοσημάτων</span> <span class='ocrx_word' id='word_1_344' title='bbox 3316 1742 3363 1773; x_wconf 70' lang='grc'><strong>⁷⁸</strong></span> <span class='ocrx_word' id='word_1_345' title='bbox 3389 1741 3715 1811; x_wconf 75' lang='grc' dir='ltr'>ἀπαλλαγήν</span> <span class='ocrx_word' id='word_1_346' title='bbox 3737 1757 3753 1772; x_wconf 80' lang='grc'><strong><em>⁸</em></strong></span> 
     </span>
    </p>
   </div>
   <div class='ocr_carea' id='block_1_49' title="bbox 2174 1832 3756 1903">
    <p class='ocr_par' dir='ltr' id='par_1_49' title="bbox 2174 1832 3756 1903">
     <span class='ocr_line' id='line_1_49' title="bbox 2174 1832 3756 1903; baseline -0.002 -15"><span class='ocrx_word' id='word_1_347' title='bbox 2174 1834 2386 1888; x_wconf 77' lang='grc' dir='ltr'>αἰτοῦσι</span> <span class='ocrx_word' id='word_1_348' title='bbox 2408 1834 2464 1886; x_wconf 84' lang='grc' dir='ltr'>δὲ</span> <span class='ocrx_word' id='word_1_349' title='bbox 2496 1835 2590 1887; x_wconf 73' lang='grc' dir='ltr'>καὶ</span> <span class='ocrx_word' id='word_1_350' title='bbox 2618 1834 2802 1901; x_wconf 78' lang='grc' dir='ltr'>ἄγονοι</span> <span class='ocrx_word' id='word_1_351' title='bbox 2826 1832 3021 1895; x_wconf 89' lang='grc' dir='ltr'>παῖδας</span> <span class='ocrx_word' id='word_1_352' title='bbox 3042 1848 3054 1861; x_wconf 83' lang='lat'><strong><em>°</em></strong></span> <span class='ocrx_word' id='word_1_353' title='bbox 3089 1833 3183 1885; x_wconf 74' lang='grc' dir='ltr'>καὶ</span> <span class='ocrx_word' id='word_1_354' title='bbox 3210 1832 3461 1903; x_wconf 77' lang='grc' dir='ltr'>στερίφαι</span> <span class='ocrx_word' id='word_1_355' title='bbox 3495 1832 3540 1863; x_wconf 82' lang='grc'><strong>⁷⁵</strong></span> <span class='ocrx_word' id='word_1_356' title='bbox 3569 1849 3756 1902; x_wconf 80' lang='grc' dir='ltr'>παρα-</span> 
     </span>
    </p>
   </div>
   <div class='ocr_carea' id='block_1_50' title="bbox 2174 1923 3757 1995">
    <p class='ocr_par' dir='ltr' id='par_1_50' title="bbox 2174 1923 3757 1995">
     <span class='ocr_line' id='line_1_50' title="bbox 2174 1923 3757 1995; baseline -0.003 -15"><span class='ocrx_word' id='word_1_357' title='bbox 2174 1925 2401 1980; x_wconf 78' lang='grc' dir='ltr'>καλοῦσι</span> <span class='ocrx_word' id='word_1_358' title='bbox 2428 1924 2682 1993; x_wconf 87' lang='grc' dir='ltr'>γενέσθαι</span> <span class='ocrx_word' id='word_1_359' title='bbox 2720 1924 2956 1994; x_wconf 84' lang='grc' dir='ltr'>μητέρες</span> <span class='ocrx_word' id='word_1_360' title='bbox 2982 1943 2994 1955; x_wconf 88' lang='grc'><strong>·</strong></span> <span class='ocrx_word' id='word_1_361' title='bbox 3024 1926 3118 1977; x_wconf 75' lang='grc' dir='ltr'><strong>καὶ</strong></span> <span class='ocrx_word' id='word_1_362' title='bbox 3148 1927 3195 1977; x_wconf 82' lang='grc' dir='ltr'>οἱ</span> <span class='ocrx_word' id='word_1_363' title='bbox 3227 1924 3389 1992; x_wconf 83' lang='grc' dir='ltr'>τῆσδε</span> <span class='ocrx_word' id='word_1_364' title='bbox 3409 1923 3509 1987; x_wconf 83' lang='grc' dir='ltr'>τῆς</span> <span class='ocrx_word' id='word_1_365' title='bbox 3540 1923 3757 1995; x_wconf 78' lang='grc' dir='ltr'>δωρεᾶς</span> 
     </span>
    </p>
   </div>
   <div class='ocr_carea' id='block_1_51' title="bbox 2174 2013 3755 2087">
    <p class='ocr_par' dir='ltr' id='par_1_51' title="bbox 2174 2013 3755 2087">
     <span class='ocr_line' id='line_1_51' title="bbox 2174 2013 3755 2087; baseline -0.002 -17"><span class='ocrx_word' id='word_1_366' title='bbox 2174 2015 2579 2079; x_wconf 83' lang='grc' dir='ltr'>ἀπολαύσαντες</span> <span class='ocrx_word' id='word_1_367' title='bbox 2622 2016 2668 2047; x_wconf 77' lang='grc'><strong>⁷⁸</strong></span> <span class='ocrx_word' id='word_1_368' title='bbox 2698 2013 2942 2079; x_wconf 77' lang='grc' dir='ltr'>ἀξιοῦσιν</span> <span class='ocrx_word' id='word_1_369' title='bbox 2987 2016 3149 2087; x_wconf 83' lang='grc' dir='ltr'>ἄρτια</span> <span class='ocrx_word' id='word_1_370' title='bbox 3200 2016 3350 2083; x_wconf 76' lang='grc' dir='ltr'>σφίσι</span> <span class='ocrx_word' id='word_1_371' title='bbox 3408 2013 3755 2085; x_wconf 82' lang='grc' dir='ltr'>φυλαχθῆναι</span> 
     </span>
    </p>
   </div>
   <div class='ocr_carea' id='block_1_52' title="bbox 2174 2105 3757 2178">
    <p class='ocr_par' dir='ltr' id='par_1_52' title="bbox 2174 2105 3757 2178">
     <span class='ocr_line' id='line_1_52' title="bbox 2174 2105 3757 2178; baseline -0.001 -17"><span class='ocrx_word' id='word_1_372' title='bbox 2174 2110 2244 2161; x_wconf 84' lang='grc' dir='ltr'><strong>τά</strong></span> <span class='ocrx_word' id='word_1_373' title='bbox 2274 2108 2425 2178; x_wconf 90' lang='grc' dir='ltr'>δῶρα</span> <span class='ocrx_word' id='word_1_374' title='bbox 2441 2124 2453 2136; x_wconf 82' lang='lat'><strong>&#39;</strong></span> <span class='ocrx_word' id='word_1_375' title='bbox 2486 2108 2581 2161; x_wconf 73' lang='grc' dir='ltr'><strong>καὶ</strong></span> <span class='ocrx_word' id='word_1_376' title='bbox 2605 2108 2655 2160; x_wconf 79' lang='grc' dir='ltr'>οἱ</span> <span class='ocrx_word' id='word_1_377' title='bbox 2681 2107 2780 2177; x_wconf 83' lang='grc' dir='ltr'>μὲν</span> <span class='ocrx_word' id='word_1_378' title='bbox 2823 2109 2905 2171; x_wconf 78' lang='grc' dir='ltr'><strong>είς</strong></span> <span class='ocrx_word' id='word_1_379' title='bbox 2930 2125 3050 2161; x_wconf 91' lang='grc' dir='ltr'>τινα</span> <span class='ocrx_word' id='word_1_380' title='bbox 3072 2106 3381 2177; x_wconf 80' lang='grc' dir='ltr'>ἀποδημίαν</span> <span class='ocrx_word' id='word_1_381' title='bbox 3406 2105 3757 2175; x_wconf 84' lang='grc' dir='ltr'>στελλόμενοι</span> 
     </span>
    </p>
   </div>
   <div class='ocr_carea' id='block_1_53' title="bbox 2175 2196 3755 2272">
    <p class='ocr_par' dir='ltr' id='par_1_53' title="bbox 2175 2196 3755 2272">
     <span class='ocr_line' id='line_1_53' title="bbox 2175 2196 3755 2272; baseline -0.001 -20"><span class='ocrx_word' id='word_1_382' title='bbox 2175 2198 2466 2272; x_wconf 80' lang='grc' dir='ltr'>λιπαροῦσι</span> <span class='ocrx_word' id='word_1_383' title='bbox 2492 2199 2714 2262; x_wconf 90' lang='grc' dir='ltr'>τούτους</span> <span class='ocrx_word' id='word_1_384' title='bbox 2754 2198 3159 2270; x_wconf 81' lang='grc' dir='ltr'>ξυνοδοιπόρους</span> <span class='ocrx_word' id='word_1_385' title='bbox 3207 2196 3479 2266; x_wconf 86' lang='grc' dir='ltr'>γενέσθαι,</span> <span class='ocrx_word' id='word_1_386' title='bbox 3521 2198 3616 2250; x_wconf 86' lang='grc' dir='ltr'>καὶ</span> <span class='ocrx_word' id='word_1_387' title='bbox 3650 2198 3755 2266; x_wconf 84' lang='grc' dir='ltr'>τῆς</span> 
     </span>
    </p>
   </div>
   <div class='ocr_carea' id='block_1_54' title="bbox 2176 2288 3758 2361">
    <p class='ocr_par' dir='ltr' id='par_1_54' title="bbox 2176 2288 3758 2361">
     <span class='ocr_line' id='line_1_54' title="bbox 2176 2288 3758 2361; baseline -0.001 -16"><span class='ocrx_word' id='word_1_388' title='bbox 2176 2290 2296 2345; x_wconf 87' lang='grc' dir='ltr'>ὁδοῦ</span> <span class='ocrx_word' id='word_1_389' title='bbox 2326 2292 2371 2323; x_wconf 79' lang='grc'><strong>⁷⁷</strong></span> <span class='ocrx_word' id='word_1_390' title='bbox 2406 2290 2708 2361; x_wconf 53' lang='grc' dir='ltr'>ἡγεμόνας</span> <span class='ocrx_word' id='word_1_391' title='bbox 2743 2291 2793 2341; x_wconf 89' lang='grc' dir='ltr'>οἰ</span> <span class='ocrx_word' id='word_1_392' title='bbox 2836 2288 2893 2342; x_wconf 81' lang='grc' dir='ltr'>δὲ</span> <span class='ocrx_word' id='word_1_393' title='bbox 2934 2289 3033 2359; x_wconf 81' lang='grc' dir='ltr'><strong>τῆς</strong></span> <span class='ocrx_word' id='word_1_394' title='bbox 3077 2288 3339 2342; x_wconf 73' lang='grc' dir='ltr'>ἐπανόδου</span> <span class='ocrx_word' id='word_1_395' title='bbox 3392 2291 3758 2360; x_wconf 79' lang='grc' dir='ltr'>τετυχηκότες</span> 
     </span>
    </p>
   </div>
   <div class='ocr_carea' id='block_1_55' title="bbox 2177 2382 3757 2454">
    <p class='ocr_par' dir='ltr' id='par_1_55' title="bbox 2177 2382 3757 2454">
     <span class='ocr_line' id='line_1_55' title="bbox 2177 2382 3757 2454; baseline -0.001 -18"><span class='ocrx_word' id='word_1_396' title='bbox 2177 2384 2273 2453; x_wconf 83' lang='grc' dir='ltr'>τὴν</span> <span class='ocrx_word' id='word_1_397' title='bbox 2311 2384 2412 2453; x_wconf 81' lang='grc' dir='ltr'>τῆς</span> <span class='ocrx_word' id='word_1_398' title='bbox 2462 2383 2685 2453; x_wconf 89' lang='grc' dir='ltr'>χάριτος</span> <span class='ocrx_word' id='word_1_399' title='bbox 2738 2382 3026 2453; x_wconf 82' lang='grc' dir='ltr'>ὁμολογίαν</span> <span class='ocrx_word' id='word_1_400' title='bbox 3078 2383 3499 2454; x_wconf 84' lang='grc' dir='ltr'>προσφέρουσιν,</span> <span class='ocrx_word' id='word_1_401' title='bbox 3526 2383 3624 2452; x_wconf 83' lang='grc' dir='ltr'><strong>οὐχ</strong></span> <span class='ocrx_word' id='word_1_402' title='bbox 3677 2383 3757 2445; x_wconf 83' lang='grc' dir='ltr'>ὼς</span> 
     </span>
    </p>
   </div>
   <div class='ocr_carea' id='block_1_56' title="bbox 2179 2474 3757 2545">
    <p class='ocr_par' dir='ltr' id='par_1_56' title="bbox 2179 2474 3757 2545">
     <span class='ocr_line' id='line_1_56' title="bbox 2179 2474 3757 2545; baseline -0.001 -17"><span class='ocrx_word' id='word_1_403' title='bbox 2179 2476 2323 2537; x_wconf 85' lang='grc' dir='ltr'>Θεοῖς</span> <span class='ocrx_word' id='word_1_404' title='bbox 2358 2475 2404 2505; x_wconf 84' lang='grc'><strong>⁷⁸</strong></span> <span class='ocrx_word' id='word_1_405' title='bbox 2430 2474 2768 2545; x_wconf 86' lang='grc' dir='ltr'>προσιόντες,</span> <span class='ocrx_word' id='word_1_406' title='bbox 2799 2474 2912 2528; x_wconf 79' lang='grc' dir='ltr'>ἀλλ’</span> <span class='ocrx_word' id='word_1_407' title='bbox 2952 2477 3027 2538; x_wconf 83' lang='grc' dir='ltr'>ὼς</span> <span class='ocrx_word' id='word_1_408' title='bbox 3049 2474 3225 2538; x_wconf 90' lang='grc' dir='ltr'>θείους</span> <span class='ocrx_word' id='word_1_409' title='bbox 3254 2474 3576 2545; x_wconf 82' lang='grc' dir='ltr'>ἀνθρώπους</span> <span class='ocrx_word' id='word_1_410' title='bbox 3600 2478 3757 2529; x_wconf 84' lang='grc' dir='ltr'>ἀντι-</span> 
     </span>
    </p>
   </div>
   <div class='ocr_carea' id='block_1_57' title="bbox 2178 2559 3759 2637">
    <p class='ocr_par' dir='ltr' id='par_1_57' title="bbox 2178 2559 3759 2637">
     <span class='ocr_line' id='line_1_57' title="bbox 2178 2559 3759 2637; baseline -0.001 -19"><span class='ocrx_word' id='word_1_411' title='bbox 2178 2565 2482 2630; x_wconf 76' lang='grc' dir='ltr'>ϐολοῦντες,</span> <span class='ocrx_word' id='word_1_412' title='bbox 2509 2567 2602 2618; x_wconf 83' lang='grc' dir='ltr'><strong>καὶ</strong></span> <span class='ocrx_word' id='word_1_413' title='bbox 2630 2566 2883 2633; x_wconf 89' lang='grc' dir='ltr'>γενέσθαι</span> <span class='ocrx_word' id='word_1_414' title='bbox 2904 2559 3051 2637; x_wconf 64' lang='grc'><strong>[122]</strong></span> <span class='ocrx_word' id='word_1_415' title='bbox 3076 2566 3416 2637; x_wconf 81' lang='grc' dir='ltr'>πρεσϐευτάς</span> <span class='ocrx_word' id='word_1_416' title='bbox 3434 2566 3575 2637; x_wconf 82' lang='grc' dir='ltr'>ὑπὲρ</span> <span class='ocrx_word' id='word_1_417' title='bbox 3602 2566 3759 2633; x_wconf 74' lang='grc' dir='ltr'>σφῶν</span> 
     </span>
    </p>
   </div>
   <div class='ocr_carea' id='block_1_58' title="bbox 2179 2649 3760 2729">
    <p class='ocr_par' dir='ltr' id='par_1_58' title="bbox 2179 2649 3760 2729">
     <span class='ocr_line' id='line_1_58' title="bbox 2179 2649 3760 2729; baseline -0.003 -18"><span class='ocrx_word' id='word_1_418' title='bbox 2179 2658 2644 2729; x_wconf 84' lang='grc' dir='ltr'>παρακαλοῦντες.</span> <span class='ocrx_word' id='word_1_419' title='bbox 2672 2659 2793 2711; x_wconf 81' lang='grc' dir='ltr'>Ὀτι</span> <span class='ocrx_word' id='word_1_420' title='bbox 2831 2658 2887 2712; x_wconf 83' lang='grc' dir='ltr'>δὲ</span> <span class='ocrx_word' id='word_1_421' title='bbox 2918 2658 3278 2728; x_wconf 82' lang='grc' dir='ltr'>τυγχάνουσιν</span> <span class='ocrx_word' id='word_1_422' title='bbox 3309 2649 3493 2727; x_wconf 85' lang='grc' dir='ltr'>ὧνπερ</span> <span class='ocrx_word' id='word_1_423' title='bbox 3514 2655 3760 2710; x_wconf 74' lang='grc' dir='ltr'>αἰτοῦσιν</span> 
     </span>
    </p>
   </div>
   <div class='ocr_carea' id='block_1_59' title="bbox 2180 2729 3761 2819">
    <p class='ocr_par' dir='ltr' id='par_1_59' title="bbox 2180 2729 3761 2819">
     <span class='ocr_line' id='line_1_59' title="bbox 2180 2729 3761 2819; baseline -0.003 -15"><span class='ocrx_word' id='word_1_424' title='bbox 2180 2752 2229 2804; x_wconf 88' lang='grc' dir='ltr'><strong>οἰ</strong></span> <span class='ocrx_word' id='word_1_425' title='bbox 2260 2749 2471 2813; x_wconf 86' lang='grc' dir='ltr'>πιστῶς</span> <span class='ocrx_word' id='word_1_426' title='bbox 2497 2751 2544 2787; x_wconf 73' lang='grc' dir='ltr'><strong>τ’</strong></span> <span class='ocrx_word' id='word_1_427' title='bbox 2584 2749 3031 2818; x_wconf 81' lang='grc' dir='ltr'>ἐπαγγέλλοντες,</span> <span class='ocrx_word' id='word_1_428' title='bbox 3061 2729 3363 2818; x_wconf 69' lang='grc' dir='ltr'>ἀναφανδὸν</span> <span class='ocrx_word' id='word_1_429' title='bbox 3395 2749 3662 2819; x_wconf 87' lang='grc' dir='ltr'>μαρτυρεῖ</span> <span class='ocrx_word' id='word_1_430' title='bbox 3690 2746 3761 2799; x_wconf 78' lang='grc' dir='ltr'><strong>τά</strong></span> 
     </span>
    </p>
   </div>
   <div class='ocr_carea' id='block_1_60' title="bbox 2180 2838 3761 2911">
    <p class='ocr_par' dir='ltr' id='par_1_60' title="bbox 2180 2838 3761 2911">
     <span class='ocr_line' id='line_1_60' title="bbox 2180 2838 3761 2911; baseline -0.004 -15"><span class='ocrx_word' id='word_1_431' title='bbox 2180 2842 2384 2896; x_wconf 89' lang='grc' dir='ltr'>τούτων</span> <span class='ocrx_word' id='word_1_432' title='bbox 2425 2841 2752 2911; x_wconf 87' lang='grc' dir='ltr'>ἀναθήματα</span> <span class='ocrx_word' id='word_1_433' title='bbox 2783 2842 2882 2910; x_wconf 83' lang='grc' dir='ltr'><strong>τὴν</strong></span> <span class='ocrx_word' id='word_1_434' title='bbox 2912 2839 3154 2909; x_wconf 72' lang='grc' dir='ltr'>ἰατρείαν</span> <span class='ocrx_word' id='word_1_435' title='bbox 3181 2839 3443 2910; x_wconf 76' lang='grc' dir='ltr'>δηλοῦντα</span> <span class='ocrx_word' id='word_1_436' title='bbox 3468 2839 3534 2893; x_wconf 81' lang='grc'><strong>⁸⁸.</strong></span> <span class='ocrx_word' id='word_1_437' title='bbox 3567 2840 3628 2891; x_wconf 78' lang='grc' dir='ltr'><strong>Οἱ</strong></span> <span class='ocrx_word' id='word_1_438' title='bbox 3659 2838 3761 2909; x_wconf 71' lang='grc' dir='ltr'>μὲν</span> 
     </span>
    </p>
   </div>
   <div class='ocr_carea' id='block_1_61' title="bbox 2182 2928 3762 3001">
    <p class='ocr_par' dir='ltr' id='par_1_61' title="bbox 2182 2928 3762 3001">
     <span class='ocr_line' id='line_1_61' title="bbox 2182 2928 3762 3001; baseline -0.002 -17"><span class='ocrx_word' id='word_1_439' title='bbox 2182 2930 2292 3001; x_wconf 88' lang='grc' dir='ltr'><strong>γάρ</strong></span> <span class='ocrx_word' id='word_1_440' title='bbox 2317 2930 2635 3000; x_wconf 70' lang='grc' dir='ltr'>ὀφθαλμῶν,</span> <span class='ocrx_word' id='word_1_441' title='bbox 2656 2932 2706 2982; x_wconf 84' lang='grc' dir='ltr'><strong>οί</strong></span> <span class='ocrx_word' id='word_1_442' title='bbox 2732 2930 2790 2983; x_wconf 82' lang='grc' dir='ltr'>δὲ</span> <span class='ocrx_word' id='word_1_443' title='bbox 2822 2930 3020 2993; x_wconf 87' lang='grc' dir='ltr'>ποδῶν,</span> <span class='ocrx_word' id='word_1_444' title='bbox 3046 2929 3265 2984; x_wconf 81' lang='grc' dir='ltr'>άλλοιδὲ</span> <span class='ocrx_word' id='word_1_445' title='bbox 3292 2928 3489 3000; x_wconf 90' lang='grc' dir='ltr'>χειρῶν</span> <span class='ocrx_word' id='word_1_446' title='bbox 3516 2928 3762 3001; x_wconf 79' lang='grc' dir='ltr'>προσφέ-</span> 
     </span>
    </p>
   </div>
   <div class='ocr_carea' id='block_1_62' title="bbox 499 3016 2074 3103">
    <p class='ocr_par' dir='ltr' id='par_1_62' title="bbox 499 3016 2074 3074">
     <span class='ocr_line' id='line_1_62' title="bbox 499 3016 2074 3074; baseline 0 -1"><span class='ocrx_word' id='word_1_447' title='bbox 499 3020 757 3074; x_wconf 88' lang='lat' dir='ltr'><strong>facultate</strong></span> <span class='ocrx_word' id='word_1_448' title='bbox 783 3019 987 3072; x_wconf 87' lang='lat' dir='ltr'><strong>donum</strong></span> <span class='ocrx_word' id='word_1_449' title='bbox 1009 3016 1262 3071; x_wconf 88' lang='lat' dir='ltr'><strong>metiens.</strong></span> <span class='ocrx_word' id='word_1_450' title='bbox 1291 3016 1416 3071; x_wconf 74' lang='lat' dir='ltr'><strong>llaec</strong></span> <span class='ocrx_word' id='word_1_451' title='bbox 1433 3026 1613 3071; x_wconf 85' lang='lat' dir='ltr'><strong>autem</strong></span> <span class='ocrx_word' id='word_1_452' title='bbox 1644 3017 1963 3071; x_wconf 90' lang='lat' dir='ltr'><strong>morborum</strong></span> <span class='ocrx_word' id='word_1_453' title='bbox 1984 3018 2074 3073; x_wconf 90' lang='lat' dir='ltr'><strong>de-</strong></span> 
     </span>
    </p>
   </div>
   <div class='ocr_carea' id='block_1_63' title="bbox 2177 3016 3764 3103">
    <p class='ocr_par' dir='ltr' id='par_1_63' title="bbox 2186 3020 3764 3096">
     <span class='ocr_line' id='line_1_63' title="bbox 2186 3020 3764 3096; baseline -0.004 -18"><span class='ocrx_word' id='word_1_454' title='bbox 2186 3040 2373 3096; x_wconf 87' lang='grc' dir='ltr'>ρουσιν</span> <span class='ocrx_word' id='word_1_455' title='bbox 2408 3024 2781 3094; x_wconf 87' lang='grc' dir='ltr'>ἐκτυπώματα</span> <span class='ocrx_word' id='word_1_456' title='bbox 2800 3040 2813 3052; x_wconf 82' lang='lat'><strong><em>°</em></strong></span> <span class='ocrx_word' id='word_1_457' title='bbox 2856 3023 2951 3076; x_wconf 77' lang='grc' dir='ltr'><strong>καὶ</strong></span> <span class='ocrx_word' id='word_1_458' title='bbox 2983 3023 3032 3075; x_wconf 85' lang='grc' dir='ltr'><strong>οἰ</strong></span> <span class='ocrx_word' id='word_1_459' title='bbox 3059 3022 3157 3092; x_wconf 82' lang='grc' dir='ltr'>μὲν</span> <span class='ocrx_word' id='word_1_460' title='bbox 3188 3023 3252 3075; x_wconf 86' lang='grc' dir='ltr'><strong>ἐκ</strong></span> <span class='ocrx_word' id='word_1_461' title='bbox 3280 3021 3503 3093; x_wconf 79' lang='grc' dir='ltr'>χρυσοῦ,</span> <span class='ocrx_word' id='word_1_462' title='bbox 3540 3022 3589 3074; x_wconf 87' lang='grc' dir='ltr'><strong>οἰ</strong></span> <span class='ocrx_word' id='word_1_463' title='bbox 3618 3021 3678 3074; x_wconf 86' lang='grc' dir='ltr'>δὲ</span> <span class='ocrx_word' id='word_1_464' title='bbox 3703 3020 3764 3085; x_wconf 75' lang='grc' dir='ltr'><strong>ἐξ</strong></span> 
     </span>
    </p>
   </div>
   <div class='ocr_carea' id='block_1_64' title="bbox 501 3109 2082 3182">
    <p class='ocr_par' dir='ltr' id='par_1_64' title="bbox 501 3109 2082 3182">
     <span class='ocr_line' id='line_1_64' title="bbox 501 3109 2082 3182; baseline 0.001 -16"><span class='ocrx_word' id='word_1_465' title='bbox 501 3114 806 3182; x_wconf 87' lang='lat' dir='ltr'><strong>pulsionem</strong></span> <span class='ocrx_word' id='word_1_466' title='bbox 832 3110 1093 3173; x_wconf 90' lang='lat' dir='ltr'><strong>iudicant,</strong></span> <span class='ocrx_word' id='word_1_467' title='bbox 1124 3110 1209 3164; x_wconf 91' lang='lat' dir='ltr'><strong>cui</strong></span> <span class='ocrx_word' id='word_1_468' title='bbox 1243 3109 1503 3164; x_wconf 74' lang='lat' dir='ltr'><strong>testanda:</strong></span> <span class='ocrx_word' id='word_1_469' title='bbox 1538 3110 1607 3165; x_wconf 90' lang='lat' dir='ltr'><strong>ab</strong></span> <span class='ocrx_word' id='word_1_470' title='bbox 1640 3110 1709 3165; x_wconf 90' lang='lat' dir='ltr'><strong>iis</strong></span> <span class='ocrx_word' id='word_1_471' title='bbox 1737 3111 1914 3180; x_wconf 88' lang='lat' dir='ltr'><strong>posita</strong></span> <span class='ocrx_word' id='word_1_472' title='bbox 1955 3122 2082 3167; x_wconf 91' lang='lat' dir='ltr'><strong>sunt</strong></span> 
     </span>
    </p>
   </div>
   <div class='ocr_carea' id='block_1_65' title="bbox 501 3202 2081 3277">
    <p class='ocr_par' dir='ltr' id='par_1_65' title="bbox 501 3202 2081 3277">
     <span class='ocr_line' id='line_1_65' title="bbox 501 3202 2081 3277; baseline 0.002 -21"><span class='ocrx_word' id='word_1_473' title='bbox 501 3205 595 3277; x_wconf 79' lang='lat' dir='ltr'><strong>qui</strong></span> <span class='ocrx_word' id='word_1_474' title='bbox 635 3204 923 3259; x_wconf 86' lang='lat' dir='ltr'><strong>sanitatem</strong></span> <span class='ocrx_word' id='word_1_475' title='bbox 973 3212 1321 3271; x_wconf 72' lang='lat' dir='ltr'><strong>receperunt.</strong></span> <span class='ocrx_word' id='word_1_476' title='bbox 1366 3202 1572 3256; x_wconf 87' lang='lat' dir='ltr'><strong>Eadem</strong></span> <span class='ocrx_word' id='word_1_477' title='bbox 1626 3202 1702 3256; x_wconf 91' lang='lat' dir='ltr'><strong>ibi</strong></span> <span class='ocrx_word' id='word_1_478' title='bbox 1738 3204 2081 3272; x_wconf 86' lang='lat' dir='ltr'><strong>sepultorum</strong></span> 
     </span>
    </p>
   </div>
   <div class='ocr_carea' id='block_1_66' title="bbox 501 3294 2082 3364">
    <p class='ocr_par' dir='ltr' id='par_1_66' title="bbox 501 3294 2082 3364">
     <span class='ocr_line' id='line_1_66' title="bbox 501 3294 2082 3364; baseline 0.001 -15"><span class='ocrx_word' id='word_1_479' title='bbox 501 3298 758 3350; x_wconf 90' lang='lat' dir='ltr'><strong>virtutem</strong></span> <span class='ocrx_word' id='word_1_480' title='bbox 812 3294 1149 3364; x_wconf 70' lang='lat' dir='ltr'><strong>praedicant:</strong></span> <span class='ocrx_word' id='word_1_481' title='bbox 1184 3294 1381 3347; x_wconf 89' lang='lat' dir='ltr'><strong>horum</strong></span> <span class='ocrx_word' id='word_1_482' title='bbox 1436 3310 1602 3364; x_wconf 92' lang='lat' dir='ltr'><strong>porro</strong></span> <span class='ocrx_word' id='word_1_483' title='bbox 1639 3295 1834 3361; x_wconf 87' lang='lat' dir='ltr'><strong>virtus,</strong></span> <span class='ocrx_word' id='word_1_484' title='bbox 1882 3296 2082 3351; x_wconf 86' lang='lat' dir='ltr'><strong>horum</strong></span> 
     </span>
    </p>
   </div>
   <div class='ocr_carea' id='block_1_67' title="bbox 502 3386 2082 3444">
    <p class='ocr_par' dir='ltr' id='par_1_67' title="bbox 502 3386 2082 3444">
     <span class='ocr_line' id='line_1_67' title="bbox 502 3386 2082 3444; baseline 0 -2"><span class='ocrx_word' id='word_1_485' title='bbox 502 3390 673 3442; x_wconf 87' lang='lat' dir='ltr'><strong>Deum</strong></span> <span class='ocrx_word' id='word_1_486' title='bbox 698 3402 888 3441; x_wconf 88' lang='lat' dir='ltr'><strong>verum</strong></span> <span class='ocrx_word' id='word_1_487' title='bbox 917 3401 1037 3440; x_wconf 88' lang='lat' dir='ltr'><strong>esse</strong></span> <span class='ocrx_word' id='word_1_488' title='bbox 1056 3386 1226 3439; x_wconf 91' lang='lat' dir='ltr'><strong>Deum</strong></span> <span class='ocrx_word' id='word_1_489' title='bbox 1247 3386 1507 3439; x_wconf 89' lang='lat' dir='ltr'><strong>declarat.</strong></span> <span class='ocrx_word' id='word_1_490' title='bbox 1528 3387 1912 3443; x_wconf 78' lang='lat' dir='ltr'><strong>Examinemus</strong></span> <span class='ocrx_word' id='word_1_491' title='bbox 1935 3389 2082 3444; x_wconf 90' lang='lat' dir='ltr'><strong>enim</strong></span> 
     </span>
    </p>
   </div>
   <div class='ocr_carea' id='block_1_68' title="bbox 502 3474 2083 3545">
    <p class='ocr_par' dir='ltr' id='par_1_68' title="bbox 502 3474 2083 3545">
     <span class='ocr_line' id='line_1_68' title="bbox 502 3474 2083 3545; baseline 0.001 -15"><span class='ocrx_word' id='word_1_492' title='bbox 502 3478 727 3545; x_wconf 83' lang='lat' dir='ltr'><strong>quinam</strong></span> <span class='ocrx_word' id='word_1_493' title='bbox 759 3476 985 3537; x_wconf 86' lang='lat' dir='ltr'><strong>fuerint,</strong></span> <span class='ocrx_word' id='word_1_494' title='bbox 1008 3484 1064 3529; x_wconf 92' lang='lat' dir='ltr'><strong>et</strong></span> <span class='ocrx_word' id='word_1_495' title='bbox 1094 3474 1237 3527; x_wconf 89' lang='lat' dir='ltr'><strong>unde</strong></span> <span class='ocrx_word' id='word_1_496' title='bbox 1272 3475 1402 3537; x_wconf 90' lang='lat' dir='ltr'><strong>orti,</strong></span> <span class='ocrx_word' id='word_1_497' title='bbox 1436 3475 1529 3544; x_wconf 90' lang='lat' dir='ltr'><strong>qui</strong></span> <span class='ocrx_word' id='word_1_498' title='bbox 1558 3476 1659 3530; x_wconf 93' lang='lat' dir='ltr'><strong>hac</strong></span> <span class='ocrx_word' id='word_1_499' title='bbox 1696 3477 1867 3545; x_wconf 86' lang='lat' dir='ltr'><strong>gratia</strong></span> <span class='ocrx_word' id='word_1_500' title='bbox 1895 3475 2083 3531; x_wconf 88' lang='lat' dir='ltr'><strong>donati</strong></span> 
     </span>
    </p>
   </div>
   <div class='ocr_carea' id='block_1_69' title="bbox 505 3565 2084 3637">
    <p class='ocr_par' dir='ltr' id='par_1_69' title="bbox 505 3565 2084 3637">
     <span class='ocr_line' id='line_1_69' title="bbox 505 3565 2084 3637; baseline 0.001 -17"><span class='ocrx_word' id='word_1_501' title='bbox 505 3577 651 3621; x_wconf 88' lang='lat' dir='ltr'><strong>sunt.</strong></span> <span class='ocrx_word' id='word_1_502' title='bbox 680 3566 820 3619; x_wconf 85' lang='lat' dir='ltr'><strong>Num</strong></span> <span class='ocrx_word' id='word_1_503' title='bbox 860 3566 991 3619; x_wconf 90' lang='lat' dir='ltr'><strong>clari</strong></span> <span class='ocrx_word' id='word_1_504' title='bbox 1026 3565 1253 3619; x_wconf 91' lang='lat' dir='ltr'><strong>forsitan</strong></span> <span class='ocrx_word' id='word_1_505' title='bbox 1284 3574 1338 3619; x_wconf 88' lang='lat' dir='ltr'><strong>et</strong></span> <span class='ocrx_word' id='word_1_506' title='bbox 1368 3565 1609 3621; x_wconf 90' lang='lat' dir='ltr'><strong>illustres</strong></span> <span class='ocrx_word' id='word_1_507' title='bbox 1634 3566 1879 3635; x_wconf 87' lang='lat' dir='ltr'><strong>quidam,</strong></span> <span class='ocrx_word' id='word_1_508' title='bbox 1907 3569 2001 3637; x_wconf 90' lang='lat' dir='ltr'><strong>qui</strong></span> <span class='ocrx_word' id='word_1_509' title='bbox 2026 3584 2084 3622; x_wconf 90' lang='lat' dir='ltr'><strong>se</strong></span> 
     </span>
    </p>
   </div>
   <div class='ocr_carea' id='block_1_70' title="bbox 506 3656 2084 3731">
    <p class='ocr_par' dir='ltr' id='par_1_70' title="bbox 506 3656 2084 3731">
     <span class='ocr_line' id='line_1_70' title="bbox 506 3656 2084 3731; baseline 0.002 -19"><span class='ocrx_word' id='word_1_510' title='bbox 506 3658 723 3731; x_wconf 69' lang='lat' dir='ltr'><strong>generis</strong></span> <span class='ocrx_word' id='word_1_511' title='bbox 754 3657 1039 3711; x_wconf 87' lang='lat' dir='ltr'><strong>nobilitate</strong></span> <span class='ocrx_word' id='word_1_512' title='bbox 1077 3656 1377 3726; x_wconf 86' lang='lat' dir='ltr'><strong>jactarent,</strong></span> <span class='ocrx_word' id='word_1_513' title='bbox 1430 3667 1525 3712; x_wconf 90' lang='lat' dir='ltr'><strong>aut</strong></span> <span class='ocrx_word' id='word_1_514' title='bbox 1558 3658 1874 3713; x_wconf 89' lang='lat' dir='ltr'><strong>divitiarum</strong></span> <span class='ocrx_word' id='word_1_515' title='bbox 1927 3661 2084 3730; x_wconf 89' lang='lat' dir='ltr'><strong>copia</strong></span> 
     </span>
    </p>
   </div>
   <div class='ocr_carea' id='block_1_71' title="bbox 507 3748 2085 3819">
    <p class='ocr_par' dir='ltr' id='par_1_71' title="bbox 507 3748 2085 3819">
     <span class='ocr_line' id='line_1_71' title="bbox 507 3748 2085 3819; baseline 0.003 -18"><span class='ocrx_word' id='word_1_516' title='bbox 507 3748 953 3819; x_wconf 85' lang='lat' dir='ltr'><strong>circumfluerent</strong></span> <span class='ocrx_word' id='word_1_517' title='bbox 979 3788 992 3811; x_wconf 96' lang='lat'><strong>,</strong></span> <span class='ocrx_word' id='word_1_518' title='bbox 1019 3755 1112 3800; x_wconf 91' lang='lat' dir='ltr'><strong>aut</strong></span> <span class='ocrx_word' id='word_1_519' title='bbox 1145 3757 1428 3817; x_wconf 89' lang='lat' dir='ltr'><strong>potentatu</strong></span> <span class='ocrx_word' id='word_1_520' title='bbox 1460 3749 1646 3819; x_wconf 89' lang='lat' dir='ltr'><strong>aliquo</strong></span> <span class='ocrx_word' id='word_1_521' title='bbox 1684 3752 1930 3807; x_wconf 90' lang='lat' dir='ltr'><strong>celebres</strong></span> <span class='ocrx_word' id='word_1_522' title='bbox 1954 3752 2085 3807; x_wconf 88' lang='lat' dir='ltr'><strong>facti</strong></span> 
     </span>
    </p>
   </div>
   <div class='ocr_carea' id='block_1_72' title="bbox 507 3817 2085 3906">
    <p class='ocr_par' dir='ltr' id='par_1_72' title="bbox 507 3817 2085 3906">
     <span class='ocr_line' id='line_1_72' title="bbox 507 3817 2085 3906; baseline 0.003 -16"><span class='ocrx_word' id='word_1_523' title='bbox 507 3817 730 3891; x_wconf 79' lang='lat' dir='ltr'><strong>essent?</strong></span> <span class='ocrx_word' id='word_1_524' title='bbox 762 3836 983 3889; x_wconf 86' lang='lat' dir='ltr'><strong>Minime</strong></span> <span class='ocrx_word' id='word_1_525' title='bbox 1038 3836 1283 3906; x_wconf 90' lang='lat' dir='ltr'><strong>gentium</strong></span> <span class='ocrx_word' id='word_1_526' title='bbox 1303 3876 1318 3900; x_wconf 93' lang='lat'><strong>,</strong></span> <span class='ocrx_word' id='word_1_527' title='bbox 1350 3852 1383 3890; x_wconf 90' lang='grc' dir='ltr'><strong>ο</strong></span> <span class='ocrx_word' id='word_1_528' title='bbox 1412 3817 1718 3892; x_wconf 42' lang='grc' dir='ltr'><strong>νὶτὶίΝἰΙιὶΙ</strong></span> <span class='ocrx_word' id='word_1_529' title='bbox 1760 3839 1958 3894; x_wconf 89' lang='lat' dir='ltr'><strong>horum</strong></span> <span class='ocrx_word' id='word_1_530' title='bbox 2005 3840 2085 3894; x_wconf 92' lang='lat' dir='ltr'><strong>illi</strong></span> 
     </span>
    </p>
   </div>
   <div class='ocr_carea' id='block_1_73' title="bbox 510 3926 2084 4001">
    <p class='ocr_par' dir='ltr' id='par_1_73' title="bbox 510 3926 2084 4001">
     <span class='ocr_line' id='line_1_73' title="bbox 510 3926 2084 4001; baseline 0.006 -21"><span class='ocrx_word' id='word_1_531' title='bbox 510 3927 841 3991; x_wconf 87' lang='lat' dir='ltr'><strong>habuerunt,</strong></span> <span class='ocrx_word' id='word_1_532' title='bbox 865 3926 959 3981; x_wconf 92' lang='lat' dir='ltr'><strong>sed</strong></span> <span class='ocrx_word' id='word_1_533' title='bbox 996 3927 1192 3995; x_wconf 90' lang='lat' dir='ltr'><strong>privati</strong></span> <span class='ocrx_word' id='word_1_534' title='bbox 1215 3927 1465 3982; x_wconf 84' lang='lat' dir='ltr'><strong>homines</strong></span> <span class='ocrx_word' id='word_1_535' title='bbox 1482 3931 1825 4001; x_wconf 84' lang='lat' dir='ltr'><strong>gregariique</strong></span> <span class='ocrx_word' id='word_1_536' title='bbox 1843 3932 2084 3989; x_wconf 88' lang='lat' dir='ltr'><strong>fuerunt.</strong></span> 
     </span>
    </p>
   </div>
   <div class='ocr_carea' id='block_1_74' title="bbox 510 4015 2083 4092">
    <p class='ocr_par' dir='ltr' id='par_1_74' title="bbox 510 4015 2083 4092">
     <span class='ocr_line' id='line_1_74' title="bbox 510 4015 2083 4092; baseline 0.007 -22"><span class='ocrx_word' id='word_1_537' title='bbox 510 4015 768 4070; x_wconf 81' lang='lat' dir='ltr'><strong>Nonnulli</strong></span> <span class='ocrx_word' id='word_1_538' title='bbox 815 4032 943 4070; x_wconf 89' lang='lat' dir='ltr'><strong>vero</strong></span> <span class='ocrx_word' id='word_1_539' title='bbox 981 4016 1225 4087; x_wconf 89' lang='lat' dir='ltr'><strong>ipsorum</strong></span> <span class='ocrx_word' id='word_1_540' title='bbox 1280 4017 1467 4072; x_wconf 91' lang='lat' dir='ltr'><strong>famuli</strong></span> <span class='ocrx_word' id='word_1_541' title='bbox 1516 4021 1703 4086; x_wconf 90' lang='lat' dir='ltr'><strong>etiam,</strong></span> <span class='ocrx_word' id='word_1_542' title='bbox 1757 4031 1813 4078; x_wconf 93' lang='lat' dir='ltr'><strong>et</strong></span> <span class='ocrx_word' id='word_1_543' title='bbox 1852 4026 2083 4092; x_wconf 63' lang='lat' dir='ltr'><strong>ancillae,</strong></span> 
     </span>
    </p>
   </div>
   <div class='ocr_carea' id='block_1_75' title="bbox 512 4106 2084 4181">
    <p class='ocr_par' dir='ltr' id='par_1_75' title="bbox 512 4106 2084 4181">
     <span class='ocr_line' id='line_1_75' title="bbox 512 4106 2084 4181; baseline 0.01 -24"><span class='ocrx_word' id='word_1_544' title='bbox 512 4120 630 4174; x_wconf 65' lang='lat' dir='ltr'><strong>quae.</strong></span> <span class='ocrx_word' id='word_1_545' title='bbox 687 4106 918 4161; x_wconf 88' lang='lat' dir='ltr'><strong>infirmis</strong></span> <span class='ocrx_word' id='word_1_546' title='bbox 969 4108 1025 4162; x_wconf 88' lang='lat' dir='ltr'><strong>in</strong></span> <span class='ocrx_word' id='word_1_547' title='bbox 1083 4109 1411 4177; x_wconf 89' lang='lat' dir='ltr'><strong>corporibus</strong></span> <span class='ocrx_word' id='word_1_548' title='bbox 1444 4126 1708 4181; x_wconf 88' lang='lat' dir='ltr'><strong>generose</strong></span> <span class='ocrx_word' id='word_1_549' title='bbox 1758 4123 2084 4172; x_wconf 89' lang='lat' dir='ltr'><strong>certarunt:</strong></span> 
     </span>
    </p>
   </div>
   <div class='ocr_carea' id='block_1_76' title="bbox 512 4195 2087 4278">
    <p class='ocr_par' dir='ltr' id='par_1_76' title="bbox 512 4195 2087 4278">
     <span class='ocr_line' id='line_1_76' title="bbox 512 4195 2087 4278; baseline 0.01 -32"><span class='ocrx_word' id='word_1_550' title='bbox 512 4195 630 4248; x_wconf 68' lang='lat' dir='ltr'><strong>alia:</strong></span> <span class='ocrx_word' id='word_1_551' title='bbox 678 4196 1011 4251; x_wconf 89' lang='lat' dir='ltr'><strong>matrimonii</strong></span> <span class='ocrx_word' id='word_1_552' title='bbox 1044 4199 1236 4269; x_wconf 87' lang='lat' dir='ltr'><strong>jugum</strong></span> <span class='ocrx_word' id='word_1_553' title='bbox 1271 4206 1419 4254; x_wconf 88' lang='lat' dir='ltr'><strong>caste</strong></span> <span class='ocrx_word' id='word_1_554' title='bbox 1465 4203 1777 4271; x_wconf 83' lang='lat' dir='ltr'><strong>trahentes,</strong></span> <span class='ocrx_word' id='word_1_555' title='bbox 1804 4206 1924 4260; x_wconf 62' lang='lat' dir='ltr'><strong>alia:</strong></span> <span class='ocrx_word' id='word_1_556' title='bbox 1946 4223 2087 4278; x_wconf 86' lang='lat' dir='ltr'><strong>nup-</strong></span> 
     </span>
    </p>
   </div>
   <div class='ocr_carea' id='block_1_77' title="bbox 2186 3111 3764 3186">
    <p class='ocr_par' dir='ltr' id='par_1_77' title="bbox 2186 3111 3764 3186">
     <span class='ocr_line' id='line_1_77' title="bbox 2186 3111 3764 3186; baseline -0.003 -18"><span class='ocrx_word' id='word_1_557' title='bbox 2186 3115 2318 3186; x_wconf 82' lang='grc' dir='ltr'>ὖλης</span> <span class='ocrx_word' id='word_1_558' title='bbox 2367 3115 2613 3186; x_wconf 89' lang='grc' dir='ltr'>ἀργύρου</span> <span class='ocrx_word' id='word_1_559' title='bbox 2663 3113 3028 3184; x_wconf 86' lang='grc' dir='ltr'>πεποιημένα.</span> <span class='ocrx_word' id='word_1_560' title='bbox 3078 3114 3303 3184; x_wconf 87' lang='grc' dir='ltr'>Δέχεται</span> <span class='ocrx_word' id='word_1_561' title='bbox 3349 3114 3457 3183; x_wconf 77' lang='grc' dir='ltr'><strong>γάρ</strong></span> <span class='ocrx_word' id='word_1_562' title='bbox 3499 3114 3526 3166; x_wconf 89' lang='grc' dir='ltr'><strong>δ</strong></span> <span class='ocrx_word' id='word_1_563' title='bbox 3554 3111 3764 3165; x_wconf 87' lang='grc' dir='ltr'>τούτων</span> 
     </span>
    </p>
   </div>
   <div class='ocr_carea' id='block_1_78' title="bbox 2184 3205 3765 3277">
    <p class='ocr_par' dir='ltr' id='par_1_78' title="bbox 2184 3205 3765 3277">
     <span class='ocr_line' id='line_1_78' title="bbox 2184 3205 3765 3277; baseline -0.001 -17"><span class='ocrx_word' id='word_1_564' title='bbox 2184 3207 2463 3277; x_wconf 86' lang='grc' dir='ltr'>Δεσπότης</span> <span class='ocrx_word' id='word_1_565' title='bbox 2493 3208 2587 3260; x_wconf 73' lang='grc' dir='ltr'><strong>καὶ</strong></span> <span class='ocrx_word' id='word_1_566' title='bbox 2611 3206 2678 3260; x_wconf 78' lang='grc' dir='ltr'><strong>τά</strong></span> <span class='ocrx_word' id='word_1_567' title='bbox 2709 3206 2919 3277; x_wconf 88' lang='grc' dir='ltr'>σμικρά</span> <span class='ocrx_word' id='word_1_568' title='bbox 2951 3223 3011 3259; x_wconf 89' lang='grc' dir='ltr'><strong>τε</strong></span> <span class='ocrx_word' id='word_1_569' title='bbox 3034 3206 3126 3259; x_wconf 77' lang='grc' dir='ltr'>καὶ</span> <span class='ocrx_word' id='word_1_570' title='bbox 3156 3205 3353 3269; x_wconf 79' lang='grc' dir='ltr'>εὖωνα,</span> <span class='ocrx_word' id='word_1_571' title='bbox 3380 3209 3445 3277; x_wconf 80' lang='grc' dir='ltr'>τῇ</span> <span class='ocrx_word' id='word_1_572' title='bbox 3474 3206 3568 3259; x_wconf 90' lang='grc' dir='ltr'><strong>τοῦ</strong></span> <span class='ocrx_word' id='word_1_573' title='bbox 3593 3224 3765 3277; x_wconf 77' lang='grc' dir='ltr'>προσο</span> 
     </span>
    </p>
   </div>
   <div class='ocr_carea' id='block_1_79' title="bbox 2187 3298 3766 3371">
    <p class='ocr_par' dir='ltr' id='par_1_79' title="bbox 2187 3298 3766 3371">
     <span class='ocr_line' id='line_1_79' title="bbox 2187 3298 3766 3371; baseline -0.001 -20"><span class='ocrx_word' id='word_1_574' title='bbox 2187 3300 2446 3371; x_wconf 81' lang='grc' dir='ltr'>φέροντος</span> <span class='ocrx_word' id='word_1_575' title='bbox 2480 3298 2710 3368; x_wconf 85' lang='grc' dir='ltr'>δυνάμει</span> <span class='ocrx_word' id='word_1_576' title='bbox 2737 3298 2797 3352; x_wconf 83' lang='grc' dir='ltr'><strong>τὸ</strong></span> <span class='ocrx_word' id='word_1_577' title='bbox 2824 3299 2998 3368; x_wconf 89' lang='grc' dir='ltr'>δῶρον</span> <span class='ocrx_word' id='word_1_578' title='bbox 3042 3298 3277 3369; x_wconf 85' lang='grc' dir='ltr'>μετρῶν.</span> <span class='ocrx_word' id='word_1_579' title='bbox 3314 3298 3475 3369; x_wconf 81' lang='grc' dir='ltr'><strong>Δηλοί</strong></span> <span class='ocrx_word' id='word_1_580' title='bbox 3497 3298 3555 3351; x_wconf 82' lang='grc' dir='ltr'>δὲ</span> <span class='ocrx_word' id='word_1_581' title='bbox 3589 3298 3766 3350; x_wconf 86' lang='grc' dir='ltr'>ταῦτα</span> 
     </span>
    </p>
   </div>
   <div class='ocr_carea' id='block_1_80' title="bbox 2186 3385 3765 3462">
    <p class='ocr_par' dir='ltr' id='par_1_80' title="bbox 2186 3385 3765 3462">
     <span class='ocr_line' id='line_1_80' title="bbox 2186 3385 3765 3462; baseline -0.001 -19"><span class='ocrx_word' id='word_1_582' title='bbox 2186 3390 2524 3462; x_wconf 87' lang='grc' dir='ltr'>προκείμενα</span> <span class='ocrx_word' id='word_1_583' title='bbox 2565 3390 2674 3444; x_wconf 90' lang='grc' dir='ltr'><strong>τῶν</strong></span> <span class='ocrx_word' id='word_1_584' title='bbox 2718 3390 3059 3461; x_wconf 86' lang='grc' dir='ltr'>παθημάτων</span> <span class='ocrx_word' id='word_1_585' title='bbox 3087 3390 3186 3461; x_wconf 77' lang='grc' dir='ltr'><strong>τὴν</strong></span> <span class='ocrx_word' id='word_1_586' title='bbox 3214 3390 3386 3453; x_wconf 85' lang='grc' dir='ltr'>λύσιν,</span> <span class='ocrx_word' id='word_1_587' title='bbox 3417 3385 3486 3462; x_wconf 82' lang='grc' dir='ltr'>ἧς</span> <span class='ocrx_word' id='word_1_588' title='bbox 3534 3390 3765 3459; x_wconf 80' lang='grc' dir='ltr'>ἀνετέθη</span> 
     </span>
    </p>
   </div>
   <div class='ocr_carea' id='block_1_81' title="bbox 2188 3480 3766 3557">
    <p class='ocr_par' dir='ltr' id='par_1_81' title="bbox 2188 3480 3766 3557">
     <span class='ocr_line' id='line_1_81' title="bbox 2188 3480 3766 3557; baseline 0.001 -24"><span class='ocrx_word' id='word_1_589' title='bbox 2188 3484 2430 3551; x_wconf 85' lang='grc' dir='ltr'>μνημεῖα</span> <span class='ocrx_word' id='word_1_590' title='bbox 2464 3481 2614 3551; x_wconf 85' lang='grc' dir='ltr'><strong>παρά</strong></span> <span class='ocrx_word' id='word_1_591' title='bbox 2637 3480 2744 3534; x_wconf 88' lang='grc' dir='ltr'><strong>τῶν</strong></span> <span class='ocrx_word' id='word_1_592' title='bbox 2774 3483 2977 3552; x_wconf 81' lang='grc' dir='ltr'>ἀρτίων</span> <span class='ocrx_word' id='word_1_593' title='bbox 2999 3484 3380 3557; x_wconf 84' lang='grc' dir='ltr'>γεγενημένων</span> <span class='ocrx_word' id='word_1_594' title='bbox 3406 3483 3473 3537; x_wconf 69' lang='grc' dir='ltr'>θί.</span> <span class='ocrx_word' id='word_1_595' title='bbox 3503 3483 3689 3536; x_wconf 88' lang='grc' dir='ltr'>Ταῦτα</span> <span class='ocrx_word' id='word_1_596' title='bbox 3708 3483 3766 3535; x_wconf 71' lang='grc' dir='ltr'>δὲ</span> 
     </span>
    </p>
   </div>
   <div class='ocr_carea' id='block_1_82' title="bbox 2188 3573 3767 3646">
    <p class='ocr_par' dir='ltr' id='par_1_82' title="bbox 2188 3573 3767 3646">
     <span class='ocr_line' id='line_1_82' title="bbox 2188 3573 3767 3646; baseline -0.001 -19"><span class='ocrx_word' id='word_1_597' title='bbox 2188 3573 2449 3645; x_wconf 79' lang='grc' dir='ltr'>κηρύττει</span> <span class='ocrx_word' id='word_1_598' title='bbox 2486 3574 2595 3627; x_wconf 86' lang='grc' dir='ltr'><strong>τῶν</strong></span> <span class='ocrx_word' id='word_1_599' title='bbox 2643 3576 2913 3646; x_wconf 87' lang='grc' dir='ltr'>κειμένων</span> <span class='ocrx_word' id='word_1_600' title='bbox 2941 3576 3041 3646; x_wconf 83' lang='grc' dir='ltr'>τὴν</span> <span class='ocrx_word' id='word_1_601' title='bbox 3078 3575 3343 3645; x_wconf 75' lang='grc' dir='ltr'>δύναμινο</span> <span class='ocrx_word' id='word_1_602' title='bbox 3375 3577 3409 3645; x_wconf 78' lang='grc' dir='ltr'><strong>ἡ</strong></span> <span class='ocrx_word' id='word_1_603' title='bbox 3457 3575 3515 3628; x_wconf 75' lang='grc' dir='ltr'>δὲ</span> <span class='ocrx_word' id='word_1_604' title='bbox 3556 3573 3767 3629; x_wconf 84' lang='grc' dir='ltr'>τούτων</span> 
     </span>
    </p>
   </div>
   <div class='ocr_carea' id='block_1_83' title="bbox 2188 3664 3763 3735">
    <p class='ocr_par' dir='ltr' id='par_1_83' title="bbox 2188 3664 3763 3735">
     <span class='ocr_line' id='line_1_83' title="bbox 2188 3664 3763 3735; baseline 0.001 -18"><span class='ocrx_word' id='word_1_605' title='bbox 2188 3664 2417 3734; x_wconf 87' lang='grc' dir='ltr'>δύναμις</span> <span class='ocrx_word' id='word_1_606' title='bbox 2449 3664 2541 3718; x_wconf 84' lang='grc' dir='ltr'><strong>τὸν</strong></span> <span class='ocrx_word' id='word_1_607' title='bbox 2565 3666 2771 3719; x_wconf 88' lang='grc' dir='ltr'>τούτων</span> <span class='ocrx_word' id='word_1_608' title='bbox 2817 3666 2951 3719; x_wconf 77' lang='grc' dir='ltr'>Θεὸν</span> <span class='ocrx_word' id='word_1_609' title='bbox 2982 3665 3232 3735; x_wconf 82' lang='grc' dir='ltr'>ἀληθινὸν</span> <span class='ocrx_word' id='word_1_610' title='bbox 3276 3666 3567 3735; x_wconf 75' lang='grc' dir='ltr'>ἀποφαίνει</span> <span class='ocrx_word' id='word_1_611' title='bbox 3606 3666 3763 3719; x_wconf 85' lang='grc' dir='ltr'>Θεόν.</span> 
     </span>
    </p>
   </div>
   <div class='ocr_carea' id='block_1_84' title="bbox 2204 3756 3769 3829">
    <p class='ocr_par' dir='ltr' id='par_1_84' title="bbox 2204 3756 3769 3829">
     <span class='ocr_line' id='line_1_84' title="bbox 2204 3756 3769 3829; baseline 0.001 -18"><span class='ocrx_word' id='word_1_612' title='bbox 2204 3758 2579 3827; x_wconf 74' lang='grc' dir='ltr'>Ἐξετάσωμεν</span> <span class='ocrx_word' id='word_1_613' title='bbox 2608 3758 2717 3829; x_wconf 84' lang='grc' dir='ltr'><strong>γάρ</strong></span> <span class='ocrx_word' id='word_1_614' title='bbox 2741 3756 2786 3788; x_wconf 77' lang='grc'><strong>⁸³</strong></span> <span class='ocrx_word' id='word_1_615' title='bbox 2809 3758 2955 3820; x_wconf 83' lang='grc' dir='ltr'>τίνες</span> <span class='ocrx_word' id='word_1_616' title='bbox 2982 3760 3077 3811; x_wconf 70' lang='grc' dir='ltr'><strong>καὶ</strong></span> <span class='ocrx_word' id='word_1_617' title='bbox 3108 3758 3272 3812; x_wconf 88' lang='grc' dir='ltr'>πόθεν</span> <span class='ocrx_word' id='word_1_618' title='bbox 3298 3760 3344 3811; x_wconf 78' lang='grc' dir='ltr'>οἱ</span> <span class='ocrx_word' id='word_1_619' title='bbox 3368 3758 3574 3828; x_wconf 83' lang='grc' dir='ltr'>ταύτης</span> <span class='ocrx_word' id='word_1_620' title='bbox 3606 3759 3769 3822; x_wconf 79' lang='grc' dir='ltr'>ἀξιω·</span> 
     </span>
    </p>
   </div>
   <div class='ocr_carea' id='block_1_85' title="bbox 2190 3845 3770 3920">
    <p class='ocr_par' dir='ltr' id='par_1_85' title="bbox 2190 3845 3770 3920">
     <span class='ocr_line' id='line_1_85' title="bbox 2190 3845 3770 3920; baseline -0.001 -18"><span class='ocrx_word' id='word_1_621' title='bbox 2190 3849 2374 3913; x_wconf 89' lang='grc' dir='ltr'>θέντες</span> <span class='ocrx_word' id='word_1_622' title='bbox 2406 3849 2508 3917; x_wconf 87' lang='grc' dir='ltr'>τῆς</span> <span class='ocrx_word' id='word_1_623' title='bbox 2543 3850 2785 3919; x_wconf 84' lang='grc' dir='ltr'>χάριτος.</span> <span class='ocrx_word' id='word_1_624' title='bbox 2815 3845 2965 3920; x_wconf 72' lang='grc' dir='ltr'>Ἀρά</span> <span class='ocrx_word' id='word_1_625' title='bbox 3004 3866 3146 3912; x_wconf 88' lang='grc' dir='ltr'>τινες</span> <span class='ocrx_word' id='word_1_626' title='bbox 3177 3850 3439 3920; x_wconf 75' lang='grc' dir='ltr'>ἐπίσημοι</span> <span class='ocrx_word' id='word_1_627' title='bbox 3468 3850 3565 3901; x_wconf 72' lang='grc' dir='ltr'><strong>καὶ</strong></span> <span class='ocrx_word' id='word_1_628' title='bbox 3612 3866 3770 3919; x_wconf 81' lang='grc' dir='ltr'>περι-</span> 
     </span>
    </p>
   </div>
   <div class='ocr_carea' id='block_1_86' title="bbox 2192 3938 3769 4013">
    <p class='ocr_par' dir='ltr' id='par_1_86' title="bbox 2192 3938 3769 4013">
     <span class='ocr_line' id='line_1_86' title="bbox 2192 3938 3769 4013; baseline -0.001 -18"><span class='ocrx_word' id='word_1_629' title='bbox 2192 3944 2379 4011; x_wconf 82' lang='grc' dir='ltr'>φανεῖς</span> <span class='ocrx_word' id='word_1_630' title='bbox 2538 3940 2584 3973; x_wconf 81' lang='grc'><strong>⁸³</strong></span> <span class='ocrx_word' id='word_1_631' title='bbox 2620 3941 2807 4009; x_wconf 83' lang='grc' dir='ltr'>γένους</span> <span class='ocrx_word' id='word_1_632' title='bbox 2838 3941 3133 4011; x_wconf 84' lang='grc' dir='ltr'>αὐχοῦντες</span> <span class='ocrx_word' id='word_1_633' title='bbox 3179 3942 3559 4012; x_wconf 88' lang='grc' dir='ltr'>λαμπρότητα,</span> <span class='ocrx_word' id='word_1_634' title='bbox 3594 3942 3628 4012; x_wconf 82' lang='grc' dir='ltr'><strong>ἢ</strong></span> <span class='ocrx_word' id='word_1_635' title='bbox 3654 3944 3769 4001; x_wconf 80' lang='grc' dir='ltr'>τοῖς</span> 
     </span>
    </p>
   </div>
   <div class='ocr_carea' id='block_1_87' title="bbox 2190 4032 3773 4105">
    <p class='ocr_par' dir='ltr' id='par_1_87' title="bbox 2190 4032 3773 4105">
     <span class='ocr_line' id='line_1_87' title="bbox 2190 4032 3773 4105; baseline -0.003 -15"><span class='ocrx_word' id='word_1_636' title='bbox 2190 4037 2283 4091; x_wconf 89' lang='grc' dir='ltr'><strong>τοῦ</strong></span> <span class='ocrx_word' id='word_1_637' title='bbox 2302 4035 2533 4089; x_wconf 89' lang='grc' dir='ltr'>πλούτου</span> <span class='ocrx_word' id='word_1_638' title='bbox 2553 4032 2973 4105; x_wconf 79' lang='grc' dir='ltr'>περιρῤεόμενοι</span> <span class='ocrx_word' id='word_1_639' title='bbox 3005 4033 3292 4103; x_wconf 79' lang='grc' dir='ltr'>ῥεύμασιν,</span> <span class='ocrx_word' id='word_1_640' title='bbox 3316 4033 3349 4103; x_wconf 80' lang='grc' dir='ltr'>ἢ</span> <span class='ocrx_word' id='word_1_641' title='bbox 3373 4036 3434 4085; x_wconf 80' lang='grc' dir='ltr'>ὲκ</span> <span class='ocrx_word' id='word_1_642' title='bbox 3452 4034 3773 4096; x_wconf 85' lang='grc' dir='ltr'>δυναστείας</span> 
     </span>
    </p>
   </div>
   <div class='ocr_carea' id='block_1_88' title="bbox 2189 4119 3767 4196">
    <p class='ocr_par' dir='ltr' id='par_1_88' title="bbox 2189 4119 3767 4196">
     <span class='ocr_line' id='line_1_88' title="bbox 2189 4119 3767 4196; baseline -0.002 -15"><span class='ocrx_word' id='word_1_643' title='bbox 2189 4128 2337 4191; x_wconf 85' lang='grc' dir='ltr'>τινὸς</span> <span class='ocrx_word' id='word_1_644' title='bbox 2382 4127 2663 4196; x_wconf 88' lang='grc' dir='ltr'>γενόμενοι</span> <span class='ocrx_word' id='word_1_645' title='bbox 2712 4124 2761 4157; x_wconf 71' lang='grc'><strong>⁸⁸</strong></span> <span class='ocrx_word' id='word_1_646' title='bbox 2789 4123 3093 4195; x_wconf 86' lang='grc' dir='ltr'>γνώριμοι;</span> <span class='ocrx_word' id='word_1_647' title='bbox 3141 4125 3425 4194; x_wconf 85' lang='grc' dir='ltr'>υύδαμῶς,</span> <span class='ocrx_word' id='word_1_648' title='bbox 3464 4119 3511 4176; x_wconf 78' lang='grc' dir='ltr'><strong>ὦ</strong></span> <span class='ocrx_word' id='word_1_649' title='bbox 3552 4124 3767 4191; x_wconf 79' lang='grc' dir='ltr'>ἄνδρες.</span> 
     </span>
    </p>
   </div>
   <div class='ocr_carea' id='block_1_89' title="bbox 2192 4210 3773 4287">
    <p class='ocr_par' dir='ltr' id='par_1_89' title="bbox 2192 4210 3773 4287">
     <span class='ocr_line' id='line_1_89' title="bbox 2192 4210 3773 4287; baseline -0.003 -15"><span class='ocrx_word' id='word_1_650' title='bbox 2192 4217 2408 4272; x_wconf 90' lang='grc' dir='ltr'>Τούτων</span> <span class='ocrx_word' id='word_1_651' title='bbox 2434 4217 2542 4287; x_wconf 88' lang='grc' dir='ltr'>γὰρ</span> <span class='ocrx_word' id='word_1_652' title='bbox 2568 4216 2783 4277; x_wconf 81' lang='grc' dir='ltr'>οὐδενὸς</span> <span class='ocrx_word' id='word_1_653' title='bbox 2806 4217 3228 4285; x_wconf 81' lang='grc' dir='ltr'>μετεσχήκασιν,</span> <span class='ocrx_word' id='word_1_654' title='bbox 3254 4216 3368 4268; x_wconf 84' lang='grc' dir='ltr'>ἀλλ’</span> <span class='ocrx_word' id='word_1_655' title='bbox 3395 4215 3603 4268; x_wconf 85' lang='grc' dir='ltr'>ἰδιῶται</span> <span class='ocrx_word' id='word_1_656' title='bbox 3631 4210 3773 4285; x_wconf 72' lang='grc' dir='ltr'>ἦσαν</span> 
     </span>
    </p>
   </div>
   <div class='ocr_carea' id='block_1_90' title="bbox 513 4285 2074 4381">
    <p class='ocr_par' dir='ltr' id='par_1_90' title="bbox 513 4285 2074 4363">
     <span class='ocr_line' id='line_1_90' title="bbox 513 4285 2074 4363; baseline 0.01 -25"><span class='ocrx_word' id='word_1_657' title='bbox 513 4285 616 4338; x_wconf 90' lang='lat' dir='ltr'><strong>tias</strong></span> <span class='ocrx_word' id='word_1_658' title='bbox 651 4285 893 4340; x_wconf 87' lang='lat' dir='ltr'><strong>nondum</strong></span> <span class='ocrx_word' id='word_1_659' title='bbox 944 4300 1201 4358; x_wconf 65' lang='lat' dir='ltr'><strong>experta}.</strong></span> <span class='ocrx_word' id='word_1_660' title='bbox 1256 4289 1436 4345; x_wconf 86' lang='lat' dir='ltr'><strong>Audio</strong></span> <span class='ocrx_word' id='word_1_661' title='bbox 1473 4308 1574 4363; x_wconf 81' lang='lat' dir='ltr'><strong>ego</strong></span> <span class='ocrx_word' id='word_1_662' title='bbox 1611 4311 1744 4349; x_wconf 89' lang='lat' dir='ltr'><strong>vero</strong></span> <span class='ocrx_word' id='word_1_663' title='bbox 1800 4300 2074 4355; x_wconf 74' lang='lat' dir='ltr'><strong>nonnullo:</strong></span> 
     </span>
    </p>
   </div>
   <div class='ocr_carea' id='block_1_91' title="bbox 2177 4285 3773 4381">
    <p class='ocr_par' dir='ltr' id='par_1_91' title="bbox 2193 4285 3773 4381">
     <span class='ocr_line' id='line_1_91' title="bbox 2193 4285 3773 4381; baseline -0.003 -19"><span class='ocrx_word' id='word_1_664' title='bbox 2193 4310 2227 4381; x_wconf 76' lang='grc' dir='ltr'>ἢ</span> <span class='ocrx_word' id='word_1_665' title='bbox 2248 4285 2597 4379; x_wconf 80' lang='grc' dir='ltr'>στρατιῶται,</span> <span class='ocrx_word' id='word_1_666' title='bbox 2625 4307 2769 4369; x_wconf 83' lang='grc' dir='ltr'>τινὲς</span> <span class='ocrx_word' id='word_1_667' title='bbox 2800 4306 2857 4359; x_wconf 87' lang='grc' dir='ltr'>δὲ</span> <span class='ocrx_word' id='word_1_668' title='bbox 2885 4305 3063 4358; x_wconf 80' lang='grc' dir='ltr'>αὐτῶν</span> <span class='ocrx_word' id='word_1_669' title='bbox 3081 4307 3172 4358; x_wconf 71' lang='grc' dir='ltr'><strong>καὶ</strong></span> <span class='ocrx_word' id='word_1_670' title='bbox 3194 4306 3403 4359; x_wconf 84' lang='grc' dir='ltr'>οίκέται</span> <span class='ocrx_word' id='word_1_671' title='bbox 3419 4308 3773 4376; x_wconf 84' lang='grc' dir='ltr'>γεγένηνται,</span> 
     </span>
    </p>
   </div>
   <div class='ocr_carea' id='block_1_92' title="bbox 512 4380 2074 4469">
    <p class='ocr_par' dir='ltr' id='par_1_92' title="bbox 512 4380 2074 4455">
     <span class='ocr_line' id='line_1_92' title="bbox 512 4380 2074 4455; baseline 0.01 -22"><span class='ocrx_word' id='word_1_672' title='bbox 512 4380 674 4434; x_wconf 86' lang='lat' dir='ltr'><strong>etiam</strong></span> <span class='ocrx_word' id='word_1_673' title='bbox 708 4382 761 4435; x_wconf 91' lang='lat' dir='ltr'><strong>in</strong></span> <span class='ocrx_word' id='word_1_674' title='bbox 793 4398 958 4437; x_wconf 90' lang='lat' dir='ltr'><strong>scena</strong></span> <span class='ocrx_word' id='word_1_675' title='bbox 989 4383 1271 4449; x_wconf 90' lang='lat' dir='ltr'><strong>educatos,</strong></span> <span class='ocrx_word' id='word_1_676' title='bbox 1305 4395 1531 4455; x_wconf 89' lang='lat' dir='ltr'><strong>repente</strong></span> <span class='ocrx_word' id='word_1_677' title='bbox 1555 4388 1611 4443; x_wconf 87' lang='lat' dir='ltr'><strong>in</strong></span> <span class='ocrx_word' id='word_1_678' title='bbox 1639 4390 1970 4447; x_wconf 88' lang='lat' dir='ltr'><strong>athletarum</strong></span> <span class='ocrx_word' id='word_1_679' title='bbox 1994 4410 2074 4449; x_wconf 92' lang='lat' dir='ltr'><strong>or-</strong></span> 
     </span>
    </p>
   </div>
   <div class='ocr_carea' id='block_1_93' title="bbox 2177 4380 3777 4469">
    <p class='ocr_par' dir='ltr' id='par_1_93' title="bbox 2195 4380 3777 4469">
     <span class='ocr_line' id='line_1_93' title="bbox 2195 4380 3777 4469; baseline -0.001 -17"><span class='ocrx_word' id='word_1_680' title='bbox 2195 4380 2290 4452; x_wconf 78' lang='grc' dir='ltr'>καὶ</span> <span class='ocrx_word' id='word_1_681' title='bbox 2326 4397 2727 4469; x_wconf 90' lang='grc' dir='ltr'>θεραπαινίδες,</span> <span class='ocrx_word' id='word_1_682' title='bbox 2765 4399 2824 4450; x_wconf 86' lang='grc' dir='ltr'><strong>ἐν</strong></span> <span class='ocrx_word' id='word_1_683' title='bbox 2855 4396 3109 4450; x_wconf 81' lang='grc' dir='ltr'>ἀσθενέσι</span> <span class='ocrx_word' id='word_1_684' title='bbox 3140 4397 3184 4450; x_wconf 85' lang='grc' dir='ltr'>δ’</span> <span class='ocrx_word' id='word_1_685' title='bbox 3214 4398 3353 4465; x_wconf 81' lang='grc' dir='ltr'>ἄγαν</span> <span class='ocrx_word' id='word_1_686' title='bbox 3396 4397 3613 4468; x_wconf 72' lang='grc' dir='ltr'>σώμασι</span> <span class='ocrx_word' id='word_1_687' title='bbox 3649 4416 3777 4467; x_wconf 80' lang='grc' dir='ltr'>γεν-</span> 
     </span>
    </p>
   </div>
   <div class='ocr_carea' id='block_1_94' title="bbox 514 4468 2074 4559">
    <p class='ocr_par' dir='ltr' id='par_1_94' title="bbox 514 4468 2074 4545">
     <span class='ocr_line' id='line_1_94' title="bbox 514 4468 2074 4545; baseline 0.013 -23"><span class='ocrx_word' id='word_1_688' title='bbox 514 4468 697 4523; x_wconf 88' lang='lat' dir='ltr'><strong>dinem</strong></span> <span class='ocrx_word' id='word_1_689' title='bbox 744 4472 1047 4537; x_wconf 90' lang='lat' dir='ltr'><strong>transiisse,</strong></span> <span class='ocrx_word' id='word_1_690' title='bbox 1084 4474 1429 4545; x_wconf 88' lang='lat' dir='ltr'><strong>victoresque</strong></span> <span class='ocrx_word' id='word_1_691' title='bbox 1476 4478 1646 4534; x_wconf 87' lang='lat' dir='ltr'><strong>factos</strong></span> <span class='ocrx_word' id='word_1_692' title='bbox 1678 4497 1935 4538; x_wconf 90' lang='lat' dir='ltr'><strong>coronam</strong></span> <span class='ocrx_word' id='word_1_693' title='bbox 1965 4502 2074 4543; x_wconf 67' lang='lat' dir='ltr'><strong>esse</strong></span> 
     </span>
    </p>
   </div>
   <div class='ocr_carea' id='block_1_95' title="bbox 2177 4468 3777 4559">
    <p class='ocr_par' dir='ltr' id='par_1_95' title="bbox 2198 4468 3777 4559">
     <span class='ocr_line' id='line_1_95' title="bbox 2198 4468 3777 4559; baseline 0 -16"><span class='ocrx_word' id='word_1_694' title='bbox 2198 4490 2362 4552; x_wconf 92' lang='grc' dir='ltr'>ναίως</span> <span class='ocrx_word' id='word_1_695' title='bbox 2391 4468 2805 4559; x_wconf 88' lang='grc' dir='ltr'>ἀγωνισάμεναι</span> <span class='ocrx_word' id='word_1_696' title='bbox 2830 4506 2843 4520; x_wconf 73' lang='grc' dir='ltr'><strong>ο</strong></span> <span class='ocrx_word' id='word_1_697' title='bbox 2871 4488 2963 4541; x_wconf 77' lang='grc' dir='ltr'><strong>καὶ</strong></span> <span class='ocrx_word' id='word_1_698' title='bbox 2986 4490 3041 4542; x_wconf 87' lang='grc' dir='ltr'><strong>αἰ</strong></span> <span class='ocrx_word' id='word_1_699' title='bbox 3072 4489 3169 4558; x_wconf 82' lang='grc' dir='ltr'>μὲν</span> <span class='ocrx_word' id='word_1_700' title='bbox 3199 4489 3492 4559; x_wconf 81' lang='grc' dir='ltr'>σωφρόνως</span> <span class='ocrx_word' id='word_1_701' title='bbox 3519 4489 3777 4543; x_wconf 75' lang='grc' dir='ltr'>ἕλκουσαι</span> 
     </span>
    </p>
   </div>
   <div class='ocr_carea' id='block_1_96' title="bbox 514 4570 2074 4651">
    <p class='ocr_par' dir='ltr' id='par_1_96' title="bbox 514 4570 2074 4648">
     <span class='ocr_line' id='line_1_96' title="bbox 514 4570 2074 4648; baseline 0.012 -35"><span class='ocrx_word' id='word_1_702' title='bbox 514 4572 857 4625; x_wconf 86' lang='lat' dir='ltr'><strong>consecutos,</strong></span> <span class='ocrx_word' id='word_1_703' title='bbox 877 4572 932 4617; x_wconf 91' lang='lat' dir='ltr'><strong>et</strong></span> <span class='ocrx_word' id='word_1_704' title='bbox 962 4573 1251 4635; x_wconf 90' lang='lat' dir='ltr'><strong>postquam</strong></span> <span class='ocrx_word' id='word_1_705' title='bbox 1277 4570 1576 4625; x_wconf 90' lang='lat' dir='ltr'><strong>renuntiati</strong></span> <span class='ocrx_word' id='word_1_706' title='bbox 1609 4571 1853 4639; x_wconf 89' lang='lat' dir='ltr'><strong>fuerunt,</strong></span> <span class='ocrx_word' id='word_1_707' title='bbox 1890 4592 2074 4648; x_wconf 65' lang='lat' dir='ltr'><strong>magn:</strong></span> 
     </span>
    </p>
   </div>
   <div class='ocr_carea' id='block_1_97' title="bbox 2177 4570 3776 4651">
    <p class='ocr_par' dir='ltr' id='par_1_97' title="bbox 2196 4580 3776 4651">
     <span class='ocr_line' id='line_1_97' title="bbox 2196 4580 3776 4651; baseline 0 -16"><span class='ocrx_word' id='word_1_708' title='bbox 2196 4581 2289 4635; x_wconf 81' lang='grc' dir='ltr'><strong>τὸν</strong></span> <span class='ocrx_word' id='word_1_709' title='bbox 2308 4582 2401 4634; x_wconf 90' lang='grc' dir='ltr'><strong>τοῦ</strong></span> <span class='ocrx_word' id='word_1_710' title='bbox 2427 4581 2608 4651; x_wconf 90' lang='grc' dir='ltr'>γάμου</span> <span class='ocrx_word' id='word_1_711' title='bbox 2638 4580 2822 4649; x_wconf 81' lang='grc' dir='ltr'>ζυγὸν,</span> <span class='ocrx_word' id='word_1_712' title='bbox 2847 4580 2977 4633; x_wconf 81' lang='grc' dir='ltr'>αἰδὲ</span> <span class='ocrx_word' id='word_1_713' title='bbox 2999 4581 3078 4634; x_wconf 75' lang='grc' dir='ltr'>ἔτι</span> <span class='ocrx_word' id='word_1_714' title='bbox 3104 4581 3315 4651; x_wconf 85' lang='grc' dir='ltr'>γάμους</span> <span class='ocrx_word' id='word_1_715' title='bbox 3346 4581 3394 4612; x_wconf 79' lang='grc'><strong>⁸³</strong></span> <span class='ocrx_word' id='word_1_716' title='bbox 3416 4581 3518 4633; x_wconf 79' lang='grc' dir='ltr'><strong>οὐκ</strong></span> <span class='ocrx_word' id='word_1_717' title='bbox 3544 4582 3776 4635; x_wconf 79' lang='grc' dir='ltr'>ἐπιστά-</span> 
     </span>
    </p>
   </div>
   <div class='ocr_carea' id='block_1_98' title="bbox 516 4653 2074 4743">
    <p class='ocr_par' dir='ltr' id='par_1_98' title="bbox 516 4653 2074 4733">
     <span class='ocr_line' id='line_1_98' title="bbox 516 4653 2074 4733; baseline 0.012 -27"><span class='ocrx_word' id='word_1_718' title='bbox 516 4653 790 4709; x_wconf 64' lang='lat' dir='ltr'><strong>daemonas</strong></span> <span class='ocrx_word' id='word_1_719' title='bbox 836 4664 1044 4712; x_wconf 91' lang='lat' dir='ltr'><strong>terrore</strong></span> <span class='ocrx_word' id='word_1_720' title='bbox 1086 4662 1450 4727; x_wconf 88' lang='lat' dir='ltr'><strong>concussisse,</strong></span> <span class='ocrx_word' id='word_1_721' title='bbox 1478 4664 1679 4733; x_wconf 89' lang='lat' dir='ltr'><strong>quibus</strong></span> <span class='ocrx_word' id='word_1_722' title='bbox 1706 4668 1838 4722; x_wconf 89' lang='lat' dir='ltr'><strong>olim</strong></span> <span class='ocrx_word' id='word_1_723' title='bbox 1881 4671 2074 4728; x_wconf 66' lang='lat' dir='ltr'><strong>subdit?</strong></span> 
     </span>
    </p>
   </div>
   <div class='ocr_carea' id='block_1_99' title="bbox 2177 4653 3778 4743">
    <p class='ocr_par' dir='ltr' id='par_1_99' title="bbox 2203 4671 3778 4743">
     <span class='ocr_line' id='line_1_99' title="bbox 2203 4671 3778 4743; baseline -0.001 -18"><span class='ocrx_word' id='word_1_724' title='bbox 2203 4690 2383 4743; x_wconf 84' lang='grc' dir='ltr'>μεναι.</span> <span class='ocrx_word' id='word_1_725' title='bbox 2424 4671 2635 4725; x_wconf 81' lang='grc' dir='ltr'>Ἀκούω</span> <span class='ocrx_word' id='word_1_726' title='bbox 2660 4673 2715 4725; x_wconf 75' lang='grc' dir='ltr'>δὲ</span> <span class='ocrx_word' id='word_1_727' title='bbox 2742 4673 2916 4742; x_wconf 80' lang='grc' dir='ltr'>ἔγωγέ</span> <span class='ocrx_word' id='word_1_728' title='bbox 2944 4691 3097 4735; x_wconf 84' lang='grc' dir='ltr'>τινας</span> <span class='ocrx_word' id='word_1_729' title='bbox 3122 4672 3216 4726; x_wconf 74' lang='grc' dir='ltr'><strong>καὶ</strong></span> <span class='ocrx_word' id='word_1_730' title='bbox 3242 4675 3307 4742; x_wconf 77' lang='grc' dir='ltr'>τῇ</span> <span class='ocrx_word' id='word_1_731' title='bbox 3340 4674 3511 4741; x_wconf 78' lang='grc' dir='ltr'>σκηνῇ</span> <span class='ocrx_word' id='word_1_732' title='bbox 3542 4672 3778 4741; x_wconf 67' lang='grc' dir='ltr'>ξυντρι-</span> 
     </span>
    </p>
   </div>
   <div class='ocr_carea' id='block_1_100' title="bbox 517 4745 2074 4834">
    <p class='ocr_par' dir='ltr' id='par_1_100' title="bbox 517 4745 2074 4819">
     <span class='ocr_line' id='line_1_100' title="bbox 517 4745 2074 4819; baseline 0.013 -20"><span class='ocrx_word' id='word_1_733' title='bbox 517 4745 751 4800; x_wconf 88' lang='lat' dir='ltr'><strong>fuerant.</strong></span> <span class='ocrx_word' id='word_1_734' title='bbox 771 4747 1076 4815; x_wconf 88' lang='lat' dir='ltr'><strong>Quinetiam</strong></span> <span class='ocrx_word' id='word_1_735' title='bbox 1111 4753 1269 4808; x_wconf 90' lang='lat' dir='ltr'><strong>multi</strong></span> <span class='ocrx_word' id='word_1_736' title='bbox 1296 4755 1605 4811; x_wconf 90' lang='lat' dir='ltr'><strong>sacerdotes</strong></span> <span class='ocrx_word' id='word_1_737' title='bbox 1639 4766 1694 4812; x_wconf 89' lang='lat' dir='ltr'><strong>et</strong></span> <span class='ocrx_word' id='word_1_738' title='bbox 1715 4763 1937 4817; x_wconf 88' lang='lat' dir='ltr'><strong>neocori</strong></span> <span class='ocrx_word' id='word_1_739' title='bbox 1964 4780 2074 4819; x_wconf 52' lang='lat' dir='ltr'><strong>con.</strong></span> 
     </span>
    </p>
   </div>
   <div class='ocr_carea' id='block_1_101' title="bbox 2177 4745 3781 4834">
    <p class='ocr_par' dir='ltr' id='par_1_101' title="bbox 2204 4760 3781 4834">
     <span class='ocr_line' id='line_1_101' title="bbox 2204 4760 3781 4834; baseline -0.004 -17"><span class='ocrx_word' id='word_1_740' title='bbox 2204 4764 2406 4833; x_wconf 83' lang='grc' dir='ltr'>φέντας</span> <span class='ocrx_word' id='word_1_741' title='bbox 2433 4763 2502 4827; x_wconf 81' lang='grc'><strong>⁸⁸,</strong></span> <span class='ocrx_word' id='word_1_742' title='bbox 2535 4764 2630 4816; x_wconf 72' lang='grc' dir='ltr'><strong>καὶ</strong></span> <span class='ocrx_word' id='word_1_743' title='bbox 2664 4762 2925 4834; x_wconf 76' lang='grc' dir='ltr'>ἐξαπίνης</span> <span class='ocrx_word' id='word_1_744' title='bbox 2951 4766 3062 4825; x_wconf 87' lang='grc' dir='ltr'>τοῖς</span> <span class='ocrx_word' id='word_1_745' title='bbox 3098 4764 3428 4830; x_wconf 83' lang='grc' dir='ltr'>ἀγωνισταῖς</span> <span class='ocrx_word' id='word_1_746' title='bbox 3458 4760 3781 4829; x_wconf 78' lang='grc' dir='ltr'>ξυνταχθέν-</span> 
     </span>
    </p>
   </div>
   <div class='ocr_carea' id='block_1_102' title="bbox 517 4838 2074 4925">
    <p class='ocr_par' dir='ltr' id='par_1_102' title="bbox 517 4838 2074 4914">
     <span class='ocr_line' id='line_1_102' title="bbox 517 4838 2074 4914; baseline 0.013 -24"><span class='ocrx_word' id='word_1_747' title='bbox 517 4845 599 4892; x_wconf 89' lang='lat' dir='ltr'><strong>tra</strong></span> <span class='ocrx_word' id='word_1_748' title='bbox 622 4838 956 4907; x_wconf 89' lang='lat' dir='ltr'><strong>impietatem</strong></span> <span class='ocrx_word' id='word_1_749' title='bbox 980 4842 1141 4913; x_wconf 82' lang='lat'><strong>923</strong></span> <span class='ocrx_word' id='word_1_750' title='bbox 1162 4854 1359 4914; x_wconf 64' lang='lat' dir='ltr'><strong>tropaaa</strong></span> <span class='ocrx_word' id='word_1_751' title='bbox 1390 4849 1750 4904; x_wconf 90' lang='lat' dir='ltr'><strong>sustulerunt.</strong></span> <span class='ocrx_word' id='word_1_752' title='bbox 1784 4851 1860 4906; x_wconf 82' lang='lat' dir='ltr'><strong>Ex</strong></span> <span class='ocrx_word' id='word_1_753' title='bbox 1892 4855 2074 4910; x_wconf 67' lang='lat' dir='ltr'><strong>talibus</strong></span> 
     </span>
    </p>
   </div>
   <div class='ocr_carea' id='block_1_103' title="bbox 2177 4838 3779 4925">
    <p class='ocr_par' dir='ltr' id='par_1_103' title="bbox 2200 4854 3779 4925">
     <span class='ocr_line' id='line_1_103' title="bbox 2200 4854 3779 4925; baseline -0.004 -18"><span class='ocrx_word' id='word_1_754' title='bbox 2200 4872 2322 4919; x_wconf 88' lang='grc' dir='ltr'>τας,</span> <span class='ocrx_word' id='word_1_755' title='bbox 2340 4857 2433 4908; x_wconf 70' lang='grc' dir='ltr'><strong>καὶ</strong></span> <span class='ocrx_word' id='word_1_756' title='bbox 2452 4855 2758 4919; x_wconf 78' lang='grc' dir='ltr'>ἀξιονίκους</span> <span class='ocrx_word' id='word_1_757' title='bbox 2784 4858 3207 4925; x_wconf 82' lang='grc' dir='ltr'>γεγενημένους,</span> <span class='ocrx_word' id='word_1_758' title='bbox 3242 4856 3332 4909; x_wconf 80' lang='grc' dir='ltr'>καὶ</span> <span class='ocrx_word' id='word_1_759' title='bbox 3360 4855 3469 4907; x_wconf 87' lang='grc' dir='ltr'><strong>τῶν</strong></span> <span class='ocrx_word' id='word_1_760' title='bbox 3496 4854 3779 4919; x_wconf 62' lang='grc' dir='ltr'>στεφάνων</span> 
     </span>
    </p>
   </div>
   <div class='ocr_carea' id='block_1_104' title="bbox 516 4928 2074 5019">
    <p class='ocr_par' dir='ltr' id='par_1_104' title="bbox 516 4928 2074 5006">
     <span class='ocr_line' id='line_1_104' title="bbox 516 4928 2074 5006; baseline 0.013 -29"><span class='ocrx_word' id='word_1_761' title='bbox 516 4941 647 4996; x_wconf 91' lang='lat' dir='ltr'><strong>ergo</strong></span> <span class='ocrx_word' id='word_1_762' title='bbox 692 4928 824 4983; x_wconf 85' lang='lat' dir='ltr'><strong>viris</strong></span> <span class='ocrx_word' id='word_1_763' title='bbox 869 4945 933 4983; x_wconf 92' lang='lat' dir='ltr'><strong>ac</strong></span> <span class='ocrx_word' id='word_1_764' title='bbox 971 4930 1193 4987; x_wconf 90' lang='lat' dir='ltr'><strong>feminis</strong></span> <span class='ocrx_word' id='word_1_765' title='bbox 1239 4945 1537 5006; x_wconf 90' lang='lat' dir='ltr'><strong>martyrum</strong></span> <span class='ocrx_word' id='word_1_766' title='bbox 1585 4939 1739 4995; x_wconf 89' lang='lat' dir='ltr'><strong>chori</strong></span> <span class='ocrx_word' id='word_1_767' title='bbox 1799 4945 2074 4999; x_wconf 76' lang='lat' dir='ltr'><strong>constituti</strong></span> 
     </span>
    </p>
   </div>
   <div class='ocr_carea' id='block_1_105' title="bbox 2177 4928 3780 5019">
    <p class='ocr_par' dir='ltr' id='par_1_105' title="bbox 2199 4944 3780 5019">
     <span class='ocr_line' id='line_1_105' title="bbox 2199 4944 3780 5019; baseline -0.003 -20"><span class='ocrx_word' id='word_1_768' title='bbox 2199 4948 2593 5019; x_wconf 85' lang='grc' dir='ltr'>τετυχηκότας,</span> <span class='ocrx_word' id='word_1_769' title='bbox 2622 4949 2718 5001; x_wconf 72' lang='grc' dir='ltr'>καὶ</span> <span class='ocrx_word' id='word_1_770' title='bbox 2749 4948 2886 5018; x_wconf 88' lang='grc' dir='ltr'><strong>μετά</strong></span> <span class='ocrx_word' id='word_1_771' title='bbox 2908 4950 3005 5019; x_wconf 83' lang='grc' dir='ltr'><strong>τὴν</strong></span> <span class='ocrx_word' id='word_1_772' title='bbox 3028 4948 3331 5019; x_wconf 75' lang='grc' dir='ltr'>ἀνάρρησιν</span> <span class='ocrx_word' id='word_1_773' title='bbox 3362 4945 3569 5015; x_wconf 80' lang='grc' dir='ltr'>σφόδρα</span> <span class='ocrx_word' id='word_1_774' title='bbox 3603 4944 3780 4997; x_wconf 81' lang='grc' dir='ltr'>δεδιτ-</span> 
     </span>
    </p>
   </div>
   <div class='ocr_carea' id='block_1_106' title="bbox 1826 5120 2501 5181">
    <p class='ocr_par' dir='ltr' id='par_1_106' title="bbox 1826 5120 2501 5181">
     <span class='ocr_line' id='line_1_106' title="bbox 1826 5120 2501 5181; baseline 0.015 -9"><span class='ocrx_word' id='word_1_775' title='bbox 1826 5120 2059 5179; x_wconf 62' lang='grc' dir='ltr'>γΑιιιιλΕ</span> <span class='ocrx_word' id='word_1_776' title='bbox 2096 5124 2501 5181; x_wconf 76' lang='lat' dir='ltr'><strong>LECTIONES.</strong></span> 
     </span>
    </p>
   </div>
   <div class='ocr_carea' id='block_1_107' title="bbox 589 5212 3776 5311">
    <p class='ocr_par' dir='ltr' id='par_1_107' title="bbox 589 5212 3776 5311">
     <span class='ocr_line' id='line_1_107' title="bbox 589 5212 3776 5311; baseline 0.002 -21"><span class='ocrx_word' id='word_1_777' title='bbox 589 5212 845 5311; x_wconf 51' lang='grc' dir='ltr'><strong>’ἷξαὶηῆἶ</strong></span> <span class='ocrx_word' id='word_1_778' title='bbox 878 5217 1294 5311; x_wconf 36' lang='grc' dir='ltr'><strong>ξξῇξῗὶηῇςσξσον</strong></span> <span class='ocrx_word' id='word_1_779' title='bbox 1323 5226 1381 5279; x_wconf 76' lang='grc' dir='ltr'><strong>Β·</strong></span> <span class='ocrx_word' id='word_1_780' title='bbox 1432 5230 1504 5311; x_wconf 70' lang='grc'><strong>,⁸⁸</strong></span> <span class='ocrx_word' id='word_1_781' title='bbox 1529 5231 1881 5311; x_wconf 44' lang='grc' dir='ltr'><strong>ναοές-ηνεὼς</strong></span> <span class='ocrx_word' id='word_1_782' title='bbox 1916 5235 1979 5311; x_wconf 77' lang='grc' dir='ltr'>Β,</span> <span class='ocrx_word' id='word_1_783' title='bbox 2026 5237 2128 5311; x_wconf 68' lang='grc' dir='ltr'><strong>ῩΙ).</strong></span> <span class='ocrx_word' id='word_1_784' title='bbox 2170 5240 2291 5294; x_wconf 73' lang='lat' dir='ltr'><strong>Mox</strong></span> <span class='ocrx_word' id='word_1_785' title='bbox 2325 5242 2675 5311; x_wconf 81' lang='grc' dir='ltr'>ἐδωμήσαντο</span> <span class='ocrx_word' id='word_1_786' title='bbox 2700 5241 2742 5295; x_wconf 89' lang='grc' dir='ltr'><strong>Β</strong></span> <span class='ocrx_word' id='word_1_787' title='bbox 2792 5240 3150 5311; x_wconf 85' lang='grc' dir='ltr'>ᾠκοδόμησαν</span> <span class='ocrx_word' id='word_1_788' title='bbox 3181 5242 3279 5307; x_wconf 79' lang='lat' dir='ltr'><strong>Va,</strong></span> <span class='ocrx_word' id='word_1_789' title='bbox 3310 5242 3437 5311; x_wconf 44' lang='lat' dir='ltr'><strong>Vb,</strong></span> <span class='ocrx_word' id='word_1_790' title='bbox 3488 5243 3534 5274; x_wconf 83' lang='lat'><strong>&quot;</strong></span> <span class='ocrx_word' id='word_1_791' title='bbox 3584 5242 3644 5295; x_wconf 73' lang='grc' dir='ltr'><strong>δέ</strong></span> <span class='ocrx_word' id='word_1_792' title='bbox 3691 5261 3776 5311; x_wconf 79' lang='grc' dir='ltr'>γε.</span> 
     </span>
    </p>
   </div>
   <div class='ocr_carea' id='block_1_108' title="bbox 516 5288 3774 5384">
    <p class='ocr_par' dir='ltr' id='par_1_108' title="bbox 516 5288 3774 5384">
     <span class='ocr_line' id='line_1_108' title="bbox 516 5288 3774 5384; baseline 0.009 -47"><span class='ocrx_word' id='word_1_793' title='bbox 516 5303 579 5384; x_wconf 51' lang='grc' dir='ltr'>γε</span> <span class='ocrx_word' id='word_1_794' title='bbox 597 5301 716 5384; x_wconf 54' lang='grc' dir='ltr'>ρέιι.</span> <span class='ocrx_word' id='word_1_795' title='bbox 955 5288 1326 5384; x_wconf 45' lang='grc' dir='ltr'>καξκάλλουῇ</span> <span class='ocrx_word' id='word_1_796' title='bbox 1362 5299 1455 5384; x_wconf 67' lang='grc' dir='ltr'>κειὶ</span> <span class='ocrx_word' id='word_1_797' title='bbox 1484 5315 1591 5384; x_wconf 47' lang='lat' dir='ltr'><strong>oin.</strong></span> <span class='ocrx_word' id='word_1_798' title='bbox 1722 5288 1896 5384; x_wconf 74' lang='lat' dir='ltr'><strong>Supra</strong></span> <span class='ocrx_word' id='word_1_799' title='bbox 1935 5288 2759 5384; x_wconf 54' lang='lat' dir='ltr'><strong>_a£.p.éJ-;-..;J&quot;&quot;T_‘{fe&#39;1&#39;bm&quot;.</strong></span> <span class='ocrx_word' id='word_1_800' title='bbox 2791 5288 3279 5384; x_wconf 38' lang='grc' dir='ltr'>δῗπξιῖῗδέἶκοίίῖί</span> <span class='ocrx_word' id='word_1_801' title='bbox 3305 5288 3444 5384; x_wconf 49' lang='lat' dir='ltr'><strong>[irai]</strong></span> <span class='ocrx_word' id='word_1_802' title='bbox 3474 5288 3774 5376; x_wconf 58' lang='lat' dir='ltr'><strong>om.&quot;B,</strong></span> 
     </span>
    </p>
   </div>
   <div class='ocr_carea' id='block_1_109' title="bbox 518 5309 3780 5453">
    <p class='ocr_par' dir='ltr' id='par_1_109' title="bbox 518 5309 3780 5453">
     <span class='ocr_line' id='line_1_109' title="bbox 518 5309 3774 5437; baseline 0.01 -99"><span class='ocrx_word' id='word_1_803' title='bbox 518 5309 579 5390; x_wconf 59' lang='grc' dir='ltr'>γξ</span> <span class='ocrx_word' id='word_1_804' title='bbox 606 5309 716 5387; x_wconf 59' lang='lat' dir='ltr'><strong>om.</strong></span> <span class='ocrx_word' id='word_1_805' title='bbox 744 5309 806 5373; x_wconf 64' lang='grc' dir='ltr'>ρ.</span> <span class='ocrx_word' id='word_1_806' title='bbox 883 5309 924 5323; x_wconf 69' lang='grc'><strong>⁸-</strong></span> <span class='ocrx_word' id='word_1_807' title='bbox 955 5309 1049 5344; x_wconf 88' lang='grc' dir='ltr'><strong>και</strong></span> <span class='ocrx_word' id='word_1_808' title='bbox 1080 5309 1326 5378; x_wconf 68' lang='grc' dir='ltr'>καλλουῇ</span> <span class='ocrx_word' id='word_1_809' title='bbox 1362 5309 1455 5351; x_wconf 79' lang='grc' dir='ltr'>καὶ</span> <span class='ocrx_word' id='word_1_810' title='bbox 1484 5315 1591 5353; x_wconf 94' lang='lat' dir='ltr'><strong>om.</strong></span> <span class='ocrx_word' id='word_1_811' title='bbox 1624 5309 1685 5355; x_wconf 68' lang='grc' dir='ltr'><strong>υ.</strong></span> <span class='ocrx_word' id='word_1_812' title='bbox 1722 5309 1896 5425; x_wconf 60' lang='lat' dir='ltr'><strong>Sugra</strong></span> <span class='ocrx_word' id='word_1_813' title='bbox 1934 5309 2209 5390; x_wconf 40' lang='grc' dir='ltr'>,ἀφιέντων</span> <span class='ocrx_word' id='word_1_814' title='bbox 2240 5311 2335 5365; x_wconf 84' lang='lat' dir='ltr'><strong>Va.</strong></span> <span class='ocrx_word' id='word_1_815' title='bbox 2436 5309 2625 5435; x_wconf 47' lang='grc' dir='ltr'><strong>’Ἡγεὸ</strong></span> <span class='ocrx_word' id='word_1_816' title='bbox 2649 5326 2759 5364; x_wconf 90' lang='lat' dir='ltr'><strong>om.</strong></span> <span class='ocrx_word' id='word_1_817' title='bbox 2791 5309 2853 5365; x_wconf 84' lang='lat' dir='ltr'><strong>C.</strong></span> <span class='ocrx_word' id='word_1_818' title='bbox 2933 5309 2992 5373; x_wconf 66' lang='grc' dir='ltr'>,η</span> <span class='ocrx_word' id='word_1_819' title='bbox 3022 5309 3079 5363; x_wconf 80' lang='grc' dir='ltr'>δὲ</span> <span class='ocrx_word' id='word_1_820' title='bbox 3111 5312 3275 5384; x_wconf 65' lang='lat' dir='ltr'><strong>[xui].</strong></span> <span class='ocrx_word' id='word_1_821' title='bbox 3305 5310 3587 5437; x_wconf 67' lang='lat' dir='ltr'><strong>[xa‘tLom.</strong></span> <span class='ocrx_word' id='word_1_822' title='bbox 3628 5309 3774 5376; x_wconf 33' lang='lat' dir='ltr'><strong>B._C.</strong></span> 
     </span>
     <span class='ocr_line' id='line_1_110' title="bbox 518 5358 3780 5453; baseline 0.006 -35"><span class='ocrx_word' id='word_1_823' title='bbox 518 5358 1108 5453; x_wconf 32' lang='grc' dir='ltr'><strong>Ἴωξξιῖμιίῖείῇς-Αξῇξί</strong></span> <span class='ocrx_word' id='word_1_824' title='bbox 1135 5365 1232 5453; x_wconf 78' lang='grc' dir='ltr'>τὴν</span> <span class='ocrx_word' id='word_1_825' title='bbox 1259 5384 1357 5453; x_wconf 43' lang='grc' dir='ltr'><strong>’ξξιις</strong></span> <span class='ocrx_word' id='word_1_826' title='bbox 1390 5369 1487 5453; x_wconf 45' lang='grc' dir='ltr'><strong>ιδῃ</strong></span> <span class='ocrx_word' id='word_1_827' title='bbox 1508 5370 1566 5423; x_wconf 85' lang='grc' dir='ltr'><strong>Β.</strong></span> <span class='ocrx_word' id='word_1_828' title='bbox 1589 5443 1601 5453; x_wconf 38' lang='grc' dir='ltr'>ι</span> <span class='ocrx_word' id='word_1_829' title='bbox 1648 5373 1697 5452; x_wconf 63' lang='lat'><strong>7:</strong></span> <span class='ocrx_word' id='word_1_830' title='bbox 1724 5391 2097 5453; x_wconf 41' lang='lat' dir='ltr'><strong>wg-qparwv._</strong></span> <span class='ocrx_word' id='word_1_831' title='bbox 2133 5381 2457 5453; x_wconf 61' lang='grc' dir='ltr'>νοσημάτων</span> <span class='ocrx_word' id='word_1_832' title='bbox 2529 5423 2542 5443; x_wconf 88' lang='grc'><strong>,</strong></span> <span class='ocrx_word' id='word_1_833' title='bbox 2629 5397 2679 5435; x_wconf 89' lang='lat' dir='ltr'><strong>a.</strong></span> <span class='ocrx_word' id='word_1_834' title='bbox 2756 5382 3106 5453; x_wconf 75' lang='grc' dir='ltr'>⁷⁸στερίφαι.</span> <span class='ocrx_word' id='word_1_835' title='bbox 3144 5385 3351 5453; x_wconf 71' lang='grc' dir='ltr'>στεῖραι</span> <span class='ocrx_word' id='word_1_836' title='bbox 3385 5383 3429 5437; x_wconf 70' lang='grc' dir='ltr'><strong>ν</strong></span> <span class='ocrx_word' id='word_1_837' title='bbox 3475 5422 3489 5435; x_wconf 93' lang='grc'><strong>.</strong></span> <span class='ocrx_word' id='word_1_838' title='bbox 3567 5384 3617 5414; x_wconf 79' lang='grc'><strong>⁷⁸</strong></span> <span class='ocrx_word' id='word_1_839' title='bbox 3646 5386 3780 5436; x_wconf 78' lang='grc' dir='ltr'>ἀπο-</span> 
     </span>
    </p>
   </div>
   <div class='ocr_carea' id='block_1_110' title="bbox 518 5398 3776 5523">
    <p class='ocr_par' dir='ltr' id='par_1_110' title="bbox 518 5398 3776 5523">
     <span class='ocr_line' id='line_1_111' title="bbox 603 5398 3776 5453; baseline 0.008 -44"><span class='ocrx_word' id='word_1_840' title='bbox 603 5398 692 5444; x_wconf 44' lang='lat'><strong>...&quot;</strong></span> <span class='ocrx_word' id='word_1_841' title='bbox 747 5398 927 5426; x_wconf 64' lang='grc' dir='ltr'><strong>ηιμ...»</strong></span> <span class='ocrx_word' id='word_1_842' title='bbox 993 5398 1099 5446; x_wconf 52' lang='grc' dir='ltr'><strong>..ιτ</strong></span> <span class='ocrx_word' id='word_1_843' title='bbox 1146 5398 1232 5436; x_wconf 62' lang='grc' dir='ltr'><strong>..ιν</strong></span> <span class='ocrx_word' id='word_1_844' title='bbox 1270 5398 1355 5433; x_wconf 57' lang='grc' dir='ltr'><strong>...ις</strong></span> <span class='ocrx_word' id='word_1_845' title='bbox 1393 5398 1478 5435; x_wconf 71' lang='grc' dir='ltr'><strong>υτ.</strong></span> <span class='ocrx_word' id='word_1_846' title='bbox 1511 5398 1566 5423; x_wconf 86' lang='grc' dir='ltr'><strong>υ.</strong></span> <span class='ocrx_word' id='word_1_847' title='bbox 1653 5398 2084 5452; x_wconf 35' lang='grc' dir='ltr'>’ζπαυηματωπὴ</span> <span class='ocrx_word' id='word_1_848' title='bbox 2133 5398 2263 5448; x_wconf 86' lang='grc' dir='ltr'>νοση</span> <span class='ocrx_word' id='word_1_849' title='bbox 2314 5398 2457 5433; x_wconf 92' lang='grc' dir='ltr'>ατων</span> <span class='ocrx_word' id='word_1_850' title='bbox 2483 5398 2542 5443; x_wconf 75' lang='grc' dir='ltr'>υ,</span> <span class='ocrx_word' id='word_1_851' title='bbox 2591 5398 2679 5435; x_wconf 81' lang='lat' dir='ltr'><strong>va.</strong></span> <span class='ocrx_word' id='word_1_852' title='bbox 2760 5398 2802 5413; x_wconf 80' lang='grc'><strong>’-</strong></span> <span class='ocrx_word' id='word_1_853' title='bbox 2834 5398 3106 5452; x_wconf 76' lang='grc' dir='ltr'>στεριφαι.</span> <span class='ocrx_word' id='word_1_854' title='bbox 3144 5398 3351 5453; x_wconf 88' lang='grc' dir='ltr'>στειραι</span> <span class='ocrx_word' id='word_1_855' title='bbox 3393 5398 3489 5437; x_wconf 82' lang='lat' dir='ltr'><strong>vo.</strong></span> <span class='ocrx_word' id='word_1_856' title='bbox 3570 5398 3617 5414; x_wconf 82' lang='lat'><strong>&quot;</strong></span> <span class='ocrx_word' id='word_1_857' title='bbox 3646 5398 3776 5436; x_wconf 76' lang='grc' dir='ltr'>απο-</span> 
     </span>
     <span class='ocr_line' id='line_1_112' title="bbox 518 5398 3776 5523; baseline 0 0"><span class='ocrx_word' id='word_1_858' title='bbox 518 5428 835 5523; x_wconf 59' lang='lat' dir='ltr'><strong>?mzss-</strong></span> <span class='ocrx_word' id='word_1_859' title='bbox 878 5431 1368 5523; x_wconf 47' lang='lat' dir='ltr'><strong>secessu</strong></span> <span class='ocrx_word' id='word_1_860' title='bbox 1511 5443 1611 5523; x_wconf 62' lang='lat' dir='ltr'><strong>2w?-</strong></span> <span class='ocrx_word' id='word_1_861' title='bbox 1640 5458 1738 5519; x_wconf 69' lang='grc' dir='ltr'>ῑτης</span> <span class='ocrx_word' id='word_1_862' title='bbox 1764 5444 2229 5523; x_wconf 52' lang='grc' dir='ltr'><strong>ὁδῳ-γενέσθω</strong></span> <span class='ocrx_word' id='word_1_863' title='bbox 2252 5398 2513 5523; x_wconf 56' lang='grc' dir='ltr'><strong>ἅψατε.</strong></span> <span class='ocrx_word' id='word_1_864' title='bbox 2544 5468 2598 5520; x_wconf 76' lang='grc' dir='ltr'><strong>ρ.</strong></span> <span class='ocrx_word' id='word_1_865' title='bbox 2636 5467 2708 5504; x_wconf 78' lang='grc' dir='ltr'><strong>ιη.</strong></span> <span class='ocrx_word' id='word_1_866' title='bbox 2789 5452 2837 5485; x_wconf 73' lang='grc' dir='ltr'>το</span> <span class='ocrx_word' id='word_1_867' title='bbox 2862 5453 3002 5516; x_wconf 75' lang='grc' dir='ltr'><strong>θεοῖς</strong></span> <span class='ocrx_word' id='word_1_868' title='bbox 3036 5451 3283 5523; x_wconf 64' lang='grc' dir='ltr'><strong>[αὐτοῖςι.</strong></span> <span class='ocrx_word' id='word_1_869' title='bbox 3312 5454 3499 5514; x_wconf 63' lang='grc' dir='ltr'>αὐτοῖς</span> <span class='ocrx_word' id='word_1_870' title='bbox 3526 5469 3638 5506; x_wconf 84' lang='lat' dir='ltr'><strong>om.</strong></span> <span class='ocrx_word' id='word_1_871' title='bbox 3678 5454 3776 5507; x_wconf 77' lang='lat' dir='ltr'><strong>va.</strong></span> 
     </span>
    </p>
   </div>
   <div class='ocr_carea' id='block_1_111' title="bbox 520 5498 3779 5619">
    <p class='ocr_par' dir='ltr' id='par_1_111' title="bbox 520 5498 3779 5619">
     <span class='ocr_line' id='line_1_113' title="bbox 520 5498 3779 5604; baseline 0.002 -35"><span class='ocrx_word' id='word_1_872' title='bbox 520 5498 567 5528; x_wconf 62' lang='grc'><strong>’³</strong></span> <span class='ocrx_word' id='word_1_873' title='bbox 597 5499 819 5581; x_wconf 74' lang='grc' dir='ltr'>πιστῶς·</span> <span class='ocrx_word' id='word_1_874' title='bbox 877 5502 941 5554; x_wconf 58' lang='grc' dir='ltr'><strong>ἐκ</strong></span> <span class='ocrx_word' id='word_1_875' title='bbox 991 5498 1229 5569; x_wconf 24' lang='grc' dir='ltr'>πίστεωςί</span> <span class='ocrx_word' id='word_1_876' title='bbox 1254 5506 1355 5561; x_wconf 74' lang='lat' dir='ltr'><strong>Vb-</strong></span> <span class='ocrx_word' id='word_1_877' title='bbox 1431 5507 1476 5541; x_wconf 75' lang='lat'><strong>&#39;°</strong></span> <span class='ocrx_word' id='word_1_878' title='bbox 1505 5498 1785 5580; x_wconf 57' lang='grc' dir='ltr'>δηλοῦντα.</span> <span class='ocrx_word' id='word_1_879' title='bbox 1825 5498 2797 5604; x_wconf 22' lang='grc' dir='ltr'>δεικνύντατνίῖΪ’θίὴγεξνενῖμέῦωι</span> <span class='ocrx_word' id='word_1_880' title='bbox 3311 5498 3779 5594; x_wconf 59' lang='lat' dir='ltr'><strong>&quot;3&quot;3éipféé</strong></span> 
     </span>
     <span class='ocr_line' id='line_1_114' title="bbox 524 5565 3779 5619; baseline 0.001 -2"><span class='ocrx_word' id='word_1_881' title='bbox 524 5565 623 5619; x_wconf 74' lang='lat' dir='ltr'><strong>Vb.</strong></span> <span class='ocrx_word' id='word_1_882' title='bbox 697 5569 743 5600; x_wconf 80' lang='grc'>⁸³</span> <span class='ocrx_word' id='word_1_883' title='bbox 776 5569 991 5619; x_wconf 71' lang='grc' dir='ltr'><strong>ιῆἲοιη-</strong></span> <span class='ocrx_word' id='word_1_884' title='bbox 1030 5573 1087 5619; x_wconf 81' lang='lat' dir='ltr'><strong>R-</strong></span> <span class='ocrx_word' id='word_1_885' title='bbox 1124 5576 1216 5619; x_wconf 63' lang='lat' dir='ltr'><strong>Vn.</strong></span> <span class='ocrx_word' id='word_1_886' title='bbox 1295 5577 1343 5607; x_wconf 69' lang='grc' dir='ltr'><strong>εδ</strong></span> <span class='ocrx_word' id='word_1_887' title='bbox 1364 5579 1637 5619; x_wconf 58' lang='lat' dir='ltr'><strong>«rt-mimum</strong></span> <span class='ocrx_word' id='word_1_888' title='bbox 1693 5584 1987 5619; x_wconf 62' lang='grc' dir='ltr'><strong>ντυιὲηοευη.</strong></span> <span class='ocrx_word' id='word_1_889' title='bbox 2043 5588 2081 5619; x_wconf 81' lang='lat' dir='ltr'><strong>n</strong></span> <span class='ocrx_word' id='word_1_890' title='bbox 2178 5589 2223 5619; x_wconf 76' lang='grc' dir='ltr'><strong>οι</strong></span> <span class='ocrx_word' id='word_1_891' title='bbox 2256 5589 2310 5619; x_wconf 77' lang='grc' dir='ltr'><strong>..ι</strong></span> <span class='ocrx_word' id='word_1_892' title='bbox 2340 5589 2392 5619; x_wconf 64' lang='lat' dir='ltr'><strong>tu</strong></span> <span class='ocrx_word' id='word_1_893' title='bbox 2434 5590 2508 5619; x_wconf 83' lang='grc' dir='ltr'><strong>ι-.</strong></span> <span class='ocrx_word' id='word_1_894' title='bbox 2547 5607 2756 5619; x_wconf 75' lang='lat'><strong>.......-..-</strong></span> <span class='ocrx_word' id='word_1_895' title='bbox 2810 5595 2859 5619; x_wconf 73' lang='grc' dir='ltr'><strong>..ι</strong></span> <span class='ocrx_word' id='word_1_896' title='bbox 2891 5592 2945 5619; x_wconf 63' lang='grc' dir='ltr'>ιι</span> <span class='ocrx_word' id='word_1_897' title='bbox 2970 5594 3021 5619; x_wconf 85' lang='grc' dir='ltr'>,ι</span> <span class='ocrx_word' id='word_1_898' title='bbox 3047 5593 3155 5619; x_wconf 69' lang='lat'><strong>..:...</strong></span> <span class='ocrx_word' id='word_1_899' title='bbox 3194 5593 3233 5619; x_wconf 76' lang='grc' dir='ltr'><strong>ι)</strong></span> <span class='ocrx_word' id='word_1_900' title='bbox 3267 5596 3318 5619; x_wconf 76' lang='grc' dir='ltr'>,ι</span> <span class='ocrx_word' id='word_1_901' title='bbox 3348 5594 3399 5619; x_wconf 61' lang='grc' dir='ltr'><strong>υ</strong></span> <span class='ocrx_word' id='word_1_902' title='bbox 3433 5610 3512 5619; x_wconf 79' lang='lat'><strong>--.</strong></span> <span class='ocrx_word' id='word_1_903' title='bbox 3566 5569 3779 5619; x_wconf 36' lang='lat' dir='ltr'><strong>Imm“-</strong></span> 
     </span>
    </p>
   </div>
   <div class='ocr_carea' id='block_1_112' title="bbox 518 5569 3781 5696">
    <p class='ocr_par' dir='ltr' id='par_1_112' title="bbox 518 5569 3781 5696">
     <span class='ocr_line' id='line_1_115' title="bbox 518 5569 3781 5696; baseline 0.012 -77"><span class='ocrx_word' id='word_1_904' title='bbox 697 5569 858 5696; x_wconf 57' lang='lat' dir='ltr'><strong>“&#39;“ﬁy</strong></span> <span class='ocrx_word' id='word_1_905' title='bbox 881 5586 991 5625; x_wconf 89' lang='lat' dir='ltr'><strong>om.</strong></span> <span class='ocrx_word' id='word_1_906' title='bbox 1030 5573 1088 5636; x_wconf 84' lang='grc' dir='ltr'>Β,</span> <span class='ocrx_word' id='word_1_907' title='bbox 1124 5576 1217 5630; x_wconf 85' lang='lat' dir='ltr'><strong>Va.</strong></span> <span class='ocrx_word' id='word_1_908' title='bbox 1295 5569 1660 5649; x_wconf 69' lang='grc' dir='ltr'>⁸δγενόμένοι.</span> <span class='ocrx_word' id='word_1_909' title='bbox 1693 5584 1990 5648; x_wconf 74' lang='grc' dir='ltr'>γενώαενοι</span> <span class='ocrx_word' id='word_1_910' title='bbox 2042 5588 2099 5641; x_wconf 89' lang='grc' dir='ltr'><strong>Β.</strong></span> <span class='ocrx_word' id='word_1_911' title='bbox 2157 5569 2311 5644; x_wconf 54' lang='grc' dir='ltr'>Ῑίαί</span> <span class='ocrx_word' id='word_1_912' title='bbox 2340 5569 2520 5643; x_wconf 64' lang='grc' dir='ltr'>δὲ’ἐτί</span> <span class='ocrx_word' id='word_1_913' title='bbox 2540 5569 3405 5663; x_wconf 54' lang='grc' dir='ltr'><strong>ὶϊιὲῖἳᾶᾖιῖὰίὲέ</strong></span> <span class='ocrx_word' id='word_1_914' title='bbox 3433 5610 3515 5647; x_wconf 88' lang='grc' dir='ltr'><strong>τοι</strong></span> 
     </span>
     <span class='ocr_line' id='line_1_116' title="bbox 640 5645 1761 5696; baseline 0.004 -4"><span class='ocrx_word' id='word_1_915' title='bbox 640 5676 653 5688; x_wconf 73' lang='grc' dir='ltr'><strong>ι</strong></span> <span class='ocrx_word' id='word_1_916' title='bbox 845 5646 1231 5696; x_wconf 80' lang='grc' dir='ltr'>υντοαωέντας.</span> <span class='ocrx_word' id='word_1_917' title='bbox 1266 5645 1673 5696; x_wconf 74' lang='grc' dir='ltr'>ξυγγοαωέντας</span> <span class='ocrx_word' id='word_1_918' title='bbox 1701 5651 1761 5696; x_wconf 76' lang='grc' dir='ltr'><strong>Β-</strong></span> 
     </span>
    </p>
   </div>
   <div class='ocr_carea' id='block_1_113' title="bbox 845 5645 1761 5721">
    <p class='ocr_par' dir='ltr' id='par_1_113' title="bbox 845 5645 1761 5721">
     <span class='ocr_line' id='line_1_117' title="bbox 845 5645 1761 5721; baseline 0.013 -27"><span class='ocrx_word' id='word_1_919' title='bbox 845 5646 1231 5713; x_wconf 85' lang='grc' dir='ltr'>υντραφέντας.</span> <span class='ocrx_word' id='word_1_920' title='bbox 1266 5645 1673 5721; x_wconf 67' lang='grc' dir='ltr'>ξυγγραῴέντας</span> <span class='ocrx_word' id='word_1_921' title='bbox 1700 5645 1761 5705; x_wconf 82' lang='grc' dir='ltr'><strong>Β.</strong></span> 
     </span>
    </p>
   </div>
  </div>
