3974 6196
237 288 377 358 1033

908 289 1345 353 GRAECARUM
1378 291 1679 354 AFFECT.
1722 264 2075 355 CURA’I‘IO.
2106 291 2295 352 —Ix.
2338 292 2436 352 DE
2475 290 2821 351 LEGIBUS.

3362 288 3499 353 1034

230 403 498 476 τομένους
528 404 654 467 τοὺς
686 401 969 471 δαίμονας.
1000 396 1083 467 οἷς
1112 397 1254 473 ἦσαν
1289 402 1593 476 ὑποχείριοι
1621 404 1809 459 πάλαι.

1928 411 2065 458 sunt.
2090 402 2168 459 Ac
2197 402 2511 473 philosophi
2561 401 2783 472 quidem
2830 408 2889 454 et
2940 394 3197 455 oratores
3232 400 3499 456 oblivioni

230 495 429 551 Πολλοὶ
457 495 515 549 δὲ
552 495 643 548 καὶ
694 494 857 564 ἱερεῖς
886 495 978 547 καὶ
1010 494 1273 565 νεωκόροι
1308 493 1377 547 τὰ
1404 494 1548 549 κατὰ
1567 496 1668 566 τῆς
1688 495 1814 551 ἀσε-

233 587 393 652 ϐείας
418 586 723 655 ἀνέστησαν
747 585 1003 656 τρόπαια.
1061 586 1157 639 Ἐκ
1193 586 1451 640 τοιούτων
1486 585 1696 656 ἀνδρῶν
1718 587 1815 639 καὶ

230 676 513 747 γυναικῶν
553 674 887 748 ξυνέστησαν
926 677 978 729 oi
1027 676 1138 731 τῶν
1178 676 1470 748 μαρτύρων
1498 677 1667 750 χοροί.
1705 680 1815 732 Καὶ
1846 735 1853 742 ,

106 796 123 805 -
230 771 511 838 φιλόσοφοι
562 766 665 836 μὲν
695 769 789 822 καὶ
829 769 1060 840 ῥήτορες
1113 768 1508 838 παραδέδονται
1554 770 1600 802 ⁸⁷
1653 769 1813 843 λήθῃ,

230 861 325 913 καὶ
355 859 619 929 βασιλέων
650 861 746 913 καὶ
794 860 1117 932 στρατηγῶν
1156 861 1277 916 οὐδὲ
1304 863 1402 925 τὰς
1445 864 1816 936 προσηγορίας

228 949 597 1017 γινώσκουσιν
628 951 679 1003 οἱ
726 951 931 1016 πολλοὶ,
963 953 1061 1016 τὰς
1098 952 1155 1005 δὲ
1183 952 1293 1007 τῶν
1324 953 1620 1026 μαρτύρων
1649 973 1817 1027 προσ-

226 1043 465 1112 ηγορίας
503 1042 704 1112 μᾶλλον
744 1042 924 1095 ἴσασιν
956 1044 1193 1108 ἅπαντες
1225 1046 1259 1116 ἢ
1292 1045 1364 1098 τά
1398 1045 1508 1099 τῶν
1545 1046 1816 1115 φιλτάτων

122 1180 147 1191 ..
224 1134 475 1206 ὀνόματα
499 1152 514 1166 ·
550 1136 645 1188 καὶ
674 1138 787 1198 τοῖς
816 1136 973 1189 παισὶ
997 1135 1054 1188 δὲ
1082 1137 1181 1200 τὰς
1209 1136 1416 1192 τούτων
1447 1139 1816 1210 προσηγορίας

226 1227 538 1281 ἐπιτιθέναι
566 1227 982 1291 σπουδάζουσιν,
1012 1228 1313 1297 ἀσφάλειαν
1342 1229 1529 1291 αὐτοῖς
1567 1229 1818 1284 ἐντεῦθεν

225 1320 331 1374 καὶ
369 1320 621 1393 φυλακὴν
653 1319 700 1352 ⁸⁸
744 1318 1150 1391 μηχανώμενοι.
1188 1320 1299 1373 Καὶ
1329 1319 1383 1373 τί
1414 1319 1557 1389 λέγω
1605 1321 1818 1388 φιλοσό-

227 1426 373 1479 φους
406 1409 501 1463 καὶ
525 1408 805 1479 βασιλέας,
842 1409 938 1463 καὶ
970 1408 1348 1481 στρατηγούς;
1375 1411 1466 1464 καὶ
1494 1410 1605 1481 γὰρ
1640 1412 1817 1465 αὐτῶν

223 1500 347 1553 ⁶τῶν
376 1500 728 1571 καλουμένων
750 1501 888 1556 θεῶν
909 1500 1008 1570 τὴν
1030 1494 1249 1574 μνήμην
1270 1507 1333 1555 ὲκ
1353 1504 1451 1573 τῆς
1477 1503 1583 1555 τῶν
1608 1503 1705 1557 ἀνθ
1714 1502 1819 1575 ρώ-

226 1607 358 1645 πων
398 1591 690 1662 ἐξήλειψαν
729 1591 989 1656 διανοίας.
1023 1593 1104 1646 Τὰ
1149 1594 1248 1664 μὲν
1274 1593 1386 1665 γὰρ
1418 1595 1641 1648 ἐκείνων
1677 1594 1820 1648 οὕτω

227 1682 518 1745 παντελῶς
541 1682 761 1751 διελύθη
796 1683 842 1715 ⁸η
874 1685 1100 1754 τεμένη,
1124 1683 1201 1747 ὡς
1229 1684 1361 1755 μηδὲ
1393 1684 1502 1737 τῶν
1527 1686 1821 1755 σχημάτων

1920 494 2033 550 dati
2060 503 2223 560 sunt;
2259 495 2649 565 imperatorum
2678 507 2809 548 vero
2845 507 2908 547 ac
2936 506 3258 562 magnorum
3296 492 3506 546 ducum

1921 601 1991 641 ne
2014 585 2236 641 nomina
2268 585 2495 654 quidem
2533 584 2783 654 plerique
2823 584 2988 639 hodie
3017 592 3258 638 norunt:
3294 591 3503 655 marty-

1922 693 2043 731 rum
2088 688 2273 732 autem
2325 677 2546 732 nomina
2597 676 2815 731 notiora
2859 684 2987 731 sunt
3034 675 3292 730 omnibus
3335 689 3505 745 quam

1920 766 2293 823 familiarium.
2310 768 2469 835 ’Quin
2496 777 2554 823 et
2583 768 2939 823 nascentibus
2966 767 3093 822 filiis
3117 768 3313 822 horum
3336 782 3506 823 voca-

1923 858 2052 913 bula
2084 858 2368 928 imponere
2402 859 2661 923 student,
2690 861 3050 914 securitatem
3102 860 3228 915 inde
3260 860 3395 929 ipsis
3421 870 3513 916 tu-

1924 951 2200 1021 telamque
2222 960 2625 1021 comparantes.
2668 950 2775 1005 Sed
2807 951 2941 1021 quid
2980 966 3081 1021 ego
3123 952 3503 1022 philosophos,

1922 1053 1978 1099 et
2002 1043 2381 1114 imperatores,
2422 1044 2700 1113 ducesque
2737 1058 3131 1107 commemoro,
3162 1059 3288 1098 cum
3311 1060 3506 1099 eorum

1923 1150 2164 1205 quoque,
2213 1134 2308 1204 qui
2340 1133 2544 1205 passim
2596 1133 2675 1187 dii
2729 1132 3071 1198 ferebantur,
3123 1135 3442 1190 memoriam
3474 1151 3508 1191 e

1924 1235 2108 1283 mente
2135 1226 2421 1281 hominum
2464 1224 3073 1280 aboleverint?llorum
3114 1225 3262 1279 enim
3305 1226 3506 1297 templa

1925 1317 2005 1372 sic
2027 1318 2310 1373 destructa
2344 1326 2492 1382 sunt,
2543 1323 2604 1371 ut
2639 1331 2708 1371 ne
2745 1315 3046 1386 figurarum
3077 1318 3092 1335 '
3124 1316 3345 1385 quidem
3378 1332 3508 1385 per-

1926 1409 2193 1464 manserit
2222 1409 2454 1479 species,
2482 1422 2585 1463 nec
2609 1421 2829 1461 ararum
2866 1406 3099 1460 formam
3133 1406 3297 1477 hujus
3321 1407 3508 1462 saeculi

1926 1499 2181 1554 homines
2226 1499 2404 1553 sciant
2440 1516 2452 1551 :
2485 1498 2681 1552 harum
2718 1503 2902 1552 autem
2936 1497 3168 1552 materia
3206 1505 3509 1569 martyrum

1926 1592 2070 1646 fanis
2108 1591 2285 1645 dicata
2313 1598 2418 1645 est.
2454 1590 2596 1645 Suos
2626 1591 2774 1646 enim
2806 1599 3057 1659 mortuos
3077 1590 3342 1645 Dominus
3363 1590 3511 1645 Deus

1929 1692 2118 1738 noster
2160 1683 2215 1736 in
2254 1683 2458 1752 templa
2483 1697 2587 1752 pro
2629 1681 2737 1736 diis
2760 1681 2961 1735 vestris
2990 1679 3244 1733 induxit:
3278 1694 3340 1733 ac
3387 1679 3511 1734 illos

224 1774 509 1843 διαμεῖναι
543 1773 602 1825 τὸ
638 1770 799 1840 εἶδος,
833 1774 967 1845 μηδὲ
1005 1774 1116 1829 τῶν
1157 1775 1359 1846 βωμῶν
1379 1776 1468 1829 τὸν
1501 1776 1668 1831 τύπον
1698 1779 1822 1841 τοὺς

1928 1774 2148 1845 quidem
2182 1788 2365 1828 cassos
2390 1788 2670 1843 vanosque
2704 1772 2967 1837 reddidit,
3010 1772 3096 1827 his
3121 1780 3304 1827 autem
3334 1771 3511 1826 bono-4

226 1864 334 1918 νῦν
361 1863 686 1935 ἀνθρώπους
712 1866 1064 1919 ἐπίστασθαιο
1094 1868 1151 1920 αί
1188 1868 1246 1921 δὲ
1278 1867 1485 1921 τούτων
1525 1869 1647 1922 ὗλαι
1691 1870 1823 1923 καθ-

226 1956 564 2027 ωσιώθησαν
596 1959 707 2020 τοῖς
738 1957 847 2010 τῶν
873 1957 1169 2030 μαρτύρων
1205 1963 1413 2028 σηκοῖς.
1448 1960 1587 2024 Τοὺς
1613 1962 1720 2033 γὰρ
1745 1965 1824 2015 οξ·

231 2048 419 2111 κείους
441 2047 671 2117 νεκροὺς
691 2050 719 2100 ὁ
745 2047 1024 2120 Δεσπότης
1039 2048 1323 2119 ἁντεισῆξε
1339 2052 1450 2113 τοῖς
1478 2051 1763 2121 ὑμετέροις
1777 2054 1821 2085 ⁹⁰

233 2137 385 2201 θεοῖς
416 2153 430 2167 ’
469 2139 565 2191 καὶ
604 2122 735 2202 τοὺς
788 2139 886 2208 μὲν
934 2137 1198 2209 φρούδους
1238 2141 1506 2209 ἀπέφηνε,
1532 2140 1743 2205 τούτοις
1768 2142 1824 2196 δὲ

231 2229 303 2281 rb
336 2229 381 2262 ⁹¹
430 2228 656 2283 ἐκείνων
719 2229 990 2299 ἀπένειμε
1014 2213 1215 2301 γέρας.
1259 2229 1405 2283 Ἀντὶ
1447 2230 1557 2300 γάρ
1600 2230 1664 2301 δὴ
1715 2231 1825 2284 τῶν

237 2319 492 2373 Πανδίων
527 2320 573 2351 ⁹¹
613 2320 707 2373 καὶ⁵
737 2320 973 2373 Διασίων
1016 2321 1109 2373 καὶ
1145 2320 1437 2374 Διονυσίων
1466 2322 1560 2374 καὶ
1594 2322 1703 2374 τῶν
1734 2321 1826 2375 ἄλ-

232 2407 353 2461 λων
385 2407 541 2478 ὑμῶν
584 2407 812 2480 ἑορτῶν,
858 2409 1068 2479 Πέτρου
1109 2409 1203 2462 καὶ
1248 2409 1461 2462 Παύλου
1516 2410 1609 2464 καὶ
1653 2410 1825 2481 Θωμᾶ

181 2525 189 2533 ’
240 2500 340 2553 καὶ
373 2499 601 2568 Σεργίου
634 2501 729 2554 καὶ
774 2499 1100 2571 Μαρκέλλου
1129 2499 1223 2553 καὶ
1255 2498 1507 2553 Λεοντίου
1543 2498 1662 2571 [καὶ
1690 2502 1828 2554 Παν-

237 2591 595 2663 τελεήμονος]
617 2593 663 2624 ’³
679 2592 774 2645 καὶ
797 2591 1114 2644 Ἀντωνίνου
1146 2592 1243 2645 καὶ
1267 2591 1573 2663 Μαυρικίου
1600 2592 1826 2645 καὶτῶν

238 2683 422 2738 ἄλλων
487 2683 783 2756 μαρτύρων
834 2682 990 2755 [123]
1034 2682 1405 2736 ἐπιτελοῦνται
1445 2683 1822 2755 δημοθοινίαι·

239 2774 341 2826 καὶ
378 2775 498 2827 ἀντὶ
527 2774 627 2843 τῆς
666 2774 836 2828 πάλαι
863 2773 910 2807 ’⁸
954 2774 1230 2844 πομπείας
1280 2773 1376 2828 καὶ
1433 2775 1827 2849 αἰσχρουργίας

239 2865 345 2919 καὶ
394 2866 944 2938 αἰσχῳρρημοσύνης
984 2865 1261 2936 σώφρονες
1312 2867 1660 2937 ἑορτάζονται
1693 2884 1829 2921 παν-

239 2956 497 3025 ηγύρεις,
544 2959 604 3010 ού
644 2957 818 3029 μέθην
856 2957 1080 3029 ἔχουσαι
1120 2958 1212 3010 καὶ
1247 2956 1432 3029 κῶμον
1474 2960 1567 3012 καὶ
1591 2960 1826 3029 γέλωτα,

241 3048 361 3102 ἀλλ’
408 3047 610 3119 ὕμνους
653 3048 832 3113 θείους
864 3049 954 3102 καὶ
982 3047 1143 3120 ἱερῶν
1174 3048 1370 3117 λογίων
1407 3050 1696 3122 ἀκρόασιν,
1732 3052 1825 3105 καὶ

1926 1881 2042 1920 rem
2071 1865 2289 1918 illorum
2318 1864 2594 1923 attribuit.
2618 1866 2723 1919 Pro
2742 1864 2964 1919 Pandiis
2979 1865 3147 1929 enim,
3180 1864 3507 1935 Diasiisque,

1924 1972 1989 2011 ac
2017 1957 2309 2027 Dionysiis,
2336 1966 2391 2011 et
2421 1957 2543 2011 aliis
2572 1956 2727 2012 festis
2744 1956 2963 2022 vestris,
2988 1957 3159 2021 Petri,
3184 1967 3239 2012 et
3263 1958 3436 2022 Pauli,
3454 1967 3512 2013 et

1925 2048 2171 2114 Thomze,
2196 2059 2253 2105 et
2277 2050 2476 2121 Sergii,
2501 2059 2557 2105 et
2590 2049 2853 2115 Marcelli,
2884 2058 2942 2104 et
2980 2049 3229 2114 Leontii,
3266 2058 3323 2104 et
3364 2050 3509 2106 Pan-

1927 2140 2272 2204 teleemonis,
2318 2151 2373 2196 et
2437 2140 2724 2206 Antonini,
2771 2151 2825 2197 ct
2871 2141 3120 2195 Mauricii
3165 2141 3510 2211 aliorumque

1927 2241 2227 2303 martyrum
2258 2233 2634 2289 solemnitates
2659 2242 3037 2304 peraguntur;
3086 2240 3142 2287 et
3167 2248 3267 2303 pro
3296 2216 3390 2286 illa
3415 2248 3511 2288 vc-

1927 2327 2030 2381 teri
2058 2344 2255 2400 pompa
2299 2331 2556 2401 turpique
2594 2344 2781 2384 rerum
2829 2344 2893 2383 ac
2936 2327 3231 2383 verborum
3257 2327 3502 2383 obsceni-

1931 2424 2060 2483 tate,
2090 2421 2350 2475 modeste
2379 2421 2731 2475 celebrantur
2754 2418 3101 2482 festivitates,
3133 2434 3243 2473 non
3271 2417 3510 2472 ebrieta-

1929 2517 2059 2574 tem,
2089 2509 2255 2582 924
2281 2520 2336 2565 et
2362 2512 2519 2581 jocos
2547 2511 2801 2579 risusque
2830 2508 3177 2571 exhibentes,
3201 2507 3298 2561 sed
3321 2506 3509 2561 divina

1927 2600 2138 2654 cantica
2165 2640 2179 2664 ,
2219 2615 2611 2669 sacrorumque
2666 2611 2985 2653 sermonum
3031 2594 3392 2657 auditionem,
3453 2600 3511 2648 et

1928 2706 2119 2761 preces
2142 2690 2780 2762 laudabilibuslacrymis
2796 2697 3037 2743 ornatas.
3060 2686 3196 2743 Cum
3228 2687 3417 2757 igitur,
3442 2699 3510 2740 ex

1928 2782 2138 2837 honore
2169 2784 2505 2855 martyribus
2544 2782 2747 2846 delato,
2775 2780 2908 2851 quid
2933 2780 3186 2851 utilitatis
3220 2777 3512 2850 proveniat

1930 2875 2190 2938 cernatis,
2217 2875 2407 2945 fugite,
2430 2874 2616 2939 amici,
2642 2875 2952 2927 dzemonum
2980 2885 3245 2935 errorem,
3279 2870 3509 2940 praevia-

1929 2980 2037 3036 que
2068 2965 2286 3020 illorum
2323 2964 2439 3020 face
2476 2972 2639 3034 atque
2668 2962 2836 3017 ductu
2857 3001 2872 3026 ,
2895 2960 3040 3015 viam
3065 2959 3332 3030 capessite
3350 2998 3365 3024 ,
3389 2972 3512 3026 qua:

1930 3056 1997 3113 ad
2020 3057 2191 3112 Deum
2210 3055 2484 3127 perducit,
2506 3064 2568 3111 ut
2592 3055 2649 3110 in
2678 3051 2975 3109 immortali
2997 3066 3114 3108 aevo
3141 3052 3359 3107 illorum
3380 3050 3511 3105 cho-

247 3141 560 3211 προσευχὴν
647 3130 983 3205 ἀξιεπαίνοις
1072 3140 1457 3212 κοσμουμένην
1544 3141 1822 3213 δακρύοις.

1932 3145 2010 3200 ris
2033 3152 2090 3199 et
2111 3125 2403 3215 praesentia
2422 3143 2805 3215 perfruamini.

256 3229 524 3302 Ὀρῶντες
565 3233 748 3285 τοίνυν
790 3236 891 3304 τῆς
922 3232 1033 3285 τῶν
1069 3232 1364 3304 μαρτύρων
1391 3231 1558 3303 τιμῆς
1589 3233 1650 3285 τὸ
1681 3233 1980 3305 ὠφέλιμον,
2021 3236 2275 3305 φεύγετε,
2305 3230 2351 3289 ὦ
2412 3236 2579 3305 φίλοι,
2643 3236 2751 3289 τῶν
2783 3235 3056 3307 δαιμόνων
3114 3233 3208 3289 τὸν
3273 3232 3508 3296 πλάνον,

240 3326 345 3379 καὶ
377 3324 585 3389 τούτοις
618 3325 902 3397 φωστῆρσι
958 3325 1054 3380 καὶ¹
1120 3325 1378 3396 ποδηγοῖς
1425 3326 1758 3395 κεχρημένοι
1795 3327 1893 3398 τὴν
1932 3329 2069 3400 πρὸς
2104 3326 2244 3400 [τὸν]
2290 3328 2336 3360 ’⁸
2371 3327 2505 3381 Θεὸν
2549 3327 2787 3397 ἄγουσαν
2836 3324 3064 3399 πορείαν
3109 3323 3388 3391 ὁδεύσατε,
3423 3322 3513 3378 ἶνα

241 3419 348 3489 τῆς
372 3416 577 3471 τούτων
615 3417 836 3491 χορείας
862 3418 923 3471 ὲν
947 3418 1064 3482 τοῖς
1090 3417 1421 3487 ἁνωλὲθροις
1462 3416 1623 3470 αίῶσι
1656 3418 1983 3490 μετάσχητε.

876 3554 1096 3609 ΛΟΓΟΣ
1128 3554 1207 3610 ϐ’.

832 3668 975 3737 Περὶ
994 3656 1225 3739 ’νόμωντ

328 3782 541 3854 Ὑμεῖς,
570 3782 693 3855 μὲν,
725 3775 771 3835 ὦ
819 3782 1033 3854 ἄνδρες,
1064 3784 1581 3855 κεκαλλιεπημένων
1609 3784 1821 3837 ποθεῖτε

2522 3551 2807 3608 SERMO
2838 3550 2937 3611 IX.

2547 3665 2627 3720 De
2653 3664 2870 3738 legibus.

2001 3778 2112 3835 Vos
2149 3774 2405 3848 quidem,
2437 3792 2471 3832 ο
2505 3776 2641 3841 viri,
2679 3777 2961 3848 elegantes
3000 3786 3357 3851 comptosque
3389 3793 3508 3833 ser-

243 3874 421 3943 λόγων
457 3874 700 3939 ἀκούειν,
733 3875 829 3929 καὶ
879 3876 1090 3941 τούτοις
1117 3875 1544 3949 κατακηλεῖσθαι
1586 3875 1820 3948 ζητεῖτε’

1929 3884 2123 3926 mones
2151 3868 2344 3924 audire
2371 3867 2594 3939 cupitis,
2624 3878 2790 3938 atque
2811 3868 2899 3923 his
2927 3883 3091 3939 quam
3117 3868 3352 3924 maxime
3381 3884 3511 3939 pcr-

244 3962 304 4022 οὗ
331 3967 377 4021 δ’
416 3966 482 4022 ἂν
511 3965 735 4032 τούτους
767 3967 840 4041 μὴ
868 3966 1104 4042 εὕροιτε,
1137 3969 1331 4038 γελᾶτε
1364 3970 1458 4024 καὶ
1485 3967 1820 4039 κωμῳδεῖτε,

1929 3962 2162 4020 mulceri
2206 3962 2451 4034 queritis
2482 3979 2496 4015 :
2528 3960 2624 4017 ubi
2659 3976 2793 4017 vero
2839 3962 2975 4017 tales
3011 3977 3122 4017 non
3158 3962 3505 4023 inveneritis.

245 4058 340 4111 καὶ
369 4058 469 4123 τὰς
503 4060 674 4123 ἀκοὰς
710 4058 888 4129 βύετε,
919 4061 1013 4113 καὶ
1041 4060 1150 4115 τῶν
1175 4060 1485 4130 λεγομένων
1513 4060 1727 4113 ἐπαΐειν
1758 4058 1817 4113 ού

1929 4056 2044 4111 risu
2076 4054 2254 4113 effuso
2281 4053 2568 4120 inceditis,
2606 4068 2880 4125 auresque
2919 4054 3244 4119 Obstruitis,
3284 4063 3342 4111 et
3384 4069 3507 4126 quas

246 4148 519 4218 βούλεσθε.
581 4150 729 4204 Ἐδει
761 4149 816 4204 δὲ
860 4152 1108 4216 συνιδεῖν,
1137 4152 1212 4215 ὡς
1249 4152 1318 4207 τὰ
1347 4151 1515 4205 πολλὰ
1545 4151 1654 4205 τῶν
1679 4152 1819 4220 ἄγαν

1928 4147 2193 4205 dicuntur
2219 4146 2416 4203 audire
2439 4163 2551 4203 non
2578 4147 2766 4203 vultis.
2798 4146 3165 4204 Considerare
3197 4156 3379 4204 autem
3405 4163 3505 4203 vos

242 4239 585 4307 τιμιωτάτων
638 4240 697 4293 ὲν
734 4239 981 4312 ἐλύτροις
1011 4241 1057 4274 ⁸⁸
1098 4241 1338 4295 εὐτελέσι
1366 4240 1702 4296 καλύπτεται
1748 4242 1815 4298 ³⁷.

1928 4240 2217 4311 oportebat
2248 4240 2510 4313 pleraque
2537 4254 2729 4294 eorum
2765 4255 2886 4311 qua:
2936 4239 3158 4295 maximi
3186 4248 3315 4295 sunt
3340 4240 3500 4310 pretii

244 4329 353 4381 Kal.
383 4328 495 4400 γάρ
543 4329 636 4382 τὸν
678 4328 944 4401 πολυτελῆ
989 4331 1356 4402 μαργαρίτην,
1391 4329 1486 4384 καὶ
1515 4330 1626 4394 τοῖς
1658 4328 1821 4382 πλου-

1928 4333 2130 4389 vilibus
2150 4331 2451 4388 involucris
2479 4332 2682 4403 obtegi.
2710 4332 3015 4389 Pretiosum
3041 4332 3187 4387 enim
3216 4330 3499 4391 unionem.

242 4418 400 4472 τοῦσι
445 4420 1310 4493 τριπόθητον,’εὐκαταφρόνητον
1342 4421 1567 4495 δστρεον
1604 4422 1699 4475 καὶ
1736 4422 1817 4476 τί-

1928 4434 1981 4479 et
2003 4440 2035 4480 a
2059 4423 2328 4481 divitibus
2358 4426 2689 4496 expetitum,
2731 4424 2857 4481 vilis
2882 4432 3022 4482 testa
3049 4423 3195 4496 parit
3218 4431 3274 4479 et
3304 4421 3498 4482 nutrit.

245 4525 366 4563 κτει
411 4511 507 4564 καὶ
532 4514 740 4584 τρέφει,
770 4514 866 4570 καὶ
911 4515 1094 4586 μέντοι
1125 4514 1220 4567 καὶ
1247 4513 1645 4592 κατακρύπτειο
1682 4515 1732 4571 oi
1757 4514 1815 4569 δὲ

1928 4516 2198 4588 simulque
2226 4514 2487 4575 occultat.
2518 4515 2624 4585 Qui
2652 4530 2787 4573 vero
2809 4516 2959 4573 hunc
2984 4522 3203 4577 emunt,
3235 4512 3354 4568 auri
3384 4510 3503 4584 plu—

243 4597 430 4654 τοῦτον
445 4597 1008 4677 ὠνούμενοι,χρυσίον
1039 4603 1273 4668 διδόντες
1305 4605 1388 4658 ὅτι
1421 4589 1655 4675 μάλιστα
1674 4605 1821 4659 πλεῖ-

1928 4607 2127 4668 rimum
2180 4609 2584 4681 persolventes,
2632 4617 2828 4666 testam
2868 4607 3095 4664 missam
3151 4606 3379 4661 faciunt.
3435 4603 3503 4659 Et

242 4714 366 4752 στον
399 4698 469 4763 ⁵⁸,
497 4697 712 4771 χαίρειν
743 4697 874 4751 ὲῶσι
903 4695 964 4751 τὺ
990 4696 1233 4769 ὄστρεον.
1269 4698 1378 4751 Καὶ
1423 4698 1536 4761 τοῖς
1572 4697 1818 4767 διαυγέσι

1928 4701 2270 4772 pellucentes
2291 4699 2416 4756 illas
2437 4715 2700 4772 gemmas,
2718 4715 2843 4771 qua:
2861 4700 3071 4771 regium
3097 4707 3261 4769 caput
3280 4705 3498 4763 ornant.

240 4788 297 4840 δὲ
332 4789 578 4853 λιθιδίοις
613 4787 864 4853 ὶκείνοις,
889 4787 929 4843 a
959 4786 1059 4859 τὴν
1102 4786 1386 4859 βασιλικὴν
1415 4788 1701 4859 διακοσμεῖ
1723 4805 1818 4843 κε-

1928 4792 2075 4847 aliud
2109 4807 2285 4863 genus
2315 4791 2519 4863 lapidis
2548 4790 2898 4847 extrinsecus
2929 4789 3103 4846 ambit
3129 4788 3325 4843 inutile
3364 4804 3377 4840 :
3406 4786 3497 4858 qui

243 4878 439 4952 φαλὴν,
470 4880 637 4952 ἑτέρα
655 4879 805 4935 λίθου
837 4879 998 4950 φύσις
1033 4880 1237 4948 ἔξωθεν
1263 4880 1572 4953 περίκειται
1612 4881 1816 4936 παντά-

1928 4895 2063 4937 vero
2088 4881 2188 4937 has
2206 4894 2452 4954 gemmas
2474 4880 2779 4953 expoliunt,
2801 4878 2948 4951 quod
2975 4876 3312 4950 superﬂuum
3338 4885 3424 4932 est
3445 4885 3502 4930 et

243 4982 410 5021 πασιν
444 4968 738 5040 ἄχρηστος·
774 4969 825 5023 οῖ
854 4968 909 5022 δὶ
956 4969 1047 5022 τοῦ
1079 4970 1283 5026 τοιοῦδε
1310 4972 1518 5042 κόσμου
1556 4971 1818 5043 δημιουρ-

1928 4972 2125 5030 inutile
2147 4981 2499 5045 amputantes
2525 4972 2987 5044 abradentesque,
3010 4970 3311 5028 lucentium
3339 4966 3499 5039 lapit.

242 5059 328 5125 γοὶ
354 5096 372 5123 ,
429 5059 622 5114 τούτου
650 5061 711 5115 τὸ
767 5060 1020 5130 περιττόν
1075 5078 1137 5116 τε
1196 5064 1292 5116 καὶ
1339 5062 1614 5134 ἄχρηστον
1665 5081 1821 5136 περι·

1928 5064 2105 5120 lorum
2141 5065 2378 5122 nitorem
2404 5064 2762 5137 patefaciunt.
2793 5067 2810 5085 '
2843 5061 3052 5119 Aurum
3081 5077 3324 5133 quoque,
3350 5058 3501 5133 quod

244 5148 539 5212 κόπτοντες
586 5167 646 5203 τε
691 5150 786 5204 καὶ
822 5149 1170 5220 ἀποξύοντες,
1210 5152 1320 5207 τῶν
1348 5152 1625 5222 διαφανῶν
1655 5152 1820 5207 λίθων

1928 5155 2091 5229 925
2127 5157 2294 5228 vulgo
2336 5166 2523 5214 amant
2544 5171 2756 5221 omnes,
2792 5162 3177 5226 etargentum,
3219 5162 3275 5224 et
3313 5168 3408 5218 aes,
3444 5161 3501 5206 et

1555 5309 1793 5367 VARIAE
1827 5310 2228 5375 LECTIONES.

340 5422 386 5494 ξ’
416 5424 829 5494 παραδέδονται.
893 5421 1306 5494 παραδέδωνται
1360 5420 1422 5478 C.
1501 5420 1578 5494 ‘”
1626 5424 1721 5494 καὶ
1783 5422 2027 5494 φυλακὴν
2080 5423 2351 5478 ἐντεῦθεν.
2416 5420 2813 5494 ὲντεὲῢθενμίκαῖ
2866 5420 3111 5494 φυλακὴν
3171 5421 3231 5476 Β.
3271 5489 3282 5494 _
3333 5419 3381 5455 ”
3414 5418 3493 5494 δέ-

459 5482 725 5563 κατελύθη
749 5493 854 5548 Vb.
926 5482 1314 5564 1[θἰἷψιετέρόυς.
1344 5491 1651 5564 ἡμετέρους,
1671 5493 1733 5549 C.
1761 5482 2016 5564 ἀντέταξέ
2046 5493 2148 5549 Vb.
2175 5508 2275 5564 pro
2302 5492 2606 5564 ἀντεισῆξε,
2669 5492 2717 5525 ’ί
2740 5482 3035 5564 τά-γέρα.
3064 5482 3124 5545 τὸ
3137 5522 3216 5564 -—_
3220 5489 3391 5561 γέρας

240 5562 287 5636 ’ξῗ
317 5558 617 5636 lla-vomu.”
644 5558 981 5636 eamme.
1005 5558 1131 5636 ⁸ἑ]μὶ
1172 5558 1297 5636 om.
1351 5558 1452 5636 καῖ
1496 5558 1752 5636 ῥιασίων.
1812 5562 1987 5636 Supra
2040 5564 2104 5636 δὴ
2129 5558 2261 5636 om.
2311 5565 2408 5620 Va.
2445 5632 2458 5636 _
2493 5558 2564 5636 _“
2590 5563 2708 5634 [καὶ
2755 5558 3241 5636 Παντελεὴμονρς]
3275 5558 3396 5636 eun

240 5633 705 5759 :.Sa>:)t;7:})8¢
732 5631 797 5688 C.
873 5632 919 5665 ”
949 5630 1085 5704 [τὸν]
1116 5645 1227 5686 om.
1262 5632 1323 5686 Β.
1410 5632 1456 5667 ⁸⁸
1490 5632 1753 5704 ἐλύτροις.
1792 5630 2102 5708 ὲνιλύτροις
2127 5634 2185 5690 Β.
2248 5705 2262 5711 _
2290 5636 2338 5670 ’7
2372 5630 2728 5725 καλύπτξται.
2775 5630 3109 5689 κεκάλυπται
3138 5630 3217 5687 BC
3271 5633 3318 5665 "
3341 5630 3492 5685 πλεῖ-

245 5717 386 5757 στον.
415 5712 596 5757 πλεῖον
624 5712 686 5757 L‘.
2592 5712 2609 5725 “

560 5798 829 5858 Parnm.
877 5796 992 5859 Gn.
1041 5795 1357 5858 LXXXIII.
1716 5807 1723 5814 '
2338 5768 2345 5771 ‘
3135 5794 3212 5856 33
