3974 6196
251 332 315 401 l‘tl
322 336 381 401 41

921 337 1359 400 GR/ECARUM
1390 332 1670 396 AFFECT
1726 332 2085 397 GURATIOE
2111 336 2297 398 -IX.
2342 336 2848 400 DE‘LEGIBUS.,

3362 324 3512 389 101i?

247 445 422 503 αὐτοῦ
452 444 874 502 διαπλασθιτσαν
905 446 1061 502 πόλιν
1089 448 1233 503 κατά
1267 446 1493 510 τούτους
1522 441 1816 517 προσέταξε

1923 442 2070 501 bilis.
2104 445 2447 505 Piscatorum
2479 463 2637 514 vero,-
2668 454 2726 503 et
2758 440 3203 517 publicanorum,
3238 440 3507 492 tentorio-

250 539 647 596 πολιτεύεσθαι.
690 537 852 593 Ἀλλά
893 539 987 594 τὸν
1031 541 1342 611 φιλόσοφον,
1382 540 1460 605 ὡς
1502 538 1823 610 φιλόσοφον,

248 632 347 684 καὶ
376 629 487 683 τῶν
517 627 824 698 νομοθετῶν
862 624 1002 684 εῖναι
1032 632 1429 702 σεμνυνόμενον
1451 630 1695 702 ἄριστον,
1719 645 1825 698 φυ-

245 718 500 791 λάξωμεν
529 719 856 791 ⁸²·εσχατον,
896 721 995 776 νῦν
1033 722 1088 776 δὲ
1114 721 1224 776 τῶν
1256 721 1474 776 Πυθίων
1500 722 1680 792 νόμων
1711 720 1823 791 (οὐ-

246 809 336 866 δὲν
370 810 478 880 γὰρ
506 809 751 883 διαφέρει
784 812 1017 877 Πυθίους
1046 813 1080 885 ἢ
1110 813 1509 886 Λυκουργείους
1537 813 1585 845 ⁸³
1614 812 1824 880 καλεῖν)

245 899 610 972 διελέγξωμεν
666 902 769 976 τὴν
803 904 1106 960 ἀσθένειαν.
1157 905 1315 977 Ἀμα
1362 922 1422 959 τε
1486 905 1597 977 γὰρ
1653 921 1824 977 προσ-

243 989 441 1059 έταξαν
498 993 556 1047 οί
591 992 853 1065 Ῥωμαῖοι
912 996 1139 1060 τούτους
1210 997 1403 1067 ἀργεῖν
1446 1037 1461 1062 ,
1523 996 1633 1050 καὶ»
1694 996 1825 1060 τοὺς

248 1082 543 1153 σφετέρους
597 1084 645 1117 ⁵⁸
702 1088 948 1157 κρατεῖν,
1011 1087 1108 1141 καὶ
1158 1086 1375 1159 διελύθη
1424 1087 1535 1141 τῶν
1581 1087 1827 1158 Λυκούρ-

247 1189 348 1244 γου
378 1175 425 1209 ⁸³
452 1177 516 1230 τὸ
547 1176 764 1249 ἄμαχον
793 1178 1017 1249 κράτος·
1052 1178 1164 1233 τῶν
1195 1179 1260 1233 δὲ
1284 1178 1476 1233 ἀλιέων
1504 1195 1562 1232 τε
1595 1178 1689 1233 καὶ
1715 1177 1824 1232 τῶν

244 1266 495 1322 τελωνῶν
527 1268 574 1301 ⁸⁸
621 1269 721 1323 xal‘
763 1269 861 1324 τοῦ
896 1269 1274 1342 σκηωρῤἀφου
1322 1269 1452 1333 τοὺς
1504 1268 1705 1339 νόμους
1759 1269 1822 1322 οὐ

166 1380 183 1389 κ·
242 1357 406 1424 Γάῖος
434 1359 675 1430 ἴσχυσεν,
707 1361 768 1415 ού
804 1361 1070 1426 Κλαύδιος
1108 1360 1447 1427 καταλῦσαι,
1482 1362 1550 1414 ού
1569 1360 1761 1432 Νέρων
1795 1363 1824 1415 ὁ

246 1450 365 1518 μετ’
411 1448 693 1516 ἐκείνους,
730 1449 826 1503 καλ⁸
865 1449 1038 1505 ταῦτα
1078 1450 1172 1505 δύο
1216 1450 1326 1505 τῶν
1356 1450 1662 1522 νομοθετῶν
1698 1453 1824 1517 τοῦς

242 1537 499 1610 ἀρίστους
552 1539 989 1605 κατακοντίσας,
1041 1540 1136 1595 xal
1188 1540 1298 1612 γὰρ
1345 1538 1480 1613 [τὸν]
1524 1541 1569 1573 ⁸⁷
1615 1540 1825 1613 Πέτρον

241 1629 449 1695 ἐκεῖνος
473 1631 520 1663 ⁵⁸
548 1631 641 1685 καί
680 1629 819 1703 [τὸν]
850 1630 1067 1688 Παῦλον
1094 1632 1304 1687 ἀνεῖλεν
1326 1648 1341 1663 ⁸
1374 1632 1497 1687 ἀλλ’
1526 1633 1588 1687 ού
1623 1634 1669 1665 ⁸⁵
1697 1633 1822 1697 ξυν-

239 1720 419 1776 ανεῖλε
448 1723 562 1786 τοῖς
591 1722 913 1793 νομοθέταις
935 1724 1062 1788 τοὺς
1093 1727 1292 1794 νόμους
1310 1741 1324 1756 ·
1349 1725 1449 1778 οὐκ
1473 1724 1821 1779 Οὐεσπασια-

238 1808 350 1876 νὸς,
372 1811 432 1864 ού
455 1811 500 1864 Τ
504 1811 634 1876 ίτος,
667 1813 728 1866 ού
750 1814 1098 1884 Δομετιανὸς,
1135 1816 1231 1868 καὶ
1263 1814 1438 1870 ταῦτα
1457 1806 1672 1879 πολλοῖς
1698 1813 1819 1869 κατ’

236 1901 420 1956 αὐτῶν
475 1904 568 1958 καὶ
605 1905 974 1971 παντοδαποῖς
1025 1908 1371 1979 χρησάμενος
1419 1912 1814 1979 μηχανήμασι·

237 1988 620 2068 πο).λοὺςίγάρ
654 1996 720 2065 δὴ
758 1997 983 2062 τούτους
1016 1996 1431 2069 ἀσπαζομένους
1474 1999 1554 2070 τῷ
1603 2000 1818 2071 θανάτῳ

237 2082 591 2154 παρέπεμψε,
620 2086 995 2151 παντοδαπαῖς
1015 2087 1391 2160 κολαστηρίων
1421 2090 1587 2154 ίδέαις
1616 2091 1820 2162 χρησά-

242 2190 401 2244 μενος
427 2175 494 2228 ⁸⁸.
520 2177 630 2230 Kal
659 2176 928 2245 Τραϊανὸς
947 2177 1003 2231 δὲ
1024 2180 1119 2232 καὶ
1151 2179 1431 2251 Ἀδριανὸς
1455 2181 1659 2252 σφόδρα
1680 2181 1819 2237 κατὰ

236 2264 406 2318 τῶνδε
448 2266 557 2320 τῶν
607 2266 790 2338 νόμων
836 2268 879 2300 ⁸⁸
921 2270 1341 2341 παρεταξάτην·
1390 2272 1527 2326 ἀλλά
1573 2273 1670 2339 τὴν
1719 2272 1817 2344 μὲν

239 2354 463 2426 Περσῶν
489 2358 517 2411 ό
547 2357 816 2429 Τραῖανδς
840 2358 1157 2413 δυναστείαν
1184 2361 1470 2428 κατέλυσε,
1503 2365 1598 2417 καὶ
1615 2364 1815 2435 ’Δρμεσ-

237 2440 384 2506 νίους
413 2443 458 2475 ⁸⁸
487 2445 566 2515 τῷ
617 2447 905 2516 Ῥωμαίων
954 2447 1190 2516 ὑπέταξε
1237 2451 1460 2524 χαλινῷ,
1503 2454 1597 2506 καὶ
1634 2455 1817 2524 μέντοι

240 2534 332 2586 καὶ
379 2533 450 2588 τὰ
499 2536 745 2592 Σκυθικά
798 2538 929 2612 ἔθνη
962 2544 1077 2606 τοῖς
1125 2543 1429 2615 σκήπτροις
1482 2543 1818 2599 ὑποκύπτειν

235 2624 546 2694 ἡνάγκασε’
585 2627 685 2699 τὴν
739 2630 797 2683 δὲ
847 2630 958 2684 τῶν
987 2632 1188 2686 ἁλιέων
1222 2633 1439 2688 καὶτοῦ
1483 2635 1816 2707 σκυτοτόμου

239 2715 543 2771 καταλῦσαι
566 2720 896 2787 νομοθεσίαν
921 2724 965 2756 ⁸³
990 2724 1090 2778 οὐκ
1128 2725 1338 2796 ἴσχυσε.
1379 2726 1489 2778 Kal
1542 2726 1817 2799 Ἀδριανὸς

237 2808 348 2862 τῶν
379 2810 478 2880 μὲν
506 2812 599 2866 τὸν
637 2814 845 2885 Ἰησοῦν
881 2818 1306 2891 ὲσταυρωκότων
1332 2818 1500 2891 ἄρδην
1529 2819 1628 2890 τὴν
1664 2820 1816 2873 πόλιν

240 2901 524 2966 κατέλυσε,
558 2905 685 2970 τοὺς
710 2905 766 2959 δὲ
787 2906 963 2980 τούτῳ
990 2908 1423 2971 πεπιστευκότας
1459 2909 1679 2979 ἀφεῖναι
1719 2910 1816 2983 τὴν

238 2992 447 3047 ἐκείνου
481 2993 725 3051 δουλείαν
770 2998 872 3052 οὐκ
903 2998 1109 3053 ἔπεισε.
1162 2999 1272 3053 Kal
1314 3000 1628 3065 Ἀντωνῖνος
1670 3001 1749 3068 δὲ,
1787 3002 1817 3055 ὁ

243 3086 363 3156 μετ’
390 3089 601 3142 ἐκεῖνον
631 3090 697 3155 ⁸⁸,
748 3091 843 3145 καὶ
872 3091 1086 3161 Οΰηρος
1118 3093 1163 3125 ⁸⁸
1210 3094 1239 3147 ό
1273 3091 1332 3157 ἐξ
1360 3093 1591 3159 ἐκείνου,
1645 3093 1816 3148 πολλά

242 3175 343 3246 μὲν
372 3178 464 3231 καὶ
483 3178 716 3251 λαμπρά
735 3182 875 3235 κατά
910 3182 1202 3254 βαρϐάρων
1219 3184 1457 3255 τρόπαια
1484 3186 1813 3257 ὲστησάτην,

237 3266 332 3321 καὶ
371 3269 669 3342 αὐτόνομον
720 3272 836 3343 βίον
880 3275 1282 3346 ἀσπαζομένοις
1307 3276 1353 3309 ⁸⁸
1381 3275 1475 3329 τὸν
1502 3277 1600 3347 τῆς
1641 3277 1816 3332 δυνα-

240 3360 423 3423 στείας
457 3362 883 3435 ὲπετεθεικάτην
909 3364 1074 3434 ζυγόν
1095 3382 1108 3396 ·
1150 3368 1278 3430 τοὺς
1306 3366 1364 3419 δὲ
1390 3367 1482 3421 τδν
1510 3368 1605 3421 τοῦ
1640 3367 1686 3400 "
1708 3385 1815 3422 σω-

237 3452 425 3522 τηρίου
457 3455 694 3526 σταυροῦ
719 3456 882 3525 ζυγὸν
914 3458 1103 3530 φέρειν
1133 3457 1501 3529 ἠγαπηκότας
1524 3457 1648 3513 οὔτε
1666 3461 1815 3513 ἐπει-

238 3542 407 3615 σάτην
423 3543 545 3599 οὔτε
563 3547 955 3620 ἠναγκασάτην
970 3550 1294 3604 καταλιπεῖν
1313 3550 1373 3605 ὃν
1388 3551 1702 3623 ἠγάπησαν,
1720 3551 1815 3605 καὶ

235 3631 409 3687 ταῦτα
436 3635 664 3700 πολλαῖς
695 3638 793 3715 μὲν
814 3639 1068 3706 ἀπειλαῖς
1086 3640 1425 3711 δεδιξάμενοι
1448 3643 1516 3707 ⁸⁸,
1556 3640 1813 3714 παμπόλε-

235 3722 355 3788 λαις
371 3724 427 3780 δὲ
454 3729 747 3800 τιμωρίαις
771 3733 1130 3803 χρησάμενοι.
1160 3733 1312 3807 [1⁵27]
1332 3735 1441 3789 Kal
1456 3734 1544 3788 ἵνα
1571 3736 1814 3807 Κόμοδον

236 3814 548 3870 καταλείπω
563 3817 607 3848 ⁸³
626 3819 719 3873 καὶ
735 3819 1078 3890 Μαξιμιανδν
1099 3823 1195 3877 καὶ
1214 3825 1338 3889 τοὺς
1354 3823 1547 3889 ἄλλους
1566 3825 1813 3889 ἅπαντας

235 3904 359 3968 τοὺς
398 3904 558 3976 ἄχρις
592 3906 936 3978 Αύρηλιανοῦ
975 3910 1022 3943 ⁷⁸
1062 3911 1160 3964 καὶ
1196 3911 1382 3983 Κάρου
1431 3913 1527 3966 καὶ
1570 3912 1812 3983 Καρίνου

239 3991 708 4064 βεϐασιλευκότας,
722 3999 807 4063 τίς
823 4001 1008 4069 ἀγνοεῖ
1028 4001 1412 4070 Διοκλητιανοῦ
1434 4004 1528 4056 καὶ
1545 4003 1815 4074 Μαξιμια·

237 4084 329 4138 νοῦ
361 4086 456 4139 καὶ
482 4087 784 4152 Μαξεντίου
821 4091 865 4126 ἠ
901 4094 995 4145 καὶ
1021 4092 1331 4164 Μαξιμίνου
1363 4094 1460 4147 καὶ
1495 4095 1736 4149 Λικινίου
1767 4097 1812 4129 ⁷³

235 4174 331 4247 τὴν
350 4177 490 4231 κατά
502 4181 601 4250 τῆς
616 4180 895 4246 εὐσεϐείας
917 4184 1115 4253 μανίαν
1131 4201 1145 4250 ;
1169 4186 1242 4238 Ού
1265 4183 1373 4256 γάρ
1395 4184 1517 4239 καθ’
1530 4186 1625 4240 ἕνα
1640 4203 1703 4255 γε
1719 4182 1813 4241 οὒ-

235 4284 338 4332 τοι,
351 4269 469 4324 οὐδὲ
485 4272 626 4326 κατά
640 4272 734 4326 δύο
750 4273 780 4346 ἢ
799 4278 946 4347 τρεῖς
962 4275 1031 4341 ’³,
1044 4277 1171 4341 τοὺς
1192 4276 1269 4347 τῷ
1290 4277 1510 4349 Χριστῷ
1528 4295 1815 4334 πεπιστευο

236 4358 420 4425 κότας,
448 4361 560 4417 ἀλλ’
588 4363 849 4435 ἀγεληδὸν
873 4367 1281 4437 κατηκόντιζον,
1306 4371 1401 4422 καὶ
1423 4370 1565 4424 κατὰ
1590 4369 1801 4441 χιλίους

236 4450 334 4503 καὶ
390 4454 616 4521 μυρίους
667 4454 925 4527 ἀνῄρουν.
975 4458 1063 4513 Ἐν
1105 4459 1161 4513 δέ
1205 4478 1317 4513 τισι
1358 4462 1547 4515 πόλεσι
1585 4462 1809 4529 καὶτὰς

238 4540 532 4613 ἐκκλησίας
559 4547 771 4619 ἀνδρῶν
805 4549 900 4605 καὶ
925 4551 1202 4621 γυναικῶν
1233 4554 1325 4607 καὶ
1357 4555 1563 4608 παίδων
1595 4556 1809 4626 πεπλη-

236 4635 490 4706 ρωμένας
543 4638 892 4715 ἐνέπρησαν
964 4644 1058 4697 καὶ
1104 4645 1224 4697 κατ’
1263 4645 1434 4716 αὐτήν
1473 4663 1537 4715 γε
1588 4647 1683 4718 τὴν
1715 4647 1809 4701 τοῦ

234 4725 503 4797 σωτηρίου
550 4729 759 4795 πάθους
798 4734 1035 4806 ἡμέραν,
1087 4736 1145 4789 ὲν
1238 4736 1331 4789 καὶ
1357 4735 1451 4789 τοῦ
1479 4735 1684 4802 πάθους
1716 4738 1808 4791 καὶ

232 4815 332 4885 τῆς
357 4819 698 4890 Δεσποτικῆς
725 4825 1074 4890 ἀναστάσεως
1123 4827 1222 4897 τὴν
1252 4828 1471 4900 μνήμην
1507 4829 1812 4901 πανηγυρί-

235 4905 439 4977 ζομεν,
500 4911 775 4977 ἀπάσαςτδ
825 4914 923 4980 τὰς
980 4918 1039 4972 ὲν
1076 4920 1143 4991 τῇ
1203 4918 1493 4989 Ῥωμαίων
1542 4920 1811 4992 ἡγεμονίᾳ

1836 4507 1891 4569 D

1928 552 2162 611 rumque
2185 539 2400 611 opiﬁcis
2425 542 2594 614 leges,
2624 555 2734 595 non
2760 537 2949 602 Caius,
2973 550 3084 590 non
3110 530 3376 589 Claudius
3399 529 3513 585 dis»

1927 630 2142 685 solvere
2170 642 2493 703 potuerunt,
2519 648 2622 689 nec
2653 633 2871 687 illorum
2900 642 3189 684 successor
3212 625 3379 680 Nero.
3410 621 3513 677 ilic

1926 723 2099 790 enim,
2137 726 2355 781 tametsi
2389 726 2531 781 duos
2571 725 2810 795 optimos
2850 721 3196 794 legislatores
3223 713 3514 773 sustulerit

1929 815 2175 887 (Petrum
2204 817 2353 871 enim
2385 824 2442 872 et
2466 817 2698 872 Paulum
2734 814 2965 871 interfici
2994 809 3200 884 jussit),
3243 809 3394 879 leges
3434 813 3514 860 ta-

1926 922 2054 963 men
2086 923 2210 963 cum
2230 907 2637 980 legislatoribus
2663 924 2779 964 non
2803 905 3047 962 sustulit.
3077 903 3198 958 Non
3224 897 3513 969 Vespasia-

1924 1012 2052 1063 nus,
2080 1012 2191 1053 non
2219 998 2398 1064 Titus,
2428 1013 2541 1052 non
2580 997 2947 1059 Domitianus,
2978 1004 3291 1065 quanquam
3320 985 3513 1041 multis

1926 1103 1992 1144 ac
2014 1092 2034 1110 "
2057 1089 2230 1145 variis
2258 1088 2766 1145 machinationibus
2797 1102 2891 1142 eas
2930 1080 3278 1156 oppugnarit.
3310 1077 3535 1137 Μυιιοε

1924 1181 2096 1247 enim,
2123 1182 2218 1252 qui
2240 1197 2299 1237 se
2330 1180 2548 1253 legibus
2578 1180 2690 1235 illis
2717 1178 3060 1241 addixeram;
3094 1175 3162 1229 de
3190 1170 3374 1228 medio
3388 1184 3509 1225 sus-

1926 1273 2072 1338 tulit,
2101 1288 2264 1329 omne
2300 1279 2700 1328 tormentorum
2726 1285 2900 1342 genus
2957 1269 3014 1323 in
3053 1281 3151 1322 eos
3190 1262 3504 1319 intendens.

1926 1363 2193 1437 Trajanus
2216 1364 2442 1434 insuper
2465 1372 2631 1435 atque
2659 1362 2935 1418 Adrianus
2986 1358 3347 1415 vehementer
3374 1368 3507 1410 con-

1926 1464 2007 1510 tra
2034 1455 2134 1511 has
2162 1456 2312 1526 leges
2339 1456 2779 1510 insurrexerunt.
2808 1453 2879 1508 At
2911 1452 3179 1523 Traianus
3208 1450 3503 1505 Persarum

1923 1546 2147 1618 quidem
2198 1546 2491 1617 imperium
2534 1545 2828 1611 subvertit,
2863 1542 3260 1611 Armeniosque
3300 1540 3503 1594 Roma-

1923 1653 2121 1693 norum
2150 1637 2308 1693 freno
2330 1637 2584 1707 subjecit,
2606 1646 2661 1693 et
2681 1636 2966 1708 Scythicas
2988 1634 3244 1688 nationes
3272 1628 3507 1698 sceptris

1924 1731 2041 1786 suis
2080 1746 2273 1801 parere
2304 1731 2571 1802 compulit
2602 1749 2616 1784 ε
2650 1731 2986 1801 piscatorum
3020 1732 3203 1780 tamen
3237 1721 3511 1791 Paulique

1922 1822 2072 1893 leges
2113 1822 2336 1878 abolere
2378 1837 2490 1877 non
2528 1822 2726 1892 potuit.
2761 1821 2832 1876 Et
2860 1818 3136 1873 Adrianus
3168 1814 3363 1868 urbem
3402 1804 3504 1868 eo-

1920 1928 2045 1968 rum
2083 1914 2177 1982 qui
2209 1912 2395 1968 Jesum
2426 1912 2839 1973 cruciﬁxerunt,
2871 1906 3119 1963 funditus
3148 1903 3383 1958 evertit:
3407 1900 3522 1956 sed‘

1919 2018 2016 2059 eos
2040 1980 2135 2074 qui
2162 2003 2217 2058 in
2255 2003 2409 2058 illum
2440 2002 2799 2058 crediderunt
2835 1998 3112 2054 abducere
3144 1995 3213 2050 ab
3240 1993 3359 2063 ejus
3382 1980 3503 2047 ser;

1919 2095 2093 2151 vitute
2121 2110 2231 2150 non
2260 2095 2460 2165 potuit.
2506 2093 2816 2149 Antoninus
2857 2103 3098 2160 quoque,
3140 2086 3233 2157 qui
3262 2083 3504 2140 Adriano

1920 2186 2207 2252 successit,
2242 2185 2404 2256 932
2434 2193 2491 2241 ct
2518 2187 2693 2241 Verus
2740 2184 2860 2255 ejus
2884 2181 3029 2236 filius
3060 2179 3232 2234 multa
3269 2186 3326 2232 et
3360 2189 3501 2246 prte-

1920 2279 2067 2334 clara
2099 2278 2331 2335 devictis
2361 2276 2616 2332 Barbaris
2660 2283 2861 2345 tropaea
2909 2273 3245 2334 excitarunt,
3292 2281 3502 2338 suoque

1918 2369 2039 2441 jure
2058 2369 2371 2424 viventibus
2398 2366 2617 2439 populis
2637 2366 2827 2438 jugum
2859 2365 3117 2419 Romanae
3148 2359 3376 2416 ditionis
3401 2359 3504 2412 im-

1919 2470 2226 2531 posuerunt
2251 2477 2266 2515 :
2290 2474 2472 2530 neque
2515 2467 2699 2513 tamen
2741 2470 2838 2511 eos
2879 2454 2973 2525 qui
3022 2451 3279 2507 salutaris
3319 2448 3503 2503 crucis

1915 2550 2106 2621 jugum
2141 2549 2487 2612 adamarunt,
2525 2556 2619 2603 aut
2658 2546 2712 2601 vi
2760 2552 2856 2600 aut
2883 2540 3233 2599 suasionibus
3272 2538 3502 2608 impule—

1921 2650 2072 2706 runt,
2096 2649 2159 2695 ut
2183 2640 2411 2696 missum
2438 2638 2687 2693 facerent
2710 2634 2857 2706 quod
2887 2633 3227 2695 adamarent,
3251 2625 3503 2699 quamvis

1920 2733 2045 2789 illos
2073 2741 2130 2787 et
2162 2731 2377 2803 magnis
2405 2730 2572 2785 minis
2601 2731 2892 2789 terrerent,
2922 2732 2979 2779 et
3007 2720 3263 2793 plurimis
3290 2716 3501 2787 suppli-

1920 2825 2022 2881 ciis
2050 2824 2383 2882 cruciarent.
2412 2822 2591 2891 Atque
2626 2828 2688 2875 ut
2714 2814 3074 2874 Commodum
3114 2810 3500 2867 Maximinum-

1921 2934 2029 2990 que
2057 2919 2329 2981 omittam,
2353 2923 2690 2983 cacterosque
2710 2926 2906 2967 omnes
2929 2908 3021 2979 qui
3045 2906 3113 2962 ad
3142 2903 3497 2960 Aurelianum

1919 3026 2116 3082 usque,
2144 3017 2199 3065 et
2230 3007 2432 3065 Carum
2471 3004 2845 3073 Carinumque
2882 3004 3200 3070 regnarunt,
3229 2993 3354 3065 quis
3374 2992 3501 3048 Dio-

1922 3099 2165 3165 cletiani,
2190 3106 2247 3154 et
2269 3095 2605 3160 Maximiani,
2653 3089 2935 3156 Maxentii,
2968 3084 3247 3144 Maximini
3274 3081 3496 3139 Licinii-

1916 3204 2023 3260 que
2052 3195 2244 3242 contra
2276 3185 2644 3241 Christianam
2670 3182 2932 3252 pietatem
2970 3176 3123 3232 furor
3160 3174 3348 3238 fuerit,
3374 3170 3500 3243 quis

1913 3275 2168 3347 ignorat?
2185 3275 2373 3344 Neque
2395 3273 2543 3328 enim
2569 3272 2815 3340 singulos
2832 3270 2923 3324 isti
2944 3268 3173 3323 binosve
3195 3274 3290 3320 aut
3313 3273 3500 3319 ternos

1911 3382 1943 3423 e
1969 3364 2299 3423 Christianis
2346 3362 2705 3432 impetebant,
2760 3359 2857 3413 sed
2902 3358 3174 3428 plurimos
3210 3353 3495 3426 gregatim.

1912 3465 1968 3512 et
2002 3455 2259 3510 millenos
2302 3452 2463 3507 simul
2506 3459 2563 3505 et
2609 3450 2794 3505 decies
2823 3450 3078 3504 millenos
3124 3446 3495 3502 trucidabant.
3581 3492 3585 3496 .

1911 3530 2252 3616 Quibusdam
2276 3545 2441 3601 etiam
2466 3544 2523 3599 in
2549 3543 2781 3598 urbibus
2804 3542 2995 3612 plenas
3017 3538 3152 3593 viris
3168 3547 3224 3593 et
3254 3537 3517 3601 feminis,_

1911 3650 1967 3698 et
1996 3641 2185 3713 pueris
2212 3638 2474 3696 ecclesias
2515 3635 2883 3691 incenderunt
2916 3650 2929 3687 :
2966 3639 3131 3702 atque
3161 3630 3218 3684 in
3260 3629 3380 3699 ipso
3407 3643 3497 3681 sa-

1912 3732 2146 3787 lutifera:
2171 3729 2444 3802 passionis
2478 3727 2590 3791 die,
2625 3726 2682 3781 in
2710 3739 2821 3795 quo
2843 3733 2900 3780 et
2930 3721 3201 3794 passionis
3222 3726 3279 3776 et
3308 3732 3499 3773 resur-

1913 3823 2176 3880 rectionis
2215 3819 2513 3878 Dominicze
2543 3817 2865 3873 memoriam
2910 3814 3274 3874 celebramus,
3306 3824 3499 3865 omnes

1911 3913 2193 3978 ecclesias,
2220 3928 2341 3983 qua:
2369 3912 2425 3966 in
2450 3910 2681 3966 Romani
2710 3907 2930 3980 imperii
2958 3906 3161 3961 finibus
3187 3911 3366 3968 erant,
3399 3901 3497 3958 de—

1912 4014 2253 4063 struxerunt.
2285 4006 2489 4060 Verum
2528 4004 2610 4058 illi
2636 4002 2880 4073 lapidum
2907 3999 3132 4071 quidem
3167 4005 3496 4054 structuram

1912 4111 2343 4169 compagemque
2370 4095 2619 4151 demoliti
2654 4101 2806 4159 sunt,
2835 4092 3142 4147 animarum
3169 4106 3301 4159 vero
3327 4088 3500 4160 pieta-

1915 4198 2023 4245 tem
2048 4204 2160 4243 non
2184 4187 2599 4243 subverterunt.
2624 4184 2816 4253 Qualia
2842 4190 3027 4239 autem
3055 4181 3319 4238 adversus
3339 4179 3501 4237 Chri-

1913 4282 2121 4337 stianos
2160 4280 2362 4336 Juliani
2397 4279 2740 4350 temporibus
2778 4283 2986 4333 tentata
3022 4274 3153 4340 sint,
3187 4275 3350 4345 933
3393 4289 3497 4329 no-

1914 4378 2045 4426 runt
2072 4378 2232 4426 astate
2260 4369 2637 4441 provectiores
2666 4385 2681 4421 :
2708 4365 3019 4423 audivimus
3047 4372 3104 4420 et
3150 4378 3253 4418 nos
3294 4370 3497 4433 tragm-

1914 4460 2061 4515 diam
2095 4460 2241 4515 illam
2267 4467 2559 4514 narrantes
2586 4472 2685 4512 eos
2712 4457 2809 4527 qui
2833 4454 3108 4510 viderant.
3139 4451 3413 4508 Caeterum
3439 4449 3497 4504 hi

1912 4565 2124 4615 omnes,
2156 4558 2239 4617 tot
2276 4564 2509 4604 numero
2545 4563 2672 4604 cum
2705 4547 2933 4611 fuerint,
2965 4553 3025 4600 et
3066 4550 3278 4598 tantum
3321 4542 3499 4611 impe-

1910 4642 2054 4697 rium
2089 4641 2349 4705 rexerint,
2385 4649 2443 4695 et
2475 4647 2555 4695 tot
2597 4638 2965 4694 Barbarorum
3002 4634 3285 4691 audaciam
3318 4632 3499 4704 frege-

1912 4734 2046 4798 rint,
2078 4733 2402 4802 bellicisque
2430 4732 2449 4752 ⁶
2491 4730 2832 4787 facinoribus
2860 4728 3183 4791 claruerint,
3215 4725 3500 4783 manuales

1912 4833 2096 4880 tamen
2122 4822 2369 4894 opifices,
2398 4821 2676 4892 rudesque
2704 4828 2761 4877 et
2785 4819 3188 4891 pauperrimos,
3215 4817 3502 4873 mulieres-

1913 4933 2022 4988 que
2049 4917 2174 4971 lana
2206 4924 2262 4971 et
2292 4915 2402 4971 tela
2434 4914 2642 4971 victum
2685 4912 2792 4967 sibi
2837 4918 3169 4982 quaerentes,
3195 4907 3500 4965 innumeris

1546 5073 1785 5130 VARIIE
1824 5022 2232 5130 ιιεοτιοῇεε.

305 5201 355 5237 ⁸⁸
385 5202 712 5288 φξὶλάξομεν.
748 5208 1070 5288 φυλάξωμεν
1125 5212 1195 5272 Β..
1241 5214 1337 5288 qui
1383 5214 1530 5288 'mox
1557 5215 1937 5288 διελέγξωμεν.
1990 5286 1995 5288 Α
2033 5215 2081 5250 ⁸⁸
2110 5211 2911 5288 Λυκουργείους.-Λυκούργους
2936 5211 3041 5288 Ci“
3090 5211 3135 5243 “
3160 5192 3491 5288 ⁸σφετέρους.

235 5274 689 5351 σοφωτέρουςᾯ.
747 5274 842 5351 qui
895 5274 1013 5338 tum
1075 5299 1187 5340 om.
1235 5274 1346 5340 καί.

1478 5287 1536 5370 '3.
1569 5280 1816 5370 M56591

1929 5358 1949 5370 .
1973 5280 2356 5370 Αυδερύετωθᾼ
2373 5284 2473 5370 νει·
2534 5280 2920 5370 tua“???
2980 5280 3201 5370 liba}:
3226 5368 3236 5370 μ
3259 5296 3291 5336 ε
3334 5280 3491 5370 ἓν·

232 5339 280 5373 ³⁸
305 5339 575 5403 τελωνῶνξ
601 5349 713 5422 τῶν
746 5339 861 5409 is).
887 5351 949 5407 Β.
1024 5339 1195 5408 ⁸⁷τὸν
1217 5369 1328 5411 om.
1354 5355 1415 5412 Β.
1492 5356 1537 5389 ⁸³
1565 5339 2040 5420 ἐκεῖνούίὲκεῖνώ
2073 5356 2137 5420 Β,
2161 5339 2248 5418 ’οζ
2310 5356 2356 5388 ⁸⁸
2385 5339 2505 5408 οὐκ.
2532 5354 2593 5405 ού
2622 5352 2683 5407 Β.
2713 5339 2823 5407 ὁῐίι.
2853 5349 2925 5422 C._
2992 5351 3037 5381 '°
3071 5350 3238 5422 ἰδέαις
3283 5339 3492 5422 χρησί-

234 5431 416 5498 μενος.
435 5420 797 5498 ,χρησάμενος
824 5423 989 5498 ίδέαις
1013 5423 1076 5498 Β,
1150 5424 1191 5457 ⁸³
1220 5426 1420 5498 νόμων.
1451 5426 1756 5498 νομοθετῶν
1787 5426 1875 5498 B._
1926 5426 1973 5498 ⁸]
2004 5425 2342 5498 Ἀρμενίους.
2376 5423 2483 5498 Sic__
2504 5423 2565 5478 Β.
2589 5420 2929 5498 ex_em._qui
2954 5435 3081 5475 mox
3117 5419 3331 5498 appro
3362 5419 3489 5498 τῶν.

232 5444 991 5565 ειεξιξδοξεῑιξῑμξξῖτνιεῖιῖδῖ
1013 5444 1124 5549 τ..
1220 5444 1904 5561 amatrices-.3.

2109 5472 2718 5576 {insectata}:
2726 5472 2868 5576 ξόθ
2878 5472 3291 5576 ingeniive}
3301 5472 3493 5576 ξπ

230 5554 526 5632 cinae—amvi.
543 5554 1438 5632 ἀσπαζομένοις-ὲπιτεθεικάτην
1459 5565 1521 5628 Β.
1552 5566 1615 5624 C.
1693 5569 1736 5601 ⁸⁷
1767 5554 1859 5621 τόν
1888 5554 1984 5619 τοῦ
2005 5581 2118 5621 om.
2146 5565 2207 5620 Β.
2235 5554 2486 5632 ἅυίἰηος.
2505 5554 2596 5617 τὶν
2617 5561 2800 5632 ζυγόν.
2878 5559 2921 5590 ⁸⁸
2940 5554 3323 5632 δεδειξᾷμενοι.
3352 5560 3489 5632 δεδι-

233 5627 469 5750 ξίὶῇενοι
488 5630 551 5686 Β.
628 5632 672 5666 ⁸⁸
702 5627 1036 5703 καταλείψω.
1069 5634 1355 5716 καταλίπω
1384 5627 1446 5702 Β,
1470 5627 1533 5691 Υ.
1565 5638 1689 5692 Mox
1717 5635 2021 5750 Μαςῦμίνον
2049 5635 2174 5693 Urs.

361 5697 631 5750 αξεντίου.
658 5701 995 5750 Μαεεντίνου
1030 5703 1091 5750 Β.
1116 5712 1172 5750 et
1205 5719 1285 5750 sm
1322 5705 1383 5750 Π,
1418 5707 1510 5750 nni
1550 5723 1655 5750 nm,
1694 5708 1786 5750 val
1891 5705 2138 5750 nauium:

229 5695 631 5775 ”_Ma§cw£ou.
658 5695 995 5775 Maﬁcyclvou
1030 5703 1091 5758 Β.
1116 5712 1172 5759 et
1205 5705 1285 5759 sic
1322 5705 1384 5759 ι).
1418 5695 1510 5775 qui
1550 5723 1659 5762 om.
1694 5708 1787 5761 καὶ

1891 5705 2138 5777 αξιμίνου

2274 5635 2523 5704 αξιμῖνον
2556 5632 2723 5688 Sirm.
2758 5631 2849 5704 D._
2899 5630 3320 5704 '°_At’)ptl_\ltavo'3
3347 5630 3412 5688 C.

2268 5706 2311 5737 ⁷³
2345 5701 2605 5759 Χικινίου.
2645 5701 2914 5756 Λικιννίου
2946 5701 3003 5755 Β.
3038 5701 3131 5772 qui
3155 5703 3338 5770 statim
3370 5716 3489 5765 οω..

231 5765 349 5835 τήν.
382 5768 632 5825 Δυκινίον
658 5769 719 5828 C.
770 5765 840 5805 ‘7’
865 5772 897 5843 ἢ
922 5776 1088 5844 τρεῖς.
1116 5774 1206 5828 καὶ
1232 5777 1377 5847 τρεῖς
1400 5765 1458 5829 Β’.
1537 5777 1580 5807 ⁷³
1614 5778 1845 5841 ἁπάσας.
1874 5765 2049 5839 πάσας
2073 5776 2132 5832 Β.
