3974 6196
284 291 423 359 Γ)ιὺ

950 290 1389 355 GRZECARUM
1427 289 1727 352 AFFECT.
1764 288 2201 351 CURATIO.—
2224 293 2327 351 IX.
2370 293 2471 352 DE
2507 293 2851 355 LEGIBUS.

3398 288 3459 352 1'0
3474 290 3541 350 €6-

286 409 429 464 κατὰ
461 409 561 479 τῆς
600 404 928 477 Ἐκκλησίας
977 405 1142 460 παντὶ
1172 405 1348 459 σθένει
1383 402 1851 474 παραταξάμενοι,

1961 410 2127 469 tores,
2157 408 2307 461 omni
2334 408 2687 464 contentione
2720 416 2911 463 contra
2949 404 3248 461 Ecclesiam
3278 418 3531 475 pugnan-

282 502 380 555 καὶ
450 498 694 571 μηχανὰς
758 499 1220 571 προσενεγκόντες
1281 495 1629 558 παντοδαπὰς
1652 533 1668 557 ,
1733 492 1853 546 οὐδὲ

286 591 492 662 βραχὺν
518 592 633 653 τοῖς
659 588 863 660 ταύτης
897 589 1206 660 περιϐόλοις
1231 587 1619 659 ὲνειργάσαντο
1641 585 1850 647 κλόνον,

282 682 490 752 ἠλίθιος
534 681 643 752 ἄρα
692 680 788 734 καὶ
830 680 1112 745 παντελῶς
1142 680 1453 751 ἔμπληκτος
1470 679 1517 711 ’⁸
1549 678 1576 730 ὁ
1607 677 1681 747 μὴ
1704 676 1855 729 θείαν

286 772 680 843 ὑπολαμόάνων
709 771 818 825 τῶν
844 772 1041 826 ἁλιέων
1070 773 1170 844 τὴν
1195 771 1443 841 δύναμιν,
1475 769 1590 824 ἀλλ’
1612 770 1675 822 ἐκ
1704 768 1856 838 βασι-

282 864 437 932 λικῆς
466 862 670 933 ταύτην
701 861 966 934 ηὐξῆσθαι
994 862 1363 926 δυναστείας⁹⁷
1385 860 1641 932 νομίζων.
1663 860 1779 912 Ἷνα
1800 858 1855 911 δὲ

281 954 438 1008 τοῦτο
490 955 620 1025 ὑμῖν
673 955 1029 1025 ἐκδηλότερον
1058 953 1309 1025 γένηται,
1349 953 1415 1006 τὰ
1451 951 1603 1022 παρὰ
1628 949 1856 1021 Περσῶν

281 1045 376 1101 νῦν
420 1045 745 1116 τολμώμενα
782 1046 829 1078 ⁸⁸
863 1045 1230 1114 καταμάθετε.
1268 1044 1425 1097 Ποῖον
1456 1043 1566 1114 γάρ
1598 1059 1680 1095 τοι
1714 1038 1856 1104 εἶδος

285 1136 501 1207 σφαγῆς
550 1135 692 1190 κατὰ
744 1135 852 1188 τῶν
903 1134 1331 1189 εὐσεϐούντων⁹⁹
1385 1135 1484 1187 οὑκ
1512 1133 1855 1202 ἐπινενόηται

282 1226 523 1291 τούτοιςς
549 1227 649 1280 οὑκ
676 1227 918 1298 ὲκδοραὶ,
945 1227 1045 1279 οὑκ
1067 1225 1297 1297 ἐκτομαὶ
1320 1224 1521 1297 χειρῶν
1543 1226 1635 1278 καὶ
1656 1223 1853 1288 ποδῶν,

283 1318 379 1370 καὶ
433 1315 586 1370 ὤτων
641 1318 734 1372 καὶ
764 1317 927 1388 ῥινῶν
956 1317 1311 1380 κολοόώσεις,
1378 1315 1473 1371 καὶ
1499 1316 1686 1387 δεσμοὶ
1719 1313 1857 1386 πρὸς

282 1407 592 1479 ὑπερϐολὴν
627 1406 819 1479 ὀδύνης
852 1407 1216 1478 ὲξηυρημένοι
1237 1409 1276 1471 ¹,
1319 1407 1413 1461 καὶ
1446 1407 1732 1478 ὀρύγματα
1761 1422 1857 1459 κε-

283 1498 552 1568 χρισμένα
584 1498 683 1569 μὲν
697 1500 778 1560 είς
804 1498 1116 1568 ἀκρίϐειαν,
1149 1498 1301 1569 μυῶν
1319 1499 1340 1529 ⁸
1364 1498 1420 1551 δὲ
1443 1497 1551 1550 τῶν
1585 1496 1856 1567 μεγίστων

283 1587 530 1641 ἀνάπλεα
551 1587 679 1652 τοὺς
700 1587 1015 1658 δεδεμένους
1033 1589 1054 1619 ³
1080 1586 1512 1657 θοιναζομένωνς
1544 1586 1683 1640 Ἀλλ’
1706 1587 1856 1657 ὅμως

281 1679 548 1742 τοσαύτας
581 1679 678 1733 καλ⁸
706 1679 912 1732 τούτων
944 1679 1353 1742 πολλαπλασίας
1382 1678 1403 1710 ⁸
1437 1678 1578 1732 κατὰ
1620 1676 1730 1731 τῶν
1766 1677 1857 1728 εὑ-

1962 501 2063 559 tcs,
2089 496 2250 567 935
2271 499 2483 553 cunctis
2506 499 2672 554 illatis
2699 498 2985 563 machinis,
3014 512 3082 551 ne
3108 495 3388 556 minimam
3409 495 3541 564 qui-.

1960 585 2083 640 dem
2115 589 2530 643 concussionem
2562 591 2711 646 illius
2737 589 3012 644 moenibus
3052 589 3377 651 attulerunt,
3415 596 3530 641 sto-

1959 676 2104 733 lidus
2138 679 2382 748 profecto
2410 697 2474 735 ac
2509 682 2668 752 plane
2696 681 2949 752 stupidus
2981 681 3147 735 homo
3173 679 3263 745 sit,
3297 678 3392 749 qui
3421 694 3534 734 non

1959 768 2202 824 divinam
2246 780 2403 840 putet
2437 788 2557 827 esse
2585 773 2920 843 piscatorum
2950 774 3230 838 virtutem,
3266 773 3361 829 sed
3392 772 3536 828 hanc

1962 861 2353 932 imperatorum
2375 865 2619 933 potentia
2646 874 2860 920 auctam
2881 864 3048 920 fuisse
3077 866 3352 935 opinetur.
3376 862 3534 931 Quod

1961 960 2022 1008 ut
2050 952 2207 1008 vobis
2250 953 2454 1008 clarius
2493 955 2797 1021 illucescat,
2837 956 3045 1021 audite,
3073 957 3319 1021 obsecro,
3352 956 3536 1026 qualia

1962 1045 2141 1099 Persae
2166 1060 2343 1114 nuper
2367 1045 2478 1100 sint
2522 1046 2660 1101 ausi.
2688 1046 2843 1112 Quod
2884 1049 3030 1102 enim
3075 1047 3325 1117 supplicii
3364 1061 3537 1117 genus

1962 1134 2018 1188 in
2050 1134 2390 1190 Christianos
2424 1152 2533 1191 non
2572 1148 2655 1192 est
2685 1138 3091 1209 excogitatum?
3132 1153 3244 1193 non
3288 1138 3536 1193 excoria—

1961 1223 2174 1289 tiones,
2205 1240 2314 1279 non
2359 1242 2620 1281 manuum
2662 1227 2972 1298 pedumque
2999 1229 3385 1293 abscissiones,
3426 1244 3537 1283 non

1962 1315 2179 1369 aurium
2211 1316 2536 1386 nariumque
2563 1319 2962 1385 mutilationes,
2996 1328 3051 1376 et
3095 1320 3161 1375 ad
3207 1318 3414 1374 doloris
3445 1335 3539 1375 ex-

1961 1424 2177 1463 cessum
2207 1416 2520 1478 comparata
2560 1410 2797 1477 vincula,
2828 1419 2884 1467 et
2923 1411 3095 1466 fovea:
3127 1410 3539 1466 accuratissime

1962 1496 2144 1551 oblitae
2192 1499 2550 1568 muribusque
2592 1500 2845 1556 maximis
2874 1502 3107 1567 refertae,
3138 1502 3231 1572 qui
3258 1500 3541 1571 colligatos

1962 1586 2260 1643 devorent?
2281 1588 2349 1643 Et
2374 1597 2577 1655 tamen,
2603 1605 2727 1645 cum
2761 1600 2941 1647 tantos
2959 1593 3236 1648 cruciatus
3263 1599 3426 1662 atque
3451 1591 3546 1646 his

1961 1677 2171 1733 similes
2198 1687 2391 1733 contra
2418 1672 2762 1736 Christianos
2786 1688 3064 1746 exercent,
3097 1680 3392 1736 concidunt
3416 1679 3549 1750 qui-7

282 1770 579 1824 σεόούντων
624 1772 895 1843 τιμωρίας
940 1771 1342 1845 ἐξηυρηκότες,
1395 1769 1697 1832 αἰκίζονται
1759 1768 1856 1839 μὲν

1960 1767 2084 1822 dem
2133 1768 2209 1822 illi
2258 1783 2487 1838 corpora
2531 1778 2588 1824 et
2634 1770 2998 1836 obtruncant,
3054 1771 3383 1842 penitusque
3438 1771 3545 1825 den

281 1862 376 1915 καὶ
428 1862 709 1916 κολοϐοῦσι
737 1863 810 1916 τὰ
835 1861 1084 1933 σώματα,
1140 1865 1233 1917 καὶ
1267 1864 1583 1917 παντάπασι
1609 1862 1856 1932 διαφθεί-

282 1967 434 2023 ρουσι
453 1991 468 2015 ,
525 1952 615 2005 τὸν
642 1952 697 2006 δέ
727 1969 791 2021 γε
816 1954 915 2023 τῆς
941 1953 1177 2018 πίστεως
1211 1953 1271 2007 οὑ
1295 1953 1621 2026 λῃστεύουσι
1648 1952 1857 2024 θησαυ-

285 2043 395 2115 ρόν.
418 2034 538 2098 Καὶ
563 2047 675 2109 τοῖς
708 2046 805 2115 μὲν
832 2045 1013 2110 ἄλλοις
1037 2046 1429 2117 αὑτῶνκνόμοις
1456 2048 1703 2110 ἅπαντας
1726 2048 1857 2100 ὑποο

282 2132 510 2189 κύπτειν
560 2134 687 2198 τοὺς
717 2137 1031 2207 ὑπηκόους⁸
1064 2138 1574 2207 καταναγκάζουσι,
1630 2140 1755 2202 τοὺς
1798 2138 1855 2191 δὲ

280 2224 387 2277 τῶν
410 2225 606 2278 ἀλιέων
639 2225 1006 2296 ὲξαρνηθῆναι
1035 2227 1162 2292 τοὺς
1185 2229 1617 2292 πεπιστευκότας
1646 2231 1709 2282 οὑ
1738 2229 1857 2282 πεί-

282 2314 500 2368 θουσινο
554 2315 690 2370 ἀλλὰ
716 2317 857 2370 κατά
884 2318 1010 2383 τοὺς
1034 2319 1276 2391 Ζαρὰδου
1312 2319 1478 2375 πάλαι
1514 2321 1722 2392 Πέρσαι
1756 2337 1855 2374 πο-

279 2407 616 2478 λιτευόμενοι
669 2411 910 2480 νόμους,
972 2411 1069 2464 καὶ
1122 2412 1403 2482 μητράσι⁶
1464 2412 1556 2465 καὶ
1600 2412 1859 2480 ἀδελφαῖς

279 2498 453 2564 ἀδεῶς
486 2500 581 2553 καὶ
616 2499 799 2571 μέντοι
830 2500 925 2554 καὶ
946 2499 1252 2573 θυγατράσι
1284 2501 1626 2573 μιγνύμενοι,
1661 2503 1755 2556 καὶ
1775 2502 1860 2555 ἐν·

280 2608 443 2661 νομον
465 2592 487 2624 ⁷
518 2590 618 2664 τὴν
650 2593 995 2663 παρανομίαν
1026 2592 1363 2665 νομίζοντες,
1403 2592 1592 2666 ἐπειδὴ
1619 2593 1721 2664 τῆς
1749 2593 1858 2647 τῶν

279 2682 474 2737 ἁλιέων
524 2682 843 2754 νομοθεσίας
886 2684 1198 2754 ἐπήκουσαν
1218 2684 1261 2751 ⁸,
1318 2685 1448 2747 τοὺς
1477 2684 1575 2756 μὲν
1613 2684 1856 2755 Ζαράδου

279 2772 477 2845 νόμους
499 2773 575 2837 ὡς
594 2774 943 2846 παρανομίαν
965 2774 1266 2843 ὲπάτησαν,
1293 2777 1393 2847 τὴν
1415 2776 1778 2847 εὐαγγελικὴν
1802 2776 1859 2830 δὲ

283 2866 637 2939 σωφροσύνην
680 2868 1005 2938 ἠγάπησαν*
1063 2868 1159 2923 καὶ
1190 2869 1316 2941 κυσὶ
1362 2872 1460 2925 καὶ
1488 2873 1698 2936 οίωνοῖς
1732 2872 1860 2935 τοὺς

280 2958 511 3029 νεκροὺς
542 2957 896 3029 προτιθέναιθ
927 2960 1061 3033 παρ’
1088 2959 1298 3013 ἐκείνου
1329 2959 1730 3031 μεμαθηκότες,
1763 2962 1859 3016 νῦν

280 3047 440 3101 τοῦτο
466 3047 602 3120 δρᾷν
648 3050 701 3102 oi
728 3048 1119 3114 πιστεύσαντες
1142 3051 1185 3083 ⁸⁸
1242 3050 1341 3104 οὑκ
1366 3051 1668 3122 ἀνέχονται,
1720 3052 1858 3106 ἀλλὰ

281 3144 349 3215 τῇ
393 3144 464 3214 γῇ
499 3142 976 3214 κατακρύπτουσι,
1038 3145 1132 3198 καὶ
1162 3143 1271 3198 τῶν
1298 3142 1457 3197 τοῦτο
1479 3144 1614 3216 δρᾷν
1646 3147 1858 3213 ἀπαγο-

284 3230 553 3302 ρευόντων
583 3232 646 3285 οὑ
672 3231 1021 3303 φροντίζουσι
1048 3233 1251 3304 νόμων.
1284 3234 1406 3287 οὑδὲ
1433 3235 1734 3306 πεφρίκασι
1759 3235 1858 3306 τὴν

279 3319 391 3374 τῶν
422 3319 760 3384 κολαζόντων
793 3321 1053 3393 ὠμότητα
1075 3333 1090 3350 ’
1125 3322 1288 3375 πλέον
1316 3323 1426 3395 γάρ
1457 3340 1559 3378 που
1590 3324 1858 3378 δεδοίκασι

279 3411 342 3466 τὸ
397 3411 490 3465 τοῦ
535 3411 774 3484 Χριστοῦ
825 3414 1271 3486 δικαστήριονη,
1331 3416 1425 3468 καὶ
1481 3415 1550 3469 τὰ
1602 3413 1857 3486 ὁρώμενα

280 3501 550 3571 γελῶντες
596 3503 1004 3575 όνειροπολοῦσι
1036 3505 1104 3558 τὰ
1140 3506 1214 3577 μὴ
1248 3505 1552 3575 φαινόμενα
1574 3548 1589 3574 ,
1627 3506 1720 3560 καὶ
1751 3505 1859 3559 δει-

285 3594 556 3665 μαίνουσι.
588 3596 697 3648 Καὶ
721 3595 910 3649 τούσδε
937 3596 1064 3661 τοὺς
1089 3598 1291 3667 νόμους
1316 3595 1464 3670 [1Ξ9]
1493 3599 1622 3669 παρ’
1646 3597 1855 3668 ἀνδρῶν

280 3684 575 3739 Γαλιλαίων
593 3686 862 3752 ἐδέξαντο·
883 3688 975 3742 καὶ
997 3687 1094 3760 τὴν
1120 3689 1218 3759 μὲν
1234 3689 1521 3763 Ῥωμαίων
1539 3688 1856 3742 δυναστείαν

278 3775 383 3830 οὑκ
425 3775 634 3829 ἔδεισαν
658 3815 672 3838 ,
732 3778 798 3847 τῇ
838 3776 896 3829 δὲ
944 3776 1036 3830 τοῦ
1095 3778 1509 3849 Σταυρωθέντος
1575 3777 1855 3848 ὑπετάγη-

282 3883 382 3921 σαν
410 3865 678 3938 βασιλείᾳ*
704 3869 799 3920 καὶ
823 3868 963 3921 κατὰ
991 3868 1088 3939 μὲν
1116 3870 1241 3933 τοὺς
1271 3868 1556 3941 Ῥωμαίων
1579 3868 1857 3922 πολιτεύε-

281 3959 406 4012 σθαι
437 3962 636 4029 νόμους
676 3957 802 4012 οὔτε
832 3957 1143 4028 Αὔγουστος
1168 3961 1367 4026 αὐτοὺς
1415 3961 1853 4031 κατηνάγκασεν,

278 4047 406 4103 οὔτε
424 4049 714 4121 Τραϊανὸς,
747 4052 776 4103 ό
798 4048 895 4121 τὴν
913 4050 1137 4104 ἐκείνων
1157 4050 1467 4114 καταλύσας
1490 4051 1687 4123 ἀρχήν·
1712 4051 1780 4105 τὰ
1800 4051 1856 4105 δὲ

282 4139 488 4211 Πέτρου
546 4140 640 4193 καὶ⁵
670 4138 886 4193 Παύλου
916 4141 1014 4195 καὶ
1041 4142 1290 4196 Ἰωάννου
1321 4142 1418 4197 καὶ
1440 4143 1722 4196 Ματθαίου
1761 4143 1856 4196 καὶ

281 4232 467 4287 Δουκᾶ
520 4232 615 4285 καὶ
656 4231 887 4303 Μάρκου
922 4232 1334 4305 ξυγγράμματα
1389 4234 1466 4297 ὡς
1493 4234 1784 4305 οὐρανόθεν
1812 4236 1853 4269 ¹¹

278 4323 612 4394 κομισθέντα
659 4324 1022 4397 γεραίρουσι,
1079 4326 1175 4379 καὶ
1218 4327 1267 4379 οί
1305 4326 1569 4396 ἰθαγενεῖς
1603 4330 1717 4391 τοῖς
1744 4327 1854 4382 τῶν

1959 1869 2215 1927 struunt,
2252 1860 2379 1916 ﬁdei
2424 1871 2605 1917 autem
2635 1863 2951 1919 thesaurum
2987 1864 3228 1934 diripere
3267 1879 3378 1918 non
3408 1878 3537 1934 pos-

1957 1964 2105 2009 sunt.
2134 1954 2311 2024 Atque
2340 1955 2463 2010 aliis
2503 1955 2725 2025 quidem
2760 1958 2878 2013 suis
2920 1957 3134 2028 legibus
3175 1957 3538 2012 succumbere

1957 2044 2211 2099 subditos
2249 2060 2378 2100 suos
2406 2053 2607 2116 cogunt
2640 2064 2653 2099 :
2688 2055 2744 2101 at
2785 2049 3118 2117 piscatorum
3146 2047 3297 2117 leges
3324 2055 3386 2101 ut
3417 2048 3536 2117 eju-

1957 2142 2102 2199 rent,
2134 2135 2390 2190 ﬁdelibus
2427 2152 2536 2191 non
2566 2137 2917 2206 persuadent.
2969 2138 3148 2192 Persae
3189 2137 3393 2206 itaque,
3441 2136 3534 2206 qui

1956 2241 2024 2281 ex
2070 2226 2292 2282 Zaradae
2322 2228 2452 2282 olim
2487 2228 2700 2298 legibus
2726 2229 3006 2292 viventes,
3052 2235 3109 2282 et
3156 2227 3456 2291 matribus,
3481 2239 3537 2282 et

1957 2317 2263 2383 sororibus,
2292 2327 2348 2373 et
2381 2317 2597 2374 ﬁliabus
2634 2334 2853 2390 quoque
2901 2318 3017 2374 suis
3048 2318 3440 2380 miscebantur,
3480 2324 3537 2371 et

1958 2424 2075 2464 rem
2115 2410 2529 2481 injustissimam
2554 2410 2717 2481 iusta:
2748 2411 2884 2481 legis
2912 2411 3033 2465 loco
3061 2409 3359 2473 habebant,
3389 2416 3547 2479 post.

1956 2515 2122 2571 quam
2149 2502 2485 2572 piscatorum
2515 2504 2665 2573 leges
2695 2504 3013 2569 audierunt,
3041 2503 3262 2558 Zaradte
3300 2502 3448 2575 leges
3478 2511 3541 2556 ut

1958 2593 2196 2648 nefarias
2222 2593 2635 2664 proculcarunt,
2666 2601 2723 2649 et
2745 2595 3116 2666 evangelicam
3142 2593 3548 2650 continentiam-

1959 2684 2194 2755 amplexi
2227 2691 2374 2739 sunt.
2406 2684 2476 2739 Et
2504 2684 2597 2754 qui
2621 2683 2690 2738 ab
2723 2683 2917 2741 eodem
2945 2691 3194 2739 mortuos
3226 2682 3457 2738 canibus
3482 2692 3543 2739 et

1959 2774 2277 2830 volucribus
2302 2774 2468 2846 936
2494 2789 2768 2845 exponere
2807 2774 3147 2839 didicerant,
3183 2791 3332 2831 nunc
3376 2784 3439 2830 ut
3481 2774 3536 2830 id

1960 2866 2164 2921 faciant
2191 2866 2393 2922 adduci
2439 2866 2630 2923 ﬁdeles
2661 2883 2771 2922 non
2816 2875 3049 2939 possunt
3077 2885 3091 2922 :
3118 2867 3214 2923 sed
3241 2867 3364 2923 illos
3392 2875 3538 2922 terra

1961 2959 2226 3025 condunt,
2260 2967 2315 3014 et
2345 2960 2512 3030 leges,
2544 2976 2666 3030 qua:
2695 2959 2749 3015 id
2775 2960 2892 3015 ﬁeri
2917 2967 3122 3022 vetant,
3153 2968 3534 3022 contemnunt,

1887 3088 1931 3147 ο
1963 3066 2066 3106 nec
2100 3059 2371 3106 tortorum
2415 3051 2675 3107 saevitiam
2710 3052 3123 3122 pertimescunt.
3154 3050 3357 3106 Christi
3389 3050 3536 3106 enim

1956 3141 2227 3213 judicium
2269 3142 2444 3213 magis
2473 3144 2854 3209 reformidant,
2895 3152 2951 3200 et
2979 3143 3215 3199 visibilis
3250 3151 3540 3199 cernentes

1959 3248 2023 3287 ac
2045 3232 2309 3298 ridentes,
2360 3248 2425 3288 ea
2452 3249 2573 3302 quae
2597 3251 2707 3289 non
2732 3244 3038 3290 cernuntur
3068 3235 3252 3289 animo
3280 3242 3542 3304 reputant

1958 3332 2016 3378 et
2038 3323 2250 3378 timent.
2281 3324 2457 3393 Atque
2485 3325 2582 3379 has
2607 3326 2756 3395 leges
2779 3341 2808 3379 a
2836 3325 3074 3381 Galilaais
3103 3325 3421 3380 hominibus
3449 3339 3547 3380 ac-.

1958 3422 2229 3484 ceperunt
2256 3431 2271 3467 :
2296 3414 2781 3483 Romanorumque
2815 3414 3117 3483 potentiam
3164 3415 3302 3469 nihil
3342 3414 3536 3475 veriti.

1959 3507 2105 3562 ultro
2134 3521 2192 3561 se
2214 3504 2474 3561 Cruciﬁxi
2499 3504 2732 3576 imperio
2759 3504 3147 3560 subdiderunt.
3176 3505 3365 3574 Neque
3390 3505 3538 3566 illos,

1959 3607 2021 3653 ut
2051 3597 2313 3653 Romanis
2340 3600 2358 3617 ⁶
2386 3597 2601 3667 legibus
2640 3596 2911 3662 viverent,
2952 3596 3172 3666 adigere
3212 3594 3393 3666 potuit
3422 3595 3538 3648 Au-

1957 3698 2170 3760 gustus,
2200 3703 2377 3759 neque
2402 3687 2690 3758 Trajanus,
2722 3686 2815 3756 qui
2839 3702 3031 3742 eorum
3057 3700 3285 3757 regnum
3309 3684 3539 3740 subver-

1958 3781 2024 3836 tit
2051 3799 2063 3834 :
2090 3780 2235 3835 Petri
2268 3788 2472 3844 autem,
2506 3787 2563 3833 et
2600 3778 2777 3843 Pauli,
2816 3786 2873 3833 et
2912 3778 3158 3843 Joannis,
3193 3785 3249 3831 et
3276 3776 3535 3840 Matthaai,

1956 3879 2014 3926 et
2045 3870 2228 3935 Lucae,
2271 3877 2329 3924 et
2368 3869 2531 3924 Marci
2576 3868 2777 3938 scripta
2813 3877 3071 3938 tanquam
3117 3867 3336 3923 caelitus
3373 3854 3545 3922 allata.

1956 3969 2313 4027 venerantur,
2347 3967 2404 4014 et
2432 3960 2701 4031 indigena:
2730 3959 3065 4014 advenarum
3092 3967 3258 4030 atque
3284 3967 3538 4014 externo-

1957 4068 2079 4108 rum
2113 4053 2344 4124 subjecti
2370 4052 2587 4123 legibus
2610 4053 2821 4107 vivunt.
2856 4051 3173 4122 Massagetae
3204 4067 3415 4116 rursus,
3440 4052 3536 4123 qui

1958 4144 2299 4199 miserrimos
2340 4144 2470 4198 olim
2530 4143 2783 4198 homines
2823 4142 3237 4198 arbitrabantur
3276 4143 3371 4213 qui
3416 4143 3535 4198 vio-

1956 4237 2106 4292 lenta
2147 4251 2284 4291 nece
2312 4250 2424 4290 non
2455 4235 2870 4300 occumberent,
2901 4234 3212 4305 quibusque
3246 4243 3544 4307 propterea

1957 4344 2117 4384 senes
2144 4336 2387 4383 mactare
2418 4335 2474 4382 et
2505 4328 2795 4384 comedere
2835 4328 2923 4383 lex
2953 4338 3091 4394 erat,
3122 4337 3414 4399 postquam
3446 4328 3534 4398 pi-

276 4417 446 4480 ξένων
472 4418 567 4470 καὶ
587 4417 869 4489 ἐπηλύδων
887 4418 933 4450 ¹⁸
962 4418 1314 4489 ὑπετάγησαν
1339 4420 1546 4491 νόμοις.
1577 4421 1686 4475 Καὶ
1705 4422 1856 4476 Mac-

1964 4427 2238 4475 scatorum
2259 4426 2621 4490 sutorumque
2639 4420 2789 4491 leges
2807 4419 3121 4484 audierunt,
3139 4416 3545 4474 abominabiles

281 4505 512 4576 σαγέται
536 4508 615 4571 δὲ,
643 4508 990 4579 τρισαθλίους
1015 4510 1313 4581 ἡγούμενοι
1339 4512 1509 4566 πάλαι
1536 4496 1664 4576 τοὺς
1682 4512 1857 4576 ἄλλως

280 4616 395 4661 πως
430 4600 524 4653 καὶ⁸
559 4600 632 4672 μὴ
655 4601 744 4655 διὰ
769 4600 987 4671 σφαγῆς
1014 4601 1401 4667 τελευτῶντας,
1424 4604 1518 4656 καὶ
1549 4604 1742 4657 τούτου
1775 4603 1856 4657 εἴ·

275 4706 407 4745 νεκα
436 4691 563 4757 τοὺς
601 4694 985 4765 γεγηρακότας
1014 4693 1163 4747 θύειν
1191 4696 1287 4748 καὶ
1318 4693 1597 4748 θοινᾶσθαι
1616 4694 1660 4727 ιδ
1696 4713 1853 4767 ποιη-

278 4782 506 4851 σάμενοι
556 4785 720 4855 νόμον
742 4823 757 4846 ,
795 4784 983 4856 ἐπειδὴ
1016 4784 1125 4838 τῶν
1173 4784 1497 4838 ἁλιευτικῶν
1529 4786 1623 4839 καὶ
1665 4804 1859 4840 σκυτο-

279 4874 523 4943 τομικῶν
549 4874 866 4944 ἐπήκουσαν
886 4874 1087 4946 νόμων,
1114 4872 1463 4939 ὲῦδελύξαντο
1483 4877 1582 4947 τὴν
1606 4877 1858 4951 μυσαρὰν

1952 4510 2077 4565 illas
2104 4508 2273 4580 dapes
2304 4509 2590 4579 caedesque
2618 4509 2873 4566 detestati
2908 4518 3055 4565 sunt.
3094 4509 3357 4565 Tibareni
3399 4523 3540 4578 quo.

1954 4618 2096 4673 que,
2144 4617 2307 4657 senes
2347 4601 2478 4656 olim
2513 4602 2662 4658 soliti
2700 4602 2770 4658 ab
2801 4602 3085 4658 altissimis
3126 4602 3358 4673 rupibus
3404 4591 3535 4657 dare

1953 4693 2284 4765 praecipites,
2317 4692 2631 4763 evangelica
2678 4694 2796 4765 lege
2842 4704 3087 4765 accepta,
3133 4694 3534 4766 iniquissimam

1956 4785 2098 4843 hanc
2129 4784 2301 4854 legem
2331 4778 2696 4837 resciderunt.
2725 4783 2913 4854 Neque
2949 4800 3081 4840 vero
3113 4785 3350 4856 amplius
3393 4784 3534 4856 llyr-

1956 4875 2075 4932 cani
2105 4916 2121 4940 ,
2201 4889 2381 4945 neque
2452 4872 2674 4943 Caspii,
2756 4890 2921 4931 canes
2981 4875 3144 4949 937
3205 4876 3361 4935 alunt
3432 4876 3534 4930 ho-

1582 5040 1814 5097 VARIA‘J
1848 5038 2259 5098 LECTIONES.

354 5153 401 5186 η
440 5152 833 5238 ἐμπληκτικός.
878 5153 1188 5238 ἔμπληκτος
1230 5155 1290 5209 Β.
1342 5156 1708 5238 ἐκπληκτικός
1739 5156 1801 5213 C.

1902 5157 1948 5192 ⁸⁷
1981 5156 2320 5220 δυναστείας.
2358 5157 2676 5210 δυναστείαν
2726 5156 2786 5210 C.

301 5239 428 5295 ιενα
459 5223 518 5277 Β.
542 5238 793 5295 Asuprasc.
819 5223 1157 5295 τολμούμενα
1180 5240 1235 5294 p.
1267 5240 1343 5279 m.
1419 5227 1465 5258 ³³
1489 5223 1877 5281 εὐσεϐούντων.
1908 5227 2148 5281 εὑσεδῶν
2185 5227 2282 5281 Va.

284 5241 428 5346 μενα
459 5241 518 5277 ι).
549 5241 793 5295 suprasc.
819 5241 1157 5295 τολμουμενα
1180 5241 1235 5294 p.
1267 5241 1343 5279 m.
1420 5241 1465 5258 "
1489 5241 1877 5281 ευσεοουντων.
1908 5241 2148 5281 ευσεοων
2192 5241 2282 5281 va.
2380 5241 2394 5257 ι
2430 5241 2813 5298 εζηυρημενοι.
2844 5241 3039 5295 εςευρη

289 5293 673 5369 *ξευρηκότεςέ
697 5295 835 5369 Tum
862 5295 1177 5369 κεχρημένοι
1197 5294 1258 5350 C.
1282 5298 1664 5369 κεχωρισμένα
1686 5298 1784 5369 va.
1811 5299 2115 5369 κεχοσμένα
2140 5296 2242 5369 Vb.
2319 5297 2350 5369 ξ
2382 5299 2554 5367 μυιῶν
2584 5295 2679 5369 Ya.
2706 5295 2909 5369 θηρίων
2938 5296 3045 5369 Vl).

284 5363 603 5434 δεδομένους
633 5364 694 5421 C.
715 5366 808 5439 qui
838 5363 1055 5439 ιηοκτὰ
1076 5364 1300 5439 τούτων.
1330 5363 1397 5439 ξι
1426 5363 1837 5439 παραπλησίας.
1871 5363 2279 5439 πολλαπλασίας
2319 5363 2809 5439 Βίπαραπλησίούς

280 5445 536 5522 sttprit‘scz
555 5452 610 5522 η.
636 5434 748 5522 mf
790 5437 812 5469 ⁸
841 5435 1227 5522 καχμητράσι.
1258 5437 1354 5522 καὶ
1379 5434 1568 5522 given:
1599 5434 1692 5493 uati
1737 5435 2072 5522 μητρᾴσιηϐ.
2107 5451 2218 5521 ent.
2246 5436 2341 5489 καὶ
2377 5434 2753 5522 μέντοξνξηίιλο.

2893 5156 2946 5189 ³⁸
2961 5156 3281 5226 τολμώμενα
3348 5156 3503 5209 τε).οὑ
3515 5188 3532 5197 ο

2379 5228 2394 5257 ¹
2430 5225 2813 5298 ἑξηυρημένοι.
2844 5225 3197 5296 ἐξευρημένοι
3223 5227 3283 5280 Β.
3309 5236 3366 5281 et
3390 5226 3532 5281 infra

2382 5299 2554 5351 μυιῶν
2584 5295 2679 5351 Va.
2706 5295 2909 5351 θηοίων
2938 5296 3045 5351 γι).
3141 5298 3163 5329 ³
3190 5296 3528 5351 δεδεμένους.

2989 5314 3045 5353 υ.
3141 5314 3163 5329 ο
3190 5314 3528 5366 οεοεμενους.

2980 5367 3000 5397 ⁵
3026 5367 3151 5429 τοὺς
3170 5366 3441 5437 ὑπηκόους
3466 5366 3528 5421 Β.

2862 5436 2880 5466 ⁷
2901 5436 3071 5507 νόμον
3092 5436 3337 5507 ἔννομον.
3368 5438 3533 5507 νόμον

278 5503 392 5578 ειμι.
414 5503 476 5559 Β.
515 5503 910 5578 ⁸ξὺπήκουσαν.
930 5503 1254 5578 Δἐπήκουσαν
1274 5505 1345 5578 _B,
1380 5503 1484 5561 Vb.
1526 5507 1663 5563 Tum
1691 5503 1817 5571 τοὺς
1846 5503 1947 5578 μὲν
1968 5503 2386 5578 Ζ.-ἑπάτησαν
2405 5521 2515 5578 om.
2541 5505 2646 5560 Vb.
2688 5506 2709 5536 ⁹
2730 5503 3061 5578 προτιθέναι.
3090 5503 3443 5578 προστιθέναι
3465 5504 3527 5578 C.

282 5572 331 5605 ‘°
359 5572 725 5640 πιστεύοντες.
752 5572 1142 5636 πιστεύσαντες
1168 5574 1230 5640 Β,
1262 5575 1322 5628 C.

282 5711 384 5765 ζων
404 5712 467 5769 Β.
545 5716 584 5747 ⁸⁸⁸
622 5711 917 5769 θοινᾶσθαι.
947 5711 1206 5769 (iw—iolla:
1231 5712 1290 5769 C.

1441 5578 1479 5608 “
1515 5575 1888 5649 κολαστήριον.
1932 5576 2281 5649 δικαστήριον
2316 5575 2375 5629 Β.
2424 5575 2525 5649 qui
2572 5590 2697 5630 mox
2736 5575 2846 5649 9m.
2877 5575 3224 5649 ὁρῶντεςκαὶ
3250 5585 3374 5648 post
3392 5577 3532 5648 ὁρώσ

287 5659 442 5719 pave;
519 5646 905 5719 ’ξοὺρανόθεω
938 5643 1156 5719 ᾼΙὶίιιιὶςί
1194 5644 1329 5719 in_B.
1360 5643 1816 5718 suprascriptum,
1847 5647 1992 5719 quod
2028 5643 2206 5717 legere
2231 5643 2466 5716 nequeo.
2500 5647 2575 5710 ὡς
2602 5661 2710 5703 om.
2736 5646 2833 5704 Va.
2912 5643 2965 5680 ἠ
3000 5643 3300 5717 ἐπηλύδων.
3344 5643 3493 5704 ἐπίλύ

2923 5648 2965 5680 ¹³
3000 5647 3300 5717 ἐπηλύδων.
3344 5647 3532 5704 ἐπιλύη
