4036 6194
468 228 604 294 104³1

1455 239 1940 300 THEODORETI
1980 241 2317 302 EPISCOPI
2356 244 2720 308 CYRENSIS

3581 249 3716 317 1048

463 346 676 401 rnlnum
720 344 1104 402 cadaveribus.
1133 346 1321 418 Neque
1364 346 1578 418 Scythae
1609 364 1716 404 una
1745 364 1868 403 cum
1893 365 2043 404 mor—

2148 353 2349 423 ταύτην
2382 355 2582 426 ἐδωδὴν
2643 357 2736 409 καὶ
2774 357 3006 430 σφαγήν.
3067 359 3178 412 Kal
3207 359 3559 431 Τιϐαρηνοὶιδ
3592 371 3720 426 τοὺς

461 439 574 491 tuis
615 436 769 494 vivos
813 439 1108 506 infodiunt,
1147 455 1286 510 quos
1321 440 1400 494 illi
1440 438 1766 493 dilexerant.
1811 440 2038 496 Tantam

461 529 709 597 gentium
754 530 1113 584 mutationem
1153 530 1486 599 piscatorum
1527 529 1673 600 leges
1714 529 2038 587 effecerunt.

459 618 571 671 τῶν
627 621 996 689 εὑαγγελικῶν
1049 623 1452 687 ἐπακούσαντες
1500 625 1700 694 νόμων.

2147 445 2462 515 πρεσϐύτας
2541 447 2683 502 κατὰ
2755 449 3018 520 κρημνῶν
3079 450 3392 520 βαθυτάτων
3455 453 3723 516 είθικότες

2145 536 2344 604 ὠθεῖν,
2411 538 2504 591 τὸν
2561 540 2919 610 παμπόνηρον
2969 543 3157 596 τοῦτον
3205 545 3506 598 κατέλυσαν
3535 546 3721 614 νόμον,

1788 624 1901 677 Ούκ
1951 625 2032 677 ἔτι
2071 625 2116 679 δ’
2162 627 2286 682 οὔτε
2337 632 2381 662 ¹⁶
2443 631 2705 702 Ὑρκανοὶ
2751 631 2876 684 οὕτε
2923 634 3161 687 Κάσπιοι
3220 637 3345 700 τοὺς
3397 635 3566 700 κύνας
3611 639 3724 700 τοῖς

460 714 623 768 τῶνη
669 715 982 770 τεθνεώτων
1045 717 1371 787 ἐκτρέφουσι
1406 717 1670 789 σώμασιν,
1715 718 1838 772 οὔτε
1910 717 2110 772 Σκύθαι
2149 724 2264 784 τοῖς
2319 723 2731 792 τετελευτηκόσι
2809 726 3302 797 συγκατορύττουσι
3361 727 3570 796 ζῶντας
3626 733 3725 796 οὓς

460 806 690 874 ἠγάπων
723 809 940 860 ἐκεῖνοι.
1003 809 1282 876 Τοσαύτην
1305 812 1349 842 ¹⁸
1399 812 1723 881 εἰργάσαντο
1753 811 1857 864 τῶν
1884 810 2023 863 ἐθῶν
2061 812 2362 883 μεταϐολὴν
2385 815 2427 847 ¹⁹
2454 815 2562 868 τῶν
2591 815 2785 869 ἁλιέων
2818 819 2866 870 οἱ
2895 818 3068 888 νόμοι.

530 899 708 968 Atque
737 900 793 954 hi
821 901 1044 970 quidem
1086 904 1349 958 barbaras
1385 907 1657 969 nationes,
1686 916 1745 960 ut
1770 906 1982 976 legibus
2011 920 2045 958 a

461 1005 519 1044 se
552 989 769 1045 traditis
793 992 1059 1058 viverent,
1087 994 1438 1049 adduxerunt
1465 1014 1484 1048 :
1509 997 1662 1050 Plato
1689 1004 1893 1060 autem,
1923 995 2046 1065 phi-

459 1081 817 1151 losophorum
857 1084 1131 1153 optimus,
1158 1086 1374 1156 legibus
1413 1103 1442 1140 a
1475 1103 1531 1141 se
1571 1087 1930 1156 conscriptis,
1974 1102 2043 1141 ne

457 1170 893 1228 Atheniensibus
933 1175 1154 1244 quidem
1183 1177 1395 1231 civibus
1435 1179 1550 1232 suis
1587 1179 1860 1248 persuasit
1888 1188 1948 1232 ut
1976 1193 2042 1232 ex

461 1262 680 1318 illarum
702 1265 968 1321 institutis
993 1269 1390 1338 rempublicam
1412 1271 1816 1340 gubernarent;
1843 1287 1906 1325 ac
1926 1288 2042 1327 me-

460 1353 569 1408 rito
593 1354 817 1423 quidem
851 1374 863 1408 :
891 1367 1019 1411 sunt
1053 1358 1200 1412 enim
1245 1359 1393 1430 leges
1435 1361 1546 1414 risu
1580 1361 1934 1430 dignissimae.
1963 1362 2040 1417 Ac

461 1461 530 1500 ne
553 1448 677 1515 quis
717 1448 1140 1503 me.arbitretur
1171 1458 1380 1504 tantum
1408 1451 1797 1521 philosophum
1829 1453 2039 1507 calum-

461 1539 622 1605 niari,
661 1541 866 1605 audite,
891 1537 1019 1607 'viri,
1050 1559 1298 1613 quamam
1335 1544 1422 1599 ille
1457 1544 1572 1599 suis
1603 1544 1814 1615 legibus
1836 1548 2042 1602 consti-

461 1633 648 1688 tuerit.
679 1633 813 1689 Cum
847 1638 992 1690 enim
1023 1639 1374 1707 praecepisset
1398 1637 1636 1692 feminas
1662 1653 1902 1707 quoque,
1928 1655 2038 1694 non

455 1725 704 1796 juniores
727 1727 911 1792 modo,
940 1729 1035 1783 sed
1057 1729 1129 1782 ad
1154 1731 1384 1784 senilem
1410 1738 1624 1785 aetatem
1651 1741 1960 1801 provectas,
1986 1733 2040 1786 in

461 1818 742 1887 gymnasio
775 1819 953 1875 nudas
988 1822 1258 1886 exerceri,
1287 1821 1734 1878 animadvertens
1772 1823 1826 1877 in
1868 1824 2042 1878 risum

461 1906 599 1960 solvi
623 1909 1026 1978 colloquentes,
1047 1911 1162 1967 haec
1187 1911 1355 1966 verba
1395 1913 1630 1982 subjecit
1657 1913 1827 1985 (Reip.
1853 1931 1907 1984 p.
1938 1916 2041 1970 457

460 1996 546 2066 Β).
583 2015 601 2048 ι
640 1997 735 2053 Vir
761 2007 970 2064 autem,
1000 2001 1094 2070 qui
1136 2002 1278 2057 ridet
1307 2003 1378 2057 ob
1408 2002 1585 2058 nudas
1619 2004 1897 2070 mulieres,
1923 2021 2045 2075 quae

457 2103 646 2143 .amen
669 2091 890 2159 optimae
911 2092 989 2146 rei
1012 2108 1177 2148 causa
1199 2109 1317 2149 sese
1340 2105 1620 2160 exercent,
1643 2112 1766 2150 cum
1789 2112 1856 2151 ex
1879 2097 2046 2154 rebus

463 2179 714 2235 ridiculis
754 2183 1034 2252 sapientia:
1076 2184 1317 2239 fructum
1361 2188 1432 2242 sit
1477 2197 1824 2257 accepturus,
1870 2190 2045 2245 nescit

462 2285 728 2344 quantum
756 2275 886 2328 mihi
913 2276 1150 2341 videtur,
1179 2293 1286 2347 qua
1313 2277 1382 2332 de
1406 2294 1465 2333 re
1492 2279 1691 2334 rideat.
1721 2299 1738 2331 ι
1764 2280 1832 2334 Ει
1857 2295 2046 2335 rursus

466 2365 613 2436 (Leg.
647 2382 702 2435 p.
736 2366 837 2421 804
870 2368 932 2434 Ε)
966 2386 979 2422 :
1019 2388 1036 2419 ι
1070 2369 1195 2423 Harc
1216 2377 1398 2424 autem
1437 2372 1619 2426 omnia
1649 2380 1701 2426 et
1726 2371 1793 2424 dc
1825 2371 2046 2426 feminis

462 2465 652 2510 nostra
685 2459 861 2512 oratio
894 2458 1152 2523 disseret,
1183 2475 1304 2529 quae
1338 2459 1406 2514 de
1437 2461 1683 2514 maribus
1711 2460 1817 2514 dici
1847 2475 2046 2514 conve-

462 2544 548 2598 nit
576 2563 589 2598 :
620 2545 736 2615 pari
767 2547 914 2601 enim
963 2547 1125 2600 modo
1155 2556 1211 2600 et
1244 2547 1473 2601 feminas
1517 2548 1759 2602 exerceri
1807 2554 2042 2616 oportet.

462 2637 721 2706 Nihilque
751 2639 960 2692 veritus
990 2638 1262 2693 afﬁrmare
1301 2639 1404 2693 hoc
1432 2639 1628 2702 ausim,
1665 2654 1845 2708 neque
1885 2639 2044 2708 equi-

465 2730 615 2785 tandi
645 2739 840 2794 artem,
866 2745 1045 2800 neque
1074 2729 1463 2802 gymnasticam
1492 2729 1828 2795 facultatem,
1857 2731 1930 2784 ita
1951 2745 2044 2785 so-

462 2822 550 2877 los
587 2821 785 2877 decere
821 2823 1114 2888 masculos,
1164 2830 1220 2876 ut
1270 2821 1504 2877 feminas
1533 2837 1751 2892 quoque
1791 2838 1904 2877 non
1945 2823 2046 2877 de-

463 2925 644 2970 ceant.
681 2935 698 2967 ›
746 2915 813 2969 Et
839 2915 962 2985 quis
995 2930 1120 2968 cum
1168 2913 1284 2968 haec
1328 2913 1438 2968 dici
1480 2913 1654 2978 audit,
1705 2929 1814 2967 non
1846 2913 2044 2968 merito

463 3007 731 3063 irrideat?
758 3008 962 3062 Natura
991 3007 1139 3061 enim
1173 3007 1394 3075 utrique
1435 3005 1589 3059 sexui
1621 3005 1904 3060 distribuit
1946 3021 2043 3060 sua

462 3113 714 3162 munera,
745 3099 910 3168 938
931 3098 1150 3152 feminis
1185 3099 1408 3167 quidem
1434 3101 1449 3117 ⁶
1473 3099 1650 3152 lanam
1678 3099 1879 3163 facere,
1910 3098 2045 3152 viris

461 3197 645 3244 autem
681 3205 872 3258 agrum
917 3190 1098 3244 colere
1143 3198 1199 3244 et
1242 3190 1444 3244 bellum
1502 3205 1708 3260 gerere.
1756 3190 1871 3244 Hoc
1915 3204 2046 3244 sane

461 3295 648 3334 rerum
681 3279 998 3335 discrimine
1039 3289 1094 3336 et
1119 3281 1388 3335 Homerus
1423 3280 1617 3334 utitur.
1652 3281 1866 3336 Inducit
1899 3281 2046 3335 enim

462 3370 754 3426 Hectorem
787 3373 868 3427 sic
905 3388 1134 3428 uxorem
1159 3373 1581 3428 Andromachen
1617 3373 1988 3443 alloquentem
2029 3391 2043 3425 :

460 3484 608 3557 Ipsa,
637 3486 848 3539 domum
874 3504 1048 3557 perge,
1081 3495 1129 3540 et
1155 3504 1270 3556 qum
1296 3497 1419 3541 sunt
1447 3499 1539 3541 tua
1565 3505 1784 3544 munera
1808 3507 1958 3556 cura,

463 3555 617 3628 [eius
635 3565 790 3626 atque
820 3555 986 3622 colus,
1019 3555 1225 3611 ancillis
1259 3575 1418 3628 pensa
1441 3559 1659 3627 jubeto;

461 3625 614 3680 Bella
642 3625 741 3680 viri
765 3637 966 3694 curent,
997 3630 1181 3682 merito
1211 3625 1354 3700 queis
1385 3625 1520 3682 bella
1552 3630 1802 3700 gerenda.

461 3735 534 3790 At
568 3735 930 3806 philosophus
976 3753 1045 3793 ne
1074 3749 1359 3809 poetarum
1387 3739 1612 3808 quidem
1654 3741 1875 3795 videtur
1909 3741 2047 3796 divi—

461 3827 674 3883 sionem
703 3829 955 3894 scivisse,
977 3831 1070 3884 sed
1111 3831 1289 3886 nudas
1315 3832 1574 3886 mulieres
1607 3831 1852 3887 exerceri
1882 3839 2044 3901 atque

461 3933 638 3988 equos
682 3921 889 3989 agitare
925 3921 1109 3992 jussit.
1153 3921 1285 3987 Qua:
1333 3933 1514 3977 autem
1561 3924 1705 3993 apud
1759 3924 2044 3978 Platonem

464 4009 902 4080 subsequuntur,
938 4014 1314 4083 superioribus
1359 4023 1487 4068 sunt
1525 4023 1910 4069 consentanea.
1957 4014 2047 4070 Sic

460 4101 613 4156 enim
659 4104 736 4157 ait
778 4103 921 4174 (Leg.
953 4121 1005 4174 p.
1040 4105 1144 4159 99.5
1170 4106 1235 4176 A)
1283 4123 1294 4157 :
1332 4125 1348 4157 ‹
1383 4105 1559 4160 Judcx
1595 4121 1726 4160 vero
1751 4105 2046 4176 inspiciens

459 4194 672 4262 iudicet
693 4212 941 4265 quaenam
966 4209 1096 4253 :etas
1121 4198 1464 4253 celebrandis
1483 4198 1693 4268 nuptiis
1712 4198 2004 4253 conveniat
2029 4217 2043 4252 :

463 4304 694 4360 eamque
727 4289 797 4344 ob
837 4307 955 4346 rem
995 4292 1174 4345 nudos
1209 4306 1410 4354 mares,
1458 4291 1742 4360 nudasque
1784 4290 2046 4346 umbilico

2216 907 2324 960 Kal
2377 902 2522 961 οὗτοι
2570 910 2692 980 μὲν,
2725 912 2819 964 καὶ⁵
2866 912 2930 964 τὰ
2967 909 3218 981 βάρϐαρα
3253 909 3381 982 ἔθνη
3418 915 3558 967 κατὰ
3589 917 3721 978 τοὺς

2147 998 2298 1066 σφῶν
2334 999 2559 1052 ἔπεισαν
2594 999 2972 1054 πολιτεύεσθαι
3005 1001 3206 1071 νόμους
3228 1018 3242 1032 ·
3282 1003 3506 1056 Πλάτων
3529 1007 3585 1058 δὲ
3616 1007 3726 1060 τῶν

2145 1089 2452 1160 φιλοσόφων
2478 1093 2506 1144 6
2534 1092 2773 1161 ἄριστος,
2809 1093 3005 1161 νόμους
3037 1091 3352 1161 γεγραφὼς,
3407 1096 3528 1148 οὑδὲ
3557 1096 3724 1164 Ἀθη-

2143 1181 2325 1244 ναιους
2373 1180 2556 1260 ἔπεισε
2593 1185 2718 1247 τοὺς
2749 1183 2983 1246 οἰκείους
3032 1183 3255 1246 πολίτας
3298 1185 3442 1237 κατὰ
3469 1186 3567 1248 τὰς
3594 1188 3724 1240 τού-

2144 1285 2250 1322 των
2277 1269 2556 1340 ὑποθήκας
2597 1271 2694 1342 τὴν
2736 1272 3011 1325 πολιτείαν
3046 1273 3330 1343 ῥυθμίσαι.
3357 1275 3468 1326 Kal
3491 1275 3636 1345 μάλα
3656 1295 3725 1344 γε

2146 1362 2391 1426 εἰκότως
2424 1361 2567 1432 μάλα
2587 1364 2693 1434 γάρ
2718 1365 2826 1416 εἰσι
2849 1364 3268 1432 καταγέλαστοι.
3298 1367 3408 1418 Καὶ
3431 1366 3518 1419 ἵνα
3539 1370 3614 1436 μή
3635 1386 3728 1431 τις

2147 1452 2390 1524 ὑπολάϐῃ
2407 1455 2452 1485 ¹⁰
2485 1471 2552 1524 με
2584 1458 2942 1522 συκοςςαντεῖν
2967 1455 3057 1510 τὸν
3082 1456 3395 1525 φιλόσοφον,
3423 1457 3724 1521 ἀκούσατε,

2145 1539 2190 1599 ὦ
2219 1547 2428 1617 ἄνδρες,
2484 1540 2558 1600 ὧν
2601 1549 2809 1613 ἐκεῖνος
2837 1550 3257 1621 νενομοθέτηκε.
3308 1549 3587 1612 Κελεύσας
3612 1552 3727 1622 γάρ

2146 1639 2240 1691 καὶ
2289 1641 2387 1702 τὰς
2434 1642 2726 1707 γυναῖκας,
2783 1641 2845 1694 οὑ
2889 1642 3049 1712 μόνον
3093 1641 3190 1704 τὰς
3233 1641 3386 1704 νέας,
3442 1642 3579 1695 ἀλλὰ
3625 1643 3729 1696 καὶ

2071 1720 2238 1792 Βτὰς
2292 1731 2728 1801 γεγηρακυίας²¹
2782 1731 3199 1801 γυμνάζεσθαι,
3269 1728 3390 1784 εἶτα
3441 1732 3726 1800 γελῶντας

2140 1820 2268 1883 τοὺς
2335 1819 2898 1891 προσδιαλεγομένους
2967 1821 3130 1886 ἰδὼν,
3217 1821 3502 1876 ὑπολαϐὼν
3569 1823 3673 1892 ἔφη
3706 1840 3721 1853 ·

2148 1930 2167 1965 ι
2188 1911 2247 1965 Ὀ
2275 1911 2333 1964 δὲ
2350 1913 2395 1943 ²¹
2449 1911 2626 1980 γελῶν
2669 1913 2806 1984 ἀνὴρ
2847 1915 2941 1966 ἐπὶ
2971 1917 3205 1984 γυμναῖς
3231 1917 3351 1978 ταῖς
3375 1914 3592 1982 γυναιξὶ
3623 1913 3723 1966 τοῦ

2145 2002 2425 2072 βελτίστου
2469 2003 2635 2058 ἓνεκα
2667 2005 3134 2074 γυμναζομέναις,
3175 2007 3269 2060 ἆτε
3303 2004 3478 2077 [δὴ]³³
3510 2006 3597 2057 διὰ
3627 2003 3724 2056 τοῦ

2143 2094 2353 2162 γελοίου
2388 2095 2580 2163 σοφίας
2613 2094 2946 2166 δρεπόμενος
2973 2096 3206 2167 καρπὸν,
3239 2097 3358 2149 οὑδὲ
3373 2097 3420 2128 ³³
3448 2090 3611 2157 οἶδεν,
3643 2095 3726 2157 ὡς

2144 2185 2350 2247 ἔοικεν,
2407 2186 2492 2255 ἐφ’
2522 2179 2566 2254 ᾧ
2592 2185 2745 2257 γελᾷ.
2777 2205 2796 2238 ι
2858 2187 2970 2240 Καὶ
3017 2187 3179 2242 πάλιν
3199 2204 3212 2217 ⁸
3281 2205 3299 2238 ι
3327 2186 3510 2240 Ταῦτα
3535 2186 3594 2239 δὲ
3626 2185 3729 2238 καὶ

2144 2277 2274 2347 περὶ
2304 2277 2535 2346 θηλειῶν
2564 2279 2592 2330 6
2635 2280 2766 2349 ὲμὸς
2793 2279 2950 2348 λόγος
2969 2282 3013 2312 ’⁵
3042 2279 3108 2333 ἂν
3139 2280 3281 2333 εἴποι
3309 2279 3485 2332 πάντα
3511 2279 3727 2348 ὅσαπερ

2145 2369 2239 2420 καὶ
2256 2370 2302 2399 ⁸⁸
2334 2369 2403 2422 τὰ
2449 2374 2576 2441 περὶ
2624 2372 2733 2424 τῶν
2763 2372 3046 2444 ἀρρένων,
3106 2372 3196 2424 ἴσα
3242 2371 3336 2424 καὶ
3377 2373 3475 2433 τὰς
3504 2369 3728 2440 θηλείας

2144 2459 2334 2512 ἀσκεῖν
2365 2459 2474 2512 δεῖν
2493 2461 2558 2514 ’⁷.
2595 2462 2707 2515 Kal.
2741 2463 2892 2515 οὐδὲν
2924 2463 3180 2533 φοϐηθεὶς
3211 2463 3420 2532 εἴποιμι
3447 2461 3512 2515 ἂν
3534 2461 3730 2514 τοῦτον

2143 2550 2236 2603 τὸν
2282 2550 2442 2620 λόγον
2466 2592 2482 2617 ,
2534 2552 2657 2606 οὔτε
2694 2555 2924 2625 ἱππικῆς
2957 2553 3080 2608 οὔτε
3107 2555 3486 2625 γυμναστικῆς
3519 2554 3594 2616 ὼς
3624 2555 3728 2606 av-

2143 2639 2302 2710 δράσι
2352 2640 2453 2710 μὲν
2511 2643 2721 2713 πρέπον
2773 2645 2838 2698 ἂν
2889 2646 2997 2716 εἴη,
3059 2645 3272 2714 γυναιξὶ
3308 2641 3504 2698 δἀὖ²⁸
3531 2646 3632 2709 οὑκ
3658 2644 3732 2698 ἂν

2147 2733 2376 2805 πρέπον.
2414 2753 2433 2787 ι
2498 2737 2607 2789 Kal
2644 2738 2748 2801 τίς⁶
2776 2739 2875 2791 οὐκ
2920 2739 2986 2791 ἂν
3014 2738 3237 2802 εἰκότως
3271 2739 3476 2791 τούτων
3507 2738 3732 2790 ἀκούων

2147 2825 2462 2893 γελάσειεν;
2525 2829 2557 2898 ὴ
2607 2830 2707 2898 μὲν
2749 2830 2858 2901 γὰρ
2911 2829 3072 2898 φύσις
3118 2829 3414 2898 ἀπένειμεν
3447 2829 3665 2898 ἑκάστῳ
3686 2829 3736 2861 ²⁹

2145 2915 2295 2984 γένει
2319 2918 2386 2970 τὰ
2410 2918 2696 2989 πρόσφορα
2712 2939 2725 2951 ι
2760 2920 2978 2988 γυναιξὶ
3001 2921 3101 2990 μὲν
3119 2920 3402 2983 ταλασίαν,
3427 2918 3653 2989 ἀνδράσι
3670 2918 3735 2970 δὲ

2150 3009 2426 3077 γεωργίαν
2477 3011 2572 3064 καὶ
2616 3013 2918 3082 πολεμικὴν
2965 3013 3276 3084 ἐμπειρίαν.
3341 3009 3524 3083 Ταύτῃ
3551 3010 3732 3081 γὰρ³⁹

2149 3099 2319 3171 δήπου
2336 3104 2402 3172 τῇ
2427 3103 2690 3174 διαιρέσει
2725 3107 2817 3158 καὶ
2847 3107 3095 3176 ’Όμηρος
3128 3104 3411 3174 κέχρηται.
3448 3103 3734 3172 Πεποίηκε

2149 3195 2256 3267 γάρ
2306 3214 2407 3250 που
2456 3197 2513 3249 ἐν
2546 3199 2657 3259 τοῖς
2688 3196 2843 3250 ἔπεσι
2874 3197 2944 3266 τῇ
2988 3197 3326 3268 Ἀνδρομάχῃ
3358 3195 3450 3248 τὸν
3485 3195 3732 3264 Ἕκτορα

2147 3287 2378 3357 λέγοντα
2399 3303 2413 3318 ·

2161 3488 2324 3543 Ἀλλ’
2350 3489 2437 3553 εις
2463 3484 2630 3542 οἷκον
2653 3487 2825 3541 ίοῦσα
2849 3487 2919 3541 τὰ
2943 3489 3176 3553 σαυτῆς
3198 3487 3340 3554 ἔργα
3366 3483 3580 3552 κόμιζε,

2161 3560 2360 3614 Ἰστόν
2384 3561 2453 3622 τ’,
2475 3558 2790 3624 ἠλακάτην
2810 3575 2871 3610 τε
2888 3559 2953 3620 δι,
2990 3558 3084 3610 καὶ
3105 3558 3493 3624 ἀμφιπόλοισι
3516 3555 3735 3607 κέλευε

2152 3629 2728 3699 Ἐργονέποίχεσθαι
2746 3645 2758 3658 ·
2789 3629 3051 3696 πόλεμος
3071 3626 3122 3678 δ’
3137 3626 3426 3693 ἄνδρεσσι
3447 3625 3729 3694 μελήσει.

2158 3743 2218 3796 Ὀ
2259 3742 2315 3795 δὲ
2360 3741 2645 3810 φιλόσοφος
2698 3740 2816 3793 οὐδὲ
2843 3739 2941 3811 τὴν
2967 3739 3072 3792 τῶν
3106 3738 3342 3810 ποιητῶν
3367 3738 3560 3805 διέγνω
3593 3737 3732 3789 διαί-

2151 3853 2318 3907 ρεσιν,
2363 3833 2502 3886 ἀλλὰ
2551 3835 2646 3886 καὶ
2690 3832 3065 3904 γυμνάζεσθαι
3101 3832 3198 3895 τάς
3225 3834 3484 3900 γυναῖκας
3516 3829 3733 3898 γυμνάς

2149 3927 2244 3980 καὶ
2303 3924 2552 3978 ἱππεύειν
2582 3924 2856 3977 ἐκέλευσε.
2900 3925 3007 3977 Kal.
3034 3925 3102 3976 τὰ
3131 3924 3260 3992 ἑξῆς
3297 3923 3352 3976 δὲ
3384 3921 3736 3990 ξυνομολογεῖ

2146 4019 2258 4081 τοῖς
2292 4015 2597 4087 προτέροις.
2640 4014 2788 4087 [150]
2818 4015 2980 4082 Λέγει
3006 4015 3114 4084 γὰρ
3142 4016 3184 4045 ³³
3217 4013 3390 4076 οὕτως
3411 4031 3424 4044 '
3473 4033 3491 4065 ι
3523 4015 3634 4082 Τὴν
3673 4014 3731 4066 δὲ

2147 4109 2241 4164 τοῦ
2279 4111 2386 4163 τῶν
2410 4111 2605 4179 γάμων
2630 4110 2822 4180 χρόνου
2848 4109 3185 4179 ξυμμετρίαν
3213 4109 3475 4178 δικαστὴς
3509 4109 3731 4162 σκοπῶν

2149 4203 2399 4274 κρινέτω,
2447 4203 2688 4273 γυμνοὺς
2734 4203 2834 4273 μὲν
2862 4202 2986 4265 τοὺς
3014 4204 3268 4272 ἅρῤενας,
3304 4201 3514 4270 γυμνάς
3541 4202 3597 4253 δὲ
3627 4202 3732 4272 ὀμ-

2149 4293 2318 4361 φαλοῦ
2350 4295 2512 4365 μέχρι
2553 4292 2824 4363 θεώμενος
2856 4292 2952 4354 τὰς
2980 4295 3266 4361 γυναῖκας.
3307 4313 3326 4346 ›
3376 4292 3432 4346 Ὀ
3466 4293 3522 4346 δὲ
3553 4293 3730 4346 ταῦτα

463 4389 628 4436 tenus
673 4381 907 4437 feminas
955 4382 1227 4452 inspiciat.
1273 4400 1290 4433 ιι
1329 4381 1432 4447 Qui
1484 4397 1617 4436 vero
1665 4381 1782 4435 hac
1830 4382 2043 4444 sanxit,

2150 4384 2455 4454 νομοθετῶν
2484 4385 2607 4438 οὑδὲ
2633 4385 2743 4438 τῶν
2770 4385 2870 4452 τῆς
2914 4383 3229 4437 Κανδαύλου
3257 4383 3513 4452 γυναικὸς
3557 4384 3735 4452 λόγων

461 4473 755 4528 Οαηᾱίιιιιαλ
785 4475 930 4545 regis
959 4489 1097 4528 uxor
1128 4474 1258 4528 olim
1288 4473 1422 4543 quid
1455 4473 1657 4528 dixerit
1695 4488 1802 4527 non
1831 4472 2043 4527 videtur

2149 4474 2417 4544 ἐμνήσθη.
2476 4475 2692 4544 Ἐκείνη
2744 4475 2852 4545 γάρ
2900 4491 3006 4536 τοι,
3049 4473 3142 4527 τοῦ
3183 4474 3373 4545 ἀνδρὸς
3423 4475 3632 4543 γυμνόν
3683 4476 3734 4527 οι

463 4568 800 4623 meminisse.
829 4567 925 4621 Illa
967 4567 1137 4632 enim,
1166 4582 1199 4620 a
1240 4567 1361 4620 viro
1395 4569 1547 4636 jussa
1594 4566 1803 4620 nudum
1848 4581 2043 4636 corpus

2145 4567 2318 4632 δεῖξαι
2370 4567 2430 4619 τὸ
2480 4565 2640 4637 σῶμα
2672 4566 3053 4630 κελεύσαντος,
3084 4567 3230 4637 μάλα
3268 4567 3374 4635 ἔφη
3409 4567 3736 4636 σωφρὸνιιδς,

461 4660 776 4725 ostendere,
802 4659 1102 4730 prudenter
1131 4658 1424 4712 admodum
1452 4657 1758 4729 respondit,
1795 4675 1812 4707 ι
1851 4657 2043 4711 Mulie-

2147 4655 2228 4707 ὃτι
2273 4675 2291 4707 ι
2347 4655 2719 4724 Ἀποδυομένη
2763 4654 2852 4707 τὸν
2883 4654 3085 4707 κιθῶνα
3122 4654 3168 4684 ³³
3207 4652 3603 4707 συναποδύεται
3637 4655 3738 4706 καὶ

464 4769 580 4808 rem
608 4770 732 4809 cum
765 4755 948 4809 tunica
985 4754 1148 4809 simul
1183 4763 1240 4807 et
1265 4751 1531 4823 pudorem
1563 4767 1784 4805 exuere.
1820 4770 1838 4801 ›
1868 4750 2043 4816 Quare

2145 4749 2246 4818 τὴν
2275 4747 2408 4802 αἰδὼ
2441 4750 2475 4819 ή
2503 4749 2661 4819 γυνή.
2697 4768 2715 4800 ι
2755 4747 3056 4816 Τοιγαροῦν
3086 4750 3114 4800 6
3155 4747 3440 4816 φιλόσοφος
3470 4747 3567 4808 τὰς
3597 4764 3737 4815 νυμ-

461 4841 838 4916 philosophus‘
856 4846 1066 4916 pudore
1107 4861 1336 4916 sponsas
1363 4843 1535 4907 exuit,
1564 4850 1619 4896 et
1647 4841 2041 4912 impudentiam

463 4938 644 4995 docet.
681 4939 739 4991 ln
773 4939 987 4993 decimo
1020 4939 1184 4992 etiam
1215 4937 1411 5006 Legum
1450 4935 1612 4998 libro,
1638 4948 1876 4987 consona
1904 4932 2041 4986 scri-

462 5033 576 5104 psit
608 5029 683 5102 (p.
725 5032 822 5084 771
871 5030 957 5102 E).
997 5049 1015 5081 ι
1050 5030 1242 5100 Hujus.
1276 5027 1474 5097 inquit,
1506 5027 1585 5081 rei
1616 5040 1781 5080 causa
1825 5030 2043 5093 oportet

2151 4839 2453 4910 φευομένας
2506 4843 2704 4909 γυμνοῖ
2759 4842 2857 4908 τῆς
2909 4837 3110 4912 αἰδοῦς,
3167 4839 3260 4890 καὶ
3286 4837 3561 4892 ἀναίδειαν
3588 4837 3739 4890 ἐκδι-

2148 4931 2354 4984 δάσκει.
2385 4932 2503 4984 Κάν
2539 4930 2616 5000 τῷ
2643 4930 2854 5000 δεκάτῳ
2877 4930 2933 4982 δὲ
2964 4929 3071 4982 τῶν
3101 4931 3312 4998 Νόμων
3334 4927 3447 5000 [τὰ]
3479 4929 3522 4960 ³⁵
3555 4945 3741 4997 παρα-

2149 5021 2354 5092 πλήσια
2375 5022 2651 5092 γέγραφεν
2674 5061 2690 5074 .
2730 5039 2748 5071 σ
2781 5020 2890 5090 Τῆς
2917 5019 3026 5092 γὰρ
3058 5019 3330 5090 τοιαύτης,
3367 5019 3519 5089 φησὶ,
3561 5036 3740 5073 σπου-

1785 5163 2019 5219 VARUE
2058 5161 2460 5224 LECTIONES,

537 5291 584 5324 ³⁵
613 5288 930 5360 Τιϐαρηνοί.
963 5287 1279 5360 στιϐαρηνοὶ
1303 5285 1363 5339 Β.
1396 5283 1695 5360 στιϐαρινο)
1821 5282 1940 5336 Mox
1965 5280 2216 5360 ὴθικότεέ
2244 5277 2306 5334 C.
2383 5279 2426 5360 ξθ
2453 5277 2553 5330 οὑκ
2577 5276 2656 5330 ἔτι
2675 5275 2721 5360 δ”
2751 5273 3042 5360 οὓτεκοὺτε
3068 5274 3124 5328 δὲ
3143 5272 3379 5360 (οὐκέτι.
3394 5274 3738 5360 suprascr).

463 5360 587 5415 οὔτε
618 5361 678 5415 Β.
703 5355 881 5430 δύντα
911 5360 1084 5430 λόγων
1111 5358 1190 5430 Vb
1222 5355 1550 5430 progépguy.

466 5495 594 5556 Vb:
653 5495 698 5532 ’⁵
727 5503 754 5554 ὁ
781 5502 858 5555 δέ.
890 5503 918 5554 6
944 5495 1005 5554 δέ
1028 5516 1090 5568 γε
1120 5498 1179 5552 Β.
1226 5499 1285 5551 '0
1308 5497 1365 5550 δέ
1392 5496 1626 5568 γεγλαῶν

462 5571 696 5623 δοέπων.
773 5571 819 5602 ⁸⁸
854 5571 995 5625 οὑδέ.
1031 5565 1154 5623 οὕτε
1180 5567 1242 5624 C.
1337 5568 1382 5599 ⁸⁸
1413 5567 1588 5634 λόγος.
1636 5566 1797 5636 νόμος
1823 5565 1924 5636 νιν.

465 5641 520 5710 ’⁸7
541 5642 808 5710 ἐκατέρῳ.
845 5641 1060 5710 ἑκάστῳ
1087 5640 1147 5710 Β,
1169 5638 1230 5693 C.
1299 5709 1320 5710 ί
1342 5639 1382 5670 ³ο
1409 5639 1535 5710 γάρ.
1571 5637 1678 5710 γάρ
1706 5635 1895 5710 που-Β.

466 5709 573 5782 γὰρ
599 5709 659 5763 Β.
712 5705 783 5743 ’³⁵
811 5705 1043 5781 χιτῶνα.’
1065 5709 1268 5763 κιθῶνα
1297 5709 1359 5763 Β.
1435 5705 1618 5778 ³¹ί[τά]
1650 5705 1762 5760 em.
1797 5705 1856 5759 C.

1342 5639 1382 5670 30
1409 5639 1479 5704 γά

1665 5353 1685 5384 ⁷
1708 5354 1802 5390 ηιτη

465 5360 587 5415 οὔτε
618 5361 678 5415 Β.
703 5350 881 5430 Stlp'ra
911 5360 1084 5428 λόγων
1111 5350 1196 5412 Vb
1222 5372 1324 5426 pro
1352 5350 1570 5425 νόμων.’
1642 5353 1685 5386 ¹⁷
1708 5354 1817 5406 τῶν
1839 5367 1948 5407 om.
1990 5350 2050 5406 C.
2159 5350 2202 5381 ³⁸
2231 5350 2522 5417 τοσαύτην.
2551 5350 2818 5416 τοσαύτην
2846 5350 2956 5414 γὰρ
2979 5350 3041 5400 C.
3157 5350 3200 5376 η
3230 5350 3338 5396 τῶν
3363 5350 3533 5396 ἐθνῶν
3566 5363 3742 5430 μετα-

465 5433 647 5495 ϐολήν.
684 5429 986 5495 μεταϐολὴν
1011 5429 1118 5483 τῶν
1141 5427 1308 5481 ἐθνῶν
1334 5425 1394 5480 Β.
1423 5426 1559 5478 ἐθῶν
1581 5424 1711 5495 legit
1734 5425 2022 5495 interpres.
2074 5421 2119 5452 ὀ
2145 5419 2410 5495 ὑπολάϐῃ..
2439 5417 2696 5495 ὑπρλάξοι
2723 5415 2786 5472 C.
2803 5487 2817 5495 _
2861 5418 2903 5447 ²¹
2933 5414 3323 5495 γεγηρακυίατ.
3342 5416 3743 5495 ,πρεσϐυτερας

584 5450 647 5504 ;ν.
684 5440 986 5500 μεταὸολὴν
1011 5440 1118 5483 των
1141 5440 1308 5481 εθνων
1335 5440 1394 5480 Β.
1423 5440 1559 5478 ευων
1581 5440 1711 5495 legll.
1734 5440 1877 5478 Inter
1917 5440 2022 5476 res.
2076 5440 2118 5452 ’ν
2145 5440 2410 5490 υπολαοῃ.
2439 5440 2696 5500 υξτρλαοοι
2723 5440 2786 5472 υ.
2862 5440 2903 5447 --
2935 5440 3323 5485 γεγηρακυιας.
3342 5440 3739 5495 ,πρεσυυτΞ-ρας

653 5501 698 5532 ²²
727 5503 754 5554 6
781 5502 858 5555 δέ.
890 5503 918 5554 6
949 5501 1005 5554 δέ
1028 5516 1090 5565 γε
1120 5498 1179 5552 Β.
1226 5499 1285 5551 ’0
1308 5497 1365 5550 δέ
1392 5513 1453 5564 γε
1482 5496 1626 5549 λαῶν
1653 5495 1713 5550 C.
1807 5495 1854 5525 ³³
1883 5440 1990 5565 res}
2017 5506 2126 5565 om.
2156 5489 2216 5565 B_,
2241 5489 2344 5565 Va.
2374 5492 2541 5565 aes/.3
2587 5487 2691 5565 Yb.
2723 5487 2820 5565 sed
2855 5487 3207 5565 _ex‘l:la_t~on_e.
3265 5501 3488 5565 Opinor;
3519 5495 3580 5540 et
3607 5500 3739 5565 mox

2027 5563 2073 5593 '°
2111 5561 2224 5613 καί.
2261 5559 2356 5611 καὶ
2387 5559 2454 5611 τά
2483 5558 2545 5622 Β,
2584 5557 2646 5613 C.
2723 5557 2768 5588 ³⁷
2797 5559 2894 5610 δεῖ.
2926 5558 3034 5610 δεῖν
3056 5556 3116 5619 Β,
3146 5557 3246 5610 Vb.

1997 5634 2034 5664 ³³
2075 5630 2352 5700 ἠλακάτην
2383 5629 2426 5680 τ’
2445 5628 2543 5697 ἡδ’.
2575 5627 2851 5697 ἠλακάτην
2877 5645 2932 5679 τε
2960 5627 3053 5679 καὶ
3084 5626 3142 5680 Β.
3217 5628 3260 5658 ³³
3291 5627 3437 5694 λέγει
3466 5627 3544 5680 δέ.
3577 5627 3736 5694 λέγει

2159 5349 2202 5381 ³⁸
2231 5348 2522 5417 τοσαύτην.
2551 5345 2818 5417 τοσαύτην
2846 5346 2956 5414 γὰρ
2979 5344 3041 5400 C.
3157 5345 3200 5376 ¹⁹
3225 5343 3338 5417 ’τῶν
3363 5343 3533 5417 ἐθνῶν
3566 5363 3742 5413 μετα-

3347 5555 3394 5588 ³⁸
3423 5552 3490 5608 αὖ
3524 5572 3639 5610 om.
3666 5556 3734 5610 C.
