3974 6196
320 229 461 298 1049

981 225 1418 289 αΒλΕαΑιιυΜ
1450 177 1752 304 AFFiiC'l‘.
1789 220 2228 285 onmno—
2251 224 2358 288 Ix.
2399 225 2498 287 DE
2539 223 2888 287 LEGIBUS.

3429 221 3570 287 1050

318 341 418 411 δῆς
451 339 614 393 ἐνεκα
644 334 749 408 χρὴ
770 332 982 398 καὶτὰς
1003 333 1250 398 παιδείας
1274 331 1541 388 ποιεῖσθαι
1561 329 1885 403 χορεύοντάς

1994 328 2333 403 disciplinam
2380 334 2679 401 constitui,
2723 343 2786 389 ut
2827 342 2936 390 tam
2979 331 3137 403 pueri
3173 346 3335 401 quam
3366 333 3567 402 puella

319 450 380 488 τε
414 432 511 487 xui
537 433 582 464 ³⁸
610 427 959 502 χορευούσας,
991 428 1186 499 κόρους
1213 445 1274 482 τε
1303 429 1398 482 καὶ
1429 427 1618 498 κόρας,
1643 424 1739 480 xui
1772 423 1892 495 ἅμα

322 525 392 597 δὴ
423 523 760 595 θεωροῦντας
793 520 890 576 καὶ
926 521 1352 593 θεωρουμένους,
1389 518 1530 591 μετὰ
1563 518 1609 550 ⁸⁸
1651 517 1809 585 λόγου
1830 533 1891 570 τε

321 618 417 671 καὶ
453 614 669 686 ἡλικίας
720 614 864 677 τινος
913 613 1140 684 ἐχούσας
1184 613 1424 675 ἐοικυίας
1471 611 1516 643 ³⁷
1565 609 1889 682 προφάσεις,

321 704 560 776 γυμνούς
610 721 669 757 τε
698 705 794 757 καὶ
831 704 1062 774 γυμνὰς,
1097 703 1369 774 μέχριπερ
1396 700 1575 759 αίδοῦς
1616 698 1892 768 σώφρονος

321 797 587 851 ἑκάστων.
626 814 643 848 ι
692 794 833 863 Ἐγὼ
860 796 917 848 δὲ
943 795 1039 865 τὴν
1063 794 1160 865 μὲν
1189 793 1436 847 ἐντεῦθεν
1472 790 1745 861 φυομένην
1784 787 1891 841 λώ-

320 887 422 957 ϐην
462 883 598 955 ὁρῶ,
646 884 836 953 κέρδος
882 882 938 935 δὲ
969 883 1117 936 οὐδὲν
1141 882 1235 949 ξὺν
1287 881 1457 952 ταύτῃ
1500 879 1784 949 φυόμενον.
1815 875 1891 929 Ού

320 975 430 1043 γάρ
462 991 568 1027 που
620 973 781 1043 μόνον
830 974 909 1047 είς
946 972 1222 1026 ἀναίδειαν
1280 966 1752 1039 ἐπαιδοτριϐοὖντο
1796 982 1894 1032 γυ-

323 1066 622 1138 μνούμεναι
645 1066 741 1119 xui
769 1065 1007 1135 γυμνοὺς
1023 1064 1067 1097 ³⁸
1099 1064 1299 1135 ἄνδρας
1324 1061 1613 1131 θεώμεναι,
1635 1058 1771 1114 ἀλλά
1797 1056 1893 1111 xui

320 1155 524 1219 πολλὰς
579 1154 832 1222 ἀλλήλοις
882 1152 1136 1223 ἀφορμὰς
1178 1150 1509 1223 προύξένουν
1571 1146 1888 1210 ἀκολασίας.

320 1246 443 1300 Τῶν
479 1245 588 1316 γάρ
619 1245 683 1317 δὴ
714 1243 939 1315 γυμνῶν
991 1243 1259 1313 σωμάτων
1304 1242 1338 1312 ἡ
1386 1240 1588 1311 θεωρία
1634 1238 1728 1293 xui
1766 1238 1892 1301 τοὺς

321 1338 520 1409 ἄνδρας
541 1338 636 1391 xui
666 1334 762 1400 τὰς
793 1338 1055 1406 γυναῖκας
1090 1336 1171 1398 είς
1211 1332 1418 1405 ἔρωτας
1453 1331 1720 1395 ἐκτύπους
1760 1328 1893 1400 ἠρέ-

323 1427 491 1494 θιζεν.
682 1478 685 1479 ,
1262 1448 1267 1453 ο

405 1518 542 1572 Ἀλλ’
560 1518 647 1572 ἵνα
684 1518 758 1589 μὴ
800 1516 1078 1580 παντελῶς
1113 1515 1209 1587 τὴν
1251 1516 1316 1570 ἐκ
1351 1513 1520 1568 τῶνδε
1550 1512 1661 1567 τῶν
1710 1511 1895 1582 νόμων

326 1611 601 1682 φυομένην
649 1609 855 1681 βλάϐην
899 1605 1333 1677 ἀπογυμνοῦντες
1360 1605 1403 1638 ³⁸
1432 1602 1786 1677 λοιδορεῖσθαι
1812 1601 1890 1673 τῷ

323 1700 597 1772 φιλοσόφῳ
626 1699 886 1768 δόξωμεν,
916 1699 1017 1752 ούκ
1037 1697 1299 1767 ἐλέγχειν,
1322 1696 1415 1748 ἐπὶ
1430 1697 1557 1756 τοὺς
1578 1694 1888 1762 παγκάλους

320 1794 430 1847 τῶν
482 1793 679 1863 γάμων
732 1790 1060 1862 μεταϐῶμεν
1110 1789 1309 1861 νόμους
1353 1786 1421 1853 ⁸⁸,
1464 1786 1716 1858 μετρίους
1765 1785 1891 1849 τοὺς

321 1886 573 1955 ἐλέγχους
596 1882 927 1951 ποιούμενοι.
973 1880 1314 1951 Ἀκούσωμεν
1340 1879 1515 1933 τοίνυν
1541 1878 1599 1930 ἐν
1620 1875 1894 1944 Πολιτείᾳ

292 1975 602 2045 ίλέγοντοςο
650 1992 670 2024 ‹
713 1971 948 2043 Ἀνδρῶν
975 1970 1179 2024 τούτων
1228 1968 1480 2023 ἁπάντων
1529 1966 1708 2029 πάσας
1750 1961 1889 2019 εἶναι

320 2066 584 2133 γυναῖκας
626 2060 831 2125 κοινάς,
871 2060 975 2127 usa;
995 2059 1052 2112 δὲ
1083 2058 1353 2129 μηδεμίαν
1381 2054 1569 2127 μηδενὶ
1596 2054 1886 2119 ξυνοικεῖνο

321 2155 417 2208 xui
443 2154 568 2216 τοὺς
601 2151 796 2214 παῖδας
828 2147 896 2204 αὖ
932 2149 1143 2213 κοινούς
1166 2163 1182 2179 ο
1217 2149 1312 2200 xui
1353 2146 1490 2216 μήτε
1524 2144 1685 2213 γονέα
1714 2144 1757 2175 ⁸⁸
1797 2143 1892 2196 εκ-

321 2260 478 2311 γονυν
530 2241 727 2295 εἰδέναι
775 2239 870 2293 τὸν
927 2237 1094 2293 αὐτοῦ
1144 2238 1211 2303 ⁸⁸,
1257 2240 1391 2308 μήτε
1423 2234 1614 2297 παῖδας
1642 2234 1823 2302 γονέα.
1865 2249 1886 2284 ι

322 2330 455 2387 Εἶτα
514 2332 868 2386 ἐπισυνάπτει
890 2346 906 2363 °
945 2349 964 2383 ί
995 2324 1090 2392 Εἷς
1148 2330 1246 2399 μὲν
1276 2328 1321 2360 ⁸³
1358 2327 1556 2391 τοίνυν,
1587 2321 1654 2396 ἦν
1687 2325 1732 2379 δ’
1757 2322 1887 2392 ἐγὼ,

322 2425 616 2496 νομοθέτης
642 2425 828 2486 αὐτοῖς
854 2422 1045 2493 ὥσπερ
1073 2422 1199 2484 τοὺς
1221 2420 1438 2491 ἄνδρας,
1468 2418 1639 2481 οὕτως
1671 2418 1762 2470 xui
1791 2415 1891 2478 τάς

322 2519 588 2586 γυναῖκας
644 2514 869 2581 ἐκλέξας
922 2510 1235 2584 παραδώσει
1277 2510 1508 2565 καθόσον
1536 2504 1645 2562 οἷόν
1678 2527 1738 2563 τε
1770 2510 1893 2580 ὁμο-

322 2611 495 2680 φυεῖς.
548 2608 613 2661 Oi
662 2606 741 2671 δὲ,
780 2605 875 2659 ἅτε
911 2604 975 2675 δὴ
1022 2603 1197 2667 οἰκίας
1225 2620 1284 2656 τε
1330 2603 1423 2656 xui
1461 2601 1708 2668 ξυσσίτια
1738 2599 1892 2655 κοινὰ

322 2702 556 2771 εχοντες,
589 2698 697 2770 ἰδία
723 2696 779 2751 δέ
806 2697 1017 2760 οὐδενὸς
1037 2696 1189 2750 οὐδὲν
1206 2680 1445 2749 τοιοῦτον
1467 2694 1514 2727 ⁸⁸
1534 2694 1889 2764 κεκτημένου,

319 2790 455 2863 ὁμοῦ
478 2792 522 2823 ⁸⁸
552 2789 617 2861 δὴ
638 2789 871 2853 ἔσονται,
902 2787 1037 2859 ὁμοῦ
1067 2787 1113 2839 δ’
1144 2786 1604 2857 ἀναμεμιγμένων
1636 2786 1682 2817 ⁸⁸
1710 2787 1804 2840 xui
1833 2787 1892 2839 ἐν

321 2882 642 2954 γυμνασίοις
671 2880 766 2935 xui.
797 2880 854 2933 ἐν
874 2882 939 2949 τῇ
965 2878 1097 2949 ἄλλῃ
1128 2882 1324 2949 τροφῇ,
1353 2878 1446 2930 ὑπ’
1492 2879 1758 2951 ἀνάγκης,
1814 2877 1894 2934 οἴ.

1990 421 2226 480 choreas
2248 424 2550 491 celebrent,
2576 433 2934 496 spectentque
2958 438 3023 478 ac
3037 421 3204 492 939
3224 430 3562 491 spectemur.

1989 510 2237 582 Cumque
2280 514 2491 569 ratione
2532 522 2589 568 et
2628 523 2808 578 aetate,
2841 528 2963 584 qua:
2998 511 3199 566 habeat
3228 517 3566 579 opportunas
3628 505 3640 519 '

1991 618 2057 658 ac
2085 604 2403 674 probabiles
2426 592 2641 670 causas,
2667 617 2724 659 et
2752 605 2855 659 bos
2882 614 2938 659 et
2974 604 3093 659 illas
3118 600 3314 657 nudari
3343 598 3568 669 permit-

1992 695 2179 759 timus,
2213 709 2389 763 usque
2435 694 2565 749 dum
2605 696 2944 765 singulorum
2977 694 3155 765 pudor
3187 691 3568 760 modestiaque

1992 792 2261 841 servetur.
2294 804 2312 837 ι
2342 785 2458 856 Ego
2497 801 2629 841 vero
2660 801 2908 856 magnam
2938 787 3069 840 hinc
3108 783 3346 839 suboriri
3378 781 3567 852 perni—

1992 873 2134 929 ciem
2168 873 2352 938 video,
2383 874 2734 929 commodum
2761 890 2894 929 vero
2927 875 3138 929 nullum
3168 889 3293 928 cum
3323 873 3411 926 illa
3441 887 3568 941 pro-

1991 964 2199 1018 venire.
2225 963 2343 1018 Non
2366 965 2531 1018 modo
2552 965 2700 1019 enim
2724 965 2791 1019 ad
2819 965 3211 1035 impudentiam
3238 964 3570 1019 erudieban-

1992 1065 2084 1110 tur
2111 1055 2348 1120 nudatur,
2381 1055 2669 1126 nudosque
2698 1058 2847 1112 viros
2875 1066 3207 1127 spectantes,
3233 1055 3327 1111 sed
3365 1056 3568 1111 multas

1993 1148 2229 1204 invicem
2277 1149 2688 1203 incontinentiae
2720 1148 3038 1203 occasiones
3082 1147 3418 1217 praebebant.
3453 1147 3569 1201 Nu-

1991 1240 2188 1296 dorum
2218 1241 2366 1295 enim
2396 1235 2688 1310 corporum
2711 1248 2965 1309 aspectus
2990 1239 3059 1293 ad
3083 1236 3325 1293 nefarios
3352 1250 3571 1291 amores

1991 1341 2050 1389 et
2076 1334 2228 1389 viros
2250 1342 2308 1388 et
2328 1332 2560 1388 feminas
2581 1330 2955 1402 provocabat._

2064 1514 2171 1570 Sed
2191 1530 2261 1570 ne
2287 1522 2599 1571 manantem
2624 1529 2691 1570 ex
2723 1514 2811 1570 his
2840 1514 3053 1585 legibus
3088 1513 3387 1583 perniciem
3416 1513 3567 1567 omni

1993 1623 2062 1664 ex
2093 1615 2251 1679 parte
2293 1608 2620 1671 revelantes,
2656 1606 2952 1662 conviciari
2995 1606 3180 1677 potius
3238 1605 3567 1675 philosopho

1993 1699 2304 1764 videamur,
2329 1713 2492 1769 quam
2510 1713 2637 1753 eum
2658 1698 2928 1756 refellere.
2947 1697 3014 1752 ad
3043 1697 3330 1766 praeclaras
3358 1711 3569 1751 connu-

1992 1789 2213 1844 biorum
2241 1788 2391 1859 leges
2432 1795 2794 1852 transeamus,
2836 1789 3138 1843 moderatis
3177 1787 3566 1857 reprehensio-

1991 1877 2156 1933 nibus
2186 1885 2424 1933 utentes.
2468 1876 2773 1932 Audiamus
2823 1878 3009 1948 itaque
3061 1877 3118 1932 in
3170 1877 3452 1948 Republica
3487 1876 3568 1932 sic

1990 1969 2308 2039 loquentem
2350 1970 2425 2038 (p.
2459 1969 2563 2023 457
2593 1967 2657 2038 D)
2701 1986 2717 2022 :
2754 1988 2774 2020 ι
2803 1968 3013 2023 Horum
3043 1970 3289 2024 omnium
3319 1969 3568 2023 virorum

1993 2075 2313 2116 communes
2344 2075 2465 2115 esse
2515 2075 2736 2125 uxores,
2782 2060 2920 2115 nulli
2965 2075 3099 2115 vero
3136 2061 3416 2131 propriam
3463 2059 3567 2115 sub

1991 2151 2186 2208 eodem
2217 2158 2364 2206 tecto
2386 2150 2637 2205 habitare
2669 2168 2683 2204 :
2712 2150 2853 2206 filios
2875 2154 2895 2174 ‘
2922 2151 3052 2207 item
3091 2151 3348 2206 omnibus
3375 2165 3569 2206 omnes

1992 2257 2313 2297 communes
2343 2257 2464 2298 esse
2494 2259 2509 2295 :
2539 2242 2615 2296 ita
2637 2249 2695 2296 ut
2718 2258 2897 2313 neque
2921 2252 3077 2313 pater
3114 2243 3251 2299 sciat
3291 2258 3453 2314 quem
3499 2258 3569 2299 ex

1993 2350 2051 2390 se
2072 2334 2243 2389 ﬁlium
2280 2335 2654 2406 progenuerit,
2679 2351 2858 2405 neque
2884 2335 3029 2389 filius
3060 2351 3124 2391 ex
3155 2351 3266 2405 quo
3298 2344 3458 2390 natus
3497 2335 3571 2390 sit

1991 2433 2166 2495 patre.
2198 2444 2216 2475 ι
2245 2425 2450 2479 Deinde
2470 2424 2751 2495 adjungit:
2779 2444 2797 2474 ι
2821 2425 3170 2496 Unusigitur,
3198 2425 3417 2494 inquam
3444 2438 3567 2494 ego,

1990 2514 2267 2585 legislator
2282 2514 2743 2584 quemadmodum
2761 2516 2930 2579 viros,
2961 2516 3035 2571 ita
3051 2525 3107 2571 et
3130 2510 3394 2571 mulieres
3413 2515 3568 2585 prius

1991 2606 2155 2677 eliget
2169 2614 2330 2675 atquc
2354 2605 2409 2660 in
2433 2605 2839 2660 matrimonium
2862 2606 3034 2672 dabit,
3062 2622 3262 2663 curans
3290 2614 3369 2671 ut,
3387 2605 3570 2676 quoad

1992 2698 2113 2753 fieri
2144 2707 2343 2769 potest,
2370 2697 2578 2753 similes
2606 2697 2711 2752 sibi
2740 2697 2851 2752 sint
2894 2698 3136 2769 ingenio.
3176 2699 3259 2753 Illi
3282 2706 3465 2753 autem
3496 2697 3572 2753 ita

1993 2790 2292 2861 conjuncti,
2321 2796 2384 2845 ut
2410 2798 2466 2845 et
2484 2805 2805 2846 communes
2852 2790 3047 2846 domos
3072 2789 3313 2845 habeant
3338 2796 3393 2845 ct
3415 2804 3568 2844 com-
3597 2844 3602 2848 .

1992 2886 2146 2939 muni
2183 2897 2370 2938 mensa
2400 2889 2648 2945 utantur,
2684 2881 2822 2935 nihil
2850 2897 3041 2935 earum
3067 2896 3252 2936 rerum
3288 2880 3570 2951 proprium

327 2993 445 3045 μαι,
476 2973 577 3043 τῆς
605 2971 849 3042 ἐμφύτου
878 2970 922 3003 ⁸⁷
948 2968 1163 3035 ἄξονται
1184 2969 1319 3040 πρὸς
1338 2968 1436 3039 τὴν
1458 2969 1702 3039 ἀλλήλων
1727 2970 1889 3038 μίξιν.

1997 2975 2101 3031 sibi
2133 2990 2197 3030 ac
2228 2990 2387 3029 suum
2422 2974 2605 3043 aliquo
2629 2971 2793 3045 9&0
2816 2972 3153 3042 possidente,
3191 2972 3353 3027 simul
3390 2970 3569 3026 conti-

322 3064 401 3120 Ἦ
433 3067 533 3121 ούκ
557 3062 832 3133 ἀναγκαῖά
858 3079 940 3115 σοι
972 3060 1113 3115 δοκῶ
1144 3060 1362 3129 λέγειν;
1394 3063 1467 3115 Οὐ
1492 3066 1892 3134 γεωμετρικαῖς

323 3176 409 3228 γε,
431 3153 468 3229 ἦ
491 3159 535 3211 δ’
561 3156 641 3219 ὃς,
662 3155 776 3209 ἀλλ’
800 3156 1091 3225 ἐρωτικαῖς
1110 3152 1398 3221 ἀνάγκαις,
1421 3153 1475 3206 αἳ
1497 3153 1892 3208 κινδυνεύουσιν

324 3249 547 3304 ἐκείνων
578 3246 898 3318 δριμύτεραι
933 3241 978 3276 ⁸⁸
1011 3239 1147 3296 εἶναι
1179 3243 1314 3311 πρὸς
1346 3242 1406 3295 τὸ
1428 3242 1634 3296 πείθειν
1660 3242 1764 3315 ιτε]
1800 3246 1894 3298 xui

325 3340 372 3374 ⁸⁸
413 3339 592 3393 ἐλκειν
624 3338 713 3391 τὸν
745 3336 913 3390 πολὺν
941 3333 1098 3388 λεών.
1132 3352 1151 3384 ι
1186 3335 1308 3386 "Ott
1359 3332 1458 3402 μὲν
1493 3329 1588 3387 οὖν
1623 3335 1651 3386 ό
1680 3334 1893 3402 φιλόσο-

324 3451 423 3503 φος
462 3430 647 3493 κοινὰς
693 3424 831 3482 εἷναι
856 3427 953 3490 τὰς
981 3428 1246 3496 γυναῖκας
1273 3425 1546 3486 ἐκέλευσε,
1581 3424 1806 3495 μακρῶν
1831 3426 1890 3479 ού

322 3525 403 3578 δεῖ
438 3523 612 3589 λόγων
640 3523 718 3584 εἰς
761 3519 1001 3589 ἔλεγχον.
1035 3517 1203 3579 Αύτδς
1235 3517 1342 3586 γὰρ
1371 3516 1416 3547 ³⁸
1450 3516 1511 3588 δή
1542 3533 1625 3569 τοι
1666 3515 1893 3588 διαῤῥὴ-

323 3614 418 3683 δην
430 3610 842 3682 νενομοθέτηκε,
865 3609 957 3662 xui
972 3608 1069 3678 τῆς
1092 3607 1276 3677 κοινῆς
1288 3606 1568 3672 ξυνουσίας
1590 3605 1690 3676 τὴν
1717 3605 1891 3673 ἀνάγ-

324 3720 428 3775 κην
478 3699 813 3770 ἐπινενόηκε.
857 3698 1024 3767 Κοινῇ
1077 3694 1216 3765 γὰρ,
1261 3694 1400 3764 ἔφη,
1465 3693 1758 3756 οἰκοῦντες,
1801 3692 1896 3745 xui

324 3790 477 3860 κοινῇ
517 3786 835 3857 ἑστιώμενοι
863 3784 957 3837 καὶ
990 3782 1412 3852 γυμναζόμενοι,
1448 3782 1552 3835 ὑπὸ
1588 3782 1689 3852 τῆς
1717 3781 1893 3852 ἐμφύ-

323 3900 417 3938 του
465 3878 758 3950 ἐπιθυμίας
788 3876 931 3947 πρὸς
965 3876 1063 3946 τὴν
1107 3874 1349 3946 ἀλλήλων
1394 3873 1539 3945 μίξιν
1571 3874 1892 3945 ὠθήσονται.

325 3974 437 4029 Kui
466 3971 623 4026 τοῦτο
647 3969 712 4039 δὴ
755 3967 969 4031 κοινοὺς
1008 3966 1133 4029 τοὺς
1179 3966 1531 4036 τικτομένους
1582 3965 1893 4034 ἀποφαίνει,

325 4063 496 4126 ἀδεῶς
544 4061 774 4115 ἑκάστου
818 4060 939 4121 ταῖς
970 4055 1401 4129 προστυχούσαις
1425 4055 1775 4127 ὁμιλούντων,
1802 4057 1896 4110 καὶ

326 4154 501 4208 οἰκεῖά
525 4149 676 4224 [151]
704 4167 768 4218 γε
794 4148 1119 4219 νομιζόντων
1141 4146 1208 4199 τὰ
1230 4145 1334 4200 ὑπὸ
1357 4145 1559 4201 τούτων
1581 4149 1895 4217 τικτόμενα.

1992 3082 2102 3122 nue
2143 3065 2489 3121 victitabant.
2529 3063 2846 3119 Promiscue
2874 3079 3007 3119 vero
3053 3063 3127 3118 ita
3151 3063 3414 3126 conserti,
3454 3069 3571 3116 tum

1993 3157 2049 3210 in
2091 3154 2405 3226 gymnasiis,
2445 3144 2723 3208 tum‘vero
2755 3161 2813 3207 et
2850 3152 2973 3206 aliis
3029 3152 3086 3207 i'n
3119 3151 3336 3217 ofﬁciis,
3365 3167 3435 3207 ex
3470 3166 3571 3206 ne—

1992 3250 2243 3302 cessitate
2268 3244 2423 3297 inditi
2444 3259 2474 3297 a
2500 3252 2694 3297 natura
2714 3246 3007 3313 appetitus,
3032 3245 3098 3299 ad
3129 3253 3372 3299 mutuam
3403 3259 3573 3315 agen-

1996 3346 2084 3393 tur
2108 3334 2569 3391 commistionem.
2602 3335 2798 3389 Annon
2838 3335 2958 3399 tibi,
3004 3351 3212 3404 quaeso,
3245 3335 3438 3391 videor
3473 3350 3572 3390 ne-

1992 3426 2230 3482 cessaria
2283 3425 2714 3480 demonstrare?
2760 3424 3129 3489 Necessariis,
3197 3424 3377 3493 inquit
3432 3423 3523 3476 ille
3553 3462 3570 3488 ,

1993 3512 2571 3576 demonstrationibus,
2601 3527 2711 3566 non
2738 3498 3109 3582 geometricis,
3144 3512 3240 3567 sed
3265 3510 3570 3573 amatoriis.

1994 3603 2170 3658 multo
2199 3616 2363 3672 quam
2388 3601 2495 3656 illa:
2515 3600 2923 3670 potentioribus
2948 3602 3013 3656 ad
3038 3602 3344 3656 faciendam
3371 3601 3574 3670 ponulo

1996 3695 2191 3760 fidem,
2248 3691 2686 3762 trahendumque
2742 3708 2853 3763 quo
2900 3693 3091 3748 velint.
3126 3711 3144 3744 ›
3201 3691 3357 3759 Quod
3410 3691 3576 3761 igitur

1995 3800 2316 3841 communes
2374 3798 2495 3838 esse
2547 3798 2749 3838 uxores
2810 3783 3135 3854 praeceperit
3180 3782 3571 3853 philosophus,

1993 3878 2155 3949 longa
2184 3874 2429 3932 oratione
2475 3873 2543 3929 ad
2580 3874 2960 3945 probationem
2992 3890 3102 3929 non
3148 3883 3236 3930 est
3263 3888 3422 3944 opus.
3456 3872 3575 3943 Ipse

1995 3970 2142 4027 enim
2167 3977 2353 4039 aperte
2378 3967 2578 4032 sanxit,
2608 3975 2664 4021 et
2685 3966 2987 4038 promiscui
3018 3965 3344 4021 concubitus
3381 3979 3574 4020 neces-

1996 4062 2213 4117 sitatem
2227 4059 2572 4132 excogitavit.
2602 4057 2919 4114 «Communi
2934 4058 3080 4113 enim
3098 4058 3284 4121 domo,
3301 4057 3504 4127 inquit,
3519 4064 3576 4112 et

1998 4150 2275 4208 communi
2294 4164 2481 4204 mensa
2504 4147 2898 4219 gymnasioque
2921 4154 3161 4211 utentes,
3188 4147 3258 4200 ab
3287 4146 3452 4201 insito
3474 4154 3575 4199 na;-

327 4244 497 4299 Τοῦτό
535 4243 576 4274 ⁸¹
616 4258 698 4294 τοι
724 4236 994 4310 νενοηκὼς
1030 4237 1058 4288 ὁ
1091 4235 1634 4307 προσδιαλεγόμενος,
1663 4238 1756 4290 τοῦ
1782 4239 1891 4291 Σω-

2000 4252 2138 4298 turre
2164 4242 2431 4312 appetitu,
2466 4239 2536 4294 ad
2579 4246 2826 4293 mutuam
2863 4238 3218 4309 impellentur
3238 4235 3577 4291 commistio-

328 4339 558 4410 κράτους
614 4331 932 4404 εἰρηκότος’
974 4346 992 4380 ι
1030 4324 1108 4380 Ἦ
1156 4328 1256 4380 οὐκ
1296 4328 1571 4396 ἀναγκαῖά
1620 4345 1701 4382 σοι
1751 4328 1891 4383 δοκῶ

1998 4351 2147 4400 nem,
2177 4332 2323 4404 quod
2343 4331 2564 4402 quidem
2583 4345 2903 4385 communes
2923 4328 3180 4383 omnibus
3200 4328 3406 4382 liberos
3426 4324 3587 4388 facit,

329 4430 505 4497 λὲγειν
529 4444 543 4492 ;
580 4446 598 4478 ι
640 4426 948 4496 ἐπήγαγενθ
986 4440 1004 4472 ι
1028 4420 1099 4473 Ού
1123 4421 1523 4489 γεωμετρικαῖς
1542 4437 1604 4488 γε
1624 4419 1738 4474 ἀλλ’
1755 4422 1891 4491 ἐρω-

2000 4440 2126 4480 cum
2168 4424 2224 4478 in
2273 4437 2657 4493 quamcunque
2679 4421 2805 4490 quis
2838 4419 3115 4483 inciderit,
3149 4433 3274 4473 cum
3305 4433 3368 4471 ea
3406 4416 3579 4471 libere

330 4520 506 4581 τικαίς
523 4516 806 4585 ἀνάγκαις,
825 4513 881 4567 αἳ
902 4510 1301 4565 κινδυνεύουσιν
1326 4509 1547 4563 ἐκείνων
1574 4510 1891 4581 δριμύτεραι

2001 4514 2317 4578 misceatur,
2357 4526 2568 4581 proque
2596 4526 2696 4565 suo
2725 4510 3015 4564 habiturus
3053 4510 3126 4565 sit
3159 4506 3425 4579 quidquid
3452 4504 3579 4560 inde

331 4602 474 4661 εἶναι
507 4606 642 4677 πρὸς
672 4605 733 4659 τὸ
772 4602 982 4656 πείθειν
1014 4601 1108 4653 xui
1146 4599 1329 4652 ἕλκειν
1350 4600 1447 4673 δὸν
1482 4600 1649 4652 πολὺν
1677 4599 1832 4655 λεών.
1876 4620 1891 4653 ι

2001 4612 2277 4661 nascatur.
2312 4621 2329 4653 ι
2360 4602 2475 4657 Hoc
2512 4600 2821 4671 intelligens
2851 4600 2945 4670 qui
2985 4600 3420 4669 colloquebatur,
3455 4613 3580 4653 cum

350 4698 492 4767 Ἐγὼ
519 4700 574 4752 δὲ
603 4698 710 4751 τῶν
739 4684 921 4749 νῦν’τά
940 4693 1225 4755 Πλάτωνος
1245 4692 1567 4763 ἑρμηνεύειν
1586 4693 1891 4759 ἐθελόντων,

2004 4712 2131 4752 eum
2182 4695 2575 4762 interrogasset
2629 4690 2912 4754 Socrates,
2972 4708 2991 4741 ι
3025 4691 3221 4744 Annon
3272 4688 3582 4744 necessaria

338 4793 540 4862 μᾶλλον
564 4791 620 4843 δὲ
642 4786 1078 4860 παρερμηνεύειν
1110 4784 1487 4856 πειρωμένων,
1518 4782 1780 4854 θαυμάξω
1801 4786 1891 4856 τὴν

2008 4786 2109 4840 tibi
2151 4782 2344 4837 videor
2381 4780 2571 4849 loqui?
2602 4799 2622 4831 ι
2660 4779 2965 4850 respondit,
3011 4798 3029 4831 ι
3063 4780 3182 4834 Non
3213 4780 3579 4850 geometricis,

332 4883 633 4937 ἀναίδειαν·
665 4879 798 4950 φασὶ
824 4879 932 4948 γὰρ
955 4877 1116 4930 αὑτὸν
1165 4876 1241 4947 μὴ
1287 4874 1566 4941 ξυνουσίαν
1606 4876 1891 4947 νομοθετῆ-

2008 4875 2105 4932 sed
2138 4870 2419 4929 amatoriis
2441 4869 3026 4934 demonstrationibus,
3054 4885 3177 4938 quas
3212 4869 3385 4923 multo
3420 4882 3583 4937 quam

337 4989 428 5027 σαι
477 4972 524 5003 ⁸⁸
580 4970 783 5041 κοινὴν,
840 4968 975 5023 ἀλλά
1032 4968 1252 5039 φιλικὴν
1307 4967 1616 5031 κοινωνίαν,
1661 4968 1756 5021 xui
1803 4970 1891 5022 οὐκ

2009 4967 2115 5023 illae
2156 4962 2488 5019 valentiores
2522 4962 2699 5017 solent
2735 4975 2856 5016 esse
2910 4959 2979 5015 ad
3040 4959 3345 5015 faciendam
3382 4957 3586 5029 populo

1630 5103 1863 5160 vanu;
1903 5100 2334 5179 LECTIONES.‘

407 5228 453 5261 ³⁸
487 5225 597 5280 καί.
632 5242 693 5278 τε
724 5223 817 5277 xui
837 5221 897 5277 Β.
950 5290 955 5291 ί
1002 5221 1166 5281 89'xui
1206 5221 1364 5291 μετά.
1422 5219 1514 5291 xui
1571 5235 1680 5276 om.
1729 5220 1795 5275 B.
1884 5222 1928 5254 ³⁷
1955 5219 2217 5291 ἐοικυίας.
2256 5214 2618 5291 oixeiu;_Vb_.__
2699 5214 2743 5247 ⁸⁸
2768 5211 3203 5291 γυμνουμένους.
3243 5209 3484 5291 γυμνοὺς

333 5299 379 5333 ⁸⁹
407 5278 611 5369 βλάϐην
655 5278 1116 5369 ἀπργυμνοίξντες.
1159 5278 1602 5369 ἀπογυμνοῦντες
1649 5292 1852 5369 βλάῥην
1878 5292 1938 5369 1}:
2031 5290 2077 5324 ⁸ο
2102 5278 2215 5369 τῶν
2241 5289 2422 5369 νόμωχ
2442 5278 2517 5344 VB.
2688 5278 3583 5369 (ιυῖ,ιίιοχζγάμουςᾏζὴῌγρνία

332 5349 524 5437 γονέας
565 5349 627 5422 C.
657 5365 750 5436 qui
775 5349 905 5437 mox
930 5349 1197 5437 εἶναιῬτο
1220 5349 1440 5437 ειδέναι.
1470 5431 1493 5437 _
1536 5349 1596 5392 ⁸³⁷
1616 5349 1778 5437 αλδτοῦ

2024 5359 2188 5413 παῖδα
2220 5349 2330 5437 om'.
2379 5356 2439 5437 Ιξε
2481 5349 2726 5437 quintum
2758 5353 2900 5437 μήτε
2939 5349 3135 5437 παῖδας
3156 5349 3339 5437 vagiat.
3368 5349 3587 5437 omissi:

572 5416 903 5490 ἕδνᾞτῐόῖ
985 5432 1033 5509 ⁸⁸
1058 5416 1139 5509 είς
1314 5431 1700 5509 εἰῇκῶμεν-Ο.
1808 5430 1853 5509 ⁸⁸
1878 5430 2140 5509 τοιοῦτον,
2169 5418 2378 5509 τοιοῦτο
2398 5426 2481 5509 BL
2500 5416 2515 5425 ’
2559 5423 2606 5509 ’δίς
2626 5423 2720 5476 xui
2748 5416 3028 5509 όμὸῦζνξαὶ
3052 5416 3254 5509 (ἮῚᾏΒ,
3448 5416 3493 5449 ⁸⁸
3517 5417 3583 5509 ἰὴ

330 5486 966 5586 ξ-ῖάίιῖτῑδτάνᾱεξ-θκ-
1007 5502 1054 5535 ιτ
1083 5486 1419 5586 meum
1455 5486 1634 5586 ειάιηις
1654 5486 1793 5586 θρρξι
1820 5496 2415 5586 ἐμφύτρυ·,.έπ,ξθυεὶί.ας
2439 5486 2868 5586 vacuasse
2890 5490 3021 5586 νιι.
3050 5486 3580 5586 ._::a:a:s_r»«:.2-

332 5558 832 5632 ignauiam;
864 5558 881 5559 θ
922 5574 966 5606 ιο
998 5591 1057 5628 τε
1226 5558 1284 5623 τὲ
1315 5558 1425 5625 om:
1466 5572 1527 5636 Β,
1563 5572 1624 5627 c.
1673 5558 1685 5574 ·
1724 5573 1769 5605 ιη
1801 5558 1891 5641 τι,

1994 5569 2059 5641 ἀρ
2084 5569 2145 5637 δὴ
2179 5567 2239 5620 Β.
2288 5558 2358 5598 ’⁵⁸
2391 5565 2572 5619 τοῦτο.
2609 5558 2796 5616 τοῦτον
2812 5561 2874 5617 C.
2978 5561 3021 5593 ⁸¹
3050 5558 3418 5631 νομοθετῆσαι.
3455 5558 3588 5631 όμυ-

298 5689 307 5697 .
331 5647 562 5715 λογῆσαι
590 5646 692 5700 νιν.
