3974 6196
405 187 533 251 1051

400 413 524 450 rum
571 411 740 449 miror
791 394 1208 464 impudentiam,
1255 393 1348 461 qui
1387 391 1502 446 hzec
1542 392 1785 445 Platonis
1809 390 1974 445 verba

399 501 547 540 nunc
578 487 926 555 interpretari
957 486 1170 545 volunt,
1201 493 1295 537 aut
1331 484 1520 552 potius
1550 483 1882 550 detorquere
1914 498 1976 537 ac

399 577 696 645 depravare
752 586 1042 630 conantur.
1091 577 1258 629 Aiunt
1313 575 1495 637 enim,
1551 575 1705 627 illum
1766 589 1974 642 nequa-

398 685 560 736 quam
593 683 940 722 communem
981 669 1187 722 coitum
1234 666 1560 728 instituisse,
1609 665 1703 719 sed
1742 665 1973 718 amicam

395 757 556 828 95,1
609 757 898 826 quamdam
952 757 1347 811 benevolentiae
1391 757 1730 809 societatem.
1787 756 1974 824 Neque

397 848 633 902 audiunt
686 848 961 901 dicentem
1010 848 1084 916 (p.
1123 847 1225 901 458
1274 846 1373 917 D):
1419 866 1437 898 ι
1486 846 1642 911 Quod
1685 847 1728 900 si
1767 847 1972 911 domo,

399 955 610 1000 mensa,
650 939 1040 1008 gymnasioque
1075 940 1126 991 in
1156 952 1447 992 commune
1500 952 1692 990 omnes
1722 946 1970 1000 utantur,

399 1029 728 1083 necessitate
758 1029 907 1082 insiti
934 1030 1212 1098 appetitus
1237 1028 1301 1081 ad
1341 1037 1586 1081 mutuam
1622 1029 1976 1096 impellentur

402 1121 863 1175 commistionem.
901 1141 918 1173 ι
962 1121 1067 1175 Sed
1097 1121 1325 1174 fortasse
1363 1119 1625 1173 ridiculas
1663 1119 1975 1188 philosophi

401 1214 551 1283 leges
587 1213 715 1266 dum
748 1213 1109 1274 erubescunt,
1139 1227 1384 1266 errorem
1422 1211 1668 1280 magistri
1699 1211 1976 1266 occultare

401 1306 678 1359 nituntur.
721 1304 883 1373 Atqui
921 1305 1068 1357 illius
1109 1304 1409 1357 verborum
1447 1302 1764 1357 meminisse
1809 1317 1976 1372 opor-

402 1396 590 1450 tebat:
627 1416 643 1446 ι
683 1397 931 1450 Amicum
957 1396 1177 1464 quidem
1208 1395 1506 1456 hominem,
1540 1393 1634 1447 sed
1667 1403 1721 1446 et
1744 1394 1976 1448 amicam

400 1502 521 1541 esse
552 1488 862 1548 veritatem,
894 1491 909 1505 ‘
947 1487 1107 1540 ambo
1134 1502 1263 1540 vero
1290 1501 1414 1539 cum
1439 1485 1613 1538 amica
1639 1485 1768 1549 sint,
1805 1487 1979 1557 magis

401 1576 630 1630 amicam
669 1591 789 1630 esse
825 1577 1130 1630 veritatem.
1178 1595 1195 1626 ›
1238 1575 1343 1629 Sed
1368 1574 1503 1629 alias
1539 1591 1759 1645 quoque
1798 1575 1978 1630 Plato-

400 1667 486 1721 nis
518 1667 664 1736 leges
693 1667 999 1722 audiamus.
1029 1669 1159 1737 Ejus
1188 1668 1334 1721 enim
1382 1675 1510 1722 sunt
1553 1675 1609 1721 et
1665 1667 1782 1722 ista:
1822 1668 1971 1739 (Rep.

399 1774 457 1829 p.
498 1759 600 1812 460
636 1759 712 1827 Ε)
742 1777 754 1812 :
790 1779 806 1809 ι
845 1759 1058 1814 Mulieri
1107 1774 1411 1829 congruere
1446 1760 1677 1814 dixerim
1713 1775 1834 1832 ego,
1860 1769 1976 1816 uta

400 1851 664 1904 vicesimo
696 1852 873 1906 mtatis
904 1867 1048 1906 anno
1073 1867 1248 1920 usque
1286 1851 1351 1905 ad
1377 1851 1852 1921 quadragesimum
1897 1852 1978 1906 ci-

399 1941 555 1994 vitati
588 1942 792 1995 liberos
813 1943 1006 2011 pariat,
1032 1944 1150 1996 viro
1175 1955 1378 2007 autem,
1401 1953 1479 2008 ut,
1510 1953 1797 2014 postquam
1824 1960 1977 1999 sum-

401 2045 550 2084 mum
570 2031 652 2084 sui
689 2047 884 2085 cursus
913 2032 1101 2086 ﬂorem
1125 2033 1425 2097 transierit,
1461 2033 1659 2087 exinde
1689 2033 1830 2088 ﬁlios
1855 2049 1980 2102 pro-

402 2133 571 2187 creet,
623 2141 793 2194 usque
841 2125 908 2179 ad
961 2126 1214 2196 quintum
1254 2142 1418 2196 supra
1464 2127 1978 2197 quinquagesimum

401 2230 629 2272 annum.
666 2236 683 2266 ι
713 2216 816 2271 Sed
855 2217 969 2272 haec
992 2218 1211 2288 quidem
1244 2229 1487 2288 apertam
1527 2221 1825 2290 perniciem
1860 2224 1980 2277 nul-

400 2303 508 2358 lam
532 2307 817 2361 continent
861 2325 874 2360 :
917 2325 1039 2378 quae
1091 2326 1222 2363 vero
1274 2311 1666 2381 insequuntur,
1706 2329 1814 2367 non
1864 2315 1978 2368 risu

403 2394 601 2458 solum,
622 2397 716 2450 sed
744 2405 798 2450 et
825 2397 1082 2468 laerymis
1102 2398 1262 2468 digna
1296 2409 1444 2462 sunt,
1470 2410 1526 2454 et
1551 2401 1697 2470 igne,
1719 2403 1810 2470 qui
1840 2416 1980 2470 pra:-

403 2485 579 2539 claras
606 2487 751 2555 leges
789 2486 1058 2541 absumat.
1093 2487 1184 2542 Sic
1206 2489 1352 2541 enim
1372 2490 1447 2542 ait
1475 2491 1549 2558 (p.
1579 2490 1674 2544 461
1703 2491 1796 2555 Β);
1835 2510 1851 2539 ι
1874 2491 1979 2545 Ubi

399 2583 582 2628 autem
601 2575 703 2628 viri
721 2591 783 2629 ac
814 2575 1072 2630 mulieres
1095 2576 1350 2647 gignendi
1377 2589 1594 2646 tempus
1620 2580 1976 2646 excesserint,

398 2664 606 2720 liberos
645 2681 740 2721 eos
774 2667 1018 2722 sinemus
1051 2669 1366 2722 conversari
1403 2679 1465 2724 ut
1495 2670 1666 2724 velint
1700 2688 1713 2724 :
1751 2670 1858 2726 hoc
1894 2688 1982 2726 so-

398 2755 515 2811 lum
548 2773 744 2813 cavere
770 2768 1194 2828 praemonentes,
1219 2775 1286 2813 ne
1317 2777 1480 2830 quem
1512 2762 1749 2831 amplius
1781 2777 1980 2818 conce-

399 2858 557 2916 ptum
595 2847 766 2902 fetum
813 2850 867 2903 in
917 2851 1096 2904 lucem
1130 2851 1316 2904 edant.
1364 2851 1420 2905 Si
1451 2852 1577 2920 quis
1608 2862 1790 2906 autem
1820 2854 1981 2907 insti-

1407 188 1894 249 THEODORETI
1934 187 2269 252 EPISCOPI
2303 195 2666 256 CYRENSIS

401 306 586 365 (idem,
621 302 1052 373 trahendumque
1081 316 1190 372 quo
1232 300 1421 354 velint.
1451 319 1468 351 ι
1515 300 1627 369 Ego
1669 310 1848 353 autem
1878 314 1974 352 eo-

2086 304 2333 358 ἀκούουσι
2374 307 2621 372 λέγοντος
2646 323 2659 336 ·

3523 186 3680 252 1052

2703 326 2720 357 ι
2762 306 2870 358 Καὶ
2903 304 3170 374 οἰκήσεων
3200 301 3297 357 καὶ
3335 304 3678 372 συμποσίων

2078 399 2168 450 καὶ
2209 401 2523 468 γυμνασίων
2553 399 2934 462 κοινωνοῦντες
2984 395 3254 468 ἀλλήλοις,
3283 395 3373 447 ὑπ’
3406 396 3679 467 ἀνάγκης

2077 489 2168 540 καὶ
2217 493 2313 558 τῆς
2371 491 2416 521 ⁸³
2465 490 2706 560 ἐμφύτου
2769 489 3064 558 ἐπιθυμίας
3118 486 3336 550 ἄξονται
3372 487 3518 555 πρὸς
3560 486 3672 554 τὴν

2076 581 2324 648 ἀλλήλων
2365 582 2560 650 μίξιν.»
2583 583 2723 635 Ἀλλ’
2751 582 2879 644 ἴσως
2911 579 3270 650 ἐρυθριῶντες
3300 577 3393 628 ἐπὶ
3424 580 3540 638 τοῖς
3568 593 3678 628 κα-

2077 669 2426 736 ταγελάστοις
2451 671 2542 723 τοῦ
2573 671 2857 738 φιλοςόφου
2885 671 3090 738 νόμοις,
3111 666 3518 734 ξυγκαλύπτειν
3543 681 3672 716 1:22-

2079 759 2278 828 ρῶνται
2318 760 2412 812 τοῦ
2459 761 2778 814 διδασκάλου
2807 760 2904 829 τὴν
2936 758 3223 829 ἁμαρτάδα
3251 775 3266 788 ·
3303 757 3422 810 ἀλλ’
3453 757 3570 808 ἔδει
3603 773 3672 822 γε

2075 848 2185 899 τῶν
2225 849 2434 901 ἐκείνου
2467 851 2513 881 ⁸⁵
2571 850 2742 917 λόγων
2796 849 3247 919 ἀναμνησθῆναι,
3301 848 3383 900 ὅτι
3445 864 3464 894 α
3500 846 3673 908 Φίλος

2081 940 2183 1008 μὲν
2230 941 2258 993 ὁ
2317 941 2472 1012 ἀνὴρ,
2507 941 2632 1010 φίλη
2669 942 2725 994 δὲ
2755 944 2786 1012 ἡ
2817 941 3041 1012 ἀλήθεια
3067 956 3080 969 ·
3107 941 3309 1010 ἀμφοῖν
3332 940 3376 972 ⁸⁸
3405 938 3672 992 δὲδντοιν

2078 1030 2272 1100 φίλοιν,
2339 1031 2585 1104 φίλτερον
2637 1035 2670 1102 ἡ
2721 1033 3008 1102 ἀλήθεια.»
3074 1030 3236 1101 Ἀτάρ
3281 1023 3372 1082 οὗν
3417 1030 3517 1081 καὶ
3555 1028 3674 1082 τῶν

2078 1122 2251 1174 ἄλλων
2311 1123 2704 1192 ἐπακούσωμεν
2735 1123 2782 1154 ⁸⁸
2820 1122 3018 1192 νόμων.
3070 1120 3244 1173 Αὑτοῦ
3291 1120 3400 1187 γὰρ
3454 1118 3524 1187 δὴ
3573 1120 3675 1172 καὶ

2389 1232 2406 1264 ι
2434 1213 2654 1266 Γυναικὶ
2694 1215 2811 1283 μὲν,
2851 1208 2920 1284 ἦν
2955 1212 3000 1265 δ’
3042 1212 3170 1280 ἐγὼ,
3209 1209 3494 1280 ἀρξαμένῃ
3557 1211 3676 1262 ἀπὺ

2079 1304 2404 1364 εἰκοσέτιδος
2432 1303 2478 1336 ⁸³
2539 1305 2726 1378 [μέχρι
2775 1301 3351 1376 τεσσαρακονταέτιδος
3397 1299 3497 1370 "'j
3543 1299 3678 1352 τίκ·

2078 1410 2193 1446 τειν
2253 1397 2318 1465 τῇ
2379 1396 2528 1448 πόλει
2561 1411 2575 1425 ⁸
2632 1396 2784 1467 ἀνδρὶ
2839 1395 2905 1458 δ’,
2973 1393 3191 1447 ἐπειδὰν
3242 1392 3338 1461 τὴν
3386 1389 3679 1459 ὀξυτάτην

2079 1481 2282 1554 δρόμου
2323 1486 2368 1518 ”
2401 1487 2585 1556 ἀκμὴν
2616 1489 2790 1556 παρῇ,
2837 1486 2898 1538 τὸ
2953 1485 3063 1538 ἀπὸ
3122 1483 3312 1536 τούτου
3367 1483 3580 1550 γεννᾷν
3605 1484 3677 1551 τῇ

2081 1573 2233 1625 πόλει
2257 1572 3215 1645 μέχριπεντεκαιπεντηκονταετοῦς.
3248 1591 3266 1623 ›
3305 1571 3680 1624 Ἀλλὰ-ταῦτα

2083 1665 2181 1736 μὲν
2213 1666 2274 1717 ού
2311 1666 2454 1734 μάλα
2495 1665 2660 1736 δήλην
2687 1665 2797 1735 ἔχει
2834 1665 2930 1736 τὴν
2960 1663 3181 1733 βλάϐην,
3211 1662 3278 1715 τά
3311 1663 3366 1715 δὲ
3423 1661 3561 1729 ἑξῆς
3611 1660 3681 1713 οὐ

2078 1755 2337 1824 γέλωτος,
2373 1757 2506 1810 ἀλλά
2558 1759 2651 1810 καὶ
2703 1756 2916 1827 θρήνων
2949 1755 3095 1820 ἄξια,
3149 1753 3244 1807 καὶ
3301 1752 3475 1822 πυρὸς
3534 1753 3682 1813 τοὺς

2081 1848 2393 1916 παγκάλους
2419 1849 2462 1881 ’θ
2489 1848 2867 1910 ἀναλίσκοντος
2893 1847 3108 1916 νόμους.
3135 1845 3295 1912 Λέγει
3317 1845 3428 1912 γὰρ
3453 1842 3647 1895 ταῦτα
3663 1859 3680 1873 ·

2087 1958 2106 1991 ι
2147 1940 2311 1992 Ὅταν
2340 1939 2395 1991 δέ
2431 1939 2486 1991 αἱ
2519 1943 2776 2007 γυναῖκες
2796 1938 2922 1990 οἵτε
2945 1937 3136 2005 ἄνδρες
3164 1937 3206 1966 ἰ
3231 1934 3324 1987 τοῦ
3343 1935 3547 2002 γεννᾷν
3579 1935 3685 1985 ἐκ·

2081 2028 2217 2096 ϐῶσι
2243 2029 2339 2098 τὴν
2367 2029 2603 2098 ἡλικίαν,
2628 2027 2910 2098 ἀφήσομέν
2935 2044 3034 2078 που
3054 2026 3098 2056 ⁶²
3121 2024 3442 2094 ἐλευθέρους
3460 2023 3686 2086 αὐτοὺς

2083 2118 2465 2188 ξυγγίγνεσθαι
2498 2120 2574 2182 ὡς
2612 2119 2678 2172 ἂν
2716 2118 2976 2171 ἐθέλωσι·
3013 2114 3496 2182 διακελευσάμενοι
3528 2129 3687 2184 προ-

2083 2209 2370 2279 θυμεῖσθαι
2403 2209 2640 2279 μάλιστα
2672 2208 2745 2280 μὴ
2778 2209 2856 2269 είς
2886 2205 3006 2274 φῶς
3031 2204 3287 2274 ἐκφέρειν
3321 2201 3520 2271 κύημα
3562 2219 3686 2272 μη-

2081 2297 2168 2350 δέν
2197 2314 2210 2328 '
2245 2298 2338 2350 ἐὰν
2367 2299 2424 2351 δέ
2456 2315 2539 2362 τις
2564 2298 2840 2368 βιάσηται,
2869 2296 3010 2348 οὓτω
3033 2293 3239 2346 τιθέναι
3265 2292 3340 2356 ὡς
3367 2292 3469 2344 οὐκ
3493 2289 3685 2360 οὔσης

2080 2389 2288 2460 τροφῆς
2311 2390 2386 2459 τῷ
2416 2391 2661 2461 τοιούτῳ.
2702 2409 2719 2441 ι
2753 2390 2848 2452 Τίς
2873 2389 3096 2458 Ἔχετος
3125 2387 3158 2458 ἢ
3182 2385 3419 2456 Φάλαρις
3437 2383 3686 2436 τοιαῦτα

2082 2483 2473 2554 νενομοθέτηκε
2498 2501 2512 2549 ;
2536 2482 2690 2546 τίςδέ
2711 2480 2962 2543 τοιαύτας
2998 2477 3326 2550 μιαιφονίας,
3355 2476 3432 2539 ὡς
3463 2472 3691 2544 ἐννομά

2082 2593 2145 2646 γε
2165 2575 2325 2647 δρῶν,
2344 2573 2647 2646 τετόλμηκε
2667 2571 2908 2631 πώποτες
2929 2569 3382 2638 Διακελευόμενος
3398 2567 3442 2598 ⁸³
3461 2566 3576 2637 γάρ
3601 2565 3688 2635 μὴ

2085 2667 2336 2740 ἐκφέρειν
2355 2667 2434 2729 εἰς
2464 2665 2600 2732 φῶς,
2619 2663 3039 2736 ἀμϐλωθριδίοις
3059 2662 3105 2694 ⁸⁵⁵
3131 2660 3302 2731 δήπου
3328 2656 3690 2728 διαφθείρειν

2085 2759 2396 2828 φαρμάκοις
2411 2756 2479 2809 τὰ
2497 2755 2670 2828 βρέφη
2689 2756 3000 2827 παρεγγυᾷ·
3027 2753 3093 2806 τά
3110 2753 3164 2805 δέ
3186 2768 3247 2819 γε
3276 2749 3369 2802 καὶ
3383 2747 3478 2801 τοῦ
3497 2747 3690 2815 δηλη-

2082 2852 2272 2921 τηρίου
2308 2849 2602 2918 φαρμάκου
2638 2847 3033 2918 περιγενόμενα
3077 2847 3170 2898 καὶ
3201 2843 3494 2913 τικτόμενα
3524 2840 3692 2893 οὕτω

2078 1208 2220 1266 οῦτοι
2244 1213 2287 1244 ⁸⁷
2317 1228 2330 1242 ·

400 2943 582 2990 tutum
613 2938 719 2993 hoc
748 2939 819 2992 ita
847 2939 1086 3003 violarit,
1125 2949 1185 2992 ut
1225 2941 1392 2994 fetum
1435 2942 1501 2994 ad
1531 2951 1746 3010 partum
1784 2944 1980 3013 perdu-

2086 2942 2311 3006 τιθέναι,
2327 2942 2399 3003 ὡς
2420 2942 2553 3011 μηδέ
2575 2944 2673 3010 τῆς
2699 2939 2967 3010 τυχούσης
2991 2937 3296 2991 ἀπολαῦσαι
3313 2932 3686 3004 κηδεμονίας,

397 3035 528 3089 cat,
577 3027 650 3080 ita
691 3043 815 3081 eum
867 3030 1106 3098 denique
1141 3039 1401 3099 exponat,
1459 3041 1519 3085 ut
1556 3034 1702 3086 omni
1753 3050 1984 3104 prorsus

399 3117 659 3172 alimonia
715 3129 915 3174 careat.
980 3141 997 3172 ι
1063 3121 1195 3188 Quis
1253 3123 1530 3188 Echetus,
1579 3125 1660 3178 vel
1697 3125 1980 3195 Phalaris,

2089 3033 2204 3088 ἀλλ’
2227 3032 2468 3104 ἣλιμῷῆ
2500 3032 2696 3103 κρυμῷ
2712 3031 3102 3102 διαφθαρῆναι,
3125 3029 3157 3100 ἢ
3180 3028 3384 3098 θηρίων
3408 3025 3685 3094 γενέσθαι

2094 3130 2279 3200 βοράν.
2296 3130 2462 3183 Ποίαν
2482 3128 2652 3182 ταῦτα
2669 3127 2955 3197 ὠμότητος
2977 3123 3283 3195 ὑπερϐολὴν
3306 3121 3641 3175 καταλείπει
3666 3136 3684 3184 ;

398 3207 563 3278 942
601 3211 733 3264 tales
777 3211 924 3281 leges
967 3213 1130 3267 tulit?
1164 3215 1288 3284 quis
1323 3223 1433 3269 tam
1479 3224 1736 3272 cruentas
1782 3222 1980 3286 caedes,
2017 3232 2079 3277 ut
2125 3224 2420 3294 legitimas,
2458 3214 2698 3292 patravit
2765 3216 3054 3288 unquam?
3116 3216 3252 3270 Nam
3286 3215 3377 3284 qui
3408 3212 3690 3282 prohibet

403 3302 546 3355 fetus
575 3301 629 3354 in
679 3302 860 3357 lucem
888 3304 998 3368 edi,
1056 3306 1332 3362 abortitiis
1377 3308 1624 3376 profecto
1670 3312 1979 3381 pharmacis
2019 3315 2257 3370 infantes
2283 3314 2677 3385 necarijubet;
2741 3327 2837 3366 eos
2892 3320 3098 3374 autem,
3131 3309 3226 3380 qui
3263 3307 3442 3362 letalis
3475 3305 3680 3376 poculi

401 3388 513 3442 vim
549 3393 883 3459 superarint,
940 3396 992 3448 in
1029 3395 1319 3466 lucemque
1365 3399 1498 3454 editi
1547 3401 1678 3464 sint,
1728 3404 1800 3458 ita
1849 3407 2070 3475 exponi,
2125 3417 2185 3462 ut
2239 3423 2341 3463 nec
2377 3406 2602 3460 minima
2645 3405 2861 3457 illorum
2903 3417 3034 3456 cura
3076 3409 3319 3472 geratur,
3372 3399 3468 3454 sed
3519 3400 3681 3456 fama

402 3478 596 3549 geluve
628 3479 918 3548 intereant,
953 3493 1048 3537 aut
1073 3485 1315 3539 ferarum
1351 3486 1609 3545 dentibus
1640 3491 2048 3564 discerpantur,
2082 3514 2247 3568 quem
2269 3512 2552 3552 excessum
2578 3493 2921 3548 crudelitatis
2950 3511 3062 3549 non
3095 3493 3356 3562 superat?

474 3573 600 3628 Hzec
618 3574 784 3644 igitur
818 3575 885 3629 de
917 3577 1144 3646 nuptiis,
1183 3578 1360 3648 deque
1386 3581 1578 3637 liberis
1603 3588 1980 3654 procreandis,

402 3664 460 3718 in
481 3664 696 3735 legibus
725 3667 841 3721 suis
877 3668 1042 3721 cavit.
1074 3668 1263 3734 Qualia
1298 3687 1430 3726 vero
1463 3675 1594 3739 sint,
1632 3693 1754 3746 qua:
1779 3679 1846 3734 de
1875 3681 1983 3734 alio

405 3753 820 3812 incontinentis:
858 3773 1058 3827 genere
1081 3759 1263 3824 docet,
1291 3778 1525 3830 pronum
1553 3777 1638 3821 est
1671 3770 1986 3828 volentibus

405 3846 741 3914 perdiscere.
783 3849 909 3904 lllos
941 3850 1112 3914 enim,
1144 3852 1238 3920 qui
1267 3862 1460 3908 contra
1499 3865 1752 3914 naturam
1795 3863 1986 3918 libidi-

405 3949 535 3988 nem
576 3947 982 4004 consectantur,
1012 3949 1068 3994 et
1090 3940 1439 3996 beatissimos
1465 3944 1555 3998 hic
1583 3963 1704 4002 esse
1733 3951 1990 4019 opinatus

407 4032 514 4087 est,
547 4034 602 4079 et
638 4027 814 4081 ubiex
839 4030 940 4084 hac
972 4031 1082 4085 vita
1113 4035 1474 4099 excesserint,
1503 4035 1691 4091 beatos
1717 4040 1845 4094 item
1870 4041 1988 4096 fore

409 4115 699 4172 allirmavit
748 4120 947 4191 (Phwd.
1001 4139 1057 4192 p.
1113 4124 1218 4178 9256
1265 4126 1348 4196 D).
1407 4145 1424 4177 ι
1477 4128 1632 4182 [laud
1680 4132 1828 4185 enim
1873 4135 1990 4187 exi-

409 4223 598 4276 guum,
642 4209 842 4280 inquit,
893 4215 1174 4270 amatoriae
1208 4218 1489 4285 praemium
1541 4219 1763 4290 ferunt;
1813 4240 1988 4295 neque

385 4299 520 4354 'nlla
559 4301 647 4357 lex
690 4304 848 4373 jubet
887 4306 953 4359 ad
1001 4307 1256 4362 tenebras
1301 4308 1520 4379 iterque
1561 4312 1985 4371 subterraneum

2157 3589 2389 3642 Τοιαῦτα
2419 3589 2514 3657 μὲν
2538 3588 2602 3658 δὴ
2631 3588 2760 3656 περὶ
2783 3585 2960 3655 γάμου
2984 3587 3077 3638 καὶ
3107 3583 3450 3647 παιδοποιίας
3470 3585 3645 3654 ἐνομο
3663 3615 3684 3627 ο

2087 3683 2314 3753 θέτησεν
2347 3685 2390 3715 ⁸⁵
2419 3701 2431 3712 ·
2464 3685 2622 3735 ὁποῖα
2657 3682 2714 3734 δέ
2748 3681 2842 3734 καὶ
2870 3681 2998 3750 περὶ
3026 3682 3124 3751 τῆς
3155 3679 3323 3748 άλλης
3365 3680 3680 3744 ἀκολασίας

2087 3775 2360 3838 διέξεισιν,
2397 3774 2626 3837 εὐπετὲς
2666 3773 2743 3844 τῷ
2779 3771 3087 3842 βουλομένῳ
3131 3769 3494 3840 καταμαθεῖν.
3528 3769 3682 3833 Τοὺς

2086 3867 2196 3935 γὰρ
2233 3867 2329 3935 τὴν
2353 3866 2504 3933 παρᾶ
2537 3865 2697 3932 φύσιν
2720 3865 3006 3932 ἀσέλγειαν
3025 3862 3072 3895 ⁸⁸
3104 3860 3549 3931 ἀσπαζομένους,
3574 3862 3681 3913 καὶ

2090 3956 2215 4026 τῇδε
2253 3956 2550 4027 μακαρίους
2581 3955 2866 4024 ὑπείληφε,
2909 3956 3003 4006 καὶ
3034 3953 3451 4024 ἐκδημήσαντας
3480 3951 3678 4003 ἐντεῦ-

2095 4045 2183 4098 θεν
2211 4047 2535 4116 εὐδαίμονας
2580 4045 2795 4098 ἔσεσθαι
2829 4046 3073 4116 εἴρηκεν.
3122 4063 3140 4095 ι
3183 4045 3260 4096 Οὐ
3299 4041 3492 4112 μικρὸν
3529 4041 3675 4112 γὰρ,

2091 4137 2272 4206 φησὶν,
2307 4133 2468 4190 ἆθλον
2491 4141 2587 4206 τῆς
2611 4137 2880 4206 ἐρωτικῆς
2916 4137 3189 4206 φέρονται.
3228 4135 3322 4198 Εἰς
3344 4133 3452 4202 γάρ
3474 4133 3675 4185 σκότον

2091 4229 2183 4282 καὶ
2212 4229 2311 4299 τὴν
2335 4228 2439 4281 ὑπὸ
2464 4229 2562 4297 γῆς
2596 4229 2824 4300 πορείαν
2860 4229 2920 4281 οὐ
2964 4227 3127 4297 νόμος
3170 4225 3320 4278 ἐστὶν
3370 4224 3448 4277 ἔτι
3490 4223 3676 4276 ἐλθεῖν

2090 4324 2200 4383 τοῖς
2246 4319 2645 4390 κατηργμένοις
2664 4320 2706 4351 ⁸⁷
2753 4318 2852 4391 ἤδη
2901 4319 2999 4388 τῆς
3046 4317 3372 4388 ὑπουρανίου
3421 4316 3674 4385 πορείας,

408 4407 508 4447 eos
555 4409 782 4465 pergere
805 4436 818 4459 ,
854 4397 946 4466 qui
1000 4396 1104 4451 sub
1144 4397 1355 4452 caelesti
1384 4401 1470 4454 via
1509 4402 1850 4470 detinentur,
1888 4407 1980 4462 sed

2089 4412 2225 4464 ἀλλὰ
2256 4410 2423 4481 φανὸν
2452 4411 2563 4481 βίον
2588 4411 2874 4478 διάγοντας
2898 4409 3238 4478 εὐδαιμονεῖν
3269 4409 3388 4478 μετ’
3420 4406 3677 4475 ἀλλήλων

411 4490 474 4538 ut
504 4484 768 4540 illustrem
788 4487 952 4540 vitam
987 4498 1208 4558 agentes
1235 4489 1381 4545 beati
1408 4493 1538 4557 sint,
1568 4494 1842 4566 simulque
1864 4513 1990 4566 pro-

415 4573 751 4642 ﬁciscantur,
791 4578 983 4633 iisdem
1029 4581 1187 4649 quasi
1242 4583 1345 4638 alis
1385 4590 1605 4639 utentes
1651 4587 1737 4640 sui
1785 4589 1990 4643 amoris

411 4681 598 4722 causa.
650 4688 669 4720 ι
710 4670 851 4724 Τιιηι
890 4681 1014 4740 post
1053 4673 1169 4727 haec
1218 4673 1291 4728 ita
1343 4675 1663 4731 concludit:
1707 4696 1724 4728 ι
1764 4677 1808 4733 Ο
1831 4695 1989 4749 puer,

414 4757 492 4814 ita
528 4760 629 4815 tibi
679 4761 861 4817 divina
896 4780 1123 4820 munera
1161 4767 1425 4838 largietur
1461 4770 1724 4826 amatoris
1750 4771 1992 4827 benevo-

2097 4502 2511 4574 πορευομένους,
2573 4503 2668 4556 καὶ
2715 4501 3059 4573 ὁμοπτέρους
3113 4499 3312 4571 ἔρωτος
3332 4498 3376 4528 ⁸⁸
3427 4497 3615 4567 χάριν.
3650 4515 3670 4546 ι

2097 4594 2320 4656 Τούτοις
2375 4591 2524 4665 [ιὸἳ]
2571 4592 2626 4645 δέ
2644 4593 2688 4623 ⁸⁸
2721 4591 2962 4659 ἐπιλέγει
3011 4589 3217 4643 ταῦτα·
3268 4607 3286 4638 ι
3315 4583 3384 4639 Ὦ
3421 4588 3539 4649 παῖ,
3580 4587 3679 4638 καὶ

2097 4682 2239 4735 οὕτω
2271 4699 2351 4735 σοι
2382 4683 2499 4735 θεῖα
2525 4681 2824 4751 δωρήσεται
2847 4680 2891 4710 ⁷ο
2929 4681 2960 4749 ἡ
2995 4679 3122 4748 παρ’
3159 4674 3390 4748 ἐραστοῦ
3437 4674 3613 4743 φιλία.
3647 4691 3667 4723 ι

2100 4773 2209 4826 Καὶ
2243 4771 2412 4825 ταῦτα
2455 4772 2516 4824 ού
2560 4769 2825 4843 περὶτῶν
2861 4769 3175 4840 σωφρόνως,
3220 4767 3354 4821 ἀλλὰ
3397 4765 3522 4835 περὶ
3567 4764 3679 4819 τῶν

1729 4909 1961 4966 νΑιιιΑ]
2001 4910 2399 4967 LECTIONES.

490 5015 537 5046 ⁸⁸
570 5013 664 5068 καὶ
690 5014 809 5082 τῆς.
839 5015 931 5066 καὶ
959 5029 1070 5068 om.
1099 5015 1160 5071 C.
1202 5016 1369 5071 Sirm.

417 5085 606 5141 Unsm.
662 5083 787 5154 Rep.
826 5084 894 5147 Χ,
937 5102 975 5150 ι,
1001 5100 1055 5153 p.
1084 5086 1181 5141 595
1213 5086 1274 5142 C.

420 5227 466 5259 ⁸⁹
502 5226 725 5294 δρόμου.
783 5224 1050 5295 δραμόντιξ
1086 5227 1189 5281 Vb.

426 5430 489 5483 C.
531 5430 650 5502 post
675 5430 855 5488 ὁποῖα.

431 5568 479 5602 ¹⁹
503 5568 560 5624 δδ
581 5586 690 5626 om.
718 5575 777 5629 Β.
811 5573 948 5629 Tum
980 5568 1260 5644 ’ἐπιλέγειν
1286 5577 1348 5632 C.

1447 5015 1491 5088 ξι
1517 5019 1747 5074 ἐκείνου.
1781 5019 1989 5073 ἐκείνου
2023 5037 2081 5088 γε
2115 5023 2175 5076 Β.

1383 5086 1428 5118 ⁸⁸
1451 5086 1716 5143 ἐπακουσ.
1747 5090 2016 5142 ὑπακουσ.
2033 5086 2110 5144 Ὁ.

417 5155 644 5234 ﬁgat-xl.
671 5154 728 5208 δὲ
774 5153 963 5234 ταῦτα..
1015 5155 1176 5234 ἦν--δ
1229 5155 1340 5234 ἐγω
1368 5155 1468 5234 ιιι).
1543 5159 1588 5190 ⁵⁸
1629 5159 2013 5234 εἰκοσαέτιόος.
2057 5163 2380 5224 είκοσέτιδος
2415 5161 2475 5213 Β.

1270 5229 1314 5258 ⁶⁰
1338 5228 1439 5296 τοῦ
1471 5229 1774 5293 παγκαοῦς.
1809 5228 1934 5290 τοὺς
1962 5232 2280 5296 παγκάλους
2307 5231 2366 5284 Β.

423 5295 614 5382 ἑνδρες
648 5296 750 5349 Vb.
849 5295 893 5326 θ’
924 5313 1047 5382 που.
1078 5300 1249 5382 ,ὅπως
1280 5296 1342 5360 C,
1383 5295 1485 5382 Yb.
1561 5300 1606 5331 ⁶³
1640 5295 2147 5382 διακελευσάμενος.
2191 5301 2639 5382 διακελευόμενος
2688 5300 2750 5362 Β,
2786 5295 2882 5355 Vit.

422 5363 486 5415 C.
518 5363 610 5434 qui
644 5382 696 5418 ν.
746 5380 860 5434 seq.
908 5363 978 5418 τὰ
1014 5367 1105 5422 τοῦ
1157 5365 1479 5440 δηλητηρίου
1523 5363 1919 5439 περιγενόμενα
1955 5363 2242 5440 φάρμακα.
2346 5372 2390 5402 ⁸⁵
2419 5363 2828 5440 ἐνομοθέτησεν.
2869 5387 2912 5421 νε

426 5430 489 5483 C.
531 5446 650 5508 post
675 5438 855 5508 (maia.
969 5439 1014 5470 ⁶⁶
1050 5441 1200 5508 παρά
1248 5439 1345 5508 τὴν
1378 5437 1538 5508 φύσιν
1573 5441 1846 5504 ἀσελγείν.
1872 5439 1967 5508 τὴν
1999 5443 2149 5508 παρά
2206 5441 2365 5506 φύσιν
2399 5440 2686 5508 ἀσέλγειαν
2719 5441 2779 5503 Β,
2813 5440 2912 5494 Va.

428 5479 1354 5580 ἕέιῖῖἶέῖοἷὲξῖέζκατηρὲξῖέῗὲις’
1382 5479 1537 5563 ἶ)Ῑᾶἱό
1573 5479 2364 5580 ’ῖθῗ”ἐῖι’ἑὲι›’.’¹ἱ’.”ἓῗ“χιῖιῖἳιῖ
2392 5479 2593 5566 illi
2604 5479 2779 5563 ’Ἲοῖ

1434 5579 1475 5608 το
1505 5580 1824 5651 δωρήτεται.
1859 5579 2167 5649 δωρήσηται
2203 5581 2262 5636 C.

2261 5023 2307 5054 ω
2334 5022 2562 5108 ἀμφοῖν.
2597 5019 2825 5108 θείειοι.
2859 5018 2984 5108 gul.
3017 5017 3058 5071 ι.
3086 5017 3143 5104 ρ.
3176 5017 3315 5108 ιηαιἐ
3341 5015 3408 5108 xi.
3446 5031 3501 5085 p.
3543 5018 3675 5098 ges.

2215 5093 2260 5124 ⁸⁵⁷
2288 5083 2452 5144 αὑτοῦ
2483 5091 2592 5159 γὰρ
2624 5090 2686 5160 δὴ
2716 5091 2810 5142 καὶ
2839 5085 3000 5142 οὗτοι.
3039 5087 3203 5140 αὑτοῦ
3241 5089 3349 5155 γάρ
3377 5083 3674 5168 ἧνταῦτα.

2215 5163 2380 5214 ἐτιδος
2415 5161 2475 5213 Β.
2572 5161 2636 5192 ⁸⁸·
2683 5159 2840 5214 uncis
2873 5159 3083 5212 inclusa
3117 5174 3184 5211 ex
3214 5156 3257 5212 U
3294 5156 3479 5211 addita
3517 5160 3671 5212 sunt.

2457 5231 2496 5262 ⁶¹
2528 5230 2582 5282 οἵ
2630 5219 2690 5282 τε
2732 5231 2944 5298 ἄνδρες.
2983 5229 3046 5289 V,
3095 5227 3155 5282 C.
3188 5227 3284 5280 καὶ
3317 5229 3364 5279 οἱ
3396 5227 3671 5298 ἀνδρε;.ῆ

2457 5301 2635 5350 Saevo:
2689 5300 2750 5350 Β.
2786 5300 2882 5350 Va.
2995 5298 3038 5329 ⁸⁵
3078 5296 3324 5350 ἀμϐλωθ.
3355 5297 3468 5348 ἀλλ’
3503 5297 3671 5350 ἀαὸλ.

2351 5317 2635 5369 λευομενος
2688 5317 2750 5362 15,
2794 5317 2882 5355 va.
2995 5317 3038 5329 ν*
3078 5317 3324 5365 αμολωυ.
3355 5317 3454 5348 au.
3503 5317 3673 5364 αμοιι.

2346 5372 2390 5402 ⁸⁵
2419 5370 2828 5440 ἐνομοθέτησεν.
2869 5368 3294 5438 νενομοθέτηκεν
3334 5367 3394 5420 Β.
3426 5366 3568 5421 Tum
3612 5365 3675 5436 δὴ

2346 5460 2365 5491 ν
2399 5440 2686 5491 ἀσέλγειαν
2719 5441 2779 5491 Β.
2813 5440 2912 5491 Va.
3025 5439 3068 5470 ⁶⁷
3104 5437 3542 5491 καθειργμένοις.
3581 5454 3675 5489 κα-

2672 5460 2686 5493 ι
2719 5454 2779 5503 15,
2821 5454 2912 5494 va.
3025 5454 3065 5470 °'
3104 5454 3542 5507 καυειργμενοις.
3581 5454 3678 5489 κα-

2672 5511 2714 5543 θ’
2751 5511 2969 5580 ἔρωτος.
3005 5524 3248 5579 suprasc.
3288 5507 3344 5560 Β.
3379 5506 3586 5577 ἔρωτας
3613 5503 3675 5560 C.
