3974 6196
359 213 498 283 1653

1021 212 1459 275 GR/ECARUM
1493 212 1795 272 AFFECT.
1836 211 2190 273 CURATIO.
2221 214 2415 272 --IX.
2451 213 2549 273 DE
2588 208 2933 272 LEGIBUS.

3476 200 3613 267 1054

355 330 673 393 ἀκολάστως
698 326 943 400 ἐρώντων
969 325 1111 396 ἔφη’
1148 328 1242 379 καὶ
1274 326 1453 398 ῥᾴδιον
1483 326 1548 378 ὲκ
1577 325 1683 377 τῶν
1717 325 1922 378 ἐκείνου

2038 325 2218 381 lentia.
2249 344 2266 376 ι
2304 324 2429 379 Haec
2453 332 2659 382 autem.
2694 337 2805 377 non
2834 320 2901 375 de
2926 318 3092 374 castis
3123 316 3483 380 amatoribus,
3515 316 3611 370 sed

359 422 622 491 διαλόγων
640 418 809 500 ταύτα
843 418 1051 488 μαθεῖν.
1076 418 1327 471 Τοιοῦτον
1346 418 1402 471 δὲ
1428 416 1590 486 νόμον
1617 414 1741 468 οὔτε
1762 417 1804 446 ⁷¹
1826 416 1933 468 Νέο

364 532 474 589 ρων
504 515 533 566 6
560 511 843 579 Ῥωμαίων
870 509 1225 581 αἰσχρότατος
1258 509 1531 579 βασιλεὺς,
1567 506 1690 560 οὔτε
1729 507 1935 577 Σαρδα-

360 599 598 662 νάπαλος
624 599 652 650 6
696 598 999 668 Ἀσσύριος,
1037 601 1065 655 6
1093 601 1150 651 ἐν
1187 598 1402 668 ἡδοναῖς
1432 598 1523 650 καὶ
1555 600 1787 666 τρυφαῖς
1815 597 1931 650 δια·
1982 658 1985 661 _

361 689 572 760 ὅόητος.
604 688 727 742 οὔτε
753 689 1011 760 ἔγραψεν,
1053 688 1173 743 οὔτε
1195 688 1424 758 ἐπῄνεσε
1449 688 1495 719 ’²
1518 687 1756 742 πώποτε.
1794 687 1933 756 Ἐγὼ

359 781 467 850 γάρ
497 776 650 849 οἶμαι
678 781 770 833 καὶ
795 782 921 844 τοὺς
953 780 1072 833 λίαν
1100 783 1220 844 ταῖς
1257 780 1612 851 ἡδυπαθείαις
1658 780 1934 833 δουλεύον-

356 888 455 935 τας
486 870 587 924 οὐκ
612 872 852 924 ἐπαινεῖν
883 871 942 924 τὸ
980 870 1172 934 πάθος,
1215 869 1351 922 ἀλλά
1379 869 1671 934 δουλεύειν,
1703 869 1780 939 τῷ
1804 870 1934 939 χρό-

358 980 433 1034 νῳ
459 964 519 1015 τὸ
563 948 683 1026 ἔθος
712 962 826 1028 ἓξιν
855 964 902 995 ’⁸
942 963 1369 1033 ἐργασαμένους.
1403 964 1512 1015 Καὶ
1539 962 1593 1014 τί
1630 963 1711 1014 δεῖ
1754 963 1932 1028 λέγειν

359 1055 460 1107 ὅσα
500 1054 595 1107 ιιαῆ⁸
663 1055 791 1125 περὶ
859 1052 1035 1123 φόνων
1107 1054 1441 1122 παρανόμως
1504 1054 1929 1122 ἐνομοθέτησενς

373 1144 571 1198 Ἀθῶον
603 1144 701 1214 μὲν
740 1143 848 1213 γὰρ
881 1139 1020 1197 εἶναι
1053 1142 1263 1197 κελεύει
1297 1143 1388 1196 τὸν
1424 1143 1517 1195 τὸν
1544 1143 1590 1173 ⁷⁸
1619 1143 1749 1195 ἴδιον
1778 1144 1934 1196 ἀναι-

360 1229 557 1300 ροῦντα
584 1231 818 1301 οἰκέτην,
838 1230 929 1284 τὸν
952 1231 1008 1283 δὲ
1033 1229 1187 1300 θυμῷ
1209 1231 1297 1282 τὸν
1322 1230 1596 1302 ἀλλότριον
1630 1231 1931 1298 σφάττοντα

358 1320 456 1388 τὴν
487 1322 652 1389 τιμὴν
677 1321 844 1391 μόνην
857 1322 903 1352 ⁷⁸
931 1321 1187 1386 ἐκτίνειν,
1220 1320 1311 1374 τὸν
1333 1322 1390 1375 δὲ
1417 1321 1574 1392 θυμῷ
1599 1321 1692 1374 τὸν
1718 1322 1931 1375 ἐλεύθε-

363 1425 453 1480 ρον
492 1410 779 1464 κτείναντα
814 1410 908 1465 δύο
957 1411 1092 1481 μόνα
1135 1412 1357 1481 φεύγειν
1387 1412 1435 1443 ⁷⁸
1467 1412 1561 1482 ἐτη
1598 1411 1926 1483 διαγορεύει,

352 1499 447 1553 ,τὸν
477 1500 534 1553 δὲ
582 1502 675 1553 καὶ
712 1500 827 1570 μετ’
858 1501 1151 1571 ἐπιϐουλῆς
1187 1502 1442 1555 ἀνελόντα
1470 1502 1596 1573 τρία
1628 1502 1720 1573 ἔτη
1762 1520 1930 1573 προσο

356 1590 539 1643 σιάττει
563 1590 806 1659 φεύγειν,
847 1591 938 1644 τὸν
983 1591 1041 1645 δέ
1090 1609 1153 1659 γε
1190 1592 1290 1646 καὶ
1323 1591 1462 1660 μετά
1502 1592 1601 1662 τὴν
1645 1593 1822 1662 φυγὴν
1860 1594 1929 1647 τὰ

2037 418 2105 471 de
2138 417 2371 485 impuris
2409 416 2774 483 obscenisque
2801 412 2940 466 dixit
2971 428 2984 463 :
3013 407 3157 479 quod
3180 423 3248 463 ex
3281 406 3452 475 ipsius
3489 405 3610 460 dia-

2034 505 2173 576 logis
2212 506 2371 575 plane
2400 504 2654 574 cognosci
2672 513 2871 574 potest.
2909 501 3094 555 Talem
3144 512 3277 552 vero
3311 497 3485 565 legem
3509 510 3613 550 ne-

2035 608 2141 663 que
2200 594 2574 648 Romanorum
2645 592 3036 663 spurcissimus
3081 589 3382 658 imperator
3426 585 3610 648 Nero,

2034 699 2213 754 neque
2268 684 2526 755 Assyrius
2573 687 2591 705 ‘
2620 681 3022 751 Sardanapalus
3053 722 3068 743 ,
3127 674 3506 747 voluptatibus
3549 689 3612 728 ac

2034 775 2248 830 deliciis
2271 775 2611 837 notissimus,
2648 790 2750 828 nec
2772 773 3012 841 scripsit,
3050 786 3153 825 nec
3183 768 3343 839 943
3372 764 3615 821 laudavit

2035 881 2296 935 unquam.
2320 866 2433 935 Ego
2487 865 2635 919 enim
2667 874 2823 933 puto,
2855 864 2937 918 vel
2970 879 3066 917 eos
3097 862 3190 932 qui
3223 859 3378 913 valde
3419 858 3613 926 volup-

2033 958 2237 1012 tatibus
2290 957 2558 1020 serviunt,
2604 955 2772 1009 animi
2812 955 3065 1009 morbum
3118 966 3460 1023 nequaquam
3491 951 3613 1004 lau-

2034 1047 2163 1102 dare
2188 1088 2202 1113 ,
2256 1048 2350 1102 sed
2387 1048 2619 1117 tempori
2650 1047 2858 1101 servire
2879 1088 2893 1110 ,
2943 1063 3068 1100 cum
3115 1062 3182 1101 ex
3208 1045 3612 1101 consuetudine

2031 1136 2279 1191 habitum
2335 1138 2731 1192 contraxerint.
2769 1136 2909 1203 Quid
2961 1147 3142 1191 autem
3175 1151 3611 1190 commemorare

2031 1241 2169 1296 opus
2195 1236 2299 1291 est,
2338 1243 2501 1297 quam
2539 1227 2778 1281 nefarias
2825 1228 2893 1281 dc
2937 1227 3176 1283 caedibus
3234 1227 3383 1297 leges
3416 1227 3611 1281 condi-

2031 1316 2214 1370 derit?
2248 1318 2530 1372 lnsontem
2580 1319 2726 1372 enim
2755 1319 3150 1389 innoxiumque
3196 1319 3390 1374 haberi
3431 1320 3609 1391 jubet,

2030 1408 2124 1478 qui
2158 1409 2439 1478 proprium
2479 1424 2696 1464 servum
2740 1411 2953 1465 occidat
2985 1430 2998 1465 ε
3027 1427 3154 1465 eum
3194 1427 3346 1473 vero,
3379 1412 3473 1481 qui
3506 1412 3613 1465 ira-

2030 1502 2232 1556 cundia
2268 1516 2589 1565 succensus,
2613 1502 2853 1556 alienum
2878 1518 3099 1555 servum
3128 1501 3196 1555 de
3226 1501 3409 1556 medio
3435 1502 3610 1565 tollat,

2030 1594 2257 1647 multam
2292 1594 2470 1648 solum
2507 1594 2839 1663 persolvere.
2870 1594 2940 1649 At
2962 1610 3086 1650 eum
3117 1595 3210 1664 qui
3242 1594 3478 1651 liberum
3509 1593 3612 1646 ho-

356 1681 497 1734 αύτά
516 1680 810 1752 δεδρακότα
847 1684 1109 1753 ἀειφυγίᾳ
1134 1681 1323 1751 ζημιοῖ
1362 1683 1519 1755 μόνη.
1562 1684 1925 1755 Παραπλήσια

2038 1684 2233 1739 minem
2260 1700 2358 1753 per
2391 1684 2732 1738 iracundiam
2762 1693 2974 1746 enecet,
3016 1684 3240 1737 biennio
3274 1691 3487 1737 tantum
3517 1698 3609 1737 ex-

354 1769 412 1823 δὲ
438 1771 534 1823 καὶ
560 1772 797 1841 πατράσι
825 1772 1019 1836 παῖδας
1061 1772 1331 1836 ἀνελοῦσι,
1369 1773 1464 1824 καὶ
1498 1773 1653 1826 παισὶ
1687 1773 1929 1843 πατέρας

2038 1776 2209 1830 sulare
2228 1775 2421 1844 jubet:
2446 1775 2541 1845 qui
2564 1791 2694 1830 vero
2710 1792 2808 1845 per
2838 1775 3065 1830 insidias
3088 1775 3342 1846 perimat,
3372 1773 3611 1829 triennio

355 1860 763 1924 ἀπεκτονόσιπ,
803 1862 896 1915 καὶ
947 1862 1174 1931 ἀνδράσι
1213 1865 1497 1930 γυναῖκας,
1548 1863 1642 1915 καὶ
1684 1864 1929 1932 γυναιξὶν

2038 1876 2303 1923 extorrem
2328 1866 2465 1922 ﬁeri.
2487 1868 2624 1921 Eum
2658 1882 2842 1936 porro,
2866 1866 2960 1938 qui
2994 1875 3116 1937 post
3140 1866 3394 1920 exsilium
3416 1864 3610 1920 eadem

355 1950 639 2018 ἄνδρας⁷⁸,
675 1954 1120 2024 νενομοθέτηκεν.

2038 1958 2356 2021 committat,
2388 1967 2655 2028 perpetuo
2674 1958 2852 2011 solum
2883 1958 3083 2012 exsilio
3110 1958 3353 2011 damnat.
3377 1955 3611 2010 Easdem

353 2062 487 2103 vero
517 2063 708 2118 pcenas
739 2049 988 2104 decrevit
1044 2056 1102 2104 et
1155 2049 1406 2119 patribus
1442 2049 1539 2119 qui
1574 2049 1738 2116 filios,
1774 2058 1833 2105 et
1865 2049 1998 2105 filiis
2027 2052 2124 2123 qui
2150 2060 2427 2123 parentes,
2450 2061 2508 2107 et
2530 2052 2666 2107 viris
2699 2052 2793 2123 qui
2826 2053 3111 2124 conjuges,
3134 2061 3191 2106 et
3206 2050 3474 2105 uxoribus
3489 2064 3611 2120 quae

357 2143 582 2198 maritos
606 2143 877 2198 occidant.

441 2234 578 2288 Ἀλλ’
600 2236 628 2287 6
661 2234 759 2304 μὲν
785 2234 1073 2304 φιλόσοφος
1100 2234 1339 2288 τοιούσδε
1369 2234 1566 2304 νόμους
1601 2236 1929 2309 ξυνέγραψε,

357 2324 450 2378 καὶ
479 2324 667 2378 οὐδένα
694 2324 926 2378 πέπεικε
962 2324 1266 2395 ἀνθρώπων
1280 2325 1346 2387 ⁷³,
1378 2325 1439 2377 οὐ
1472 2325 1717 2394 πολίτην,
1746 2327 1808 2378 ού
1842 2326 1928 2390 ξέ-

358 2432 469 2476 νον,
509 2416 609 2468 οὐκ
649 2415 829 2479 ἀστὸν,
884 2415 945 2468 οὐ
991 2413 1282 2485 χωριτικδν
1314 2411 1381 2479 ⁶⁰,
1420 2415 1519 2483 ούχ
1562 2415 1819 2483 Ἕλληνα,
1865 2416 1927 2468 οὐ

360 2504 656 2577 βάρϐαρον,
680 2506 741 2558 ού
781 2505 987 2568 δοῦλον,
1022 2505 1123 2559 οὐκ
1155 2504 1461 2575 ἐλεύθερον,
1508 2506 1609 2558 ούκ
1645 2507 1836 2577 ἄνδρα,
1865 2507 1927 2560 οὐ

358 2598 609 2663 γυναῖκα,
641 2597 701 2649 οὐ
724 2596 863 2661 νέον,
887 2595 949 2649 οὺ
976 2595 1307 2666 πρεσϐύτην,
1344 2597 1405 2650 ού
1437 2597 1614 2663 λόγοις
1641 2599 1932 2670 ἐντεθραμ-

2106 2236 2309 2292 Verum
2334 2237 2648 2308 hujusmodi
2666 2237 2887 2307 quidem
2909 2237 3057 2307 leges
3079 2235 3440 2307 pbiIOSOpbus
3463 2234 3610 2300 tulit,

2035 2337 2093 2383 at
2121 2330 2256 2382 nulli
2286 2330 2571 2384 hominum
2594 2339 2655 2385 ut
2679 2329 2768 2384 his
2799 2329 3047 2384 viverent
3070 2328 3283 2399 legibus
3317 2326 3609 2397 persuasit,

2036 2436 2147 2474 non
2190 2422 2318 2486 civi,
2367 2437 2476 2477 non
2506 2429 2789 2487 extraneo,
2818 2436 2928 2475 non
2959 2421 3195 2484 urbano,
3239 2436 3349 2473 non
3375 2418 3608 2482 rustico,

2036 2503 2148 2565 non
2182 2511 2393 2577 Graeco,
2427 2528 2539 2567 non
2573 2512 2834 2577 barbaro,
2869 2528 2980 2566 non
3021 2526 3203 2576 servo,
3256 2526 3369 2565 non
3410 2509 3610 2574 libero,

2036 2614 2148 2653 non
2180 2600 2330 2664 viro,
2368 2616 2479 2655 non
2520 2601 2762 2666 mulieri,
2790 2616 2901 2655 non
2927 2600 3140 2671 juveni,
3185 2615 3297 2654 non
3328 2598 3467 2663 seni,
3498 2612 3613 2652 non

361 2686 543 2755 μένον,
574 2687 638 2741 οὐ
671 2686 845 2755 λόγων
892 2687 1157 2760 ἀμύητον,
1198 2688 1342 2744 κατὰ
1374 2689 1560 2743 τούσδε
1593 2689 1780 2759 βιῶναι
1807 2691 1934 2755 τοὺς

2038 2690 2277 2746 litterato
2303 2732 2318 2757 ,
2365 2708 2476 2748 non
2518 2692 2643 2747 rudi
2667 2700 2723 2748 et
2755 2693 2997 2748 indocto.
3042 2692 3156 2761 Ego
3184 2706 3315 2746 vero
3349 2690 3610 2759 deinceps

358 2778 574 2848 νόμους.
615 2777 757 2845 Ἐγὼ
778 2778 837 2831 δὲ
860 2777 1068 2844 λοιπὸν,
1103 2778 1199 2844 οὒς
1223 2780 1270 2832 οἱ
1304 2780 1525 2843 ἀλιεῖς⁸³
1561 2783 1653 2835 καὶ
1679 2783 1730 2835 οί
1767 2782 1935 2835 τελῶ-

362 2886 455 2924 ναι
481 2869 578 2923 καὶ
616 2868 645 2921 6
671 2869 1004 2938 σκυτοτόμος
1032 2869 1237 2923 ἅπασιν
1276 2870 1583 2941 ἀνθρώποις
1626 2873 1933 2943 προσήνεγο

359 2975 482 3024 καν,
508 2957 894 3028 ἀναγνώσομαι
925 2958 1140 3027 νόμους.
1186 2958 1377 3029 Ὑμεῖς
1403 2961 1461 3013 δὲ
1488 2961 1715 3025 τούτους
1742 2963 1934 3016 κάκεῖ-

2035 2794 2172 2848 quas
2202 2780 2522 2850 piscatores,
2551 2789 2608 2836 et
2636 2781 2935 2851 publicani,
2963 2788 3020 2836 et
3042 2780 3244 2836 Paulus
3269 2778 3482 2835 cunctis
3508 2778 3612 2832 ho-

2035 2868 2278 2924 minibus
2328 2869 2476 2941 leges
2514 2870 2932 2940 promulgarunt
2976 2869 3243 2924 recitabo.
3276 2868 3384 2923 Vos
3418 2876 3475 2922 et
3513 2867 3614 2922 has

2035 2966 2092 3010 et
2117 2955 2488 3011 illasinvicem
2519 2966 2904 3025 comparantes
2926 2956 3143 3011 divinos
3173 2956 3401 3009 istarum
3426 2953 3612 3008 radios

359 3066 484 3114 νους
522 3052 587 3105 ὲκ
623 3049 971 3119 παραλλήλου
1020 3049 1204 3114 θέντες
1245 3051 1343 3115 τὰς
1374 3050 1697 3123 θεοπρεπεῖς
1728 3052 1932 3107 τούτων

2038 3045 2406 3102 admiramini.
2443 3048 2812 3117 Philosophus
2845 3063 2977 3119 ergo
3018 3046 3339 3118 ﬂagitiosam
3366 3045 3610 3116 paarlcra—

359 3143 584 3202 ἀκτῖνας
612 3139 929 3209 θαυμάσατε
951 3140 1018 3193 ⁸³.
1054 3139 1112 3193 '0
1146 3141 1244 3209 μὲν
1267 3137 1360 3194 οὖν
1391 3140 1682 3210 φιλόσοφος
1711 3142 1805 3195 καὶ
1831 3138 1933 3212 τὴν

358 3234 660 3288 ἀκόλαστον
692 3231 1082 3302 παιδεραστίαν
1128 3231 1429 3301 ἐθαύμασε,
1478 3232 1572 3285 καὶ
1611 3233 1679 3285 τὰ
1695 3232 1741 3263 ⁸⁸
1778 3249 1933 3304 τρισ-

359 3323 518 3378 ὀλὸια
552 3322 758 3390 ταύτης
789 3322 1118 3392 ἐπιδέδειχεν
1148 3317 1287 3376 ἆθλα
1327 3338 1339 3352 ·
1372 3324 1402 3375 6
1436 3321 1492 3374 δὲ
1527 3322 1716 3393 Σωτὴρ
1745 3324 1774 3375 6
1797 3323 1935 3393 ἡμέ-

358 3432 519 3485 τερος
544 3415 604 3467 οὐ
631 3414 792 3484 μόνον
818 3414 918 3484 τὴν
955 3413 1254 3466 ἀκόλαστον
1292 3412 1511 3484 πρᾶξιν,
1553 3413 1685 3466 ἀλλά
1714 3415 1808 3466 καὶ
1835 3413 1934 3485 τὴν

359 3506 482 3575 ὄψιν
510 3504 610 3576 τὴν
628 3503 886 3575 τοιαύτην
912 3503 1126 3568 κολάζει
1153 3520 1167 3534 ·
1201 3522 1218 3556 ι
1258 3503 1316 3557 '0
1345 3502 1620 3573 ἐμϐλέψας
1652 3505 1781 3575 γὰρ,
1806 3504 1932 3575 ἔφη,

361 3595 582 3665 γυναικὶ
620 3594 756 3665 πρὸς
792 3594 855 3646 τὸ
879 3593 1217 3664 ἐπιθυμῆσαι
1261 3594 1450 3664 αὐτῆς,
1485 3595 1587 3664 ήδη
1617 3595 1935 3665 ἐμοίχευσεν

362 3686 533 3756 αὐτὴν
548 3686 595 3718 ⁸⁸
624 3687 681 3738 ὲν
704 3688 772 3756 τῇ
802 3684 1003 3756 καρδίᾳ
1028 3685 1218 3739 αὐτοῦ.
1255 3703 1274 3736 ι
1313 3686 1424 3738 Καὶ
1446 3686 1474 3737 ό
1512 3685 1612 3755 μὲν
1637 3686 1807 3749 ἀδεῶς
1841 3688 1937 3740 καὶ

361 3781 483 3838 ταῖς
523 3777 832 3847 ἀλλοτρίαις
869 3778 1147 3829 κοινωνεῖν
1190 3776 1549 3846 ἐνομοθέτησε
1587 3776 1831 3845 γυναιξίν
1856 3795 1870 3809 ’
1904 3778 1934 3831 6

361 3866 420 3921 δὲ
447 3867 545 3936 τῆς
584 3866 799 3935 φύσεως
828 3866 1082 3935 Ποιητής,
1112 3866 1298 3936 ἐπειδὴ
1320 3868 1411 3919 καὶ
1444 3867 1792 3939 δημιουργῶν
1822 3870 1930 3924 τῶν

364 3953 666 4026 ἀνθρώπων
692 3954 790 4025 τὴν
823 3953 983 4023 φύσιν
1028 3954 1124 4007 ἕνα
1164 3955 1222 4022 ἐξ
1252 3957 1425 4026 ἀρχῆς
1462 3957 1629 4027 ἄνδρα
1672 3959 1767 4011 καὶ
1811 3959 1937 4029 μίαν

364 4048 600 4114 γυναῖκα
637 4044 916 4110 διέπλασε,
964 4045 1059 4099 καὶ
1102 4046 1164 4099 τὸ
1192 4046 1429 4100 διαλύειν
1468 4048 1802 4120 ἀπαγορεύει
1847 4051 1938 4104 τὸν

366 4136 565 4207 γάμον,
595 4136 726 4205 μίαν
758 4135 814 4189 δὲ
840 4136 1007 4206 μόνην
1027 4138 1283 4208 ἀφορμὴν
1309 4137 1601 4203 διαλύσεως
1625 4139 1811 4205 ἔδωκε,
1837 4142 1939 4213 τὴν

367 4227 580 4296 ἀληθῶς
603 4225 915 4281 διασπῶσαν
942 4226 1039 4298 τὴν
1070 4228 1324 4297 ζεύγλην.
1385 4247 1404 4280 ι
1431 4230 1547 4293 Πᾶς
1586 4229 1716 4301 γάρ,
1749 4233 1934 4301 φησὶν,

367 4319 398 4370 6
419 4319 671 4373 ἀπολύων
691 4318 788 4390 τὴν
810 4321 1043 4388 γυναῖκα
1065 4318 1254 4382 αὑτοῦ,
1287 4320 1556 4392 παρεκτὸς
1605 4321 1763 4391 λόγου
1803 4340 1936 4395 πορ-

2034 3139 2195 3193 etiam
2222 3139 2485 3199 laudavit,
2516 3147 2573 3194 et
2608 3139 2926 3199 beatissima
2973 3139 3138 3209 hujus
3165 3138 3390 3210 praemia
3425 3144 3614 3193 osten-

2034 3226 2135 3281 dit.
2192 3227 2450 3282 Servator
2480 3240 2662 3283 autem
2694 3240 2901 3294 noster,
2939 3246 3050 3284 non
3096 3231 3360 3285 lascivum
3402 3236 3613 3282 tantum

2033 3326 2237 3381 actum,
2263 3318 2357 3372 sed
2393 3318 2560 3391 944
2580 3319 2758 3388 ipsum
2798 3336 3018 3390 quoque
3046 3320 3306 3375 intuitum
3345 3319 3614 3390 ejusmodi

2033 3409 2374 3481 puniendum
2426 3411 2695 3470 decernit.
2738 3432 2756 3463 ι
2798 3411 2901 3479 Qui
2948 3413 3120 3475 enim,
3177 3412 3375 3481 inquit,
3411 3411 3615 3466 viderit

2034 3502 2323 3556 mulierem
2351 3504 2418 3556 ad
2452 3504 2955 3574 concupiscendum
2973 3519 3116 3567 eam,
3147 3505 3257 3573 jam
3280 3503 3613 3556 adulterium

2034 3591 2311 3645 commisit
2346 3606 2472 3646 cum
2512 3607 2575 3646 ea
2602 3592 2656 3645 in
2689 3592 2855 3647 corde
2880 3608 2981 3647 suo
3015 3592 3063 3647 ιι.
3096 3612 3114 3643 ι
3151 3592 3220 3646 Et
3249 3592 3339 3646 ille
3367 3590 3611 3660 quidem,

2035 3681 2261 3752 impune
2282 3696 2346 3736 ac
2363 3681 2591 3736 licenter
2608 3681 2801 3738 alienis
2825 3680 3317 3737 uxoribusmisceri
3346 3680 3610 3737 instituit.

2034 3770 2107 3827 At
2142 3778 2354 3826 natura:
2379 3771 2595 3842 Opifex,
2622 3773 2751 3842 quia
2786 3772 3081 3826 humanam
3114 3786 3313 3826 creans
3336 3778 3611 3833 naturam,

2037 3878 2207 3918 unum
2236 3863 2508 3934 principio
2536 3865 2738 3927 virum,
2761 3872 2817 3919 et
2847 3863 3104 3919 feminam
3126 3877 3290 3917 unam
3322 3861 3611 3928 formavit,

2039 3953 2203 4009 etiam
2248 3954 2386 4009 solvi
2427 3955 2837 4010 matrimonium
2874 3961 3042 4019 vetat,
3080 3953 3409 4023 unicamquc
3450 3952 3616 4023 hujus

2040 4043 2333 4100 dirimendi
2386 4061 2605 4101 causam
2648 4045 2946 4116 assignavit
2978 4060 3121 4109 eam,
3157 4060 3277 4114 qum
3310 4044 3615 4099 maritalem

2038 4135 2287 4204 copulam
2314 4151 2441 4190 vere
2467 4134 2699 4190 divellit.
2731 4154 2748 4186 ι
2782 4133 2972 4189 Omnis
2997 4133 3166 4196 enim,
3185 4136 3282 4199 ait,
3309 4133 3402 4204 qui
3433 4133 3617 4187 dimit-

2039 4224 2106 4281 tit
2142 4241 2369 4280 uxorem
2396 4241 2572 4292 suam,
2604 4235 2829 4296 excepta
2870 4224 3250 4280 fornicationis
3277 4240 3462 4289 causa,
3488 4223 3617 4280 facit

2038 4331 2160 4372 eam
2186 4317 2449 4371 moechari
2478 4335 2490 4370 :
2519 4324 2574 4370 et
2609 4317 2704 4387 qui
2722 4315 3001 4371 dimissam
3021 4315 3261 4380 duxerit,
3284 4313 3617 4369 adulterium

371 4410 540 4474 νείας,
563 4411 704 4463 ποιεῖ
726 4410 895 4480 αὐτὴν
929 4409 1315 4480 μοιχευθῆναι·
1340 4413 1431 4465 καὶ
1466 4414 1494 4465 6
1528 4412 1931 4484 ἀπολελυμένην

2038 4403 2400 4461 committitl.
2434 4425 2452 4458 ι
2509 4404 2719 4473 Quibus
2757 4405 2941 4461 verbis
2989 4413 3185 4460 caetera
3235 4402 3426 4457 uxoris
3483 4400 3618 4456 vitia

370 4499 564 4571 γαμῶν
595 4502 867 4571 μοιχᾶται.
903 4520 921 4552 ι
959 4500 1057 4553 Διά
1097 4500 1151 4554 δὲ
1175 4501 1378 4555 τούτων
1411 4501 1590 4556 πάντα
1616 4504 1800 4575 φέρειν
1844 4520 1939 4557 κε·-

368 4589 615 4644 λεύειτά
660 4591 760 4660 τῆς
806 4589 1064 4658 γυναικὸς
1110 4589 1491 4659 ἐλαττώματα,
1544 4590 1646 4643 κᾶν
1679 4590 1838 4651 λάλος
1880 4588 1937 4663 ᾗ,

368 4682 472 4736 κᾶν
500 4682 732 4751 μέθυσος
761 4677 866 4755 [ᾗ,]
890 4679 936 4712 ⁸⁸
959 4682 1063 4734 κᾶν
1095 4682 1174 4744 είς
1210 4680 1473 4751 λοιδορίαν
1504 4681 1900 4752 προχειροτάτη
1922 4698 1937 4713 ο

370 4775 420 4825 εἰ
443 4772 501 4825 δέ
516 4772 563 4804 ⁸⁸
601 4788 663 4839 γε
695 4770 787 4825 τοῦ
818 4772 998 4842 γάμου
1032 4771 1336 4843 παραλύσει
1373 4774 1417 4805 ⁸⁷
1452 4775 1577 4835 τοὺς
1609 4772 1808 4842 νόμους
1843 4774 1939 4826 καὶ

373 4862 506 4934 πρὸς
530 4862 716 4933 ἕτερον
749 4863 869 4929 τδοι,
916 4862 1216 4935 τηνικαῦτα
1249 4862 1396 4917 λύειν
1442 4862 1650 4918 κελεύει
1676 4862 1777 4935 τὴν
1817 4863 1940 4928 ζεύ-

446 5016 470 5056 3
504 5019 694 5075 Matth.
729 5036 783 5085 v,
816 5020 904 5075 28.
984 5019 1002 5059 ι
1039 5020 1227 5076 Matth.
1259 5038 1312 5085 v,
1346 5022 1452 5087 δὶς
1487 5038 1596 5085 xIx,
1628 5021 1682 5075 9.

2037 4497 2169 4553 ferri
2193 4497 2371 4567 jubet,
2408 4512 2505 4553 seu
2535 4498 2735 4569 loquax
2760 4496 2832 4551 sit
2860 4497 2973 4561 illa,
3009 4513 3104 4552 seu
3132 4494 3434 4551 temulenta
3457 4532 3472 4557 ,
3517 4507 3617 4547 seu

2039 4589 2343 4645 convitiosa
2373 4607 2386 4643 :
2417 4589 2502 4644 sin
2533 4605 2666 4644 vero
2701 4590 3019 4660 nuptiarum
3050 4588 3197 4659 leges
3239 4585 3531 4646 transiliat,
3559 4581 3618 4637 in

2040 4683 2318 4753 aliumque
2369 4698 2567 4753 procax
2618 4682 2899 4757 intendat,
2935 4691 3067 4737 tunc
3095 4681 3331 4751 denique
3364 4677 3617 4750 copulam

2039 4773 2178 4830 solvi
2209 4762 2389 4844 jubet.
2420 4773 2747 4829 Consimiles
2775 4787 2965 4827 rursus
2994 4781 3049 4827 et
3082 4788 3180 4841 per
3200 4769 3429 4825 Paulum
3471 4767 3619 4836 leges

2037 4865 2239 4931 sanxit,
2265 4863 2638 4935 etEpistolam
2673 4863 2764 4920 ille
2803 4862 2870 4918 ad
2904 4861 3219 4919 Corinthios
3234 4859 3483 4917 scribens
3517 4856 3621 4911 has

1675 5155 1908 5211 VARIIE
1949 5156 2330 5214 LECTlONES

447 5271 489 5306 ⁷⁸
518 5271 659 5328 οὔτε.
685 5274 801 5327 οὐδὲ
826 5272 887 5330 C.

373 5345 420 5379 ιη
457 5344 648 5414 μόνην,
691 5345 847 5412 μόνον
876 5343 937 5399 C,
1009 5345 1069 5414 j"
1099 5344 1339 5414 φεύγειν.
1383 5343 1573 5413 φυγεῖν
1613 5344 1674 5398 Β.

371 5412 475 5471 νὺξ
552 5415 595 5448 ⁷⁸
616 5417 833 5485 ἄνδρας.
856 5412 1080 5484 ἀνδράσι
1101 5412 1164 5485 Ο.

371 5486 458 5555 vel
508 5486 797 5555 χωριτικὸν
852 5486 938 5539 vel
966 5484 1200 5553 χωρικὸν
1241 5492 1302 5536 ιιι
1341 5500 1504 5555 supra
1530 5484 1589 5554 p.
1625 5485 1713 5547 81,
1753 5484 1840 5539 93.

373 5552 419 5587 ⁸³
449 5552 542 5636 καῖ
571 5552 849 5636 τὰ-ᾗθλα
876 5555 938 5608 Β.
969 5552 1139 5636 marg.
1170 5567 1223 5622 p.
1257 5568 1330 5634 In.

374 5624 673 5695 παραλύσει
706 5626 766 5692 Β,
800 5624 862 5681 C.
898 5623 1196 5695 παραλύσει
1224 5623 1345 5686 τοὺς
1373 5628 1584 5695 γάμους
1607 5624 1704 5677 Va.

998 5273 1041 5305 ⁷⁸
1074 5273 1314 5345 ἐποίησε.
1343 5273 1569 5345 ἐπῄνεσε
1602 5274 1663 5328 Β.
1741 5275 1785 5307 ’⁷⁸
1816 5275 1936 5337 ἔθος
1993 5275 2126 5341 ἕξιν.
2173 5274 2291 5338 ἔθος
2337 5274 2464 5345 εργο
2510 5273 2622 5338 ἓξιν

1184 5334 1339 5398 ἱγειν.
1383 5334 1573 5398 φυγεῖν
1613 5344 1674 5398 Β.
1763 5344 1807 5375 ⁷⁷
1834 5334 2175 5398 ἀπεκτονόσι.
2225 5334 2639 5398 ἀποκταίνουσιν
2665 5341 2728 5396 C.
2763 5339 3088 5393 ἀπεκτανόσι
3119 5339 3214 5393 Va.
3253 5334 3617 5388 ἁπεκτανοῦσι

1255 5412 1297 5446 ⁷⁹
1332 5412 1439 5466 τῶν
1479 5415 1798 5485 ἀνθρώπων.
1842 5414 1950 5467 τῶν
1973 5429 2082 5467 om.
2113 5415 2171 5468 Β.
2279 5414 2324 5445 ⁸ο
2353 5412 2634 5484 χωρητικό·

1255 5492 1302 5534 1t
1341 5500 1503 5534 supra
1530 5501 1581 5534 ι).
1625 5485 1713 5534 8L
1753 5484 1840 5534 93.
1956 5485 1996 5514 '“
2022 5487 2069 5534 οἱ
2114 5485 2303 5534 ἁλιεῖς.
2355 5485 2402 5534 οἱ
2449 5498 2559 5534 om.
2593 5482 2634 5534 Β

2022 5501 2069 5537 οι
2114 5498 2303 5545 αλιεις.
2355 5501 2402 5535 οι
2449 5498 2559 5536 om.
2593 5498 2654 5534 15.

1432 5553 1477 5585 3“
1504 5553 1692 5617 αὑτήν.
1726 5555 1891 5624 αὐτῆς
1929 5553 1989 5608 Β.

2823 5270 2865 5301 ⁷⁵
2897 5269 2988 5323 τὸν
3016 5268 3244 5323 alterum
3290 5281 3399 5321 om.
3448 5263 3615 5322 Sirm.

2279 5414 2324 5445 ⁸ο
2353 5411 2675 5465 νωοπτικόν.
2706 5410 2794 5465 Sic
2824 5424 3012 5464 omnes
3046 5409 3099 5462 h.
3129 5408 3166 5462 l.
3194 5404 3476 5461 Edendum
3499 5412 3619 5459 erat

2353 5431 2675 5484 χωρητικον.
2706 5431 2794 5465 DIC
2824 5431 3012 5464 omnes
3046 5431 3099 5462 11.
3129 5431 3166 5462 1.
3194 5431 3476 5461 nucuuuun
3499 5431 3615 5459 cum

2355 5485 2402 5535 οἱ
2449 5498 2559 5536 om.
2593 5482 2654 5534 B.
2763 5481 2809 5512 ⁸⁸
2838 5479 3171 5548 θαυμάσατε.
3216 5475 3519 5548 θαυμάσετε
3552 5472 3615 5529 Β.

2094 5554 2140 5585 ⁸³
2174 5543 2393 5626 ΙῇῘοῐη.
2424 5552 2482 5605 Β.
2582 5551 2627 5582 ⁸⁵
2656 5551 2703 5602 εί
2730 5549 2806 5603 δέ.
2831 5551 2877 5601 εί
2910 5543 2968 5603 δέ
2999 5566 3063 5618 γε
3091 5548 3148 5600 Β.
3224 5546 3268 5578 ⁸⁷
3297 5543 3618 5614 παραλύσοι.
