3974 6196
408 297 545 361 1055

1396 297 1883 359 THEODORETI
1916 296 2254 359 EPISCOPI
2288 295 2651 357 CYRENSIS

3516 290 3654 358 1056

404 408 664 463 omnibus
679 405 995 461 hominibus
1009 404 1311 477 proposuit.
1330 405 1561 461 :Bonum
1577 407 1747 470 enim,
1768 407 1968 476 inquit,

2085 406 2227 477 γλην.
2256 404 2490 458 Τοιαῦτα
2519 404 2577 457 δὲ
2617 402 2780 457 πάλιν
2826 402 2918 457 καὶ
2954 403 3042 457 διὰ
3073 401 3167 457 τοῦ
3195 402 3349 477 [153]
3391 411 3654 463 σκυτοτό-

405 506 492 553 est
515 495 769 569 (homini)
801 497 1090 551 mulierem
1113 510 1222 547 non
1244 502 1465 565 tangere
1496 512 1509 549 :
1547 505 1773 565 propter
1800 495 1977 550 forni-

402 589 675 644 cationem
700 598 905 650 autem,
931 586 1306 655 unusquisque
1336 602 1489 640 suam
1517 603 1740 640 uxorem
1756 587 1975 652 habeat,

402 690 460 735 et
504 694 845 748 unaquaeque
889 693 1047 730 suum
1090 677 1269 729 virum
1320 678 1518 731 habeat
1546 687 1605 731 ω.
1639 698 1657 729 ι
1697 678 1977 733 Videtisne

403 780 606 840 quanta
643 772 787 823 inter
814 767 966 823 Pauli
989 784 1052 821 ac
1091 768 1402 837 philosophi
1429 770 1575 823 illius
1596 769 1743 838 leges
1770 770 1841 823 sit
1868 770 1976 824 dif-

402 857 668 913 ferentia?
706 858 805 911 Hic
826 857 973 909 enim
1007 857 1305 925 unicuique
1327 857 1566 919 mulieri,
1604 865 1664 910 ut
1698 872 1859 911 suum
1896 858 1979 911 vi-

402 964 525 1000 rum
570 948 789 1005 habeat,
832 957 887 1001 et
921 947 1215 1015 unicuique
1257 948 1395 1010 viro,
1434 956 1494 1001 ut
1539 964 1692 1002 suam
1725 964 1974 1011 uxorem,

402 1036 692 1106 imperavit
721 1053 735 1089 :
770 1036 860 1089 ille
908 1045 1092 1089 autem
1125 1037 1383 1090 mulieres
1415 1051 1603 1091 omnes
1628 1038 1761 1091 viris
1796 1039 1977 1092 omni-

401 1126 507 1180 bus
558 1141 678 1180 esse
722 1142 1061 1180 communes.
1105 1126 1246 1193 Quin
1270 1136 1325 1182 et
1356 1128 1449 1181 ubi
1488 1128 1772 1183 servandae
1798 1130 1978 1184 conti-

401 1218 604 1273 nentia:
621 1218 713 1271 dat
741 1226 1032 1287 praecepta,
1058 1234 1237 1287 neque
1262 1219 1418 1272 uxori
1447 1220 1714 1288 permittit
1738 1219 1900 1291 955
1919 1227 1980 1273 ut

400 1312 508 1365 viri
543 1312 628 1366 sui
656 1326 1009 1380 congressum
1046 1310 1234 1380 fugiat,
1267 1310 1371 1364 nisi
1395 1310 1461 1363 ad
1494 1311 1598 1364 hoc
1622 1311 1711 1365 ille
1741 1327 1979 1367 consen-

404 1402 507 1456 tiat
539 1419 552 1454 :
588 1416 765 1469 neque
800 1401 940 1464 viro,
977 1415 1147 1453 uxore
1205 1415 1315 1453 non
1361 1402 1774 1469 comprobante.
1811 1420 1829 1452 ι
1860 1402 1977 1456 Mu-

401 1493 507 1548 lier
533 1493 705 1557 enim,
739 1491 939 1562 inquit,
969 1492 1051 1546 sui
1080 1492 1329 1560 corporis
1369 1500 1698 1561 potestatem
1746 1508 1856 1547 non
1880 1493 1980 1546 ba-

406 1583 521 1645 bet,
569 1584 664 1637 sed
704 1584 805 1637 vir.
851 1583 1119 1638 Similiter
1160 1592 1342 1636 autem
1382 1591 1438 1637 et
1482 1583 1567 1636 vir
1618 1582 1701 1636 sui
1735 1584 1983 1653 corporis

404 1683 730 1744 potestatem
766 1690 874 1727 non
904 1674 1090 1737 habet,
1124 1674 1217 1727 sed
1265 1673 1482 1726 mulier.
1516 1672 1695 1726 Nolite
1723 1672 1981 1727 fraudare

406 1766 663 1825 invicem.
698 1764 801 1819 nisi
835 1765 977 1818 forte
1021 1780 1089 1818 ex
1117 1779 1387 1817 consensu
1424 1773 1472 1817 η.
1505 1782 1522 1814 ι
1559 1764 1721 1817 Putat
1745 1764 1892 1817 enim
1923 1778 1981 1819 se

404 1856 645 1911 fraudari
675 1873 770 1911 sua
802 1864 1091 1925 potestate,
1125 1856 1218 1925 qui
1246 1863 1438 1925 prazter
1458 1854 1626 1908 animi
1648 1865 1837 1908 votum
1867 1869 1984 1908 ser-

404 1958 495 2003 vat
548 1949 961 2003 continentiam.
1010 1948 1150 2002 Tum
1192 1947 1453 2017 paulatim
1490 1948 1557 2001 ad
1592 1963 1657 2002 ea
1702 1962 1828 2016 quae
1855 1953 1983 2000 sunt

404 2038 734 2109 perfectiora
770 2037 1098 2107 perducens,
1149 2037 1363 2090 addidit
1410 2054 1423 2089 :
1462 2056 1477 2087 ι
1512 2036 1591 2090 Ad
1625 2046 1873 2106 tempus,
1922 2044 1983 2090 ut

402 2131 608 2185 vacetis
641 2131 845 2200 iejunio
890 2139 947 2183 et
978 2128 1216 2182 orationi
1255 2147 1267 2181 :
1309 2139 1365 2182 et
1398 2130 1597 2183 iterum
1631 2127 1979 2181 revertimini

403 2222 460 2274 in
493 2221 730 2290 idipsum
770 2228 815 2273 ο.
849 2239 867 2271 ›
916 2220 1004 2275 Sic
1042 2224 1226 2290 itaque
1264 2221 1411 2290 leges
1467 2230 1664 2274 natura
1714 2235 1979 2283 mensus,

403 2312 661 2381 praecepti
692 2326 913 2366 causam
952 2312 1236 2381 subjunxit
1264 2330 1275 2358 τ
1305 2334 1319 2361 ι
1345 2313 1443 2373 Ne,
1465 2313 1663 2382 inquit,
1692 2321 1866 2367 tentet
1887 2328 1984 2366 vos

407 2402 635 2458 Satanas
666 2414 711 2458 Ρ.
738 2426 754 2455 ι
784 2404 850 2457 Ει
877 2411 937 2456 υι
966 2404 1210 2467 doceret,
1242 2405 1393 2458 illum
1421 2404 1664 2457 tentandi
1695 2403 1867 2456 nostri
1894 2418 1986 2457 su-

403 2510 554 2549 mere
588 2509 617 2547 a
645 2493 803 2548 nobis
832 2495 1198 2557 occasionem,
1228 2495 1511 2564 subjunxit
1539 2513 1550 2547 :
1585 2513 1601 2544 ι
1638 2495 1866 2561 Propter
1896 2494 1983 2546 in~

400 2580 799 2636 continentiam
842 2591 1083 2636 vestram
1112 2592 1161 2635 (ι.
1199 2601 1216 2631 ι
1251 2582 1325 2635 De
1357 2583 1607 2636 c:elibatu
1636 2591 1842 2645 autem,
1872 2597 1980 2635 non

402 2669 551 2741 leges
578 2670 820 2739 quidem,
844 2671 939 2724 sed
967 2672 1261 2725 consilium
1304 2672 1461 2735 dans,
1510 2672 1749 2726 ostendit
1781 2680 1982 2740 quanta

402 2763 475 2819 sit
511 2764 563 2817 in
600 2780 666 2818 eo
700 2766 825 2817 vita:
869 2772 1008 2817 statu
1060 2764 1289 2817 utilitas.
1325 2782 1342 2813 ι
1376 2763 1478 2829 Qui
1514 2764 1633 2817 sine
1681 2778 1850 2816 uxore
1876 2772 1979 2827 est,

404 2854 603 2923 inquit,
627 2854 895 2908 sollicitus
922 2862 1007 2908 est
1030 2869 1220 2908 eorum
1252 2869 1373 2923 quae
1408 2861 1536 2906 sunt
1564 2852 1803 2911 Domini.
1841 2868 1982 2921 quo-

401 2946 567 2999 modo
609 2947 819 3015 placeat
851 2947 1080 3001 Domino
1109 2964 1123 2999 :
1149 2947 1242 3016 qui
1277 2956 1458 2999 autem
1505 2960 1630 2999 cum
1680 2960 1849 2999 uxore
1877 2954 1980 3009 est,

402 3038 674 3091 sollicitus
698 3047 996 3092 esteorum
1021 3056 1141 3107 quae
1164 3049 1291 3091 sunt
1327 3036 1539 3097 mundi,
1563 3036 1840 3104 quomodo
1871 3038 1985 3105 pla-

402 3135 523 3179 ceat
571 3128 789 3178 uxori".
827 3144 844 3173 ι
883 3126 1084 3178 Eadem
1127 3134 1183 3177 et
1223 3124 1290 3177 de
1323 3124 1650 3180 mulieribus
1691 3126 1850 3188 dixit,
1883 3114 1991 3179 (Ιο-¹

402 3228 534 3269 cens
554 3214 921 3283 virginitatem
957 3214 1124 3267 vitam
1166 3213 1415 3269 conferre
1446 3230 1569 3284 qua:
1618 3230 1876 3270 curarum
1916 3216 1987 3270 sit

404 3304 686 3358 immunis.

473 3486 859 3551 Admiramini,
890 3504 922 3541 ο
968 3487 1096 3549 viri,
1128 3489 1275 3542 Pauli
1308 3490 1549 3560 linguam
1570 3531 1583 3553 ,
1624 3506 1861 3560 eumque
1891 3494 1984 3560 qui

404 3593 505 3649 per
553 3578 695 3632 hanc
722 3579 939 3633 locutus
962 3587 1046 3631 est
1080 3578 1330 3632 adorate.
1364 3580 1580 3645 Quodsi
1614 3581 1813 3650 placet,
1838 3582 1985 3652 leges

404 3670 570 3724 etiam
606 3669 673 3723 de
704 3669 946 3724 etedibus
977 3684 1041 3723 ac
1074 3670 1387 3739 parricidiis
1424 3672 1561 3725 latas
1595 3672 1803 3726 audite.
1853 3674 1982 3726 Phi-

405 3760 667 3829 losophus
686 3760 830 3813 enim
875 3777 942 3815 ne
989 3760 1159 3829 patris
1192 3762 1413 3829 quidem
1454 3762 1865 3817 interfectorem
1897 3772 1979 3817 ta-

403 3850 565 3905 lionis
595 3868 767 3921 poma:
796 3853 1051 3922 subjecit.
1099 3852 1264 3924 946
1307 3852 1373 3906 At
1414 3853 1663 3907 Salvator
1698 3856 1716 3873 ⁹
1766 3864 1977 3919 noster,

404 3943 771 4013 importunam
828 3960 1048 4013 quoque
1101 3945 1536 4009 contumeliam,
1598 3946 1978 4016 injustumque

404 4034 704 4089 iracundiae
762 4045 968 4089 motum
1019 4036 1265 4105 castigat.
1308 4054 1325 4085 ι
1387 4034 1597 4099 Omnis,
1646 4037 1844 4105 inquit,
1883 4038 1976 4105 qui

406 4123 661 4179 irascitur
708 4124 860 4178 fratri
894 4140 993 4178 suo
1021 4125 1138 4178 sine
1175 4140 1361 4187 causa,
1403 4140 1531 4178 reus
1568 4126 1677 4178 erit
1714 4125 1924 4195 judicio
1960 4144 1974 4179 :

403 4216 497 4285 qui
532 4224 714 4269 autem
761 4215 1138 4270 dixeritfratri
1175 4232 1275 4270 suo
1315 4218 1481 4280 Raca,
1538 4232 1666 4271 reus
1713 4217 1820 4271 erit
1848 4234 1978 4273 con-

2082 512 2182 565 μου
2214 494 2604 565 νενομοθέτηκε
2625 507 2638 520 ⁸
2676 493 2773 547 καὶ
2802 490 3110 563 Κορινθίοις
3140 493 3474 547 ἐπιστέλλων
3504 494 3652 549 έκεῖ-

2078 602 2166 649 νος
2213 587 2380 639 πᾶσιν
2434 584 2743 655 ἀνθρώποις
2797 582 2966 656 [τοὺς]
3032 583 3231 652 νόμους
3286 587 3654 657 προσήνεγκε.

2084 696 2103 728 ι
2133 676 2311 729 Καλὸν
2336 675 2463 747 γάρ,
2488 676 2615 746 ἔφη,
2646 675 2905 744 γυναικὸς
2934 674 3007 745 μὴ
3033 674 3327 728 ἅπτεσθαι*
3358 676 3448 728 διὰ
3469 676 3528 730 δὲ
3552 678 3656 739 τάς

2080 768 2335 839 πορνείας
2374 768 2605 829 ἕκαστος
2646 768 2745 835 τὴν
2797 766 2988 819 ἑαυτοῦ
3034 770 3268 834 γυναῖκα
3312 767 3505 835 ἐχέτω,
3558 769 3656 822 καὶ

2081 858 2285 927 ἑκάστη
2321 858 2411 910 τὸν
2449 858 2579 911 ἴδιον
2612 857 2780 927 ἄνδρα
2828 858 3017 926 ἐχέτω.
3064 876 3082 909 ι
3130 858 3325 928 Ὁρᾶτε
3370 859 3497 911 ὅσον
3545 860 3657 912 τῶν

2079 949 2172 1001 τοῦ
2191 950 2236 980 ³⁸
2252 948 2540 1025 φιλοσόφου
2558 949 2652 1001 καὶ
2672 949 2781 1000 τῶν
2804 947 2897 1000 τοῦ
2921 949 3254 1016 σκυτοτόμου
3272 949 3451 1018 νόμων
3466 951 3516 981 ⁸⁹
3541 951 3660 1003 ἐστὶ

2079 1038 2140 1091 τὸ
2170 1038 2458 1108 διάφορον;
2493 1033 2660 1100 Οὗτος
2689 1037 2788 1106 μὲν
2816 1037 2922 1109 γάρ
2955 1039 3049 1090 καὶ
3082 1038 3288 1109 ἑκάστῃ
3318 1041 3541 1105 γυναικὶ
3562 1041 3659 1093 τὸν

2082 1128 2210 1182 [διον
2240 1130 2407 1200 ἄνδρα
2436 1129 2601 1198 ἔχειν,
2632 1130 2725 1181 καὶ
2749 1128 2963 1198 ἑκάστῳ
2989 1128 3144 1198 ἀνδρὶ
3172 1129 3270 1198 τὴν
3304 1130 3439 1183 ἰδίαν
3465 1134 3663 1197 γυναϊ·

2080 1236 2151 1273 κα
2186 1220 2519 1289 προσέταξεν
2542 1236 2555 1249 ·
2606 1221 2813 1281 ἐκεῖνος
2860 1219 2917 1273 δὲ
2942 1259 2957 1282 ,
3001 1218 3111 1272 τῶν
3159 1220 3367 1291 ἀνδρῶν
3398 1221 3661 1276 ἁπάντων

2081 1310 2297 1373 ἁπάσας
2334 1307 2470 1363 εἶναι
2498 1310 2596 1374 τὰς
2626 1312 2887 1378 γυναῖκας
2920 1310 3124 1371 κοινάς.
3152 1310 3263 1363 Kal
3293 1327 3357 1363 πε
3367 1311 3422 1381 pi.
3446 1312 3665 1382 ὲγκραφ

2079 1400 2229 1463 τείας
2255 1400 2300 1431 ’⁸
2331 1400 2387 1452 δὲ
2429 1400 2629 1468 νόμους
2674 1398 2865 1462 τιθεὶς,
2912 1398 3036 1451 οὔτε
3078 1402 3145 1469 τῇ
3193 1401 3416 1466 γυναικὶ
3453 1401 3669 1471 ξυγχωο

2083 1492 2167 1561 ρεί
2185 1490 2230 1521 "
2284 1490 2383 1559 τὴν
2432 1489 2526 1542 τοῦ
2573 1489 2766 1560 ἀνδρὸς
2803 1488 3018 1559 ὁμιλίαν
3076 1490 3296 1558 φεύγειν
3317 1493 3386 1554 ⁹¹,
3442 1493 3667 1545 ἐκείνου

2081 1580 2237 1634 τοῦτο
2269 1582 2343 1652 μὴ
2375 1582 2713 1651 στέργοντος,
2738 1580 2860 1633 οὔτε
2890 1581 2981 1633 τὸν
3018 1581 3210 1651 ἄνδρα,
3238 1585 3310 1654 μὴ
3335 1584 3670 1654 superaveri-

2084 1687 2182 1739 σης
2213 1672 2312 1741 τῆς
2340 1672 2619 1739 γυναικός.
2677 1690 2697 1723 ι
2738 1672 2801 1724 Ἥ
2844 1672 2981 1741 γυνὴ
3024 1672 3133 1740 γάρ
3156 1714 3171 1737 ,
3210 1675 3363 1742 φησι,
3399 1674 3492 1727 τοῦ
3525 1676 3670 1729 ἰδίου

2014 1749 2054 1803 Β
2084 1762 2332 1832 σώματος
2359 1764 2457 1816 οὐκ
2486 1763 2810 1827 ἐξουσιάζει,
2849 1763 2964 1816 ἀλλ’
2991 1766 3019 1817 ό
3046 1766 3183 1835 ἀνήρ
3205 1782 3218 1794 ·
3247 1765 3450 1835 ὁμοίως
3476 1768 3534 1820 δὲ
3565 1771 3673 1823 καὶ

2082 1858 2111 1910 ὁ
2152 1856 2291 1926 ἀνὴρ
2332 1855 2426 1908 τοῦ
2481 1855 2609 1908 ῑδίου
2663 1856 2914 1924 σώματος
2956 1855 3057 1909 οὐκ
3104 1856 3428 1920 ἐξουσιάζει,
3471 1858 3587 1911 ἀλλ’
3629 1862 3670 1930 ἠ

2082 1948 2235 2018 γυνή.
2264 1945 2353 2017 Μὴ
2384 1949 2732 2015 ἀποστερεῖτε
2756 1946 3037 2016 ἀλλήλους.
3067 1949 3117 2000 εί
3141 1950 3213 2017 μή
3244 1965 3294 2002 τι
3328 1949 3394 2002 ἂν
3421 1952 3481 2003 ὲκ
3524 1968 3675 2019 συμ-

2085 2038 2283 2107 φώνου.
2314 2056 2331 2088 ι
2385 2037 2699 2107 Στερείσθαι
2724 2038 2770 2070 ⁸³
2801 2039 2907 2108 γάρ
2943 2038 3316 2107 ὑπολαμϐάνει
3359 2039 3460 2107 τῆς
3506 2042 3672 2105 £509-

2086 2130 2204 2192 σίας
2225 2132 2271 2161 ’⁸
2300 2132 2327 2183 ὁ
2358 2130 2507 2201 παρά
2525 2130 2750 2198 γνώμην
2788 2128 2986 2199 μετιὼν
3020 2130 3119 2199 τὴν
3156 2132 3500 2199 ἐγκράτειαν.
3529 2129 3673 2186 Εἶτα

2086 2224 2205 2275 κατ’
2238 2222 2415 2289 ὀλίγον
2437 2223 2529 2275 ἐπὶ
2559 2222 2625 2274 τὰ
2655 2222 2834 2275 τέλεια
2854 2222 3106 2293 πώηγῶν
3140 2224 3387 2293 ἐπήγαγε
3410 2240 3423 2254 °
3461 2243 3479 2275 ι
3514 2225 3672 2294 Πρὸς

2087 2313 2295 2383 καιρὸν,
2328 2313 2414 2365 ἵνα
2444 2312 2743 2383 σχολάσητε
2772 2315 2835 2382 τῇ
2866 2313 3090 2383 νηστείᾳ
3114 2314 3207 2365 καὶ
3237 2318 3304 2383 τῇ
3339 2320 3622 2386 προσενχῇ
3649 2334 3667 2346 ·

2087 2404 2183 2457 καὶ
2214 2404 2373 2456 πάλιν
2399 2405 2491 2455 ἐπὶ
2523 2403 2583 2455 τὸ
2605 2404 2650 2436 ’⁸
2678 2404 2808 2457 αὐτό
2838 2404 3185 2473 συνέρχεσθε.
3218 2423 3235 2453 ι
3275 2403 3432 2458 Οὕτω
3467 2405 3527 2457 δὲ
3558 2423 3669 2474 με-

2086 2494 2292 2564 τρήσας
2323 2495 2386 2562 τῇ
2422 2492 2581 2559 φύσει
2607 2494 2732 2555 τοὺς
2759 2492 2976 2561 νόμους,
3003 2493 3149 2560 λέγει
3188 2493 3283 2547 καὶ
3308 2494 3406 2563 τὴν
3436 2496 3617 2548 αἰτίαν
3650 2513 3669 2526 ’

2094 2601 2111 2633 ι
2149 2584 2264 2636 Ἵνα
2299 2584 2371 2653 μὴ
2407 2584 2641 2655 πειράζῃ
2672 2584 2816 2652 ὑμᾶς
2845 2585 2873 2636 δ
2902 2585 3166 2645 Σατανᾶς.
3198 2604 3216 2635 ι
3252 2586 3361 2637 Kal
3391 2586 3673 2641 διδάσκων

2087 2674 2162 2736 ὡς
2201 2675 2331 2743 παρ’
2378 2674 2535 2743 ἡμῶν
2586 2676 2790 2736 ἐκεῖνος
2827 2673 3096 2742 λαμϐάνει
3146 2676 3243 2738 τὰς
3277 2676 3527 2746 ἀφορμάς
3566 2682 3672 2732 £1:-

2088 2766 2295 2835 ἡγαγε·
2329 2781 2347 2813 ι
2384 2764 2481 2816 Διά
2512 2764 2611 2834 τὴν
2644 2764 2917 2834 ἀκρασίαν
2954 2765 3127 2835 ὑμῶν.
3156 2784 3173 2816 ι
3217 2767 3324 2819 Καὶ
3365 2766 3495 2837 περὶ
3530 2769 3676 2835 ἀγα-

2093 2859 2221 2929 μίας
2267 2858 2367 2930 [δὲ]
2392 2860 2439 2891 ’⁸
2466 2859 2527 2911 οὐ
2568 2859 2764 2926 νόμους
2802 2859 2937 2911 ἀλλά
2988 2860 3335 2930 παραινέσεις
3356 2861 3401 2892 ’⁷
3426 2862 3676 2928 εἰσενεγ-

2089 2949 2220 3015 κὼν,
2248 2950 2413 3013 ἔδειξε
2441 2950 2533 3002 καὶ
2556 2949 2657 3018 τῆς
2685 2950 2929 3017 ἀγαμίας
2955 2950 3015 3003 τὸ
3040 2952 3327 3019 χρήσιμον.
3362 2951 3418 3004 ’0
3448 2952 3673 3020 ἄγαμος

2090 3042 2217 3112 γάρ,
2267 3042 2399 3110 φησι
2435 3039 2503 3101 ’⁸,
2550 3042 2790 3112 μεριμνᾷ
2818 3041 2885 3093 τά
2916 3039 3010 3093 τοῦ
3046 3040 3275 3110 Κυρίου,
3314 3041 3428 3103 πῶς
3473 3042 3673 3111 ἀρέσει

2088 3131 2163 3200 τῷ
2198 3131 2384 3200 Κυρίῳ
2420 3148 2433 3161 ·
2490 3131 2518 3181 ὁ
2556 3130 2611 3183 δὲ
2643 3132 2898 3201 γαμήσας
2936 3132 3173 3201 μεριμνᾷ
3206 3131 3275 3183 τὶι
3300 3130 3394 3183 τοῦ
3433 3131 3669 3201 κόσμου,

2089 3219 2206 3281 πῶς
2240 3221 2422 3288 ἀρέσει
2451 3222 2516 3289 τῇ
2551 3220 2791 3287 γυναικί.
2826 3239 2843 3271 ι
2879 3220 3064 3272 Ταῦτα
3100 3221 3156 3273 δὲ
3188 3220 3279 3272 καὶ
3314 3222 3441 3291 περὶ
3474 3237 3671 3287 γυναι-

2087 3313 2199 3365 κῶν
2240 3312 2365 3379 ἔφη,
2416 3311 2681 3364 διδάσκων
2726 3311 2802 3374 ὡς
2841 3313 2874 3382 ἡ
2936 3310 3202 3382 παρθενία
3253 3312 3501 3383 προξενεῖ
3547 3310 3669 3380 βίον

2088 3404 2383 3475 φροντίδων
2408 3401 2588 3454 ὲλεύθε
2599 3419 2709 3472 ρον.

2154 3492 2507 3562 Θαυμάσατε,
2544 3486 2588 3544 ὦ
2624 3492 2837 3563 ἄνδρες,
2863 3492 2957 3547 τοῦ
2991 3494 3324 3563 σκυτοτόμου
3357 3493 3455 3564 τὴν
3486 3494 3669 3562 γλῶτ-

2084 3601 2202 3647 ταν,
2240 3586 2333 3635 καὶ
2356 3584 2446 3635 τὸν
2475 3584 2563 3636 διὰ
2582 3583 2787 3655 ταύτης
2811 3584 3179 3653 φθεγξάμενον
3212 3586 3655 3657 προσκυνήσατε.

2084 3676 2147 3727 Ei
2192 3675 2247 3728 δὲ
2286 3675 2559 3744 βούλεσθε,
2598 3676 2689 3728 καὶ
2736 3678 2861 3738 τοὺς
2907 3679 3160 3744 φονικοὺς
3198 3676 3541 3745 καταμάθετε
3571 3677 3665 3730 νό·

2087 3784 2240 3836 μους.
2286 3768 2345 3819 Ὀ
2380 3767 2475 3835 μὲν
2512 3767 2622 3837 γάρ
2651 3766 2938 3836 φιλόσοφος
2968 3767 3090 3819 οὐδὲ
3138 3768 3229 3819 τὸν
3264 3766 3603 3819 ἀπεκτονότα
3619 3766 3668 3799 ⁸⁸

2083 3858 2291 3926 πατέρα
2326 3859 2424 3925 τὴν
2459 3857 2577 3923 ίσην
2608 3857 2865 3925 ὑποσχεῖν
2903 3857 3172 3925 τιμωρίαν
3207 3856 3513 3915 ἐκέλευσεν.
3542 3858 3572 3908 ό
3606 3855 3669 3907 δὲ

2082 3949 2272 4017 Σωτὴρ
2296 3949 2323 3999 ό
2340 3949 2608 4017 ἡμέτερος
2632 3948 2725 3999 καὶ
2752 3947 3015 4017 λοιδορίαν
3043 3945 3259 4008 κολάζει
3290 3946 3439 4017 παρὰ
3464 3944 3667 4013 καιρὸν

2080 4041 2427 4110 γιγνομένην.
2480 4040 2579 4093 καὶ
2641 4040 2812 4109 θυμὸν
2867 4040 3067 4100 ἀδίκως
3120 4037 3456 4107 κινούμενον.
3504 4036 3670 4098 (Πᾶς

2078 4131 2207 4201 γάρ,
2245 4130 2372 4197 ἔφη,
2395 4130 2422 4181 ό
2444 4128 2800 4197 ὀργιζόμενος
2826 4127 2903 4197 τῷ
2935 4127 3146 4196 ἀδελφῷ
3178 4126 3344 4179 αὑτοῦ
3377 4126 3519 4193 εἰκῆ,
3548 4125 3671 4177 ἔνο-

2076 4237 2169 4289 χος
2213 4219 2364 4271 ἔσται
2398 4221 2462 4289 τῇ
2497 4219 2704 4287 κρίσει·
2748 4219 2805 4281 ὂς
2837 4219 2880 4272 δ’
2907 4219 2972 4271 ἂν
3016 4219 3146 4289 εἴπῃ
3186 4216 3360 4270 Ῥακά
3383 4218 3423 4277 ¹,
3481 4216 3670 4284 ἔνοχος

403 4306 530 4361 cilio
558 4324 569 4359 :
605 4307 696 4375 qui
728 4316 909 4361 autem
943 4309 1126 4371 Fatue,
1163 4324 1289 4363 reus
1306 4310 1411 4363 erit
1433 4310 1696 4379 gehenna:
1725 4309 1867 4379 ignis
1894 4313 1969 4365 ί.»

2085 4312 2229 4363 ἔσται
2254 4312 2331 4380 τῷ
2357 4310 2617 4381 συνεδρίῳ
2644 4328 2657 4341 ·
2690 4310 2747 4373 ὃς
2769 4311 2814 4364 δ’
2843 4312 2907 4363 ἂν
2932 4311 3083 4382 εἴπῃ,
3121 4310 3310 4378 Μωρὲ,
3356 4307 3537 4375 ἔνοχος
3568 4306 3663 4359 εσ-

403 4397 547 4463 Quin
594 4409 649 4453 et
681 4400 841 4453 otiosi
868 4401 1137 4454 sermonis
1181 4402 1447 4454 rationem
1492 4418 1549 4456 se
1603 4403 1972 4471 repetiturum

2085 4420 2169 4455 ται
2192 4403 2271 4464 είς
2296 4402 2392 4471 τὴν
2423 4404 2651 4468 γέενναν
2681 4399 2775 4453 τοῦ
2810 4401 3000 4469 πυρός.
3038 4420 3055 4451 ι
3111 4402 3218 4453 Καὶ
3249 4400 3426 4466 λόγων
3467 4398 3523 4449 δὲ
3567 4398 3668 4467 άρ‹

404 4489 644 4543 minatus
697 4500 801 4544 est.
862 4490 1049 4560 Neque
1106 4491 1298 4545 amicis
1337 4493 1545 4554 solum,
1600 4493 1708 4547 sed
1738 4494 1978 4549 inimicis

2085 4493 2197 4562 γῶν
2224 4492 2451 4555 εὐθύνας
2474 4494 2795 4563 ἀπαιτήσειν
2815 4492 3099 4560 ἠπείλησε.
3133 4492 3243 4545 Kal
3271 4493 3332 4544 οὐ
3359 4492 3518 4561 μόνον
3537 4492 3672 4555 τοὺς

404 4595 621 4650 quoque
672 4581 991 4635 benefacere
1039 4584 1320 4652 prtecepit.
1361 4603 1379 4633 ι
1420 4584 1638 4654 Diligite
1680 4585 1849 4649 enim,
1898 4586 1978 4639 in-

2086 4588 2271 4655 φίλους
2300 4587 2631 4655 εὐεργετεῖν.
2652 4584 2787 4638 ἀλλά
2815 4585 2910 4637 καὶ
2932 4586 2951 4615 ⁸
2976 4585 3097 4646 τοὺς
3126 4582 3354 4653 ἐχθροὺς
3379 4583 3672 4635 ἐκέλευσεν

405 4672 544 4742 quit.
579 4674 833 4728 inimicos
858 4683 1067 4729 vestros
1090 4684 1144 4729 et
1183 4685 1338 4730 orate
1380 4692 1480 4746 pro
1516 4678 1978 4747 persequentibus

2085 4674 2144 4731 εὖ
2190 4680 2383 4730 ποιεῖν.
2456 4696 2475 4728 ι
2514 4677 2789 4743 Ἀγαπὶτε
2836 4675 2982 4745 γάρ,
3024 4675 3127 4745 ἔφη
3176 4677 3218 4735 ³,
3270 4677 3396 4737 τοὺς
3438 4674 3672 4743 ἐχθροὺς

403 4778 503 4817 vos
535 4763 577 4815 π.
620 4783 636 4812 ι
666 4765 795 4819 Post
823 4766 938 4819 haec
966 4782 1099 4820 vero
1130 4767 1415 4835 praemium
1448 4784 1667 4838 quoque
1696 4768 1975 4836 ostendit,

2088 4768 2240 4840 ὑμῶν
2259 4785 2271 4799 ⁸
2307 4768 2401 4821 καὶ
2422 4766 2641 4836 εὔχεσθε
2668 4767 2807 4837 ὑπὲρ
2826 4766 2935 4818 τῶν
2957 4766 3259 4819 διωκόντων
3285 4767 3447 4834 ὑμᾶς.
3481 4786 3497 4815 ι
3532 4763 3669 4818 Εἶτα

403 4852 564 4923 longe
604 4857 931 4910 certantium
976 4858 1251 4912 excedens
1290 4858 1639 4929 dignitatem.
1679 4879 1697 4911 ι
1726 4861 1797 4915 Ut
1836 4860 1977 4925 sitis,

2088 4862 2181 4913 καὶ
2210 4859 2480 4912 δείκνυσιν
2509 4854 2671 4911 ἆθλον
2698 4860 2793 4928 τὴν
2821 4858 2930 4911 τῶν
2959 4857 3377 4925 ἀγωνιζομένων
3402 4856 3671 4925 ὑπερϐαῖ-

409 4942 620 5011 inquit,
652 4943 747 4999 filii
778 4947 953 5001 Patris
992 4949 1163 5003 vestri
1203 4950 1295 5018 qui
1323 4950 1378 5003 in
1408 4951 1560 5005 cmlis
1584 4960 1687 5016 est,
1720 4952 1816 5021 qui
1846 4952 1979 5006 oriri

2087 4968 2177 5004 νον
2208 4950 2385 5015 ἀξίαν.
2427 4951 2570 5021 Ἔφη
2604 4949 2713 5021 γάρ
2735 4950 2756 4982 ⁸
2788 4966 2800 4979 ο
2837 4968 2855 4999 ι
2901 4950 3018 5003 Ἵνα
3039 4949 3268 5019 γένησθε
3294 4949 3399 5001 υἱοὶ
3429 4948 3523 5000 τοῦ
3553 4948 3674 5001 Πα-

477 5096 576 5168 Pl
601 5095 727 5151 Cor.
764 5115 858 5164 vn,
900 5100 949 5163 i,
979 5101 1033 5154 2.
1111 5110 1140 5138 ιι
1171 5101 1191 5155 1
1224 5100 1349 5157 Cor.
1369 5057 1470 5167 vn,
1500 5104 1555 5168 4,
1586 5104 1636 5158 5.
1716 5113 1739 5141 °
1775 5104 1908 5159 ibid.
1940 5104 1994 5158 5.
2070 5114 2097 5153 P
2126 5104 2259 5159 ibid.
2297 5103 2349 5159 9.
2426 5114 2453 5153 τι
2490 5102 2622 5158 ibid.

470 5102 727 5177 ξ’,Ι-(Σρῖ.
764 5115 858 5164 vn,
900 5102 949 5163 l,
979 5102 1033 5154 2.
1111 5110 1140 5138 ιι
1171 5102 1191 5155 1
1224 5102 1349 5157 Cor.
1377 5118 1470 5167 vn,
1500 5104 1555 5168 4,
1586 5104 1636 5158 5.
1716 5113 1739 5141 °
1775 5104 1908 5159 ibid.
1940 5104 1974 5158 5

2085 5104 2259 5159 'ibid.
2297 5103 2349 5159 9.
2426 5114 2453 5153 τι
2490 5102 2622 5158 ibid.
2704 5114 2725 5141 τ
2762 5103 2895 5157 ibid.
2930 5103 3019 5168 32,
3050 5102 3138 5156 '53.

414 5166 432 5201 ‘
470 5166 604 5220 ibid.
629 5170 717 5222 M.

3218 5111 3240 5139 ι
3269 5101 3459 5157 Matth.
3488 5117 3542 5166 ν,
3569 5102 3664 5156 23.

1700 5305 1937 5361 VARIE
1977 5305 2383 5361 LECTIONES.

476 5416 532 5490 ⁸³-
548 5417 655 5471 τῶν
683 5417 796 5473 τοῦ.
822 5418 927 5490 τῶν
963 5436 1073 5475 om.
1102 5420 1164 5477 C.
1191 5489 1194 5490 ν
1238 5421 1283 5454 ⁸⁸
1310 5420 1417 5474 τῶν
1444 5420 1536 5474 τοῦ
1566 5421 1898 5490 σκυτοτόμου
1934 5422 2132 5490 νόμων.
2162 5419 2222 5473 τὸ
2251 5418 2343 5471 τοῦ
2370 5418 2700 5490 σκυτοτόμον
2732 5417 2809 5490 (Ζ.Δ
2848 5418 2892 5449 ’⁸
2924 5416 3248 5490 ἐγκρατείας
3277 5414 3353 5469 δέ.
3377 5415 3440 5490 δὲ
3461 5429 3573 5490 οιζιΣ
3603 5416 3663 5470 Β.

407 5485 461 5560 ’⁸.
508 5486 791 5560 ξυγχωρεῖ.
852 5489 1139 5559 ξυνεχώρει
1171 5489 1231 5547 C.
1332 5492 1378 5524 ⁹²
1412 5491 1652 5560 φεύγειν.
1706 5484 1896 5560 φυγεῖν
1956 5484 2014 5544 Βξ
2116 5490 2161 5523 ’³
2207 5488 2531 5560 στερεῖσθαι.
2561 5484 2986 5560 Δστέρεσθαι-Β.
3028 5484 3040 5489 ⁷
3094 5484 3667 5560 ξδ-Αξυνουσίαςᾼέξου-

410 5552 529 5631 σίας
569 5552 639 5609 (Ϊξ
693 5552 881 5631 "futui.
912 5552 1006 5631 τόξ’
1027 5552 1105 5624 εἷς
1131 5562 1189 5631 τὸ
1226 5562 1287 5616 Β.
1386 5552 1441 5631 ’ξ
1473 5552 1572 5631 [δὲ]
1607 5552 1729 5615 οηι.’
1756 5552 1816 5615 (ἶ.
1909 5562 1954 5594 ’⁷
1986 5552 2354 5631 παραινέσεις.
2401 5552 2719 5631 παραίνεσιν
2743 5557 2811 5631 Β.Δ
2893 5556 3337 5631 θ’ᾼφησίζξφη-Β.
3449 5555 3514 5631 ”_
3530 5556 3666 5608 ἀπο-

408 5622 826 5747 ξὶεεέῗέταιιίδ.
907 5631 923 5660 ι
960 5622 1183 5683 Tum
1224 5631 1394 5685 Ῥακά
1421 5622 1490 5683 ΒΓ
1564 5622 1591 5661 ’²
1626 5631 1716 5683 και
1739 5646 1847 5685 om.
1884 5632 1943 5685 Β.
2021 5632 2042 5662 ε
2069 5622 2367 5699 ’ἐφημφησὶ
2400 5622 2496 5683 C.'
2568 5628 2585 5657 ⁵
2616 5628 2717 5700 ἔφη
2750 5627 2876 5697 γάρ.
2906 5627 2957 5679 τί
2987 5622 3095 5696 γὰρ
3119 5622 3221 5697 am
3247 5627 3304 5679 Β·
3334 5640 3457 5680 mox
3486 5625 3661 5695 ὃμοια

662 5711 690 5743 υ
716 5712 743 5746 Ο
771 5734 784 5747 .

522 5706 621 5762 pro
662 5706 784 5748 νισι.
