3974 6196
355 312 488 380 1057

1019 311 1456 374 ΘΒᾹΞΕΑΒῊΜ
1487 311 1790 371 AFFECT.
1829 310 1922 371 CU

2022 309 2182 370 .TIO.
2209 334 2277 344 --
2296 309 2400 369 IX.
2442 309 2540 368 DE
2573 305 2942 366 LEGIBUS.

3453 301 3590 368 1058
3629 347 3632 350 ~

349 419 479 491 τρδς
502 419 654 490 ὑμῶν
673 415 764 470 τοῦ
796 417 855 469 ἐν
889 414 1138 488 οὐρανοῖς
1166 435 1180 448 ·
1221 418 1302 471 ὅτι
1337 415 1614 472 ἀνατέλλει
1641 416 1733 469 τὸν
1768 414 1920 486 ἥλιον

2022 415 2176 484 jubet
2211 414 2378 471 solem
2418 430 2584 484 super
2621 413 2794 468 malos
2827 420 2884 466 et
2926 409 3120 476 bonos,
3151 418 3209 466 et
3250 408 3391 480 pluit
3425 423 3594 482 super

352 509 517 564 αύτοῦ
547 510 638 564 ἐπὶ
669 509 937 579 πονηροὺς
959 509 1053 562 καὶ
1077 509 1331 578 ἀγαθοὺς,
1366 511 1459 565 καὶ
1485 509 1665 580 βρέχει
1710 507 1799 560 ἐπὶ
1837 507 1918 560 δι·-

352 606 538 663 καίους
566 602 662 655 καὶ
685 601 921 664 ἀδίκους.
967 622 984 654 ι
1021 604 1129 655 Καὶ
1156 605 1282 675 περὶ
1318 604 1495 674 ὅρκων
1524 602 1580 655 δὲ
1615 601 1814 670 νόμους
1841 617 1920 653 τι·

352 696 484 758 (θεὶς.
515 696 608 747 καὶ
647 693 843 758 αὐτοὺς
870 694 1200 765 ἀπαγορεύει
1233 695 1357 758 τοὺς
1380 695 1596 764 ὅρκους,
1631 692 1876 762 ἀποχρῆν
1897 692 1917 722 ³

349 786 518 853 λέγων
567 786 630 837 τδ
682 785 794 838 Ναὶ
847 787 942 838 καὶ
991 786 1052 838 τὸ
1094 785 1176 838 Οὒ
1223 786 1360 855 πρὸς
1401 786 1499 857 τὴν
1543 785 1651 836 τῶν
1691 782 1918 852 λεγομέ-

347 894 450 929 νων
472 875 624 948 [154]
653 877 960 946 βεϐαίωσιν.
1000 878 1111 930 Καὶ
1157 877 1246 931 τὸν
1290 879 1576 948 ἀκτήμονα.
1601 877 1656 928 δὲ
1693 876 1804 946 βίον
1831 893 1920 929 τε-

347 966 620 1020 λειότατον
651 968 776 1036 ἐφη.
841 985 860 1018 ι
896 968 992 1029 Ὃς
1029 967 1137 1037 γὰρ
1164 967 1252 1031 ἂν,
1288 968 1441 1038 φησὶ,
1482 967 1556 1038 μὴ
1585 968 1919 1036 ἀποτάξηται

349 1059 482 1110 πᾶσι
528 1061 640 1120 τοῖς
681 1058 1018 1127 ὑπάρχουσιν
1055 1059 1240 1120 αὑτοῦ,
1284 1060 1344 1111 σὺ
1381 1058 1601 1112 δύναταί
1637 1077 1738 1128 μου
1782 1054 1919 1111 εἶναι

349 1149 617 1219 μαθητής.
648 1167 667 1199 ι
702 1149 842 1201 Ἀλλ’
867 1151 1015 1220 ὅμως
1043 1151 1138 1203 καὶ
1167 1150 1337 1214 οὕτως
1361 1152 1382 1183 ⁸
1413 1151 1615 1221 ἀκριϐῆ
1645 1150 1918 1203 πολιτείαν

350 1238 677 1308 νομοθετῶν,
709 1239 862 1293 οὐδέν
891 1257 944 1292 τι
975 1241 1206 1313 τερπνὸν
1232 1241 1374 1293 κατὰ
1398 1241 1547 1293 τόνδε
1584 1241 1706 1293 τὸν⁷
1742 1242 1853 1310 βίον
1882 1239 1915 1311 ἢ

350 1329 592 1400 θυμῆρες
617 1329 807 1383 δώσειν
829 1331 1119 1402 ὑπέσχετο,
1142 1332 1276 1384 ἀλλά
1307 1333 1498 1385 πενίαν
1524 1333 1618 1386 καὶ
1645 1332 1918 1385 ταλαιπω-

353 1419 472 1488 ρίαν
527 1420 620 1471 καὶ
663 1418 970 1487 λοιδορίαν⁸
1017 1421 1114 1473 καὶ
1161 1421 1430 1491 μάστιγας
1484 1422 1579 1474 καὶ
1629 1421 1917 1490 διαφόρους

352 1510 585 1578 σφαγάς.
630 1528 648 1560 ι
683 1510 770 1562 Ἐν
814 1511 892 1578 τῷ
925 1511 1115 1582 κόσμῳ
1145 1512 1272 1581 γὰρ,
1305 1511 1429 1582 ἔφη,
1466 1511 1642 1580 θλίψιν
1665 1511 1815 1581 ἔχετε
1839 1526 1852 1540 ·
1893 1529 1912 1562 ι

351 1599 442 1649 καὶ
466 1637 480 1661 ,
527 1616 545 1647 ι
576 1597 852 1669 Μακάριοι
889 1601 1033 1663 ἐστε,
1081 1601 1210 1653 ὅταν
1250 1600 1582 1655 ὀνειδίσωσιν
1627 1603 1792 1671 ὑμᾶς,
1823 1600 1918 1654 καὶ

348 1689 577 1754 διώξωσι
621 1732 636 1756 ,
667 1692 760 1745 καὶ
791 1692 983 1744 εἴπωσι
1020 1693 1126 1744 πᾶν
1169 1692 1403 1763 πονηρὸν
1431 1693 1584 1762 ῥῆμα
1613 1693 1733 1746 καθ’
1765 1692 1919 1760 ὑμῶν

347 1779 666 1850 ψευδόμενοι
727 1781 912 1834 ἕνεκεν
955 1762 1393 1853 ἐμοῦ⁹⁶χαίρετε
1441 1785 1535 1835 καὶ
1566 1782 1914 1852 ἀγαλλιᾶσθε,
1952 1762 1991 1818 Β

345 1869 428 1922 ὅτι
453 1871 480 1921 ό
505 1871 694 1939 μισθὸς
722 1871 874 1941 ὑμῶν
901 1872 1067 1934 πολὺς
1093 1874 1150 1924 ἐν
1175 1876 1285 1936 τοῖς
1313 1874 1580 1944 οὐρανοῖς.
1611 1893 1629 1924 ›
1666 1875 1773 1925 Καί
1793 1874 1920 1936 τοὺς

350 1963 446 2029 μὲν
486 1962 680 2024 πόνους
712 1962 803 2016 καὶ
830 1963 1106 2026 κινδύνους
1131 1965 1370 2029 ἐπέδειξε
1393 1965 1457 2030 ¹⁰,
1492 1966 1561 2018 τὰ
1595 1965 1652 2017 δὲ
1687 1964 1918 2036 βραϐεῖα
1957 2014 1960 2017 ,

347 2053 443 2106 καὶ
471 2054 598 2114 τοὺς
639 2054 934 2123 στεφάνους
984 2054 1122 2124 μετὰ
1155 2057 1212 2108 τδ
1251 2055 1345 2109 τοῦ
1380 2056 1496 2126 βίου
1526 2056 1677 2118 τέλος
1706 2057 1744 2086 ⁸³
1783 2057 1920 2109 ἀπο-

347 2143 540 2196 δώσειν
585 2144 870 2214 ὑπέσχετο.
912 2145 1023 2200 Καὶ
1064 2149 1121 2199 ἐν
1160 2148 1332 2218 ἑτέρῳ
1378 2148 1434 2200 δὲ
1494 2148 1678 2218 χωρίῳ
1716 2147 1914 2217 φησίν·

354 2251 370 2282 ι
398 2234 459 2284 Εἰ
489 2233 586 2302 ἐμὲ
617 2233 842 2299 ἐδίωξαν
867 2237 930 2300 ¹²,
960 2237 1052 2288 καὶ
1077 2237 1219 2303 ὑμᾶς
1241 2235 1520 2301 διώξουσιν
1550 2253 1564 2266 ·
1594 2239 1641 2288 εί
1671 2237 1759 2289 τὸν
1786 2234 1918 2304 ἐμὸν

347 2323 502 2392 λόγον
541 2325 833 2396 ἐτήρησαν,
873 2327 1081 2379 καὶτὸν
1115 2328 1376 2398 ὑμέτερον
1410 2329 1730 2398 τηρήσουσι.
1754 2345 1772 2376 ι
1810 2326 1919 2378 Καὶ

347 2415 507 2467 πάλιν
531 2430 544 2444 ·
587 2434 604 2466 ι
641 2416 700 2468 Εἰ
730 2417 820 2468 τὸν
857 2418 1242 2486 οἰκοδεσπότην
1289 2418 1615 2480 Βεελζεϐοὺλ
1653 2417 1920 2471 ἐπεκαλέ-

350 2523 507 2558 σαντο
525 2507 589 2570 ¹³,
630 2507 780 2578 πόσῳ
804 2509 1005 2578 μᾶλλον
1039 2510 1163 2572 τοὺς
1192 2511 1466 2569 οἰκιακοὺς
1489 2510 1531 2540 ¹¹⁸
1552 2509 1745 2572 αύτοῦ;
1785 2527 1804 2560 ι

416 2600 480 2652 Ui
499 2600 606 2668 μὲν
625 2599 688 2671 δὴ
716 2601 869 2666 νόμοι
899 2599 1130 2652 τοιοῦτοι
1153 2614 1168 2628 ⁸
1192 2599 1341 2663 ἀξιον
1363 2599 1417 2652 δὲ
1443 2599 1654 2669 ἀληθῶς
1680 2600 1772 2652 καὶ
1791 2599 1932 2682 τοὺς.

347 2690 665 2753 θεσπεσίους
731 2691 929 2761 ἄνδρας
985 2691 1226 2754 ἐκείνους
1281 2690 1581 2759 θαυμάσαι,
1647 2693 1743 2744 καὶ
1791 2691 1918 2753 τοὺς

345 2782 575 2845 ἐκείνοις
604 2782 1053 2843 πεπιστευκότας,
1083 2781 1314 2835 Τοιῶνδε
1346 2784 1455 2851 γὰρ
1484 2782 1659 2850 λόγων
1689 2780 1920 2834 ἀκούον-

345 2893 458 2938 τες,
488 2875 582 2928 καὶ
609 2874 731 2927 οὔτε
767 2874 995 2927 πλοῦτον
1024 2874 1147 2927 οὔτε
1169 2874 1488 2927 δυναστείαν
1516 2873 1639 2927 οὔτε
1667 2877 1918 2942 σώματος

350 2965 542 3037 ῥώμην
583 2966 733 3036 παρὰ
769 2967 863 3019 τοῦ
907 2967 1238 3037 κεκληκότος
1274 2965 1575 3036 δεξάμενοι,
1625 2965 1761 3034 ἀλλὰ
1813 2981 1920 3034 μα-

239 3063 246 3072 ’
347 3059 506 3128 κραίς
550 3059 643 3110 καὶ
688 3060 909 3121 ταύταις
951 3059 1012 3111 ού
1058 3059 1409 3128 φαινομέναις
1440 3057 1790 3126 ἐπαγγελίαις
1824 3074 1920 3110 πει
1946 3085 1989 3144 c

350 3149 716 3212 πιστευκότες,
748 3150 840 3202 καὶ
870 3150 996 3212 τοὺς
1027 3150 1220 3212 πόνους
1252 3152 1569 3218 ἠσπάσαντο
1591 3150 1656 3212 ⁸⁸,
1691 3149 1786 3201 καὶ
1809 3147 1918 3200 τῶν

351 3238 610 3292 κινδύνων
649 3239 962 3310 ἠνέσχοντο,
984 3241 1080 3292 καὶ
1107 3241 1207 3309 τὴν
1242 3239 1569 3309 οἰκουμένην
1601 3238 1922 3308 περινοστή-

351 3346 542 3392 σαντες
585 3332 694 3391 τοῖς
743 3330 918 3383 ἔθνεσι
963 3330 1342 3400 προσήνεγκαν
1401 3330 1422 3360 ⁶
1487 3331 1556 3381 τὰ
1600 3329 1918 3399 μαθήματα.

351 3421 516 3475 οὐδὲν
541 3421 596 3474 δὲ
623 3417 782 3493 ἦττον
805 3423 898 3474 καὶ
926 3422 1051 3484 τοὺς
1071 3421 1391 3490 δεξαμένους
1414 3419 1726 3488 εὖφημῆσαι
1754 3435 1922 3488 προσ·

351 3515 494 3584 ήκει.
523 3514 606 3567 ὅτι
639 3501 789 3584 παρὰ
820 3502 932 3576 τοῖς
961 3512 1190 3584 κήρυξιν
1224 3512 1374 3565 οὐδὲν
1420 3510 1716 3582 περιφανὲς
1753 3509 1923 3580 ὁρῶν-

349 3622 438 3669 τες
464 3605 585 3660 οὐδέ
609 3606 652 3637 ¹⁷
683 3605 1066 3679 περίϐλεπτον,
1092 3603 1232 3658 ἀλλά
1253 3602 1498 3672 γλώττας
1531 3602 1839 3666 ἀλιευτικάς
1860 3618 1920 3654 τε

349 3701 444 3752 καὶ
476 3698 870 3769 σκυτοτομικὰς
904 3698 997 3752 καὶ
1028 3695 1218 3750 πενίαν
1247 3696 1480 3765 ἐσχάτην
1515 3693 1656 3767 (οὐδὲ
1682 3693 1788 3762 γὰρ
1821 3693 1922 3762 τῆς

349 3790 652 3858 ἀναγκαίας
690 3789 968 3861 ηὐπόρουν
994 3789 1202 3859 τροφῆς
1226 3804 1240 3818 ο
1277 3788 1439 3840 πόθεν
1473 3787 1582 3857 γὰρ
1617 3785 1681 3857 δὴ
1706 3785 1750 3817 ⁸⁸
1791 3783 1921 3838 ταύ-

348 3898 448 3951 την
488 3877 655 3952 εἶχον,
691 3882 746 3933 οἴ
771 3897 836 3950 γε
883 3881 977 3934 καὶ
1022 3879 1084 3932 τὸ
1115 3881 1384 3950 μεριμνᾷν
1424 3879 1556 3949 περὶ
1596 3879 1696 3948 τῆς
1733 3876 1921 3949 αὔριον

350 3971 502 4041 νόμῳ
525 3969 940 4039 κεκωλυμένοι),
967 3968 1027 4020 ού
1053 3967 1212 4035 μόνον
1233 3970 1346 4031 τοῖς
1356 3966 1666 4036 λεγομένοις
1681 3966 1922 4019 ἐπίστευο

353 4079 473 4128 σαν,
505 4063 640 4116 ἀλλὰ
671 4065 766 4116 καὶ
793 4061 902 4115 τῶν
934 4063 1066 4134 παρ’
1093 4061 1276 4122 αὐτοῖς
1323 4059 1754 4129 πολιτευομένων
1790 4075 1922 4111 κατ·-

350 4155 656 4228 ιφρόνησαν
684 4155 886 4226 νόμων,
937 4153 1166 4206 καὶτῶν
1209 4151 1346 4206 ἐθῶν
1386 4151 1494 4204 τῶν
1525 4149 1793 4222 πατρῴων
1835 4150 1923 4215 ἐξ-

351 4249 608 4318 έστησαν,
640 4249 734 4300 καὶ
779 4245 916 4317 μετά
967 4244 1228 4298 κινδύνων
1273 4244 1369 4297 καὶ
1403 4244 1558 4297 αὐτοὶ
1603 4241 1696 4296 τὸν
1736 4241 1922 4296 λοιπὸν

351 4343 586 4396 ἐδίωσαν
613 4341 828 4412 χρόνον.
857 4339 1056 4410 ὁμοίως
1086 4338 1186 4409 μὲν
1215 4340 1328 4402 τοῖς
1351 4335 1687 4399 διδασκάλοις
1715 4335 1922 4409 κηρύτ-

2015 509 2195 578 justos
2224 517 2281 562 et
2313 509 2544 580 injustos
2569 518 2617 562 ιι.
2657 528 2674 560 ι
2710 507 2779 562 Et
2817 522 2942 562 cum
2981 506 3049 561 de
3076 506 3406 575 juramentis
3447 506 3595 577 leges

2021 606 2303 663 statueret,
2340 601 2457 669 ipsa
2499 600 2664 654 etiam
2704 595 3014 670 juramenta
3055 611 3282 666 prorsus
3329 596 3592 664 inhibuit,

2021 691 2154 743 satis
2191 705 2310 744 esse
2328 689 2512 745 dicens
2539 691 2606 744 ad
2646 707 2709 745 ea
2735 689 3109 745 conﬁrmanda
3133 704 3257 758 quae
3289 687 3551 741 dicuntur
3578 704 3593 740 :

2029 797 2047 830 ι
2080 780 2177 834 Est
2197 790 2253 834 et
2291 782 2412 835 Non
2445 791 2528 836 est
2558 792 2607 836 ν.
2637 801 2654 832 ›
2695 783 2997 851 Pauperem
3027 797 3244 850 quoque
3266 781 3432 833 vitam
3467 794 3597 848 per-

2020 872 2373 929 fectissimam
2392 889 2511 928 esse
2529 875 2927 943 pronuntiavit.
2961 892 2978 923 ι
3004 873 3102 938 Qui
3121 873 3268 926 enim
3290 872 3490 943 (inquit
3522 873 3593 940 ι),

2022 981 2131 1019 non
2175 965 2573 1019 renuntiaverit
2617 966 2872 1019 omnibus
2915 965 3076 1018 bonis
3103 964 3238 1027 suis,
3281 978 3390 1016 non
3417 972 3598 1032 potest

2019 1071 2176 1110 meus
2216 1071 2335 1110 esse
2370 1055 2672 1124 discipulus
2703 1065 2748 1106 ι.
2775 1075 2793 1106 ι
2834 1056 2901 1108 Et
2928 1063 3130 1118 tamen,
3158 1070 3281 1108 cum
3323 1053 3460 1107 adeo
3499 1069 3597 1108 ex-

2019 1157 2201 1203 actum
2226 1149 2348 1202 vita:
2370 1147 2892 1218 genusinstitueret,
2918 1147 3055 1199 nihil
3082 1137 3424 1205 delectabile,
3460 1144 3596 1198 nihil

2016 1240 2320 1311 jucundum
2363 1239 2416 1292 in
2463 1240 2566 1292 hac
2609 1239 2718 1291 vita
2768 1254 2827 1292 se
2865 1237 3124 1291 daturum
3167 1236 3461 1305 promisit:
3500 1234 3596 1290 sed

2020 1337 2418 1399 paupertatem,
2460 1339 2515 1382 et
2563 1329 2862 1391 miseriam,
2902 1336 2959 1381 et
3000 1326 3382 1387 contumelias,
3411 1333 3467 1378 et
3497 1325 3596 1379 ﬂa-

2019 1436 2136 1490 gra,
2164 1420 2564 1488 etmultiplices
2594 1419 2933 1474 vexationes.
2975 1437 2993 1469 ι
3033 1418 3092 1471 In
3129 1417 3356 1477 mundo,
3397 1417 3594 1484 inquit,

2019 1527 2332 1582 pressuram
2358 1510 2633 1564 habebitis
2659 1520 2708 1564 γ.
2749 1531 2766 1561 ›
2797 1511 2899 1564 Et:
2937 1529 2953 1560 ι
2989 1509 3139 1562 Beati
3182 1508 3315 1562 estis
3340 1522 3464 1561 cum
3491 1522 3599 1560 ma-

2019 1601 2510 1664 ledixerintvobis,
2553 1611 2608 1655 et
2646 1601 2922 1668 persecuti
2957 1615 3055 1652 vos
3088 1599 3316 1660 fuerint,
3357 1588 3413 1649 εἰ
3447 1596 3599 1649 dixe-

2022 1693 2136 1745 rint
2172 1706 2334 1745 omne
2362 1691 2566 1744 malum
2605 1691 2765 1762 9&7
2801 1691 3065 1743 adversus
3093 1704 3214 1751 vos,
3244 1687 3592 1750 mentientes,

2021 1793 2246 1853 propter
2262 1798 2369 1837 me.
2401 1781 2644 1837 Gaudete
2685 1793 2741 1836 et
2770 1782 3058 1844 exsultate,
3090 1780 3348 1848 quoniam
3383 1793 3597 1832 merces

2022 1882 2203 1928 vestra
2254 1875 2426 1928 multa
2457 1883 2540 1928 est
2574 1875 2630 1928 in
2683 1874 2836 1929 caelis
2859 1883 2902 1927 κ.
2937 1892 2954 1923 ›
3000 1873 3067 1926 Ει
3109 1872 3328 1926 labores
3371 1869 3597 1940 quidem

2022 1963 2378 2033 periculaque
2413 1963 2653 2018 ostendit
2679 1981 2691 2016 :
2721 1963 2943 2033 praemia
2977 1978 3106 2016 vero
3139 1972 3195 2016 et
3225 1976 3456 2016 coronas
3473 1971 3598 2030 post

2021 2053 2147 2108 vitae
2179 2054 2342 2108 ﬁnem
2395 2070 2453 2109 se
2492 2055 2749 2109 daturum
2784 2055 3056 2123 promisit.
3102 2055 3170 2108 Et
3203 2054 3311 2107 alio
3362 2053 3420 2108 in
3471 2055 3596 2109 loco
3647 2093 3652 2096 -

2021 2145 2099 2199 ait
2134 2162 2148 2198 :
2193 2165 2211 2196 ι
2241 2144 2297 2199 Si
2328 2161 2414 2200 me
2453 2147 2727 2216 persecuti
2761 2157 2912 2206 sunt.
2943 2154 3000 2200 et
3029 2162 3130 2202 vos
3169 2158 3592 2217 persequentur.

2022 2235 2080 2290 Si
2124 2252 2430 2292 sermonem
2473 2253 2654 2291 meum
2693 2248 3013 2301 servarunt,
3050 2248 3106 2292 et
3135 2247 3378 2293 vestrum
3409 2254 3595 2294 serva-

2020 2327 2160 2382 bunt
2191 2341 2241 2382 ι.
2281 2348 2299 2380 ι
2348 2329 2418 2383 Et
2462 2345 2657 2383 rursus
2715 2347 2728 2382 :
2774 2348 2792 2380 ι
2839 2329 2894 2383 Si
2926 2330 3212 2384 dominum
3259 2339 3595 2394 vocaverunt

2020 2417 2352 2484 Beelzebub,
2384 2428 2589 2489 quanto
2622 2420 2794 2490 magis
2814 2419 3145 2474 domesticos
3171 2421 3290 2490 ejus
3311 2419 3378 2471 b?
3408 2437 3427 2470 ι

2091 2601 2262 2670 Leges
2304 2600 2488 2670 itaque
2533 2607 2662 2655 sunt
2700 2601 3036 2671 huiusmodi.
3073 2600 3310 2670 Equum
3348 2615 3481 2655 vero
3512 2612 3598 2674 est

2020 2698 2082 2743 ut
2105 2689 2323 2743 divinos
2381 2689 2504 2743 illos
2557 2691 2708 2744 viros
2751 2690 3118 2753 admiremur,
3153 2706 3358 2760 eosque
3401 2690 3595 2744 itidem

2020 2780 2113 2850 qui
2140 2780 2249 2834 illis
2268 2780 2640 2835 crediderunt.
2675 2781 2758 2834 llli
2788 2782 2935 2836 enim
2972 2781 3070 2835 has
3092 2782 3239 2850 leges
3259 2797 3384 2836 cum
3415 2781 3598 2836 audis-

2021 2879 2162 2935 seut,
2189 2879 2247 2926 et
2297 2887 2475 2942 neque
2533 2872 2772 2935 divitias,
2809 2888 2991 2942 neque
3040 2876 3364 2942 potentiam,
3414 2889 3596 2943 neque

2020 2962 2267 3032 corporis
2298 2963 2470 3016 robur
2497 2978 2529 3016 a
2569 2969 2800 3042 vocante
2845 2963 3208 3031 accepissent,
3272 2963 3368 3017 sed
3392 2963 3593 3032 longis,

2021 3064 2079 3110 et
2122 3069 2308 3109 rerum
2359 3069 2483 3123 qua;
2539 3068 2652 3108 non
2704 3053 3097 3115 cernebantur,
3137 3054 3598 3123 promissionibus

2023 3145 2185 3200 ﬁdem
2213 3146 2500 3209 haberent,
2528 3153 2584 3199 et
2600 3145 2818 3198 labores
2839 3145 3076 3214 amplexi
3102 3153 3250 3208 sunt,
3273 3152 3331 3199 et
3353 3144 3600 3214 pericula

2023 3237 2348 3291 tolerarunt.
2376 3238 2488 3301 ’,ει
2511 3246 2712 3290 terram
2749 3246 3101 3306 peragrantes
3129 3236 3440 3291 doctrinam
3468 3251 3602 3306 gen-

2023 3329 2175 3385 tibus
2189 3328 2530 3383 detulerunt.
2553 3330 2672 3384 Non
2696 3331 2880 3384 minus
2892 3340 3074 3383 autem
3087 3338 3143 3384 et
3156 3345 3251 3385 eos
3279 3330 3488 3384 laudari
3501 3345 3601 3398 par

2021 3431 2126 3486 est,
2151 3423 2246 3491 qui
2274 3428 2640 3490 susceperunt
2675 3437 2689 3474 :
2720 3421 2868 3489 quod
2898 3420 3038 3473 nihil
3069 3421 3302 3486 illustre,
3347 3422 3599 3490 nihilque

2021 3515 2380 3584 conspicuum
2417 3513 2472 3567 iu
2498 3511 2848 3582 praeconibus
2875 3519 3188 3574 cernentes,
3213 3512 3310 3565 sed
3361 3511 3599 3580 piscato-

2022 3621 2144 3660 rum
2175 3613 2536 3671 sutorumque
2583 3602 2820 3670 linguas,
2879 3615 3260 3670 summamque
3298 3608 3598 3668 egestatem

2023 3695 2248 3765 (quippe
2272 3695 2368 3764 qui
2395 3708 2498 3748 nec
2523 3692 2592 3747 ad
2621 3693 2827 3746 victum
2852 3691 3179 3746 necessariis
3201 3689 3594 3745 abundabant:

2022 3785 2168 3841 unde
2195 3785 2349 3840 enim
2380 3783 2671 3847 haberent,
2703 3783 2800 3852 qui
2826 3782 3068 3852 cogitare
3096 3780 3164 3835 de
3195 3780 3438 3834 crastino
3473 3794 3602 3850 pro-

2023 3878 2182 3933 hibiti
2205 3882 2364 3933 erant
2389 3874 2462 3946 ε),
2490 3891 2601 3930 non
2619 3875 2800 3930 solum
2851 3875 2920 3929 iis
2946 3889 3068 3944 qua:
3113 3871 3440 3927 dicebantur
3477 3886 3600 3926 cre-

2022 3971 2303 4035 diderunt,
2328 3969 2426 4024 sed
2449 3969 2623 4040 leges,
2650 3967 2857 4037 quibus
2895 3967 2962 4020 ad
2988 3980 3110 4020 eam
3157 3965 3304 4020 diem
3325 3963 3598 4030 vixerant,

2022 4069 2493 4132 contempserunt,
2524 4069 2582 4115 et
2608 4059 2818 4129 patrios
2844 4058 3012 4130 948
3039 4071 3222 4112 mores
3247 4055 3598 4118 abdicarunt,

2023 4162 2227 4210 etcum
2257 4153 2520 4224 periculis
2548 4152 2653 4222 ipsi
2680 4166 2902 4223 quoque
2934 4150 3198 4220 reliquam
3225 4149 3392 4203 vitam
3432 4147 3604 4202 duxe-

2023 4256 2172 4313 runt,
2200 4247 2318 4318 pari
2348 4245 2511 4301 modo
2529 4260 2655 4299 eum
2672 4243 2952 4315 magistris
2972 4242 3352 4313 praedicantes,
3372 4240 3603 4310 parique

2022 4338 2186 4393 modo
2201 4337 2466 4393 conviciis
2476 4335 2794 4391 etludibriis
2803 4334 3065 4398 aﬂ'ecti,et
3077 4349 3177 4403 per
3192 4334 3414 4389 eosdem
3432 4329 3604 4385 turbi-

351 4449 554 4498 τοντες,
592 4433 793 4503 ὁμοίως
823 4431 880 4486 δὲ
917 4430 1335 4502 παροινούμενοι
1374 4430 1469 4483 καὶ
1517 4428 1921 4500 προπηλακιζό-

2023 4443 2124 4484 nes
2154 4427 2461 4498 ﬂuctusque
2501 4425 2840 4481 incedentes.
2881 4425 3052 4478 Tanta
3077 4431 3260 4478 autem
3280 4422 3337 4476 in
3369 4431 3602 4475 venera-

357 4541 527 4593 μενοι,
555 4525 650 4578 καὶ
683 4522 774 4576 διὰ
804 4521 914 4576 τῶν
948 4522 1079 4575 ῐσων
1103 4520 1413 4576 κλυδωνίων
1442 4521 1738 4584 ὁδεύοντες.
1787 4521 1922 4574 Τοσ-

2027 4520 2177 4577 tione
2202 4520 2325 4575 illos
2347 4519 2439 4590 qui
2464 4518 2534 4574 ad
2565 4525 2802 4573 mortem
2829 4533 3007 4585 usque
3034 4516 3090 4570 in
3108 4512 3374 4585 periculis
3397 4511 3600 4567 versati

351 4615 477 4669 οὖτο
497 4617 540 4647 ⁹⁹
561 4615 618 4668 δὲ
639 4614 802 4676 σέϐας
839 4613 949 4666 τῶν
984 4613 1146 4684 μέχρι
1169 4611 1400 4666 θανάτου
1429 4613 1922 4666 κεκινδυνευκότων

2023 4618 2173 4677 sunt,
2187 4620 2244 4667 et
2260 4611 2572 4666 habuerunt
2595 4609 2756 4673 illi,et
2777 4607 2981 4662 habent
2995 4605 3196 4676 passim
3219 4610 3497 4669 omnes,ut
3512 4617 3607 4658 eo-

349 4705 446 4760 καὶ
477 4700 625 4776 εῐχον
651 4705 867 4768 ἐκεῖνοι,
898 4703 995 4756 καὶ
1035 4703 1134 4773 μὲν
1178 4701 1243 4771 δὴ
1284 4703 1378 4754 καὶ
1407 4701 1621 4772 ἔχουσιν
1663 4701 1921 4766 ἂπαντες,

2026 4719 2148 4758 rum
2163 4703 2375 4758 loculos
2397 4701 2685 4756 thesauros
2711 4714 2833 4754 esse
2856 4706 3072 4768 putent,
3097 4696 3242 4751 unde
3265 4695 3408 4749 bona
3423 4695 3603 4749 omnia

350 4797 425 4858 ὼς
457 4797 557 4858 τὰς
587 4796 810 4847 ἐκείνων
834 4793 946 4866 [γε]
961 4794 1007 4825 ²⁰
1033 4793 1204 4864 θήκας
1229 4791 1585 4865 [θησαυροὺς]
1605 4794 1648 4825 ³⁸
1682 4793 1922 4862 ὑπολαμ-

2028 4793 2371 4848 deriventur.
2401 4791 2610 4861 Legum
2633 4803 2765 4858 ergo
2793 4787 3020 4842 istarum
3057 4787 3381 4857 potentiam,
3408 4799 3443 4840 ο
3472 4783 3603 4849 viri,

350 4885 534 4942 ϐἀνειν
589 4885 810 4953 ἀγαθῶν
857 4884 1212 4938 παντοδαπῶν
1262 4880 1550 4954 χορηγούς.
1624 4883 1922 4956 ’Δθρήσατε

2029 4883 2342 4954 perspicite.
2373 4881 2498 4953 ,Has
2525 4881 2674 4936 enim
2704 4892 2761 4934 et
2807 4878 3063 4943 Romani,
3094 4887 3150 4934 et
3177 4878 3375 4942 Persae,
3406 4885 3463 4931 et
3510 4875 3604 4945 qui

421 5040 626 5163 agna;
640 5040 830 5163 Anii";
861 5038 1118 5164 ibid3457.
1197 5052 1222 5080 κ
1258 5038 1390 5094 Luc.
1423 5054 1531 5103 xrv,
1567 5040 1655 5094 '55.
1732 5047 1760 5087 3'
1797 5039 1955 5095 Joan.
1981 5055 2088 5103 xvi,
2111 5039 2200 5094 55.
2237 5047 2260 5075 ³
2298 5037 2488 5092 Matth.
2514 5053 2567 5102 v,
2598 5037 2684 5100 ll,
2712 5037 2796 5091 12.
2874 5048 2900 5077 ι
2931 5035 3085 5091 Joan.
3105 5051 3197 5101 xv,
3221 5033 3310 5089 20.
3358 5033 3386 5073 δ
3413 5028 3605 5087 Matth.

511 5150 524 5162 .
704 5125 732 5164 a
827 5150 839 5162 .
870 5125 944 5164 Vl.
1044 5150 1055 5161 .

355 5125 410 5175 ι,
434 5125 524 5163 za.
604 5125 626 5149 ι
651 5125 839 5164 mattn.
870 5125 944 5174 νι,
966 5125 1055 5164 04.

1661 5220 1896 5275 VARIJE
1937 5219 2339 5277 LECTIONES.

1905 5393 2038 5446 ’τὸν
2061 5407 2170 5446 om.
2217 5392 2278 5447 B.
2319 5408 2399 5444 τοι
2444 5405 2543 5461 pro
2586 5408 2640 5461 τι
2686 5385 3197 5461 ψ’,λοιδορίαη
3233 5381 3605 5461 λοιδορίαςλβ.

357 5469 379 5498 ⁹
423 5453 740 5536 ψευδόξῖεύοι
775 5453 1160 5536 ἕνεκξν’ἐμοῦ.
1192 5465 1378 5536 ἕνεκεν
1421 5453 1554 5536 ἐμοῦ
1603 5453 1918 5536 ψευδόμενοι
1937 5463 2024 5536 _B._
2113 5453 2460 5536 “imbuis:
2493 5459 2742 5536 ὑπέδειξε
2775 5457 2876 5512 Vb.
2965 5453 3212 5536 _“'p.e::.3t
3251 5455 3311 5507 τὸ
3352 5453 3444 5536 τδρ
3493 5453 3606 5536 ρίου

345 5523 517 5598 τέλος.
570 5523 709 5606 μετά
758 5535 851 5587 τοῦ
900 5534 1017 5603 βίου
1036 5523 1117 5606 ’τδ
1151 5534 1306 5606 τέλος.
1341 5535 1402 5606 Β,
1449 5523 1538 5588 Va.
1619 5523 1630 5533 ’
1656 5535 1698 5606 ίῗ
1730 5523 1829 5602 ἔμε
1861 5531 2112 5606 ἐδίωξαν.
2162 5531 2259 5600 ἔμε
2379 5523 2440 5606 Β.
2543 5527 2910 5606 "fudissem
2960 5523 3359 5606 ἐπεκαλέσαντο
3401 5524 3467 5606 Βι
3505 5523 3604 5604 V3.

356 5606 398 5636 ”
425 5592 718 5667 οἰκιακούς.
744 5592 1052 5665 οἱκειάκοῦς
1080 5600 1140 5656 C.
1166 5603 1258 5670 qui
1282 5592 1437 5656 infra
1479 5620 1590 5657 om.
1629 5592 1774 5670 γάρ)
1837 5603 1879 5632 ³⁵
1905 5592 2217 5668 ἠσπάσαντο
2239 5602 2331 5652 καὶ
2357 5602 2482 5661 τοὺς
2506 5598 2787 5670 κινδύνους.
2817 5597 2913 5652 Va.
2943 5595 3358 5670 κατησπάσαντρ
3387 5592 3607 5670 καὶ-τῶν

357 5675 615 5728 κινδύνων
653 5663 756 5730 Vb.
855 5674 898 5704 ³⁸
927 5663 1323 5742 προσήνεγκαν.
1353 5663 1659 5742 ἐπήνεγκαν
1683 5673 1784 5727 Vb.
1886 5663 2097 5724 Πὀύδέ.
2123 5671 2275 5742 οὐδὲν
2452 5671 2493 5700 ¹⁸
2521 5670 2604 5740 δή.
2631 5669 2734 5740 leg.
2760 5667 2844 5722 ἀν.
2955 5667 2997 5699 ⁸⁸
3024 5663 3272 5721 τοσοῦτον
3303 5663 3400 5720 Va.
3443 5663 3607 5726 σέϐας

355 5743 436 5800 Vb
465 5754 586 5816 post
626 5739 1129 5800 κεκινδυνευκότων.
1206 5742 1250 5773 ’°
1275 5739 1380 5812 ίγε]
1421 5739 1509 5795 om
1536 5743 1598 5797 C.
1671 5743 1712 5774 ²¹
1741 5742 2046 5814 θησαυροὺς
2073 5755 2180 5794 om.
2209 5740 2270 5807 B,
2300 5740 2395 5796 Va.

427 5397 448 5468 ἴ
475 5396 741 5468 ἀποχρῆν.
777 5395 1082 5468 ἀποχρῆναι
1109 5395 1212 5468 Υιι.
1302 5394 1326 5426 ⁸
1353 5393 1550 5468 οὕτωςζ
1571 5388 1729 5468 οὖτος
