4036 6194
375 295 509 357 Ῑθ59

1356 290 1847 349 TIIEODORETI
1885 287 2222 347 EPISCOPI
2263 283 2626 346 CYBENSIS

3485 269 3618 333 1060

371 416 525 464 extra
547 405 765 458 illorum
795 404 1060 458 ditionem
1101 411 1230 457 sunt
1251 403 1436 472 positi,
1469 402 1692 456 abolere
1748 416 1846 471 pro
1871 401 1952 453 vi-

2061 399 2232 463 οὖνη,
2282 393 2326 450 ὦ
2374 396 2586 464 ἄνδρες,
2636 388 2803 444 τῶνδε
2855 387 2962 440 τῶν
3004 383 3182 455 νόμων
3228 382 3325 452 τὴν
3373 379 3620 450 δύναμιν·

372 497 529 551 ribus
565 496 771 560 conati,
797 510 950 549 suam
982 493 1206 562 quidem
1238 493 1666 548 imbecillitatem
1695 491 1951 562 prodide-

372 598 527 652 runt,
551 588 744 641 harum
791 601 922 638 vero
949 585 1058 638 vim
1103 585 1457 638 illustriorem
1489 585 1811 639 effecerunt.
1843 583 1950 654 Ly-

372 681 527 750 curgi
552 694 682 732 vero
705 678 1032 745 Solonisque
1060 677 1271 746 legibus
1309 677 1510 730 bellum
1542 691 1706 729 nemo
1734 674 1948 736 indixit,

375 771 471 827 sed
495 786 593 824 sua
619 778 813 838 sponte
850 776 1202 827 corruerunt,
1235 776 1289 820 et
1315 781 1492 834 neque
1515 766 1952 835 Pythius,neque

374 863 614 918 Minerva
637 868 824 914 custos
860 858 1032 922 urbis,
1069 874 1206 926 quas
1227 858 1327 926 ipsi
1355 858 1504 925 leges
1531 857 1794 920 tulerant,
1819 871 1948 924 per—

374 961 543 1022 petuo
592 957 991 1004 conservarunt
1058 967 1072 1002 :
1137 949 1232 1001 sed
1284 949 1448 1002 simul
1509 955 1675 1016 atque
1721 946 1953 1001 Romani

373 1045 674 1116 jusserunt,
708 1041 994 1094 exstinctae
1036 1051 1186 1093 sunt.
1225 1040 1493 1094 Ostendat
1541 1038 1813 1108 quispiam
1855 1052 1953 1090 ve-

375 1143 572 1194 strum,
599 1146 631 1183 ο
655 1130 781 1190 viri,
801 1131 886 1182 vel
911 1129 1241 1199 Spartiatam
1266 1145 1458 1192 unum,
1487 1129 1580 1197 qui
1601 1144 1696 1198 pro
1721 1128 1954 1198 Lycurgi

373 1224 606 1294 legibus.
635 1231 731 1274 aut
766 1237 932 1274 unum
966 1221 1359 1274 Atheniensem
1382 1260 1395 1283 ,
1425 1221 1518 1289 qui
1563 1235 1664 1288 pro
1715 1218 1955 1281 Solonis,

377 1315 727 1376 Locrensem,
786 1314 879 1383 qui
923 1328 1022 1381 pro
1048 1312 1289 1375 Zaleuci,
1344 1310 1685 1371 Cretensem,
1717 1309 1810 1378 qui
1856 1324 1957 1378 pro

375 1407 572 1461 Minois
600 1415 826 1459 mortem
869 1404 1054 1457 subire
1090 1413 1314 1472 paratus
1360 1401 1547 1455 fuerit.
1591 1401 1761 1454 Nemo
1808 1400 1956 1453 enim

315 1485 319 1489 ’
375 1507 619 1551 vestrum
653 1497 706 1549 id
738 1495 1030 1550 ostendere
1068 1495 1284 1563 poterit.
1326 1493 1435 1547 Nos
1463 1508 1596 1546 vero
1629 1493 1874 1546 virorum
1897 1507 1960 1546 ac

377 1587 674 1642 mulierum
710 1584 983 1654 myriades
1026 1583 1224 1635 multas
1283 1581 1655 1641 ostendimus,
1710 1579 1804 1648 qui
1860 1593 1959 1647 pro

375 1680 714 1750 piscatorum
741 1677 1004 1743 Paulique
1033 1675 1246 1742 legibus
1275 1673 1420 1726 ultro
1451 1682 1686 1724 mortem
1710 1670 1958 1740 oppetie-

2054 493 2286 551 Τούτους
2311 488 2419 558 γὰρ
2441 486 2484 517 ⁸³
2509 485 2602 537 καὶ
2637 483 2917 551 Ῥωμαῖοι,
2950 478 3042 530 καὶ
3071 476 3292 544 Πέρσαι,
3325 472 3418 524 xui.
3454 473 3502 523 οἱ
3526 471 3627 540 τῆς

2049 583 2254 635 τούτων
2303 578 2597 649 ἡγεμονίας
2650 573 2753 637 ἔξω
2801 569 3100 629 τελοῦντες,
3155 563 3454 618 καταλῦσαι
3503 562 3628 615 λίαν

2053 671 2470 736 ἐσπουδακότες,
2511 668 2610 735 τὴν
2669 665 2768 732 μὲν
2807 662 3013 715 οἰκείαν
3057 656 3340 711 ἀσθένειαν
3392 654 3624 719 ἔδειξαν,

2049 767 2148 835 τὴν
2179 765 2234 816 δὲ
2270 762 2474 814 τούτων
2523 760 2673 828 ἰσχὺν
2707 752 3120 826 ὲκδηλοτέραν”
3157 751 3459 816 ἀπέφηναν.
3501 746 3626 808 Τοῖς

2050 857 2104 910 δὲ
2134 853 2448 923 Λυκούργου
2485 853 2578 902 καὶ
2603 850 2839 908 Σόλωνος
2868 845 3042 905 οὐδεὶς
3075 841 3383 908 ἐπολέμησε
3413 839 3620 906 νόμοις,

2053 945 2167 999 ἀλλ’
2195 942 2492 1012 αὐτόματοι
2519 938 2668 1010 [155]
2706 934 3097 1002 κατελύθησαν.
3142 932 3248 986 Καὶ
3291 930 3415 982 οὗτε
3446 932 3474 981 ό
3519 927 3630 980 Πύ-

2053 1034 2168 1096 θιος
2201 1031 2322 1084 οὒτε
2351 1033 2383 1100 ἡ
2419 1029 2611 1090 Πολιάς
2629 1029 2674 1059 ’³
2711 1028 2834 1088 τοὺς
2861 1025 2964 1076 ὑπὸ
2997 1023 3146 1092 σφῶν
3177 1021 3429 1082 τεθέντας
3465 1018 3633 1089 ἐκρά-

2053 1141 2216 1176 τυναν
2245 1122 2462 1188 νόμους,
2491 1120 2652 1177 εὐθὺς
2690 1117 2746 1170 δέ
2777 1133 2838 1184 γε
2877 1113 3157 1182 Ῥωμαίων
3189 1111 3630 1180 προστεταχότων

2055 1215 2408 1280 ὲσὸἑσθησαν.
2449 1209 2685 1273 Δειξάτω
2716 1207 3001 1276 τιςπὸμῶν,
3031 1198 3075 1255 ὧ
3109 1204 3323 1272 ἀνδρες,
3368 1202 3462 1253 ἕνα
3501 1202 3632 1267 γοῦν

2056 1305 2400 1374 Σπαρτιάτην
2434 1302 2574 1370 ὑπὲρ
2613 1301 2720 1352 τῶν
2765 1291 3080 1366 Λυκούργου
3116 1295 3295 1362 νόμων
3341 1293 3632 1345 ἀποθανεῖν

2055 1397 2442 1466 ἀνασχόμενον,
2471 1393 2502 1462 ἣ
2527 1393 2621 1444 ἕνα
2681 1391 2960 1458 Ἀθηναῖον
2992 1388 3037 1417 ’⁵
3068 1385 3207 1455 ὑπὲρ
3237 1385 3342 1436 τῶν
3373 1384 3631 1448 Σόλωνος,

2057 1489 2089 1559 ἢ
2134 1489 2271 1558 ὑπὲρ
2311 1487 2417 1537 τῶν
2456 1483 2729 1537 Ζαλεύκου
2776 1479 3006 1547 Λοκρὸν,
3053 1479 3085 1549 ἢ
3120 1477 3313 1547 Κρῆτα
3345 1477 3479 1544 ὑπὲρ
3520 1469 3635 1526 τῶν

2069 1580 2322 1640 Μίνωος⁸
2358 1576 2470 1629 ἀλλ’
2509 1576 2606 1628 οὐκ
2651 1575 2714 1627 ἄν
2746 1590 2828 1635 τις
2864 1571 3016 1641 ὑμῶν
3050 1568 3206 1621 τοῦτό
3253 1585 3316 1634 γε
3368 1567 3589 1630 δείξειεν
3616 1580 3634 1596 ’

2060 1671 2221 1737 ἡμεῖς
2249 1667 2302 1718 δὲ
2328 1665 2614 1734 δείκνυμεν
2651 1662 2789 1733 ὑπὲρ
2819 1662 2927 1713 τῶν
2963 1658 3285 1713 ἀλιευτικῶν
3315 1658 3407 1710 καὶ
3441 1674 3636 1708 σκυτο-

379 1749 510 1824 rint.
533 1767 725 1821 Testes
755 1775 882 1819 sunt
923 1773 1222 1834 martyrum
1258 1763 1496 1817 excitata
1555 1763 1776 1830 templa,
1833 1776 1955 1829 qum

2061 1760 2299 1830 τομικῶν
2349 1759 2528 1827 νόμων
2573 1754 2774 1816 πολλάς
2829 1756 2921 1806 καὶ
2972 1750 3180 1820 ἀνδρῶν
3232 1749 3637 1815 καὶγυναικῶν

377 1871 435 1917 et
459 1861 624 1914 urbes
652 1866 942 1920 exornant,
965 1865 1021 1909 et
1048 1857 1324 1909 illustrant
1352 1856 1603 1925 regiones
1625 1895 1640 1918 ,
1679 1863 1735 1907 et
1767 1869 1958 1924 magna

381 1962 496 2009 tum
525 1953 750 2012 exteris,
778 1959 890 2003 tum
923 1948 1200 2017 indigenis
1217 1948 1586 2000 emolumenta
1628 1945 1795 2016 949
1825 1960 1959 2014 sup-

381 2046 646 2115 peditant.
697 2041 928 2108 Quando
963 2041 1128 2109 igitur
1170 2049 1226 2093 et
1285 2040 1465 2108 legum
1526 2039 1850 2108 ipsarumct
1885 2039 1963 2092 le—

381 2137 700 2206 gislatorum
726 2150 792 2187 ex
813 2131 1225 2201 comparatione
1249 2141 1592 2199 compertum
1621 2139 1726 2188 est,
1757 2137 1961 2198 quanta

381 2225 453 2278 sit
486 2233 845 2290 utrorumque
878 2220 1211 2282 dillerentia,
1247 2229 1410 2288 atque
1453 2220 1559 2273 alia
1603 2219 1824 2288 quidem
1853 2219 1960 2272 hu-

382 2331 668 2369 manarum
692 2313 1084 2384 cogitationum
1114 2312 1332 2365 inventa
1364 2312 1480 2366 visa
1503 2319 1655 2374 sunt,
1690 2311 1796 2364 alia
1821 2310 1964 2364 divi-

382 2407 572 2461 nitus‘
607 2407 754 2469 data,
794 2415 850 2460 et
879 2405 1164 2467 salutaria,
1199 2404 1483 2472 suscipite,
1516 2419 1548 2457 o
1572 2404 1698 2465 viri,
1735 2415 1962 2455 munera

381 2497 591 2558 divina,
625 2496 1058 2564 nmnilicumque
1083 2511 1147 2549 ac
1178 2495 1459 2547 liberalem
1511 2494 1835 2547 donatorem
1890 2505 1961 2544 ne

383 2587 730 2653 spreveritis.
790 2585 1058 2639 Eximiam
1119 2594 1302 2636 autem
1354 2583 1569 2636 illorum
1641 2581 1961 2650 dignitatem

381 2668 589 2730 certius
641 2675 1002 2745 cognoscetis,
1032 2673 1100 2736 si,
1134 2673 1370 2742 pessima
1420 2687 1486 2724 ex
1516 2671 1715 2724 animis
1764 2669 1963 2724 vestris

381 2768 642 2838 opinione
659 2767 910 2837 depulsa,
934 2765 1051 2820 liazc
1081 2776 1271 2820 nostra
1305 2763 1590 2818 evolvatis.

1007 2968 1236 3024 SERMO
1275 2969 1342 3022 Χ.

770 3081 845 3133 De
881 3082 1015 3132 veris
1055 3088 1103 3132 et
1136 3078 1286 3148 falsis
1318 3076 1571 3134 oraculis.

454 3190 557 3257 Qui
592 3189 935 3259 tyrannidem
961 3190 1240 3254 affectant,
1276 3189 1430 3244 nullo
1464 3187 1567 3242 sibi
1599 3188 1722 3256 jure
1742 3202 1964 3256 compe-

385 3290 592 3335 tentem
644 3290 972 3350 potestatem
1029 3281 1313 3335 invadunt.
1356 3279 1463 3334 Sed
1501 3279 1711 3348 regium
1742 3278 1821 3332 illi
1844 3278 1967 3347 qui-

383 3371 508 3427 dem
530 3379 850 3440 apparatum
879 3381 1166 3440 usurpant.
1195 3386 1518 3441 purpuram,
1548 3384 1832 3431 coronam,
1863 3369 1969 3423 sel-

383 3461 528 3526 lam,
577 3478 800 3516 currum
866 3471 922 3516 et
962 3464 1274 3517 satellites:
1321 3477 1502 3516 mores
1555 3471 1739 3516 autem
1788 3461 1968 3530 regios

386 3549 589 3603 imitari
624 3550 838 3604 nolunt.
888 3549 1001 3604 Nec
1036 3550 1184 3603 enim
1224 3551 1495 3604 mansueti
1547 3561 1731 3620 patres
1773 3549 1966 3602 audire

383 3639 635 3710 cupiunt,
684 3639 777 3693 sed
813 3641 998 3694 acerbi
1029 3641 1237 3695 domini
1269 3659 1282 3695 :
1324 3657 1427 3695 nec
1464 3641 1712 3696 benevoli
1752 3648 1969 3694 curato-

385 3746 495 3794 res,
530 3730 626 3785 sed
653 3730 936 3786 durissimi
962 3732 1152 3787 duces.
1180 3732 1300 3800 Quo
1326 3733 1384 3786 ﬁt
1433 3741 1496 3786 ut
1520 3748 1660 3802 saepe
1683 3733 1806 3786 illos
1829 3731 1966 3801 legi-

387 3821 506 3875 timi
552 3835 706 3891 reges
755 3822 1062 3892 proﬂigent,
1117 3839 1259 3892 quos
1311 3823 1379 3878 ab
1433 3823 1520 3877 his
1573 3837 1963 3892 Oppressorum

385 3909 538 3964 subit
561 3911 881 3965 miseratio:
919 3927 1060 3981 srepe
1083 3913 1248 3968 etiam
1287 3912 1492 3967 milites
1526 3921 1583 3966 et
1622 3913 1829 3981 populi,
1867 3929 1963 3967 su—

385 4000 635 4072 perbiam
657 4017 847 4056 eorum
870 4019 978 4056 non
1004 4003 1266 4065 ferentes,
1291 4003 1576 4075 tyrannide
1599 4002 1722 4057 illos
1740 4014 1963 4059 exuant.

386 4090 535 4144 Idem
573 4091 794 4158 pessimi
849 4108 1065 4162 quoque
1098 4094 1372 4147 dannones
1405 4100 1459 4146 et
1498 4093 1700 4157 fecere,
1732 4099 1788 4145 et
1822 4092 1965 4162 passi

387 4189 534 4234 sunt.
576 4181 784 4235 Relicta
828 4183 974 4236 enim
1014 4199 1178 4252 quam
1213 4184 1392 4238 sortiti
1446 4183 1662 4237 fuerant
1708 4184 1963 4248 statione,

386 4279 442 4325 et
473 4271 823 4325 mitissimum
858 4273 1136 4328 Creatoris
1173 4274 1442 4344 fugientes
1479 4273 1842 4337 dominatum,
1889 4284 1967 4344 ty-

386 4363 671 4419 rannidem
703 4365 868 4436 950
905 4378 1225 4436 rapuerunt,
1265 4367 1624 4436 divinumque
1661 4383 1860 4422 nomen
1884 4368 1968 4423 in-

387 4457 634 4510 volantes
669 4456 804 4510 deos
829 4473 948 4512 sese
982 4458 1083 4528 ipsi
1120 4459 1485 4528 appellarunt,
1511 4469 1569 4512 et
1588 4459 1834 4514 divinum
1862 4459 1967 4514 sibi
2005 4443 2042 4495 ί)

387 4547 595 4602 cultum
634 4557 693 4602 ut
736 4548 1061 4615 tribuerent,
1097 4552 1283 4606 stultis
1327 4552 1647 4607 hominibus
1683 4569 1968 4622 persuase-

388 4643 539 4691 runt.
566 4636 775 4693 Deinde
802 4646 864 4692 ut
887 4649 1161 4710 arreptam
1191 4642 1533 4712 tyrannidem
1551 4644 1964 4707 confirmarent,

392 4731 574 4784 futura
608 4731 773 4786 etiam
817 4747 875 4787 se
924 4747 1086 4788 nosse
1129 4748 1193 4788 ac
1229 4733 1525 4802 praedicere
1563 4735 1779 4806 gloriati
1813 4745 1962 4799 sunt,

389 4817 580 4876 faciles
600 4830 763 4892 captu
808 4824 1064 4880 homines
1098 4826 1200 4881 hac
1246 4826 1596 4896 potissimum
1648 4827 1857 4882 ratione
1909 4828 1966 4881 in

389 4909 639 4967 fraudem
667 4913 1035 4983 impellentes.
1064 4917 1430 4983 Quamobrem
1469 4918 1697 4972 fallaciae
1723 4918 1966 4972 ollicinas

391 5001 596 5071 ubique
633 5010 905 5068 terrarum
938 5018 1256 5069 erexerunt,
1292 5007 1725 5061 etdivinatorias
1757 5009 1968 5077 paesti-

2062 1850 2438 1920 ἀνασχομένας
2470 1848 2762 1900 ἀποθανεῖν
2816 1845 3079 1915 μυριάδας
3102 1861 3116 1874 ο
3151 1843 3242 1893 καὶ
3278 1840 3552 1911 μάρτυρες
3586 1842 3638 1892 οἱ

2058 1942 2167 1995 τιῖιν
2201 1943 2490 2013 μαρτύρων
2526 1939 2702 2009 σηκοὶ,
2739 1937 2831 1990 καὶ
2860 1937 3041 1998 πόλεις
3063 1933 3467 2003 λαμπρύνοντες
3493 1972 3507 1993 ,
3543 1932 3641 1984 καὶ

2059 2035 2242 2106 χώρας
2269 2034 2673 2104 φαιδρύνοντες,
2719 2031 2810 2082 καὶ
2841 2029 3014 2095 ξένοις
3045 2026 3180 2096 ὁμοῦ
3218 2027 3311 2078 καὶ
3346 2027 3640 2095 ἐγχωρίοις

2059 2127 2156 2197 τὴν
2183 2125 2448 2193 ὠφέλειαν
2485 2123 2904 2193 προσφέροντες.
2941 2118 3162 2188 Ἐπειδὴ
3204 2117 3378 2169 τοίνυν
3409 2118 3501 2169 καὶ
3526 2116 3641 2170 τῶν

2061 2220 2239 2288 νόμων
2261 2217 2355 2270 καὶ
2384 2218 2492 2268 τῶν
2517 2212 2820 2283 νομοθετῶν
2851 2209 3152 2277 κατάδηλον
3197 2211 3258 2260 ὲκ
3291 2207 3639 2278 συγκρίσεως

2062 2311 2350 2378 γεγένηται
2373 2309 2416 2338 ⁸⁷
2452 2307 2512 2360 τὸ
2537 2306 2810 2374 διάφορον,
2845 2303 2936 2354 καὶ
2961 2301 3027 2353 τὰ
3052 2300 3149 2366 μὲν
3172 2299 3328 2370 ὤφθη
3358 2298 3641 2367 λογισμῶν

2063 2401 2416 2470 ἀνθρωπίνων
2449 2399 2753 2467 εὑρήματα,
2788 2395 2855 2446 τά
2876 2393 2931 2446 δὲ
2967 2393 3216 2446 θεόσδοτα
3245 2391 3336 2443 καὶ
3369 2391 3638 2459 σωτήρια,

2062 2489 2306 2553 δέξασθε,
2334 2484 2378 2542 ὧ
2404 2488 2612 2560 ἄνδρες.
2643 2488 2708 2540 τὰ
2735 2485 2997 2539 θεσπέσια
3023 2484 3189 2551 δῶρα,
3225 2483 3318 2534 καὶ
3343 2481 3432 2534 τὸν
3461 2497 3638 2549 μεγα-

2063 2583 2292 2651 λόδωρον
2357 2581 2450 2633 κοιλ⁵
2497 2579 2788 2648 φιλόδωρον
2810 2579 2854 2609 ³⁸
2903 2579 2976 2647 μὴ
3039 2575 3341 2645 ἀτιμάσητε
3382 2573 3640 2643 χορηγόν.

2065 2672 2288 2726 Είσεσθε
2315 2672 2370 2724 δὲ
2408 2670 2584 2724 αὐτῶν
2615 2671 2660 2701 ²⁹
2697 2670 2757 2721 τὸ
2795 2667 3097 2738 θεοπρεπὲς
3142 2665 3550 2733 ἀκριϐέστερον,
3593 2665 3644 2716 εξ

2063 2765 2274 2826 τούτοις
2317 2762 2587 2832 ἐντύχοιτε
2617 2762 2660 2792 ³⁰
2691 2762 2790 2830 τὴν
2830 2758 3070 2828 πονηρὰν
3102 2758 3208 2810 τῶν
3241 2756 3426 2826 ψυχῶν
3455 2756 3646 2820 ὲξελά-

2068 2871 2258 2916 σαντες
2287 2853 2326 2883 ³⁸
2368 2852 2654 2923 πρόληψιν.

2698 2964 2915 3016 ΛΟΓΟΣ
2954 2965 3010 3016 I'.

1989 3099 2031 3156 ο
2136 3078 2272 3144 Περὶ
2317 3075 2605 3144 χρησμῶν
2631 3075 2938 3142 ἀληθινῶν
2976 3076 3019 3107 ³³
3061 3091 3122 3128 τε
3154 3075 3250 3127 καὶ
3306 3071 3570 3141 ψευδῶν.

2137 3193 2199 3244 Oi
2231 3187 2542 3259 τυραννίδος
2568 3186 2802 3258 ἐρῶντες
2819 3187 2919 3257 τὴν
2940 3185 3238 3254 οὐδαμόθεν
3261 3187 3444 3246 αὐτοῖς
3475 3201 3648 3254 προσ-

2067 3282 2310 3352 ήκουσαν
2333 3279 2640 3348 ἁρπάζουσι
2674 3277 3018 3342 δυναστείαν,
3046 3276 3181 3329 ἀλλά
3214 3276 3274 3328 τὸ
3301 3277 3399 3344 μὲν
3421 3275 3523 3342 τῆς
3545 3276 3646 3346 βαι

2070 3372 2272 3433 σιλείας
2300 3369 2674 3440 περιτίθενται
2698 3368 2908 3438 σχῆμα,
2939 3368 3038 3437 τὴν
3066 3368 3380 3438 ἁλουργίδα,
3405 3367 3496 3419 τὸν
3521 3370 3647 3420 στέο

2069 3481 2258 3532 φανον,
2298 3463 2389 3514 τὸν
2409 3462 2615 3531 θρόνον,
2640 3460 2700 3513 τὸ
2732 3460 2926 3527 ζεῦγος
2946 3502 2961 3524 ,
3003 3459 3130 3521 τοὺς
3167 3449 3522 3528 δορυφόρους.
3554 3458 3648 3511 τον

2066 3555 2123 3606 δὲ
2158 3552 2436 3624 βασιλικὸν
2489 3550 2684 3620 ζηλοῦν
2711 3551 2814 3602 ούκ
2852 3549 3098 3602 ἐθέλουσι
3143 3549 3368 3618 τρόπον.
3414 3549 3489 3600 Οὐ
3535 3549 3647 3620 γὰρ

2067 3647 2217 3716 ἧπιοι
2247 3644 2473 3696 ποθοῦσι
2506 3641 2789 3694 καλεῖσθαι
2817 3642 3076 3711 πατέρες.
3108 3639 3244 3693 ἀλλά
3269 3640 3526 3693 δεσπόται
3558 3658 3648 3692 πι-

2067 3736 2218 3806 κροί·
2268 3736 2389 3788 οὐδὲ
2429 3735 2725 3802 κηδεμόνες
2774 3733 3167 3802 φιλάνθρωποι,
3219 3732 3331 3784 ἀλλ’
3385 3732 3648 3800 ἡγεμόνες

2070 3827 2432 3896 παγχάλεποι.
2469 3828 2511 3878 Τ
2515 3826 2559 3894 ῷ
2599 3843 2680 3879 τοι
2706 3826 2966 3888 πολλάκις
2998 3827 3094 3896 μὲν
3123 3824 3397 3888 αύτοὺςοί
3430 3825 3648 3894 ἔννομοι

2067 3920 2398 3973 καταλύουσι
2435 3917 2698 3988 βασιλεῖς,
2737 3919 2866 3980 τοὺς
2901 3918 2993 3969 ὑπ’
3018 3917 3197 3969 αὐτῶν
3231 3917 3651 3985 παρανομουμέ-

2066 4025 2189 4071 vos;
2229 4007 2590 4077 οἰκτείροντες
2613 4023 2626 4036 ο
2663 4005 2922 4066 πολλάκις
2960 4004 3015 4057 δὲ
3054 4005 3145 4056 καὶ
3176 4004 3502 4072 στρατιῶται
3552 4006 3647 4057 καὶ

2065 4098 2229 4168 δῆμοι
2255 4097 2519 4166 γυμνοῦσι
2551 4097 2648 4165 τῆς
2681 4096 3023 4158 δυναστείας,
3063 4095 3124 4146 τὸ
3144 4095 3342 4164 θράσος
3368 4095 3429 4147 ού
3456 4094 3518 4161 φέ
3530 4110 3647 4161 ρον.

2065 4207 2178 4253 τες.
2207 4187 2379 4240 Τοῦτο
2402 4188 2447 4218 ⁸³
2487 4187 2584 4240 καὶ
2603 4187 2898 4255 δεδράκασι
2928 4187 3026 4239 καὶ
3061 4185 3396 4239 πεπόνθασιν
3417 4187 3467 4238 οἱ
3493 4203 3646 4256 παμ-

2069 4281 2296 4350 πόνηροι
2319 4279 2360 4309 “
2391 4278 2668 4347 δαίμονες.
2702 4277 2813 4347 Τὴν
2838 4277 2947 4348 γὰρ
2985 4277 3049 4346 δὴ
3070 4277 3226 4342 τάξιν
3253 4276 3645 4338 καταλιπόντες

2069 4374 2134 4444 ἥν
2155 4373 2371 4441 ἔλαχον,
2389 4371 2482 4422 καὶ
2502 4370 2600 4439 τὴν
2624 4371 2842 4440 ὴμερωτ
2852 4371 2986 4438 άτην
3004 4369 3096 4422 τοῦ
3122 4370 3481 4437 πεποιηκότος
3502 4371 3645 4423 ἁπο-

2071 4466 2367 4535 δράσαντες
2395 4463 2736 4526 δεσποτείαν,
2768 4464 3024 4532 ἥρπασαν
3070 4463 3170 4532 μὲν
3198 4462 3297 4530 τὴν
3329 4462 3646 4531 τυραννίδα,

2070 4559 2132 4611 τὸ
2167 4558 2223 4610 δὲ
2259 4558 2402 4609 θεῖον
2449 4554 2621 4624 όνομα
2670 4553 3036 4623 σεσυληκότες
3085 4553 3241 4618 θεοὺς
3273 4557 3414 4622 σφᾶς
3447 4554 3650 4614 αὐτοὺς

2071 4646 2543 4716 προσηγόρευσαν,
2575 4645 2670 4698 καὶ
2692 4643 2752 4697 τὸ
2783 4643 2926 4697 θεῖον
2949 4643 3116 4706 σείσας
3136 4645 3289 4712 σφίσι
3317 4644 3649 4715 προσφέρειν

2069 4737 2178 4791 τῶν
2203 4735 2508 4806 ἀνθρώπων
2541 4737 2669 4799 τοὺς
2709 4735 2973 4804 ἀνοήτους
3006 4736 3302 4788 ἀνέπεισαν
3325 4753 3339 4767 ο
3371 4732 3490 4789 εἶτα
3509 4753 3650 4805 κραο

2070 4827 2225 4880 τῦναι
2253 4829 2352 4897 τὴν
2389 4827 2710 4880 δυναστείαν
2740 4824 3132 4888 σπουδάζοντες
3159 4827 3228 4890 ³⁸,
3252 4827 3347 4880 καὶ
3371 4825 3650 4897 προγινώ-

2075 4935 2224 4970 σκειν
2263 4919 2330 4970 τά
2376 4917 2641 4986 μέλλοντα
2673 4915 2770 4968 καὶ
2812 4915 3099 4984 προλέγειν
3141 4917 3186 4948 ⁸⁸
3215 4915 3646 4975 ἐνεανιεύσαντο,

2073 5008 2247 5076 ταύτῃ
2286 5009 2520 5076 μάλιστα
2550 5009 2675 5070 τοὺς
2707 5005 3011 5068 εὐαλώτους
3035 5005 3353 5078 ἀνθρώπους
3383 5007 3424 5038 ⁸⁷
3467 5023 3648 5077 παρα-

1698 5159 1938 5214 νᾹΙίΙᾸΞ
1979 5159 2388 5214 ιεᾱτιυλιδ.

460 5322 504 5348 ³²
531 5315 642 5372 οὖν.
670 5317 735 5388 δὴ
762 5313 854 5370 οὖν
1051 5319 1097 5351 ’³
1130 5315 1372 5388 τούτους
1394 5318 1519 5388 γάρ.
1563 5316 1670 5386 γάρ
1698 5331 1833 5388 dom.
1876 5317 1936 5372 Β.

389 5387 449 5443 C.
492 5382 840 5450 πελειάςὛΙ).
881 5387 919 5440 Γ.
964 5404 1028 5442 ω(
1053 5387 1211 5457 conjs
1281 5382 1673 5457 ¹⁸Α⁹τ¹ἱθηναῐονζ
1695 5386 1789 5438 ἕνα
1827 5387 1940 5439 Ἀθ.
1977 5382 2035 5457 Β.

392 5459 682 5528 φιλόδωρον
722 5457 970 5528 θὼᾙΒη
1035 5458 1078 5528 ξθ
1106 5454 1596 5528 [τούτωνίοωζῆ
1722 5465 1846 5528 ante
1893 5456 2091 5528 αὐτῶν.

390 5527 677 5596 αλάσαντες
723 5528 817 5580 Va.
857 5527 899 5557 ³⁸
928 5526 1213 5596 ἀληθινῶν.
1255 5526 1468 5594 ἀληθῶν
1499 5526 1557 5580 Β.

2060 5315 2105 5360 ’,δ
2153 5315 2534 5387 ἐκδηλοτέραν.
2586 5316 2959 5387 ὲκδηλωτέραν
2987 5318 3046 5372 Β.

2136 5386 2503 5458 ’τίγεγένμηται
2537 5401 2781 5458 suprasc.
2815 5386 2868 5458 p.
2892 5403 2975 5458 7m.

2189 5456 2233 5486 ³ο
2264 5455 2555 5522 ἐντύχοιτε.
2591 5455 2847 5524 ἐντύχητέ
2887 5457 2944 5510 Β.

1636 5527 1680 5557 ³³
1710 5527 1865 5577 τοῦτο
1891 5528 1945 5578 δὲ
1978 5527 2067 5578 καὶ
2091 5525 2185 5578 Va.
2210 5526 2365 5577 τοῦτο
2401 5525 2464 5592 δὴ
2491 5527 2584 5576 καὶ
2617 5525 2714 5580 Vb.

392 5595 439 5673 1'
471 5595 790 5673 δεσποτείαν
850 5595 1245 5673 προσρξροντες
1297 5597 1568 5667 (pluribus
1619 5611 1741 5651 cum
1799 5607 1959 5664 punct

2061 5611 2209 5664 inpra
2258 5595 2673 5664 προσφέροντες)
2711 5597 2768 5650 Β.

382 5666 424 5698 ⁸⁷
458 5662 773 5732 ἀνθρώπους
796 5662 904 5717 om;
929 5665 988 5728 Β,
1015 5662 1112 5718 Vit.

3146 5320 3190 5351 ’⁵
3232 5317 3448 5377 Πολιάς.
3497 5317 3652 5379 πόλις

3054 5389 3099 5420 ³⁸
3130 5388 3524 5456 μεγαλόξωρον.
3556 5388 3654 5439 καὶ

3068 5459 3106 5490 θ’
3139 5458 3507 5523 ἐξελάσαντες.
3549 5459 3658 5510 ἀπι-

2796 5528 2838 5557 ³¹⁵
2871 5529 3236 5598 παμπόνηροι.
3262 5527 3566 5595 παράνομοι
3588 5525 3652 5581 C.

2865 5599 2907 5629 ³⁸
2958 5599 3048 5651 καὶ
3104 5600 3384 5668 προλέγειν
3424 5611 3534 5651 om.
3591 5598 3655 5652 Ο.
