3974 6196
292 254 432 329 1,065

974 260 1408 321 GR/ECARUM
1441 260 1742 322 AFFECT.
1775 262 2299 325 CURATIO.—X.
2341 265 2441 324 DE
2476 262 2868 324 ORACULIS.

3389 260 3524 327 1066

288 366 737 437 προσφιλεστάτῳ
761 404 776 430 ,
824 364 1145 419 πιστεύσατε
1167 383 1180 396 ·
1221 366 1484 430 ἄσπονδος
1534 368 1642 440 γάρ
1691 371 1849 440 ἡμῶν

1959 370 2320 435 adversarius,
2344 371 2437 440 qui
2458 370 2803 426 manifestum
2819 378 3010 425 contra
3029 368 3344 439 religionem
3363 372 3526 427 Chri~

289 450 444 521 οὗτος
480 458 751 527 πολέμιος,
794 457 891 527 τὴν
921 458 1171 528 προφανῆ
1219 457 1362 511 κατὰ
1388 460 1433 491 ⁷⁷
1459 459 1557 528 τῆς
1577 460 1857 525 εὐσεϐείας

288 548 683 619 ἀναδεξάμενος
710 547 910 618 μάχην.
940 540 1108 614 Οὗτος
1127 550 1183 603 δὲ
1214 549 1502 619 ψεύδεσθαι
1524 552 1713 623 εἴρηκε
1732 554 1858 617 τοὺς

288 641 405 702 τοῖς
434 636 784 708 καλουμένοις
806 639 1078 710 μαντείοις
1101 640 1560 712 προσεδρεύοντας
1578 642 1856 713 δαίμονας.

291 730 416 784 Ὀτι
443 728 499 782 δὲ
527 728 655 792 τοὺς
679 727 875 792 αὐτοὺς
902 730 998 782 καὶ
1035 728 1191 793 θεοὺς
1221 728 1499 800 ὀνομάζει,
1541 730 1636 784 καὶ
1658 732 1857 803 ἀστρο-

287 819 474 888 λογίαν
503 819 703 889 μᾶλλον
724 821 909 884 αὐτοῖς
937 820 970 891 ἢ
994 820 1145 875 θείαν
1167 821 1472 893 πρόγνωσιν
1505 822 1855 892 μαρτυρεῖτθ,

286 914 347 965 ἐν
382 912 531 982 αύτῷ
562 911 831 982 δεδήλωκε
852 912 931 983 τῷ
957 912 1371 983 ξυγγράμματι.
1402 913 1565 981 Λέγει
1589 914 1648 968 δὲ
1666 914 1855 967 ταῦτα’

289 1021 311 1054 ι
336 1002 400 1053 Ἀ
420 1001 530 1071 γὰρ
545 1001 793 1071 λέγουσιν
810 1004 857 1056 οἱ
875 1001 1005 1067 θεοὶ,
1026 1004 1183 1073 εἴπερ
1209 1004 1278 1056 τὰ
1302 1001 1452 1077 [158]
1477 1005 1858 1075 μεμοιραμένα

281 1091 647 1160 γινώσκοντες
682 1092 935 1161 λέγουσιν
956 1132 972 1157 ,
1004 1094 1112 1147 ἀπὸ
1146 1095 1245 1165 τῆς
1282 1094 1389 1148 τῶν
1432 1098 1646 1165 ἄστρων
1684 1097 1858 1167 φορᾶς

279 1181 539 1253 δηλοῦσιο
587 1183 683 1236 καὶ
722 1183 879 1237 τοῦτο
929 1184 1115 1254 σχεδὸν
1156 1184 1394 1248 ἅπαντες
1434 1186 1478 1217 ⁷⁸
1516 1184 1783 1254 ἐξέφηναν
1807 1186 1856 1238 οί

281 1274 541 1343 ἀψευδεῖς
578 1273 688 1328 τῶν
720 1273 877 1328 θεῶν.
906 1293 924 1326 ι
965 1274 1105 1327 Ἀλλ’
1124 1275 1216 1339 οὓς
1249 1274 1483 1331 ἐνταῦθα
1506 1274 1661 1339 θεοὺς
1686 1293 1856 1346 προσ-

282 1365 576 1436 ηγόρευσε,
609 1364 771 1419 πάλιν
796 1364 902 1434 ἐφη
931 1366 1006 1434 μὴ
1029 1360 1169 1419 εἶναι
1190 1364 1350 1428 θεοὺς
1376 1366 1434 1418 ἐν
1460 1356 1635 1435 τούτῳ
1662 1382 1727 1433 γε
1760 1365 1858 1419 καὶ

282 1456 389 1508 οὐκ
418 1457 474 1509 ὲν
516 1455 661 1525 ἄλλῳ
698 1473 775 1526 τῳ
806 1454 1225 1528 ξυγγράμματιο
1276 1455 1370 1509 τοῦ
1402 1457 1511 1527 γάρ
1538 1474 1622 1509 τοι
1664 1455 1857 1509 Ἀπόλ-

284 1544 455 1608 λωνος
476 1545 742 1609 τεθεικώς
776 1546 823 1578 ⁸⁸
849 1546 941 1599 τὸν
971 1546 1237 1618 χρησμὸν,
1270 1546 1330 1610 ὃς
1353 1546 1593 1601 διδάσκει
1634 1544 1778 1619 [καὶ]
1808 1547 1854 1579 ⁸³

286 1636 405 1699 πῶς
451 1636 557 1708 χρὴ
580 1640 694 1700 τοῖς
720 1636 1066 1708 ἐπιχθονίοις,
1109 1637 1226 1701 πῶς
1272 1638 1329 1690 δὲ
1376 1640 1486 1703 τοῖς
1516 1638 1856 1709 ὑποχθονίοις

1960 462 2190 517 stianam
2228 462 2433 516 bellum
2472 470 2829 531 susceperat:
2868 461 2913 514 is
2957 467 3135 515 tamen
3176 462 3395 516 mentiri
3447 466 3529 520 ait

1959 552 2258 616 daemonas,
2304 553 2399 621 qui
2444 553 2680 607 oraculis
2732 567 2855 621 qua:
2905 561 3169 607 vocantur
3213 553 3523 621 praesident.

1957 638 2114 705 Quod
2163 654 2299 695 vero
2339 655 2435 694 eos
2480 641 2646 693 etiam
2694 640 2827 695 deos
2852 649 3030 705 vocet,
3060 639 3275 710 illisque
3298 642 3529 698 astrolo—

1957 729 2101 799 giam
2135 730 2320 799 potius
2346 730 2570 792 tribuat,
2599 744 2762 799 quam
2784 730 3027 784 divinam
3049 731 3213 787 ullam
3239 732 3531 799 praescien-

1961 820 2112 884 tiam,
2171 819 2229 874 in
2285 820 2480 874 eodem
2522 819 2667 874 libro
2717 829 2969 874 testatur.
3020 820 3111 876 Sic
3161 829 3344 875 autem
3403 821 3526 878 ait:

1967 929 1984 961 ι
2018 911 2370 980 Qumcunque
2414 911 2561 965 enim
2605 910 2696 964 dei
2739 911 3061 980 loquuntur,
3085 910 3315 966 simodo
3350 912 3424 966 ita
3448 912 3532 967 lo-

1958 1007 2225 1067 quuntur,
2268 1007 2330 1052 ut
2362 1014 2485 1067 qua:
2516 998 2626 1053 fato
2656 999 3007 1066 proveniunt,
3040 999 3144 1069 ipsi
3177 1010 3525 1070 cognoscant,

1957 1098 2155 1144 cuncta
2200 1090 2267 1143 de
2312 1097 2583 1144 astrorum
2631 1098 2783 1143 motu
2836 1090 3148 1160 signiﬁcant
3180 1106 3194 1144 :
3230 1102 3394 1160 atque
3423 1092 3530 1147 hoc

1957 1179 2129 1233 ferme
2171 1194 2366 1234 omnes
2392 1179 2774 1249 prodiderunt,
2822 1179 2917 1248 qui
2966 1180 3255 1236 mendaces
3286 1181 3372 1236 dei
3418 1197 3530 1238 non

1956 1281 2102 1327 sunt.
2141 1292 2159 1323 ι
2216 1273 2413 1327 Verum
2459 1287 2597 1340 quos
2640 1271 2746 1326 hoc
2794 1272 2916 1327 loco
2944 1273 3075 1327 deos
3107 1274 3361 1342 appellat,
3396 1274 3530 1331 deos

1959 1378 2150 1418 rursus
2178 1362 2396 1432 negavit
2419 1378 2541 1417 esse
2575 1379 2588 1415 :
2622 1378 2800 1432 neque
2832 1363 2937 1418 hoc
2957 1363 3111 1427 alibi,
3136 1364 3232 1418 sed
3255 1363 3309 1419 in
3333 1365 3529 1421 eodem

1960 1453 2119 1507 libro.
2151 1452 2368 1507 Etenim
2396 1468 2520 1506 cum
2551 1453 2820 1522 Apollinis
2848 1455 3131 1507 oraculum
3161 1456 3524 1524 exposuisset,

1958 1542 2106 1612 quod
2154 1543 2336 1606 docet,
2381 1558 2492 1612 quo
2531 1543 2642 1597 ritu
2676 1543 3034 1599 terrestribus
3082 1545 3382 1615 inferisque
3420 1547 3528 1601 diis

1958 1632 2377 1687 sacrificandum
2418 1634 2510 1696 sit,
2545 1649 2655 1704 quo
2674 1634 2804 1688 item
2837 1635 3082 1700 marinis,
3100 1652 3265 1705 supra
3294 1636 3531 1691 coelesti-

285 1726 436 1780 θύειν
468 1726 634 1791 θεοῖς,
665 1728 758 1780 καὶ
796 1726 913 1790 πῶς
942 1726 1039 1796 μὲν
1071 1729 1184 1797 τοῖς
1217 1726 1470 1792 ὲναλίοις,
1508 1728 1625 1791 πῶς
1659 1728 1716 1781 δὲ
1742 1731 1857 1792 τοῖς

1959 1723 2060 1778 bus
2085 1722 2247 1794 955
2275 1733 2331 1778 et
2364 1724 2649 1781 aetheriis:
2694 1725 2801 1780 hoc
2847 1726 2938 1779 ille
2994 1727 3277 1781 oraculum
3326 1726 3528 1782 refellit

283 1819 627 1890 ἐπουρανίοις
660 1819 753 1872 καὶ
776 1818 1059 1888 αἰθερίοις,
1084 1817 1347 1888 διελέγχει
1366 1817 1554 1872 τοῦτον
1575 1818 1651 1882 ὠς
1676 1819 1777 1872 οὐκ
1794 1815 1855 1872 εὖ

281 1911 478 1982 ἔχοντα
510 1911 600 1964 τὸν
618 1910 865 1981 χρησμὸν
881 1950 897 1975 ,
929 1929 949 1961 ι
970 1909 1046 1980 μὴ
1071 1911 1266 1982 χρῆναι
1287 1910 1511 1979 φάσκων
1540 1908 1695 1973 θεοὺς
1723 1911 1857 1963 ὑπο-

282 2000 582 2070 λαμϐάνειν
618 2001 744 2063 τοὺς
777 2003 896 2063 ταῖς
945 2000 1035 2054 διὰ
1067 2000 1221 2063 ζώων
1279 1986 1492 2063 θυσίαις
1534 1999 1853 2071 χαίροντας’

284 2088 552 2161 εῖναιγὰρ
582 2091 798 2144 πάντων
831 2090 1165 2145 ἀδικώτατον
1185 2093 1246 2144 τὸ
1271 2088 1581 2155 ζωοθυτεῖν,
1632 2093 1724 2145 καὶ
1761 2094 1857 2146 ἀν-

282 2184 452 2248 όσιον,
493 2184 587 2236 καὶ⁵
622 2183 882 2253 μυσαρὸν,
919 2184 1013 2237 καὶ
1056 2182 1317 2253 βλαϐερὸν
1340 2184 1408 2249 ⁸⁸,
1450 2184 1546 2236 καὶ
1572 2183 1662 2237 διὰ
1701 2185 1859 2239 τοῦτο

288 2274 425 2345 μηδὲ
452 2274 590 2337 θεοῖς
617 2274 930 2344 προσφιλές.
961 2293 980 2326 ι
1016 2270 1149 2329 Εἶτα
1171 2275 1262 2328 τὸν
1281 2276 1625 2347 Θεόφραστον
1647 2278 1856 2346 εἰσάγει

284 2363 621 2433 λέγοντα,ώς
650 2364 792 2427 θεοῖς
818 2366 915 2434 οὐχ
942 2364 1271 2434 ἁρμόξουσιν
1293 2366 1450 2418 αίδιά
1478 2366 1632 2430 ζώων
1650 2366 1854 2425 θυσίαι.

285 2457 424 2511 ἀλλᾶ
454 2456 700 2525 δαίμοσιν
730 2455 798 2510 ⁸³.
828 2456 1098 2526 κωμῳδεῖ
1122 2456 1179 2508 δὲ
1216 2457 1309 2509 καὶ
1334 2456 1432 2519 τὰς
1464 2456 1573 2509 τῶν
1615 2458 1859 2511 παλαιῶν

287 2544 589 2616 ἀνθρώπων
634 2543 856 2610 θυσίας,
906 2546 1001 2597 καὶ
1027 2542 1294 2613 διηγεῖται
1347 2544 1672 2615 παμπόλλας
1706 2544 1860 2617 παρὰ

288 2636 501 2691 πολλῶν
517 2635 910 2706 γεγενημένας.
939 2635 1175 2687 Ἔπειτα
1198 2634 1415 2699 διδάξας
1444 2636 1518 2698 ὡς
1548 2638 1597 2688 οἱ
1632 2639 1859 2708 πονηροὶ

286 2729 492 2793 ταύτας
523 2728 791 2781 τελεῖσθαι
829 2727 1080 2781 ἐκέλευον
1099 2726 1371 2796 δαίμονες,
1401 2728 1648 2798 ἐπήγαγε
1667 2745 1679 2758 ’
1708 2748 1727 2779 ι
1766 2729 1858 2782 Διδ

288 2820 509 2885 συνετὸς
541 2820 679 2891 ἀνὴρ
705 2818 809 2874 καῖ’
828 2818 1058 2890 σώφρων
1090 2819 1448 2891 εύλαόήσεται
1488 2819 1535 2851 ⁸*
1583 2820 1858 2884 τοιαύταις

287 2913 527 2985 χρῆσθαι
561 2911 794 2978 θυσίαις,
842 2910 911 2965 δι’
949 2904 1022 2964 ὧν
1070 2912 1441 2965 ἐπισπάσεται
1495 2911 1632 2983 πρὸς
1666 2910 1857 2966 ἑαυτὸν

285 3008 413 3070 τοὺς
434 3003 728 3069 τοιούτους,
768 3002 1059 3057 σπουδάσει
1099 3003 1145 3035 ³⁵
1165 3003 1221 3055 δὲ
1248 3002 1530 3072 καθαίρειν
1558 3001 1655 3073 τὴν
1680 3001 1855 3074 ψυχὴν

287 3097 556 3160 παντοίως
575 3112 590 3129 ο
621 3094 839 3166 καθαρᾷ
868 3094 975 3165 γὰρ
1000 3094 1146 3165 ψυχῇ
1174 3095 1273 3147 οὐκ
1290 3093 1642 3147 ἐπιτίθενται.
1667 3113 1684 3145 ι
1716 3094 1855 3148 Ἀλλ’

284 3193 318 3244 δ
344 3189 539 3253 Πύθιος
573 3186 833 3242 τάναντία
864 3186 940 3257 τῷ
984 3186 1030 3218 ⁸⁸
1069 3186 1363 3258 Πορφυρίῳ
1421 3185 1698 3254 νομοθετεῖ
1722 3200 1736 3213 ⁸
1766 3202 1859 3238 κε-

283 3280 437 3336 λεύει
461 3279 570 3350 γάρ
588 3278 665 3348 τῷ
692 3276 935 3349 χρησμὸν
981 3274 1280 3339 ἑξαιτοῦντι
1318 3271 1489 3340 λύτρα
1527 3272 1646 3324 τινά
1678 3272 1858 3327 δοῦναι

290 3372 369 3442 τῷ
386 3370 609 3441 πονηρῷ
643 3369 880 3437 δαίμονι,
907 3365 1038 3436 χοὰς
1063 3364 1157 3417 καὶ
1186 3361 1370 3431 πυρὴν
1398 3364 1491 3414 καὶ
1510 3358 1649 3431 αἷμα
1676 3362 1859 3415 κελαι-

288 3462 380 3515 νὸν
413 3463 456 3494 ⁸⁷
483 3461 578 3513 καὶ
599 3453 742 3512 οἶνον
772 3456 1106 3527 παμμέλανα
1123 3470 1138 3485 ο
1171 3454 1268 3506 καὶ
1292 3451 1519 3505 τοιαῦτα
1538 3452 1675 3506 ἅττα
1700 3469 1860 3523 προσ-

290 3552 427 3615 θεὶς,
460 3552 555 3605 καὶ
605 3548 770 3621 εὐχὴν
806 3547 872 3619 ἢν
910 3547 992 3600 δεῖ
1031 3544 1227 3599 θύοντα
1258 3545 1305 3577 ⁸⁸
1358 3544 1742 3615 προσενεγκεῖν
1769 3542 1857 3609 ὲξοο

289 3640 575 3695 επαίδευσε
595 3655 609 3669 ·

290 3840 514 3912 Δαῖμρν
541 3834 905 3912 clamem?
923 3834 969 3866 "
994 3831 1210 3912 ψυκῆν
1236 3827 1857 3912 emes-18997199-

303 3897 545 3978 Ἠἑρίων
557 3897 844 3973 ὐπέὶερθε
862 3921 941 3972 μυ
944 3897 1358 3972 χῶνζχθονίων
1371 3898 1422 3950 δ’
1443 3899 1488 3929 ’⁸
1500 3897 1856 3966 ἐφύπερθεν.

291 4020 405 4074 Καὶ
423 4016 666 4072 ταῦταδὲ
683 4016 730 4048 ⁸⁸
752 4016 782 4068 ὁ
806 4011 1114 4083 Πορφύριος
1142 4011 1199 4063 ὲν
1218 4007 1366 4079 αύτῷ
1394 4025 1458 4077 γε
1482 4006 1559 4078 τῷ
1575 4005 1860 4078 ξυγγράμ-

294 4124 435 4181 ματι
449 4105 685 4171 τέθεικε,
710 4102 896 4157 τοῦτον
918 4100 1206 4169 διελέγχων
1226 4098 1301 4161 ὡς
1328 4098 1428 4151 ούκ
1448 4096 1578 4151 ὄντα
1605 4097 1744 4158 θεὸν,
1767 4095 1860 4149 τὸν

290 4200 351 4254 δὲ
379 4201 575 4254 οἰκεῖον
608 4194 890 4267 κρατύνων
920 4193 1097 4261 λόγον,
1122 4191 1198 4253 ὡς
1220 4192 1319 4243 ούκ
1342 4190 1450 4242 εἰσὶ
1482 4188 1594 4242 θεοὶ
1619 4191 1739 4251 ταῖς
1766 4187 1860 4241 θυ-

294 4293 436 4355 σίαις
483 4290 534 4343 οῖ
561 4291 607 4321 ⁹¹
641 4287 938 4358 χαίροντες.
990 4283 1108 4337 Ἰνα
1154 4282 1212 4336 δὲ
1262 4284 1336 4355 μή
1370 4283 1419 4316 θ’
1473 4299 1556 4345 τις
1611 4283 1861 4354 ὑπολάϐῃ

1960 1821 2215 1883 tanquam
2242 1815 2510 1868 insulsum
2539 1832 2552 1868 :
2585 1833 2603 1865 ι
2636 1815 2778 1869 Deos
2805 1814 2994 1871 dicens
3013 1816 3327 1886 (Euselmv,
3346 1833 3401 1886 p.
3426 1819 3525 1873 M7

1957 1902 2022 1972 D)
2077 1918 2186 1957 non
2216 1918 2338 1958 esse
2368 1904 2783 1969 existimandos,
2832 1904 2927 1974 qui
2978 1906 3084 1960 sibi
3130 1906 3387 1961 animalia
3426 1908 3529 1962 im-

1956 1993 2151 2047 molari
2196 1994 2511 2065 gaudeant:
2547 2010 2669 2050 esse
2722 1995 2870 2049 enim
2918 1995 3231 2066 hujusmodi
3261 1999 3527 2054 sacrificia

1957 2099 2074 2138 rem
2091 2084 2524 2155 injustissimam,
2553 2086 2797 2156 impiam,
2822 2087 3268 2153 abominabilem,
3285 2090 3524 2157 noxiam,

1958 2174 2190 2244 ideoque
2235 2191 2339 2230 nec
2374 2176 2481 2231 diis
2515 2186 2743 2247 gratam.
2778 2196 2795 2227 ι
2842 2177 2981 2231 Tum
3007 2187 3063 2232 et
3088 2178 3527 2249 Theophrastum

1958 2266 2169 2321 inducit
2197 2266 2577 2333 afﬁrmantem,
2622 2269 2731 2324 diis
2767 2284 2877 2324 non
2924 2286 3226 2341 congruere
3260 2288 3528 2328 cwsorum

1959 2358 2277 2413 animalium
2330 2360 2619 2425 sacrificia,
2670 2361 2765 2416 sed
2821 2362 3183 2418 daemonibus.
3216 2364 3529 2433 Subsannat

1958 2446 2125 2501 etiam
2150 2448 2360 2517 priscas
2406 2450 2691 2504 hominum
2743 2453 3177 2517 immolationes,
3220 2456 3528 2525 multasque

1958 2539 2103 2607 apud
2149 2542 2351 2596 multos
2401 2550 2693 2610 usurpatas
2731 2553 3142 2600 commemorat.
3170 2546 3376 2601 Deinde
3400 2562 3528 2601 cum

1958 2628 2228 2682 malorum
2252 2629 2561 2684 daemonum
2586 2634 2740 2703 jussu
2774 2633 2889 2687 haec
2909 2633 3027 2687 fieri
3049 2636 3207 2690 solita
3228 2637 3528 2706 docuisset,

1959 2718 2193 2789 subjecit
2240 2721 2409 2790 (ibid.,
2458 2738 2513 2792 p.
2554 2723 2656 2777 ltiti
2696 2721 2795 2793 B):
2833 2742 2851 2774 ι
2880 2724 3091 2781 Idcirco
3113 2727 3354 2797 prudens
3393 2739 3532 2785 tem-

1946 2820 2288 2882 ‘peratusque
2315 2813 2400 2867 vir
2425 2815 2640 2869 cavebit
2667 2816 2746 2869 uti
2775 2815 3047 2886 ejusmodi
3072 2820 3376 2886 sacrificiis,
3406 2822 3531 2892 qui-

1958 2904 2062 2958 bus
2082 2903 2357 2959 daemonas
2375 2905 2440 2960 ad
2457 2920 2515 2960 se
2531 2906 2728 2960 trahat.
2752 2906 3005 2962 Studebit
3021 2917 3200 2963 autem
3218 2912 3395 2969 modis
3408 2928 3531 2969 om-

1958 2996 2121 3050 nibus
2152 2996 2388 3051 animam
2415 3014 2568 3052 suam
2596 3015 2829 3070 purgare
2860 3015 2875 3053 :
2910 3011 3193 3072 purgatam
3226 3004 3371 3058 enim
3405 3005 3531 3059 ani-

1960 3102 2103 3141 mam
2152 3103 2263 3141 non
2320 3088 2733 3158 aggrediuntur.
2764 3108 2785 3142 ι
2852 3087 2921 3145 At
2972 3093 3249 3147 contraria
3292 3096 3359 3148 iis
3408 3110 3533 3165 qua

1959 3177 2266 3247 Porphyrio
2313 3178 2592 3243 videntur,
2624 3180 2837 3250 legibus
2867 3180 2983 3236 suis
3018 3182 3243 3255 Pythius
3270 3185 3527 3241 instituit.

1956 3268 2123 3323 Jubet
2161 3268 2330 3330 enim,
2379 3278 2440 3323 ut
2489 3270 2584 3339 qui
2624 3271 2695 3324 ab
2741 3273 2964 3326 oraculo
3013 3290 3337 3344 responsum
3370 3279 3529 3347 petit,

1958 3359 2103 3411 malo
2136 3357 2371 3412 daamoni
2403 3359 2545 3413 dona
2582 3360 2832 3428 quaedam
2871 3364 2887 3380 ⁶
2916 3364 3229 3430 persolvat,
3266 3367 3529 3422 libamina

1958 3447 2234 3511 videlicet,
2260 3462 2578 3517 pyramque,
2603 3456 2660 3502 et
2691 3455 2871 3501 atrum
2892 3465 3170 3515 cruorem,
3204 3454 3531 3525 nigrumque

1958 3537 2147 3591 vinum
2180 3554 2194 3590 :
2233 3536 2463 3605 aliisque
2516 3536 2569 3590 id
2620 3552 2795 3606 genus
2847 3538 3095 3608 adjectis,
3130 3555 3323 3609 preces
3360 3543 3530 3597 etiam

1959 3624 2166 3690 docuit,
2214 3640 2335 3694 quae
2380 3641 2412 3681 a
2459 3625 2803 3681 sacrificante
2841 3627 3076 3697 proferri
3111 3629 3313 3686 debent
3374 3633 3560 3703 (Eus.,

1958 3723 2108 3786 ibid.,
2136 3721 2335 3792 p.168)
2362 3739 2376 3776 :

2066 3834 2304 3909 Daemon,
2336 3837 2426 3906 qui
2456 3843 2640 3909 nactus
2672 3846 2976 3907 peccantum
3016 3851 3176 3909 regna
3204 3841 3528 3907 animarum,

2065 3903 2363 3959 Convexuni
2397 3905 2511 3960 caeli
2532 3903 2729 3972 subter,
2755 3915 2910 3962 terra,
2936 3916 2986 3961 et
3007 3903 3165 3979 super
3192 3910 3388 3963 orbem.

1959 4015 2136 4086 Atque
2154 4015 2272 4071 haec
2294 4016 2633 4087 Porphyrius
2664 4016 2719 4071 in
2749 4018 2942 4073 eodem
2962 4019 3104 4073 libro
3123 4019 3361 4090 scripsit,
3384 4021 3532 4078 hunc

1960 4104 2259 4159 ostendens
2295 4103 2461 4175 956
2501 4106 2671 4160 Deum
2718 4120 2828 4160 non
2882 4121 3024 4172 esse,
3070 4122 3338 4178 suamque
3382 4110 3532 4165 illam

1961 4198 2289 4251 sententiam
2332 4197 2718 4267 conlprobans,
2762 4197 2895 4252 deos
2914 4214 3024 4252 non
3049 4214 3169 4253 esse
3196 4201 3288 4269 qui
3323 4202 3534 4255 sacrifi-

1962 4288 2062 4342 ciis
2085 4287 2374 4359 gaudeant.
2401 4288 2479 4342 Ne
2501 4288 2625 4358 quis
2648 4297 2830 4346 autem
2862 4290 3129 4360 suspicari
3170 4293 3362 4360 possit,
3397 4292 3535 4345 falso

291 4381 465 4436 ταῦτα
482 4378 690 4449 ψευδῶς
718 4376 876 4431 αὑτὸν
903 4375 948 4408 ⁸⁵
971 4373 1336 4437 διαπλάττειν,
1361 4374 1520 4443 ὅρκον
1545 4372 1858 4442 προτέθεικε

1963 4379 2081 4434 luec
2129 4380 2282 4433 illum
2333 4378 2557 4448 lingere,
2605 4381 2991 4451 jusjurandum
3037 4381 3222 4436 verbis
3280 4381 3537 4451 apposuit

294 4473 390 4526 τοῦ
420 4472 865 4541 ξυγγράμματος.
890 4468 1057 4531 «Τοὺς
1083 4467 1239 4530 θεοὺς
1259 4468 1386 4538 γάρ,
1413 4465 1538 4536 ἔφη,
1563 4464 1864 4536 διαμαρτύο

301 4580 484 4636 ρομαι,
512 4564 584 4626 ὡς
613 4563 762 4616 οὐδὲν
789 4562 911 4614 οὔτε
937 4560 1299 4631 προστέθεικα
1317 4599 1331 4622 ,
1362 4558 1486 4612 οὔτε
1513 4561 1734 4627 ἀφεῖλον
1757 4558 1864 4613 τῶν

297 4654 643 4727 χρησθέντων
673 4653 962 4723 νοημάτων
982 4669 996 4683 °
1025 4652 1073 4703 εί
1105 4651 1178 4720 μή
1204 4667 1257 4701 τι
1278 4651 1325 4682 ⁸⁵
1355 4649 1500 4713 λέξιν
1539 4651 1867 4719 ἡμαρτημέ-

294 4763 394 4816 νην
417 4743 723 4814 διώρθωσα,
757 4741 791 4811 ἢ
827 4740 964 4810 πρὸς
1000 4740 1060 4792 τὸ
1090 4738 1423 4808 σαφέστερον
1457 4737 1862 4807 μεταϐέϐληκα,

297 4835 333 4903 ἢ
364 4834 425 4886 τὸ
470 4833 666 4903 μέτρον
698 4830 937 4883 ἐλλεῖπον
971 4828 1351 4899 άνεπλήρωσα.
1387 4847 1405 4878 ι
1441 4828 1537 4880 Διὰ
1567 4827 1623 4879 δὲ
1656 4827 1863 4881 τούτων

300 4926 393 4978 καὶ
431 4922 673 4994 ἀμαθίαν
703 4923 798 4975 τοῦ
844 4921 1048 4974 Πυθίου
1097 4925 1411 4989 κατηγορεῖ.
1446 4919 1521 4972 Ού
1560 4920 1664 4991 γάρ
1700 4922 1859 4990 μόνον

298 5014 398 5078 τὰς
421 5012 810 5084 ἡμαρτημένας
856 5011 1133 5081 διώρθωσε
1170 5011 1374 5077 λέξεις,
1408 5011 1501 5064 καὶ
1545 5016 1731 5080 σαφεῖς
1765 5013 1865 5075 τάς

1964 4467 2187 4537 (Euseb.
2217 4467 2277 4520 P.
2300 4467 2391 4531 E.,
2427 4484 2499 4533 ιν,
2524 4485 2579 4539 p.
2609 4470 2709 4523 11ιὸ
2737 4471 2824 4541 D).
2876 4491 2894 4522 «
2931 4472 3070 4526 Deos
3107 4479 3295 4536 testor,
3334 4473 3532 4541 inquit,

1965 4572 2144 4625 neque
2168 4555 2443 4611 addidisse
2473 4572 2559 4612 me
2580 4558 2899 4628 quidquam,
2920 4576 3099 4630 neque
3134 4562 3434 4632 dempsisse
3468 4563 3536 4618 de

1964 4649 2312 4702 oraculorum
2337 4648 2606 4703 sententia
2638 4667 2650 4701 :
2682 4648 2787 4702 nisi
2810 4649 2949 4705 forte
2979 4652 3179 4707 alicubi
3213 4653 3536 4708 mendosum

1964 4739 2197 4793 verbum
2246 4739 2482 4803 correxi,
2538 4747 2635 4793 aut
2685 4739 3024 4796 immutando
3066 4743 3269 4798 clarius
3293 4743 3417 4809 feci,
3442 4753 3538 4800 aut

1967 4830 2114 4901 quod
2155 4829 2443 4884 deficiebat
2484 4839 2720 4884 metrum
2749 4831 3015 4900 supplevi.
3046 4851 3064 4884 ι
3105 4832 3318 4900 Quibus
3349 4817 3536 4890 verbis

1968 4919 2291 4991 ignorantiae
2339 4935 2557 4989 quoque
2614 4921 2866 4993 Pythium
2922 4933 3164 4978 accusat.
3206 4924 3324 4979 Non
3357 4927 3535 4981 solum

1966 5012 2114 5067 enim
2135 5011 2435 5067 dictionum
2454 5027 2671 5068 errores
2692 5014 2950 5082 correxit,
2973 5023 3029 5069 et
3049 5030 3170 5085 qua:
3190 5008 3537 5073 obscuriores

1605 5143 1841 5198 VAIIIIE
1870 5141 2273 5198 LECTIONES.

374 5260 421 5333 Ῐτ
442 5258 581 5333 [καὶ]
604 5275 717 5333 οιι]ἐ
745 5259 903 5333 B_,_C.
935 5268 1059 5333 ante
1087 5259 1247 5333 κατά.
1324 5260 1371 5333 7f
1394 5258 1790 5333 ἐμαρτύρησεν.
1823 5262 2089 5333 μαρτυρεῖ
2114 5260 2179 5333 Β.
2235 5258 2307 5333 Δί’
2339 5258 2597 5333 ᾄπαντες.
2629 5258 2827 5333 ¹πάντες

1523 5327 1684 5401 wing;
1717 5327 1833 5401 om.
1984 5400 1987 5401 ν
2012 5329 2057 5361 θ’
2102 5331 2194 5382 καὶ
2230 5327 2485 5401 βλαϐερὸν
2512 5328 2754 5401 om._Vb.
2851 5330 2898 5361 ⁸³
2926 5331 3060 5384 ἀλλὰ
3090 5334 3339 5401 δαίμοσιν
3377 5327 3432 5388 in
3476 5336 3537 5389 Β.

303 5332 348 5366 ⁸¹
383 5329 525 5453 [κᾶὶᾶ
541 5329 649 5384 om.
687 5331 746 5384 Β.
787 5330 907 5385 Mox
943 5330 1058 5393 πῶς
1096 5330 1151 5382 δὲ
1199 5333 1309 5393 τοῖς
1351 5331 1487 5399 ύποχ

303 5411 446 5453 nost.
527 5401 691 5453 υσίαι.
747 5400 868 5453 Mox
901 5399 1347 5453 ἀνθρωποθυσίας
1399 5398 1486 5453 Sir

341 5411 422 5456 OSl
433 5442 446 5455 .

3019 5263 3063 5295 ⁸ο
3088 5264 3401 5328 λτεθεικότος
3429 5265 3532 5321 Vb.

527 5401 691 5472 μαῖαι,
747 5400 868 5455 Mox
901 5388 1347 5472 ἀνθρωποθυσίας
1374 5388 1604 5472 μεὶἶῐιικν
1634 5388 1679 5432 εί
1710 5398 2205 5472 ιεύλαϐηθῄσεταιε-
2230 5388 2592 5472 εὐλαδζήσεται
2735 5414 2880 5472 (ὶιλιῐῐιΔ
2904 5401 3104 5472 Porph.
3155 5388 3309 5458 Ᾱιιδι.
3355 5404 3418 5457 ΙΙ.

330 5473 350 5503 ⁵
379 5470 722 5534 σπουδάσεις.
764 5462 1053 5524 σπουδάσει
1084 5467 1178 5539 va.
1255 5468 1299 5501 ⁸⁸
1327 5462 1406 5539 τῷ
1435 5486 1543 5523 οιη.
1574 5469 1634 5523 Β.
1705 5462 1753 5539 έξῖ
1775 5462 2035 5539 κελαινόν.
2091 5469 2141 5539 κέ
2166 5467 2341 5539 ἔλαιον
2378 5462 2510 5539 (ΓιζήΔ
2534 5467 2825 5539 “Domita.
2862 5462 3038 5523 θύοντί
3078 5472 3137 5532 Β,
3169 5472 3267 5528 Va.
3360 5474 3406 5506 ⁸9
3443 5474 3538 5527 δα-

303 5540 942 5610 τυονδαίμοναλιτρονὸων
994 5539 1053 5610 Β.
1082 5609 1085 5610 ν
1112 5538 1342 5610 δαίμονα
1368 5536 1663 5609 λυτρονόων
1712 5538 2034 5610 ὙλᾹδαίμον
2076 5536 2406 5610 αάλιτρονόων
2593 5536 2712 5610 Mox
2749 5537 2976 5610 χθονίων
3012 5541 3056 5593 δ’
3080 5542 3172 5596 Va.
3220 5542 3264 5595 δ’
3292 5558 3400 5597 om.
3434 5544 3534 5598 Vb.

304 5610 349 5643 ’°
374 5611 418 5663 δ’
456 5626 565 5665 om.
595 5611 656 5665 (Σ.

306 5694 377 5734 τι.
421 5681 468 5734 εἰ
506 5682 580 5751 μή
611 5697 730 5732 τινα
753 5680 849 5741 Va,
878 5679 925 5730 εί
952 5678 1023 5747 μή
1056 5694 1156 5729 που
1192 5677 1292 5739 γι),
1314 5676 1514 5733 Euseb.

623 5771 893 5831 Ριτιιοῐ..
938 5772 1052 5830 Gtt.
1100 5770 1390 5831 LXXXIII

829 5608 1013 5685 ταυτα¹
1034 5609 1111 5660 δέ.
1139 5608 1391 5685 ταύτὰ-γε
1424 5605 1481 5685 Il.
1557 5610 1602 5642 η
1628 5611 1697 5662 οἱ.
1721 5610 1780 5662 οὐ
1811 5607 1872 5663 C.
1942 5605 1994 5637 ’³
2020 5608 2114 5677 μή.
2144 5607 2202 5659 ού
2234 5609 2306 5676 μή
2350 5623 2430 5671 τις
2455 5606 2555 5660 Vb.
2628 5605 2671 5637 ⁸⁸
2703 5605 2862 5662 αὑτὸν
2890 5626 2998 5666 om.
3033 5611 3093 5676 Β,
3122 5612 3219 5667 Va.
3297 5614 3342 5644 9‘
3375 5614 3421 5665 εἰ
3463 5614 3538 5685 μή

3120 5767 3193 5830 34
