3974 6196
554 210 684 278 ιοτι

1531 212 2017 274 THEODORETI
2055 211 2391 271 EPISCOPI
2429 211 2789 271 CYRENSIS

3633 214 3762 277 1072

552 325 786 382 mendax
808 325 1006 380 timens
1027 322 1389 394 deprehendi.
1405 322 1614 378 Similis
1633 337 1764 376 vero
1792 330 1874 376 est
1903 320 2102 375 oraculi

2213 319 2518 391 ἀμφιϐόλῳ,
2542 319 2634 372 τοῦ
2665 319 2892 388 ψεύδους
2928 318 2997 370 τὰ
3035 317 3212 390 φώρια
3238 320 3282 352 ⁸³
3310 321 3630 391 δειμαίνων,
3667 327 3764 379 lla-

549 433 766 490 quoque
796 417 919 470 ﬁnis
943 432 956 470 :

549 529 592 583 0
619 526 874 590 Salamis,
906 535 955 580 et
986 533 1040 579 tu
1069 525 1349 579 mulierum
1379 526 1598 594 pignora
1630 522 1831 594 perdes,

547 605 655 656 Aut
683 614 800 650 cum
833 595 967 650 lecta
1005 594 1159 656 Ceres
1189 597 1312 657 coit,
1359 591 1452 647 aut
1495 610 1614 646 cum
1632 591 1913 662 spargitur
1943 591 2106 660 agris.

494 701 498 706 '
545 709 836 779 ignorabat
859 708 1026 771 enim,
1051 715 1112 762 ut
1139 705 1398 768 ostendit,
1421 704 1527 758 utri
1551 704 1730 758 casuri
1755 711 1957 766 essent,
1976 702 2108 756 Per-

491 799 498 863 ξ
546 813 691 851 sane
720 812 787 850 an
817 796 1180 850 Athenienses
1213 813 1226 847 :
1253 802 1417 863 atque
1448 792 1654 846 idcirco
1680 792 1943 845 mulieres
1967 790 2108 844 dun-

491 873 498 952 ξ
547 894 693 940 taxat
730 886 1065 950 nominavit,
1107 885 1325 938 illarum
1355 898 1488 937 vero
1525 892 1739 952 gentem
1770 881 2109 951 patriamque

490 965 498 1025 ί
546 976 833 1032 subticuit.
875 977 969 1030 Illa
1006 985 1269 1046 praeterea
1311 993 1324 1028 :

549 1130 562 1142 .
609 1128 624 1144 .
672 1129 684 1142 .
718 1105 836 1142 cum
867 1088 1000 1142 lecta
1031 1087 1185 1142 Ceres
1214 1088 1334 1149 coit,
1382 1095 1474 1140 aut
1498 1101 1613 1138 cum
1641 1085 1914 1153 spargitur
1943 1083 2106 1152 agris,

544 1201 712 1256 verba
765 1208 894 1254 sunt
944 1199 1188 1253 victorize
1236 1207 1452 1266 tempus
1500 1195 1720 1265 penitus
1780 1190 2104 1261 ignorantis.

541 1293 817 1350 Caeterum
863 1291 953 1344 hic
981 1289 1216 1358 quidem
1251 1292 1267 1307 ‘
1299 1285 1697 1340 Themistocles
1730 1281 2020 1352 prudentia
2053 1285 2108 1334 et

543 1383 869 1438 fortitudine
901 1397 998 1435 sua
1024 1380 1228 1443 ell'ecit,
1271 1393 1341 1432 ne
1389 1377 1598 1431 oraculi
1653 1375 1860 1428 falsitas
1918 1381 2107 1442 aperte

542 1481 867 1527 nosceretur
898 1488 911 1523 :
949 1486 1058 1524 non
1086 1479 1267 1523 tamen
1317 1468 1551 1522 miseros
1586 1464 1967 1527 Athenienses,
2011 1463 2106 1516 sed

544 1563 732 1617 felices
780 1561 1038 1615 ostendit.
1095 1557 1522 1613 Lacedaemoniis
1579 1571 1713 1609 vero
1771 1562 1826 1608 et
1873 1553 2103 1617 Cnidiis,

2216 410 2512 480 ραπλήσιον
2545 411 2603 463 δὲ
2630 411 2722 462 xui
2751 409 2883 462 αὐτὸ
2910 409 3002 460 τοῦ
3034 410 3280 479 χρησμοῦ
3309 412 3368 463 τὸ
3395 413 3556 476 τέλος
3584 434 3599 443 -

2209 515 2283 593 ﬁt)
2308 522 2435 574 θεία
2450 520 3002 593 Σαλαμίςηὰπολεῖς
3024 521 3093 593 δὲ
3114 522 3194 574 σὺ
3225 522 3404 593 τέκνα
3435 528 3738 593 γυναικῶν
3753 570 3764 592 ι

2216 589 2285 642 Ἦ
2315 605 2432 643 που
2461 589 2860 658 σκιδναμένης
2889 590 3244 659 Δημήτερος,
3278 592 3315 659 ἢ
3345 589 3714 664 συνιούσης.

2224 698 2436 765 Ἦγνόει
2457 697 2565 768 γάρ
2583 714 2708 759 που,
2725 697 2799 760 ὡς
2825 697 3013 762 ἔδειξε,
3040 699 3165 762 τοὺς
3193 700 3648 771 τεθνηξομένους,
3669 707 3764 760 εἴτε

2212 789 2416 858 Πέρσαι
2473 783 2602 850 εἷεν,
2644 787 2750 840 εἴτε
2803 786 3094 857 Ἀθηναῖοι.
3150 787 3248 840 Διά
3289 789 3446 842 τοῦτο
3495 794 3766 858 γυναικῶν

2209 880 2457 950 ἐμνήσθη
2493 879 2688 949 μόνων,
2725 878 2786 931 τὸ
2821 877 2880 931 δὲ
2922 859 3144 932 τούτων’
3167 877 3318 943 ἔθνος
3364 879 3622 951 ἐσίγησε.
3672 885 3765 938 Καὶ

2217 971 2298 1036 τὸ,

2363 1123 2377 1138 .
2421 1124 2434 1138 .
2475 1084 2879 1153 σκιδναμένης
2902 1084 2956 1136 δὲ
2979 1085 3311 1154 Δημήτερος
3337 1087 3374 1155 ἢ
3405 1088 3762 1153 συνιούσης,

2210 1198 2528 1268 ἀγνοοῦντός
2573 1200 2690 1251 ἐστι
2748 1198 3026 1262 παντελῶς
3073 1199 3164 1252 τὸν
3208 1199 3309 1268 τῆς
3345 1199 3509 1270 νίκης
3569 1201 3762 1270 καιρόν.

2210 1291 2359 1344 .Ἀλλ’
2391 1289 2624 1343 ἐνταῦθα
2673 1289 2769 1359 μὲν
2799 1291 2828 1342 6
2865 1289 3254 1360 Θεμιστοκλῆς,
3296 1292 3389 1342 xui.
3423 1290 3644 1355 ξυνέσει
3687 1297 3765 1345 καὶ

2208 1381 2427 1453 ἀνδρεία
2446 1382 2493 1414 ⁵⁵
2525 1385 2891 1454 χρησάμενος,
2926 1384 3026 1436 οὐκ
3051 1382 3201 1437 είασε
3229 1383 3322 1436 τοῦ
3349 1385 3613 1455 χρησμοῦ
3647 1403 3764 1436 παν-

2207 1472 2374 1533 τελῶς
2410 1473 2782 1544 διελεγχθῆναι
2816 1473 2875 1524 τὸ
2903 1472 3100 1542 ψεῦδος
3124 1490 3138 1505 ο
3181 1475 3241 1527 οὐ
3279 1475 3385 1544 μὴν
3416 1475 3517 1529 xui
3551 1475 3765 1545 μελέους

2208 1562 2331 1624 τοὺς
2367 1562 2702 1631 Ἀθηναίους,
2729 1562 2846 1615 ἀλλ’
2869 1563 3190 1632 εὐδαίμονας
3207 1562 3394 1629 ἔδειξε.
3430 1565 3765 1633 Λακεδαιμο-

542 1653 790 1724 ejusdem
843 1651 1088 1713 oracula,
1147 1649 1268 1703 aliis
1311 1649 1556 1710 cladem,
1616 1647 1739 1700 aliis
1789 1643 2102 1698 servitutem

2213 1651 2344 1712 νίοις
2371 1652 2429 1704 δὲ
2466 1654 2561 1706 xui
2611 1653 2851 1716 Κνιδίοις
2883 1654 2933 1705 οἱ
2988 1654 3178 1706 τούτου
3235 1654 3479 1723 χρησμοὶ
3528 1657 3645 1717 τοῖς
3682 1656 3766 1723 μὲν

541 1745 865 1798 attulerunt.
927 1735 1184 1809 Idemque
1224 1739 1470 1810 Lycurgo
1511 1734 1806 1807 legislatori
1851 1748 1908 1788 se
1936 1733 2107 1802 .leges

536 1836 666 1890 illas
692 1833 1101 1889 crudelissimas
1145 1830 1674 1897 obscenissimasque
1723 1827 1957 1880 dictasse
1994 1825 2108 1895 glo-

531 1927 739 1980 riatur.
767 1919 1009 1994 Delphos
1040 1921 1188 1978 enim
1219 1919 1462 1990 profecto
1489 1920 1604 1973 hazc
1636 1917 1836 1973 cecinit
1865 1933 1876 1968 :

539 2133 718 2196 'Salve,
743 2138 923 2185 nostra
952 2127 1089 2184 subis
1119 2129 1448 2251 qui-[ingnia
1479 2122 1694 2208 templa,
1715 2123 1964 2193 Lycurge,

539 2202 848 2251 'Subdnbito.
871 2201 1016 2251 deus.
1049 2216 1118 2251 an
1150 2216 1219 2251 mi
1259 2215 1275 2249 ι
1303 2215 1373 2251 sis
1405 2196 1644 2249 mortalis
1673 2194 1938 2247 habendus

534 2194 848 2265 'Subdubito,
871 2201 1016 2264 deus,
1049 2194 1276 2252 an'miln'
1303 2194 1373 2251 sis
1405 2194 1644 2249 mortalis
1673 2194 1938 2247 habendus
1971 2209 1989 2246 :

543 2271 714 2326 Claare
741 2271 876 2335 Jovi,
896 2277 943 2323 et
971 2270 1194 2338 superis,
1225 2269 1314 2338 qui
1343 2265 1455 2319 coeli
1484 2273 1618 2338 tecta
1649 2265 2002 2338 frequentant.

542 2340 645 2394 Sed
675 2343 840 2407 magis
864 2333 977 2393 esse
1005 2333 1187 2400 deum,»
1209 2333 1382 2407 spero,
1413 2333 1734 2407 quisancta,
1765 2333 2021 2407 Lycurge,

540 2409 702 2479 96],
742 2401 1053 2478 Iurapetas
1086 2424 1104 2462 :
1136 2401 1248 2462 ιὶὁϊ
1255 2407 1387 2476 jura
1424 2401 1559 2457 dabo
1601 2401 1836 2472 legesque
1867 2401 2104 2454 libenter.

542 2591 742 2658 Quales
762 2605 894 2644 vero
923 2589 1070 2658 leges
1095 2587 1185 2642 hic
1217 2587 1426 2653 tulerit,
1459 2587 1514 2641 in
1541 2584 1825 2656 superiore
1853 2596 2107 2637 sermone

543 2681 904 2736 ostendimus.
943 2678 1198 2748 Hospites
1231 2678 1379 2732 enim
1420 2676 1622 2731 ﬁnibus
1665 2674 1795 2745 pelli
1827 2672 2103 2744 praecepit,

540 2788 950 2846 puerorumque
1003 2771 1236 2825 lascivos
1291 2785 1530 2833 amores,
1584 2776 1640 2823 et
1702 2766 1920 2821 illicitos
1979 2781 2108 2820 eon-

542 2879 765 2937 gressus
801 2879 927 2919 cum
974 2861 1193 2916 feminis
1224 2861 1494 2931 permisit,
1543 2868 1600 2914 et
1645 2859 1793 2929 leges
1835 2857 2108 2926 nuptiales

2209 1738 2398 1838 ἧτταν,
2431 1746 2543 1806 τοῖς
2581 1743 2637 1796 δὲ
2672 1743 2915 1798 δουλείαν
2959 1743 3351 1814 προύξένησαν.
3383 1745 3693 1814 Λυκούργῳ
3718 1747 3766 1798 δὲ

2207 1834 2286 1904 τῷ
2313 1834 2746 1904 νομοθέτῃ,τοὺς
2780 1835 3096 1906 ὠμοτάτους
3141 1837 3380 1899 ἐκείνους
3429 1837 3528 1890 xui.
3559 1841 3766 1906 αἰσχροο
3867 1834 3869 1904 Ῐ

2207 1927 2405 1989 τάτους
2451 1926 2648 1996 νόμους
2693 1925 2982 1980 δεδωκέναι
3022 1929 3068 1959 ⁸⁵
3111 1927 3497 1998 φιλοτιμεῖταις
3535 1927 3630 1989 Εἰς
3671 1928 3766 1996 γὰρ

2210 2017 2446 2087 Δελφοὺς
2471 2017 2785 2088 ἀφικομένῳ
2818 2018 2992 2070 ταῦτα
3017 2017 3125 2088 ἔφη
3144 2036 3156 2049 ·

2211 2127 2508 2208 "ﬂuerent;
2537 2133 2856 2208 Λυκόερτε,
2894 2130 3042 2208 ἐμόν
3064 2131 3208 2208 Δποτὶ
3239 2131 3422 2208 κίονα
3452 2131 3616 2208 νηὸν
3639 2130 3704 2190 ⁸⁸,

2209 2203 2354 2266 Ζηνί
2387 2202 2562 2269 φίλος
2593 2201 2690 2253 καί
2718 2200 2908 2254 πᾶσιν
2941 2201 3231 2266 Ὀλύμπια
3258 2200 3471 2267 δώματ’
3503 2202 3730 2267 ἔχουσι.

2209 2271 2346 2331 Δίζω
2368 2273 2412 2303 ⁵⁷
2444 2271 2481 2338 ἤ
2516 2287 2589 2323 σε
2615 2272 2752 2324 θεὸν
2771 2269 3204 2336 μαντεύσομαι,
3251 2269 3287 2336 ἣ
3321 2270 3662 2338 ἄνθρωπον.

2223 2342 2372 2393 Ἀλλ’
2397 2335 2483 2394 ἔτι
2509 2340 2607 2392 καὶ
2636 2335 2883 2407 μᾶλλον
2906 2339 3045 2390 θεὸν
3075 2335 3330 2406 ἔλπομαι
3351 2355 3364 2368 ο
3386 2335 3760 2404 ὧΛυκόερτε.

2208 2409 2406 2531 Ξζῖεις
2432 2406 2724 2477 εὐνομίην
2762 2406 3104 2475 διζήμενος·
3139 2409 3326 2476 αὐτὰρ
3363 2409 3481 2476 ἐγώ
3503 2407 3657 2479 [Ml]
3691 2422 3760 2460 τοι

2251 2496 2296 2529 ω
2342 2496 2406 2530 ω.

2221 2590 2470 2652 Ὀποίους
2501 2588 2558 2642 δὲ
2582 2581 2735 2653 οὗτος
2762 2587 2974 2642 τέθεικε
3005 2588 3224 2658 νόμους,
3259 2589 3317 2640 ὲν
3346 2590 3414 2658 τῇ
3437 2587 3550 2659 πρὸ
3577 2586 3762 2656 ταύτης

2208 2680 2588 2752 δεδηλώκαμεν
2627 2680 2670 2711 ⁸⁸
2713 2679 2971 2743 διαλέξει.
3003 2677 3334 2748 Ξενηλασίας
3378 2679 3490 2750 γὰρ
3527 2678 3761 2749 ὲνομοθέ·

2207 2790 2361 2841 τησε,
2387 2773 2482 2824 xui.
2511 2771 2716 2824 παίδων
2739 2770 2951 2841 ἔρωτας
2979 2770 3334 2834 ἀκολάστους,
3366 2773 3463 2824 xui
3502 2768 3761 2838 γυναικῶν

2207 2862 2421 2932 ὁμιλίας
2464 2862 2754 2930 ἀθέσμους,
2801 2861 3052 2924 καὶτοὺς
3088 2861 3391 2932 γαμηλίους
3433 2862 3757 2931 ἀνατέτραφε

542 2957 762 3014 evertit.
796 2954 1375 3024 Sapientissimusque,
1409 2960 1466 3006 et
1493 2951 1713 3005 musica:
1740 2948 2102 3018 peritissimus

2209 2951 2424 3020 νόμους.
2459 2949 2596 3002 Ἀλλ’
2629 2951 2656 3000 6
2688 2940 2995 3018 σοφώτατος
3021 2950 3113 3000 xui
3145 2947 3554 3018 μουσικώτατος
3587 2949 3760 3017 μάντις

537 3053 726 3106 .vates.
798 3044 994 3096 barum
1059 3056 1118 3095 se
1180 3041 1360 3110 legum
1428 3039 1770 3093 inventorem
1825 3035 2103 3106 praedicat,

517 3133 813 3200 deumque
846 3129 1083 3200 appellat
1109 3129 1204 3199 qui
1238 3144 1331 3184 eas
1366 3127 1744 3198 promulgarit,
1769 3135 1825 3181 et
1853 3125 2107 3196 ignorare

541 3219 948 3283 secontitetur,
995 3219 1230 3274 deumne
1272 3234 1344 3273 an
1388 3217 1668 3272 hominem
1701 3215 1854 3270 illum
1894 3220 2054 3268 vocet
2087 3229 2103 3267 :

540 3311 799 3384 quodque
819 3309 1201 3364 honorabilius
1219 3318 1340 3363 erat
1361 3307 1492 3363 dare
1517 3307 1596 3361 illi
1618 3322 1742 3361 cum
1775 3306 1960 3369 vellet,
1993 3319 2106 3359 non

534 3403 695 3467 dedit
723 3410 982 3471 tanquam
1005 3400 1173 3467 ;deus,
1211 3400 1308 3454 sed
1329 3415 1479 3470 spero
1508 3397 1666 3462 dixit,
1702 3397 1969 3452 utbomo.
2004 3393 2105 3450 Hic

539 3496 685 3551 idem
714 3502 769 3550 et
796 3495 1074 3549 Laconum
1102 3493 1362 3547 mulieres
1395 3490 1602 3554 laudat,
1637 3490 1869 3544 licenter
1894 3503 1950 3543 se
1977 3501 2102 3542 cum

528 3586 875 3657 quibuslibet
908 3584 1042 3639 viris
1066 3583 1507 3639 commiscentes.
1542 3580 1634 3635 Ait
1657 3580 1807 3634 enim
1843 3597 1856 3632 :

606 3700 838 3765 Urbibus
868 3700 923 3751 in
955 3699 1153 3750 cunctis
1182 3697 1310 3766 Argi
1343 3695 1634 3766 laudantur
1665 3711 1682 3748 :
1711 3709 1968 3766 equarum

609 3763 833 3823 Thracia
865 3769 962 3836 fert
995 3763 1545 3836 palinam,inulierum
1573 3772 1716 3816 terra
1739 3763 2029 3836 Laconum,

602 3831 1024 3904 Laudanturque
1052 3836 1151 3887 viri
1181 3831 1271 3902 qui
1300 3842 1483 3903 potant
1514 3833 1708 3902 fontem
1738 3831 2028 3884 Arethusia.

537 3951 686 4005 ldem
717 3965 934 4020 quoque
961 3947 1371 4010 Archilochum,
1409 3944 1503 4014 qui
1543 3943 1970 3998 obscenissimus
1997 3942 2102 3996 fuit

535 4048 717 4110 poeta,
759 4039 1179 4094 celeberrimum
1223 4037 1458 4100 vocavit,
1508 4044 1564 4089 et
1597 4035 1961 4089 immortalem
2000 4049 2098 4102 pa-

538 4131 716 4200 trique
746 4131 892 4185 illius
918 4130 1023 4186 hoc
1044 4143 1368 4198 responsum
1389 4126 1540 4181 dedit
1567 4144 1580 4178 :

603 4239 933 4294 Immortalis
964 4241 1062 4292 erit
1094 4238 1184 4291 tibi
1211 4237 1377 4305 ﬁlius,
1411 4254 1440 4289 ο
1470 4235 1760 4300 Telesicles,

595 4306 848 4364 Mortales
875 4311 1014 4364 inter
1041 4306 1405 4361 celeberrimus
1434 4322 1598 4374 usque
1626 4305 1852 4375 futurus.

516 4491 690 4562 962
713 4490 1006 4544 Homerum
1036 4495 1217 4542 autem
1247 4487 1326 4541 sic
1349 4485 1542 4541 atratus
1575 4493 1658 4541 est
1690 4503 1702 4537 :

525 4601 574 4658 0
598 4603 730 4656 idem
763 4601 909 4671 felix,
940 4600 1177 4670 idemque
1207 4601 1516 4663 miserrime,

526 4714 632 4769 hoc
656 4712 898 4783 quidem,
941 4720 1166 4782 pr0pter
1188 4711 1448 4766 excitatis
1471 4724 1682 4771 casum,
1719 4707 1853 4762 illud
1881 4719 2088 4775 autem,

526 4813 753 4875 propter
777 4804 969 4874 poesin
1007 4803 1074 4857 ab
1104 4818 1170 4858 eo
1200 4802 1579 4872 compositam,
1612 4816 1774 4870 quam
1805 4802 2091 4856 exactissi-

526 4910 668 4948 mam
692 4895 948 4964 opinatus
991 4901 1096 4956 est,
1143 4893 1213 4946 ob
1256 4907 1420 4961 quam
1471 4907 1597 4945 eum
1647 4891 1864 4945 censuit
1915 4893 2089 4957 Plato,

526 4985 885 5038 hirundinum
914 4984 1099 5047 modo,
1130 4991 1410 5052 unguento
1449 4997 1733 5049 aspersum
1762 4985 1779 5002 ‘
1808 4998 1838 5036 e
1869 4982 2090 5038 civitate

521 5091 625 5146 sua
664 5075 994 5146 exigendum
1031 5089 1172 5129 esse.
1216 5075 1316 5128 llic
1354 5082 1410 5128 et
1458 5072 1699 5143 pugilem
1737 5072 2084 5130 Cleomedem

512 5165 724 5221 .divinis
757 5165 1060 5221 honoribus
1081 5163 1219 5219 allici
1245 5165 1405 5236 jussit
1436 5182 1448 5217 :

2123 4315 2171 4370 D

2206 3043 2365 3105 αὐτὸς
2399 3041 2502 3113 ἔφη
2536 3041 2756 3104 τούτους
2791 3041 3084 3094 δεδωκέναι
3111 3041 3236 3104 τοὺς
3269 3040 3488 3110 νόμους,
3530 3042 3626 3092 καὶ
3654 3038 3757 3091 θεὸν

2205 3135 2362 3188 καλεί
2391 3133 2484 3186 τὸν
2525 3131 2697 3185 ταῦτα
2727 3132 3186 3202 νομοθετήσαντα,
3239 3131 3334 3182 xui
3385 3130 3608 3198 ἀγνοεῖν
3641 3132 3757 3198 ὁμο-

2200 3226 2350 3294 λογεῖ
2394 3223 2622 3294 πότερον
2672 3225 2778 3294 χρὴ
2807 3222 2925 3275 θεὸν
2953 3222 3113 3274 αὑτὸν
3160 3221 3344 3275 καλεῖν
3381 3221 3414 3291 ἧ
3448 3221 3754 3291 ἄνθρωπονο

2204 3316 2297 3369 xui
2329 3315 2391 3369 τὸ
2414 3313 2742 3384 τιμιώτερον
2776 3313 2960 3366 δοῦναι
2986 3312 3235 3383 θελήσας,
3267 3313 3366 3365 οὐκ
3398 3311 3600 3364 ἔδωκεν
3625 3313 3668 3344 ⁵⁹
3691 3311 3756 3372 ὡς

2205 3407 2344 3473 θεὸς,
2375 3405 2490 3459 ἀλλ’
2511 3406 2770 3473 ἔλπομαι
2797 3399 2970 3468 εἶπεν,
3014 3404 3090 3467 ὡς
3128 3404 3432 3474 ἄνθρωπος.
3479 3399 3648 3466 Οὗτος
3678 3403 3755 3457 καὶ

2202 3498 2301 3562 τὰς
2329 3495 2772 3563 Λακεδαιμονίων
2807 3497 3021 3548 ἐπαινεί
3061 3497 3349 3564 γυναῖκας,
3374 3494 3549 3557 ἀδεῶς
3585 3491 3662 3556 οἷς
3699 3493 3754 3545 ἂν

2202 3587 2426 3639 ἐθέλωσι
2460 3583 2814 3656 μιγνυμένας,
2857 3583 2950 3635 καί
2977 3598 3130 3653 φησυ
3183 3638 3187 3641 _

2201 3697 2389 3762 Γαίης
2415 3693 2532 3764 μὲν
2557 3693 2758 3761 πάσης
2781 3693 2844 3746 τὸ
2877 3696 3257 3762 Πελασγικὸν
3276 3695 3482 3764 Ἀργος
3504 3697 3750 3764 ἄμεινον,

2205 3768 2406 3821 Ἵπποι
2442 3766 2730 3833 Θρηΐκιαι,
2764 3764 3222 3830 Λακεδαιμόνιαι
3260 3765 3328 3816 δὲ
3359 3768 3659 3833 γυναῖκες,

2205 3835 2446 3902 Ἄνδρες
2475 3834 2526 3886 δ’
2556 3832 2614 3885 οἳ
2645 3834 2932 3886 πίνουσιν
2970 3834 3126 3901 ὕδωρ
3165 3832 3371 3901 καλῆς
3395 3836 3747 3903 Ἀρεθούσης.

2203 3941 2371 4010 Οὗτος
2408 3948 2500 4000 xui
2549 3946 2640 4000 τὸν
2690 3945 3022 4017 Ἀρχίλοχον,
3071 3947 3429 4018 αίσχρότατον
3483 3949 3749 4019 γενόμενον

2201 4039 2453 4110 ποιητὴν,
2484 4038 2727 4119 ἀοίδιμον
2758 4038 3168 4108 προσηγόρευσε
3203 4038 3299 4091 καὶ
3334 4039 3603 4094 ἀθάνατον
3622 4058 3634 4070 ’
3668 4040 3746 4092 xui

2199 4134 2336 4204 πρὸς
2368 4131 2458 4183 τὸν
2483 4129 2638 4183 τοῦδε
2665 4130 2768 4199 ἔφη
2803 4131 3015 4198 πατέρα
3033 4145 3048 4162 ·

2211 4244 2524 4310 Ἀθάνατός
2570 4257 2671 4297 σοι
2731 4240 2872 4308 παῖς
2929 4241 3028 4296 καί
3077 4241 3346 4313 ἀοίδιμος
3367 4284 3384 4313 ,
3415 4240 3519 4348 Γὦ¹
3540 4246 3748 4348 Τελὲσί-

3415 4313 3606 4388 [κ-λεις
3623 4317 3684 4378 ⁸⁸,

2204 4385 2446 4439 Ἐσσετ’
2474 4384 2544 4437 ἐν
2575 4382 2930 4450 ἀνθρώποις.

2199 4498 2308 4551 Καὶ
2335 4495 2413 4566 τῷ
2451 4495 2674 4566 Ὁμήρῳ
2705 4494 2841 4564 ἔφη’

2202 4609 2403 4660 Ὄλόιε
2431 4605 2529 4659 καί
2562 4607 2916 4677 δύσδαιμον,

2195 4717 2257 4771 τὸ
2294 4715 2392 4788 μὲν
2417 4715 2506 4769 διά
2536 4716 2636 4787 τὴν
2682 4718 3075 4791 ὲπιγενομένην
3125 4717 3458 4790 τυφλότητα,
3489 4719 3554 4773 τὸ
3590 4721 3642 4773 δὲ
3668 4716 3737 4770 διὰ

2196 4808 2295 4879 τὴν
2321 4806 2558 4874 ποίησιν,
2579 4807 2647 4877 ἢν
2669 4809 2810 4861 κατά
2840 4809 3016 4862 πάντα
3047 4805 3106 4862 εὖ
3131 4809 3276 4879 ἔχειν
3302 4809 3542 4863 ὑπέλαϐε
3563 4827 3577 4841 ·
3606 4811 3668 4862 δι’
3684 4810 3735 4877 ἦν

2197 4895 2359 4950 αὑτὸν
2393 4897 2420 4948 6
2450 4895 2674 4948 Πλάτων
2716 4897 2871 4966 μύρῳ
2899 4897 3042 4950 κατά
3070 4897 3168 4959 τὰς
3201 4896 3475 4967 χελιδόνας
3513 4897 3732 4962 ἀλείψας.

2195 4987 2295 5056 τῆς
2327 4985 2418 5038 ὑπ’
2449 4985 2616 5037 αὑτοῦ
2642 4985 2987 5057 ξυντεθείσης
3006 4982 3317 5056 ’ἀπέπεμψε
3347 4985 3575 5049 πόλεως.
3593 4981 3735 5042 Οὗτος

2195 5077 2290 5131 καὶ
2317 5077 2607 5148 Κλεομήδη
2639 5077 2730 5130 τὸν
2754 5078 2969 5149 πύκτην
2994 5077 3144 5140 θείας
3169 5077 3455 5132 ἐκέλευσεν
3478 5075 3733 5145 ἀξιοῦσθαι

2190 5169 2356 5238 τιμῆς
2378 5185 2392 5201 ο

1818 5315 2050 5371 VARUE
2087 5316 2468 5374 LECTIONES
2498 5351 2508 5359 -

591 5460 636 5490 ⁸⁸
666 5457 896 5529 φώρεια.
932 5455 1109 5578 (ἑωρία
1158 5456 1218 5508 Β.
1296 5457 1340 5486 ⁵³
1379 5455 1616 5526 ἀνδρείᾳ.
1651 5455 1842 5526 ἀνδρία
1873 5457 1932 5510 Β.

591 5529 715 5578 -ὴὲ
744 5527 840 5578 xui.
877 5527 942 5578 ἄν
977 5543 1065 5578 ou.
1111 5525 1259 5578 δήζω
1287 5521 1321 5578 ἦ
1355 5525 1517 5578 crs—ii
1549 5527 1673 5578 ἄνον
1700 5525 1764 5578 Β.
1842 5557 1846 5562 ν
1878 5527 1924 5558 ⁵⁸

515 5521 725 5615 ἔπιέ
741 5521 843 5615 fel
863 5521 1083 5615 sua.
1104 5525 1259 5615 Et???
1287 5521 1517 5615 ἦξε-’ἢ
1549 5521 1673 5580 ἀναν
1700 5521 1764 5579 Βί

601 5593 964 5658 Τελεσίκλειςέ
977 5593 1320 5658 ’Τελέσικλες
1338 5595 1396 5649 C.

2032 5457 2717 5533 ξ⁵⁸λδεδωκέναιιδεδοκέναι
2883 5462 2928 5492 ⁶⁶
2960 5461 3301 5533 νηόνεγνηοὺν
3321 5463 3380 5518 Β.

1842 5557 1846 5562 ,
1878 5527 1924 5558 ss
1961 5525 2361 5597 δεδηλώκαμεν.
2407 5527 2703 5598 δεδήλωκεν
2732 5531 2790 5585 C.

2887 5462 2928 5492 ⁵⁸
2960 5463 3105 5531 νηόν.
3142 5461 3301 5533 νηοὺν
3321 5463 3380 5518 Β.
3476 5464 3522 5495 ³⁷
3543 5462 3676 5525 δίζεο
3700 5460 3725 5528 ί]

2887 5533 2931 5563 δ’
2960 5532 3020 5583 οὗ
3051 5532 3298 5586 δέδωκεν.
3330 5535 3428 5588 οὐκ
3459 5534 3646 5588 ἔδωκεν
3670 5529 3707 5585 Β
