3974 6196
383 267 518 331 1377

1043 269 1482 331 GRIECABUM
1519 272 1820 332 AFFECT.
1861 273 2386 333 CURAT[0.--X.
2429 275 2525 333 DE
2563 272 2951 332 ORACULIS.

3482 265 3619 331 1078

382 381 484 449 τῆς
522 379 845 450 Ἐκκλησίας
871 378 930 432 τὸ
956 378 1109 448 ὕψος,
1133 371 1228 434 καὶ
1255 381 1500 444 ἅπαντας
1519 372 1948 446 ὑποκύπτοντας,

2072 383 2281 454 ιυίἀειιι
2311 383 2406 451 qui
2447 390 2642 451 Sponte
2670 380 2722 434 id
2758 379 2990 442 faciant,
3019 376 3154 431 alios
3177 387 3308 430 vero
3337 377 3614 430 contradi-

313 540 322 547 .
383 472 478 524 καὶ
531 470 698 541 ταύτῃ
727 470 788 521 τὸ
836 468 999 532 σέϐας
1047 471 1477 540 προσφέροντας,
1526 472 1617 522 καὶ
1675 472 1802 533 τοὺς
1854 471 1950 540 μὲν

385 561 670 623 πλείστους
691 559 994 624 ἐθέλοντας,
1021 564 1147 624 τοὺς
1168 563 1222 615 δὲ
1251 563 1651 629 ἀντιλέγοντας,
1683 563 1775 614 καὶ
1803 563 1952 631 παρὰ

384 654 606 721 γνώμην
638 652 1022 718 δουλεύοντας;
1059 654 1173 724 Οὐχ
1220 655 1384 726 ὁρᾶτε
1432 655 1538 707 τῶν
1580 655 1750 724 ὀρέων
1784 655 1882 718 τὰς
1905 655 1950 686 ⁹⁸

385 743 626 812 κορυφάς
661 743 758 795 τοῦ
809 744 1076 814 ὑμετέρου
1118 749 1322 815 μύσους
1363 745 1810 816 ἀπηλλαγμένας,
1860 745 1954 798 καὶ

379 835 502 894 ταῖς
543 831 650 886 τῶν
703 834 958 904 ἀσκητῶν
1021 839 1371 905 καταγωγαῖς
1423 836 1819 908 κοσμουμένας,
1860 837 1957 890 καὶ

385 925 592 984 πάντας
609 925 653 957 ’⁸
686 926 1021 995 πανταχόθεν
1049 927 1392 1000 ξυρῤέοντας,
1414 932 1507 982 καὶ
1539 929 1628 982 τὸν
1655 930 1711 998 ἐν
1731 932 1796 999 τῇ
1818 928 1956 982 Σιὼν

383 1015 714 1082 ἐπιφανέντα
743 1018 912 1084 Λόγον
938 1017 1339 1087 θεολογοῦντας,
1366 1022 1460 1073 καὶ⁵
1486 1020 1575 1074 τὸν
1601 1022 1664 1073 ἐκ
1697 1020 1793 1089 τῆς
1819 1019 1955 1072 Σιὼν

385 1105 759 1161 ἀναϐλῦσαντα
796 1111 958 1178 νόμον
985 1109 1030 1142 ’⁷
1062 1109 1496 1179 ἀσπαζομένους,
1547 1111 1640 1164 καὶ
1686 1111 1813 1172 τοὺς
1859 1109 1957 1180 μὲν

387 1197 657 1266 πολέμους
727 1201 1143 1270 πεπαυμένους,
1197 1203 1320 1254 ἀντὶ
1371 1202 1427 1264 δὲ
1480 1203 1586 1254 τῶν
1645 1201 1958 1272 πολεμικῶν

387 1287 564 1340 ὃπλων
591 1289 658 1340 τὰ
683 1290 782 1359 τῆς
813 1294 1121 1362 γεωργικῆς
1140 1294 1186 1325 ’³
1214 1293 1690 1365 μεταχειρίζοντας
1715 1293 1955 1364 δργανα;

393 1379 464 1432 Ἥ
497 1381 595 1432 οὐκ
626 1382 737 1434 τστε
777 1382 851 1444 ὡς
877 1382 1107 1448 ὁπηνίκα
1157 1384 1329 1436 ταῦτα
1371 1385 1399 1435 ὁ
1434 1387 1718 1455 προφήτης
1745 1384 1962 1438 ἐθέσπι-

392 1469 502 1532 ζεν,
535 1471 692 1534 ἄλλος
742 1474 839 1542 μὲν
879 1477 978 1544 τῆς
1005 1475 1360 1545 Ἰερουσαλὴμ
1403 1476 1773 1538 ἐϐασίλευσεν,
1805 1475 1961 1539 ἄλλος

388 1560 444 1612 δὲ
479 1564 574 1630 τῆς
609 1563 939 1634 Σαμαρείας,
976 1565 1069 1616 καὶ
1115 1565 1271 1629 ἄλλος
1324 1566 1662 1636 Ἰδουμαίων,
1712 1567 1806 1619 καὶ
1840 1565 1960 1618 ἐτε-

391 1669 481 1721 ρος
510 1653 555 1684 ’θ
589 1653 914 1721 Μωαϐιτῶν,
937 1655 1030 1707 καὶ
1073 1652 1139 1708 αὗ
1169 1657 1330 1709 πάλιν
1377 1658 1535 1720 ἄλλος
1578 1657 1959 1727 Ἀμμανιτῶν;

2053 484 2258 538 centes,
2288 481 2344 527 et
2380 483 2576 541 praeter
2602 472 2771 525 animi
2805 480 2992 524 votum
3046 466 3388 523 servientes?
3424 467 3617 522 Annon

2054 565 2254 618 videtis
2284 563 2555 617 montium
2582 563 2840 623 vertices,
2869 560 3275 615 abominatione
3303 565 3484 611 vestra
3521 558 3619 612 dc-

2054 656 2231 725 pulsa,
2253 654 2647 708 monachorum
2676 653 2940 708 ccenobiis
2967 658 3256 706 exornatus
3275 690 3288 712 ,
3321 663 3620 716 omnesque

2055 745 2298 814 undique
2353 744 2711 807 conﬂuentes,
2755 753 2811 797 et
2853 743 3094 797 Verbum
3141 739 3286 809 quod
3344 739 3396 792 in
3455 737 3621 791 Sione

2055 835 2308 907 apparuit
2335 835 2506 890 Deum
2537 834 2897 904 praedicantes
2916 873 2930 896 ,
2966 841 3021 886 et
3044 833 3219 901 legem
3247 845 3368 899 qua:
3397 843 3425 882 e
3454 827 3622 882 Sione

2057 925 2399 998 promulgata
2429 933 2512 978 est
2534 924 2947 992 amplectentes,
2994 931 3049 976 et
3080 921 3231 974 bella
3248 919 3469 989 quidem
3499 933 3619 972 θεε-

2057 1033 2226 1081 sasse,
2269 1032 2369 1086 pro
2410 1016 2624 1070 bellicis
2652 1030 2784 1087 vero
2813 1015 3000 1078 armis,
3037 1013 3380 1082 agriculturae
3419 1010 3624 1062 instru-

2057 1118 2243 1164 menta
2265 1107 2526 1162 tractari?
2550 1107 2629 1160 An
2653 1107 2898 1169 nescitis,
2919 1120 3028 1174 quo
3050 1113 3293 1171 tempore
3318 1102 3487 1155 Isaias
3509 1101 3625 1155 haec

2058 1199 2280 1262 cecinit,
2312 1199 2414 1253 sub
2439 1198 2544 1252 alio
2579 1213 2703 1267 rege
2732 1197 2898 1251 fuisse
2915 1196 3366 1265 Hierosolymam,
3393 1192 3495 1248 sub
3517 1193 3626 1247 alio

2061 1291 2380 1353 Samariam,
2404 1290 2506 1345 sub
2530 1289 2637 1343 alio
2657 1289 2942 1350 Idumaeos,
2964 1287 3067 1341 sub
3091 1287 3198 1340 alio
3220 1286 3499 1348 Moabitas,
3523 1285 3626 1338 sub

2061 1382 2168 1435 alio
2195 1397 2388 1435 rursus
2420 1380 2795 1434 Ammonitas?
2823 1378 2966 1444 Quin
2991 1386 3047 1432 et
3076 1376 3302 1439 Arabes,
3336 1383 3392 1428 et
3420 1373 3626 1428 Madia-

2060 1471 2210 1535 uitae,
2248 1480 2304 1526 et
2340 1471 2656 1526 Amalecita:
2688 1470 2810 1522 aliis
2848 1468 3188 1537 principibus
3227 1465 3492 1536 parebant
3526 1481 3540 1517 :
3571 1473 3630 1517 et

2063 1563 2227 1627 Gaza,
2258 1573 2314 1618 et
2342 1563 2595 1625 Ascalon,
2627 1570 2682 1614 et
2710 1563 2935 1621 Azotus,
2966 1570 3021 1612 ct
3050 1558 3241 1621 Sidon,
3267 1566 3322 1612 et
3347 1556 3542 1627 Tyrus,
3571 1565 3629 1609 et

2063 1652 2379 1714 Damascus,
2426 1668 2456 1704 a
2499 1649 2732 1703 diversis
2785 1648 3013 1718 singula:
3047 1647 3397 1718 regebantur.
3436 1645 3627 1714 Neque

389 1745 499 1796 Καὶ
535 1745 774 1811 ’Ἄραϐες
807 1745 884 1806 δὲ,
937 1747 1030 1799 καὶ
1077 1747 1341 1801 Μαδιανοὶ
1372 1749 1411 1812 ¹,
1454 1749 1549 1801 καὶ
1599 1749 1962 1818 Ἀμαληκῖται

2072 1742 2210 1796 enim
2232 1741 2361 1795 scite
2380 1741 2650 1802 civitates,
2670 1738 2766 1793 sed
2781 1738 2886 1791 vici
2908 1752 3125 1806 quoque
3142 1752 3206 1791 ac
3220 1735 3364 1806 pagi,
3381 1735 3598 1804 regulos
3612 1737 3630 1753 '

390 1831 485 1882 ὑπ’
539 1831 720 1894 ἄλλοις
777 1833 1039 1902 ἡγεμόσιν
1088 1835 1334 1888 ὲτέλουν’
1385 1837 1480 1890 καὶ⁹
1538 1837 1686 1899 Γάζα
1745 1837 1822 1899 δὲ,
1869 1839 1964 1889 καὶ

408 1921 844 1986 Ἀσκάλωνηκαὶ⁵
876 1923 1134 1988 Ἄζωτος,
1171 1927 1264 1978 καὶ
1296 1926 1482 1996 μέντοι
1515 1927 1609 1980 καὶ
1649 1927 1837 1992 Σιδὼν,
1870 1927 1965 1980 καὶ

393 2009 588 2080 Τύρος,
623 2010 716 2062 καὶ
759 2012 1050 2081 Δαμασκὸς
1084 2013 1188 2066 ὑπὸ
1220 2012 1493 2085 διαφόρων
1533 2013 1808 2084 ἀρχόντων
1851 2013 1966 2067 ἰθῦ-

393 2117 565 2154 νοντο.
599 2101 672 2154 Οὐ
701 2100 810 2168 γάρ
841 2101 906 2172 δὴ
939 2104 1096 2172 μόνον
1126 2104 1269 2157 κατὰ.
1293 2103 1499 2170 πόλεις,
1540 2104 1676 2158 ἀλλὰ
1700 2105 1795 2158 καὶ
1822 2103 1965 2157 κατὰ

395 2190 586 2260 κώμας
636 2192 1033 2248 ἐϐασιλεύοντο.
1083 2195 1258 2258 Εὐθὺς
1298 2194 1354 2248 δὲ
1405 2195 1497 2248 τοῦ
1531 2196 1782 2265 Σωτῆρος
1809 2195 1965 2267 ἡμῶν

396 2281 536 2335 κατὰ
570 2283 745 2354 σάρκα
767 2282 1068 2353 τεχθέντος,
1107 2283 1414 2352 Αὔγουστος
1456 2287 1672 2355 Καῖσαρ
1712 2287 1966 2340 ἁπάντων

398 2373 690 2442 ἐκράτησε,
719 2375 814 2427 καὶ
841 2375 1149 2438 καταλύσας
1179 2377 1274 2438 τὰς
1305 2374 1591 2446 ἐθναρχίας
1617 2378 1709 2429 καὶ
1733 2377 1966 2447 μερικάς

404 2462 676 2530 βασιλείας
715 2468 825 2530 τοῖς
867 2466 1155 2536 Ῥωμαίων
1177 2467 1196 2496 ²
1227 2465 1472 2530 ἅπαντας
1513 2466 1777 2532 ὑπέταξεν
1800 2466 1960 2531 οἴαξι.

404 2554 593 2608 Ταῦτα
618 2557 860 2625 προορῶν
889 2557 917 2608 ὁ
952 2558 1236 2627 προφήτης
1271 2559 1337 2610 τά
1365 2557 1736 2629 προειρημένα
1763 2559 1783 2591 ³
1810 2557 1964 2611 τεθέ-

409 2659 592 2707 σπικε,
619 2645 712 2698 καὶ
742 2646 853 2714 μετ’
883 2647 1038 2715 ὀλίγα
1065 2648 1164 2718 τὴν
1194 2647 1302 2699 τῶν
1321 2651 1714 2717 χειροποιήτων
1727 2646 1964 2700 εἰδώλων

407 2735 702 2788 κατάλυσιν
731 2736 1092 2808 ἐτραγῴδησε.
1150 2756 1166 2788 ι
1195 2739 1378 2792 Πάντα
1419 2738 1550 2807 γὰρ,
1584 2739 1738 2808 φησὶ,
1762 2739 1830 2792 τὰ
1854 2757 1968 2809 χει-

412 2826 672 2896 ροποίητα
703 2828 1161 2898 κατακρύψουσιν,
1194 2830 1594 2896 είσενεγκόντες
1627 2833 1705 2892 είς
1729 2829 1798 2882 τὰ
1827 2831 1970 2900 σπή-

407 2915 553 2974 λαια,
597 2919 688 2970 καὶ
717 2919 795 2980 είς
821 2919 918 2982 τὰς
951 2920 1186 2990 σχισμὰς
1223 2919 1330 2972 τῶν
1359 2919 1593 2989 πετρῶν,
1632 2919 1726 2972 καὶ
1759 2921 1838 2983 εἰς
1869 2920 1970 2981 τὰς

2065 1849 2196 1888 suos
2232 1832 2526 1886 habebant.
2561 1830 2753 1884 Statim
2786 1844 2913 1883 vero
2956 1836 3015 1882 ut
3042 1826 3297 1882 Servator
3324 1834 3511 1879 noster
3541 1839 3630 1879 se-

2066 1923 2306 1980 cundum
2327 1938 2546 1976 carnem
2573 1929 2734 1974 natus
2756 1928 2860 1984 est,
2885 1920 3065 1973 Caesar
3091 1919 3366 1986 Augustus
3386 1917 3631 1968 omnium

2067 2015 2274 2086 politus
2311 2021 2414 2070 est.
2457 2011 2799 2079 sublatisque
2838 2008 3237 2079 principatibus
3282 2005 3548 2076 gentium,
3575 2014 3634 2060 et

2069 2104 2494 2176 particularibus
2536 2102 2698 2172 967
2745 2100 2944 2171 regnis,
2987 2100 3356 2152 Romanorum
3404 2095 3634 2166 imperio

2068 2195 2315 2252 subdidit
2340 2195 2644 2248 universos.
2674 2191 2799 2246 Haec
2830 2190 3136 2261 pravidens
3158 2188 3443 2258 propheta,
3475 2201 3636 2256 supe-

2069 2295 2217 2348 riora
2265 2293 2592 2347 vaticinatus
2634 2300 2735 2345 est.
2796 2291 2862 2346 Et
2909 2300 3033 2360 post
3073 2291 3179 2344 alia
3224 2304 3418 2359 pauca,
3472 2302 3635 2341 manu

2069 2399 2288 2454 quoque
2325 2384 2596 2438 factorum
2625 2383 2896 2437 idolorum
2927 2382 3271 2436 eversionem
3299 2379 3590 2448 descripsit
3618 2395 3632 2430 :

2078 2493 2095 2526 ι
2124 2473 2341 2539 Omnia,
2368 2473 2570 2543 inquit,
2592 2489 2757 2526 manu
2783 2472 2925 2526 facta
2944 2471 3303 2535 abscondent,
3327 2469 3639 2525 deferentes

2070 2566 2126 2620 in
2148 2566 2454 2635 speluncas,
2493 2573 2549 2620 et
2581 2565 2634 2618 in
2676 2565 2942 2620 scissuras
2983 2572 3286 2632 petrarum,
3327 2569 3385 2618 et
3412 2562 3469 2615 in
3490 2559 3639 2614 fora-

2069 2653 2218 2706 mina
2249 2661 2428 2716 terraa,
2465 2667 2496 2705 a
2518 2651 2654 2706 facie
2682 2651 2894 2704 timoris
2919 2650 3160 2723 Domini,
3207 2656 3264 2704 et
3293 2665 3326 2704 a
3360 2647 3529 2719 gloria
3551 2663 3644 2702 ro—

2068 2746 2219 2800 boris
2248 2744 2440 2814 ipsius,
2470 2760 2594 2798 cum
2623 2743 2926 2797 surrexerit
2959 2751 3250 2812 percutere
3279 2750 3501 2796 terram.
3541 2740 3640 2794 Die

2069 2835 2216 2887 enim
2247 2834 2338 2888 illo
2370 2834 2555 2904 ejicict
2593 2833 2761 2887 homo
2797 2831 3240 2886 abominationes
3265 2845 3414 2890 suas.
3449 2843 3644 2898 argen-

2072 2932 2185 2978 teas
2217 2935 2273 2978 et
2299 2940 2513 2988 aureas,
2547 2939 2684 2992 quas
2715 2924 2966 2977 fecerunt
2993 2921 3120 2985 sibi,
3147 2929 3206 2974 ut
3230 2920 3522 2974 adorarent
3553 2933 3642 2973 res

407 3007 657 3078 τρώγλας
685 3010 781 3079 τῆς
809 3009 910 3078 γῆς
939 3008 979 3072 ⁸,
1014 3010 1120 3063 ἀπὸ
1163 3009 1452 3080 προσώπου
1500 3009 1592 3062 τοῦ
1639 3009 1802 3078 φόϐου
1850 3012 1964 3062 Κυ-

2073 3032 2239 3070 vanas
2260 3024 2316 3069 et
2337 3015 2761 3085 vespertiliones
2785 3034 2798 3067 ε
2827 3015 2898 3069 ita
2933 3020 2992 3067 ut
3017 3012 3399 3083 ingrediantur
3419 3011 3475 3064 in
3501 3010 3642 3064 fora-

410 3098 546 3166 ρίου,
561 3099 654 3150 καὶ
675 3099 778 3151 άπὸ
801 3102 892 3170 τῆς
919 3099 1072 3170 δόξης
1095 3101 1190 3169 τῆς
1219 3100 1398 3170 ἰσχύος
1416 3099 1600 3160 αὐτοῦ,
1618 3103 1743 3153 ὅταν
1765 3101 1969 3170 ἀναστῇ

409 3187 638 3258 θραῦσαι
674 3188 770 3259 τὴν
808 3191 930 3259 γῆν.
965 3192 1042 3261 Τῇ
1087 3191 1194 3261 γὰρ
1242 3191 1426 3261 ἡμέρᾳ
1465 3191 1484 3222 ⁵
1528 3190 1709 3260 ἐκείνῃ
1753 3190 1975 3242 ἐκϐαλεῖ

406 3279 690 3350 ἄνθρωπος
719 3281 788 3333 τὰ
815 3279 1160 3350 βδελύγματα
1207 3281 1373 3333 αὑτοῦ
1423 3280 1492 3333 τὰ
1523 3279 1738 3350 ἀργυρᾶ
1785 3280 1878 3332 καὶ
1909 3280 1975 3331 τά

407 3374 604 3444 χρυσᾶ,
653 3373 688 3427 ἃ
717 3374 980 3442 ἐποίησαν
1029 3374 1242 3436 ἑαυτοῖς
1275 3374 1355 3436 είς
1407 3372 1467 3425 τδ
1505 3373 1832 3442 προσκυνεῖν
1864 3375 1976 3434 τοῖς

409 3463 658 3530 ματαίοις
701 3465 794 3516 καὶ
824 3467 943 3526 ταῖς
972 3462 1270 3532 νυκτερίσι,
1306 3464 1400 3516 τοῦ
1443 3463 1704 3518 εἰσελθεῖν
1756 3465 1834 3526 είς
1876 3464 1976 3526 τὰς

405 3550 653 3621 τρώγλας
687 3553 784 3622 τῆς
831 3554 1056 3623 στερεᾶς
1089 3553 1316 3623 πέτρας,
1357 3556 1451 3606 καὶ
1486 3553 1564 3615 είς
1593 3553 1660 3605 τὰ
1701 3554 1976 3622 σχίσματα

406 3641 513 3694 τῶν
543 3641 780 3711 πετρῶν,
815 3641 924 3695 ἀπὸ
955 3639 1108 3714 [144]
1141 3642 1432 3714 προσώπου
1466 3643 1560 3694 τοῦ
1601 3640 1765 3710 φόϐου
1802 3642 1821 3672 ⁸
1859 3642 1976 3693 Κυ-

409 3732 551 3804 ρίου,
598 3733 692 3785 καὶ
737 3732 844 3785 ἀπὸ
887 3732 988 3801 τῆς
1031 3732 1190 3804 δόξης
1238 3735 1336 3804 τῆς
1388 3733 1568 3803 ίσχύος
1623 3732 1806 3795 αὑτοῦ,
1849 3733 1977 3786 ὅταν

406 3824 610 3894 ἀναστῇ
660 3822 896 3892 θραῦσαι
927 3824 1032 3894 τὴν.
1068 3826 1194 3894 γῆν.
1227 3842 1243 3875 ι
1283 3825 1502 3894 Ταύτης
1538 3824 1594 3876 δὲ
1626 3825 1724 3892 τῆς
1766 3840 1977 3894 προφη-

406 3913 557 3976 τείας
576 3912 674 3984 τὴν
702 3914 998 3985 ἑρμηνείαν
1020 3914 1118 3983 οὐχ
1151 3915 1297 3984 ἡμᾶς
1335 3915 1598 3984 προσήκει
1622 3913 1974 3982 ποιήσασθαι,

408 4006 528 4060 ἀλλ’
554 4005 698 4076 ὑμᾶς
727 4005 1009 4076 θαυμάσαι
1034 4004 1128 4057 τοῦ
1170 4005 1420 4075 χρησμοῦ
1449 4005 1547 4074 τὴν
1576 4004 1851 4075 ἀλήθειαν,
1885 4004 1979 4057 καὶ

409 4094 928 4172 ξυνομολογῆσαιτά
969 4095 1096 4164 παρ’
1134 4094 1286 4165 ὑμῶν
1329 4095 1585 4157 πολλάκις
1617 4093 1977 4163 γεγενημένα.

424 4183 582 4236 Ἀλλά
615 4183 690 4254 μὴ
720 4182 1104 4254 ἐρυθριάσητε,
1139 4178 1184 4236 ὧ
1219 4183 1407 4254 ἄνδρες
1432 4198 1446 4213 ⁸
1481 4183 1743 4236 αἰδεῖσθαι
1770 4185 1878 4254 γὰρ
1917 4184 1978 4236 οῦ

411 4275 507 4345 τὴν
530 4274 816 4344 ὁμολογίαν
849 4273 948 4344 τῆς
979 4275 1270 4345 ἁμαρτίας,
1296 4274 1430 4328 ἀλλὰ
1454 4273 1550 4346 τὴν
1589 4271 1787 4346 πρᾶξιν
1817 4291 1982 4344 προσ-

2080 3107 2228 3160 mina
2251 3105 2417 3159 ﬁrmae
2445 3114 2632 3173 petrae,
2665 3114 2717 3160 et
2744 3105 2798 3158 in
2820 3105 3088 3159 scissuras
3110 3111 3414 3173 petrarum,
3445 3117 3475 3154 a
3505 3100 3643 3155 facie

2081 3192 2295 3247 timoris
2315 3194 2549 3256 Domini,
2581 3202 2637 3248 et
2657 3210 2689 3248 a
2713 3194 2882 3264 gloria
2906 3193 3122 3248 roboris
3142 3194 3247 3258 sui,
3279 3192 3497 3262 quando
3521 3207 3645 3245 sur-

2080 3283 2287 3338 rexerit
2309 3293 2596 3352 percutere
2627 3293 2825 3337 terram
2848 3285 2899 3336 ιι.
2935 3302 2954 3334 ι
2981 3284 3133 3338 Hanc
3152 3299 3283 3339 vero
3301 3281 3644 3353 prOpbetiam

2081 3387 2168 3426 me
2198 3373 2355 3426 vobis
2378 3373 2729 3444 interpretari
2770 3389 2880 3427 non
2914 3383 2999 3428 est
3024 3389 3182 3442 opus,
3212 3374 3309 3428 sed
3333 3389 3431 3428 vos
3455 3372 3640 3442 potius

2083 3463 2232 3517 illius
2264 3463 2550 3517 veritatem
2575 3463 2857 3528 admirari,
2893 3470 2948 3518 et
2972 3478 3092 3532 qua:
3116 3463 3316 3532 saepius
3343 3461 3644 3516 admisistis

2085 3553 2317 3621 ingenue
2369 3552 2638 3607 conﬁteri.
2691 3553 2880 3621 Neque
2920 3553 3010 3607 hic
3064 3552 3421 3614 erubescatis,
3454 3567 3488 3604 ο
3520 3551 3645 3605 viri.

2083 3640 2201 3694 Non
2231 3642 2378 3695 enim
2415 3641 2669 3711 pudenda
2713 3655 2797 3698 est
2823 3643 3031 3711 peccati
3060 3641 3352 3705 confessio,
3389 3640 3484 3695 sed
3517 3655 3643 3710 per-

2083 3731 2340 3801 petratio.
2367 3731 2520 3798 Quod
2557 3733 2602 3786 si
2637 3733 2797 3787 fateri
2835 3734 2936 3803 ipsi
2969 3749 3080 3787 non
3100 3732 3287 3796 vultis,
3311 3738 3364 3785 at
3391 3731 3650 3786 omnibus

2084 3830 2317 3887 constat,
2359 3822 2453 3892 qui
2482 3823 2613 3878 deos
2656 3832 2803 3879 terra
2844 3825 3072 3879 obrutos
3112 3837 3488 3892 saepenumero
3535 3821 3650 3876 suis

2085 3913 2260 3968 oculis
2287 3914 2563 3978 viderunt,
2591 3915 2827 3986 indeque
2854 3916 2924 3971 ab
2949 3917 3017 3970 iis
3037 3915 3130 3985 qui
3155 3915 3413 3984 pietatem
3443 3912 3651 3966 didice-

2086 4014 2212 4060 rant
2234 4014 2443 4068 erutos,
2469 4014 2526 4061 et
2558 4007 2612 4060 in
2635 4007 2812 4060 lucem
2839 4006 3101 4077 prolatos.
3132 4004 3239 4059 Alii
3278 4003 3424 4059 enim
3450 4003 3651 4056 damo-

2085 4117 2217 4156 num
2253 4102 2424 4156 cultui
2453 4103 2745 4173 mancipati
2770 4103 2936 4173 968
2960 4100 3308 4166 defoderunt,
3349 4099 3648 4168 diis_opem

2087 4207 2144 4246 se
2171 4192 2315 4247 ferre
2337 4192 2672 4248 arbitrantes
2697 4211 2709 4245 ε
2735 4192 2829 4246 alii
2853 4191 2979 4245 talia
3001 4190 3374 4259 qurerentibus
3396 4188 3491 4242 ubi
3520 4188 3653 4240 late-

2088 4291 2212 4335 rent
2237 4281 2564 4335 indicarunt.
2587 4281 2652 4335 Hi
2676 4296 2806 4335 vero
2827 4288 3014 4334 erutos
3043 4278 3404 4346 inventusque
3437 4274 3652 4345 publice

414 4369 555 4434 ήκει.
578 4365 644 4419 Ei
673 4365 730 4418 δὲ
762 4367 918 4436 ὑμεῖς
939 4363 1116 4432 λέγειν
1143 4365 1202 4417 οὑ
1236 4364 1511 4436 βούλεσθε,
1531 4365 1644 4418 ἀλλ’
1684 4361 1776 4418 οὖν
1803 4365 1968 4417 τσασικ

2089 4372 2414 4443 Spectandos
2445 4379 2868 4442 proposuerunt,
2893 4379 2952 4424 ut
2984 4369 3323 4424 mulierculis
3339 4367 3652 4421 adolescen-

415 4457 648 4520 ἅπαντες
671 4457 938 4512 αὐτόπται
967 4456 1284 4527 γενόμενοι⁷
1304 4456 1410 4508 τῶν
1443 4458 1500 4508 ἐν
1525 4452 1591 4526 τῇ
1624 4458 1693 4526 γῇ
1729 4453 1983 4518 πολλάκις

417 4548 876 4619 καταχωσθέντων
916 4549 1074 4614 θεῶν,
1111 4549 1207 4602 καὶ
1236 4548 1340 4600 ὑπὸ
1372 4548 1478 4601 τῶν
1513 4549 1756 4602 εὐσεϐεῖν
1788 4548 1986 4602 δεδιδα-

414 4639 630 4709 γμένων
665 4637 1122 4693 άνασπασθέντων
1158 4637 1387 4702 ἐκεῖθεν,
1417 4638 1511 4692 καὶ
1543 4639 1717 4709 δήλων
1762 4656 1985 4710 γεγενη-

417 4729 614 4798 μένων.
640 4731 702 4782 Ol
737 4737 833 4800 μὲν
870 4732 974 4800 γὰρ
1005 4733 1072 4801 τῇ
1103 4728 1392 4799 δυσσεϐείᾳ.
1434 4728 1816 4799 δεδουλωμένοι
1853 4747 1987 4782 κατ·

417 4820 646 4888 έχωσαν,
682 4821 994 4890 ἐπικουρεῖν
1023 4819 1315 4892 ἡγούμενοι
1343 4821 1456 4882 τοῖς
1485 4817 1656 4882 θεοῖς’
1690 4819 1742 4872 οἱ
1770 4818 1828 4872 δὲ
1871 4820 1984 4880 τοῖς

417 4914 484 4964 τὰ
515 4913 737 4968 τοιαῦτα
787 4912 1116 4984 μαστεύουσι
1144 4913 1166 4947 ⁸
1195 4915 1607 4988 κατεμήνυσαν·
1639 4916 1687 4968 οί
1743 4913 1799 4967 δὲ
1843 4913 1975 4984 ὀρύ-

487 5092 512 5131 ιι
548 5091 649 5146 lsa.
687 5108 744 5157 ιι,
780 5094 960 5149 18-21.

2093 4460 2332 4530 tulisque
2361 4459 2598 4514 ludibrio
2629 4469 2814 4514 essent
2854 4459 2949 4528 qui
2984 4457 3059 4512 dii
3095 4455 3454 4510 vocabantur.
3483 4452 3654 4506 Erant

2089 4553 2234 4608 enim
2263 4551 2459 4622 partim
2487 4551 2786 4620 reptilium,
2815 4549 3014 4620 partim
3041 4545 3459 4619 quadrupedum
3488 4544 3655 4598 simu-

2089 4644 2260 4698 lacra.
2283 4642 2744 4716 Vespertilionum
2769 4654 3008 4710 quoque,
3035 4655 3098 4693 ac
3123 4637 3359 4692 murium
3395 4633 3656 4703 imagines

2088 4733 2384 4789 adorabant
2402 4749 2415 4798 ;
2435 4747 2666 4801 cumque
2681 4731 2932 4785 animalia
2946 4731 3082 4800 ipsa,
3096 4736 3396 4799 serpentes,
3413 4727 3654 4794 inquam,

2091 4834 2148 4880 et
2189 4823 2527 4893 scorpiones,
2571 4831 2628 4878 et
2665 4837 2868 4888 mures,
2917 4821 3448 4892 vespertilionesqne
3483 4817 3658 4872 inten-

2098 4913 2346 4977 ﬁcerent,
2382 4911 2583 4966 horum
2611 4917 2794 4964 tamen
2817 4908 3110 4964 simulacra
3136 4917 3196 4962 ut
3224 4908 3358 4964 deos
3379 4905 3654 4962 colebant.

1718 5163 1954 5219 νΑιιιλΕ
1994 5163 2393 5220 LECTIONES.

509 5305 556 5334 ’⁸
584 5303 682 5366 τὰς
712 5319 818 5358 om.
852 5304 910 5357 B.
1010 5306 1056 5337 ’°
1086 5308 1312 5368 πάντας.
1370 5306 1574 5366 πάντας

421 5372 468 5443 '7
497 5372 678 5443 νόμον.
731 5373 886 5440 λόγον
913 5375 973 5434 Β,
1007 5376 1104 5428 Va.
1137 5376 1301 5428 Deest
1328 5373 1429 5428 Vb.

421 5441 715 5512 {1596;48,
762 5444 852 5505 Va,
887 5444 1104 5497 omissis
1151 5458 1275 5496 mox
1327 5443 1484 5506 ἄλλος
1519 5441 1883 5512 Ἀμμανιτῶν.

421 5580 524 5649 γῆς
569 5595 677 5633 om.
705 5581 795 5633 Va.

420 5650 707 5716 γενημένοι
741 5650 797 5701 Β.
877 5651 895 5677 ³
923 5650 1267 5717 μαστεύουσι.
1311 5650 1630 5717 μαντεύουτι
1657 5651 1718 5704 (ἶ.

2007 5441 2022 5471 ³
2043 5436 2332 5493 Μαδι-ανοί.
2365 5438 2660 5505 Μαδήναιοι
2703 5437 2763 5502 Β,
2795 5437 3113 5507 Μαδιηναῖοι
3143 5436 3207 5507 γ.

434 5507 739 5582 Ῥωμαίοις
771 5512 830 5575 Β,
872 5513 966 5564 Va.
1047 5512 1482 5582 ³προειρημένα.
1528 5507 1788 5582 εἰρημένα
1828 5511 1923 5582 _\_’a,
1957 5510 2350 5582 εἰσενεγκόντες
2398 5524 2519 5582 ρηιΣ
2556 5507 2762 5582 Βμνι).

1622 5305 1718 5373 μὲν
1758 5303 1818 5357 Β.
1863 5303 1964 5358 Vb.
2011 5303 2131 5357 Mox
2163 5304 2220 5373 ἐν
2264 5305 2330 5373 τῇ
2354 5301 2512 5373 ᾼξιὼν
2548 5299 3029 5373 τέθεολογοῦντας
3071 5298 3237 5373 habet
3281 5299 3336 5373 in
3359 5311 3552 5373 _l_narg.

1533 5374 1579 5452 °.°
1609 5371 1900 5452 γεωργίας·
1928 5372 2236 5452 γεφρῖιδεῆς
2259 5371 2327 5452 Β]
2353 5371 2452 5452 Υρ-

2555 5371 2600 5401 ⁹⁹
2629 5369 2815 5435 ἕτερος
2858 5366 3159 5420 Μωαϐιτῶν
3215 5365 3327 5418 καί.
3359 5365 3662 5419 Μωαϐιτῶν

2558 5455 2653 5465 ...ιη
2703 5437 2742 5465 ι)
2795 5437 3108 5465 1.1-ἓ.......ιί-..
3143 5436 3186 5465 ὐ
3299 5436 3318 5465 ﬂ
3355 5434 3640 5465 'D.....-l.,u.

2868 5437 3113 5507 ιδιηναῖοι
3143 5436 3207 5492 V.
3299 5436 3318 5465 ’
3355 5434 3660 5504 Ῥωμαίων.

2868 5506 2888 5536 ⁸
2928 5507 3020 5558 καὶ
3052 5508 3129 5567 είς
3162 5504 3258 5567 τὰς
3285 5504 3531 5574 τρώγλας
3563 5503 3663 5571 τῆς

901 5583 921 5611 ⁵
949 5585 1013 5650 τῇ
1040 5575 1148 5661 γὰρ
1178 5575 1552 5663 ἡμέρᾲ-γῇν
1584 5575 1696 5665 inii:
1726 5581 1784 5633 B.
1827 5579 1962 5634 Tum
2000 5575 2246 5631 ἐκϐάλλει
2277 5577 2335 5632 C.
2392 5578 2411 5608 ⁸
2434 5577 2522 5628 τοῦ
2567 5575 2748 5642 φόϐου.
2792 5575 2881 5628 τοῦ
2911 5591 3020 5628 om.
3055 5575 3116 5630 C.
3194 5575 3212 5606 "
3247 5577 3542 5644 γενόμενοι.
3564 5589 3663 5642 γε-
