3974 6196
419 267 551 334 1079
1406 271 1887 332 THEODORETI
1927 270 2262 330 EPISCOPI
2301 265 2662 328 CYRENSIS
2849 350 2859 360 .
3568 253 3695 317 1080

415 388 604 453 ξαντες
645 387 737 440 καὶ
777 378 937 459 εὗρον
971 388 1063 441 καὶ
1087 390 1108 420 θ
1147 387 1454 458 προύθεσαν
1494 392 1550 442 ἐν
1575 393 1693 453 ταῖς
1760 392 2019 461 ἀγοραῖς·
2064 390 2202 443 ὥστε
2233 390 2325 443 καὶ
2359 390 2510 460 παρὰ
2557 384 2832 455 γυναικῶν
2876 381 2969 436 καὶ
3031 373 3380 451 μειρακίων
3433 369 3701 440 κωμῳδεῖ.

416 482 540 534 σθαι
571 483 695 545 τοὺς
737 482 1105 551 καλουμένους
1138 482 1313 545 θεούς.
1349 483 1430 535 Τά
1471 486 1568 554 μὲν
1599 487 1707 556 γάρ
1741 485 1988 555 ἑρπετῶν
2024 480 2112 555 ἦν,
2140 487 2207 537 τὰ
2233 485 2288 536 δὲ
2319 482 2666 554 τετραπόδων
2737 478 3066 547 ἰνδάλματαο
3130 472 3255 542 ήδη
3284 469 3350 520 δὲ
3389 466 3491 518 καὶ
3520 480 3700 560 νυκτε-

414 573 577 644 ρίδων
604 576 698 628 καὶ
724 575 899 644 μυιῶν
919 575 1230 644 εἰκάσματα
1279 577 1712 647 προσεκύνησαν.
1771 579 1880 632 Καὶ
1918 578 2056 631 αὐτὰ
2099 577 2199 649 μὲν
2227 577 2509 646 ἀναιροῦσι
2549 567 2616 628 τά
2669 572 2816 636 ζῶαο
2856 571 2983 632 τοὺς
3024 568 3189 636 ὄφεις
3235 561 3404 627 λέγω
3446 557 3545 609 καὶ
3590 557 3701 614 τοὺς

413 669 708 738 σκορπίους
739 669 831 721 καὶ
872 669 970 731 τὰς
1003 669 1164 735 μυίας
1196 670 1240 701 ¹⁰
1285 671 1377 724 καὶ
1418 673 1766 742 νυκτερίδας·
1814 672 1883 725 τὰ
1923 672 1980 724 δέ
2017 671 2222 724 τούτων
2247 670 2564 724 ἐθεοποίουν
2601 667 2918 738 μιμήματα.

480 765 683 819 Verum
712 765 779 818 de
813 763 898 817 his
928 764 1060 819 satis
1088 766 1256 820 multa
1297 767 1406 837 jam
1441 767 1698 822 diximus.
1744 767 1986 821 Aliarum
2018 773 2060 826 Α

413 856 595 924 itaque
640 855 1056 926 przedictionum
1106 859 1394 912 veritatem
1440 859 1813 929 inspiciamus.
1844 859 1984 913 Sunt

410 955 592 1000 autem
627 948 742 1001 haec
770 947 934 1001 etiam
968 948 1212 1019 ejusdem
1250 950 1530 1019 propheta:
1559 950 1764 1004 verba:
1807 969 1824 1000 ι
1861 949 1986 1003 Πίος

411 1037 546 1092 dicit
570 1038 833 1094 Dominus
859 1032 1005 1095 Deus
1029 1040 1244 1095 lsraelis
1277 1058 1290 1093 :
1317 1041 1414 1095 Die
1433 1041 1525 1094 illo
1548 1041 1784 1094 confidet
1822 1041 1986 1092 homo

411 1126 468 1180 in
505 1142 570 1180 eo
601 1127 693 1196 qui
731 1126 862 1182 fecit
891 1141 1016 1181 eum
1049 1145 1062 1179 :
1091 1128 1232 1181 oculi
1263 1143 1394 1182 vero
1429 1128 1548 1198 ejus
1579 1128 1644 1181 ad
1680 1127 1938 1181 Sanctum
1969 1129 1986 1147 ¹

411 1216 629 1271 lsraelis
674 1218 991 1287 reSpicient.
1043 1218 1230 1288 Neque
1273 1218 1550 1274 confident
1598 1219 1653 1272 in
1697 1219 1984 1282 altaribus,

413 1322 593 1376 neque
641 1308 696 1361 in
726 1309 986 1377 operibus
1010 1324 1270 1362 manuum
1315 1324 1556 1373 suarum,
1599 1319 1655 1362 et
1689 1325 1809 1378 quas
1842 1308 1987 1362 fece-

417 1408 547 1452 runt
578 1398 733 1468 digiti
760 1400 1023 1468 ipsorum.
1065 1399 1252 1467 Neque
1281 1399 1513 1468 amplius
1543 1399 1808 1453 videbunt
1831 1399 1992 1452 arbo-

415 1504 536 1552 res,
573 1505 751 1558 neque
799 1489 1236 1544 abominationcs
1287 1491 1480 1544 suasi.
1515 1510 1540 1574 ι
1582 1491 1708 1544 llmc
1753 1490 1900 1543 mille
1928 1505 1992 1544 ac

416 1579 669 1649 pluribus
717 1580 875 1634 annis
922 1589 1047 1634 ante
1077 1580 1329 1649 praedixit
1375 1579 1658 1650 propheta,
1692 1596 1854 1649 quam
1903 1596 1994 1634 rea

417 1676 608 1740 gnaret
651 1669 1077 1733 Constantinus,
1115 1679 1238 1738 post
1277 1671 1434 1739 cujus
1458 1687 1682 1740 regnum
1716 1672 1993 1726 destructa

418 1766 547 1813 sunt
583 1759 891 1813 diemonum
919 1759 1179 1813 delubra.
1215 1759 1321 1813 Sed
1355 1760 1440 1812 vir
1462 1761 1574 1814 Deo
1596 1761 1790 1830 plenus
1821 1762 1994 1815 multo

418 1857 545 1904 ante
571 1850 722 1903 velut
750 1865 988 1918 prmscns
1016 1866 1078 1903 ea
1103 1851 1382 1914 cernebat,
1411 1859 1467 1904 et
1496 1859 1647 1904 tanto
1676 1861 1799 1920 post
1821 1853 1996 1921 spatio

417 1948 679 1993 eventura
715 1939 1063 2007 praadicebat.
1091 1939 1397 1993 Dodonmus
1417 1955 1545 1994 vero
1571 1947 1627 1995 et
1647 1941 1897 2010 Pythius,
1927 1957 1996 1996 ne

419 2045 483 2083 ea
547 2028 767 2098 quidem
792 2045 913 2098 quae
972 2036 1095 2098 post
1157 2037 1267 2083 tres
1320 2045 1536 2085 menses
1581 2031 1765 2085 futura
1811 2040 1991 2096 erant,

420 2127 680 2172 eventura
711 2117 1166 2187 praenuntiarunt,
1207 2119 1302 2171 sed
1347 2119 1573 2184 incerta,
1599 2128 1655 2175 et
1695 2121 1802 2175 huc
1841 2122 1995 2176 illuc-
2025 2105 2066 2160 Β

422 2225 529 2279 que
557 2209 836 2280 vergentia
862 2209 1081 2264 oracula
1101 2209 1268 2280 969
1289 2211 1603 2266 ediderunt.
1632 2212 1831 2267 Audite
1868 2229 1999 2268 vero

421 2309 613 2369 etquze
644 2308 951 2369 sequuntur
982 2318 995 2352 :
1032 2319 1050 2350 ι
1084 2300 1500 2367 Convertimini,
1536 2304 1628 2373 qui
1667 2304 1998 2372 profundum

421 2390 708 2445 consilium
729 2391 1085 2462 iniquumque
1106 2394 1474 2458 consultastis,
1492 2394 1584 2448 ﬁlii
1606 2395 1839 2450 lsraelis.
1858 2396 2001 2460 Quo—

422 2480 570 2534 niam
593 2481 680 2535 die
711 2481 803 2534 illo
833 2482 1084 2536 auferent
1111 2484 1362 2538 homines
1391 2500 1559 2553 opera
1584 2499 1844 2537 manuum
1871 2499 1999 2538 sua-

425 2586 549 2624 rum
577 2579 833 2642 argentea
877 2580 933 2626 et
958 2589 1156 2639 aurea,
1188 2590 1308 2644 qua:
1350 2574 1599 2629 fecerunt
1625 2590 1820 2628 manus
1851 2574 1997 2642 ipso—

425 2675 548 2714 rum
573 2658 618 2714 i.
641 2680 660 2712 ι
683 2661 750 2715 Et
766 2677 992 2716 rursus:
1029 2682 1048 2713 ι
1082 2664 1193 2732 Ego
1208 2664 1352 2717 Deus
1369 2663 1598 2731 primus,
1620 2671 1676 2718 et
1693 2664 1748 2718 in
1769 2673 1998 2718 ventura

425 2762 674 2822 tempora
704 2768 804 2822 ego
835 2769 976 2807 sum.
1011 2755 1280 2808 Viderunt
1318 2770 1406 2808 me
1443 2762 1664 2824 gentes,
1696 2762 1750 2808 et
1796 2753 1998 2806 timue-

426 2855 576 2910 runt,
612 2853 668 2899 et
718 2855 962 2900 extrema
1012 2855 1170 2902 terrm
1213 2847 1617 2916 obstupuerunt
1653 2865 1666 2900 :
1703 2847 1998 2916 appropin-

424 2947 734 3007 quavcrunt
757 2946 814 2992 et
845 2947 1116 2991 venerunt
1138 2939 1319 3001 simul,
1349 2938 1602 3006 judicans
1623 2939 1999 3007 unusquisque

425 3029 675 3096 proximo
698 3037 754 3081 et
783 3028 941 3081 fratri
967 3043 1066 3080 suo
1091 3029 1361 3090 auxiliari,
1401 3036 1456 3081 et
1481 3028 1627 3082 dicet
1659 3047 1672 3081 :
1699 3029 1885 3083 Potuit
1916 3030 2000 3083 vir

425 3117 602 3180 faber,
619 3126 675 3171 et
696 3117 960 3170 ferrarius
978 3117 1276 3170 verberans
1295 3117 1510 3182 malleo,
1541 3119 1701 3172 simul
1731 3129 1785 3174 et
1807 3121 1999 3188 impel-

424 3207 564 3260 lens.
585 3206 891 3274 Aliquando
915 3206 1135 3275 quidem
1157 3207 1301 3262 dicet
1336 3227 1347 3260 :
1375 3207 1743 3265 Commissura
1772 3212 1999 3281 pulchra

426 3301 539 3361 est;
575 3297 1004 3351 corroborarunt
1031 3313 1150 3352 eam
1182 3299 1238 3352 in
1267 3299 1436 3355 clavis
1472 3319 1484 3354 :
1513 3311 1754 3356 statuent
1781 3320 1921 3368 eam,
1943 3312 2000 3358 et

426 3403 538 3442 non
567 3389 878 3443 movebitur
905 3390 949 3442 ι.
983 3410 1001 3441 ι
1049 3391 1238 3460 Neque
1271 3393 1416 3446 enim
1453 3402 1596 3449 stare
1632 3406 1862 3464 possunt
1892 3397 1997 3450 nisi

427 3479 599 3534 clavis
632 3480 842 3534 confixa
863 3481 995 3547 sint,
1025 3497 1201 3551 neque
1226 3484 1508 3539 ambulare
1534 3486 1636 3540 nisi
1678 3487 1746 3539 ab
1771 3486 1892 3541 aliis
1916 3486 2000 3541 fe-

427 3580 642 3625 rantur.
680 3571 748 3625 Et
778 3571 977 3626 iterum
1011 3589 1024 3626 :
1073 3591 1092 3624 ι
1125 3573 1292 3628 Jacob
1334 3591 1471 3644 puer
1506 3592 1680 3641 meus,
1707 3577 2004 3647 suscipiam

428 3677 554 3716 eum
587 3683 598 3716 :
637 3663 799 3718 Israel
822 3663 1032 3728 electus
1064 3679 1239 3729 meus,
1271 3666 1482 3736 accepit
1507 3683 1630 3720 eum
1652 3668 1832 3722 anima
1860 3683 2002 3723 mea.

429 3754 563 3808 Dedi
591 3754 854 3823 Spiritum
878 3771 1060 3810 meum
1089 3771 1252 3826 super
1282 3757 1481 3825 ipsum,
1505 3766 1560 3810 et
1583 3758 1848 3828 judicium
1876 3775 2009 3829 gen-

431 3844 580 3898 tibus
611 3845 803 3899 efl‘eret
838 3863 852 3899 :
894 3862 1002 3900 non
1027 3847 1302 3912 clamabit,
1325 3863 1504 3917 neque
1529 3849 1792 3915 remittet,
1829 3867 2008 3920 neque

432 3933 690 3987 audietur
723 3947 878 3990 extra
903 3953 1008 3990 vox
1054 3938 1248 4006 ipsius.
1287 3937 1569 3992 Calamum
1611 3939 1845 3994 fractum
1895 3958 2007 3997 non

431 4025 667 4093 franget,
703 4033 758 4078 et
794 4027 965 4081 linum
997 4028 1269 4100 fumigans
1293 4045 1401 4084 non
1443 4031 1754 4101 exstinguet
1779 4033 1919 4094 :_sed
1949 4034 2005 4086 in

431 4114 720 4169 veritatem
745 4116 1214 4187 eﬂ‘eretjudicium
1242 4139 1254 4173 :
1280 4121 1610 4189 splendebit,
1634 4129 1690 4175 et
1714 4137 1822 4176 non
1841 4139 2006 4192 quas-

434 4205 679 4270 sabitur,
714 4206 888 4262 donec
916 4220 1083 4279 ponat
1121 4212 1174 4265 in
1207 4221 1353 4265 terra
1385 4212 1693 4281 judicium:
1729 4222 1785 4267 et
1823 4213 1878 4267 in
1904 4230 2009 4268 no-

437 4298 586 4351 mine
633 4297 779 4352 illius
818 4309 1007 4369 gentes
1063 4301 1379 4370 sperabunt.
1435 4303 1514 4356 lta
1563 4301 1696 4356 dicit
1745 4305 2010 4361 Dominus

437 4387 581 4440 Deus
605 4387 843 4454 lsraelis,
887 4391 982 4460 qui
1010 4390 1140 4445 fecit
1187 4393 1408 4458 cmlum,
1434 4393 1599 4462 970
1639 4402 1696 4447 et
1736 4397 2011 4466 compegit

437 4477 594 4544 illud,
619 4479 711 4548 qui
738 4479 973 4534 firmavit
1005 4488 1228 4547 terram,
1257 4491 1314 4536 et
1354 4497 1476 4552 qua:
1506 4484 1561 4536 in
1589 4483 1705 4552 ipsa
1737 4494 1884 4549 sunt,
1915 4489 2010 4556 qui

440 4568 592 4623 dedit
632 4572 820 4625 flatum
848 4571 1053 4641 populo
1076 4573 1170 4641 qui
1200 4581 1283 4627 est
1311 4589 1477 4643 super
1501 4590 1643 4638 eam,
1675 4585 1731 4629 et
1755 4577 2010 4646 spiritum

439 4658 508 4714 iis
546 4661 640 4730 qui
683 4663 897 4717 calcant
938 4677 1078 4717 eam.
1124 4664 1236 4734 Ego
1263 4664 1526 4721 Dominus
1557 4669 1702 4723 Deus
1736 4669 1923 4721 vocavi
1956 4679 2006 4723 te

2175 765 2335 818 Ἀλλά
2367 764 2572 817 τούτων
2613 763 2742 832 πέρι
2787 758 3016 818 πολλοὺς
3053 754 3162 825 ήδη
3203 746 3596 818 διεξήλθομεν
3620 743 3700 795 λό-

2091 874 2248 925 γους·
2279 856 2386 909 τῶν
2408 854 2582 908 ἄλλων
2609 854 2648 883 ¹¹
2678 848 2770 904 οὖν
2807 847 3071 920 χρησμῶν
3112 839 3574 911 καταμάθωμεν
3616 836 3702 904 τὴν

2088 947 2366 1018 ἀλήθειαν.
2417 945 2523 998 Τοῦ
2570 945 2624 997 δὲ
2662 943 2825 996 αὐτοῦ
2871 941 3157 1009 προφήτου
3210 935 3320 986 καὶ
3364 929 3551 983 ταῦτα
3579 929 3620 958 ¹²
3647 927 3702 979 τά

2091 1040 2339 1109 ῥήματα⁸
2382 1056 2398 1088 ι
2442 1036 2580 1089 Τάδε
2617 1033 2765 1100 λέγει
2807 1031 3007 1100 Κύριος
3049 1030 3076 1081 6
3123 1025 3280 1087 Θεὸς
3321 1019 3480 1094 [τοῦ]
3521 1020 3563 1050 ¹³
3609 1019 3702 1070 ’ῐσ-

2091 1130 2231 1200 ραήλ
2255 1145 2268 1158 ’
2301 1129 2379 1198 Τῇ
2421 1127 2604 1198 ἡμέρᾳ
2645 1124 2828 1193 ἐκείνῃ
2860 1117 3135 1181 πεποιθὼς
3197 1117 3373 1168 ἔσται
3422 1111 3703 1179 ἄνθρωπος

2092 1221 2231 1293 [ἐπὶ]
2259 1219 2335 1290 τῷ
2365 1221 2649 1289 ποιήσαντι
2675 1216 2838 1270 αὐτόν
2859 1230 2872 1244 ⁸
2913 1213 2962 1266 oi
3001 1211 3055 1263 δὲ
3085 1205 3396 1279 ὀφθαλμοὶ
3429 1200 3599 1256 αὑτοῦ
3633 1202 3701 1262 είς

2091 1313 2181 1366 τὸν
2203 1311 2358 1379 ἆγιον
2384 1310 2476 1364 τοῦ
2524 1308 2740 1379 Ἰσραὴλ
2780 1303 3165 1375 ἐμϐλέψονται.
3217 1297 3346 1352 Καὶ
3388 1296 3455 1347 ού
3511 1293 3586 1362 μὴ
3617 1307 3702 1341 πε-

2094 1405 2344 1468 ποιθότες
2374 1397 2506 1456 ὦσιν
2537 1402 2630 1453 ἐπὶ⁵
2659 1401 2768 1462 τοῖς
2796 1398 3017 1466 βωμοῖς,
3056 1392 3185 1445 οὐδὲ
3237 1389 3344 1441 ἐπὶ
3379 1388 3502 1448 τοῖς
3529 1384 3699 1453 ἔργοις

2092 1496 2201 1549 τῶν
2231 1485 2430 1566 χεὶρῶν
2464 1491 2664 1552 αὐτῶν,
2691 1490 2726 1543 ἃ
2756 1488 3017 1555 ἐποίησαν
3047 1485 3096 1537 οἱ
3143 1479 3436 1535 δάκτυλοι
3488 1474 3665 1528 αὐτῶν
3684 1487 3697 1501 ⁸

2094 1589 2188 1641 καὶ
2215 1565 2398 1640 οὐκέτι
2425 1584 2644 1652 ὄψονται
2685 1581 2753 1632 τὰ
2780 1578 2994 1648 δένδρα,
3046 1573 3173 1627 ούδέ
3233 1570 3308 1623 τὰ
3351 1565 3697 1639 βδελύγματα

2094 1679 2292 1731 αὐτῶν.
2331 1696 2350 1729 ι
2383 1674 2568 1728 Ταῦτα
2619 1671 2725 1742 πρὸ
2769 1669 3030 1721 πλειόνων
3062 1667 3096 1735 ἦ
3134 1663 3351 1734 χιλίων
3412 1657 3556 1709 ἐτῶν
3607 1657 3697 1724 τῆς

2095 1766 2506 1822 Κωνσταντίνου
2543 1761 2819 1833 βασιλείας
2845 1756 3274 1829 προηγόρευσεν
3309 1751 3342 1802 6
3391 1746 3690 1818 προφήτης,

2101 1860 2216 1930 μεθ’
2249 1860 2314 1930 ἢν
2353 1858 2420 1911 τὰ
2465 1857 2574 1909 τῶν
2607 1853 2879 1924 δαιμόνων
2917 1846 3200 1914 κατελύθη
3256 1841 3501 1912 τεμένη.
3548 1835 3695 1930 Ἀλλά

2098 1927 2192 2004 καὶ
2218 1927 2499 2020 πόρρωθεν
2528 1949 2556 2000 6
2589 1945 2842 2014 θεοφόρος
2873 1942 3012 2011 ἀνὴρ
3045 1939 3121 2002 ὡς
3165 1933 3382 2004 παρὼν
3428 1931 3576 2020 ἐώρα
3610 1927 3692 1980 καὶ

2101 2019 2366 2110 προύλεγε
2393 2037 2459 2090 τὰ
2485 2035 2620 2106 μετὰ
2647 2031 2900 2086 τοσοῦτον
2921 2030 3154 2099 ἐσόμενα
3187 2025 3402 2097 χρόνον
3422 2039 3436 2052 ο
3466 2025 3493 2074 6
3521 2019 3576 2072 δὲ
3600 2022 3692 2070 Δω-

2101 2133 2321 2194 δωναῖος
2355 2130 2447 2181 καὶ
2475 2129 2502 2193 ὸ
2529 2125 2726 2188 Πύθιος
2760 2124 2800 2154 ¹⁶
2839 2122 2956 2176 οὐδέ
2977 2120 3046 2173 τὰ
3073 2117 3224 2188 μετὰ
3264 2116 3430 2189 τρεῖς
3468 2110 3690 2191 ἐσόμενα

2104 2225 2278 2293 μῆνας
2313 2219 2652 2290 προειπάτην
2691 2215 2767 2278 ὡς
2811 2212 3031 2284 ἔμελλεν
3074 2207 3352 2267 ἔσεσθαι,
3401 2201 3541 2256 ἀλλὰ
3573 2199 3687 2268 τῇδε

2101 2315 2323 2366 κάκεῖσε
2367 2309 2716 2379 κλινομένους
2758 2306 2996 2372 ἐδιδότην
3036 2303 3079 2336 ¹⁸
3115 2299 3451 2373 χρησμούς.
3512 2293 3689 2345 Ἂκού·

2101 2421 2230 2457 σατε
2261 2403 2314 2454 δὲ
2345 2402 2439 2456 καὶ
2476 2401 2583 2453 τῶν
2615 2400 2772 2473 ἑξῆς·
2831 2417 2848 2450 ι
2897 2396 3347 2467 Ἐπιστράφητε,
3376 2393 3427 2444 οἱ
3473 2389 3570 2457 τὴν
3597 2385 3682 2455 βα-

2101 2495 2248 2549 θεῖαν
2278 2493 2468 2564 βουλὴν
2508 2491 2885 2560 βουλευόμενοι
2914 2489 2958 2520 ⁸⁸
3006 2488 3100 2540 καὶ
3140 2485 3387 2554 ἄνομον,
3441 2480 3550 2532 υἱοὶ
3592 2479 3685 2528 Ἰσ-

2106 2584 2274 2655 ραήλ⁶
2324 2583 2404 2635 ὃτι
2443 2585 2508 2652 τῇ
2551 2581 2736 2652 ἡμέρᾳ
2774 2579 2957 2648 ἐκείνῃ
2999 2575 3347 2646 ἁφελοῦνται
3395 2572 3437 2603 ³⁷
3486 2566 3579 2640 [οἱ]
3602 2565 3684 2640 av.

2102 2674 2308 2744 θρωποι
2355 2673 2425 2724 τά
2476 2669 2830 2740 χειροποίητα
2878 2665 3054 2720 αὐτῶν
3099 2665 3170 2718 τὰ
3222 2663 3460 2733 ἀργυρᾶ
3502 2659 3593 2711 καὶ
3623 2655 3683 2707 τὰ

2101 2763 2279 2833 χρυσᾶ
2307 2762 2373 2823 ’⁸,
2399 2759 2434 2814 ἆ
2464 2758 2726 2828 ἐποίησαν
2755 2757 2812 2808 αἱ
2847 2757 3027 2826 χεῖρες
3050 2753 3261 2807 αὐτῶν.
3307 2771 3325 2803 ι
3357 2748 3473 2803 Καὶ
3509 2747 3675 2799 πάλιν·

2108 2874 2126 2904 ι
2169 2852 2308 2921 Ἐγὼ
2461 2850 2594 2912 Θεὸς
2631 2847 2849 2918 πρῶτος
2881 2848 2922 2878 ¹⁹
2945 2865 2958 2877 ·
3000 2846 3095 2899 καὶ
3125 2847 3211 2907 εἰς
3235 2843 3310 2896 τά
3343 2839 3679 2909 ἐπερχόμενα

2101 2945 2210 3013 ἐγώ
2235 2946 2370 3013 εἰμι.
2405 2943 2628 2996 Είδοσάν
2653 2939 2771 3014 [με]
2803 2942 2846 2972 ¹⁰
2872 2938 2997 3010 ἔθνη
3035 2938 3131 2995 καὶΙ
3167 2934 3563 3004 ἐφοϐήθησαν.
3614 2926 3672 2978 τὰ

2033 3089 2035 3091 ,
2102 3038 2247 3108 ἄκρα
2272 3037 2370 3105 τῆς
2403 3034 2504 3103 γῆς
2539 3033 2868 3101 ἐξέστησαν’
2913 3031 3148 3101 ἤγγισαν
3196 3027 3298 3087 καὶ
3345 3020 3534 3094 ἦλθον,
3573 3018 3676 3085 ἅμα

2102 3129 2305 3199 κρίνων
2330 3126 2559 3186 ἕκαστος
2579 3122 2656 3193 τῷ
2681 3121 2912 3191 πλησίον
2937 3119 3234 3190 βοηθῆσαι,
3275 3117 3374 3170 καὶ
3421 3113 3494 3182 τῷ
3531 3108 3668 3163 ἀδελ-

2103 3216 2217 3289 φῷ·
2253 3217 2347 3269 καὶ
2378 3215 2496 3284 ἐρεῖ
2520 3227 2534 3241 ·
2567 3213 2817 3282 Ἰσχυσεν
2846 3210 2986 3282 ἀνὴρ
3029 3209 3270 3271 τέκτων,
3306 3203 3408 3257 καὶ
3456 3199 3671 3289 χαλκεὺς

2101 3287 2322 3360 τύπτων
2351 3304 2554 3376 σφύρᾳ,
2581 3301 2698 3371 ἅμα
2719 3299 2979 3354 ἐλαύνων.
3004 3298 3137 3364 Τότε
3155 3299 3203 3328 ’ί
3232 3297 3335 3366 μὲν
3360 3293 3480 3364 ἐρεῖ
3502 3303 3518 3319 ·
3537 3287 3668 3355 Σύμ-

2026 3430 2068 3486 C
2102 3397 2202 3466 ὅλη
2213 3413 2286 3466 μα
2316 3394 2478 3448 καλόν
2512 3396 2678 3446 ἐστιν.
2717 3391 3048 3460 Ἰσχύρωσαν
3067 3388 3203 3441 αὐτὸ
3226 3389 3287 3441 ἐν
3311 3385 3464 3486 ἣλοις
3483 3382 3525 3412 ¹¹
3544 3379 3669 3480 ’.θή-

2108 3503 2289 3538 σουσιν
2322 3483 2475 3549 αὐτὸ,
2508 3483 2603 3536 καὶ
2631 3481 2692 3534 οὐ
2717 3481 3088 3551 κινηθήσεται.
3120 3498 3138 3529 ι
3179 3477 3330 3530 υῦτε
3354 3475 3462 3544 γάρ
3496 3469 3666 3538 στῆναι

2109 3576 2184 3647 μὴ
2209 3573 2574 3645 καθηλωμένα
2615 3573 2658 3604 ’³
2693 3571 2934 3647 δύναται,
2996 3569 3118 3622 οὔτε
3160 3565 3411 3638 βαδίζειν
3451 3562 3522 3632 μὴ
3552 3555 3666 3624 παρ’

2105 3667 2280 3721 ἄλλων
2308 3665 2605 3734 φερόμενα.
2637 3664 2747 3716 Καὶ
2775 3657 2930 3724 αὖθις
2952 3678 2968 3691 ⁶
3005 3679 3022 3712 ι
3072 3657 3277 3712 Ὶακὼὸ
3324 3659 3354 3710 6
3393 3655 3516 3714 παῖς
3543 3661 3663 3718 μου·

2105 3756 2467 3827 άντιλήψομαι
2493 3753 2658 3809 αὐτοῦ
2687 3756 2752 3806 ³⁸.
2781 3752 2999 3823 Ἰσραὴλ
3017 3753 3044 3804 6
3067 3750 3334 3812 ἐκλεκτός
3366 3741 3513 3820 [MS]
3539 3756 3628 3810 μου
3648 3753 3660 3766 ⁸

2106 3846 2470 3918 προσεδέξατο
2503 3844 2666 3897 αὐτὸν
2699 3846 2732 3914 ή
2780 3842 2925 3912 ψυχή
2963 3858 3084 3910 μου.
3128 3840 3358 3894 Ἔδωκα
3381 3836 3442 3888 τὸ
3473 3827 3664 3898 πνεῦμά

2110 3955 2209 4006 μου
2243 3937 2330 3988 ἐπ’
2363 3935 2548 4000 αὑτὸν,
2597 3933 2736 4006 [καὶ]
2770 3935 2815 3966 ³⁸
2845 3935 3026 4003 κρίσιν
3057 3934 3167 3994 τοῖς
3203 3932 3424 3983 ἔθνεσιν
3453 3923 3657 3988 ἐξοίσει·

2107 4030 2166 4082 ού
2193 4029 2541 4099 κεκράξεται,
2575 4027 2695 4080 οὐδὲ
2735 4027 2944 4097 ἀνήσει,
2979 4025 3098 4077 οὐδὲ
3147 4023 3548 4090 ἀκουσθήσεται
3570 4011 3656 4075 ἔξω

2109 4120 2142 4189 ή
2172 4119 2324 4188 φωνὴ
2357 4119 2560 4172 αὑτοῦ·
2599 4117 2844 4187 κάλαμον
2886 4115 3256 4182 τεθλασμένον
3307 4113 3369 4165 ού
3410 4103 3655 4167 κατεάξει,

2110 4213 2213 4265 καὶ.
2247 4212 2392 4264 λίνον
2448 4210 2844 4278 καπνιζόμενον
2896 4208 2957 4260 ού
3003 4208 3182 4261 σϐέσει
3208 4223 3222 4236 °
3261 4203 3380 4260 ἀλλ’
3419 4202 3496 4263 είς
3544 4194 3659 4261 ἀλή-

2111 4305 2260 4356 θειαν
2287 4303 2333 4335 "
2367 4303 2563 4368 ἐξοίσει
2589 4302 2772 4372 κρίσιν
2792 4317 2805 4331 ·
2835 4299 3164 4371 ἀναλάμψει,
3196 4300 3296 4351 καὶ
3324 4297 3384 4348 οὐ
3415 4285 3656 4372 θραυσθήξ

2113 4413 2286 4458 σεται,
2315 4393 2420 4457 ἓως
2457 4392 2522 4445 ἂν
2557 4371 2639 4461 θῇί
2665 4391 2758 4444 ἐπὶ
2791 4393 2890 4461 τῆς
2923 4391 3027 4459 γῆς
3063 4391 3245 4461 κρίσιν
3271 4405 3286 4420 ⁸
3337 4385 3432 4439 καὶ
3482 4379 3567 4432 ἐπὶ
3591 4371 3657 4440 τῷ

2094 4485 2334 4555 ·ὀκιόματι
2363 4482 2528 4536 αὑτοῦ
2558 4482 2686 4552 ἔθνη
2725 4481 3030 4534 ἐλπιοῦσιν.
3064 4479 3251 4541 Οὕτως
3293 4477 3442 4544 λέγει
3475 4466 3652 4555 Κύριοξ

2111 4578 2139 4629 6
2171 4550 2300 4638 Θεὸς
2323 4574 2464 4647 [τοῦ]
2490 4576 2534 4605 ’⁷
2585 4550 2821 4643 Ἰσραὴλ,
2854 4574 2882 4624 6
2927 4572 3161 4640 ποιήσας
3195 4570 3287 4622 τὸν
3319 4561 3538 4656 οὐρανίη)
3574 4550 3655 4656 κςλ

2117 4669 2292 4738 πήξας
2321 4667 2483 4720 αὑτὸν
2507 4668 2582 4728 ’⁸.
2610 4667 2638 4718 ὁ
2675 4663 2981 4734 στερεώσας
3003 4662 3099 4732 τὴν
3132 4660 3238 4728 γῆν
3269 4658 3362 4711 καὶ
3396 4652 3461 4705 τά
3487 4651 3538 4700 ἐν
3567 4651 3648 4738 at):

439 4751 494 4804 in
538 4753 770 4822 justitia.
804 4754 1026 4809 Tenebo
1057 4771 1280 4810 manum
1314 4766 1484 4822 tuam,
1539 4769 1594 4812 et
1639 4759 2001 4814 corroborabo

2113 4729 2250 4829 fﬁ-i’
2279 4797 2292 4819 ,
2328 4756 2420 4809 καὶ
2454 4755 2629 4818 διδοὺς
2667 4729 2834 4830 πνοῇν
2859 4751 2937 4821 τῷ
2960 4729 3076 4820 λαῷ
3104 4748 3182 4818 τῷ
3229 4747 3318 4800 ἐπ’
3345 4743 3507 4830 αὐτῆς
3528 4729 3649 4830 ,Ακςιν

441 4848 514 4893 te.
544 4841 675 4896 Dedi
701 4851 752 4896 te
785 4843 839 4896 in
881 4852 1264 4900 testamentum
1296 4848 1532 4916 generis,
1559 4849 1614 4902 in
1650 4849 1837 4903 lumen
1871 4866 2005 4918 gen-

443 4930 601 4996 tium,
636 4933 851 5002 aperire
883 4937 1073 4990 oculos
1097 4952 1364 4991 caecorum
1386 4978 1400 5002 ,
1449 4939 1684 4994 educere
1713 4957 1742 4995 e
1772 4941 2007 4996 vinculis

519 5060 531 5086 ι
567 5047 670 5103 lsa.
705 5064 832 5112 mi,
865 5049 916 5113 7,
946 5049 999 5103 8.
1080 5048 1093 5098 ἱ
1130 5049 1234 5104 lsa.
1258 5065 1406 5114 xxxx,
1440 5049 1493 5114 6,
1531 5052 1582 5104 7.

1662 5050 1684 5087 ¹ι
1728 5053 1810 5106 lsa
1843 5069 1950 5115 xu,
1971 5054 2026 5114 4,
2049 5051 2104 5104 7.

2115 4819 2333 4915 πνεῦμα
2359 4847 2472 4907 τοῖς
2519 4819 2803 4897 πατοῦσιν-
2827 4819 3020 4910 αὐτήν.
3050 4819 3206 4905 νἙγὼ
3250 4835 3451 4904 Κύριος
3486 4828 3512 4878 6
3537 4819 3646 4915 Θεθςς

2117 4938 2351 4991 ἐκάλεσά
2383 4954 2440 4990 σε
2480 4939 2537 4989 ἐν
2569 4933 2882 5004 δικαιοσύνῃ
2903 4949 2916 4962 ’
2962 4931 3056 4985 καὶ
3086 4931 3346 5002 κρατήσω
3369 4924 3462 4992 τῆς
3490 4909 3645 4988 χειρός

1736 5214 1971 5268 νΛΒΙᾹΞ
2013 5213 2408 5268 LECTIONES.

514 5323 535 5354 ’
562 5322 838 5392 εὑρόντες,
867 5317 1022 5392 εὗρον
1047 5323 1138 5374 καὶ
1166 5321 1229 5392 Βἐ
1307 5321 1349 5392 ξο
1369 5321 1464 5392 τὰς
1495 5321 1676 5392 μυίας.
1701 5324 1799 5392 τὰς
1827 5338 1937 5377 om.
1979 5323 2039 5376 Β.
2121 5323 2160 5354 ¹¹
2193 5322 2384 5375 ἄλλων.
2418 5320 2531 5392 τῶν
2563 5319 2823 5392 ἄλλων-β.
2905 5317 3159 5392 "tufam:
3184 5315 3306 5392 τάδε
3328 5311 3425 5392 ηρ.

3498 5301 3538 5332 ¹³
3565 5294 3640 5350 τοῦ

445 5367 1257 5454 οωῖἦόἶίιοιῐτέὲτιᾶηῗὺ.
1306 5367 1462 5444 Infra
1493 5367 1585 5441 ξοδ
1617 5367 1724 5444 ἅιη.
1753 5367 1937 5446 6.“?c
1961 5367 2235 5454 ἔίιύοιοξ.
2289 5393 2317 5442 ὁ
2349 5403 2456 5440 om.
2492 5388 2552 5442 α.
2632 5389 2673 5417 ιε
2705 5387 2904 5439 ἐδίδουν
2932 5386 3076 5447 τούς.
3106 5385 3336 5452 ἐδιδότην
3368 5380 3455 5454 Β..
3497 5372 3536 5402 ¹⁶
3563 5367 3636 5454 βξς

445 5456 839 5533 δουλεᾲυμ-ένοιχ
865 5461 1236 5533 βουλευόμενοι
1279 5460 1340 5533 Ιξ,
1372 5461 1469 5533 Ya.
1548 5461 1590 5490 ¹⁷
1626 5461 1967 5533 άθςελοῦνται.
2001 5464 2078 5515 ἀπ

448 5529 625 5626 χρυσῇ
644 5499 749 5606 ib.
829 5499 1126 5626 ’ννπρῶἔοξ
1152 5546 1260 5583 om.
1300 5501 1466 5626 ἀμ]
1497 5545 1604 5626 op].

525 5611 591 5626 νη
634 5600 880 5626 νι......τ....
949 5617 1015 5626 -.μ
1057 5618 1085 5626 ..
1126 5599 1323 5626 -.'...-.._
1555 5600 1573 5626 ω
1601 5602 1696 5626 ...⁸-

525 5595 903 5669 καθηλωμένα.
948 5595 1184 5669 καθηλού
1194 5617 1328 5669 μενα
1374 5595 1431 5652 Β.

2080 5461 2482 5532 αρνηθήσονται
2517 5457 2650 5532 Vb.“
2698 5458 2740 5532 “f
2765 5458 2832 5508 τὰ
2865 5458 3058 5532 χρυσῇ
3109 5456 3176 5532 τά

1798 5531 1844 5560 ²⁰
1870 5533 2077 5584 εἴδοσάν
2109 5526 2413 5597 ίδοσαν
2449 5527 2530 5597 B.
2612 5527 2653 5557 ’ί
2679 5527 2818 5578 τότε.
2857 5526 2974 5597 ποτὲ

1528 5600 1573 5631 ³³
1598 5600 1781 5651 αὑτοῦ.
1812 5601 1956 5668 αύτῷ
1992 5601 2051 5653 C.

450 5679 559 5719 um.
587 5663 644 5717 B.
725 5666 766 5694 "
790 5669 946 5720 αὑτὸν
971 5663 1087 5721 οῐιι.⁷
1119 5663 1294 5734 limbi
1331 5667 1630 5737 στερεώσας
1664 5669 1754 5719 τὸν
1791 5663 1941 5721 οὖνον
1987 5670 2038 5722 ni
2069 5663 2225 5721 fallor
2247 5684 2273 5718 ιι
2294 5663 2348 5737 [ιῖ
2379 5684 2451 5719 ιη.

3211 5445 3566 5524 χρύσοπῖίῇτακ
3583 5445 3636 5524 33

2612 5502 2616 5508 ’
2775 5502 2831 5508 ’τ’
2867 5502 3058 5526 I.t‘“"'
3121 5502 3176 5506 “”
3214 5502 3270 5524 ΛΓ
3293 5502 3300 5503 7
3460 5502 3487 5529 γ’

2612 5527 2818 5578 “161's.
2857 5526 2983 5577 ποτὲ
3013 5525 3074 5579 C.
3151 5525 3195 5554 ³⁵
3228 5524 3385 5592 ἥλως·
3424 5502 3633 5592 λξθῗίςγῌῖ

2131 5595 2348 5668 ’⁵’1καὶδ
2383 5613 2490 5648 om.
2523 5596 2578 5648 Β.
2681 5598 2723 5626 ’⁵
2757 5596 3032 5664 ἀλήθειαν.
3083 5566 3259 5668 ἀληθῆ⁸
3283 5590 3377 5644 Ἣ),
3452 5581 3492 5613 ²τ
3517 5566 3634 5648 [τον]

2530 5668 2572 5696 ²⁵⁴
2603 5668 2688 5718 ἐπ’
2719 5667 2904 5735 αὐτῆς.
2939 5667 2994 5718 ἐν
3030 5667 3165 5735 αὐτῇ
3207 5665 3262 5717 Β.

3883 3181 3892 3278 |
