3974 6196
278 348 406 416 1081

939 332 1376 408 GR/ECARUM
1414 343 1713 405 AFFECT.
1752 338 2280 405 CURATIO.-X.
2318 345 2421 405 DE
2457 314 2851 405 ORACULIS.

3382 339 3517 405 103:7.

275 480 394 529 σου,
424 462 519 516 καὶ
546 448 811 529 ἐνισχόσω
839 474 897 510 σε
919 473 934 488 ο
991 458 1087 512 καὶ
1125 444 1301 509 ἐδωκά
1335 472 1393 509 σε
1443 455 1524 518 είς
1566 451 1833 520 διαθήκην

1944 451 2239 524 colligatos,
2265 459 2354 511 et‘
2377 472 2408 510 e
2431 454 2594 510 domo
2613 454 2876 511 custodia
2897 452 3151 509 sedentes
3168 452 3223 507 in
3246 454 3508 512 tenebris.

268 552 485 624 γένους,
512 554 592 614 είς
618 550 731 620 φῶς
760 548 952 614 ἐθνῶν,
988 549 1195 615 ἀνοῖξαι
1242 546 1556 617 ὀφθαλμοὺς
1597 541 1834 613 τυφλῶν,

269 646 561 714 ἑξαγαγεῖν
586 645 649 696 ἐκ
678 641 897 712 δεσμῶν
923 640 1265 710 δεδεμένους,
1290 639 1385 692 καὶ
1408 638 1468 702 ἐξ
1494 638 1645 690 οἴκου
1672 636 1839 703 φυλα-

272 735 378 805 κῆς
404 733 747 803 καθημένους
792 734 850 786 ὲν
906 732 1107 785 σκότει.
1176 730 1315 797 Ἐγὼ
1355 729 1558 801 Κύριος
1600 729 1628 781 ὁ
1681 726 1834 789 Θεός.

271 822 442 877 Τοῦτό
469 822 558 894 μοί
588 823 633 855 ³ο
657 825 806 875 ἐστιν
846 822 1039 893 όνομα.
1095 821 1207 892 Τὴν
1239 820 1398 886 δόξαν
1433 835 1534 890 μου
1580 817 1749 887 ἑτέρῳ
1775 816 1835 869 οὐ

269 910 445 975 δώσω,
472 911 594 965 οὐδὲ
616 910 716 974 τὰς
743 911 945 981 ἀρετάς
982 928 1083 981 μου
1119 912 1230 974 τοῖς
1269 909 1548 979 γλυπτοῖς.
1590 926 1609 957 ι
1654 905 1838 960 Ταῦτα

268 1002 298 1055 ό
323 1002 430 1055 τῶν
450 1002 588 1056 ὅλων
620 1002 750 1066 Θεὸς
779 1001 913 1072 πρὸς
928 1002 1020 1055 τὸν
1049 1000 1330 1068 Δεσπότην
1357 997 1589 1070 Χριστὸν
1607 996 1682 1060 ὡς
1702 994 1838 1066 πρὸς

262 1090 555 1163 ἄνθρωπον
591 1092 731 1163 ἔφη,
774 1092 882 1146 ἀπὸ
921 1091 1021 1162 τῆς
1048 1091 1334 1162 όρωμὲνης
1376 1088 1591 1157 φύσεως
1645 1084 1836 1139 ἰακὼὸ

270 1182 432 1236 αὐτὸν
456 1183 552 1236 καὶ
590 1182 803 1254 Ἰσραὴλ
822 1183 1096 1252 ὀνομάσας
1114 1198 1129 1213 ·
1160 1181 1217 1247 ἐξ
1243 1181 1451 1234 ἐκείνου
1476 1178 1585 1249 γάρ
1604 1177 1669 1248 δὴ
1697 1175 1837 1230 κατά

270 1274 451 1344 σάρκα
468 1273 562 1326 τοῦ
594 1273 784 1342 γένους
810 1272 1070 1335 ἀνέτειλε,
1106 1273 1203 1326 καὶ
1230 1270 1431 1337 ἔδειξεν
1458 1268 1623 1322 αὐτοῦ
1648 1266 1836 1336 σαφῶς

268 1363 367 1435 τὴν
398 1364 701 1435 πραότητα,
724 1364 821 1418 καὶ
846 1362 947 1434 τὴν
974 1361 1379 1433 μακροθυμίαν,
1484 1358 1839 1431 παροινούμε-

269 1471 360 1516 νος
398 1456 529 1523 παρ’
592 1455 861 1510 Ἰουδαίων
888 1456 1177 1525 ἐχρήσατο.
1225 1453 1427 1506 Τοῦτον
1460 1454 1540 1515 είς
1570 1450 1837 1519 διαθήκην

270 1545 372 1616 ἔφη
396 1545 618 1617 δοθῆναι
643 1546 737 1599 τοῦ
770 1545 984 1614 γένους.
1013 1546 1124 1600 Καὶ
1149 1545 1260 1616 γὰρ
1291 1547 1405 1606 τοῖς
1445 1540 1834 1612 πατριάρχαις,

270 1638 366 1690 καὶ
413 1639 597 1702 αὐτοῖς
651 1637 948 1704 Ἰουδαίοις,
981 1636 1081 1707 τὴν
1108 1637 1175 1690 δι’
1210 1635 1378 1689 αὐτοῦ
1428 1633 1704 1704 σωτηρίαν
1735 1633 1838 1685 ὑπ-

272 1725 479 1796 έσχετο.
514 1728 656 1798 Ἔφη
683 1727 740 1780 δὲ
771 1727 933 1780 αὑτὸν
963 1727 1057 1779 καὶ
1080 1727 1161 1790 είς
1189 1724 1305 1794 φῶς
1335 1723 1504 1777 ἐθνῶν
1533 1722 1834 1785 ἀνατεῖλαι,

270 1821 409 1876 ὥστε
435 1823 542 1876 τῶν
567 1822 784 1891 τυφλῶν
822 1822 1030 1888 ἀνοῖξαι
1067 1822 1192 1883 τοὺς
1219 1818 1555 1889 ὀφθαλμοὺς,
1588 1816 1682 1870 καὶ
1727 1814 1837 1868 τῶν

270 1912 663 1984 πεπεδημένων
690 1913 759 1967 τὰ
784 1912 960 1983 δεσμά
991 1910 1278 1984 διαρρῆξαι
1301 1952 1317 1976 ,
1372 1909 1468 1961 καὶ
1501 1909 1627 1969 τοὺς
1657 1908 1715 1959 ὲν
1758 1904 1839 1976 τῷ

272 2004 423 2075 ζόφῳ
445 2005 546 2075 τῆς
566 2003 788 2073 ἀγνοίας
811 2004 887 2067 ὡς
916 2005 975 2056 έν
1017 2003 1207 2073 εἱρκτῇ
1241 1998 1587 2070 καθημένους
1629 1994 1838 2049 ὲλευθε⁴

276 2095 448 2166 ρῶσαι
476 2093 569 2147 τοῦ
618 2094 864 2158 σκότους.
902 2091 1153 2162 Τυφλοὺς
1184 2092 1242 2145 δὲ
1292 2092 1390 2144 καὶ
1428 2087 1839 2157 πεπεδημένους

274 2187 370 2240 καὶ
396 2190 455 2240 ὲν
502 2186 686 2241 σκότει
737 2184 1081 2255 καθημένους
1112 2183 1237 2246 τοὺς
1280 2182 1377 2253 τῆς
1417 2181 1459 2213 ³¹
1490 2178 1713 2247 ἀγνοίας
1738 2178 1838 2249 τὴν

275 2278 440 2349 ἀχλὺν
468 2275 888 2348 περικειμένους
921 2274 1168 2333 ἐκάλεσε,
1204 2273 1446 2334 καὶτοὺς
1471 2272 1592 2334 ταῖς
1628 2272 1837 2341 σειραῖς

273 2371 372 2439 τῆς
411 2369 683 2438 ἁμαρτίας
709 2364 1141 2435 πεπεδημένους.
1173 2364 1297 2416 Ὀτι
1318 2363 1374 2417 δὲ
1400 2364 1525 2425 τοὺς
1545 2362 1624 2432 τῷ
1652 2362 1838 2433 πλάνῳ

273 2460 374 2531 τῆς
421 2458 838 2525 δεισιδαιμονίας
883 2453 1315 2523 δεδουλωμένους
1350 2452 1523 2515 οὕτως
1565 2453 1836 2521 ὠνόμασε,

279 2551 546 2619 μαρτυρεῖ
575 2548 643 2601 τὰ
668 2547 815 2616 ἑξῆς.
843 2565 862 2597 ι
920 2543 1061 2613 Ἐγὼ
1080 2544 1211 2614 γὰρ,
1248 2541 1374 2612 ἔφη.
1407 2540 1611 2611 Κύριος
1639 2541 1836 2601 δθεός⁶

274 2638 432 2693 τοῦτό
466 2637 555 2709 μοί
588 2638 632 2669 ⁸²
674 2639 826 2689 ἔστιν
866 2636 1068 2704 ὄνομαο
1111 2634 1210 2703 τὴν
1236 2632 1394 2698 δόξαν
1430 2648 1530 2702 μου
1578 2632 1748 2701 ἑτέρῳ
1775 2632 1836 2685 οὐ

276 2722 457 2795 δώσω,
486 2728 608 2782 οὐδὲ
646 2726 743 2789 τὰς
784 2725 981 2795 ἀρετάς
1035 2741 1134 2793 μου
1166 2725 1277 2786 τοῖς
1315 2723 1592 2789 γλυπτοῖς.
1630 2742 1648 2774 ι
1688 2724 1837 2793 ’Ἅμα

276 2836 341 2874 τε
365 2817 475 2889 γάρ
512 2818 755 2887 ἐπεφάνη
793 2815 888 2867 καὶ
917 2814 1017 2882 τῆς
1065 2812 1434 2885 προσηγορίας
1476 2814 1673 2877 αὐτοὺς
1716 2815 1841 2882 ὲγά-

282 2926 497 2983 μνωσεν
523 2950 539 2967 .
587 2910 653 2977 ἢν
690 2905 1032 2977 ἁρπάσαντες
1077 2904 1289 2967 ἑαυτοῖς
1329 2904 1667 2974 περιέθεσαν.
1729 2906 1844 2973 Καὶ,

284 3004 404 3073 μετ’
441 3000 596 3067 ὀλίγα
622 2999 679 3052 δὲ
701 2996 875 3050 ταῦτα
897 2996 1060 3051 πάλιν
1089 2996 1134 3029 ⁸⁸
1157 2995 1260 3065 ἔφη
1283 3012 1297 3026 ·
1336 3015 1354 3048 ι
1405 2995 1609 3067 Κύριος
1652 2998 1681 3050 ό
1708 2996 1838 3061 Θεὸς

1940 543 2053 613 Ego
2075 544 2339 599 Dominus
2377 546 2522 600 Deus
2554 564 2568 599 :
2602 547 2706 601 hoc
2748 546 2882 600 mihi
2912 554 2996 601 est
3024 561 3241 601 nomen.
3273 545 3509 601 Gloriam

1938 649 2113 688 meam
2142 635 2298 689 alteri
2319 651 2429 690 non
2458 635 2620 701 dabo,
2654 652 2830 707 neque
2856 636 3090 692 virtutes
3116 652 3264 691 meas
3286 636 3512 706 sculpti-

1938 722 2103 778 libus.
2140 743 2157 774 ι
2200 723 2298 779 His
2326 725 2509 779 verbis
2534 725 2917 781 universorum
2946 728 3090 781 Deus
3110 726 3386 782 Christum
3409 727 3513 782 Do-

1938 815 2148 868 minum
2177 824 2238 869 ut
2274 817 2552 872 hominem
2580 819 2851 874 allocutus
2876 829 2980 884 est,
3015 836 3082 874 ex
3107 819 3401 889 conspicua
3424 821 3509 874 vi-

1936 905 2196 975 sibilique
2220 917 2412 961 natura
2433 908 2597 962 Iacob
2629 909 2780 963 illum
2801 919 2857 965 et
2886 910 3064 965 Israel
3087 910 3383 981 appellans.
3430 911 3509 965 Ex

1936 1012 2001 1052 ea
2061 998 2207 1055 enim
2262 999 2515 1069 prosapia
2562 1000 2865 1055 secundum
2912 1017 3131 1056 carnem
3188 1012 3344 1057 natus
3402 1012 3507 1057 est.

1936 1087 2296 1160 Ostenditque
2350 1091 2470 1162 ejus
2508 1092 2986 1148 mansuetudinem
3033 1103 3088 1148 et
3132 1095 3507 1163 tolerantiam,

1937 1196 2043 1251 qua
2072 1197 2204 1237 usus
2227 1192 2330 1247 est,
2356 1198 2479 1237 cum
2509 1183 2623 1253 ipse
2645 1195 2714 1237 ao
2735 1183 2937 1239 Iudaeis
2964 1184 3309 1240 illuderetur.
3351 1186 3509 1242 Hunc

1937 1272 2121 1341 itaque
2166 1273 2244 1327 ait
2301 1273 2356 1327 in
2401 1282 2785 1329 testamentum
2817 1275 3038 1344 generis
3085 1275 3272 1330 datum
3316 1276 3506 1341 fuisse,

1936 1361 2261 1430 patriarchis
2287 1361 2435 1415 enim
2468 1370 2523 1417 et
2552 1362 2757 1418 Judwis
2786 1362 2922 1433 ipsis
2958 1379 3058 1433 per
3099 1364 3247 1417 hunc
3274 1365 3508 1419 salutem

1937 1466 1996 1505 se
2020 1450 2275 1505 daturum
2304 1453 2574 1521 promisit.
2608 1453 2696 1507 Ait
2742 1469 2876 1508 vero
2904 1463 2960 1507 et
2998 1454 3145 1507 buue
3163 1452 3418 1508 eumdem
3453 1455 3508 1519 in

1937 1541 2122 1596 lumen
2147 1542 2393 1612 gentium
2436 1550 2688 1597 exortum
2726 1559 2881 1609 esse,
2928 1553 2989 1598 ut
3018 1560 3289 1598 caecorum
3317 1545 3509 1599 oculos

1937 1634 2194 1704 aperiret,
2208 1634 2881 1705 vinculaqueeaptivorum
2896 1634 3237 1705 diﬂ‘riugeret
3248 1633 3262 1671 ι
3275 1675 3288 1699 ,
3304 1649 3509 1703 eosque

1938 1724 2033 1793 qui
2060 1725 2114 1778 iu
2147 1726 2387 1779 tenebris
2411 1725 2730 1796 ignorantia:
2751 1735 3006 1795 tauquam
3034 1725 3088 1778 in
3116 1741 3334 1780 carcere
3357 1710 3510 1781 sede?

1940 1815 2093 1877 bant,
2128 1830 2157 1869 a
2186 1816 2726 1871 tenebrisliberaret.
2762 1816 2947 1871 Cazcos
2969 1827 3153 1871 autem
3184 1824 3241 1872 et
3270 1816 3506 1880 vinctos,

1942 1917 2106 1978 atque
2136 1908 2192 1961 in
2223 1908 2465 1964 tenebris
2509 1909 2785 1973 sedentes,
2812 1908 2949 1963 dixit
2987 1923 3104 1973 eos,
3151 1908 3245 1977 qui
3278 1906 3509 1978 caligine

1943 1992 2262 2066 ignorantiae
2306 1997 2554 2064 obsessi,
2589 2006 3051 2068 peccatorumque
3103 1996 3310 2052 catenis
3340 1996 3511 2051 vincti

1944 2080 2289 2142 tenebantur.
2321 2087 2478 2155 Quod
2500 2104 2633 2144 vero
2668 2089 2747 2143 sic
2788 2089 3076 2159 appellarit
3098 2103 3194 2143 eos
3224 2088 3319 2158 qui
3357 2088 3512 2153 vanis

1941 2179 2426 2247 superstitionibus
2470 2180 2802 2245 serviebant,
2858 2188 3129 2235 testantur
3171 2195 3234 2234 ea
3269 2194 3391 2249 quae
3420 2194 3509 2234 se-

1941 2276 2188 2337 quuntur
2219 2287 2232 2323 :
2273 2288 2291 2321 ι
2328 2271 2443 2342 Ego
2464 2271 2634 2335 enim,
2664 2271 2862 2343 inquit,
2890 2271 3156 2331 Dominus
3185 2271 3331 2325 Deus
3366 2288 3379 2323 :
3406 2269 3511 2324 hoc

1940 2363 2100 2433 971
2135 2362 2270 2417 mihi
2293 2371 2375 2418 est
2420 2379 2642 2418 nomen.
2676 2362 2915 2418 Gloriam
2964 2378 3140 2417 meam
3190 2363 3347 2417 alteri
3401 2377 3511 2419 non

1942 2454 2106 2517 dabo,
2145 2469 2321 2525 neque
2344 2455 2577 2511 virtutes
2598 2471 2748 2510 meas
2783 2456 3130 2526 sculptilibus
3150 2465 3210 2510 ω.
3246 2475 3264 2506 ι
3296 2455 3512 2510 Etenim

1942 2543 2194 2613 protinus
2226 2554 2285 2599 ut
2315 2545 2369 2599 in
2387 2561 2552 2601 carne
2578 2546 2858 2616 apparuit,
2900 2562 2965 2601 ea
3019 2547 3295 2601 daemonas
3340 2545 3515 2619 nudae

1941 2635 2021 2690 vit
2044 2636 2436 2705 appellatione,
2464 2653 2628 2707 quam
2655 2637 2761 2692 sibi
2786 2645 2995 2708 raptam
3028 2638 3418 2707 imposuerant.
3446 2636 3515 2690 Et

1942 2735 2067 2796 post
2087 2742 2258 2796 pauca
2284 2744 2476 2782 rursus
2505 2728 2621 2782 haec
2647 2727 2723 2782 ait
2753 2746 2767 2782 :
2801 2746 2820 2779 ‹
2861 2726 3125 2782 Dominus
3161 2726 3304 2780 Deus
3336 2724 3513 2778 virtu-

1944 2825 2058 2872 tum
2084 2818 2398 2888 egredietur
2444 2827 2507 2873 ut
2550 2826 2799 2874 conterat
2839 2819 3067 2883 bellum,
3115 2828 3170 2874 et
3215 2802 3515 2874 exsuscitet

1945 2909 2146 2974 zelum,
2175 2917 2232 2963 et
2255 2909 2514 2965 clamabit
2543 2910 2805 2965 adversus
2828 2910 3083 2965 inimicos
3112 2925 3243 2965 suos
3263 2926 3388 2965 eum
3420 2925 3502 2964 ro-

1945 2990 2079 3057 bore
2105 3011 2153 3055 ιι.
2187 3020 2205 3053 ›
2247 3001 2415 3057 Docet
2445 3010 2626 3056 autem
2656 3017 2825 3072 quare
2852 3001 2958 3058 hoc
2993 3002 3123 3056 olim
3158 3017 3269 3057 non
3298 3001 3515 3057 iecerit.

279 3091 388 3144 τῶν
441 3076 732 3158 δυνάμεων
767 3086 1102 3151 ἐξελεύσεται
1143 3086 1431 3157 συντρίψαι
1479 3087 1713 3157 πόλεμον
1746 3089 1841 3141 καὶ

1948 3092 2038 3148 Ait
2068 3093 2253 3163 itaque
2287 3110 2303 3146 ε
2336 3112 2354 3144 ι
2392 3093 2560 3148 Tacui
2597 3109 2627 3147 a
2660 3094 2881 3158 saeculo,
2908 3093 3157 3163 nunquid
3185 3108 3402 3163 semper
3431 3100 3513 3147 ta—

280 3184 562 3254 ὲπεγεῖραι
591 3179 770 3249 ζῆλον,
807 3179 898 3231 καὶ
929 3178 1183 3249 βοήσεται
1209 3178 1304 3230 ἐπὶ
1334 3179 1459 3240 τοὺς
1487 3178 1714 3247 ἐχθροὺς
1746 3178 1843 3231 αὑ-

278 3271 372 3326 τοῦ
419 3272 555 3343 μετά
584 3271 798 3349 αίσχύος.
830 3289 849 3320 ι
882 3270 1112 3323 Ἔπειτα
1167 3267 1406 3321 διδάσκει
1450 3267 1502 3319 τί
1539 3269 1736 3336 δήποτε
1770 3267 1845 3338 μὴ

278 3361 444 3415 πάλαι
468 3359 622 3413 τοῦτο
651 3358 937 3429 πεποίηκε,
967 3358 1058 3410 καί
1088 3374 1250 3427 φησιν
1272 3373 1286 3387 ’
1329 3374 1348 3408 ι
1394 3356 1709 3426 Ἐσιώπησα
1737 3357 1845 3410 ἀπὸ

277 3449 473 3512 αἰῶνος
493 3465 507 3478 ·
534 3448 610 3520 μὴ
640 3449 736 3503 καὶ
763 3448 850 3500 ἀεὶ
876 3447 1223 3517 σιωπήσομαι
1245 3446 1339 3497 καὶ
1367 3446 1658 3515 ἀνέξομαις
1684 3448 1847 3517 ἐκαρ-

276 3541 489 3612 τέρησα
521 3540 597 3602 ὡς
624 3540 658 3608 ἡ
693 3536 978 3590 τίκτουσα·
1010 3535 1231 3604 ἐκφανῶ
1258 3537 1348 3589 καὶ
1388 3536 1641 3607 ὲκστήσω
1667 3536 1711 3569 ³³⁵
1751 3537 1847 3591 καὶ

279 3630 501 3702 ξηρανῶ
530 3629 668 3699 ἅμα.
701 3646 720 3678 ι
759 3628 1000 3679 Κάκεῖνα
1028 3626 1083 3679 δὲ
1126 3626 1529 3696 μακροθυμίας,
1556 3626 1649 3680 καὶ
1676 3626 1848 3681 ταῦτα

280 3720 709 3790 φιλανθρωπίας.
740 3718 1127 3788 Μακροθυμῶν
1153 3718 1263 3787 γὰρ
1284 3717 1342 3784 ἐξ
1374 3719 1550 3790 ἀρχῆς
1589 3721 1690 3773 οὐχ
1728 3719 1848 3774 ἐκό-

279 3810 473 3866 λασεν·
524 3807 644 3863 εἶτα
689 3810 860 3880 φειδοῖ
905 3809 1248 3881 χρησάμενος
1285 3811 1414 3873 τοὺς
1463 3811 1847 3882 πλανωμένους

282 3904 527 3968 ἐκάλεσε,
546 3904 640 3957 καὶ
664 3904 788 3964 τοὺς
816 3900 1133 3966 πλανῶντας
1155 3902 1465 3956 ὲσκέδασεν.
1511 3921 1529 3954 ι
1566 3902 1848 3974 Ἑκστήσω

283 3996 410 4067 γὰρ,
443 3994 597 4066 φησὶ,
625 3992 720 4046 καὶ
744 3992 962 4063 ξηρανῶ
992 3993 1108 4064 ἅμα
1132 4009 1144 4022 ·
1171 3994 1444 4064 ἐρημώσω
1471 3994 1575 4066 ὅρη
1602 3998 1695 4049 καὶ
1723 3996 1847 4068 βου-

284 4088 428 4151 νοὺς,
460 4086 551 4140 καὶ
580 4085 730 4156 θήσω
757 4086 1036 4155 ποταμοὺς
1069 4088 1148 4149 είς
1182 4087 1400 4155 νήσους,
1435 4089 1529 4140 καὶ
1547 4088 1641 4159 έλη
1682 4089 1847 4159 ξηρα·

284 4177 380 4234 νῶ.
417 4196 437 4229 ι
466 4176 564 4230 Διά
592 4175 651 4229 δὲ
680 4175 883 4228 τούτων
912 4174 982 4228 τά
1018 4179 1075 4228 ἐν
1098 4176 1309 4240 τούτοις
1334 4177 1535 4248 τεμένη
1564 4179 1672 4231 τῶν
1698 4179 1849 4233 εἰδώ-

284 4268 391 4323 λων
421 4266 572 4340 [146]
602 4266 872 4336 ἐμήνυσεν
900 4267 967 4327 ³⁸,
990 4267 1141 4343 κάπερ
1178 4269 1461 4337 ἐπιφανεὶς
1491 4271 1847 4336 καταλέλυκε,

286 4361 379 4417 καὶ
413 4360 568 4429 δίκην
598 4358 752 4420 ἕλους
783 4356 1042 4427 ἐξήρανε·
1080 4379 1098 4409 ι
1135 4360 1243 4412 Καὶ
1277 4357 1389 4424 ἄξω
1417 4362 1650 4431 τυφλοὺς
1676 4361 1850 4433 ὲνόδῷ

1944 3184 2082 3239 eebo
2112 3192 2170 3237 et
2214 3183 2507 3238 tolerabo?
2547 3183 2795 3239 Sustinui
2835 3184 3095 3255 tanquam
3144 3185 3344 3240 mulier
3395 3199 3518 3254 qua:

1944 3273 2200 3343 parturit,
2230 3272 2595 3328 manifestabo
2618 3313 2633 3337 ,
2672 3282 2730 3328 et
2782 3266 3095 3345 dissipabo,
3123 3284 3179 3330 et
3227 3275 3516 3331 exsiccabo

1945 3362 2109 3427 simul
2130 3370 2177 3414 ο.
2203 3380 2221 3412 ι
2256 3361 2592 3417 Suntautem
2613 3363 2780 3417 verba
2806 3363 2896 3418 illa
2924 3366 3374 3435 longanimitatis,
3401 3366 3517 3421 haec

1944 3466 2076 3505 vero
2109 3450 2484 3505 humanitatis.
2520 3451 2735 3506 Patiens
2756 3452 2901 3507 enim
2941 3454 3085 3507 Deus
3116 3452 3185 3506 ab
3212 3453 3367 3508 initio
3404 3470 3516 3508 non

1945 3543 2127 3614 puniit
2154 3561 2176 3596 :_
2201 3551 2385 3613 postea
2408 3552 2612 3607 autem,
2637 3558 2760 3597 cum
2777 3546 2888 3614 jam
2922 3544 3055 3599 satis
3081 3544 3397 3597 hominibus
3425 3560 3519 3612 pe-

1946 3633 2232 3704 percisset,
2264 3642 2513 3689 errantes
2550 3632 2617 3686 ad
2660 3648 2718 3686 se
2740 3633 2974 3697 vocavit,
3002 3640 3167 3702 atque
3207 3648 3303 3687 eos
3334 3632 3430 3701 qui
3460 3632 3517 3695 in

1946 3740 2192 3782 errorem
2219 3723 2514 3789 ducebant,
2550 3722 2826 3791 dispersit.
2862 3741 2880 3773 ‹
2915 3720 3201 3791 Dissipabo
3220 3722 3388 3787 enim,
3428 3721 3517 3775 in-

1946 3817 2088 3889 quit,
2118 3823 2174 3870 et
2206 3814 2493 3871 exsiccabo
2536 3813 2717 3868 simul.
2754 3833 2772 3864 ι
2831 3813 2932 3867 Et:
2967 3831 2986 3863 ι
3024 3812 3279 3876 Desertos
3322 3811 3517 3867 faciam

1948 3915 2165 3961 montes
2197 3913 2249 3960 et
2279 3904 2448 3958 colles
2488 3920 2501 3956 :
2538 3901 2733 3956 faciam
2760 3916 2826 3955 ex
2861 3899 3043 3955 ﬂuviis
3074 3898 3302 3962 insulas,
3339 3907 3395 3953 et
3420 3912 3516 3967 pa-

1948 3996 2106 4052 ludes
2137 3995 2427 4051 arefaciam
2471 4004 2518 4047 ι’.
2558 4013 2577 4045 ι
2606 3992 2817 4060 Quibus
2848 4007 2979 4047 sane
3018 3992 3204 4047 verbis
3245 3991 3517 4047 idolorum

1949 4087 2179 4143 delubra
2203 4085 2547 4156 signiﬁcavit,
2575 4100 2695 4154 quae
2719 4084 2773 4139 in
2800 4086 2815 4103 ‘
2857 4082 3127 4155 ejusmodi
3169 4083 3303 4138 locis
3338 4089 3516 4138 erant.

1950 4178 2077 4234 Haac
2110 4177 2258 4233 enim
2310 4178 2516 4242 omnia,
2556 4183 2841 4246 postquam
2877 4173 3164 4244 apparuit,
3225 4172 3519 4227 demolitus

1949 4279 2053 4333 est,
2087 4277 2141 4325 et
2178 4278 2436 4339 tanquam
2480 4266 2704 4337 paludes
2734 4266 2976 4321 arefeeit.
3005 4263 3172 4319 Addit
3213 4272 3515 4333 praeterea:

1958 4381 1975 4412 ι
2011 4361 2080 4416 Ει
2103 4361 2297 4416 ducam
2323 4375 2493 4415 cmcos
2528 4359 2582 4412 in
2623 4358 2762 4412 viam
2791 4372 2954 4427 quam
3002 4354 3336 4417 nescierunt,
3365 4360 3422 4405 et
3461 4350 3517 4403 in

287 4444 321 4523 ᾖ
348 4449 448 4502 οὐκ
477 4447 696 4519 ᾔδεισαν
731 4447 775 4479 ³⁸
802 4462 816 4476 ·
852 4447 948 4500 καὶ
969 4446 1184 4518 τρίϐους
1206 4446 1271 4511 ἃς
1298 4450 1398 4502 οὐκ
1426 4449 1669 4517 ἔγνωσαν
1690 4453 1841 4522 ποιή-

1951 4454 2162 4508 semitis
2202 4468 2340 4522 quas
2388 4467 2497 4505 non
2528 4454 2940 4522 cognoverunt,
2992 4445 3271 4501 ambulare
3313 4457 3410 4496 eos
3436 4441 3517 4495 l'a-

288 4556 368 4597 σω
413 4538 649 4608 πατῆσαι
689 4536 904 4599 αὐτούς.
941 4555 961 4588 ι
1019 4536 1275 4603 Ἢγνόουν
1320 4539 1427 4609 γὰρ
1476 4540 1571 4611 [οἱ]
1604 4542 1649 4573 ⁸⁷
1683 4540 1849 4594 πάλαι

285 4627 625 4698 πλανώμενοι
656 4625 757 4696 τὴν
784 4626 881 4694 τῆς
914 4625 1171 4694 ἀληθείας
1192 4625 1306 4679 ὁδόν
1325 4645 1341 4658 ·
1383 4626 1640 4695 ξεναγοὺς
1668 4629 1725 4682 δὲ
1756 4631 1849 4682 καὶ

284 4715 549 4785 ποδηγοὺς
582 4716 675 4768 καὶ
698 4714 882 4784 μέντοι
906 4714 998 4768 καὶ⁹
1019 4717 1384 4784 φωταγωγοὺς
1414 4718 1705 4788 ἐσχηκότες
1726 4720 1851 4783 τοὺς

282 4803 634 4867 ἀποστόλους,
665 4802 951 4855 κατέλιπον
988 4801 1086 4872 μὲν
1108 4803 1205 4856 τοῦ
1244 4804 1444 4859 πλάνου
1473 4805 1571 4868 τὰς
1604 4806 1845 4877 τρίϐους,

287 4895 596 4963 ἐπέγνωσαν
620 4893 676 4946 δὲ
701 4893 798 4962 τὴν
821 4892 918 4962 τῆς
957 4893 1215 4963 ἀληθείας
1260 4894 1396 4952 ὁδόν,
1430 4914 1449 4946 ι
1497 4898 1714 4967 Ποιήσω
1751 4900 1851 4952 αὖ-

286 4990 396 5050 τοῖς
414 4988 475 5041 τὸ
502 4989 691 5048 σκότος
713 4985 792 5047 είς
821 4983 955 5052 φῶς,
991 4986 1087 5039 καὶ
1111 4986 1179 5038 τά
1212 4986 1399 5041 σκολιὰ
1430 4990 1509 5051 είς
1557 4990 1788 5045 εὐθεῖαν.
1827 5011 1844 5043 ι

290 5064 445 5132 Ἆντὶ
483 5078 594 5148 γὰρ
627 5076 692 5146 δὴ
739 5073 833 5129 τοῦ
863 5076 908 5107 ³⁸
955 5077 1217 5147 προτέρου
1247 5078 1488 5145 σκότους,
1536 5081 1630 5134 τοῦ
1664 5074 1849 5153 νοεροῠ

1953 4544 2093 4598 ciam
2119 4553 2167 4597 ιι.
2206 4562 2224 4594 ι
2261 4541 2542 4611 Siquidem
2573 4541 2702 4595 olim
2726 4539 3065 4598 aberrantes,
3104 4536 3247 4589 viam
3274 4528 3521 4586 veritatis

1954 4632 2290 4687 nesciebant.
2332 4630 2489 4684 Nacti
2520 4644 2652 4684 vero
2680 4627 2955 4697 apostolos
3001 4625 3244 4693 hospites
3267 4661 3283 4687 ,
3321 4620 3518 4685 duces,

1954 4722 2202 4791 lucisque
2237 4719 2535 4783 ministros,
2560 4716 2764 4772 erroris
2804 4714 3029 4770 semitas
3063 4712 3428 4780 reliquerunt,
3465 4717 3525 4763 et

1956 4810 2100 4864 viam
2126 4808 2370 4863 veritatis
2395 4814 2756 4877 agnoverunt.
2803 4825 2820 4855 ι
2854 4803 3070 4858 Faciam
3112 4801 3245 4871 ipsis
3270 4796 3529 4852 tenebras

1957 4901 2015 4956 in
2041 4900 2203 4969 972
2232 4900 2434 4961 lucem,
2460 4906 2516 4952 et
2543 4913 2665 4966 qua:
2688 4904 2816 4950 sunt
2838 4894 3080 4963 obliqua,
3109 4892 3162 4946 in
3195 4898 3407 4946 rectum
3430 4897 3475 4942 τ,
3496 4905 3516 4939 ι

1957 4994 2063 5048 Pro
2100 4990 2343 5046 tenebris
2367 4989 2536 5053 enim,
2582 4987 2782 5058 quibus
2828 4992 2989 5040 antea
3018 4981 3248 5037 involuti
3281 4980 3521 5043 fuerant,

1957 5068 2325 5138 intellectuale
2358 5081 2543 5135 lumen
2576 5077 2919 5149 percipiunt,
2947 5074 3265 5143 relictisque
3283 5069 3525 5141 obliquis

360 5230 382 5272 ι
416 5232 520 5289 Isa.
560 5248 686 5298 XLII,
716 5231 828 5287 1-8.
905 5240 944 5270 η
981 5233 1114 5289 ibid.
1143 5235 1195 5290 8.
1272 5246 1300 5274 ιι
1331 5235 1464 5291 ibid.
1510 5236 1592 5291 1⁸5.
1669 5237 1832 5291 °ibid

1944 5242 1972 5293 ί.
2049 5246 2077 5288 P
2103 5234 2238 5291 ibid.
2270 5235 2356 5290 15.
2429 5243 2457 5283 (ι
2487 5231 2620 5288 ibid.
2654 5231 2742 5285 16.
2813 5239 2836 5268 τ
2878 5228 3011 5284 ibid.

1590 5367 1823 5424 VAle
1861 5367 2267 5425 LECTIONES.

354 5499 401 5531 ³ο
435 5515 544 5568 μοι.
572 5516 671 5568 μου
695 5500 755 5553 Β.

867 5502 910 5577 ³]
944 5500 1316 5577 τῆςῌειψτθξε.
1350 5503 1410 5557 Β.
1449 5574 1473 5577 _
1497 5504 1541 5536 ”
1575 5522 1684 5573 μοι.
1722 5524 1821 5577 μου
1854 5506 1912 5560 Β.
1934 5574 1955 5577 ῃ
1990 5507 2036 5577 ³ξ
2062 5500 2247 5577 ὀλίγον
2282 5505 2336 5558 δὲ
2367 5503 2537 5577 πάλιν
2560 5502 2747 5577 ταῦτα.
2786 5502 2939 5577 δλίΥΞι
2971 5500 3024 5553 δὲ
3059 5498 3229 5552 ταῦτα
3261 5495 3425 5577 “dli”
3460 5497 3521 5553 θ’

286 5568 330 5645 ’ς’
367 5567 583 5636 ἐκφανῶ
614 5571 706 5645 καὶ
725 5567 1010 5645 Δὲκστήσωζ
1045 5567 1213 5636 unde,
1250 5574 1484 5645 ἐμφωνῷ
1524 5567 1616 5626 καὶ
1650 5567 1883 5645 ἐκτήσω.
1925 5574 2029 5630 Sed
2057 5576 2359 5645 impressus
2381 5591 2486 5629 non
2513 5574 2677 5645 habet
2702 5567 2957 5645 ὲμςιυνῶ,
2988 5586 3110 5623 eum
3137 5578 3314 5645 tamen
3337 5567 3522 5622 Theo-

285 5638 510 5725 dorctus
532 5648 618 5725 “et
835 5648 1131 5725 (agnoscat.
1189 5638 1347 5725 varis."
1387 5638 2203 5725 ³⁸ηέμῄνυσενᾲὲμνημόνευτέα
2249 5644 2345 5699 VI).

288 5707 503 5774 ᾕδειυν
532 5707 588 5760 Β.
697 5709 743 5739 ³⁷
780 5707 874 5779 [οἱ]
907 5724 1015 5761 om.
1050 5710 1108 5762 (ἶ.
1214 5711 1255 5741 ³⁸
1284 5712 1346 5781 δὴ
1376 5707 1581 5783 τοῦ.δῆ
1614 5728 1721 5767 om.
1756 5715 1813 5768 Β.

2448 5645 2490 5676 ³⁶
2525 5639 2744 5712 ἦδεισαν
2778 5639 2842 5680 5——
2880 5643 3136 5709 ξγνωπαν.
3192 5639 3519 5707 ἔγνωσαν-
