4036 6194
430 298 563 365 1087

1408 312 1892 373 THEODORETI
1929 317 2263 378 EPISCOPI
2304 322 2656 385 CYRENSIS

3519 324 3657 391 1088

429 415 616 469 .ilatur
661 417 714 470 in
742 419 1049 473 ventilabro
1068 424 1111 473 8.
1152 444 1167 472 ι
1199 424 1264 476 Et
1296 426 1457 492 paulo
1500 435 1621 494 post
1657 446 1669 480 :
1717 448 1734 479 ι
1771 432 1866 483 Die
1900 427 1992 483 illo

2098 435 2148 486 δὲ
2181 437 2209 487 ό
2249 443 2534 508 προφήτης
2574 441 2635 490 οὐ
2668 438 2827 508 μόνον
2868 438 2965 509 τὴν
2996 438 3103 492 τῶν
3137 440 3304 494 ἐθνῶν
3359 444 3657 513 σωτηρίαν,

427 509 706 561 suscitabo
741 511 1154 566 tabernaculum
1192 515 1412 569 Davidis
1434 525 1579 585 quod
1611 521 1904 585 ceciderat,
1939 530 1995 575 et

429 596 628 651 iterum
661 599 943 654 mdiﬁcabo
967 602 1153 656 ruinas
1168 605 1306 673 ejus,
1333 614 1388 659 et
1412 606 1624 661 defossa
1645 611 1762 679 ejus
1793 612 1993 667 iterum

426 689 728 742 adiﬁcabo.
766 691 833 743 Et
855 692 1137 747 aediﬁcabo
1163 696 1293 748 illud
1322 696 1502 750 denuo
1522 699 1663 752 sicut
1685 701 1878 756 diebus
1899 719 1996 757 an-

430 778 597 847 tiquis
634 796 648 831 :
686 789 747 832 ut
777 792 1025 849 quzerant
1055 798 1140 836 me
1166 785 1370 838 residui
1403 788 1705 863 hominum,
1730 800 1785 844 et
1805 808 1995 848 omnes

426 879 618 939 gentes
649 886 815 941 super
840 890 976 942 quas
999 884 1250 929 vocatum
1282 887 1364 931 cst
1390 894 1588 934 nomen
1622 898 1802 935 meum
1822 924 1836 947 ,
1862 885 1997 939 dicit

427 962 690 1017 Dominus
723 965 816 1032 qui
860 965 990 1019 facit
1044 967 1159 1021 hmc
1191 970 1434 1022 omniah.
1478 990 1495 1020 ι
1555 970 1608 1024 Si
1639 974 1763 1041 quis
1810 984 1994 1029 autem

426 1063 669 1109 vestrum
701 1056 839 1109 scire
873 1056 1168 1123 desiderat,
1201 1060 1473 1128 quodnam
1514 1062 1714 1117 sithoc
1740 1065 1994 1121 taberna-

429 1147 633 1207 culum,
654 1147 1117 1203 audiatJoannem
1149 1152 1558 1205 sanctissimum
1594 1154 1671 1207 sic
1690 1155 1991 1212 dicentem:

438 1266 455 1297 ι
494 1248 731 1302 Verbum
760 1265 885 1303 caro
910 1250 1112 1305 factum
1140 1260 1243 1315 est,
1270 1262 1325 1306 et
1357 1254 1621 1307 habitavit
1652 1258 1704 1309 in
1740 1259 1917 1321 nobis,
1942 1270 1997 1314 et

427 1338 667 1392 vidimus
710 1340 939 1406 gloriam
986 1342 1135 1411 ejus,
1172 1344 1439 1411 gloriam‘
1477 1346 1632 1412 quasi
1666 1347 1939 1416 Unigeniti
1967 1367 1997 1403 a

426 1430 607 1493 Patre,
646 1432 863 1499 plenum
894 1435 1081 1502 gratia:
1100 1444 1155 1487 et
1178 1436 1422 1491 veritatis
1450 1437 1488 1491 ί.
1529 1459 1545 1488 ι
1581 1439 1790 1493 Clamat
1814 1452 1996 1496 autem

426 1529 482 1574 ct
516 1521 821 1589 Sophonias
857 1541 869 1575 :
915 1543 932 1574 ι
963 1525 1261 1593 Apparebit
1311 1529 1573 1583 Dominus
1616 1546 1780 1598 super
1825 1531 1993 1601 ipsos,

426 1620 481 1663 et
525 1611 715 1679 perdet
764 1629 956 1667 omnes
1011 1615 1142 1669 deos
1188 1625 1386 1671 teme:
1424 1628 1479 1671 et
1511 1620 1822 1673 adorabunt
1866 1638 1991 1676 eum

426 1703 804 1771 unusquisque
853 1705 919 1765 de
979 1706 1100 1759 loco
1143 1722 1262 1770 suo,
1306 1716 1361 1762 et
1407 1724 1598 1763 omnes
1633 1710 1823 1764 insula:
1862 1728 1993 1781 gen-

426 1794 562 1846 tium
588 1794 632 1847 ἱ.
676 1813 693 1845 ι
725 1795 861 1860 Quia
886 1797 1033 1850 enim
1077 1798 1279 1852 Judaais
1321 1802 1613 1869 praecepit,
1645 1813 1703 1856 ut
1732 1805 1992 1872 templum

427 1884 572 1951 quod
604 1895 684 1939 est
734 1886 1125 1957 Hierosolymis
1150 1886 1169 1950 ,
1201 1889 1633 1957 frequentarent,
1686 1896 1994 1949 necessario

426 1975 642 2030 addidit
684 1978 799 2030 fore
822 1986 898 2041 ut,
932 1977 1081 2033 falsis
1112 1979 1217 2031 diis
1236 1980 1303 2034 de
1335 1983 1515 2035 medio
1545 1984 1794 2049 sublatis,
1822 2001 1993 2040 unus—

426 2067 658 2135 quisque
680 2084 869 2122 verum
901 2071 1069 2123 Deum
1097 2071 1307 2135 adoret,
1340 2088 1441 2126 nec
1463 2082 1731 2143 cogantur
1765 2078 1830 2131 ad
1858 2078 1992 2131 illud

428 2158 687 2226 templum
712 2173 1019 2222 accurrere,
1048 2175 1171 2213 cum
1200 2160 1253 2214 in
1286 2162 1398 2216 suis
1428 2164 1676 2228 urbibus,
1710 2168 1873 2235 agris,
1902 2183 1997 2236 pa-

362 2250 365 2257 '
425 2248 528 2318 gis,
553 2248 757 2302 cultum
786 2249 895 2303 Deo
924 2250 1219 2305 exhibituri
1248 2254 1376 2307 sint.
1413 2255 1480 2309 Et
1517 2264 1638 2325 post
1670 2274 1841 2326 pauca
1871 2275 1994 2312 rur-

426 2352 522 2407 sus
540 2338 616 2391 ait
651 2360 662 2390 -.
712 2357 729 2387 ι
768 2338 922 2392 Tunc
957 2352 1271 2396 convertam
1298 2344 1364 2397 ad
1398 2348 1628 2413 populos
1654 2348 1893 2418 linguam
1941 2350 1994 2404 in

425 2429 830 2499 generationem
858 2430 1009 2499 ipsis,
1044 2440 1103 2485 ut
1146 2434 1434 2488 invocetur
1459 2437 1621 2505 977
1655 2455 1853 2493 nomen
1886 2442 1993 2493 Do-

426 2518 583 2581 mini,
642 2530 701 2573 ut
746 2521 987 2576 serviant
1028 2522 1079 2575 ei
1124 2523 1226 2577 sub
1264 2526 1451 2593 jugum
1485 2543 1697 2581 unum:
1735 2545 1765 2581 a
1796 2529 1996 2584 ﬁnibus

426 2609 715 2663 fluviorum
743 2610 1032 2681 Ethiopiae
1048 2613 1223 2667 ferent
1244 2615 1374 2667 mihi
1406 2616 1671 2671 sacriﬁcia
1698 2620 1743 2671 ιι.
1776 2639 1793 2669 ›
1823 2621 1993 2675 Unam

425 2700 572 2754 enim
601 2702 973 2770 apostolorum
1026 2704 1287 2773 linguam,
1350 2721 1470 2773 qum
1506 2718 1623 2762 erat
1651 2709 1887 2773 Galilaea,
1940 2711 1993 2764 in

428 2800 748 2844 cunctarum
776 2792 1019 2861 gentium
1042 2792 1255 2862 linguas
1281 2795 1487 2859 divisit,
1522 2798 1887 2868 omnibusque
1904 2802 1999 2854 de-

428 2881 554 2936 tulit
583 2883 879 2937 salutarem
912 2885 1275 2939 vocationem.
1322 2886 1425 2941 Sed
1451 2896 1506 2942 et
1552 2904 1652 2957 per
1680 2890 1995 2944 Zachariam

425 2986 642 3041 quoque
662 2989 900 3028 consona
931 2975 1019 3028 bis
1046 2975 1291 3043 praedicit
1317 2996 1328 3030 :
1364 2997 1380 3028 ι
1417 2979 1697 3033 Delectare
1714 2988 1768 3033 et
1793 2981 1991 3047 laetare,

427 3062 539 3115 ﬁlia
570 3063 769 3116 Sionis.
802 3065 941 3118 Ecce
984 3080 1084 3134 ego
1117 3067 1279 3121 venio
1300 3108 1313 3130 ,
1350 3076 1405 3121 et
1444 3068 1704 3124 habitabo
1729 3072 1783 3124 in
1816 3072 1997 3127 medio
2023 3103 2066 3159 ε

428 3151 529 3215 tui,
560 3151 694 3204 dicit
718 3153 982 3209 Dominus
1012 3173 1023 3207 :
1050 3164 1106 3210 et
1135 3158 1451 3228 confugient
1483 3170 1672 3229 gentes
1712 3163 1895 3217 multa:
1925 3164 1995 3217 ad

426 3241 716 3296 Dominum
747 3244 835 3299 die
861 3246 973 3309 illo,
998 3254 1053 3301 et
1075 3258 1235 3302 erunt
1265 3250 1364 3317 ipsi
1395 3250 1448 3303 in
1476 3251 1772 3319 populum:
1806 3263 1862 3307 et
1896 3254 2001 3307 ha—

426 3333 681 3387 bitabunt
705 3335 759 3389 in
783 3337 963 3391 medio
998 3339 1097 3403 tui,
1136 3349 1191 3394 et
1236 3356 1532 3411 cognosces
1560 3346 1850 3401 Dominum
1875 3363 1993 3402 om-

426 3422 764 3490 nipotentem
799 3425 1012 3480 misisse
1061 3443 1146 3482 me
1179 3429 1246 3481 ad
1276 3438 1328 3484 te
1354 3430 1392 3484 ι.
1428 3451 1444 3480 ι
1478 3433 1538 3486 In
1582 3435 1783 3503 quibus
1811 3437 1996 3492 verbis

427 3511 741 3581 unigenitus
773 3515 866 3569 Dei
902 3517 1103 3585 Filius,
1132 3530 1187 3573 et
1216 3536 1370 3573 suam
1412 3522 1583 3591 ipsius
1614 3533 1670 3579 et
1693 3526 1871 3581 Patris
1902 3544 1994 3583 os-

427 3603 927 3673 tenditpersonam.
954 3609 1150 3663 Missus
1174 3626 1304 3665 vero
1335 3627 1453 3666 esse
1484 3614 1709 3680 dicitur,
1735 3618 1863 3685 quia
1884 3634 1996 3672 non

426 3694 568 3747 sicut
595 3696 758 3761 Deus,
787 3698 880 3751 sed
904 3699 1048 3753 sicut
1080 3698 1245 3753 homo
1274 3703 1545 3772 apparuit.
1581 3704 1851 3760 Convenit
1882 3724 1995 3763 au—

428 3794 537 3840 tem
562 3786 635 3853 ei,
667 3788 722 3841 in
752 3789 988 3843 adventu
1017 3806 1119 3845 suo
1144 3792 1369 3861 implere
1392 3795 1662 3863 justitiam
1687 3812 1787 3865 pro
1814 3799 1993 3854 homi—

427 3876 613 3941 nibus,
660 3894 723 3933 ac
761 3889 1018 3948 praestare
1064 3882 1433 3937 obedientiam
1457 3926 1472 3950 ,
1513 3902 1675 3955 quam
1711 3896 1995 3959 tantopere

426 3970 845 4024 commendavit.
881 3972 948 4025 Et
972 3989 1163 4027 rursus
1192 3993 1204 4028 :
1250 3994 1264 4023 ι
1293 3976 1456 4030 Valde
1484 3978 1702 4043 laeteris,
1735 3979 1843 4034 ﬁlia
1872 3980 1993 4035 Sio-

427 4057 535 4123 nis,
557 4060 809 4128 prmdica,
832 4077 864 4114 o
889 4061 997 4116 ﬁlia
1027 4064 1443 4136 llierosolymze:
1468 4069 1725 4136 quoniam
1743 4086 1869 4124 ecce
1898 4088 1992 4125 rex

427 4156 556 4202 tuus
582 4150 733 4204 venit
760 4152 825 4204 ad
854 4161 905 4206 te
930 4155 1111 4223 justus
1139 4166 1195 4210 et
1217 4157 1451 4210 salvator
1477 4176 1488 4210 :
1517 4158 1629 4227 ipse
1652 4170 1989 4228 mansuetus,

425 4239 626 4297 scdens
674 4258 839 4311 super
865 4245 1173 4313 jumentum
1215 4257 1271 4301 et
1324 4248 1553 4315 pullum.
1606 4250 1673 4303 Et
1713 4251 1995 4320 disperdct

425 4346 624 4386 currus
652 4349 719 4386 ex
748 4334 1026 4402 Ephraim,
1062 4346 1117 4391 et
1143 4354 1342 4406 equum
1376 4355 1441 4390 ex
1474 4339 1846 4412 Hierosolyma
1880 4362 1892 4397 :
1939 4354 1994 4399 et

2095 526 2226 579 ἀλλά
2248 530 2339 580 καὶ
2358 532 2455 598 τὴν
2477 531 2584 581 τῶν
2616 532 2878 585 Ἰουδαίων
2902 532 3152 601 προλέγει
3176 533 3494 602 διασπορὰν,
3521 537 3661 603 μᾶ)..-

2096 614 2185 666 λον
2210 616 2263 667 δὲ
2314 617 2400 669 διά
2446 619 2546 687 τῆς
2597 621 2805 673 ἐκείνου
2861 621 3107 692 γλώττης
3140 622 3346 685 αὺτὸςό
3381 623 3490 677 τῶν
3524 625 3659 677 ὅλων

2098 705 2258 769 Θεός.
2294 727 2312 759 ι
2351 709 2480 761 Ἰδοὺ
2529 711 2657 780 γάρ,
2714 712 2897 779 φησιν,
2948 711 3057 779 ἐγὼ
3088 712 3422 782 ἐντέλλομαι,
3457 715 3551 766 καὶ
3579 716 3659 767 λι-

2096 798 2292 865 κμήσω
2314 798 2369 848 ὲν
2396 798 2528 849 πᾶσι
2558 801 2667 860 τοῖς
2692 798 2868 853 ἔθνεσι
2895 800 2986 852 τὸν
3014 793 3161 852 οἷκον
3197 802 3430 870 Ἰσραὴλ,
3456 803 3515 854 ὃν
3534 805 3660 872 τρό-

2097 903 2195 938 πον
2233 886 2494 956 λικμᾶται
2525 889 2582 939 ἐν
2610 888 2686 958 τῷ
2709 890 2909 959 λικμῷ.
2948 909 2965 941 ι
2997 890 3106 941 Καὶ
3140 890 3257 959 μετ’
3287 891 3442 959 ὀλίγα
3464 909 3478 923 ·
3519 911 3539 943 ι
3565 893 3660 946 Ἐν

2094 979 2160 1045 τῇ
2215 978 2396 1046 ἡμέρᾳ
2429 979 2611 1050 ἐκείνῃ
2647 980 2933 1049 ἀναστήσω
2983 979 3082 1050 τὴν
3112 981 3315 1051 σκηνὴν
3362 983 3523 1035 Δαὸὶδ
3558 985 3661 1053 τήν

2096 1069 2481 1119 πεπτωκυῖανο
2532 1070 2625 1119 καὶ
2673 1068 3077 1139 ἀνοικοδομήσω
3128 1070 3173 1101 ⁵³
3218 1070 3285 1121 τά
3330 1073 3660 1125 πεπτωκότα

2096 1157 2286 1224 αὐτῆς,
2319 1158 2413 1209 καὶ
2442 1159 2509 1210 τά
2541 1159 2964 1227 κατεσκαμμένα
3005 1162 3175 1229 αὐτῆς
3216 1162 3623 1233 ἀνοικοδομήσω
3644 1181 3658 1194 ·

2096 1249 2190 1299 καὶ
2219 1248 2625 1319 ἀνοικοδομήσω
2662 1250 2830 1317 αὐτὴν
2852 1248 3035 1311 καθὼς
3063 1252 3119 1301 αί
3165 1251 3369 1320 ἡμέραι
3409 1250 3502 1303 τοῦ
3530 1252 3665 1304 αἰῶ-

2096 1356 2185 1402 νος
2206 1356 2218 1370 ’
2256 1340 2403 1401 ὅπως
2434 1338 2500 1391 ἂν
2538 1339 2882 1409 ὲκζητήσωσί
2912 1357 2979 1409 με
3008 1342 3057 1392 οί
3088 1342 3402 1395 κατάλοιποι
3431 1343 3540 1395 τῶν
3567 1343 3662 1394 ἀν⁸

2098 1429 2327 1500 θρώπων
2358 1432 2450 1483 καὶ
2476 1431 2651 1484 πάντα
2675 1432 2743 1483 τά
2773 1430 2921 1500 ἔθνη,
2963 1431 3045 1498 ἐφ’
3075 1432 3169 1495 οὓς
3200 1433 3553 1503 ἐπικέκληται
3601 1434 3666 1485 τὸ

2096 1521 2266 1590 ὄνομά
2299 1540 2398 1589 μου
2431 1522 2515 1574 ἐπ’
2542 1522 2771 1585 αὐτοὺς,
2816 1522 2964 1590 λέγει
2997 1522 3199 1591 Κύριος
3220 1525 3248 1574 ό
3277 1524 3443 1576 ποιῶν
3486 1526 3661 1576 ταῦτα

2097 1612 2274 1663 πάντα
2309 1611 2373 1664 ⁵³.
2410 1631 2427 1662 ι
2464 1612 2526 1663 Εἰ
2554 1611 2610 1663 δέ
2636 1630 2719 1674 τις
2751 1612 2996 1680 βούλεται
3032 1613 3223 1682 μαθεῖν
3265 1616 3347 1678 τίς
3384 1617 3415 1684 ή
3460 1616 3658 1685 σκηνὴ,

2097 1703 2384 1756 ἀκουσάτω
2421 1701 2513 1755 τοῦ
2562 1703 2847 1755 θεσπεσίου
2906 1706 3151 1756 Ἰωάννου
3193 1705 3473 1772 λέγοντος·
3534 1726 3552 1757 ι
3600 1706 3662 1759 Ὀ

2098 1795 2269 1861 Λόγος
2294 1797 2337 1826 ⁸⁸
2372 1795 2507 1865 σὰρξ
2537 1795 2772 1862 ἐγένετο,
2808 1798 2902 1849 καὶ¹
2939 1799 3249 1865 ἐσκήνωσεν
3287 1799 3346 1849 έν
3379 1800 3507 1868 ἡμῖν
3541 1802 3660 1869 (καὶ

2094 1885 2440 1955 ἐθεασάμεθα
2482 1886 2579 1955 τὴν
2618 1886 2772 1951 δόξαν
2807 1886 2995 1947 αὑτοῦ,
3028 1887 3184 1951 δόξαν
3214 1890 3290 1950 ώς
3322 1889 3663 1956 Μονογενοῦς

2096 1978 2246 2045 παρά
2269 1976 2519 2047 Πατρὺς)
2566 1977 2779 2047 πλήρης
2810 1978 3030 2047 χάριτος
3053 1980 3145 2031 καὶ
3172 1980 3443 2049 ἀληθείας.
3481 2000 3498 2031 ι
3552 1982 3663 2051 Βοᾷ

2094 2068 2151 2122 δὲ
2186 2069 2279 2121 καὶ
2329 2066 2585 2135 Σοφονίας
2611 2084 2625 2099 ·
2669 2086 2686 2118 ι
2731 2068 3154 2137 Ἐπιφανήσεται
3205 2070 3407 2137 Κύριος
3449 2072 3666 2124 ὲπάύ-

2094 2161 2241 2223 τοὺς,
2274 2159 2369 2213 καὶ
2397 2158 2767 2228 ὲξολοθρεύσει
2796 2158 3003 2220 πάντας
3038 2161 3165 2219 τοὺς
3196 2160 3351 2221 θεοὺς
3382 2160 3483 2227 τῆς
3520 2160 3625 2227 γῆς
3647 2176 3662 2190 ο

2095 2252 2190 2305 καὶ
2212 2252 2674 2319 προσκυνήσουσιν
2702 2248 2848 2319 αὐτῷ
2881 2249 3109 2311 ἕκαστος
3143 2250 3205 2301 ὲκ
3240 2249 3331 2301 τοῦ
3369 2250 3537 2302 τόπου
3559 2251 3663 2302 αὐ-

2095 2340 2209 2402 τοῦ,
2243 2342 2334 2392 καὶ
2356 2342 2525 2392 πᾶσαι
2557 2342 2613 2391 αἰ
2648 2341 2799 2409 νῆσοι
2848 2338 2957 2391 τῶν
2999 2339 3189 2392 ὲθνῶν.
3227 2359 3244 2390 ι
3303 2340 3518 2409 Ἐπειδὴ
3550 2340 3667 2409 γὰρ

2108 2432 2391 2494 Ἰουδαίους
2425 2434 2502 2493 είς
2541 2431 2630 2483 τὸν
2659 2433 2717 2483 ὲν
2748 2430 3137 2499 Ἱεροσολύμοις
3185 2430 3318 2483 νεὼν
3348 2431 3665 2500 ξυπρέχειν

2095 2521 2395 2582 ἐκέλευσεν,
2429 2519 2735 2587 ἀναγκαίως
2769 2519 3149 2588 προστέθεικεν
3173 2519 3268 2583 ὡς,
3302 2520 3409 2573 τῶν
3459 2521 3664 2573 καλου-

2101 2613 2277 2682 μένων
2295 2612 2430 2664 θεῶν
2454 2611 2675 2680 ἀφανῶν
2697 2612 3126 2680 γενομένων,τδν
3155 2612 3404 2680 ἀληθινὸν
3432 2613 3668 2675 ἕκαστος

2096 2702 2458 2772 προσκυνήσει
2490 2700 2641 2761 Θεὸν,
2676 2701 2775 2752 ούκ
2795 2704 2874 2762 είς
2902 2702 3113 2770 ἐκείνην
3142 2704 3352 2769 τρέχειν
3378 2701 3477 2771 τὴν
3510 2702 3668 2753 πόλιν

2096 2792 2558 2860 ἀναγκαζόμενος,
2608 2789 2723 2842 ἀλλ’
2750 2791 2807 2841 ὲν
2836 2792 2956 2851 ταῖς
2987 2789 3185 2853 οἰκίαις
3228 2790 3273 2820 ⁸⁸
3311 2789 3406 2841 καὶ
3449 2788 3665 2855 πόλεσι,

2097 2886 2191 2938 καὶ
2219 2883 2453 2952 κώμαις,
2479 2882 2571 2935 καὶ⁵
2597 2882 2785 2951 ἀγροῖς
2810 2882 2869 2933 τὸ
2897 2880 3060 2941 σέϐας
3089 2880 3507 2951 προσφέροντες.
3552 2882 3668 2932 Καὶ

2102 2976 2215 3045 μετ’
2238 2974 2394 3041 ὀλίγα
2415 2972 2470 3023 δὲ
2501 2971 2662 3023 πάλιν
2694 2972 2736 3002 ⁸⁷
2772 2970 2904 3041 φησί
2925 2985 2938 2999 ·
2972 2990 2991 3021 ι
3028 2972 3161 3024 Τότε
3191 2970 3550 3041 μεταστρέψω
3570 2972 3667 3023 ἐπὶ

2097 3067 2257 3125 λαοὺς
2278 3063 2525 3132 γλῶσσαν
2547 3064 2625 3124 είς
2647 3060 2839 3130 γενεάν
2862 3062 3065 3123 αὐτοῖς,
3091 3061 3185 3113 τοῦ
3212 3062 3588 3114 ἐπικαλεῖσθαι
3618 3063 3665 3094 ⁸⁸

2097 3158 2157 3208 τὸ
2187 3156 2354 3223 ὄνομα
2384 3153 2609 3223 Κυρίου,
2638 3153 2731 3206 τοῦ
2756 3153 3022 3204 δουλεύειν
3044 3153 3189 3221 αὐτῷ
3218 3154 3322 3205 ὑπὸ
3352 3152 3514 3219 ζυγὸν
3545 3153 3661 3205 ἕνα·

2098 3250 2160 3299 ὲκ
2177 3246 2426 3317 περάτων
2459 3245 2719 3315 ποταμῶν
2750 3244 3031 3307 Αἰθιοπίας
3052 3244 3254 3296 οἴσουσι
3289 3244 3481 3306 θυσίας
3512 3261 3657 3314 μοι.»

2099 3338 2207 3408 Τὴν
2242 3338 2347 3407 γάρ
2377 3337 2439 3407 δὴ
2482 3337 2609 3406 μίαν
2657 3335 2764 3388 τῶν
2813 3335 3124 3388 ἀποστόλων
3179 3335 3424 3401 γλῶτταν
3451 3373 3466 3398 ,
3504 3335 3667 3387 Γαλιο

2097 3430 2252 3483 λαίαν
2282 3430 2325 3461 ⁶⁹
2350 3426 2534 3493 οὖσαν,
2571 3430 2649 3491 είς
2672 3427 2767 3490 τὰς
2797 3428 3052 3480 ἀπάντων
3084 3427 3191 3479 τῶν
3229 3427 3397 3479 ἐθνῶν
3423 3427 3665 3497 κατεμέ-

2099 3536 2217 3589 ρισε
2246 3517 2507 3585 γλώττας,
2532 3517 2625 3568 καλ⁸
2651 3518 3048 3587 προσενήνοχεν
3076 3516 3246 3571 ἅπασι
3274 3517 3372 3584 τὴν
3395 3518 3665 3585 σωτήριον

2097 3610 2287 3681 κλῆσιν
2333 3610 2397 3661 ⁷⁰.
2446 3608 2553 3659 Καὶ
2589 3608 2768 3676 μέντοι
2799 3607 2895 3659 καὶ
2941 3606 3030 3659 διὰ
3079 3605 3347 3675 Ζαχαρίου
3394 3606 3664 3674 σύμφωνα

2100 3700 2479 3772 προθεσπίζει·
2547 3718 2565 3750 ι
2606 3700 2819 3769 Τέρπου
2881 3699 2975 3752 καὶ
3034 3700 3357 3770 εὐφραίνου,
3424 3697 3666 3767 θύγατερ

2096 3790 2233 3843 Σιών
2253 3808 2265 3821 ·
2294 3792 2423 3843 διότι
2460 3791 2566 3843 ἰδοὺ
2595 3791 2704 3860 ἐγὼ
2729 3790 2995 3861 ἔρχομαι,
3030 3792 3125 3843 καὶ
3159 3789 3568 3859 κατασκηνώσω
3606 3792 3665 3841 ὲν

2101 3882 2248 3953 μέσῳ
2299 3898 2427 3944 σου,
2463 3881 2609 3949 λέγει
2656 3882 2889 3952 Κύριος·
2935 3885 3029 3937 καὶ
3070 3884 3496 3953 κανταφεύξονται
3536 3884 3666 3951 ἔθνη

2100 3970 2266 4022 πολλά
2295 3970 2386 4022 ὲπὶ
2415 3970 2504 4022 τὸν
2526 3970 2727 4040 Κύριον
2748 3974 2803 4023 ὲν
2830 3975 2896 4041 τῇ
2928 3974 3110 4043 ήμέρᾳ
3156 3974 3360 4047 ἐκείνῃ,
3399 3976 3495 4026 καὶ
3517 3974 3667 4026 ἔσον-

2098 4078 2189 4113 ται
2209 4061 2355 4131 αὐτῷ
2383 4064 2461 4123 εἰς
2484 4061 2609 4115 λαόν
2634 4078 2647 4092 °
2673 4064 2764 4115 καὶ
2784 4064 3195 4133 κατασκηνώσει
3219 4066 3261 4095 τί
3286 4067 3345 4117 ἐν
3372 4066 3523 4134 μέσῳ
3548 4081 3663 4117 σου·

2099 4154 2194 4207 καὶ
2226 4152 2409 4224 γνώσῃ
2449 4154 2528 4206 ὅτι
2562 4153 2765 4223 Κύριος
2812 4157 3202 4226 παντοκράτωρ
3234 4156 3545 4209 ἀπέσταλκέ
3596 4173 3666 4225 με

2098 4244 2233 4315 πρὸς
2272 4246 2350 4298 σέ.
2390 4264 2407 4297 ι
2460 4244 2548 4297 Ἑν
2569 4246 2624 4297 δὲ
2649 4246 2858 4309 τούτοις
2886 4249 2913 4299 ὁ
2942 4247 3251 4317 Μονογενὴς
3278 4248 3373 4300 καὶ⁵
3390 4248 3451 4299 τὸ
3464 4250 3667 4299 οἰκεῖον

2099 4335 2195 4387 καὶ
2230 4334 2289 4386 τὸ
2310 4334 2402 4387 τοῦ
2432 4336 2641 4405 Πατρός
2670 4336 2911 4403 ἐπέδειξε
2935 4338 2976 4367 ⁷³
3006 4339 3313 4409 πρόσωπον.
3364 4339 3667 4391 ’Δπεστάλ-

426 4420 783 4491 dissipabitur
812 4440 971 4478 arcus
993 4426 1142 4489 belli,
1178 4437 1233 4480 et
1256 4427 1551 4480 multitudo
1582 4431 1731 4497 pacis
1758 4446 1825 4484 ex
1859 4449 1992 4501 gen-

2099 4427 2186 4479 θαι
2213 4427 2270 4479 δὲ
2290 4428 2529 4497 εἴρηκεν,
2567 4429 2868 4500 ἐπειδήπερ
2901 4432 2999 4500 οὐχ
3029 4430 3105 4493 ὼς
3135 4430 3296 4492 Θεὸς,
3327 4430 3441 4483 ἀλλ’
3465 4430 3543 4492 ῶς
3571 4433 3669 4484 ἇν-

428 4514 591 4568 tibus.
624 4516 691 4569 Et
720 4516 1093 4571 dominabitur
1132 4535 1161 4571 a
1191 4520 1327 4572 mari
1357 4536 1528 4589 usque
1570 4522 1635 4573 ad
1674 4539 1841 4587 mare,
1881 4534 1936 4578 et
1960 4540 1991 4579 a

426 4605 748 4661 fluminibus
775 4623 947 4676 usque
977 4609 1044 4662 ad
1076 4609 1213 4666 ﬁnes
1239 4620 1395 4665 terra:
1419 4625 1476 4666 ιιι.
1518 4634 1534 4663 ι
1569 4614 1636 4667 Et
1664 4631 1852 4669 rursus
1870 4625 1993 4685 post

427 4699 597 4753 multa
624 4716 637 4753 :
676 4718 693 4749 ι
740 4700 809 4753 Ει
832 4700 1094 4754 Dominus
1126 4703 1232 4755 erit
1272 4720 1367 4757 rex
1394 4721 1558 4773 super
1588 4706 1753 4775 978
1773 4722 1991 4761 omnem

427 4798 651 4843 terram.
682 4791 777 4843 Die
808 4790 902 4843 illo
937 4792 1043 4844 erit
1073 4792 1336 4847 Dominus
1364 4810 1525 4857 unus,
1550 4804 1605 4848 et
1637 4811 1834 4849 nomen
1872 4797 1995 4865 ejus

430 4896 620 4945 unum,
642 4881 891 4935 ambiens
914 4882 971 4935 in
992 4883 1226 4938 circuitu
1252 4901 1467 4938 omnem
1492 4894 1694 4940 terram
1725 4896 1780 4941 et
1808 4888 1996 4942 deser-

428 4978 544 5024 tum
566 4979 612 5023 η.
644 4989 662 5021 ι
700 4971 968 5036 Quidnam
992 4973 1212 5038 borum,
1237 4990 1270 5028 o
1288 4975 1412 5039 viri,
1442 4986 1526 5030 est
1558 4977 1873 5042 obscurum,
1900 4985 1996 5032 aut

426 5060 777 5114 enarratione
823 5059 1072 5130 indiget?
1120 5061 1229 5117 Aut
1254 5069 1267 5081 '
1302 5064 1434 5132 quid
1463 5080 1653 5118 eorum
1688 5082 1808 5135 qua:
1849 5066 1997 5122 dicta

502 5217 527 5255 ε
555 5213 884 5290 Αιιιρειιι,9.
962 5215 989 5253 h
1016 5214 1262 5290 ibidall,
1290 5216 1376 5290 lg.
1433 5216 1468 5290 _i
1499 5217 1656 5271 Joan.
1697 5234 1736 5290 ι,
1764 5219 1856 5290 il.
1929 5218 1944 5269 i
1981 5218 1995 5272 ξ

2098 5219 2225 5276 bon.
2251 5237 2309 5288 ιι,
2340 5222 2424 5275 ll.

432 5286 519 5339 Η.
592 5297 631 5324 ιιι
663 5284 888 5339 Zachar.
915 5300 988 5348 ix,
1025 5285 1079 5349 9,
1110 5284 1196 5341 10.
1274 5297 1301 5323 υ
1325 5286 1551 5341 Zacbar.
1582 5304 1689 5353 τιν,
1719 5289 1773 5353 9,
1803 5288 1891 5341 10.

2099 4520 2313 4589 θρωπος
2333 4521 2574 4590 ἐπεφάνη
2594 4537 2607 4551 °
2634 4523 2833 4592 πρέπει
2870 4523 2925 4575 δὲ
2954 4522 3102 4592 αύτῷ
3126 4523 3221 4593 τὴν
3262 4523 3401 4593 ὑπὲρ
3440 4522 3550 4574 τῶν
3573 4523 3670 4573 άν-

2101 4611 2331 4681 ορώπων
2350 4612 2694 4683 δικαιοσύνην
2718 4616 3145 4684 παραγενομένῳ
3168 4614 3472 4685 πληρῶσαι,
3494 4614 3670 4677 δεῖξαι

2098 4703 2155 4756 δὲ
2183 4704 2277 4756 καὶ
2328 4706 2375 4736 ⁷³
2410 4704 2507 4774 τὴν
2550 4706 2951 4776 ἐπαινουμένην
2999 4708 3267 4776 ὑπακοήν.
3319 4708 3428 4759 Καὶ
3472 4705 3667 4758 πάλιν·

2105 4810 2125 4843 ι
2159 4794 2329 4863 Χαῖρε
2368 4796 2604 4866 σφόδρα,
2645 4796 2879 4865 θύγατερ
2928 4796 3097 4848 Σιών·
3128 4798 3383 4865 κήρυσσε,
3428 4794 3672 4863 θύγατερ

2111 4886 2491 4957 Ἰερουσαλήμ·
2540 4889 2668 4941 Ἰδοὺ
2709 4890 2737 4940 ό
2771 4889 3017 4957 βασιλεύς
3072 4906 3165 4941 σου
3205 4889 3422 4959 ἔρχεταί
3463 4905 3548 4939 σοι
3600 4888 3676 4938 65-

2100 4993 2255 5040 καιος
2280 4977 2375 5029 καὶ
2406 4977 2622 5042 σώζων·
2656 4977 2817 5041 αὐτὸς
2848 4977 3050 5049 πραῢς,
3084 4979 3178 5031 καὶ
3209 4974 3551 5045 ἐπιϐεϐηκὼς
3573 4975 3677 5027 ἐπὶ

2104 5068 2395 5138 ὑποζύγιον
2421 5070 2515 5123 καὶ
2549 5069 2725 5121 πῶλον
2741 5069 2880 5123 νέον.
2914 5070 3025 5122 Καὶ
3048 5069 3417 5138 ὲξολοθρεύσει
3443 5068 3680 5139 ἀρματα

2506 5218 2531 5260 ¹ι
2558 5221 2802 5292 Sephon.
2826 5238 2904 5287 ιιι,
2936 5221 2991 5288 9,
3028 5221 3111 5276 10.
3198 5220 3465 5276 lZacbar.
3491 5235 3553 5285 ιι,
3580 5219 3678 5289 10,

1730 5379 1961 5434 VARI/13
1999 5378 2393 5435 LECTIONES.

502 5492 675 5578 “piat
700 5492 1579 5578 ἀνοικοδομήσω-Ξνοικοδομήξω
1603 5510 1712 5549 om.
1816 5494 2272 5578 L‘dvo't‘XSBOle'jO’t?‘
2300 5509 2408 5578 οηιιι.
2440 5494 2482 5546 B
2500 5567 2511 5578 ‘
2529 5502 2649 5578 post
2678 5512 2805 5578 κατε
2817 5493 3112 5578 σκλαύτῇςζ

1745 5566 1789 5595 ⁵⁷
1815 5565 1869 5615 δὲ
1894 5564 2052 5615 πάλιν
2082 5579 2188 5615 om.
2233 5563 2291 5614 B.
2322 5563 2458 5615 Tum
2497 5566 2587 5615 ἐπὶ
2616 5564 2840 5624 πολλοὺς
2880 5564 2936 5625 Β,
2973 5566 3061 5614 ἐπὶ
3094 5564 3255 5627 λαοὺς
3282 5565 3378 5617 Vb.

1584 5635 1627 5665 ⁶⁹
1664 5634 1967 5685 Γαλιλαίαν.
2018 5632 2295 5684 Γαλιλαῖον
2324 5632 2379 5685 ll.

1039 5702 1079 5731 ⁷³
1109 5701 1366 5764 ἐπέδειξε.
1421 5704 1581 5764 ἔδειξε
1615 5705 1671 5756 Β.
1730 5703 2035 5768 ἐπεδείξατο
2064 5702 2122 5755 C.

434 5560 480 5593 ⁸³
506 5561 534 5611 ό
557 5560 729 5625 λόγος.
762 5564 856 5614 καί⁹
889 5566 916 5614 ὁ
948 5560 1094 5615 λζΒ.
1168 5563 1212 5594 ⁸⁸
1237 5560 1462 5625 οἰκείαις
1485 5560 1651 5617 Sirm.

435 5628 733 5682 καλεῖσθαι.
771 5632 1143 5684 ἐπικαλεῖσθαι
1190 5634 1396 5695 πάντας
1430 5634 1487 5685 Β.

443 5700 766 5767 κατασκηνώ
776 5718 847 5752 σω
876 5701 931 5751 Β.

3187 5494 3231 5525 ⁵⁸
3266 5494 3440 5546 πάντα
3466 5509 3577 5547 om.
3617 5499 3678 5553 Β.

3470 5565 3517 5595 ⁸⁸
3552 5566 3683 5616 ἐπι-

3165 5635 3200 5662 "
3242 5633 3676 5701 κατασκηνώσει.

2529 5502 2649 5563 post
2678 5512 2805 5546 κατε
2817 5510 2899 5546 σκ.
2922 5493 3107 5562 αὐτῆς.

2479 5634 2522 5662 ⁷⁰
2554 5634 2762 5701 κλῆσιν.
2795 5634 2965 5685 κλίσιν
2999 5633 3053 5684 Β.

2224 5704 2265 5733 ⁷³
2291 5702 2341 5753 δὲ
2368 5703 2475 5755 καί.
2523 5704 2575 5755 δὲ
2607 5719 2714 5756 om.
2757 5704 2812 5764 ll,
2838 5703 2897 5757 C.
