3974 6196
335 235 466 304 1089

993 238 1430 300 GRIECARUM
1469 238 1768 298 AFFECT.
1811 194 2243 300 cummo—
2269 243 2339 301 Χ.
2385 243 2481 302 DE
2513 241 2902 303 ORACULIS.

3439 239 3572 314 1090

327 353 388 419 ἐξ
421 351 570 425 [M9]
613 351 864 422 Ἐφραῒμ,
903 353 998 405 καὶ
1050 353 1217 405 ἵππον
1260 352 1320 416 ἐξ
1357 352 1750 423 Ἰερουσαλήμ·
1799 352 1894 405 καὶ

2006 363 2144 418 sunt,
2180 371 2360 409 rerum
2397 356 2639 426 ipsarum
2680 355 3054 412 testimonium
3085 371 3193 409 non
3229 357 3431 412 habet?
3457 359 3571 411 Au-

330 441 839 512 ὲξολοθρευθήσεται
865 441 1016 505 τόξον
1044 441 1365 511 πολεμικόν’
1397 445 1492 496 καὶ
1521 443 1724 514 πλῆθος
1756 443 1900 512 εἰρή-

331 550 428 604 νης
458 535 514 600 ἐξ
542 533 706 586 ὲθνῶν
730 547 745 562 ⁶
778 533 870 585 καὶ
904 533 1164 603 κατάρξει
1194 534 1302 586 ἀπὸ
1347 535 1622 602 θαλάσσης
1670 533 1773 595 ἕως
1803 533 1898 586 θα-

331 625 556 693 λάσσης,
579 624 671 676 καὶ
688 623 794 676 ἀπὸ
824 624 1083 693 ποταμῶν
1113 624 1217 686 ἕως
1250 624 1541 676 διεκϐολῶν
1574 624 1697 694 γῆς.
1737 642 1755 674 ›
1788 623 1896 675 Kal

335 717 472 784 μετὰ
503 715 754 768 πλεῖστα’
792 733 811 766 ι
846 715 953 768 Καὶ
991 715 1140 768 ἔσται
1184 715 1385 786 Κύριος
1429 717 1507 778 είς
1551 714 1772 785 βασιλέα
1801 715 1894 768 ἐπὶ

331 809 511 860 πᾶσαν
541 805 638 876 τὴν
667 807 803 876 γῆν·
839 806 896 857 ἐν
943 809 1010 876 τῇ
1045 806 1230 877 ἡμέρα
1264 807 1447 879 ἐκείνῃ
1495 805 1644 858 ἔσται
1692 806 1910 877 Κύριος,

332 894 434 958 εἷς,
463 896 557 950 καὶ
583 896 644 949 τὸ
675 897 845 966 δνομα
873 896 1034 949 αὑτοῦ
1067 896 1154 961 ἓν,
1191 895 1418 949 κυκλοῦν
1464 898 1641 950 πᾶσαν
1663 896 1759 966 τὴν
1793 895 1896 964 γῆν

334 989 426 1040 καὶ
451 987 552 1057 τὴν
579 989 808 1059 ἔρημον.
839 1006 856 1038 ι
879 989 944 1040 Τί
965 988 1190 1052 τούτων,
1215 981 1486 1056 ὦᾶνδρες.
1516 985 1900 1054 ξυνεσκιασμέυ

335 1098 446 1145 νον,
473 1082 506 1151 ἦ
539 1083 838 1150 σαφηνείας
864 1082 1146 1148 δεόμενον;
1173 1079 1326 1140 Ποῖον
1358 1079 1414 1131 δὲ
1445 1078 1487 1109 ⁷³
1523 1077 1656 1130 τῶν’
1677 1077 1897 1147 εἰρημέ-

335 1187 441 1221 νων
465 1170 564 1222 ούκ
587 1169 698 1238 ἕχει
727 1169 935 1238 βοῶσαν
951 1169 1058 1220 τῶν
1075 1167 1414 1238 πραγμάτων
1442 1166 1538 1235 τὴν
1569 1163 1896 1236 μαρτυρίανξ

2004 443 2116 497 dite
2147 461 2247 514 per
2270 462 2331 499 os
2373 447 2654 501 Malachiaa
2697 447 2867 501 Deum
2905 447 3287 501 universorum
3311 449 3571 503 lsraelem

2003 535 2422 602 compellantem
2456 556 2467 590 :
2511 557 2528 588 ι
2559 538 2678 592 Non
2707 546 2791 594 est
2831 539 2964 592 mihi
3011 539 3264 594 voluntas
3294 539 3350 592 in
3391 541 3569 606 vobis,

2003 623 2140 678 dicit
2162 625 2428 681 Dominus
2463 645 2474 681 :
2504 643 2683 698 neque
2714 629 3043 684 sacriﬁcium
3077 630 3337 699 accipiam
3366 629 3432 682 de
3454 645 3571 684 ma-

2002 715 2167 769 nibus
2207 719 2424 782 vestris,
2473 720 2731 787 quoniam
2771 721 2840 774 ab
2881 731 3007 776 ortu
3050 721 3179 775 solis
3215 730 3270 774 et
3303 736 3474 789 usque
3505 720 3573 774 ad

2001 822 2276 870 occasum,
2294 824 2493 864 nomen
2520 826 2702 865 meum
2719 812 3076 882 gloriﬁcatum
3108 823 3192 867 est
3209 812 3265 865 in
3289 811 3570 881 gentibus:

2002 905 2058 951 et
2088 897 2143 950 in
2173 899 2324 952 omni
2358 899 2478 953 loco
2516 901 2811 972 thymiama
2839 902 3068 956 oﬂ‘ertur
3098 901 3307 955 nomini
3344 917 3487 965 meo,
3516 909 3574 954 et

2003 986 2332 1041 sacrificium
2361 1004 2582 1057 purum,
2615 990 2743 1058 quia
2777 1006 3030 1059 magnum
3059 999 3142 1044 est
3166 1005 3364 1044 nomen
3389 1005 3572 1043 meum

2005 1074 2062 1128 in
2094 1075 2369 1144 gentibus,
2397 1075 2531 1129 dicit
2558 1075 2822 1130 Dominus
2845 1077 3192 1145 omnipotens
3226 1091 3358 1129 :vos
3390 1084 3572 1128 autem

2005 1166 2304 1234 profanatis
2341 1166 2475 1219 illud
2498 1175 2544 1218 ο.
2586 1185 2603 1215 ι

349 1257 638 1309 Ἀκούσατε
663 1258 727 1326 δὴ
762 1258 855 1310 καὶ
882 1258 967 1310 διὰ
997 1257 1277 1326 Μαλαχίου
1315 1255 1409 1308 τοῦ
1451 1255 1585 1308 Θεοῦ
1619 1255 1727 1307 τῶν
1760 1255 1896 1308 ὅλων
1932 1257 2071 1324 πρὸς
2110 1255 2198 1308 τὸν
2223 1256 2440 1327 Ἰσραὴλ
2491 1257 2770 1324 λέγοντος·
2804 1275 2822 1307 ι
2861 1257 2974 1310 Οὐκ
3040 1255 3155 1310 ἔστι
3225 1274 3314 1326 μοι
3364 1257 3574 1326 θέλημα

337 1348 394 1400 ὲν
416 1349 564 1418 ὑμῖν,
617 1348 762 1416 λέγει
806 1348 1006 1413 Κύριος
1025 1365 1040 1379 ο
1077 1348 1171 1400 καὶ
1223 1347 1412 1400 θυσίαν
1474 1348 1535 1399 ού
1602 1345 1965 1416 προσδέξομαι
2005 1347 2069 1398 ὲκ
2096 1347 2204 1399 τῶν
2225 1346 2423 1416 χειρῶν
2444 1347 2596 1417 ὑμῶν
2617 1365 2630 1379 ·
2659 1348 2793 1400 διότι
2815 1348 2921 1399 ἀπὸ
2943 1348 3214 1401 ἀνατολῶν
3230 1348 3377 1417 ἡλίου
3404 1351 3498 1402 καὶ
3527 1349 3570 1380 ⁷³

337 1440 442 1504 ἓως
472 1442 688 1511 δυσμῶν
713 1441 773 1494 τὸ
794 1443 962 1512 ὄνομά
993 1460 1092 1512 μου
1120 1442 1432 1508 δεδόξασται
1462 1443 1519 1493 ὲν
1548 1444 1660 1504 τοῖς
1699 1440 1896 1492 ἔθνεσι·
1941 1441 2034 1493 κα)⁵
2068 1442 2124 1492 ὲν
2157 1442 2320 1494 παντὶ
2382 1443 2528 1512 τόπῳ
2593 1442 2839 1512 θυμίαμα
2873 1442 3235 1514 προσφέρεται
3255 1443 3330 1510 τῷ
3351 1443 3574 1514 ὀνόματί

343 1549 466 1602 μου,
489 1535 581 1586 καὶ
611 1534 768 1586 θυσία
795 1535 1028 1604 καθαρά.
1089 1535 1232 1587 Διότι
1269 1534 1411 1605 μέγα
1451 1534 1511 1586 τὸ
1577 1532 1748 1603 δνομά
1784 1549 1886 1601 μου
1917 1532 1974 1583 ὲν
2011 1535 2124 1594 τοῖς
2147 1532 2343 1597 ἔθνεσι,
2365 1533 2514 1600 λέγει
2540 1533 2740 1604 Κύριος
2772 1534 3161 1604 παντοκράτωρ
3183 1549 3195 1562 ·
3219 1534 3374 1603 ὑμεῖς
3400 1533 3456 1585 δὲ
3488 1534 3575 1603 βε-

341 1623 567 1692 6ηλοῦτε
595 1625 743 1678 αὑτό.
783 1644 800 1676 ι

410 1717 710 1786 Παράθετε,
737 1710 782 1769 ὦ
801 1717 1042 1786 φιλότης,
1068 1715 1196 1778 τοὺς
1212 1713 1404 1782 λόγους
1455 1716 1567 1770 τοῖς
1591 1713 1897 1784 πράγμασι,

2077 1709 2422 1781 Comparate,
2474 1713 2656 1778 amici,
2708 1714 2875 1768 verba
2910 1714 3024 1771 haec
3050 1731 3174 1769 cum
3219 1716 3385 1770 rebus
3420 1715 3569 1784 ipsis,

337 1804 433 1856 καὶ
463 1799 684 1872 βλέπετε
710 1804 803 1856 καὶ
828 1803 924 1873 τὴν
951 1803 1217 1856 Ἰουδαίων
1233 1802 1560 1870 ἀντιλογίαν,
1581 1801 1780 1872 καὶτὴν
1801 1802 1908 1854 τῶν

337 1894 506 1946 ἐθνῶν
520 1895 827 1964 ὁμολογίαν,
845 1895 938 1948 καὶ
953 1894 1050 1966 τὴν
1070 1894 1317 1964 πανταχῆ
1335 1894 1380 1924 ⁷⁸
1396 1894 1496 1962 γῆς
1524 1893 1617 1945 καὶ
1643 1891 1908 1960 θαλάττης

336 1987 792 2057 προσφερομένην
827 1986 1018 2039 θυσίαν
1056 1985 1132 2054 τῷ
1167 1985 1286 2055 Θεῷ
1317 1983 1426 2037 τῶν
1449 1983 1585 2036 ὅλων
1613 1999 1909 2052 πνευματι-

336 2077 460 2147 κὴν,
495 2077 589 2130 καί
626 2078 903 2148 ὑμνήσατε
941 2076 1032 2130 τὸν
1063 2076 1234 2140 οὕτως
1269 2074 1512 2146 ἐναργῶς
1563 2073 1734 2128 ταῦτα
1777 2092 1908 2145 προ-

335 2166 789 2236 αγορεύσανταττ.
810 2166 871 2217 Εἰ
892 2165 946 2216 δὲ
975 2164 1248 2234 βούλεσθε,
1261 2163 1354 2216 καὶ
1370 2162 1458 2215 τοῦ
1475 2162 1688 2231 Δανιὴλ,
1707 2160 1906 2215 καὶτοῦ

349 2256 606 2326 Ἰεζεκιὴλ
623 2265 716 2309 καὶ
731 2255 825 2308 τοῦ
856 2254 1091 2325 ’1ωὴλ¹¹⁸,
1111 2263 1202 2307 καί
1218 2255 1477 2323 Μιχαίου,
1497 2253 1590 2304 καὶ
1613 2252 1791 2322 Ὠσηὲ,
1811 2253 1908 2306 καὶ

333 2345 440 2398 τῶν
454 2345 627 2399 ἄλλων
645 2345 938 2414 προφητῶν
952 2345 1224 2409 ἀνάγνωτε
1238 2343 1305 2395 τὰ
1328 2342 1686 2411 θεσπίσματα.
1704 2342 1909 2394 Ἀπαν-

335 2453 425 2498 τες
453 2437 560 2507 γάρ
580 2454 663 2490 τοι
679 2436 724 2467 ⁷⁸
741 2436 837 2505 τὴν
852 2434 959 2486 τῶν
977 2432 1146 2485 ἐθνῶν
1165 2431 1591 2502 προαγορεύουσι
1613 2432 1904 2502 σωτηρίαν.

339 2527 448 2576 Καὶ
469 2526 650 2595 μέντοι
668 2526 761 2578 καὶ
778 2524 914 2593 πρὸς
928 2524 1018 2575 τὸν
1032 2521 1375 2591 πατριάρχην
1403 2521 1500 2572 Ἀὅ
1508 2520 1609 2589 ραὰ
1617 2538 1655 2588 μ
1671 2521 1766 2583 τὰς
1785 2538 1908 2573 συν-

340 2613 511 2683 θήκας
558 2615 902 2684 ποιούμενος,
947 2614 1037 2666 διὰ
1059 2612 1153 2666 τοῦ
1187 2613 1496 2682 σπέρματος
1521 2610 1683 2662 αὑτοῦ
1716 2610 1906 2664 δώσειν

340 2707 450 2767 τοῖς
478 2704 652 2757 ἔθνεσι
685 2705 783 2773 τὴν
813 2703 1055 2770 εὐλογίαν
1108 2703 1391 2772 ὑπέσχετο.
1433 2722 1450 2753 ι
1481 2702 1768 2771 Εὑλογήσω
1799 2702 1906 2770 γάρ

343 2812 424 2859 σε,
455 2796 582 2866 ἔφη,
604 2793 697 2847 καὶ
719 2794 1001 2864 μεγαλυνῶ
1029 2795 1088 2846 τὸ
1110 2795 1278 2863 δνομά
1303 2811 1418 2857 σου,
1450 2795 1543 2846 καὶ
1566 2793 1664 2864 ἔσῃ
1687 2794 1907 2863 εὐλογη-

349 2886 533 2956 μένος,
566 2887 660 2939 καὶ
693 2886 974 2955 εὐλογήσω
1010 2887 1134 2948 τοὺς
1159 2884 1507 2951 εύλογοῦντάς
1543 2901 1622 2946 σε,
1660 2887 1752 2936 καὶ
1783 2885 1906 2947 τοὺς

342 2976 764 3051 καταρωμένους
782 2991 839 3026 σε
861 2975 1259 3044 καταράσομαι,
1278 2974 1370 3026 καὶ
1391 2973 1905 3044 ὲνευλογηθήσονται

342 3065 400 3116 ὲν
438 3039 516 3132 τῶ
559 3039 834 3131 σπέρματί
877 3077 970 3113 σου
1000 3039 1176 3114 πάντα
1199 3060 1268 3114 τὰ
1295 3061 1420 3132 ἔθνη
1446 3063 1543 3131 τῆς
1741 3081 1759 3112 ›
1799 3064 1906 3116 Katl
1931 3039 1977 3101 ϐ

343 3153 544 3221 ταύτην
567 3151 715 3222 αὐτῷ
744 3153 840 3221 οὐχ
866 3151 1032 3218 ἅπαξ,
1061 3151 1195 3206 ἀλλὰ
1225 3153 1318 3204 καὶ
1351 3153 1396 3184 ⁸ο
1425 3153 1679 3215 πολλάκις
1708 3153 1905 3206 δέδωκε

340 3243 442 3316 τὴν
484 3243 801 3313 ὑπόσχεσιν·
836 3243 928 3295 καὶ
967 3243 1146 3312 μέντοι
1173 3243 1264 3295 καὶ
1295 3244 1432 3312 μετὰ
1461 3244 1556 3313 τὴν
1587 3244 1794 3296 ἐκείνου
1817 3262 1908 3297 τε-

339 3335 531 3406 λευτὴν
551 3333 692 3407 [τὴν]
715 3335 758 3367 ⁸¹
786 3336 956 3405 αὐτὴν
982 3335 1220 3404 παρέσχε
1250 3335 1343 3387 καὶ
1365 3333 1442 3404 τῷ
1483 3335 1666 3387 Ἰσαὰκ
1694 3333 1837 3405 [τὴν]
1861 3336 1906 3367 ⁸²

339 3428 609 3496 εὐλογίαν,
641 3429 735 3480 καὶ⁵
766 3428 882 3496 μετ’
911 3429 1113 3479 ἐκεῖνον
1143 3425 1302 3479 πάλιν
1333 3425 1410 3496 τῷ
1443 3425 1653 3481 Ἰακώϐ.
1689 3427 1907 3499 Ἐπειδὴ

339 3520 448 3590 γὰρ
484 3521 549 3571 ὲκ
583 3517 679 3571 τοῦ
733 3518 1046 3587 σπέρματος
1095 3515 1188 3569 τοῦ
1236 3516 1284 3548 ⁸³
1315 3517 1537 3570 ἐκείνων
1565 3518 1662 3588 τὴν
1693 3518 1906 3589 ἀνθρω-
1968 3534 1975 3539 ·

339 3611 499 3663 πείαν
543 3607 703 3678 φύσιν
755 3607 933 3660 λαϐὼν
979 3609 1007 3660 ὁ
1049 3606 1358 3678 Μονογενὴς
1394 3609 1810 3680 ὲνηνθρώπησεν
1836 3612 1905 3675 εδ,

340 3700 768 3771 ἐνανθρωπήσας
817 3698 895 3762 δὲ,
954 3699 1050 3751 καὶ
1082 3698 1182 3768 τὴν
1219 3699 1528 3768 οἰκονομίαν
1557 3701 1799 3768 τελέσας,
1827 3705 1906 3769 είς

339 3790 556 3844 ἃπασαν
599 3788 697 3860 τὴν
756 3787 1077 3858 οἰκουμένην
1103 3790 1228 3852 τοὺς
1258 3790 1586 3853 ἀποστόλους
1611 3791 1904 3863 ἐξέπεμψε,

341 3882 435 3934 καὶ
484 3877 780 3951 προσέταξε
841 3877 1178 3948 μαθητεῦσαι
1235 3880 1412 3932 πάντα
1455 3880 1524 3933 τὰ
1575 3881 1700 3952 ἔθνη
1741 3884 1821 3945 είς
1845 3884 1906 3936 τὸ

339 3974 510 4044 ὄνομα
561 3971 654 4025 τοῦ
703 3970 934 4041 Πατρὺς,
989 3970 1083 4024 καὶ
1135 3970 1228 4024 τοῦ
1268 3971 1420 4035 Υίοῦ,
1479 3975 1571 4026 καὶ
1611 3976 1706 4028 τοῦ
1750 3977 1902 4045 ἁγίου

341 4064 674 4134 Πνεύματος,
698 4062 1063 4116 πιστεύσαντα
1090 4062 1148 4115 δὲ
1174 4063 1242 4116 τὰ
1275 4063 1400 4134 ἔθνη
1440 4063 1488 4096 ⁸⁵
1515 4067 1612 4136 τῆς
1637 4067 1905 4139 σωτηρίας

339 4154 649 4208 ἀπέλαυσεν
704 4154 789 4185 ⁸⁸·
839 4153 1064 4217 εἰκότως
1115 4153 1224 4225 ἄρα
1258 4155 1351 4207 καὶ
1402 4154 1478 4226 τῷ
1522 4157 1770 4228 Ἀϐραὰμ
1811 4161 1905 4213 καὶ

338 4246 452 4306 τοῖς
505 4242 565 4307 ἐξ
621 4241 830 4296 ἐκείνου
867 4243 1024 4312 τήνδε
1083 4242 1324 4312 παρέσχε
1375 4243 1473 4313 τὴν
1506 4245 1773 4314 εὐλογίαν,
1813 4247 1905 4300 καὶ

2008 1819 2070 1858 ac
2096 1804 2278 1859 videte
2321 1813 2433 1859 tum
2464 1807 2772 1862 Judzeorum
2812 1810 3208 1863 contumaciam
3233 1850 3248 1872 ,
3279 1820 3393 1864 tum
3438 1827 3572 1880 gen-

2011 1895 2145 1948 tium
2182 1896 2580 1952 confessionem
2606 1938 2621 1961 ,
2667 1907 2723 1952 et
2753 1898 2956 1968 ubique
2982 1909 3125 1954 terra
3157 1915 3220 1953 ac
3241 1901 3379 1954 mari
3408 1902 3572 1970 spiri-

2009 1989 2154 2041 tuale
2195 1988 2424 2043 Domino
2460 1989 2786 2044 sacrificium
2814 1991 2999 2045 oll'erri
3031 2009 3042 2043 :
3070 2007 3306 2061 eumque
3332 1992 3570 2055 laudate,

2007 2079 2101 2148 qui
2121 2080 2235 2134 bzec
2265 2089 2371 2133 tam
2417 2082 2702 2136 manifeste
2744 2082 3014 2152 przedixit.
3047 2082 3200 2148 Quod
3224 2084 3268 2137 si
3303 2085 3488 2150 vultis,
3516 2093 3574 2140 et

2009 2169 2268 2233 Danielis,
2321 2181 2378 2224 et
2427 2171 2751 2235 Ezechielis,
2806 2181 2862 2225 et
2893 2172 3082 2236 Joelis,
3132 2182 3186 2227 et
3223 2173 3474 2237 Michzet’e,
3517 2185 3574 2228 et

2008 2258 2180 2321 Oseze,
2208 2259 2549 2329 aliorumque
2583 2262 2975 2331 prophetarum
3004 2263 3244 2318 oraculis
3272 2265 3459 2318 oculos
3479 2266 3573 2320 ad-

2007 2359 2240 2405 movete.
2275 2352 2477 2406 Omnes
2505 2353 2651 2407 enim
2683 2353 2924 2422 gentium
2973 2353 3199 2408 salutem
3248 2355 3569 2424 prmdicunt.

2007 2438 2150 2504 Quin
2192 2448 2246 2494 et
2278 2442 2422 2495 Deus
2463 2441 2578 2510 ipse
2609 2458 2732 2496 cum
2764 2443 3074 2512 patriarcha
3097 2443 3407 2499 Abrahamo
3441 2446 3575 2500 insi-

2007 2544 2111 2599 gne
2150 2530 2282 2584 illud
2309 2531 2490 2587 fmdus
2512 2534 2848 2600 percutiens,
2881 2534 2936 2588 in
2961 2537 3166 2590 semine
3211 2537 3386 2605 ipsius
3410 2538 3570 2593 datu-

2009 2634 2132 2673 rum
2176 2635 2232 2673 se
2265 2621 2522 2690 gentibus
2549 2622 2990 2700 benedictionem
3032 2627 3300 2694 promisit.
3346 2646 3363 2678 ι
3396 2628 3571 2684 Bene-

2008 2709 2183 2765 dicam
2218 2710 2337 2775 tibi,
2369 2711 2566 2780 inquit,
2597 2720 2653 2766 et
2694 2714 3052 2784 magniﬁcabo
3082 2733 3283 2772 nomen
3316 2727 3488 2783 tuum,
3517 2731 3576 2775 et

2007 2804 2117 2858 eris
2146 2804 2469 2859 benedictus
2497 2823 2510 2858 :
2539 2815 2596 2860 et
2621 2806 2940 2862 benedicam
2973 2809 3430 2866 benedicentibus
3450 2812 3570 2878 tibi,

2005 2894 2170 2964 979
2200 2904 2254 2949 et
2284 2895 2735 2951 maledicentibus
2773 2898 2871 2952 tibi
2907 2902 3226 2957 maledicam
3262 2921 3276 2956 :
3316 2914 3372 2959 et
3403 2905 3573 2962 bene-

2007 2985 2260 3041 dicentur
2307 2986 2362 3040 in
2415 2988 2624 3043 semine
2671 2998 2766 3044 tuo
2820 3005 3010 3048 omnes
3043 3003 3234 3065 gentes
3287 3005 3509 3053 temer.
3547 3017 3565 3049 ι

2007 3073 2195 3144 Neque
2229 3075 2331 3130 hoc
2363 3077 2440 3131 illi
2475 3079 2665 3144 semel,
2694 3096 2884 3136 verum
2911 3085 3110 3154 saepius
3137 3095 3221 3142 est
3253 3088 3528 3157 pollicitus
3555 3105 3570 3143 :

2007 3166 2140 3233 quin
2168 3175 2220 3220 et
2261 3182 2326 3220 eo
2357 3167 2634 3232 defuncto,
2664 3174 2912 3228 eamdem
2953 3176 3394 3233 benedictionem
3422 3178 3576 3234 dedit

2007 3252 2119 3306 ﬁlio
2141 3254 2260 3322 ejus
2289 3254 2488 3318 lsaaco,
2522 3267 2751 3326 postque
2790 3263 2944 3316 illum
2989 3265 3211 3321 Jacobo.
3246 3267 3384 3334 Quia
3425 3271 3574 3325 enim

2007 3359 2074 3398 ex
2102 3344 2318 3398 illorum
2355 3349 2561 3402 semine
2596 3363 2873 3421 assumpta
2910 3365 3104 3410 natura
3143 3359 3402 3424 humana,
3441 3363 3573 3418 lini-

2007 3436 2224 3505 genitus
2246 3438 2421 3494 factus
2454 3450 2539 3495 est
2565 3441 2752 3506 homo,
2793 3451 2849 3496 et
2880 3444 3046 3500 homo
3068 3447 3263 3514 factus,
3289 3450 3573 3519 dispensa-

2009 3528 2266 3598 tioneque
2303 3531 2543 3600 perfecta
2563 3574 2578 3599 ,
2616 3535 2672 3587 in
2701 3549 2786 3587 om
2798 3551 2916 3589 nem
2949 3545 3148 3590 terram
3176 3542 3450 3607 apostolos
3476 3543 3577 3594 mi-

2006 3620 2101 3684 sit,
2145 3631 2442 3692 gentesque
2486 3640 2678 3679 omnes
2712 3627 2910 3681 docere
2957 3631 3236 3699 praecepit,
3282 3640 3337 3685 et
3387 3632 3492 3686 illa:
3521 3633 3575 3688 in

2006 3709 2228 3764 nomine
2262 3711 2460 3774 Patris,
2497 3723 2552 3765 et
2582 3713 2726 3776 Filii,
2748 3723 2804 3767 et
2827 3713 3064 3783 Spiritus
3087 3718 3258 3771 sancti
3289 3717 3576 3772 credentes

2007 3799 2237 3853 salutem
2272 3811 2578 3856 consecutae
2608 3811 2735 3856 sunt
2759 3814 2807 3867 ει,
2830 3806 2955 3874 jure
2989 3814 3042 3859 et
3077 3806 3389 3861 Abrahamo
3421 3814 3476 3860 et
3510 3808 3577 3861 iis

2007 3888 2102 3957 qui
2138 3903 2205 3942 ex
2236 3904 2303 3943 eo
2342 3899 2471 3943 sunt
2498 3891 2700 3960 geniti,
2745 3892 3181 3948 benedictionem
3233 3896 3375 3949 hanc
3402 3895 3574 3960 dedit,

2005 3978 2323 4049 eisdemque
2350 3980 2533 4034 futura
2559 3983 2952 4051 praenuntians,
2979 3986 3405 4055 magnitudinem
3441 4004 3577 4056 prm-

2005 4071 2099 4125 mii
2126 4072 2386 4136 ostendit,
2415 4088 2480 4127 ac
2507 4072 2820 4128 divinorum
2852 4076 3150 4131 verborum
3169 4078 3448 4133 auditores
3479 4095 3575 4149 spe

2005 4163 2199 4217 salutis
2237 4164 2554 4219 consolatus
2589 4175 2694 4220 est.
2739 4166 2975 4221 Jacobus
3026 4169 3190 4222 etiam
3242 4170 3572 4240 patriarcha,

2005 4268 2129 4308 cum
2171 4255 2324 4309 Judae
2362 4255 2731 4321 benediceret,
2763 4257 2830 4311 de
2879 4258 3124 4328 gentium
3186 4260 3574 4316 benedictione

341 4333 523 4395 αὐτοῖς
563 4331 699 4403 δῆλα
741 4331 910 4384 ποιῶν
943 4332 1010 4384 τὰ
1041 4332 1293 4402 ἐσόμενα,
1323 4335 1417 4387 καὶ
1452 4338 1512 4388 τὸ
1552 4337 1782 4406 μέγεθος
1810 4337 1903 4391 τοῦ

2006 4359 2114 4396 non
2148 4345 2335 4398 tacuit.
2374 4364 2392 4395 ι
2420 4345 2538 4400 Νοη
2568 4345 2787 4402 deﬁciet
2814 4348 2982 4413 enim,
3015 4350 3232 4419 inquit,
3279 4354 3571 4430 princeps,

340 4421 516 4490 γέρως
564 4421 608 4452 ⁸⁷
660 4420 985 4482 ἐπιδεικνὺς,
1026 4421 1266 4484 καὶτοὺς
1296 4422 1403 4475 τῶν
1431 4422 1588 4476 θείων
1617 4427 1904 4489 ὲπαῖοντας

2006 4447 2071 4486 ex
2107 4433 2266 4499 Juda,
2296 4450 2474 4503 neque
2520 4434 2631 4488 dux
2677 4435 2744 4490 de
2785 4435 3085 4492 femoribus
3113 4439 3254 4508 ejus,
3287 4440 3461 4493 donec
3485 4420 3578 4493 ve:-

342 4510 534 4577 λογίων
576 4513 642 4581 τῇ
695 4511 794 4581 τῆς
853 4511 1126 4582 σωτηρίας
1179 4511 1356 4564 ἐλπίδι
1396 4513 1759 4584 ψυχαγωγῶν.
1794 4520 1904 4572 Καὶ

2006 4523 2114 4578 niat
2151 4524 2240 4578 ille
2267 4525 2358 4578 cui
2384 4526 2682 4594 repositum
2713 4535 2819 4591 est,
2851 4536 2907 4582 et
2946 4527 3061 4598 ipse
3089 4532 3421 4600 exspectatio
3441 4547 3574 4601 gen-

353 4595 544 4651 Ἰακὼὸ
583 4599 638 4652 δὲ
688 4601 716 4652 ὁ
765 4601 1126 4670 πατριάρχης,
1157 4600 1392 4669 εὐλογῶν
1425 4605 1514 4658 τὸν
1548 4607 1766 4673 Ἰούδαν,
1804 4609 1904 4678 τῆς

2006 4600 2134 4669 tium
2160 4626 2202 4670 τ.
2236 4635 2252 4667 ι
2307 4616 2530 4686 Magnus
2576 4617 2706 4674 item
2759 4620 2932 4675 Moses
2966 4595 3251 4676 exciam—at
3289 4641 3303 4677 :
3343 4643 3360 4674 ι
3401 4595 3574 4678 Ιιξειιι-

340 4688 448 4741 τῶν
486 4688 655 4742 ἐθνῶν
693 4691 1094 4762 ἐμνημόνευσεν
1135 4693 1400 4762 εὐλογίας.
1465 4714 1483 4745 ι
1513 4697 1626 4749 Οὐκ
1666 4697 1901 4768 ἐκλείψει

2010 4709 2166 4773 mini,
2212 4717 2422 4778 gentes,
2453 4725 2578 4764 cum
2627 4713 2829 4780 populo
2877 4714 2998 4783 ejus
3022 4722 3068 4766 ³.
3116 4735 3135 4766 ι
3172 4715 3350 4768 Divini
3394 4727 3577 4770 autem

338 4780 466 4850 γὰρ,
519 4779 644 4849 ἔφη,
699 4781 879 4849 ἄρχων
923 4781 984 4846 ὲξ
1032 4782 1220 4848 Ἰούδα,
1261 4785 1353 4838 καὶ
1384 4785 1682 4856 ἡγούμενος
1707 4789 1771 4842 ὲκ
1792 4789 1900 4842 τῶν

2013 4796 2242 4850 Davidis
2269 4798 2584 4866 prophetias
2607 4779 2732 4868 quis
2759 4779 2923 4856 facile
2947 4804 3201 4875 colliget?
3246 4806 3304 4859 In
3337 4807 3578 4862 secundo

338 4888 414 4942 μη
425 4870 532 4942 ρῶν
553 4869 740 4936 αὑτοῦ,
772 4871 876 4935 ἕως
899 4872 964 4926 ἂν
988 4873 1118 4944 ἔλθῃ
1144 4868 1188 4941 ᾧ
1215 4875 1262 4907 ³⁸
1283 4876 1567 4931 ἀπόκειται
1588 4895 1602 4908 ο
1629 4881 1720 4933 καὶ
1741 4881 1902 4946 αὐτὸς

2007 4887 2155 4940 enim
2185 4889 2395 4957 psalmo
2419 4888 2714 4945 Salvatoris
2741 4893 2914 4947 nostri
2939 4909 3225 4963 personam
3252 4885 3534 4954 assumens
3559 4916 3572 4952 :

338 4961 633 5033 προσδοκία
695 4961 886 5016 ἐθνῶν.
926 4982 944 5014 ι
1001 4966 1111 5018 Kal
1173 4968 1201 5019 ὁ
1250 4967 1493 5038 Μωῦσῆς
1550 4969 1608 5023 δὲ
1657 4973 1686 5025 ό
1730 4974 1900 5042 μέγας

2015 4996 2034 5030 ι
2063 4978 2345 5046 Dominus,
2371 4980 2569 5050 inquit,
2605 4981 2742 5037 dixit
2769 4983 2837 5037 ad
2866 4961 2956 5040 me
2987 5003 2999 5039 :
3033 4986 3199 5057 980
3227 4989 3397 5045 Filius
3422 5005 3576 5047 meus

319 5182 330 5190 .
407 5122 431 5150 °
452 5116 678 5172 Malach.
709 5134 748 5183 ι,
784 5117 970 5172 10-12,
1047 5129 1074 5168 P
1103 5119 1238 5174 Gen.
1265 5137 1359 5186 xu,
1397 5121 1451 5187 2,
1479 5121 1534 5176 5.
1612 5135 1638 5174 ιι
1663 5125 1854 5182 Matth.
1892 5145 1908 5182 ι

2006 5147 2075 5195 ιιι,
2113 5133 2198 5188 19.
2276 5143 2298 5172 ι’
2333 5133 2468 5189 Gen.
2501 5151 2643 5200 χιιι,
2679 5134 2764 5190 10.
2841 5147 2863 5174 ⁸
2893 5137 3052 5192 Deut.
3086 5155 3251 5207 xxx",
3274 5143 3363 5197 45.

1637 5236 1874 5293 νΑιιιΑε
1914 5241 2317 5307 LECTIONES.

413 5317 458 5349 ⁷⁸
487 5319 657 5419 πρῖονη
669 5318 852 5419 diem.
869 5325 1172 5419 μῐαρτυιρίαν
1203 5327 1302 5380 οὐκ
1335 5327 1446 5412 ἔχει
1473 5329 1578 5382 τῶν
1608 5332 1908 5402 εἰρημένων
1937 5335 2146 5419 ῥοῶσαν
2389 5338 2778 5419 [καλς-έθνεσι]
2806 5357 2930 5419 om;
2951 5345 3011 5400 C.
3073 5347 3115 5378 ’⁷⁸
3138 5349 3230 5400 καὶ
3258 5349 3356 5419 τὴν
3382 5369 3585 5405 παντα-

334 5388 425 5458 Χῆο
446 5388 972 5486 έβὶήπαντᾳχὸῑξιξᾲ
1013 5388 1071 5486 ‘7':
1096 5388 1600 5486 apoatl‘zolpﬁpfm‘jfc}:
1628 5388 2140 5486 7:.pé'6370gi3roatv'ra
2166 5408 2226 5462 C.
2265 5409 2347 5486 ""3
2389 5388 2558 5486 ἥωῄλ.
2587 5412 2678 5464 τοῦ
2715 5388 2864 5481 Ἰιίιὴλ
2894 5388 2991 5467 8.“
3033 5417 3075 5447 ⁷9
3099 5423 3204 5486 γάρ
3223 5388 3325 5471 τόδ

335 5435 425 5458 Α-.-
461 5435 551 5467 τ---
591 5435 855 5468 ---η-τνκ.-
890 5435 950 5473 ..τ
1103 5435 1594 5496 σιγνυέινκῡυῖιανυαο
1635 5435 2140 5492 ιινυυυιιυίιευυιῇν-ια
2166 5435 2226 5462 υ.
2281 5435 2345 5497 η’·
2406 5435 2558 5498 ιωηιζ.
2587 5435 2678 5464 του
2731 5435 2864 5481 ΙωηΛ
2894 5435 2953 5467 D.
3030 5435 3074 5497 ἐν
3099 5435 3204 5488 γαρ
3223 5436 3322 5471 τοι.
3356 5435 3460 5491 γαρ
3481 5435 3574 5480 σῦς

334 5457 1120 5551 videtur.
1152 5536 1164 5548 .
1245 5467 1440 5551 ομλλα.
1478 5468 1613 5551 ἀλλά
1644 5472 1819 5551 καὶΑΒ.
1889 5475 1934 5551 f"
1963 5475 2104 5551 [την]
2125 5494 2234 5531 om.
2257 5479 2327 5551 (μ
2362 5480 2438 5551 ,κε’
2471 5479 2588 5551 [την
2617 5497 2726 5535 om.
2754 5482 2813 5536 Β.
2889 5483 2934 5513 ⁸³
2963 5504 3057 5538 του
3087 5503 3196 5542 om.
3223 5489 3280 5543 Β.
3356 5490 3400 5522 ⁸⁵
3426 5496 3575 5551 ἐνην-

335 5527 1123 5630 θρὼιτξησξηνὲᾷνανθφπησαὶ.
1143 5536 1565 5630 ἑνηνθρώπισςλν·
1593 5527 2003 5630 ἐξαιθρξοεξίσοῖς
2132 5527 2326 5602 *δέ-τά-
2347 5527 2726 5620 ἔθνηι
2920 5527 3316 5628 ια’ἆὲήῖἓόσέῖι.
3343 5527 3576 5618 cingit;-

339 5615 430 5648 σίν
452 5596 513 5659 ⁸ο
551 5596 852 5652 ἀπόλαυσεθ
872 5602 934 5655 V-
983 5596 1246 5673 ⁶⁷γέρωςί
1278 5596 1555 5676 γ’ήρωςιῑ.
1630 5596 1813 5680 “tilia
1841 5613 1900 5666 B.
2044 5596 2095 5602 "
2257 5596 2313 5602 '"
