3974 6196
264 248 407 317 1093

793 255 1230 316 GR/ECARUM
1270 252 1570 317 AFFECT.
1612 254 2152 317 CURATIO.-XI.
2190 257 2287 318 DE
2323 257 2501 317 FINE
2532 256 2626 316 ET
2662 256 2981 317 JUDICIO.

3374 259 3511 325 1094

258 366 497 435 ἑκάστης
545 364 599 417 δέ
632 381 693 432 γε
724 363 790 416 τά
830 366 1116 436 πρόσφορα
1151 366 1346 434 λέγων.
1389 368 1576 438 Ἀρκεῖ
1599 366 1653 419 δὲ
1684 368 1832 437 ὑμῖν,

1938 381 2241 437 cerperem.
2263 367 2473 423 Suilicit
2495 377 2678 421 autem
2703 366 2877 431 vobis,
2902 367 2947 420 si
2971 367 3169 430 velitis,
3191 370 3353 424 etiam
3378 374 3510 428 alia-

259 456 327 508 ἂν
357 455 458 494 ⁹-¹⁰
496 455 700 524 θέλητε,
745 456 837 508 καὶ
860 456 968 509 τῶν
999 457 1194 521 ἄλλων,
1230 459 1287 524 ἐξ
1315 452 1388 510 ὧν
1410 459 1701 530 ἀκηκόατε,
1732 459 1831 529 τὴν

259 547 517 617 ἀλήθειαν
555 548 863 615 διαγνῶναι.
901 551 1099 619 Σαφείς
1142 553 1250 624 γάρ
1277 545 1435 606 αὗται
1466 555 1560 606 καὶ
1588 552 1829 623 ἀληθεῖς,

262 639 357 691 καὶ
378 633 490 691 οἷόν
516 655 658 702 τινες
698 640 947 710 ὲναργεῖς
984 641 1134 714 [151]
1189 646 1294 697 εἰσι
1339 644 1448 697 τῶν
1492 644 1830 715 πραγμάτων

260 728 483 787 εἰκόνες.
511 727 722 798 ’Ὠσπερ
754 729 935 783 τοίνυν
963 731 1073 784 τῶν
1116 733 1358 803 ἀρίστων
1406 733 1710 804 ζωγράφων
1733 732 1831 804 τὴν

258 818 453 886 τέχνην
516 820 644 889 ῥᾷον
702 821 767 874 ἄν
816 839 900 886 τις
942 824 1249 894 καταμάθοι
1288 826 1328 856 ¹¹
1354 825 1433 896 τῷ
1457 826 1693 897 ἀληθινῷ
1737 827 1831 880 καὶ

260 908 550 979 ἀρχετύπῳ
591 913 900 983 χαρακτῆρι
948 915 1266 985 παρατιθεὶς
1321 917 1418 987 τὴν
1461 918 1665 980 εἰκόνα,
1690 918 1831 972 οῦτω

260 1000 365 1068 χρὴ
406 1003 501 1053 καὶ
528 1003 670 1071 ὑμᾶς
700 1004 948 1076 καθάπερ
975 1007 1118 1059 ἰδέαν
1151 1008 1193 1038 ¹¹
1221 1007 1341 1062 τινὰ
1370 1010 1469 1077 τὴν
1496 1011 1831 1080 προφητείαν

260 1092 366 1143 ὑπὸ
398 1091 491 1144 τοῦ
521 1095 830 1163 σοφωτάτου
861 1096 1359 1169 προδιαγραιρεῖσαν
1386 1101 1674 1171 ζωγράφου
1729 1120 1831 1154 πα-

262 1181 504 1251 ραθεῖναι
527 1186 636 1246 τοῖς
665 1186 1003 1255 πράγμασιν,
1045 1189 1147 1258 ἤδη
1172 1189 1398 1243 λαϐοῦσι
1455 1192 1496 1223 ’³
1534 1191 1592 1244 τὸ
1637 1193 1825 1263 πέρας,

261 1272 444 1326 καὶτὸ
481 1274 579 1344 τῆς
608 1277 920 1345 ὁμοιότητος
956 1278 998 1309 ¹⁶
1043 1279 1343 1335 θεάσασθαι
1388 1284 1828 1354 ἀπαράλλακτον.

261 1361 437 1417 Πάλαι
464 1366 564 1434 μὲν
590 1367 659 1433 γά
667 1384 698 1436 ρ
718 1369 845 1439 πρὶν
865 1369 1080 1440 δέξηται
1104 1372 1146 1402 ¹⁸
1166 1373 1225 1425 τὸ
1246 1372 1418 1444 πέρας
1439 1376 1471 1445 ἡ
1506 1376 1829 1445 προφητεία,

262 1447 376 1523 εἷχέ
417 1471 536 1508 τινα
561 1457 718 1509 πόνον
738 1459 799 1511 τὸ
834 1463 1016 1513 πεῖσαι
1037 1463 1160 1525 τοὺς
1188 1463 1488 1533 τηνικαῦτα
1515 1464 1829 1536 ἀνθρώπους

262 1543 337 1607 ὡς
356 1544 526 1616 ἀληθῆ
552 1546 618 1599 τά
639 1546 1006 1618 Bactriana-rw
1030 1551 1221 1622 ἐπειδὴ
1237 1552 1379 1606 δὲτά
1397 1554 1560 1608 πάλαι
1579 1555 1675 1607 καὶ
1696 1556 1830 1626 πρό-

263 1636 430 1690 παλαι
455 1639 831 1709 προρρηθέντα
853 1640 947 1694 νῦν
975 1642 1189 1713 ὁρῶμεν
1209 1644 1588 1714 τετελεσμένα,
1628 1648 1723 1698 καὶ
1762 1646 1833 1699 τὰ

1936 474 2056 511 rum
2080 474 2148 513 ex
2173 458 2242 512 iis
2266 474 2403 528 quas
2425 458 2657 512 audistis
2693 456 2979 512 veritatem
3011 457 3343 514 discernere.
3371 461 3510 518 Sunt

1935 550 2081 604 enim
2117 548 2417 603 manifesta:
2457 557 2513 601 et
2546 564 2708 611 verae,
2741 564 2805 603 ac
2844 549 3013 602 veluti
3058 564 3327 618 expressa:
3358 569 3508 621 qum-

1936 639 2060 693 dam
2097 654 2281 693 rerum
2328 639 2609 709 imagines.
2653 639 2807 695 Sicut
2849 641 3031 710 itaque
3063 640 3394 709 optimorum
3423 644 3509 713 pi-

1935 738 2149 784 ctorum
2184 739 2359 784 artem
2404 729 2620 786 facilius
2651 733 2934 801 explorare
2980 733 3105 802 quis
3148 734 3368 802 poterit,
3413 736 3509 805 qui

1935 834 2077 873 vera;
2103 827 2266 888 atque
2295 819 2603 891 archetypa:
2647 821 2724 874 rei
2761 820 2961 890 pictam
2993 821 3283 891 imaginem
3320 822 3508 877 confe-

1936 919 2059 962 rat:
2089 909 2162 963 ita
2204 917 2261 963 et
2300 926 2399 965 vos
2424 911 2603 975 decet,
2635 912 2783 965 velut
2826 913 3003 965 ideam
3037 912 3348 982 quamdam,
3382 929 3511 983 pro-

1934 999 2174 1069 phetiam
2197 1000 2360 1070 982
2385 1017 2413 1055 a
2436 1002 2841 1071 sapientissimo
2859 1004 3066 1071 pictore
3090 1013 3215 1057 ante
3237 1002 3506 1073 depictam

1942 1089 2108 1142 rebus
2133 1089 2285 1159 ipsis,
2315 1105 2439 1144 cum
2466 1089 2627 1143 finem
2652 1091 2761 1160 jam
2795 1092 2985 1145 sortita
3018 1099 3120 1155 est,
3148 1091 3420 1157 conferre,
3447 1107 3512 1146 ac

1935 1179 2073 1234 nihil
2112 1181 2413 1235 variantcm
2460 1182 2875 1237 similitudinem
2921 1183 3142 1238 intueri.
3180 1184 3336 1239 Prius
3361 1187 3510 1239 enim

1935 1286 2097 1340 quam
2143 1271 2303 1325 tinem
2338 1284 2769 1343 consequeretur
2810 1275 3119 1344 prophetia,
3160 1292 3269 1330 non
3317 1293 3509 1347 parum

1937 1364 2065 1417 olim
2095 1364 2299 1419 laboris
2328 1374 2465 1429 erat,
2493 1366 2825 1436 persuadere
2857 1367 3004 1420 illius
3039 1368 3139 1421 aevi
3170 1368 3508 1433 hominibus,

1937 1464 2199 1509 eventura
2220 1470 2336 1509 esse
2359 1471 2480 1524 quae
2502 1456 2961 1525 prmdicebantur.
2984 1457 3140 1511 Nunc
3155 1467 3360 1521 autem,
3384 1473 3509 1513 cum

1938 1545 2160 1614 impleta
2176 1544 2458 1600 videamus
2476 1561 2596 1615 qua:
2617 1546 2875 1616 praedicta
2898 1548 3102 1601 dudum
3125 1548 3254 1602 olim
3271 1548 3508 1614 fuerant,

1937 1645 1993 1689 et
2017 1636 2198 1691 verbis
2227 1651 2316 1691 res
2351 1637 2496 1706 ipsas
2526 1637 2874 1701 successisse,
2906 1638 3089 1692 nullus
3105 1639 3218 1708 jam
3246 1638 3406 1693 nobis
3428 1651 3513 1694 est

264 1726 485 1795 ῥήματα
543 1730 726 1784 ἐκεῖνα
762 1732 1029 1803 γενόμενα
1078 1734 1402 1805 πράγματα,
1452 1736 1513 1787 οὗ
1548 1735 1628 1788 δεῖ
1655 1738 1832 1795 πόνων

1937 1723 2087 1779 labor
2109 1725 2175 1779 ad
2199 1724 2502 1780 faciendam
2525 1726 2755 1781 auribus
2777 1726 2959 1781 ﬁdem.
2990 1727 3202 1781 Habent
3230 1728 3378 1782 enim
3404 1728 3510 1783 illz‘c

261 1819 393 1890 ἡμῖν
443 1823 521 1885 είς
567 1821 628 1874 τὸ
659 1826 842 1876 πεῖσαι
880 1824 978 1887 τὰς
1002 1825 1190 1888 ἀκοάς.
1227 1826 1453 1896 Ἔχουσι
1476 1826 1585 1898 γὰρ
1606 1822 1762 1882 αὗται
1793 1829 1835 1862 ⁸⁸

264 1910 647 1981 μαρτυροῦντα
700 1914 765 1966 τά
796 1913 1039 1985 ὄμματα·
1062 1916 1155 1968 καὶ
1178 1916 1428 1986 περιττὸς
1449 1918 1579 1986 ἡμῖν
1613 1917 1832 1989 Ἠρόδο-

259 2017 370 2065 τος,
418 2001 610 2070 λέγων,
646 2004 725 2058 ὅτι
759 2023 778 2057 ι
815 2006 893 2059 ra
931 2001 1047 2060 ὦτα
1078 1999 1328 2079 ὑπάρχει
1356 2007 1665 2079 ἀνθρώποις
1704 2011 1834 2063 ἀπι-

262 2094 487 2165 στότερα
512 2096 665 2149 ἐόντα
696 2098 803 2149 τῶν
829 2097 1121 2169 ὀφθαλμῶν
1169 2082 1233 2156 ³⁷.
1276 2119 1296 2152 ι
1360 2099 1560 2172 Ὀρῶτι
1589 2101 1699 2173 γάρ
1731 2120 1832 2156 που

260 2181 310 2234 οἱ
357 2182 623 2253 ὀφθαλμοὶ
646 2184 788 2258 ἅπερ
821 2187 1099 2242 ἀκούειτά
1126 2183 1259 2244 ὦτα.

344 2272 562 2345 Ἐπειδὴ
589 2276 769 2329 τοίνυν
796 2279 889 2330 καὶ
915 2278 1113 2347 ὀλίγων
1143 2281 1492 2351 προφητειῶν
1522 2280 1568 2314 ³⁸
1592 2282 1830 2352 ὲπηκού-

264 2380 412 2427 σατε,
450 2366 545 2418 καὶ
589 2366 686 2437 τὴν
712 2367 821 2419 τῶν
859 2370 1202 2438 πραγμάτων
1250 2371 1514 2441 ἑοράκατε
1540 2372 1583 2402 ¹⁹
1626 2388 1833 2442 μαρτυ-

265 2454 403 2525 ρίαν,
435 2456 727 2524 παράθετε,
758 2450 803 2509 ὧ
829 2458 1038 2529 ἄνδρες,
1068 2461 1178 2522 τοῖς
1198 2460 1484 2530 ὑμετέροις
1504 2460 1550 2492 ²⁰
1567 2464 1834 2531 χρησμοῖς

263 2544 371 2598 τῶν
395 2546 685 2616 προφητῶν
711 2548 779 2600 τά
805 2549 1168 2617 θεσπίσματα,
1201 2550 1296 2603 καὶ
1318 2549 1547 2619 βοήσατε
1579 2551 1715 2621 μετὰ
1737 2552 1831 2605 τοῦ

278 2635 622 2689 ’Δποστόλουο
651 2656 670 2687 ι
690 2637 788 2700 Τίς
805 2639 1058 2692 κοινωνία
1088 2640 1227 2706 φωτὶ
1251 2641 1388 2711 πρὸς
1422 2642 1642 2705 σκότος;
1670 2641 1753 2705 τίς
1775 2642 1831 2696 δὲ

229 2749 243 2761 ι
266 2722 618 2793 συμφώνησις
644 2725 866 2796 Χριστῷ
896 2727 1031 2797 πρὸς
1061 2728 1287 2800 Βελίαρ;
1329 2728 1362 2800 ἢ
1402 2729 1485 2793 τίς
1535 2729 1692 2801 μερὶς
1744 2750 1833 2784 πι-

266 2811 378 2883 στῷ
397 2813 441 2846 ’ί
477 2813 614 2883 μετά
638 2817 897 2880 ἀπίστους
936 2819 1020 2880 τίς
1044 2819 1100 2872 δὲ
1137 2820 1530 2888 συγκατάθεσις
1560 2823 1673 2893 ναῷ
1696 2822 1830 2876 Θεοῦ

268 2902 408 2972 μετά
438 2902 700 2971 είδώλωνς
731 2923 748 2957 ι
782 2905 920 2958 Ναοὶ
948 2906 1047 2975 μὲν
1074 2907 1181 2980 γὰρ
1204 2907 1354 2961 τοῦ¹¹
1378 2909 1534 2973 Θεοῦ,
1564 2911 1673 2964 τῶν
1706 2929 1831 2983 προ·
1876 2951 1883 2956 -

266 2993 453 3063 φητῶν
470 2995 519 3046 ot
543 2995 710 3065 χοροί·
743 2996 937 3050 εἴδωλα
962 2998 1220 3097 δὲοκωφὰ,
1250 3000 1318 3054 τά
1346 3002 1497 3073 παρά
1527 3002 1636 3056 τῶν
1662 3003 1829 3057 ἐθνῶν
1856 3038 1901 3097 C

264 3084 711 3156 npoaqueévra
753 3088 819 3152 ”,
855 3090 984 3161 περὶ
1018 3083 1093 3144 ὧν
1130 3090 1193 3144 τὸ
1232 3091 1374 3146 θεῖον
1415 3093 1639 3164 Πνεῦμά
1672 3112 1824 3165 φησι’

270 3193 290 3227 ι
327 3176 409 3229 Ta
436 3176 628 3230 εἴδωλα
657 3178 764 3231 τῶν
789 3177 957 3232 ἐθνῶν
994 3180 1255 3253 ἀργύριον
1289 3183 1384 3236 καὶ
1415 3184 1658 3254 χρυσίον,
1693 3185 1830 3255 ἔργα

263 3266 459 3340 χειρῶν
484 3266 802 3340 ἀνθρώπων·
828 3272 1002 3340 στόμα
1025 3270 1229 3340 ἔχουσι,
1263 3273 1358 3325 καὶ
1391 3274 1451 3325 οὐ
1481 3272 1825 3345 λαλήσουσιψ

261 3357 574 3427 ὀφθαλμοὺς
609 3357 815 3429 ἔχουσι,
841 3359 937 3412 καὶ⁵
971 3360 1070 3413 οὐκ
1097 3359 1338 3429 ὄψονται·
1365 3354 1480 3415 ὦτα
1504 3361 1705 3431 έχουσι,
1738 3363 1830 3416 καὶ

262 3448 362 3503 οὐκ
391 3448 737 3504 ἀκούσονται·
763 3452 914 3521 ῥῖνας
934 3450 1138 3520 ἔχουσι,
1170 3452 1265 3504 καὶ
1294 3452 1393 3505 οὐκ
1424 3453 1827 3526 ὀσφρανθήσονο

263 3555 373 3594 ταν
405 3542 594 3611 χεῖρας
626 3540 830 3610 ἔχουσι,
861 3540 955 3593 καὶ
977 3542 1038 3594 οὐ
1057 3540 1457 3613 ψηλαφήσουσι·
1491 3543 1657 3609 πόδας
1676 3545 1830 3616 ἔχου-

265 3647 341 3696 σι,
370 3631 468 3685 καὶ
498 3631 560 3685 οὐ
582 3632 1064 3702 περιπατήσουσιν·
1098 3633 1160 3685 οὑ
1185 3633 1524 3703 φωνήσουσιν
1546 3635 1603 3688 ὲν
1631 3634 1709 3705 τῷ
1731 3636 1829 3689 λά·

268 3739 429 3795 ρυγγι
454 3721 654 3777 αὐτῶν·
686 3721 828 3796 [οὐδὲ
851 3721 959 3794 γάρ
988 3722 1103 3775 ἐστι
1134 3721 1353 3794 πνεῦμα
1399 3724 1459 3778 ὲν
1500 3723 1579 3797 τῷ
1604 3726 1830 3797 στόματι

262 3813 488 3887 αὐτῶν.]
512 3816 560 3847 ⁸³
588 3814 804 3886 Ὅμοιοι
825 3814 1009 3879 αὐτοῖς
1036 3815 1275 3883 γένοιντο
1290 3816 1339 3868 οἱ
1364 3816 1640 3882 ποιοῦντες
1669 3819 1828 3883 αὐτὰ,

263 3906 359 3958 καὶ
399 3906 598 3970 πάντες
626 3907 673 3959 οἱ
697 3905 1013 3969 πεποιθότες
1044 3906 1131 3959 ἐπ’
1159 3906 1361 3971 αὐτοῖς.
1394 3926 1413 3959 ι
1456 3908 1634 3980 ’Υμᾶς
1657 3910 1713 3965 δὲ
1739 3912 1831 3980 γέ-

264 4006 408 4048 νοιτο
439 3996 773 4067 μεταμαθεῖν
802 3997 850 4028 ’³
870 3997 969 4067 τὴν
993 3995 1275 4066 ἀλήθειαν,
1308 3998 1403 4051 καὶ
1435 3999 1534 4069 τῆς
1562 4018 1829 4073 προφητι-

265 4083 368 4155 κῆς
390 4084 465 4156 μὴ
491 4085 814 4157 μεταλαχεῖν
834 4086 881 4117 ³⁸
900 4087 1061 4156 ἀρᾶς.

874 4200 1096 4254 ΛΟΓΟΣ
1122 4202 1225 4256 IA'.

647 4312 782 4380 Περὶ
802 4312 1019 4381 τέλους
1049 4316 1147 4369 καὶ
1170 4317 1444 4385 κρίσεως.

346 4420 699 4492 ’Δρίστιππον
723 4426 930 4480 ὔκείνον
955 4427 1103 4493 ἴσως,
1129 4425 1176 4483 ὧ
1199 4431 1412 4502 ἄνδρες,
1447 4433 1693 4497 ἀκούετε,
1733 4436 1823 4489 τὸν

280 4510 636 4597 ’θριστίππου
658 4515 752 4567 τοῦ
778 4517 1101 4587 Σωκράτους
1128 4522 1346 4592 ἑταίρου
1378 4525 1422 4556 ’τ
1448 4523 1821 4597 θυγατριδοῦν.

262 4594 449 4666 οὗτος,
473 4605 540 4672 τῇ
578 4606 743 4689 μητρὶ
778 4607 1138 4683 φιλοσοφούσῃ
1182 4611 1377 4677 συνὼν,
1397 4594 1711 4684 φιλοσορίας
1750 4617 1825 4681 ὡς

265 4690 519 4745 πλεῖστον
551 4696 884 4768 μετείληχεν.
916 4700 1116 4771 Ἐλαχε
1153 4701 1211 4754 δὲ
1242 4704 1335 4755 καὶ
1374 4703 1547 4775 ὄνομα
1579 4705 1826 4770 ξυντεθξν

265 4784 331 4837 ἐκ
361 4783 455 4837 τοῦ
480 4785 823 4855 πράγματοςο
856 4791 1344 4860 Μητροδιδακτογ
1368 4795 1476 4866 γάρ
1508 4798 1668 4851 αὐτὸν
1697 4798 1830 4852 ὠνό-

1936 1816 2223 1871 oculorum
2272 1816 2678 1882 testimonium,
2732 1821 3307 1888 supervacaneuinque
3352 1819 3509 1875 nobis

1934 1915 2019 1961 est
2048 1906 2311 1961 Herodoti
2347 1906 2579 1973 dictum,
2618 1926 2637 1959 ‹
2673 1922 2833 1961 aures
2853 1906 3171 1963 hominibus
3192 1923 3313 1964 esse
3336 1910 3512 1964 oculis

1935 1996 2307 2064 inﬁdeliores;
2342 2018 2361 2052 ›
2390 1999 2536 2055 oculi
2580 1999 2726 2053 enim
2755 1998 2930 2053 nostri
2958 1998 3147 2053 vident
3180 2013 3300 2068 quae
3320 2000 3507 2056 auditu

1935 2103 2095 2143 aures
2123 2089 2415 2158 accipiunt.

2004 2270 2233 2337 Quando
2265 2271 2431 2342 igitur
2461 2279 2515 2325 et
2546 2272 2862 2341 prophetias
2887 2273 3147 2343 pauculas
3175 2271 3424 2338 audistis,
3450 2284 3511 2330 et

1936 2377 2118 2415 rerum
2149 2363 2459 2417 testimonia
2495 2363 2671 2417 oculis
2716 2363 3050 2433 inspexistis,
3098 2373 3429 2434 comparate,
3476 2380 3510 2420 ο

1932 2454 2059 2518 viri,
2088 2455 2480 2523 prophetarum
2521 2455 2903 2524 praedictiones
2929 2470 3054 2509 cum
3081 2455 3280 2510 vestris
3309 2471 3507 2513 oracu-

1933 2545 2022 2609 lis,
2052 2555 2255 2600 etcum
2280 2546 2539 2615 Apostolo
2561 2548 2860 2600 exclamate
2888 2564 2902 2599 :
2938 2566 2955 2595 ι
2983 2546 3114 2612 Qua:
3138 2548 3370 2603 societas
3398 2548 3507 2604 luci

1933 2650 2055 2689 cum
2090 2636 2366 2690 tenebris?
2386 2636 2441 2689 in
2465 2651 2574 2705 quo
2595 2636 2931 2690 conveniunt
2949 2635 3202 2693 Christus
3220 2647 3277 2693 et
3297 2638 3511 2694 Bcliar?

1933 2733 2029 2779 aut
2060 2740 2181 2795 quae
2228 2741 2354 2795 pars
2395 2723 2540 2779 ﬁdeli
2589 2741 2713 2780 cum
2761 2724 3002 2779 inﬁdeli?
3046 2726 3171 2796 quis
3208 2740 3509 2783 consensus

1932 2817 2137 2885 templo
2166 2815 2262 2870 Dei
2293 2830 2416 2870 cum
2448 2813 2608 2869 idolis
2640 2814 2688 2868 ι».
2729 2834 2746 2865 ι
2783 2813 3009 2885 Templa
3051 2816 3198 2869 enim
3241 2815 3334 2871 Dei
3381 2827 3509 2872 sunt

1933 2908 2323 2978 prophetarum
2354 2906 2537 2972 chori;
2584 2906 2727 2960 idola
2755 2921 2906 2967 vero,
2940 2921 3060 2975 quze
3088 2916 3279 2976 gentes
3310 2902 3507 2964 adora-

1933 3007 2084 3063 runt,
2108 2998 2270 3053 surda
2301 3007 2356 3052 et
2378 3008 2529 3052 muta
2561 3006 2710 3061 sunt,
2745 2996 2813 3051 de
2836 2996 3038 3066 quibus
3067 3005 3125 3051 et
3150 2996 3385 3067 Spiritus
3426 2999 3512 3054 di—

1934 3091 2096 3146 vinus
2115 3090 2190 3145 ait
2220 3108 2233 3144 :
2268 3107 2285 3140 ‹
2312 3089 2617 3145 Simulacra
2640 3089 2883 3160 gentium
2905 3096 3191 3159 argentum
3211 3097 3267 3144 et
3287 3105 3508 3157 aurum,

1934 3197 2099 3251 opera
2119 3197 2377 3235 manuum
2400 3180 2702 3234 hominum.
2724 3184 2799 3235 Us
2818 3179 3043 3244 habent,
3065 3188 3120 3235 et
3144 3195 3255 3236 non
3281 3183 3511 3252 loquen-

1934 3278 2047 3334 tur;
2076 3268 2266 3323 oculos
2290 3268 2516 3332 habent,
2548 3276 2604 3321 et
2633 3281 2741 3320 non
2765 3267 3051 3325 videbunt.
3080 3272 3258 3323 Aures
3281 3270 3507 3334 habent,

1934 3366 1990 3413 et
2016 3373 2126 3412 non
2172 3355 2430 3422 audient;
2464 3370 2626 3410 nares
2670 3355 2902 3420 habent,
2932 3366 2988 3411 et
3033 3371 3144 3411 non
3178 3358 3505 3415 odorabunt.

1934 3451 2126 3506 Manus
2169 3450 2394 3514 habent,
2424 3457 2477 3504 ct
2501 3464 2610 3503 non
2641 3449 2979 3519 palpabunt;
3009 3449 3172 3519 983
3208 3452 3375 3520 pedes
3405 3451 3507 3508 ha-

1934 3543 2098 3608 bent,
2128 3550 2185 3597 et
2212 3553 2322 3595 non
2367 3537 2744 3593 ambulabunt.
2777 3538 2895 3593 Non
2944 3537 3259 3593 clamabunt
3288 3548 3507 3610 gutture

1935 3648 2036 3688 suo
2078 3650 2093 3687 :
2138 3646 2316 3701 neque
2345 3632 2491 3685 enim
2524 3638 2607 3683 est
2638 3629 2869 3698 spiritus
2909 3628 2965 3683 in
2994 3634 3091 3683 ore
3122 3627 3385 3699 ipsorum.
3420 3629 3508 3685 Si-

1935 3723 2094 3778 miles
2122 3722 2228 3776 illis
2270 3721 2401 3775 ﬁant
2430 3718 2524 3791 qui
2559 3718 2767 3773 faciunt
2796 3734 2880 3783 ea,
2910 3728 2967 3774 et
2994 3734 3186 3774 omnes
3214 3720 3303 3789 qui
3335 3720 3507 3774 conii-

1935 3792 2073 3868 dunt
2118 3812 2173 3867 in
2221 3811 2303 3867 eis
2333 3821 2380 3865 θ.
2420 3830 2439 3863 ι
2478 3808 2646 3865 Vobis
2675 3818 2881 3873 autem,
2912 3823 2946 3863 o
2973 3808 3100 3871 viri,
3133 3808 3341 3863 utinam
3373 3824 3506 3864 con-

1938 3905 2109 3975 tingat
2133 3903 2420 3965 veritatem
2451 3900 2783 3973 perdiscere,
2814 3917 2917 3957 nec
2933 3899 3266 3973 prophetica:
3301 3900 3507 3972 impre-

1935 3994 2166 4050 cationis
2195 3993 2305 4065 pati
2340 3994 2690 4065 supplicium.

2533 4193 2764 4250 SERMO
2800 4195 2893 4250 XI.

2454 4328 2532 4383 De
2556 4329 2664 4398 ﬁne
2691 4337 2740 4383 et
2759 4331 2978 4400 judicio.

2000 4439 2265 4511 Aristippi
2292 4455 2516 4505 nomen,
2543 4456 2576 4496 ο
2599 4441 2725 4506 viri,
2758 4441 2826 4496 ad
2856 4451 3065 4499 vestras
3088 4443 3317 4498 fortasse
3346 4459 3508 4499 aures

1930 4531 2183 4601 pervenit
2211 4548 2223 4585 :
2252 4529 2418 4595 illius,
2443 4532 2686 4601 inquam,
2708 4532 2801 4603 qui
2826 4548 2892 4587 ex
2919 4532 3025 4589 ﬁlia
3062 4550 3233 4605 nepos
3261 4535 3363 4589 fuit
3386 4536 3506 4603 ejus

1932 4622 2217 4692 Aristippi,
2249 4637 2358 4692 quo
2387 4621 2643 4678 Socrates
2666 4623 3001 4680 amicissimo
3028 4641 3164 4681 usus
3191 4633 3293 4681 est.
3321 4627 3370 4680 Is
3392 4625 3504 4680 ita-

1932 4729 2040 4783 que
2063 4728 2132 4769 ex
2160 4713 2353 4768 matris
2378 4712 2821 4785 philosophantis
2848 4718 3123 4781 convictu,
3158 4714 3224 4771 ad
3256 4733 3505 4788 magnam

1926 4803 2289 4873 philosophia:
2332 4803 2699 4873 cognitionem
2733 4806 2982 4876 pervenit
3017 4824 3031 4862 :
3071 4823 3370 4879 cognomen
3402 4824 3504 4862 au-

266 4873 440 4943 μαζον
466 4874 725 4941 ἅπαντες.
770 4879 908 4933 Ἀλλ’
935 4882 1130 4952 ἐκείνῳ
1174 4884 1271 4954 μὲν
1309 4886 1544 4958 ἢρκεσεν
1579 4890 1658 4953 εἰς
1702 4907 1828 4959 μετ-

1937 4903 2039 4949 tem
2069 4909 2098 4947 a
2136 4908 2195 4948 re
2225 4892 2342 4962 ipsa
2373 4895 2667 4961 contraxit,
2699 4873 2891 4952 omnes
2930 4896 3077 4952 enim
3122 4898 3275 4952 illum
3306 4897 3505 4952 Metro-

387 5028 432 5083 ll
457 5030 583 5087 Cor.
614 5048 687 5097 vt,
724 5034 808 5099 15,
841 5036 925 5091 16.
1003 5049 1026 5077 ε
1055 5039 1196 5095 Psal.
1224 5055 1369 5107 cxnl,
1405 5042 1588 5098 12-17.

1558 5180 1791 5238 νΑῐὶΙᾸΞ
1828 5181 2224 5241 LECTIONES.

325 5281 424 5367 tsi"
450 5281 536 5367 ἄν.
588 5283 683 5367 ἐάν
705 5286 769 5341 C.
852 5289 912 5367 λυ
963 5289 1288 5361 καταμάθοι.
1325 5292 1616 5367 καταμάθη
1644 5293 1706 5350 C-

259 5419 398 5492 αὗτά
426 5419 487 5474 Β.
511 5419 634 5492 Ilox
652 5419 892 5492 ὀνόματα

260 5560 689 5630 προσκινηθέντα
714 5562 773 5615 Β.
843 5564 890 5594 ³⁵⁵
910 5560 1073 5637 [οὐδὲ.
1096 5560 1230 5690 εισὲ
1260 5560 1470 5628 άπι.”ϐ.

260 5625 440 5690 λαχεῖν
468 5629 529 5686 Β.
600 5631 647 5662 ⁸⁷
675 5633 913 5690 ἑταίρου.
937 5638 1152 5690 ἑταῖρον
1230 5679 1243 5690 .

259 5625 440 5699 λαχεῖν
468 5625 529 5686 Β.
600 5631 647 5662 ⁸⁷
675 5625 1152 5705 ὲταίρουῘὲ-ταίρον
1183 5625 1243 5691 li.

1809 5296 1853 5327 11

325 5297 423 5314 ’σι’
450 5297 536 5337 αν.
588 5297 683 5370 ταν
705 5297 769 5341 υ.
868 5297 912 5322 υ
963 5297 1288 5361 καταμάθοι.
1325 5297 1616 5367 καταμάθη
1644 5297 1706 5350 C.
1809 5297 2048 5378 “.idéav.
2080 5298 2255 5353 είδέαν
2281 5297 2343 5353 Β.
2450 5298 2495 5331 ³³
2519 5297 2808 5352 λαϐοῦσαν.
2863 5297 3087 5354 λαϐοῦσι
3117 5301 3176 5356 Β.
3258 5301 3301 5334 ’⁸
3319 5304 3423 5392 ὁμο

256 5365 441 5421 τητος.
487 5353 519 5404 6
595 5369 802 5419 MM:
844 5357 923 5428 (οτ
964 5376 1056 5423 τος
1101 5375 1266 5444 supra
1296 5376 1502 5427 ωσεως)
1528 5365 1608 5432 Β;
1641 5375 1911 5422 correctio
1956 5376 2092 5422 esta
2126 5383 2183 5438 p.
2230 5384 2303 5423 m.
2379 5367 2425 5400 ¹¹
2472 5367 2709 5439 δέξηται.
2741 5367 2989 5448 δέξασθαι
3032 5370 3135 5425 Vb.
3234 5372 3277 5404 ¹⁶
3322 5388 3426 5425 αυτι

259 5420 398 5475 αὐτὰ
426 5419 487 5474 Β·
511 5367 634 5476 ﬁt“
652 5423 892 5483 ὀνόματα
1059 5429 1104 5460 ¹⁷
1127 5447 1237 5483 των
1258 5432 1378 5483 ὀωθ.
1402 5434 1510 5483 τῶν
1529 5449 1639 5483 om.
1670 5435 1733 5483 Ω-
1766 5436 1860 5483 nni
1892 5436 2033 5483 infra
2056 5436 2330 5483 ἀκούουσι.
2409 5437 2454 5469 ’⁸
2478 5452 2838 5483 ποοτετιτειων-
2870 5442 3163 5483 amour-ram
3194 5440 3235 5483 Ω
3334 5443 3378 5475 η
3403 5442 3426 5483 ἓ

262 5432 398 5505 aged
427 5432 487 5474 Β.
511 5432 634 5476 uox
652 5432 892 5492 ὀνόματα
918 5432 981 5483 C.
1059 5432 1104 5460 "
1127 5432 1237 5483 τῶν
1258 5432 1378 5500 ὀφθ.
1402 5434 1510 5488 τῶν
1529 5449 1639 5490 om.
1670 5435 1733 5501 C,
1766 5436 1861 5506 qui
1892 5436 2034 5491 infra
2056 5432 2330 5519 ἀκούουσι.
2409 5437 2454 5469 ’⁸
2478 5432 2839 5537 προσητειῶν.
2870 5442 3163 5508 προφητῶν
3192 5440 3253 5496 Β.
3334 5443 3378 5475 ’⁸
3403 5442 3504 5495 ἐω-

262 5506 485 5576 ρακατε.
514 5491 778 5576 ἑρράκαςξε
910 5564 927 5576 '
946 5497 1325 5576 ’ξᾳιςδμετέροις⁸
1355 5504 1645 5576 ἡμετέροις
1672 5506 1734 5561 C.
1815 5506 1863 5576 “_
1887 5507 2082 5576 πιστῷ.
2116 5523 2322 5576 πιστων
2344 5505 2406 5562 C.
2483 5507 2503 5538 ’
2558 5524 2652 5559 του
2688 5520 2798 5560 om.
2829 5507 2888 5561 Β.
2967 5509 3014 5541 ’³
3036 5510 3498 5576 προσκυνηθέντα.

1548 5575 1593 5607 ’⁵
1623 5574 1977 5647 μεταμαθεῖν.
2013 5574 2353 5646 καταμαθεῖν
2374 5577 2478 5642 Vb,
2509 5576 2548 5631 Γ.
2581 5591 2625 5632 e-
2651 5576 2795 5645 conj.

2450 5298 2495 5331 ³³
2519 5296 2808 5352 λαϐοῦσαν.
2863 5297 3087 5354 λαϐοῦσι
3117 5301 3176 5356 Β.
3258 5301 3301 5334 ’⁸
3319 5299 3504 5392 ὁμοιᾶ-

2472 5367 2709 5427 δέεηται.
2741 5367 2989 5427 δέξασθαι
3032 5370 3135 5425 Vb.
3234 5372 3277 5404 ¹⁶
3322 5388 3498 5427 amat.

2688 5520 2798 5581 om.
2829 5507 2893 5581 Β.
2907 5507 2921 5581 _'
2967 5509 3014 5541 "
3036 5510 3498 5581 προσκυνηθέντα.

2875 5578 2922 5611 ’⁸
2953 5578 3311 5649 μεταλαϐεῖν(
3329 5598 3498 5653 μετα-
