3974 6196
501 182 642 243 1095

1479 181 1960 240 TIIEODORETI
2002 179 2334 238 EPISCOPI
2373 179 2736 239 CYRENSIS

3628 179 3823 243 1096

499 297 774 354 didacton.
807 295 912 348 hoc
941 304 1055 356 est,
1103 297 1287 347 matris
1322 293 1665 363 discipulum,
1700 293 2066 362 appellabant.

2182 290 2360 342 ουσίαν
2398 289 2714 357 φιλοσοφίας
2758 289 2853 340 καὶ
2883 289 3018 358 μόνα
3044 305 3142 359 τῆς
3174 291 3376 360 μητρὸς
3416 291 3486 344 τὰ
3525 293 3812 345 παιδεὺο

499 383 700 437 Verum
731 384 808 437 illi
839 384 1060 452 quidem
1097 383 1162 436 ad
1192 383 1630 451 consequendam
1665 383 2068 452 philosophiam

498 475 608 530 sola
638 475 826 528 matris
850 474 1174 527 documenta
1202 473 1333 525 satis
1356 474 1578 527 luerunt
1604 491 1616 525 :
1642 489 1738 526 vos
1763 488 1914 534 vero,
1942 472 2070 526 licet

501 575 583 618 tot
605 566 716 634 jam
762 564 1055 632 prophetas
1084 571 1138 614 et
1171 563 1445 630 apostolos
1487 563 1793 626 audieritis,
1830 577 1929 616 nec
1957 577 2066 616 non

499 665 556 710 et
576 670 670 708 eos
695 654 786 723 qui
820 653 922 705 hos
951 652 1124 706 secuti
1149 652 1398 707 doctrina
1421 654 1754 716 claruerunt,
1781 652 2065 706 veritatem

501 755 681 799 tamen
711 743 1022 813 perdiscere
1053 758 1161 796 non
1191 743 1374 796 vultis.
1404 743 1516 796 Hoc
1545 752 1724 797 autem
1755 743 1910 796 vobis
1941 742 2067 796 inde

500 835 692 888 vitium
732 833 986 897 advenit,
1021 833 1164 902 quod
1201 833 1413 886 inutilia
1455 834 1683 886 fortasse
1727 833 2067 886 arbitramini

497 911 618 979 hate
647 942 764 979 esse
798 924 1065 980 instituta.
1097 926 1214 979 Non
1241 925 1388 979 enim
1426 925 1794 996 Syracusanas
1823 924 2067 986 delicias,

491 1033 609 1085 non
639 1017 928 1070 remissum
960 1033 1023 1070 ac
1050 1016 1426 1070 mollissimum
1454 1017 1579 1070 vita:
1607 1032 1778 1085 genus
1806 1015 2063 1084 pollicen-

503 1118 612 1171 tur,
655 1124 756 1162 ncc
783 1107 1145 1162 exsecrandas
1177 1107 1416 1170 divitias,
1456 1122 1752 1176 earumque
1781 1107 1956 1159 ﬁuxus
1985 1106 2070 1158 lu-

503 1200 716 1253 brieum
764 1199 1051 1268 euripum,
1099 1198 1193 1252 sed
1238 1197 1467 1250 sudores
1507 1206 1563 1250 et
1603 1197 1844 1260 labores,
1880 1196 2073 1250 vitam-

502 1308 609 1360 que
640 1290 806 1361 984
849 1290 1036 1344 multis
1064 1289 1322 1342 terumnis
1367 1289 1687 1357 expositam.
1741 1286 1878 1340 Sunt
1923 1288 2068 1340 enim

505 1383 621 1436 hzcc
648 1381 804 1435 vobis
832 1381 1119 1450 perspicua
1145 1398 1156 1432 :
1183 1380 1375 1433 horum
1401 1388 1580 1432 autem
1610 1378 1732 1431 linis
1757 1393 1863 1430 non
1889 1377 2070 1430 cerni-

509 1484 614 1526 tur.
651 1473 866 1526 Assucti
899 1472 1044 1526 enim
1087 1487 1148 1525 ea
1185 1471 1296 1524 sola
1330 1469 1530 1523 intueri
1573 1485 1694 1538 qua:
1741 1479 2068 1533 cernuntur,

505 1563 645 1617 scire
675 1579 781 1616 non
819 1563 1045 1632 potestis
1071 1577 1259 1616 eorum
1286 1569 1539 1614 naturam
1570 1576 1690 1629 qua:
1715 1575 1823 1612 non
1850 1559 2070 1629 conspi-

2173 394 2335 448 ματα·
2369 379 2522 445 ὑμεῖς
2578 378 2655 439 δέ,
2692 377 2786 429 καὶ
2824 375 3117 446 προφητῶν
3145 377 3414 429 τοσούτων
3450 377 3583 448 [καὶ
3628 381 3812 431 ἁπο-

2173 468 2393 537 στόλων]
2414 468 2459 498 ⁸⁸
2479 466 2787 529 ἀκούοντες,
2807 467 2900 519 καὶ
2925 466 3106 537 μέντοι
3123 468 3215 518 καὶ
3236 466 3342 520 τῶν
3364 467 3487 536 μετ’
3509 468 3812 531 ἐκείνους

2173 559 2253 634 [ἐν
2279 564 2324 594 ⁸⁸
2347 561 2664 632 διδασκαλία
2687 560 3037 630 λαμψάντων,
3065 561 3255 631 μαθεῖν
3275 562 3336 614 οὐ
3369 561 3652 631 βούλεσθε
3686 563 3808 630 τὴν

2171 651 2445 721 ἀλήθειαν.
2483 649 2654 702 Τοῦτο
2685 650 2741 703 δὲ
2782 650 2930 721 [152]
2966 651 3094 720 ὐμῖν
3128 651 3414 721 ξυμϐαίνει
3451 650 3519 702 τὸ
3561 651 3806 712 πάθος,

2169 742 2400 812 ἐπείπερ
2423 741 2658 810 ἀνόνητα
2689 741 2847 810 τυχὸν
2879 742 3036 795 ταυτὶ
3065 739 3314 812 νομίζετε
3335 743 3402 795 τὰ
3427 741 3803 812 μαθήματα-

2170 835 2246 888 Οὐ
2277 834 2384 903 γὰρ
2417 833 2788 902 Συρακουσίαν
2826 833 3030 903 χλιδὴν,
3065 833 3186 887 οὐδέ
3226 850 3288 900 γε
3327 834 3634 902 ἀνειμένον
3686 836 3806 886 καὶ

2169 924 2511 995 ἁϐροδίαιτον
2543 923 2932 992 ἐπαγγέλλεται
2961 924 3093 993 βίον.
3129 925 3248 976 οὐδὲ
3276 924 3366 976 τὸν
3401 924 3806 994 πολυάρειτον

2172 1016 2424 1075 πλοῦτον,
2464 1016 2556 1067 καὶ
2591 1015 2699 1068 τῶν
2734 1017 2778 1047 ³ο
2815 1016 3023 1068 ἐκείνου
3056 1016 3342 1086 ῥευμάτων
3374 1016 3462 1068 τὸν
3499 1015 3800 1086 εὔριπον,

2172 1107 2286 1160 ἀλλ’
2318 1107 2546 1176 ιδρῶτας
2577 1107 2642 1171 ³³,
2686 1107 2778 1158 καὶ
2815 1107 3029 1171 πόνους,
3060 1109 3152 1159 καὶ
3197 1107 3472 1160 πολιτείαν
3511 1107 3797 1178 πολύμο-

2172 1198 2320 1268 χθον.
2351 1200 2536 1252 Ταυτα
2564 1197 2670 1269 γὰρ
2694 1199 2820 1266 ὑμῖν
2855 1197 3148 1268 κατάδηλα,
3172 1197 3232 1249 τὸ
3251 1197 3305 1249 δέ
3332 1214 3396 1265 γε
3423 1198 3657 1251 τούτων
3691 1198 3796 1250 τέ-

2173 1286 2262 1352 λος
2289 1289 2536 1342 ἀθέατον.
2574 1289 2725 1342 Μόνα
2755 1288 2799 1320 ³⁸
2843 1288 2951 1358 γάρ
2977 1305 3079 1340 που
3107 1287 3356 1351 εἰωθότες
3383 1289 3451 1341 τὰ
3488 1287 3795 1358 ὁρώμενα

2175 1380 2411 1450 βλέπειν,
2451 1381 2576 1432 ἰδεῖν
2614 1380 2675 1432 οὐ
2724 1378 2954 1432 δύνασθε
2997 1377 3104 1430 τῶν
3144 1378 3387 1448 ἀοράτων
3420 1379 3522 1449 τὴν
3568 1379 3788 1448 φύσιν·

2171 1473 2298 1534 τοὺς
2327 1472 2637 1542 ὀφθαλμοὺς
2679 1471 2786 1542 γὰρ
2828 1470 3068 1532 ἐκείνους
3095 1470 3193 1522 οὐκ
3217 1471 3365 1540 ἔχετε
3400 1465 3473 1523 ὧν
3500 1473 3538 1540 ὴ
3572 1471 3794 1532 πίστις

2175 1563 2525 1633 δημιουργός.
2574 1561 2717 1630 Ἐγὼ
2764 1562 2820 1614 δὲ
2869 1563 3014 1632 ὑμῖν,
3047 1562 3124 1625 ὡς
3165 1561 3353 1631 ἔμοιγε
3397 1562 3633 1615 δυνατὸν
3679 1567 3790 1614 καὶ

506 1654 748 1707 ciuntur.
775 1652 962 1706 Oculis
993 1652 1138 1705 enim
1167 1651 1273 1705 illis
1301 1651 1498 1705 caretis
1517 1690 1530 1714 ,
1563 1665 1796 1719 quorum
1833 1649 1966 1704 lides
1990 1657 2074 1704 est

2182 1655 2303 1724 ὐμῖν
2327 1653 2592 1724 χωρητδν.
2627 1651 2853 1723 δηλώσω
2892 1655 2986 1706 καὶ
3020 1653 3212 1712 ταῦτα,
3240 1655 3304 1723 τῇ
3330 1653 3436 1704 τῶν
3471 1652 3644 1704 θείων
3691 1654 3790 1704 λος

505 1743 704 1812 opil'ex.
738 1743 850 1812 Ego
874 1756 1025 1804 vero,
1053 1740 1232 1810 quoad
1271 1740 1322 1793 in
1352 1755 1436 1794 mc
1469 1740 1574 1793 erit
1602 1748 1657 1792 et
1681 1738 1837 1792 vobis
1879 1753 2073 1808 capere

508 1837 522 1854 ‘
552 1834 758 1896 licebit,
789 1849 1067 1888 sacrorum
1114 1832 1203 1886 hic
1231 1847 1448 1901 quoque
1479 1831 1817 1885 voluminum
1865 1829 2074 1884 lacibus

507 1924 761 1987 admotis,
799 1925 912 1978 ham
955 1925 1117 1978 etiam
1149 1923 1451 1978 ostendam.
1489 1921 1680 1991 Opera:
1722 1931 1902 1976 autem
1946 1937 2074 1991 prc-

509 2018 642 2070 tium
675 2031 821 2069 nunc
847 2014 1011 2068 etiam
1046 2014 1313 2068 facturum
1353 2030 1438 2068 me
1463 2023 1616 2082 puto,
1646 2013 1690 2067 si
1718 2013 2072 2083 phiIOSOpho-

507 2124 632 2163 rum
661 2107 946 2177 opiniones
974 2122 1036 2160 ac
1063 2107 1244 2160 divina
1276 2106 1696 2175 Evangeliorum
1728 2104 1976 2174 dogmata
2007 2119 2075 2157 ex

2175 1745 2308 1811 γίων
2335 1743 2497 1796 πάλιν
2533 1742 2815 1812 χρώμενος
2847 1742 3116 1814 δᾳδουχίᾳ.
3163 1741 3447 1814 Προῦργου
3489 1742 3554 1794 δέ
3603 1738 3784 1810 οἶμαι

2176 1831 2346 1895 δεῖξαι
2367 1832 2461 1883 καὶ
2485 1831 2579 1882 νῦν
2611 1833 2675 1884 ἐκ
2703 1830 3048 1901 παραλλήλου
3073 1830 3180 1883 τῶν
3215 1831 3521 1899 φιλοσόφων
3550 1831 3658 1893 τὰς
3686 1831 3781 1882 δύο

2180 1923 2274 1987 ξας
2305 1923 2397 1974 καὶ
2421 1921 2529 1974 τῶν
2558 1921 2716 1974 θείων
2743 1922 3091 1990 Εὐαγγελίων
3115 1921 3182 1974 τὰ
3210 1921 3472 1990 δόγματα,
3497 1923 3594 1974 ἵνα
3619 1923 3781 1988 γνῶ-

2179 2031 2237 2065 τε
2267 2013 2311 2044 ³³
2332 2012 2384 2065 τί
2409 2014 2506 2083 μὲν
2531 2014 2728 2066 ἐκεῖνοι
2761 2013 2912 2076 τέλος
2938 2013 3228 2083 ὡρίσαντο,
3260 2013 3388 2066 τίδὲ
3413 2015 3462 2065 οἱ
3493 2012 3634 2066 θεῖοι
3665 2015 3776 2064 ἐπι

2180 2104 2534 2171 αγγέλλονται
2565 2103 2733 2171 λόγοι.

508 2199 738 2254 adverso
779 2199 1127 2262 constituam,
1161 2207 1221 2252 ut
1285 2213 1352 2252 ex
1403 2197 1807 2268 comparatione
1867 2197 2208 2270 cognoscatis
2236 2212 2528 2268 quemnam
2577 2196 2656 2252 illi
2724 2192 2885 2251 ﬁnem
2917 2196 3242 2263 statuerint,
3269 2206 3328 2252 et
3367 2212 3534 2268 quem
3581 2196 3770 2252 divini

508 2306 789 2348 sermones
828 2291 1208 2361 polliceantur.

581 2385 852 2454 Epicurus
895 2401 1025 2456 ergo
1066 2385 1461 2456 iucundissima
1487 2386 1599 2441 vita
1641 2385 1803 2440 ﬁnem
1834 2383 2076 2440 metitur.

512 2473 840 2544 Supremum
893 2475 1037 2528 enim
1087 2476 1325 2539 bonum,
1359 2477 1529 2530 solam
1579 2492 1700 2530 esse
1743 2477 2078 2544 voluptatem

511 2563 767 2632 Opinatus
794 2572 896 2617 cst.
947 2563 1289 2617 Democritus
1335 2573 1516 2617 autem
1564 2563 1871 2627 Abderites,
1917 2563 2082 2632 hujus

512 2654 825 2724 dogmatum
873 2663 1062 2722 pater,
1110 2669 1209 2722 pro
1251 2639 1528 2722 voluptate
1581 2653 2078 2722 concupiscentiam

512 2745 715 2814 posuit,
742 2761 851 2798 non
885 2744 1186 2807 sententizc,
1209 2744 1304 2797 sed
1336 2744 1616 2798 nominum
1648 2744 1909 2798 duntaxat
1939 2745 2080 2798 facta

515 2836 834 2890 mutatione.
886 2834 1190 2889 Heraclitus
1223 2835 1350 2888 item
1401 2835 1690 2904 Ephesius,
1725 2851 1922 2889 nomen
1953 2836 2077 2904 qui-

516 2925 640 2979 dem
672 2925 920 2988 mutavit,
943 2924 1037 2979 sed
1067 2939 1288 2978 sensum
1314 2925 1553 2980 servavit
1578 2942 1592 2978 :
1619 2940 1744 2978 nam
1793 2940 1891 2994 pro
1928 2926 2082 2978 volu-

2273 2378 2330 2430 Ὀ
2371 2377 2470 2446 μὲν
2507 2374 2600 2430 οὖν
2631 2376 2675 2409 ³⁵
2718 2376 3036 2447 Ἐπίκουρος
3062 2378 3122 2429 τὸ
3161 2376 3352 2446 ἥδιστα
3389 2375 3490 2447 ζῇν
3515 2377 3771 2449 ὡρίσατο

2186 2471 2358 2532 τέλος·
2395 2469 2575 2522 τέλεον
2607 2470 2718 2538 γὰρ
2747 2469 2950 2537 ἀγαθὸν
2981 2469 3146 2538 μόνην
3183 2471 3371 2538 ἡγεῖτο
3399 2471 3497 2539 τὴν
3536 2471 3764 2541 ἡδονήν.

2185 2559 2522 2629 Δημόκριτος
2548 2559 2604 2611 δὲ
2629 2561 2656 2610 6
2692 2560 3033 2628 ’Λϐδηρίτης,
3069 2561 3096 2610 ὁ
3122 2559 3226 2611 τῶν
3257 2559 3444 2611 τούτου
3466 2560 3765 2629 δογμάτων

2185 2653 2386 2722 πατὴρ,
2425 2651 2544 2704 ἀντὶ
2579 2653 2674 2720 τῆς
2717 2652 2910 2722 ἡδονῆς
2946 2651 3043 2721 τὴν
3073 2651 3364 2720 ἐπιθυμίαν
3395 2653 3438 2683 ⁸³
3481 2652 3762 2705 τέθεικεν·

2185 2743 2486 2814 ὀνομάτων,
2513 2745 2573 2795 οὐ
2611 2743 2895 2812 δογμάτων
2938 2742 3235 2812 ἐναλλαγὴν
3267 2743 3311 2774 ³⁸
3362 2745 3760 2812 ποιησάμενος.

2187 2835 2295 2888 Καὶ
2328 2834 2677 2904 Ἡράκλειτος
2702 2834 2756 2886 δὲ
2787 2836 2814 2887 ό
2860 2834 3102 2901 Ἐφέσιος
3129 2835 3225 2903 τὴν
3259 2833 3356 2903 μὲν
3381 2836 3762 2905 προσηγορίαν

2191 2925 2477 2995 μετέϐαλε,
2505 2925 2600 2995 τὴν
2634 2925 2691 2977 δέ
2723 2925 2959 2978 διάνοιαν
2987 2926 3028 2957 ³⁷
3057 2925 3464 2978 καταλέλοιπεν·
3500 2928 3624 2978 ἀντὶ
3645 2929 3761 2996 γάρ

518 3025 690 3086 ptate,
715 3015 1122 3084 beneplacitum
1148 3015 1302 3067 dixit.
1320 3015 1493 3070 llabct
1518 3025 1696 3070 tamen
1717 3016 1946 3070 etaliam
1974 3017 2075 3070 vim

2185 3016 2287 3085 τῆς
2328 3016 2519 3086 ἡδονῆς
2557 3017 2912 3088 εὐαρέστησιν
2948 3017 2992 3050 ⁸⁸
3022 3017 3287 3070 τέθεικεν.
3321 3018 3473 3086 Ἔχει
3523 3017 3580 3069 δέ
3631 3035 3761 3070 τινα

517 3105 805 3175 quamdam
849 3105 964 3159 haec
996 3105 1264 3158 deﬁnitio.
1295 3106 1430 3159 Nam
1461 3106 1738 3162 indeﬁnite
1767 3108 2080 3178 beneplaci-

517 3206 632 3250 tum
664 3194 879 3264 posuit,
927 3195 1243 3263 qualitatem
1280 3211 1409 3250 vero
1451 3195 1597 3250 illius
1637 3212 1746 3250 non
1789 3198 2077 3266 expressit.

517 3280 658 3334 Sunt
687 3289 868 3336 autem
914 3281 1015 3335 hac
1060 3282 1114 3335 in
1150 3298 1208 3336 re
1253 3283 1415 3337 varia:
1462 3284 1766 3350 hominum,
1821 3286 2080 3341 diﬁeren-

519 3377 708 3437 tesque
729 3369 1032 3423 sententiae.
1053 3370 1332 3440 Siquidem
1357 3373 1477 3427 aliis
1498 3373 1674 3442 placet
1701 3375 2078 3444 temperantia,

516 3459 639 3512 aliis
658 3474 788 3513 vero
811 3460 1002 3512 vitium
1027 3460 1156 3515 huic
1187 3463 1551 3528 contrarium;
1583 3463 1704 3516 aliis
1733 3462 2080 3529 incontinen-

519 3549 590 3603 tia
620 3550 817 3620 placet,
842 3549 1006 3620 985
1031 3552 1152 3606 aliis
1187 3554 1558 3618 continentia;
1595 3554 1714 3607 aliis
1742 3553 1849 3608 vita
1882 3554 2082 3623 iniqui-

520 3641 613 3694 tati
637 3649 692 3694 et
714 3642 954 3696 avaritia:
979 3642 1184 3707 dedita,
1213 3644 1575 3714 aliisjustitim
1599 3654 1774 3700 tenax.
1801 3646 1954 3712 Quod
1984 3647 2083 3700 ita-

517 3748 624 3802 que
671 3731 964 3802 unicuique
1011 3734 1221 3803 placet,
1253 3735 1506 3804 quodque
1555 3736 1855 3805 jucundum
1901 3747 1986 3791 est
2027 3747 2082 3792 et

517 3821 770 3885 amabile,
801 3821 853 3875 id
895 3821 984 3876 illc
1014 3823 1231 3876 videtur
1277 3824 1439 3878 ﬁnem
1473 3825 1801 3890 deﬁnivissc,
1840 3842 1939 3895 pro
1982 3842 2080 3880 vo-

517 3910 742 3978 luptatis
768 3912 988 3966 nomine
1018 3912 1418 3982 beneplacitum
1443 3916 1741 3984 appellans.
1771 3917 2079 3972 Celeberri-

517 4015 639 4054 mus
664 4009 843 4055 autem
873 4003 1204 4073 Pythagoras
1233 4005 1484 4059 ultimum
1523 4006 1728 4060 bonum
1759 4008 1811 4061 in
1847 4009 2082 4062 exactis-

517 4089 652 4143 sima
688 4093 1010 4147 numerandi
1055 4095 1283 4149 scientia
1315 4096 1568 4164 opinatus
1607 4108 1690 4151 est
1733 4113 1880 4164 esse;
1912 4099 2082 4153 Heca-

519 4189 654 4235 tatus
695 4181 750 4234 in
791 4198 974 4237 rerum
1017 4185 1374 4251 sullicientia;
1405 4187 1758 4243 Antisthenes
1807 4190 1863 4242 iu
1912 4191 2080 4244 animi

519 4274 814 4340 modestia;
857 4275 1203 4348 Anaxagoras
1243 4295 1374 4332 vero
1419 4280 1815 4345 Clazomenius,
1861 4283 1916 4336 in
1956 4284 2081 4340 vita:

2184 3109 2277 3162 καὶ
2308 3109 2498 3176 ἑτέραν
2520 3109 2759 3178 ἔμφασιν
2787 3103 2939 3171 οὗτος
2973 3111 3000 3161 ό
3027 3109 3172 3177 ὄρος.
3204 3109 3492 3178 ’Ᾱορίστως
3515 3109 3626 3176 γὰρ
3654 3110 3759 3180 τὴν

2182 3188 2540 3270 εὐαρέστησιν
2565 3199 2802 3259 τέθεικε,
2838 3198 2899 3250 τὸ
2937 3199 2994 3251 δὲ
3019 3199 3220 3268 ταύτης
3256 3199 3299 3229 ³⁹
3326 3199 3476 3251 ποιὸν
3505 3199 3566 3251 οὐ
3599 3200 3723 3271 δεδή
3741 3232 3758 3240 -

2181 3289 2344 3348 λωκε.
2381 3294 2635 3362 Διάφοροι
2663 3291 2719 3344 δὲ
2751 3291 2858 3344 τῶν
2883 3290 3185 3361 ἀνθρώπων
3212 3291 3266 3342 αἱ
3293 3290 3524 3360 γνῶμαι·
3570 3294 3679 3353 τοῖς
3707 3293 3756 3322 ⁸⁸

2186 3386 2285 3454 μὲν
2317 3383 2424 3453 γὰρ
2451 3382 2674 3452 ἀρέσκει
2709 3380 3051 3450 σωφροσύνη,
3077 3383 3187 3443 τοῖς
3214 3381 3270 3433 δέ
3298 3383 3330 3450 ἡ
3365 3381 3566 3450 ταύτης
3597 3384 3748 3434 ἐναν-

2180 3476 2268 3528 τία
2293 3475 2460 3527 κακία
2487 3473 2530 3504 ⁸¹
2555 3489 2568 3503 ·
2608 3472 2833 3536 καὶτοῖς
2859 3472 2978 3544 μὲν,
3011 3473 3270 3544 ἀκρασία·
3307 3477 3418 3536 τοῖς
3445 3473 3522 3536 δὲ,
3548 3475 3750 3544 ἐγκρά-

2180 3581 2320 3618 τεια·
2375 3565 2466 3616 καὶ
2523 3563 2732 3628 τούτοις
2779 3563 2825 3594 ⁴¹
2873 3565 2992 3634 μὲν,
3024 3565 3205 3627 ἄδικος
3237 3565 3330 3616 καὶ
3370 3565 3747 3629 πλεονεκτικδς

2183 3655 2316 3725 βίος·
2349 3653 2579 3717 ἐκείνοις
2618 3655 2696 3718 δέ,
2736 3655 2958 3719 δίκαιος.
2998 3656 3071 3708 Τὸ
3095 3657 3273 3709 τοίνυν
3308 3658 3520 3728 ἑκάστῳ
3549 3657 3594 3688 ⁸³
3621 3659 3751 3728 ἀρέ-

2183 3763 2332 3808 σκον,
2355 3745 2451 3815 ἡδύ
2472 3763 2530 3797 τε
2553 3746 2648 3799 καὶ
2675 3745 3012 3816 ἀξιέραστον,
3051 3741 3206 3811 οὗτος
3225 3747 3269 3778 ⁸⁸
3293 3747 3529 3818 ὡρίσατο
3573 3751 3743 3812 τέλος,

2181 3835 2300 3888 ἀντὶ
2342 3836 2440 3904 τῆς
2483 3835 2676 3904 ἡδονῆς
2713 3836 2812 3906 τὴν
2851 3837 3210 3908 εὐαρέστησιν
3261 3839 3542 3902 τεθεικώς.
3587 3841 3646 3893 ’0
3686 3842 3744 3894 δὲ

2184 3925 2583 3996 πολυθρύλητος
2625 3927 2945 3998 Πυθαγόρας
2977 3930 3075 4000 τὴν
3107 3931 3443 4003 τελεωτάτην
3486 3932 3592 3986 τῶν
3626 3935 3744 4006 ἀρι-

2182 4015 2333 4086 θμῶν
2387 4017 2693 4088 ἐπιστήμην
2757 4019 2980 4089 ἔσχατον
3041 4021 3314 4075 ὑπέλαϐεν
3342 4023 3387 4056 ⁸⁵
3427 4023 3647 4092 ἀγαθόν·
3708 4025 3738 4075 6

2193 4108 2477 4170 Ἑκαταῖος
2513 4108 2590 4172 δὲ,
2627 4109 2722 4179 τὴν
2753 4109 3104 4179 αὐτάρκειαν·
3135 4115 3162 4166 6
3191 4113 3623 4184 δέἈντισθένης,
3646 4117 3738 4186 τὴν

2182 4195 2434 4262 ἀτυφίαν·
2468 4195 2829 4267 Ἀναξαγόρας
2857 4198 2914 4250 δέ
2938 4201 2966 4250 6
2990 4199 3374 4270 Κλαζομένιος,
3399 4204 3496 4274 τὴν
3518 4204 3737 4273 θεωρίαν

2183 4286 2276 4339 τοῦ
2309 4287 2444 4355 βίου,
2468 4288 2560 4340 καὶ
2586 4287 2685 4358 τὴν
2719 4291 2827 4341 ἀπὸ
2862 4291 3064 4360 ταύτης
3094 4293 3425 4363 ἐλευθερίαν,
3475 4294 3734 4364 φιλοσόφῳ

517 4365 908 4436 speculatione,
942 4343 1216 4437 animique
1256 4369 1504 4423 libertate
1543 4386 1663 4439 qua:
1700 4387 1764 4424 ex
1798 4343 1882 4425 illa
1919 4373 2075 4442 proﬁ-

2182 4374 2244 4444 δὴ
2273 4343 2552 4443 πρέποντα
2577 4343 2901 4448 ὁρισάμενος
2925 4343 3068 4451 ὅρον..
3098 4343 3366 4450 Μέγιστον
3529 4343 3730 4455 ἀληθὲς

522 4457 767 4521 ciscitur,
789 4459 1200 4513 comcuientcm
1223 4459 1544 4529 philosopho
1567 4460 1936 4516 deﬁnitionem
1959 4478 2087 4517 con-

519 4535 767 4602 stituens.
807 4548 1097 4602 Maximum
1123 4549 1322 4618 quippe
1363 4549 1566 4602 bonum
1599 4559 1683 4604 est
1712 4560 1964 4605 naturam
1993 4568 2084 4606 re-

521 4653 640 4691 rum
685 4639 910 4702 callere,
941 4647 996 4692 et
1030 4655 1149 4708 qua:
1181 4638 1322 4693 ﬁuxa
1365 4648 1493 4692 sunt
1533 4649 1917 4703 contemnere,
1967 4641 2084 4694 ani-

519 4743 775 4798 mumque
817 4729 885 4784 ab
935 4731 1084 4784 onmi
1135 4731 1396 4785 servitute
1449 4731 1681 4784 liberum
1733 4747 2077 4785 conservare.

518 4817 670 4873 Plato
698 4830 901 4885 autem,
929 4821 1195 4876 Aristonis
1225 4822 1368 4876 ﬁlius
1395 4822 1540 4892 (Rep.
1567 4838 1621 4892 p.
1649 4822 1751 4876 6l5
1776 4822 1867 4892 Α),
1896 4825 2082 4878 altitu-

517 4906 644 4962 dine
674 4924 738 4965 ac
779 4911 1178 4982 magniﬁcentia
1222 4912 1558 4966 deﬁnitionis
1591 4911 1742 4965 illum
1775 4914 2075 4982 superavit.

2185 4464 2386 4532 ἀγαθὸν
2426 4467 2484 4518 τὸ
2519 4465 2746 4532 ξυνιδεῖν
2785 4469 2893 4520 τῶν
2925 4471 3262 4539 πραγμάτων
3307 4473 3407 4540 τὴν
3444 4472 3622 4538 φύσιν,
3650 4475 3734 4524 καὶ

2186 4555 2292 4606 τῶν
2325 4555 2553 4624 ῥεόντων
2586 4559 3020 4628 καταφρονῆσαι,
3057 4561 3152 4614 καὶ
3185 4562 3282 4631 τὴν
3308 4561 3485 4632 ψυχὴν
3513 4563 3733 4616 ἀδούλω-

2184 4661 2274 4697 τον
2301 4645 2393 4698 καὶ
2419 4645 2708 4717 ἐλευθέραν
2727 4648 3068 4719 διατηρῆσαι.
3106 4651 3328 4706 Πλάτων
3347 4652 3404 4705 δέ
3429 4655 3458 4706 ὀ
3486 4655 3730 4723 Ἀρίστω-

2187 4751 2275 4798 νος
2303 4738 2366 4805 τῇ
2405 4738 2729 4810 μεγαλονοίᾳ
2751 4740 2842 4792 τοῦ
2868 4742 2993 4810 ὅρου
3017 4743 3112 4794 καὶ
3137 4743 3325 4796 τοῦτον
3351 4745 3651 4814 ἀπέκρυψε·
3680 4749 3732 4798 τὸ

2188 4827 2316 4892 γάρ,
2350 4828 2702 4897 ὁμοιωθῆναι
2739 4830 2860 4895 Θεῷ
2903 4830 2949 4863 ’⁵⁸
2979 4833 3129 4886 κατὰ
3174 4833 3237 4886 τὸ
3287 4833 3566 4898 δυνατὸν,
3595 4836 3730 4898 τέλος

2187 4915 2422 4985 ὡρίσατο
2467 4918 2575 4971 τῶν
2621 4920 2862 4987 ἀγαθῶν.
2906 4923 3239 4988 Ἀξιέπαινος
3301 4925 3400 4995 μέν
3459 4922 3552 4980 οὖν
3589 4929 3729 4996 καίἠ

1821 5066 2047 5120 γΑιιιΑῑ
2089 5067 2494 5126 LECTIONES.

537 5193 550 5206 ’
585 5221 632 5252 ιε
667 5221 760 5275 καὶ
793 5221 1102 5276 ἀποστόλων
1131 5237 1246 5293 _om.
1280 5221 1340 5274 Β.
1417 5222 1462 5293 ἐν
1493 5220 1594 5293 [ἐν]
1625 5238 1732 5293 om.
1759 5223 1820 5278 c.

514 5292 573 5346 Β.
652 5293 695 5324 ³¹
735 5293 886 5362 μόνα.
929 5293 1085 5360 μόνον
1117 5291 1177 5346 C.

1403 5225 1462 5302 ξεν
1493 5225 1594 5293 [ἐν]
1625 5238 1732 5306 om.
1881 5225 2084 5306 ῇ³⁰λιαὶ
2114 5227 2488 5306 τῷνηκαὶντδν
2519 5228 2579 5282 Β.
2611 5229 3028 5306 ᾉΙοξεύριππον
3169 5236 3232 5306 ν³¹
3261 5236 3504 5306 ἱδρῶτας.
3540 5239 3730 5306 ἱδρότας

1257 5293 1301 5323 ³³
1321 5292 1850 5380 ἔκιιῖ)τε;.ὶζνιρ.σησθει
1880 5292 1919 5345 Β
1945 5295 2061 5356 ,Va.
2106 5366 2116 5380 .
2145 5297 2190 5380 "3‘
2215 5299 2312 5380 μὲν
2338 5293 2543 5380 θύω-γε
2572 5299 2678 5380 μῂν
2709 5292 2838 5380 ἴυζ’
2878 5301 2921 5380 "5
2953 5303 3263 5372 ἐπιθυμίαν.
3286 5292 3546 5374 ε’ὐθυμίαν
3585 5292 3723 5363 Sinti:

519 5363 677 5449 forte
705 5335 772 5416 οἳ
797 5335 966 5449 pugni".
1002 5362 1152 5416 Alex.
1178 5335 1382 5449 ξέναι.
1407 5379 1461 5447 ρ.
1493 5335 1614 5449 tus,
1642 5363 1692 5416 5.
1726 5335 1780 5416 'v.
1808 5335 2012 5448 ιιοηείε.
2041 5366 2116 5449 εει
2145 5335 2438 5449 Ητνιιαστι...
2458 5335 2545 5420 ιὲί.
2705 5335 3546 5449 1³⁸.’ἐναλλάγῆῖἷιένμαόίὶῗαυγιῇν
3567 5335 3724 5449 ιῗῗξῗ]

516 5440 640 5503 ante
669 5433 1019 5503 καταλέλοιπε
1051 5450 1158 5485 om.
1194 5433 1252 5486 ll.
1295 5433 1336 5463 ³⁸
1368 5433 1738 5503 εὐαρέστησιν.
1772 5433 2015 5487 εὐδοκίαν
2041 5435 2142 5496 γι),
2166 5443 2220 5487 et
2251 5435 2327 5488 sic
2359 5436 2514 5490 infra.

520 5501 642 5571 τοὺς
673 5501 712 5552 Β
735 5503 796 5555 (Σ,
866 5502 908 5532 ⁸⁸
958 5503 1142 5555 κακία.
1187 5505 1329 5571 κάκη
1363 5503 1419 5555 Β.
1472 5501 1542 5531 “⁸²
1570 5503 1796 5560 τούτοις.
1824 5503 2043 5564 τούτους
2084 5503 2143 5564 Β,
2180 5513 2234 5556 ct
2271 5520 2392 5556 mox
2438 5507 2692 5569 ἐκείνους.
2758 5509 2804 5540 ⁸³
2830 5501 3062 5571 ἑκάστω.
3104 5515 3296 5571 ἐκείνω
3325 5501 3426 5570 νὺ..
3500 5515 3544 5546 ⁸⁸
3571 5510 3680 5569 οὗτο

850 5572 894 5602 η
925 5565 1606 5641 ὑπελάμϐλνενίὺπέλαϐεν
1640 5573 1697 5638 η’
1729 5574 1788 5626 θ’
1865 5573 1909 5604 to
1936 5573 2009 5642 τῷ
2035 5573 2160 5643 θεῷ·
2189 5573 2265 5643 τῷ
2291 5590 2397 5627 0m-
2432 5575 2492 5640 Β,
2524 5587 2577 5629 et
2608 5565 2728 5633 mox
2760 5594 2868 5634 om.
2893 5565 3059 5651 :05]:
3267 5569 3279 5585 ’

520 5564 684 5632 οὕτως
715 5572 776 5623 C.

2595 5443 2636 5474 ³³
2670 5437 2804 5510 τὸδὲ
2835 5437 3059 5510 ταύτηςξ
3091 5445 3141 5495 τί
3171 5445 3225 5496 δὲ
3251 5437 3418 5509 αὐτῆς
3447 5445 3504 5498 Β.
3547 5448 3588 5476 ⁸³
3613 5437 3722 5510 101;:

3681 5553 3722 5578 ὀ
