3974 6196
300 299 433 363 1097

822 296 1259 357 ΟΒᾹΞΕΑΒΗΜ
1294 298 1593 356 AFFECT.
1629 297 1854 357 CURA’]

1956 296 2160 354 u—XI.
2203 295 2299 354 DE
2337 296 2516 355 FINE
2554 296 2647 354 ET
2687 296 3010 356 JUDICIO.

3402 295 3538 363 1098

301 408 428 478 περὶ
479 406 577 475 τὴν
628 404 856 475 μίμησιν
893 403 1000 455 τῶν
1048 402 1207 456 θείων
1253 402 1295 433 ⁸⁷
1337 401 1675 472 παραίνεσις
1725 402 1759 471 ἡ
1803 401 1854 455 δὲ

1962 399 2238 455 Bonorum
2266 399 2413 454 enim
2435 399 2600 453 finem
2624 399 2836 463 statuit,
2857 399 2992 463 Deo,
3016 398 3195 467 quoad
3222 414 3535 470 possumus,

306 491 472 565 [τοῦ],
504 493 651 546 κατὰ
679 492 743 544 τὸ
779 491 1063 557 δυνατὸν,
1092 491 1377 563 προσθήκη
1408 491 1863 561 ἀξιαγαστότερον

299 585 391 636 τὸν
420 585 542 653 ὅρον
568 582 841 651 ἀπέφηνεν
864 583 928 637 ⁸⁸.
953 584 1029 636 υύ
1057 584 1165 655 γὰρ
1190 584 1234 616 ⁵³
1267 584 1407 637 κατὰ
1439 585 1615 638 πάντα
1641 582 1864 636 δυνατὸν

301 669 449 745 [155]
486 670 816 741 ὁμοιωθῆναι
841 672 978 744 Θεῷ.
1025 672 1147 737 Ηώς
1182 673 1290 744 γὰρ
1319 673 1385 728 ἄν
1425 691 1508 736 τις
1542 673 1735 743 ὁρατὸς
1787 671 1863 726 ὢν

197 809 208 817 .
296 763 582 833 ὁμοιωθείη
614 764 659 795 ⁵⁸
688 763 767 834 τῷ
799 765 1038 834 ἀοράτῳο
1081 765 1173 817 καὶ
1203 764 1408 835 βραχὺς
1445 763 1541 827 ὢν,
1586 765 1680 817 καὶ
1715 764 1864 834 τόπῳ

298 851 513 922 σμικρῷ
559 855 1071 925 περιγεγραμμένος
1115 856 1184 918 δί,
1236 854 1314 925 τῷ
1356 855 1719 926 ἁπεριγράφῳ
1769 855 1864 908 καὶ

293 941 391 1013 τὴν
441 944 616 996 κτίσιν
670 943 716 976 ⁸³
748 945 1046 1015 συνέχοντιο
1080 945 1174 998 καὶ
1216 941 1283 999 αὖ
1324 946 1484 999 πάλιν
1528 946 1608 1015 τῷ
1636 944 1859 1016 αίωνίῳ,

294 1034 605 1104 πρόσφατος
652 1035 748 1087 ὤν’
784 1037 879 1090 καὶ
925 1035 1003 1106 τῷ
1043 1038 1113 1090 τὰ
1156 1038 1201 1069 ⁵³
1232 1038 1409 1093 πάντα
1454 1038 1858 1109 τεκτηναμένῳ,

295 1124 430 1195 μηδὲ
462 1128 729 1196 πηχυαῖον
758 1125 802 1158 ⁵⁸
836 1127 1063 1197 οὐρανὸν
1099 1129 1498 1201 δημιουργῆσαι
1529 1129 1858 1199 δυνάμενος;

294 1216 580 1287 Τοιγάρτοι
609 1216 730 1270 οὔτε
748 1216 847 1287 τὴν
877 1218 1037 1287 φύσιν
1066 1221 1302 1292 ἐκείνην,
1334 1221 1457 1273 οὕτε
1486 1220 1585 1291 τὴν
1608 1220 1857 1289 δύναμιν,

289 1303 413 1358 οὔτε
451 1306 557 1377 μὴν
590 1307 687 1378 τὴν
716 1308 908 1376 σοφίαν
944 1310 1287 1379 μιμήσασθαι
1323 1311 1569 1364 δυνατόν’
1595 1310 1690 1363 τοῦ
1728 1311 1861 1377 ἀγα-

240 1392 243 1393 ⁷
292 1395 384 1448 θοῦ
427 1397 612 1466 μέντοι
643 1399 735 1451 καί⁵
761 1399 967 1453 δικαίου
1000 1401 1094 1452 καὶ
1125 1401 1333 1472 ήμέρου
1360 1402 1454 1453 καὶ
1476 1398 1859 1468 φιλανθρώπου

290 1484 491 1548 τύπους
516 1488 778 1559 ἁμηγέπη
806 1489 959 1552 τινας
984 1492 1325 1560 ἐκμάξασθαι
1346 1485 1456 1544 οἷόν
1476 1507 1555 1544 τε.
1578 1490 1687 1543 Καὶ
1701 1490 1808 1560 γὰρ
1833 1491 1860 1542 6

290 1578 560 1648 Δεσπότης
586 1580 818 1651 Χριστὸς
839 1581 1041 1651 ταύτην
1063 1586 1176 1646 τοίς
1199 1583 1533 1654 τελειότητος
1554 1581 1863 1652 ἐφιεμένοις

287 1671 386 1740 τὴν
416 1671 647 1741 μίμησιν
675 1672 973 1744 προύθηκε’
1015 1691 1033 1723 ι
1061 1672 1277 1726 Γίνεσθε
1300 1674 1427 1744 γὰρ,
1455 1674 1639 1742 φησὶν,
1663 1670 1863 1743 οἰκτίρ-

1965 491 2172 546 similes
2209 490 2349 545 ﬁeri.
2392 490 2707 546 Laudabilis
2739 505 2871 545 sane
2903 489 3236 554 adhortatio,
3268 506 3391 561 qua:
3434 510 3538 551 nos

1935 583 2031 637 ‘ad
2058 583 2371 637 divinorum
2408 583 2768 637 imitationem
2803 583 3016 637 invitat.
3048 583 3143 637 illa
3174 592 3357 638 tamen
3379 584 3536 641 addi-

1965 672 2063 737 tio,
2095 672 2271 743 quoad
2312 688 2607 743 possumus,
2650 672 3114 727 admirabiliorem
3162 671 3535 730 definitionem

1964 762 2166 816 reddit.
2224 762 2412 833 Neque
2457 763 2605 818 enim
2650 762 2770 817 ﬁeri
2814 770 2995 833 potest
3045 771 3106 817 ut
3145 778 3537 833 usquequaque

1964 856 1981 873 ‘
2013 854 2125 908 Deo
2159 854 2364 909 similes
2404 854 2720 909 evadamus.
2767 853 2888 919 Quo
2929 854 3079 908 enim
3119 863 3279 922 pacto
3323 854 3418 923 qui
3452 866 3537 911 est

1963 943 2198 998 visibilis
2228 944 2557 998 invisibilem
2581 944 2883 1013 exprimat;
2920 952 2976 999 et
2996 946 3095 1014 qui
3120 945 3307 1000 brevis
3335 953 3441 1008 est,
3471 960 3536 1000 ac

1962 1034 2159 1104 exiguo
2200 1034 2324 1088 loco
2367 1034 2737 1099 concluditur,
2783 1036 2959 1098 illum,
2987 1036 3081 1105 qui
3115 1043 3270 1091 extra
3315 1051 3534 1090 omnem

1964 1126 2259 1180 terminum
2301 1126 2635 1182 constitutus
2681 1126 2798 1195 ipse
2842 1128 3088 1182 continet
3132 1129 3422 1195 universa;
3471 1144 3536 1185 ac

1962 1230 2155 1269 rursus
2179 1215 2273 1284 qui
2314 1230 2506 1270 recens
2536 1224 2640 1282 est,
2669 1218 2966 1281 aeternum;
2997 1225 3053 1271 et
3073 1232 3259 1272 rerum
3289 1218 3533 1273 omnium

1961 1299 2312 1359 conditorem
2337 1302 2389 1359 is
2429 1305 2537 1375 qui.
2570 1318 2643 1360 ne
2680 1306 2845 1360 unius
2896 1308 3118 1376 quidem
3160 1309 3301 1362 ulna:
3332 1309 3533 1363 caelum

1962 1396 2135 1465 possit
2184 1395 2460 1450 condere?
2500 1396 2667 1468 ωδ
2693 1397 2842 1451 Nulli
2872 1406 2956 1452 est
3003 1412 3136 1468 ergo
3186 1415 3290 1453 nec
3336 1410 3534 1455 natura

1963 1487 2075 1551 illa,
2103 1500 2206 1541 nec
2235 1485 2496 1554 potentia,
2528 1503 2631 1541 nec
2672 1486 2939 1556 sapientia
2983 1486 3283 1543 imitabilis.
3316 1490 3535 1546 Bonita-

1963 1578 2034 1631 tis
2058 1592 2210 1641 sane,
2238 1577 2595 1646 iustitiaeque,
2623 1592 2688 1631 ac
2715 1579 3174 1643 mansuetudinis,
3200 1588 3257 1634 et
3281 1580 3535 1634 humani-

1963 1667 2090 1723 tatis
2132 1668 2332 1723 divime
2374 1678 2528 1738 typos
2562 1668 2775 1735 aliquos
2804 1682 3026 1738 quoquo
3071 1669 3232 1723 modo
3278 1670 3532 1739 efﬁngere

289 1778 469 1831 μονες,
520 1762 702 1826 καθὼς
755 1764 851 1817 καὶ
895 1765 940 1796 ⁸³
998 1766 1027 1817 6
1072 1764 1263 1835 Πατὴρ
1322 1765 1477 1834 ὑμῶν
1533 1766 1562 1816 6
1610 1764 1854 1833 οὐράνιος

1958 1759 2087 1813 licet
2105 1798 2120 1823 ,
2154 1759 2599 1828 quandoquidem
2626 1758 2879 1814 Christus
2903 1752 3168 1815 Dominus
3200 1760 3268 1815 iis
3290 1761 3384 1830 qui
3407 1776 3532 1831 per-

285 1852 583 1922 οἱκτίρμων
613 1853 779 1907 ἐστίν⁸
823 1854 906 1907 ὅτι
941 1854 1220 1909 ἀνατέλλει
1252 1854 1342 1909 τὸν
1378 1857 1529 1926 ἥλιον
1557 1856 1723 1909 αὑτοῦ
1766 1855 1859 1908 ἐπὶ

286 1939 554 2008 πονηροὺς
596 1940 689 1993 καὶ
733 1939 991 2009 ἀγαθοὺς,
1034 1944 1126 1996 καὶ
1155 1943 1339 2015 βρέχει
1362 1945 1457 1997 ἐπὶ
1485 1945 1732 2008 δικαίους
1765 1945 1859 1997 καὶ

285 2027 520 2091 ἀδίκους.
556 2048 573 2081 ι
614 2031 723 2083 Καὶ⁸
750 2032 778 2083 6
809 2033 905 2085 τοῦ
941 2033 1228 2098 Πλάτωνος
1256 2035 1312 2087 δὲ
1341 2035 1659 2099 διδάσκαλος
1690 2038 1720 2090 6
1743 2037 1857 2089 Σω-

286 2120 577 2186 φρονίσκου
606 2122 924 2193 Σωκράτης,
947 2124 1009 2177 οὐ
1044 2124 1137 2178 τὸν
1167 2123 1383 2194 πλούτῳ
1408 2125 1855 2196 περιρρεόμενον,

285 2210 381 2263 καὶ
434 2209 495 2273 ἐξ
552 2213 749 2285 οὐρέων
802 2215 1124 2285 φερόμενον,
1191 2216 1328 2270 ἀλλὰ
1386 2216 1478 2270 τὸν
1541 2217 1858 2291 δικαιοσύνῃ

286 2300 682 2370 κοσμούμενον,
712 2304 1005 2374 εὐδαίμονα
1027 2305 1215 2359 εἴωθεν
1240 2308 1286 2338 ⁵⁸
1309 2306 1511 2361 καλεῖψ
1530 2308 1624 2361 καὶ
1642 2310 1858 2373 ἀσεϐεῖς

281 2387 528 2458 ὠνόμαζε
560 2392 687 2454 τοὺς
725 2392 785 2444 τὸ
820 2392 1097 2465 ξυμφέρον
1122 2394 1216 2448 τοῦ
1244 2395 1454 2449 δικαίου
1496 2397 1853 2466 χωρίζοντας

285 2478 445 2545 μόνον
474 2477 578 2551 γὰρ
606 2475 746 2532 εἶναι
772 2478 1045 2553 ξυμφέρον
1071 2484 1131 2536 τὸ
1158 2484 1365 2539 δίκαιον
1395 2486 1598 2554 ἔλεγεν.
1625 2488 1687 2540 Oi
1707 2487 1764 2540 δέ
1792 2504 1855 2556 γε

284 2569 506 2638 ῥήτορες
529 2570 731 2623 τούτων
771 2574 978 2646 ἐπαΐειν
1013 2574 1122 2628 τῶν
1147 2574 1320 2644 λόγων
1349 2576 1450 2629 οὐκ
1476 2576 1665 2648 ἤθελον
1684 2592 1697 2606 °
1725 2576 1855 2633 ἄλλο

284 2658 393 2725 γάρ
443 2675 494 2710 τι
538 2662 686 2730 παρὰ
724 2661 783 2714 τὸ
826 2663 1098 2735 ξυμφέρον
1142 2660 1281 2719 εἶναι
1322 2665 1382 2719 τὸ
1406 2667 1612 2720 δίκαιον
1645 2667 1851 2736 ἔλεγον,

285 2746 600 2818 ἀξύμφορον
649 2750 820 2821 ταύτῃ
876 2770 956 2821 πη
1009 2754 1070 2806 τὸ
1124 2755 1397 2826 ξυμφέρον
1434 2757 1739 2822 δεικνύντες
1768 2760 1848 2791 ⁸⁷·

284 2837 471 2892 ἄδικον
500 2840 606 2909 γὰρ
638 2839 928 2909 δήπουθεν,
972 2843 1032 2896 τὸ
1059 2844 1152 2897 τοῦ
1183 2846 1391 2900 δικαίου
1428 2848 1849 2917 κεχωρισμένον*

283 2928 347 2980 τὸ
372 2929 429 2981 δέ
459 2946 522 2996 γε
549 2930 755 2994 ἄδικον,
791 2932 1075 3005 βλαϐερόν·
1105 2935 1165 2987 τὸ
1188 2935 1243 2987 δὲ
1269 2936 1530 3007 βλαϐερὸν
1559 2939 1624 3003 ⁸⁸,
1650 2940 1749 2993 ούκ
1784 2938 1851 2992 ἂν

284 3019 508 3083 είκότως
551 3021 772 3093 κληθείη
802 3024 1095 3098 ξυμφέρον.
1135 3025 1192 3079 '0
1229 3028 1329 3097 μὲν
1365 3024 1458 3081 οὖν
1497 3029 1723 3083 Πλάτων
1757 3031 1851 3086 καὶ

283 3111 579 3187 Σωκράτης
637 3114 729 3168 καὶ
793 3113 1054 3184 ξύμφωνα
1118 3118 1323 3189 ἐφάτην
1389 3119 1484 3173 καὶ
1539 3120 1847 3186 ἀξιέπαινα·

297 3199 667 3274 Ἀριστοτέλης
699 3204 775 3269 δὲ,
804 3205 901 3275 τῆς
934 3208 1215 3273 Πλάτωνος
1243 3209 1586 3275 διδασκαλίας
1616 3211 1850 3281 μεταλα-

282 3291 413 3362 χὼν,
437 3295 638 3347 τούτων
674 3297 772 3349 οὐκ
800 3296 1054 3352 ἀπώνατο
1076 3301 1184 3354 τῶν
1209 3302 1518 3372 δογμάτων,
1541 3302 1677 3355 ἀλλὰ
1712 3303 1851 3370 ξυμ-

283 3383 619 3454 πληροῦσθαι
637 3388 732 3457 τὴν
761 3388 1109 3458 εὐδαιμονίαν
1130 3392 1194 3444 ὲκ
1222 3391 1527 3461 τριγενείας
1556 3393 1601 3424 ⁵⁹
1633 3392 1758 3463 ἔφη,
1788 3394 1853 3446 ὲκ

282 3473 387 3526 τῶν
422 3475 563 3528 κατὰ
593 3475 793 3548 ψυχὴν,
824 3478 887 3531 ἐκ
910 3480 1017 3532 τῶν
1053 3481 1194 3534 κατὰ
1226 3481 1407 3552 σῶμα,
1442 3485 1509 3536 ὲκ
1539 3481 1648 3536 τῶν
1674 3483 1848 3547 ἐκτός-⁸

281 3565 476 3635 χρῆναι
503 3566 610 3636 γὰρ
639 3568 729 3620 τὸν
749 3569 1038 3640 εὐδαίμονα
1066 3571 1216 3641 ἔλεγε
1247 3573 1321 3644 μὴ
1353 3574 1512 3644 μόνον
1550 3576 1716 3647 ἀρετῇ
1761 3593 1851 3629 κο-

286 3654 560 3722 σμείσθαι,
590 3655 723 3708 ἀλλὰ
748 3657 839 3710 καὶ
860 3658 1050 3730 ῥώμην
1076 3660 1219 3731 ἔχειν
1246 3663 1312 3727 ⁸⁸³,
1330 3664 1424 3716 καὶ
1444 3662 1563 3734 ὥρᾳ
1589 3663 1847 3733 λάμπειν,

284 3742 377 3795 καὶ
403 3743 619 3815 πλούτῳ
659 3749 1060 3820 περιρρεῖσθαν
1092 3751 1183 3805 τὸν
1211 3751 1267 3803 δέ
1296 3769 1439 3816 τινος
1466 3752 1668 3808 τούτων
1698 3757 1850 3808 ἐστε-

284 3833 520 3903 ρημένον
542 3835 741 3905 ἣκιστα
778 3837 1060 3894 καλεῖσθαι
1088 3841 1398 3912 εὐδαίμονα.
1430 3844 1650 3898 Μᾶλλον
1682 3844 1737 3898 δὲ
1757 3838 1848 3898 οὖ-

281 3941 392 3987 τος,
419 3924 493 3989 ὡς
532 3925 725 3993 ἔοικεν,
759 3928 1088 4002 ἠκολούθησε
1119 3933 1160 3964 ⁶¹
1195 3934 1463 4007 Σιμωνίδῃ
1509 3934 1584 4006 τῷ
1625 3938 1844 4007 ποιητῇ.

294 4012 529 4079 Ἐκεῖνος
563 4018 670 4086 γὰρ
690 4017 815 4089 ἔφη’

1960 1849 2251 1904 fectionem
2273 1850 2490 1919 assequi
2513 1848 2828 1918 cupiebant,
2852 1850 3211 1905 imitationem
3236 1851 3378 1906 hanc
3405 1867 3532 1921 pro-

1959 1941 2183 2010 posuit:
2223 1959 2240 1992 ι
2280 1940 2467 1996 Estote
2497 1940 2899 2005 misericordes,
2935 1941 3134 2010 inquit,
3166 1941 3309 1996 sicut
3338 1950 3395 1996 et
3431 1942 3532 1998 Pa-

1960 2038 2044 2085 ter
2073 2039 2255 2085 vester
2284 2030 2523 2086 cmlestls
2567 2030 2878 2085 misericors
2919 2038 3003 2084 est
3036 2048 3052 2083 :
3086 2030 3179 2099 qui
3222 2031 3355 2085 oriri
3399 2030 3531 2086 facit

1959 2120 2131 2175 solem
2160 2136 2321 2175 suum
2351 2135 2515 2189 super
2553 2120 2725 2175 malos
2761 2128 2817 2174 et
2861 2120 3056 2185 bonos,
3086 2129 3142 2174 et
3181 2121 3323 2191 pluit
3363 2135 3529 2190 super

1954 2212 2133 2280 iustos
2167 2219 2223 2265 et
2257 2211 2491 2281 injustas
2534 2210 2582 2265 ά.
2638 2228 2656 2262 ι
2706 2210 2948 2266 Platonis
2978 2227 3197 2282 quoque
3227 2220 3530 2282 praeceptor

1959 2302 2230 2367 Socrates,
2260 2301 2404 2358 filius
2426 2302 2803 2373 Sophronisci,
2824 2318 2935 2358 non
2955 2302 3165 2358 divitiis
3190 2302 3524 2370 afﬂuentem,

1957 2407 2134 2462 neque
2162 2394 2404 2448 secundo
2432 2401 2596 2449 vento
2630 2401 2893 2458 utentem,
2930 2393 3026 2448 sed
3064 2393 3275 2465 iustitia
3299 2408 3527 2448 exorna-

1957 2492 2095 2548 tum,
2126 2484 2338 2539 felicem
2372 2484 2585 2539 solebat
2610 2485 2883 2554 appellare
2911 2501 2923 2538 :
2960 2483 3264 2554 impiosque
3295 2483 3527 2539 vocabat

1954 2590 2071 2640 eos,
2115 2575 2210 2644 qui
2253 2575 2546 2630 utilitatem
2593 2591 2625 2629 a
2663 2575 2877 2645 justitia
2923 2577 3274 2646 sejungerent
3305 2592 3319 2629 :
3348 2575 3526 2635 solum

1935 2665 2101 2725 .enim
2136 2665 2269 2721 utile
2297 2666 2405 2721 hoc
2429 2665 2667 2720 ducebat
2716 2665 2862 2735 quod
2882 2666 3113 2735 justum.
3142 2665 3404 2721 Oratores
3427 2681 3527 2722 au-

1955 2763 2066 2811 tem
2104 2755 2194 2810 his
2217 2755 2380 2810 dictis
2415 2770 2579 2811 aures
2615 2756 3031 2812 accommodare
3065 2757 3386 2812 noluerunt.
3429 2758 3525 2812 Di-

1956 2862 2172 2903 versum
2196 2848 2341 2902 enim
2380 2848 2451 2902 ab
2478 2848 2600 2902 utili
2622 2849 2831 2917 justum
2859 2862 2978 2904 esse
3004 2848 3280 2915 dicebant,
3312 2849 3417 2904 hac
3439 2863 3525 2904 ra.

1955 2936 2102 2993 tione
2148 2938 2441 2993 utilitatem
2485 2938 2635 2994 omni
2668 2939 2903 2994 utilitate
2925 2954 3135 2995 cassam
3163 2941 3522 3010 assignantes.

1955 3028 2089 3083 Nam
2109 3029 2371 3100 injustum
2394 3029 2637 3099 profecto
2655 3038 2739 3085 est
2757 3030 2904 3099 quod
2925 3031 3137 3102 justitia
3161 3039 3310 3086 caret
3336 3048 3350 3085 :
3377 3030 3525 3101 quod

1956 3133 2087 3172 vero
2121 3118 2402 3188 injustum,
2431 3119 2576 3175 idem
2596 3128 2653 3174 et
2680 3120 2906 3175 noxium
2936 3137 2949 3175 :
2976 3120 3124 3190 quod
3145 3134 3276 3176 vero
3301 3120 3527 3176 noxium

1956 3216 2060 3268 est,
2106 3205 2238 3260 utile
2276 3206 2461 3260 vocari
2487 3217 2853 3277 congruenter
2876 3224 2986 3263 non
3016 3217 3216 3278 potest.
3244 3210 3398 3264 Plato
3422 3208 3529 3280 igi-

1959 3300 2071 3358 tur,
2098 3302 2154 3348 et
2187 3294 2468 3361 Socrates,
2508 3306 2565 3351 et
2588 3313 2855 3363 consona,
2883 3307 2940 3353 et
2980 3300 3142 3356 laude
3175 3301 3338 3371 digna
3375 3300 3530 3357 dixe-

1959 3392 2107 3438 runt.
2151 3385 2475 3441 Aristoteles
2518 3397 2701 3442 autem
2736 3388 2835 3457 (l),
2878 3389 3119 3446 Platonis
3156 3392 3373 3447 auditor
3400 3407 3525 3450 cum

1956 3475 2144 3542 fuerit,
2179 3491 2246 3531 ex
2276 3477 2440 3548 hujus
2484 3478 2731 3534 doctrina
2774 3494 2968 3547 parum
3008 3481 3241 3549 profecit
3275 3500 3288 3535 :
3321 3482 3416 3537 sed
3456 3499 3525 3540 ex

1958 3566 2159 3636 triplici
2189 3567 2457 3622 bonorum
2482 3583 2701 3637 genere,
2732 3567 2786 3622 id
2809 3577 2911 3632 est,
2937 3568 3150 3634 animat,
3173 3556 3437 3639 corporis,
3460 3585 3526 3625 ac

1952 3655 2119 3727 987
2148 3656 2389 3712 externis
2417 3656 2595 3721 bonis,
2621 3656 2835 3726 plenam
2875 3656 3189 3711 felicitatem
3236 3657 3351 3712 fieri
3381 3657 3525 3712 atlir-

1953 3747 2140 3803 mavit.
2185 3747 2381 3803 Aiebat
2421 3748 2590 3811 enim,
2620 3747 2715 3816 qui
2759 3763 2888 3803 vere
2930 3748 3059 3804 felix
3105 3749 3391 3804 habendus
3430 3750 3521 3814 sit,

1952 3854 2080 3894 eum
2105 3854 2217 3894 non
2255 3838 2417 3893 modo
2441 3838 2644 3893 virtute
2674 3838 2953 3893 excultum
2984 3854 3102 3895 esse
3127 3847 3400 3908 oportere,
3425 3839 3522 3896 sed

1952 3938 2010 3987 et
2035 3929 2258 3984 robusta
2284 3927 2570 4000 prmditum
2597 3928 2928 3993 valetudine,
2953 3940 3012 3983 et
3033 3928 3205 3984 forma
3229 3930 3519 4002 insignem,

1952 4030 2011 4078 et
2044 4021 2250 4078 divitiis
2276 4019 2588 4076 aﬂluentem
2616 4036 2629 4072 :
2656 4019 2749 4089 qui
2781 4027 2965 4074 autem
2992 4019 3188 4075 horum
3213 4029 3395 4077 careat
3423 4022 3522 4077 ali-

281 4120 412 4175 quo,
442 4105 655 4163 felicem
698 4113 1082 4182 appellandum
1128 4132 1239 4173 non
1277 4134 1417 4173 esse.
1451 4119 1551 4174 llic
1590 4134 1742 4182 vero,
1788 4127 1850 4173 ut
1884 4115 2106 4186 quidem
2164 4113 2402 4175 videtur,
2433 4111 2725 4167 Simonidae
2784 4111 2967 4181 potius
2990 4121 3165 4181 poetae
3194 4113 3520 4170 sententiam

281 4210 499 4257 secutus
527 4212 627 4258 est.
661 4204 713 4260 ls
746 4208 891 4262 enim
926 4208 1006 4265 sic
1035 4209 1111 4264 ait
1138 4229 1152 4264 :

466 4317 787 4395 ξΥγιαίνεινξ
807 4324 922 4395 μὲν
951 4325 1202 4393 ἄριστον
1225 4327 1398 4395 ἀνδρί
1415 4330 1491 4362 “-

453 4390 846 4466 gemmas-6:},
877 4390 1257 4466 φυᾶνίκαλὸν
1286 4390 1561 4466 γενέσθαι
1584 4415 1596 4429 ·

463 4459 664 4527 Τρίτον
692 4460 779 4527 δὲ,
810 4459 1095 4518 πλουτεῖν
1132 4459 1385 4535 ἀδόλως.

282 4568 391 4623 Καὶ
426 4567 455 4619 6
482 4568 699 4639 Θέογνις
718 4573 760 4605 ⁸⁸
788 4575 846 4630 δὲ
890 4577 989 4646 τὴν
1028 4579 1217 4632 πενίαν
1257 4579 1477 4649 φεύγειν
1531 4582 1840 4651 παρεγγυᾷ,

277 4659 372 4711 καί
401 4677 529 4731 φησι
553 4676 567 4690 ⁸

275 4748 641 4845 1(1)]?l
667 4755 963 4845 φεργοντιξ
991 4757 1176 4845 italiae
1192 4758 1528 4845 μεγακήτεα
1547 4760 1593 4845 δέ
1615 4759 1844 4841 πόντον

368 4817 634 4887 Ρίπτειν,
660 4817 757 4874 καὶ
778 4817 1027 4893 ἔτει-ρῶν,
1051 4817 1420 4896 Κύῥιίε,’κατ⁸
1449 4828 1767 4895 ἠλιϐάτων.

274 4930 339 4983 Oi
358 4931 411 4984 δὲ
430 4931 657 4986 Στωϊκοὶ
682 4935 897 4989 ἐναντία
914 4938 1120 5000 τούτοις
1135 4938 1180 4969 ⁸⁸
1202 4939 1458 5009 ἄντικρυς
1483 4939 1838 5009 ἐψηφίσαντο.

344 5044 373 5086 ἀ
396 5045 534 5104 Luc.
558 5064 634 5116 vt,
664 5050 752 5107 56.

2093 4324 2359 4395 thimum
2387 4330 2461 4377 est
2501 4322 2819 4395 Ιιοηιὲηίηιιι
2843 4321 2966 4374 bene
2998 4321 3169 4376 ualeat
3186 4338 3203 4384 ,-

2092 4391 2420 4456 Proximum,
2449 4402 2504 4446 ut
2533 4391 2668 4445 bona
2694 4392 2762 4445 sit
2791 4392 2996 4460 forma;

2093 4462 2344 4529 Tertium,
2378 4463 2571 4516 ut‘sine
2602 4460 2721 4514 dolo
2748 4463 2815 4515 sit
2845 4460 3002 4515 dives.

1951 4576 2225 4647 Theognis
2295 4574 2425 4628 item
2471 4582 2630 4643 poeta
2691 4581 3068 4643 paupertatem
3113 4572 3273 4627 vitari
3313 4570 3517 4626 adhor~

1974 4676 2096 4721 :Itur
2123 4685 2135 4719 :

1974 4677 2096 4721 ἰιιιι-
2123 4685 2135 4719 :

1944 4677 2319 4828 ‘LPauperient
2334 4757 2560 4828 fugitare
2585 4758 2746 4828 decet,
2779 4757 3055 4827 pelagique
3078 4757 3171 4811 sub
3198 4757 3388 4821 undas,

2021 4825 2216 4880 Vertice
2241 4825 2319 4881 vel
2349 4826 2535 4879 montis
2564 4827 2765 4879 mittere
2783 4825 3128 4896 'peripitem.

1947 4936 2115 4991 Stoici
2153 4952 2282 4990 vero
2328 4936 2413 4990 his
2437 4936 2711 4991 contraria
2745 4944 2933 5007 aperte
2967 4948 3266 4992 sanxerunt
3296 4955 3310 4991 :
3351 4938 3527 4991 linem.

1581 5115 1806 5171 νΑιιιΑε
1844 5113 2244 5170 LECTIONES.

346 5202 393 5279 ιγ
417 5204 735 5279 θείωνηθεῷ
756 5210 900 5264 addit
925 5210 966 5265 c
998 5210 1091 5264 τοῦ
1129 5210 1272 5263 θείου
1297 5211 1398 5265 Vb.
1431 5225 1532 5279 pro
1551 5209 1661 5262 τῶν
1696 5207 1877 5279 asiam:
1948 5206 1997 5279 θ’
2028 5206 2213 5279 ἀπέφη

2217 5222 2327 5262 νεν.
2355 5209 2641 5278 ἀπέφηναν
2672 5208 2732 5263 C.
2805 5209 2850 5240 δ’
2876 5210 2937 5261 οὐ
2965 5208 3073 5279 γάρ
3087 5207 3281 5279 -νθεῷ
3306 5224 3417 5262 om.
3447 5206 3509 5264 Β.

280 5274 328 5309 ⁸⁸
361 5276 674 5351 δμριωέείη·
694 5274 939 5351 ἐκτριφθῇ
967 5280 1029 5335 C-
1092 5281 1150 5351 f‘
1181 5274 1472 5351 περιγεγρο
1504 5277 1790 5351 γεγρονβο.
1820 5278 1882 5351 -‘i’
1907 5274 2235 5351 τὴνὲῖίσινᾼ
2260 5274 2633 5351 τῇκτίεπέίῦν
2702 5279 2749 5351 ’ἔ
2776 5274 3088 5351 adsimili:
3133 5274 3509 5351 ,⁸ἱτίηχυαέον·

277 5346 508 5442 πηχαῖον
529 5344 590 5400 C.
642 5344 651 5347 ⁷
691 5344 1044 5431 “litati-nm.
1076 5349 1118 5405 ϐ
1143 5351 1238 5475 Ἑιὶ

279 5430 498 5488 κνυντε,
614 5415 789 5485 Supra
822 5418 1133 5488 άξυμφερον
1203 5460 1215 5473 .

279 5438 500 5475 κνυντες
529 5438 588 5469 ι).
614 5438 789 5485 ουιπει
822 5438 1034 5488 αςυμφε
1075 5438 1089 5473 ι

273 5483 705 5623 Δἓῖθὴζῐιὲλούθηιιε.
738 5488 999 5560 ἡκολούθη

1270 5366 1396 5404 mox
1422 5350 1596 5421 ἡμῶν.

339 5654 413 5729 (ι)
438 5662 573 5718 Vide
611 5660 781 5717 Clem.
822 5660 973 5716 Alex.
1016 5661 1211 5717 Strom.
1264 5677 1321 5726 ιι,
1366 5678 1422 5732 p.
1450 5664 1583 5733 496;
1624 5680 1696 5729 ιν,
1726 5664 1934 5734 p.573.

592 5757 859 5819 Ρηιιοι..
887 5756 1004 5818 Gn.
1040 5756 1373 5820 LXXXIII.

1320 5422 1367 5454 ⁸⁸
1398 5417 1671 5491 βλαδερὸν-

1166 5491 1209 5521 ⁸³
1245 5487 1417 5560 ἀνδρί.
1446 5487 1614 5560 ἄνδρα
1643 5489 1702 5543 Β.
1777 5489 1822 5519 ⁸³
1850 5489 1878 5540 6
1905 5487 2144 5553 Θέογνις.
2175 5488 2203 5538 6
2234 5501 2343 5540 om.
2371 5487 2428 5539 Β.
2502 5487 2545 5519 ⁸⁸⁵
2578 5488 2718 5557 μέγα
2748 5490 2914 5558 κήτεα
2936 5487 2994 5540 Β.

1673 5348 1719 5380 ⁸⁸
1747 5346 1948 5412 εἰώθει,
1980 5345 2167 5418 armch
2200 5347 2263 5409 Β,
2294 5347 2392 5401 Va.
2438 5349 2559 5401 Mox
2584 5346 2826 5411 εὐσεϐεῖς
2852 5348 2910 5402 Β.
2967 5348 3041 5418 7⁸⁷
3066 5345 3373 5418 summa.
3388 5346 3508 5418 δει-

2002 5415 2046 5448 ⁸⁹
2078 5417 2147 5468 ὲκ
2184 5418 2493 5487 τριγενείας
2532 5434 2641 5472 οιιι.
2670 5418 2771 5471 Vb.
2881 5418 2926 5449 °°
2950 5415 3127 5487 ἔχειν(
3166 5418 3349 5487 ἔλεγεν
3374 5415 3438 5471 C.

3069 5489 3113 5519 ⁸⁸
3134 5483 3362 5549 τούτοις.
3391 5483 3510 5541 τού-

3119 5754 3192 5819 35
