3974 6196
437 239 572 302 1099

1422 234 1876 296 TIIEODORET
1885 235 1909 292 Ι
1949 234 2285 296 EPISCOPI
2311 238 2677 299 CYRENSIS

3543 239 3701 302 1190

432 349 581 405 enim
631 349 870 404 hominis
919 349 1287 413 definierunt,
1343 357 1592 402 naturam
1644 348 1770 402 vita:
1816 347 2014 402 ducem

2117 350 2189 402 Τὸ
2215 351 2324 420 γὰρ
2351 350 2659 414 ἀκολούθως
2689 352 2756 421 τῇ
2781 349 2942 420 φύσει
2973 350 3072 420 ζῇν
3101 349 3370 418 ὡρίσαντο
3389 349 3568 411 τέλος.
3593 351 3699 402 καὶ

434 442 610 512 sequi.
643 443 894 496 Animam
925 456 1142 511 quoque
1170 439 1337 494 iidem
1369 438 1645 501 dixerunt,
1675 453 1854 508 neque
1899 438 2010 491 uti—

432 535 604 590 litatis
630 550 660 588 a
691 549 942 602 corpore,
973 546 1150 601 neque
1191 529 1504 584 detrimenti
1537 529 1834 600 quidquam
1865 529 2012 584 acci-

437 641 587 695 pere.
616 625 750 679 Nam
783 639 962 692 neque
995 623 1064 676 ad
1098 623 1358 676 virtutem
1391 621 1781 692 capessendam
1809 621 2012 676 sanitas

437 719 710 772 nolentem
736 715 1016 784 compellit
1041 732 1053 766 :
1077 728 1256 783 neque
1285 713 1354 767 ad
1378 713 1572 766 vitium
1596 720 1797 782 praaler
1820 713 2008 766 volun-

437 817 604 862 tatem
634 807 804 860 trahit
833 805 1122 875 aegritudo.
1159 805 1284 858 Ηιεο
1319 804 1466 858 enim
1497 803 1866 858 indifferentia
1896 805 2012 859 aie-

437 901 570 954 bant
604 913 744 953 esse.
788 897 925 951 lllud
968 912 1098 950 vero
1135 895 1455 950 eorumdem
1502 896 1765 951 audacius
1810 903 1894 950 est
1928 896 2013 949 di-

437 1000 584 1044 ctum
615 1005 629 1042 :
662 989 755 1042 Dei
784 987 931 1042 enim
959 999 1014 1040 et
1054 987 1294 1041 hominis
1327 987 1575 1042 eamdem
1605 987 1864 1041 virtutem
1893 1001 2014 1040 esse

433 1079 774 1134 asserebant.
803 1078 1198 1147 At-Epicurus,
1247 1078 1332 1131 his
1365 1079 1694 1132 contrariam
1741 1078 1884 1132 viam
1927 1077 2012 1130 in-

437 1185 677 1241 gressus,
721 1169 1038 1224 felicitatem
1083 1169 1324 1223 hominis
1354 1185 1474 1223 eam
1503 1168 1770 1231 definivit,
1807 1179 1868 1221 ut
1914 1182 2016 1221 nec

439 1265 657 1325 famem,
689 1275 791 1315 nec
820 1261 966 1315 sitim
997 1260 1264 1330 patiatur;
1295 1269 1344 1314 et
1373 1276 1498 1315 eum
1551 1245 1644 1331 qui
1685 1261 1773 1316 his
1800 1261 2015 1315 fruere-

441 1361 562 1415 tur,
609 1350 826 1404 dicebat
860 1350 945 1404 vel
993 1365 1118 1403 cum
1156 1349 1325 1419 988
1371 1350 1505 1405 Jove
1558 1361 1712 1420 patre
1770 1365 2015 1420 pugnare

424 1447 599 1514 posse
620 1461 641 1495 ':
674 1441 742 1496 ad
768 1450 970 1495 tantam
998 1441 1150 1494 illum
1184 1440 1520 1510 impietatem
1541 1441 1840 1510 voluptatis
1862 1455 2018 1495 amor

438 1531 664 1586 erudiit.
713 1531 902 1600 Neque
953 1529 1100 1584 enim
1150 1529 1327 1583 solum
1375 1529 1430 1582 id
1479 1544 1680 1583 nomen
1725 1529 2015 1598 quisquam

437 1631 668 1692 spectet,
701 1622 845 1691 quod
885 1622 973 1676 ille
1015 1619 1323 1684 deridebat,
1367 1620 1557 1675 Jovem
1592 1620 1868 1676 videlicet.
1903 1622 2015 1676 To-

441 1715 552 1769 tius
590 1714 738 1768 enim
780 1712 971 1766 mundi
1001 1712 1251 1782 opificem
1282 1711 1592 1782 intelligens
1619 1712 1731 1777 ille,
1759 1713 1841 1767 sic
1891 1713 2011 1768 bla-
2046 1700 2087 1758 Β

441 1807 735 1875 sphemare
784 1812 869 1858 est
913 1819 1100 1858 ausus.
1151 1804 1267 1857 Hoc
1292 1815 1475 1857 autem
1531 1803 1732 1858 misero
1781 1805 2012 1871 accidit,

435 1896 583 1965 quod
619 1903 674 1950 ct
703 1894 853 1948 casui
902 1902 959 1947 et
1005 1893 1202 1947 atomis
1253 1893 1482 1947 nimium
1529 1895 1840 1959 tribuebat,
1894 1899 2018 1952 nul-

441 1986 659 2052 liusque
691 1983 857 2037 ductu
895 1991 950 2036 et
981 1981 1327 2051 providentia
1361 1982 1477 2051 regi
1520 1992 1716 2038 cuncta
1753 1984 2018 2054 opinaba-

432 2087 564 2139 tur,
593 2076 802 2129 nullum
850 2089 1034 2128 rerum
1071 2074 1127 2126 in
1168 2073 1283 2126 vita
1326 2082 1602 2143 gestarum
1651 2089 1877 2128 examen
1919 2091 2016 2129 ex-

439 2173 712 2234 spectans,
757 2162 852 2218 sed
884 2163 1263 2231 sepulcrorum
1297 2168 1459 2215 tenus
1493 2161 1779 2216 hominum
1814 2171 2015 2218 statum

433 2257 689 2328 protendi
712 2255 1051 2311 existimans.
1083 2254 1236 2308 Plato
1274 2263 1455 2309 autem
1483 2264 1540 2311 et
1579 2256 1689 2310 vita
1712 2255 2019 2329 functisju-

439 2349 581 2402 dicia
606 2347 892 2401 imminere
929 2345 1306 2415 suppliciaque
1327 2347 1764 2416 ostendit,atque
1789 2347 1843 2401 in
1874 2347 2020 2402 deci-

439 2453 530 2492 mo
547 2437 862 2507 Reipublicae
877 2437 1020 2489 lihro
1039 2437 1152 2491 haec
1168 2436 1386 2506 scripsit
1405 2438 1478 2506 (p.
1501 2439 1605 2493 6l5
1624 2439 1686 2509 C)
1713 2456 1726 2491 :
1759 2458 1776 2489 ι
1800 2439 1898 2492 llic
1918 2439 2020 2493 ita-

439 2544 546 2598 que
571 2528 802 2584 aderaut
835 2527 1046 2582 feroces
1070 2527 1294 2596 quidam
1322 2529 1424 2582 viri
1470 2542 1802 2599 aspectuque
1829 2531 1972 2599 ignei
2000 2548 2014 2584 :

433 2620 560 2689 qui,
602 2633 728 2672 cum
768 2633 964 2672 sonum
995 2618 1374 2687 pereepissent
1395 2658 1408 2681 ,
1435 2619 1573 2672 alios
1611 2619 1834 2688 quidem
1867 2636 2020 2674 seor-

437 2727 565 2766 sum
587 2717 874 2780 correptos
893 2710 1271 2780 perducebant
1299 2726 1313 2775 ;
1339 2709 1613 2764 Aridmum
1632 2727 1764 2765 vero
1785 2721 1840 2767 et
1859 2713 2015 2780 alios,

442 2808 655 2863 vinctos
679 2822 872 2861 manus
901 2820 965 2860 ac
987 2805 1174 2876 pedes,
1203 2805 1435 2860 decusso
1459 2805 1658 2876 capite,
1681 2821 1744 2861 ac
1775 2806 2018 2877 detracta

439 2901 758 2971 cute,juxta
782 2898 926 2952 viam
962 2897 1270 2966 raptabant,
1305 2895 1517 2950 deﬂexo
1545 2913 1644 2966 per
1677 2899 2020 2954 acutissimas

438 2992 623 3062 spinas
652 2991 867 3044 itinere.
903 3007 921 3039 ι
959 2990 1018 3042 lu
1044 2987 1303 3041 Phwdone
1328 3002 1546 3056 quoque
1570 2987 1750 3042 aﬂinia
1776 2989 1862 3043 his
1883 2989 2020 3043 scri-

440 3079 548 3148 psit
596 3080 671 3147 (p.
711 3077 813 3129 H5
850 3076 935 3144 Α).
973 3094 992 3124 ‹
1027 3075 1267 3138 Tertius,
1312 3075 1509 3145 inquit,
1547 3075 1744 3131 ﬂuvius
1776 3078 1876 3132 hos
1904 3093 2018 3132 me-

436 3169 565 3223 dius
593 3167 958 3230 interlabitur,
983 3182 1046 3221 ac
1071 3182 1178 3221 non
1208 3167 1366 3236 longe
1396 3183 1738 3238 progressus,
1759 3169 1879 3227 loco
1903 3185 2017 3223 am-

438 3259 710 3329 plissimo,
748 3257 842 3328 qui
872 3257 1046 3311 multo
1088 3257 1200 3327 igni
1225 3257 1411 3322 ardet,
1465 3258 1668 3314 cadens
1710 3260 2013 3329 excipitur,

437 3351 805 3422 paludemque
840 3357 1029 3403 nostro
1053 3348 1158 3401 hoc
1190 3349 1329 3402 mari
1361 3349 1624 3420 majorem
1665 3349 1848 3416 efﬁcit,
1877 3368 2018 3421 aqua

438 3456 706 3510 caenoque
753 3439 1097 3494 bullientem.
1150 3438 1279 3493 lude
1333 3448 1515 3494 autem
1558 3441 1767 3495 ambitu
1819 3457 2016 3513 magno

437 3531 866 3585 circumvolutus
888 3570 900 3594 ,
933 3537 1045 3582 tum
1083 3528 1148 3582 ad
1182 3528 1286 3582 alia
1326 3530 1578 3599 pervenit
1615 3532 1754 3597 loca,
1787 3541 1902 3586 tum
1948 3533 2016 3586 ad

437 3629 710 3676 extremos
728 3620 1043 3675 Acherusia:
1068 3619 1285 3689 paludis
1306 3619 1462 3686 ﬁnes,
1481 3621 1648 3691 989
1678 3623 1836 3692 cujus
1859 3623 2018 3693 aquis

438 3725 548 3764 non
600 3709 1024 3772 commiscetur,
1082 3707 1177 3763 sed
1224 3708 1514 3778 multiplici
1563 3710 1704 3764 ﬂexu
1757 3711 1860 3765 sub
1906 3721 2017 3767 ter-

439 3816 556 3855 ram
583 3800 722 3854 infra
749 3799 1040 3853 Tartarum
1069 3799 1326 3869 erumpit.
1366 3800 1465 3854 llic
1498 3810 1582 3856 est
1613 3811 1818 3863 autem,
1849 3820 2014 3874 quem

436 3891 1010 3962 Pyriphlegethontem
1049 3890 1324 3959 appellant
1372 3909 1385 3944 :
1432 3893 1588 3963 cujus
1627 3894 1793 3948 etiam
1839 3896 1859 3917 ⁶
1911 3896 2013 3950 rivi

438 3983 659 4036 avulsus
685 3997 950 4051 aquarum
974 3983 1172 4038 ductus
1199 3999 1297 4054 per
1323 3983 1514 4038 obvias
1540 3993 1716 4041 terras
1737 3997 2009 4044 eructant.

438 4072 519 4125 Ex
565 4071 796 4127 adverso
840 4083 1024 4128 autem
1067 4075 1249 4146 hujus,
1293 4084 1520 4145 quartus
1550 4077 1688 4131 item
1728 4079 1926 4133 ﬂuvius
1957 4063 2042 4135 in.

429 4161 758 4221 horribilem
783 4170 944 4234 atque
974 4166 1336 4235 asperrimum
1366 4166 1547 4220 locum
1572 4167 1772 4234 inﬂuit,
1805 4170 1923 4240 qui,
1952 4180 2014 4226 ut

438 4251 634 4318 fertur,
660 4254 858 4309 coloris
885 4263 1032 4311 totus
1055 4264 1140 4311 est
1173 4257 1387 4328 cyanei,
1421 4257 1749 4330 Stygiusque
1787 4263 2011 4318 nomine

436 4428 598 4495 facit,
643 4429 861 4502 Stygem
911 4433 1204 4502 appellant.
1240 4435 1291 4490 Is
1318 4444 1502 4492 autem
1541 4437 1598 4491 in
1625 4454 1748 4494 eam
1774 4441 2006 4509 cadens,

435 4530 492 4575 et
519 4520 664 4576 vires
687 4521 980 4592 accipiens,
1007 4539 1070 4577 ae
1091 4533 1248 4580 terrae
1273 4525 1494 4582 demum
1516 4529 1826 4594 immersus,
1854 4533 2009 4602 lapsu

435 4612 673 4667 erratico
717 4613 1017 4678 revolutus,
1072 4614 1248 4674 fertur
1287 4627 1476 4673 contra
1526 4620 2011 4692 Pyriphlegethon-

436 4711 569 4768 tem,
601 4703 768 4774 ﬁtque
811 4705 888 4758 illi
921 4706 1116 4762 obvius
1145 4723 1211 4767 ex
1245 4709 1474 4766 adverso
1504 4713 1557 4766 in
1587 4712 1886 4769 Acherusia
1911 4731 2008 4785 pa-

435 4794 586 4850 lude.
620 4795 808 4865 Neque
841 4809 973 4851 vero
1020 4798 1184 4869 hujus
1229 4816 1368 4870 aqua
1403 4804 1656 4873 cuiquam
1708 4805 1970 4859 miscetur
1992 4847 2006 4870 ,

436 4876 533 4941 sed
567 4887 656 4941 hic
680 4902 898 4956 quoque
939 4889 1078 4945 ﬂexo
1107 4892 1388 4948 volumine
1419 4895 1471 4946 in
1510 4895 1800 4949 circuitum
1827 4896 2010 4965 lapsus

2111 441 2210 510 τὴν
2236 440 2414 510 ψυχὴν
2440 441 2647 508 ἔφασαν
2679 440 2843 510 μηδὲν
2876 440 2980 492 ὑπὸ
3009 439 3105 493 τοῦ
3130 439 3380 510 σώματος
3410 439 3444 510 ἢ
3469 440 3514 470 ⁸⁸
3543 441 3701 508 ὠφε-

2111 531 2320 585 λεῖσθαι
2347 532 2380 602 ἢ
2417 531 2749 601 βλάπτεσθαι
2768 546 2782 560 °
2808 529 2931 583 ούτε
2967 530 3075 599 γάρ
3101 531 3182 593 είς
3216 530 3420 601 ἀρετὴν
3449 531 3628 602 αὐτὴν
3657 533 3695 600 ἡ

2113 621 2271 690 ὑγεία
2293 622 2337 653 "
2369 621 2445 691 μὴ
2487 620 2815 690 βουλομένην
2859 619 3125 689 βιάζεται,
3176 618 3302 672 οὔτε
3352 622 3434 682 είς
3484 622 3699 674 κακίαν

2112 712 2265 784 παρὰ
2291 712 2568 783 γνώμη-δὴ
2598 713 2748 776 νόσος
2774 712 3029 766 καθὲλκει
3049 729 3066 744 ο
3090 711 3356 782 ἀδιάφορα
3377 713 3485 783 γάρ
3513 711 3698 767 ταῦτα

2114 803 2300 870 ἔλεγον
2334 800 2492 857 εἶναι.
2540 805 2746 856 Ἐκεῖνο
2771 803 2828 856 δέ
2857 820 2919 870 γε
2945 801 3126 855 αὐτῶν
3155 802 3348 872 κομιδῇ
3381 802 3694 872 τολμηρόν·

2115 891 2402 961 ἀνθρώπου
2445 890 2592 962 [154]
2641 891 2750 960 γάρ
2801 889 2929 961 [τοι]
2963 889 3010 922 ⁸⁸
3059 891 3151 943 καὶ
3189 890 3324 942 Θεοῦ
3368 891 3468 961 τὴν
3516 891 3699 959 αὒτὴν

2114 981 2299 1049 ελεγον
2329 984 2549 1053 ἀρετήν.
2593 982 2910 1051 Ἐπίκουρος
2942 982 3019 1043 δὲ,
3054 981 3154 1051 τὴν
3188 981 3438 1034 ἐναντίαν
3475 981 3700 1044 τούτοις

2114 1072 2361 1138 ὁδεύσας,
2408 1073 2468 1126 τὸ
2516 1075 2652 1144 μήτε
2711 1076 2902 1143 πεινῇν
2946 1075 3082 1142 μήτε
3133 1071 3294 1142 διψῇν
3337 1073 3699 1141 εὐδαιμονίαν

2112 1164 2373 1236 ὡρίσατο·
2413 1166 2516 1217 ’καὶ
2560 1164 2766 1217 τούτων
2783 1166 2826 1196 ⁸⁸
2865 1164 2957 1217 τὸν
2991 1163 3332 1216 ἀπολαύοντα
3377 1163 3531 1232 ἔλεγε
3591 1164 3699 1216 κᾶν

2113 1258 2196 1309 Διὶ
2226 1258 2389 1328 πατρὶ
2431 1256 2696 1327 μάχεσθαι
2717 1272 2729 1285 ·
2759 1255 2932 1319 οὕτως
2959 1255 3122 1310 αὑτὸν
3149 1255 3211 1308 τὸ
3233 1255 3510 1325 φιλήδονον
3533 1257 3700 1308 ἐπαιο

2111 1347 2426 1419 δοτρίϐησεν
2467 1349 2546 1410 είς
2593 1346 2868 1400 ἀσέϐειαν.
2914 1346 3004 1417 Μὴ
3036 1346 3142 1418 γάρ
3187 1346 3248 1416 δή
3291 1364 3372 1409 τις
3412 1348 3574 1416 μόνον
3607 1347 3699 1417 ἴδῃ

2111 1441 2172 1493 τὸ
2200 1440 2327 1510 παρ’
2350 1438 2513 1492 αὐτοῦ
2541 1439 2970 1509 κωμῳδούμενον
2999 1439 3192 1508 ὄνομα,
3233 1439 3334 1492 τὸν·
3369 1440 3466 1491 Δία
3499 1440 3650 1506 λέγω
3677 1457 3695 1471 ο

2115 1531 2205 1598 τὸν
2230 1531 2338 1600 γὰρ
2368 1529 2431 1600 δὴ
2471 1530 2579 1582 τῶν
2627 1529 2762 1583 ὅλων
2793 1529 2926 1583 Θεὸν
2962 1530 3104 1582 οὕτω
3147 1529 3284 1583 νοῶν
3329 1531 3534 1594 ἐκεῖνος
3593 1532 3705 1601 τὴν

2118 1619 2464 1690 βλασφημίαν
2503 1619 2789 1690 ἐτόλμησε.
2845 1619 3014 1672 Τοῦτο
3059 1620 3117 1672 δὲ
3153 1620 3417 1673 πέπονθεν
3464 1624 3492 1674 ὁ
3531 1639 3693 1690 τρισο

2117 1711 2318 1773 ἅθλιος,
2351 1710 2429 1781 τῷ
2462 1710 2753 1783 αὐτομάτῳ
2785 1711 2878 1764 καὶ
2921 1713 3036 1773 τοῖς
3074 1711 3358 1779 ἀτόμοιςτο
3393 1712 3701 1775 πιστεύων,

2119 1802 2211 1854 καὶ
2241 1801 2649 1872 ἀνηγεμόνευτα
2683 1797 2822 1855 εῖναι
2866 1801 2961 1854 καὶ
2989 1802 3303 1872 ἀτημέλητα
3339 1803 3406 1855 τὰ
3441 1805 3624 1857 πάντα
3647 1804 3702 1835 ⁷⁸

2118 1893 2438 1963 ἡγούμενος,
2463 1895 2556 1946 καὶ⁹
2578 1893 2686 1946 τῶν
2741 1893 3089 1964 βεϐιωμένων
3117 1895 3178 1947 ού
3202 1895 3522 1965 προσμένων
3534 1897 3584 1928 τί
3609 1897 3698 1961 ἐξ-

2117 1984 2325 2049 έτασιν,
2353 1984 2487 2038 ἀλλὰ
2515 1985 2676 2056 μέχρι
2705 1983 2811 2038 τῶν
2837 1985 3023 2055 τάφων
3051 1982 3188 2039 εἶναι
3211 1985 3444 2055 νομίζων
3471 1989 3584 2040 τῶν
3601 1989 3704 2040 ἀν-

2119 2072 2350 2144 θρώπων
2390 2075 2490 2145 τὴν
2523 2074 2796 2139 ξύστασιν.
2851 2076 2908 2128 '0
2955 2076 3012 2129 δέ
3065 2093 3128 2144 γε
3154 2077 3201 2107 ⁷³
3234 2078 3457 2131 Πλάτων
3498 2078 3598 2132 καὶ
3628 2079 3704 2131 τὰ

2119 2166 2441 2238 δικαστήρια
2463 2167 2531 2220 τά
2553 2168 2668 2220 ἐκεῖ
2695 2169 2787 2220 καὶ
2819 2167 2888 2221 τὰ
2923 2169 3255 2240 κολαστήρια
3291 2170 3552 2234 δείκνυσι,
3601 2172 3704 2225 καί

2120 2274 2287 2326 φησιν
2321 2259 2377 2309 ἐν
2407 2257 2484 2327 τῷ
2512 2259 2722 2328 δεκάτῳ
2755 2259 2852 2328 τῆς
2881 2262 3193 2326 Πολιτείας
3220 2279 3233 2292 ο
3265 2279 3284 2312 t
3323 2262 3590 2315 Ἐνταῦθα
3631 2263 3701 2334 δὴ

2119 2347 2309 2416 ἄνδρες
2333 2349 2534 2418 ἄγριοι,
2561 2348 2811 2418 διάπυροι
2849 2350 2996 2411 ίδείν,
3027 2352 3377 2422 παρεστῶτες
3400 2354 3492 2406 καὶ
3518 2372 3701 2408 κατα·

2123 2440 2487 2508 μανθάνοντες
2515 2441 2577 2494 τὸ
2604 2442 2844 2513 φθέγμα.
2879 2439 3010 2506 τοὺς
3040 2444 3139 2512 μὲν
3184 2445 3288 2515 ἰδίᾳ
3327 2448 3704 2518 παραλαμϐά-

2120 2546 2301 2593 νοντες
2324 2525 2478 2600 ἦγον,
2508 2532 2600 2586 τὸν
2629 2532 2686 2586 δὲ
2729 2533 2997 2603 Ἀρίδαιον
3019 2534 3088 2564 ⁷³·
3114 2535 3206 2586 καὶ
3237 2535 3454 2600 ἄλλους,
3487 2536 3704 2605 ξυμπο-

2117 2621 2363 2685 δίσαντες
2386 2623 2574 2695 χεῖράς
2606 2642 2665 2678 τε
2696 2626 2789 2678 καὶ
2817 2627 2980 2689 πόδας
3021 2628 3112 2679 καὶ
3140 2627 3405 2697 κεφαλὴν.
3449 2631 3702 2682 καταϐα-

2118 2709 2299 2774 λόντες
2324 2711 2370 2743 ⁷⁸
2395 2713 2485 2765 καὶ
2512 2705 2854 2784 ἐκδείραντες
2880 2709 3058 2768 εἷλκον
3081 2717 3230 2787 παρὰ
3257 2717 3355 2787 τὴν
3377 2717 3492 2770 ὁδὸν
3513 2720 3699 2785 ἐκτὸς,

2119 2799 2204 2851 ἐπ’
2230 2800 2558 2855 ἀσπαλάθων
2591 2803 2919 2866 κνάπτοντες
2939 2805 3006 2858 ⁷⁵.
3041 2825 3058 2856 t
3094 2806 3209 2857 Κάν
3241 2805 3318 2874 τῷ
3340 2805 3594 2859 Φαίδωνι
3639 2808 3698 2860 δὲ

2120 2892 2186 2944 τά
2211 2893 2570 2965 παραπλήσια
2603 2893 2771 2963 λέγει.
2821 2913 2839 2946 ι
2876 2894 3070 2964 Τρίτος
3105 2895 3235 2966 γὰρ.
3269 2898 3482 2965 cancri",
3521 2914 3697 2950 ποτα-

2125 2980 2222 3050 μὸς
2240 2983 2445 3036 τούτων
2474 2983 2615 3037 κατά
2640 2984 2802 3052 μέσον
2827 2985 3118 3051 εἰσϐάλλει,
3144 2987 3236 3039 καὶ
3261 2987 3427 3055 ἐγγὺς
3448 2987 3545 3056 τῆς
3568 2991 3661 3042 είσ
3679 3019 3692 3028 -

2119 3071 2280 3142 ϐολῆς
2314 3074 2575 3143 ἐμπίπτει
2606 3075 2651 3107 ⁷⁷
2682 3075 2764 3138 είς
2783 3075 2944 3128 τόπον
2973 3075 3149 3145 μέγαν
3174 3076 3310 3146 πυρὶ
3331 3076 3510 3147 πολλῷ
3538 3080 3698 3131 καιό-

2120 3178 2298 3230 μενον.
2336 3164 2430 3216 καὶ
2471 3163 2665 3235 λίμνην
2691 3168 2836 3218 ποιεί
2867 3166 3036 3236 μείζω
3056 3167 3102 3198 ⁷⁸
3134 3167 3232 3236 τῆς
3277 3170 3404 3238 παρ’
3431 3170 3560 3238 ἡμῖν
3592 3169 3694 3223 0a-

2116 3252 2341 3325 λάσσης,
2377 3253 2606 3319 ζέουσαν
2633 3255 2821 3318 ὓδατος
2849 3257 2942 3309 καὶ
2971 3255 3166 3319 πηλοῦ.
3191 3255 3468 3309 Ἐντεῦθεν
3498 3257 3552 3310 δὲ
3580 3277 3694 3328 χω-

2121 3347 2202 3416 ρεῖ
2231 3347 2414 3416 κύκλῳ
2448 3346 2665 3419 θολερὸς
2691 3350 2782 3401 καὶ
2820 3347 3074 3419 πηλώδης
3096 3366 3109 3378 ·
3144 3349 3615 3420 περιελιττόμενος
3636 3350 3696 3404 δὲ

2117 3441 2306 3494 ἄλλοσέ
2347 3443 2465 3494 re”
2510 3443 2837 3511 ἀφικνεῖται,
2871 3442 2966 3496 καὶ
2999 3444 3127 3513 παρ’
3161 3442 3360 3513 ἔσχατα
3398 3443 3496 3511 τῆς
3535 3445 3696 3513 Ἀχε-

2121 3533 2338 3602 ρουσίας
2384 3532 2616 3604 λίμνης’
2674 3535 2769 3587 καὶ
2798 3536 2858 3587 ού
2901 3535 3273 3605 ξυμμίγνυται
3315 3536 3392 3606 τῷ
3436 3536 3694 3589 Matt”-

2118 3628 2478 3700 περιελιχθεὶς
2507 3628 2562 3680 δέ
2594 3629 2849 3693 πολλάκις
2878 3630 2982 3682 ὑπὸ
3019 3629 3123 3699 γῆν
3161 3629 3463 3684 ἐκϐάλλει⁸¹
3506 3649 3692 3684 κατω-

2115 3720 2258 3792 τέρω
2299 3721 2388 3774 τοῦ
2417 3723 2721 3793 Ταρτάρου.
2756 3717 2922 3785 Οὗτος
2954 3721 3008 3774 δέ
3035 3724 3181 3775 ἐστιν
3208 3723 3266 3775 δν
3295 3724 3697 3791 ἐπονομάζουσι

2116 3812 2622 3884 Πυριφλεγέθοντα·
2675 3809 2736 3868 οὗ
2787 3815 2881 3867 καὶ
2934 3817 2982 3868 οἱ
3045 3815 3246 3886 ρύακες
3283 3816 3696 3886 άποσπάσματα

2114 3903 2484 3972 ἀναφυσῶσιν,
2511 3905 2643 3958 ὅπου
2682 3906 2748 3959 ἂν
2780 3905 2983 3975 τύχωσι
3011 3906 3110 3976 τῆς
3140 3907 3263 3976 γῆς.
3307 3906 3509 3960 Τούτου
3537 3908 3593 3960 δὲ
3623 3904 3695 3962 αὖ

2113 3994 2443 4066 κατάντικρυ
2459 3995 2504 4026 ⁸²
2527 3995 2555 4047 ὁ
2583 3993 2840 4064 τέταρτος
2866 3995 3121 4048 ἐκπίπτει
3149 3997 3230 4058 είς
3253 3994 3415 4047 τόπον
3437 3994 3612 4048 δεινόν
3633 4013 3693 4048 τε
3720 4059 3733 4066 _

2114 4083 2206 4136 καὶ
2241 4083 2454 4155 ἄγριον.
2501 4084 2732 4152 Λέγεται
2772 4083 2827 4136 δὲ
2881 4083 3078 4154 χρῶμα
3118 4083 3261 4154 ἔχειν
3295 4082 3458 4156 [ὅλον]
3509 4078 3621 4136 οἷον
3666 4087 3697 4137 ὁ

2113 4176 2308 4238 κυανός
2329 4192 2344 4206 ⁸
2372 4176 2432 4229 ὃν
2447 4176 2492 4207 ⁸³
2513 4176 2578 4246 δὴ
2614 4174 3012 4246 ἐπονομάζουσι
3047 4175 3303 4244 στυγνόν·
3348 4175 3444 4228 καὶ
3470 4174 3570 4245 τὴν
3609 4176 3695 4227 λί-

2115 4285 2253 4338 μνην
2284 4265 2396 4340 [ἢν]
2414 4266 2460 4299 ⁸⁵
2489 4270 2634 4321 ποιεῖ
2659 4270 2688 4322 ὁ
2715 4266 2958 4338 ποταμὸς
2989 4267 3292 4338 ἐμϐάλλων,
3323 4266 3524 4332 Στύγα.
3553 4268 3613 4321 Ὀ
3635 4267 3696 4322 δὲ

333 4399 336 4402 ,
437 4344 742 4432 appellatur
786 4364 799 4399 :
843 4362 1006 4416 quam
1041 4363 1174 4402 vero
1221 4346 1459 4404 inﬂuens
1504 4349 1757 4420 paludem
1809 4351 2010 4408 ﬂuvius

2116 4357 2372 4429 ἐμπεσὼν
2398 4358 2652 4426 ἐνταῦθα,
2681 4359 2774 4412 καί
2802 4377 2951 4425 τινας
2967 4359 3013 4392 ⁸⁸
3038 4359 3297 4432 δυνάμεις
3325 4359 3504 4416 λαϐὼν
3531 4363 3589 4414 ἐν
3613 4362 3698 4432 τῷ

2116 4446 2291 4512 ὕδατι,
2320 4446 2416 4511 δὺς
2438 4447 2579 4502 κατά
2599 4448 2698 4520 τῆς
2723 4447 2848 4518 γῆς,
2879 4449 2974 4503 καὶ
3002 4449 3491 4522 περιελιττόμενος.
3520 4457 3698 4525 χωρεῖ

2115 4534 2353 4600 ἐναντίος
2369 4536 2415 4569 ⁸⁸
2465 4535 2543 4606 τῷ
2587 4535 3071 4606 Πυριφλεγέθοντι,
3122 4538 3218 4591 καὶ
3260 4538 3478 4610 ἀπαντᾷ
3520 4541 3581 4595 ἐν
3624 4546 3697 4614 τῇ

2129 4625 2449 4697 Ἀχερουσία
2482 4625 2647 4698 λίμνῃ
2679 4625 2736 4691 ἐξ
2769 4624 3036 4689 ἐναντίας.
3076 4627 3186 4680 Καὶ
3225 4627 3344 4680 οὐδὲ
3383 4627 3443 4681 τὺ
3483 4629 3699 4701 ταύτης

2118 4717 2264 4789 ὓδωρ
2293 4718 2468 4770 οὐδενὶ
2506 4717 2780 4788 μίγνυται,
2823 4717 2958 4770 ἀλλά
3001 4718 3096 4771 καὶ
3131 4712 3284 4781 οὗτος
3316 4716 3501 4789 κύκλῳ
3536 4736 3700 4790 περε-

2116 4806 2284 4858 ελθὼν
2307 4806 2564 4876 ἐμϐάλλει
2598 4808 2678 4869 είς
2705 4807 2797 4860 τὸν
2822 4807 3104 4878 Τάρταρον
3129 4807 3384 4870 ἐναντίως
3408 4807 3451 4839 ⁸⁷
3481 4806 3561 4876 τῷ
3584 4809 3700 4859 Πυ-

2121 4896 2507 4966 ριφλεγέθοντι.
2549 4915 2565 4946 ι
2596 4897 2704 4950 Kal.
2744 4897 2828 4949 ἵνα
2868 4896 2941 4967 μὴ
2985 4897 3166 4949 πάντα
3205 4896 3379 4965 λέγων
3415 4897 3696 4967 μακροτέ-

1737 5032 1973 5103 VAmAs
2011 5032 2412 5090 LECTIONES.

510 5139 555 5168 “
586 5136 761 5222 ῇηοῐη.
888 5210 899 5222 .
936 5141 979 5222 ‘l'
1013 5142 1045 5209 ή
1076 5141 1273 5222 ὑγίεια.
1298 5143 1569 5222 ῆύγίειαν
1599 5145 1794 5222 _C,_V'b.
1848 5151 1918 5222 _“
1950 5149 2076 5222 [τοὶ]
2097 5166 2222 5222 rom.
2251 5149 2314 5212 C,
2339 5149 2443 5222 Vb.
2523 5149 2567 5181 “
2595 5148 2888 5222 τούτωνς-
2910 5151 3031 5204 κάν.
3069 5149 3255 5222 τοῦτον
3272 5180 3348 5222 -λ
3365 5151 3460 5222 καὶ
3490 5149 3533 5204 C
3566 5153 3693 5222 ﬁxa!

437 5209 570 5264 item
593 5207 694 5263 Vb.

435 5295 520 5343 γε.
552 5294 617 5346 γε
658 5293 768 5333 om.
798 5277 857 5331 Β.

802 5209 844 5284 "_°
876 5209 1120 5284 ἁτρμοις.
1153 5209 1480 5284 αὐτομάτοις
1505 5215 1544 5268 Β
1591 5209 1812 5282 ἀτόποις
1837 5219 1898 5274 C.
1950 5209 2019 5252 ’⁷⁸
2053 5209 2120 5274 τὰ
2153 5209 2349 5275 πάντα.
2385 5219 2452 5272 τὰ
2484 5233 2594 5274 om.
2633 5219 2692 5272 Β.

2804 5219 2856 5290 ⁷¹¹ν
2873 5219 3214 5290 προσμένων.
3245 5219 3387 5290 προς
3409 5219 3471 5272 Β.
3563 5221 3608 5252 ⁷³
3632 5222 3695 5274 δέ

960 5280 1639 5360 ⁷³⁸1άριδαῖονζῇάρισταῖον
1687 5280 1804 5343 νὴ(
1839 5291 1982 5345 alius
2036 5290 2209 5346 codex
2253 5290 2494 5360 ἀρδιαῖον
2604 5280 3104 5360 τίκαταϐαλόντες.
3163 5280 3599 5360 καταϐάλλοντες
3627 5291 3691 5345 Β.

439 5348 1479 5444 1'-ﬁt:£‘°V‘f.<;3i‘té?*3?“.iM3:
1503 5355 1706 5444 τζγέιρν
1731 5361 1884 5444 Ws}-
1917 5360 2113 5444 ιάλο,δή
2147 5348 2374 5442 φηςιίδο
2441 5359 2494 5444 1'
2525 5359 2825 5444 ἐξεπεπτξικ
2845 5348 3138 5444 taminiae
3169 5359 3367 5444 ΒΔΕ»
3410 5360 3457 5444 1'
3494 5348 3690 5444 μείξιο-

443 5411 661 5493 μείζονα
679 5417 738 5472 n.
828 5411 1086 5493 "sum;
1115 5439 1194 5476 τε.
1227 5411 1416 5478 ἄλλοσέ
1445 5441 1508 5493 γε
1533 5411 1600 5487 B.‘
1618 5411 1712 5483 νεῖ

437 5487 481 5558 ff
521 5488 852 5558 κατάντικρυ
876 5491 921 5543 ό.
950 5489 1211 5546 κατάντικ

435 5619 640 5675 Euseb.
669 5639 798 5679 mss.

1806 5429 1852 5501 ἕο
1875 5427 1954 5501 τῷ
1985 5427 2258 5500 ὖδατὲιζτῷ
2284 5444 2394 5484 om.
2441 5427 2503 5490 B,
2554 5429 2680 5501 Va._
2730 5429 2773 5462 ⁸³
2809 5428 3386 5501 ἐκϐάλλει.-ἐμϐάλλει
3410 5427 3688 5501 βίεοίι-ῐη.

438 5494 481 5583 2;
521 5494 852 5558 καταντικρύ
876 5494 921 5543 ό.
950 5494 1311 5596 καταντικρυς
1347 5494 1406 5557 Β.
1429 5497 1525 5564 qui
1548 5512 1674 5554 mox
1703 5494 1962 5552 sum;
1984 5501 2179 5563 κυανὸς
2212 5494 2384 5568 marg.
2418 5508 2473 5550 et
2499 5514 2612 5552 om.
2640 5499 2780 5552 ὅλον.
2851 5499 2900 5531 ⁸³
2929 5499 2977 5552 ὃ.
3006 5499 3065 5550 ὃν
3094 5494 3167 5564 B,
3199 5497 3260 5553 C.
3315 5499 3360 5531 “
3393 5500 3462 5569 ἢν
3497 5516 3589 5554 om
3625 5501 3687 5554 Β.

503 5569 648 5596 τινας
707 5557 886 5596 δεινὰ.»
918 5559 1060 5596 Rnrm
1186 5564 1208 5595 It
1273 5565 1531 5596 δυο-...ιω-
1582 5569 1820 5596 ι..-..-ι,-
1849 5568 1888 5596 n
1949 5569 2066 5596 ιι..-
2095 5567 2286 5596 --.τμη
2316 5567 2460 5596 ειη...
2516 5584 2618 5596 ..-η
2654 5569 2858 5596 --.ι-,η
2984 5568 3028 5596 a1
3059 5567 3300 5596 2...-..-:..-
3356 5568 3396 5596 n
3430 5571 3687 5596 z.._.-:..-

503 5569 669 5639 τινξις.
707 5557 886 5621 δεινάς
918 5559 1083 5613 Sirm.
1186 5557 1232 5596 “
1273 5557 1548 5629 ἐναντίὶυς.
1581 5569 1820 5632 ἐναντίος
1849 5568 1908 5622 Β.
1949 5569 2070 5624 Mox
2095 5557 2286 5623 τούτου
2316 5557 2484 5622 εἶναι.
2516 5584 2620 5637 pro
2654 5569 2878 5639 ταύτης.

2984 5568 3028 5600 ⁸⁷
3059 5567 3321 5632 ἐναντίος.
3356 5568 3397 5623 Β
3418 5567 3689 5633 ἐναντίως
