3974 6196
321 296 454 363 1101

844 295 1277 357 GR/ECARUM
1313 256 1614 378 AFFECT.
1655 292 2191 358 CURATIO.-XI.
2228 292 2326 353 DE
2364 293 2542 354 FINE
2581 296 2675 355 ET
2713 296 3032 358 JUDICIO.

3427 296 3565 365 1102

326 424 428 480 ραν
444 408 492 441 ⁸⁸
515 407 831 479 ἐργάσωμαι
856 406 954 476 τὴν
973 406 1227 474 διάλεξιν,
1260 408 1461 479 ῥᾴδιον,
1494 402 1540 461 ὦ
1566 407 1775 480 ἄνδρες,
1802 407 1885 461 ἐν·

1994 404 2167 462 intluit
2193 406 2245 459 in
2273 406 2580 471 Tartarum,
2601 422 2667 461 ex
2700 408 2930 463 adverso
2951 407 3505 480 Pyriphlegethontis.
3537 434 3554 463 ι

321 501 505 570 τυχεῖν
532 497 665 566 τῷδε
695 495 774 566 τῷ
799 495 1066 568 διαλόγῳ,
1106 499 1201 551 καὶ
1245 497 1444 566 γνῶναι
1488 499 1697 568 σαφῶς,
1739 501 1890 567 ὅπως

322 589 419 642 καὶ
445 587 505 639 τδ
528 586 873 656 δικαστήριον
906 587 1258 649 ἐπιδείκνυσι,
1305 589 1401 641 καὶ
1439 588 1548 641 τῶν
1580 588 1649 641 τά
1678 593 1891 663 σμικρά

323 674 718 745 ἡμαρτηκότων
754 675 825 727 τά
869 674 1153 748 ξύμμετρα
1202 676 1471 748 ἐπιτίμια,
1527 680 1621 732 καὶ
1666 678 1775 735 τῶν
1821 682 1891 736 τὰ

324 765 533 835 μεγάλα
559 765 652 817 καὶ
680 764 903 819 πλεῖστα
928 767 1277 837 ἠσεϐηκότων
1304 768 1401 832 τὰς
1428 769 1765 840 ἀνηκέστους
1793 787 1888 825 κου

319 855 523 919 λάςεις.
565 856 787 924 Ὀλίγων
815 857 873 911 δέ
906 858 982 929 πή
1012 875 1171 912 τινων
1201 859 1676 930 ἀπομνημονεύσω
1696 861 1851 931 κάγώ
1873 882 1885 895 ο

320 947 467 1016 λέγει
506 948 564 1001 δέ
584 948 757 1011 οὕτως
791 964 806 980 ο
844 968 864 1001 ι
885 951 946 1004 Οἱ
972 949 1016 1002 δ’
1037 949 1102 1004 ἂν
1130 951 1354 1018 δόξωσιν
1381 952 1700 1024 ἀνηκέστως
1746 955 1889 1025 ἔχειν

318 1039 405 1093 διὰ
425 1038 495 1093 τά
523 1040 727 1110 μεγέθη
759 1039 910 1113 [155]
936 1040 1042 1095 τῶν
1063 1042 1495 1114 ἁμαρτημάτων,
1524 1047 1557 1116 ἢ
1588 1046 1891 1117 ἱεροσυλίας

320 1129 520 1194 πολλὰς
541 1129 586 1163 ⁸⁸
620 1132 714 1184 καὶ
743 1131 1001 1202 μεγάλας,
1027 1132 1061 1203 ἢ
1091 1133 1285 1199 φόνους
1309 1136 1354 1169 ⁸⁸
1389 1135 1618 1199 πολλοὺς
1643 1137 1740 1189 καὶ
1777 1136 1885 1190 ἀδίο

320 1238 448 1285 κους
500 1223 595 1275 καὶ
648 1224 997 1293 παρανόμους
1049 1222 1496 1295 ἐξειργασμένοι,
1541 1225 1574 1297 ἢ
1618 1226 1753 1281 ἀλλα
1791 1228 1891 1281 ὅσα

319 1311 580 1382 τυγχάνει
628 1313 851 1368 τοιαῦτα
907 1314 1057 1378 ὄντα,
1095 1313 1315 1378 τούτους
1358 1315 1414 1368 δὲ
1466 1318 1499 1386 ἡ
1542 1319 1891 1387 προσήκουσα

325 1405 487 1472 μοῖρα
531 1403 707 1473 ῥίπτει
747 1405 827 1467 είς
851 1404 942 1457 τὸν
969 1404 1273 1476 Τάρταρον,
1320 1405 1442 1479 ὅθεν
1472 1404 1656 1459 οὔποτ’
1690 1407 1885 1461 ἐκϐαί-

322 1511 524 1546 νουσιν.
551 1496 613 1547 Οἲ
657 1494 701 1547 δ’
732 1495 777 1527 ⁹¹
808 1495 875 1549 ἂν
912 1496 1104 1565 ἰάσιμα
1126 1497 1172 1528 ⁸³
1205 1496 1303 1566 μέν
1345 1496 1558 1566 μεγάλα
1581 1496 1637 1550 δὲ
1668 1495 1892 1561 δόξωσιν

323 1584 696 1655 ἡμαρτηκέναι
746 1587 1157 1656 ἁμαρτήματα,
1221 1580 1333 1640 οἷον
1394 1587 1530 1657 πρὸς
1584 1585 1793 1657 πατέρα
1856 1585 1890 1657 ἢ

325 1672 506 1745 [πρὸς]
523 1675 568 1706 ⁹³
601 1674 811 1744 μητέρα
839 1674 929 1726 ὑπ’
958 1674 1127 1745 ὀργῆς
1154 1674 1324 1744 βίαιόν
1353 1692 1406 1727 τι
1432 1674 1763 1745 πράξαντες,
1795 1673 1894 1727 καὶ⁸

1993 507 2070 558 Ac
2096 520 2164 558 ne
2196 511 2392 558 cuncta
2433 496 2680 557 referens
2741 498 3041 573 longiorem
3087 513 3394 556 sermonem
3437 516 3565 571 pro-
3634 524 3643 529 -

1994 593 2230 657 traham,
2259 593 2417 648 facile
2438 601 2543 657 est,
2571 608 2603 646 ο
2625 592 2754 656 viri,
2781 594 3056 663 dialogum
3080 591 3256 661 ipsum
3283 591 3337 644 in
3367 605 3562 644 manus

1991 698 2229 748 sumere,
2259 694 2422 754 atque
2453 700 2518 738 ex
2549 684 2698 738 illius
2724 684 2960 738 lectione
2999 690 3187 752 aperte
3210 695 3561 751 cognoscere,

1992 775 2453 846 quemadmodum
2488 774 2729 829 tribunal
2771 775 3085 838 constituat,
3131 786 3429 841 eorumque
3468 771 3564 841 qui

1991 867 2188 922 leviter
2217 873 2517 936 peccarunt
2539 880 2826 935 compares
2860 879 3051 934 pcenas
3076 863 3354 925 decernat,
3383 861 3564 931 gravi-

1992 968 2078 1014 ter
2139 964 2323 1011 autem
2376 956 2677 1024 crebroque
2737 953 3188 1023 delinquentibus
3238 952 3565 1007 insanabilia

1992 1047 2279 1117 supplicia.
2310 1046 2424 1116 Ego
2453 1060 2586 1099 vero
2611 1059 2783 1114 pauca
2816 1044 3064 1114 quaedam
3102 1042 3561 1097 commemorabo.

1991 1139 2072 1193 lla
2097 1145 2280 1192 autem
2306 1137 2384 1190 ait
2415 1135 2491 1207 (p.
2530 1135 2632 1188 115
2661 1134 2726 1205 Α)
2763 1151 2776 1187 :
2820 1152 2839 1184 ι
2874 1134 2979 1201 Qui
3018 1144 3203 1188 autem
3227 1132 3328 1187 visi
3358 1131 3566 1186 fuerint

1991 1228 2324 1284 insanabiles
2357 1242 2477 1282 esse
2511 1225 2583 1280 ob
2628 1225 3061 1295 magnitudinem
3110 1223 3434 1277 delictorum
3458 1263 3472 1286 ,
3507 1231 3567 1275 ut

1989 1321 2086 1391 qui
2118 1319 2403 1389 sacrilegia
2451 1317 2622 1372 multa
2670 1324 2726 1371 et
2768 1317 2986 1388 gravia,
3032 1323 3128 1370 aut
3161 1314 3337 1369 caedes
3368 1314 3568 1368 multas

1990 1418 2190 1480 praeter
2208 1409 2291 1463 fas
2318 1410 2639 1480 iustumque
2670 1405 3264 1476 admiserint,990et
3289 1419 3410 1474 qua:
3438 1412 3567 1459 sunt

1991 1500 2096 1554 alia
2125 1499 2341 1569 generis
2381 1497 2660 1569 ejusdem,
2706 1497 2807 1551 hos
2839 1511 3030 1551 omnes
3073 1511 3226 1565 aequa
3271 1505 3327 1549 et
3370 1509 3568 1548 conve-

1992 1589 2151 1644 niens
2194 1603 2314 1643 sors
2360 1587 2415 1641 in
2460 1587 2748 1640 Tartarum
2797 1584 3063 1648 demittit,
3096 1583 3240 1636 unde
3284 1595 3565 1650 nunquam

1994 1686 2303 1749 emergunt.
2334 1678 2435 1745 Qui
2466 1691 2601 1731 vero
2642 1676 2904 1731 sanabilia
2946 1674 3196 1744 quidem,
3245 1672 3340 1727 sed
3384 1680 3564 1725 tamen

326 1764 628 1834 μετάμελον
653 1765 836 1828 αὐτοῖς
869 1764 960 1817 τὸν
1000 1764 1158 1818 ἄλλον
1194 1765 1308 1835 βίον
1337 1764 1527 1834 βιῶσιν
1545 1764 1615 1829 ’⁵,
1647 1765 1680 1836 ἦ
1707 1765 1893 1835 ἀνδρο-

1995 1770 2180 1841 gravia
2207 1769 2309 1823 visi
2337 1768 2543 1823 fuerint
2581 1776 2804 1836 peccata
2834 1764 3191 1828 commisisse,
3218 1764 3377 1833 quale
3406 1770 3491 1816 est
3516 1762 3563 1816 si

322 1854 525 1924 φόνοιῆ
560 1853 781 1923 τοιούτῳ
827 1854 933 1906 τινὶ
964 1853 1110 1924 ἄλλῳ
1149 1854 1336 1924 τρόπῳ
1357 1853 1642 1922 γένωνται,
1669 1853 1891 1915 τούτους

320 1943 402 1995 δεῖ
421 1944 465 1975 ’⁸
497 1945 757 2012 ἐμπεσεῖν
787 1943 885 2012 μὲν
914 1943 995 2004 εἰς
1018 1942 1110 1995 τὸν
1138 1942 1442 2012 Τάρταρον,
1469 1941 1811 2011 ἐμπεσόντας
1837 1939 1894 1993 δὲ

322 2033 543 2097 αὐτοὺς,
576 2033 670 2087 καὶ
699 2033 945 2086 ἐνιαυτὸν
968 2035 1084 2086 ἐκεῖ
1108 2033 1432 2103 γενομὲνους
1455 2034 1525 2097 ’⁸,
1550 2032 1799 2086 ἐκϐάλλει
1832 2031 1896 2085 τὸ

323 2123 501 2193 κῦμα,
548 2123 672 2186 τοὺς
719 2124 817 2193 μὲν
851 2123 1230 2194 ἀνδροφόνους,
1283 2123 1425 2177 κατά
1462 2124 1553 2177 τὸν
1592 2124 1853 2177 Κωκυτόν
1877 2138 1890 2151 ’

321 2218 449 2279 τοὺς
490 2215 548 2270 δέ
600 2215 956 2286 πατραλοίας,
1011 2215 1153 2269 κατά
1201 2217 1292 2269 τὸν
1339 2216 1832 2288 Πυριφλεγέθοντα.
1869 2233 1888 2266 ι

323 2304 460 2363 Εἶτα
499 2308 737 2363 διδάσκει
778 2309 926 2371 ὅπως
975 2307 1137 2378 βοῶσί
1179 2325 1239 2361 τε
1285 2309 1379 2362 καὶ
1430 2307 1728 2361 ἱκετεύουσι
1769 2308 1897 2369 τοὺς

320 2399 680 2470 ἠδικημένους
710 2398 890 2452 δοῦναι
924 2398 1074 2468 σφίσι
1109 2399 1441 2468 συγγνώμην
1479 2415 1492 2429 -
1534 2398 1724 2451 ἔπειτα
1756 2397 1898 2450 ὲκεί-

322 2506 430 2545 νων
454 2488 840 2554 ἀνανευόντων,
858 2488 1003 2550 ὅπως
1031 2488 1110 2550 είς
1131 2486 1230 2557 τὴν
1249 2486 1447 2556 λίμνην
1464 2482 1617 2548 αὖθις
1642 2486 1893 2554 ἀναπεμ-

325 2580 550 2650 πόμενοι
575 2578 672 2643 τάς
701 2579 871 2641 αύτάς
927 2577 1260 2647 ὑπομένουσι
1307 2576 1595 2646 τιμωρίας.
1637 2574 1794 2628 Ούτω
1831 2574 1895 2645 δὴ

324 2667 393 2721 τὰ
426 2667 757 2737 κολαστήρια
785 2667 984 2732 δείξας,
1017 2666 1318 2737 παραδηλοῖ
1348 2668 1441 2719 καὶ
1468 2667 1578 2719 τῶν
1607 2661 1666 2720 εὖ
1696 2665 1893 2735 βεϐιω-

325 2756 504 2809 κότων
543 2756 668 2819 τοὺς
698 2753 929 2827 χώρους,
976 2749 1077 2808 ὧδὲ
1112 2771 1190 2825 πη
1233 2755 1405 2822 λέγων
1426 2757 1472 2791 ⁸⁷
1520 2773 1534 2786 ο
1586 2774 1603 2806 ι
1637 2755 1700 2808 Ui
1747 2754 1790 2807 δ’
1830 2754 1897 2808 ἂν

324 2847 518 2911 δόξωσι
545 2846 909 2917 διαφερόντως
942 2845 1076 2915 πρὸς
1100 2846 1160 2898 τὸ
1190 2844 1350 2908 όσίως
1377 2844 1662 2898 διαϐιῶναι
1690 2860 1894 2916 προκε-

327 2935 565 3007 κρῖσθαι,
597 2929 742 2990 οὗτοί
762 2937 899 2988 εἰσιν
932 2936 981 2988 οἱ
1006 2934 1169 2989 τῶνδε
1201 2936 1301 3004 μὲν
1332 2934 1439 2989 τῶν
1465 2935 1649 2987 τόπων
1690 2933 1799 2987 τῶν
1839 2934 1896 2985 ἐν

326 3030 392 3099 τῇ
443 3031 513 3098 γῇ
564 3026 1005 3096 ἐλευθερούμενοι
1050 3026 1145 3080 καὶ
1189 3025 1653 3096 ἀπαλλαττόμενοι
1707 3024 1894 3094 ὥσπερ

1992 1860 2086 1930 qui
2116 1875 2214 1929 per
2242 1860 2379 1913 iram
2402 1859 2671 1913 violenter
2696 1858 2750 1911 in
2774 1866 2982 1927 patrem
3005 1866 3096 1910 aut
3124 1856 3179 1910 in
3206 1866 3434 1911 matrem
3460 1856 3561 1911 ali-

1993 1949 2127 2020 quid
2154 1964 2281 2003 cum
2315 1948 2566 2012 fecerint,
2598 1946 2923 2017 poenitentia
2947 1946 3096 2001 ducti
3127 1961 3223 2000 eos
3253 1945 3309 1999 in
3349 1945 3563 2014 reliquo

1994 2040 2171 2109 spatio
2203 2039 2331 2095 vita:
2368 2038 2661 2103 coluerint,
2694 2047 2789 2092 aut
2820 2037 3108 2091 homicida:
3146 2037 3253 2091 alio
3295 2036 3563 2105 quaepiam

1993 2129 2157 2185 simili
2190 2129 2353 2184 modo
2376 2130 2601 2194 fuerint,
2629 2130 2731 2185 hos
2756 2146 2971 2201 quoque
2995 2131 3142 2201 ipsos
3177 2130 3349 2184 nihilo
3384 2130 3564 2185 secius

1995 2219 2052 2274 in
2077 2220 2363 2275 Tartarum
2385 2236 2611 2276 necesse
2639 2230 2722 2276 est
2755 2222 2912 2293 dejici
2942 2240 2955 2275 :
2982 2238 3105 2277 cum
3140 2230 3321 2277 autem
3359 2237 3561 2276 annum

1994 2310 2069 2365 ibi
2102 2318 2276 2366 totum
2332 2313 2666 2383 peregerint,
2712 2313 2781 2367 ab
2810 2314 2971 2368 undis
3006 2314 3309 2384 ejectantur
3338 2332 3351 2367 :
3384 2314 3565 2369 homi-

1994 2402 2131 2457 cidae
2162 2402 2407 2472 quidem,
2460 2404 2528 2457 ad
2566 2402 2859 2475 Cocytum;
2908 2404 3002 2474 qui
3044 2420 3174 2460 vero
3216 2405 3268 2459 in
3310 2414 3566 2474 parentes

1995 2501 2325 2560 peccarunt,
2394 2492 2461 2547 ad
2515 2494 3109 2564 Pyriphlegethontem.
3145 2495 3385 2550 «Narrat
3440 2506 3568 2566 post

1995 2579 2111 2633 haec
2167 2595 2277 2649 quo
2333 2590 2495 2649 pacto
2544 2582 2759 2637 veniam
2809 2583 2878 2637 ab
2928 2584 2996 2638 iis
3039 2600 3231 2654 magna
3285 2600 3418 2641 voce
3470 2602 3567 2657 pe-

1995 2679 2113 2726 tant
2134 2686 2272 2740 quos
2295 2670 2574 2733 laeserunt.
2607 2681 2798 2742 utque,
2825 2673 2935 2728 illis
2960 2675 3341 2741 renuentibus,
3362 2677 3565 2732 iterum

1996 2761 2049 2813 in
2073 2760 2251 2814 lacum
2282 2759 2660 2825 devolvantur,
2681 2758 2875 2816 Eadem
2898 2777 3020 2832 qua:
3056 2764 3207 2833 prius
3229 2765 3409 2821 adhuc
3432 2782 3565 2838 sup-

1995 2850 2157 2919 plicia
2187 2850 2400 2905 luituri.
2444 2852 2513 2906 Et
2547 2860 2835 2922 postquam
2866 2854 2982 2908 haec
3010 2862 3408 2911 tormentorum
3446 2859 3565 2915 loca

1994 2942 2255 3006 ostendit,
2282 2949 2398 2997 tum
2426 2957 2619 2998 eorum
2656 2944 2822 2999 etiam
2850 2944 2943 3014 qui
2986 2945 3125 3001 bene
3167 2948 3420 3003 vixerunt
3449 2951 3566 3005 loca

1995 3032 2334 3089 demonstrat
2360 3034 2447 3089 his
2471 3034 2656 3090 verbis
2697 3035 2772 3105 (p.
2818 3036 2919 3090 114
2943 3035 3005 3106 Β)
3038 3055 3051 3089 :
3087 3056 3106 3087 ι
3135 3036 3237 3104 Qui
3271 3048 3451 3094 autem
3480 3042 3564 3095 vi-

325 3117 736 3189 δεσμωτηρίων,
795 3117 908 3171 ἀνω
958 3117 1015 3171 δέ
1076 3119 1155 3181 εἰς
1218 3118 1319 3187 τὴν
1381 3116 1626 3185 καθαρὰν
1682 3114 1893 3185 οἴκησιν

1999 3123 2158 3178 vendi
2186 3124 2476 3179 sanctitate
2501 3125 2826 3180 excelluisse
2855 3135 3080 3181 cznteros
3103 3127 3204 3183 visi
3244 3127 3470 3196 fuerint,
3509 3131 3569 3184 hi

325 3209 712 3281 ἀφικνούμενοι
734 3248 751 3273 ,
788 3210 883 3262 καλ⁵
913 3209 1007 3263 ἐπὶ
1043 3209 1139 3279 τῆς
1164 3208 1270 3277 γῆς
1306 3205 1723 3276 οἱκιζόμενοι⁹⁸.
1762 3202 1898 3256 Τού-

325 3323 434 3359 των
456 3305 514 3359 δὲ
540 3304 718 3358 αὐτῶν
745 3305 796 3357 oi.
822 3303 1110 3373 φιλοσοφίᾳ
1134 3300 1335 3364 ἱκανῶς
1367 3299 1739 3369 καθηράμενοι
1765 3297 1896 3351 ἄνευ

324 3412 384 3450 τε
409 3396 669 3466 καμάτων
695 3395 826 3459 ζῶσι
862 3393 923 3447 τὸ
952 3392 1213 3462 παράπαν
1240 3392 1319 3454 εἰς
1345 3389 1436 3443 τὸν
1458 3388 1650 3442 ἔπειτα
1679 3386 1893 3458 χρόνον,

325 3486 422 3540 καὶ
449 3486 529 3548 εἰς
564 3485 807 3553 οἰκήσεις
849 3480 977 3554 [ἔτι]
1000 3482 1048 3514 ⁸⁸
1081 3480 1286 3534 τούτων
1322 3478 1573 3540 καλλίους
1612 3475 1898 3546 ἀφικνοῦν-

325 3593 438 3639 ται,
470 3574 537 3638 ἀς
564 3573 685 3627 οὔτε
711 3574 889 3644 ῥᾴδιον
919 3571 1179 3643 δηλῶσαι,
1203 3569 1327 3624 οὔτε
1357 3572 1385 3623 ό
1404 3570 1595 3641 χρόνος
1625 3568 1810 3632 ἱκανὸς
1837 3568 1896 3621 ἐν

325 3663 404 3735 τῷ
432 3663 697 3733 παρόντι·
738 3661 875 3716 ἀλλά
914 3660 1120 3715 τούτων
1161 3660 1260 3730 μὲν
1303 3660 1367 3730 δὴ
1416 3659 1599 3712 εἵνεκα
1647 3658 1774 3730 χρὴ,
1823 3651 1898 3710 ὧν

325 3754 736 3825 διεληλύθαμεν,
763 3747 808 3806 ὦ
850 3752 1079 3823 Σιμμία,
1111 3752 1343 3822 πάμπαν
1374 3752 1545 3804 ποιεῖν
1586 3749 1727 3803 ὥστε
1765 3749 1896 3820 ἀρε-

326 3846 425 3916 τῆς
449 3846 542 3899 καί
572 3846 884 3915 φρονήσεως
928 3846 1232 3913 μετασχεῖν.
1278 3841 1454 3895 Καλὸν
1486 3841 1594 3911 γάρ
1624 3840 1684 3894 τὸ
1714 3830 1893 3905 ἆθλον,

327 3936 475 4006 καὶὴ
506 3934 661 3996 ἐλπὶς
688 3933 919 4004 μεγάλη.
960 3952 979 3984 ι
1024 3933 1139 3985 Κάν
1176 3932 1252 4002 τῷ
1281 3933 1499 4002 Γοργίᾳ
1534 3932 1591 3985 δὲ
1612 3933 1681 3986 τά
1715 3947 1895 4003 παρα-

328 4026 530 4096 πλήσια
563 4024 707 4092 λέγει
726 4040 739 4053 υ
790 4043 807 4074 ι
842 4024 1039 4076 Ἄκουε
1070 4022 1134 4091 δὴ
1167 4022 1310 4092 μάλα
1335 4022 1501 4076 καλοῦ
1533 4022 1711 4090 λόγου,
1746 4022 1806 4076 δν
1830 4024 1895 4076 σὺ

330 4115 428 4187 μὲν
461 4115 643 4185 ἡγήσῃ
676 4113 864 4184 μῦθον,
898 4113 973 4176 ὡς
1005 4112 1115 4181 ἐγὼ
1145 4109 1317 4184 οἶμαι,
1350 4111 1462 4182 ἐγὼ
1490 4112 1566 4176 δὲ,
1602 4113 1756 4182 λόγον
1777 4130 1790 4145 ·
1822 4112 1897 4173 ὠς

326 4207 501 4280 ἀληθῆ
525 4207 633 4278 γάρ
660 4205 790 4260 ὄντα
830 4222 911 4259 σοι
948 4204 1191 4274 λεγέσθω
1223 4204 1258 4258 ἃ
1296 4204 1474 4275 μέλλω
1502 4204 1701 4272 λέγειν.
1734 4222 1752 4256 ι
1788 4206 1897 4258 Kal.

329 4300 445 4372 μετ’
485 4299 687 4368 ὀλίγαον
710 4316 728 4349 ι
765 4297 868 4350 Τὸν
900 4296 958 4348 δέ
1001 4295 1225 4359 δικαίως
1262 4294 1353 4348 τὸν
1395 4294 1507 4366 βίον
1552 4293 1899 4366 διεληλυθότα

1995 3219 2123 3265 sunt
2146 3212 2241 3281 qui
2273 3212 2342 3266 ab
2372 3212 2523 3267 hisce
2550 3212 2783 3268 terrenis
2809 3212 2964 3277 locis,
2997 3222 3250 3285 tanquam
3276 3232 3308 3271 a
3330 3216 3568 3272 vinculis

1994 3302 2228 3358 exsoluti
2260 3317 2593 3372 prorsusquc
2638 3303 2877 3368 liberati,
2923 3305 2989 3358 ad
3032 3308 3372 3375 superiorem
3417 3309 3563 3363 illam

1994 3405 2191 3460 puram
2215 3391 2230 3410 ‘
2252 3390 2645 3446 habitationem
2669 3392 3019 3461 perveniunt,
3049 3404 3212 3463 atque
3236 3397 3312 3450 ibi
3335 3397 3390 3451 in
3421 3406 3566 3454 terra

1994 3481 2201 3552 optima
2230 3481 2586 3536 collocantur.
2610 3482 2689 3536 Ex
2710 3482 2796 3536 his
2825 3491 3006 3538 autem
3028 3484 3182 3554 ipsis,
3214 3487 3307 3555 qui
3327 3502 3427 3555 per
3445 3489 3568 3558 phi-

1994 3573 2298 3643 losophiam
2323 3573 2455 3628 satis
2478 3573 2693 3643 purgati
2718 3572 2941 3637 fuerint,
2970 3573 3007 3627 ii
3030 3584 3087 3628 et
3113 3575 3382 3645 reliquum
3403 3593 3565 3632 omne

1996 3675 2211 3738 tempus
2233 3666 2440 3737 absque
2471 3666 2597 3721 ullis
2632 3666 2852 3736 penitus
2884 3667 3162 3723 laboribus
3186 3668 3397 3733 vivunt,
3425 3680 3483 3725 et
3509 3671 3566 3724 in

1995 3761 2357 3829 pulchriores,
2371 3776 2534 3830 quam
2551 3759 2634 3815 has
2650 3759 2780 3823 sint,
2796 3759 3159 3814 habitationes
3181 3775 3238 3816 se
3255 3760 3561 3818 conferunt.

1993 3848 2123 3915 Qua:
2151 3849 2458 3920 cuiusmodi
2491 3848 2620 3913 sint,
2644 3849 2789 3903 haud
2824 3849 2983 3905 facile
3011 3850 3299 3920 quisquam
3339 3851 3561 3917 dixerit,

1993 3940 2153 4010 991
2181 3956 2359 4011 neque
2396 3956 2635 4011 praesens
2655 3948 2869 4009 tempus
2900 3941 2968 3995 ad
2999 3941 3295 3996 dicendum
3338 3941 3554 3998 sufﬁce-

1997 4041 2099 4087 ret.
2132 4031 2239 4088 Sed
2271 4033 2469 4087 horum
2498 4033 2673 4104 gratia
2706 4049 2829 4103 quae
2854 4033 2999 4089 dicta
3047 4042 3196 4099 sunt,
3239 4050 3272 4090 ο
3308 4035 3559 4099 Simmia,

1995 4124 2147 4178 omni
2181 4124 2365 4180 studio
2393 4134 2478 4180 est
2504 4124 2888 4190 adnitendum,
2933 4134 2994 4179 ut
3022 4125 3284 4182 virtutem
3334 4143 3400 4183 ac
3427 4143 3562 4197 pru-

2002 4215 2245 4271 dentiam
2281 4231 2715 4286 consequamur:
2749 4217 3039 4286 pulchrum
3087 4220 3235 4273 enim
3276 4220 3563 4289 praemium

1995 4315 2081 4362 est
2129 4307 2459 4377 repositum,
2498 4322 2603 4361 nec
2637 4306 2830 4377 exigua
2861 4308 3232 4378 consequendi
3269 4291 3462 4378 spes.)
3500 4310 3559 4363 In

327 4392 423 4446 καὶ
460 4391 639 4455 ὁσίως,
667 4389 884 4443 ἐπειδάν
916 4388 1234 4459 τελευτήσῃ,
1282 4389 1361 4450 είς
1402 4388 1666 4460 μακάρων
1696 4389 1893 4459 νήσους

1999 4396 2192 4469 Gorgia
2211 4412 2429 4467 quoque
2452 4396 2540 4451 his
2560 4395 2741 4451 atllnia
2779 4405 2965 4452 narrat
2991 4396 3067 4468 (p.
3102 4398 3206 4453 525
3234 4397 3321 4468 A):
3355 4417 3375 4450 ι
3396 4399 3560 4459 Audi,

326 4482 558 4537 ἀπιόντα
578 4484 745 4537 οἰκεῖν
768 4484 825 4537 ἐν
848 4481 998 4554 πάσῃ
1023 4480 1339 4551 εὐδαιμονίᾳ
1371 4480 1526 4543 ἐκτὸς
1561 4480 1746 4534 κακῶν
1765 4497 1778 4510 ·
1804 4482 1894 4535 τὸν

327 4574 386 4630 δὲ
406 4574 601 4639 ἀδίκως
622 4576 716 4631 καὶ
738 4576 935 4641 ἀθέως,
972 4577 1050 4640 είς
1070 4575 1131 4629 τὸ
1155 4575 1253 4645 τῆς
1275 4572 1508 4643 κρίσεώς
1536 4591 1596 4627 τε
1627 4575 1717 4628 καὶ
1740 4574 1895 4646 δίκης

327 4666 717 4737 δεσμωτήριον,
754 4666 783 4719 δ
821 4666 886 4738 δὴ
910 4666 1192 4738 Τάρταρον
1236 4666 1512 4730 καλοῦσιν,
1547 4666 1703 4721 ἰέναι.
1733 4684 1752 4716 ι
1785 4666 1895 4720 Kal.

327 4754 485 4821 αὖθις
507 4772 522 4787 ’
557 4776 576 4808 ι
607 4757 838 4831 Ἔπειτα
865 4759 1102 4827 γυμνοὺς
1130 4757 1345 4828 κριτέον
1380 4756 1633 4810 ἀπάντων
1664 4755 1888 4810 τούτων.

326 4844 643 4908 Τεθνεῶτας
680 4844 790 4916 γάρ
823 4845 903 4899 δεῖ
925 4847 942 4877 ⁸
986 4844 1263 4918 κρίνεσθαι
1300 4861 1315 4876 ·
1349 4844 1444 4897 καὶ
1469 4845 1562 4897 τὸν
1594 4845 1785 4915 κριτὴν
1815 4844 1896 4897 δεῖ

326 4935 531 5008 γυμνὸν
559 4931 700 4991 εἶναι
725 4934 1013 5001 τεθνεῶτα,
1042 4936 1179 5007 αὐτῇ
1211 4938 1278 5007 τῇ
1303 4938 1448 5007 ψυχῇ
1473 4935 1642 5007 αὐτὴν
1668 4936 1767 5007 τὴν
1789 4936 1895 5005 ψυ-

327 5027 427 5101 χὴν
444 5025 752 5100 θεωροῦντα
769 5026 1026 5100 ἐξαίφνης
1043 5027 1402 5091 ἀποθανόντος
1422 5028 1674 5091 ἑκάστου,
1689 5028 1788 5100 ιρη
1796 5044 1895 5099 μον

329 5121 542 5175 πάντων
562 5118 861 5189 συγγενῶν,
880 5119 1243 5173 καταλιπόντα
1262 5119 1353 5172 ἐπὶ
1370 5119 1475 5189 γῆς
1499 5119 1676 5173 πάντα
1690 5120 1896 5173 ἐκεῖνον

326 5209 419 5266 τὸν
440 5211 662 5283 κόσμον,
684 5211 770 5265 ἴνα
795 5211 976 5266 δικαία
1005 5213 1039 5284 ἡ
1070 5211 1250 5283 κρίσις
1384 5231 1402 5263 ι
1439 5210 1625 5275 Οὕτως
1649 5209 1891 5284 ἀκριϐῶς

1999 4488 2096 4553 ait,
2124 4487 2518 4558 perpulchrum
2574 4502 2906 4552 sermonem,
2930 4503 3094 4557 quem
3124 4496 3182 4543 tu
3215 4489 3462 4559 quidem,
3503 4499 3564 4544 ut

1998 4579 2213 4649 opinor,
2246 4577 2484 4633 fabulam
2519 4577 2892 4640 existimabis,
2926 4593 3029 4648 ego
3071 4587 3256 4634 autem
3301 4588 3563 4635 constan-

2000 4679 2109 4726 tem
2136 4684 2469 4725 sermonem.
2496 4670 2683 4739 Itaque
2711 4668 2968 4724 dicantur
2997 4678 3256 4739 tanquam
3275 4686 3425 4736 vera,
3443 4687 3565 4741 quae

1999 4761 2249 4817 dicturus
2269 4776 2411 4815 sum.
2437 4779 2455 4812 ι
2489 4760 2558 4813 Et
2577 4767 2701 4830 post
2732 4776 2905 4830 pauca
2936 4778 2949 4814 :
2995 4762 3171 4817 «Eum
3196 4776 3327 4817 vero
3354 4762 3450 4833 qui
3477 4762 3565 4816 vi-

2002 4860 2111 4905 tam
2139 4852 2284 4921 juste
2316 4865 2381 4904 ac
2419 4858 2605 4904 sancte
2666 4851 3027 4921 transegerit,
3083 4861 3261 4907 morte
3313 4851 3463 4908 obita
3505 4851 3561 4907 in

2000 4942 2290 4997 beatorum
2314 4940 2522 4996 insulas
2548 4940 2772 5005 deferri,
2810 4956 3013 5012 easque
3056 4942 3410 5008 incolentem,
3450 4942 3561 4999 frui

2000 5034 2152 5089 omni
2172 5032 2456 5096 felicitate,
2475 5039 2531 5087 et
2555 5040 2830 5087 exsortem
2845 5048 2967 5088 esse
2989 5033 3257 5089 malorum
3283 5033 3557 5099 omnium;

2000 5125 2098 5194 qui
2134 5138 2267 5179 vero
2310 5124 2511 5195 injuste
2545 5133 2711 5195 atque
2745 5124 2945 5196 impie,
2985 5125 3042 5180 in
3070 5124 3265 5197 judicii
3301 5140 3365 5182 ac
3392 5125 3559 5198 justi-

2003 5213 2093 5268 tiaa
2122 5227 2399 5269 carcerem
2424 5212 2666 5275 detrudi,
2684 5228 2849 5283 quem
2875 5213 3167 5269 Tartarum
3193 5223 3413 5270 vocant.
3438 5233 3457 5267 ι
3493 5214 3561 5269 Et

1562 5350 1646 5406 VA
1659 5350 1797 5406 ΜΕ
1823 5350 2222 5407 LECTIONES.

396 5483 444 5565 ξθ
474 5484 843 5567 μακροτέραν.Δ
883 5482 1485 5567 μακροτάτηιθ..Β;.Τιιηι
1512 5486 1825 5567 ἐργάσομαι
1855 5485 1913 5541 C.
1978 5487 2037 5567 _"
2068 5488 2159 5567 καὶ
2197 5487 2413 5567 πολλάς.
2451 5487 2549 5567 καῖ
2571 5502 2678 5567 om.
2700 5487 2773 5567 .8,
2795 5487 2855 5543 C.
2912 5488 2957 5520 ’°
2988 5488 3200 5567 φόνους.
3241 5486 3465 5567 φθόνους
3494 5487 3555 5567 [Β.

329 5552 425 5629 qui
464 5552 881 5629 ρωίκαῐ-αξιῑο
929 5552 1165 5629 ἀδίκους.
1208 5554 1264 5629 _'_‘
1289 5554 1475 5629 §‘_or_n.
1506 5552 1569 5629 ρ.
1596 5552 2039 5629 ςλθζᾼᾶνίαταλᾶν
2077 5556 2268 5629 ἰάσιμα
2302 5556 2467 5610 Sirm.
2487 5564 2555 5629 et
2590 5557 2669 5611 sic
2698 5552 3012 5628 interpresf
3067 5558 3115 5629 ’ξ
3140 5552 3320 5629 [πρδς]
3354 5572 3460 5611 om.
3492 5555 3552 5629 Β.

326 5622 374 5658 ⁸⁸
395 5621 904 5704 βιώξωσινίκριῶσιν
925 5621 1131 5704 βηλῷ(
1207 5621 1265 5704 ’ξ’
1285 5623 1383 5704 δεῖ.
1506 5626 1547 5679 Β
1590 5627 1645 5680 δέ
1669 5626 1833 5681 Sirm.
1871 5626 2056 5704 addito
2093 5621 2305 5704 ἀνάγκη
2331 5633 2461 5704 post
2484 5625 2788 5704 Τάρταρον.
2922 5621 3266 5704 γενομένούς.
3304 5621 3558 5696 γιγνομέ-

327 5644 684 5694 σνριωσωσιν.
721 5644 904 5689 ριωσιν
937 5644 995 5683 n,
1040 5644 1131 5675 νυ.
1210 5644 1251 5653 --
1285 5644 1383 5677 οει.
1411 5644 1473 5695 οη
1507 5644 1547 5679 rs
1590 5644 1645 5680 os
1670 5644 1833 5681 διε-ιη.
1871 5644 2056 5680 annuo
2093 5644 2302 5694 αναγκη
2369 5644 2455 5679 ost
2495 5644 2786 5695 ιαρταρον.
2852 5644 2897 5660 η
2922 5644 3047 5695 γενο
3095 5644 3109 5679 ε

327 5709 450 5756 νους
479 5691 541 5750 C.
616 5692 661 5725 ’⁷
694 5691 884 5760 λέγων.
925 5689 1061 5761 βοῶν
1084 5690 1144 5743 Β.
1221 5691 1266 5723 ’⁸
1286 5693 1631 5765 αἰκιζόμενοι.
1657 5694 2088 5766 κατοικιζόμενοι
2124 5695 2182 5748 Β.
2264 5696 2306 5727 ’³
2331 5644 2461 5766 Γέτι]
2492 5709 2602 5749 om.
2633 5695 2694 5750 C.
2777 5697 2791 5728 ¹
2827 5697 2923 5751 δεῖ.
2952 5696 3016 5768 δὴ
