  <div class='ocr_page' id='page_1' title='image "/cluster/home/n/w/nwhite01/storage/ocr_20150623/83/hvd.32044073502072/559.png"; bbox 0 0 3974 6196; ppageno 0'>
   <div class='ocr_carea' id='block_1_1' title="bbox 418 233 3692 313">
    <p class='ocr_par' dir='ltr' id='par_1_1' title="bbox 418 233 3692 313">
     <span class='ocr_line' id='line_1_1' title="bbox 418 233 3692 313; baseline -0.005 -1"><span class='ocrx_word' id='word_1_1' title='bbox 418 248 437 312; x_wconf 81' lang='grc' dir='ltr'>ι</span> <span class='ocrx_word' id='word_1_2' title='bbox 456 250 547 313; x_wconf 75' lang='lat'>107</span> <span class='ocrx_word' id='word_1_3' title='bbox 1416 245 1903 306; x_wconf 79' lang='lat' dir='ltr'>THEODORETI</span> <span class='ocrx_word' id='word_1_4' title='bbox 1940 243 2274 303; x_wconf 77' lang='lat' dir='ltr'>EPISCOPI</span> <span class='ocrx_word' id='word_1_5' title='bbox 2312 243 2673 303; x_wconf 84' lang='lat' dir='ltr'>CYRENSIS</span> <span class='ocrx_word' id='word_1_6' title='bbox 3524 233 3692 297; x_wconf 84' lang='grc'>1108</span> 
     </span>
    </p>
   </div>
   <div class='ocr_carea' id='block_1_2' title="bbox 419 342 1979 423">
    <p class='ocr_par' dir='ltr' id='par_1_2' title="bbox 419 356 1979 423">
     <span class='ocr_line' id='line_1_2' title="bbox 419 356 1979 423; baseline -0.008 -7"><span class='ocrx_word' id='word_1_7' title='bbox 419 362 795 423; x_wconf 81' lang='lat' dir='ltr'>formicarum,</span> <span class='ocrx_word' id='word_1_8' title='bbox 846 372 900 415; x_wconf 89' lang='lat' dir='ltr'>et</span> <span class='ocrx_word' id='word_1_9' title='bbox 956 361 1237 414; x_wconf 84' lang='lat' dir='ltr'>hominum</span> <span class='ocrx_word' id='word_1_10' title='bbox 1301 357 1605 411; x_wconf 88' lang='lat' dir='ltr'><strong>subituras.</strong></span> <span class='ocrx_word' id='word_1_11' title='bbox 1667 356 1789 409; x_wconf 71' lang='lat' dir='ltr'><strong>flare</strong></span> <span class='ocrx_word' id='word_1_12' title='bbox 1848 367 1979 406; x_wconf 88' lang='lat' dir='ltr'><strong>vero</strong></span> 
     </span>
    </p>
   </div>
   <div class='ocr_carea' id='block_1_3' title="bbox 2087 342 3684 423">
    <p class='ocr_par' dir='ltr' id='par_1_3' title="bbox 2087 342 3684 420">
     <span class='ocr_line' id='line_1_3' title="bbox 2087 342 3684 420; baseline -0.004 -20"><span class='ocrx_word' id='word_1_13' title='bbox 2087 349 2669 420; x_wconf 82' lang='grc' dir='ltr'>μετενσωματουμένας</span> <span class='ocrx_word' id='word_1_14' title='bbox 2705 348 2749 379; x_wconf 84' lang='grc'>³⁸</span> <span class='ocrx_word' id='word_1_15' title='bbox 2800 347 2892 398; x_wconf 74' lang='grc' dir='ltr'>καὶ</span> <span class='ocrx_word' id='word_1_16' title='bbox 2939 345 3150 414; x_wconf 79' lang='grc' dir='ltr'>σφῆκας</span> <span class='ocrx_word' id='word_1_17' title='bbox 3203 343 3297 396; x_wconf 70' lang='grc' dir='ltr'>καὶ</span> <span class='ocrx_word' id='word_1_18' title='bbox 3338 342 3684 412; x_wconf 82' lang='grc' dir='ltr'>μύρμηκας.</span> 
     </span>
    </p>
   </div>
   <div class='ocr_carea' id='block_1_4' title="bbox 411 434 1979 516">
    <p class='ocr_par' dir='ltr' id='par_1_4' title="bbox 411 449 1978 516">
     <span class='ocr_line' id='line_1_4' title="bbox 411 449 1978 516; baseline -0.007 -8"><span class='ocrx_word' id='word_1_19' title='bbox 411 470 521 508; x_wconf 88' lang='lat' dir='ltr'>non</span> <span class='ocrx_word' id='word_1_20' title='bbox 549 454 713 508; x_wconf 90' lang='lat' dir='ltr'><strong>modo</strong></span> <span class='ocrx_word' id='word_1_21' title='bbox 741 462 869 507; x_wconf 90' lang='lat' dir='ltr'><strong>sunt</strong></span> <span class='ocrx_word' id='word_1_22' title='bbox 901 451 1151 513; x_wconf 89' lang='lat' dir='ltr'><strong>ridicula,</strong></span> <span class='ocrx_word' id='word_1_23' title='bbox 1190 464 1379 503; x_wconf 89' lang='lat' dir='ltr'><strong>verum</strong></span> <span class='ocrx_word' id='word_1_24' title='bbox 1419 450 1486 503; x_wconf 87' lang='lat' dir='ltr'>iis</span> <span class='ocrx_word' id='word_1_25' title='bbox 1512 449 1677 503; x_wconf 89' lang='lat' dir='ltr'><strong>etiam</strong></span> <span class='ocrx_word' id='word_1_26' title='bbox 1731 461 1851 516; x_wconf 70' lang='lat' dir='ltr'><strong>qua:</strong></span> <span class='ocrx_word' id='word_1_27' title='bbox 1886 460 1978 499; x_wconf 83' lang='lat' dir='ltr'><strong>su-</strong></span> 
     </span>
    </p>
   </div>
   <div class='ocr_carea' id='block_1_5' title="bbox 2087 434 3689 516">
    <p class='ocr_par' dir='ltr' id='par_1_5' title="bbox 2087 434 3689 510">
     <span class='ocr_line' id='line_1_5' title="bbox 2087 434 3689 510; baseline -0.007 -14"><span class='ocrx_word' id='word_1_28' title='bbox 2087 444 2177 496; x_wconf 79' lang='grc' dir='ltr'>καί</span> <span class='ocrx_word' id='word_1_29' title='bbox 2207 444 2286 506; x_wconf 78' lang='grc' dir='ltr'>εἵς</span> <span class='ocrx_word' id='word_1_30' title='bbox 2322 460 2383 510; x_wconf 90' lang='grc' dir='ltr'>γε</span> <span class='ocrx_word' id='word_1_31' title='bbox 2416 441 2477 494; x_wconf 81' lang='grc' dir='ltr'>τὸ</span> <span class='ocrx_word' id='word_1_32' title='bbox 2506 440 2841 509; x_wconf 78' lang='grc' dir='ltr'>ἀνθρώπειον</span> <span class='ocrx_word' id='word_1_33' title='bbox 2867 439 3040 506; x_wconf 89' lang='grc' dir='ltr'>γένος.</span> <span class='ocrx_word' id='word_1_34' title='bbox 3072 436 3255 489; x_wconf 79' lang='grc' dir='ltr'>Ταῦτα</span> <span class='ocrx_word' id='word_1_35' title='bbox 3304 436 3361 488; x_wconf 73' lang='grc' dir='ltr'>δὲ</span> <span class='ocrx_word' id='word_1_36' title='bbox 3399 435 3459 486; x_wconf 84' lang='grc' dir='ltr'>οὐ</span> <span class='ocrx_word' id='word_1_37' title='bbox 3499 434 3689 503; x_wconf 84' lang='grc' dir='ltr'>μόνον</span> 
     </span>
    </p>
   </div>
   <div class='ocr_carea' id='block_1_6' title="bbox 413 526 1979 614">
    <p class='ocr_par' dir='ltr' id='par_1_6' title="bbox 413 536 1974 614">
     <span class='ocr_line' id='line_1_6' title="bbox 413 536 1974 614; baseline -0.007 -15"><span class='ocrx_word' id='word_1_38' title='bbox 413 545 599 614; x_wconf 89' lang='lat' dir='ltr'><strong>perius</strong></span> <span class='ocrx_word' id='word_1_39' title='bbox 631 545 864 605; x_wconf 92' lang='lat' dir='ltr'><strong>dixerat,</strong></span> <span class='ocrx_word' id='word_1_40' title='bbox 896 542 1114 610; x_wconf 87' lang='lat' dir='ltr'><strong>penitus</strong></span> <span class='ocrx_word' id='word_1_41' title='bbox 1137 540 1432 594; x_wconf 89' lang='lat' dir='ltr'><strong>contraria.</strong></span> <span class='ocrx_word' id='word_1_42' title='bbox 1475 540 1553 592; x_wconf 89' lang='lat' dir='ltr'>lbi</span> <span class='ocrx_word' id='word_1_43' title='bbox 1595 539 1741 591; x_wconf 90' lang='lat' dir='ltr'><strong>enim</strong></span> <span class='ocrx_word' id='word_1_44' title='bbox 1790 536 1974 606; x_wconf 89' lang='lat' dir='ltr'><strong>puniri</strong></span> 
     </span>
    </p>
   </div>
   <div class='ocr_carea' id='block_1_7' title="bbox 2087 526 3686 614">
    <p class='ocr_par' dir='ltr' id='par_1_7' title="bbox 2087 526 3686 601">
     <span class='ocr_line' id='line_1_7' title="bbox 2087 526 3686 601; baseline -0.008 -14"><span class='ocrx_word' id='word_1_45' title='bbox 2087 535 2315 601; x_wconf 80' lang='grc' dir='ltr'>γέλωτος</span> <span class='ocrx_word' id='word_1_46' title='bbox 2371 534 2515 598; x_wconf 81' lang='grc' dir='ltr'>ἄξια,</span> <span class='ocrx_word' id='word_1_47' title='bbox 2568 532 2702 584; x_wconf 83' lang='grc' dir='ltr'>ἀλλὰ</span> <span class='ocrx_word' id='word_1_48' title='bbox 2747 530 2837 583; x_wconf 82' lang='grc' dir='ltr'>καί</span> <span class='ocrx_word' id='word_1_49' title='bbox 2870 528 2951 592; x_wconf 81' lang='grc' dir='ltr'>οἷς</span> <span class='ocrx_word' id='word_1_50' title='bbox 2982 528 3084 599; x_wconf 86' lang='grc' dir='ltr'>ήδη</span> <span class='ocrx_word' id='word_1_51' title='bbox 3118 529 3343 597; x_wconf 75' lang='grc' dir='ltr'>εἴρηκεν</span> <span class='ocrx_word' id='word_1_52' title='bbox 3396 526 3686 593; x_wconf 76' lang='grc' dir='ltr'>ἄντικρυς</span> 
     </span>
    </p>
   </div>
   <div class='ocr_carea' id='block_1_8' title="bbox 412 615 1979 700">
    <p class='ocr_par' dir='ltr' id='par_1_8' title="bbox 412 627 1978 700">
     <span class='ocr_line' id='line_1_8' title="bbox 412 627 1978 700; baseline -0.006 -11"><span class='ocrx_word' id='word_1_53' title='bbox 412 637 623 689; x_wconf 83' lang='lat' dir='ltr'><strong>animas</strong></span> <span class='ocrx_word' id='word_1_54' title='bbox 670 634 829 695; x_wconf 87' lang='lat' dir='ltr'><strong>dixit,</strong></span> <span class='ocrx_word' id='word_1_55' title='bbox 856 633 989 685; x_wconf 88' lang='lat' dir='ltr'><strong>alias</strong></span> <span class='ocrx_word' id='word_1_56' title='bbox 1042 631 1265 700; x_wconf 86' lang='lat' dir='ltr'><strong>quidem</strong></span> <span class='ocrx_word' id='word_1_57' title='bbox 1298 632 1353 684; x_wconf 91' lang='lat' dir='ltr'>in</span> <span class='ocrx_word' id='word_1_58' title='bbox 1392 631 1782 690; x_wconf 77' lang='lat' dir='ltr'><strong>Acheruntem,</strong></span> <span class='ocrx_word' id='word_1_59' title='bbox 1822 627 1978 695; x_wconf 90' lang='lat' dir='ltr'><strong>palu-</strong></span> 
     </span>
    </p>
   </div>
   <div class='ocr_carea' id='block_1_9' title="bbox 2087 615 3684 700">
    <p class='ocr_par' dir='ltr' id='par_1_9' title="bbox 2091 615 3684 692">
     <span class='ocr_line' id='line_1_9' title="bbox 2091 615 3684 692; baseline -0.008 -14"><span class='ocrx_word' id='word_1_60' title='bbox 2091 626 2324 679; x_wconf 81' lang='grc' dir='ltr'>ὲναντία.</span> <span class='ocrx_word' id='word_1_61' title='bbox 2371 625 2458 677; x_wconf 87' lang='grc' dir='ltr'>Ἐν</span> <span class='ocrx_word' id='word_1_62' title='bbox 2490 625 2717 685; x_wconf 79' lang='grc' dir='ltr'>ἐκείνοις</span> <span class='ocrx_word' id='word_1_63' title='bbox 2747 622 2846 692; x_wconf 79' lang='grc' dir='ltr'>μὲν</span> <span class='ocrx_word' id='word_1_64' title='bbox 2895 620 3002 689; x_wconf 79' lang='grc' dir='ltr'>γάρ</span> <span class='ocrx_word' id='word_1_65' title='bbox 3046 619 3147 687; x_wconf 78' lang='grc' dir='ltr'>ἔφη</span> <span class='ocrx_word' id='word_1_66' title='bbox 3188 615 3516 678; x_wconf 77' lang='grc' dir='ltr'>κολάξεσθαι</span> <span class='ocrx_word' id='word_1_67' title='bbox 3558 616 3684 677; x_wconf 78' lang='grc' dir='ltr'>τὰς</span> 
     </span>
    </p>
   </div>
   <div class='ocr_carea' id='block_1_10' title="bbox 412 718 1977 794">
    <p class='ocr_par' dir='ltr' id='par_1_10' title="bbox 412 718 1977 794">
     <span class='ocr_line' id='line_1_10' title="bbox 412 718 1977 794; baseline -0.006 -14"><span class='ocrx_word' id='word_1_68' title='bbox 412 728 645 794; x_wconf 85' lang='lat' dir='ltr'><strong>demque</strong></span> <span class='ocrx_word' id='word_1_69' title='bbox 675 725 1055 787; x_wconf 79' lang='lat' dir='ltr'><strong>Acherusiam,</strong></span> <span class='ocrx_word' id='word_1_70' title='bbox 1094 724 1228 777; x_wconf 89' lang='lat' dir='ltr'><strong>alias</strong></span> <span class='ocrx_word' id='word_1_71' title='bbox 1277 738 1409 776; x_wconf 86' lang='lat' dir='ltr'><strong>vero</strong></span> <span class='ocrx_word' id='word_1_72' title='bbox 1434 722 1487 774; x_wconf 94' lang='lat' dir='ltr'>in</span> <span class='ocrx_word' id='word_1_73' title='bbox 1529 722 1769 790; x_wconf 77' lang='lat' dir='ltr'><strong>Stygem,</strong></span> <span class='ocrx_word' id='word_1_74' title='bbox 1807 718 1977 788; x_wconf 84' lang='lat' dir='ltr'><strong>Coey-</strong></span> 
     </span>
    </p>
   </div>
   <div class='ocr_carea' id='block_1_11' title="bbox 412 812 1977 885">
    <p class='ocr_par' dir='ltr' id='par_1_11' title="bbox 412 812 1977 885">
     <span class='ocr_line' id='line_1_11' title="bbox 412 812 1977 885; baseline -0.006 -14"><span class='ocrx_word' id='word_1_75' title='bbox 412 826 637 885; x_wconf 90' lang='lat' dir='ltr'><strong>tumque</strong></span> <span class='ocrx_word' id='word_1_76' title='bbox 690 830 754 869; x_wconf 90' lang='lat' dir='ltr'>ac</span> <span class='ocrx_word' id='word_1_77' title='bbox 818 814 1391 885; x_wconf 80' lang='lat' dir='ltr'><strong>Pyriphlegethontem</strong></span> <span class='ocrx_word' id='word_1_78' title='bbox 1443 812 1681 881; x_wconf 85' lang='lat' dir='ltr'><strong>abjectas</strong></span> <span class='ocrx_word' id='word_1_79' title='bbox 1722 829 1735 862; x_wconf 91' lang='lat'>:</span> <span class='ocrx_word' id='word_1_80' title='bbox 1770 818 1825 863; x_wconf 89' lang='lat' dir='ltr'>et</span> <span class='ocrx_word' id='word_1_81' title='bbox 1882 823 1977 862; x_wconf 89' lang='lat' dir='ltr'>eos</span> 
     </span>
    </p>
   </div>
   <div class='ocr_carea' id='block_1_12' title="bbox 411 900 1975 975">
    <p class='ocr_par' dir='ltr' id='par_1_12' title="bbox 411 900 1975 975">
     <span class='ocr_line' id='line_1_12' title="bbox 411 900 1975 975; baseline -0.004 -16"><span class='ocrx_word' id='word_1_82' title='bbox 411 906 634 975; x_wconf 89' lang='lat' dir='ltr'><strong>quidem</strong></span> <span class='ocrx_word' id='word_1_83' title='bbox 690 904 786 973; x_wconf 87' lang='lat' dir='ltr'>qui</span> <span class='ocrx_word' id='word_1_84' title='bbox 858 904 1265 972; x_wconf 85' lang='lat' dir='ltr'><strong>inexpiabiliter</strong></span> <span class='ocrx_word' id='word_1_85' title='bbox 1333 901 1634 972; x_wconf 84' lang='lat' dir='ltr'><strong>peccarint,</strong></span> <span class='ocrx_word' id='word_1_86' title='bbox 1687 900 1975 971; x_wconf 85' lang='lat' dir='ltr'><strong>Pyriphle-</strong></span> 
     </span>
    </p>
   </div>
   <div class='ocr_carea' id='block_1_13' title="bbox 410 990 1975 1066">
    <p class='ocr_par' dir='ltr' id='par_1_13' title="bbox 410 990 1975 1066">
     <span class='ocr_line' id='line_1_13' title="bbox 410 990 1975 1066; baseline -0.005 -16"><span class='ocrx_word' id='word_1_87' title='bbox 410 996 690 1066; x_wconf 73' lang='lat' dir='ltr'><strong>gethontis</strong></span> <span class='ocrx_word' id='word_1_88' title='bbox 728 994 989 1048; x_wconf 82' lang='lat' dir='ltr'><strong>ﬂuetibus</strong></span> <span class='ocrx_word' id='word_1_89' title='bbox 1018 994 1070 1048; x_wconf 91' lang='lat' dir='ltr'>in</span> <span class='ocrx_word' id='word_1_90' title='bbox 1108 994 1397 1047; x_wconf 85' lang='lat' dir='ltr'><strong>Tartarum</strong></span> <span class='ocrx_word' id='word_1_91' title='bbox 1426 992 1576 1061; x_wconf 89' lang='lat' dir='ltr'><strong>rapi:</strong></span> <span class='ocrx_word' id='word_1_92' title='bbox 1610 990 1703 1061; x_wconf 87' lang='lat' dir='ltr'>qui</span> <span class='ocrx_word' id='word_1_93' title='bbox 1737 1006 1869 1044; x_wconf 87' lang='lat' dir='ltr'><strong>vero</strong></span> <span class='ocrx_word' id='word_1_94' title='bbox 1903 990 1975 1043; x_wconf 91' lang='lat' dir='ltr'>ita</span> 
     </span>
    </p>
   </div>
   <div class='ocr_carea' id='block_1_14' title="bbox 418 1079 1974 1156">
    <p class='ocr_par' dir='ltr' id='par_1_14' title="bbox 418 1079 1974 1156">
     <span class='ocr_line' id='line_1_14' title="bbox 418 1079 1974 1156; baseline -0.005 -15"><span class='ocrx_word' id='word_1_95' title='bbox 418 1086 795 1156; x_wconf 82' lang='lat' dir='ltr'><strong>deliquerint‘</strong></span> <span class='ocrx_word' id='word_1_96' title='bbox 819 1093 880 1138; x_wconf 90' lang='lat' dir='ltr'>ut</span> <span class='ocrx_word' id='word_1_97' title='bbox 913 1084 1123 1153; x_wconf 80' lang='lat' dir='ltr'><strong>expiari</strong></span> <span class='ocrx_word' id='word_1_98' title='bbox 1149 1085 1381 1153; x_wconf 86' lang='lat' dir='ltr'><strong>possint,</strong></span> <span class='ocrx_word' id='word_1_99' title='bbox 1414 1084 1544 1137; x_wconf 91' lang='lat' dir='ltr'>dum</span> <span class='ocrx_word' id='word_1_100' title='bbox 1572 1098 1668 1151; x_wconf 90' lang='lat' dir='ltr'>per</span> <span class='ocrx_word' id='word_1_101' title='bbox 1695 1081 1871 1135; x_wconf 88' lang='lat' dir='ltr'><strong>undas</strong></span> <span class='ocrx_word' id='word_1_102' title='bbox 1893 1079 1974 1133; x_wconf 88' lang='lat' dir='ltr'><strong>fe-</strong></span> 
     </span>
    </p>
   </div>
   <div class='ocr_carea' id='block_1_15' title="bbox 412 1170 1974 1244">
    <p class='ocr_par' dir='ltr' id='par_1_15' title="bbox 412 1170 1974 1244">
     <span class='ocr_line' id='line_1_15' title="bbox 412 1170 1974 1244; baseline -0.006 -14"><span class='ocrx_word' id='word_1_103' title='bbox 412 1184 629 1240; x_wconf 88' lang='lat' dir='ltr'><strong>runtur,</strong></span> <span class='ocrx_word' id='word_1_104' title='bbox 665 1174 1030 1244; x_wconf 79' lang='lat' dir='ltr'><strong>supplicesiis</strong></span> <span class='ocrx_word' id='word_1_105' title='bbox 1061 1173 1176 1227; x_wconf 89' lang='lat' dir='ltr'><strong>fieri</strong></span> <span class='ocrx_word' id='word_1_106' title='bbox 1227 1189 1386 1243; x_wconf 92' lang='lat' dir='ltr'><strong>quos,</strong></span> <span class='ocrx_word' id='word_1_107' title='bbox 1430 1188 1461 1227; x_wconf 93' lang='lat' dir='ltr'>a</span> <span class='ocrx_word' id='word_1_108' title='bbox 1496 1188 1553 1227; x_wconf 86' lang='lat' dir='ltr'>se</span> <span class='ocrx_word' id='word_1_109' title='bbox 1583 1171 1716 1225; x_wconf 90' lang='lat' dir='ltr'><strong>olim</strong></span> <span class='ocrx_word' id='word_1_110' title='bbox 1773 1170 1974 1239; x_wconf 88' lang='lat' dir='ltr'><strong>injuria</strong></span> 
     </span>
    </p>
   </div>
   <div class='ocr_carea' id='block_1_16' title="bbox 411 1261 1976 1331">
    <p class='ocr_par' dir='ltr' id='par_1_16' title="bbox 411 1261 1976 1331">
     <span class='ocr_line' id='line_1_16' title="bbox 411 1261 1976 1331; baseline -0.006 -12"><span class='ocrx_word' id='word_1_111' title='bbox 411 1264 749 1327; x_wconf 83' lang='lat' dir='ltr'><strong>affectos,in</strong></span> <span class='ocrx_word' id='word_1_112' title='bbox 791 1263 908 1331; x_wconf 90' lang='lat' dir='ltr'><strong>ripa</strong></span> <span class='ocrx_word' id='word_1_113' title='bbox 962 1262 1203 1315; x_wconf 84' lang='lat' dir='ltr'><strong>ﬂuminis</strong></span> <span class='ocrx_word' id='word_1_114' title='bbox 1250 1261 1617 1329; x_wconf 84' lang='lat' dir='ltr'><strong>conspiciunt,</strong></span> <span class='ocrx_word' id='word_1_115' title='bbox 1675 1271 1976 1326; x_wconf 85' lang='lat' dir='ltr'><strong>rursusque</strong></span> 
     </span>
    </p>
   </div>
   <div class='ocr_carea' id='block_1_17' title="bbox 411 1348 1975 1422">
    <p class='ocr_par' dir='ltr' id='par_1_17' title="bbox 411 1348 1975 1422">
     <span class='ocr_line' id='line_1_17' title="bbox 411 1348 1975 1422; baseline -0.006 -12"><span class='ocrx_word' id='word_1_116' title='bbox 411 1356 479 1410; x_wconf 90' lang='lat' dir='ltr'>ab</span> <span class='ocrx_word' id='word_1_117' title='bbox 516 1354 693 1409; x_wconf 81' lang='lat' dir='ltr'><strong>amnis</strong></span> <span class='ocrx_word' id='word_1_118' title='bbox 719 1353 937 1407; x_wconf 86' lang='lat' dir='ltr'><strong>deﬂuxu</strong></span> <span class='ocrx_word' id='word_1_119' title='bbox 964 1353 1017 1405; x_wconf 91' lang='lat' dir='ltr'>in</span> <span class='ocrx_word' id='word_1_120' title='bbox 1038 1352 1288 1422; x_wconf 85' lang='lat' dir='ltr'><strong>paludem</strong></span> <span class='ocrx_word' id='word_1_121' title='bbox 1314 1350 1538 1404; x_wconf 83' lang='lat' dir='ltr'><strong>deferri.</strong></span> <span class='ocrx_word' id='word_1_122' title='bbox 1560 1351 1673 1403; x_wconf 84' lang='lat' dir='ltr'><strong>Hoc</strong></span> <span class='ocrx_word' id='word_1_123' title='bbox 1693 1358 1875 1402; x_wconf 90' lang='lat' dir='ltr'><strong>autem</strong></span> <span class='ocrx_word' id='word_1_124' title='bbox 1892 1348 1975 1402; x_wconf 85' lang='lat' dir='ltr'><strong>lo-</strong></span> 
     </span>
    </p>
   </div>
   <div class='ocr_carea' id='block_1_18' title="bbox 412 1438 1975 1514">
    <p class='ocr_par' dir='ltr' id='par_1_18' title="bbox 412 1438 1975 1514">
     <span class='ocr_line' id='line_1_18' title="bbox 412 1438 1975 1514; baseline -0.006 -13"><span class='ocrx_word' id='word_1_125' title='bbox 412 1463 477 1501; x_wconf 90' lang='lat' dir='ltr'>co</span> <span class='ocrx_word' id='word_1_126' title='bbox 497 1462 595 1500; x_wconf 91' lang='lat' dir='ltr'>eos</span> <span class='ocrx_word' id='word_1_127' title='bbox 609 1445 703 1514; x_wconf 91' lang='lat' dir='ltr'>qui</span> <span class='ocrx_word' id='word_1_128' title='bbox 738 1444 1106 1512; x_wconf 73' lang='lat' dir='ltr'><strong>voluptatibus</strong></span> <span class='ocrx_word' id='word_1_129' title='bbox 1127 1442 1291 1513; x_wconf 78' lang='lat'>996</span> <span class='ocrx_word' id='word_1_130' title='bbox 1318 1440 1632 1503; x_wconf 74' lang='lat' dir='ltr'><strong>servierint,</strong></span> <span class='ocrx_word' id='word_1_131' title='bbox 1660 1440 1842 1493; x_wconf 87' lang='lat' dir='ltr'><strong>asinos</strong></span> <span class='ocrx_word' id='word_1_132' title='bbox 1860 1438 1975 1492; x_wconf 91' lang='lat' dir='ltr'><strong>fieri</strong></span> 
     </span>
    </p>
   </div>
   <div class='ocr_carea' id='block_1_19' title="bbox 411 1529 1977 1605">
    <p class='ocr_par' dir='ltr' id='par_1_19' title="bbox 411 1529 1977 1605">
     <span class='ocr_line' id='line_1_19' title="bbox 411 1529 1977 1605; baseline -0.006 -14"><span class='ocrx_word' id='word_1_133' title='bbox 411 1537 520 1591; x_wconf 90' lang='lat' dir='ltr'><strong>ait:</strong></span> <span class='ocrx_word' id='word_1_134' title='bbox 547 1536 641 1605; x_wconf 73' lang='lat' dir='ltr'><strong>Qui</strong></span> <span class='ocrx_word' id='word_1_135' title='bbox 701 1550 833 1589; x_wconf 79' lang='lat' dir='ltr'><strong>vero</strong></span> <span class='ocrx_word' id='word_1_136' title='bbox 861 1534 1196 1605; x_wconf 83' lang='lat' dir='ltr'><strong>tyrannieam</strong></span> <span class='ocrx_word' id='word_1_137' title='bbox 1244 1534 1412 1585; x_wconf 90' lang='lat' dir='ltr'><strong>vitam</strong></span> <span class='ocrx_word' id='word_1_138' title='bbox 1450 1545 1809 1600; x_wconf 90' lang='lat' dir='ltr'><strong>rapacemque</strong></span> <span class='ocrx_word' id='word_1_139' title='bbox 1878 1529 1977 1582; x_wconf 91' lang='lat' dir='ltr'><strong>ad-</strong></span> 
     </span>
    </p>
   </div>
   <div class='ocr_carea' id='block_1_20' title="bbox 409 1621 1969 1694">
    <p class='ocr_par' dir='ltr' id='par_1_20' title="bbox 409 1621 1969 1694">
     <span class='ocr_line' id='line_1_20' title="bbox 409 1621 1969 1694; baseline -0.006 -12"><span class='ocrx_word' id='word_1_140' title='bbox 409 1629 668 1691; x_wconf 84' lang='lat' dir='ltr'><strong>amarint,</strong></span> <span class='ocrx_word' id='word_1_141' title='bbox 698 1627 930 1680; x_wconf 90' lang='lat' dir='ltr'><strong>transire</strong></span> <span class='ocrx_word' id='word_1_142' title='bbox 966 1628 1019 1678; x_wconf 92' lang='lat' dir='ltr'>in</span> <span class='ocrx_word' id='word_1_143' title='bbox 1056 1626 1333 1694; x_wconf 89' lang='lat' dir='ltr'><strong>luporum,</strong></span> <span class='ocrx_word' id='word_1_144' title='bbox 1359 1633 1415 1678; x_wconf 89' lang='lat' dir='ltr'>et</span> <span class='ocrx_word' id='word_1_145' title='bbox 1456 1623 1799 1691; x_wconf 86' lang='lat' dir='ltr'><strong>accipitrum,</strong></span> <span class='ocrx_word' id='word_1_146' title='bbox 1846 1621 1969 1674; x_wconf 90' lang='lat' dir='ltr'><strong>mil-</strong></span> 
     </span>
    </p>
   </div>
   <div class='ocr_carea' id='block_1_21' title="bbox 2082 704 3681 786">
    <p class='ocr_par' dir='ltr' id='par_1_21' title="bbox 2082 704 3681 786">
     <span class='ocr_line' id='line_1_21' title="bbox 2082 704 3681 786; baseline -0.008 -18"><span class='ocrx_word' id='word_1_147' title='bbox 2082 715 2276 786; x_wconf 74' lang='grc' dir='ltr'>ψυχάς,</span> <span class='ocrx_word' id='word_1_148' title='bbox 2308 714 2406 776; x_wconf 84' lang='grc' dir='ltr'>τὰς</span> <span class='ocrx_word' id='word_1_149' title='bbox 2439 714 2536 782; x_wconf 81' lang='grc' dir='ltr'>μὲν</span> <span class='ocrx_word' id='word_1_150' title='bbox 2569 714 2648 774; x_wconf 88' lang='grc' dir='ltr'>εἰς</span> <span class='ocrx_word' id='word_1_151' title='bbox 2676 712 2769 763; x_wconf 76' lang='grc' dir='ltr'>τὸν</span> <span class='ocrx_word' id='word_1_152' title='bbox 2800 709 3091 779; x_wconf 81' lang='grc' dir='ltr'>Ἀχέροντα</span> <span class='ocrx_word' id='word_1_153' title='bbox 3128 706 3220 759; x_wconf 74' lang='grc' dir='ltr'>καὶ</span> <span class='ocrx_word' id='word_1_154' title='bbox 3246 707 3327 767; x_wconf 89' lang='grc' dir='ltr'>είς</span> <span class='ocrx_word' id='word_1_155' title='bbox 3364 704 3461 775; x_wconf 81' lang='grc' dir='ltr'>τὴν</span> <span class='ocrx_word' id='word_1_156' title='bbox 3501 704 3681 773; x_wconf 80' lang='grc' dir='ltr'>Ἀχε-</span> 
     </span>
    </p>
   </div>
   <div class='ocr_carea' id='block_1_22' title="bbox 2087 795 3679 877">
    <p class='ocr_par' dir='ltr' id='par_1_22' title="bbox 2087 795 3679 877">
     <span class='ocr_line' id='line_1_22' title="bbox 2087 795 3679 877; baseline -0.008 -20"><span class='ocrx_word' id='word_1_157' title='bbox 2087 806 2307 877; x_wconf 90' lang='grc' dir='ltr'>ρουσίαν</span> <span class='ocrx_word' id='word_1_158' title='bbox 2328 804 2539 874; x_wconf 78' lang='grc' dir='ltr'>λίμνην,</span> <span class='ocrx_word' id='word_1_159' title='bbox 2580 802 2677 865; x_wconf 84' lang='grc' dir='ltr'>τὰς</span> <span class='ocrx_word' id='word_1_160' title='bbox 2719 802 2774 853; x_wconf 80' lang='grc' dir='ltr'>δὲ</span> <span class='ocrx_word' id='word_1_161' title='bbox 2811 802 2890 862; x_wconf 84' lang='grc' dir='ltr'>εἰς</span> <span class='ocrx_word' id='word_1_162' title='bbox 2915 799 3012 869; x_wconf 78' lang='grc' dir='ltr'>τὴν</span> <span class='ocrx_word' id='word_1_163' title='bbox 3040 798 3217 865; x_wconf 82' lang='grc' dir='ltr'><strong>Στύγα</strong></span> <span class='ocrx_word' id='word_1_164' title='bbox 3258 796 3355 848; x_wconf 71' lang='grc' dir='ltr'>καὶ</span> <span class='ocrx_word' id='word_1_165' title='bbox 3394 795 3679 847; x_wconf 79' lang='grc' dir='ltr'>Κωκυτὸν</span> 
     </span>
    </p>
   </div>
   <div class='ocr_carea' id='block_1_23' title="bbox 2084 883 3681 963">
    <p class='ocr_par' dir='ltr' id='par_1_23' title="bbox 2084 883 3681 963">
     <span class='ocr_line' id='line_1_23' title="bbox 2084 883 3681 963; baseline -0.008 -17"><span class='ocrx_word' id='word_1_166' title='bbox 2084 897 2180 948; x_wconf 74' lang='grc' dir='ltr'>καὶ</span> <span class='ocrx_word' id='word_1_167' title='bbox 2240 892 2709 963; x_wconf 85' lang='grc' dir='ltr'>Πυριφλεγέθοντα</span> <span class='ocrx_word' id='word_1_168' title='bbox 2764 890 2807 922; x_wconf 82' lang='grc'><strong><em>³⁹</em></strong></span> <span class='ocrx_word' id='word_1_169' title='bbox 2860 887 3214 958; x_wconf 75' lang='grc' dir='ltr'>βαλλομέναςο</span> <span class='ocrx_word' id='word_1_170' title='bbox 3251 885 3348 937; x_wconf 75' lang='grc' dir='ltr'>καὶ</span> <span class='ocrx_word' id='word_1_171' title='bbox 3388 885 3515 945; x_wconf 76' lang='grc' dir='ltr'>τοὺς</span> <span class='ocrx_word' id='word_1_172' title='bbox 3558 883 3681 953; x_wconf 74' lang='grc' dir='ltr'>μὲν</span> 
     </span>
    </p>
   </div>
   <div class='ocr_carea' id='block_1_24' title="bbox 2083 974 3680 1050">
    <p class='ocr_par' dir='ltr' id='par_1_24' title="bbox 2083 974 3680 1050">
     <span class='ocr_line' id='line_1_24' title="bbox 2083 974 3680 1050; baseline -0.007 -12"><span class='ocrx_word' id='word_1_173' title='bbox 2083 986 2277 1038; x_wconf 83' lang='grc' dir='ltr'>ἀνίατα</span> <span class='ocrx_word' id='word_1_174' title='bbox 2308 982 2634 1045; x_wconf 85' lang='grc' dir='ltr'>ὲπταικότας</span> <span class='ocrx_word' id='word_1_175' title='bbox 2661 982 2719 1035; x_wconf 82' lang='grc' dir='ltr'>ὲν</span> <span class='ocrx_word' id='word_1_176' title='bbox 2751 979 2827 1050; x_wconf 85' lang='grc' dir='ltr'>τῷ</span> <span class='ocrx_word' id='word_1_177' title='bbox 2858 978 3124 1049; x_wconf 80' lang='grc' dir='ltr'>Ταρτάρῳ</span> <span class='ocrx_word' id='word_1_178' title='bbox 3154 978 3268 1039; x_wconf 82' lang='grc' dir='ltr'>τοῖς</span> <span class='ocrx_word' id='word_1_179' title='bbox 3292 975 3339 1007; x_wconf 65' lang='grc'>⁸⁸</span> <span class='ocrx_word' id='word_1_180' title='bbox 3370 974 3464 1029; x_wconf 81' lang='grc' dir='ltr'>τοῦ</span> <span class='ocrx_word' id='word_1_181' title='bbox 3490 976 3680 1044; x_wconf 84' lang='grc' dir='ltr'>Πυρι-</span> 
     </span>
    </p>
   </div>
   <div class='ocr_carea' id='block_1_25' title="bbox 2084 1069 3673 1147">
    <p class='ocr_par' dir='ltr' id='par_1_25' title="bbox 2084 1069 3673 1147">
     <span class='ocr_line' id='line_1_25' title="bbox 2084 1069 3673 1147; baseline -0.007 -17"><span class='ocrx_word' id='word_1_182' title='bbox 2084 1076 2434 1147; x_wconf 79' lang='grc' dir='ltr'>φλεγέθοντος</span> <span class='ocrx_word' id='word_1_183' title='bbox 2455 1076 2539 1128; x_wconf 71' lang='grc' dir='ltr'>άεὶ</span> <span class='ocrx_word' id='word_1_184' title='bbox 2570 1071 3069 1144; x_wconf 80' lang='grc' dir='ltr'>ξυμπεριφέρεσθαι</span> <span class='ocrx_word' id='word_1_185' title='bbox 3096 1069 3352 1140; x_wconf 75' lang='grc' dir='ltr'>ῥεύμασι,</span> <span class='ocrx_word' id='word_1_186' title='bbox 3372 1069 3501 1131; x_wconf 73' lang='grc' dir='ltr'>τοὺς</span> <span class='ocrx_word' id='word_1_187' title='bbox 3516 1069 3576 1120; x_wconf 85' lang='grc' dir='ltr'>δέ</span> <span class='ocrx_word' id='word_1_188' title='bbox 3606 1070 3673 1134; x_wconf 83' lang='grc' dir='ltr'>γ’</span> 
     </span>
    </p>
   </div>
   <div class='ocr_carea' id='block_1_26' title="bbox 2086 1158 3673 1238">
    <p class='ocr_par' dir='ltr' id='par_1_26' title="bbox 2086 1158 3673 1238">
     <span class='ocr_line' id='line_1_26' title="bbox 2086 1158 3673 1238; baseline -0.006 -17"><span class='ocrx_word' id='word_1_189' title='bbox 2086 1170 2276 1238; x_wconf 88' lang='grc' dir='ltr'>ἰάσιμα</span> <span class='ocrx_word' id='word_1_190' title='bbox 2332 1166 2853 1237; x_wconf 79' lang='grc' dir='ltr'>πλημμελήσαντας,</span> <span class='ocrx_word' id='word_1_191' title='bbox 2913 1160 3246 1231; x_wconf 79' lang='grc' dir='ltr'>φερομένους</span> <span class='ocrx_word' id='word_1_192' title='bbox 3291 1160 3396 1211; x_wconf 83' lang='grc' dir='ltr'>ὑπὸ</span> <span class='ocrx_word' id='word_1_193' title='bbox 3426 1158 3522 1212; x_wconf 80' lang='grc' dir='ltr'>τοῦ</span> <span class='ocrx_word' id='word_1_194' title='bbox 3552 1158 3673 1211; x_wconf 82' lang='grc' dir='ltr'>κύ-</span> 
     </span>
    </p>
   </div>
   <div class='ocr_carea' id='block_1_27' title="bbox 2088 1248 3670 1328">
    <p class='ocr_par' dir='ltr' id='par_1_27' title="bbox 2088 1248 3670 1328">
     <span class='ocr_line' id='line_1_27' title="bbox 2088 1248 3670 1328; baseline -0.007 -19"><span class='ocrx_word' id='word_1_195' title='bbox 2088 1274 2272 1328; x_wconf 86' lang='grc' dir='ltr'>ματος,</span> <span class='ocrx_word' id='word_1_196' title='bbox 2309 1254 2603 1311; x_wconf 74' lang='grc' dir='ltr'>ἀντιϐολεῖν</span> <span class='ocrx_word' id='word_1_197' title='bbox 2650 1254 2775 1315; x_wconf 78' lang='grc' dir='ltr'>τοὺς</span> <span class='ocrx_word' id='word_1_198' title='bbox 2820 1251 2911 1304; x_wconf 77' lang='grc' dir='ltr'>ὑπ’</span> <span class='ocrx_word' id='word_1_199' title='bbox 2961 1249 3139 1303; x_wconf 81' lang='grc' dir='ltr'>αὐτῶν</span> <span class='ocrx_word' id='word_1_200' title='bbox 3183 1248 3226 1279; x_wconf 74' lang='grc'><strong>⁸⁸</strong></span> <span class='ocrx_word' id='word_1_201' title='bbox 3270 1248 3670 1318; x_wconf 62' lang='grc' dir='ltr'>⁴ᾒδικημένους,</span> 
     </span>
    </p>
   </div>
   <div class='ocr_carea' id='block_1_28' title="bbox 2084 1329 3672 1415">
    <p class='ocr_par' dir='ltr' id='par_1_28' title="bbox 2084 1329 3672 1415">
     <span class='ocr_line' id='line_1_28' title="bbox 2084 1329 3672 1415; baseline -0.005 -17"><span class='ocrx_word' id='word_1_202' title='bbox 2084 1348 2176 1399; x_wconf 71' lang='grc' dir='ltr'>ἐπὶ</span> <span class='ocrx_word' id='word_1_203' title='bbox 2205 1348 2302 1415; x_wconf 81' lang='grc' dir='ltr'>τῆς</span> <span class='ocrx_word' id='word_1_204' title='bbox 2331 1344 2495 1414; x_wconf 78' lang='grc' dir='ltr'>ὄχθης</span> <span class='ocrx_word' id='word_1_205' title='bbox 2530 1342 2908 1413; x_wconf 73' lang='grc' dir='ltr'>φαινομένους,</span> <span class='ocrx_word' id='word_1_206' title='bbox 2946 1343 3041 1394; x_wconf 77' lang='grc' dir='ltr'>καὶ</span> <span class='ocrx_word' id='word_1_207' title='bbox 3071 1340 3231 1393; x_wconf 87' lang='grc' dir='ltr'>πάλιν</span> <span class='ocrx_word' id='word_1_208' title='bbox 3282 1338 3386 1391; x_wconf 68' lang='grc' dir='ltr'>ὑπὸ</span> <span class='ocrx_word' id='word_1_209' title='bbox 3417 1329 3512 1391; x_wconf 68' lang='grc' dir='ltr'>τού</span> <span class='ocrx_word' id='word_1_210' title='bbox 3549 1337 3672 1390; x_wconf 84' lang='grc' dir='ltr'>κύ-</span> 
     </span>
    </p>
   </div>
   <div class='ocr_carea' id='block_1_29' title="bbox 2087 1430 3671 1506">
    <p class='ocr_par' dir='ltr' id='par_1_29' title="bbox 2087 1430 3671 1506">
     <span class='ocr_line' id='line_1_29' title="bbox 2087 1430 3671 1506; baseline -0.006 -17"><span class='ocrx_word' id='word_1_211' title='bbox 2087 1453 2254 1506; x_wconf 88' lang='grc' dir='ltr'>ματος</span> <span class='ocrx_word' id='word_1_212' title='bbox 2283 1438 2360 1498; x_wconf 88' lang='grc' dir='ltr'>εἰς</span> <span class='ocrx_word' id='word_1_213' title='bbox 2388 1436 2483 1505; x_wconf 75' lang='grc' dir='ltr'>τὴν</span> <span class='ocrx_word' id='word_1_214' title='bbox 2512 1433 2708 1504; x_wconf 84' lang='grc' dir='ltr'>λίμνην</span> <span class='ocrx_word' id='word_1_215' title='bbox 2732 1431 3102 1499; x_wconf 67' lang='grc' dir='ltr'>άπάγεσθαι⁸¹</span> <span class='ocrx_word' id='word_1_216' title='bbox 3125 1448 3139 1462; x_wconf 75' lang='grc' dir='ltr'><strong>ο</strong></span> <span class='ocrx_word' id='word_1_217' title='bbox 3171 1430 3403 1484; x_wconf 68' lang='grc' dir='ltr'>ἐνταῦθα</span> <span class='ocrx_word' id='word_1_218' title='bbox 3421 1430 3498 1491; x_wconf 78' lang='grc' dir='ltr'>δὲ,</span> <span class='ocrx_word' id='word_1_219' title='bbox 3527 1430 3671 1491; x_wconf 69' lang='grc' dir='ltr'>τοὺς</span> 
     </span>
    </p>
   </div>
   <div class='ocr_carea' id='block_1_30' title="bbox 2087 1518 3669 1594">
    <p class='ocr_par' dir='ltr' id='par_1_30' title="bbox 2087 1518 3669 1594">
     <span class='ocr_line' id='line_1_30' title="bbox 2087 1518 3669 1594; baseline -0.004 -17"><span class='ocrx_word' id='word_1_220' title='bbox 2087 1526 2185 1594; x_wconf 86' lang='grc' dir='ltr'>μὲν</span> <span class='ocrx_word' id='word_1_221' title='bbox 2218 1527 2337 1587; x_wconf 86' lang='grc' dir='ltr'>ταῖς</span> <span class='ocrx_word' id='word_1_222' title='bbox 2365 1522 2715 1593; x_wconf 75' lang='grc' dir='ltr'>ἡδυπαθείαις</span> <span class='ocrx_word' id='word_1_223' title='bbox 2739 1521 3147 1583; x_wconf 77' lang='grc' dir='ltr'>δεδουλευκότας</span> <span class='ocrx_word' id='word_1_224' title='bbox 3177 1522 3333 1583; x_wconf 66' lang='grc' dir='ltr'>ὅνους</span> <span class='ocrx_word' id='word_1_225' title='bbox 3368 1518 3669 1586; x_wconf 86' lang='grc' dir='ltr'>γίγνεσθαι</span> 
     </span>
    </p>
   </div>
   <div class='ocr_carea' id='block_1_31' title="bbox 2086 1609 3669 1687">
    <p class='ocr_par' dir='ltr' id='par_1_31' title="bbox 2086 1609 3669 1687">
     <span class='ocr_line' id='line_1_31' title="bbox 2086 1609 3669 1687; baseline -0.005 -20"><span class='ocrx_word' id='word_1_226' title='bbox 2086 1616 2209 1687; x_wconf 79' lang='grc' dir='ltr'>ἔφη,</span> <span class='ocrx_word' id='word_1_227' title='bbox 2236 1614 2360 1677; x_wconf 77' lang='grc' dir='ltr'>τοὺς</span> <span class='ocrx_word' id='word_1_228' title='bbox 2391 1613 2447 1665; x_wconf 85' lang='grc' dir='ltr'>δὲ</span> <span class='ocrx_word' id='word_1_229' title='bbox 2472 1612 2789 1682; x_wconf 80' lang='grc' dir='ltr'>τυραννικὸν</span> <span class='ocrx_word' id='word_1_230' title='bbox 2812 1612 2903 1664; x_wconf 72' lang='grc' dir='ltr'>καὶ</span> <span class='ocrx_word' id='word_1_231' title='bbox 2932 1609 3267 1679; x_wconf 79' lang='grc' dir='ltr'>ἁρπακτικὸν</span> <span class='ocrx_word' id='word_1_232' title='bbox 3290 1609 3404 1679; x_wconf 84' lang='grc' dir='ltr'>βίον</span> <span class='ocrx_word' id='word_1_233' title='bbox 3431 1609 3669 1678; x_wconf 77' lang='grc' dir='ltr'>ἠγαπη-</span> 
     </span>
    </p>
   </div>
   <div class='ocr_carea' id='block_1_32' title="bbox 412 1700 1979 1787">
    <p class='ocr_par' dir='ltr' id='par_1_32' title="bbox 412 1712 1977 1787">
     <span class='ocr_line' id='line_1_32' title="bbox 412 1712 1977 1787; baseline -0.004 -15"><span class='ocrx_word' id='word_1_234' title='bbox 412 1734 716 1787; x_wconf 89' lang='lat' dir='ltr'><strong>vorumque</strong></span> <span class='ocrx_word' id='word_1_235' title='bbox 757 1732 1011 1786; x_wconf 90' lang='lat' dir='ltr'><strong>corpora.</strong></span> <span class='ocrx_word' id='word_1_236' title='bbox 1060 1717 1167 1770; x_wconf 90' lang='lat' dir='ltr'><strong>Eos</strong></span> <span class='ocrx_word' id='word_1_237' title='bbox 1218 1730 1385 1785; x_wconf 90' lang='lat' dir='ltr'><strong>porro</strong></span> <span class='ocrx_word' id='word_1_238' title='bbox 1418 1714 1509 1783; x_wconf 91' lang='lat' dir='ltr'>qui</span> <span class='ocrx_word' id='word_1_239' title='bbox 1545 1714 1821 1783; x_wconf 88' lang='lat' dir='ltr'><strong>politicam</strong></span> <span class='ocrx_word' id='word_1_240' title='bbox 1865 1712 1977 1765; x_wconf 87' lang='lat' dir='ltr'><strong>vir-</strong></span> 
     </span>
    </p>
   </div>
   <div class='ocr_carea' id='block_1_33' title="bbox 2087 1700 3668 1787">
    <p class='ocr_par' dir='ltr' id='par_1_33' title="bbox 2087 1700 3668 1773">
     <span class='ocr_line' id='line_1_33' title="bbox 2087 1700 3668 1773; baseline -0.003 -16"><span class='ocrx_word' id='word_1_241' title='bbox 2087 1706 2245 1768; x_wconf 87' lang='grc' dir='ltr'>κότας</span> <span class='ocrx_word' id='word_1_242' title='bbox 2263 1708 2348 1768; x_wconf 79' lang='grc' dir='ltr'>εἰς</span> <span class='ocrx_word' id='word_1_243' title='bbox 2377 1705 2445 1758; x_wconf 85' lang='grc' dir='ltr'>τά</span> <span class='ocrx_word' id='word_1_244' title='bbox 2472 1704 2578 1757; x_wconf 82' lang='grc' dir='ltr'>τῶν</span> <span class='ocrx_word' id='word_1_245' title='bbox 2608 1703 2786 1757; x_wconf 83' lang='grc' dir='ltr'>λύκων</span> <span class='ocrx_word' id='word_1_246' title='bbox 2817 1721 2875 1755; x_wconf 90' lang='grc' dir='ltr'>τε</span> <span class='ocrx_word' id='word_1_247' title='bbox 2909 1704 3003 1756; x_wconf 80' lang='grc' dir='ltr'>καὶ</span> <span class='ocrx_word' id='word_1_248' title='bbox 3036 1702 3268 1773; x_wconf 82' lang='grc' dir='ltr'>ἱεράκων</span> <span class='ocrx_word' id='word_1_249' title='bbox 3302 1700 3399 1753; x_wconf 63' lang='grc' dir='ltr'>καί⁵</span> <span class='ocrx_word' id='word_1_250' title='bbox 3435 1700 3668 1753; x_wconf 81' lang='grc' dir='ltr'>ἰκτίνων</span> 
     </span>
    </p>
   </div>
   <div class='ocr_carea' id='block_1_34' title="bbox 415 1799 1975 1871">
    <p class='ocr_par' dir='ltr' id='par_1_34' title="bbox 415 1799 1975 1871">
     <span class='ocr_line' id='line_1_34' title="bbox 415 1799 1975 1871; baseline -0.007 -9"><span class='ocrx_word' id='word_1_251' title='bbox 415 1817 585 1863; x_wconf 87' lang='lat' dir='ltr'><strong>tutem</strong></span> <span class='ocrx_word' id='word_1_252' title='bbox 652 1806 1034 1869; x_wconf 79' lang='lat' dir='ltr'><strong>excoluerint,</strong></span> <span class='ocrx_word' id='word_1_253' title='bbox 1084 1803 1419 1858; x_wconf 81' lang='lat' dir='ltr'><strong>felicissimis</strong></span> <span class='ocrx_word' id='word_1_254' title='bbox 1460 1802 1565 1856; x_wconf 91' lang='lat' dir='ltr'><strong>frui</strong></span> <span class='ocrx_word' id='word_1_255' title='bbox 1612 1801 1872 1871; x_wconf 63' lang='lat' dir='ltr'><strong>praemiis,</strong></span> <span class='ocrx_word' id='word_1_256' title='bbox 1919 1799 1975 1852; x_wconf 93' lang='lat' dir='ltr'>in</span> 
     </span>
    </p>
   </div>
   <div class='ocr_carea' id='block_1_35' title="bbox 410 1890 1975 1968">
    <p class='ocr_par' dir='ltr' id='par_1_35' title="bbox 410 1890 1975 1968">
     <span class='ocr_line' id='line_1_35' title="bbox 410 1890 1975 1968; baseline -0.008 -15"><span class='ocrx_word' id='word_1_257' title='bbox 410 1914 626 1968; x_wconf 81' lang='lat' dir='ltr'><strong>vespas,</strong></span> <span class='ocrx_word' id='word_1_258' title='bbox 660 1913 811 1967; x_wconf 89' lang='lat' dir='ltr'><strong>apes,</strong></span> <span class='ocrx_word' id='word_1_259' title='bbox 837 1906 999 1965; x_wconf 89' lang='lat' dir='ltr'><strong>atque</strong></span> <span class='ocrx_word' id='word_1_260' title='bbox 1036 1895 1293 1949; x_wconf 83' lang='lat' dir='ltr'><strong>formicas</strong></span> <span class='ocrx_word' id='word_1_261' title='bbox 1339 1908 1651 1947; x_wconf 84' lang='lat' dir='ltr'><strong>conversos.</strong></span> <span class='ocrx_word' id='word_1_262' title='bbox 1680 1892 1794 1945; x_wconf 89' lang='lat' dir='ltr'><strong>lloc</strong></span> <span class='ocrx_word' id='word_1_263' title='bbox 1830 1890 1975 1945; x_wconf 90' lang='lat' dir='ltr'><strong>enim</strong></span> 
     </span>
    </p>
   </div>
   <div class='ocr_carea' id='block_1_36' title="bbox 412 1982 1975 2060">
    <p class='ocr_par' dir='ltr' id='par_1_36' title="bbox 412 1982 1975 2060">
     <span class='ocr_line' id='line_1_36' title="bbox 412 1982 1975 2060; baseline -0.005 -17"><span class='ocrx_word' id='word_1_264' title='bbox 412 1989 638 2043; x_wconf 89' lang='lat' dir='ltr'><strong>honoris</strong></span> <span class='ocrx_word' id='word_1_265' title='bbox 685 2004 856 2060; x_wconf 73' lang='lat' dir='ltr'><strong>genus</strong></span> <span class='ocrx_word' id='word_1_266' title='bbox 904 1987 971 2041; x_wconf 91' lang='lat' dir='ltr'>iis</span> <span class='ocrx_word' id='word_1_267' title='bbox 1017 1987 1111 2055; x_wconf 90' lang='lat' dir='ltr'>qui</span> <span class='ocrx_word' id='word_1_268' title='bbox 1158 1985 1380 2039; x_wconf 88' lang='lat' dir='ltr'><strong>virtutis</strong></span> <span class='ocrx_word' id='word_1_269' title='bbox 1442 1984 1672 2038; x_wconf 90' lang='lat' dir='ltr'><strong>studiosi</strong></span> <span class='ocrx_word' id='word_1_270' title='bbox 1738 1982 1975 2045; x_wconf 90' lang='lat' dir='ltr'><strong>fuerint,</strong></span> 
     </span>
    </p>
   </div>
   <div class='ocr_carea' id='block_1_37' title="bbox 412 2074 1979 2147">
    <p class='ocr_par' dir='ltr' id='par_1_37' title="bbox 412 2074 1979 2147">
     <span class='ocr_line' id='line_1_37' title="bbox 412 2074 1979 2147; baseline -0.004 -16"><span class='ocrx_word' id='word_1_271' title='bbox 412 2077 770 2147; x_wconf 88' lang='lat' dir='ltr'><strong>philosophus</strong></span> <span class='ocrx_word' id='word_1_272' title='bbox 792 2075 1056 2131; x_wconf 84' lang='lat' dir='ltr'><strong>decernit.</strong></span> <span class='ocrx_word' id='word_1_273' title='bbox 1109 2074 1273 2143; x_wconf 83' lang='lat' dir='ltr'><strong>Atqui</strong></span> <span class='ocrx_word' id='word_1_274' title='bbox 1313 2074 1428 2128; x_wconf 76' lang='lat' dir='ltr'><strong>ha2c</strong></span> <span class='ocrx_word' id='word_1_275' title='bbox 1470 2088 1689 2141; x_wconf 89' lang='lat' dir='ltr'><strong>quoque</strong></span> <span class='ocrx_word' id='word_1_276' title='bbox 1732 2080 1861 2126; x_wconf 88' lang='lat' dir='ltr'><strong>sunt</strong></span> <span class='ocrx_word' id='word_1_277' title='bbox 1889 2087 1979 2125; x_wconf 88' lang='lat' dir='ltr'><strong>su-</strong></span> 
     </span>
    </p>
   </div>
   <div class='ocr_carea' id='block_1_38' title="bbox 412 2164 1977 2239">
    <p class='ocr_par' dir='ltr' id='par_1_38' title="bbox 412 2164 1977 2239">
     <span class='ocr_line' id='line_1_38' title="bbox 412 2164 1977 2239; baseline -0.004 -16"><span class='ocrx_word' id='word_1_278' title='bbox 412 2168 675 2239; x_wconf 89' lang='lat' dir='ltr'><strong>pradictis</strong></span> <span class='ocrx_word' id='word_1_279' title='bbox 696 2168 992 2223; x_wconf 89' lang='lat' dir='ltr'><strong>contraria.</strong></span> <span class='ocrx_word' id='word_1_280' title='bbox 1032 2167 1113 2221; x_wconf 92' lang='lat' dir='ltr'>lbi</span> <span class='ocrx_word' id='word_1_281' title='bbox 1153 2167 1298 2220; x_wconf 90' lang='lat' dir='ltr'><strong>enim</strong></span> <span class='ocrx_word' id='word_1_282' title='bbox 1344 2182 1439 2221; x_wconf 91' lang='lat' dir='ltr'>eos</span> <span class='ocrx_word' id='word_1_283' title='bbox 1480 2166 1546 2219; x_wconf 91' lang='lat' dir='ltr'>ad</span> <span class='ocrx_word' id='word_1_284' title='bbox 1581 2165 1865 2219; x_wconf 82' lang='lat' dir='ltr'><strong>beatorum</strong></span> <span class='ocrx_word' id='word_1_285' title='bbox 1892 2164 1977 2217; x_wconf 90' lang='lat' dir='ltr'><strong>in-</strong></span> 
     </span>
    </p>
   </div>
   <div class='ocr_carea' id='block_1_39' title="bbox 411 2255 1979 2327">
    <p class='ocr_par' dir='ltr' id='par_1_39' title="bbox 411 2255 1979 2327">
     <span class='ocr_line' id='line_1_39' title="bbox 411 2255 1979 2327; baseline -0.004 -15"><span class='ocrx_word' id='word_1_286' title='bbox 411 2260 561 2313; x_wconf 79' lang='lat' dir='ltr'><strong>sulas</strong></span> <span class='ocrx_word' id='word_1_287' title='bbox 629 2259 965 2322; x_wconf 73' lang='lat' dir='ltr'><strong>destinavit,</strong></span> <span class='ocrx_word' id='word_1_288' title='bbox 1030 2257 1599 2327; x_wconf 90' lang='lat' dir='ltr'><strong>philos0phorumque</strong></span> <span class='ocrx_word' id='word_1_289' title='bbox 1670 2255 1979 2308; x_wconf 83' lang='lat' dir='ltr'><strong>habitacula</strong></span> 
     </span>
    </p>
   </div>
   <div class='ocr_carea' id='block_1_40' title="bbox 411 2348 1977 2421">
    <p class='ocr_par' dir='ltr' id='par_1_40' title="bbox 411 2348 1977 2421">
     <span class='ocr_line' id='line_1_40' title="bbox 411 2348 1977 2421; baseline -0.004 -16"><span class='ocrx_word' id='word_1_290' title='bbox 411 2352 596 2405; x_wconf 81' lang='lat' dir='ltr'><strong>verbis</strong></span> <span class='ocrx_word' id='word_1_291' title='bbox 638 2353 898 2421; x_wconf 80' lang='lat' dir='ltr'><strong>explicari</strong></span> <span class='ocrx_word' id='word_1_292' title='bbox 952 2368 1061 2405; x_wconf 92' lang='lat' dir='ltr'>non</span> <span class='ocrx_word' id='word_1_293' title='bbox 1107 2366 1266 2420; x_wconf 90' lang='lat' dir='ltr'><strong>posse</strong></span> <span class='ocrx_word' id='word_1_294' title='bbox 1316 2350 1589 2403; x_wconf 87' lang='lat' dir='ltr'><strong>asseruit:</strong></span> <span class='ocrx_word' id='word_1_295' title='bbox 1654 2348 1745 2401; x_wconf 90' lang='lat' dir='ltr'>hic</span> <span class='ocrx_word' id='word_1_296' title='bbox 1796 2355 1977 2399; x_wconf 89' lang='lat' dir='ltr'><strong>autem</strong></span> 
     </span>
    </p>
   </div>
   <div class='ocr_carea' id='block_1_41' title="bbox 411 2440 1980 2513">
    <p class='ocr_par' dir='ltr' id='par_1_41' title="bbox 411 2440 1980 2513">
     <span class='ocr_line' id='line_1_41' title="bbox 411 2440 1980 2513; baseline -0.004 -16"><span class='ocrx_word' id='word_1_297' title='bbox 411 2460 701 2512; x_wconf 85' lang='lat' dir='ltr'><strong>vesparum</strong></span> <span class='ocrx_word' id='word_1_298' title='bbox 735 2446 862 2508; x_wconf 89' lang='lat' dir='ltr'><strong>illis,</strong></span> <span class='ocrx_word' id='word_1_299' title='bbox 898 2460 1195 2513; x_wconf 89' lang='lat' dir='ltr'><strong>apumque,</strong></span> <span class='ocrx_word' id='word_1_300' title='bbox 1238 2460 1301 2497; x_wconf 92' lang='lat' dir='ltr'>ac</span> <span class='ocrx_word' id='word_1_301' title='bbox 1328 2444 1679 2497; x_wconf 85' lang='lat' dir='ltr'><strong>formicarum</strong></span> <span class='ocrx_word' id='word_1_302' title='bbox 1702 2440 1867 2493; x_wconf 86' lang='lat' dir='ltr'><strong>vitam</strong></span> <span class='ocrx_word' id='word_1_303' title='bbox 1900 2448 1980 2492; x_wconf 85' lang='lat' dir='ltr'><strong>at-</strong></span> 
     </span>
    </p>
   </div>
   <div class='ocr_carea' id='block_1_42' title="bbox 413 2530 1980 2605">
    <p class='ocr_par' dir='ltr' id='par_1_42' title="bbox 413 2530 1980 2605">
     <span class='ocr_line' id='line_1_42' title="bbox 413 2530 1980 2605; baseline -0.004 -16"><span class='ocrx_word' id='word_1_304' title='bbox 413 2535 609 2589; x_wconf 87' lang='lat' dir='ltr'><strong>tribuit</strong></span> <span class='ocrx_word' id='word_1_305' title='bbox 644 2552 657 2587; x_wconf 90' lang='lat'><strong>:</strong></span> <span class='ocrx_word' id='word_1_306' title='bbox 696 2551 901 2605; x_wconf 88' lang='lat' dir='ltr'><strong>eosque</strong></span> <span class='ocrx_word' id='word_1_307' title='bbox 941 2536 1033 2604; x_wconf 91' lang='lat' dir='ltr'>qui</span> <span class='ocrx_word' id='word_1_308' title='bbox 1078 2536 1209 2588; x_wconf 89' lang='lat' dir='ltr'><strong>olim</strong></span> <span class='ocrx_word' id='word_1_309' title='bbox 1259 2535 1311 2587; x_wconf 91' lang='lat' dir='ltr'>in</span> <span class='ocrx_word' id='word_1_310' title='bbox 1347 2534 1457 2586; x_wconf 90' lang='lat' dir='ltr'><strong>vita</strong></span> <span class='ocrx_word' id='word_1_311' title='bbox 1502 2532 1779 2586; x_wconf 87' lang='lat' dir='ltr'><strong>neminem</strong></span> <span class='ocrx_word' id='word_1_312' title='bbox 1830 2530 1980 2583; x_wconf 66' lang='lat' dir='ltr'><strong>laase—</strong></span> 
     </span>
    </p>
   </div>
   <div class='ocr_carea' id='block_1_43' title="bbox 412 2622 1976 2696">
    <p class='ocr_par' dir='ltr' id='par_1_43' title="bbox 412 2622 1976 2696">
     <span class='ocr_line' id='line_1_43' title="bbox 412 2622 1976 2696; baseline -0.005 -16"><span class='ocrx_word' id='word_1_313' title='bbox 412 2627 543 2691; x_wconf 89' lang='lat' dir='ltr'><strong>rint,</strong></span> <span class='ocrx_word' id='word_1_314' title='bbox 584 2628 867 2696; x_wconf 64' lang='lat' dir='ltr'><strong>praemium</strong></span> <span class='ocrx_word' id='word_1_315' title='bbox 900 2627 1003 2680; x_wconf 91' lang='lat' dir='ltr'>hoc</span> <span class='ocrx_word' id='word_1_316' title='bbox 1046 2626 1122 2679; x_wconf 90' lang='lat' dir='ltr'>ait</span> <span class='ocrx_word' id='word_1_317' title='bbox 1164 2625 1434 2694; x_wconf 89' lang='lat' dir='ltr'><strong>accipere,</strong></span> <span class='ocrx_word' id='word_1_318' title='bbox 1465 2631 1524 2676; x_wconf 90' lang='lat' dir='ltr'>ut</span> <span class='ocrx_word' id='word_1_319' title='bbox 1561 2622 1683 2675; x_wconf 89' lang='lat' dir='ltr'><strong>aliis</strong></span> <span class='ocrx_word' id='word_1_320' title='bbox 1724 2630 1976 2685; x_wconf 84' lang='lat' dir='ltr'><strong>noceant,</strong></span> 
     </span>
    </p>
   </div>
   <div class='ocr_carea' id='block_1_44' title="bbox 412 2713 1979 2786">
    <p class='ocr_par' dir='ltr' id='par_1_44' title="bbox 412 2713 1979 2786">
     <span class='ocr_line' id='line_1_44' title="bbox 412 2713 1979 2786; baseline -0.004 -17"><span class='ocrx_word' id='word_1_321' title='bbox 412 2715 781 2786; x_wconf 87' lang='lat' dir='ltr'><strong>damnumque</strong></span> <span class='ocrx_word' id='word_1_322' title='bbox 814 2714 1066 2770; x_wconf 67' lang='lat' dir='ltr'><strong>aderant.</strong></span> <span class='ocrx_word' id='word_1_323' title='bbox 1104 2714 1245 2783; x_wconf 78' lang='lat' dir='ltr'><strong>Apes</strong></span> <span class='ocrx_word' id='word_1_324' title='bbox 1297 2713 1443 2767; x_wconf 91' lang='lat' dir='ltr'><strong>enim</strong></span> <span class='ocrx_word' id='word_1_325' title='bbox 1475 2720 1730 2779; x_wconf 77' lang='lat' dir='ltr'><strong>etvespa:</strong></span> <span class='ocrx_word' id='word_1_326' title='bbox 1784 2719 1979 2764; x_wconf 83' lang='lat' dir='ltr'><strong>natura</strong></span> 
     </span>
    </p>
   </div>
   <div class='ocr_carea' id='block_1_45' title="bbox 416 2799 1980 2875">
    <p class='ocr_par' dir='ltr' id='par_1_45' title="bbox 416 2799 1980 2875">
     <span class='ocr_line' id='line_1_45' title="bbox 416 2799 1980 2875; baseline -0.004 -14"><span class='ocrx_word' id='word_1_327' title='bbox 416 2809 642 2863; x_wconf 89' lang='lat' dir='ltr'><strong>insitum</strong></span> <span class='ocrx_word' id='word_1_328' title='bbox 672 2808 895 2871; x_wconf 84' lang='lat' dir='ltr'><strong>habent,</strong></span> <span class='ocrx_word' id='word_1_329' title='bbox 946 2814 1006 2859; x_wconf 92' lang='lat' dir='ltr'>ut</span> <span class='ocrx_word' id='word_1_330' title='bbox 1060 2812 1301 2875; x_wconf 78' lang='lat' dir='ltr'><strong>pungunt</strong></span> <span class='ocrx_word' id='word_1_331' title='bbox 1346 2804 1573 2866; x_wconf 88' lang='lat' dir='ltr'><strong>aculeis,</strong></span> <span class='ocrx_word' id='word_1_332' title='bbox 1626 2810 1681 2855; x_wconf 92' lang='lat' dir='ltr'>et</span> <span class='ocrx_word' id='word_1_333' title='bbox 1739 2799 1980 2854; x_wconf 73' lang='lat' dir='ltr'><strong>formica:</strong></span> 
     </span>
    </p>
   </div>
   <div class='ocr_carea' id='block_1_46' title="bbox 412 2891 1979 2971">
    <p class='ocr_par' dir='ltr' id='par_1_46' title="bbox 412 2891 1979 2971">
     <span class='ocr_line' id='line_1_46' title="bbox 412 2891 1979 2971; baseline -0.009 -15"><span class='ocrx_word' id='word_1_334' title='bbox 412 2909 625 2971; x_wconf 81' lang='lat' dir='ltr'><strong>segetes</strong></span> <span class='ocrx_word' id='word_1_335' title='bbox 646 2898 1055 2968; x_wconf 75' lang='lat' dir='ltr'><strong>deprzedantur,</strong></span> <span class='ocrx_word' id='word_1_336' title='bbox 1082 2897 1403 2963; x_wconf 85' lang='lat' dir='ltr'><strong>fructusque</strong></span> <span class='ocrx_word' id='word_1_337' title='bbox 1427 2909 1550 2947; x_wconf 90' lang='lat' dir='ltr'>cum</span> <span class='ocrx_word' id='word_1_338' title='bbox 1579 2891 1837 2961; x_wconf 84' lang='lat' dir='ltr'><strong>agricolis</strong></span> <span class='ocrx_word' id='word_1_339' title='bbox 1854 2906 1979 2959; x_wconf 80' lang='lat' dir='ltr'><strong>par—</strong></span> 
     </span>
    </p>
   </div>
   <div class='ocr_carea' id='block_1_47' title="bbox 414 2980 1979 3053">
    <p class='ocr_par' dir='ltr' id='par_1_47' title="bbox 414 2980 1979 3053">
     <span class='ocr_line' id='line_1_47' title="bbox 414 2980 1979 3053; baseline -0.007 -10"><span class='ocrx_word' id='word_1_340' title='bbox 414 2991 647 3053; x_wconf 91' lang='lat' dir='ltr'><strong>tiuntur,</strong></span> <span class='ocrx_word' id='word_1_341' title='bbox 677 2988 893 3042; x_wconf 91' lang='lat' dir='ltr'><strong>tametsi</strong></span> <span class='ocrx_word' id='word_1_342' title='bbox 929 2988 1177 3040; x_wconf 86' lang='lat' dir='ltr'><strong>laborum</strong></span> <span class='ocrx_word' id='word_1_343' title='bbox 1207 2984 1370 3038; x_wconf 72' lang='lat' dir='ltr'><strong>sociae</strong></span> <span class='ocrx_word' id='word_1_344' title='bbox 1404 2997 1515 3036; x_wconf 88' lang='lat' dir='ltr'>non</span> <span class='ocrx_word' id='word_1_345' title='bbox 1537 2980 1760 3036; x_wconf 88' lang='lat' dir='ltr'><strong>fuerint.</strong></span> <span class='ocrx_word' id='word_1_346' title='bbox 1788 2980 1979 3050; x_wconf 70' lang='lat' dir='ltr'><strong>Vespa:</strong></span> 
     </span>
    </p>
   </div>
   <div class='ocr_carea' id='block_1_48' title="bbox 2083 1790 3664 1865">
    <p class='ocr_par' dir='ltr' id='par_1_48' title="bbox 2083 1790 3664 1865">
     <span class='ocr_line' id='line_1_48' title="bbox 2083 1790 3664 1865; baseline -0.004 -16"><span class='ocrx_word' id='word_1_347' title='bbox 2083 1796 2397 1864; x_wconf 79' lang='grc' dir='ltr'>εἰσάγεσθαι</span> <span class='ocrx_word' id='word_1_348' title='bbox 2432 1794 2677 1865; x_wconf 87' lang='grc' dir='ltr'>σώματα,</span> <span class='ocrx_word' id='word_1_349' title='bbox 2703 1796 2825 1857; x_wconf 80' lang='grc' dir='ltr'>τοὺς</span> <span class='ocrx_word' id='word_1_350' title='bbox 2862 1792 2920 1846; x_wconf 90' lang='grc' dir='ltr'>δέ</span> <span class='ocrx_word' id='word_1_351' title='bbox 2948 1810 3011 1855; x_wconf 90' lang='grc' dir='ltr'>γε</span> <span class='ocrx_word' id='word_1_352' title='bbox 3032 1792 3129 1862; x_wconf 73' lang='grc' dir='ltr'>τὴν</span> <span class='ocrx_word' id='word_1_353' title='bbox 3156 1790 3437 1861; x_wconf 82' lang='grc' dir='ltr'>πολιτικὴν</span> <span class='ocrx_word' id='word_1_354' title='bbox 3475 1792 3664 1861; x_wconf 86' lang='grc' dir='ltr'>άσκή-</span> 
     </span>
    </p>
   </div>
   <div class='ocr_carea' id='block_1_49' title="bbox 2085 1887 3665 1960">
    <p class='ocr_par' dir='ltr' id='par_1_49' title="bbox 2085 1887 3665 1960">
     <span class='ocr_line' id='line_1_49' title="bbox 2085 1887 3665 1960; baseline -0.003 -17"><span class='ocrx_word' id='word_1_355' title='bbox 2085 1908 2281 1953; x_wconf 74' lang='grc' dir='ltr'>σαντας</span> <span class='ocrx_word' id='word_1_356' title='bbox 2312 1890 2512 1960; x_wconf 83' lang='grc' dir='ltr'>ἀρετὴν</span> <span class='ocrx_word' id='word_1_357' title='bbox 2548 1889 2861 1959; x_wconf 91' lang='grc' dir='ltr'>τρισολϐίων</span> <span class='ocrx_word' id='word_1_358' title='bbox 2888 1888 3179 1941; x_wconf 80' lang='grc' dir='ltr'>ἀπολαύειν</span> <span class='ocrx_word' id='word_1_359' title='bbox 3210 1887 3405 1947; x_wconf 84' lang='grc' dir='ltr'>ἄθλων,</span> <span class='ocrx_word' id='word_1_360' title='bbox 3441 1887 3665 1954; x_wconf 78' lang='grc' dir='ltr'>σφῆκας</span> 
     </span>
    </p>
   </div>
   <div class='ocr_carea' id='block_1_50' title="bbox 2084 1976 3666 2052">
    <p class='ocr_par' dir='ltr' id='par_1_50' title="bbox 2084 1976 3666 2052">
     <span class='ocr_line' id='line_1_50' title="bbox 2084 1976 3666 2052; baseline -0.003 -17"><span class='ocrx_word' id='word_1_361' title='bbox 2084 1982 2397 2052; x_wconf 78' lang='grc' dir='ltr'>γινομένους</span> <span class='ocrx_word' id='word_1_362' title='bbox 2424 1982 2517 2034; x_wconf 71' lang='grc' dir='ltr'>καὶ</span> <span class='ocrx_word' id='word_1_363' title='bbox 2550 1982 2801 2050; x_wconf 87' lang='grc' dir='ltr'>μελίττας</span> <span class='ocrx_word' id='word_1_364' title='bbox 2822 1982 2913 2033; x_wconf 78' lang='grc' dir='ltr'>καὶ</span> <span class='ocrx_word' id='word_1_365' title='bbox 2942 1979 3089 2052; x_wconf 78' lang='grc'>[158]</span> <span class='ocrx_word' id='word_1_366' title='bbox 3122 1980 3435 2051; x_wconf 87' lang='grc' dir='ltr'>μύρμηκας.</span> <span class='ocrx_word' id='word_1_367' title='bbox 3459 1976 3666 2031; x_wconf 81' lang='grc' dir='ltr'>Τοιαῦ-</span> 
     </span>
    </p>
   </div>
   <div class='ocr_carea' id='block_1_51' title="bbox 2084 2068 3663 2143">
    <p class='ocr_par' dir='ltr' id='par_1_51' title="bbox 2084 2068 3663 2143">
     <span class='ocr_line' id='line_1_51' title="bbox 2084 2068 3663 2143; baseline -0.005 -16"><span class='ocrx_word' id='word_1_368' title='bbox 2084 2092 2150 2127; x_wconf 86' lang='grc' dir='ltr'>τα</span> <span class='ocrx_word' id='word_1_369' title='bbox 2176 2075 2283 2143; x_wconf 86' lang='grc' dir='ltr'>γὰρ</span> <span class='ocrx_word' id='word_1_370' title='bbox 2312 2075 2421 2135; x_wconf 80' lang='grc' dir='ltr'>τοῖς</span> <span class='ocrx_word' id='word_1_371' title='bbox 2461 2072 2660 2143; x_wconf 80' lang='grc' dir='ltr'>ἀρετὴν</span> <span class='ocrx_word' id='word_1_372' title='bbox 2709 2072 2756 2104; x_wconf 67' lang='grc'>⁸³</span> <span class='ocrx_word' id='word_1_373' title='bbox 2802 2070 3246 2141; x_wconf 78' lang='grc' dir='ltr'>ἐπιμελουμένοις</span> <span class='ocrx_word' id='word_1_374' title='bbox 3292 2072 3321 2122; x_wconf 86' lang='grc' dir='ltr'>ό</span> <span class='ocrx_word' id='word_1_375' title='bbox 3364 2068 3663 2136; x_wconf 80' lang='grc' dir='ltr'>φιλόσοφος</span> 
     </span>
    </p>
   </div>
   <div class='ocr_carea' id='block_1_52' title="bbox 2085 2159 3661 2235">
    <p class='ocr_par' dir='ltr' id='par_1_52' title="bbox 2085 2159 3661 2235">
     <span class='ocr_line' id='line_1_52' title="bbox 2085 2159 3661 2235; baseline -0.005 -16"><span class='ocrx_word' id='word_1_376' title='bbox 2085 2167 2346 2235; x_wconf 77' lang='grc' dir='ltr'>ἀπένειμε</span> <span class='ocrx_word' id='word_1_377' title='bbox 2376 2165 2533 2234; x_wconf 82' lang='grc' dir='ltr'>γέρα.</span> <span class='ocrx_word' id='word_1_378' title='bbox 2564 2164 2669 2217; x_wconf 80' lang='lat' dir='ltr'><strong>Kal.</strong></span> <span class='ocrx_word' id='word_1_379' title='bbox 2701 2162 2873 2217; x_wconf 78' lang='grc' dir='ltr'>ταῦτα</span> <span class='ocrx_word' id='word_1_380' title='bbox 2906 2164 2961 2217; x_wconf 79' lang='grc' dir='ltr'>δὲ</span> <span class='ocrx_word' id='word_1_381' title='bbox 2994 2164 3251 2233; x_wconf 87' lang='grc' dir='ltr'>ἄντικρυς</span> <span class='ocrx_word' id='word_1_382' title='bbox 3284 2160 3521 2213; x_wconf 80' lang='grc' dir='ltr'>ἐναντία.</span> <span class='ocrx_word' id='word_1_383' title='bbox 3563 2159 3661 2211; x_wconf 82' lang='grc' dir='ltr'>Ἐν</span> 
     </span>
    </p>
   </div>
   <div class='ocr_carea' id='block_1_53' title="bbox 2089 2252 3661 2327">
    <p class='ocr_par' dir='ltr' id='par_1_53' title="bbox 2089 2252 3661 2327">
     <span class='ocr_line' id='line_1_53' title="bbox 2089 2252 3661 2327; baseline -0.004 -17"><span class='ocrx_word' id='word_1_384' title='bbox 2089 2258 2186 2327; x_wconf 87' lang='grc' dir='ltr'>μὲν</span> <span class='ocrx_word' id='word_1_385' title='bbox 2207 2258 2314 2325; x_wconf 75' lang='grc' dir='ltr'>γὰρ</span> <span class='ocrx_word' id='word_1_386' title='bbox 2334 2259 2444 2318; x_wconf 86' lang='grc' dir='ltr'>τοῖς</span> <span class='ocrx_word' id='word_1_387' title='bbox 2470 2255 2702 2326; x_wconf 82' lang='grc' dir='ltr'>πρόσθεν</span> <span class='ocrx_word' id='word_1_388' title='bbox 2727 2255 3036 2326; x_wconf 78' lang='grc' dir='ltr'>εἰρημένοις</span> <span class='ocrx_word' id='word_1_389' title='bbox 3058 2256 3136 2317; x_wconf 88' lang='grc' dir='ltr'>εἰς</span> <span class='ocrx_word' id='word_1_390' title='bbox 3153 2254 3432 2324; x_wconf 86' lang='grc' dir='ltr'>Μακάρων</span> <span class='ocrx_word' id='word_1_391' title='bbox 3454 2252 3661 2313; x_wconf 80' lang='grc' dir='ltr'>αὐτοὺς</span> 
     </span>
    </p>
   </div>
   <div class='ocr_carea' id='block_1_54' title="bbox 2086 2345 3661 2417">
    <p class='ocr_par' dir='ltr' id='par_1_54' title="bbox 2086 2345 3661 2417">
     <span class='ocr_line' id='line_1_54' title="bbox 2086 2345 3661 2417; baseline -0.003 -17"><span class='ocrx_word' id='word_1_392' title='bbox 2086 2347 2376 2417; x_wconf 73' lang='grc' dir='ltr'>ἀπέπεμψε</span> <span class='ocrx_word' id='word_1_393' title='bbox 2421 2348 2636 2415; x_wconf 79' lang='grc' dir='ltr'>νήσους,</span> <span class='ocrx_word' id='word_1_394' title='bbox 2684 2347 2780 2409; x_wconf 87' lang='grc' dir='ltr'>τάς</span> <span class='ocrx_word' id='word_1_395' title='bbox 2831 2364 2889 2399; x_wconf 88' lang='grc' dir='ltr'>τε</span> <span class='ocrx_word' id='word_1_396' title='bbox 2934 2346 3041 2399; x_wconf 88' lang='grc' dir='ltr'>τῶν</span> <span class='ocrx_word' id='word_1_397' title='bbox 3086 2345 3387 2415; x_wconf 79' lang='grc' dir='ltr'>φιλοσόφων</span> <span class='ocrx_word' id='word_1_398' title='bbox 3412 2345 3661 2414; x_wconf 74' lang='grc' dir='ltr'>οἰκήσεις</span> 
     </span>
    </p>
   </div>
   <div class='ocr_carea' id='block_1_55' title="bbox 2083 2432 3660 2508">
    <p class='ocr_par' dir='ltr' id='par_1_55' title="bbox 2083 2432 3660 2508">
     <span class='ocr_line' id='line_1_55' title="bbox 2083 2432 3660 2508; baseline -0.004 -16"><span class='ocrx_word' id='word_1_399' title='bbox 2083 2438 2203 2492; x_wconf 80' lang='grc' dir='ltr'>οὐδὲ</span> <span class='ocrx_word' id='word_1_400' title='bbox 2252 2438 2393 2507; x_wconf 88' lang='grc' dir='ltr'>λόγῳ</span> <span class='ocrx_word' id='word_1_401' title='bbox 2440 2436 2609 2508; x_wconf 74' lang='grc' dir='ltr'>ῥητὰς</span> <span class='ocrx_word' id='word_1_402' title='bbox 2654 2437 2850 2508; x_wconf 78' lang='grc' dir='ltr'>ἔφησεν</span> <span class='ocrx_word' id='word_1_403' title='bbox 2886 2432 3051 2490; x_wconf 76' lang='grc' dir='ltr'>εἶναι’</span> <span class='ocrx_word' id='word_1_404' title='bbox 3091 2435 3323 2489; x_wconf 77' lang='grc' dir='ltr'>ἐνταῦθα</span> <span class='ocrx_word' id='word_1_405' title='bbox 3346 2436 3404 2489; x_wconf 80' lang='grc' dir='ltr'>δὲ</span> <span class='ocrx_word' id='word_1_406' title='bbox 3429 2434 3660 2503; x_wconf 82' lang='grc' dir='ltr'>σφηκῶν</span> 
     </span>
    </p>
   </div>
   <div class='ocr_carea' id='block_1_56' title="bbox 2086 2527 3659 2600">
    <p class='ocr_par' dir='ltr' id='par_1_56' title="bbox 2086 2527 3659 2600">
     <span class='ocr_line' id='line_1_56' title="bbox 2086 2527 3659 2600; baseline -0.003 -17"><span class='ocrx_word' id='word_1_407' title='bbox 2086 2531 2265 2592; x_wconf 80' lang='grc' dir='ltr'>αὐτοῖς</span> <span class='ocrx_word' id='word_1_408' title='bbox 2314 2531 2407 2582; x_wconf 77' lang='grc' dir='ltr'>καὶ</span> <span class='ocrx_word' id='word_1_409' title='bbox 2458 2529 2722 2600; x_wconf 85' lang='grc' dir='ltr'>μελιττῶν</span> <span class='ocrx_word' id='word_1_410' title='bbox 2780 2530 2873 2582; x_wconf 69' lang='grc' dir='ltr'>καὶ</span> <span class='ocrx_word' id='word_1_411' title='bbox 2937 2530 3240 2600; x_wconf 75' lang='grc' dir='ltr'>μυρμήκων</span> <span class='ocrx_word' id='word_1_412' title='bbox 3296 2527 3659 2596; x_wconf 64' lang='grc' dir='ltr'>άπεκλήρωυι.</span> 
     </span>
    </p>
   </div>
   <div class='ocr_carea' id='block_1_57' title="bbox 2089 2618 3658 2692">
    <p class='ocr_par' dir='ltr' id='par_1_57' title="bbox 2089 2618 3658 2692">
     <span class='ocr_line' id='line_1_57' title="bbox 2089 2618 3658 2692; baseline -0.001 -21"><span class='ocrx_word' id='word_1_413' title='bbox 2089 2619 2220 2689; x_wconf 84' lang='grc' dir='ltr'>βίον,</span> <span class='ocrx_word' id='word_1_414' title='bbox 2256 2618 2351 2671; x_wconf 81' lang='grc' dir='ltr'>καὶ</span> <span class='ocrx_word' id='word_1_415' title='bbox 2388 2620 2513 2681; x_wconf 80' lang='grc' dir='ltr'>τοὺς</span> <span class='ocrx_word' id='word_1_416' title='bbox 2538 2621 2595 2671; x_wconf 82' lang='grc' dir='ltr'>ἐν</span> <span class='ocrx_word' id='word_1_417' title='bbox 2630 2619 2707 2689; x_wconf 84' lang='grc' dir='ltr'>τῷ</span> <span class='ocrx_word' id='word_1_418' title='bbox 2735 2620 2981 2692; x_wconf 82' lang='grc' dir='ltr'>προτέρῳ</span> <span class='ocrx_word' id='word_1_419' title='bbox 3006 2620 3104 2690; x_wconf 82' lang='grc' dir='ltr'>βίῳ</span> <span class='ocrx_word' id='word_1_420' title='bbox 3138 2619 3301 2689; x_wconf 84' lang='grc' dir='ltr'>μηδὲν</span> <span class='ocrx_word' id='word_1_421' title='bbox 3328 2618 3658 2688; x_wconf 71' lang='grc' dir='ltr'>ἠδικηκότας</span> 
     </span>
    </p>
   </div>
   <div class='ocr_carea' id='block_1_58' title="bbox 2087 2707 3659 2782">
    <p class='ocr_par' dir='ltr' id='par_1_58' title="bbox 2087 2707 3659 2782">
     <span class='ocr_line' id='line_1_58' title="bbox 2087 2707 3659 2782; baseline -0.003 -17"><span class='ocrx_word' id='word_1_422' title='bbox 2087 2707 2247 2765; x_wconf 82' lang='grc' dir='ltr'>ἆθλον</span> <span class='ocrx_word' id='word_1_423' title='bbox 2285 2712 2387 2780; x_wconf 79' lang='grc' dir='ltr'>ἔφη</span> <span class='ocrx_word' id='word_1_424' title='bbox 2426 2712 2720 2782; x_wconf 89' lang='grc' dir='ltr'>λαμϐάνειν</span> <span class='ocrx_word' id='word_1_425' title='bbox 2752 2713 2809 2764; x_wconf 69' lang='grc' dir='ltr'>τὸ</span> <span class='ocrx_word' id='word_1_426' title='bbox 2844 2712 3045 2764; x_wconf 83' lang='grc' dir='ltr'>ἀδικεῖν</span> <span class='ocrx_word' id='word_1_427' title='bbox 3088 2711 3182 2764; x_wconf 70' lang='grc' dir='ltr'>καὶ</span> <span class='ocrx_word' id='word_1_428' title='bbox 3222 2710 3495 2763; x_wconf 75' lang='grc' dir='ltr'>λωϐᾶσθαι</span> <span class='ocrx_word' id='word_1_429' title='bbox 3538 2712 3659 2770; x_wconf 79' lang='grc' dir='ltr'>τοῖς</span> 
     </span>
    </p>
   </div>
   <div class='ocr_carea' id='block_1_59' title="bbox 2085 2801 3657 2873">
    <p class='ocr_par' dir='ltr' id='par_1_59' title="bbox 2085 2801 3657 2873">
     <span class='ocr_line' id='line_1_59' title="bbox 2085 2801 3657 2873; baseline -0.003 -17"><span class='ocrx_word' id='word_1_430' title='bbox 2085 2802 2284 2865; x_wconf 78' lang='grc' dir='ltr'>ἄλλοις.</span> <span class='ocrx_word' id='word_1_431' title='bbox 2327 2803 2433 2855; x_wconf 77' lang='lat' dir='ltr'><strong>Kal.</strong></span> <span class='ocrx_word' id='word_1_432' title='bbox 2468 2804 2573 2873; x_wconf 81' lang='grc' dir='ltr'>γὰρ</span> <span class='ocrx_word' id='word_1_433' title='bbox 2614 2803 2710 2856; x_wconf 72' lang='grc' dir='ltr'>καὶ</span> <span class='ocrx_word' id='word_1_434' title='bbox 2742 2803 2947 2870; x_wconf 80' lang='grc' dir='ltr'>σφῆκες</span> <span class='ocrx_word' id='word_1_435' title='bbox 2984 2804 3075 2855; x_wconf 79' lang='grc' dir='ltr'>καὶ</span> <span class='ocrx_word' id='word_1_436' title='bbox 3108 2802 3350 2871; x_wconf 78' lang='grc' dir='ltr'>μέλιτται</span> <span class='ocrx_word' id='word_1_437' title='bbox 3399 2801 3657 2870; x_wconf 79' lang='grc' dir='ltr'>πλήττειν</span> 
     </span>
    </p>
   </div>
   <div class='ocr_carea' id='block_1_60' title="bbox 2086 2892 3653 2966">
    <p class='ocr_par' dir='ltr' id='par_1_60' title="bbox 2086 2892 3653 2966">
     <span class='ocr_line' id='line_1_60' title="bbox 2086 2892 3653 2966; baseline -0.001 -20"><span class='ocrx_word' id='word_1_438' title='bbox 2086 2894 2161 2965; x_wconf 80' lang='grc' dir='ltr'>τῷ</span> <span class='ocrx_word' id='word_1_439' title='bbox 2189 2895 2397 2966; x_wconf 84' lang='grc' dir='ltr'>κέντρῳ</span> <span class='ocrx_word' id='word_1_440' title='bbox 2418 2894 2713 2963; x_wconf 79' lang='grc' dir='ltr'>πεφύκασι,</span> <span class='ocrx_word' id='word_1_441' title='bbox 2742 2896 2832 2947; x_wconf 70' lang='grc' dir='ltr'>καὶ</span> <span class='ocrx_word' id='word_1_442' title='bbox 2871 2895 3156 2966; x_wconf 80' lang='grc' dir='ltr'>μύρμηκες</span> <span class='ocrx_word' id='word_1_443' title='bbox 3185 2893 3383 2947; x_wconf 81' lang='grc' dir='ltr'>συλῶσι</span> <span class='ocrx_word' id='word_1_444' title='bbox 3409 2893 3474 2946; x_wconf 69' lang='grc' dir='ltr'>τὰ</span> <span class='ocrx_word' id='word_1_445' title='bbox 3502 2892 3653 2961; x_wconf 80' lang='grc' dir='ltr'>λήῖα,</span> 
     </span>
    </p>
   </div>
   <div class='ocr_carea' id='block_1_61' title="bbox 2089 2984 3657 3054">
    <p class='ocr_par' dir='ltr' id='par_1_61' title="bbox 2089 2984 3657 3054">
     <span class='ocr_line' id='line_1_61' title="bbox 2089 2984 3657 3054; baseline -0.003 -17"><span class='ocrx_word' id='word_1_446' title='bbox 2089 2985 2181 3037; x_wconf 79' lang='grc' dir='ltr'>καὶ</span> <span class='ocrx_word' id='word_1_447' title='bbox 2206 2987 2316 3049; x_wconf 84' lang='grc' dir='ltr'>τοῖς</span> <span class='ocrx_word' id='word_1_448' title='bbox 2341 2984 2597 3052; x_wconf 85' lang='grc' dir='ltr'>γηπόνοις</span> <span class='ocrx_word' id='word_1_449' title='bbox 2624 2984 3061 3054; x_wconf 81' lang='grc' dir='ltr'>ξυνδιανέμονται</span> <span class='ocrx_word' id='word_1_450' title='bbox 3091 2985 3217 3046; x_wconf 78' lang='grc' dir='ltr'>τοὺς</span> <span class='ocrx_word' id='word_1_451' title='bbox 3247 2985 3506 3052; x_wconf 77' lang='grc' dir='ltr'>καρποὺς,</span> <span class='ocrx_word' id='word_1_452' title='bbox 3536 2984 3657 3051; x_wconf 69' lang='grc' dir='ltr'>ἥκι-</span> 
     </span>
    </p>
   </div>
   <div class='ocr_carea' id='block_1_62' title="bbox 413 3063 1979 3148">
    <p class='ocr_par' dir='ltr' id='par_1_62' title="bbox 413 3073 1975 3148">
     <span class='ocr_line' id='line_1_62' title="bbox 413 3073 1975 3148; baseline -0.006 -14"><span class='ocrx_word' id='word_1_453' title='bbox 413 3088 597 3135; x_wconf 85' lang='lat' dir='ltr'><strong>autem</strong></span> <span class='ocrx_word' id='word_1_454' title='bbox 616 3080 923 3148; x_wconf 89' lang='lat' dir='ltr'><strong>plantarum</strong></span> <span class='ocrx_word' id='word_1_455' title='bbox 954 3076 1261 3131; x_wconf 88' lang='lat' dir='ltr'><strong>cultoribus</strong></span> <span class='ocrx_word' id='word_1_456' title='bbox 1284 3075 1495 3128; x_wconf 65' lang='lat' dir='ltr'><strong>infesta:</strong></span> <span class='ocrx_word' id='word_1_457' title='bbox 1531 3082 1679 3137; x_wconf 87' lang='lat' dir='ltr'><strong>sunt,</strong></span> <span class='ocrx_word' id='word_1_458' title='bbox 1715 3073 1975 3126; x_wconf 92' lang='lat' dir='ltr'><strong>arborum</strong></span> 
     </span>
    </p>
   </div>
   <div class='ocr_carea' id='block_1_63' title="bbox 2087 3063 3653 3148">
    <p class='ocr_par' dir='ltr' id='par_1_63' title="bbox 2088 3076 3653 3146">
     <span class='ocr_line' id='line_1_63' title="bbox 2088 3076 3653 3146; baseline -0.003 -14"><span class='ocrx_word' id='word_1_459' title='bbox 2088 3097 2188 3133; x_wconf 91' lang='grc' dir='ltr'>στα</span> <span class='ocrx_word' id='word_1_460' title='bbox 2210 3080 2658 3146; x_wconf 83' lang='grc' dir='ltr'>κεκοινωνηκότες</span> <span class='ocrx_word' id='word_1_461' title='bbox 2691 3078 2798 3132; x_wconf 82' lang='grc' dir='ltr'>τῶν</span> <span class='ocrx_word' id='word_1_462' title='bbox 2824 3078 2868 3109; x_wconf 66' lang='grc'>⁸⁵</span> <span class='ocrx_word' id='word_1_463' title='bbox 2899 3079 3094 3131; x_wconf 75' lang='grc' dir='ltr'>πόνωνο</span> <span class='ocrx_word' id='word_1_464' title='bbox 3128 3079 3222 3131; x_wconf 75' lang='grc' dir='ltr'>καὶ</span> <span class='ocrx_word' id='word_1_465' title='bbox 3261 3079 3311 3130; x_wconf 90' lang='grc' dir='ltr'>οἰ</span> <span class='ocrx_word' id='word_1_466' title='bbox 3352 3077 3554 3145; x_wconf 78' lang='grc' dir='ltr'>σφῆκες</span> <span class='ocrx_word' id='word_1_467' title='bbox 3593 3076 3653 3127; x_wconf 78' lang='grc' dir='ltr'>δὲ</span> 
     </span>
    </p>
   </div>
   <div class='ocr_carea' id='block_1_64' title="bbox 414 3163 1984 3239">
    <p class='ocr_par' dir='ltr' id='par_1_64' title="bbox 414 3163 1984 3239">
     <span class='ocr_line' id='line_1_64' title="bbox 414 3163 1984 3239; baseline -0.003 -16"><span class='ocrx_word' id='word_1_468' title='bbox 414 3170 559 3224; x_wconf 91' lang='lat' dir='ltr'><strong>fetus</strong></span> <span class='ocrx_word' id='word_1_469' title='bbox 609 3177 1049 3239; x_wconf 87' lang='lat' dir='ltr'><strong>corrumpentes.</strong></span> <span class='ocrx_word' id='word_1_470' title='bbox 1103 3167 1361 3235; x_wconf 85' lang='lat' dir='ltr'><strong>Idemque</strong></span> <span class='ocrx_word' id='word_1_471' title='bbox 1411 3163 1816 3234; x_wconf 87' lang='lat' dir='ltr'><strong>quodammodo</strong></span> <span class='ocrx_word' id='word_1_472' title='bbox 1854 3180 1984 3234; x_wconf 90' lang='lat' dir='ltr'><strong>apes</strong></span> 
     </span>
    </p>
   </div>
   <div class='ocr_carea' id='block_1_65' title="bbox 414 3254 1986 3329">
    <p class='ocr_par' dir='ltr' id='par_1_65' title="bbox 414 3254 1986 3329">
     <span class='ocr_line' id='line_1_65' title="bbox 414 3254 1986 3329; baseline -0.004 -13"><span class='ocrx_word' id='word_1_473' title='bbox 414 3261 641 3316; x_wconf 87' lang='lat' dir='ltr'><strong>faciunt.</strong></span> <span class='ocrx_word' id='word_1_474' title='bbox 670 3260 856 3329; x_wconf 79' lang='lat' dir='ltr'><strong>Neque</strong></span> <span class='ocrx_word' id='word_1_475' title='bbox 883 3269 1064 3313; x_wconf 88' lang='lat' dir='ltr'><strong>tamen</strong></span> <span class='ocrx_word' id='word_1_476' title='bbox 1089 3258 1285 3311; x_wconf 87' lang='lat' dir='ltr'><strong>bormn</strong></span> <span class='ocrx_word' id='word_1_477' title='bbox 1315 3254 1720 3325; x_wconf 85' lang='lat' dir='ltr'><strong>sapientissimo</strong></span> <span class='ocrx_word' id='word_1_478' title='bbox 1743 3255 1986 3323; x_wconf 82' lang='lat' dir='ltr'><strong>philoso-</strong></span> 
     </span>
    </p>
   </div>
   <div class='ocr_carea' id='block_1_66' title="bbox 414 3346 1986 3420">
    <p class='ocr_par' dir='ltr' id='par_1_66' title="bbox 414 3346 1986 3420">
     <span class='ocr_line' id='line_1_66' title="bbox 414 3346 1986 3420; baseline -0.003 -16"><span class='ocrx_word' id='word_1_479' title='bbox 414 3351 528 3420; x_wconf 89' lang='lat' dir='ltr'>pho</span> <span class='ocrx_word' id='word_1_480' title='bbox 552 3351 606 3403; x_wconf 92' lang='lat' dir='ltr'>in</span> <span class='ocrx_word' id='word_1_481' title='bbox 630 3358 865 3404; x_wconf 88' lang='lat' dir='ltr'><strong>mentem</strong></span> <span class='ocrx_word' id='word_1_482' title='bbox 892 3348 1063 3411; x_wconf 81' lang='lat' dir='ltr'><strong>venit,</strong></span> <span class='ocrx_word' id='word_1_483' title='bbox 1097 3346 1191 3401; x_wconf 88' lang='lat' dir='ltr'>sed</span> <span class='ocrx_word' id='word_1_484' title='bbox 1227 3346 1294 3400; x_wconf 93' lang='lat' dir='ltr'>ad</span> <span class='ocrx_word' id='word_1_485' title='bbox 1336 3348 1503 3400; x_wconf 88' lang='lat' dir='ltr'><strong>solam</strong></span> <span class='ocrx_word' id='word_1_486' title='bbox 1536 3347 1702 3408; x_wconf 87' lang='lat' dir='ltr'><strong>illius,</strong></span> <span class='ocrx_word' id='word_1_487' title='bbox 1736 3346 1829 3415; x_wconf 90' lang='lat' dir='ltr'>qui</span> <span class='ocrx_word' id='word_1_488' title='bbox 1875 3346 1986 3415; x_wconf 89' lang='lat' dir='ltr'><strong>pri-</strong></span> 
     </span>
    </p>
   </div>
   <div class='ocr_carea' id='block_1_67' title="bbox 415 3436 1987 3505">
    <p class='ocr_par' dir='ltr' id='par_1_67' title="bbox 415 3436 1987 3505">
     <span class='ocr_line' id='line_1_67' title="bbox 415 3436 1987 3505; baseline -0.004 -10"><span class='ocrx_word' id='word_1_489' title='bbox 415 3456 539 3495; x_wconf 90' lang='lat' dir='ltr'>mus</span> <span class='ocrx_word' id='word_1_490' title='bbox 574 3440 689 3493; x_wconf 66' lang='lat' dir='ltr'><strong>hare</strong></span> <span class='ocrx_word' id='word_1_491' title='bbox 721 3439 918 3492; x_wconf 87' lang='lat' dir='ltr'><strong>effatus</strong></span> <span class='ocrx_word' id='word_1_492' title='bbox 937 3446 1040 3501; x_wconf 89' lang='lat' dir='ltr'><strong>est,</strong></span> <span class='ocrx_word' id='word_1_493' title='bbox 1072 3436 1453 3491; x_wconf 88' lang='lat' dir='ltr'><strong>auctoritatem</strong></span> <span class='ocrx_word' id='word_1_494' title='bbox 1478 3436 1733 3505; x_wconf 86' lang='lat' dir='ltr'><strong>respexit.</strong></span> <span class='ocrx_word' id='word_1_495' title='bbox 1766 3436 1906 3502; x_wconf 89' lang='lat' dir='ltr'><strong>Quin</strong></span> <span class='ocrx_word' id='word_1_496' title='bbox 1930 3444 1987 3489; x_wconf 89' lang='lat' dir='ltr'>et</span> 
     </span>
    </p>
   </div>
   <div class='ocr_carea' id='block_1_68' title="bbox 415 3526 1985 3600">
    <p class='ocr_par' dir='ltr' id='par_1_68' title="bbox 415 3526 1985 3600">
     <span class='ocr_line' id='line_1_68' title="bbox 415 3526 1985 3600; baseline -0.003 -14"><span class='ocrx_word' id='word_1_497' title='bbox 415 3532 547 3587; x_wconf 88' lang='lat' dir='ltr'><strong>alibi</strong></span> <span class='ocrx_word' id='word_1_498' title='bbox 591 3546 810 3600; x_wconf 85' lang='lat' dir='ltr'><strong>quoque</strong></span> <span class='ocrx_word' id='word_1_499' title='bbox 853 3530 987 3583; x_wconf 90' lang='lat' dir='ltr'><strong>alias</strong></span> <span class='ocrx_word' id='word_1_500' title='bbox 1020 3528 1335 3600; x_wconf 86' lang='lat' dir='ltr'><strong>hujusmodi</strong></span> <span class='ocrx_word' id='word_1_501' title='bbox 1378 3528 1594 3583; x_wconf 87' lang='lat' dir='ltr'><strong>fabulas</strong></span> <span class='ocrx_word' id='word_1_502' title='bbox 1638 3527 1849 3598; x_wconf 88' lang='lat' dir='ltr'><strong>profert</strong></span> <span class='ocrx_word' id='word_1_503' title='bbox 1900 3526 1985 3581; x_wconf 91' lang='lat' dir='ltr'>his</span> 
     </span>
    </p>
   </div>
   <div class='ocr_carea' id='block_1_69' title="bbox 416 3620 1982 3691">
    <p class='ocr_par' dir='ltr' id='par_1_69' title="bbox 416 3620 1982 3691">
     <span class='ocr_line' id='line_1_69' title="bbox 416 3620 1982 3691; baseline -0.002 -15"><span class='ocrx_word' id='word_1_504' title='bbox 416 3622 603 3676; x_wconf 87' lang='lat' dir='ltr'><strong>verbis</strong></span> <span class='ocrx_word' id='word_1_505' title='bbox 628 3621 829 3691; x_wconf 68' lang='lat' dir='ltr'><strong>(Phard.</strong></span> <span class='ocrx_word' id='word_1_506' title='bbox 860 3638 913 3690; x_wconf 93' lang='lat' dir='ltr'>p.</span> <span class='ocrx_word' id='word_1_507' title='bbox 944 3620 1049 3674; x_wconf 69' lang='grc'>248</span> <span class='ocrx_word' id='word_1_508' title='bbox 1078 3621 1177 3689; x_wconf 85' lang='grc' dir='ltr'>Ε);</span> <span class='ocrx_word' id='word_1_509' title='bbox 1212 3640 1229 3670; x_wconf 77' lang='grc' dir='ltr'>ι</span> <span class='ocrx_word' id='word_1_510' title='bbox 1258 3621 1316 3673; x_wconf 91' lang='lat' dir='ltr'>ln</span> <span class='ocrx_word' id='word_1_511' title='bbox 1361 3635 1488 3674; x_wconf 91' lang='lat' dir='ltr'>eum</span> <span class='ocrx_word' id='word_1_512' title='bbox 1520 3620 1742 3689; x_wconf 89' lang='lat' dir='ltr'><strong>quidem</strong></span> <span class='ocrx_word' id='word_1_513' title='bbox 1781 3620 1982 3683; x_wconf 83' lang='lat' dir='ltr'><strong>locum,</strong></span> 
     </span>
    </p>
   </div>
   <div class='ocr_carea' id='block_1_70' title="bbox 418 3708 1984 3778">
    <p class='ocr_par' dir='ltr' id='par_1_70' title="bbox 418 3708 1984 3778">
     <span class='ocr_line' id='line_1_70' title="bbox 418 3708 1984 3778; baseline -0.003 -12"><span class='ocrx_word' id='word_1_514' title='bbox 418 3712 565 3767; x_wconf 87' lang='lat' dir='ltr'><strong>unde</strong></span> <span class='ocrx_word' id='word_1_515' title='bbox 628 3712 809 3764; x_wconf 86' lang='lat' dir='ltr'><strong>anima</strong></span> <span class='ocrx_word' id='word_1_516' title='bbox 858 3708 1267 3777; x_wconf 85' lang='lat' dir='ltr'><strong>proficiscitur,</strong></span> <span class='ocrx_word' id='word_1_517' title='bbox 1316 3724 1424 3762; x_wconf 88' lang='lat' dir='ltr'>non</span> <span class='ocrx_word' id='word_1_518' title='bbox 1484 3708 1743 3776; x_wconf 64' lang='lat' dir='ltr'><strong>quaelibet</strong></span> <span class='ocrx_word' id='word_1_519' title='bbox 1796 3709 1984 3778; x_wconf 90' lang='lat' dir='ltr'><strong>utique</strong></span> 
     </span>
    </p>
   </div>
   <div class='ocr_carea' id='block_1_71' title="bbox 416 3799 1984 3873">
    <p class='ocr_par' dir='ltr' id='par_1_71' title="bbox 416 3799 1984 3873">
     <span class='ocr_line' id='line_1_71' title="bbox 416 3799 1984 3873; baseline -0.001 -16"><span class='ocrx_word' id='word_1_520' title='bbox 416 3802 666 3873; x_wconf 85' lang='lat' dir='ltr'><strong>pervenit</strong></span> <span class='ocrx_word' id='word_1_521' title='bbox 693 3802 831 3855; x_wconf 89' lang='lat' dir='ltr'><strong>infra</strong></span> <span class='ocrx_word' id='word_1_522' title='bbox 858 3801 1041 3855; x_wconf 89' lang='lat' dir='ltr'><strong>decies</strong></span> <span class='ocrx_word' id='word_1_523' title='bbox 1070 3801 1217 3854; x_wconf 91' lang='lat' dir='ltr'><strong>mille</strong></span> <span class='ocrx_word' id='word_1_524' title='bbox 1240 3815 1430 3853; x_wconf 90' lang='lat' dir='ltr'><strong>annos.</strong></span> <span class='ocrx_word' id='word_1_525' title='bbox 1448 3799 1610 3869; x_wconf 84' lang='lat'>997</span> <span class='ocrx_word' id='word_1_526' title='bbox 1628 3801 1815 3869; x_wconf 86' lang='lat' dir='ltr'><strong>Neque</strong></span> <span class='ocrx_word' id='word_1_527' title='bbox 1839 3803 1984 3855; x_wconf 89' lang='lat' dir='ltr'><strong>enim</strong></span> 
     </span>
    </p>
   </div>
   <div class='ocr_carea' id='block_1_72' title="bbox 418 3892 1986 3963">
    <p class='ocr_par' dir='ltr' id='par_1_72' title="bbox 418 3892 1986 3963">
     <span class='ocr_line' id='line_1_72' title="bbox 418 3892 1986 3963; baseline 0 -16"><span class='ocrx_word' id='word_1_528' title='bbox 418 3895 531 3948; x_wconf 85' lang='lat' dir='ltr'><strong>alas</strong></span> <span class='ocrx_word' id='word_1_529' title='bbox 564 3894 629 3947; x_wconf 91' lang='lat' dir='ltr'>ad</span> <span class='ocrx_word' id='word_1_530' title='bbox 653 3893 980 3947; x_wconf 87' lang='lat' dir='ltr'><strong>cvolandum</strong></span> <span class='ocrx_word' id='word_1_531' title='bbox 1022 3892 1249 3946; x_wconf 88' lang='lat' dir='ltr'><strong>assumit</strong></span> <span class='ocrx_word' id='word_1_532' title='bbox 1275 3900 1399 3945; x_wconf 88' lang='lat' dir='ltr'><strong>ante</strong></span> <span class='ocrx_word' id='word_1_533' title='bbox 1432 3892 1537 3945; x_wconf 91' lang='lat' dir='ltr'>hoc</span> <span class='ocrx_word' id='word_1_534' title='bbox 1576 3901 1811 3961; x_wconf 87' lang='lat' dir='ltr'><strong>tempus,</strong></span> <span class='ocrx_word' id='word_1_535' title='bbox 1850 3910 1986 3963; x_wconf 72' lang='lat' dir='ltr'><strong>prm-</strong></span> 
     </span>
    </p>
   </div>
   <div class='ocr_carea' id='block_1_73' title="bbox 420 3982 1981 4052">
    <p class='ocr_par' dir='ltr' id='par_1_73' title="bbox 420 3982 1981 4052">
     <span class='ocr_line' id='line_1_73' title="bbox 420 3982 1981 4052; baseline -0.001 -14"><span class='ocrx_word' id='word_1_536' title='bbox 420 3995 669 4052; x_wconf 88' lang='lat' dir='ltr'><strong>tcrquam</strong></span> <span class='ocrx_word' id='word_1_537' title='bbox 717 3984 864 4037; x_wconf 88' lang='lat' dir='ltr'><strong>illius</strong></span> <span class='ocrx_word' id='word_1_538' title='bbox 901 3983 994 4051; x_wconf 89' lang='lat' dir='ltr'>qui</span> <span class='ocrx_word' id='word_1_539' title='bbox 1037 3982 1457 4051; x_wconf 85' lang='lat' dir='ltr'><strong>philosophatus</strong></span> <span class='ocrx_word' id='word_1_540' title='bbox 1509 3983 1742 4051; x_wconf 79' lang='lat' dir='ltr'><strong>ingenue</strong></span> <span class='ocrx_word' id='word_1_541' title='bbox 1795 3985 1981 4048; x_wconf 88' lang='lat' dir='ltr'><strong>fuerit,</strong></span> 
     </span>
    </p>
   </div>
   <div class='ocr_carea' id='block_1_74' title="bbox 420 4072 1982 4145">
    <p class='ocr_par' dir='ltr' id='par_1_74' title="bbox 420 4072 1982 4145">
     <span class='ocr_line' id='line_1_74' title="bbox 420 4072 1982 4145; baseline 0.001 -18"><span class='ocrx_word' id='word_1_542' title='bbox 420 4088 727 4145; x_wconf 89' lang='lat' dir='ltr'><strong>puerosque</strong></span> <span class='ocrx_word' id='word_1_543' title='bbox 747 4074 947 4127; x_wconf 89' lang='lat' dir='ltr'><strong>secund</strong></span> <span class='ocrx_word' id='word_1_544' title='bbox 958 4091 1045 4127; x_wconf 90' lang='lat' dir='ltr'>um</span> <span class='ocrx_word' id='word_1_545' title='bbox 1065 4072 1421 4142; x_wconf 74' lang='lat' dir='ltr'><strong>philosophia:</strong></span> <span class='ocrx_word' id='word_1_546' title='bbox 1440 4088 1685 4127; x_wconf 90' lang='lat' dir='ltr'><strong>normam</strong></span> <span class='ocrx_word' id='word_1_547' title='bbox 1700 4074 1982 4129; x_wconf 87' lang='lat' dir='ltr'><strong>adamarit.</strong></span> 
     </span>
    </p>
   </div>
   <div class='ocr_carea' id='block_1_75' title="bbox 420 4165 1987 4233">
    <p class='ocr_par' dir='ltr' id='par_1_75' title="bbox 420 4165 1987 4233">
     <span class='ocr_line' id='line_1_75' title="bbox 420 4165 1987 4233; baseline 0 -14"><span class='ocrx_word' id='word_1_548' title='bbox 420 4166 513 4221; x_wconf 70' lang='lat' dir='ltr'>ﬂre</span> <span class='ocrx_word' id='word_1_549' title='bbox 553 4166 701 4219; x_wconf 91' lang='lat' dir='ltr'><strong>enim</strong></span> <span class='ocrx_word' id='word_1_550' title='bbox 746 4166 906 4220; x_wconf 87' lang='lat' dir='ltr'><strong>tertio</strong></span> <span class='ocrx_word' id='word_1_551' title='bbox 932 4166 1053 4219; x_wconf 68' lang='lat' dir='ltr'><strong>vita:</strong></span> <span class='ocrx_word' id='word_1_552' title='bbox 1104 4172 1325 4233; x_wconf 86' lang='lat' dir='ltr'><strong>peracto</strong></span> <span class='ocrx_word' id='word_1_553' title='bbox 1385 4165 1641 4228; x_wconf 89' lang='lat' dir='ltr'><strong>circuitu,</strong></span> <span class='ocrx_word' id='word_1_554' title='bbox 1694 4166 1987 4220; x_wconf 89' lang='lat' dir='ltr'><strong>millesimo</strong></span> 
     </span>
    </p>
   </div>
   <div class='ocr_carea' id='block_1_76' title="bbox 418 4256 1983 4324">
    <p class='ocr_par' dir='ltr' id='par_1_76' title="bbox 418 4256 1983 4324">
     <span class='ocr_line' id='line_1_76' title="bbox 418 4256 1983 4324; baseline -0.001 -13"><span class='ocrx_word' id='word_1_555' title='bbox 418 4258 640 4312; x_wconf 89' lang='lat' dir='ltr'><strong>demum</strong></span> <span class='ocrx_word' id='word_1_556' title='bbox 671 4274 816 4311; x_wconf 89' lang='lat' dir='ltr'><strong>anno</strong></span> <span class='ocrx_word' id='word_1_557' title='bbox 858 4258 1165 4310; x_wconf 87' lang='lat' dir='ltr'><strong>liberantur</strong></span> <span class='ocrx_word' id='word_1_558' title='bbox 1192 4272 1204 4307; x_wconf 86' lang='lat'><strong>:</strong></span> <span class='ocrx_word' id='word_1_559' title='bbox 1232 4264 1336 4317; x_wconf 90' lang='lat' dir='ltr'><strong>ter,</strong></span> <span class='ocrx_word' id='word_1_560' title='bbox 1363 4256 1606 4324; x_wconf 87' lang='lat' dir='ltr'><strong>inquam,</strong></span> <span class='ocrx_word' id='word_1_561' title='bbox 1634 4256 1895 4311; x_wconf 90' lang='lat' dir='ltr'><strong>continue</strong></span> <span class='ocrx_word' id='word_1_562' title='bbox 1918 4257 1983 4310; x_wconf 90' lang='lat' dir='ltr'>ad</span> 
     </span>
    </p>
   </div>
   <div class='ocr_carea' id='block_1_77' title="bbox 417 4344 1983 4417">
    <p class='ocr_par' dir='ltr' id='par_1_77' title="bbox 417 4344 1983 4417">
     <span class='ocr_line' id='line_1_77' title="bbox 417 4344 1983 4417; baseline -0.001 -17"><span class='ocrx_word' id='word_1_563' title='bbox 417 4349 585 4402; x_wconf 88' lang='lat' dir='ltr'><strong>vitam</strong></span> <span class='ocrx_word' id='word_1_564' title='bbox 623 4348 817 4417; x_wconf 88' lang='lat' dir='ltr'><strong>pennis</strong></span> <span class='ocrx_word' id='word_1_565' title='bbox 849 4348 923 4400; x_wconf 90' lang='lat' dir='ltr'>ita</span> <span class='ocrx_word' id='word_1_566' title='bbox 946 4344 1200 4409; x_wconf 77' lang='lat' dir='ltr'><strong>sublatze,</strong></span> <span class='ocrx_word' id='word_1_567' title='bbox 1243 4352 1367 4413; x_wconf 87' lang='lat' dir='ltr'><strong>post</strong></span> <span class='ocrx_word' id='word_1_568' title='bbox 1426 4361 1598 4399; x_wconf 88' lang='lat' dir='ltr'><strong>annos</strong></span> <span class='ocrx_word' id='word_1_569' title='bbox 1654 4346 1803 4400; x_wconf 89' lang='lat' dir='ltr'><strong>mille</strong></span> <span class='ocrx_word' id='word_1_570' title='bbox 1866 4347 1983 4400; x_wconf 89' lang='lat' dir='ltr'><strong>dis-</strong></span> 
     </span>
    </p>
   </div>
   <div class='ocr_carea' id='block_1_78' title="bbox 418 4436 1985 4507">
    <p class='ocr_par' dir='ltr' id='par_1_78' title="bbox 418 4436 1985 4507">
     <span class='ocr_line' id='line_1_78' title="bbox 418 4436 1985 4507; baseline -0.003 -12"><span class='ocrx_word' id='word_1_571' title='bbox 418 4439 645 4495; x_wconf 85' lang='lat' dir='ltr'><strong>cedunt.</strong></span> <span class='ocrx_word' id='word_1_572' title='bbox 674 4439 805 4493; x_wconf 73' lang='lat' dir='ltr'><strong>Alia:</strong></span> <span class='ocrx_word' id='word_1_573' title='bbox 838 4452 970 4491; x_wconf 88' lang='lat' dir='ltr'><strong>vero</strong></span> <span class='ocrx_word' id='word_1_574' title='bbox 991 4436 1207 4501; x_wconf 57' lang='lat' dir='ltr'><strong>anima,</strong></span> <span class='ocrx_word' id='word_1_575' title='bbox 1234 4453 1358 4491; x_wconf 90' lang='lat' dir='ltr'>cum</span> <span class='ocrx_word' id='word_1_576' title='bbox 1405 4437 1568 4490; x_wconf 85' lang='lat' dir='ltr'><strong>vitam</strong></span> <span class='ocrx_word' id='word_1_577' title='bbox 1594 4438 1822 4505; x_wconf 91' lang='lat' dir='ltr'><strong>primam</strong></span> <span class='ocrx_word' id='word_1_578' title='bbox 1860 4454 1985 4507; x_wconf 87' lang='lat' dir='ltr'><strong>per-</strong></span> 
     </span>
    </p>
   </div>
   <div class='ocr_carea' id='block_1_79' title="bbox 419 4529 1988 4601">
    <p class='ocr_par' dir='ltr' id='par_1_79' title="bbox 419 4529 1988 4601">
     <span class='ocr_line' id='line_1_79' title="bbox 419 4529 1988 4601; baseline -0.001 -16"><span class='ocrx_word' id='word_1_579' title='bbox 419 4531 653 4601; x_wconf 80' lang='lat' dir='ltr'><strong>egerint,</strong></span> <span class='ocrx_word' id='word_1_580' title='bbox 688 4530 956 4600; x_wconf 91' lang='lat' dir='ltr'><strong>judicium</strong></span> <span class='ocrx_word' id='word_1_581' title='bbox 982 4529 1256 4584; x_wconf 89' lang='lat' dir='ltr'><strong>subeunt:</strong></span> <span class='ocrx_word' id='word_1_582' title='bbox 1293 4545 1404 4598; x_wconf 91' lang='lat' dir='ltr'>quo</span> <span class='ocrx_word' id='word_1_583' title='bbox 1432 4530 1704 4594; x_wconf 91' lang='lat' dir='ltr'><strong>absoluto,</strong></span> <span class='ocrx_word' id='word_1_584' title='bbox 1729 4530 1845 4584; x_wconf 75' lang='lat' dir='ltr'><strong>alia:</strong></span> <span class='ocrx_word' id='word_1_585' title='bbox 1864 4532 1988 4599; x_wconf 89' lang='lat' dir='ltr'><strong>qui-</strong></span> 
     </span>
    </p>
   </div>
   <div class='ocr_carea' id='block_1_80' title="bbox 421 4620 1986 4692">
    <p class='ocr_par' dir='ltr' id='par_1_80' title="bbox 421 4620 1986 4692">
     <span class='ocr_line' id='line_1_80' title="bbox 421 4620 1986 4692; baseline -0.001 -16"><span class='ocrx_word' id='word_1_586' title='bbox 421 4623 544 4676; x_wconf 90' lang='lat' dir='ltr'>dem</span> <span class='ocrx_word' id='word_1_587' title='bbox 589 4621 644 4675; x_wconf 93' lang='lat' dir='ltr'>in</span> <span class='ocrx_word' id='word_1_588' title='bbox 678 4622 1037 4675; x_wconf 89' lang='lat' dir='ltr'><strong>subterranea</strong></span> <span class='ocrx_word' id='word_1_589' title='bbox 1080 4620 1193 4674; x_wconf 88' lang='lat' dir='ltr'><strong>fora</strong></span> <span class='ocrx_word' id='word_1_590' title='bbox 1244 4620 1513 4686; x_wconf 64' lang='lat' dir='ltr'><strong>demissae,</strong></span> <span class='ocrx_word' id='word_1_591' title='bbox 1547 4637 1736 4692; x_wconf 70' lang='lat' dir='ltr'><strong>poenas</strong></span> <span class='ocrx_word' id='word_1_592' title='bbox 1774 4622 1986 4690; x_wconf 88' lang='lat' dir='ltr'><strong>persol-</strong></span> 
     </span>
    </p>
   </div>
   <div class='ocr_carea' id='block_1_81' title="bbox 422 4713 1983 4784">
    <p class='ocr_par' dir='ltr' id='par_1_81' title="bbox 422 4713 1983 4784">
     <span class='ocr_line' id='line_1_81' title="bbox 422 4713 1983 4784; baseline -0.001 -16"><span class='ocrx_word' id='word_1_593' title='bbox 422 4722 557 4770; x_wconf 87' lang='lat' dir='ltr'><strong>vunt</strong></span> <span class='ocrx_word' id='word_1_594' title='bbox 608 4732 621 4767; x_wconf 90' lang='lat'>:</span> <span class='ocrx_word' id='word_1_595' title='bbox 667 4715 787 4769; x_wconf 65' lang='lat' dir='ltr'><strong>aliae</strong></span> <span class='ocrx_word' id='word_1_596' title='bbox 842 4729 972 4769; x_wconf 89' lang='lat' dir='ltr'><strong>vero</strong></span> <span class='ocrx_word' id='word_1_597' title='bbox 1024 4715 1093 4769; x_wconf 92' lang='lat' dir='ltr'>ab</span> <span class='ocrx_word' id='word_1_598' title='bbox 1138 4713 1351 4784; x_wconf 90' lang='lat' dir='ltr'><strong>justitia</strong></span> <span class='ocrx_word' id='word_1_599' title='bbox 1396 4714 1450 4768; x_wconf 90' lang='lat' dir='ltr'>in</span> <span class='ocrx_word' id='word_1_600' title='bbox 1510 4715 1801 4784; x_wconf 89' lang='lat' dir='ltr'><strong>quamdam</strong></span> <span class='ocrx_word' id='word_1_601' title='bbox 1858 4714 1983 4769; x_wconf 71' lang='lat' dir='ltr'><strong>(mli</strong></span> 
     </span>
    </p>
   </div>
   <div class='ocr_carea' id='block_1_82' title="bbox 2086 3166 3654 3238">
    <p class='ocr_par' dir='ltr' id='par_1_82' title="bbox 2086 3166 3654 3238">
     <span class='ocr_line' id='line_1_82' title="bbox 2086 3166 3654 3238; baseline -0.003 -17"><span class='ocrx_word' id='word_1_602' title='bbox 2086 3170 2195 3231; x_wconf 86' lang='grc' dir='ltr'>τοῖς</span> <span class='ocrx_word' id='word_1_603' title='bbox 2227 3170 2551 3238; x_wconf 89' lang='grc' dir='ltr'>φυτουργοῖς</span> <span class='ocrx_word' id='word_1_604' title='bbox 2594 3168 2911 3236; x_wconf 82' lang='grc' dir='ltr'>πολεμοῦσι,</span> <span class='ocrx_word' id='word_1_605' title='bbox 2961 3168 3053 3223; x_wconf 71' lang='grc' dir='ltr'>τὸν</span> <span class='ocrx_word' id='word_1_606' title='bbox 3092 3169 3200 3220; x_wconf 84' lang='grc' dir='ltr'>τῶν</span> <span class='ocrx_word' id='word_1_607' title='bbox 3235 3167 3414 3235; x_wconf 79' lang='grc' dir='ltr'>φυτῶν</span> <span class='ocrx_word' id='word_1_608' title='bbox 3440 3166 3654 3236; x_wconf 69' lang='grc' dir='ltr'>καρπὸν</span> 
     </span>
    </p>
   </div>
   <div class='ocr_carea' id='block_1_83' title="bbox 2085 3258 3653 3331">
    <p class='ocr_par' dir='ltr' id='par_1_83' title="bbox 2085 3258 3653 3331">
     <span class='ocr_line' id='line_1_83' title="bbox 2085 3258 3653 3331; baseline 0 -20"><span class='ocrx_word' id='word_1_609' title='bbox 2085 3260 2503 3329; x_wconf 83' lang='grc' dir='ltr'>διαφθείροντες.</span> <span class='ocrx_word' id='word_1_610' title='bbox 2536 3259 2705 3312; x_wconf 79' lang='grc' dir='ltr'>Τοῦτο</span> <span class='ocrx_word' id='word_1_611' title='bbox 2741 3260 2796 3313; x_wconf 79' lang='grc' dir='ltr'>δὲ</span> <span class='ocrx_word' id='word_1_612' title='bbox 2830 3260 3092 3331; x_wconf 83' lang='grc' dir='ltr'>ἀμηγέπη</span> <span class='ocrx_word' id='word_1_613' title='bbox 3119 3261 3211 3313; x_wconf 73' lang='grc' dir='ltr'>καί</span> <span class='ocrx_word' id='word_1_614' title='bbox 3238 3261 3294 3312; x_wconf 88' lang='grc' dir='ltr'>αἰ</span> <span class='ocrx_word' id='word_1_615' title='bbox 3332 3260 3573 3329; x_wconf 84' lang='grc' dir='ltr'>μέλιτται</span> <span class='ocrx_word' id='word_1_616' title='bbox 3604 3258 3653 3291; x_wconf 72' lang='grc'><strong>⁵⁸</strong></span> 
     </span>
    </p>
   </div>
   <div class='ocr_carea' id='block_1_84' title="bbox 2085 3349 3654 3419">
    <p class='ocr_par' dir='ltr' id='par_1_84' title="bbox 2085 3349 3654 3419">
     <span class='ocr_line' id='line_1_84' title="bbox 2085 3349 3654 3419; baseline 0 -16"><span class='ocrx_word' id='word_1_617' title='bbox 2085 3351 2305 3419; x_wconf 83' lang='grc' dir='ltr'>δρῶσιν.</span> <span class='ocrx_word' id='word_1_618' title='bbox 2343 3350 2501 3402; x_wconf 81' lang='grc' dir='ltr'>’Λλλὰ</span> <span class='ocrx_word' id='word_1_619' title='bbox 2540 3350 2745 3402; x_wconf 91' lang='grc' dir='ltr'>τούτων</span> <span class='ocrx_word' id='word_1_620' title='bbox 2797 3349 2947 3403; x_wconf 78' lang='grc' dir='ltr'>οὐδὲν</span> <span class='ocrx_word' id='word_1_621' title='bbox 2987 3349 3187 3414; x_wconf 84' lang='grc' dir='ltr'>ξύνοιδε</span> <span class='ocrx_word' id='word_1_622' title='bbox 3224 3349 3268 3381; x_wconf 76' lang='grc'>⁸⁸</span> <span class='ocrx_word' id='word_1_623' title='bbox 3298 3352 3404 3404; x_wconf 77' lang='grc' dir='ltr'>τῶν</span> <span class='ocrx_word' id='word_1_624' title='bbox 3439 3350 3654 3418; x_wconf 76' lang='grc' dir='ltr'>φιλοσόο</span> 
     </span>
    </p>
   </div>
   <div class='ocr_carea' id='block_1_85' title="bbox 2088 3440 3658 3511">
    <p class='ocr_par' dir='ltr' id='par_1_85' title="bbox 2088 3440 3658 3511">
     <span class='ocr_line' id='line_1_85' title="bbox 2088 3440 3658 3511; baseline 0 -18"><span class='ocrx_word' id='word_1_625' title='bbox 2088 3458 2202 3509; x_wconf 85' lang='grc' dir='ltr'>φων</span> <span class='ocrx_word' id='word_1_626' title='bbox 2228 3442 2255 3491; x_wconf 87' lang='grc' dir='ltr'>ὁ</span> <span class='ocrx_word' id='word_1_627' title='bbox 2284 3440 2523 3511; x_wconf 79' lang='grc' dir='ltr'>ἄριστος,</span> <span class='ocrx_word' id='word_1_628' title='bbox 2555 3440 2669 3493; x_wconf 78' lang='grc' dir='ltr'>ἀλλ’</span> <span class='ocrx_word' id='word_1_629' title='bbox 2697 3442 2775 3503; x_wconf 88' lang='grc' dir='ltr'>εἰς</span> <span class='ocrx_word' id='word_1_630' title='bbox 2806 3441 2961 3511; x_wconf 85' lang='grc' dir='ltr'>μόνον</span> <span class='ocrx_word' id='word_1_631' title='bbox 3000 3441 3183 3493; x_wconf 84' lang='grc' dir='ltr'>άπεῑδε</span> <span class='ocrx_word' id='word_1_632' title='bbox 3224 3441 3317 3493; x_wconf 78' lang='grc' dir='ltr'>τοῦ</span> <span class='ocrx_word' id='word_1_633' title='bbox 3355 3441 3569 3511; x_wconf 82' lang='grc' dir='ltr'>πρώτου</span> <span class='ocrx_word' id='word_1_634' title='bbox 3608 3441 3658 3471; x_wconf 63' lang='grc' dir='ltr'>δ’</span> 
     </span>
    </p>
   </div>
   <div class='ocr_carea' id='block_1_86' title="bbox 2085 3530 3655 3602">
    <p class='ocr_par' dir='ltr' id='par_1_86' title="bbox 2085 3530 3655 3602">
     <span class='ocr_line' id='line_1_86' title="bbox 2085 3530 3655 3602; baseline 0 -19"><span class='ocrx_word' id='word_1_635' title='bbox 2085 3548 2148 3599; x_wconf 88' lang='grc' dir='ltr'>γε</span> <span class='ocrx_word' id='word_1_636' title='bbox 2176 3530 2347 3584; x_wconf 77' lang='grc' dir='ltr'>ταῦτα</span> <span class='ocrx_word' id='word_1_637' title='bbox 2370 3531 2649 3601; x_wconf 84' lang='grc' dir='ltr'>εἰρηκότος</span> <span class='ocrx_word' id='word_1_638' title='bbox 2672 3532 2732 3584; x_wconf 80' lang='grc' dir='ltr'>τὸ</span> <span class='ocrx_word' id='word_1_639' title='bbox 2766 3531 2941 3594; x_wconf 88' lang='grc' dir='ltr'>κλέος.</span> <span class='ocrx_word' id='word_1_640' title='bbox 2973 3532 3082 3584; x_wconf 77' lang='grc' dir='ltr'>Καὶ</span> <span class='ocrx_word' id='word_1_641' title='bbox 3102 3532 3325 3602; x_wconf 80' lang='grc' dir='ltr'>ἑτέρωθι</span> <span class='ocrx_word' id='word_1_642' title='bbox 3352 3531 3407 3583; x_wconf 82' lang='grc' dir='ltr'>δὲ</span> <span class='ocrx_word' id='word_1_643' title='bbox 3430 3530 3655 3584; x_wconf 78' lang='grc' dir='ltr'>τοιαῦτα</span> 
     </span>
    </p>
   </div>
   <div class='ocr_carea' id='block_1_87' title="bbox 2087 3622 3657 3693">
    <p class='ocr_par' dir='ltr' id='par_1_87' title="bbox 2087 3622 3657 3693">
     <span class='ocr_line' id='line_1_87' title="bbox 2087 3622 3657 3693; baseline 0 -19"><span class='ocrx_word' id='word_1_644' title='bbox 2087 3622 2223 3675; x_wconf 76' lang='grc' dir='ltr'>ἄττα</span> <span class='ocrx_word' id='word_1_645' title='bbox 2257 3623 2557 3691; x_wconf 83' lang='grc' dir='ltr'>μυθολογεῐ,</span> <span class='ocrx_word' id='word_1_646' title='bbox 2599 3623 2691 3674; x_wconf 89' lang='grc' dir='ltr'>καί</span> <span class='ocrx_word' id='word_1_647' title='bbox 2727 3639 2911 3692; x_wconf 75' lang='grc' dir='ltr'>φησιν’</span> <span class='ocrx_word' id='word_1_648' title='bbox 2962 3641 2981 3673; x_wconf 78' lang='grc' dir='ltr'>ι</span> <span class='ocrx_word' id='word_1_649' title='bbox 3016 3624 3109 3684; x_wconf 84' lang='grc' dir='ltr'>Είς</span> <span class='ocrx_word' id='word_1_650' title='bbox 3147 3623 3246 3691; x_wconf 79' lang='grc' dir='ltr'>μὲν</span> <span class='ocrx_word' id='word_1_651' title='bbox 3286 3622 3394 3693; x_wconf 79' lang='grc' dir='ltr'>γὰρ</span> <span class='ocrx_word' id='word_1_652' title='bbox 3425 3622 3484 3674; x_wconf 85' lang='grc' dir='ltr'>τὸ</span> <span class='ocrx_word' id='word_1_653' title='bbox 3524 3622 3657 3675; x_wconf 77' lang='grc' dir='ltr'>αὐτὸ</span> 
     </span>
    </p>
   </div>
   <div class='ocr_carea' id='block_1_88' title="bbox 2086 3712 3656 3783">
    <p class='ocr_par' dir='ltr' id='par_1_88' title="bbox 2086 3712 3656 3783">
     <span class='ocr_line' id='line_1_88' title="bbox 2086 3712 3656 3783; baseline -0.002 -17"><span class='ocrx_word' id='word_1_654' title='bbox 2086 3712 2205 3766; x_wconf 83' lang='grc' dir='ltr'>ὅθεν</span> <span class='ocrx_word' id='word_1_655' title='bbox 2248 3713 2293 3744; x_wconf 70' lang='grc'>³⁸</span> <span class='ocrx_word' id='word_1_656' title='bbox 2322 3714 2445 3783; x_wconf 74' lang='grc' dir='ltr'>ἥκει</span> <span class='ocrx_word' id='word_1_657' title='bbox 2494 3714 2526 3783; x_wconf 86' lang='grc' dir='ltr'>ή</span> <span class='ocrx_word' id='word_1_658' title='bbox 2564 3712 2707 3783; x_wconf 74' lang='grc' dir='ltr'>ψυχή</span> <span class='ocrx_word' id='word_1_659' title='bbox 2738 3713 2781 3745; x_wconf 73' lang='grc'><strong>⁸⁸</strong></span> <span class='ocrx_word' id='word_1_660' title='bbox 2815 3713 3017 3782; x_wconf 76' lang='grc' dir='ltr'>ἑκάστη</span> <span class='ocrx_word' id='word_1_661' title='bbox 3050 3713 3148 3765; x_wconf 77' lang='grc' dir='ltr'>οὐκ</span> <span class='ocrx_word' id='word_1_662' title='bbox 3184 3715 3488 3781; x_wconf 83' lang='grc' dir='ltr'>ἀφικνεῖται</span> <span class='ocrx_word' id='word_1_663' title='bbox 3518 3713 3656 3765; x_wconf 76' lang='grc' dir='ltr'>ἐτῶν</span> 
     </span>
    </p>
   </div>
   <div class='ocr_carea' id='block_1_89' title="bbox 2091 3804 3654 3877">
    <p class='ocr_par' dir='ltr' id='par_1_89' title="bbox 2091 3804 3654 3877">
     <span class='ocr_line' id='line_1_89' title="bbox 2091 3804 3654 3877; baseline -0.001 -19"><span class='ocrx_word' id='word_1_664' title='bbox 2091 3806 2320 3876; x_wconf 87' lang='grc' dir='ltr'>μυρίων.</span> <span class='ocrx_word' id='word_1_665' title='bbox 2349 3806 2423 3858; x_wconf 71' lang='grc' dir='ltr'>Οὐ</span> <span class='ocrx_word' id='word_1_666' title='bbox 2448 3804 2555 3874; x_wconf 82' lang='grc' dir='ltr'>γάρ</span> <span class='ocrx_word' id='word_1_667' title='bbox 2600 3804 2893 3873; x_wconf 79' lang='grc' dir='ltr'>πτεροῦται</span> <span class='ocrx_word' id='word_1_668' title='bbox 2938 3806 3042 3877; x_wconf 75' lang='grc' dir='ltr'>πρὸ</span> <span class='ocrx_word' id='word_1_669' title='bbox 3078 3804 3330 3858; x_wconf 81' lang='grc' dir='ltr'>τοσούτου</span> <span class='ocrx_word' id='word_1_670' title='bbox 3363 3805 3550 3875; x_wconf 81' lang='grc' dir='ltr'>χρόνου</span> <span class='ocrx_word' id='word_1_671' title='bbox 3581 3806 3654 3868; x_wconf 79' lang='grc'>⁸⁸,</span> 
     </span>
    </p>
   </div>
   <div class='ocr_carea' id='block_1_90' title="bbox 2089 3897 3654 3968">
    <p class='ocr_par' dir='ltr' id='par_1_90' title="bbox 2089 3897 3654 3968">
     <span class='ocr_line' id='line_1_90' title="bbox 2089 3897 3654 3968; baseline -0.001 -18"><span class='ocrx_word' id='word_1_672' title='bbox 2089 3897 2227 3968; x_wconf 74' lang='grc' dir='ltr'>πλὴν</span> <span class='ocrx_word' id='word_1_673' title='bbox 2271 3899 2302 3967; x_wconf 85' lang='grc' dir='ltr'>ἣ</span> <span class='ocrx_word' id='word_1_674' title='bbox 2343 3897 2435 3949; x_wconf 82' lang='grc' dir='ltr'>τοῦ</span> <span class='ocrx_word' id='word_1_675' title='bbox 2477 3897 2935 3966; x_wconf 73' lang='grc' dir='ltr'>φιλοσοφήσαντος</span> <span class='ocrx_word' id='word_1_676' title='bbox 2973 3897 3255 3967; x_wconf 82' lang='grc' dir='ltr'>ἁδόλως,ῆ</span> <span class='ocrx_word' id='word_1_677' title='bbox 3297 3897 3654 3966; x_wconf 80' lang='grc' dir='ltr'>παιδεραστή-</span> 
     </span>
    </p>
   </div>
   <div class='ocr_carea' id='block_1_91' title="bbox 2092 3984 3650 4059">
    <p class='ocr_par' dir='ltr' id='par_1_91' title="bbox 2092 3984 3650 4059">
     <span class='ocr_line' id='line_1_91' title="bbox 2092 3984 3650 4059; baseline -0.001 -19"><span class='ocrx_word' id='word_1_678' title='bbox 2092 4006 2283 4050; x_wconf 83' lang='grc' dir='ltr'>σαντος</span> <span class='ocrx_word' id='word_1_679' title='bbox 2325 3988 2462 4058; x_wconf 78' lang='grc' dir='ltr'>μετὰ</span> <span class='ocrx_word' id='word_1_680' title='bbox 2496 3989 2829 4057; x_wconf 81' lang='grc' dir='ltr'>φιλοσοφίας.</span> <span class='ocrx_word' id='word_1_681' title='bbox 2864 3984 3029 4042; x_wconf 57' lang='lat' dir='ltr'><strong>Ait-cat</strong></span> <span class='ocrx_word' id='word_1_682' title='bbox 3061 3989 3113 4041; x_wconf 84' lang='grc' dir='ltr'>δὲ</span> <span class='ocrx_word' id='word_1_683' title='bbox 3146 3989 3299 4059; x_wconf 79' lang='grc' dir='ltr'>τρίτῃ</span> <span class='ocrx_word' id='word_1_684' title='bbox 3332 3989 3560 4058; x_wconf 81' lang='grc' dir='ltr'>περιόδῳ</span> <span class='ocrx_word' id='word_1_685' title='bbox 3584 3991 3650 4059; x_wconf 82' lang='grc' dir='ltr'>τῇ</span> 
     </span>
    </p>
   </div>
   <div class='ocr_carea' id='block_1_92' title="bbox 2089 4078 3654 4148">
    <p class='ocr_par' dir='ltr' id='par_1_92' title="bbox 2089 4078 3654 4148">
     <span class='ocr_line' id='line_1_92' title="bbox 2089 4078 3654 4148; baseline 0.001 -20"><span class='ocrx_word' id='word_1_686' title='bbox 2089 4078 2318 4148; x_wconf 78' lang='grc' dir='ltr'>χιλιετία</span> <span class='ocrx_word' id='word_1_687' title='bbox 2365 4078 2578 4132; x_wconf 78' lang='grc' dir='ltr'>ἐῶνται.</span> <span class='ocrx_word' id='word_1_688' title='bbox 2608 4079 2739 4147; x_wconf 85' lang='grc' dir='ltr'>Τρ“ις</span> <span class='ocrx_word' id='word_1_689' title='bbox 2772 4079 2813 4109; x_wconf 82' lang='grc'>⁵¹</span> <span class='ocrx_word' id='word_1_690' title='bbox 2850 4078 2905 4130; x_wconf 80' lang='grc' dir='ltr'>δὲ</span> <span class='ocrx_word' id='word_1_691' title='bbox 2936 4078 3131 4147; x_wconf 80' lang='grc' dir='ltr'>ἐφεξῆς</span> <span class='ocrx_word' id='word_1_692' title='bbox 3186 4078 3275 4130; x_wconf 73' lang='grc' dir='ltr'>τὸν</span> <span class='ocrx_word' id='word_1_693' title='bbox 3319 4078 3430 4147; x_wconf 79' lang='grc' dir='ltr'>βίον</span> <span class='ocrx_word' id='word_1_694' title='bbox 3468 4078 3654 4130; x_wconf 77' lang='grc' dir='ltr'>τοῦτον</span> 
     </span>
    </p>
   </div>
   <div class='ocr_carea' id='block_1_93' title="bbox 2088 4168 3651 4240">
    <p class='ocr_par' dir='ltr' id='par_1_93' title="bbox 2088 4168 3651 4240">
     <span class='ocr_line' id='line_1_93' title="bbox 2088 4168 3651 4240; baseline 0.002 -19"><span class='ocrx_word' id='word_1_695' title='bbox 2088 4170 2257 4232; x_wconf 76' lang='grc' dir='ltr'>οὕτως</span> <span class='ocrx_word' id='word_1_696' title='bbox 2293 4169 2671 4239; x_wconf 84' lang='grc' dir='ltr'>πτερωθεϊσαι,</span> <span class='ocrx_word' id='word_1_697' title='bbox 2702 4168 2779 4239; x_wconf 80' lang='grc' dir='ltr'>τῷ</span> <span class='ocrx_word' id='word_1_698' title='bbox 2803 4170 3055 4240; x_wconf 78' lang='grc' dir='ltr'>χιλιοστῷ</span> <span class='ocrx_word' id='word_1_699' title='bbox 3086 4172 3129 4201; x_wconf 76' lang='grc'>³³</span> <span class='ocrx_word' id='word_1_700' title='bbox 3166 4172 3273 4221; x_wconf 76' lang='grc' dir='ltr'>ἔτει</span> <span class='ocrx_word' id='word_1_701' title='bbox 3305 4171 3651 4239; x_wconf 79' lang='grc' dir='ltr'>ἀπέρχονται.</span> 
     </span>
    </p>
   </div>
   <div class='ocr_carea' id='block_1_94' title="bbox 2088 4261 3653 4333">
    <p class='ocr_par' dir='ltr' id='par_1_94' title="bbox 2088 4261 3653 4333">
     <span class='ocr_line' id='line_1_94' title="bbox 2088 4261 3653 4333; baseline 0 -20"><span class='ocrx_word' id='word_1_702' title='bbox 2088 4262 2153 4313; x_wconf 81' lang='grc' dir='ltr'>Δί</span> <span class='ocrx_word' id='word_1_703' title='bbox 2186 4262 2241 4314; x_wconf 80' lang='grc' dir='ltr'>δὲ</span> <span class='ocrx_word' id='word_1_704' title='bbox 2272 4261 2449 4322; x_wconf 81' lang='grc' dir='ltr'>ἄλλαι,</span> <span class='ocrx_word' id='word_1_705' title='bbox 2478 4263 2602 4314; x_wconf 79' lang='grc' dir='ltr'>ὅταν</span> <span class='ocrx_word' id='word_1_706' title='bbox 2640 4262 2728 4314; x_wconf 83' lang='grc' dir='ltr'>τὸν</span> <span class='ocrx_word' id='word_1_707' title='bbox 2774 4262 2987 4333; x_wconf 82' lang='grc' dir='ltr'>πρῶτον</span> <span class='ocrx_word' id='word_1_708' title='bbox 3035 4263 3146 4331; x_wconf 71' lang='grc' dir='ltr'>βίον</span> <span class='ocrx_word' id='word_1_709' title='bbox 3184 4262 3544 4331; x_wconf 79' lang='grc' dir='ltr'>τελευτήσωσι</span> <span class='ocrx_word' id='word_1_710' title='bbox 3582 4262 3653 4325; x_wconf 81' lang='grc'>⁸³,</span> 
     </span>
    </p>
   </div>
   <div class='ocr_carea' id='block_1_95' title="bbox 2089 4351 3655 4422">
    <p class='ocr_par' dir='ltr' id='par_1_95' title="bbox 2089 4351 3655 4422">
     <span class='ocr_line' id='line_1_95' title="bbox 2089 4351 3655 4422; baseline 0.001 -19"><span class='ocrx_word' id='word_1_711' title='bbox 2089 4352 2322 4422; x_wconf 82' lang='grc' dir='ltr'>κρίσεως</span> <span class='ocrx_word' id='word_1_712' title='bbox 2368 4352 2574 4421; x_wconf 75' lang='grc' dir='ltr'>ἔτυχον·</span> <span class='ocrx_word' id='word_1_713' title='bbox 2622 4351 2893 4422; x_wconf 85' lang='grc' dir='ltr'>κριθεῖσαι</span> <span class='ocrx_word' id='word_1_714' title='bbox 2936 4352 3011 4416; x_wconf 78' lang='grc' dir='ltr'>δὲ,</span> <span class='ocrx_word' id='word_1_715' title='bbox 3055 4352 3110 4405; x_wconf 83' lang='grc' dir='ltr'>αξ</span> <span class='ocrx_word' id='word_1_716' title='bbox 3155 4353 3271 4421; x_wconf 75' lang='grc' dir='ltr'>μὲν,</span> <span class='ocrx_word' id='word_1_717' title='bbox 3318 4355 3396 4415; x_wconf 89' lang='grc' dir='ltr'>εἰς</span> <span class='ocrx_word' id='word_1_718' title='bbox 3440 4352 3507 4404; x_wconf 78' lang='grc' dir='ltr'>τὰ</span> <span class='ocrx_word' id='word_1_719' title='bbox 3550 4354 3655 4405; x_wconf 72' lang='grc' dir='ltr'>ὑπὸ</span> 
     </span>
    </p>
   </div>
   <div class='ocr_carea' id='block_1_96' title="bbox 2093 4443 3651 4516">
    <p class='ocr_par' dir='ltr' id='par_1_96' title="bbox 2093 4443 3651 4516">
     <span class='ocr_line' id='line_1_96' title="bbox 2093 4443 3651 4516; baseline -0.002 -21"><span class='ocrx_word' id='word_1_720' title='bbox 2093 4443 2238 4516; x_wconf 74' lang='grc' dir='ltr'>[τῆς]</span> <span class='ocrx_word' id='word_1_721' title='bbox 2264 4444 2308 4476; x_wconf 65' lang='grc'>⁸⁵</span> <span class='ocrx_word' id='word_1_722' title='bbox 2340 4444 2440 4514; x_wconf 80' lang='grc' dir='ltr'>γῆς</span> <span class='ocrx_word' id='word_1_723' title='bbox 2468 4444 2820 4514; x_wconf 73' lang='grc' dir='ltr'>δικαιωτήρια</span> <span class='ocrx_word' id='word_1_724' title='bbox 2852 4444 3122 4502; x_wconf 75' lang='grc' dir='ltr'>ἐλθοῦσαι.</span> <span class='ocrx_word' id='word_1_725' title='bbox 3148 4445 3303 4511; x_wconf 88' lang='grc' dir='ltr'>δίκην</span> <span class='ocrx_word' id='word_1_726' title='bbox 3330 4446 3374 4476; x_wconf 77' lang='grc'>⁸⁸</span> <span class='ocrx_word' id='word_1_727' title='bbox 3399 4443 3651 4497; x_wconf 83' lang='grc' dir='ltr'>τίνουσιν·</span> 
     </span>
    </p>
   </div>
   <div class='ocr_carea' id='block_1_97' title="bbox 2091 4532 3655 4604">
    <p class='ocr_par' dir='ltr' id='par_1_97' title="bbox 2091 4532 3655 4604">
     <span class='ocr_line' id='line_1_97' title="bbox 2091 4532 3655 4604; baseline 0.001 -20"><span class='ocrx_word' id='word_1_728' title='bbox 2091 4534 2148 4584; x_wconf 93' lang='grc' dir='ltr'>αἰ</span> <span class='ocrx_word' id='word_1_729' title='bbox 2176 4533 2253 4593; x_wconf 75' lang='grc' dir='ltr'>δὲ,</span> <span class='ocrx_word' id='word_1_730' title='bbox 2287 4534 2367 4595; x_wconf 88' lang='grc' dir='ltr'>εἰς</span> <span class='ocrx_word' id='word_1_731' title='bbox 2399 4532 2492 4586; x_wconf 80' lang='grc' dir='ltr'>τοῦ</span> <span class='ocrx_word' id='word_1_732' title='bbox 2526 4533 2754 4604; x_wconf 76' lang='grc' dir='ltr'>οὐρανοῦ</span> <span class='ocrx_word' id='word_1_733' title='bbox 2785 4551 2905 4586; x_wconf 88' lang='grc' dir='ltr'>τινα</span> <span class='ocrx_word' id='word_1_734' title='bbox 2932 4534 3095 4587; x_wconf 89' lang='grc' dir='ltr'>τόπον</span> <span class='ocrx_word' id='word_1_735' title='bbox 3126 4535 3193 4597; x_wconf 72' lang='grc'>⁸⁸,</span> <span class='ocrx_word' id='word_1_736' title='bbox 3227 4534 3331 4587; x_wconf 79' lang='grc' dir='ltr'>ὑπὸ</span> <span class='ocrx_word' id='word_1_737' title='bbox 3372 4533 3472 4602; x_wconf 77' lang='grc' dir='ltr'>τῆς</span> <span class='ocrx_word' id='word_1_738' title='bbox 3503 4533 3655 4603; x_wconf 83' lang='grc' dir='ltr'>δίκης</span> 
     </span>
    </p>
   </div>
   <div class='ocr_carea' id='block_1_98' title="bbox 2093 4616 3655 4691">
    <p class='ocr_par' dir='ltr' id='par_1_98' title="bbox 2093 4616 3655 4691">
     <span class='ocr_line' id='line_1_98' title="bbox 2093 4616 3655 4691; baseline -0.001 -18"><span class='ocrx_word' id='word_1_739' title='bbox 2093 4622 2489 4689; x_wconf 78' lang='grc' dir='ltr'>κουφισθείται,</span> <span class='ocrx_word' id='word_1_740' title='bbox 2520 4622 2794 4689; x_wconf 87' lang='grc' dir='ltr'>διάγουσιν</span> <span class='ocrx_word' id='word_1_741' title='bbox 2833 4621 2997 4685; x_wconf 80' lang='grc' dir='ltr'>ἀξίως</span> <span class='ocrx_word' id='word_1_742' title='bbox 3030 4616 3091 4675; x_wconf 74' lang='grc' dir='ltr'>οὗ</span> <span class='ocrx_word' id='word_1_743' title='bbox 3120 4622 3175 4674; x_wconf 78' lang='grc' dir='ltr'>ὲν</span> <span class='ocrx_word' id='word_1_744' title='bbox 3209 4619 3494 4691; x_wconf 83' lang='grc' dir='ltr'>ἀνθρώπου</span> <span class='ocrx_word' id='word_1_745' title='bbox 3527 4619 3655 4672; x_wconf 72' lang='grc' dir='ltr'>εἴδει</span> 
     </span>
    </p>
   </div>
   <div class='ocr_carea' id='block_1_99' title="bbox 2097 4710 3655 4783">
    <p class='ocr_par' dir='ltr' id='par_1_99' title="bbox 2097 4710 3655 4783">
     <span class='ocr_line' id='line_1_99' title="bbox 2097 4710 3655 4783; baseline -0.003 -18"><span class='ocrx_word' id='word_1_746' title='bbox 2097 4713 2329 4766; x_wconf 76' lang='grc' dir='ltr'>ἐϐίωσαν</span> <span class='ocrx_word' id='word_1_747' title='bbox 2360 4713 2475 4783; x_wconf 84' lang='grc' dir='ltr'>βίου</span> <span class='ocrx_word' id='word_1_748' title='bbox 2505 4714 2569 4767; x_wconf 83' lang='grc'>⁸⁷.</span> <span class='ocrx_word' id='word_1_749' title='bbox 2610 4733 2628 4766; x_wconf 77' lang='grc' dir='ltr'>ι</span> <span class='ocrx_word' id='word_1_750' title='bbox 2665 4714 2773 4766; x_wconf 77' lang='lat' dir='ltr'><strong>Kal.</strong></span> <span class='ocrx_word' id='word_1_751' title='bbox 2810 4712 3013 4765; x_wconf 87' lang='grc' dir='ltr'>τούτων</span> <span class='ocrx_word' id='word_1_752' title='bbox 3056 4712 3110 4764; x_wconf 77' lang='grc' dir='ltr'>δὲ</span> <span class='ocrx_word' id='word_1_753' title='bbox 3149 4711 3246 4781; x_wconf 83' lang='grc' dir='ltr'>τὴν</span> <span class='ocrx_word' id='word_1_754' title='bbox 3286 4710 3515 4764; x_wconf 75' lang='grc' dir='ltr'>ἀτοπίαν</span> <span class='ocrx_word' id='word_1_755' title='bbox 3550 4710 3655 4762; x_wconf 82' lang='grc' dir='ltr'>τῶν</span> 
     </span>
    </p>
   </div>
   <div class='ocr_carea' id='block_1_100' title="bbox 1654 4868 2317 4925">
    <p class='ocr_par' dir='ltr' id='par_1_100' title="bbox 1654 4868 2317 4925">
     <span class='ocr_line' id='line_1_100' title="bbox 1654 4868 2317 4925; baseline 0.003 -2"><span class='ocrx_word' id='word_1_756' title='bbox 1654 4869 1885 4924; x_wconf 71' lang='lat' dir='ltr'>VARIAS</span> <span class='ocrx_word' id='word_1_757' title='bbox 1917 4868 2317 4925; x_wconf 74' lang='lat' dir='ltr'>LECTIONES.</span> 
     </span>
    </p>
   </div>
   <div class='ocr_carea' id='block_1_101' title="bbox 501 4987 3653 5058">
    <p class='ocr_par' dir='ltr' id='par_1_101' title="bbox 501 4987 3653 5058">
     <span class='ocr_line' id='line_1_101' title="bbox 501 4987 3653 5058; baseline -0 -19"><span class='ocrx_word' id='word_1_758' title='bbox 501 4987 545 5019; x_wconf 74' lang='grc'>⁸⁸</span> <span class='ocrx_word' id='word_1_759' title='bbox 586 4988 1190 5058; x_wconf 84' lang='grc' dir='ltr'>μετενσωματουμένας.</span> <span class='ocrx_word' id='word_1_760' title='bbox 1222 4989 1806 5058; x_wconf 66' lang='grc' dir='ltr'>Δμετενσωματωμένας</span> <span class='ocrx_word' id='word_1_761' title='bbox 1840 4988 1903 5052; x_wconf 88' lang='lat' dir='ltr'><strong>C,</strong></span> <span class='ocrx_word' id='word_1_762' title='bbox 1933 4989 2547 5058; x_wconf 77' lang='grc' dir='ltr'>μετενσωματουμένους</span> <span class='ocrx_word' id='word_1_763' title='bbox 2583 4990 2679 5053; x_wconf 87' lang='lat' dir='ltr'>Va,</span> <span class='ocrx_word' id='word_1_764' title='bbox 2713 4991 3304 5057; x_wconf 85' lang='grc' dir='ltr'>μετενσωματουμένας</span> <span class='ocrx_word' id='word_1_765' title='bbox 3334 4988 3433 5053; x_wconf 81' lang='lat' dir='ltr'>Vb,</span> <span class='ocrx_word' id='word_1_766' title='bbox 3469 5004 3653 5056; x_wconf 80' lang='grc' dir='ltr'>μετεν-</span> 
     </span>
    </p>
   </div>
   <div class='ocr_carea' id='block_1_102' title="bbox 424 5056 2717 5127">
    <p class='ocr_par' dir='ltr' id='par_1_102' title="bbox 424 5056 2717 5127">
     <span class='ocr_line' id='line_1_102' title="bbox 424 5056 2717 5127; baseline 0.001 -18"><span class='ocrx_word' id='word_1_767' title='bbox 424 5056 847 5126; x_wconf 81' lang='grc' dir='ltr'>σωματουμένας</span> <span class='ocrx_word' id='word_1_768' title='bbox 884 5060 948 5127; x_wconf 85' lang='grc' dir='ltr'>(ω</span> <span class='ocrx_word' id='word_1_769' title='bbox 971 5056 1133 5127; x_wconf 86' lang='lat' dir='ltr'><strong>supra</strong></span> <span class='ocrx_word' id='word_1_770' title='bbox 1156 5056 1327 5127; x_wconf 55' lang='lat' dir='ltr'><strong>culp.</strong></span> <span class='ocrx_word' id='word_1_771' title='bbox 1386 5058 1428 5088; x_wconf 79' lang='grc'>³⁹</span> <span class='ocrx_word' id='word_1_772' title='bbox 1462 5057 1552 5127; x_wconf 70' lang='grc' dir='ltr'>τὸν</span> <span class='ocrx_word' id='word_1_773' title='bbox 1585 5060 1735 5109; x_wconf 83' lang='grc' dir='ltr'>Κωκ.</span> <span class='ocrx_word' id='word_1_774' title='bbox 1782 5060 1873 5110; x_wconf 69' lang='grc' dir='ltr'>καὶ</span> <span class='ocrx_word' id='word_1_775' title='bbox 1903 5056 1992 5109; x_wconf 69' lang='grc' dir='ltr'>τὸν</span> <span class='ocrx_word' id='word_1_776' title='bbox 2024 5056 2219 5126; x_wconf 77' lang='grc' dir='ltr'>Πυριφ.</span> <span class='ocrx_word' id='word_1_777' title='bbox 2255 5056 2365 5110; x_wconf 61' lang='grc' dir='ltr'>τι).</span> <span class='ocrx_word' id='word_1_778' title='bbox 2397 5057 2441 5089; x_wconf 71' lang='grc' dir='ltr'>⁸ο</span> <span class='ocrx_word' id='word_1_779' title='bbox 2464 5061 2573 5120; x_wconf 81' lang='grc' dir='ltr'>τοῖς</span> <span class='ocrx_word' id='word_1_780' title='bbox 2608 5075 2717 5111; x_wconf 71' lang='lat' dir='ltr'><strong>«un.</strong></span> 
     </span>
    </p>
   </div>
   <div class='ocr_carea' id='block_1_103' title="bbox 423 5126 1170 5196">
    <p class='ocr_par' dir='ltr' id='par_1_103' title="bbox 423 5126 1170 5196">
     <span class='ocr_line' id='line_1_103' title="bbox 423 5126 1170 5196; baseline -0.004 -16"><span class='ocrx_word' id='word_1_781' title='bbox 423 5128 468 5159; x_wconf 73' lang='lat'>“</span> <span class='ocrx_word' id='word_1_782' title='bbox 493 5127 818 5196; x_wconf 73' lang='grc' dir='ltr'>ἀπάγεσθαι.</span> <span class='ocrx_word' id='word_1_783' title='bbox 868 5126 1170 5195; x_wconf 76' lang='grc' dir='ltr'>ὑπάγεσθαι</span> 
     </span>
    </p>
   </div>
   <div class='ocr_carea' id='block_1_104' title="bbox 427 5198 1090 5277">
    <p class='ocr_par' dir='ltr' id='par_1_104' title="bbox 427 5198 1090 5277">
     <span class='ocr_line' id='line_1_104' title="bbox 427 5198 1090 5277; baseline -0.002 -27"><span class='ocrx_word' id='word_1_784' title='bbox 427 5198 668 5277; x_wconf 70' lang='grc' dir='ltr'>μέλιτται</span> <span class='ocrx_word' id='word_1_785' title='bbox 721 5198 980 5277; x_wconf 69' lang='grc' dir='ltr'>ἁμηγέπη</span> <span class='ocrx_word' id='word_1_786' title='bbox 1028 5198 1090 5250; x_wconf 90' lang='grc' dir='ltr'>Ι).</span> 
     </span>
    </p>
   </div>
   <div class='ocr_carea' id='block_1_105' title="bbox 1176 5194 1818 5259">
    <p class='ocr_par' dir='ltr' id='par_1_105' title="bbox 1176 5194 1818 5259">
     <span class='ocr_line' id='line_1_105' title="bbox 1176 5194 1818 5259; baseline 0.009 -15"><span class='ocrx_word' id='word_1_787' title='bbox 1176 5195 1219 5226; x_wconf 68' lang='grc'>⁸⁵⁸</span> <span class='ocrx_word' id='word_1_788' title='bbox 1248 5194 1467 5256; x_wconf 77' lang='grc' dir='ltr'>ξύνοιδε.</span> <span class='ocrx_word' id='word_1_789' title='bbox 1511 5194 1725 5259; x_wconf 55' lang='lat' dir='ltr'><strong>sima:</strong></span> <span class='ocrx_word' id='word_1_790' title='bbox 1756 5196 1818 5250; x_wconf 87' lang='lat' dir='ltr'><strong>C.</strong></span> 
     </span>
    </p>
   </div>
   <div class='ocr_carea' id='block_1_106' title="bbox 2762 5058 3648 5123">
    <p class='ocr_par' dir='ltr' id='par_1_106' title="bbox 2762 5058 3648 5123">
     <span class='ocr_line' id='line_1_106' title="bbox 2762 5058 3648 5123; baseline -0.001 -12"><span class='ocrx_word' id='word_1_791' title='bbox 2762 5059 2820 5111; x_wconf 71' lang='grc' dir='ltr'>Ι).</span> <span class='ocrx_word' id='word_1_792' title='bbox 2850 5058 2889 5088; x_wconf 71' lang='grc'>³¹</span> <span class='ocrx_word' id='word_1_793' title='bbox 2921 5060 3013 5110; x_wconf 84' lang='grc' dir='ltr'>ὑπ’</span> <span class='ocrx_word' id='word_1_794' title='bbox 3042 5059 3239 5111; x_wconf 76' lang='grc' dir='ltr'>αὐτῶν.</span> <span class='ocrx_word' id='word_1_795' title='bbox 3267 5058 3369 5110; x_wconf 79' lang='grc' dir='ltr'>ὑπὸ</span> <span class='ocrx_word' id='word_1_796' title='bbox 3413 5058 3558 5123; x_wconf 78' lang='grc' dir='ltr'>σφῶν</span> <span class='ocrx_word' id='word_1_797' title='bbox 3590 5058 3648 5110; x_wconf 86' lang='grc' dir='ltr'>Ι).</span> 
     </span>
    </p>
   </div>
   <div class='ocr_carea' id='block_1_107' title="bbox 1274 5125 3652 5198">
    <p class='ocr_par' dir='ltr' id='par_1_107' title="bbox 1274 5125 3652 5198">
     <span class='ocr_line' id='line_1_107' title="bbox 1274 5125 3652 5198; baseline -0 -20"><span class='ocrx_word' id='word_1_798' title='bbox 1274 5125 1325 5198; x_wconf 77' lang='lat' dir='ltr'>b.</span> <span class='ocrx_word' id='word_1_799' title='bbox 1354 5127 1415 5198; x_wconf 72' lang='lat' dir='ltr'><strong>D.</strong></span> <span class='ocrx_word' id='word_1_800' title='bbox 1488 5125 1781 5198; x_wconf 20' lang='grc' dir='ltr'>δξνάρετήν.</span> <span class='ocrx_word' id='word_1_801' title='bbox 1829 5128 2051 5198; x_wconf 7' lang='grc' dir='ltr'>ἀρετῆς,</span> <span class='ocrx_word' id='word_1_802' title='bbox 2080 5125 2183 5188; x_wconf 80' lang='lat' dir='ltr'>Vb,</span> <span class='ocrx_word' id='word_1_803' title='bbox 2222 5128 2319 5195; x_wconf 73' lang='grc' dir='ltr'>τῆς</span> <span class='ocrx_word' id='word_1_804' title='bbox 2363 5128 2562 5198; x_wconf 84' lang='grc' dir='ltr'>ἀρετῆς</span> <span class='ocrx_word' id='word_1_805' title='bbox 2610 5129 2671 5181; x_wconf 88' lang='grc' dir='ltr'>Ι).</span> <span class='ocrx_word' id='word_1_806' title='bbox 2725 5128 2793 5198; x_wconf 71' lang='lat'>_“</span> <span class='ocrx_word' id='word_1_807' title='bbox 2846 5128 2923 5179; x_wconf 80' lang='grc' dir='ltr'>τῶ</span> <span class='ocrx_word' id='word_1_808' title='bbox 2956 5132 3047 5180; x_wconf 77' lang='grc' dir='ltr'>καὶ</span> <span class='ocrx_word' id='word_1_809' title='bbox 3105 5132 3212 5180; x_wconf 87' lang='grc' dir='ltr'>τῶν</span> <span class='ocrx_word' id='word_1_810' title='bbox 3269 5128 3331 5198; x_wconf 81' lang='grc' dir='ltr'>Ι).</span> <span class='ocrx_word' id='word_1_811' title='bbox 3391 5128 3445 5198; x_wconf 76' lang='lat'>&quot;_</span> <span class='ocrx_word' id='word_1_812' title='bbox 3474 5130 3566 5179; x_wconf 73' lang='grc' dir='ltr'>καὶ</span> <span class='ocrx_word' id='word_1_813' title='bbox 3602 5129 3652 5178; x_wconf 82' lang='grc' dir='ltr'>αἱ</span> 
     </span>
    </p>
   </div>
   <div class='ocr_carea' id='block_1_108' title="bbox 1554 5196 3653 5267">
    <p class='ocr_par' dir='ltr' id='par_1_108' title="bbox 1554 5196 3653 5267">
     <span class='ocr_line' id='line_1_108' title="bbox 1554 5196 3653 5267; baseline 0 -20"><span class='ocrx_word' id='word_1_814' title='bbox 1554 5196 1712 5248; x_wconf 65' lang='grc' dir='ltr'>ὄνειδε</span> <span class='ocrx_word' id='word_1_815' title='bbox 1756 5196 1818 5250; x_wconf 87' lang='lat' dir='ltr'><strong>C.</strong></span> <span class='ocrx_word' id='word_1_816' title='bbox 1888 5197 1958 5267; x_wconf 10' lang='lat'>7&quot;</span> <span class='ocrx_word' id='word_1_817' title='bbox 1988 5197 2179 5264; x_wconf 81' lang='grc' dir='ltr'>μόνους</span> <span class='ocrx_word' id='word_1_818' title='bbox 2216 5196 2413 5267; x_wconf 75' lang='grc' dir='ltr'>ἐπεῖδε</span> <span class='ocrx_word' id='word_1_819' title='bbox 2453 5198 2579 5258; x_wconf 74' lang='grc' dir='ltr'>τοὺς</span> <span class='ocrx_word' id='word_1_820' title='bbox 2628 5196 2873 5267; x_wconf 76' lang='grc' dir='ltr'>πρώτους</span> <span class='ocrx_word' id='word_1_821' title='bbox 2907 5199 3009 5254; x_wconf 74' lang='lat' dir='ltr'>Vb,</span> <span class='ocrx_word' id='word_1_822' title='bbox 3060 5198 3249 5267; x_wconf 82' lang='grc' dir='ltr'>μόνους</span> <span class='ocrx_word' id='word_1_823' title='bbox 3297 5196 3481 5248; x_wconf 80' lang='grc' dir='ltr'>άπεῖδε</span> <span class='ocrx_word' id='word_1_824' title='bbox 3536 5200 3653 5257; x_wconf 69' lang='grc' dir='ltr'>τοὺς</span> 
     </span>
    </p>
   </div>
   <div class='ocr_carea' id='block_1_109' title="bbox 424 5264 2105 5336">
    <p class='ocr_par' dir='ltr' id='par_1_109' title="bbox 424 5264 2105 5336">
     <span class='ocr_line' id='line_1_109' title="bbox 424 5264 2105 5336; baseline 0.001 -18"><span class='ocrx_word' id='word_1_825' title='bbox 424 5268 672 5336; x_wconf 83' lang='grc' dir='ltr'>πρώτους</span> <span class='ocrx_word' id='word_1_826' title='bbox 717 5264 940 5320; x_wconf 55' lang='grc' dir='ltr'>καιτοῦ</span> <span class='ocrx_word' id='word_1_827' title='bbox 972 5264 1068 5335; x_wconf 81' lang='grc' dir='ltr'>πρ.</span> <span class='ocrx_word' id='word_1_828' title='bbox 1103 5266 1165 5318; x_wconf 92' lang='grc' dir='ltr'>Ι).</span> <span class='ocrx_word' id='word_1_829' title='bbox 1221 5264 1287 5336; x_wconf 32' lang='grc'>,⁸⁸</span> <span class='ocrx_word' id='word_1_830' title='bbox 1314 5266 1372 5317; x_wconf 85' lang='grc' dir='ltr'>τὸ</span> <span class='ocrx_word' id='word_1_831' title='bbox 1403 5266 1541 5318; x_wconf 81' lang='grc' dir='ltr'>ὅθεν.</span> <span class='ocrx_word' id='word_1_832' title='bbox 1582 5267 1641 5317; x_wconf 82' lang='grc' dir='ltr'>τὸ</span> <span class='ocrx_word' id='word_1_833' title='bbox 1672 5267 1799 5318; x_wconf 73' lang='grc' dir='ltr'>αὐτὸ</span> <span class='ocrx_word' id='word_1_834' title='bbox 1846 5266 1966 5319; x_wconf 83' lang='grc' dir='ltr'>ὅθεν</span> <span class='ocrx_word' id='word_1_835' title='bbox 2004 5267 2105 5319; x_wconf 76' lang='lat' dir='ltr'>Vh.</span> 
     </span>
    </p>
   </div>
   <div class='ocr_carea' id='block_1_110' title="bbox 2189 5254 3651 5335">
    <p class='ocr_par' dir='ltr' id='par_1_110' title="bbox 2189 5254 3651 5335">
     <span class='ocr_line' id='line_1_110' title="bbox 2189 5254 3651 5335; baseline -0.008 -9"><span class='ocrx_word' id='word_1_836' title='bbox 2189 5267 2232 5296; x_wconf 67' lang='grc'>⁸³</span> <span class='ocrx_word' id='word_1_837' title='bbox 2258 5266 2421 5335; x_wconf 70' lang='grc' dir='ltr'>ψυχή.</span> <span class='ocrx_word' id='word_1_838' title='bbox 2460 5268 2490 5332; x_wconf 79' lang='grc' dir='ltr'>ἡ</span> <span class='ocrx_word' id='word_1_839' title='bbox 2615 5254 2681 5320; x_wconf 68' lang='grc' dir='ltr'><em>ῡῖ</em></span> <span class='ocrx_word' id='word_1_840' title='bbox 2751 5268 2795 5297; x_wconf 73' lang='grc'>⁵³</span> <span class='ocrx_word' id='word_1_841' title='bbox 2828 5254 3080 5318; x_wconf 73' lang='grc' dir='ltr'>τοσούτου</span> <span class='ocrx_word' id='word_1_842' title='bbox 3124 5254 3349 5335; x_wconf 70' lang='grc' dir='ltr'>χρόνον.</span> <span class='ocrx_word' id='word_1_843' title='bbox 3387 5254 3651 5317; x_wconf 78' lang='grc' dir='ltr'>τοσούτων</span> 
     </span>
    </p>
   </div>
   <div class='ocr_carea' id='block_1_111' title="bbox 426 5334 3652 5407">
    <p class='ocr_par' dir='ltr' id='par_1_111' title="bbox 426 5334 3652 5407">
     <span class='ocr_line' id='line_1_111' title="bbox 426 5334 3652 5407; baseline 0 -20"><span class='ocrx_word' id='word_1_844' title='bbox 426 5334 627 5403; x_wconf 74' lang='grc' dir='ltr'>χρόνων</span> <span class='ocrx_word' id='word_1_845' title='bbox 654 5337 717 5393; x_wconf 88' lang='lat' dir='ltr'><strong>C.</strong></span> <span class='ocrx_word' id='word_1_846' title='bbox 771 5338 812 5369; x_wconf 83' lang='lat'>&#39;&quot;</span> <span class='ocrx_word' id='word_1_847' title='bbox 844 5337 986 5407; x_wconf 77' lang='grc' dir='ltr'>τρίς.</span> <span class='ocrx_word' id='word_1_848' title='bbox 1022 5334 1170 5407; x_wconf 84' lang='grc' dir='ltr'>τρεῖς</span> <span class='ocrx_word' id='word_1_849' title='bbox 1206 5334 1269 5407; x_wconf 67' lang='grc' dir='ltr'>β,</span> <span class='ocrx_word' id='word_1_850' title='bbox 1300 5336 1394 5395; x_wconf 82' lang='lat' dir='ltr'>Va.</span> <span class='ocrx_word' id='word_1_851' title='bbox 1422 5336 1489 5407; x_wconf 91' lang='lat' dir='ltr'><strong>D._</strong></span> <span class='ocrx_word' id='word_1_852' title='bbox 1516 5336 1782 5390; x_wconf 64' lang='lat' dir='ltr'><strong>Caeterum</strong></span> <span class='ocrx_word' id='word_1_853' title='bbox 1816 5338 1918 5406; x_wconf 83' lang='lat' dir='ltr'><strong>leg.</strong></span> <span class='ocrx_word' id='word_1_854' title='bbox 1948 5352 2014 5407; x_wconf 81' lang='lat' dir='ltr'>ex</span> <span class='ocrx_word' id='word_1_855' title='bbox 2046 5336 2286 5407; x_wconf 82' lang='lat' dir='ltr'><strong>Platone,</strong></span> <span class='ocrx_word' id='word_1_856' title='bbox 2337 5334 2687 5407; x_wconf 49' lang='grc' dir='ltr'>ξάγξλωνται</span> <span class='ocrx_word' id='word_1_857' title='bbox 2727 5337 2845 5407; x_wconf 70' lang='grc' dir='ltr'>τρὶς</span> <span class='ocrx_word' id='word_1_858' title='bbox 2880 5337 3091 5404; x_wconf 78' lang='grc' dir='ltr'>ἐφεξῆς.</span> <span class='ocrx_word' id='word_1_859' title='bbox 3128 5334 3249 5390; x_wconf 77' lang='lat' dir='ltr'><strong>Mox</strong></span> <span class='ocrx_word' id='word_1_860' title='bbox 3285 5334 3361 5402; x_wconf 80' lang='grc' dir='ltr'>τῷ</span> <span class='ocrx_word' id='word_1_861' title='bbox 3390 5345 3516 5387; x_wconf 87' lang='lat' dir='ltr'><strong>ante</strong></span> <span class='ocrx_word' id='word_1_862' title='bbox 3554 5334 3652 5403; x_wconf 72' lang='grc' dir='ltr'>γιὶ..</span> 
     </span>
    </p>
   </div>
   <div class='ocr_carea' id='block_1_112' title="bbox 427 5403 3651 5487">
    <p class='ocr_par' dir='ltr' id='par_1_112' title="bbox 427 5403 3651 5487">
     <span class='ocr_line' id='line_1_112' title="bbox 427 5403 3651 5487; baseline 0.001 -34"><span class='ocrx_word' id='word_1_863' title='bbox 427 5421 534 5487; x_wconf 64' lang='grc' dir='ltr'>ρει).</span> <span class='ocrx_word' id='word_1_864' title='bbox 561 5407 621 5460; x_wconf 87' lang='lat' dir='ltr'><strong>D.</strong></span> <span class='ocrx_word' id='word_1_865' title='bbox 699 5411 742 5487; x_wconf 61' lang='grc' dir='ltr'>ξ’</span> <span class='ocrx_word' id='word_1_866' title='bbox 782 5403 1137 5487; x_wconf 55' lang='grc' dir='ltr'>πτερωθεῖξαι</span> <span class='ocrx_word' id='word_1_867' title='bbox 1166 5406 1381 5487; x_wconf 46' lang='lat'>“33-15)..-</span> <span class='ocrx_word' id='word_1_868' title='bbox 1398 5405 1667 5487; x_wconf 46' lang='grc' dir='ltr'>ἀςλύσασαὲ</span> <span class='ocrx_word' id='word_1_869' title='bbox 1702 5403 1968 5487; x_wconf 42' lang='grc' dir='ltr'>πτεῇῖεῷ</span> <span class='ocrx_word' id='word_1_870' title='bbox 2000 5403 2376 5487; x_wconf 66' lang='grc' dir='ltr'>τρισχιλιοστιξ)</span> <span class='ocrx_word' id='word_1_871' title='bbox 2420 5405 2521 5457; x_wconf 72' lang='grc' dir='ltr'>Ἦ).</span> <span class='ocrx_word' id='word_1_872' title='bbox 2598 5407 2644 5437; x_wconf 85' lang='grc'><strong><em>⁵³</em></strong></span> <span class='ocrx_word' id='word_1_873' title='bbox 2667 5403 2942 5458; x_wconf 84' lang='grc' dir='ltr'>τελέσωσι.</span> <span class='ocrx_word' id='word_1_874' title='bbox 2977 5403 3335 5474; x_wconf 77' lang='grc' dir='ltr'>τελευτήσωσι</span> <span class='ocrx_word' id='word_1_875' title='bbox 3365 5404 3427 5462; x_wconf 86' lang='lat' dir='ltr'><strong>C,</strong></span> <span class='ocrx_word' id='word_1_876' title='bbox 3456 5405 3520 5462; x_wconf 87' lang='grc' dir='ltr'>Ι).</span> <span class='ocrx_word' id='word_1_877' title='bbox 3560 5404 3651 5457; x_wconf 65' lang='grc' dir='ltr'>γι).</span> 
     </span>
    </p>
   </div>
   <div class='ocr_carea' id='block_1_113' title="bbox 425 5490 533 5593">
    <p class='ocr_par' dir='ltr' id='par_1_113' title="bbox 425 5490 533 5593">
     <span class='ocr_line' id='line_1_113' title="bbox 425 5490 511 5524; baseline -0.012 -1"><span class='ocrx_word' id='word_1_878' title='bbox 425 5490 511 5524; x_wconf 85' lang='grc' dir='ltr'>οτε</span> 
     </span>
     <span class='ocr_line' id='line_1_114' title="bbox 427 5540 533 5593; baseline -0.019 -1"><span class='ocrx_word' id='word_1_879' title='bbox 427 5540 533 5593; x_wconf 75' lang='grc' dir='ltr'>νόν.</span> 
     </span>
    </p>
   </div>
   <div class='ocr_carea' id='block_1_114' title="bbox 426 5608 919 5667">
    <p class='ocr_par' dir='ltr' id='par_1_114' title="bbox 426 5608 919 5667">
     <span class='ocr_line' id='line_1_115' title="bbox 426 5608 919 5667; baseline 0.016 -10"><span class='ocrx_word' id='word_1_880' title='bbox 426 5608 660 5663; x_wconf 67' lang='grc' dir='ltr'>έϐίωσαν</span> <span class='ocrx_word' id='word_1_881' title='bbox 686 5614 794 5665; x_wconf 64' lang='grc' dir='ltr'>δίον</span> <span class='ocrx_word' id='word_1_882' title='bbox 821 5614 919 5667; x_wconf 77' lang='lat' dir='ltr'>Vb.</span> 
     </span>
    </p>
   </div>
   <div class='ocr_carea' id='block_1_115' title="bbox 488 5458 3653 5553">
    <p class='ocr_par' dir='ltr' id='par_1_115' title="bbox 488 5458 3653 5553">
     <span class='ocr_line' id='line_1_116' title="bbox 488 5458 3653 5553; baseline 0 -30"><span class='ocrx_word' id='word_1_883' title='bbox 488 5489 511 5523; x_wconf 89' lang='grc' dir='ltr'>ε</span> <span class='ocrx_word' id='word_1_884' title='bbox 551 5458 1025 5553; x_wconf 54' lang='grc' dir='ltr'>--τελευτήᾶουσι</span> <span class='ocrx_word' id='word_1_885' title='bbox 1056 5473 1183 5553; x_wconf 40' lang='grc' dir='ltr'>νε..</span> <span class='ocrx_word' id='word_1_886' title='bbox 1212 5458 1445 5553; x_wconf 65' lang='grc' dir='ltr'>’δί’[τῆς]</span> <span class='ocrx_word' id='word_1_887' title='bbox 1476 5475 1691 5553; x_wconf 71' lang='lat' dir='ltr'><strong>9m._c,</strong></span> <span class='ocrx_word' id='word_1_888' title='bbox 1727 5478 1785 5529; x_wconf 85' lang='grc' dir='ltr'>Ι).</span> <span class='ocrx_word' id='word_1_889' title='bbox 1806 5458 2181 5553; x_wconf 32' lang='grc' dir='ltr'>ξΤιιηῖθγῆν-β.</span> <span class='ocrx_word' id='word_1_890' title='bbox 2243 5475 2287 5553; x_wconf 62' lang='grc' dir='ltr'>⁸ξ³</span> <span class='ocrx_word' id='word_1_891' title='bbox 2310 5458 2484 5553; x_wconf 53' lang='grc' dir='ltr'>δίκην.</span> <span class='ocrx_word' id='word_1_892' title='bbox 2530 5475 2682 5553; x_wconf 57' lang='grc' dir='ltr'>δίκας</span> <span class='ocrx_word' id='word_1_893' title='bbox 2714 5475 2818 5553; x_wconf 59' lang='lat' dir='ltr'>Va1</span> <span class='ocrx_word' id='word_1_894' title='bbox 2848 5484 2903 5530; x_wconf 88' lang='lat' dir='ltr'>et</span> <span class='ocrx_word' id='word_1_895' title='bbox 2930 5492 3051 5529; x_wconf 88' lang='lat' dir='ltr'>mox</span> <span class='ocrx_word' id='word_1_896' title='bbox 3080 5458 3329 5545; x_wconf 71' lang='grc' dir='ltr'>ούρανοῦ,</span> <span class='ocrx_word' id='word_1_897' title='bbox 3369 5458 3479 5527; x_wconf 86' lang='lat' dir='ltr'>non</span> <span class='ocrx_word' id='word_1_898' title='bbox 3502 5458 3653 5543; x_wconf 73' lang='grc' dir='ltr'>οὑραο</span> 
     </span>
    </p>
   </div>
   <div class='ocr_carea' id='block_1_116' title="bbox 636 5542 3656 5616">
    <p class='ocr_par' dir='ltr' id='par_1_116' title="bbox 636 5542 3656 5616">
     <span class='ocr_line' id='line_1_117' title="bbox 636 5542 3656 5616; baseline -0.001 -19"><span class='ocrx_word' id='word_1_899' title='bbox 636 5542 1050 5616; x_wconf 14' lang='grc' dir='ltr'>⁵⁶ξτινᾶιίτόπον.</span> <span class='ocrx_word' id='word_1_900' title='bbox 1092 5544 1287 5612; x_wconf 76' lang='grc' dir='ltr'>τρόπον</span> <span class='ocrx_word' id='word_1_901' title='bbox 1305 5542 1444 5597; x_wconf 50' lang='grc' dir='ltr'>’τι-φᾶ</span> <span class='ocrx_word' id='word_1_902' title='bbox 1476 5547 1515 5598; x_wconf 81' lang='lat' dir='ltr'><strong>D</strong></span> <span class='ocrx_word' id='word_1_903' title='bbox 1568 5546 1688 5597; x_wconf 80' lang='grc' dir='ltr'>τίνα</span> <span class='ocrx_word' id='word_1_904' title='bbox 1722 5546 1922 5616; x_wconf 80' lang='grc' dir='ltr'>τρόπον</span> <span class='ocrx_word' id='word_1_905' title='bbox 1950 5544 2047 5597; x_wconf 70' lang='grc' dir='ltr'>Ἠ).</span> <span class='ocrx_word' id='word_1_906' title='bbox 2090 5544 2135 5575; x_wconf 81' lang='grc'>⁵⁷</span> <span class='ocrx_word' id='word_1_907' title='bbox 2167 5546 2222 5595; x_wconf 79' lang='grc' dir='ltr'>ἐν</span> <span class='ocrx_word' id='word_1_908' title='bbox 2259 5544 2542 5613; x_wconf 75' lang='grc' dir='ltr'>ἀνθρώπου</span> <span class='ocrx_word' id='word_1_909' title='bbox 2587 5546 2711 5598; x_wconf 71' lang='grc' dir='ltr'>εῖδει</span> <span class='ocrx_word' id='word_1_910' title='bbox 2760 5545 2989 5598; x_wconf 76' lang='grc' dir='ltr'>ἐϐἱωταν</span> <span class='ocrx_word' id='word_1_911' title='bbox 3015 5542 3261 5614; x_wconf 53' lang='grc' dir='ltr'>βέῳξτδν</span> <span class='ocrx_word' id='word_1_912' title='bbox 3294 5542 3656 5615; x_wconf 80' lang='grc' dir='ltr'>ἀνθρωποειδῆ</span> 
     </span>
    </p>
   </div>
  </div>
