3974 6196
225 345 413 413 .1109

792 346 1227 408 (ΞΗᾸΞΟΑΒΗΜ
1264 344 1566 407 AFFECT.
1602 341 1850 407 CURAT

1953 340 2136 404 η-ΧΙ.
2179 341 2276 404 DE
2316 342 2494 404 FINE
2532 342 2631 402 ET
2662 338 2981 403 JUDICIO.

3377 332 3531 398 ιιιο

273 452 452 522 λόγων
492 450 824 522 καταμαθεῖν
868 452 1115 517 εὐπετές.
1155 453 1251 516 Τίς
1299 453 1406 525 γάρ
1456 454 1565 506 που
1611 449 1839 505 αὐτονυ

1953 451 2224 522 regionem
2251 451 2501 517 sublata,
2544 454 2561 473 ‘
2594 457 2765 522 agunt
2811 463 2910 517 pro
2960 445 3108 499 illius
3142 443 3266 498 vita:
3298 446 3525 501 meritis-

276 543 377 608 τάς
406 543 514 596 τῶν
544 542 693 596 ἑτῶν,
714 541 912 607 ἐδίδαξε
948 541 1234 614 μυριάδας,
1268 543 1363 596 καὶ⁵
1406 542 1488 596 ὃτι
1520 542 1730 614 μυρίων
1757 541 1837 595 δι·-

277 632 608 706 ιληλυθότων
638 632 772 685 ἐτῶν
798 632 918 686 τότε
940 632 1048 687 τῶν
1064 633 1254 703 ψυχῶν
1284 634 1490 704 ἑκάστη
1517 635 1595 697 εις
1622 631 1760 705 [τὸν]
1789 631 1835 665 ⁸⁸

278 723 410 777 ῐδιον
444 723 800 794 ιπανέρχεται
839 723 1015 794 χῶρον
1037 743 1053 791 ;
1079 724 1148 778 τά
1170 724 1228 778 δὲ
1254 723 1457 794 μεταξὺ
1484 723 1687 777 τούτων
1712 721 1835 775 οὐδὲ

274 818 384 876 τοις
426 815 566 882 ἀγαν
615 813 1034 881 ἀσελγεστάτοις
1074 816 1313 886 ἥρμοττε
1339 815 1538 883 λέγειν,
1577 814 1758 885 μήπου
1791 813 1838 845 ⁸⁸

274 921 339 970 γε
375 904 671 975 φιλοσόφῳ.
713 906 837 968 Τοῖς
881 907 990 976 γὰρ
1041 906 1140 977 τὴν
1187 906 1466 976 ἀκραιφνῆ
1522 906 1840 976 φιλοσοφίαν

275 995 667 1066 κατωρθωκόσι
699 998 825 1061 τοὺς
855 997 1187 1061 ἀκολάστους
1215 999 1310 1052 καὶ
1329 999 1694 1069 παιδεραστάς
1723 998 1844 1065 ξυν-

274 1085 480 1151 έξευξε,
501 1086 595 1139 καὶ⁵
613 1086 833 1150 τούτους
853 1089 1138 1152 κάκείνους
1162 1088 1272 1142 τῶν
1304 1089 1483 1142 αὐτῶν
1504 1088 1681 1143 ἄθλων
1705 1088 1842 1159 ἔφη-

277 1193 367 1230 σεν
394 1177 810 1232 ἀπολαύσεσθαι.
847 1179 1005 1233 Ἀλλά
1037 1181 1079 1213 ⁸¹
1108 1180 1315 1234 τούτων
1345 1180 1505 1234 πάλιν
1530 1179 1638 1233 τῶν
1666 1180 1840 1249 λόγων

275 1267 661 1338 ἐπιλαθόμενος
695 1268 806 1340 (τὸν
838 1269 945 1340 γάρ
974 1270 1197 1341 οὐρανὸν
1225 1270 1269 1302 ⁸²
1300 1273 1421 1333 ταῖς
1449 1270 1722 1334 τοιαύταις
1747 1271 1843 1341 ψυ-

276 1358 398 1425 χαῖς
427 1354 818 1427 ἀπεκλήρωσεν
846 1357 903 1408 ὲν
925 1358 990 1427 τῇ
1016 1357 1315 1425 Πολιτείᾳ)
1339 1356 1436 1425 τήν
1467 1355 1710 1427 Ὀρφέως
1739 1355 1844 1425 ψυ-

276 1446 378 1520 χὴν
399 1447 645 1503 κύκνειον
671 1450 718 1482 ⁸⁸
740 1450 844 1521 ἔφη
884 1449 1041 1520 σῶμα
1065 1448 1271 1521 λαχεῖν·
1300 1450 1395 1503 καὶ
1428 1450 1583 1503 ἀετὸν
1612 1450 1711 1521 μὲν
1737 1450 1842 1521 ἔφη

276 1539 530 1607 γενισθαι
567 1541 658 1595 τὸν
700 1540 1101 1612 Ἀγαμέμνονα,
1131 1541 1320 1595 λέοντα
1371 1541 1429 1595 δὲ
1480 1540 1572 1594 τὸν
1615 1542 1842 1602 Αἴαντα,

277 1628 515 1701 ἀθλητήν
545 1630 603 1684 δὲ
633 1632 731 1702 τὴν
768 1631 1126 1702 Ἀταλάντην,
1146 1632 1243 1686 καὶ
1272 1631 1504 1702 πίθηκον
1534 1633 1626 1685 τὸν
1647 1631 1849 1704 Θερσί-

277 1736 396 1791 την·
423 1719 564 1793 [καὶ]
592 1723 692 1776 οὐκ
721 1717 839 1776 οἴδα
874 1723 998 1776 ὅτου
1028 1724 1187 1793 χάριν
1226 1721 1393 1775 τῶνδε
1426 1721 1470 1754 ⁸⁵
1499 1722 1607 1777 τῶν
1644 1722 1849 1792 δογμά-

1945 555 2106 609 quam
2130 542 2261 596 olim
2286 541 2430 597 inter
2463 544 2714 598 homines
2763 539 3101 595 victitarunt.
3123 555 3141 588 ι
3179 535 3384 590 Horum
3418 551 3516 590 au-

1948 638 2056 685 tem
2084 646 2280 686 rursus
2329 632 2624 687 verborum
2681 647 2801 702 quae
2839 630 2910 685 sit
2945 628 3198 691 stultitia,
3246 624 3403 680 facile
3430 635 3515 680 est

1946 721 2282 791 perspicere.
2317 721 2453 789 Quis
2479 724 2627 778 enim
2668 723 2821 777 illum
2862 721 3002 777 dena
3034 718 3221 774 docuit
3247 731 3512 772 annorum

1949 811 2138 874 millia,
2161 820 2216 865 et
2251 827 2520 866 annorum
2544 812 2730 867 decem
2759 812 3004 866 millibus
3028 808 3283 871 evolutis,
3326 820 3517 859 unam-

1944 918 2216 973 quamque
2255 903 2492 958 animam
2535 904 2591 957 in
2646 920 2805 957 suum
2857 904 3037 958 locum
3093 899 3334 957 reverti?
3385 896 3517 965 Qum

1946 1003 2130 1051 autem
2170 996 2315 1051 inter
2358 996 2475 1051 haec
2528 995 2707 1065 posita
2749 1004 2909 1059 sunt,
2954 1010 3021 1049 ea
3062 1009 3133 1048 ne
3172 1008 3203 1047 a
3232 989 3515 1061 ﬂagitiosis

1946 1086 2167 1157 quidem
2192 1087 2532 1151 hominibus,
2553 1086 2755 1141 nedum
2780 1102 2809 1140 a
2841 1085 3193 1156 philosopho,
3227 1082 3338 1137 dici
3381 1095 3516 1135 con-

1947 1188 2190 1233 venerat.
2262 1178 2500 1233 Sinceraa
2559 1178 2707 1232 enim
2761 1176 3121 1247 philosophia:
3188 1172 3517 1233 cultoribus,

1947 1268 2179 1324 lascivos
2223 1285 2521 1338 puerorum
2577 1280 2849 1325 amatores
2904 1268 3171 1339 adjunxit,
3219 1267 3519 1337 eademque

1948 1359 2170 1429 praemia
2190 1358 2277 1412 his
2311 1366 2364 1413 et
2404 1357 2513 1413 illis
2538 1360 2779 1429 reposita
2802 1373 2925 1412 esse
2964 1358 3122 1412 dixit.
3176 1356 3285 1411 Sed
3316 1356 3521 1410 horum

1948 1463 2169 1518 quoque
2230 1448 2527 1503 verborum
2599 1449 2805 1503 oblitus
2863 1447 3032 1518 998
3094 1448 3240 1518 (nam
3317 1447 3519 1501 cmlum

1948 1537 2262 1610 hujusmodi
2292 1538 2601 1593 animarum
2624 1538 2815 1594 sedem
2843 1553 2966 1593 esse
3008 1538 3064 1591 in
3093 1535 3375 1609 Republica
3416 1535 3517 1593 do-

1948 1628 2108 1701 cuit),
2157 1628 2364 1699 Orphei
2399 1629 2650 1684 animam‘
2690 1628 2848 1700 cycni
2902 1643 3106 1699 corpus
3135 1628 3379 1683 induisse
3418 1626 3517 1690 ait,

1948 1719 2418 1790 Agamemnonem
2477 1735 2613 1775 vero
2669 1720 2910 1790 aquilam
2973 1721 3244 1783 evasisse,
3299 1719 3533 1789 Ajaceur

274 1784 384 1866 των
406 1784 505 1885 ¹ξῆν
531 1784 753 1882 ἀλογίαν
793 1784 1157 1876 ἐνθεῖναίτοίς
1181 1812 1452 1880 διαλόγοις
1477 1784 1849 1884 καταδεξάμε-

1953 1784 2190 1872 leonem,
2221 1807 2528 1862 Atalantam
2556 1784 2837 1872 athletam,
2870 1809 3086 1862 simiam
3130 1823 3263 1862 vero
3292 1784 3523 1862 Thersi-

276 1918 388 1964 νος·
414 1900 573 1971 δῆλος
604 1903 785 1971 μέντοι
814 1901 931 1955 ἐστὶ
962 1900 1173 1967 παίζων
1216 1899 1416 1970 μᾶλλον
1458 1899 1491 1970 ἢ
1534 1899 1850 1964 σπουδάζων

275 1989 337 2043 ὲν
363 1984 444 2053 οἷς
469 1990 569 2053 τὰς
602 1989 1122 2061 μετενσωματὼσεις
1146 1989 1418 2053 διέξεισιν
1451 1987 1718 2059 πολλαχοῦ
1743 1988 1867 2059 γάρ·

275 2080 346 2135 τὰ
374 2080 434 2134 ὲν
460 2079 586 2151 ᾅδου
611 2083 656 2114 ⁸⁸
688 2081 1018 2152 κολαστήρια
1040 2080 1332 2135 δείκνυσιν.
1373 2078 1515 2148 Ἐγὼ
1540 2079 1586 2133 δ’
1619 2082 1699 2142 εἰς
1730 2078 1852 2137 ταῦ-

275 2187 345 2225 τα
366 2171 412 2203 ⁸⁸
441 2171 710 2243 τρέψομαι
754 2170 937 2236 πάλιν,
968 2170 1054 2224 ἴνα
1086 2170 1162 2241 μὴ
1207 2158 1359 2243 [159]
1397 2171 1484 2224 ἐπ’
1510 2169 1734 2224 ἐκείνων
1785 2169 1850 2241 δή

277 2262 386 2315 τῶν
438 2262 665 2330 γελοίων
720 2262 811 2316 τὸν
864 2261 1150 2331 φιλόσοφον
1202 2261 1514 2317 καταλείπω
1563 2261 1608 2294 ⁸⁷
1655 2260 1848 2330 λόγων.

291 2352 583 2407 Ἀκούσατε
616 2353 794 2406 τοίνυν
829 2352 994 2405 αὐτοῦ
1029 2353 1301 2421 λέγοντος·
1341 2372 1361 2405 ι
1396 2352 1539 2405 Ἀλλ’
1562 2352 1623 2405 οὐ
1651 2353 1697 2384 ⁸⁸
1722 2352 1852 2421 μέν·

276 2461 360 2498 τοι
386 2462 488 2507 σοι,
515 2440 583 2516 ἦν
629 2444 675 2497 δ’
707 2445 838 2513 ἐγὼ,
887 2444 1130 2497 ’Δλκίνου
1161 2461 1222 2514 γε
1251 2444 1514 2512 ἀπόλογον
1553 2443 1683 2513 ἐρῶ,
1715 2442 1850 2496 ἀλλά

277 2535 510 2605 ἀλκίμου
544 2536 643 2606 μὲν
665 2535 878 2604 ἀνδρὸς,
910 2535 1071 2606 Ἠρὸς
1113 2535 1207 2588 τοῦ
1250 2535 1557 2606 Ἀρμενίου,
1591 2533 1653 2586 τὸ
1693 2533 1850 2602 γένος

278 2627 335 2678 δὲ
360 2627 676 2696 Παμφύλου·
705 2627 765 2690 ὃς
796 2630 854 2679 ὲν
882 2627 959 2697 τῷ
990 2628 1213 2697 πολέμῳ
1256 2625 1601 2699 τελευτήσας,
1634 2628 1852 2698 ἀναιρε-

280 2714 482 2768 θέντων
519 2717 821 2770 δεκαταίων
852 2718 1060 2788 νεκρῶν
1097 2718 1195 2788 ήδη
1243 2718 1661 2790 πεφθαρμένων.
1692 2718 1852 2788 ὑγιὴς

284 2806 385 2876 μὲν
424 2805 686 2878 ἀνῃρέθη,
735 2807 1015 2877 κομισθεὶς
1055 2807 1114 2861 δὲ
1162 2807 1365 2871 οἶκαδε,
1405 2808 1613 2876 μέλλων
1648 2808 1848 2863 θάπτε-

282 2894 431 2957 σθαι,
467 2894 831 2959 δωδεκαταῖος
885 2896 979 2948 ἐπὶ
1026 2897 1092 2965 τῇ
1143 2896 1291 2966 πυρᾷ
1332 2896 1581 2967 κείμενος
1629 2896 1849 2961 ἀνεϐίω,

281 2983 540 3047 ἀναϐιοὺς
569 2983 625 3036 δὲ
660 2983 840 3052 ἔλεγεν
869 2982 905 3037 ἀ
944 2984 1061 3035 ἐκεῖ
1082 2978 1241 3038 εἶδεν.
1272 2984 1412 3054 Ἔφη
1455 2983 1534 3047 δὲ,
1568 2984 1751 3055 ἐπειδή
1801 2986 1852 3038 oi

1950 1906 2085 1954 tem.
2123 1899 2237 1955 Nec
2264 1900 2380 1954 scio
2397 1915 2550 1964 sane,
2592 1900 2750 1970 cujus
2800 1899 2881 1955 rei
2936 1899 3109 1971 gratia
3156 1908 3267 1953 tam
3314 1899 3522 1953 insulsa

1951 1988 2205 2059 dogmata
2242 1990 2359 2044 suis
2392 1990 2626 2061 dialogis
2670 1990 2879 2045 inserta
2929 1989 3186 2045 voluerit.
3235 1989 3314 2044 Ac
3343 1989 3537 2060 jOcari‘

1951 2078 2113 2147 plane
2150 2078 2338 2148 potius
2380 2095 2544 2149 quam
2602 2080 2749 2136 serio
2812 2096 2974 2152 agere
3026 2081 3266 2146 videtur,
3324 2080 3420 2136 ubi
3451 2082 3525 2137 de

1951 2167 2259 2222 animarum
2294 2170 2866 2240 transmigrationibus
2889 2171 3133 2227 disserit.
3170 2172 3355 2227 Multis
3370 2173 3530 2227 enim~

1950 2257 2088 2314 locis
2125 2273 2414 2327 poenarum
2450 2260 2612 2316 sedes
2642 2261 2787 2331 apud
2840 2262 3048 2318 inferos
3101 2270 3517 2319 commemorat.

1952 2346 2065 2418 Ego
2100 2347 2283 2418 itaque
2306 2349 2374 2405 ad
2401 2366 2497 2406 eas
2525 2351 2725 2406 iterum
2751 2367 2838 2407 me
2862 2361 3200 2419 convertam,
3231 2369 3301 2409 ne
3341 2354 3517 2424 philo-

1950 2441 2187 2509 sophum
2245 2442 2303 2495 in
2333 2442 2583 2498 ridiculis
2630 2444 2900 2515 ejusmodi
2946 2444 3295 2500 sermonibus
3355 2445 3545 2501 relin»

1950 2545 2137 2599 quam.
2169 2531 2369 2587 Audite
2426 2532 2595 2603 igitur
2634 2535 2715 2589 sic
2761 2535 3076 2605 loquentem
3130 2538 3205 2607 (p.
3256 2537 3362 2591 6H
3412 2537 3541 2608 B):-

1959 2620 2201 2677 «Verum
2234 2622 2334 2677 tibi
2373 2639 2476 2693 ego
2504 2639 2613 2678 non
2648 2624 2860 2679 Alcinoi
2898 2626 3191 2696 apologum
3247 2626 3479 2683 referam
3502 2645 3545 2694 ;‘

1951 2715 2046 2771 sed
2072 2715 2233 2770 fortis
2284 2715 2414 2780 viri,
2454 2714 2578 2770 Eris
2627 2714 2897 2779 Armenii,
2949 2732 3171 2788 genuse
3208 2717 3547 2790 Pamphylia.

1951 2807 2226 2872 ducentis,
2262 2821 2573 2863 sermonem
2614 2808 2853 2863 narrabo
2892 2827 2905 2862 :
2944 2809 3036 2879 qui
3076 2825 3199 2865 cum
3249 2810 3303 2865 in
3336 2811 3529 2880 praelia

1952 2899 2261 2965 cecidisset,
2292 2899 2614 2971 decimoque
2668 2909 2791 2971 post
2846 2888 2958 2963 die:
3010 2902 3242 2957 aliorum
3298 2902 3538 2973 quidem

1952 3005 2205 3061 corpora,
2258 2991 2355 3062 qui
2409 2991 2573 3047 simul
2619 2992 3012 3058 occubuerant,
3066 2995 3177 3064 jam
3225 2996 3527 3050 marcentia

282 3069 445 3145 Ῑέκεί]
471 3074 516 3106 ⁸⁸
538 3074 768 3144 ὲκσῆναι
790 3073 887 3145 τήν
914 3074 1109 3145 ψυχὴν,
1140 3073 1467 3145 πορεύεσθαι
1498 3075 1596 3148 ήδη
1634 3077 1677 3109 ⁷ο
1715 3078 1850 3147 μετά

1954 3091 2172 3152 recepta
2188 3093 2393 3149 essent,
2422 3084 2635 3155 integer
2653 3080 2832 3140 adhuc
2865 3084 3113 3139 sublatus
3143 3093 3247 3151 est,
3275 3085 3527 3142 domum-

282 3166 513 3231 πολλῶν,
544 3168 639 3221 καὶ
671 3169 1014 3238 ἀφικνεῖσθαι
1040 3169 1230 3243 [σφᾶς]
1269 3171 1347 3234 είς
1386 3171 1548 3224 τόπον
1583 3171 1707 3224 τινὰ.
1732 3170 1851 3224 δαι-

285 3257 489 3326 μόνιον,
520 3259 578 3310 ἐν
616 3251 660 3326 ᾧ
683 3259 781 3327 τῆς
813 3276 871 3312 τε
899 3259 1001 3329 γῆς
1033 3254 1173 3313 εῐναι
1198 3260 1291 3313 δύο
1328 3260 1587 3330 χάσματα
1618 3259 1851 3329 ἐχόμενα

280 3346 552 3419 ἀλλήλοιν,
589 3351 681 3404 καὶ
718 3350 810 3405 τοῦ
850 3350 1079 3422 ούρανοῦ
1113 3347 1178 3405 αὖ
1212 3353 1269 3403 ὲν
1311 3350 1389 3422 τῷ
1422 3350 1535 3405 ἀνω
1566 3351 1700 3405 ἀλλα
1723 3368 1854 3405 κατ-

280 3442 531 3514 αντικρύ·
555 3442 814 3507 δικαστὰς
851 3443 910 3498 δὲ
945 3443 1148 3514 μεταξὺ
1185 3443 1390 3499 τούτων
1414 3443 1706 3515 καθῆσθαι,
1734 3443 1850 3508 οὓς,

282 3532 502 3586 ἐπειδὰν
553 3532 855 3599 δικάσαιεν,
900 3534 1027 3597 τοὺς
1068 3533 1166 3601 μὲν
1198 3534 1439 3597 δικαίους
1466 3533 1707 3588 κελεύειν
1757 3551 1854 3588 πο·-

284 3617 539 3689 ρεύεσθαι
568 3620 667 3692 τὴν
695 3620 737 3651 ⁷⁸
770 3622 850 3685 είς
877 3619 1056 3687 δεξιάν
1088 3639 1146 3675 τε
1191 3624 1284 3676 καὶ
1319 3624 1432 3678 ἀνω
1465 3622 1596 3695 [διὰ]
1628 3624 1723 3677 τοῦ
1763 3625 1855 3679 οὐ·

286 3709 469 3781 ρανοῦ,
516 3713 718 3779 σημεῖα
764 3712 1209 3784 περιῤῥάψαντας
1233 3714 1275 3744 ⁷⁸
1301 3713 1407 3768 τῶν
1455 3714 1854 3786 δεδικασμένων

283 3802 343 3856 ὲν
367 3800 446 3872 τῷ
478 3803 730 3875 πρόσθεν·
759 3806 884 3867 τοὺς
905 3803 963 3856 δὲ
996 3804 1215 3869 ἀδίκους
1246 3805 1292 3837 ⁷³
1327 3805 1426 3876 τὴν
1453 3808 1532 3870 είς
1561 3806 1855 3878 ἀριστεράν

283 3911 343 3949 τε
373 3898 469 3949 καὶ
491 3894 661 3973 κάτω,
694 3895 914 3966 ἔχοντας
947 3896 1042 3950 καὶ
1069 3896 1290 3961 τούτους
1317 3898 1377 3951 ἐν
1405 3897 1482 3968 τῷ
1508 3898 1729 3953 ὄπισθεν
1755 3916 1855 3970 ση-

289 3989 438 4054 μεῖον
459 3987 714 4041 ἁπάντων
740 3981 816 4042 ὧν
845 3987 1106 4058 ἔπραξαν.
1150 3988 1324 4043 Αὑτοῦ
1360 3989 1417 4043 δὲ
1450 3989 1852 4061 προσελθόντος,

285 4079 460 4131 είπεῑν
503 4078 585 4131 ὅτι
632 4078 738 4133 δέοι
789 4078 952 4133 αὑτὸν
997 4079 1226 4148 ἄγγελον
1267 4080 1575 4153 ἀνθρώποις
1607 4083 1859 4149 γενέσθαι

282 4170 392 4224 τῶν
422 4171 559 4234 ἐκεῖ,
608 4170 700 4224 καὶ
748 4171 1151 4227 διακελεύεσθαι
1190 4172 1461 4228 διακούειν
1493 4190 1549 4226 τε
1585 4173 1678 4227 καὶ
1728 4173 1857 4228 θεᾶ-

287 4261 410 4315 σθαι
448 4260 493 4292 ⁷⁸
529 4261 709 4315 πάντα
740 4260 808 4315 τὰ
842 4263 901 4315 ὲν
927 4262 1004 4334 τῷ
1027 4263 1194 4334 τόπῳ.
1238 4283 1258 4317 ι
1286 4258 1443 4318 Οὗτοι
1471 4263 1685 4335 ἀληθῶς
1718 4264 1858 4332 ἄξιοι

285 4350 384 4422 τῆς
409 4351 725 4422 φιλοσοφίας
747 4353 796 4406 οἱ
822 4352 990 4421 λόγοι.
1023 4355 1097 4407 Οὐ
1129 4358 1237 4426 γὰρ
1267 4357 1346 4419 είς
1376 4354 1588 4423 ἀλόγων
1629 4354 1861 4425 σώματα

1953 3188 2063 3242 que
2090 3171 2327 3227 delatus.
2361 3172 2610 3244 Cumque
2671 3174 2998 3229 duodecimo
3044 3174 3113 3229 ab
3165 3174 3391 3231 interitu
3435 3176 3525 3231 die

1953 3260 2313 3315 tumulandus
2347 3271 2513 3327 esset,
2547 3271 2675 3317 ante
2706 3265 2895 3335 pyr’am
2927 3268 3262 3322 constitutus
3289 3268 3524 3324 revixit:

1953 3364 2317 3421 reversusque
2371 3351 2440 3405 ad
2479 3367 2620 3416 sese,
2673 3355 2924 3409 narravit
2979 3371 3101 3425 qua:
3145 3358 3289 3426 apud
3321 3358 3533 3414 inferos

1955 3441 2206 3498 vidisset.
2236 3443 2383 3499 Dixit
2437 3460 2567 3515 ergo
2614 3445 2855 3499 animam
2895 3463 2925 3502 e
2969 3463 3200 3517 corpore
3245 3466 3541 3521 egressam.

1955 3550 2081 3589 cum
2112 3535 2300 3590 multis
2328 3536 2453 3591 aliis
2471 3538 2787 3607 pervenisse
2817 3538 2885 3592 ad
2929 3539 3308 3595 admirabilem
3336 3556 3548 3610 quem-

1955 3625 2080 3679 dam
2111 3626 2317 3691 locum,
2369 3626 2428 3681 in
2482 3642 2594 3697 quo
2650 3627 2762 3682 duo
2826 3627 3010 3684 hiatus
3038 3638 3200 3685 terra:
3251 3638 3543 3701 paterent,

1955 3718 2059 3774 sibi
2094 3719 2330 3774 invicem
2360 3719 2716 3784 cohaarentes,
2763 3718 2929 3791 999
2965 3730 3079 3777 tum
3109 3730 3165 3777 et
3211 3722 3336 3778 coeli
3393 3738 3531 3792 quo-
3632 3750 3635 3751 ν

1956 3825 2064 3881 que
2090 3811 2403 3882 apertiones
2432 3810 2576 3876 duae,
2606 3826 2730 3881 qua:
2754 3812 2862 3869 illis
2889 3828 3130 3883 superne
3155 3828 3222 3868 ex
3274 3814 3535 3885 Opposita

1958 3899 2334 3955 imminerent.
2357 3898 2509 3954 lnter
2532 3898 2635 3955 hos
2656 3900 2843 3955 hiatus
2901 3900 3066 3956 medii
3099 3900 3317 3970 judices
3373 3900 3535 3957 sede-

1959 3988 2125 4044 bant:
2155 3987 2250 4059 qui
2277 3998 2500 4059 peracto
2516 3989 2726 4060 judicio
2751 3990 3025 4062 justorum
3057 3991 3281 4062 quidem
3319 3992 3553 4048 animas.

1956 4079 2217 4153 juberent
2281 4094 2383 4149 per
2428 4078 2709 4135 dexteram
2766 4082 3110 4150 apertioncm
3163 4081 3231 4137 ad
3289 4099 3556 4153 supernas

1961 4170 2087 4227 cceli
2141 4169 2534 4236 conscendere,
2591 4170 2794 4240 quibus
2844 4170 2901 4226 in
2952 4181 3174 4243 pectore
3222 4174 3415 4245 judicii
3445 4174 3530 4229 sui

1960 4272 2121 4317 notas
2161 4261 2375 4333 judices
2432 4262 2536 4332 ipsi
2595 4276 2882 4323 assuerant
2918 4281 2935 4318 :
2968 4264 3297 4335 injustorum
3345 4275 3556 4322 autem-

1962 4354 2174 4409 animas
2193 4354 2453 4424 juberent
2501 4368 2599 4424 per
2648 4353 2879 4409 laevam‘
2908 4353 2977 4409 ad
3018 4354 3231 4409 inferna
3283 4354 3534 4425 prmcipi-

287 4445 707 4512 καταπέμπουσι
741 4445 841 4509 τὰς
878 4445 1077 4515 ψυχὰς,
1111 4446 1227 4500 ἀλλ’
1254 4448 1333 4511 εἰς
1364 4447 1593 4518 οὐρανὸν
1621 4448 1723 4518 μὲν
1758 4447 1850 4512 τὰς

1963 4443 2090 4508 tari,
2117 4452 2175 4497 et
2204 4443 2261 4497 hi
2322 4458 2541 4513 quoque
2576 4443 2633 4497 in
2690 4450 2843 4514 tergo
2897 4451 3161 4498 anteactae
3208 4443 3341 4498 vitae
3378 4443 3557 4513 signa.

287 4530 350 4589 εὖ
399 4534 740 4604 βιϐιωκυίας,
791 4538 943 4592 κάτω
988 4537 1046 4592 δὲ
1096 4540 1177 4602 είς
1210 4538 1335 4609 ᾅδου
1383 4539 1483 4603 τάς
1524 4540 1781 4594 τάναντία
1813 4540 1855 4573 ⁷⁸

289 4625 673 4696 προελομένας.
736 4629 905 4699 Δῆλος
953 4629 1134 4684 τοίνυν
1188 4629 1357 4694 ἐστὶν,
1407 4629 1484 4694 ὡς
1525 4631 1705 4682 ἐκεῖνα
1757 4631 1859 4700 μὲν

291 4712 521 4778 παίζων,
545 4714 716 4770 ταῦτα
747 4717 804 4770 δὲ
830 4718 974 4786 λέγει
1001 4717 1334 4783 σπουδάζων.
1370 4718 1481 4772 Καὶ
1509 4718 1691 4788 μέντοι
1717 4719 1809 4771 καὶ
1829 4719 1858 4770 ὁ

288 4806 655 4877 Πλούταρχος,
690 4809 748 4862 ὲν
775 4804 856 4872 οἷς
895 4810 1023 4880 περὶ
1049 4809 1226 4880 ψυχῆς
1265 4807 1496 4882 ἔγραψε,
1537 4808 1633 4862 κοιλ⁵
1662 4808 1755 4862 τὸν
1782 4809 1859 4863 δι-

286 4897 497 4968 καστήν
519 4896 765 4964 ὑπέδειξε
794 4898 859 4958 ⁷⁸.
886 4900 981 4952 καὶ
1010 4899 1105 4952 τοῦ
1126 4898 1473 4971 δικαστηρίου
1521 4899 1647 4963 τοὺς
1678 4900 1855 4970 ὑπηρ-

288 4988 435 5057 έτας,
462 4989 713 5063 διήγημά
740 5006 791 5044 τι
817 4990 1056 5046 τοιοῦτον
1101 4990 1276 5055 ἐνθεὶς
1320 4990 1398 5060 τῷ
1440 4990 1852 5063 ξυγγράμματν

1962 4535 2270 4607 gestabant.
2328 4534 2443 4590 Sibi
2483 4550 2614 4590 vero
2667 4535 2857 4591 aiebat
2903 4535 2959 4590 in
2995 4544 3352 4606 conspectum
3402 4549 3535 4605 prod

1962 4643 2148 4699 gresso
2195 4625 2399 4682 dixisse
2448 4626 2686 4697 judices,
2743 4636 2998 4698 oportere
3060 4626 3213 4681 illum
3280 4625 3533 4681 nuntiare

1964 4718 2283 4774 hominibus
2330 4733 2459 4787 quae
2498 4716 2574 4771 ibi
2610 4716 2825 4782 ﬂerent,
2858 4717 3197 4791 jussisseque
3227 4716 3380 4772 illum
3417 4732 3535 4771 om-
3573 4757 3577 4760 .

1966 4812 2056 4866 nia
2084 4810 2377 4881 diligenter
2390 4809 2586 4864 auditu
2608 4810 2841 4879 visuque
2875 4810 3180 4880 percipere.
3212 4829 3230 4861 ι
3271 4810 3525 4865 Philoso-

1966 4902 2093 4973 phia
2147 4917 2276 4957 vere
2327 4900 2479 4971 digni
2529 4909 2658 4956 sunt
2688 4900 2747 4955 hi
2809 4914 3113 4955 sermones.
3165 4900 3354 4970 Neque
3383 4901 3582 4956 enimn

1964 4993 2175 5048 animas
2230 4992 2286 5047 in
2329 4992 2625 5047 brutornm
2671 5006 2903 5062 corpora
2931 4990 3283 5055 submittunt,
3334 4992 3428 5048 sed
3477 4991 3542 5049 iu

1552 5172 1789 5230 VARIIE
1831 5172 2236 5229 LECTIONES.

396 5348 445 5384 ⁸⁸
461 5348 662 5426 αὐτόνᾷ
688 5351 867 5426 αύτῶν
891 5354 986 5408 Va.
1017 5356 1069 5426 _”
1101 5352 1368 5426 [thIOHL
1418 5354 1525 5426 Va.
1578 5355 1644 5426 _‘°
1668 5357 1874 5426 μήπου,
1911 5355 2051 5426 ﬁgat:
2076 5355 2155 5426 p,
2202 5351 2299 5407 Va.
2378 5352 2429 5426 _“
2464 5350 2618 5426 ἀλλάζ
2666 5348 2780 5426 καί-
2916 5349 2997 5426 ,⁸)-
3010 5346 3100 5400 τδν
3120 5347 3245 5426 ’γάρ
3284 5346 3528 5426 ούρὴανόιῑ.

291 5436 443 5474 ουνον
473 5419 536 5473 D.
617 5418 664 5451 ⁸⁸
683 5420 923 5476 κύκνιον.
965 5418 1211 5477 κύκνειον
1225 5418 1299 5478 Ἰ).
1395 5424 1440 5457 ⁸⁵
1472 5424 1647 5549 τήῖδε.

292 5489 341 5523 ⁸⁸
363 5488 556 5544 ταῦτα.
585 5488 724 5543 αὐτὰ
752 5490 851 5549 Va.
887 5500 943 5546 ct
984 5508 1095 5548 om.
1132 5492 1312 5546 πάλιν.
1355 5494 1484 5547 αὐτὸ
1568 5533 1581 5546 .

292 5489 341 5523 ⁸⁸
363 5488 556 5544 ταῦτα.
585 5488 724 5543 αὐτὰ
752 5490 851 5551 Va.
887 5500 943 5546 ct
984 5508 1095 5548 om.
1132 5492 1312 5546 πάλιν.
1355 5494 1484 5547 αὐτὸ
1519 5488 1581 5549 Ι).

1663 5495 1707 5525 ⁸⁷
1735 5493 2067 5548 καταλείπω.
2101 5487 2384 5545 καταλίπω
2428 5489 2527 5552 Va,
2561 5487 2841 5557 καταλίψω

1698 5414 1807 5478 τῶν
1832 5424 1888 5477 δὲ
1918 5414 2017 5478 Va.
2071 5414 2249 5492 Supra
2307 5422 2401 5475 καὶ
2430 5435 2557 5492 kom.
2585 5420 2648 5474 D.
2702 5419 2782 5492 ff
2805 5416 3080 5492 év__1_ii'80u.
3117 5414 3176 5492 ἐν
3214 5414 3324 5492 orn.
3355 5414 3551 5492 ’ξξηηη

2866 5486 2971 5549 Vb,
3014 5484 3326 5556 καταλείψω
3368 5484 3547 5556 Sjrni..

293 5559 435 5633 Tum
467 5558 578 5612 τῶν
606 5558 872 5633 λόγων-Υ.
906 5562 978 5633 Α⁸⁸
1005 5561 1121 5617 ἀλλ’
1155 5561 1236 5633 οὐ.
1272 5563 1428 5633 ἀλλον
1452 5565 1517 5627 Ι),
1551 5564 1643 5633 qui
1672 5580 1725 5617 v.
1752 5579 1867 5633 seq.
1897 5578 2008 5618 om.
2043 5578 2129 5633 γε,
2162 5569 2219 5615 et
2242 5577 2363 5633 mox
2404 5560 2524 5631 ήρω
2577 5560 2627 5633 (ο
2652 5554 2817 5633 supra
2838 5558 2925 5633 of):
2977 5554 3348 5633 "lixaﬂom.
3373 5554 3435 5617 C.
3468 5555 3556 5633 9..

294 5628 338 5661 η
363 5629 617 5705 ᾕδῘῚῬηλ
652 5630 751 5705 Ῑ);-
795 5630 835 5660 ﬂ
868 5630 1112 5705 ἙῂνὯΡη·
1142 5631 1203 5686 C-
1248 5632 1337 5705 H"
1373 5628 1847 5705 περιῤῥᾶψανταςῖ
1867 5628 2363 5705 περιράψαντεςβ.
2393 5628 2562 5705 περιγ

292 5698 861 5836 attigisti-0.

2603 5624 2847 5699 ἅψαντας
2868 5626 2966 5699 Va,
3005 5624 3438 5699 περιγράψαντες
3472 5624 3561 5699 [ξφ.

883 5644 1112 5734 alvom.
1142 5644 1203 5686 υ.
1277 5644 1337 5719 κη
1373 5644 1838 5705 περιρραφαντας.
1867 5644 2269 5716 περιραψαντες
2300 5644 2363 5691 υ.
2398 5644 2843 5730 περιγραψαντας
2874 5644 2966 5688 va.
3005 5644 3438 5727 περιγραψανέες
3472 5644 3549 5685 υνι

959 5702 1196 5764 αδικους.
1218 5702 1523 5777 Δἀοοιιίμονς
1556 5704 1650 5758 Va.
1709 5705 1750 5735 7"
1782 5703 2023 5758 θεᾶσθαι.
2062 5700 2355 5757 θεασασθαι
2385 5698 2446 5756 C.
2549 5699 2569 5730 "
2628 5696 2904 5753 τάναντία.
2940 5697 3151 5751 ἐναντία
3182 5696 3246 5753 Ι).
3403 5694 3549 5748 uti-
